4028 6202
251 385 343 446 401

1567 372 1671 432 DE
1716 372 2092 436 HEBDOMO
2137 375 2251 436 GP.

3499 376 3616 438 402

243 513 600 586 Nicephorum
631 510 880 566 Phocam
915 510 983 564 ad
1022 509 1229 564 urbem
1278 509 1610 564 deduxisse.
1665 512 1936 578 NequeA
1973 507 2031 564 lii
2090 511 2220 567 Vita
2282 530 2337 566 n.
2395 513 2466 566 90
2509 512 2796 582 ejusmodi
2858 510 3073 580 palatia
3121 527 3222 565 seu
3276 510 3615 566 suburbana

240 607 389 663 aliter
412 600 826 672 intelligendus
852 599 1198 654 Anastasius
1219 595 1856 665 Bibliothecarius,quo

239 696 345 750 loco
388 694 578 747 narrat
623 690 1072 744 Constantinum
1124 704 1337 760 papam
1389 703 1522 742 cum
1567 686 1636 740 ad
1666 685 1854 740 Gazam

237 779 462 839 insulam
535 776 882 849 appulisset,
943 778 1259 832 deductum
1318 777 1502 831 fuisse
1569 775 1628 828 in
1700 774 1852 828 Heb-

235 873 466 935 domum,
499 867 752 938 indeque
781 865 840 921 in
874 867 1079 921 urbem
1109 883 1121 920 :
1174 882 1212 920 ιι
1243 881 1346 937 quo
1382 866 1494 919 loco
1536 865 1854 933 navigantes

229 961 513 1016 venerantis
540 957 775 1026 septimo
819 956 1093 1010 milliario
1146 953 1692 1024 Constantinopolim.
1744 951 1852 1006 Ubi

229 1045 444 1119 Septimi
477 1044 747 1100 milliaris
777 1044 1058 1100 vocabulo
1092 1049 1418 1116 Magnauraa
1443 1041 1726 1113 palatium
1759 1041 1850 1094 in-

225 1135 499 1207 telligitur,
531 1133 588 1187 in
623 1151 735 1204 qao
765 1134 952 1204 excipi
1001 1135 1187 1204 primo
1221 1133 1490 1189 solebant.
1516 1130 1694 1185 exteri
1728 1146 1850 1184 ma-

222 1231 420 1297 gnetes,
451 1222 535 1277 vel
568 1221 748 1278 etiam
781 1223 978 1295 legati,
1011 1225 1164 1295 quod
1200 1241 1315 1295 prae
1345 1221 1570 1276 caeteris
1603 1225 1852 1274 testatur

223 1329 378 1385 supra
406 1311 684 1367 laudatus
713 1312 1134 1368 Constantinus
1168 1314 1227 1368 in
1263 1311 1353 1366 avi
1389 1311 1514 1365 Vita
1545 1310 1762 1372 n.7li,et
1791 1308 1849 1362 in

223 1406 399 1457 nostra
451 1400 522 1455 de
582 1401 728 1455 urbe
796 1399 1202 1456 lucubratione
1258 1401 1578 1454 docemus.
1630 1396 1849 1452 Eadem

220 1491 369 1563 plane
398 1488 621 1545 ratione
655 1489 1023 1561 intelligendi
1064 1491 1241 1546 etiam
1292 1491 1634 1559 Anonymus
1682 1488 1848 1540 Com-

220 1578 532 1648 belisianus,
565 1577 868 1650 Scylitzes,
901 1584 960 1634 et
991 1578 1087 1634 alii
1119 1579 1177 1633 in
1220 1583 1482 1634 Romano
1527 1580 1846 1645 Lacapeno,

216 1669 337 1722 dum
367 1667 638 1722 scribunt
664 1667 810 1722 Petri
835 1666 1218 1736 Bulgarorum
1241 1666 1394 1738 regis
1419 1681 1552 1720 cum
1580 1663 1848 1733 ejusdem

214 1756 563 1828 imperatoris
602 1755 724 1812 lilia
752 1757 937 1813 Maria
966 1758 1024 1812 in
1059 1759 1198 1814 urbe
1241 1753 1550 1812 celebratis
1599 1750 1844 1822 nuptiis,

211 1846 454 1903 eamdem
487 1846 737 1902 Mariam
773 1863 890 1902 una
919 1863 1054 1903 eum
1086 1847 1376 1917 conjunge
1411 1844 1471 1898 in
1504 1841 1845 1912 Bulgariam
1877 1871 1924 1936 Β

213 1935 614 2006 profecturam,
668 1936 739 1990 ad
789 1936 1156 1991 Hebdomum
1209 1952 1395 2007 usque
1442 1951 1476 1988 a
1508 1930 1846 2004 parentibus

213 2025 520 2090 deductam,
558 2024 776 2095 hicque
809 2024 1005 2079 navim
1039 2025 1472 2080 conscendisse.
1525 2019 1847 2090 Appulerat

211 2127 323 2169 vero
349 2115 561 2169 Petrus
607 2114 1170 2186 Constantinopolim
1214 2130 1417 2169 versus
1467 2109 1842 2173 Blacbcrnas,

214 2205 266 2258 ut
290 2206 504 2258 exserte
543 2203 735 2258 tradit
782 2204 1069 2276 Georgius
1119 2203 1465 2267 monachus,
1503 2200 1574 2255 ad
1611 2197 1844 2253 Portum

213 2288 412 2347 scilicet
441 2291 787 2364 proximum
807 2291 1406 2360 Hebdomianum,ubi
1431 2295 1488 2345 et
1509 2301 1846 2343 reversurus

215 2379 262 2433 in
291 2379 530 2450 patriam
577 2381 772 2435 navim
805 2382 1292 2437 conscendit.Sed
1325 2385 1382 2436 et
1411 2379 1568 2434 idem
1600 2375 1848 2446 scriptor

215 2467 609 2535 subdit,Maria
638 2485 672 2522 a
705 2470 1047 2541 parentibus
1071 2471 1142 2526 ad
1175 2470 1542 2525 Hebdomum
1573 2464 1844 2531 deducta,

216 2556 354 2628 ipsos
384 2574 516 2612 cum
557 2561 729 2613 Petro
761 2559 818 2613 in
851 2561 1052 2616 eodem
1077 2560 1374 2615 Hebdomo
1405 2555 1696 2628 epulatos,
1734 2552 1843 2606 sci-

215 2643 330 2700 licet
359 2646 416 2700 in
449 2646 862 2703 Hebdomiano
906 2648 1142 2704 Palalio.
1179 2647 1486 2703 Enimvero
1530 2643 1682 2716 quod
1737 2643 1846 2696 Leo

215 2733 912 2809 Grammaticus,Symeon
945 2738 1344 2810 Logotbeta,et
1373 2736 1527 2790 idem
1549 2732 1843 2806 Scylitzes,

211 2822 542 2894 Symeonem
579 2823 966 2898 Bulgarorum
999 2843 1193 2898 regem
1228 2826 1431 2880 urbem
1460 2822 1713 2895 primum
1736 2817 1844 2874 cir-

215 2913 567 2969 cumsedisse
623 2923 1122 2985 commemorant,
1186 2916 1361 2970 ducto
1423 2931 1456 2968 a
1509 2906 1847 2966 Blachernis

211 3001 340 3056 vallo
371 3003 441 3056 ad
476 3009 717 3074 portam
748 3007 1090 3070 Auream,ac
1123 3005 1334 3061 deinde
1354 3002 1516 3058 urbis
1553 2997 1848 3071 potiundae

211 3106 298 3161 spe
325 3091 584 3163 abjecta,
616 3089 667 3144 ἐν
698 3096 778 3163 τῷ
808 3091 1094 3167 λεγομένῳ
1121 3087 1379 3163 Ἑϐδόμῳ
1413 3090 1747 3152 recessisse,
1777 3085 1847 3139 de

210 3179 351 3250 pacis
433 3181 884 3238 conditionibus
969 3189 1276 3252 acturum,
1363 3182 1484 3236 haec
1561 3176 1844 3249 capienda

1971 596 2225 671 βασιλικᾶ
2263 595 2571 670 μεταϐολῆς
2617 597 2770 654 ἕνεκα
2817 599 3134 673 καταγώγια
3187 597 3466 670 appellat,
3511 600 3611 655 ubi

1965 690 2037 743 de
2063 693 2292 761 Pegano
2327 691 2542 762 palatio
2575 691 2717 761 agit,
2751 690 2905 761 quod
2940 690 3009 744 ad
3045 688 3207 744 urbis
3256 705 3457 744 muros
3487 691 3613 744 erat

1965 794 2168 834 versus
2202 788 2426 849 portam
2459 785 2733 847 Auream,
2792 787 2848 833 ut
2879 783 2936 833 et
2964 777 3244 849 palatium
3278 778 3434 848 quod
3468 777 3613 833 Heb-

1963 868 2121 922 domi
2139 868 2514 939 appellabant
2533 886 2732 924 versus
2747 867 3141 922 Blanchernas
3162 871 3218 921 et
3234 866 3319 922 sin
3330 883 3425 922 um
3441 866 3610 922 Cera-

1965 956 2180 1023 tinum,
2216 963 2274 1012 et
2304 956 2410 1030 πρὸ
2442 958 2537 1023 τῆς
2570 954 2785 1017 πόλεως
2841 961 2982 1022 erat,
3021 960 3084 1011 ut
3113 961 3202 1010 est
3230 957 3385 1026 apud
3421 955 3609 1011 Theo-

1964 1044 2218 1116 phanem
2251 1045 2307 1099 in
2344 1046 2616 1102 Michaele
2647 1063 2740 1100 an.
2774 1049 2828 1099 2.
2867 1045 3008 1100 Illud
3057 1061 3227 1116 porro
3276 1045 3470 1116 ipsum
3521 1050 3611 1100 est

1961 1136 2112 1204 quod
2147 1134 2202 1188 in
2240 1135 2474 1206 regione
2526 1137 2587 1188 14
2619 1135 2859 1200 exstitit,
2907 1139 2970 1188 ut
3008 1139 3096 1188 est
3142 1133 3200 1187 in
3236 1134 3412 1188 veteri
3442 1134 3606 1190 urbis

1961 1223 2375 1293 descriptione,
2407 1231 2464 1278 et
2492 1223 2857 1279 Constantini
2911 1239 3120 1277 nomen
3175 1222 3445 1292 retinet,a
3469 1239 3606 1278 con-

1961 1313 2146 1366 ditore
2175 1313 2553 1368 Constantino
2577 1317 2668 1378 M.,
2695 1330 2728 1368 a
2750 1329 2865 1383 quo
2895 1312 3196 1366 conditum
3230 1310 3414 1382 primo
3447 1317 3608 1368 extra

1962 1401 2125 1456 urbis
2157 1402 2389 1471 moenia,
2422 1407 2625 1472 postea
2657 1401 2728 1455 iis
2762 1400 3059 1471 productis
3084 1399 3239 1455 intra
3265 1400 3488 1466 urbem,
3517 1401 3603 1456 vel

1959 1497 2112 1544 certe
2159 1491 2230 1544 ad
2263 1490 2393 1560 ipsa
2426 1491 2641 1544 moenia.
2670 1489 2994 1544 etiamnum
3026 1488 3412 1560 conspicitur.
3455 1489 3517 1543 In
3540 1506 3606 1544 eo

1957 1595 2091 1633 vero
2141 1579 2366 1634 exstitit
2416 1578 2849 1634 Consistorium
2909 1577 3168 1633 Gratiani
3200 1581 3257 1632 et
3282 1576 3605 1632 Justiniani

1958 1666 2486 1738 imperatorum,de
2517 1683 2632 1738 quo
2665 1666 2867 1722 multis
2899 1665 3319 1737 egimus.lstud
3354 1683 3484 1721 vero
3507 1670 3608 1721 Pa-

1957 1756 2185 1822 latium,
2224 1758 2586 1812 llebdomum
2621 1757 2775 1811 nude
2805 1773 2838 1811 a
2888 1755 3272 1826 scriptoribus
3304 1755 3423 1810 fere
3454 1772 3606 1810 sem-

1956 1863 2058 1918 per
2088 1847 2412 1918 nuncupari
2467 1851 2734 1914 constat;
2769 1847 2921 1917 quod
2976 1846 3294 1917 praesertim
3341 1845 3606 1900 eruimus

1954 1951 2018 1990 ex
2051 1935 2317 2005 ejusdem
2348 1935 2667 1991 JUstiniani
2693 1934 3225 1991 Constitutionibus
3259 1935 3318 1988 in
3353 1951 3420 1989 eo
3454 1936 3600 1989 Con-

1955 2024 2188 2080 sistorio
2219 2025 2624 2096 exaratis,quas
2655 2024 2943 2080 subscribi
2962 2023 3152 2079 solent
3180 2023 3290 2079 hac
3322 2024 3593 2079 lormula:

1956 2115 2196 2170 Recitata
2223 2117 2464 2187 Septimo
2497 2117 2765 2171 milliaria
2792 2117 2956 2186 hujus
2986 2116 3213 2185 inclyta?
3241 2116 3481 2170 civitatis
3538 2116 3599 2168 in

1954 2207 2100 2260 Novo
2134 2204 2463 2261 Consistorio
2483 2207 2812 2272 Iustiniani,
2837 2205 2926 2258 vel
2948 2205 3348 2275 Septimiliario
3375 2205 3431 2258 in
3460 2205 3600 2258 Novo

1957 2295 2175 2351 Palatio
2228 2295 2312 2350 vel
2367 2295 2602 2366 Septimo
2659 2297 2721 2350 in
2775 2297 2916 2350 Novo
2995 2295 3332 2350 Consistorio
3358 2335 3370 2348 .
3459 2299 3600 2347 Loco

1957 2382 2198 2455 protulit
2252 2383 2508 2438 Jacobus
2565 2383 2859 2452 Cujacius,
2938 2382 3039 2437 lib.
3118 2399 3208 2448 xx,
3297 2381 3598 2436 Observat.

1956 2486 2082 2540 cap.
2117 2487 2203 2538 Ill,
2261 2485 2366 2524 nos
2422 2470 2597 2524 etiam
2627 2469 2728 2524 lib.
2777 2487 2815 2524 ιι
2872 2469 3412 2534 ConstantinOpoleos
3439 2468 3602 2522 Chri-

1953 2560 2166 2613 stianae.
2211 2559 2290 2612 Ex
2320 2558 2534 2630 quibus
2565 2559 2806 2614 omnino
2849 2559 3159 2614 coniicitur
3188 2557 3518 2612 Hebdomum
3546 2560 3605 2613 et

1953 2649 2258 2718 Septimum
2325 2647 2610 2718 miltiare,
2687 2647 2774 2702 vel
2843 2647 3308 2719 Septimiliarium
3358 2648 3606 2703 civitatis

1955 2736 2604 2808 Constantinopolitanae
2637 2737 2764 2792 ideo
2795 2737 3268 2808 appellari,quod
3303 2753 3500 2792 revera
3530 2736 3602 2791 ad

1959 2826 2162 2882 urbem
2194 2832 2368 2893 esset,
2403 2831 2460 2880 et
2488 2827 2558 2880 ad
2591 2825 2751 2881 illius
2773 2825 3091 2894 mmnia,ila
3123 2831 3187 2880 ut
3217 2825 3404 2896 ipsius
3437 2824 3600 2880 urbis

1958 2933 2093 2987 pars
2125 2915 2318 2983 fuerit,
2351 2916 2460 2972 etsi
2494 2915 2768 2986 primitus
2799 2921 2960 2970 extra
2982 2915 3139 2986 ipsos
3173 2930 3392 2984 muros,
3426 2920 3597 2985 atque

1956 3005 2100 3060 adeo
2133 3011 2196 3058 ut
2224 3021 2257 3058 a
2285 3005 2542 3074 Septimo
2573 3005 2646 3058 ab
2681 3003 2826 3060 Urbe
2859 3003 3092 3060 milliari
3118 3003 3597 3074 distingueretur:

1957 3095 2112 3148 unde
2145 3111 2271 3164 qua:
2303 3094 2362 3147 in
2394 3095 2672 3165 Septimo,
2709 3094 2761 3147 id
2785 3097 2892 3158 est,
2925 3093 3010 3147 vel
3036 3095 3090 3147 in
3128 3093 3234 3147 hoc
3266 3093 3486 3148 Palatio
3511 3091 3601 3146 vel

1957 3183 2016 3238 in
2049 3181 2346 3237 'l‘ribunali
2379 3188 2507 3237 acta
2537 3183 2836 3247 dicuntur,
2871 3187 3024 3236 recte
3049 3181 3108 3235 in
3143 3181 3271 3252 ipsa
3303 3182 3603 3236 urbe-acta

213 3244 332 3322 sunt
360 3285 473 3324 non
507 3269 589 3324 de
618 3270 869 3340 septimo
898 3271 1152 3340 milliari,
1212 3244 1312 3326 sed
1346 3271 1416 3324 de
1447 3244 1654 3340 campo
1687 3265 1838 3319 Heb-
1873 3244 1915 3311 CI
1959 3273 2292 3328 referuntur
2323 3273 2379 3326 in
2414 3288 2593 3342 supra
2624 3244 3182 3326 allatis-auctorum-
3204 3269 3366 3324 locis.
3417 3271 3603 3338 Atque

211 3357 372 3427 domi,
401 3359 460 3414 in
497 3376 623 3431 quo
655 3365 846 3416 castra
877 3362 1100 3417 ﬁxerit:
1133 3379 1266 3417 cum
1301 3365 1421 3416 tota
1454 3359 1570 3412 haec
1595 3359 1845 3426 interpo-

211 3444 307 3501 sita
359 3447 644 3519 planities
701 3449 784 3503 ita
840 3454 1301 3521 nuncuparetur,
1355 3453 1419 3502 ut
1477 3446 1699 3519 passim
1753 3443 1844 3496 hic

211 3533 773 3592 observamus.Unde
805 3555 937 3592 cum
972 3543 1174 3594 auctor
1207 3537 1473 3593 Chroaici
1513 3532 1843 3589 Alexandri-

211 3625 281 3695 ni,
310 3625 405 3679 ubi
439 3627 515 3680 de
553 3624 1000 3683 Victoriatornm
1050 3628 1337 3683 seditione
1369 3625 1478 3681 sub
1508 3622 1844 3680 Justiniano

213 3715 334 3785 agit,
368 3713 596 3770 milites
630 3717 857 3772 venisse
888 3717 1093 3772 scribit
1125 3716 1229 3769 ἀπὸ
1253 3718 1352 3769 τοῦ
1404 3709 1696 3783 Ἑῗὶδὸμου,
1757 3707 1844 3762 καὶ

212 3805 293 3854 τοῦ
319 3802 570 3878 Ῥηγίου,
619 3801 708 3857 καὶ
758 3809 855 3858 τοῦ
902 3804 1127 3879 Ἀθύρα,
1159 3804 1249 3858 καὶ
1280 3803 1387 3858 ἀπὸ
1419 3795 1754 3880 Καλριϐρίας,
1788 3800 1845 3854 id

212 3889 280 3946 ita
305 3892 786 3966 intelligendum,
815 3901 878 3950 ut
907 3912 975 3951 ex
1000 3896 1209 3950 vicinis
1242 3895 1369 3950 urbi
1402 3893 1567 3948 lociis
1609 3892 1643 3946 ii
1679 3889 1846 3945 acciti

213 3979 431 4047 fuerint,
461 3988 597 4037 tum
630 3999 698 4037 ex
731 3984 1024 4039 Hebdomo
1056 4001 1258 4040 versus
1290 3983 1684 4050 Occidentem,
1721 3985 1844 4034 tum

209 4085 266 4124 ex
295 4071 510 4143 Rbegio
547 4077 600 4125 rt
630 4074 850 4144 Athyra
887 4090 1092 4129 versus
1123 4073 1440 4141 Orientem,
1494 4077 1616 4125 tum
1651 4086 1718 4124 ex
1747 4069 1846 4123 Ca-

209 4154 412 4230 labrya,
476 4160 605 4214 loco
655 4160 876 4216 scilicet
923 4160 982 4216 in
1034 4161 1163 4216 Asia
1193 4161 1277 4216 sic
1327 4158 1638 4229 appellato,
1671 4171 1843 4227 quem

212 4241 526 4322 Καλοϐρύην
560 4253 728 4304 vocat
775 4251 1119 4321 Bryennius,
1177 4242 1523 4322 Καλαϐρύην,
1573 4246 1846 4318 Soylitzes

214 4339 262 4389 et
291 4339 579 4392 Zonaras:
617 4339 779 4393 Anna
809 4355 942 4395 vero
973 4340 1308 4403 Commena,
1343 4334 1656 4408 Καλαύρην.

276 4459 412 4516 XIV.
448 4460 755 4517 Tribunali
790 4479 983 4535 porro,
1016 4463 1087 4518 de
1116 4479 1232 4533 quo
1267 4479 1395 4516 mox
1444 4461 1696 4532 egimus,
1749 4457 1847 4511 ad-

210 4547 382 4616 jacuit
412 4550 680 4620 amplum
705 4557 761 4606 et
781 4553 1105 4624 spatiosum
1141 4550 1609 4620 Palatium,quod
1637 4554 1699 4601 ut
1719 4548 1846 4601 Tri-

218 4636 402 4705 bunal,
436 4639 521 4694 ita
551 4644 608 4694 et
637 4638 780 4694 illud
825 4641 1107 4695 Hebdomi
1161 4639 1551 4710 appellatione
1598 4639 1630 4692 d

221 4726 417 4796 passim
455 4746 489 4782 a
519 4728 926 4799 scriptoribus,
961 4728 1051 4784 cui
1083 4728 1363 4784 Tribunal
1393 4729 1575 4782 vicem
1627 4725 1848 4798 prmsti-

219 4813 279 4868 tit
303 4815 752 4884 vestibuli,adeo
785 4825 850 4873 ut
882 4836 984 4890 pro
1017 4835 1132 4873 uno
1159 4818 1479 4888 eodemque
1510 4816 1849 4872 suburbano

219 4900 322 4958 iere
351 4919 586 4976 semper
619 4911 956 4978 usurpetur,
991 4906 1060 4961 ad
1091 4906 1242 4976 quod
1297 4921 1628 4975 processum
1667 4905 1850 4956 facere

219 4990 481 5047 dicuntur
509 4993 917 5064 imperatores,
943 4995 999 5048 in
1033 5010 1098 5048 eo
1132 4993 1355 5049 scilicet
1385 5010 1607 5050 moram
1640 4989 1849 5060 acturi,

220 5078 270 5135 lu
299 5080 560 5138 Chronico
592 5082 992 5148 Alexandrino,
1022 5084 1175 5155 apud
1217 5099 1573 5156 anonymum
1606 5082 1849 5138 Combe-

222 5167 503 5239 lisianum,
540 5177 785 5228 Leonem
815 5171 1298 5240 Grammaticum,
1332 5177 1388 5227 et
1435 5171 1757 5227 Cedrenum
1790 5170 1851 5225 in

223 5256 464 5316 Romano
498 5262 916 5334 Laoapeno,uti
943 5262 999 5315 in
1028 5260 1504 5331 ConstantinOpotz
1535 5261 1853 5318 Christiana

225 5345 537 5404 docuimus.
572 5352 884 5406 Processus
906 5350 1062 5406 enim
1088 5343 1143 5404 in
1180 5350 1293 5404 alia
1325 5349 1540 5419 palatia
1568 5350 1852 5405 duntaxat

227 5448 318 5488 seu
347 5438 519 5492 etiam
563 5440 926 5504 suburbana,
986 5437 1108 5492 lieri
1158 5438 1521 5506 dicebantur,
1583 5439 1852 5494 mutandi

229 5525 366 5578 aeris
395 5529 616 5595 gratia:
651 5529 803 5599 quod
840 5529 1028 5582 facere
1057 5527 1248 5581 solent
1275 5528 1490 5581 summi
1526 5528 1851 5599 pontifices,

230 5627 351 5667 cum
383 5616 723 5680 aQuirinali
756 5618 824 5671 ad
873 5617 1236 5680 Vaticanum,
1292 5622 1393 5670 aut
1440 5622 1642 5673 contra
1698 5635 1853 5674 sece-

232 5699 549 5766 dunt.Unde
579 5707 1004 5764 Constantinus
1036 5705 1569 5777 Porphyrogenitus
1601 5707 1659 5762 in
1695 5709 1852 5764 Basi-

1954 3363 2090 3416 inde
2104 3361 2420 3416 Justiniani
2449 3360 2648 3415 Palatii
2667 3359 3115 3431 appellationem
3139 3357 3412 3428 deinceps
3425 3358 3598 3411 etiam

1955 3450 2215 3515 retinuit,
2251 3456 2310 3503 ut
2343 3466 2409 3503 ex
2442 3448 2884 3503 Bondelmontio
2918 3449 3248 3513 docuimus,
3284 3465 3318 3500 a
3347 3463 3459 3516 quo
3494 3463 3594 3499 su-

1957 3557 2059 3610 pra
2089 3537 2302 3592 moenia
2341 3537 2635 3603 statuitur,
2671 3541 2726 3590 et
2767 3537 2937 3607 juxta
2967 3536 3148 3591 eadem
3193 3535 3406 3590 Novem
3439 3533 3596 3588 Ordi-

1957 3645 2118 3696 num,
2153 3644 2255 3682 seu
2286 3631 2379 3680 SS.
2414 3626 2791 3696 Angelorum,
2826 3642 3002 3698 quam
3061 3629 3495 3679 Cantacuzenus
3528 3623 3599 3677 ad

1955 3717 2113 3789 ipsos
2148 3716 2307 3770 urbis
2341 3732 2540 3770 muros
2574 3716 2788 3785 pariter
2817 3713 3042 3779 statuit,
3095 3713 3238 3768 adeo
3289 3719 3354 3768 ut
3401 3711 3600 3768 nullus

1955 3805 2259 3860 dubitandi
2293 3803 2547 3875 supersit
2578 3803 2762 3868 locus,
2794 3802 2935 3874 quin
2964 3801 3392 3858 Consistorium
3422 3800 3600 3857 Justi-

1957 3894 2116 3949 niani
2149 3895 2205 3948 in
2237 3893 2498 3964 Septimo
2550 3891 2810 3959 milliari,
2857 3891 2998 3946 illud
3046 3892 3317 3962 idemque
3348 3891 3427 3946 sit
3457 3906 3592 3945 cum

1955 3983 2156 4037 eodem
2185 3982 2503 4038 Justiniani
2540 3981 2779 4044 Palatio,
2814 3981 2967 4052 quod
2999 3980 3365 4036 Constantini
3415 3981 3594 4036 ctiam

1954 4077 2180 4126 vocant.
2209 4072 2314 4125 Sed
2348 4076 2403 4125 et
2435 4070 2570 4124 hinc
2601 4069 2871 4139 colligere
2904 4070 3038 4124 licet
3069 4085 3172 4122 cur
3228 4068 3602 4124 Marcellinus

1955 4177 2150 4215 comes
2182 4160 2423 4223 scribat,
2457 4161 2755 4224 Honorium
2790 4177 2822 4212 a
2861 4169 3016 4230 patre
3043 4174 3141 4212 suo
3198 4158 3491 4214 Theodosio
3544 4160 3602 4212 in

1954 4249 2133 4304 eodem
2167 4249 2282 4304 loco
2340 4263 2443 4319 quo
2500 4249 2737 4320 fratrem
2793 4247 2910 4318 ejus
2969 4247 3282 4317 Arcadium,
3334 4247 3605 4304 Casarem

1952 4340 2142 4408 fecisse
2193 4337 2250 4392 id
2294 4342 2372 4391 est
2431 4336 2670 4406 Septimo
2725 4338 2793 4390 ab
2848 4336 2982 4390 urbe
3037 4337 3329 4391 milliaria.
3382 4336 3605 4406 Quippe

1954 4446 2087 4484 cum
2119 4428 2401 4484 Arcadius
2433 4427 2910 4498 Constantinopoli
2942 4431 3000 4482 in
3060 4428 3332 4483 Milliario
3377 4429 3604 4498 septimo

1955 4519 2181 4574 levatus
2209 4519 2438 4573 dicatur
2464 4523 2768 4588 Augustus
2801 4518 2870 4571 ab
2907 4518 3118 4583 Idacio,
3150 4518 3415 4587 sequitur
3447 4515 3602 4585 quod

1640 4641 1852 4693 0mm".
1882 4616 1925 4678 Β
1960 4609 2174 4663 factum
2209 4613 2296 4661 est
2325 4607 2582 4677 Septimo
2615 4607 2685 4660 ab
2719 4607 2861 4660 urbe
2895 4604 3308 4667 milliario,non
3342 4604 3604 4674 potuisse

1962 4697 2084 4750 fieri
2115 4696 2168 4750 ie
2200 4698 2361 4759 urbe,
2397 4695 2506 4749 nisi
2543 4696 2649 4748 bac
2674 4694 2985 4750 locutionis
3012 4693 3412 4759 formula,tum
3447 4693 3601 4762 apud

1959 4785 2383 4850 Marcellinum,
2428 4789 2551 4838 tum
2607 4785 2761 4854 apud
2812 4788 3102 4836 Socratem
3152 4787 3207 4836 et
3253 4783 3602 4851 Gedrenum,

1963 4874 2104 4927 locis
2133 4873 2288 4926 infra
2313 4872 2527 4938 allatis,
2562 4872 2756 4941 ipsum
2815 4870 3106 4925 Palatium
3156 4869 3466 4939 Hebdomi,
3513 4870 3604 4925 vel

1958 4961 2235 5016 'l‘ribunal
2269 4961 2421 5031 quod
2460 4961 2530 5013 ad
2567 4961 2766 5015 urbem
2801 4960 2983 5024 stetit,
3014 4958 3399 5031 intelligatur.

2032 5084 2146 5139 XV.
2182 5084 2427 5140 Proinde
2450 5085 2637 5156 igitur
2674 5085 2826 5156 apud
2861 5083 3178 5155 scriptores
3234 5083 3600 5140 Hebdomum

1962 5192 2064 5247 pro
2093 5174 2219 5245 ipso
2253 5173 2471 5230 Palatio
2522 5173 2792 5244 usurpari
2846 5173 3084 5228 omnino
3135 5178 3384 5228 constat.
3437 5175 3602 5244 Apud

1963 5265 2243 5319 Zonaram
2276 5265 2331 5318 in
2366 5263 2691 5318 Theodosio
2716 5263 2958 5317 Juniore
2979 5266 3038 5316 et
3057 5261 3446 5332 Nicephorum
3479 5261 3606 5317 Cal-

1965 5354 2106 5421 listi,
2145 5352 2468 5421 Pulcheria,
2502 5353 2661 5423 regia
2691 5357 2911 5416 exacta,
2945 5347 3021 5410 εἰς
3049 5349 3111 5402 τὸ
3159 5344 3432 5422 Ἕϐδομον
3484 5368 3616 5406 con-

1964 5442 2212 5497 cessisse
2245 5441 2537 5513 legitur,id
2572 5445 2660 5494 est
2691 5440 2750 5494 in
2785 5437 3072 5493 Palatium
3108 5439 3405 5494 Hebdomi.
3429 5441 3611 5495 Rufli-

1967 5548 2078 5585 nus
2111 5533 2210 5585 lib.
2247 5549 2307 5586 III
2359 5533 2431 5585 De
2471 5532 2596 5584 vitis
2640 5529 2944 5584 Patrumde
2983 5528 3236 5597 quodam
3289 5531 3611 5588 monacho:

1966 5621 2252 5675 Habitabal
2283 5625 2468 5676 autem
2491 5621 2551 5673 in
2594 5636 2767 5690 parva
2786 5619 2926 5672 cella
2960 5618 3096 5688 [oris
3125 5618 3420 5690 civitatem,
3448 5636 3617 5692 prape

1969 5712 2280 5782 proastium
2309 5712 2403 5780 qui
2431 5714 2660 5766 vocatur
2689 5709 2747 5762 in
2771 5706 3130 5778 Septimo,ubi
3157 5707 3334 5764 solent
3363 5710 3602 5780 impera-
