2014 3101
194 205 253 236 103
769 205 1008 243 DISQUISITIO
1028 208 1037 236 ἶ

1094 206 1332 237 ΡΟΕΗΑΡΗΙΟΑ
1821 209 1871 239 404

196 261 269 287 tores
279 259 382 294 egressi
395 259 428 288 de
441 260 551 288 civitate
565 260 681 288 libenter
694 260 799 295 degere.
818 260 917 295 Neque
932 260 1018 288 aliter
1031 261 1058 294 Α
1074 259 1147 287 tium
1164 262 1192 287 et
1206 260 1348 288 Tribunal
1364 259 1530 296 promiscue
1547 260 1579 286 ut
1603 267 1690 286 unum
1706 258 1829 296 idemque
1842 262 1871 290 ab

197 303 409 340 intelligendus
424 304 625 341 Theophanes,
644 314 690 332 an.
712 305 743 332 31
770 304 941 338 Justiniani,
968 304 1018 332 ubi

1094 304 1201 332 Iimerio
1231 303 1374 332 Παλάτιον
1403 303 1434 331 τὸ
1461 300 1661 340 τριϐουνάλιον,
1689 306 1717 331 et
1730 305 1873 334 Hebdomum

199 348 234 376 de
246 349 329 376 terra
359 350 438 376 motu
469 349 518 384 qui
547 357 579 377 eo
606 358 682 377 anno
713 349 828 383 accidit,
855 358 912 385 quo
937 349 1018 377 urbis
1074 348 1211 385 appellari
1229 350 1265 377 ab
1296 349 1362 377 aliis
1377 348 1580 385 scriptoribus.
1597 348 1657 376 Non
1674 348 1774 376 mirum
1801 350 1876 385 igitur

200 393 277 420 muri
301 402 318 420 a
344 393 533 421 Constantino
558 395 587 421 et
611 402 627 421 a
645 394 808 422 Theodosio
824 394 944 427 conditi,
962 402 1019 421 non
1074 393 1165 421 videri
1181 394 1267 422 debet
1277 394 1301 421 si
1314 396 1472 429 utrumque
1483 393 1630 421 exstitisse
1646 393 1877 430 Constantinopoli

200 437 286 465 modo
302 437 502 472 conciderunt,
519 438 569 465 sed
593 440 621 466 et
646 437 671 464 ἐν
697 437 823 475 ἐξαιρέτῳ
847 439 1020 475 (Ρνκδενιίγη,

199 482 240 509 ita
268 481 328 509 haec
342 490 395 509 vox
421 483 559 510 vertenda
583 483 647 518 fuit)
671 482 826 517 ἐκκλησίαι,
850 482 894 509 καὶ
918 482 952 509 τὰ
974 482 1020 509 ἐπ-

200 525 287 553 ἑκεινα
307 527 356 552 τοῦ
383 522 532 562 Ἐϐδόμου,
558 527 635 555 aedes
659 528 687 555 S.
714 527 867 562 Samuelis,
897 528 1022 563 Deiparaa

201 570 303 598 Petelia
327 570 423 603 dictae,
448 573 475 598 et
499 574 526 598 ἓ.
552 571 698 599 Vincentii
719 572 870 608 multaque
885 572 1023 600 ecclesia-

202 624 268 642 rum
283 614 387 643 altaria
402 618 430 643 et
446 615 564 648 ciboria,
582 624 599 643 a
619 618 703 652 porta
728 621 824 644 Aurea
849 618 884 644 ad
910 619 1023 653 portam

202 659 295 687 Rusii.
313 659 364 687 Hic
379 659 456 687 enim
475 668 525 695 per
540 660 713 688 Hebdomum
728 663 837 689 exserte
852 661 1026 697 intelligitur

203 703 349 732 Palatium
363 704 593 732 Hebdomianum
603 705 667 732 urbi
684 714 716 733 ac
726 705 806 733 illius
821 706 914 733 muris
926 706 1027 740 adjun-

203 750 294 781 ctum,
309 756 375 776 cum
391 749 426 776 de
442 749 535 777 ruinis
551 749 631 777 urbis
647 750 789 778 duntaxat
803 750 850 777 hic
864 752 977 786 agatur.
996 751 1026 777 In

204 793 347 820 Chronico
364 801 420 821 ms.
435 794 471 820 ab
487 794 599 821 Adamo
615 794 650 821 ad
668 794 791 822 Leonem
816 795 980 830 Sapientem
997 795 1026 822 in

205 837 357 872 Mauricio,
370 837 499 874 Campus
514 838 682 866 Tribunalis
704 839 853 867 Hebdomo
877 839 1028 875 proximus

207 882 333 909 dicitur:
350 881 402 908 Καὶ
419 882 457 917 μὴ
473 884 553 909 τοῦτο
569 880 783 919 καταδεξαμὲνου
807 885 855 910 τοῦ
879 882 1028 917 Βασιλέως,

210 924 346 961 θυμωθεὶς
363 926 377 952 ὁ
408 923 555 964 βάρϐαρος,
587 926 738 954 ἀπέκτεινεν
769 925 897 964 χιλιάδας
919 926 981 954 δέκα
1003 927 1028 954 ἐν

210 972 251 1006 τῷ
275 970 380 1006 Κάμπῳ
404 968 607 1007 τριϐουναλίου,
642 973 681 1006 τῷ
716 970 834 1006 πλησίον
860 974 909 999 τοῦ
936 969 1031 1000 Ἑϐδό-

218 1024 281 1050 μου,
294 1015 348 1043 hoc
362 1018 414 1049 est,
431 1016 463 1043 In
489 1016 591 1050 Campo
615 1017 771 1044 Tribunalis
786 1017 892 1045 Palatio
906 1018 942 1045 ad
956 1018 1035 1045 urbi‘

215 1068 318 1093 muros,
336 1060 469 1088 Hebdomo
485 1061 632 1096 appellato,
647 1062 784 1096 proxime.
807 1061 914 1089 Notant
928 1064 1035 1090 Menam

210 1103 249 1129 .29
267 1102 349 1136 Julii,
366 1104 412 1130 SS.
429 1103 594 1139 Benjamini
611 1106 639 1132 et
662 1104 740 1132 Verii
764 1106 936 1133 memoriam
962 1107 1035 1134 cele-

214 1146 292 1174 brari
317 1145 434 1181 πλησίον
461 1149 510 1174 τοῦ
537 1147 679 1186 παλατίουμ
695 1151 743 1175 τοῦ
764 1146 908 1185 Ἐϐδόμου.
937 1151 1036 1186 Neque

214 1191 287 1220 forte
302 1191 380 1219 aliud
406 1195 450 1220 est
477 1193 619 1220 Palatium
646 1194 681 1221 ab
699 1193 911 1228 Hebdomiano,
926 1195 961 1222 de
978 1203 1036 1230 quo

213 1236 339 1263 Zonaras
355 1236 384 1263 in
401 1236 591 1265 Constantino
601 1238 802 1274 Monomacho,
819 1239 950 1267 scribens
966 1240 1037 1267 Tor-

215 1280 292 1308 nicio
312 1281 413 1308 urbem
430 1284 619 1317 oppugnante
632 1291 733 1310 versus
759 1282 931 1311 Blacbernns
947 1283 1038 1319 impe-

217 1327 343 1353 ratorem
358 1323 385 1351 ἓν
400 1335 453 1351 τινι
480 1324 629 1362 βασιλικῶν
660 1325 791 1362 θαλάμων
820 1324 1038 1363 προϐεὸλημὲνῳ

215 1370 269 1395 τῶν
285 1367 390 1403 ἄλλων,
419 1369 463 1396 καὶ
481 1369 523 1396 ἐπὶ
539 1371 577 1405 τῷ
592 1370 644 1406 πρὸ
659 1373 708 1404 τῆς
732 1370 840 1402 πόλεως
863 1370 1040 1408 ἐστραμμὲνῳ

217 1411 303 1449 πεδίῳ
320 1422 371 1449 pro
387 1414 539 1449 majestate
554 1415 732 1448 consedisse,
750 1418 782 1443 ut
805 1416 916 1443 videret
930 1416 1040 1450 hostes,

219 1458 299 1486 etab
315 1458 351 1486 iis
374 1458 503 1486 vicissim
530 1459 685 1487 videretur.
713 1459 764 1488 Ubi
788 1460 940 1488 observare
965 1461 1040 1496 licet,

220 1511 278 1531 non
296 1503 383 1531 modo
401 1503 476 1531 hanc
493 1503 648 1531 locutionis
664 1504 831 1539 formulam,
848 1504 916 1542 πρὸς
930 1508 980 1539 τῆς
992 1504 1042 1532 πό-

220 1547 302 1582 λεως,
319 1548 458 1576 denotare
473 1549 551 1583 quod
567 1550 612 1576 est
627 1548 656 1575 in
672 1548 754 1576 urbis
770 1553 934 1585 prospectu,
951 1551 1000 1578 sed
1017 1554 1044 1578 et

220 1593 313 1621 πεδίον
331 1593 402 1621 illud
418 1594 471 1629 πρὸ
486 1596 535 1628 τῆς
552 1593 660 1624 πόλεως
676 1603 733 1622 non
749 1594 828 1622 aliud
849 1603 913 1623 esse
929 1605 945 1623 a
960 1597 1042 1624 Cam-

221 1648 258 1675 po
274 1638 416 1666 Hebdomi
441 1638 484 1666 vel
503 1638 681 1672 Tribunalis,
707 1647 792 1675 quem
819 1640 855 1667 ad
886 1640 999 1673 urbem,
1015 1645 1044 1668 et

220 1685 288 1711 ante
303 1683 404 1711 urbem
421 1683 568 1711 exstitisse
583 1684 712 1719 produnt
727 1684 836 1720 passim
857 1684 1025 1721 scriptores.

258 1745 330 1773 XVI.
347 1745 448 1781 Neque
463 1753 560 1780 porro,
577 1746 654 1781 quod
676 1754 766 1781 supra
781 1746 872 1782 attigi,
899 1747 1044 1776 Palatium

222 1790 364 1818 Hebdomi
380 1792 409 1818 et
423 1790 562 1817 Tribunal
580 1799 671 1818 unum
687 1790 823 1827 idemque
837 1792 927 1827 fuere,
940 1792 965 1820 si
978 1793 1044 1820 stri-

223 1838 269 1863 cte
285 1843 331 1862 res
354 1836 498 1863 sumatur.
527 1834 601 1863 Nam
629 1835 766 1863 Tribunal
792 1839 922 1864 erectum
940 1837 1045 1865 eratin

222 1879 331 1915 Campo
348 1879 489 1907 Hebdomi
506 1879 561 1906 sub
574 1880 632 1915 dio,
650 1880 679 1907 in
692 1889 748 1915 quo
763 1880 852 1908 levari
873 1883 901 1909 et
922 1881 1046 1917 inaugu-

224 1924 280 1951 rari
297 1923 431 1951 solebant
446 1923 649 1959 imperatores,
666 1925 713 1952 cui
729 1925 903 1960 adjunctum
928 1928 990 1953 erat
1004 1926 1046 1953 in-

222 1976 294 2004 gens
310 1967 467 2002 Palatium,
484 1976 539 2002 quo
555 1976 586 1995 se
601 1968 779 2004 recipiebant
804 1972 904 1997 exacta
928 1969 1047 2005 inaugu-

223 2012 345 2045 ratione,
361 2012 439 2047 quod
455 2012 596 2039 Hebdomi
613 2013 723 2048 pariter
747 2013 944 2048 appellabant,
967 2014 1045 2049 quod

222 2055 251 2083 in
269 2064 372 2092 campo
395 2056 536 2084 Hebdomi
563 2059 640 2084 esset
664 2056 851 2084 aediﬁcatum.
879 2059 909 2085 Id
926 2058 1045 2086 omnino

222 2100 350 2127 declarat
372 2100 606 2136 Theophylactus
633 2101 792 2128 Simocatta
815 2101 865 2129 lib.
892 2111 911 2134 ι,
939 2111 1002 2138 cap.
1019 2103 1044 2131 l.

221 2144 294 2172 Nam
307 2144 356 2172 ubi
371 2145 496 2180 scriptor
505 2144 828 2173 ChroniciAlexandrini
842 2146 883 2174 ait
898 2149 1046 2175 mortuum

222 2189 372 2217 Tiberium
389 2189 614 2217 Constantinum
639 2188 665 2216 ἐν
681 2189 824 2226 προκέσσῳ
838 2192 886 2217 τοῦ
899 2188 1046 2227 Ἑϐδόμου,

222 2234 250 2261 id
267 2236 313 2262 est
328 2234 398 2261 dum
415 2234 444 2261 in
475 2234 586 2262 Palatio
613 2234 756 2263 Hebdomi
784 2238 958 2269 moraretur,
981 2239 1047 2272 post

220 2279 420 2307 renuntiatum
439 2279 467 2306 in
485 2281 652 2314 Augustum
669 2279 843 2307 Mauricium
860 2288 998 2315 generum
1017 2281 1044 2308 in

220 2323 384 2358 Tribunali,
402 2326 434 2351 ut
453 2312 560 2351 habent
579 2323 772 2360 Theophanes
787 2326 815 2352 et
829 2312 966 2358 ZoHnaras,
983 2325 1044 2353 haec
1060 2312 1082 2343 D

221 2368 271 2402 ait,
290 2367 337 2394 ubi
353 2368 388 2394 de
413 2367 639 2403 inauguratione
665 2368 815 2396 Mauricii:
842 2366 969 2404 Φοράδην
993 2369 1043 2406 γὰρ

221 2410 315 2448 ἀχθεὶς
342 2412 356 2438 ὁ
388 2410 515 2448 βατιλεὺς
546 2409 673 2448 Τιϐέριος
698 2411 742 2439 ἐπὶ
766 2412 815 2446 τὴν
839 2412 968 2450 ὕπαιθρον
988 2415 1042 2440 τῶν

223 2454 368 2491 βασιλείων
399 2455 496 2490 αὐλὴν,
527 2455 588 2490 ἥτις
616 2457 774 2493 παρήνωται
862 2455 1042 2485 πολοστιϐάδι

219 2500 273 2525 τῶν
290 2497 444 2535 ἀνακτόρων
460 2500 546 2536 οἰκίᾳ,
560 2500 703 2538 προαυλίῳ
723 2504 875 2539 περιφανεῖ,
900 2502 943 2529 καὶ
969 2513 1043 2539 περι-

220 2541 290 2579 δόξῳ
305 2545 344 2579 τῷ
360 2544 530 2581 προσκηνίῳ,
554 2546 726 2574 Mauricium
751 2547 862 2575 scilicet
884 2547 1041 2583 imperato-

218 2597 279 2616 rem
297 2589 485 2617 renuntiavit.
501 2590 567 2621 Quaa
584 2590 700 2626 quidem
716 2592 803 2619 verba
819 2592 858 2619 ita
884 2592 983 2619 Latine
998 2601 1042 2620 so-

218 2635 307 2661 nant:
324 2634 433 2669 Raptim
447 2634 581 2662 adductus
597 2635 719 2662 Tiberius
745 2637 894 2671 imperator
919 2637 948 2663 in
973 2638 1040 2664 sub-

217 2678 294 2705 diale
308 2679 480 2713 palatiorum
499 2680 612 2712 atrium,
636 2680 731 2707 multis
748 2681 885 2708 constanti
908 2681 1041 2708 tricliniis

217 2723 384 2757 palatiorum
399 2723 454 2750 aedi
474 2723 646 2759 adjunctum,
671 2725 837 2752 vestibulum
863 2726 983 2760 illustre,
998 2727 1039 2752 vi-

217 2767 386 2802 sendumque
412 2769 595 2803 prosecutum.
628 2768 666 2794 Ex
696 2768 741 2796 bis
763 2770 870 2805 quippe
892 2769 1041 2805 colligitur

221 2810 334 2837 Atrium
350 2811 379 2838 in
396 2820 454 2847 quo
469 2814 649 2839 exstructum
661 2815 723 2840 erat
737 2814 886 2847 Tribunal,
905 2814 1039 2842 vestibuli

219 2853 310 2880 vicem
325 2855 483 2889 praebuisse
499 2855 643 2890 adjacenti
659 2856 789 2885 Palatio:
812 2858 938 2894 hincque
954 2858 1038 2886 Pala-

1077 439 1195 466 tradant
1217 447 1291 474 quos
1315 447 1405 474 supra
1430 438 1618 465 laudavimus
1647 437 1876 473 scriptores,cum

1077 482 1144 510 Urbi
1162 483 1292 518 proxime
1307 482 1470 518 adjacuerit
1485 482 1513 509 in
1531 481 1728 509 Hebdomiano
1735 481 1833 517 Campo
1846 483 1876 510 ad

1078 527 1140 563 ipsa
1158 527 1265 555 moenia
1281 527 1456 554 aedificatum
1471 535 1477 554 :
1495 525 1741 561 quemadmodum
1753 526 1878 554 suburba-

1079 580 1150 598 num
1166 571 1427 607 Sangermanense,
1443 570 1486 597 vel
1499 572 1526 597 Β.
1540 569 1680 601 Marcelli,
1696 569 1725 596 in
1741 569 1801 605 ipsa
1813 571 1880 598 Pari-

1079 615 1189 643 siorum
1207 615 1278 642 urbe
1294 623 1358 643 esse
1370 615 1508 648 dicimus,
1534 614 1589 642 etsi
1605 613 1751 641 mmnibus
1765 616 1791 640 et
1803 615 1881 650 portis

1081 668 1175 695 nuper
1199 660 1234 687 ab
1250 667 1284 687 ea
1299 661 1459 694 utrumque
1484 659 1679 694 disparatum.
1703 658 1881 693 Nequeenim

1081 704 1275 736 Hebdomum,
1293 704 1342 731 ubi
1368 704 1535 737 inaugurari
1552 702 1687 730 solebant
1701 702 1880 738 imperatores,

1081 748 1330 784 Constantinopoli
1348 756 1412 776 esse
1428 747 1534 783 potuit,
1551 748 1630 782 quod
1650 749 1759 774 exserte
1781 747 1884 774 tradunt

1083 792 1285 828 supralaudati
1301 792 1470 828 scriptores,
1488 792 1512 820 si
1541 792 1577 819 ad
1598 791 1756 826 septimum
1778 791 1883 819 milliare

1084 837 1214 865 exstitit:
1241 837 1326 872 quasi
1345 836 1454 873 aliquis
1477 836 1555 871 quod
1578 838 1676 863 actum
1691 835 1792 871 legitur
1804 835 1886 864 Versa-

1084 882 1142 915 liis,
1159 882 1188 910 id
1208 881 1328 909 Parisiis
1353 881 1518 909 factitatum
1544 880 1696 914 scriberet,
1721 880 1794 915 quod
1816 887 1885 908 nemo

1086 934 1228 962 unquam,
1245 926 1302 953 nisi
1318 926 1466 961 stupidus,
1482 927 1512 953 et
1527 925 1628 952 minus
1644 932 1721 951 same
1737 924 1842 958 mentis,
1853 925 1887 952 lit-

1085 971 1157 999 teris
1171 971 1311 999 mandare
1325 971 1440 999 audeat.
1732 976 1735 981 ·

1124 1034 1206 1063 Χνιι·
1223 1034 1375 1062 Enimvero
1391 1042 1448 1061 non
1479 1027 1599 1061 omnino
1627 1040 1679 1068 pro
1704 1034 1779 1060 certo
1806 1031 1885 1059 haberi

1090 1080 1176 1107 debet
1191 1080 1268 1115 quod
1291 1078 1332 1106 ait
1353 1078 1398 1106 vir
1426 1079 1542 1112 doctus,
1570 1075 1730 1113 Προάστεια,
1759 1078 1785 1104 et
1805 1076 1888 1103 Subur-

1092 1125 1162 1152 bana
1177 1124 1233 1151 dici
1249 1124 1390 1151 duntaxat
1419 1131 1482 1158 quae
1507 1122 1642 1150 millibus
1667 1121 1777 1157 aliquot
1790 1121 1822 1148 ab
1835 1120 1891 1148 urbe

1092 1170 1213 1202 distant,
1239 1176 1363 1204 quaeque
1388 1167 1535 1204 προάστεια
1566 1169 1618 1200 τῆς
1643 1165 1749 1197 πόλεως
1779 1166 1893 1193 videntur

1093 1213 1234 1249 appellari
1249 1221 1265 1240 a
1280 1212 1471 1247 Theophane,
1488 1220 1535 1239 an.
1551 1212 1579 1238 7.
1594 1210 1707 1238 Justini
1731 1209 1858 1241 Junioris,
1872 1211 1895 1236 et

1094 1266 1220 1293 quorum
1245 1266 1303 1293 prae
1332 1256 1444 1284 caeteris
1472 1255 1607 1283 meminit
1637 1254 1791 1282 concilium
1819 1254 1896 1282 Nica-

1094 1310 1165 1329 nnm
1182 1310 1213 1330 ιι.
1229 1310 1293 1329 can.
1313 1302 1355 1333 18,
1372 1300 1431 1328 imo
1447 1300 1555 1336 qumvis
1572 1300 1683 1335 praedia
1705 1299 1824 1333 rustica,
1839 1300 1864 1325 ut
1878 1297 1900 1324 in

1095 1347 1161 1374 Vita
1178 1345 1275 1373 Basilii
1291 1345 1433 1379 .lunioris,
1449 1353 1478 1372 n.
1497 1345 1531 1372 42
1546 1347 1575 1372 et
1591 1344 1637 1377 44,
1669 1342 1895 1379 quemadmodum

1096 1391 1172 1426 apud
1188 1392 1374 1426 Anonymum
1399 1389 1619 1422 Sirmondeum,
1645 1388 1844 1415 Constantinus
1866 1386 1896 1413 Μ.

1097 1437 1232 1462 mortuus
1247 1435 1355 1461 dicitur
1370 1434 1399 1461 in
1417 1433 1586 1461 suburbano
1599 1431 1900 1467 Constantinopolitano

1097 1479 1165 1506 villa
1190 1479 1316 1515 publica,
1330 1479 1416 1514 juxta
1429 1477 1643 1511 Nicomediam,
1661 1477 1765 1505 rectius
1779 1479 1865 1503 tamen
1878 1474 1902 1501 in

1100 1524 1236 1552 Chronico
1261 1523 1458 1558 Alexandrino,
1483 1521 1508 1548 ὲν
1531 1521 1688 1559 προαστείῳ
1712 1524 1760 1555 τῆς
1774 1519 1848 1553 αὐτῆς
1861 1517 1901 1545 πό-

1099 1567 1179 1603 λεως,
1193 1567 1305 1596 scilicet
1319 1567 1505 1599 Nicomediae,
1520 1568 1592 1595 adeo
1609 1569 1644 1594 ut:
1659 1566 1727 1593 inde
1739 1565 1835 1593 elicere
1847 1563 1903 1591 velit

1099 1612 1302 1640 suburbanum
1331 1611 1514 1639 Hebdomum
1539 1610 1643 1647 procul
1673 1611 1708 1638 ab
1725 1610 1793 1637 urbe
1806 1608 1901 1637 fuisse:

1099 1665 1165 1684 cum
1180 1665 1241 1692 qua:
1257 1657 1320 1684 urbi
1337 1656 1436 1684 statim
1463 1656 1671 1689 obversantur,
1687 1655 1774 1683 etiam
1789 1654 1822 1682 ad
1838 1653 1903 1688 ipso:

1099 1701 1181 1729 urbis
1197 1709 1308 1734 muros,
1324 1702 1364 1728 ita
1377 1700 1524 1736 appellare
1550 1700 1647 1728 solere
1667 1699 1818 1735 scriptores
1839 1697 1904 1733 ipse-

1099 1748 1159 1773 met
1187 1754 1245 1774 non
1271 1745 1442 1773 difﬁteatur.
1471 1744 1543 1772 Nam
1571 1745 1635 1772 ideo
1669 1744 1745 1772 dicta
1765 1742 1902 1780 προάστεια,

1099 1791 1177 1826 quod
1193 1790 1245 1827 πρὸ
1265 1791 1314 1822 τῆς
1330 1787 1449 1824 πόλεως,
1472 1792 1501 1817 et
1523 1789 1552 1816 in
1577 1788 1662 1816 illius
1685 1789 1743 1816 sint
1759 1787 1904 1823 prospectu.

1101 1835 1143 1863 Ita
1158 1835 1236 1863 enim
1262 1834 1423 1872 προάστειον
1454 1834 1530 1869 apud
1555 1833 1735 1869 Hesychium
1760 1831 1903 1868 exponitur,

1100 1879 1152 1916 πρὸ
1168 1880 1216 1913 τῆς
1231 1878 1350 1912 πόλεως,
1366 1881 1395 1907 et
1409 1879 1486 1915 apud
1503 1878 1633 1914 Papiam,
1660 1877 1823 1905 viridarium
1833 1882 1904 1911 prope

1101 1933 1220 1960 murum,
1237 1925 1314 1961 apud
1330 1924 1524 1960 Hugutionem
1541 1932 1608 1952 vero
1625 1923 1701 1952 locus
1714 1927 1775 1950 ante
1788 1921 1908 1949 civitatem

1100 1970 1128 1997 id
1138 1972 1177 1998 est
1197 1970 1397 1997 suburbanum.
1422 1968 1571 2004 Quidquid
1594 1968 1684 2003 igitur
1707 1969 1786 1995 extra
1810 1964 1906 1997 urbem,

1100 2014 1143 2042 vel
1157 2014 1236 2042 illius
1251 2022 1362 2049 muros,
1378 2015 1407 2042 et
1423 2013 1451 2040 in
1469 2012 1549 2040 illius
1565 2013 1725 2048 conspectu
1748 2012 1799 2043 est,
1823 2009 1908 2037 subur-

1101 2059 1203 2087 banum
1218 2058 1336 2091 dicitur,
1353 2057 1470 2086 etiamsi
1495 2057 1644 2084 interdum
1672 2056 1708 2084 ab
1733 2064 1766 2084 ea
1790 2053 1906 2082 millibus

1099 2103 1210 2139 aliquot
1225 2103 1377 2135 remotius,
1395 2104 1427 2129 ut
1442 2104 1487 2129 est
1501 2101 1530 2128 in
1551 2101 1665 2129 Glossis
1690 2097 1908 2128 interlinearibus

1100 2148 1135 2176 ad
1153 2148 1230 2175 hunc
1246 2156 1364 2175 versum
1393 2146 1522 2183 Gregorii
1539 2145 1680 2182 Theologi
1696 2145 1724 2173 in
1743 2144 1866 2171 Dramate
1879 2141 1907 2168 de

1100 2192 1206 2220 Christi
1223 2192 1359 2228 passione
1374 2200 1380 2219 :
1399 2190 1599 2228 Ἑτυγχάνομεν
1617 2190 1730 2227 ἀγρόθεν
1748 2187 1837 2215 πυλῶν
1855 2184 1908 2217 ἔσω,

1102 2237 1149 2264 ubi
1176 2236 1336 2270 Glossator,
1365 2234 1382 2269 ἢ
1409 2234 1462 2261 ἀπὸ
1489 2234 1660 2271 προαστείου.
1679 2232 1822 2269 Ejusmodi
1850 2231 1909 2258 sunt

1100 2281 1173 2308 villae
1187 2289 1250 2316 qua
1267 2280 1466 2308 delectationis
1491 2287 1580 2307 causa
1604 2279 1752 2310 coluntur,
1767 2277 1800 2304 de
1813 2274 1908 2311 quibus

1098 2328 1213 2353 exstant
1228 2325 1339 2360 aliquot
1355 2325 1576 2360 Epigrammata
1591 2324 1620 2351 in
1637 2320 1907 2357 Anthologia,lib,lv,

1098 2378 1160 2406 cap.
1177 2370 1222 2404 30,
1239 2372 1267 2397 et
1281 2369 1409 2401 Tullius,
1425 2369 1597 2396 Deliciarum
1617 2376 1699 2395 causa
1724 2368 1749 2394 et
1772 2363 1909 2399 voluptatis

1098 2415 1232 2451 quosdam
1248 2416 1276 2442 in
1292 2415 1379 2442 hortis
1394 2418 1445 2441 aut
1460 2413 1631 2441 suburbanis
1644 2413 1702 2439 suis
1730 2419 1792 2438 cum
1815 2407 1909 2436 mitella

1096 2468 1146 2487 sua
1162 2459 1293 2487 videmus.
1311 2458 1392 2486 Unde
1405 2458 1435 2485 in
1451 2457 1556 2485 borum
1573 2456 1719 2492 ejusmodi
1737 2453 1907 2483 suburbano-

1097 2513 1162 2532 rum
1180 2504 1330 2541 propylaeis
1346 2504 1467 2531 Martem
1483 2502 1622 2538 efﬁngere
1642 2501 1776 2529 solebant
1798 2499 1905 2527 veteres.

1097 2549 1253 2584 quodcum
1282 2551 1363 2576 extra
1387 2548 1504 2575 urbium
1534 2550 1633 2575 essent
1657 2545 1774 2577 moenia,
1792 2541 1905 2570 hostium

1097 2596 1230 2629 paterent
1245 2593 1424 2626 incursibus,
1455 2600 1521 2619 cum
1552 2592 1663 2619 aedibus
1694 2584 1906 2617 intramuraneis

1097 2638 1256 2665 Minervam
1274 2637 1476 2673 appingerent,
1495 2636 1574 2671 quia,
1597 2635 1692 2671 inquit
1709 2632 1831 2661 lsuacius
1846 2630 1905 2673 Ἰξιο-

1097 2685 1157 2709 tzes
1173 2684 1208 2710 ad
1223 2682 1450 2719 Lycophronem,
1476 2679 1502 2706 ἐν
1526 2682 1586 2709 ταῖς
1606 2678 1702 2706 πόλεσι
1718 2678 1758 2704 καὶ
1774 2677 1829 2704 ταῖς
1842 2670 1903 2719 Oili-

1096 2736 1137 2756 αις
1154 2727 1209 2763 γρὴ
1227 2714 1386 2762 σομε-ουλῆς
1409 2725 1452 2751 καὶ
1479 2724 1647 2762 φρονήσεως,
1671 2723 1699 2749 ἒν
1723 2724 1780 2752 τοῖς
1794 2718 1863 2763 iure:
1878 2714 1902 2742 δὶ

1096 2770 1288 2806 (προαστείοις,
1315 2773 1347 2798 ut
1371 2778 1404 2797 ea
1428 2777 1518 2804 supra
1543 2768 1714 2804 appellarat)
1730 2765 1793 2802 ὑπὲρ
1808 2762 1899 2790 τούτων

1095 2814 1242 2850 ἀμύνεσθαι
1257 2814 1318 2845 τοὺς
1347 2812 1513 2849 πολεμίους.
1542 2813 1609 2845 Qua
1634 2813 1721 2848 igitur
1745 2810 1792 2838 ubi
1816 2806 1899 2834 νίσίηι

1094 2862 1173 2893 sunt,
1188 2860 1343 2897 προάστεια,
1358 2862 1387 2887 et
1401 2866 1465 2886 esse
1482 2857 1534 2894 πρὸ
1555 2860 1603 2891 τῆς
1625 2855 1730 2886 πόλεως
1754 2853 1896 2882 dicuntur:
