4028 6202
186 398 307 459 405

1556 398 1659 461 DE
1702 398 2085 462 HEBDOMO
2128 402 2248 463 GP.

3488 414 3608 477 406

186 529 486 602 quomodo
530 529 874 603 accipienda
920 534 1154 588 constat
1197 531 1375 588 verba
1421 532 1817 603 Theophylact

1954 528 2112 600 ὥστε,
2145 532 2232 586 καὶ
2268 533 2314 587 εἰ
2346 533 2397 588 ἐν
2430 533 2588 591 πόλει
2620 534 3037 612 ἐστὶ,πρόσοδον
3071 537 3129 594 δὲ
3158 540 3412 616 παρᾶχει,
3444 541 3609 601 σουϐ-

184 618 543 689 Simocattaa,
575 618 679 675 lib.
727 637 806 687 v1,
840 637 966 692 cap.
1030 638 1094 688 ιι,
1134 636 1268 676 cum
1321 621 1449 677 ait:
1485 619 1560 680 είς
1617 618 1684 672 τὰ
1740 639 1820 694 πρε

1956 616 2224 695 ουρϐάνον
2258 620 2496 698 λέγεται·
2531 626 2619 678 mi
2660 622 2759 698 ἔξω
2791 623 2848 682 δὲ
2876 627 3092 691 πόλεως
3126 630 3171 684 el
3204 625 3367 699 ἔστιν,
3399 633 3601 707 ἀπροσ-

180 708 284 775 τῆς
309 704 532 768 πόλεως
577 712 719 765 nata
772 705 1053 783 παράδοξα
1109 706 1324 783 τάρατα,
1352 709 1410 765 id
1463 714 1553 765 est
1595 711 1650 765 in
1705 725 1843 782 agro

183 796 650 867 oiroumjacenti,
677 802 735 853 et
772 800 833 853 in
862 798 1220 865 suburbanis,
1254 803 1318 854 ut
1348 802 1502 855 recte
1530 797 1702 853 vertit
1750 797 1840 852 in-

181 889 432 957 terpres.
462 885 598 942 Jam
628 903 762 942 vero
794 884 1108 961 προάστεια,
1142 887 1272 943 urbi
1307 885 1841 958 Constantinopoli~

181 978 354 1039 ιωω,
389 978 569 1047 atque
599 976 743 1032 adeo
772 976 921 1048 ipsis
953 976 1245 1032 mmnibus
1296 977 1576 1047 adjuncta
1625 975 1841 1047 palatia

178 1079 385 1119 vocare
446 1063 762 1136 scriptores
822 1065 1170 1137 Byzantinos
1228 1064 1317 1120 vel
1383 1066 1517 1120 inde
1586 1069 1836 1133 constat,

176 1152 330 1223 quod
364 1152 569 1225 Sycas,
602 1169 705 1209 seu
740 1153 1006 1210 Galatam
1038 1154 1210 1209 unico
1242 1154 1390 1211 freto
1423 1154 1495 1209 ab
1543 1155 1684 1208 urbe
1715 1153 1833 1208 dis-

173 1247 426 1309 cretam,
458 1242 634 1313 cujus
662 1242 840 1298 etiam
893 1243 1122 1299 decima
1172 1243 1345 1298 tertia
1394 1244 1554 1316 regio
1593 1243 1831 1309 exstitit,

169 1346 235 1385 ac
281 1330 537 1401 proinde
564 1329 728 1386 illius
758 1349 895 1403 pars
946 1333 1075 1398 fuit,
1108 1332 1192 1387 ita
1237 1331 1491 1404 appellet
1521 1333 1834 1387 Clironicon

167 1419 641 1486 Alexandrinum,
686 1437 782 1476 an.
837 1424 861 1476 1
919 1421 1292 1477 Justiniani:
1341 1427 1398 1476 et
1447 1422 1829 1488 Cosmidium,

167 1524 269 1565 seu
303 1507 631 1578 Palatium,
663 1510 752 1565 adi
786 1510 969 1565 isdem
1027 1514 1122 1565 SS.
1157 1513 1371 1565 Cosme:
1430 1514 1488 1564 et
1544 1510 1827 1576 Damiani,

168 1597 327 1669 quod
360 1598 713 1669 Emporium
747 1598 961 1654 dicitur
990 1598 1238 1671 Georgio
1273 1598 1559 1654 monacho
1615 1599 1676 1653 in
1726 1598 1827 1653 Mi-
1874 1602 1885 1613 '

165 1685 373 1743 ohaele
424 1686 730 1759 Theophili
764 1686 906 1755 ﬁlio,
945 1692 1004 1743 et
1042 1687 1427 1760 scriptoribus
1474 1686 1693 1743 nostris
1726 1686 1826 1741 Ca-

162 1773 396 1830 stellum
426 1774 754 1843 Boemundi,
791 1779 855 1830 ut
884 1792 991 1831 suo
1020 1776 1146 1832 loco
1191 1776 1523 1842 docuimus,
1556 1776 1627 1830 ad
1659 1773 1828 1830 littus

163 1864 438 1935 ejusdem
490 1864 744 1919 Ceratini
794 1864 982 1932 sinus,
1027 1865 1304 1937 ipsosque
1352 1880 1555 1920 muros
1603 1863 1826 1919 mariti-

166 1968 314 2019 mos,
350 1952 601 2025 proinde
650 1952 781 2009 urbi
825 1954 1188 2026 contiguum,
1220 1953 1541 2028 προάστειον
1589 1953 1828 2025 perinde

166 2057 199 2096 a
220 2041 517 2113 Symeone
544 2041 843 2114 logotheta
873 2042 932 2097 in
962 2043 1168 2098 eodem
1204 2042 1487 2098 Michaele
1519 2060 1575 2097 ιι.
1610 2043 1677 2097 13
1721 2058 1829 2113 ap-

168 2130 444 2204 pelletur.
475 2129 568 2186 Sic
601 2129 777 2185 etiam
813 2130 1099 2186 Palatium
1134 2136 1425 2204 Peganum
1477 2132 1548 2187 ad
1599 2136 1825 2202 portam

165 2221 443 2289 Auream,
503 2219 676 2291 eique
755 2219 1101 2275 continuum
1161 2236 1195 2275 a
1252 2220 1535 2277 Cinname
1591 2219 1693 2275 lib.
1762 2236 1825 2288 ιι,

171 2324 225 2364 ιι.
262 2309 328 2363 t7
360 2307 720 2380 appellatur,
756 2324 889 2363 cum
922 2308 1006 2363 ait
1034 2308 1387 2365 Ludovicum
1420 2308 1524 2363 VII
1578 2308 1823 2363 Franco-

170 2413 294 2453 rum
327 2413 557 2469 regem,
576 2397 831 2453 salutato
856 2396 1121 2454 Manuale
1151 2398 1503 2470 imperatore
1527 2396 1588 2451 in
1613 2396 1825 2469 Magno

172 2484 414 2553 Palatio,
449 2483 529 2546 εἷς
558 2483 900 2559 προάστειον,
933 2485 962 2539 ὃ
996 2481 1335 2540 Φιλοπάτιον
1368 2483 1676 2558 ὠνόμασται
1706 2488 1823 2545 τοῖς

167 2571 432 2641 πολλοῖς,
466 2574 851 2631 concessisse.
884 2575 1083 2648 Neque
1115 2575 1272 2631 enim
1304 2575 1462 2633 aliud
1504 2580 1592 2631 est
1635 2574 1826 2630 Philo-

167 2663 401 2736 patium
434 2680 469 2718 a
496 2662 724 2719 Palatio
755 2663 1004 2736 Pegano,
1035 2664 1190 2736 quod
1221 2664 1488 2736 pluribus
1514 2664 1659 2719 alias
1691 2680 1821 2735 pro-

166 2752 462 2822 bavimus,
494 2757 622 2807 tum
654 2752 715 2808 in
747 2753 913 2808 Notis
963 2754 1036 2809 ad
1078 2752 1575 2819 Villharduinum,
1605 2757 1733 2808 tum
1764 2752 1823 2807 in

167 2844 374 2895 nostra
407 2839 905 2911 Constantinopoli.
940 2840 1098 2896 Idem
1132 2856 1264 2896 vero
1284 2840 1603 2897 Cinnamus
1633 2858 1690 2895 n.
1736 2840 1824 2906 14,

166 2927 311 2983 illud
345 2929 551 3000 ipsum
585 2927 871 2984 Palatium
901 2928 964 2982 τὸ
988 2927 1316 3001 καταντικρὺ
1344 2928 1571 3003 τειχέων
1608 2926 1821 3002 βασιλι-

165 3015 254 3070 ιιὸν
317 3011 651 3088 ἐνδιαίτημα
708 3022 891 3073 vocat.
947 3022 1073 3074 Non
1134 3017 1317 3090 igitur
1367 3018 1681 3074 contendat
1737 3020 1826 3073 vir

170 3106 383 3161 doctus
413 3104 759 3162 suburbana
787 3105 979 3162 solum
1011 3106 1295 3179 appellari
1327 3124 1454 3178 quis
1484 3106 1720 3179 longius
1749 3108 1824 3162 ab

167 3194 308 3250 urbe
339 3194 590 3262 distant,
614 3194 700 3250 vel
732 3194 948 3267 praedia
978 3195 1203 3251 deliciis
1242 3200 1300 3252 et
1323 3195 1608 3268 voluptati
1655 3196 1819 3252 addi-

1955 707 2170 764 όδευτον
2217 708 2275 766 δέ
2326 711 2435 767 ἰστι
2461 715 2523 768 τὸ
2572 710 2802 789 οἴκημα,
2833 719 2969 792 πρὸς
2997 720 3184 793 τέρψιν
3247 720 3411 792 μόνον
3471 744 3597 779 κατ-

1953 801 2338 873 εσκευασμένον
2399 800 2634 878 λέγεται.
2696 806 2797 862 Vel
2872 807 3013 883 inde
3061 814 3220 882 patet
3275 812 3599 871 suburbana

1950 890 2105 945 intra
2132 890 2318 961 ipsam
2354 893 2555 948 urbem
2585 895 2899 963 exstitisse,
2933 898 3294 971 proindeque
3333 919 3448 958 non
3481 906 3596 959 mi-

1950 995 2079 1034 rum
2112 979 2161 1034 si
2194 997 2321 1052 quae
2351 980 2497 1053 ipsis
2538 988 2699 1039 extra
2749 985 3039 1042 mmnibus
3097 988 3373 1060 adjuncta
3428 998 3596 1048 erant

1900 1066 1903 1069 ’
1947 1069 2213 1124 eamdem
2263 1071 2767 1128 nomenclaturam
2806 1075 3185 1133 obtinuerint.
3237 1080 3427 1151 Atque
3480 1081 3591 1139 hac

1946 1156 2182 1228 quidem
2218 1157 2470 1227 notione,
2503 1161 2561 1214 id
2596 1165 2683 1216 est
2714 1178 2818 1233 pro
2849 1164 3202 1223 suburbanis
3236 1169 3589 1227 intramura-

1945 1245 2090 1311 neis,
2122 1244 2417 1317 προάστεια
2448 1249 2701 1321 appellat
2750 1252 3062 1308 concilium
3093 1251 3590 1331 Constantinopo-

1945 1334 2192 1390 litanum
2244 1338 2356 1391 sub
2406 1337 2595 1404 Mena,
2628 1343 2741 1394 act.
2776 1357 2859 1406 ιιι,
2895 1341 2992 1397 ubi
3044 1344 3116 1398 de
3167 1347 3588 1416 perquisitione

1942 1424 2239 1480 Anthemii
2289 1425 2346 1479 in
2399 1428 2541 1482 urbe
2593 1428 2740 1483 facta
2789 1429 3005 1501 agitur,
3039 1438 3096 1487 et
3143 1433 3454 1506 episcopis,
3485 1438 3583 1509 qui

1940 1530 1975 1601 a
2007 1514 2273 1569 Patribus
2305 1515 2532 1570 concilii
2566 1518 2636 1572 ad
2667 1517 2776 1574 hoc
2813 1519 2977 1575 missi
3030 1521 3261 1578 Iuerant
3292 1541 3306 1579 ε
3340 1524 3582 1601 Ἐφησαν

1941 1597 1998 1655 δὲ
2028 1602 2346 1675 προάστειον
2375 1601 2533 1656 αὐτὸν
2587 1602 2733 1679 ἔχειν
2781 1602 3017 1676 πλησίον
3063 1613 3159 1662 τοῦ
3217 1597 3578 1687 προφητείου,

1937 1688 1990 1745 ἐν
2048 1691 2094 1762 ᾦ
2150 1690 2529 1766 συνεχέστερον
2584 1692 2857 1767 εὑρίσκετο
2933 1695 3130 1753 ἀπιών.
3190 1701 3580 1773 Propheteum

1938 1785 2133 1836 autem
2166 1781 2324 1837 istud
2358 1783 2510 1837 infra
2539 1784 2596 1838 S.
2633 1784 2793 1840 Isaia-3
2842 1787 3172 1858 appellatur
3203 1806 3216 1844 :
3250 1790 3373 1844 Ὅτι
3421 1787 3576 1863 ἴσμεν

1938 1868 2101 1923 αὐτὸν
2133 1866 2332 1944 ἔχοντα
2361 1871 2681 1944 προάστειον
2712 1870 2949 1943 πλησίον
2979 1879 3076 1929 τοῦ
3118 1878 3454 1952 προφητείου
3483 1885 3580 1935 τοῦ

1937 1956 2122 2032 ’Δγίου
2171 1956 2411 2014 Ἡσαΐου.
2455 1964 2704 2017 Rursum
2748 1960 3210 2038 ΞΠαρεγενὸμεθα
3259 1968 3343 2021 καὶ
3395 1966 3449 2022 ἐν
3498 1973 3580 2042 τῷ

1936 2046 2243 2121 προαστείῳ
2294 2051 2372 2119 τῷ
2430 2045 2739 2125 διαφέροντι
2798 2054 2877 2123 τῷ
2932 2050 3078 2124 αὐτῷ
3126 2053 3313 2130 Πέτρῳ
3342 2056 3577 2127 πλησίον

1937 2132 2050 2190 ὄντι
2081 2141 2179 2191 τοῦ
2210 2135 2497 2211 εὐκτηρίου
2528 2134 2683 2192 οἷ’κου
2712 2137 2809 2193 τοῖ’)
2840 2139 2995 2214 ἁγίου
3029 2141 3301 2219 μάρτυρος
3346 2144 3577 2221 Θύρσου.

1938 2227 2242 2299 Denique:
2277 2225 2529 2290 Κάκεῖθεν
2582 2227 3017 2301 παραγενόμενος
3075 2228 3126 2285 ἒν
3174 2236 3254 2304 τῷ
3311 2231 3580 2307 εὐκτηρίῳ

1933 2320 2032 2371 τοῦ
2062 2316 2221 2391 ἁγίου
2280 2315 2551 2390 μάρτυρος
2581 2317 2810 2391 Θύρσου,
2843 2315 3087 2393 ἔγνωμεν
3138 2321 3211 2383 ὡς
3257 2324 3577 2397 προάστειον

1934 2403 2170 2475 πλησίον
2252 2401 2512 2459 διάκειται
2588 2405 2796 2481 Πέτρου
2866 2411 2963 2461 τοῦ
3033 2429 3165 2463 ποτε
3244 2417 3343 2479 τῆς
3402 2412 3577 2467 Ἀπα-

1939 2494 2082 2566 μὲων
2137 2489 2472 2557 ἐπισκόπου,
2536 2499 2646 2551 etc.
2708 2495 2795 2550 Ea:
2861 2513 3030 2569 porro
3103 2498 3199 2554 hic
3281 2500 3576 2557 recensitis

1935 2583 2187 2640 ecclesiae
2238 2584 2393 2638 intra
2445 2584 2608 2639 urbis
2663 2587 3317 2659 Constantinopolitane
3374 2606 3576 2647 muros

1934 2670 2228 2727 adificatas
2285 2675 2471 2739 erant,
2503 2672 2573 2727 de
2603 2671 2795 2744 iisque
2844 2678 2936 2728 sat
2982 2674 3186 2731 multis
3225 2677 3454 2748 egimus
3513 2677 3573 2733 in

1936 2769 2135 2817 nostra
2165 2761 2660 2833 Constantinopoli,
2692 2761 2842 2817 libro
2873 2779 2949 2817 ιν.
2981 2763 3179 2836 Neque
3209 2766 3363 2821 enim
3410 2772 3577 2824 extra

1934 2852 2138 2906 urbem
2172 2850 2338 2907 missi
2365 2850 2641 2922 episcopi,
2675 2867 2791 2922 quo
2819 2853 3197 2908 Anthemium
3246 2859 3302 2910 et
3339 2857 3575 2914 Petrum

1932 2943 2356 3013 Apameensem
2412 2940 2834 3012 perquirerent,
2869 2958 3003 2997 cum
3061 2944 3119 2998 id
3177 2962 3289 3000 non
3347 2946 3579 3018 exigant

1934 3046 2209 3095 canones,
2242 3032 2342 3086 sed
2375 3030 2436 3085 in
2469 3031 2593 3085 suis
2624 3031 2883 3101 ipsorum
2918 3032 3075 3088 intra
3106 3038 3305 3090 urbem
3331 3036 3578 3105 aedibus,

1936 3119 2034 3174 ubi
2068 3119 2337 3175 habitare
2366 3119 2653 3175 solebant.
2686 3120 2835 3184 Quin
2889 3122 3064 3177 etiam
3115 3124 3187 3178 de
3240 3124 3579 3194 hujusmodi

1933 3207 2389 3262 intramuraneis
2463 3207 2820 3263 suburbanis
2868 3208 3288 3281 intelligendus
3346 3210 3582 3267 videtur

165 3288 277 3349 cta,
310 3283 822 3355 quemadmodum
851 3283 1117 3340 Siciliam
1143 3285 1340 3357 populo
1360 3290 1607 3341 Romano
1612 3286 1817 3357 jucun-

1933 3295 2337 3366 Theophanes,
2394 3312 2490 3351 an.
2534 3296 2605 3349 22
2650 3295 2962 3363 Anastasii,
3014 3270 3114 3368 (ιυίὶ
3173 3297 3233 3352 ἱιι
3291 3298 3577 3357 seditione

165 3372 290 3428 dum
315 3372 810 3429 suburbanitatem
837 3373 1022 3430 fuisse
1052 3374 1199 3429 dixit
1224 3374 1420 3430 Cicero
1469 3392 1525 3429 IV
1573 3375 1632 3428 in
1682 3374 1820 3429 Ver-

165 3477 280 3517 rem
309 3477 466 3534 :qua
496 3462 741 3534 quidem
769 3479 906 3518 voce
937 3479 1080 3518 usus
1101 3463 1278 3518 etiam
1308 3461 1818 3533 Sidonius.lib.m,

167 3550 337 3622 epist.
365 3552 391 3604 1
423 3566 438 3605 :
475 3550 778 3607 Ecclesium
800 3552 1035 3608 Arverni
1062 3552 1433 3624 municipioli,
1464 3554 1558 3607 cui
1600 3567 1819 3623 praepo-

165 3642 304 3695 situs
331 3641 448 3696 etsi
476 3641 792 3696 immeritus
836 3641 1060 3707 videor,
1089 3645 1498 3713 perapportuna
1542 3641 1822 3696 oblatione

166 3728 586 3801 locupletando,
615 3731 773 3802 cujus
801 3730 1129 3801 possessioni
1154 3731 1465 3801 plurimum
1506 3730 1816 3798 contulisti,

167 3816 563 3875 Cuticiacensis
578 3819 786 3892 praedii
804 3818 1246 3888 suburbanitate,
1264 3836 1379 3874 non
1407 3822 1593 3875 minus
1620 3823 1820 3875 nostrae

159 3909 516 3977 possessionts
551 3910 969 3977 fraternitatem
999 3909 1109 3964 ioci
1151 3909 1513 3980 proximitate
1558 3908 1819 3977 dignatus

162 3996 359 4053 ditare.
391 3997 738 4053 Proximum
773 3997 957 4069 igitur
988 3997 1124 4053 urbi
1147 4003 1420 4054 Arvernae
1449 3996 1560 4052 fuit
1575 3997 1818 4053 Cuticia-

161 4100 326 4141 cense
355 4084 672 4157 prandium.

223 4215 429 4273 XVIII.
462 4220 665 4289 Neque
693 4234 828 4274 vero
855 4217 1120 4290 proxima
1150 4218 1436 4273 duntaxat
1481 4218 1815 4275 civitatibus

160 4304 301 4373 loca,
350 4304 445 4362 vel
505 4306 741 4378 praedia,
777 4311 879 4363 aut
933 4307 1153 4379 palatia
1196 4307 1531 4379 προαστείων
1580 4308 1817 4363 nomine

156 4395 394 4465 donata,
430 4394 535 4451 sed
585 4396 760 4451 etiam
813 4395 968 4452 intra
1013 4396 1205 4469 ipsam
1254 4397 1483 4466 urbem,
1512 4413 1578 4452 ac
1617 4397 1677 4451 in
1722 4413 1813 4453 ro-

159 4484 514 4540 motioribus
573 4489 631 4540 et
688 4485 760 4541 ad
819 4485 983 4557 ipsos
1042 4502 1245 4542 muros
1276 4485 1562 4557 partibus,
1592 4485 1813 4556 quaevis

158 4573 309 4629 edes
343 4572 581 4645 amplos
614 4573 816 4630 hortos
846 4573 1129 4630 habentes
1158 4573 1563 4630 delectationis
1602 4575 1809 4647 gratia,

1931 3389 2056 3442 orta
2084 3383 2606 3455 Constantinopoli,
2642 3386 2789 3455 fugas
2817 3400 2879 3440 se
2911 3385 3094 3450 dedit,
3123 3382 3264 3439 ὥστε
3307 3380 3574 3460 κρυϐῆναι

1930 3472 1982 3527 ἐν
2016 3470 2321 3546 προαστιίῳ
2378 3469 2537 3545 ἐγγὺς
2590 3469 2937 3545 Βλαχερνῶν.
2971 3474 3096 3529 Sive
3141 3474 3296 3529 enim
3344 3476 3573 3529 Subur-

1930 3564 2149 3618 banum
2183 3561 2343 3617 istud
2376 3561 2530 3615 intra
2556 3565 2657 3615 aut
2685 3565 2847 3615 extra
2875 3562 3080 3616 urbem
3134 3561 3328 3630 fuerit,
3361 3562 3569 3618 saltem

1933 3650 2350 3706 Hlacherniano
2381 3648 2623 3713 Palatio,
2657 3649 2812 3720 quod
2844 3649 3000 3704 intra
3046 3649 3251 3705 urbem
3310 3654 3568 3721 postmo-

1928 3742 2069 3795 dum
2103 3737 2401 3794 inclusum
2435 3736 2544 3792 fuit
2574 3736 3206 3810 Heraclioimperante,
3238 3739 3570 3810 proximum

1929 3829 2109 3885 fuisse
2139 3828 2453 3883 dicendum
2486 3832 2595 3881 est.
2629 3830 2843 3881 Verum
2874 3828 3007 3898 quis
3035 3827 3399 3883 dissertatori
3432 3844 3568 3885 oon-

1928 3919 2097 3974 cedat
2127 3922 2362 3973 Petrum
2394 3914 2649 3987 Gyllium
2701 3914 2826 3971 sola
2868 3914 3175 3988 agnovisse
3232 3917 3573 3974 suburbana

1927 4024 2055 4079 qua?
2087 4006 2215 4062 urbi
2249 4006 2520 4077 contigua
2550 4004 2712 4069 sunt,
2741 4009 2799 4060 et
2828 4005 3131 4076 ignorasse
3160 4005 3241 4061 ita
3291 4005 3571 4078 appellari

1927 4113 2055 4167 quis
2086 4095 2309 4167 aliquot
2340 4094 2602 4149 millibus
2633 4096 2704 4150 ab
2737 4110 2807 4149 ea
2827 4095 3267 4165 distant:quasi
3297 4111 3429 4151 vero
3452 4095 3570 4151 sin-

1925 4184 2148 4258 gularis
2178 4183 2417 4240 omnino
2446 4182 2798 4239 eruditionis
2828 4182 3120 4254 scriptori,
3152 4188 3211 4239 et
3268 4200 3444 4256 quem
3500 4200 3569 4241 eo

1925 4273 2161 4330 nomine
2186 4272 2438 4328 summis
2471 4271 2747 4327 laudibus
2780 4288 2892 4327 non
2924 4271 3104 4328 semel
3130 4272 3356 4329 extollit
3397 4274 3565 4329 Jaco-

1924 4363 2035 4419 bus
2066 4361 2357 4433 Cujacius,
2389 4362 2585 4432 ignota
2616 4361 2832 4416 fuerint
2877 4378 3003 4432 qua“.
3055 4362 3219 4433 pueri
3265 4361 3460 4418 sciunt
3504 4362 3565 4418 in

1922 4450 2142 4509 scholis
2176 4470 2189 4506 :
2222 4451 2323 4507 sed
2368 4451 2418 4506 is
2463 4450 2630 4507 scivit
2662 4451 2815 4522 quod
2852 4450 3187 4522 ignoravere
3236 4449 3354 4516 alii,
3393 4447 3564 4524 προά-

1922 4560 2068 4594 στεια
2096 4557 2211 4595 ιιοιι
2243 4541 2414 4596 modo
2447 4540 2577 4595 urbi
2608 4539 2901 4608 continua,
2944 4556 3193 4610 quorum
3244 4556 3357 4611 prae
3404 4542 3568 4594 ciete-

159 4626 1125 4734 ιιι-ξηιλιιάίξλιιιειδέιιιζ
1166 4626 1567 4720 “augent;
1602 4626 1809 4718 asia;
1842 4640 1889 4704 ι)
2052 4628 2321 4734 semina
2363 4629 2622 4728 δραξληθε
2674 4626 3060 4734 pervasis,
3252 4626 3562 4734 ίτίξεξτίῖ»

160 4753 430 4817 Romam,
462 4767 592 4821 quae
640 4750 977 4822 προαστείων
1024 4752 1146 4807 vice
1189 4756 1330 4807 sunt
1381 4753 1756 4825 magnatibus
1793 4769 1805 4806 :

160 4855 288 4895 cum
320 4841 398 4895 ita
432 4838 997 4912 appellentur,quod
1023 4857 1218 4896 revera
1242 4841 1447 4912 primis
1479 4840 1810 4913 reipublicae

161 4943 222 4981 ac
249 4927 487 5001 imperii
520 4928 766 4985 Romani
798 4930 1165 5000 temporibus
1211 4930 1366 4985 intra
1414 4931 1588 4986 urbes
1632 4930 1808 4985 vineas

162 5016 509 5086 colerentur,
559 5018 716 5090 quod
765 5019 1023 5074 vetuisse
1066 5018 1459 5075 Domitianum
1518 5020 1803 5075 scribunt.

165 5107 322 5174 Nam,
347 5110 410 5163 ut
439 5107 526 5163 ait
551 5106 645 5163 lex
673 5108 709 5160 6
734 5107 871 5162 Cod.
891 5107 962 5162 de
983 5108 1156 5178 prmd.
1178 5113 1236 5163 et
1264 5106 1340 5163 al.
1362 5108 1506 5177 reb.,
1527 5108 1808 5165 Praedium

169 5197 421 5250 rusticum
449 5197 537 5252 vel
564 5196 945 5251 suburbanum
973 5198 1041 5252 ab
1089 5196 1319 5252 urbanis
1372 5213 1483 5253 non
1543 5198 1683 5265 loco,
1715 5197 1808 5253 sed

173 5284 417 5353 qualitate
445 5286 805 5342 discernitur.
835 5288 970 5351 Qua
1003 5286 1242 5341 totidem
1275 5286 1467 5343 verbis
1514 5287 1808 5343 habentur

176 5368 228 5423 in
272 5370 366 5427 lib.
398 5392 608 5430 xxxvm
661 5375 884 5430 Basilio.
938 5374 1026 5429 tit.
1071 5375 1124 5439 9,
1167 5391 1294 5447 cap.
1327 5377 1395 5432 37
1431 5392 1444 5431 ε
1477 5376 1801 5450 Προάστειον

184 5454 273 5511 ἀπὸ
320 5465 412 5515 τοῦ
459 5462 752 5517 πολιτικοῦ
812 5461 1114 5534 οἰκήματος
1173 5463 1333 5539 οὐχὸ
1390 5462 1737 5533 τόπος,ἀλλ’
1766 5466 1800 5533 ἡ

185 5546 387 5619 ποιότης
437 5550 686 5626 χωρίζει.
738 5552 843 5608 Ubi
892 5552 1247 5609 Scholiastes
1282 5571 1294 5609 ζ
1333 5552 1413 5609 Τὸ
1462 5555 1802 5629 προάστειον,

187 5635 315 5709 φασὶ,
343 5640 629 5714 χωρίζεται
664 5641 770 5695 ἀπὸ
801 5642 897 5709 τῆς
930 5645 1028 5695 τοῦ
1074 5639 1245 5695 τόπου
1294 5641 1509 5716 θέσεως,
1538 5641 1621 5697 ὅτι
1669 5641 1801 5714 ἐξῴ-

184 5741 338 5780 κισται
365 5720 460 5799 τῆς
510 5729 750 5799 πόλεως,
782 5728 907 5785 ἀλλ’
956 5729 1016 5784 ἐκ
1061 5733 1158 5784 τοῦ
1202 5733 1493 5807 προσέχειν
1539 5729 1800 5807 πάροδον,

1920 4719 2020 4775 sed
2044 4717 2218 4773 etiam
2243 4734 2371 4788 quae
2396 4718 2451 4772 in
2477 4718 2603 4788 ipsa
2626 4718 2765 4771 urbe
2783 4722 2921 4771 sunt
2942 4717 3231 4771 interdum
3260 4714 3561 4788 appellari.

1992 4843 2287 4897 XIX.Jam
2339 4859 2472 4896 vero
2525 4858 2657 4895 cum
2715 4841 3101 4906 Hebdomum,
3154 4858 3253 4896 seu
3307 4840 3563 4912 Campus

1920 4933 2224 4997 Hebdomi,
2257 4930 2489 5002 amplus
2520 4940 2669 4986 esset
2701 4946 2855 5002 ager,
2890 4934 2955 4984 ut
3003 4930 3103 5002 qui
3154 4932 3226 4985 ab
3286 4930 3429 4986 urbe
3487 4930 3560 4985 ad

1918 5022 2238 5092 septimum
2299 5036 2485 5091 usque
2543 5018 2794 5091 lapidem
2851 5019 3225 5091 pertingeret,
3275 5020 3457 5088 varia,
3498 5023 3564 5075 ut

1920 5109 2194 5178 diximus,
2226 5110 2282 5164 in
2340 5126 2406 5164 eo
2464 5109 2736 5164 exstitere
2796 5108 3043 5164 aediﬁcia
3094 5113 3152 5164 et
3197 5110 3558 5178 suburbana,

1919 5214 2045 5270 quae
2079 5199 2136 5252 in
2174 5198 2467 5254 llebdomo
2500 5196 2746 5252 excitata
2776 5212 2904 5251 esse
2934 5197 3209 5253 dicuntur
3241 5216 3274 5253 a
3312 5198 3559 5269 scripto-

1918 5284 2102 5354 ribus,
2137 5304 2250 5343 non
2282 5287 2539 5343 indicato
2590 5286 2707 5341 fere
2747 5301 2982 5359 semper
3027 5304 3229 5343 eorum
3282 5284 3560 5358 peculiari

1917 5376 2057 5442 situ,
2092 5383 2149 5431 et
2197 5395 2268 5431 an
2315 5376 2466 5444 urbi,
2512 5374 2596 5429 vel
2641 5392 2712 5429 an
2771 5375 3019 5447 septimo
3069 5375 3247 5447 lapidi
3301 5374 3563 5446 proxima

1918 5465 2149 5520 fuerint.
2181 5465 2323 5520 Nam
2359 5470 2567 5536 praeter
2588 5464 2859 5518 Tribunal
2912 5470 2969 5519 et
3008 5466 3360 5533 adiunctum
3410 5465 3557 5520 Con-

1915 5555 2369 5609 stantinianeum
2426 5552 2735 5619 Palatium,
2799 5554 2869 5608 de
2926 5552 3143 5624 quibus
3196 5553 3443 5619 egimus,
3494 5556 3561 5606 ut

1917 5643 2185 5699 omittam
2217 5643 2388 5698 etiam
2436 5641 2753 5697 Castellum
2784 5639 3276 5707 Theodosisnum,
3310 5639 3463 5711 quod
3496 5639 3557 5693 in

1916 5731 2214 5788 Hebdomo
2240 5732 2445 5789 statuit
2472 5730 2875 5803 Theophanes,
2893 5746 2987 5785 an.
3009 5730 3045 5781 7
3073 5729 3277 5785 Phoce:
3309 5728 3559 5802 legimus
