4028 6202
227 375 337 446 409

1572 367 1674 428 DE
1716 364 2096 436 HEBDOMO
2140 364 2256 426 CP.

3484 357 3606 418 410

232 511 256 563 ὁ
283 508 330 561 ἐν
361 500 609 581 Λοφαδίῳ
643 496 1055 575 θεοπρόϐλητος
1085 499 1372 576 ἀρχιερεὺς
1422 499 1508 554 ἐπὶ
1561 502 1658 554 τοῦ
1688 497 1850 552 αὐτοῦ

1965 499 2450 564 Tullium,eadem
2477 500 2658 555 ferme
2690 498 2762 554 de
2791 513 2969 553 causa
2999 497 3070 551 ab
3103 494 3175 550 iis
3199 492 3606 548 insimulatum

226 598 380 673 κυροῦ
409 591 681 664 Ἀλεξίου,
711 597 818 648 etc.
881 591 1093 662 Aliam,
1146 608 1273 673 quae
1322 591 1580 648 Danielis
1637 605 1848 646 nomen

225 671 480 759 praetulit,
511 683 691 738 eadem
721 686 777 736 S.
823 682 1121 738 Prodromi
1153 671 1224 737 ad
1256 681 1310 735 S.
1346 681 1598 736 Mecium
1632 695 1850 735 memo-

223 780 300 831 rat
330 771 573 844 scriptor
602 771 862 827 ineditus
892 771 1033 825 Vitas
1062 776 1117 825 S.
1152 770 1426 826 Marciani
1477 768 1784 836 mconomi,
1817 785 1850 822 a

227 879 328 934 quo
359 864 715 916 exstructam
757 859 997 916 scribit:
1056 859 1126 912 Τὸ
1187 858 1282 930 μὲν
1344 855 1434 911 οὖν
1483 856 1626 931 ἱερὸν
1687 855 1850 909 αὐτοῦ

225 949 460 1021 λείψανον
493 952 573 1017 (8.
613 948 841 1018 lsidori)
872 948 906 1016 ἠ
940 950 1035 1021 poi}
1068 949 1372 1002 Βαπτιστοῦ
1403 945 1653 999 Ἰωάννου
1686 945 1848 1016 μονὴ,

219 1040 324 1107 ἥτις
355 1034 452 1111 ἄρα
482 1036 574 1090 καὶ
606 1040 703 1090 τοῦ
751 1034 956 1104 Δανιὴλ
1002 1033 1238 1110 λέγεται,
1291 1033 1528 1110 δέχεται,
1570 1033 1724 1110 ιγγὺς
1755 1033 1850 1105 μὲν

217 1129 348 1182 Θείου
402 1129 533 1180 ναοῦ
581 1123 843 1199 λαμπροῦ
896 1124 1166 1201 μάρτυρος
1229 1124 1455 1183 Μωκίου
1513 1121 1850 1195 διακειμένη,

216 1211 353 1290 ἔργον
383 1213 472 1268 καὶ
533 1213 674 1284 αὐτὴ
732 1211 866 1268 οὖσα
913 1217 1014 1278 τῆς
1064 1213 1267 1269 ἐκείνου
1315 1213 1526 1289 χειρὸς,
1565 1212 1599 1281 ἢ
1635 1209 1848 1286 μᾶλλον

212 1310 300 1372 τῆς
352 1301 706 1378 προθέσεως,
784 1301 907 1358 ἔνθα
961 1301 1026 1372 δὴ
1084 1304 1174 1357 καὶ
1234 1302 1310 1364 εἷς
1367 1300 1524 1378 δεῦρο
1580 1301 1850 1376 λαμπρῶς

211 1392 359 1447 αὐτοῦ
388 1391 478 1445 καὶ
512 1393 788 1470 φιΛοΘέως
835 1395 871 1461 ἡ
935 1394 1128 1466 μνήμη
1185 1389 1442 1447 τελεῖται.
1508 1398 1697 1464 Atque
1731 1391 1853 1447 haec

211 1481 433 1554 quidem
495 1498 604 1552 per
662 1481 929 1557 πάρεργον
991 1482 1087 1537 hic
1127 1481 1574 1554 descripsimus,
1607 1485 1673 1536 ut
1703 1480 1851 1536 binae

212 1572 323 1627 ista
352 1571 406 1626 S.
443 1571 835 1628 Prtecursoris
860 1572 1014 1628 aedes
1046 1571 1269 1627 caeteris
1301 1588 1335 1627 a
1385 1571 1554 1626 nobis
1595 1586 1850 1626 comme-

211 1659 437 1716 moratis
467 1660 988 1733 adjungantur.Ex
1015 1661 1311 1733 przedictis
1341 1659 1517 1730 igitur
1537 1659 1662 1715 haec
1688 1675 1851 1715 sum-

211 1748 400 1804 matim
442 1748 726 1821 colligere
781 1749 961 1806 libeat
1014 1749 1300 1808 Hebdomi
1355 1766 1554 1808 vocem
1611 1749 1768 1804 varie
1821 1765 1855 1810 a

1961 588 2104 644 adeo
2135 592 2200 642 ut
2229 603 2300 642 ne
2333 587 2489 644 locos
2520 587 2756 659 quidem
2789 591 3096 642 auctorum
3131 581 3311 640 semel
3342 598 3376 636 a
3396 597 3458 636 se
3479 581 3603 636 lau-

1960 677 2130 732 datos
2164 678 2236 732 ab
2269 677 2397 732 aliis
2432 694 2669 732 rursum
2723 675 2952 731 laudari
3003 673 3324 746 patiantur,
3357 671 3512 742 jure,
3542 673 3604 724 ut

1961 766 2128 821 aiunt
2160 767 2400 838 practici
2433 767 2641 836 nostri,
2676 761 3287 837 praeventionisﬂuasi
3317 775 3452 815 vero
3485 757 3607 830 phi-

1959 853 2134 926 lologi
2169 855 2432 926 partibus
2480 855 2638 926 fungi
2689 856 2873 910 cuivis
2926 871 3040 908 non
3073 853 3262 917 liceat,
3304 849 3404 922 qui
3439 848 3510 914 si,
3543 852 3608 902 ut

1961 944 2150 999 verbis
2212 949 2342 999 utar
2397 943 2712 1010 Plutarchi,
2767 941 2817 996 ἐν
2867 939 3146 1015 ἀλλοτρίῳ
3190 940 3364 1014 χώρῳ
3419 936 3606 992 multo

1965 1032 2172 1104 magis,
2207 1034 2265 1088 in
2299 1051 2365 1088 eo
2397 1034 2496 1105 qui
2529 1033 2804 1088 omnibus
2848 1036 3027 1104 patet,
3083 1029 3468 1099 omniumque
3514 1030 3606 1082 est

1963 1121 2411 1194 disciplinarum
2465 1139 2690 1194 campo,
2751 1118 2891 1175 πόδα
2943 1120 3205 1188 τίθεσθαι,
3269 1117 3429 1173 nullo
3468 1116 3606 1186 jure

1963 1211 2478 1282 prohibetur.0uin
2511 1211 2686 1267 etiam
2720 1228 2836 1265 non
2857 1212 3074 1265 desunt
3098 1208 3196 1281 qui
3228 1207 3298 1262 ab
3329 1222 3397 1261 ea
3425 1221 3602 1276 quam

1961 1298 2021 1354 in
2055 1301 2136 1356 rei
2169 1301 2483 1366 litterariae,
2545 1305 2609 1356 ut
2661 1300 2784 1355 fieri
2833 1299 3002 1365 solet,
3048 1297 3244 1353 dubiis
3276 1312 3342 1351 ac
3372 1297 3600 1349 contro-

1963 1389 2145 1445 versis
2176 1390 2467 1463 protulere
2498 1390 2807 1459 sententia,
2841 1388 3043 1445 decedi
3076 1385 3371 1460 piaculum
3404 1382 3599 1439 existi-

1966 1471 2150 1546 mant,
2206 1497 2340 1536 cum
2401 1481 2458 1535 in
2507 1497 2709 1536 eorum
2758 1480 2932 1536 verba
2970 1479 3273 1549 juraturos
3317 1474 3606 1545 quotquot

1962 1566 2264 1638 scriptioni
2294 1567 2569 1638 deinceps
2599 1565 2889 1622 calamum
2922 1561 3354 1636 apponent,sibi
3386 1561 3446 1616 in
3479 1556 3602 1615 ani-

1964 1671 2127 1712 mum
2155 1656 2532 1725 inducant,ac
2563 1661 2860 1712 suammet
2888 1655 2947 1709 in
2977 1655 3186 1710 iisdem
3205 1652 3603 1721 conjecturam

1963 1745 2050 1801 vel
2081 1745 2416 1817 Opinionem
2447 1743 2824 1817 expromendi
2855 1743 3188 1800 facultatem
3222 1755 3455 1796 omnem
3485 1735 3608 1792 sint

209 1837 588 1909 scriptoribus
621 1838 955 1912 Byzantinis
988 1839 1176 1895 eﬁ‘erri
1203 1855 1215 1894 :
1250 1855 1352 1910 pro
1385 1837 1509 1894 loco
1539 1837 1763 1898 scilicet
1793 1837 1852 1893 in
1885 1870 1934 1936 B
1965 1834 2295 1906 adempturi
2321 1850 2333 1888 :
2363 1833 2533 1906 quai
2563 1834 2815 1906 denique
2845 1833 2958 1904 ipsi
2987 1847 3179 1888 errare
3196 1847 3258 1886 se
3288 1845 3403 1884 non
3434 1841 3605 1925 posse

212 1942 316 1998 quo
345 1927 512 1982 stetit
544 1929 841 2001 septimus
873 1927 1044 2000 lapis,
1077 1929 1176 1984 ubi
1208 1928 1452 1983 aedificia
1511 1943 1762 2000 quorum
1815 1926 1855 1981 ii
1885 1916 1934 1946 "'
1967 1927 2192 1995 putent,
2227 1923 2363 1980 licet
2392 1924 2450 1979 id
2478 1940 2667 1994 neque
2698 1922 2970 1994 cuiquam
2993 1936 3252 1992 unquam
3277 1916 3604 1988 contigerit,

215 2016 587 2087 meminerint
621 2020 858 2073 stetisse
889 2016 1145 2084 nulla,ut
1174 2017 1446 2089 superius
1462 2016 1856 2088 dixi,prorsus

215 2108 463 2160 constat:
527 2105 747 2162 deinde
813 2123 917 2177 pro
975 2105 1281 2177 interjecto
1337 2105 1491 2162 inter
1531 2105 1854 2177 septimum

213 2194 375 2249 istum
411 2194 678 2268 lapidem
710 2200 766 2251 et
797 2196 1003 2252 urbem
1034 2195 1761 2268 Constantinopolitanam,
1795 2197 1852 2251 in

212 2298 315 2354 quo
342 2299 411 2339 ea
428 2285 641 2340 omnia
663 2302 788 2357 qua:
812 2285 884 2340 ab
904 2285 981 2341 iis
998 2285 1058 2340 in
1083 2285 1381 2341 Hebdomo
1403 2301 1533 2341 esse
1553 2285 1854 2352 dicuntur,

210 2374 842 2446 entitere,cujusmodi
865 2375 1026 2431 fuere
1039 2374 1640 2442 Tribunal,Palatium
1664 2373 1851 2430 eidem

211 2462 571 2532 adjunctum,
612 2480 677 2519 ac
708 2464 961 2520 subinde
983 2465 1139 2519 intra
1159 2465 1365 2519 urbem
1399 2463 1718 2532 inclusum,
1751 2465 1852 2520 sed

211 2554 258 2605 et
285 2552 431 2608 aedes
457 2557 514 2609 S.
550 2553 804 2608 Joannis
837 2553 1109 2625 Baptista
1141 2557 1197 2608 et
1241 2553 1486 2609 Joannis
1534 2553 1854 2624 evangelis-

211 2642 292 2708 ιω,
324 2656 450 2712 quas
478 2642 727 2712 quidem
755 2642 1000 2697 aedilicia
1030 2642 1228 2708 omnia
1258 2641 1540 2698 Hebdomi
1594 2642 1852 2715 appella-

211 2729 352 2784 tione
383 2731 732 2802 promiscue
763 2732 1057 2787 donantur
1093 2749 1126 2787 a
1178 2731 1584 2802 scriptoribus.
1645 2731 1852 2788 Utrum

213 2833 332 2873 vero
357 2819 503 2876 satis
537 2835 837 2892 superque
893 2819 1008 2876 ista
1055 2820 1515 2892 probaverimus,
1556 2821 1853 2892 judicium

211 2905 386 2962 ferent
417 2909 643 2964 eruditi
675 2908 941 2965 lectores.

274 3031 443 3086 XXII.
517 3033 805 3089 Ceterum
860 3033 1080 3104 gratias
1127 3051 1231 3106 per
1282 3051 1377 3091 me
1424 3034 1556 3092 licet
1601 3036 1857 3094 referant

209 3136 368 3191 quam
402 3121 707 3179 maximas
735 3123 856 3178 viro
887 3122 1226 3184 doctissimo
1264 3127 1551 3194 quotquot
1580 3129 1720 3181 sunt
1765 3125 1857 3181 lit-

207 3211 380 3278 terati,
441 3211 611 3283 quod
665 3215 888 3284 primus
931 3211 1234 3282 diligenter
1285 3213 1612 3284 explicarit
1682 3217 1850 3273 situm

209 3299 468 3354 Hsbdomi
511 3316 640 3354 cum
667 3310 899 3354 auahsor
943 3304 1062 3354 suis
1107 3301 1380 3354 partibus.
1439 3304 1667 3354 Comma.
1720 3308 1850 3354 Tri-

1967 3211 2138 3247 ncmo
2188 3211 2464 3264 conqueri
2511 3211 2733 3264 possit:
2784 3211 2939 3262 quon
2987 3211 3259 3244 omittere
3287 3211 3477 3242 uuwub
3505 3211 3604 3255 qUI

1968 3282 2162 3338 nescio
2219 3299 2358 3354 qua,
2421 3287 2485 3338 ut
2539 3281 2825 3347 diximus,
2884 3279 3084 3350 inepta
3131 3273 3439 3344 κακοζηλίᾳ
3495 3272 3604 3329 soli

209 3299 468 3357 Hsbdomi
511 3316 640 3358 cum
667 3310 899 3372 quatuor
943 3304 1062 3358 suis
1106 3301 1380 3373 partibus,
1439 3304 1667 3376 Campe,
1720 3308 1852 3362 Tri-

210 3387 407 3457 bunali,
441 3391 578 3447 aede
605 3390 661 3447 S.
709 3393 938 3448 Joannis
975 3393 1261 3463 Baptistae,
1310 3397 1366 3447 et
1397 3395 1617 3450 Palatio
1647 3393 1853 3452 Secun-

207 3476 528 3547 dianarum,
581 3479 790 3552 Gyllio,
840 3481 1150 3553 nobisque,
1201 3481 1250 3538 si
1299 3481 1414 3538 diis
1453 3481 1661 3555 placet,
1695 3484 1854 3540 inco-

209 3568 411 3636 gnitis:
445 3570 629 3641 quasi
663 3586 777 3624 non
805 3570 925 3626 alia
951 3575 1011 3626 et
1038 3569 1208 3640 longe
1235 3569 1408 3642 plura
1435 3571 1766 3628 exstiterint
1793 3573 1855 3629 in

209 3655 508 3714 Hebdomo
554 3658 820 3726 aediﬁcia,
868 3659 1202 3731 cujusmodi
1254 3665 1394 3715 sunt
1435 3661 1506 3716 de
1552 3661 1854 3732 quibusin

210 3761 455 3816 praesens
495 3747 748 3818 agimus,
782 3764 909 3824 quis
939 3751 1132 3822 partes
1164 3749 1309 3804 istas
1340 3749 1732 3821 multiplicare
1764 3752 1856 3806 de-

210 3831 450 3904 buerint,
512 3835 805 3906 siquidem
856 3835 940 3892 ita
993 3835 1274 3910 appellari
1333 3837 1605 3894 debeant.
1636 3839 1853 3895 Verum

211 3937 331 3979 cum
362 3926 531 3982 bona
581 3925 741 3988 illius
786 3925 955 3986 venia
994 3915 1185 3981 dicere
1213 3925 1408 3994 liceat,
1441 3926 1586 3982 nihil
1619 3945 1653 3983 a
1684 3929 1853 3985 nobis

209 4010 261 4066 in
290 4029 356 4070 ea
380 4031 568 4086 quam
603 4015 659 4068 in
693 4014 750 4070 id
783 4019 1198 4088 argumentum
1232 4016 1532 4072 contexuit
1574 4015 1854 4082 Disserta-

208 4101 353 4158 tione
382 4103 846 4176 deprehensum,
878 4103 1032 4176 quod
1067 4121 1180 4159 non
1211 4104 1421 4160 viderit
1449 4104 1694 4180 Gyllius,
1727 4107 1853 4162 nul-

209 4188 402 4264 losque
425 4195 504 4251 ab
526 4209 593 4249 eo
615 4192 939 4264 descriptos
963 4198 1267 4251 auctorum
1295 4193 1453 4250 locos
1477 4211 1626 4266 quos
1647 4196 1758 4268 ipsi
1791 4197 1850 4252 in

205 4283 685 4352 Constantinopoli
750 4282 1074 4348 Christiana
1131 4300 1247 4338 non
1313 4282 1799 4356 descripserimus
1832 4328 1847 4356 ,

207 4375 403 4440 praeter
431 4369 690 4426 triviales
721 4372 865 4428 forte
895 4370 1116 4443 aliqdot
1145 4388 1175 4426 e
1205 4371 1464 4428 Miscella
1495 4373 1851 4445 petitos,non

207 4459 473 4516 consulto
521 4460 610 4515 vel
641 4459 790 4516 lecto
819 4460 1192 4533 Theophane,
1253 4462 1424 4531 cujus
1455 4461 1616 4518 illius
1647 4468 1852 4520 auctor

207 4545 585 4621 interpretem
617 4549 751 4621 egit.
789 4551 924 4616 Quas
955 4551 1192 4621 quidem
1231 4567 1343 4606 non
1376 4568 1442 4607 eo
1474 4551 1604 4608 dico
1628 4552 1846 4624 animo,

207 4637 366 4708 quasi
398 4637 596 4695 aliena
625 4637 934 4711 expilasse,
962 4640 1052 4694 vel
1087 4640 1240 4711 quod
1270 4641 1342 4696 ab
1381 4639 1512 4695 aliis
1545 4642 1851 4699 observata

209 4743 312 4784 non
345 4746 523 4801 posse
579 4745 816 4786 rursum
874 4731 1222 4802 scriptorem
1282 4731 1612 4800 observare,
1673 4732 1848 4790 velim

207 4820 591 4875 contendere:
623 4836 756 4876 cum
787 4824 1174 4892 pristerquam
1225 4837 1358 4876 cum
1398 4820 1608 4876 iisdem
1643 4839 1848 4881 omnes

211 4905 426 4964 utimur
450 4907 646 4977 libris,
675 4925 803 4981 quas
833 4908 1017 4966 semel
1047 4909 1105 4966 in
1125 4909 1424 4982 publicam
1455 4910 1646 4976 lucem
1677 4912 1847 4968 emit-

209 4996 424 5066 tuntur,
450 4998 606 5069 juris
637 4998 781 5057 ﬁant
809 4998 1051 5071 publici.
1086 5005 1275 5072 Neque
1297 4999 1452 5058 enim
1487 5016 1555 5056 ex
1584 5000 1657 5056 iis
1687 5017 1844 5071 sum,

209 5084 300 5153 qui
330 5087 382 5142 si
410 5085 736 5159 quidpiam,
769 5092 870 5144 aut
900 5089 1055 5160 quod
1088 5088 1396 5162 scripsere,
1445 5093 1548 5146 aut
1604 5090 1661 5145 in
1721 5089 1845 5146 suis

208 5178 371 5230 antea
401 5177 640 5233 omissis
669 5176 1180 5238 lucubrationibus
1211 5178 1299 5237 vel
1337 5178 1542 5235 leviter
1579 5179 1842 5252 attigere,

208 5259 318 5331 alii,
350 5263 408 5319 id
435 5263 700 5337 exigente
731 5267 885 5338 quod
938 5268 1416 5339 pertractandum
1455 5274 1846 5340 susceperunt

208 5354 789 5426 argumento,pariter
815 5355 1296 5428 attingant,illico
1327 5358 1524 5414 nescio
1555 5374 1672 5430 qua
1701 5356 1845 5430 lym-

211 5437 316 5508 pha
347 5444 618 5516 correpti,
648 5445 807 5517 quasi
836 5447 898 5501 in
921 5448 1143 5518 publici
1170 5449 1365 5503 acvarii
1407 5450 1584 5517 fures,
1637 5453 1702 5503 ut
1755 5454 1844 5505 est

210 5531 354 5597 apud
411 5531 851 5605 Hieronymum,
922 5535 1261 5608 insurgunt,
1338 5537 1840 5609 quemadmodum

213 5618 438 5676 Luscius
471 5621 569 5678 ille
604 5622 912 5690 Luscinius
948 5623 1004 5678 in
1057 5625 1388 5684 Terentium
1423 5627 1840 5694 commdiarum

210 5707 576 5780 scalptorem:
611 5711 700 5768 vel
756 5713 1183 5784 repetundarum
1222 5723 1503 5782 accusant,
1563 5719 1627 5774 ut
1657 5717 1838 5786 Graeci

1966 2017 2023 2067 et
2053 2013 2248 2084 majus
2279 2012 2355 2069 sit
2385 2029 2562 2085 quam
2596 2017 2660 2068 ut
2683 2010 2991 2068 convenire
3021 2011 3077 2066 in
3106 2010 3428 2065 humanam
3484 2005 3606 2060 fra-

1964 2101 2252 2174 gilitatem
2281 2107 2475 2173 queat.

2035 2207 2229 2264 XXIII.
2267 2210 2454 2282 Longe
2481 2225 2616 2266 vero
2648 2209 2844 2265 sanior
2871 2209 3026 2281 viget
3055 2206 3210 2279 apud
3253 2202 3426 2276 paulo
3455 2199 3603 2272 poli-

1962 2297 2140 2354 tiores
2169 2299 2322 2354 inter
2362 2299 2624 2356 eruditos
2673 2298 2966 2361 scribendi
3015 2296 3184 2363 ratio,
3223 2292 3324 2366 qui
3355 2292 3413 2347 in
3446 2289 3604 2345 litte-

1964 2387 2134 2443 rariis
2165 2388 2594 2456 controversiis,
2648 2389 2696 2444 si
2756 2387 3071 2443 dissentire
3121 2383 3441 2454 contingat,
3487 2397 3603 2435 non

1964 2476 2090 2532 dico
2118 2477 2245 2534 sine
2273 2478 2630 2534 contumelia
2661 2479 2814 2550 (cum
2849 2477 2906 2532 id
2938 2491 3138 2532 eorum
3170 2474 3247 2529 sit
3293 2472 3600 2534 duntaxat,

1965 2583 2110 2637 quos
2140 2565 2570 2644 ἀγροικοσόφους
2597 2573 2762 2623 vocat
2795 2567 2953 2622 Philo
2998 2565 3188 2636 (libro,
3241 2557 3369 2634 Περὶ
3413 2558 3599 2613 ἀποικ.

1963 2661 2021 2710 et
2065 2656 2215 2712 libro
2242 2656 2370 2730 Περὶ
2418 2652 2639 2731 φυγάδ.,
2673 2656 2792 2728 (qui
2841 2655 3062 2712 scilicet
3086 2651 3289 2721 Musis,
3322 2665 3438 2705 non
3469 2663 3603 2703 vero

1963 2743 2140 2800 simul
2170 2749 2227 2801 et
2251 2749 2371 2807 ταῖς
2399 2746 2616 2820 χάρισιν
2649 2740 2860 2813 ἔθυσαν,
2894 2743 2979 2799 vel
3011 2743 3108 2814 qui
3140 2741 3239 2808 τὴν
3274 2733 3602 2815 ’Δφροδίτην

1962 2837 2080 2895 ταῖς
2112 2833 2350 2896 Μούσαις
2379 2835 2445 2888 οὐ
2477 2831 2820 2904 συνέπλεξαν,
2855 2839 2920 2889 ut
2949 2833 3211 2904 loquitur
3238 2826 3604 2885 Themistius

1964 2925 2224 2992 orat.24,
2272 2942 2329 2997 p.
2378 2925 2506 2991 303,
2563 2925 2647 2980 ed.
2693 2924 2870 2994 Reg.),
2917 2922 3019 2978 sed
3068 2938 3131 2977 ea
3180 2919 3510 2976 urbanitate
3539 2931 3605 2970 ac

1965 3013 2364 3069 moderatione
2392 3017 2640 3079 servata,
2673 3013 2772 3068 sed
2807 3028 2912 3068 nec
2944 3011 3069 3067 sine
3093 3008 3279 3081 elogio
3310 3005 3603 3078 aliquo,id

1965 3117 2197 3173 semper
2228 3108 2531 3176 peragant,
2566 3108 2629 3158 ut
2679 3101 3056 3158 imminutam
3087 3116 3121 3155 a
3150 3115 3214 3154 se
3257 3097 3602 3168 dignitatem

1967 3206 2138 3247 nemo
2188 3193 2464 3264 conqueri
2511 3191 2733 3264 possit:
2784 3191 2939 3262 quod
2987 3189 3259 3244 omittere
3287 3185 3477 3242 solent
3505 3182 3605 3255 qui

1964 3387 2171 3444 sapere
2241 3371 2418 3426 videri
2503 3369 2708 3426 volunt
2785 3368 3053 3440 (Stobaeus
3111 3382 3166 3438 p.
3238 3366 3376 3435 37).
3449 3364 3605 3416 Μισῶ

1964 3460 2224 3535 σοφιστὴν
2259 3457 2406 3520 ὅστις
2444 3457 2543 3512 οὐκ
2580 3457 2726 3528 αὐτῷ
2774 3455 2958 3533 σοφός.
3007 3457 3072 3513 Si
3117 3453 3365 3527 placeat,
3413 3451 3608 3506 aiebat

1964 3548 2104 3605 olim
2128 3555 2366 3605 sanctus
2387 3549 2752 3620 Augustinus
2763 3547 3024 3602 scribens
3037 3549 3234 3600 contra
3256 3540 3603 3597 Petilianum

1962 3638 2086 3710 (lib.
2121 3639 2207 3704 ii),
2234 3646 2284 3694 et
2310 3639 2460 3694 vobis
2486 3653 2586 3710 pro
2641 3637 2954 3693 maledictis
3009 3633 3305 3688 maledicta
3345 3644 3606 3701 reponere

1959 3743 2265 3800 possumus,
2323 3731 2375 3784 et
2401 3743 2499 3782 nos
2528 3727 2730 3782 diserte
2785 3727 2924 3796 forte
2962 3723 3266 3780 conviciari
3291 3733 3602 3792 possumus,

1961 3826 2017 3873 et
2037 3833 2134 3873 nos
2163 3818 2352 3872 dicere
2386 3816 2781 3887 crepitantibus
2811 3815 3052 3884 ﬂammis
3087 3829 3100 3867 :
3132 3811 3224 3866 sed
3259 3809 3416 3865 nullo
3447 3807 3604 3863 modo

1961 3906 2103 3962 mihi
2130 3915 2288 3962 sonat
2314 3907 2530 3973 diserte,
2564 3904 2704 3976 quod
2731 3903 2934 3958 dicitur
2961 3905 3164 3972 inepte.
3198 3901 3266 3954 Et
3297 3897 3602 3954 Bassarion

1962 3997 2279 4053 cardinalis
2309 3999 2366 4052 in
2401 3994 2656 4067 Epistola
2676 3994 2894 4050 inedita
2921 3994 2992 4048 ad
3025 3989 3365 4047 Mic-haelem
3393 3993 3604 4060 Byzan-

1960 4086 2130 4154 tium,
2207 4085 2368 4140 illius
2437 4084 2822 4141 eruditionem
2893 4082 2953 4138 in
3015 4081 3088 4137 iis
3143 4097 3266 4148 quae
3321 4079 3604 4132 adversus

1959 4175 2327 4231 Theodorum
2377 4175 2590 4231 Gazam
2652 4172 2989 4245 scripserat,
3042 4170 3283 4226 laudare
3337 4166 3599 4238 quidem,

1961 4283 2078 4322 non
2111 4281 2242 4322 vero
2271 4264 2362 4317 τὸν
2390 4266 2488 4332 τῆς
2522 4261 2845 4337 συνηγορίας
2873 4259 3073 4335 τρόπον
3108 4259 3354 4332 probare
3386 4272 3450 4312 se
3480 4255 3597 4311 ait:

1959 4352 2036 4411 Οὐ
2065 4353 2188 4429 γὰρ,
2221 4353 2422 4409 subdit
2450 4352 2568 4418 ille,
2620 4347 2924 4423 λοιδορίαις
2971 4351 3068 4402 τοῦ
3119 4343 3414 4412 ἀντιδίκου,
3473 4340 3601 4397 ἀλλ’

1957 4441 2285 4515 ἀποδείξεσι,
2314 4441 2404 4496 καὶ
2437 4440 2685 4516 λογικαῖς
2737 4438 2986 4514 ἀνάγκαις
3038 4441 3118 4509 τῷ
3173 4457 3229 4490 τε
3279 4433 3424 4512 φίλῳ
3480 4452 3599 4485 συν-

1959 4533 2291 4607 ηγορητὲον,
2337 4531 2429 4585 τόν
2478 4551 2537 4584 τε
2583 4529 2777 4605 ἐχθρὸν
2820 4525 3102 4600 ἀμυντέον.
3133 4526 3189 4582 Si
3224 4524 3458 4596 quando
3488 4521 3599 4591 igi-

1879 4607 1925 4672 D
1959 4628 2054 4678 tur
2083 4623 2156 4678 ab
2189 4621 2533 4694 quarumvis
2563 4619 2939 4691 scriptorum,
2985 4616 3199 4672 nedum
3251 4613 3597 4676 amicorum,

1957 4713 2248 4770 sententia
2272 4710 2652 4775 discedimus,
2688 4709 2766 4764 ita
2795 4707 3009 4763 versari
3033 4707 3409 4768 debemus,ut
3439 4717 3597 4756 asse-

1959 4803 2203 4875 quendaa
2235 4801 2518 4855 duntaxat
2549 4798 2806 4854 veritatis
2853 4813 3031 4852 causa
3086 4794 3143 4849 id
3204 4795 3324 4862 ﬁat,
3382 4789 3596 4855 allatis,

1957 4891 2174 4963 quibus
2206 4896 2406 4945 nostra
2452 4888 2670 4943 firmari
2707 4885 2914 4958 possit,
2971 4883 3058 4939 vel
3089 4879 3475 4954 argumentis,
3511 4878 3597 4934 vel

1955 4982 2308 5054 scriptorum
2342 4979 2808 5045 auctoritatibus,
2842 4993 2977 5031 cum
2998 4976 3057 5030 in
3091 4989 3296 5031 eorum
3318 4972 3512 5040 verba,
3536 4970 3597 5025 in

1956 5088 2018 5128 re
2078 5070 2328 5126 maxime
2378 5068 2677 5134 litteraria,
2722 5068 2920 5136 jurare
2969 5064 3214 5120 minime
3279 5066 3381 5118 aut
3427 5062 3599 5131 cogat

1955 5160 2173 5233 quavis
2203 5158 2594 5226 necessitudo,
2628 5157 2714 5212 vel
2747 5160 2912 5228 parta
2954 5155 3125 5211 etiam
3178 5151 3453 5210 doctrinae
3485 5149 3599 5205 exi-

1955 5251 2240 5307 stimatio.
2297 5250 2447 5305 Tum
2505 5263 2638 5304 vero
2696 5249 2817 5302 sine
2873 5250 3060 5301 nostra
3111 5245 3344 5298 invicem
3389 5239 3595 5307 dolore,

1954 5341 2108 5414 quod
2142 5340 2335 5396 aiebat
2363 5343 2604 5394 sanctus
2631 5338 3018 5408 Hieronymus
3047 5333 3310 5389 scribens
3359 5329 3425 5384 ad
3459 5343 3593 5382 san-

1953 5437 2112 5488 ctum
2145 5428 2564 5501 Augustinum,
2597 5425 2788 5482 ludere
2816 5424 3006 5480 liceat.

1951 5575 2119 5630 Multa
2139 5574 2280 5645 jocis
2298 5573 2546 5645 pateant,
2582 5569 2745 5625 liccat
2772 5583 2984 5645 quoque
3014 5565 3197 5645 ludere
3226 5563 3391 5645 (ictis.

1950 5647 2052 5704 Sed
2082 5636 2275 5717 lingua
2298 5636 2580 5717 mulcente
2608 5636 2834 5717 gravem
2862 5636 3180 5717 interlidere
3206 5636 3445 5700 dentem,

1949 5710 2477 5776 Ludere'blanditiis
2497 5714 2800 5784 urentibus,
2834 5720 2883 5769 et
2912 5712 3060 5767 male
3087 5710 3267 5766 dulces
