4028 6202
409 397 524 460 ιιι

415 533 768 605 [fermentare
788 535 940 604 jocos
963 541 1142 605 satyre
1173 533 1441 590 mordacis
1472 540 1644 602 aceto,

417 603 573 675 Saepe
598 603 894 677 poetarum
925 603 1211 677 nunquam
1241 606 1389 662 decet
1417 623 1531 663 esse
1557 611 1874 678 parentum.

417 713 567 779 Quin
599 713 817 785 potius,

417 819 476 875 Si
504 835 671 890 pravo
698 828 926 888 rectum,
957 822 1009 874 si
1038 819 1299 890 religiosa
1325 822 1600 892 profanis,

421 892 666 946 Luxurie
692 907 948 962 parcum,
983 895 1134 962 turpi
1165 898 1416 948 mutatur
1440 895 1748 960 honestum,

416 962 635 1031 Segnis,
670 965 837 1028 iners,
871 964 1104 1018 obcurus
1136 980 1254 1034 ago.
1291 967 1549 1020 miserere
1576 965 1777 1020 sodalis

413 1036 476 1089 In
504 1035 650 1089 malo
676 1036 924 1105 perversi
946 1053 964 1088 :
994 1036 1254 1090 blandum
1285 1037 1408 1092 licet
1437 1040 1524 1091 ira
1552 1041 1834 1106 parentem

412 1106 643 1170 Excitet,
675 1109 736 1159 ut
767 1108 993 1175 lapsum
1029 1110 1190 1162 rectis
1222 1110 1493 1162 instauret
1519 1110 1762 1162 amicum

413 1175 672 1246 Moribus,
704 1187 754 1232 et
782 1181 1000 1234 monitu
1029 1184 1251 1250 reparet
1280 1181 1510 1234 meliora
1538 1195 1746 1234 severo.

1249 1261 1330 1330 (S.
1368 1259 1598 1326 Paulin,
1633 1275 1822 1330 poem.
1855 1258 1978 1324 xu.)

412 1372 522 1427 Sed
552 1376 756 1443 printer
775 1373 985 1429 allatas
1005 1374 1293 1444 ejusmodi
1327 1378 1411 1429 tot
1435 1389 1780 1446 magnorum
1801 1373 2058 1427 virorum

413 1461 525 1517 hac
555 1462 624 1516 de
662 1479 722 1518 re
766 1463 1106 1531 sententias,
1157 1480 1229 1518 an
1281 1480 1394 1518 non
1445 1462 1614 1518 liceat
1661 1462 1835 1518 aliam
1866 1475 2062 1516 recen-

415 1549 604 1620 tioris,
639 1555 813 1622 atque
845 1551 988 1607 adeo
1019 1551 1336 1624 singularis
1359 1551 1708 1607 eruditionis
1731 1548 2058 1622 scriptoris,

412 1639 506 1694 hic
538 1641 718 1695 etiam
777 1640 1142 1712 appingere?
1199 1645 1254 1696 Is
1310 1646 1399 1696 est
1455 1641 1741 1697 Henricus
1784 1639 2057 1695 Valesius

412 1727 690 1784 Hadriani
725 1729 922 1794 frater,
955 1729 1055 1800 qui
1086 1731 1157 1785 ad
1190 1733 1472 1801 Exoerpta
1524 1729 1742 1802 Polybii
1792 1729 1875 1784 sic
1921 1743 2060 1800 pras-

411 1817 604 1872 fatur:
643 1839 671 1868 «
707 1821 888 1890 Atque
918 1817 1038 1872 haec
1082 1819 1152 1874 de
1197 1818 1466 1874 versione
1515 1817 1841 1875 Casauboni
1888 1816 2058 1888 quasi

413 1921 517 1976 per
545 1922 848 1962 excessum
905 1907 1061 1962 diota
1108 1907 1244 1972 sint,
1299 1925 1414 1964 non
1447 1906 1814 1963 obtrectandi
1867 1905 2062 1962 studio
2091 1911 2139 1976 Β

412 1993 495 2066 (id
527 1996 682 2050 enim
716 1995 973 2051 alienum
1005 2001 1096 2051 est
1125 2013 1158 2052 a
1190 1997 1376 2066 nobis)
1410 1997 1510 2052 sed
1545 2001 1611 2052 ut
1639 1997 1688 2052 si
1739 1997 1886 2052 forte
1915 1993 2054 2064 quid

409 2099 444 2138 a
477 2099 569 2138 me
618 2090 918 2156 peccatum
964 2085 1025 2140 in
1078 2085 1344 2142 versione
1392 2102 1520 2142 mea
1562 2083 2052 2157 deprehendetur,

409 2170 640 2227 facilius
683 2173 863 2228 lector
917 2173 1221 2246 ignoscat:
1273 2174 1483 2230 deinde
1511 2191 1642 2230 vero
1676 2177 1740 2228 ut
1770 2171 2054 2228 abstersis

409 2259 504 2315 his
535 2260 714 2316 navis
747 2260 1004 2333 aliquam
1036 2266 1286 2334 gratiam
1327 2281 1361 2318 a
1413 2263 1696 2318 studiosis
1742 2262 2049 2316 iniremus.

407 2348 675 2404 Hominis
705 2350 861 2405 enim
893 2351 1131 2423 ingenui
1162 2369 1291 2408 esse
1313 2352 1657 2418 arbitror,ut
1680 2351 1760 2406 ait
1783 2349 2052 2422 Polybius

408 2443 626 2510 noster,
660 2457 776 2494 non
807 2456 873 2495 ex
904 2439 1112 2496 alienis
1141 2442 1346 2497 erratis
1374 2441 1621 2514 gloriam
1661 2445 1914 2512 captare,
1947 2439 2048 2494 sed

407 2544 541 2583 cum
575 2529 814 2596 nostris,
847 2535 970 2584 tum
1005 2530 1182 2586 etiam
1215 2531 1422 2586 alienis
1454 2529 1711 2602 scriptis,
1758 2532 2048 2600 quantum

406 2615 466 2670 in
501 2617 670 2673 nobis
700 2622 1017 2686 est,curam
1051 2624 1222 2689 atque
1247 2621 1716 2675 emendationem
1747 2617 2047 2673 adhibere.

405 2704 586 2775 Cujus
608 2706 844 2776 quidem
869 2707 1122 2764 instituti
1143 2708 1324 2764 nostri
1344 2708 1560 2780 ubique
1580 2707 1751 2763 velim
1773 2707 2048 2762 lectorem

410 2793 772 2864 meminisse,
805 2796 853 2852 si
897 2802 1133 2869 quando
1174 2797 1233 2852 in
1265 2797 1429 2852 Notis
1460 2815 1494 2852 a
1523 2797 1826 2853 doctorum
1858 2794 2046 2850 homi-

407 2897 548 2937 num
581 2883 856 2956 opinione
884 2885 1286 2941 dissentimus.
1325 2887 1598 2958 Idemque
1626 2885 1750 2956 ipse
1774 2902 1808 2940 a
1827 2884 2052 2940 caeteris

408 2971 666 3042 postulo,
727 2977 793 3028 ut
839 2974 1049 3037 sicubi,
1096 2975 1251 3046 quod
1304 2974 1552 3029 nimium
1599 2990 1750 3046 szepe
1783 2973 2053 3029 fortassis

408 3057 644 3126 accidit,
693 3077 728 3115 a
781 3061 1020 3117 veritate
1093 3062 1504 3132 aberraverim,
1544 3062 1832 3135 corrigere
1875 3065 2053 3132 atque

408 3149 723 3204 emendare
755 3166 826 3206 ne
856 3150 1160 3208 dubitent:
1189 3151 1300 3206 hoc
1339 3151 1496 3207 enim
1539 3151 1856 3206 dummodo
1902 3151 2051 3205 bono

411 3253 571 3292 more
596 3242 653 3292 et
681 3238 828 3294 citra
857 3240 1183 3296 convicium
1213 3241 1336 3306 fiat,
1392 3241 1590 3312 gratiae
1621 3244 1796 3312 atque
1844 3237 2051 3294 honori

406 3325 745 3384 habendum
779 3334 940 3401 puto.
974 3351 1002 3380 »
1036 3329 1236 3401 Neque
1265 3329 1592 3385 omittenda
1621 3330 1794 3385 verba
1825 3327 2046 3400 Polybii

405 3415 500 3472 hic
530 3417 1020 3486 laudata,caateris
1049 3435 1081 3473 a
1112 3419 1283 3475 nobis
1312 3418 1622 3490 descriptis
1641 3417 2048 3490 adjungenda:

404 3503 534 3575 Περὶ
567 3502 625 3560 δὲ
648 3509 756 3560 τῶν
786 3505 968 3561 τόπων
1003 3505 1224 3582 ἀγνοίας
1251 3510 1359 3560 τῶν
1391 3505 1526 3561 κατὰ
1553 3506 1650 3574 τήν
1705 3505 2046 3576 Λακωνικὴν,

408 3591 498 3648 διὰ
553 3595 614 3649 τὸ
693 3596 940 3670 μεγάΛην
1021 3595 1154 3650 εἶναι
1217 3594 1591 3671 παράπτωσιν,
1665 3594 1764 3650 οὐκ
1832 3592 2049 3664 ὤκνησα

405 3681 604 3756 γράψαι
655 3685 790 3758 πρὸς
837 3683 996 3739 αὐτὸν
1049 3687 1290 3756 Ζήνωνα,
1339 3683 1560 3761 κρίνων,
1607 3682 1773 3738 καλὸν
1808 3683 1936 3738 εἶναι
1986 3682 2048 3736 τὸ

409 3770 487 3842 μὴ
561 3771 656 3833 τὰς
727 3777 836 3827 τῶν
907 3771 1080 3836 πέλας
1152 3773 1416 3850 ἁμαρτίας
1490 3769 1603 3828 ἴδια
1656 3774 2049 3846 προτερήματα

406 3860 668 3933 νομίζειν,
721 3861 960 3940 καθάπερ
1019 3861 1150 3918 ἔνιοι
1207 3869 1382 3918 ποιιῖν
1431 3863 1720 3929 εἰώθασιν,
1773 3858 1920 3915 ἀλλὰ
1971 3861 2048 3933 μὴ

412 3949 576 4022 μόνον
607 3955 717 4004 τῶν
769 3949 919 4006 ΐδίων
968 3953 1397 4025 ὑπομνημάτων.
1447 3949 1591 4005 ἀλλὰ
1618 3951 1708 4006 καὶ
1736 3954 1842 4006 τῶν
1879 3947 2051 4004 ἄλλο·

406 4037 597 4112 τρίων,
652 4039 881 4095 καθόσον
933 4041 1038 4096 οἶοί
1095 4042 1153 4096 τὲ
1205 4039 1404 4114 ἐσμεν,
1465 4045 1734 4105 ποιεῖσθαι
1793 4038 2052 4114 πρόνοιαν

405 4126 497 4180 καὶ
549 4124 836 4200 διόρθωσιν
906 4128 1066 4204 χάριν
1128 4135 1228 4198 τῆς
1304 4135 1494 4198 κοινῆς
1565 4127 1848 4207 ὥφιλείας.
1915 4129 2053 4193 Qua)

407 4216 647 4288 quidem
677 4217 760 4274 ita
791 4219 988 4275 Latine
1021 4220 1276 4276 reddidit
1304 4221 1513 4276 doctus
1563 4220 1887 4292 interpres:
1945 4219 2054 4274 Cae-

407 4313 589 4362 terum
638 4307 707 4364 de
749 4307 853 4364 illa
897 4310 1039 4364 situs
1069 4310 1352 4368 Laconica
1383 4311 1748 4382 ignoratione,
1791 4325 1852 4365 eo
1909 4308 2054 4381 quod

408 4397 594 4464 gravis
623 4412 740 4453 eese
769 4399 814 4452 is
841 4414 997 4454 error
1023 4400 1327 4466 videretur,
1347 4399 1418 4454 ad
1453 4402 1638 4469 ipsum
1666 4401 1934 4455 Zenonem
1965 4399 2054 4454 lit-

409 4489 557 4540 teras
585 4487 830 4542 scribere
856 4504 966 4543 non
993 4488 1272 4553 dubitavi,
1303 4489 1543 4544 hominis
1574 4489 1804 4560 ingenui
1828 4503 1942 4543 esse
1965 4505 2052 4542 ar-

411 4573 664 4641 bitratus,
697 4592 803 4631 non
826 4592 894 4632 ex
923 4578 1128 4632 alienis
1156 4580 1359 4632 erratis
1388 4579 1635 4650 gloriam
1665 4577 2053 4649 captarc,quod

1761 401 2092 464 JOANNIS
2138 403 2483 464 ZONARIE

2095 540 2151 606 Α
2181 553 2351 592 secus
2385 553 2562 608 quam
2593 536 2806 592 veritas
2835 535 2963 607 ipsa
2996 534 3253 607 postulat
3293 535 3507 590 dictum
3538 537 3781 610 frequen-

3675 409 3780 470 ΜΞ

2170 627 2289 682 tius
2322 626 2825 697 fuerit,monentes
2857 624 3066 680 lubens
3096 640 3328 694 sequar,
3364 629 3422 679 et
3441 639 3624 680 coram
3644 642 3778 684 com-

2171 715 2455 786 planabo:
2491 715 2620 770 dico
2655 719 2984 780 monentes,
3025 729 3138 768 non
3192 712 3547 768 invadentes.
3605 720 3775 772 Lecto-

2172 819 2295 858 rem
2351 808 2484 873 opto
2543 803 2854 870 arbitrum,
2914 819 3030 856 non
3091 801 3507 868 adversarium,
3563 808 3623 857 ut
3657 801 3778 860 olim

2171 891 2393 962 optime
2437 890 2743 963 Stagirites
2802 889 3189 962 philosophus
3239 889 3401 943 dixit.
3455 895 3634 961 Atque
3668 891 3782 950 haec

2171 980 2409 1051 quidem
2444 980 2657 1036 tradita
2716 979 3000 1034 hactenus
3048 995 3083 1032 a
3130 983 3215 1032 tot
3255 977 3398 1032 viris
3449 978 3779 1050 sapientibus

2170 1073 2482 1140 prmoepta,
2517 1067 2567 1124 si
2597 1065 2648 1121 ἐν
2710 1072 2828 1127 τοῖς
2883 1069 2990 1120 τῶν
3051 1068 3243 1139 ψυχῶν
3291 1063 3487 1140 ἠρίοις,
3518 1067 3570 1120 id
3598 1072 3697 1135 est,
3727 1070 3778 1124 in

2170 1157 2501 1212 animorum
2535 1161 2870 1212 nostrorum
2904 1155 3326 1224 monumentis,
3361 1153 3444 1208 uti
3487 1154 3657 1210 libros
3697 1174 3779 1212 vo-

2171 1253 2263 1302 cat
2293 1247 2678 1315 Themistius,
2715 1263 2816 1302 seu
2850 1244 2900 1298 ἐν
2938 1244 3133 1313 ζώσαις
3164 1243 3334 1297 εἰκόσι
3360 1248 3458 1310 τῆς
3487 1245 3680 1317 ψυχῆς,
3708 1248 3779 1302 uti

2170 1334 2542 1408 appellantur
2570 1353 2604 1391 a
2633 1334 2913 1392 Michaele
2947 1333 3135 1389 Psello
3167 1332 3225 1387 in
3287 1333 3553 1387 Monodia
3595 1332 3786 1390 inedita

2168 1423 2227 1479 in
2259 1424 2542 1480 Joannem
2597 1424 2911 1480 Patricium
2955 1422 3158 1478 sedulo
3206 1439 3614 1493 exsequamur,
3660 1439 3779 1494 pra:-

2169 1512 2388 1569 claram
2419 1513 2478 1567 in
2511 1513 2681 1568 nobis
2714 1528 2941 1567 morum
2975 1511 3235 1566 civilium
3281 1510 3618 1579 efﬁngemus
3645 1517 3694 1566 et
3721 1515 3777 1568 ad

2171 1606 2434 1674 posteros
2463 1602 2940 1657 transmittemus
2970 1599 3311 1672 imaginem.
3345 1599 3452 1654 Sed
3487 1599 3603 1654 hinc
3639 1603 3780 1672 quasi

2167 1708 2271 1763 per
2298 1697 2701 1758 transennam,
2744 1690 2878 1746 licet
2924 1690 3069 1746 forte
3098 1694 3262 1745 extra
3292 1705 3436 1757 rem,
3489 1689 3636 1744 dicta
3683 1690 3784 1746 sint

2169 1781 2241 1836 de
2272 1780 2364 1836 his
2395 1781 2676 1835 duntaxat
2694 1779 2790 1850 qui
2822 1794 2892 1834 ex
2920 1777 3338 1850 hujuscemodi
3364 1777 3779 1848 inurbanafaci-

2170 1869 2322 1924 litate
2349 1885 2413 1924 ac
2435 1869 2794 1925 delectatione
2856 1867 3094 1938 quadam
3142 1865 3594 1938 reprehendendi,
3624 1872 3683 1922 ut
3707 1866 3778 1922 lo-

2167 1957 2367 2029 quitur
2394 1958 2589 2029 Lupus
2615 1957 2798 2013 abbas
2840 1955 3229 2012 Fsrrariensis
3260 1955 3472 2028 (Epist.
3501 1955 3610 2026 26),
3641 1954 3779 2028 plau-

2164 2063 2296 2102 sum
2329 2051 2563 2118 captare
2593 2045 2802 2102 solent.

2233 2135 2430 2191 XXIV.
2464 2135 2581 2190 Nos
2609 2151 2742 2190 vero
2773 2133 2871 2205 qui
2902 2137 2991 2188 tot
3025 2132 3178 2188 inter
3214 2131 3468 2204 hujusce
3517 2130 3618 2188 levi
3667 2147 3778 2188 eru-

2160 2225 2316 2280 ditos
2350 2240 2420 2280 ne
2452 2223 2756 2279 minimam
2789 2222 3030 2294 quidem
3059 2222 3329 2277 obtinere
3384 2219 3612 2277 laudem
3652 2219 3778 2276 ultro

2158 2330 2294 2369 cum
2325 2313 2705 2369 dissertatore
2736 2312 3134 2384 agnoscimus,
3169 2314 3406 2366 nostras
3459 2309 3774 2382 qualescun-

2159 2419 2273 2474 que
2302 2402 2914 2466 commentationes,et
2941 2417 3089 2472 quas
3115 2399 3418 2454 interdum
3439 2399 3640 2454 damus
3661 2413 3777 2454 oon-

2149 2492 2436 2562 jeoturas,
2467 2490 2732 2546 omnium
2757 2489 2999 2560 judiciis
3040 2488 3294 2543 libentes
3349 2487 3700 2559 exponimus,
3721 2490 3776 2540 ut

2157 2580 2260 2650 qui
2290 2597 2323 2635 a
2349 2579 2730 2646 doctioribus,
2763 2577 2811 2634 si
2845 2577 3042 2649 lapsos
3073 2593 3180 2632 nos
3213 2569 3618 2647 contigerit,ob
3645 2590 3774 2630 erro-

2157 2667 2324 2723 ribus
2349 2668 2491 2739 erigi
2525 2667 2681 2723 haud
2713 2671 2946 2740 gravate
2976 2666 3258 2721 feramus.
3297 2664 3544 2720 Proinde
3573 2669 3770 2718 tantum

2159 2757 2342 2826 abest,
2373 2763 2438 2812 ut
2480 2756 2832 2812 sententiam
2872 2759 3133 2810 nostram
3167 2755 3241 2809 de
3301 2753 3580 2808 Hebdomi
3620 2753 3723 2808 situ
3748 2767 3775 2804 a

2159 2843 2280 2900 viro
2312 2844 2384 2900 cl.
2419 2844 2739 2917 improbari
2769 2859 2920 2915 (egre
2950 2841 3208 2912 tulerim,
3231 2844 3298 2896 ut
3327 2840 3485 2896 illius
3516 2840 3774 2896 Disserta-

2158 2933 2374 2989 tionem
2406 2933 2614 3006 cupida
2643 2933 2841 2989 statim
2874 2931 3252 3004 arripuerim,
3303 2946 3370 2986 ex
3401 2946 3469 2986 ea
3525 2928 3668 3001 quod
3698 2944 3776 2982 me

2160 3022 2406 3094 fugisset
2457 3021 2760 3094 quidpiam
2833 3023 3285 3087 consecuturus,
3365 3035 3489 3074 cum
3556 3016 3779 3088 quaedam

2159 3113 2410 3168 scientiae
2455 3112 2633 3184 portio
2679 3111 2770 3179 sit,
2802 3109 2994 3182 inquit
3026 3109 3282 3165 Faustus
3335 3106 3666 3180 Rhegiensis
3709 3106 3776 3177 (in

2162 3200 2344 3272 Epist.
2400 3201 2470 3256 ad
2530 3198 2807 3271 Paulin.),
2855 3200 3000 3254 scire
3055 3197 3203 3268 quod
3252 3199 3431 3253 nescis
3474 3200 3524 3252 et
3577 3211 3638 3251 ea
3679 3209 3779 3265 quae

2080 3272 2123 3340 C
2161 3291 2490 3361 ignorantur
2516 3306 2629 3347 non
2660 3290 2943 3363 intelligis
2966 3287 3278 3361 prudentur
3304 3285 3776 3360 inquirere.Neque

2157 3379 2315 3437 enim
2348 3397 2504 3436 sum.

2162 3530 2174 3542 .
2221 3529 2234 3542 .
2279 3529 2293 3543 .
2339 3528 2352 3541 .
2397 3531 2410 3544 .
2455 3492 2568 3543 tam
2597 3485 2765 3542 stulte
2792 3491 3240 3557 repugnans,aut
3260 3500 3465 3557 amans
3491 3497 3650 3557 praue
3673 3494 3775 3534 mea

2159 3559 2300 3628 Quin
2322 3561 2511 3615 statim
2534 3554 2875 3630 culpandum
2896 3554 3104 3625 dolens,
3124 3556 3410 3628 prebeam
3430 3554 3582 3610 rectis
3602 3554 3772 3608 locum.

3239 3644 3491 3716 (Terent.
3524 3640 3715 3709 Maur.)

2159 3773 2313 3829 Sicut
2341 3774 2491 3828 enim
2521 3770 2812 3827 laudabile
2841 3777 2922 3824 est
2952 3785 2986 3823 a
3030 3782 3167 3824 vera
3195 3767 3469 3823 sententia
3508 3779 3616 3819 non
3641 3775 3775 3817 amo-

2157 3864 2298 3927 veri,
2329 3861 2524 3932 inquit
2555 3859 2942 3932 Augustinus,
2973 3857 3206 3929 (Contra
3249 3856 3519 3920 Crescon.,
3567 3851 3665 3908 lib.
3702 3865 3772 3918 ιιι,

2158 3967 2288 4022 cap.
2315 3951 2394 4021 3),
2429 3952 2510 4006 ita
2556 3949 2834 4020 culpabile
2861 3949 3149 4018 persistere
3180 3948 3239 4000 in
3269 3945 3437 4015 falsa,
3468 3958 3627 4014 quam
3648 3955 3774 3993 nun-

2159 4057 2324 4112 quam
2355 4045 2546 4096 tenere
2592 4041 2778 4110 prima
2807 4039 2926 4092 laus
2955 4039 3055 4104 est,
3087 4034 3328 4090 secunda
3359 4037 3590 4099 mutare,
3614 4033 3669 4084 ut
3693 4034 3778 4082 aut

2158 4145 2230 4186 ea:
2266 4131 2428 4185 initio
2476 4144 2612 4184 vera
2666 4130 3007 4199 permaneat,
3050 4132 3171 4190 aut,
3227 4126 3450 4177 mutata
3492 4121 3648 4190 falsa,
3667 4130 3778 4172 vera

2157 4218 2424 4275 succedat.
2457 4217 2696 4284 Verum,
2728 4219 2795 4271 ut
2824 4215 3008 4270 fatear
3037 4212 3194 4284 quod
3240 4227 3335 4267 res
3365 4214 3475 4281 est,
3500 4213 3626 4282 jure
3652 4207 3776 4262 forte

2161 4308 2502 4364 dubitabam
2534 4323 2606 4363 an
2634 4306 2694 4360 in
2725 4305 2882 4360 istud
2915 4301 3367 4374 disciplinarum
3401 4315 3580 4372 genus
3607 4295 3774 4352 oleum

2159 4414 2334 4454 suum
2366 4397 2650 4452 hactenus
2681 4394 2732 4450 is
2761 4390 3130 4454 contulisset,
3182 4405 3310 4446 cum
3363 4402 3612 4462 persaepe
3663 4398 3778 4440 con-

2160 4488 2363 4558 tingat,
2424 4490 2488 4541 ut
2545 4485 2662 4539 illis
2709 4483 2886 4538 etiam
2937 4479 3038 4552 qui
3087 4479 3241 4534 inter
3292 4478 3550 4533 eruditos
3577 4473 3774 4546 primas

2161 4579 2382 4642 tenent,
2419 4573 2599 4630 multa
2631 4571 2922 4640 excidant,
2953 4567 3170 4640 quibus
3189 4583 3394 4622 vacare
3427 4581 3536 4621 non
3567 4574 3774 4632 semper

407 4665 670 4719 nonnulli
715 4667 909 4730 solent,
957 4667 1048 4721 sed
1084 4683 1212 4721 cum
1241 4647 1445 4722 nostris
1475 4675 1588 4721 tum
1619 4647 1787 4722 etiam
1843 4647 2051 4721 alienis
2080 4647 2126 4710 D
2161 4664 2380 4737 patitur
2417 4663 2445 4715 ὁ
2509 4661 2626 4735 βίος
2685 4657 2912 4734 βραχύς,
2963 4657 3021 4712 in
3072 4655 3443 4726 amplissima
3479 4649 3768 4726 praesrtim

406 4755 859 4826 Commentariis,
907 4757 1170 4810 utilitatis
1197 4755 1435 4826 publica:
1462 4757 1664 4826 gratia,
1692 4759 1962 4826 quantum
1990 4756 2051 4809 in

404 4842 560 4897 nobis
587 4850 683 4909 est,
715 4859 910 4899 curam
938 4848 1107 4915 atque
1135 4844 1572 4900 emendationem
1627 4844 1903 4900 adhibere.
1965 4844 2051 4898 Ita

404 4930 626 4986 sentire
655 4931 847 4988 solent
876 4933 984 4988 viri
1017 4934 1163 4988 bene
1193 4933 1265 4988 de
1293 4932 1504 4989 litteris
1536 4933 1748 5004 meriti,
1794 4933 1892 5004 qui
1933 4932 2048 4989 soi-

403 5017 542 5074 licet
572 5036 686 5074 non
719 5020 1037 5077 cathedrali
1067 5021 1323 5094 quadam
1356 5021 1798 5089 declamatione,
1847 5026 1906 5078 et
1955 5025 2048 5094 ty-

406 5107 670 5175 rannica,
703 5113 769 5164 ut
803 5109 882 5164 ita
925 5109 1156 5182 loquar,
1208 5105 1552 5184 παιδαγωγίᾳ
1595 5109 1740 5166 alios
1785 5109 2048 5167 volentes

404 5196 670 5254 nolentes
703 5197 759 5252 in
802 5199 1151 5253 sententiam
1187 5215 1352 5253 suam
1380 5214 1581 5269 rapere
1621 5214 1686 5254 ac
1710 5198 2048 5269 pertrahere

401 5292 709 5343 conantur.
746 5286 1071 5357 Neminem,
1106 5287 1317 5359 inquit,
1352 5303 1609 5358 nuperus
1640 5287 1892 5359 scriptor
1923 5304 2046 5360 per-

404 5377 538 5432 inde
569 5377 974 5447 doctissimus,
1035 5376 1421 5448 personaliter
1475 5376 1614 5440 laesi,
1665 5377 1772 5430 etsi
1825 5393 1858 5430 a
1907 5377 2046 5432 viris

406 5465 1109 5538 magnis,eruditis,bonis
1140 5466 1489 5531 amicis,non
1525 5483 1652 5520 raro
1677 5465 2040 5521 dissentiam.

405 5555 523 5610 Hoc
556 5572 788 5627 semper
833 5573 866 5610 a
905 5573 998 5612 me
1049 5557 1266 5612 factum
1317 5560 1406 5612 est
1449 5555 1728 5610 incolumi
1763 5555 2044 5625 amicitia,

403 5641 564 5698 cultu
594 5649 650 5697 et
681 5644 1071 5700 observantia.
1109 5645 1529 5700 Dissentientes
1559 5643 1769 5710 colam,
1824 5648 1880 5700 et
1927 5645 2043 5700 dis-

403 5730 751 5788 sentientem
784 5748 898 5800 me,
929 5743 1018 5788 sat
1047 5733 1701 5802 scio,patientur,qui,si
1735 5734 1927 5804 quida
1952 5749 2045 5788 me

2158 4753 2351 4808 omnis
2381 4750 2612 4824 generis
2640 4749 2971 4804 litterarum
3022 4749 3240 4817 segete,
3271 4758 3520 4814 quarum
3559 4743 3771 4824 cetero:-

2158 4841 2300 4914 quin
2357 4819 2412 4908 ἡ.
2451 4839 2620 4913 τέχνη
2683 4835 2889 4910 μακρή,
2940 4835 2975 4902 ἡ
3027 4829 3085 4886 δὲ
3136 4835 3296 4902 πιῖρα
3345 4827 3604 4908 σφαλερὴ,
3654 4819 3771 4914 ἠᾴδὶ

2157 4911 2331 5004 δίρίσις
2363 4911 2605 5003 χαλειτῖις,
2662 4925 2956 4998 siquidem
3003 4922 3099 4977 hic
3142 4925 3346 4993 aptare
3401 4918 3568 4974 liceat
3619 4911 3773 5004 verba

2158 4998 2517 5073 medicorum
2550 5014 2832 5088 principis
2857 5030 2871 5068 :
2903 5013 3046 5068 adeo
3071 5015 3132 5064 ut
3151 5010 3199 5066 si
3227 5007 3419 5064 aliena
3441 5007 3581 5062 forte
3601 4998 3774 5088 studia

2158 5110 2465 5173 attentent,
2500 5087 2699 5160 statim
2756 5101 3062 5174 vulgatum
3093 5098 3252 5154 istud
3297 5091 3684 5166 Aristophanis
3709 5087 3771 5140 iis

2158 5196 2482 5262 occinatur,
2515 5189 2704 5266 Ἒρδοι
2734 5211 2816 5252 τις
2845 5191 2910 5258 ἣν
2942 5185 3169 5249 ἳκαστος
3199 5181 3364 5254 εἰδείη
3413 5182 3622 5257 τέχνην.
3676 5174 3769 5232 Sed

2153 5285 2651 5358 exspectationem
2685 5298 2874 5337 meam
2911 5279 3244 5351 speciosum
3275 5274 3489 5330 lemma
3526 5267 3772 5326 fetellisse

2156 5375 2430 5431 continuo
2489 5373 2734 5438 adverti,
2795 5368 3059 5439 nihilque
3113 5364 3242 5421 novi
3301 5363 3374 5418 ab
3428 5379 3492 5418 eo
3530 5358 3766 5418 allatum,

2156 5465 2310 5536 quod
2347 5481 2418 5519 ne
2451 5463 2764 5517 minimum
2799 5459 3035 5531 quidem
3067 5473 3100 5511 a
3131 5453 3379 5527 pristina
3399 5447 3767 5536 sententiaime

2157 5535 2476 5621 dimovere,
2504 5568 2609 5607 nec
2639 5548 2912 5622 quemvis
2941 5546 3028 5601 vel
3061 5543 3263 5599 leviter
3293 5541 3351 5596 in
3401 5538 3644 5596 Historia?
3667 5535 3764 5604 By-

2155 5645 2405 5700 zantines
2462 5641 2710 5698 lectione
2762 5640 3056 5693 versatum
3106 5633 3164 5688 in
3208 5629 3366 5686 illius
3397 5634 3583 5701 partes
3607 5622 3762 5679 abdu-

2153 5749 2281 5788 cere
2311 5730 2595 5802 debuerit,
2642 5744 2780 5785 cum
2831 5727 2889 5781 in
2924 5740 2990 5780 eo
3041 5721 3312 5788 maxime,
3363 5718 3514 5791 quod
3562 5709 3758 5770 Hebdo-
