4028 6202
191 417 291 476 M3
1451 419 1713 480 GANON
1759 416 1840 478 IN
1886 419 2326 483 DEIPARAM.
3453 419 3574 478 4H

189 563 348 617 mum,
399 550 455 601 ut
477 546 801 618 attigimus,
863 550 1185 622 septimum
1235 553 1306 609 ab
1357 552 1510 608 Urbe
1542 550 1798 623 lapidem
1827 550 1881 616 Α
1911 549 2167 620 fidentia,
2196 557 2260 608 ut
2280 570 2384 625 pro
2419 553 2754 609 indubitata
2776 552 2948 609 velim
2992 550 3214 615 haberi,
3252 566 3320 604 ne
3351 550 3398 604 si
3432 549 3546 604 fort

186 637 330 691 unice
357 634 710 707 appellatum
743 639 1054 709 putaverit,
1091 641 1572 698 reclamantibus
1621 655 1799 712 quan-
1913 653 2146 710 ascopo
2177 641 2447 698 aberrare
2506 659 2598 698 me
2639 641 2866 713 judicet
2918 639 3122 707 lector,
3173 637 3365 694 statim
3416 638 3574 694 dicat

185 723 370 780 tumvis
397 724 465 780 ab
494 741 560 780 eo
589 729 648 781 et
668 743 703 782 a
731 727 900 784 nobis
919 727 1177 787 laudatis
1207 731 1678 802 scriptoribus,ut
1706 745 1802 800 qui
1912 730 2064 798 quod
2095 730 2166 784 de
2196 731 2537 787 Gasaubono
2580 747 2761 802 supra
2815 729 3092 785 laudatus
3147 725 3433 782 Henricus
3458 730 3570 780 Va-

181 829 207 866 a
227 814 478 884 principio
509 813 749 872 deviavit
779 817 846 872 ab
877 819 1088 889 integro
1120 827 1370 891 tramite,
1401 836 1572 892 vagus
1605 819 1804 891 ubique
1909 816 2094 872 lesius
2116 819 2208 889 (ad
2257 820 2453 875 Dionis
2512 819 2833 892 Excerpta),
2883 835 3054 890 quem
3110 817 3169 872 in
3221 815 3564 888 explicando

176 903 510 974 progrediens,
543 911 751 976 quanto
780 922 837 963 se
880 924 1111 965 currere
1151 912 1354 982 fortius
1393 911 1624 981 putavit,
1655 916 1802 965 tanto
1911 907 2166 977 quodam
2201 908 2461 964 Suetonii
2492 908 2638 978 loco,
2669 910 2815 963 nihil
2847 909 3065 974 vidisse,
3102 907 3203 972 ait,
3228 905 3388 976 idque
3431 908 3568 960 tunc

176 991 280 1063 plus
327 1009 516 1049 errare
568 1012 788 1052 necesse
849 999 1024 1068 fuerit
1085 999 1379 1072 (Pelagius
1437 1000 1542 1054 PP.
1600 1000 1803 1056 Contra
1911 1011 2036 1051 cum
2059 998 2182 1068 plus
2209 999 2323 1053 sibi
2355 999 2563 1054 vidisse
2603 1015 2768 1071 quam
2823 998 3008 1053 caeteri
3063 995 3384 1051 videretur:
3419 994 3564 1051 adeo

180 1081 506 1153 Pelagianos).
537 1083 757 1140 Verum
815 1085 874 1141 in
930 1103 1000 1143 ea
1057 1089 1336 1158 Diatriba,
1384 1088 1443 1143 in
1469 1105 1584 1160 qua
1608 1089 1803 1160 reipu-
1916 1089 1976 1139 ut
2005 1103 2123 1156 qua
2151 1088 2474 1158 conjecturis
2529 1089 2734 1142 nititur
2778 1089 3035 1142 tractatio
3086 1086 3208 1140 sine
3253 1085 3565 1156 pertinacia

179 1170 314 1224 blicai
337 1169 631 1227 litterariis
654 1173 940 1231 hactenus
961 1175 1260 1249 incognita
1284 1178 1512 1250 primus
1525 1176 1802 1250 vulgavit,
1913 1174 2136 1229 institui
2163 1174 2375 1241 debeat,
2411 1182 2477 1231 ut
2508 1175 2895 1246 Xenophanes
2944 1173 3136 1229 aiebat
3163 1173 3319 1244 apud
3349 1171 3563 1227 Varro-

177 1260 422 1334 preclara
449 1264 709 1332 quadam
761 1265 1201 1338 pollicitatione,
1263 1284 1334 1324 ne
1387 1268 1578 1326 dicam
1609 1273 1804 1324 osten-
1915 1279 2070 1318 nem.
2102 1264 2467 1336 Propositam
2498 1281 2639 1319 sane
2669 1265 2729 1319 in
2790 1263 2897 1319 hac
2953 1262 3382 1333 Disceptatione
3408 1260 3563 1316 diffi-

176 1349 384 1419 tatione,
417 1368 585 1424 spem
647 1355 816 1411 nobis
871 1356 1148 1425 injecerat
1203 1358 1274 1414 de
1302 1358 1805 1414 secundianarnm
1913 1352 2191 1408 cultatem
2223 1353 2377 1408 idem
2400 1353 2688 1419 Valesius,
2721 1357 2931 1408 nostris
2952 1351 3142 1406 etatis
3171 1349 3560 1405 litteratorum

177 1437 366 1494 Palatio
398 1441 531 1496 novi
575 1441 800 1516 aliquid
847 1443 1162 1514 dicturum,
1225 1453 1434 1520 prater
1460 1464 1529 1503 ea
1560 1463 1687 1520 qua
1744 1448 1804 1504 in
1916 1441 2084 1497 facile
2132 1442 2423 1514 princeps,
2455 1443 2528 1498 de
2579 1441 2687 1497 hac
2736 1440 3045 1496 nobiscum
3084 1440 3262 1495 verba
3319 1438 3563 1504 faciens,

174 1533 348 1584 nostra
377 1528 863 1604 Constantinopoli
910 1535 1324 1607 attigeramua,
1381 1541 1558 1610 atque
1604 1537 1803 1593 lumen
1914 1530 2158 1584 arduam
2212 1535 2271 1586 et
2326 1531 2665 1603 impeditam
2724 1545 2852 1585 esse
2911 1527 3302 1593 existimabat,
3356 1526 3440 1582 ita
3499 1529 3568 1582 ut

173 1617 302 1688 quod
331 1618 502 1675 nobis
536 1637 658 1676 non
699 1621 1036 1692 affulsisset,
1070 1625 1224 1696 quod
1282 1625 1342 1682 in
1401 1627 1610 1698 primis
1638 1632 1804 1700 opta-
1915 1635 2063 1688 quas
2093 1618 2152 1673 in
2194 1624 2389 1690 partes
2428 1619 2704 1674 transiret
2758 1617 2914 1673 ultro
2972 1633 3035 1672 se
3068 1616 3292 1672 nescire
3334 1614 3565 1687 proﬁte-

170 1705 304 1772 bam,
331 1706 744 1778 detecturum;
777 1713 881 1768 sed
914 1713 972 1768 in
1007 1713 1166 1769 aliud
1190 1719 1422 1788 tempus
1455 1733 1803 1789 reservasse,
1914 1711 2092 1775 retur.
2127 1707 2404 1764 cumloca
2450 1724 2578 1779 qua:
2626 1707 2686 1762 in
2737 1707 3035 1762 Hebdomo
3066 1705 3179 1761 sita
3221 1719 3352 1760 esse
3381 1703 3569 1776 perhi-

171 1793 241 1850 vel
271 1803 416 1852 certe
448 1797 736 1870 promissi
765 1800 947 1858 oblito
1003 1802 1060 1858 id
1117 1801 1202 1858 illi
1259 1804 1544 1862 excidisse
1575 1823 1680 1878 par
1715 1812 1806 1862 est
1914 1795 2371 1868 δθηιιιννρτοουι
2405 1796 2474 1851 ab
2505 1796 2656 1852 Ul'bﬁ
2682 1796 2864 1852 Ῑυίεεθ
2895 1795 3214 1866 disparata:
3235 1793 3391 1849 hand
3421 1792 3568 1848 satis

172 1881 500 1943 existimare.
1838 1905 1887 1971 Β
1915 1885 2188 1958 expensis
2218 1884 2570 1958 scriptorum
2630 1883 3094 1950 auctoritatibus,
3156 1882 3250 1938 vix
3279 1884 3563 1950 censeret,

231 1973 391 2030 XXV.
414 1974 550 2033 Haec
587 1993 757 2049 porro
815 1979 885 2035 de
944 1979 1228 2037 Hebdomi
1271 1981 1386 2037 ,ξω
1441 1999 1474 2038 a
1503 1983 1672 2040 nobis
1701 1984 1807 2040 ob-
1855 1970 1858 1971 ⁷
1917 1973 2122 2045 paucis
2153 1979 2210 2029 et
2229 1973 2339 2030 levi
2362 1989 2538 2029 manu
2564 1974 2635 2028 ad
2660 1973 3036 2028 Ammianum
3055 1977 3112 2026 et
3139 1971 3212 2026 ad
3244 1970 3564 2027 Historiam

173 2068 372 2119 servata
395 2063 560 2121 haud
622 2066 852 2139 ingrata
894 2069 1015 2125 fore
1063 2068 1378 2126 lectoribus
1438 2071 1605 2129 facile
1662 2072 1807 2128 mihi
1915 2061 2370 2118 ecclesiasticam
2418 2062 2714 2118 annotatis
2744 2062 2896 2117 hanc
2944 2061 3208 2133 attigisse
3229 2063 3566 2116 contentus.

173 2153 570 2222 persuadeo,ao
599 2154 674 2211 iis
718 2156 1094 2227 potissimum
1143 2158 1244 2230 qui
1299 2159 1622 2216 evolvenda
1659 2161 1806 2217 Con-
1914 2150 2221 2208 Enimvero
2261 2153 2309 2209 si
2343 2170 2467 2224 quae
2496 2153 2555 2207 in
2590 2153 2697 2208 hac
2717 2151 3136 2224 Disquisitione
3165 2148 3472 2205 attulimus
3493 2148 3567 2204 ad

170 2240 687 2313 stantinopolitane
708 2244 973 2300 Historia
1003 2245 1389 2304 incumbunt:
1412 2265 1536 2320 qua:
1567 2249 1804 2322 quidem
1916 2241 2270 2297 δι’ωὸηάοω
2303 2247 2561 2297 nostram
2595 2241 2665 2296 de
2695 2241 2958 2311 0j113d°m
2992 2239 3273 2296 Hebdomi
3297 2239 3412 2294 είίυ
3435 2252 3564 2294 ⁸⁸η·

171 2325 598 2387 bicdescribere
629 2333 878 2404 pretium
923 2351 1110 2406 operis
1167 2335 1328 2406 duxi,
1388 2353 1502 2392 non
1560 2343 1680 2394 tam
1742 2343 1807 2394 ut,
1917 2331 2156 2386 tentiam
2215 2330 2456 2386 minime
2514 2330 2746 2402 placent
2820 2329 2939 2386 viro
2996 2327 3244 2394 erudito,
3297 2327 3564 2384 dicamus

163 2415 565 2488 dissertatoris,
625 2422 799 2492 cujus
848 2423 1242 2479 eruditionem
1301 2430 1358 2480 et
1414 2442 1658 2482 acumen
1713 2427 1802 2482 in-
1913 2425 2157 2492 uterque
2188 2437 2322 2476 cum
2355 2419 2821 2491 Augustinoﬂib.
2841 2424 3033 2474 contra
3063 2418 3227 2489 Epist.
3250 2415 3561 2488 fundam.),

163 2505 290 2576 genii
321 2523 564 2580 semper
612 2510 870 2581 suspexi,
925 2512 1282 2568 sententiam
1329 2513 1400 2570 de
1430 2513 1539 2570 hac
1570 2521 1799 2572 contra-
1909 2513 2077 2567 Nemo
2125 2519 2372 2566 nostrum
2427 2509 2571 2564 dicat
2617 2510 2740 2580 jam
2803 2525 2858 2564 se
2913 2509 3183 2563 invenisse
3240 2508 3555 2576 veritatem,

164 2593 323 2650 versia
341 2596 756 2666 convellerem,
803 2615 980 2671 quam
1013 2604 1080 2654 ut
1129 2605 1391 2657 nostram
1444 2602 1584 2659 viris
1614 2604 1802 2660 doctis
1907 2600 1986 2655 sic
2013 2615 2136 2655 eam
2164 2614 2485 2670 quaeramus
2500 2600 2662 2670 quasi
2681 2599 2752 2654 ab
2783 2601 3032 2670 utrisque
3059 2598 3358 2652 nesciatur.

173 2698 382 2738 rursum
405 2700 842 2756 proponerem:
877 2704 992 2742 non
1018 2691 1214 2744 tamen
1246 2705 1314 2745 ea
1367 2707 1484 2762 qua
1510 2690 1610 2747 ille
1661 2709 1800 2748 con-

663 2967 1735 3145 ΙΩΑΝΝΟΥ
1861 2974 3030 3148 ΜΟΝΑΧΟΥ

1480 3237 1598 3292 ΚΑΙ
1638 3240 2209 3302 ΠΡΩΤΑΣΗΚΡΗΤΙΣ

1255 3398 1604 3528 ΤΟΥ
1711 3401 2420 3532 ΖΩΝΑΡΑ

487 3641 928 3738 ΚΑΝΩΝ
1022 3647 1218 3740 ΕΙΣ
1319 3649 1576 3743 ΤΗΝ
1671 3650 2392 3746 ΥΠΕΡΑΓΙΑΝ
2496 3649 3180 3747 ΘΕΟΤΟΚΟΝ

997 3836 1071 3890 Οὗ
1101 3838 1135 3904 ἠ
1169 3837 1508 3914 ἀκροστιχίς·
1540 3841 1797 3904 Ὕπατος
1837 3841 1980 3916 ἦχος
2013 3839 2238 3897 ὕστατον
2268 3840 2454 3897 πλὲκιι
2491 3841 2680 3915 μὲλος.

914 4161 1762 4330 JOANNIS
1891 4166 2762 4336 ZONAR/E

1297 4427 1622 4486 MONACHI
1650 4429 1741 4486 ET
1771 4430 1971 4486 PRIMI
1995 4434 2032 4487 A
2059 4432 2404 4501 SECRETIS,

636 4584 765 4677 IN
845 4585 1790 4684 SANCTISSIMAM
1865 4591 2545 4687 DEIPARAM
2618 4593 3043 4688 CANON

569 4754 762 4834 Cujus
817 4757 1181 4819 acrostichis
1237 4758 1546 4838 signiﬁcat
1604 4779 1618 4821 :
1681 4761 2020 4824 Postremus
2083 4773 2251 4824 tonus
2299 4763 2653 4845 postremum
2712 4768 2895 4828 nectit
2945 4769 3139 4828 melos.

1075 4908 1173 4969 (Ex
1198 4909 1356 4960 Joan.
1391 4911 1517 4974 Bap.
1544 4911 1787 4962 Cotelerii
1809 4913 2043 4962 Monum.
2065 4912 2204 4962 Eccl.
2229 4913 2336 4968 Gr..
2359 4917 2488 4963 tom.
2511 4914 2618 4970 Ili.)

409 5158 590 5231 Ἧχος
619 5154 718 5212 πλ.
753 5155 814 5211 δ”
850 5159 1281 5234 ’Δρματηλάτην
1312 5166 1534 5236 Φαραῶ.

2105 5165 2304 5222 Tenus
2327 5165 2602 5239 obliquus
2631 5169 2683 5222 4.
2719 5169 2982 5240 Aurigam
3008 5169 3333 5226 Pharaonis.

842 5266 1082 5336 Ἀρειος.

2629 5276 2813 5331 Arius.
2933 5283 2936 5286 ‘

229 5384 522 5462 Ύπεραγία,
555 5388 591 5454 ἠ
619 5387 746 5441 Θεὸν
789 5390 1034 5458 κυήσασα
1077 5389 1168 5444 τὸν
1219 5399 1440 5467 συμφυῆ
1484 5397 1563 5465 τῷ
1592 5395 1782 5468 Πατρὶ,

1965 5398 2348 5454 Sanctissima
2371 5415 2498 5469 quae
2547 5399 2730 5455 Deum
2783 5399 3082 5472 peperisti,
3115 5400 3380 5470 ejusdem
3411 5415 3542 5454 cum

179 5478 415 5550 μονογενῆ
465 5475 661 5551 Λόγον,
713 5475 1032 5552 σύγχρονον,
1084 5479 1373 5554 ὁμότιμον·
1426 5480 1520 5536 κᾶν
1551 5483 1578 5537 ὁ
1607 5485 1770 5559 παρά-

1955 5493 2062 5544 itre
2092 5493 2334 5557 naturae,
2370 5488 2739 5559 unigenitum
2763 5491 3040 5559 Verbum,
3083 5506 3359 5556 scaevum,
3390 5488 3546 5560 paris

175 5580 298 5635 Ῠρων
328 5565 545 5640 Ἀρειος
592 5563 791 5638 κτίσμα
835 5571 1024 5622 τοῦτον
1077 5568 1309 5646 ἐφρόνει,
1341 5571 1548 5646 Πατρὸς
1599 5573 1766 5628 οὐσίαι

1950 5579 2170 5645 moris;
2226 5576 2454 5631 etiamsi
2506 5577 2753 5635 insanus
2810 5579 2983 5634 Arius
3030 5595 3164 5633 eum
3213 5582 3541 5634 creaturam

175 5647 463 5729 ἀλλότριον
494 5657 688 5709 τοῦτον
721 5651 1018 5711 ἐκδυσώπει
1051 5659 1292 5728 σωθῆναι
1322 5661 1490 5732 ἡμᾶς.

1954 5682 2023 5722 ise
2053 5665 2324 5730 senserit,
2356 5683 2389 5720 a
2419 5666 2610 5722 Patris
2663 5667 2994 5725 substantia
3037 5667 3292 5724 alienum
3336 5685 3350 5734 ;
3381 5665 3545 5722 illum

1896 5759 1961 5812 ut
1979 5754 2122 5812 salvi
2150 5754 2362 5811 ﬁamus
2392 5771 2590 5816 exora.
