4028 6202
1789 347 1823 409 J
1831 347 2038 408 OANN
2047 346 2118 408 IS
2161 346 2509 410 ZONARE

1102 482 1396 538 Sabellius.
2102 481 2159 546 Α

502 591 585 646 Tu
620 589 930 663 suscepisti
988 589 1044 644 in
1079 592 1264 654 utero,
1318 587 1582 644 omnium
1625 586 1869 660 Regina,
1903 586 2080 642 unius

430 678 756 734 divinitatis
814 684 932 733 tres
990 676 1258 732 habentis
1308 675 1654 747 hypostases
1708 689 1840 729 vere
1872 689 2080 740 unum,

2245 700 2284 733 μυ
2335 685 2486 752 μιᾶς,
2518 681 2591 742 ὡς
2647 678 2869 751 ἀληθῶς
2904 678 3015 750 ἶνα,
3065 681 3159 736 τὸν
3211 681 3351 747 Υἱὸν,
3398 679 3652 750 θεότητοςο
3699 681 3776 737 κᾶν

432 767 639 820 Filium
669 783 681 833 ;
715 765 940 821 etiamsi
973 763 1260 819 Sabellius
1319 761 1657 818 confusione
1706 761 1885 834 impie
1916 777 2081 817 exco-

2245 761 2519 839 αϐἑλλιος,
2553 767 2816 845 σύγχυσιν
2850 765 3057 832 ἀσεϐῶς
3089 769 3367 840 ἀννοήσας,
3400 767 3473 830 εἴς
3515 768 3568 824 ’ἐν
3596 770 3780 846 συνῄρει

429 855 636 928 gitata,
670 854 726 908 in
753 871 928 909 unam
948 853 1126 908 trium
1151 853 1457 908 nominum
1485 868 1790 924 personam
1821 851 2085 923 improbe

2245 857 2499 931 ›ιώνυμον
2532 860 2821 934 πρόσωπον
2852 860 2951 928 τὴν
2984 859 3126 924 θείαν
3160 855 3366 934 Τριάδα
3392 861 3581 919 κακῶς.

432 943 780 1001 Trinitatem
825 943 1195 1007 contraxerit,

421 350 542 424 us
1789 350 2104 409 JOANNIE

2245 350 2509 410 lNARE
3679 357 3781 418 “6

2816 481 3142 548 Σαϐἐλλιος.

2264 589 2338 644 Σδ
2397 587 2634 661 ὺπεδέξω
2682 589 2733 645 ἰν
2797 593 3011 668 γαστρὶ,
3065 593 3424 660 Παντάνασσα,
3467 595 3782 664 τρισυποστά-

1071 1058 1447 1116 Macedonius.

502 1167 607 1232 Qui
643 1172 697 1222 te
739 1166 1128 1232 obumbravit,
1182 1164 1586 1230 Immaculata,
1647 1165 1929 1235 Spiritum
1987 1163 2085 1217 Dei

431 1259 781 1321 increatum,
833 1255 1020 1309 Verbo
1053 1259 1110 1310 et
1139 1255 1290 1309 Patri
1321 1253 1878 1308 consubstantialem
1912 1251 2086 1324 glori-

2836 1062 3192 1126 Μακεδόνιος.

2266 1173 2336 1226 Τὸ
2367 1173 2455 1227 ἐπὶ
2499 1172 2583 1226 σοὶ
2632 1172 2964 1240 ἐπισκιάσαν,
3016 1171 3274 1248 ἅχραντε,
3325 1168 3559 1224 ἀκτιστον
3610 1175 3792 1242 Πνεῦμα

2198 1266 2352 1327 Θεοῦ,
2404 1262 2644 1339 ὁμοφυές
2693 1263 2852 1338 Λόγῳ
2900 1263 2988 1316 καὶ
3042 1260 3244 1335 Πατρὶ,
3300 1256 3578 1330 δοξάζομεν
3609 1300 3621 1324 ,
3659 1257 3792 1312 αὐτοῦ

431 1347 701 1412 ﬂeamus,
730 1345 800 1399 ab
838 1345 942 1398 [ἰοῦ
975 1344 1380 1415 ρῐόοθόοῐιὶθηι
1409 1368 1423 1411 ς
1458 1343 1860 1398 Macedonium
1892 1342 2088 1396 cuncti
2198 1350 2643 1427 ἐκπορευόμενον·
2677 1349 3005 1407 Μακεδόνων
3035 1350 3226 1411 πάντες
3263 1348 3449 1423 ληρεῖν
3496 1346 3692 1424 ἀφέντες
3719 1347 3792 1401 τὸν

429 1435 676 1491 delirare
705 1434 988 1499 sinentes,
1016 1433 1116 1504 qui
1149 1433 1292 1488 dicit
1343 1449 1478 1488 eum
1512 1448 1638 1487 esse
1671 1436 2000 1487 creaturam
2032 1435 2091 1486 et

2245 1441 2431 1515 ἑγοντα
2460 1441 2660 1513 κτίσμα
2682 1461 2742 1496 τι
2768 1441 2858 1496 καὶ
2890 1440 3108 1513 ποίημα
3139 1440 3270 1494 εἶναι
3304 1435 3451 1492 αὐτό.

435 1524 746 1581 facturam.

464 1691 468 1695 ~
1064 1609 1478 1684 Apollinarius.
2806 1615 3247 1691 ἈπολΛινάριος.

507 1719 587 1775 De
611 1718 752 1774 ccelo
783 1719 1147 1774 descendens
1181 1718 1460 1774 Dominus
1520 1717 1577 1774 in
1635 1722 1800 1773 tuum
1837 1723 2090 1784 uterum,

2275 1728 2396 1782 Ἀπ’
2451 1726 2682 1801 οὐρανοῦ
2732 1717 3071 1800 συγκαταϐὰς
3119 1723 3146 1777 6
3195 1720 3394 1795 Κύριος
3440 1716 3488 1772 ἐν
3648 1712 3797 1789 νηδύϊ,

436 1812 600 1864 casta
632 1807 814 1880 virgo,
846 1813 903 1863 et
933 1823 1167 1862 carnem
1191 1824 1524 1873 assumens,
1550 1807 1766 1862 mentis
1797 1812 1853 1862 et
1882 1807 2093 1862 animm

2245 1818 2363 1892 γνὴ,
2405 1815 2496 1870 καὶ
2524 1799 2870 1891 προσλαϐὼν
2925 1811 3094 1887 σάρκα
3143 1804 3328 1864 ἔννουν
3359 1828 3417 1862 τε
3458 1805 3553 1892 καὶγ
3572 1799 3798 1879 ἔμψυχον,

436 1897 806 1968 participem,
833 1902 1092 1952 nostram
1119 1897 1361 1952 salvavit
1384 1897 1874 1954 naturam.Ploret
1895 1901 2092 1952 autem

2246 1891 2362 1978 μῶν
2390 1905 2491 1973 τὴν
2538 1903 2692 1982 φύσιν
2735 1900 2951 1958 ἴσωσεν.
3007 1898 3314 1973 Οἶμωζὲτω
3365 1893 3423 1950 δὲ
3465 1896 3492 1950 6
3539 1891 3681 1948 ἄνουν

437 1993 614 2058 atque
647 2003 846 2058 pmnas
881 1988 1002 2042 luat
1033 1986 1133 2059 qui
1165 1988 1247 2042 ait
1278 1987 1534 2042 animam
1568 1987 1694 2043 sine
1717 1991 1908 2042 mente
1937 2002 2092 2041 crea-

2247 1994 2310 2062 ἠν
2342 1981 2622 2063 κτισθῆναι
2647 1993 2740 2047 τὸν
2791 1990 2985 2067 Κύριον
3036 1989 3237 2064 λέγων,
3292 1983 3360 2055 δὴ
3394 1986 3422 2040 6
3452 1981 3602 2046 ἄνους
3642 1981 3797 2038 ’Δπολ-

437 2080 558 2131 tam
590 2092 718 2132 esse
743 2076 1083 2143 Dominum,
1117 2092 1320 2132 amens
1359 2075 1628 2131 videlicet
1687 2074 2094 2147 Apollinarius.
2204 2081 2472 2158 λινάριος,

725 2191 845 2248 Ode
875 2192 928 2246 3.
983 2191 1224 2248 Caelesti:
1269 2193 1496 2263 fornicis
1545 2191 1782 2248 culmen.

1118 2263 1419 2320 Hortarius.

513 2371 575 2426 Ei
609 2370 791 2443 quite
819 2387 954 2427 vere
1015 2370 1109 2425 Dei
1169 2371 1521 2426 Genitricem
1575 2386 1689 2426 non
1749 2368 1910 2434 dicit,
1959 2383 2094 2424 cum

445 2459 713 2518 Nestorio
728 2477 862 2532 pars
880 2459 978 2527 sit,
1010 2464 1355 2516 cunctorum
1390 2459 1644 2532 Regina;
1679 2458 1778 2530 qui
1801 2457 2094 2514 Christum

445 2548 742 2605 hominem
802 2566 1016 2621 purum
1047 2566 1178 2604 esse
1217 2549 1553 2616 decernens,
1586 2553 1642 2604 te
1683 2547 1894 2603 Christi
1925 2546 2096 2604 Geni-

445 2639 652 2694 tricem
686 2637 897 2708 aiebat,
925 2655 1052 2710 qua:
1083 2655 1146 2694 es
1180 2637 1442 2710 Deipara.

1138 2752 1397 2810 Marcion.

522 2861 674 2916 Deus
706 2860 806 2932 qui
839 2877 868 2916 e
919 2861 1038 2916 tuis
1069 2860 1455 2933 sanguinibus
1485 2877 1720 2916 carnem
1753 2860 2098 2932 assumpsit,

451 2950 720 3018 Domina,
775 2967 888 3006 non
920 2950 1046 3006 sola
1093 2951 1387 3022 opinione,
1412 2951 1583 3021 juxta
1614 2951 1965 3008 Marcionem
1997 2952 2101 3006 im-

451 3041 876 3113 pium,duoque
897 3040 1186 3112 principia
1214 3042 1420 3098 insane
1452 3041 2099 3107 introducentem,ovile

452 3136 622 3188 tuum
647 3131 760 3186 ﬁde
791 3133 1098 3186 confirmet
1127 3148 1255 3187 sua.

1118 3250 1440 3305 Eunomius.

525 3355 667 3412 Tuis
698 3356 1246 3427 supplicationibus,
1274 3373 1306 3412 ο
1326 3357 1517 3430 Virgo,
1545 3361 1711 3413 tuum
1743 3357 1888 3413 ovile
1918 3359 2102 3413 libera

453 3463 484 3502 e
515 3446 823 3519 suppliciis
853 3447 1104 3514 aaternis,
1137 3463 1265 3518 quas
1298 3448 1669 3520 impiissime,
1703 3447 1858 3504 velut
1905 3448 2100 3504 indul-

453 3535 860 3608 gentissimus,
920 3536 1244 3592 Eunomius
1296 3537 1367 3592 ad
1399 3537 1917 3592 comminationem
1976 3537 2102 3593 solo

455 3626 733 3698 ﬁgmento
764 3624 1098 3697 conscripta
1129 3642 1256 3680 esse
1297 3625 1600 3681 delirabat.

591 3741 706 3798 ode
737 3743 790 3797 4.
839 3743 909 3797 Tu
941 3758 1062 3797 mea
1082 3743 1370 3813 fortitudo,
1405 3744 1650 3812 Domine,
1683 3747 1744 3798 tu
1767 3746 1879 3799 mei
1895 3749 1967 3800 et.

1140 3815 1424 3886 Eutyches.

530 3919 808 3992 Eutychis
842 3919 1364 3992 puerilistultaque
1387 3927 1579 3977 mente
1612 3923 1836 3994 prediti
1868 3921 2107 3977 hzeresis

461 4026 640 4064 unam
673 4013 940 4064 naturam
957 4009 1291 4065 affirmabat
1319 4010 1375 4064 in
1390 4010 1613 4066 Christo
1646 4016 1777 4081 post
1808 4011 2106 4068 unionem:

459 4111 673 4168 corpus
727 4096 844 4166 ille,
898 4115 931 4153 ο
993 4097 1187 4169 Virgo,
1247 4100 1402 4170 quod
1437 4101 1720 4156 Dominus
1759 4102 2108 4172 assumpsit,

2519 2194 2647 2276 ᾨδή
2676 2198 2740 2272 γ’.
2775 2193 3043 2276 Οὐρανίας
3083 2191 3277 2268 ἀψίδος
3313 2191 3538 2268 ὀροφήν.

2871 2267 3181 2343 Νεστόριος.

2274 2382 2364 2448 Τῷ
2423 2377 2496 2448 μή
2558 2395 2616 2429 σε
2667 2375 2931 2430 Θεοτόκον
3003 2374 3081 2434 ὡς
3155 2371 3384 2441 ἀληθῶς
3450 2366 3654 2442 λέγοντι
3701 2363 3807 2436 μετᾶ

2207 2466 2501 2540 Νεστορίου
2549 2465 2578 2519 6
2626 2461 2832 2537 κλῆρος
2883 2460 2991 2532 εἴη,
3051 2461 3422 2517 Παντάνασσα·
3483 2455 3621 2516 ὅστις
3669 2451 3804 2526 ψιλὸν

2204 2557 2294 2610 τὸν
2339 2553 2573 2630 Χριστὸν
2621 2551 2752 2608 εἶναι
2807 2551 2999 2627 βροτὸν
3050 2548 3439 2626 χρηματίζων,
3487 2541 3802 2620 Χριστοτόκον

2205 2640 2357 2718 ἔλεγε
2381 2643 2480 2712 τὴν
2511 2641 2774 2697 Θεοτόκον
2795 2661 2872 2698 σε.

2890 2755 3146 2833 Μαρκίων
3156 2799 3168 2811 .

2277 2868 2334 2920 Ὁ
2366 2865 2425 2920 ἐκ
2466 2870 2574 2920 τῶν
2625 2868 2735 2919 σῶν
2786 2862 3030 2937 αἱμάτων
3082 2863 3254 2938 σάρκα
3300 2855 3519 2926 λαϐὼν,
3569 2855 3809 2918 Δὲσποινα,

2207 2957 2359 3026 Θεὸς,
2418 2957 2483 3010 οὐ
2541 2952 2761 3024 δοκήσει
2819 2955 2954 3008 κατὰ
3008 2951 3313 3027 Μαρκίωνα
3363 2949 3453 3004 τὸν
3510 2939 3693 3010 ἀσεϐῆ,
3741 2938 3811 2992 καὶ

2209 3046 2382 3122 ἀρχὰς
2415 3044 2764 3121 εἰσαγαγόντα
2789 3042 3038 3120 ἀφρόνως
3085 3041 3181 3104 τὰς
3213 3038 3402 3101 δισσὰς
3436 3039 3557 3112 [ἰηι.
3587 3029 3811 3110 τρισπιςῶ

2207 3138 2306 3205 τὴν
2338 3134 2578 3207 ποίμνην
2613 3154 2708 3188 σου
2739 3133 2914 3187 πίστει
2948 3132 3193 3206 στηρίξω
3224 3132 3295 3203 τῇ
3329 3128 3516 3183 αὐτοῦ.

2884 3246 3175 3319 Εὖνόμιος.

2285 3364 2416 3420 Σαῖς
2473 3356 2673 3426 λιταῖς,
2733 3357 2778 3410 ὦ
2809 3354 3064 3425 Παρθὲνε,
3127 3352 3282 3428 ῥῦσαι
3339 3351 3403 3406 τὸ
3459 3347 3546 3402 σὸν
3594 3342 3811 3414 ποίμνιον

2212 3449 2405 3504 ἐκτῶν
2438 3445 2673 3502 αἲωνίων
2723 3445 2996 3522 βασάνων,
3052 3444 3111 3505 ἇς
3162 3436 3511 3507 ἀσεϐέστατα,
3553 3435 3624 3496 ὡς
3671 3429 3815 3522 ἔμπα·

2214 3539 2506 3606 θέστατος,
2589 3521 2737 3611 πρὸς
2803 3531 3034 3602 ἀπειλὴν
3117 3527 3391 3605 ἐληρώδει
3467 3521 3812 3600 συγγεγράφθαι

2213 3626 2492 3700 πλάσματι
2527 3625 2679 3698 μόνῳ
2712 3623 3008 3696 Εὐνόμιος.

2393 3739 2522 3820 ’ῼδὴ
2556 3739 2618 3796 δ’.
2654 3739 2730 3794 Σύ
2763 3761 2867 3814 μου
2897 3736 3078 3820 {3165,
3119 3735 3303 3807 Κύριε,
3337 3731 3400 3787 σύ
3435 3751 3539 3805 μου
3565 3726 3669 3782 καί.

2904 3809 3180 3884 Εὸτόχης.

2286 3924 2347 3978 Ἣ
2379 3919 2662 3994 Εὐτύχους
2716 3915 2920 3994 α’ἶρεσις
2960 3919 3056 3970 τοῦ
3102 3911 3472 3989 νηπιόφρονος
3531 3905 3646 3980 μίαν
3693 3901 3821 3994 φυσιν

2216 3987 2785 4088 ἔλεγεῖμεθίῂἓνωσιν.
2816 4005 2904 4062 ἐπὶ
2955 4007 3218 4081 Χριστοῦο
3253 3987 3438 4073 σῶμα,
3477 3998 3557 4088 *ὧν
3605 3987 3827 4088 neptim.

2218 4101 2248 4155 ’ὀ
2298 4083 2494 4174 Κύριος
2533 4090 2902 4172 προσελάϐετο
2937 4138 2950 4163 ,
3000 4098 3126 4166 μιᾶς
3179 4093 3314 4163 ἡμῖν
3367 4086 3550 4174 οὐσία-ς
3597 4083 3827 4174 itif?“

463 4185 641 4240 unius
674 4185 979 4240 nobiscum
1004 4202 1132 4242 esse
1163 4187 1506 4244 substantiae
1538 4205 1909 4262 nequaquam
1932 4189 2104 4246 sentit

2245 4194 2325 4244 κῶν
2376 4167 2468 4243 σὺν
2521 4167 2772 4262 Σεϐίρῳ·
2831 4185 2903 4239 ὧν
2951 4182 3051 4251 τὴν
3103 4178 3256 4253 δόξαν
3305 4180 3472 4250 ἡμεῖς
3515 4167 3827 4238 διαπτύομεν.

465 4289 596 4330 cum
629 4275 875 4344 Severo;
910 4291 1160 4347 quorum
1220 4277 1554 4348 opinionem
1605 4295 1711 4334 nos
1741 4279 2108 4352 despuimus.

1186 4394 1389 4450 Manes.

539 4499 749 4555 Manus
780 4499 888 4566 tui,
912 4500 1309 4568 immaculata,
1345 4501 1470 4557 Filii
1493 4502 1767 4558 formavit
1797 4521 1909 4571 me,
1929 4504 2028 4575 qui
2058 4507 2115 4559 et

2931 4388 3148 4458 Μάνης.

2296 4503 2425 4577 Χεὶρ
2475 4503 2510 4570 ’ἦ
2563 4503 2659 4554 τοῦ
2711 4502 2826 4568 σοῦ,
2874 4497 3130 4572 ἅχραντε,
3175 4491 3375 4547 Τὲκνου
3429 4509 3494 4562 με
3526 4474 3830 4577 ἔπλασενιοὸς

469 4589 806 4644 universum
869 4589 1158 4644 mundum
1217 4590 1522 4647 constituit
1555 4609 1568 4646 :
1599 4593 1869 4657 quamvis
1917 4593 2104 4648 furens

2245 4594 2312 4649 ιαὶ
2357 4567 2565 4663 κόσμον
2611 4586 2741 4644 ὅλον
2791 4586 3168 4655 συνεστήσατο·
3223 4580 3270 4636 εἲ
3312 4579 3401 4634 καὶ
3460 4567 3833 4663 μανεὶ-ςᾌΜάνης

470 4679 668 4734 Manes
699 4679 814 4733 duo
863 4677 1252 4734 introduxerit
1310 4656 1626 4751 principia,
1671 4681 1936 4752 duosque
1977 4682 2104 4736 deos

2245 4683 2318 4746 κὶς
2343 4656 2522 4742 διττάς
2571 4679 2744 4753 ἀρχὰς
2785 4675 3058 4748 ἐπεισῆγε,
3110 4671 3263 4736 θεούς
3305 4691 3366 4724 τι
3424 4665 3520 4722 δύο
3570 4656 3830 4753 ἐδίδασκεν

466 4767 780 4833 docuerit;
834 4785 1016 4822 unum
1079 4769 1320 4840 quidem
1371 4770 1617 4836 bonum,
1675 4770 1924 4825 alterum
1982 4787 2116 4827 vero

468 4855 724 4924 malum;
749 4862 806 4913 et
834 4861 1132 4913 creaturas
1165 4858 1309 4930 ipsis
1339 4859 1687 4930 dispertitus
1709 4860 1900 4916 fuerit.

1215 4974 1386 5031 Idem.

543 5083 680 5148 Iste,
713 5096 745 5135 ο
778 5081 1150 5152 pura,miser,
1179 5082 1277 5154 qui
1310 5087 1367 5138 et
1386 5082 1515 5139 Filii
1546 5083 1631 5138 tui
1660 5083 2121 5143 incarnationem

472 5170 531 5226 in
561 5169 752 5244 ﬁgura
781 5169 961 5226 fuisse
993 5171 1326 5238 afﬁrmavit,
1361 5189 1464 5228 nec
1498 5190 1693 5229 veram
1727 5179 1817 5231 est
1870 5176 2122 5232 arbitra-

2228 4771 2423 4847 ἀγαθὸν
2476 4769 2570 4842 μὲν
2618 4743 2710 4821 τόν
2758 4762 2871 4831 ἕνα,
2915 4762 3157 4836 πονηρὸν
3209 4758 3266 4814 δὲ
3317 4758 3406 4812 τὸν
3440 4753 3608 4810 ἄλλον
3637 4745 3720 4804 καὶ
3748 4743 3832 4808 τήν

2228 4859 2397 4915 κτίσιν
2429 4857 2616 4919 αὐτοῖς
2645 4853 3006 4929 συνεμέριζεν.

2903 4968 2961 5021 '0
3001 4964 3164 5026 αὑτός
3177 5006 3191 5023 .

2303 5082 2491 5149 Οὗτος,
2545 5079 2709 5154 ἁγνὴ,
2769 5073 2982 5148 ἄθλιος,
3041 5073 3101 5134 ὃς
3154 5070 3246 5127 καὶ
3303 5069 3400 5136 τήν
3445 5055 3839 5163 ’σάρέιωσινΙτοῦ

2232 5172 2360 5226 Υἱοῦ
2419 5189 2518 5224 σου
2575 5152 2789 5244 εἴρηκεν
2845 5163 2897 5219 ἐν
2957 5163 3227 5238 σχήματι,
3281 5157 3379 5214 οὐκ
3433 5152 3837 5244 ἀληθῆητξιύτην

470 5265 849 5331 tus,eumqus
880 5259 1153 5330 opinione
1183 5261 1466 5317 duntaxat
1495 5279 1734 5333 passum
1769 5280 1896 5319 esse
1926 5265 2097 5321 docui

2245 5259 2444 5332 δῖηθεὶς
2479 5302 2492 5327 ,
2543 5233 2638 5313 καὶ,
2679 5233 2865 5310 παθεῖν
2918 5233 3139 5322 δοκῖήσει
3181 5248 3338 5304 αὐτὸν
3387 5245 3559 5304 ἀθέως
3606 5233 3839 5333 ἐδίδασκε,

472 5349 675 5422 impie,
703 5365 879 5403 unam
917 5348 1290 5404 introducens
1323 5355 1614 5420 naturam,
1648 5349 1832 5406 solius
1856 5351 2126 5408 divinita-

473 5439 570 5494 tis.
607 5440 688 5494 Ab
719 5438 896 5508 hujus
934 5437 1114 5510 igitur
1147 5439 1338 5494 furore
1369 5437 1696 5494 liberemur.

1100 5553 1510 5624 Apollinarius.

550 5663 773 5730 Corpus
799 5660 1014 5717 Christi
1047 5660 1438 5716 inanimatam
1471 5662 1803 5719 affirmabat
1835 5664 2129 5736 Apollina-

2239 5319 2362 5424 μίάν
2391 5319 2547 5426 φόσιν
2581 5345 2832 5422 εἰσάγων,
2865 5345 2963 5407 τῆς
3011 5319 3268 5410 θεότητος
3311 5335 3502 5410 μόνης.
3534 5336 3636 5400 Τῆς
3673 5319 3837 5400 μανίας

2237 5439 2327 5495 οὖν
2357 5438 2554 5494 τούτου
2585 5433 2801 5513 ῥυσθείη
2812 5453 2927 5507 μεν.

2839 5545 3281 5619 Ἀπολλινάριος.

2313 5665 2482 5734 Σῶμα
2511 5661 2746 5734 Χριστοῦ
2794 5655 3008 5730 ἄψυχον
3051 5647 3235 5726 ἔλεγεν
3281 5642 3689 5718 ’Δπολλινάριος
3727 5635 3833 5705 [ἰπὶ.
