4028 6202
452 304 573 363 ιιι)
1801 294 2130 356 JOANNIS
2173 297 2518 364 zemas:
3697 329 3801 392 ηο

456 451 525 492 ac
553 436 855 502 Satanam,
884 430 1153 488 habitare
1183 428 1242 484 in
1274 427 1534 497 homine,
1576 426 1871 498 simulque
1929 426 2104 482 etiam

2230 450 2274 484 re
2316 432 2458 504 ὁμοῦ
2505 440 2769 490 συνοικεῖν
2819 441 2898 509 τῷ
2943 439 3236 515 ἀνθρώπῳ,
3288 437 3540 500 διδάσκειν
3592 449 3786 519 τούτους

459 524 747 596 Spiritum
781 500 1023 587 bonum,
1057 520 1095 574 ii
1136 520 1505 588 docesnt,per
1534 515 1934 588 insipientiam
1969 516 2104 571 mis-

2230 520 2306 612 cui
2354 500 2582 594 ’Πνεῦμα
2635 525 2698 580 τὸ
2753 500 2946 602 ἀγαὸὸν
2982 571 2998 596 ,
3043 500 3110 599 ’ἐξ
3170 500 3470 607 άιρροσύνης

461 616 660 668 centes
689 627 758 666 ea
785 627 914 682 qua:
947 607 1176 665 misceri
1210 611 1549 678 nequeunt;
1589 607 1660 660 ab
1691 621 1893 661 eorum
1954 603 2104 659 blas-

2230 606 2438 682 ἱὶμικτα·
2466 619 2568 682 τῆς
2602 613 2954 692 βλασφημίας
2986 617 3162 672 αὐτῶν
3197 603 3348 694 ῥῦσαι
3372 603 3540 697 ἡμᾶς,
3579 603 3749 701 άγαθή.

462 700 699 774 phemia
727 699 910 755 libera
941 714 1069 765 nos,
1102 713 1135 752 o
1165 697 1337 752 bona.

1188 809 1385 866 Iidem.

528 921 807 978 Garriunt
825 918 1005 989 athei,
1039 917 1330 974 deteriora
1363 921 1575 971 natura
1621 913 1887 971 comitari
1946 931 2106 969 mor-

459 1013 627 1077 tales,
659 1026 725 1066 ac
756 1008 1000 1080 proinde
1040 1007 1190 1061 duas
1249 1005 1549 1077 possidere
1595 1005 1864 1068 animas;
1926 1020 2105 1058 unam

461 1100 797 1157 hominibus
827 1112 1226 1160 communem,
1259 1094 1530 1149 alterram
1556 1109 1760 1147 rursus
1783 1091 2106 1157 cmlestem,

461 1187 862 1246 Immaculata.
923 1186 1035 1241 Sed
1086 1190 1148 1240 tu
1183 1183 1391 1239 animai
1424 1199 1560 1238 mea:
1604 1181 1818 1249 tribue,
1845 1186 1907 1234 ut
1955 1181 2107 1236 bona

458 1279 664 1352 eligat.

2902 769 2970 827 Οἱ
3003 769 3182 827 αὐτοί.

2287 867 2556 925 Λαλοῦσιν
2613 872 2664 927 οἳ
2731 871 2880 929 ἄθεοι
2924 875 2992 930 τὰ
3049 875 3223 952 ’χείρω
3274 878 3424 955 φύσει
3482 890 3805 959 παρομαρτεῖν

2212 963 2329 1020 τοῖς
2367 959 2607 1035 βροτοῖς·
2652 962 2742 1017 καὶ
2791 965 2927 1040 πρὸς
2975 969 3136 1019 τοῦτο
3191 963 3249 1020 δὲ
3296 963 3393 1021 δύο
3445 969 3611 1044 ψυχὰς
3643 981 3806 1043 κεκτῆ-

2215 1059 2357 1115 σθαι,
2387 1051 2486 1118 τήν
2545 1051 2643 1123 μὲν
2700 1051 3007 1127 ἀνθρώποις
3069 1055 3278 1127 κοινὴν,
3334 1058 3431 1126 τήν
3481 1054 3522 1110 δ’
3574 1057 3632 1112 αὖ
3659 1061 3808 1135 ἑτέραν

2215 1137 2491 1281 οὐριένιον,
2521 1140 2773 1216 ἅχραντε.
2810 1142 2884 1198 Σὺ
2914 1141 2972 1199 δὶ
2997 1147 3152 1220 ψυχῇ
3177 1149 3248 1220 τῇ
3281 1145 3386 1220 ἐμῇ
3409 1144 3553 1202 δίδου
3581 1149 3807 1225 αἱρεῖσθαι

2215 1247 2281 1281 κα
2361 1272 2373 1281 .

2213 1228 2316 1281 καλ
2324 1228 2373 1286 ά.

2888 1349 2955 1405 Οἱ
3007 1348 3184 1407 αὐτοί.

2283 1451 2688 1526 Ἐκτρὲπονται,
2767 1452 3071 1526 Δέσποινα,
3127 1457 3228 1525 τήν
3289 1455 3531 1532 ἐργασίαν
3585 1460 3675 1528 τὴν
3718 1465 3806 1515 τῶν

2214 1545 2438 1616 χειρῶν,
2483 1541 2556 1603 ὡς
2600 1547 2812 1606 πιστοῖς
2863 1543 2938 1616 μή
2988 1544 3355 1619 ἁρμόζουσαν·
3411 1543 3620 1602 Παύλου
3666 1569 3805 1622 νομο-

2212 1629 2488 1691 θετοῦντος
2520 1629 2662 1703 μηδὲ
2708 1630 2898 1687 ἰσθίειν
2944 1634 3122 1708 ἄρτον.
3174 1634 3404 1689 Δυνατὸν
3455 1633 3511 1690 δὶ
3553 1639 3642 1691 τοῦ
3679 1637 3810 1692 [ivsti-

2134 1795 2182 1860 Β
2217 1738 2386 1790 ματος
2433 1714 2698 1788 δέξασθαι,
2731 1720 2804 1782 ὡς
2851 1719 2902 1775 ἐν
2954 1719 3201 1793 αἲσθήσει
3253 1721 3406 1801 φασὶ,
3453 1722 3542 1778 καὶ
3583 1724 3672 1792 τὴν
3703 1724 3806 1780 ὑπό-

2212 1827 2413 1860 στασιν.

2212 1827 2413 1864 στασιν.

1197 1387 1388 1444 Iidem.

528 1501 909 1565 Aversantur,
941 1495 1210 1565 Domina,
1272 1494 1532 1550 laborem
1580 1510 1892 1561 manuum,
1948 1492 2108 1550 velut

457 1589 558 1664 qui
590 1587 862 1645 ﬁdelibus
891 1584 1138 1642 minime
1170 1587 1475 1655 congruat:
1499 1599 1634 1637 cum
1668 1581 1883 1638 Paulus
1916 1580 2104 1654 legem

455 1681 621 1748 (erat,
657 1681 720 1732 ut
750 1692 821 1731 ne
853 1689 1061 1746 panem
1094 1673 1332 1745 quidem
1368 1671 1724 1726 manducent
1756 1671 1864 1742 jquz'
1907 1672 2106 1726 nolunt

452 1769 734 1841 operari“.
772 1769 1050 1819 Praeterea
1069 1763 1323 1834 Spiritus
1356 1760 1542 1816 sancti
1569 1775 1881 1832 personam
1939 1759 2107 1817 aiunt

456 1872 629 1930 posse
658 1853 904 1925 suscipi,
935 1851 1104 1925 quasi
1131 1851 1191 1906 in
1222 1867 1421 1906 sensu.

878 1967 998 2022 Ode
1027 1968 1080 2021 8.
1115 1966 1370 2039 Septuplo
1399 1967 1700 2035 fornacem.

1172 2074 1384 2128 Aerius.

2559 1921 2694 2002 ’ῼδὴ
2726 1930 2794 1994 η’.
2824 1923 3241 1988 Ἑπταπλασίως
3271 1924 3519 2001 κάμινον.

2733 2029 2940 2093 Ἀἑτιος
2974 2034 3032 2100 [Ι.
3075 2033 3338 2105 ’Δὲριος].

2284 2140 2468 2197 Κακῶς
2497 2140 2707 2214 φρονῶν
2757 2137 2962 2200 Ἀἑτιος
3010 2139 3084 2212 μή
3137 2136 3247 2193 δεῖν
3303 2138 3620 2218 προσφέρειν
3663 2135 3808 2215 ἔλεγεν

2215 2225 2348 2301 ὑπὲρ
2376 2226 2707 2280 τεθνεώτων·
2744 2223 3011 2300 μηδεμίαν
3045 2223 3228 2297 ὄνησιν
3291 2227 3350 2282 ἐκ
3377 2229 3569 2284 τούτου
3613 2233 3810 2304 καρποῦ-

2213 2315 2331 2368 σθαι
2389 2315 2516 2390 γάρ·
2580 2311 2722 2387 μηδὲ
2777 2315 3027 2386 νηστεύει
3097 2315 3300 2394 ἔφασκε
3371 2313 3480 2372 δεῖν
3534 2316 3584 2372 δν
3634 2314 3810 2391 τετράδι

2208 2423 2268 2458 τε
2317 2403 2406 2457 καὶ
2463 2406 2532 2476 τῇ
2588 2399 2716 2477 ἕκτῃ
2773 2403 3045 2482 ἀφρόνως.
3105 2405 3302 2479 Ἀρείῳ
3359 2406 3479 2482 περὶ
3537 2404 3694 2460 πίστιν
3739 2404 3811 2459 καὶ

2212 2489 2370 2553 αὐτὸς
2399 2491 2466 2560 ἦν
2499 2490 2780 2570 ὀμόφρων.
2833 2492 3203 2564 Ηαντάνασσα,
3233 2501 3344 2564 τῆς
3385 2494 3575 2550 τούτου
3604 2493 3736 2570 ῥῦσαί
3763 2514 3814 2566 με

2213 2575 2480 2643 ἀσεϐείας.

530 2184 705 2240 Pravo
735 2181 994 2237 sentiens
1043 2181 1270 2244 Acrius,
1303 2195 1416 2234 non
1451 2179 1812 2234 offerendum
1836 2193 1966 2234 esse
1997 2195 2101 2250 pro

457 2271 706 2330 mortuis
738 2270 1065 2327 dictitabat.
1096 2269 1294 2339 Neque
1322 2269 1478 2324 enim
1513 2284 1581 2322 ex
1613 2267 1722 2323 hoc
1781 2267 1915 2324 illos
1942 2267 2100 2323 utili-

455 2366 636 2419 tatem
668 2360 850 2416 ullam
880 2376 1105 2430 capere.
1143 2361 1352 2413 lnsane
1381 2359 1555 2412 etiam
1583 2357 1794 2421 aiebat,
1829 2373 1942 2412 non
1973 2372 2102 2412 esse

447 2451 846 2523 jejunandum
879 2453 1088 2520 quarta
1135 2452 1192 2503 et
1219 2453 1382 2503 sexta
1415 2447 1576 2502 feria.
1640 2447 1919 2518 Idemque
1948 2445 2103 2501 circa

456 2539 631 2595 ﬁdem
664 2555 796 2594 cum
825 2537 960 2594 Ario
985 2536 1405 2593 consentiebat.
1437 2535 1714 2590 Omnium
1738 2534 1977 2606 Regina,
2028 2532 2100 2589 ab

455 2628 585 2701 ejus
615 2627 916 2698 impietate
946 2627 1106 2698 eripe
1136 2641 1247 2681 me.

992 2742 1202 2798 Paulus
1221 2741 1582 2797 Samotmsis.

2721 2714 2940 2779 Παῦλος
2975 2715 3353 2789 Σαμοσατεύς.

521 2850 604 2906 Ex
634 2848 835 2922 impiis
867 2852 1066 2903 autem
1111 2845 1276 2902 Pauli
1305 2844 1670 2902 Samosateni
1702 2845 2098 2917 dogmatibus,

2279 2820 2366 2894 Ἐξ
2404 2817 2611 2876 ἀσεϐῶν
2664 2819 2950 2898 δογμάτων
3005 2819 3064 2876 δὶ
3115 2827 3223 2877 τῶν
3283 2827 3384 2879 τοῦ
3431 2822 3661 2891 Παύλου,
3711 2823 3814 2878 Θεό-

447 2939 549 2996 Dei
584 2909 832 3012 Sponsa,
857 2952 1094 3010 gregem
1115 2941 1282 2991 tuum
1314 2936 1521 2991 exime.
1579 2934 1723 2990 Nam
1759 2909 1965 2989 [illium
1999 2909 2099 3005 qui

2230 2932 2404 2990 νυμφε,
2457 2915 2554 2966 τοῦ
2604 2911 2988 2984 Σαμοσατιως,
3046 2909 3232 2982 ἐξελοῦ
3295 2914 3396 2983 τήν
3453 2913 3675 2986 ποίμνην
3720 2933 3812 2968 σου.

447 3026 602 3086 initii
627 3000 836 3098 expers
857 3000 956 3082 cst
986 3042 1120 3082 cum
1174 3025 1396 3079 diceret
1425 3040 1555 3079 esse
1587 3023 1825 3078 verbum
1859 3022 2096 3096 prolati-

2230 3001 2331 3055 ῗὶὸν
2379 3000 2871 3098 τὸγπροάναρχον
2923 3002 3258 3078 προφορικὸν
3315 3002 3418 3078 γὰρ
3474 3001 3625 3076 λόγον
3665 3000 3814 3075 (2)εί-

447 3117 621 3185 tium,
653 3086 838 3172 Deum
892 3130 1028 3170 vero
1085 3113 1376 3185 Opiﬁcem,
1412 3111 1698 3184 Spiritum
1758 3086 1877 3166 illo.
1920 3126 2095 3167 usum

2230 3091 2350 3158 τὼν,
2407 3087 2497 3144 καῖ
2553 3086 2893 3164 δημιουργὸν
2945 3087 3003 3145 δὲ
3047 3089 3140 3146 τὸν
3187 3091 3324 3146 Θεὸν
3357 3135 3371 3161 ,
3421 3095 3594 3152 κακῶς
3635 3093 3816 3162 Πνεῦμα

449 3177 635 3261 fuisse
663 3209 946 3275 tanquam
978 3177 1391 3270 instrumento,
1418 3177 1570 3256 male
1590 3201 1912 3268 sanciebat,
1931 3215 2097 3256 sum-

2230 3179 2507 3275 ιεχρῆμθαι
2540 3177 2615 3240 ὡς
2650 3177 2865 3252 ὀργάνῳ
2914 3177 3238 3254 ἐδογμάτιζε
3287 3180 3489 3253 τούτῳ,
3521 3178 3576 3234 ὲκ
3623 3184 3712 3247 τῆς
3738 3183 3814 3246 σῆς

448 3295 700 3366 demque
731 3265 898 3348 ill-um
928 3308 960 3348 e
980 3295 1081 3347 tuo
1104 3295 1267 3346 utero
1288 3265 1580 3362 accepisse
1611 3265 1987 3362 principium.

2235 3265 2486 3342 ἷληφᾶναι
2519 3267 2698 3343 ἀρχὴν
2728 3272 2921 3323 τοῦτον
2953 3266 3178 3340 νηδύος.

1017 3408 1239 3478 Sergius
1269 3406 1542 3479 Pyrrhus.

2771 3401 3024 3476 Σέργιος.
3057 3400 3296 3478 Πύῤῥος.

519 3515 1067 3572 Sacratissimorum
1100 3514 1404 3569 doctorum
1437 3513 1670 3568 decreta
1689 3512 1896 3579 secuti,
1947 3513 2095 3568 duas

2273 3505 2599 3580 Ἰερωτάτων
2634 3503 2863 3581 δόγμασι
2913 3503 3255 3562 διδασκάλων
3313 3507 3592 3580 ἑπόμενοι,
3627 3504 3711 3561 δύο
3735 3503 3812 3564 τὰς

444 3604 1220 3676 voluntates,duplicemqus
1234 3600 1628 3674 operationem
1653 3601 1865 3656 Christi
1889 3617 2095 3674 agnos-

2230 3594 2452 3667 ,ehﬁeuc
2500 3595 2589 3650 καὶ
2639 3593 2840 3665 διπλῆν
2899 3595 3160 3673 ἐνεργειαν
3211 3597 3453 3672 Χριστοῦ
3502 3595 3809 3668 ἰπιστάμεθα·

446 3694 664 3764 oimus;
689 3695 1065 3765 sinimusque
1095 3709 1230 3748 cum
1261 3691 1462 3764 Sergio
1520 3690 1805 3764 Pyrrhum
1837 3707 1904 3746 ac
1932 3690 2091 3761 ejus~

2230 3685 2294 3740 ὺν
2323 3689 2403 3758 τῷ
2434 3685 2642 3760 Σεργίῳ
2691 3683 2902 3761 Πύῤῥον
2954 3684 3168 3759 ληρεῖν,
3216 3685 3309 3740 καὶ
3357 3685 3488 3748 τοὺς
3529 3681 3812 3758 ὁμοδόξους,

445 3783 579 3840 dem
613 3781 907 3855 opinionis
939 3786 1176 3837 ceteros
1205 3779 1477 3846 delirare,
1516 3779 1610 3834 Dei
1645 3779 1926 3846 Genitrix,
1990 3779 2090 3850 qui

2230 3775 2453 3843 ιεοτόκε,
2499 3772 2710 3842 ἐῶντες,
2754 3773 2881 3836 τοὺς
2933 3772 3192 3849 λέγοντας
3238 3775 3341 3844 τήν
3384 3774 3549 3851 σάρκα
3589 3777 3678 3829 τοῦ
3726 3777 3808 3824 Κυ-

442 3871 792 3945 insipienter
819 3870 1024 3926 dicunt
1051 3885 1286 3926 carnem
1347 3869 1582 3924 Domini
1639 3872 1934 3940 expertem
1964 3884 2094 3924 esse

2241 3863 2322 3919 ίου
2397 3862 2646 3941 ἀφρόνως
2721 3861 2985 3935 ἀθὲλητον
3068 3864 3336 3940 ὑπάρχειν
3369 3908 3384 3934 ,
3446 3862 3695 3942 ἐνέργειαν
3744 3859 3805 3933 μή

439 3959 782 4032 voluntatis,
818 3975 924 4016 nec
955 3958 1169 4015 habere
1199 3957 1623 4030 operationem.
2199 3949 2367 4030 ἔχειν.

1150 4075 1385 4146 Apelles.

2872 4066 3170 4137 Ἀπελλῆς.

511 4180 756 4237 Unicum
789 4179 1146 4252 principium
1182 4179 1462 4252 pradioat
1517 4179 1756 4252 quidem
1791 4180 2089 4253 Appelles,

2269 4175 2409 4231 Μίαν
2470 4175 2648 4250 ἀρχὴν
2709 4174 2962 4249 κηρύττει
3026 4174 3120 4247 μὲν
3181 4172 3481 4247 Ἀπελλῆς,
3537 4175 3580 4228 ὧ
3634 4167 3808 4228 Παντά-

441 4269 666 4343 Regina
696 4271 985 4335 omnium,
1020 4285 1322 4340 unumque
1363 4284 1702 4340 snpremum
1736 4270 1920 4325 Deum
1953 4286 2091 4325 con-

2234 4285 2383 4319 ασσα·
2442 4260 2535 4318 ἕνα
2589 4283 2646 4319 τε
2703 4263 2831 4319 Θεὸν
2893 4262 3161 4340 ὁμολογεῖ
3208 4263 3505 4319 ἀνώτατον·
3545 4263 3631 4317 τὸν
3657 4257 3740 4315 ἵνα
3765 4254 3812 4310 δὶ

445 4359 684 4426 litetur;
719 4363 778 4414 at
801 4374 1006 4414 rursus
1033 4358 1113 4413 ait
1142 4357 1312 4412 illum
1345 4375 1529 4414 unum
1557 4358 1808 4414 alterum
1840 4374 2089 4427 creasse,

2230 4373 2380 4428 τερον
2413 4351 2770 4421 πεποιηκέναι
2816 4349 2992 4420 αὖθις,
3043 4351 3205 4429 φησὶν
3254 4352 3316 4407 ὃν
3362 4363 3438 4414 ως
3485 4350 3708 4425 πονηρὸν
3734 4343 3813 4415 δη-

445 4465 622 4522 quem
654 4451 710 4504 et
732 4463 972 4520 pravum
1009 4447 1214 4502 mundi
1248 4447 1514 4518 opificem
1548 4445 1731 4502 fuisse
1761 4447 2088 4516 constituit;

2230 4443 2464 4518 ιιουργὸν
2516 4443 2835 4517 γεγενῆσθαι
2881 4445 2978 4496 τοῦ
3025 4441 3237 4514 κόσμου
3291 4440 3628 4516 δογματίζει·
3670 4455 3816 4502 πονη-

440 4554 576 4594 cum
610 4537 735 4610 ipse
767 4553 982 4609 pravus
1013 4536 1466 4608 sit,ingrataque
1496 4541 1785 4606 creatura,
1805 4537 1928 4592 solo
1962 4537 2094 4609 igne

2230 4531 2296 4594 ιὸς
2327 4516 2401 4585 ὢν
2461 4516 2682 4601 ἐκεῖνος,
2742 4529 3038 4606 ἀχάριστόν
3093 4550 3153 4584 τε
3208 4528 3432 4604 κτίσμα,
3492 4527 3652 4604 πυρὸς
3692 4523 3814 4596 ἄξιον

441 4626 640 4699 digna.

2230 4619 2395 4678 ιόνον.

440 4740 560 4798 Ode
587 4741 640 4795 9.
675 4740 964 4813 Obstupuit
983 4741 1180 4796 caelum
1209 4756 1376 4811 super
1395 4740 1512 4807 hoc,
1544 4745 1596 4797 et
1625 4705 1794 4797 terrae
1813 4743 2094 4807 extrema,

2230 4735 2336 4815 ῼδή
2387 4739 2450 4796 θ’.
2503 4737 2721 4809 Ἐξὲστη
2770 4735 2858 4792 ἐπὶ
2905 4737 3146 4815 τοῦτοὸ
3195 4737 3444 4812 οὐρανὸς,
3492 4736 3577 4790 καὶ
3614 4739 3704 4802 τῆς
3731 4735 3816 4806 γῆς

1032 4807 1391 4868 constes-uota
1420 4820 1566 4868 sunt.

2238 4807 2250 4815 ”
2579 4807 2583 4808 ν
2712 4807 2718 4809 ﬁ
2861 4829 2960 4864 κατ
2967 4807 3068 4864 επλ
3076 4809 3178 4883 άγη
3190 4852 3203 4864 .

1089 4919 1194 4974 Leo
1222 4919 1467 4974 Isauras.

2775 4913 2925 4970 Λέων
2955 4916 2984 4969 ὁ
3015 4917 3284 4990 Ἰσαυρος.

515 5024 996 5080 Venerandarum
1032 5025 1358 5098 imaginum
1409 5023 1628 5080 cultum
1652 5024 1953 5096 prohibuit
1984 5026 2096 5082 Leo

2277 5019 2517 5082 Είκὸνων
2561 5023 2662 5091 τὴν
2705 5021 3042 5099 προτίμησιν
3103 5025 3212 5076 τῶν
3269 5023 3476 5076 σεπτῶν
3529 5011 3812 5099 ἀπεκώλυσε

446 5113 834 5171 Isaurus.Bic
875 5114 1030 5170 enim
1092 5118 1255 5186 origo
1316 5113 1832 5170 lconomachorum
1885 5118 2094 5184 factus,

2230 5111 2357 5168 ιέων
2389 5114 2416 5168 ὁ
2443 5118 2694 5186 ’Ἰσαυρος
2726 5098 2903 5174 οὗτος·
2958 5110 3106 5187 ἀρχὴ
3161 5114 3268 5165 τῶν
3318 5108 3698 5182 Εἰκονομάχων
3724 5098 3812 5175 γὰρ

514 5260 532 5294 ¹
569 5255 618 5312 ΙΙ
643 5256 842 5312 Thess.
880 5272 964 5325 ιιι,
1001 5256 1087 5311 13.

1715 5346 1918 5408 Variaa
1953 5349 2250 5412 lectiones
2294 5351 2358 5409 et
2388 5351 2581 5407 notae.

515 5501 592 5567 (2)
626 5496 966 5573 Προφορικὸν
1020 5493 1205 5622 λογον.
1262 5502 1339 5554 Ex
1396 5499 1576 5555 Mario
1621 5498 1959 5570 Mercatore,
2023 5518 2079 5574 p.

515 5570 938 5622 ιὸ.ποοιοοοικὸν
966 5567 1056 5622 καὶ
1131 5570 1499 5622 ξουσιαστικὸν
1558 5570 1666 5622 (ita
1711 5570 1929 5622 ouinne
1985 5587 2083 5622 ca-

2230 5498 2498 5564 otestatis,
2543 5496 2850 5568 effectivum
2917 5494 3169 5558 verbum,
3204 5511 3262 5580 ρ.
3319 5493 3438 5547 5οε
3491 5486 3810 5576 ρνοιιιιὶιίιιηι

2232 5571 2452 5622 olentia
2483 5569 2600 5622 Dei.
2631 5568 2854 5622 efﬁcax.
2886 5583 2942 5622 n.
2975 5567 3100 5622 144.
3135 5567 3194 5622 1(
3212 5583 3269 5622 ο.
3300 5563 3622 5622 ννοιαιιυειηι
3669 5565 3810 5622 ald"

451 5563 938 5651 ίρὃπροφδρ-ιὶιρν
966 5567 1056 5623 καὶ
1103 5563 1499 5651 ξξουσιαστικρν
1553 5570 1666 5651 Ωιᾶ
1710 5563 2083 5651 quippe-ca-

2232 5563 2601 5651 otentiqDea‘,
2631 5568 2854 5640 efﬁcax,
2885 5583 2942 5638 p.
2975 5567 3100 5635 144,
3135 5563 3269 5635 1(5,
3296 5563 3622 5636 prolativum
3669 5565 3810 5628 atque

451 5589 574 5634 100,
605 5589 784 5646 προφο
826 5590 938 5624 ικον
966 5589 1056 5623 και
1105 5589 1499 5640 εζουσιαστικον
1558 5589 1666 5642 (1ιᾶ
1711 5589 1854 5642 (ιωρ
1899 5589 1929 5627 Θ
1985 5589 2083 5630 08⁸

447 5589 818 5713 εῐίειωᾱυως
841 5636 1009 5715 λόγον
1040 5639 1129 5694 καὶ
1161 5637 1524 5716 ἐνεργητικὸν,
1551 5641 1608 5697 id
1641 5646 1728 5698 est
1755 5589 2089 5714 profuturum

2232 5589 2465 5652 osensz
2483 5589 2600 5634 νει,

2230 5649 2592 5714 mperauvum
2604 5681 2617 5694 .
