4028 6202
279 333 402 393 421

1350 324 1768 390 EXPOSITIO
1811 323 2188 388 GANONUM
2234 323 2683 387 DAMASCENI

3588 335 3707 392 422

275 466 546 541 γεγονὼς,
605 463 698 518 σὸν
775 469 1098 538 χαρακτῆρα
1150 464 1418 534 πάντιμον
1449 505 1463 531 ,
1521 460 1610 517 καὶ
1680 459 1772 515 τὸν
1846 462 1942 514 τοῦ
1973 465 2024 530 Α

2062 463 2222 514 tuum
2254 460 2650 515 characterem
2681 459 2840 515 omni
2863 460 3081 516 honore
3120 461 3387 534 dignum,
3418 463 3704 537 illumque

274 555 410 608 Υἱοῦ
468 574 565 608 σου
636 553 728 607 τὸν
786 557 888 621 τῆς
941 553 1136 626 σαρκὸς
1197 553 1455 619 κατέσπα,
1517 551 1746 604 Θεοτόκε
1780 593 1794 619 ,
1853 547 1940 602 καὶ

271 640 493 697 πάντων
526 645 632 696 τῶν
673 640 857 717 ἁγίων.
892 640 976 710 Ἐξ
1007 634 1252 702 ἀσεϐείας
1281 641 1349 708 ἧς
1385 638 1728 714 ῥυσθιίημιν.

947 755 1270 831 Βογόμιλοι.

351 865 495 918 Δαὸν
553 863 610 917 ὃν
672 861 1019 939 ἐλυτρώσατο
1079 863 1172 924 σὸς
1231 863 1378 929 Υἱὸς,
1439 858 1708 937 βδελυρᾶς
1767 859 1941 936 ῥῦσαι,

275 953 455 1028 Κόρη,
523 953 782 1028 αἱρέσεως
841 955 1174 1027 νεοφανοῦς,
1229 954 1328 1020 τῆς
1387 955 1491 1006 τῶν
1571 948 1892 1026 Βογομίλων
1926 969 1940 982 ·

274 1042 439 1117 οἹπερ
493 1039 619 1119 φασῖ
667 1043 731 1096 τὸ
780 1045 878 1096 τοῦ
929 1041 1223 1115 ἀνθρώπου
1271 1044 1431 1113 σῶμα
1465 1040 1558 1113 μὶν
1603 1039 1771 1112 μόνου
1801 1036 1942 1092 πλά-

272 1153 392 1204 σμα
424 1134 563 1186 εἶναι
595 1135 693 1184 τοῦ
719 1134 986 1204 πονηροῦ’
1036 1131 1220 1204 ψυχὴν
1272 1128 1330 1185 δὲ
1377 1130 1442 1184 αὖ
1471 1128 1757 1205 τυγχάνειν
1809 1131 1943 1181 Θεοῦ

272 1220 628 1296 ἰπουρανίου·
662 1220 842 1274 κοινὸν
881 1217 938 1274 δὶ
967 1219 1172 1298 ἀμφοῖν
1208 1219 1337 1275 Θεὸν
1373 1218 1434 1273 o5
1457 1210 1736 1293 λεγουσιν.

980 1337 1047 1393 Οἱ
1077 1334 1248 1392 αὐτοί.

254 1499 263 1505 _
349 1444 472 1498 Οὔκ
528 1443 662 1497 εἶναι
724 1439 1114 1517 δογματίζουσι
1168 1441 1260 1496 τὸν
1337 1441 1482 1510 new,
1543 1439 1671 1496 οὐδὲ
1728 1445 1942 1514 Πνεῦμα

271 1533 525 1606 ἀρχῆθεν
559 1532 621 1586 τὸ
653 1531 829 1607 ἅγιονδ
881 1529 1099 1605 ὕστερον
1156 1527 1212 1584 δὲ
1259 1530 1501 1605 γέννημα
1549 1529 1756 1605 Πατρὸς
1789 1531 1942 1604 γενι-

269 1632 398 1685 σθαι
433 1620 580 1675 new
634 1620 762 1674 Υἱοῦ
808 1616 866 1674 δὲ
912 1615 1062 1682 αὖθις
1109 1619 1351 1694 γέννημα
1398 1622 1618 1692 Πνεῦμα
1662 1620 1726 1674 τὸ
1777 1617 1943 1673 πανά-

265 1727 416 1786 γιον⁸
474 1707 779 1786 σφαλερῶς.
837 1709 1026 1780 Ἡμεῖς
1081 1704 1138 1762 δὲ
1183 1707 1271 1762 καὶ
1329 1709 1397 1762 τὰ
1450 1706 1576 1783 τρία
1630 1709 1942 1784 συνάναρχα

262 1801 513 1872 νοοῦμεν
543 1798 634 1851 καὶ
663 1799 1096 1868 προσκυνοῦμεν,
1129 1796 1522 1875 Θεονύμφευτε.

997 1911 1222 1970 Ἰταλοί.

352 2021 689 2090 Σκεπάσαις,
747 2019 822 2072 ὧν
878 2019 1133 2094 ΙΙαρθὲνε,
1193 2019 1432 2091 ποίμνην
1491 2020 1590 2087 τὴν
1649 2022 1784 2088 σήν,
1843 2020 1933 2073 καὶ

272 2108 466 2179 δεινῆς
508 2110 842 2178 ἆποστήσαις
897 2107 1154 2183 αἱρέσεως
1210 2109 1315 2163 τῶν
1377 2107 1623 2178 Ἰταλῶν,
1683 2105 1778 2162 δύο
1839 2109 1932 2182 μὲν

271 2201 460 2276 ἀρχὰς
517 2199 603 2254 ἰπὶ
659 2206 758 2269 τῆς
824 2204 951 2270 μιᾶς
999 2195 1437 2272 δογματιζόντων
1494 2197 1724 2274 φύσεως,
1776 2197 1937 2252 Πνεύ-

276 2311 456 2361 ματος
490 2285 670 2349 διττὰς
705 2284 764 2341 δὶ
818 2291 916 2341 τοῦ
961 2290 1304 2360 παντουργοῦ
1357 2283 1626 2361 λεγόντων
1677 2285 1934 2362 ἐκπορεύ-

273 2398 416 2446 σεις,
450 2377 613 2447 ξάνως
641 2376 728 2430 καὶ
780 2375 1082 2446 ἀσυνήθως·
1135 2373 1316 2450 ὦνπερ
1362 2381 1462 2444 τῆς
1520 2373 1733 2446 πλάνης
1790 2377 1937 2448 ἡμᾶς

273 2465 582 2542 λύτρωσαι.

2055 547 2186 602 Filii
2219 549 2323 614 tui,
2347 549 2404 602 in
2435 565 2607 604 carne
2636 549 2927 619 videlicet,
2959 556 3015 604 et
3049 550 3313 605 omnium
3342 559 3702 620 sanctorum,

2052 637 2414 703 dilaceravit,
2441 637 2707 709 Deipara.
2747 639 2785 692 A
2817 655 2933 708 qua
2957 639 3256 711 impietate
3294 641 3632 698 liberemur.

2745 754 3036 824 Bogomili.

2126 857 2407 929 Populum
2443 873 2618 929 quem
2651 858 2898 914 redemit
2924 860 3100 916 Filius
3124 867 3280 927 tuus,
3313 861 3512 934 Virgo,
3545 867 3710 920 tuere

2050 947 2124 1001 ab
2155 947 2508 1002 exsecranda
2543 947 2745 1001 haeresi
2800 964 2998 1003 recens
3047 955 3196 1016 orta,
3224 951 3654 1022 Bogomilorum
3689 969 3705 1010 :

2051 1035 2145 1105 qui
2171 1035 2412 1107 quidem
2439 1035 2648 1091 docent
2678 1035 2934 1092 hominis
2959 1054 3171 1109 corpus
3201 1038 3386 1095 solius
3406 1040 3708 1113 maliopus

2050 1140 2178 1179 esse
2213 1149 2228 1191 ;
2261 1129 2322 1179 at
2342 1139 2476 1179 vero
2508 1125 2792 1194 animam,
2850 1126 3104 1183 caelestis
3137 1129 3232 1183 Dei
3269 1146 3284 1197 ;
3327 1146 3701 1186 communem

2051 1217 2248 1267 autem
2279 1213 2590 1282 utriusque
2613 1217 2788 1268 Deum
2817 1230 2930 1268 non
2963 1221 3310 1286 agnoscunt.

2792 1329 2982 1385 Iidem.

2118 1434 2232 1490 Nec
2263 1435 2476 1491 Filium
2511 1452 2613 1492 nec
2643 1436 2928 1507 Spiritum
2962 1442 3232 1494 sanctum
3265 1441 3337 1495 ab
3387 1440 3552 1497 initio
3577 1458 3706 1500 esse

2049 1525 2294 1590 docent;
2328 1525 2428 1580 sed
2464 1531 2660 1596 postea
2700 1526 2885 1582 Patris
2915 1527 3245 1598 genituram
3263 1529 3442 1585 fuisse
3471 1529 3702 1600 Filium;

2049 1629 2255 1668 rursus
2286 1619 2480 1668 autem
2515 1613 2636 1668 Filii
2688 1616 3132 1672 sanctissimum
3164 1617 3447 1688 Spiritum
3479 1621 3706 1687 genitu-

2050 1718 2172 1757 ram
2209 1719 2223 1769 ;
2259 1700 2406 1757 falsa
2437 1703 2748 1758 sententia.
2784 1704 2901 1760 Nos
2932 1721 3102 1776 porro
3152 1706 3265 1761 tria
3310 1707 3525 1778 pariter
3552 1709 3705 1765 initii

2047 1791 2307 1862 expertia
2337 1793 2750 1863 cognoscimus
2779 1797 2836 1848 et
2881 1794 3219 1863 adoramus,
3262 1813 3294 1852 ο
3322 1800 3550 1869 Sponsa
3580 1799 3699 1856 Dei.

2795 1911 2958 1967 Itali.

2119 2023 2384 2091 Protege,
2415 2020 2612 2092 Virgo,
2647 2020 2794 2076 ovile
2826 2024 3018 2087 tuum,
3053 2027 3229 2093 atque
3259 2029 3452 2081 averte
3479 2042 3512 2080 a
3540 2026 3705 2097 gravi

2048 2107 2572 2176 haeresiltalorum,
2605 2110 2704 2181 qui
2738 2110 2792 2165 in
2830 2112 3003 2165 unica
3036 2116 3244 2167 natura
3270 2113 3385 2171 duo
3418 2115 3706 2186 principia

2047 2198 2392 2263 decernunt,
2451 2199 2717 2270 duasque
2761 2198 3013 2269 Spiritus
3077 2207 3420 2258 cunctorum
3478 2203 3703 2274 opiﬁcis

2049 2287 2452 2357 processiones
2482 2293 2724 2358 ponunt,
2770 2289 3022 2344 absurde
3071 2307 3136 2345 ac
3170 2307 3311 2346 nove
3343 2309 3356 2347 :
3391 2309 3425 2347 α
3454 2308 3701 2362 quorum

2048 2390 2242 2432 errore
2264 2393 2369 2432 nos
2391 2375 2594 2432 libera.

795 2791 1360 2963 ΙΩΑΝ
1384 2795 1530 2962 Ν
1556 2791 1869 2966 ΟΥ
2037 2791 3203 2966 ΜΟΝΑΧΟΥ

1573 3078 1820 3174 ΤΟΥ
1912 3077 2416 3173 ΖΩΝΑΡΑ

751 3241 1144 3316 ΓΕῙὉΝΟΤΟΣ
1187 3258 1507 3314 ΜΕΓΑΛΟΓ
1545 3260 2006 3316 ΔΡΟΥΓΓΑΡΙΟΥ
2041 3263 2175 3312 ΤΗΣ
2216 3259 2465 3315 ΒΙΓΛΑΣ
2510 3262 2621 3316 ΚΑΙ
2663 3263 3244 3320 ΠΡΩΤΟΣΕΚΡΗΤΟΥ

1823 3376 2177 3432 ΠΞΗΓΗΣΙΣ

277 3539 546 3636 ΤΩΝ
586 3540 1499 3636 ΑΝΑΣΤΑΣΙΜΩΝ
1566 3541 2182 3638 ΚΑΝΟΝΩΝ
2229 3541 2484 3638 ΤΩΝ
2541 3545 2788 3640 ΤΟΥ
2831 3547 3700 3642 ΔΑΜΑΣΚΗΝΟΥ

1132 3783 1146 3789 _
1249 3720 1372 3794 περὶ
1403 3719 1624 3782 κανόνος
1655 3720 1744 3775 καὶ
1778 3721 1972 3796 εἷρμοῦ
2005 3721 2091 3775 καὶ
2116 3720 2416 3797 τροπαρίου
2444 3723 2533 3776 καὶ
2564 3719 2734 3794 ᾠδῆς.

987 3846 1215 3923 Εἴρηται
1247 3844 1304 3902 δὶ
1329 3849 1592 3924 πρότερον
1629 3850 1722 3921 μὲν
1768 3849 2254 3925 συνοπτικώτερον,
2287 3850 2398 3905 εἶτα
2425 3850 2514 3904 καὶ
2545 3848 2986 3927 πλατυκώτερον.

1068 4150 1426 4317 ,ΙοΑ
1449 4151 1916 4316 NNIS
1953 4020 2032 4032 _

2045 4151 2914 4319 ZONAR/E

814 4399 933 4467 QUI
967 4399 1134 4455 FUIT
1194 4399 1489 4456 MAGNUS
1545 4399 2004 4458 DRUNGARIUS
2036 4401 2334 4456 VIGILUM
2370 4402 2458 4457 ET
2493 4401 3125 4476 PROTOASECRETIS,

265 4541 966 4636 EXPOSITIO
1046 4540 1679 4638 CANONUM
1756 4543 2878 4641 ANASTASIMORUM
2947 4548 3701 4643 DAMASCENI

1392 4724 1482 4786 De
1510 4744 1750 4801 canone,
1787 4725 2007 4799 hirmo,
2047 4727 2314 4808 troparc'o
2344 4737 2400 4786 et
2443 4725 2576 4787 oda.

1159 4867 1334 4916 Primo
1359 4865 1577 4929 quidem
1596 4879 1690 4930 per
1722 4866 2115 4930 compendium,
2147 4867 2339 4917 deinde
2370 4867 2542 4916 fusius
2570 4871 2826 4918 tractatur

1557 4989 1707 5060 (Mai.
1742 4987 1936 5059 Spicit.
1971 4990 2119 5045 Rom.
2153 4991 2284 5044 tam.
2335 4993 2431 5062 γ.)

343 5260 495 5315 Ἐπεὶ
554 5259 798 5314 κανόνων
855 5259 1119 5335 ὲρμήνεία
1167 5257 1276 5313 ἐστὶ
1325 5259 1387 5314 τὸ
1429 5259 1599 5332 παρὸν
1629 5257 1932 5333 σύνταγμα,
1966 5267 2008 5333 C

2119 5261 2262 5316 Cum
2297 5277 2588 5320 canonum
2622 5265 3024 5336 interpretatio
3076 5267 3153 5322 sit
3181 5266 3486 5339 praesentis
3507 5263 3700 5337 operis

281 5350 388 5424 χρὴ
418 5349 512 5404 καὶ
541 5347 666 5424 περ)
727 5348 856 5403 αὐτὸ
909 5348 973 5402 τὸ
1031 5343 1207 5420 ὄνομα
1261 5351 1359 5402 τοῦ
1395 5347 1642 5417 κανόνος,
1693 5347 1782 5402 καὶ
1835 5347 1936 5416 τὴν

2062 5365 2284 5421 soopus,
2317 5353 2387 5407 de
2416 5351 2542 5422 ipso
2581 5353 2824 5408 canonis
2856 5355 3114 5424 nomine,
3173 5354 3363 5424 seriei,
3423 5354 3567 5418 ode,
3615 5351 3699 5408 si-

281 5441 372 5491 τοῦ
405 5437 604 5514 εἰρμοῦ
632 5438 720 5491 καὶ
752 5443 853 5506 τῆς
903 5433 1052 5508 ᾠδῆς
1101 5434 1324 5505 κλῆσιν,
1354 5434 1431 5491 ἔτι
1465 5434 1521 5491 δὲ
1560 5437 1647 5490 καὶ
1680 5439 1778 5490 τοῦ
1807 5454 1934 5510 τρο-

284 5526 498 5598 παρίου,
542 5525 601 5580 ἐκ
649 5524 855 5580 τούτων
901 5525 1004 5600 γὰρ
1056 5525 1401 5601 ἀπαρτίζεται
1451 5527 1479 5580 ὁ
1527 5524 1724 5593 κανὼν,
1781 5522 1934 5602 φιλο-

2048 5437 2171 5494 mul
2204 5455 2269 5494 ac
2289 5441 2528 5512 troparii
2561 5441 3037 5497 denominatione
3055 5445 3146 5514 (ex
3176 5443 3305 5499 istis
3334 5441 3491 5497 enim
3521 5440 3702 5514 perﬂ-

2047 5527 2200 5583 oitur
2238 5531 2470 5597 canon),
2528 5529 2698 5584 nobis
2756 5529 3163 5586 disserendum
3229 5529 3506 5586 estzists
3565 5546 3698 5587 vero

293 5621 517 5692 σοφῆσαι
547 5617 714 5689 ἡμᾶς·
747 5619 914 5670 ταῦτα
971 5611 1029 5668 δὲ
1081 5615 1147 5669 τὰ
1199 5614 1440 5688 ὀνόματα
1489 5617 1649 5671 οἱονεὶ
1705 5613 1935 5688 τεχνικὰ
2047 5634 2049 5670 :

2062 5617 2308 5688 10mins,
2341 5622 2542 5688 utpote
2599 5617 2682 5672 rei
2735 5619 2992 5690 propria,
3025 5636 3058 5675 a
3091 5618 3376 5691 principio
3406 5619 3696 5676 deﬁniun-
