4028 6202
437 335 556 396 423
1780 307 2045 380 JOANNl

2159 313 2494 378 zonam
3661 343 3756 413 η,

425 479 546 533 tur.
576 463 764 521 Series
796 462 975 535 igitur
1004 463 1093 516 est
1121 453 1430 513 harmonia
1477 452 1744 525 quaedam
1775 449 1986 507 cantici
2018 449 2045 502 i1

2159 450 2261 549 ,τῇ
2329 447 2588 549 ὑποθέσει.
2633 445 3175 549 παραλαμϐάνονται,
3217 455 3274 513 Ὁ
3330 461 3415 532 μὶν
3470 465 3552 522 οὗ,
3604 472 3760 549 app?“

427 549 1043 627 compositione,vncis
1077 545 1398 602 articulatm
1433 549 1488 596 et
1520 541 1864 613 significatis
1897 544 2045 595 metr

2191 537 2425 638 ἅρμονία
2454 537 2538 600 τίς
2569 537 2679 593 ἐστι
2710 539 2914 638 μέλους
2964 540 3025 638 ἐν.
3066 546 3323 638 συνθήκῃ,
3348 557 3518 638 ,φωνῆς
3547 537 3760 638 ινάῥόροιξ

427 626 705 717 quodam,
725 645 782 696 et
811 639 1167 712 syllabarum
1202 633 1548 703 quantitate,
1583 630 1654 685 ad
1688 646 1866 701 quam
1889 633 2045 699 tropa

2187 644 2244 678 τε
2287 626 2377 725 θεαὶ
2429 635 2772 700 σημαντικῆς
2823 629 3112 704 εὐρημὲνῳ
3151 633 3252 686 τινὶ
3299 637 3465 713 μὲτρῳ
3506 646 3586 698 καὶ
3629 626 3763 725 ’ποσῷ

423 712 513 789 ria
542 732 698 788 dicta
728 727 989 800 proxime
1010 721 1422 781 accedunt.Est
1453 725 1650 776 autem
1683 718 1863 774 series
1883 721 1940 772 et
1968 721 2045 772 trc

2190 712 2491 814 μεγέθους.
2527 716 2677 814 περὶ⁵
2700 718 2789 814 ἣν.
2820 719 2912 814 τάμ
2950 717 3235 814 λεγόμενα.
3264 729 3512 814 τροπάρια
3554 712 3763 814 ἀναφὲρέ.

427 820 725 894 pariorum
756 821 814 872 et
865 829 1156 870 canonum
1216 808 1566 882 principium
1601 824 1613 863 :
1649 824 1782 863 cum
1823 805 2039 878 tropari

2185 822 2293 857 ται·
2329 803 2494 859 οἷονεί
2547 801 2605 860 δὶ
2652 804 2800 882 ἀρχὴ
2845 809 2954 861 τῶν
3001 809 3308 883 τροπαρίων
3365 801 3467 870 ἐστὶ
3506 822 3585 875 καὶ

427 890 530 982 per
557 907 766 964 seriem
789 903 1250 976 regularizentur
1278 903 1334 955 et
1364 898 1436 954 ad
1466 897 1650 964 illam,
1685 901 1752 952 ut
1779 896 1852 951 ad-
1884 911 2045 951 exem

2185 909 2313 947 νων·
2349 890 2462 948 ἐπεὶ
2519 894 2584 948 τὰ
2638 896 2905 971 τροπάρια
2959 893 3049 950 διὰ
3101 901 3199 952 τοῦ
3251 900 3432 974 εἱρμοῦ
3482 911 3764 982 κανονίζεται

426 978 612 1070 plum,
645 995 1074 1066 componantur
1097 993 1153 1045 et
1182 989 1252 1044 ad
1272 986 1640 1043 harmoniam
1665 1002 1730 1040 ac
1763 984 2045 1041 melodian

2184 978 2274 1033 καὶ
2336 978 2674 1073 ῥυθμίζεταιλ
2707 981 2845 1073 πρὸς
2901 982 3084 1051 αὐτὸν,
3145 985 3220 1046 ὡς
3275 988 3406 1062 πρὸ(
3463 978 3766 1073 ὑπόδειγμα.

426 1069 786 1158 redigantur.
824 1082 1046 1137 Dicitur
1075 1079 1256 1134 series
1288 1077 1428 1149 quia
1456 1075 1776 1131 secundum
1810 1072 2045 1144 regulan

2183 1069 2538 1158 συντιθέμενα
2591 1071 2681 1124 καὶ
2737 1070 3089 1146 ἀρμοζόμενά
3142 1093 3201 1128 τε
3256 1077 3341 1130 καὶ
3399 1069 3759 1158 μελῳδούμενα·

423 1154 763 1248 quamdam,
822 1176 880 1227 et
931 1167 1350 1240 compositione
1405 1170 1460 1220 et
1510 1162 1905 1218 modulatione
1935 1178 2041 1217 con

2185 1154 2398 1248 λέγεται
2529 1160 2624 1248 μεν
2667 1158 2880 1236 εἷ’ρμὸς,
2931 1161 3016 1217 ὅτι
3060 1163 3197 1218 κατὰ
3223 1163 3365 1237 τάξιν
3415 1169 3527 1224 τινὰ
3551 1154 3767 1232 καὶνσυν,

419 1246 693 1319 cinnatur
711 1265 769 1316 et
797 1258 1166 1316 connectitur
1193 1260 1252 1311 et
1283 1253 1604 1309 harmonia:
1630 1252 1850 1324 regulis
1867 1249 2040 1321 dirigi

2183 1246 2322 1300 θέσει
2374 1247 2462 1301 καὶ
2519 1247 2817 1323 μελουργίᾳ
2874 1249 3134 1326 ἰρόμενος
3191 1254 3275 1307 καὶ
3340 1253 3646 1332 πλεκόμενος
3693 1266 3763 1320 καὶ

419 1357 537 1418 tur,
571 1367 688 1407 non
729 1355 924 1405 autem
965 1351 1029 1402 ut
1061 1348 1177 1402 l'ors
1208 1343 1427 1400 tulerit.

485 1457 828 1530 Troparium
860 1470 993 1510 vero
1024 1452 1239 1508 dicitur
1276 1451 1410 1519 quia
1430 1449 1501 1504 ad
1534 1449 1707 1503 istam
1739 1463 1801 1502 se
1829 1462 2067 1503 conver-

413 1547 488 1603 tit
512 1546 813 1618 vergitque
841 1547 898 1599 et
955 1542 1166 1598 seriem
1218 1539 1394 1595 habet
1426 1542 1490 1594 ut
1539 1535 1930 1608 exemplarem
1963 1535 2065 1590 ab-

412 1635 784 1705 solutamque
818 1646 1097 1687 causam:
1140 1628 1424 1684 rationem
1474 1631 1667 1681 autem
1699 1628 1856 1680 tenet
1885 1639 2061 1695 quam

410 1724 477 1781 in:
505 1722 758 1796 singulis
785 1737 976 1776 canon.
1003 1718 1074 1774 ad
1121 1718 1349 1772 diversa
1395 1713 2061 1784 statuendazquemad-

2178 1336 2552 1410 ἁρμοζόμενος
2583 1339 2817 1414 πρόεισι,
2849 1339 2937 1394 καὶ
2969 1338 3076 1415 ούχ
3107 1342 3181 1403 ὡς
3212 1339 3388 1418 ἔτυχε.

2249 1444 2560 1518 Τροπάριον
2639 1441 2696 1499 δὲ
2761 1443 2844 1500 ὅτι
2919 1447 3054 1521 πρὸς
3109 1447 3308 1504 ἐκεῖνον
3381 1451 3643 1526 τίτραπται
3695 1462 3764 1516 καὶ

2175 1532 2406 1600 νὲνευκε,
2437 1533 2528 1586 καὶ
2569 1534 2662 1588 τὸν
2713 1534 2902 1619 εἱρμὸν
2952 1529 3067 1611 ἔχει
3117 1536 3286 1592 οἱονεὶ
3332 1539 3765 1619 παραδειγματιγὸν

2173 1621 2262 1675 καὶ
2317 1619 2662 1676 τελειωτικὸν
2720 1618 2917 1677 αἶ’τιον·
2975 1621 3136 1699 λόγον
3189 1622 3250 1680 δὲ
3297 1623 3408 1703 ἔχει
3458 1629 3513 1684 ὃν
3549 1618 3643 1686 ὁὲν
3669 1635 3765 1690 ἑκά-

2174 1729 2319 1771 στοις
2347 1710 2522 1799 γκανὼν
2555 1710 2691 1799 πρός
2738 1711 2804 1766 τὰ
2845 1711 3246 1799 πανονιζόμενα
3295 1711 3534 1794 διάφορα·
3584 1720 3649 1784 ὡς
3682 1725 3766 1799 γὰρ

411 1813 752 1869 momodum
783 1809 940 1866 enim
973 1823 1155 1864 canon
1200 1806 1258 1860 in
1291 1803 1423 1861 aliis
1453 1801 1622 1859 aliter
1661 1819 1724 1858 se
1751 1800 1944 1868 habet,
1979 1800 2045 1857 sit

2172 1799 2200 1852 6
2232 1798 2406 1852 κανὼν
2437 1798 2527 1853 καὶ
2558 1796 2751 1862 ἄλλοις
2785 1799 2836 1856 ἐν
2871 1796 3088 1874 ἄλλοις,
3119 1799 3266 1858 οὕτω
3295 1809 3418 1880 γοῦν
3444 1805 3528 1860 καὶ
3557 1809 3583 1861 6
3611 1796 3762 1884 ἁρμὸς

410 1903 592 1958 series
621 1903 907 1972 quantum
940 1897 1012 1952 ad
1044 1894 1320 1965 troparia.

480 2007 604 2062 Oda
631 2010 688 2061 et
717 2021 900 2060 canon
935 2003 1179 2057 odarum
1201 2004 1290 2054 est
1320 1999 1517 2070 plures
1548 1997 1887 2053 continens:
1924 2013 2059 2054 nam

407 2112 597 2167 usque
653 2097 723 2148 ad
759 2109 960 2148 novem
1004 2091 1262 2162 procedit
1291 2089 1434 2144 odaa
1477 2105 1488 2142 :
1525 2087 1818 2153 siquidem
1851 2102 2060 2140 nume-

406 2201 506 2239 rus
541 2185 819 2239 nonarius
853 2195 1184 2252 supremam
1218 2176 1604 2248 quantitatem
1629 2173 2060 2245 constituit,qui

407 2276 600 2328 autem
635 2274 962 2342 sequuntur
991 2266 1304 2334 decenarii,
1368 2263 1704 2327 centenarii,
1749 2261 2059 2317 millenarii

405 2365 463 2417 et
492 2361 684 2416 decies
716 2355 1327 2442 millenariiﬁimiliter
1357 2353 1679 2442 procedunt
1709 2357 1772 2442 ut
1803 2350 2059 2442 unitates

407 2465 594 2521 usque
643 2449 712 2504 ad
773 2438 1000 2515 novem,
1062 2443 1376 2499 nimirum:
1421 2461 1434 2493 ι
1468 2461 1502 2493 κ
1530 2438 1563 2494 λ
1601 2461 1640 2512 μ
1675 2461 1702 2493 ν
1735 2441 1810 2511 Eo
1842 2438 1996 2516 11le
2029 2459 2060 2492 σ

402 2558 432 2590 τ
463 2559 493 2591 υ
525 2557 581 2614 φ,
617 2543 676 2592 et
703 2552 889 2606 usque
919 2535 990 2590 ad
1047 2533 1092 2585 α’
1118 2532 1163 2606 β’
1196 2531 1237 2584 θ’
1286 2536 1343 2586 et
1375 2531 1445 2585 ab
1476 2549 1522 2603 ,α
1563 2529 1612 2602 ,β
1644 2546 1832 2601 usque
1861 2530 1930 2584 ad
1963 2539 2006 2596 ,θ
2039 2545 2052 2583 :

402 2626 690 2698 quidquid
723 2631 917 2679 autem
945 2638 1321 2677 numeroru'n
1357 2623 1446 2674 est
1494 2624 1789 2690 praterea,
1822 2617 2055 2674 illorum

401 2714 822 2784 compositione
853 2718 912 2766 et
933 2709 1368 2765 combinatione
1399 2708 1740 2769 etlicitur,ut
1781 2706 1846 2758 ια’
1869 2723 2057 2777 usque

401 2801 472 2854 ad
494 2800 558 2866 θ’,
591 2805 649 2854 et
681 2799 834 2853 idem
866 2796 1229 2852 caatera.Haac
1251 2794 1488 2866 quidem
1514 2793 1671 2848 velut
1702 2794 1760 2848 in
1790 2793 2056 2849 succinc-

398 2894 460 2944 tu
493 2888 751 2943 diximus
785 2905 798 2955 ;
830 2885 1051 2958 largius
1083 2891 1276 2939 autem
1325 2884 1816 2955 comprehensum
1839 2882 1898 2936 in
1924 2883 2055 2955 plu-

397 2979 564 3034 ribus
593 2978 886 3034 invenitur
929 2975 1171 3031 canonis
1235 2991 1480 3030 nomen:
1515 2990 1767 3029 canones
1809 2973 1966 3028 enim
1998 2978 2057 3030 et

407 3067 806 3142 grammaticis
837 3069 1062 3135 sunt,et
1092 3064 1537 3136 philosophis,et
1567 3062 1895 3129 medicis,et
1923 3062 2057 3134 legis

404 3161 516 3215 bus
541 3159 796 3231 politicis
829 3175 840 3214 :
878 3158 976 3245 sed
1026 3156 1412 3227 grammaticae
1459 3160 1516 3210 et
1548 3155 1740 3227 legum
1797 3170 2052 3210 canones
2083 3178 2125 3245 G

403 3247 485 3302 nil
510 3246 719 3303 stabile
749 3243 986 3302 habent.

469 3336 732 3392 Canones
761 3334 1038 3390 dicuntur
1067 3333 1241 3389 etiam
1277 3333 1370 3404 pia
1420 3336 1760 3388 sanctorum
1811 3332 2054 3387 Patrum

397 3427 650 3481 decreta.
683 3425 1070 3495 Desumptum
1129 3428 1326 3478 autem
1378 3431 1462 3477 est
1522 3421 1580 3476 in
1611 3422 1885 3476 omnibus
1919 3421 2047 3477 istis

395 3514 543 3570 illud
575 3530 785 3570 nomen
817 3530 852 3569 a
907 3513 1066 3580 ligno
1124 3513 1276 3583 quod
1311 3516 1400 3566 est
1459 3510 1591 3566 usui
1635 3511 1947 3582 opillcibus
1972 3511 2045 3566 ad

395 3603 576 3675 ligna,
609 3601 833 3673 lapides
863 3600 1119 3656 autalias
1153 3617 1245 3656 res
1277 3599 1668 3655 dimetiendas
1698 3605 1754 3654 et
1775 3603 2046 3670 coaptan-

393 3692 500 3746 das
529 3696 585 3746 et
617 3689 825 3762 regulae
877 3705 1085 3745 nomen
1120 3689 1314 3754 habet,
1339 3689 1479 3761 quia
1539 3693 1729 3760 partes
1760 3687 2048 3744 dissectas

393 3780 706 3835 concinnat
751 3779 903 3834 inter
959 3795 1020 3834 se
1069 3783 1126 3833 et
1179 3779 1465 3848 adequat.
1535 3776 1696 3840 Quod
1743 3776 1923 3848 igitur
1969 3777 2042 3833 ad

392 3869 640 3924 istorum
673 3867 1170 3923 coordinationem
1213 3867 1366 3921 valet
1395 3866 1615 3937 regula,
1670 3865 1778 3920 hoc
1810 3881 2044 3938 quoque

389 3957 450 4011 in
472 3956 630 4011 omni
664 3956 907 4012 scientia
937 3959 993 4011 et
1040 3961 1162 4010 arte
1207 3954 1396 4027 logica
1453 3954 1715 4009 efficiunt
1766 3971 2040 4024 canones,

392 4049 455 4100 ut
491 4045 771 4100 nimirum
830 4045 1101 4100 ordinent
1141 4061 1207 4099 ac
1267 4043 1587 4099 deﬁniant:
1641 4043 1853 4099 dicitur
1883 4044 2040 4100 enim

391 4149 578 4189 canon
608 4139 665 4189 et
695 4133 976 4188 definitio.
1000 4135 1262 4189 Canones
1319 4133 1498 4204 igitur
1556 4137 1696 4187 sunt
1726 4131 1826 4203 qui
1870 4147 2038 4205 sepa-

391 4225 525 4278 rant
556 4222 628 4277 ab
659 4220 788 4276 aliis
818 4228 874 4277 et
903 4221 1164 4293 dirigunt
1193 4221 1273 4276 ita
1299 4226 1362 4276 ut
1391 4226 1725 4293 separatum
1773 4233 1904 4276 cum
1936 4224 2038 4278 de-

391 4310 554 4366 ﬁnito
602 4310 906 4367 conveniat
963 4315 1019 4366 et
1101 4315 1422 4381 coaptetur,
1485 4326 1662 4380 quare
1731 4310 1961 4366 decreta
2007 4327 2042 4367 a

389 4399 611 4456 sanctis
637 4400 908 4456 Patribus
950 4399 1176 4455 sancita
1210 4400 1348 4469 jure
1407 4398 1736 4470 meritoque
1785 4415 2038 4456 canones

386 4489 758 4562 appellantur
787 4510 807 4556 ;
837 4489 1100 4561 dirigunt
1129 4488 1285 4544 enim
1309 4503 1408 4544 eos
1468 4487 1570 4602 qui
1617 4488 1764 4559 ipsis
1817 4504 2037 4545 morem
2069 4528 2128 4602 Dp

387 4583 594 4602 ---η-ι
629 4580 695 4602 ,λ
735 4579 901 4602 0.1-...
930 4582 1146 4602 ---μυ
1175 4577 1483 4602 :_......-L:
1518 4593 1723 4602 -_.._---
1768 4583 1818 4602 ,ι
1846 4579 1911 4602 -.ι
1948 4579 1997 4602 ...-

384 4583 597 4651 gerunt
627 4580 698 4634 ad
735 4579 903 4634 iidem
930 4582 1148 4634 rectam
1175 4575 1745 4648 immutabilemque,
1765 4583 1822 4633 et
1845 4579 1913 4632 ad
1948 4579 2030 4632 vi-

384 4673 504 4723 tam
538 4669 778 4740 probam
811 4673 868 4724 et
913 4673 1020 4723 Deo
1051 4666 1374 4739 placentem
1403 4683 1416 4721 :
1442 4681 1621 4737 quam
1653 4666 1725 4721 ob
1746 4667 2036 4723 rationem

384 4761 442 4812 et
466 4756 526 4811 in
558 4757 794 4829 hymnis
824 4757 971 4830 ipsis
1001 4755 1279 4827 recipitur
1323 4756 1567 4810 canonis
1617 4770 1862 4824 nomen;
1897 4755 2035 4828 quia

382 4844 492 4899 hoc
517 4850 762 4900 metrum
797 4851 1081 4902 statutum
1117 4849 1173 4900 et
1217 4843 1558 4899 invariabile
1581 4844 1636 4898 in
1670 4861 1874 4899 novom
1905 4844 2033 4900 odis

383 4932 710 5003 completur
758 4951 944 5006 neque
999 4935 1155 4988 hunc
1205 4949 1515 4987 numerum
1561 4934 1826 4988 excedit:
1878 4934 2033 4990 unde

384 5036 567 5074 canon
603 5021 818 5076 dicitur
846 5023 1124 5093 quoniam
1163 5026 1419 5076 metrum
1453 5026 1722 5076 accurate
1753 5021 2032 5078 definitur

379 5108 438 5162 in
473 5108 706 5182 hymnis
735 5109 884 5164 istis.
930 5109 1208 5165 Similiter
1239 5109 1479 5164 canonis
1514 5110 1745 5164 nomine
1777 5127 1920 5166 usus
1943 5116 2032 5168 est

379 5214 628 5270 magnus
659 5200 975 5271 Apostolus
1023 5200 1286 5254 scribens
1317 5198 1671 5254 Corinthiis:
1709 5221 1735 5247 ‹‹
1762 5200 1876 5256 Nos
1925 5217 2026 5255 au-

377 5292 492 5344 tem
528 5306 641 5346 non
694 5289 848 5347 ultra
889 5307 1228 5346 mensuram
1262 5288 1750 5361 gloriﬁcabimur,
1800 5291 1900 5345 sed
1936 5305 2028 5346 se-

378 5380 634 5434 cundum
668 5396 1008 5436 mensuram
1043 5378 1274 5449 regulaa,
1309 5394 1424 5450 qua
1476 5394 1716 5434 mensus
1738 5384 1828 5434 est
1858 5379 2029 5435 nobis

376 5463 549 5533 Deus,
582 5484 922 5525 mensuram
955 5467 1322 5540 pertingendi
1360 5482 1547 5538 usque
1604 5467 1675 5522 ad
1707 5484 1828 5537 vos,
1860 5484 2030 5539 spem

377 5553 657 5612 habentes
687 5558 1005 5615 crescentis
1037 5556 1414 5620 ﬁdeivestrw,
1460 5555 1520 5609 in
1551 5556 1714 5612 vobis
1763 5557 2028 5629 magnifi-

376 5642 493 5697 cari
525 5646 849 5700 secundum
873 5645 1132 5717 regulam
1158 5648 1418 5698 nostram
1452 5644 1510 5698 in
1543 5645 2023 5703 abundantiam.»

2169 1888 2305 1963 πρὸς
2333 1887 2400 1942 τὰ
2427 1887 2716 1964 τροπάρια.

2241 1991 2372 2072 ᾨδή
2404 1991 2462 2048 δὶ
2508 1994 2600 2049 καὶ
2637 1997 2812 2050 κανὼν
2861 1993 3017 2068 ᾠδῶν
3071 1997 3180 2053 ἐστι
3225 1997 3492 2055 πλειόνων
3538 2015 3760 2077 περιεκτιο

2167 2081 2284 2144 κός·
2320 2083 2450 2160 ἄχρι
2498 2083 2600 2159 γὰρ
2658 2083 2816 2140 ἐννέα·
2857 2085 3101 2160 πρόεισιν
3149 2084 3331 2159 ᾠδῶν⁸
3383 2087 3462 2144 δτι
3511 2089 3537 2143 6
3575 2090 3698 2146 ἐννέα
3719 2094 3762 2147 τὸ

2173 2172 2421 2249 μέγιστόν
2469 2172 2577 2228 ἐστι
2637 2175 2829 2250 μέτρον
2879 2175 2932 2228 ἐν
2982 2176 3260 2249 ἀριθμοῖς·
3292 2178 3358 2232 τὸν
3400 2176 3457 2232 δὲ
3497 2179 3608 2251 ἑξῆς
3641 2177 3764 2235 δεκά-

2169 2259 2274 2330 δες,
2335 2260 2703 2333 ἑκατοντάδες,
2760 2261 3035 2338 χιλιάδες,
3084 2264 3171 2319 καὶ
3219 2263 3497 2341 μυριάδες,
3554 2267 3768 2331 ὡσαύτως

2165 2356 2578 2426 προχωροῦσαι,
2631 2353 2809 2416 καθὼς
2882 2353 2970 2406 καὶ
3031 2353 3086 2406 αἱ
3169 2351 3401 2427 μονάδες
3457 2353 3606 2431 ἄχρις
3652 2356 3768 2411 bivia

2166 2439 2364 2504 οὕτως·
2408 2438 2545 2494 ικλ
2594 2441 3389 2520 μνξοπιι,ρστυςρ,καὶ
3437 2441 3769 2520 ἅχρια’β¹θι

2165 2529 2255 2582 καὶ
2285 2549 2332 2602 ,α
2435 2530 2566 2603 ἄχρι
2597 2531 2672 2603 ,θη
2707 2531 2773 2583 τὰ
2803 2527 2850 2584 δ’
2879 2527 3026 2585 ἄλλα
3076 2533 3252 2587 πάντα
3295 2531 3346 2588 ἂν
3398 2534 3635 2609 ἀριθμοῖς
3664 2533 3770 2606 μετᾶ

2166 2616 2406 2680 σύνθεσιν
2464 2616 2671 2672 τούτων
2723 2618 2813 2672 καί
2870 2618 3184 2689 ἀνάκλυσιν,
3251 2623 3366 2676 οἷον
3414 2623 3477 2676 ια’
3526 2621 3671 2698 μίχρι
3719 2624 3769 2692 θ’,

2164 2706 2256 2760 καὶ
2285 2705 2373 2761 ἐπὶ
2419 2710 2526 2760 τῶν
2580 2706 2785 2761 λοιπῶν
2835 2707 3067 2779 ὁμοίως.
3120 2710 3309 2764 Ταῦτα
3354 2710 3446 2782 μὶν
3495 2708 3580 2765 οὖν
3625 2711 3688 2772 ὡς
3730 2710 3771 2764 ἐν

2165 2796 2382 2869 συνόψει
2415 2793 2646 2870 εἴρηται·
2695 2793 3031 2872 πλατύτερον
3075 2793 3131 2852 δὲ
3181 2799 3358 2860 οὕτως
3409 2800 3469 2853 τὸ
3514 2795 3672 2872 ὄνομα
3695 2803 3773 2853 τοῦ

2162 2885 2389 2946 κανόνος
2448 2884 2500 2938 ἰν
2558 2883 2794 2947 πολλοῖς
2865 2885 3160 2960 εὑρίσκεται
3223 2883 3772 2963 παραλαμϐανόμενον·

2163 2971 2380 3034 κανόνες
2437 2971 2537 3048 γὰρ
2577 2973 2667 3027 κιὶ
2713 2979 2830 3034 τοῖς
2877 2977 3272 3048 γραμματικὴν
3321 2981 3556 3050 μετιοῦσι
3602 2977 3772 3051 τέχνὴν

2166 3061 2266 3115 εἶσὶ
2299 3061 2390 3115 καὶ
2419 3065 2538 3123 τοῖς
2569 3060 2890 3140 φιλοσόφοις
2931 3062 3022 3117 καὶ
3077 3065 3289 3137 ἱατροῖς
3333 3066 3422 3120 καὶ
3450 3070 3561 3127 τοῖς
3591 3063 3774 3119 πολιτι-

2162 3155 2280 3212 κοῖς
2307 3149 2515 3224 νόμοις·
2552 3149 2676 3206 ἀλλ’
2704 3152 2756 3205 οἱ
2801 3159 2902 3221 τῆς
2949 3171 3232 3227 γραμματι
3267 3162 3364 3225 τῆς
3404 3153 3488 3208 καί
3515 3155 3600 3209 τὸν
3628 3154 3771 3226 νόμον

2163 3239 2261 3294 οὐκ
2291 3239 2477 3314 ἔχουσι
2505 3239 2567 3293 τὸ
2593 3234 2956 3297 ἀδιάπτωτον.

2229 3330 2455 3390 Κανόνες
2486 3325 2543 3382 δὲ
2592 3326 2841 3404 λέγονται
2886 3331 2976 3384 καὶ
3018 3330 3084 3385 τὰ
3129 3333 3269 3386 κατά
3297 3336 3404 3387 τῶν
3449 3333 3597 3386 θείων
3628 3329 3772 3386 Πατί-

2157 3437 2265 3494 ρων
2306 3412 2498 3486 εὐσεϐῆ
2539 3414 2897 3494 διατάγματα·
2947 3418 3260 3491 ἐξείληπται
3305 3419 3352 3477 δ’
3384 3421 3471 3476 ἐπὶ
3498 3426 3619 3476 πᾶσι
3666 3417 3774 3474 τού-

2152 3528 2268 3569 τοις
2299 3507 2360 3561 τὸ
2390 3502 2564 3580 ὄνομα
2594 3506 2702 3562 ἀπὸ
2753 3513 2852 3563 τοῦ
2895 3507 3059 3580 ξύλου
3109 3515 3208 3565 τοῦ
3256 3517 3375 3574 τοῖς
3428 3510 3678 3587 τεχνίταις
3712 3506 3776 3566 είς

2154 3595 2312 3665 ξύλον
2351 3595 2440 3650 καὶ
2494 3595 2667 3664 λίθον,
2715 3597 2750 3666 ἢ
2782 3598 2873 3652 καὶ
2927 3596 3115 3654 ἄλλων
3158 3605 3323 3654 τινῶν
3375 3598 3774 3676 χρηματίζοντα

2155 3685 2462 3759 ἀπόρθωσιν
2508 3685 2595 3740 καὶ
2653 3686 2897 3741 ίθύτατον
2938 3688 3183 3742 κανόνιον
3238 3688 3464 3750 ἐκείνοις
3513 3686 3727 3760 ὀνομαζό
3754 3715 3772 3726 -

2156 3795 2335 3846 μενον,
2363 3775 2390 3829 ὃ
2421 3779 2536 3838 τοῖς
2585 3773 2968 3848 ἀποξεομὲνοις
3019 3775 3255 3852 ἀπορθοἶ
3300 3781 3468 3831 ταῦτα
3496 3776 3580 3830 καὶ
3611 3775 3771 3845 ἐξισοῖ.

2151 3865 2322 3938 ’Ὀπερ
2349 3863 2440 3917 οὗν
2470 3863 2532 3917 τὸ
2563 3863 2806 3918 κανόνιον
2840 3863 2915 3926 si:
2969 3863 3279 3939 ἀπόρθωσιν
3309 3865 3525 3921 ἐκείνων
3557 3862 3772 3932 δύναται,

2149 3955 2311 4006 τοῦτο
2339 3951 2547 4006 καὶέπὶ
2597 3951 2773 4023 πάσης
2825 3951 3132 4026 ἐπιστήμης
3179 3955 3275 4009 καὶ
3326 3955 3556 4029 λογικῆς
3599 3954 3774 4027 τέχνης

2151 4041 2200 4095 oi
2227 4041 2445 4102 κανόνες
2483 4038 2761 4114 πληροῦσι
2810 4041 2873 4096 τὸ
2918 4044 3341 4116 κανονιζόμενόν
3382 4064 3442 4098 τε
3485 4041 3572 4097 καὶ
3619 4038 3776 4116 ὁριζό-

2155 4149 2334 4202 μενον·
2387 4127 2596 4205 λέγεται
2638 4130 2740 4204 γὰρ
2786 4132 2813 4184 6
2851 4130 3022 4186 κανὼν
3071 4132 3162 4206 καί
3216 4135 3367 4209 ὅρος·
3417 4128 3775 4203 ἀποδιαιροῦν-

2146 4238 2233 4280 τες
2259 4222 2365 4274 τῶν
2428 4217 2615 4273 ἄλλων
2651 4219 2741 4273 καὶ
2788 4219 3189 4291 ἀπευθύνοντες,
3245 4223 3320 4284 ὡς
3375 4221 3468 4296 μὶν
3500 4241 3582 4275 τοι
3610 4215 3772 4293 ἕτερον

2145 4311 2226 4380 τῷ
2287 4307 2593 4382 ὁριζομένῳ
2649 4307 3034 4382 συνεμπίπτειν
3093 4311 3184 4364 καὶ
3261 4312 3354 4366 τὸν
3416 4308 3539 4386 περῖ
3601 4305 3774 4362 τούτου

2149 4397 2394 4472 συγχέειν
2437 4393 2599 4470 λόγον
2651 4396 2784 4451 κατᾶ
2809 4402 2932 4460 τοῖς
2980 4397 3152 4474 ἁγίοις
3201 4398 3443 4473 Ππράσι
3492 4395 3777 4452 συντεθῶθτα

2149 4481 2532 4560 διατάγματα,
2592 4483 2815 4548 εἰκότως
2874 4487 3092 4550 κανόνες
3149 4486 3490 4544 καλοῦνται·
3549 4481 3775 4540 ἐπευθύ-

2144 4595 2294 4629 νουσι
2352 4564 2453 4649 γὰρ
2510 4573 2731 4630 κάκεῖνα
2798 4575 2925 4638 τοὺς
2997 4577 3356 4650 πειθομένους
3423 4575 3603 4636 αὐτοῖς
3653 4569 3773 4648 πρὸς

2143 4661 2323 4718 πίστιν
2383 4661 2562 4737 ὀρθήν.
2609 4683 2671 4718 τε·
2719 4663 2809 4718 καὶ
2867 4663 3294 4741 ἀπαρὲγκλιτον,
3333 4665 3424 4720 καὶ
3484 4665 3616 4740 πρὸς
3670 4660 3772 4734 βίον

2145 4751 2388 4825 ἐνάρετον
2435 4751 2526 4805 καὶ
2572 4751 2873 4822 θεάρεστον·
2925 4755 3043 4808 καθ’
3091 4756 3149 4809 ’ὀν
3202 4753 3269 4823 δὴ
3325 4752 3492 4829 λόγον
3533 4753 3623 4808 κάν
3668 4751 3772 4808 τοῖς

2143 4835 2336 4911 ὕμνοις
2368 4838 2585 4902 τούτοις
2612 4839 2672 4893 τὸ
2711 4844 2809 4893 τοῦ
2855 4840 3077 4904 κανόνος
3123 4841 3438 4912 ἐξιίληπται
3485 4837 3669 4912 ὄνομα·
3700 4835 3771 4888 ὅτι

2142 4925 2444 5002 ὡρισμένον
2494 4927 2585 4981 καὶ
2633 4931 3012 5002 τετυπωμένον
3060 4932 3123 4985 τὸ
3179 4932 3377 5004 μέτρον
3435 4929 3591 4984 τοῦτό
3645 4924 3771 4980 ἐστιν

2140 5015 2190 5070 ἐν
2263 5016 2412 5070 ἐννέα
2469 5013 2636 5087 ᾠδαῖς
2706 5017 3125 5093 συντελούμενον
3159 5066 3173 5092 ,
3230 5020 3322 5074 καὶ
3403 5018 3644 5086 ἐννεάτης
3703 5013 3768 5085 μὴ

2141 5100 2484 5182 ὑπερϐαῖνον·
2536 5104 2654 5168 ὅθεν
2704 5107 2880 5162 κανών
2931 5107 3141 5184 λέγεται
3201 5110 3276 5170 ὡς
3320 5106 3646 5182 τεταγμένου
3685 5103 3767 5154 τοῦ

2142 5195 2340 5271 μέτρου
2387 5195 2554 5248 αὐτοῦ
2601 5194 2651 5250 ἐν
2697 5196 2916 5260 ταύταις
2969 5195 3036 5268 δὴ
3084 5205 3216 5262 ταῖς·
3247 5195 3457 5271 ᾠδαῖς·
3505 5195 3644 5251 οὕτω
3689 5188 3766 5244 καὶ

2135 5289 2216 5357 τῷ
2245 5269 2472 5357 όνόματι
2524 5287 2622 5338 τοῦ
2671 5285 2899 5351 κανόνος
2944 5269 3278 5363 ἐχρήσατοό
3315 5269 3487 5362 μέγας
3521 5282 3762 5338 Ἀπόστο·

2138 5372 2233 5436 λος
2265 5374 2474 5448 γράψας
2537 5375 2863 5448 Κορινθίοις·
2899 5403 2926 5430 (ι
2955 5379 3146 5450 Ἡμεῖς
3187 5375 3245 5432 δὶ
3294 5377 3396 5432 οὐκ
3444 5375 3520 5438 εἷς
3557 5374 3620 5428 τὰ
3649 5373 3766 5442 ἅμι-

2135 5483 2234 5539 τρα
2269 5463 2700 5537 καυχησώμεθα.
2750 5465 2896 5522 ἀλλὰ
2945 5469 3083 5523 κατὰ
3124 5469 3187 5523 τὸ
3237 5465 3438 5540 μέτρον
3486 5467 3579 5518 τοῦ
3625 5457 3763 5514 κανό-

2136 5575 2250 5625 νος,
2283 5551 2346 5608 οὖ
2375 5552 2620 5630 ἐμέρισεν
2658 5556 2792 5629 ἡμῖν
2826 5559 2855 5612 6
2887 5559 3018 5621 Θεὸς
3066 5560 3262 5636 μέτρου
3311 5557 3594 5635 ἀφικισθαι
3623 5553 3768 5626 ἄχρι(

2140 5643 2290 5716 ὑμῶν
2325 5684 2340 5710 ,
2398 5640 2596 5697 ἐλπίδα
2672 5642 2890 5719 ἔχοντες
2945 5647 3314 5722 αὐξανομένης
3387 5651 3490 5714 τῆς
3554 5641 3764 5696 πίστεως
