4028 6202
161 365 267 426 425

162 498 310 571 ὑμῶν,
341 490 390 547 ἐν
449 489 573 563 ὑμῖν
632 483 1026 571 μεγαλυνθῆναι
1072 481 1208 571 κατᾶ
1251 480 1344 535 τὸν
1374 476 1573 571 κανόνα
1603 476 1760 571 ὑμῶν

1909 487 2097 536 tensus
2129 481 2323 535 autem
2357 478 2492 534 talis
2522 481 2610 537 est
2633 519 2647 540 .
2679 479 2873 552 Aliqui
2904 477 3530 548 sese’venditabant,ut

156 564 218 646 είς
265 564 324 637 τὰ
370 576 732 652 παρεπόμενα.
796 599 826 627 ››
885 574 946 630 Ὁ
996 568 1054 626 δὶ
1100 567 1270 643 λόγος
1325 566 1576 629 τοιοῦτός
1635 564 1772 620 ἐστι’

156 673 294 734 Τινὲς
339 667 642 739 ἐκόμπαζον
701 665 778 726 ὡς
835 660 1133 736 πολλαχοῦ
1180 656 1506 733 κηρύξαντες
1556 655 1618 709 τὸ
1675 655 1777 709 Εὐ-

154 757 391 836 αγγὲλιον·
450 755 587 828 πρὸς
646 751 883 812 ἐκείνους
941 749 1032 804 οὗν
1089 768 1275 822 φησιν,
1335 747 1418 800 ὅτι
1478 744 1616 820 Ἐγὼ
1678 741 1777 797 οὐκ

156 830 228 909 εἰς
266 850 457 920 ἄμετρα
514 846 842 917 καυχῶμαι,
903 838 979 900 ὡς
1019 838 1302 909 πανταχοῦ
1326 832 1687 904 κατασπείρας
1717 830 1779 885 τὸ

155 939 400 1010 κήρυγμα,
453 929 600 987 ἀλλὰ
647 929 782 985 κατὰ
823 927 886 983 τὸ
941 927 1134 1000 μέτρον
1165 927 1261 979 τοῦ
1290 921 1515 983 κανόνος
1547 919 1778 994 ἐκήρυξα

157 1028 205 1081 οὗ
232 1025 459 1097 ἐμέρισεν
517 1023 658 1092 ἡμῖν
705 1023 823 1073 τοῖς
872 1015 1206 1075 ἀποστόλοις
1257 1013 1284 1066 6
1333 1012 1484 1082 Θεὸς,
1515 1011 1544 1064 ’ὁ
1576 1010 1686 1063 ἐστι
1715 1010 1777 1063 τὸ

159 1114 324 1190 μέχρις
353 1111 501 1182 ὑμῶν
535 1108 829 1188 ἐφικέσθαι·
896 1105 1010 1159 εἶτα
1039 1102 1128 1158 καὶ
1176 1100 1266 1156 διὰ
1310 1105 1418 1154 τῶν
1467 1100 1776 1190 ἑξῆς-καθ-

155 1183 395 1277 αψάμενος
468 1183 588 1253 τῶν
647 1196 722 1258 είς
791 1195 860 1250 τὰ
916 1191 1124 1267 ἄμετρα
1174 1195 1339 1245 ταῦτα
1398 1183 1775 1265 ὑπερϐολικῶς

154 1273 519 1366 καυχωμὲνων,
577 1284 744 1358 φησὶν
801 1283 884 1337 ’ὁτι
939 1282 1150 1366 Ἡμεῖς
1179 1275 1237 1332 δὲ
1267 1275 1375 1351 οὐχ
1405 1275 1600 1366 οῦτως,
1634 1273 1780 1366 ἀλλὰ

159 1363 324 1455 μέχρις
358 1378 510 1450 ὑμῶν
569 1373 922 1450 κηρύξαντες,
978 1365 1085 1430 ἓως
1135 1363 1778 1455 ὖμῶνᾲέπαῤῥησιαζόμε-

153 1451 247 1523 δατ
291 1465 589 1536 ἐλπίζομεν
667 1460 724 1517 δὲ
798 1459 1196 1535 περισσοτέρως
1270 1451 1626 1526 εὐδοκιμῆσαι
1661 1470 1674 1484 ·
1749 1476 1778 1504 ››

153 1561 284 1613 τοῦτο
311 1555 411 1631 γὰρ
460 1553 729 1608 ἐπέκειναο
779 1574 806 1602 ‹‹
864 1545 1243 1620 Εὐδοκίμησις
1284 1541 1348 1631 δὲ,
1387 1547 1485 1598 τοῦ
1535 1539 1784 1597 διδασκά-

1383 346 1537 408 CAN
1539 346 1646 407 ON
1688 344 1770 406 IN
1813 344 2247 407 DEIPARAM.

3395 348 3520 409 426

1883 569 2104 640 ubique
2133 569 2520 640 praedicantes
2542 568 3172 640 Evangelium:quibus
3203 569 3532 626 dicit-Non

1885 656 2042 712 ultra
2055 673 2396 711 mensuram
2423 656 2638 728 glorior
2657 657 3169 729 ego,quiundique
3184 658 3540 730 prasdicatio-

1890 762 2023 800 nem
2043 745 2457 813 seminavi,sed
2475 747 2800 800 secundum
2819 763 3158 802 mensuram
3192 746 3400 817 regulae
3423 765 3542 821 qua

1889 851 2132 890 mensus
2162 839 2248 889 est
2270 834 2437 888 nobis
2465 834 2744 906 apostolis
2767 835 3291 900 Deus,mensuram
3317 837 3541 894 scilicet

1889 923 2255 994 pertingendi
2290 938 2476 992 usque
2511 923 2579 977 ad
2611 939 2767 977 vos.»
2820 923 3038 979 Deinde
3067 941 3166 980 eos
3198 926 3298 995 qui
3329 926 3388 981 in
3420 927 3537 982 im-

1888 1028 2160 1066 mensum
2209 1015 2267 1065 et
2325 1010 2694 1082 hyperbolice
2751 1011 3152 1083 gloriabantur
3196 1014 3536 1088 vituperans

1888 1101 1968 1156 ait
2002 1118 2015 1156 :
2050 1121 2079 1150 «
2108 1099 2222 1155 Nos
2252 1117 2385 1155 vero
2419 1116 2530 1154 non
2563 1100 2725 1167 item,
2767 1101 2866 1156 sed
2901 1118 3084 1173 usque
3120 1104 3191 1158 ad
3239 1121 3342 1160 vos
3392 1121 3539 1176 pra-

1888 1190 2170 1258 dicantes,
2195 1190 2379 1246 donec
2415 1194 2612 1245 noster
2663 1205 2856 1246 sermo
2908 1192 2978 1246 ad
3034 1207 3136 1247 vos
3190 1193 3538 1265 perveniat;

1888 1295 2195 1350 speramus
2226 1285 2422 1334 autem
2455 1278 2764 1350 copiosiori
2799 1280 3015 1336 honore
3048 1281 3542 1339 fruiturus.»Pra3-

1887 1371 2086 1424 terea:
2123 1391 2151 1417 «
2196 1368 2456 1441 Magistri
2479 1367 2608 1424 laus
2639 1372 2729 1424 est
2788 1385 3135 1441 progressus
3185 1371 3480 1444 discipuli.
3516 1394 3546 1423 »

1889 1456 1984 1512 Sic
2012 1455 2191 1528 igitur
2221 1461 2276 1527 et
2326 1457 2640 1528 Apostolus
2701 1457 2943 1514 canonis
2995 1459 3187 1516 utitur
3260 1461 3546 1532 nomine;

1889 1544 2017 1601 ideo
2049 1562 2233 1602 canon
2264 1550 2321 1602 et
2349 1545 2604 1619 hymnus
2635 1546 2743 1602 iste
2765 1545 2972 1602 exinde
3002 1547 3195 1605 dictus
3226 1551 3335 1604 est.

152 1647 237 1703 λου
265 1649 296 1716 ἡ
476 1645 740 1716 μαθητῶν
776 1639 885 1695 ἐστι
913 1636 1191 1713 προκοπή·
1227 1658 1254 1686 ››
1287 1629 1432 1688 οὕτω
1466 1632 1560 1706 μὶν
1592 1631 1683 1686 καὶ
1714 1632 2054 1696 Ἀπόστολος
2081 1638 2162 1706 τῷ
2194 1633 2422 1707 ὀνόματι
2456 1637 2552 1688 τοῦ
2581 1632 2811 1696 κακόνος
2841 1638 3063 1710 χρᾶται.
3100 1633 3185 1690 διδ
3231 1637 3407 1691 κανὼν
3457 1635 3549 1692 καὶ

153 1738 175 1792 ὁ
203 1735 360 1809 ὕμνος
392 1731 554 1794 οὗτος
587 1730 826 1786 ἐντεῦθεν
859 1723 1093 1804 εἴρηται.

210 1843 273 1898 Δὶ
322 1838 378 1896 δέ
421 1859 484 1916 γε
514 1835 659 1910 ᾠδαὶ
690 1832 870 1909 ᾇοιδαί
900 1831 1043 1895 τινές
1087 1830 1188 1886 εἶσι
1243 1827 1521 1903 μουσικαί⁸
1579 1829 1630 1882 οἱ
1687 1826 1788 1903 γὰρ

1969 1830 2102 1886 Odaa
2135 1837 2330 1888 autem
2364 1835 2503 1888 sunt
2534 1835 2742 1887 cantus
2774 1833 3014 1905 quidam
3048 1833 3387 1892 musicales:
3423 1834 3554 1891 soni

155 1933 270 2008 ἦχοι
299 1930 385 1984 καὶ
436 1928 702 2003 φθόγγοι,
758 1921 1012 1998 ἀρμονίαί
1062 1941 1120 1975 τε
1148 1919 1263 2008 ,καὶ
1303 1916 1499 2008 ῥυθμοὶ
1528 1923 1630 2008 τῆς
1667 1937 1799 2008 μου·

160 2005 290 2089 σικῆς
318 2017 472 2086 εἰσιν,
507 2015 562 2089 ἐξ
599 2016 671 2069 ὧν
706 2015 772 2068 τὰ
823 2011 964 2085 μέλη
1016 2007 1373 2085 παράγονται·
1435 2007 1508 2060 ὧν
1568 2005 1636 2060 τὰ
1701 2005 1796 2077 μὶν

159 2106 579 2183 παθητικώτερόν
621 2125 680 2159 τε
727 2101 815 2157 καὶ
864 2098 1193 2177 γοργότερον
1240 2097 1411 2160 πάθος
1451 2100 1571 2183 τοῖς
1597 2093 1800 2171 ἀκροα-

158 2205 252 2261 ταῖς
281 2181 487 2252 ἐνιένταή
528 2193 625 2249 καὶ
668 2196 925 2248 κινοῦντα
971 2189 1108 2265 πρὸς
1166 2183 1390 2261 δάκρυα·
1441 2184 1508 2240 τά
1555 2181 1612 2238 δὲ
1660 2183 1798 2258 πρὸς

163 2288 301 2361 θυμὸν
334 2283 744 2356 ἐκκαλούμενα,
769 2287 870 2350 τῆς
927 2277 1102 2346 ἀλκῆς
1164 2281 1474 2348 μεμνῆσθαι
1521 2272 1613 2327 καὶ
1649 2272 1801 2361 ,πρὸς

163 2359 269 2432 ὅλον
315 2377 486 2450 Ἄρην
531 2374 714 2449 ὁρμᾷν
741 2370 832 2425 τὸν
862 2363 1324 2438 κατεπαδόμενον·
1387 2363 1500 2417 οἶόν
1543 2383 1598 2416 τι
1637 2359 1801 2450 ’λὲγε-

162 2487 231 2520 ται
277 2447 516 2540 γενέσθαι
574 2447 674 2516 καὶ
733 2459 854 2533 περὶ
906 2457 998 2512 τὸν
1052 2451 1334 2512 Μακεδόνα
1404 2447 1797 2540 Ἀλέξανδρονξ

163 2539 356 2624 ᾅδοντος
411 2552 515 2629 γὰρ
570 2553 670 2605 τοῦ
723 2550 986 2622 μουσικοῦ
1033 2543 1285 2618 Τίμωνος
1337 2541 1465 2616 παρ’
1496 2539 1662 2613 αὐτῷ,
1711 2539 1802 2594 καὶ

167 2643 309 2716 μέλος
341 2637 620 2718 ἀνδρῶδες
669 2633 1072 2711 ἁρμοζομένου,
1121 2632 1209 2687 καὶ
1242 2629 1493 2686 σύντονον
1527 2629 1664 2706 πρὸς
1709 2640 1800 2694 θυ-

169 2733 252 2805 μὸν
303 2716 692 2790 διανιστῶντος
739 2725 833 2782 τὸν
876 2722 1176 2790 ἀκούοντα,
1225 2720 1428 2785 ἐκεῖνος
1483 2720 1564 2783 οἷς
1621 2716 1804 2780 ἔνθους

166 2820 215 2875 ἐκ
259 2825 349 2876 τοῦ
411 2818 666 2895 μεγάλου
717 2814 1036 2891 γενόμενος,
1097 2810 1325 2873 ἀναστὰς
1381 2811 1483 2884 ἦρε
1535 2808 1601 2863 τὰ
1659 2806 1806 2863 ὅπλα

167 2910 238 2964 καὶ
293 2911 434 2985 ὁρμᾷ
489 2906 636 2984 πρὸς
694 2903 962 2977 πόλεμον
1025 2899 1280 2975 μουσικαὶ
1310 2902 1438 2974 γοῦν
1491 2896 1663 2985 φῳναὶ
1713 2895 1802 2951 καὶ

165 2997 280 3070 ᾠδαί
312 2984 408 3054 εἶσι
444 2995 546 3052 διᾶ.
581 2995 749 3068 μόνου
801 2992 1071 3064 στόματος
1131 2987 1460 3064 ἐναρμονίως
1517 2984 1802 3070 άδόμεναιο

160 3069 312 3161 τούτῳ
333 3087 433 3165 γὰρ
468 3085 710 3162 ὥρισται
741 3084 776 3152 ἡ
1000 3077 1091 3134 καὶ
1146 3083 1265 3165 τοῖς
1297 3077 1390 3150 μὲν
1439 3069 1710 3165 Ἑϐραίοις
1733 3072 1805 3165 cu

164 3175 236 3232 διὰ
262 3161 543 3250 στόματος
575 3172 738 3246 μόνον
772 3172 825 3226 οἱ
855 3169 990 3245 πρὸς
1021 3167 1148 3224 Θεὸν
1183 3163 1382 3240 ᾔδοντο
1424 3163 1609 3237 ὕμνοι,
1659 3161 1807 3218 ἀλλά

167 3267 238 3321 καὶ
291 3264 356 3322 δι’
415 3262 701 3340 ὀργάνων,
761 3261 837 3322 ὡς
890 3260 918 3314 ὁ
965 3251 1131 3312 Δαϐὶδ
1167 3259 1430 3330 μαρτυρεῖ
1483 3251 1800 3327 πολλαχοῦ·

165 3358 238 3411 καὶ
265 3357 290 3410 ὁ
321 3355 517 3428 Ἀμώς
568 3373 729 3426 φησιν
784 3348 844 3403 ἐκ
885 3346 1184 3420 προσώπου
1215 3347 1348 3398 Θεοῦ
1401 3341 1538 3417 πρὸς
1563 3340 1655 3396 τὸν
1706 3341 1807 3396 Ἰσο

168 3443 308 3520 ραήλ·
368 3427 394 3496 ur
443 3441 805 3510 Μετάστησον
862 3436 954 3490 ἀπ’
1002 3435 1138 3508 ἐμοῦ
1185 3435 1325 3507 ἦχον
1361 3427 1516 3520 ᾠδῶν
1550 3449 1668 3520 σου,
1715 3427 1806 3520 καὶ

167 3513 373 3603 ξφαλμῶν
409 3527 663 3603 ὀργάνων
697 3546 792 3579 σου
823 3522 922 3578 οὐκ
954 3521 1275 3592 ἀκούσομαι.
1315 3543 1336 3569 ι
1371 3519 1534 3603 Ἡμῖν
1569 3513 1626 3570 δὲ
1667 3516 1803 3603 πρὸς

171 3600 294 3683 θεῖον
341 3600 524 3692 ὕμνον
568 3611 718 3670 οὐδὲν
767 3634 820 3668 τι
873 3610 1131 3686 μουσικὸν
1181 3601 1657 3683 παραλαμϐάνεται
1709 3600 1806 3680 ὅρ-

168 3729 328 3783 γανον,
361 3687 519 3764 άλλά
549 3701 640 3759 διὰ
672 3703 852 3772 ζώσης
890 3700 1061 3774 μόνης
1094 3703 1280 3775 φωνῆς
1326 3693 1644 3783 ἐναρμονίου
1676 3687 1804 3763 ᾅδο-

175 3780 251 3868 μεν
280 3802 352 3870 τῷ
383 3800 532 3868 Θεῖν’
582 3797 746 3847 πᾶσαι
795 3790 898 3864 γὰρ
947 3784 1141 3863 σχεδὸν
1188 3786 1242 3841 αἱ
1295 3781 1455 3857 ᾠδαὶ,
1511 3780 1580 3837 δι’
1610 3783 1682 3837 ὧν
1709 3802 1803 3837 κα-

163 3888 252 3941 νὼν
282 3869 661 3962 ἀπαρτίζεται,
711 3880 870 3953 ὕμνοι
919 3877 1282 3952 τυγχάνουσιν
1327 3873 1414 3929 καὶ
1453 3869 1664 3946 ᾅσματα
1692 3891 1796 3946 χα-

165 3978 394 4052 ριστήρια
421 3971 669 4046 ᾀδόμενα
696 3970 833 4046 πρὸς
858 3966 1006 4024 Θεόν.

221 4049 382 4130 Εὐόὺς
412 4061 514 4119 οὖν
547 4064 582 4130 ἡ
614 4060 806 4136 πρώτη
857 4056 1004 4131 παρᾶ
1046 4058 1141 4109 τοῦ
1173 4053 1458 4130 προφήτου
1519 4049 1795 4112 Μωϋσίως

165 4154 497 4219 συντέθειται,
552 4151 635 4205 ’ὁτι
680 4149 740 4203 τὸ
781 4151 890 4202 τῶν
939 4139 1203 4220 Ἑϐραίων
1249 4141 1405 4217 γένος
1437 4139 1487 4210 ἐξ
1520 4138 1795 4214 Αἰγύπτου

165 4241 516 4317 ἀναχωρῆσαν
575 4238 861 4311 προστάξει
920 4237 1074 4298 θεοῦ,
1151 4232 1242 4285 καὶ
1319 4225 1793 4299 καταδιωκόμενον

166 4315 365 4385 tasks;
399 4327 742 4403 Αἲγυπτίων,
799 4326 900 4393 τὴν
951 4321 1212 4398 Ἐρυθρὰν
1256 4317 1524 4382 θάλασσαν
1576 4315 1794 4386 διῆλθεν

167 4415 400 4495 ἀϐρόχως
533 4411 719 4494 ῥάϐδῳ
759 4416 1058 4487 τμηθεῖσαν
1115 4413 1183 4484 τῇ
1241 4411 1338 4464 τοῦ
1398 4404 1697 4495 Μωῦαέιος·
1747 4407 1796 4460 οἱ

166 4503 215 4561 δὲ
263 4493 552 4584 Αίγύπτιοι
635 4502 686 4558 ἐν
755 4502 932 4576 ἐκείνῃ
1005 4495 1492 4567 κατεποντίσθησαν
1561 4493 1650 4549 διὰ
1702 4497 1798 4548 τοῦ

1909 1919 2065 1975 enim
2096 1924 2152 1976 et
2181 1920 2849 1990 concentus,harmonia3
2882 1922 3257 1995 rhythmique
3278 1929 3418 1980 sunt
3434 1942 3560 1980 mu~

1908 2009 2060 2078 sica),
2092 2026 2122 2065 e
2154 2011 2368 2082 quibus
2402 2009 2669 2066 melodim
2699 2011 3089 2067 deducuntur.
3138 2012 3395 2077 Quarum
3429 2013 3554 2070 aliae

1909 2099 2098 2172 magis
2120 2099 2471 2172 patheticam
2486 2104 2543 2155 et
2569 2099 3068 2156 vehementiorem
3089 2102 3424 2172 passionem
3454 2121 3556 2159 au-

1908 2188 2200 2244 ditoribus
2233 2189 2569 2244 immittunt
2597 2194 2654 2244 et
2685 2189 2754 2244 ad
2789 2188 3077 2261 lacrymas
3103 2191 3393 2260 excitant;
3427 2191 3550 2248 alim

1909 2277 1981 2331 ad
2034 2277 2180 2332 iram
2221 2281 2561 2348 provocant,
2616 2277 2976 2334 fortitudinis
3015 2279 3358 2336 memoriam
3415 2280 3558 2352 inji-

1909 2366 2072 2422 ciunt
2096 2369 2152 2421 et
2175 2365 2246 2422 ad
2267 2367 2661 2438 quodcunque
2710 2365 2930 2422 bellum
2979 2383 3113 2424 eum
3155 2369 3256 2440 qui
3301 2369 3558 2426 celebra-

1910 2458 2007 2510 tur
2036 2455 2340 2527 instigant.
2372 2454 2464 2510 Sic
2495 2455 2712 2512 dicitur
2751 2456 2970 2512 factum
3031 2457 3212 2515 fuisse
3250 2459 3320 2514 de
3368 2459 3557 2516 Mace-

1911 2544 2061 2600 done
2091 2543 2416 2600 Alexandrc
2443 2561 2456 2599 :
2485 2561 2618 2600 cum
2643 2544 2798 2601 enim
2826 2537 3027 2601 coram
3060 2546 3156 2602 ille
3186 2546 3394 2604 Timon
3429 2566 3561 2605 mu-

1912 2633 2068 2688 sicus
2101 2633 2443 2689 bellicosum
2468 2634 2754 2706 hymnum
2787 2635 3196 2692 modularetur
3230 2640 3289 2692 et
3315 2637 3559 2695 audien-

1912 2725 2027 2777 tem
2062 2721 2133 2778 ad
2165 2721 2313 2778 iram
2367 2723 2545 2794 probe
2585 2723 2914 2792 excitasset,
2963 2722 3062 2781 ille
3100 2725 3268 2796 quasi
3321 2725 3562 2784 numine

1915 2811 2060 2866 mire
2089 2817 2391 2884 correptus
2423 2812 2676 2868 surrexit
2705 2813 3006 2885 armisque
3047 2814 3119 2869 ad
3179 2813 3399 2870 bellum
3432 2831 3561 2872 sese

1914 2901 2185 2957 accinxit.
2219 2900 2528 2956 Musicales
2559 2917 2692 2970 ergo
2734 2902 2862 2958 soni
2917 2906 2974 2958 et
3005 2903 3129 2958 odaa
3182 2904 3418 2961 nonnisi
3461 2920 3560 2962 ore

1914 2991 2253 3047 harmonice
2311 2991 2725 3062 proferuntur:
2764 2991 2824 3047 in
2873 2991 2982 3047 hoc
3040 2992 3195 3048 enim
3263 2994 3562 3066 perficitur

1915 3080 2047 3136 oda.
2083 3080 2249 3151 Apud
2277 3079 2548 3135 Hebraeos
2592 3085 2787 3153 autem
2839 3080 3042 3152 hymni
3092 3097 3206 3137 non
3239 3081 3432 3138 solum
3465 3099 3563 3140 ore

1917 3171 1986 3224 ad
2020 3169 2203 3225 Deum
2235 3168 2646 3237 cantabantur,
2678 3168 2778 3224 sed
2810 3171 2986 3224 etiam
3021 3169 3453 3242 instrumentis,
3500 3175 3566 3230 ut

1920 3258 2097 3314 David
2132 3274 2282 3328 saepe
2323 3261 2593 3312 testatur.
2647 3257 2713 3312 Et
2759 3259 2933 3313 Amos
2973 3274 3002 3313 e
3053 3275 3302 3330 persona
3331 3260 3431 3316 Dei
3488 3262 3561 3318 ad

1919 3346 2190 3402 Israelem
2221 3346 2395 3401 dicit:
2435 3366 2462 3396 «ι
2493 3347 2670 3401 Aufer
2701 3363 2733 3401 α
2764 3362 2857 3401 me
2885 3346 3206 3402 tumultum
3234 3348 3562 3405 carminum

1917 3441 2152 3492 tuorum
2176 3440 2232 3490 et
2263 3435 2489 3490 cantica
2518 3435 2652 3507 lyrae
2683 3439 2796 3490 tuae
2827 3452 2942 3490 non
2992 3437 3252 3492 audiam.
3289 3457 3317 3486 ››
3383 3437 3562 3495 Nobis

1916 3532 2110 3580 autem
2143 3525 2213 3579 ad
2277 3523 2538 3578 divinum
2601 3524 2886 3596 hymnum
2943 3523 3174 3580 nullum
3252 3524 3564 3582 adhibetur

1914 3613 2397 3677 instrumentum,
2449 3613 2554 3667 ved
2631 3613 2758 3668 viva
2813 3612 3005 3668 solum
3091 3617 3149 3669 et
3219 3613 3563 3672 harmonica

1913 3719 2046 3759 voce
2077 3706 2147 3758 ad
2181 3702 2363 3758 Deum
2383 3706 2926 3768 cantamus;omnes
2941 3701 3097 3756 enim
3132 3703 3556 3774 propemodum

1910 3793 2031 3847 odae
2055 3791 2271 3864 quibus
2305 3794 2538 3846 constat
2575 3807 2784 3856 canon,
2835 3789 3040 3862 hymni
3079 3795 3219 3846 sunt
3256 3795 3313 3847 et
3359 3791 3557 3862 gratiae

1907 3880 2136 3938 cantica
2165 3881 2235 3935 ad
2269 3879 2452 3935 Deum
2481 3879 2792 3935 cantanda.

1977 4059 2151 4114 Recte
2181 4058 2360 4129 igitur
2390 4058 2581 4129 prima
2627 4075 2661 4113 a
2690 4059 2972 4130 propheta
3001 4057 3198 4130 Moyse
3227 4059 3554 4130 composita

1905 4152 2014 4214 est,
2047 4146 2324 4217 quoniam
2359 4145 2581 4201 Hebrmi
2613 4163 2680 4201 ex
2713 4151 2949 4219 [Egypto
3008 4148 3104 4202 Dei
3146 4147 3318 4217 jussu
3365 4147 3554 4203 dices-

1907 4241 2101 4292 serant
2131 4242 2187 4292 et
2209 4236 2492 4308 IEgyptiis
2524 4235 3033 4308 persequentibus,
3076 4252 3234 4292 mare
3291 4236 3556 4292 Rubrum

1909 4325 2122 4398 Moysis
2144 4325 2304 4398 virga
2332 4325 2698 4380 verberatum
2723 4325 2861 4382 sicci
2895 4325 3274 4392 transierant,
3305 4325 3558 4398 IEgyptii

1909 4418 2106 4469 autem
2129 4413 2187 4468 in
2220 4413 2421 4468 eodem
2453 4412 2746 4469 submersi
2779 4414 3030 4480 fuerant,
3062 4429 3196 4468 cum
3242 4429 3346 4484 per
3375 4429 3555 4484 aqua-

1910 4520 2038 4558 rum
2071 4502 2416 4558 divisionem
2440 4507 2498 4558 et
2526 4503 2636 4574 ipsi
2671 4503 2924 4558 transire
2953 4505 3345 4558 conarentur:
3381 4502 3556 4558 Mosis

163 4599 442 4670 τμήματος
501 4591 732 4650 διελθεῖν
781 4593 1018 4646 κάκεῖνοι
1071 4587 1440 4662 πειρώμενοι’
1494 4585 1643 4646 αὖθις
1700 4587 1795 4638 τοῦ

1909 4596 2103 4647 autem
2134 4590 2300 4663 virga
2328 4591 2540 4646 iterum
2574 4606 2752 4662 super
2782 4591 2952 4663 aquis
2976 4590 3372 4656 extensa,illas
3402 4606 3557 4646 com-

167 4685 418 4748 Μωυσέως
471 4683 737 4758 τύψαντος
790 4684 859 4754 τῇ
915 4673 1100 4755 ῥάϐδῳ
1157 4677 1224 4731 τὰ
1271 4672 1457 4743 ὕδατα,
1490 4673 1580 4728 καὶ
1637 4677 1802 4728 ταῦτα

170 4775 522 4847 συνάψαντοςο
576 4769 666 4826 διὰ
709 4769 808 4845 γὰρ
866 4767 929 4822 τὸ
990 4761 1334 4842 ὑπερϐάλλον
1372 4767 1474 4818 τοῦ
1527 4760 1800 4834 θαύματος

171 4863 398 4927 συνέθετο
427 4863 525 4930 τὴν
563 4857 711 4933 ᾠδὴν
766 4861 834 4932 τῇ
863 4851 1103 4933 Ἐϐραΐδι
1133 4851 1422 4925 διαλέκτῳ,
1457 4853 1530 4913 ὡς
1589 4849 1639 4905 ἐν
1695 4849 1805 4920 ἐξα-

178 4953 339 5025 μέτρῳ
393 4951 554 5023 τόνῳ,
614 4949 689 5011 ὡς
749 4948 1014 5017 Ἰώσηπος
1043 4943 1093 5000 ἐν
1150 4947 1218 5008 τῆ
1265 4938 1668 5017 Ἀρχαιολογία
1698 4961 1801 5010 φη-

175 5038 264 5108 σὶν,
318 5038 457 5112 ᾅδειν
514 5039 605 5094 καὶ
658 5042 776 5100 τοῖς
834 5033 1054 5112 ἀνδράσι
1101 5032 1191 5088 καὶ
1247 5037 1365 5094 ταῖς
1411 5029 1669 5106 γυναιξίν·
1721 5027 1802 5101 ἐξ·

175 5133 300 5205 ἦρχε
352 5127 406 5186 δὲ
449 5133 549 5185 τοῦ
609 5125 778 5200 ὕμνου
824 5129 933 5181 τῶν
990 5123 1082 5198 μὶν
1117 5118 1324 5196 ἀνδρῶν
1380 5116 1549 5182 αὐλὸς
1580 5120 1607 5173 ὁ
1636 5120 1800 5174 Μωϋο

178 5220 262 5282 σῆς
328 5224 429 5276 τῶν
511 5216 570 5273 δὲ
639 5219 906 5293 γυναικῶν
981 5215 1016 5282 ἡ
1089 5211 1253 5267 αὐτοῦ
1303 5206 1511 5286 ἀδελφή
1575 5207 1804 5283 Μαριὰμ

181 5304 558 5382 ἀνακρουομένη
618 5305 682 5360 τὸ
738 5303 1040 5376 τόμπανονο
1103 5299 1186 5354 δτι
1235 5295 1292 5352 δὲ.
1349 5297 1518 5370 ὕμνος
1551 5294 1684 5366 αὕτη
1712 5295 1800 5348 καὶ

1913 4681 2174 4736 miserat.
2201 4684 2442 4751 Propter
2475 4695 2610 4751 ergo
2644 4679 3040 4736 excellentiam
3079 4679 3366 4744 miraculi,
3399 4695 3556 4735 com-

1914 4769 2374 4842 posuithymum
2425 4768 2706 4824 Hebraico
2740 4785 3031 4832 sermone,
3069 4768 3296 4824 senario
3346 4773 3554 4835 metro,

1912 4857 2379 4928 sicutJosephus
2412 4857 2467 4911 in
2492 4856 2886 4930 Archmologia
2923 4857 3088 4924 dicit,
3135 4857 3466 4912 canendum
3525 4875 3560 4914 ο.

1915 4947 2053 5002 viris
2074 4952 2126 5001 et
2160 4945 2528 5000 mulieribus.
2549 4945 2820 5000 Virorum
2850 4944 3044 5001 cantui
3078 4945 3310 5018 prmfuit
3337 4949 3560 5020 Moyses

1914 5034 2228 5090 mulierum
2260 5040 2455 5089 autem
2487 5050 2647 5089 soror
2680 5034 2810 5105 ejus
2839 5034 3018 5090 Maria
3047 5039 3394 5107 tympanum
3425 5035 3560 5109 pul-

1914 5141 2073 5181 sans.
2105 5123 2265 5179 Illam
2298 5139 2469 5196 porro
2509 5124 2679 5178 odam
2736 5128 2793 5178 et
2843 5124 3128 5196 hymnum
3174 5129 3232 5181 et
3265 5125 3560 5181 canticum

1914 5228 2042 5269 esse
2074 5214 2206 5268 inde
2240 5217 2418 5285 patet,
2453 5213 2606 5287 quod
2637 5213 2710 5268 ab
2732 5211 2827 5268 his
2855 5213 3047 5270 verbis
3080 5213 3285 5286 incipit
3315 5230 3330 5270 :
3362 5234 3384 5265 ι
3409 5214 3562 5270 Can-

1911 5305 2106 5358 temus
2135 5303 2397 5358 Domino.
2434 5323 2462 5350 ››

184 5392 309 5467 ᾆσμά
337 5396 490 5467 ἐστιν,
523 5390 744 5452 αὐτόθεν
777 5390 970 5458 δῆλον·
1013 5391 1298 5466 ἀρχομὲνη
1329 5387 1452 5462 γὰρ,
1489 5410 1510 5436 ι
1546 5385 1800 5458 ᾊσωμεν
1831 5392 1911 5462 τῷ
1941 5391 2149 5466 Κυρίῳ,
2192 5416 2218 5443 ›)
2252 5389 2408 5466 φησί.

241 5521 420 5578 Νοεῖτο
453 5520 499 5578 δ’
557 5520 620 5577 ἂν
679 5522 714 5590 ἡ
745 5517 970 5587 τοιαύτη
1008 5514 1260 5590 διήγησις
1291 5513 1382 5568 καὶ
1413 5511 1501 5567 ἐπὶ
1553 5515 1682 5566 πᾶσι
1729 5512 1798 5585 τῇ

179 5610 583 5688 τῶνάνθρώπων
630 5607 784 5687 φύσει
833 5607 952 5662 καθ²
1004 5602 1343 5680 ὑψηλότερον
1369 5605 1516 5657 νοῦν·
1574 5599 1648 5662 ὡς
1697 5597 1801 5676 γὰρ

179 5697 260 5752 τὸν
317 5695 552 5778 ’Δϐραὰμ
601 5701 629 5756 ὁ
688 5699 819 5763 θεὸς
871 5696 930 5752 ἐκ
974 5699 1072 5750 τοῦ
1119 5695 1306 5770 γένους
1368 5690 1644 5765 ἐξελέξατο
1692 5693 1799 5745 τῶν

433 5832 700 5896 Ριτιιοι..
751 5829 864 5892 Gn.
909 5823 1199 5890 CXXXV.

1982 5504 2096 5559 Sed
2129 5502 2250 5558 hinc
2300 5499 2700 5571 interpretatio
2741 5500 2813 5555 de
2883 5499 3059 5556 rebus
3117 5498 3390 5555 omnibus
3435 5515 3562 5570 quin

1910 5596 1981 5655 ad
2016 5592 2324 5650 hominum
2358 5594 2627 5645 naturam
2660 5592 2928 5662 spectant
2944 5605 3123 5646 sensu
3155 5587 3346 5646 altiori
3377 5588 3562 5662 accipi

1910 5687 2122 5759 potest.
2167 5679 2674 5747 Quemadmodum
2729 5678 2889 5737 enim
2944 5678 3350 5738 Ahrahamum
3406 5679 3562 5738 Deus

3204 5807 3280 5867 M
