4028 6202
475 398 598 458 427

1816 385 2140 452 JOANNIS
2182 387 2521 450 ΖΟΝΑΗιΕ

3575 87 3728 98 ’ἀπ
3803 51 4028 150 -Ε

3775 404 3891 466 ᾶθ

481 532 660 604 elegit
684 546 715 588 e
744 530 1018 587 Chaldao
1048 545 1259 602 genere
1287 543 1543 600 eumque
1570 525 1736 582 duxit
1755 525 1830 596 lin
1887 521 2115 579 Paleasti

2237 517 2537 610 ζαλδαίων,
2589 521 2677 576 xui
2729 523 3004 602 ἀπήγαγεν
3044 527 3211 582 αὐτὸν
3242 527 3319 590 εἲς
3346 529 3452 600 τὴν
3484 531 3883 610 Παλαιστίνην,

478 638 638 692 nam,
671 626 888 676 terram
919 617 1093 674 melle
1124 617 1388 688 lacteque
1418 616 1693 672 ﬂuentem
1724 630 1903 687 quam
1953 613 2124 667 datu-

478 729 585 766 rus
617 715 742 766 erat
811 708 1020 764 semini
1101 707 1231 776 ejus
1289 706 1614 761 secundum
1674 703 2124 777 promissionem

479 816 648 857 suam
682 815 696 854 :
729 797 816 853 sic
847 797 1101 868 primum
1175 795 1472 851 hominem
1523 795 1594 849 ab
1653 793 1812 848 omni
1859 797 2126 846 creatura

479 887 773 956 distinxit,
808 887 1121 957 posuitque
1152 883 1212 938 in
1235 883 1557 955 voluptatis
1604 882 1753 947 loco,
1785 880 2124 953 paradisum

479 976 629 1041 dico,
658 989 833 1044 quem
866 987 1098 1044 semper
1128 988 1513 1044 possessurus
1544 975 1686 1036 erat,
1721 969 1834 1025 nisi
1885 968 2124 1024 manda-

475 1070 604 1119 tum
636 1068 1045 1134 transgressus
1076 1066 1256 1116 esset.
1290 1065 1358 1114 Et
1387 1059 1887 1131 quemadmodum
1943 1057 2126 1111 Abra-

476 1151 639 1208 hami
669 1151 887 1222 posteri
918 1154 1156 1220 propter
1187 1149 1383 1204 cibum
1417 1149 1476 1202 in
1507 1149 1815 1220 Egyptum
1843 1145 2124 1211 migrave-

475 1246 616 1297 runt
643 1258 664 1294 .·
694 1239 777 1294 sic
808 1237 1182 1310 protoplasti,
1215 1237 1344 1292 cibo
1375 1237 1658 1308 superati,
1689 1231 2123 1307 paradiso,beul

476 1328 704 1401 expulsi
735 1331 875 1383 sunt
902 1333 960 1382 et
989 1326 1048 1381 in
1077 1326 1392 1398 ﬁguratam
1424 1329 1734 1397 Egyptum
1768 1323 2011 1389 inducit,
2041 1327 2125 1376 te-

474 1418 688 1472 nebras
748 1414 971 1471 scilicet
1030 1414 1375 1486 passionum
1433 1419 1491 1469 et
1549 1411 1877 1478 malitiam;
1911 1425 2123 1466 nomen

471 1503 702 1577 ﬁgypti
735 1505 990 1558 tenebras
1020 1507 1077 1557 et
1105 1502 1382 1557 malitiam
1413 1502 1609 1558 Graeco
1637 1516 1907 1558 sermone
1948 1498 2126 1569 signi-

475 1595 630 1649 ﬁcat.
656 1593 728 1648 Et
757 1592 911 1646 sicut
943 1590 1263 1646 Abrahami
1299 1595 1559 1662 posteros
1591 1605 1788 1646 servos
1836 1588 2129 1642 habebant

472 1682 632 1738 enim
662 1679 910 1752 Egyptii
942 1680 1013 1734 ad
1044 1679 1298 1735 laterum
1344 1680 1660 1744 fictionem,
1716 1694 1963 1733 annona)
2029 1677 2126 1730 de-

472 1771 624 1826 fectu
659 1773 932 1824 vexantes
962 1784 1082 1836 eos,
1106 1773 1165 1823 et
1197 1767 1454 1824 delentes
1487 1771 1656 1822 natos
1685 1782 1753 1820 ex
1781 1767 1864 1820 eis
1896 1779 2125 1819 mascu-

2232 606 2327 700 εἷςΔ
2363 615 2466 684 γῆν
2498 609 2720 700 ῥέουσαν
2751 611 2876 684 μέλι
2909 613 3000 669 καὶ
3028 615 3190 690 γάλα,
3220 618 3281 686 ἣν
3313 612 3521 691 ἔμελλε
3571 619 3762 678 δοῦναι
3809 606 3884 700 τῷ

2235 696 2502 788 σπέρματι
2549 697 2733 770 αὐτοῦ,
2785 703 2966 764 καθὼς
3009 703 3156 776 αὐτῷ
3207 703 3608 782 ἐπηγγείλατο,
3643 711 3792 766 οὕτω

2233 783 2414 860 ἀρχῆς
2440 787 2530 841 τὸν
2565 788 2849 864 ὰνθρωπον
2879 789 2937 845 ἐκ
2977 792 3155 862 πάσης
3195 797 3296 859 τῆς
3337 796 3564 860 κτίσεως
3609 783 3888 873 ὲπῳκειώλ

2235 895 2363 928 σατο
2391 874 2508 962 ,καί
2563 875 2711 940 ἔθετο
2762 878 2839 940 εἰς
2895 880 2956 934 τὸ
3011 889 3221 959 τρυφῆς
3250 884 3484 959 χωρίον,
3521 884 3666 962 λέγω
3701 888 3770 960 δὴ
3801 892 3884 947 τὸν

2233 961 2581 1053 παράδεισον,
2615 963 2942 1040 ἐνδιαίτημα
2969 973 3160 1024 τοῦτον
3198 969 3477 1044 μέλλοντα
3531 961 3708 1052 ἔχειν,
3743 979 3793 1034 εἴ
3818 982 3886 1053 μὴ

2232 1047 2443 1126 παρέϐη
2499 1053 2600 1121 τήν
2657 1053 2906 1126 ἐντολήν·
2969 1059 3056 1112 καὶ
3120 1059 3194 1121 ὡς
3256 1062 3310 1115 οἱ
3339 1067 3443 1117 τοῦ
3474 1047 3733 1140 Ἀϐραὰμ
3767 1047 3888 1140 μετέ

2235 1140 2451 1212 ᾤκησαν
2510 1141 2586 1204 εἰς
2660 1142 2930 1218 Αἴγυπτον
2983 1143 3072 1201 διὰ
3132 1148 3452 1224 βρώματος,
3505 1153 3648 1210 οὕτω
3697 1157 3794 1210 καὶ
3843 1159 3888 1212 οἰ

2233 1227 2679 1320 πρωτόπλαστοι,
2750 1233 3010 1308 βρώσεως
3070 1236 3420 1307 ἡττηθέντες,
3475 1245 3574 1296 τοῦ
3631 1243 3890 1320 παραδεί-

2235 1338 2352 1386 σου,
2381 1316 2477 1396 φεῦ
2503 1320 2515 1375 l
2577 1320 3010 1392 μετῳκίσθησαν,
3041 1324 3130 1378 καὶ
3158 1325 3235 1387 εἰς
3262 1328 3363 1395 τὴν
3402 1316 3722 1404 νοουμένην
3759 1355 3885 1389 κατ-

2233 1408 2491 1482 ήχθησπν
2549 1406 2843 1482 Αἷίγυπτον,
2877 1410 2952 1472 εἰς
2981 1412 3043 1466 τὸ
3073 1413 3266 1477 σκότος
3314 1413 3530 1488 δηλαδὴ
3579 1422 3643 1476 τὸ
3676 1420 3737 1477 ἐκ
3785 1429 3885 1480 τῶν

2235 1498 2418 1551 παθων
2449 1497 2536 1552 καὶ
2578 1499 2678 1567 τὴν
2729 1499 2780 1570 ἐξ
2828 1499 3004 1555 αὐτῶν
3049 1503 3308 1558 κάκωσιν·
3342 1508 3405 1561 τὸ
3449 1508 3554 1584 γὰρ
3586 1505 3768 1584 ὄνομα
3798 1519 3888 1582 τῆς

2235 1583 2512 1660 Αἰγύπτου
2571 1586 2760 1649 σκότος
2805 1589 2894 1643 xui
2951 1589 3188 1674 κάκωσιν
3243 1590 3412 1663 δηλοῖ
3459 1583 3888 1674 ἐξελληνιζόμε-

2233 1693 2347 1728 νον’
2402 1674 2490 1728 καὶ
2541 1675 2617 1739 ὡς
2655 1681 2773 1738 τοῖς
2820 1677 2870 1746 ἐξ
2921 1672 3177 1752 Ἀϐραὰμ
3229 1682 3285 1735 οἱ
3336 1683 3624 1759 Αἰγύπτιοι
3657 1689 3733 1750 ὡς
3765 1672 3885 1745 δού-

2237 1759 2356 1823 λοις
2387 1761 2685 1837 ἐκέχρηντο
2741 1768 2820 1835 τῷ
2865 1763 3035 1838 πηλῷ
3082 1768 3171 1822 καὶ
3201 1773 3270 1843 τῇ
3302 1768 3550 1844 πλινθίᾳ,
3607 1775 3886 1833 ταλαιπω-

474 1860 676 1928 los;sic
710 1857 944 1930 ﬁgurati
970 1857 1219 1929 [Egyptii
1243 1857 1492 1912 tenebrae
1516 1854 1902 1925 facti,lumine
1931 1853 2126 1909 divino

2238 1855 2455 1926 ροῦντες
2503 1851 2698 1913 αὐτοὺς
2746 1851 2919 1925 σίτου,
2968 1855 3058 1909 καὶ
3106 1856 3454 1932 ἀναιροῦντες
3499 1862 3566 1917 τὰ
3605 1863 3659 1934 ἐξ
3718 1864 3884 1921 αὐτῶν

477 1950 880 2013 abutentes,ut
910 1949 1091 2002 servis
1124 1947 1440 2001 utebantur
1463 1945 1820 2012 hominibus,
1845 1961 1944 1999 eos
1974 1943 2126 1998 male

2237 1939 2496 2015 γενόμενα
2525 1939 2740 2016 ἄρρενα,
2802 1940 3064 1998 οὕτωκαὶ
3125 1946 3176 2000 οἱ
3235 1949 3425 2018 νοητοὶ
3481 1950 3786 2027 Αἰγύπτιοι
3836 1955 3881 2010 οἵ

480 2037 780 2106 habentes,
812 2034 899 2090 vel
927 2034 1121 2106 potius
1152 2052 1225 2090 an
1249 2033 1469 2089 malum
1501 2034 1910 2105 perducentes;
1943 2031 2123 2101 siqui-

472 2127 605 2180 dem
629 2126 686 2180 in
717 2124 878 2180 omni
910 2123 1134 2178 malitia
1166 2123 1578 2195 provolvebant
1607 2139 1706 2178 eos
1737 2128 1794 2178 et
1824 2121 1945 2176 luto
1979 2121 2125 2176 late-

469 2229 717 2283 rumque
749 2213 992 2281 ﬁctioni,
1025 2212 1168 2267 dum
1200 2212 1312 2283 ipsi
1364 2211 1712 2278 otiarentur,
1764 2209 2127 2265 adhibebant

470 2319 593 2369 eos,
639 2303 712 2357 ad
770 2306 1064 2356 terrenum
1124 2300 1348 2356 scilicet
1404 2305 1462 2355 et
1518 2303 2008 2365 stramentosum,
2067 2303 2126 2353 et

469 2389 860 2447 combustioni
892 2389 1250 2444 destinatum
1281 2405 1430 2460 opus
1481 2389 1803 2444 secuddum
1862 2388 2122 2458 Evange-

468 2479 780 2536 liumzsic
828 2477 986 2534 enim
1062 2494 1210 2549 opus
1275 2477 1642 2546 [conﬁciendi
1726 2476 1926 2532 lateris
1996 2475 2124 2530 luto

471 2569 683 2624 miscet
712 2566 962 2640 paleam.
996 2566 1353 2622 Occidebant
1383 2583 1617 2638 quoque
1649 2565 2124 2622 masculos.cum

471 2658 629 2714 enim
658 2656 846 2711 virilis
903 2655 1174 2727 cogitatio
1223 2655 1284 2710 in
1343 2655 1539 2728 aliquo
1587 2654 1957 2722 nascebatur,
2008 2670 2123 2708 non

473 2745 895 2819 permittebant
921 2761 1050 2800 eam
1082 2744 1488 2817 grandescere,
1523 2745 1624 2799 sed
1673 2742 2124 2808 iuterﬁciebant,

475 2851 550 2890 ne
580 2850 843 2906 unquam
903 2833 1059 2905 quod
1113 2833 1200 2889 las
1247 2837 1337 2890 est
1364 2831 1650 2889 sentirent
1680 2847 1785 2889 nec
1838 2829 2124 2887 malitiam

475 2924 746 2981 vitarent.

545 3101 614 3156 Et
634 3099 1132 3173 quemadmodum
1175 3103 1348 3170 Deus,
1381 3099 1694 3155 Abrahami
1756 3104 2124 3172 posterorum

471 3190 772 3257 misertus,
804 3193 1035 3262 Moysen
1084 3188 1393 3260 delegavit,
1451 3189 1552 3260 qui
1611 3189 1811 3244 eduxit
1867 3188 1997 3244 illos
2054 3206 2126 3244 ex

467 3280 710 3353 [Egypto
740 3283 797 3334 et
826 3278 1102 3334 servitute
1133 3278 1402 3350 improba
1455 3276 1724 3334 liberavit
1759 3294 1772 3335 :
1805 3277 1888 3333 sic
1939 3279 2124 3334 totius

476 3367 710 3440 generis
742 3366 989 3422 humani
1025 3366 1306 3422 misertus
1329 3370 1387 3422 et
1417 3366 1802 3439 ﬁguratorum
1859 3366 2122 3440 Egyptio

470 3473 604 3513 rum
637 3457 918 3513 servitute
951 3455 1200 3511 liberare
1257 3453 1479 3523 volens,
1515 3471 1629 3511 non
1661 3454 1959 3528 angelum,
2021 3471 2126 3512 nec

474 3545 784 3602 hominem
818 3543 1126 3616 delegavit,
1151 3544 1253 3599 sed
1295 3545 1492 3616 ipsum
1516 3543 1726 3600 Filium
1758 3561 1934 3601 suum
1995 3543 2128 3599 uni-

478 3633 767 3708 genitum.
801 3634 1017 3704 Majore
1049 3633 1206 3688 enim
1239 3633 1458 3688 auxilio
1490 3649 1639 3704 opus
1679 3639 1804 3689 erat
1869 3633 2128 3689 humano

483 3723 682 3797 generi
717 3723 822 3778 toti
855 3738 1032 3794 quam
1061 3723 1294 3778 Hebraeo
1327 3721 1562 3794 populo,
1597 3721 1697 3794 qui
1731 3723 1987 3778 universi
2020 3722 2130 3777 hu-

485 3811 645 3868 mani
676 3812 908 3881 generis
965 3809 1198 3870 nonnisi
1255 3811 1568 3883 perexigua
1624 3827 1761 3882 pars
1808 3815 1951 3866 erat.
1985 3810 2131 3867 Cum

488 3900 648 3957 enim
673 3899 833 3955 istud
865 3899 1240 3971 subegissent
1286 3900 1580 3955 daemones
1633 3899 1911 3970 Egyptiis
1969 3901 2135 3956 erant

487 3987 890 4058 terribiliores,
947 3993 1004 4043 et
1033 3989 1103 4042 ad
1139 4003 1238 4042 eos
1299 3989 1662 4058 superandos
1729 3989 1964 4044 fortiore
2016 3989 2134 4044 illis

485 4094 634 4150 opus
680 4082 823 4133 erat.
883 4081 949 4131 Et
995 4077 1499 4148 quemadmodum
1549 4077 1782 4150 Moyses
1840 4075 2134 4133 lsraelitas

481 4182 644 4222 mare
675 4165 964 4231 dividens,
999 4181 1102 4236 per
1132 4164 1274 4219 illud
1315 4165 1502 4220 siccos
1530 4166 1812 4234 traduxit,
1836 4165 2136 4239 {Egyptios

480 4259 681 4312 autem
716 4253 774 4309 in
809 4253 929 4309 ullo
985 4254 1306 4309 submersit
1353 4259 1770 4326 persequentes
1827 4267 1926 4310 eos
1983 4259 2138 4326 post-

470 4360 653 4417 quam
683 4359 713 4400 e
743 4342 1016 4398 manibus
1046 4359 1248 4398 eorum
1280 4344 1644 4415 aufugerunt
1671 4360 1684 4398 :
1723 4343 1808 4399 sic
1868 4343 2137 4400 Salvator

469 4438 670 4490 noster
691 4431 799 4488 sibi
819 4431 1179 4486 confidentes
1206 4437 1260 4487 et
1283 4431 1529 4487 insidias
1552 4432 1884 4488 damonum
1913 4432 2138 4504 fugien-

465 4527 557 4579 tes
584 4521 840 4578 traducit
884 4519 1043 4575 ultra
1102 4535 1389 4575 oceanum
1451 4521 1820 4592 passionum,
1881 4537 2134 4592 quarum

2235 2029 2426 2090 σκότος
2457 2027 2726 2104 ἐγένοντο,
2774 2028 3130 2096 ἐκπάσσοντες
3188 2041 3286 2091 τοῦ
3348 2038 3495 2102 θείου
3555 2043 3754 2119 φωτὸς,
3798 2047 3870 2100 οἷα

2235 2115 2425 2172 δοῦλοι
2476 2122 2546 2191 τῇ
2601 2119 2912 2194 ἀνθρωπεία
2969 2121 3123 2199 φύσει
3173 2124 3516 2201 ἐκέχρηντο,
3568 2115 3872 2196 ⁷κακοτᾶντες

2232 2206 2428 2268 αὐτοὺς
2475 2206 2509 2277 ἢ
2558 2209 2878 2272 κακύνοντες
2928 2209 3164 2284 μᾶλλον’
3223 2215 3298 2277 ὡς
3350 2216 3428 2279 εἰς
3467 2223 3644 2275 πᾶσαν
3703 2224 3876 2278 κακίαν

2233 2295 2429 2384 αὐτοὺς
2483 2295 2859 2373 ἐγκυλίσαντες
2923 2301 3010 2384 καὶ
3069 2306 3150 2374 τῷ
3178 2303 3346 2377 πηλῷ
3373 2305 3467 2361 xui
3518 2311 3588 2382 τῇ
3636 2309 3883 2384 πλινθείᾳ

2233 2383 2510 2460 σχολάσαι
2541 2385 2804 2456 διηνεκῶς
2849 2382 3207 2459 ἓκϐιάζοντες,
3259 2398 3379 2456 τοῖς
3424 2395 3644 2469 γηΐνοις
3693 2382 3885 2466 δηλονζ

2235 2473 2318 2527 ότι
2365 2475 2453 2528 καὶ
2503 2472 2812 2549 ἀχυρώδεσι
2871 2475 3174 2552 πράγμασι,
3218 2481 3310 2535 καὶ
3340 2481 3417 2544 εἰς
3446 2489 3635 2541 καῦσιν
3692 2487 3886 2544 ἀποτε-

2230 2563 2518 2654 τῗιγμέγοις
2585 2563 2727 2654 βατὰ
2794 2564 2856 2618 τὸ
2890 2652 2897 2654 _
2935 2564 3291 2642 Εὖαγγὲλιονο
3362 2577 3612 2628 τοιοῦτον
3692 2578 3801 2654 γὰρ
3853 2582 3884 2649 ἡ

2233 2648 2460 2714 πλινθία
2501 2648 2669 2724 πηλῳ
2718 2652 3075 2730 συμφύρουσα
3132 2657 3332 2733 ἄχυρα·
3389 2660 3626 2736 ἀνῄρουν
3690 2648 3886 2722 δὶῗκαὶ

2231 2740 2300 2794 τὰ
2323 2737 2544 2832 ἀῤῥᾶναο
2598 2739 2647 2832 εἴ
2694 2740 2795 2832 γάρ
2838 2763 2922 2832 τις
2968 2741 3322 2819 ἀῤῥενοποιὸς
3380 2749 3654 2825 λογισμὸς
3693 2752 3884 2832 ὶτὲχθη

2233 2829 2362 2921 τινὶ,
2421 2827 2521 2921 οὐκ
2573 2826 2722 2921 εἴων-
2768 2827 3113 2921 ἀνδρωθῆναι
3194 2834 3378 2907 αὐτὸν,
3439 2837 3574 2896 ἀλλ’
3629 2826 3883 2921 ἀνῄρουν,

2227 2915 2317 2972 ’ίνα
2377 2919 2453 2990 μή
2511 2937 2648 2972 ποτε
2674 2919 2736 2973 τὸ
2769 2915 2886 2974 δέον
2919 2923 3231 2998 φρονήσωσι
3263 2927 3350 2982 καὶ
3398 2927 3503 2997 τὴν
3551 2915 3756 2986 κακίανί
3810 2933 3882 2989 lx-

2234 3004 2463 3084 φύγωσι.

2306 3095 2404 3149 Καὶ
2459 3094 2639 3170 ὥσπερ
2669 3094 2796 3158 τοὺς
2844 3095 2895 3168 ἐξ
2943 3093 3195 3174 Ἀϐραὰμ
3225 3101 3494 3178 οἰκτείρας
3540 3107 3567 3162 ὁ
3599 3109 3756 3181 Θεὸς,
3804 3111 3885 3166 τὸν

2235 3187 2473 3249 Μωυσῆν
2550 3183 2908 3272 ἐξαπέστειλε,
2983 3195 3085 3258 τῆς
3154 3189 3431 3266 Αἲγύπτου
3512 3195 3747 3261 τούτους
3806 3200 3886 3272 ιε-

2237 3274 2438 3347 άγοντα
2483 3273 2570 3326 καὶ
2631 3271 3068 3348 ἆλευθερώσαντα
3114 3284 3216 3348 τῆς
3271 3279 3524 3355 χαλεπῆς
3587 3282 3838 3351 δουλείας
3869 3330 3882 3356 ,

2235 3361 2379 3416 οὕτω
2433 3361 2523 3415 καὶ
2579 3361 2641 3415 τὸ
2691 3360 2846 3435 γένος
2901 3364 3041 3418 ἅπαν
3088 3369 3462 3444 κατοικτείρας
3491 3373 3556 3426 τὸ
3619 3375 3882 3448 βρότειον,

2235 3449 2325 3504 καὶ
2381 3455 2482 3519 τῆς
2541 3446 2790 3512 δουλείας
2829 3454 2937 3504 τῶν
2987 3454 3293 3527 νοουμένων
3344 3446 3660 3533 Αἰγυπτίων
3719 3462 3882 3534 ἐξελε.

2239 3551 2360 3603 σθαι
2387 3537 2640 3610 θελήσας,
2696 3538 2796 3625 οὐκ
2849 3538 3082 3615 ἄγγελον
3141 3544 3477 3620 ἀπέστειλεν,
3539 3547 3670 3606 οὐδὲ
3703 3554 3886 3625 μέντοι

2237 3648 2300 3703 γε
2329 3625 2636 3702 ἄνθρωπον.
2671 3624 2796 3682 ἀλλ’
2823 3629 2984 3684 αὐτὸν
3015 3631 3106 3685 τὸν
3139 3633 3261 3688 Υίὸν
3310 3635 3475 3691 αὐτοῦ
3527 3639 3621 3694 τὸν
3664 3662 3886 3718 μονογεα

2239 3723 2330 3807 νῆ,
2367 3715 2607 3807 μείζονος
2651 3715 2751 3807 γὰρ
2796 3713 2967 3807 ἓδεῖτο
3021 3717 3334 3807 ἐπικουρίας
3392 3727 3427 3794 ἡ
3490 3726 3747 3807 σύμπασρ
3776 3713 3880 3786 τῶν

2242 3805 2540 3894 ἀνθρῴπων
2595 3805 2752 3882 φύσις
2810 3804 2845 3874 ἢ
2875 3807 2937 3860 τὸ
2966 3811 3075 3861 τῶν
3105 3803 3372 3883 Ἐϐραίων
3430 3809 3600 3888 ἔθνος,
3637 3803 3808 3894 μίρος
3838 3822 3896 3876 ὃν

2247 3893 2425 3971 βραχύ
2453 3914 2506 3948 τι
2536 3900 2636 3963 τῆς
2665 3897 2770 3948 τῶν
2806 3894 3103 3969 ἀνθρώπων
3154 3897 3370 3956 πάντων
3421 3893 3720 3975 ὀλότητοςλ
3779 3909 3890 3966 ἐπεὶ

2242 3982 2333 4038 καὶ
2388 3982 2440 4036 οἱ
2505 3981 2705 4048 ταύτην
2764 3980 3275 4049 καταδουλώσαντες
3326 3985 3585 4064 δαίμονες
3641 4001 3749 4052 τῶν
3797 4001 3892 4055 Αἱ·
3979 4019 3998 4064 _I

2243 4071 2485 4148 γύπτίων
2541 4072 2676 4140 ἦσαν
2730 4068 3061 4149 δεινότεροι,
3119 4075 3210 4129 καὶ
3257 4081 3354 4131 τοῦ
3421 4083 3747 4153 κατάξοντος
3800 4087 3891 4141 αὖ-

2243 4159 2368 4222 τοὺς
2415 4158 2771 4234 ἰσχυροτίρου
2817 4157 3094 4234 δεόμενοι.
3153 4165 3258 4220 Καὶ
3316 4161 3499 4244 ὥσπερ
3559 4172 3589 4226 ὁ
3650 4175 3888 4244 Mwsg-ﬁ;

2242 4249 2369 4340 τοὺς
2409 4247 2760 4340 ,Ἰσραηλίτας
2808 4251 2907 4320 τὴν
2955 4249 3224 4340 θάλασσαν
3286 4251 3583 4333 διατεμὼν,
3634 4257 3887 4340 ἀϐρόχως

2245 4336 2314 4392 δι’
2364 4338 2532 4407 αὐτῆς
2582 4332 2892 4407 διεϐίϐασε,
2956 4339 3085 4402 τοὺς
3144 4339 3202 4396 δὶ
3258 4332 3593 4420 Αἰγυπτίους
3652 4332 3716 4406 ἐν.
3757 4332 3887 4423 uit-ﬁ

2243 4426 2592 4482 κατεπόντισε
2622 4423 2916 4489 διώκοντας
2971 4427 3188 4501 αὐτοὺς,
3245 4431 3333 4486 καὶ
3391 4436 3526 4506 μετὰ
3562 4439 3663 4506 τὴν
3699 4438 3752 4494 ἐκ
3778 4446 3886 4495 τῶν

2245 4521 2447 4592 χειρῶν
2507 4513 2722 4604 ἐκείνων
2781 4513 3111 4591 ἀπύδρασιν,
3166 4517 3310 4575 οὕτω
3367 4524 3457 4578 καὶ
3519 4526 3546 4580 ὁ
3609 4530 3799 4604 Σωτήρ
3860 4530 3887 4584 ὁ

469 4609 930 4667 amaritudinem
965 4625 1081 4662 non
1113 4613 1358 4680 gustant
1391 4625 1404 4665 :
1437 4609 1734 4664 daemones
1764 4615 1957 4665 autem
1991 4611 2126 4666 sub-

2241 4606 2507 4679 ὑμέτερος
2553 4603 2686 4666 τοὺς
2736 4604 2882 4678 αὐτῷ
2935 4607 3290 4680 πειθομίνους
3337 4613 3427 4666 xui
3482 4621 3584 4684 τῆς
3643 4603 3888 4681 δουλείας

467 4700 683 4773 mergit
711 4704 767 4754 et
797 4697 1064 4752 sull'ocat.
1119 4695 1396 4754 Videntes
1440 4698 1596 4753 enim
1649 4697 1938 4766 homines,
1981 4717 2130 4771 quos

462 4788 629 4860 prius
661 4785 1451 4853 dominabantur,absolutos
1482 4784 1719 4842 illorum
1752 4787 2039 4844 servitute
2071 4795 2129 4845 et

465 4876 663 4947 potius
691 4875 837 4947 ipsis
867 4874 1254 4946 imperantes,
1287 4880 1344 4929 et
1369 4875 1540 4946 quasi
1571 4891 1751 4946 super
1791 4876 2030 4948 aspides
2072 4881 2130 4934 et

465 4963 736 5020 basilicos
758 4963 1133 5019 ambulantes
1165 4978 1346 5035 super
1374 4979 1496 5031 eos,
1531 4964 1629 5035 qui
1679 4964 1877 5021 leones
1935 4966 2128 5022 videa-

459 5056 560 5109 tur
587 5056 644 5109 et
675 5051 1084 5108 fortitudinem
1117 5051 1575 5123 aspirant,valde
1598 5052 1906 5108 irritantur
1928 5059 1986 5110 et
2009 5055 2130 5111 suf-

458 5144 747 5200 focantur.
781 5141 985 5197 Vocari
1016 5146 1264 5214 possunt
1315 5140 1492 5196 iidem
1552 5147 1609 5196 et
1661 5141 1935 5209 tertiarii,
1987 5145 2128 5214 quia

459 5238 580 5289 tres
611 5232 819 5288 animis
852 5236 1046 5302 partes
1080 5234 1367 5301 occupant
1395 5237 1450 5286 et
1480 5230 1564 5285 sic
1610 5245 1710 5285 eos
1767 5231 1867 5302 qui
1930 5231 2124 5303 negli-

458 5321 969 5394 gentiores‘sunt,
1059 5335 1412 5392 quocunque
1476 5317 1792 5390 voluerint,
1871 5319 2115 5376 ducunt.

454 5409 802 5482 Composita:
828 5411 1024 5464 autem
1057 5413 1197 5464 sunt
1220 5408 1340 5464 edas
1373 5425 1475 5480 pro
1502 5409 1680 5464 certis
1715 5409 2107 5479 temporibus:

451 5515 630 5572 quam
663 5499 736 5554 ob
766 5513 890 5554 rem
913 5497 1191 5553 omnibus
1213 5498 1436 5553 caeteris
1458 5497 1572 5553 ista
1602 5498 1902 5569 proposita
1932 5497 2108 5556 est.ln

453 5586 602 5642 libro
631 5588 787 5642 enim
811 5585 992 5642 Exodi
1023 5603 1056 5640 a
1077 5589 1270 5656 Moyse
1300 5585 1604 5657 scribitur,
1640 5591 1750 5642 etc.

2236 4700 2344 4751 τῶν
2397 4692 2670 4766 δαιμόνων
2730 4691 3246 4769 ἀποδιδράσκοντας,
3289 4695 3594 4773 διαϐιϐάζει
3641 4707 3735 4776 τὴν
3783 4707 3889 4761 θά-

2240 4783 2438 4840 λασσαν
2465 4787 2572 4838 τῶν
2606 4787 2815 4852 παθῶν,
2847 4782 3134 4859 ἀγεύστους
3187 4795 3467 4864 συντηρῶν
3519 4800 3623 4864 τῆς
3669 4795 3886 4871 πικρίας

2238 4873 2435 4928 αὐτῶν
2467 4873 2593 4934 τοὺς
2644 4869 2904 4945 δαίμονας
2953 4870 3011 4928 δὲ
3055 4883 3384 4933 καταποντεῖ
3410 4900 3468 4935 τε
3498 4882 3590 4936 xui
3650 4869 3882 4939 ἀποπνί-

2236 4981 2354 5037 γειο
2422 4963 2654 5035 ὁρῶντες
2709 4966 2810 5037 γὰρ
2884 4961 3011 5024 τοὺς
3085 4963 3403 5039 ἀνθρώπους
3462 4970 3537 5024 ὧν
3591 4973 3714 5048 πρὶν
3761 4972 3886 5028 ζχυ-

2239 5052 2440 5126 ρίευον,
2473 5049 2838 5113 ἀπολυθέντας
2867 5057 2970 5120 τῆς
3019 5052 3334 5127 τυραννίδος
3385 5058 3562 5115 αὐτῶν
3610 5063 3697 5116 καί
3738 5061 3883 5134 μᾶλ-

2237 5139 2332 5195 λον
2383 5138 2566 5200 αύτοίς
2621 5138 3026 5208 ἑπιτάσσοντας,
3077 5143 3164 5196 καὶ
3229 5143 3304 5207 ὡς
3350 5145 3437 5200 ἐπὶ
3501 5147 3739 5204 ἀσπίδων
3781 5149 3882 5203 καὶ

2239 5227 2567 5304 βασιλίσκων
2619 5227 2701 5282 ἐπ’
2751 5227 2947 5292 αὐτοὺς
2994 5224 3408 5304 ἐπιϐαίνοντας,
3471 5235 3602 5300 τοὺς
3660 5238 3879 5299 λέοντας

2233 5316 2523 5380 δοκοῦντας
2554 5316 2640 5372 καὶ
2673 5313 2968 5393 δράκοντας
3013 5318 3112 5388 τὴν
3161 5318 3344 5396 ἰσχὺν,
3403 5326 3766 5399 πικραίνονταί
3813 5347 3880 5381 τε

2231 5405 2436 5486 σφόδρα
2490 5406 2581 5462 καὶ
2631 5405 3053 5482 ἀποπνίγονται.
3117 5409 3236 5465 Εἶεν
3283 5407 3330 5466 δ’
3379 5413 3436 5467 ἃν
3488 5415 3542 5470 οἰ
3586 5415 3728 5471 αὐτοὶ
3772 5414 3875 5468 καὶ

2227 5498 2524 5574 τριστάται,
2585 5496 2658 5557 ὡς
2710 5495 2774 5550 τὰ
2831 5502 3064 5571 τριμερῆ
3121 5504 3222 5567 τῆς
3254 5501 3440 5577 ψυχῆς
3489 5497 3874 5563 ἐπιϐαίνοντεςο

2223 5585 2312 5642 καὶ
2363 5581 2436 5638 δι’
2492 5582 2656 5639 αὐτοῦ
2721 5583 2850 5646 τοὺς
2923 5582 3319 5662 ἀμελεστέρους
3390 5591 3528 5648 ὅπου
3588 5590 3870 5668 βούλονται

459 5673 704 5746 ἄγοντες.
737 5673 1012 5730 Τέθεινται
1044 5669 1102 5726 δὲ
1129 5673 1186 5726 αἱ
1214 5669 1350 5744 ᾠδαὶ
1381 5673 1516 5728 κατά
1541 5671 1669 5737 τοὺς
1701 5671 1902 5729 οἰκείου
1933 5671 2185 5750 χρόνευς·
2219 5676 2339 5730 ὃθεν
2371 5673 2462 5728 καὶ
2495 5672 2569 5736 ὡς
2599 5671 3002 5750 προγενεστὲρα
3031 5673 3166 5748 αὕτη
3197 5681 3306 5732 τῶν
3340 5676 3528 5736 ἄλλων
3577 5681 3868 5758 προτὲταχ-

459 5777 573 5814 ταιο
608 5759 661 5814 ἐν
697 5760 798 5835 γὰρ
830 5764 900 5833 τῇ
929 5767 1028 5831 τῆς
1063 5758 1281 5830 Ἐξόδου
1315 5756 1494 5836 βίϐλῳ
1523 5764 1783 5827 Μοϋσέως
1814 5765 2134 5842 γέγραπται,
2164 5787 2217 5828 κ.
2247 5787 2296 5820 τ.
2332 5761 2388 5820 λ.
