4028 6202
1244 425 1351 486 DE
1390 421 1893 484 ΜΑἸἮῘΜΟΝΙΟ
1935 419 2482 483 SOBRINORUM.

3450 419 3572 481 630

202 549 3580 590 Μ

694 743 1768 917 ΙΩΑΝΝΟΥ
1896 739 3064 915 ΜΟΝΑΧΟΥ

1455 1029 1705 1127 ΤΟΥ
1790 1027 2296 1124 ΖΩΝΑΡΑ

187 1223 265 1279 ιιι(
325 1212 697 1278 ιιΡοεριιοι·
759 1223 895 1278 ΤΩΝ
962 1223 1351 1280 APXIEPEQN
1385 1266 1401 1292 ,
1468 1223 1629 1277 IIEPI
1693 1221 1829 1278 ΤΟΥ

1959 1221 1993 1276 Η
2079 1221 2236 1276 ΔΕΙΝ
2305 1221 2430 1278 ΔὶὈ
2505 1221 3078 1277 ΔΙΣΕΞΛΔΕΛΦΟΥΣ
3145 1223 3276 1274 ΤΗΝ
3346 1219 3575 1274 ΑῙἼῊΝ

1413 1297 1552 1351 ΑΓΛ
1562 1294 1804 1350 ΓΕΣΘΑΙ
1853 1296 2034 1348 ΠΡΟΣ
2076 1295 2335 1349 ΓΑΜΟΝ.

839 1604 1798 1773 JOANNIS

1965 1603 2929 1772 ZONAR/E

1595 1886 2190 1984 MONACHI

339 2071 421 2126 EX
457 2069 776 2130 PERSONA
817 2070 1240 2139 PONTIFICUM,
1283 2070 1459 2139 QUOD
1500 2069 1640 2126 NON

1959 2071 2151 2199 géJUO
2190 2071 2472 2130 SOBRINI
2508 2069 2800 2127 EAMDEM
2834 2071 2907 2127 IN
2943 2067 3408 2127 MATRIMONIUM

1488 2287 1676 2360 (Apud
1715 2286 2088 2356 Cotelorium,
2127 2287 2298 2360 ibid.)

251 2581 310 2634 α’.
340 2581 472 2643 Τοῖς
530 2574 872 2653 προστασίαν
927 2576 1309 2654 ἐγχειρισθεῖσι
1371 2578 1542 2649 λαοῦ,
1600 2575 1689 2634 διὰ
1741 2583 1838 2634 τοῦ

2028 2583 2183 2638 1.Αᾶ
2237 2599 2333 2639 eos
2391 2583 2608 2656 quibus
2656 2583 2970 2640 commissa
3027 2581 3137 2638 fuit
3167 2579 3365 2655 populi
3396 2578 3597 2653 praefe-

190 2670 462 2746 προφήτου
520 2667 692 2746 φησὶν
752 2672 780 2721 ὸ
838 2668 988 2729 Θεός⁶
1024 2668 1144 2724 Ἐὰν
1205 2669 1278 2742 μὴ
1340 2665 1670 2744 διαστείλῃς,
1737 2691 1839 2742 μη-

193 2755 241 2812 δὲ
291 2756 582 2831 λαλήσῃς,
644 2755 990 2820 ἀποθανεῖται
1048 2757 1076 2811 ὁ
1134 2753 1345 2830 ἄνομος
1404 2755 1454 2811 ἐν
1514 2759 1582 2830 τῇ
1639 2757 1841 2830 ἀνομίᾳ

192 2846 358 2915 αὐτοῦ,
415 2847 507 2902 καὶ
577 2846 639 2900 τὸ
696 2847 834 2918 αἷμα
889 2845 1056 2900 αὐτοῦ
1113 2844 1172 2900 ἐκ
1218 2848 1316 2915 τῆς
1374 2847 1562 2922 χειρός
1609 2867 1704 2900 σου
1754 2845 1840 2900 ἐκ·

195 2937 576 3006 ζητηθήσεται..
635 2934 702 2991 Τί
759 2938 890 3010 γοῦν
948 2933 1006 2988 lx
1058 2938 1154 2988 τοῦ
1205 2933 1348 2998 θείου
1395 2933 1591 2990 τούτου
1637 2936 1839 3008 θεσμοῦ

194 3031 318 3080 νοεῖν
367 3021 549 3080 ἔπεισι
597 3029 713 3086 τοῖς
761 3024 1002 3078 ἐπιοῦσιν
1053 3023 1397 3096 [[παίουσιν]
1447 3024 1610 3079 αὐτὸν
1658 3025 1693 3093 ἢ
1725 3028 1840 3085 τοῖς

195 3111 314 3169 λαοῦ
360 3117 705 3189 προεστῶσιν
751 3131 766 3182 ;
808 3111 1039 3186 Ἀνάγκη
1090 3112 1251 3167 αὐτὸν
1281 3111 1491 3188 ἐπάγειν
1549 3111 1842 3188 ἐγρηγορὲ-

194 3225 290 3272 ναι,
319 3204 409 3258 καὶ
459 3203 532 3258 τὰ
580 3207 662 3274 τῷ
703 3201 1026 3266 καθὲκαστον
1073 3203 1430 3278 πεπραγμένα
1467 3207 1838 3278 περισκοπεῖν,

197 3291 272 3347 καὶ
299 3294 387 3347 τὸν
417 3296 517 3347 τοῦ
557 3289 690 3346 Θεοῦ
719 3290 888 3363 νόμον
920 3289 1271 3366 ἀναγγὲλλειν
1305 3291 1510 3353 αὐτοῖς’
1543 3292 1633 3346 καὶ
1684 3291 1726 3345 εί
1763 3291 1838 3363 μὴ

197 3382 502 3458 πορεύοιντο
561 3381 676 3435 κατ’
728 3380 888 3436 αὑτὸν
921 3427 937 3454 ,
985 3379 1075 3434 καὶ
1127 3377 1464 3436 διαστέλλειν
1522 3379 1611 3435 καὶ
1669 3379 1844 3456 λέγειν

197 3471 275 3525 καὶ
323 3470 567 3526 κωλύειν
615 3469 683 3524 τὰ
739 3466 966 3542 ἄθεσμα.
1000 3467 1061 3525 Εἰ
1111 3466 1158 3523 δ’
1201 3470 1290 3547 ἀφ’
1338 3471 1538 3524 ἑαυτῶν
1585 3467 1840 3542 κινουμὲα

197 3579 305 3624 νους
348 3560 475 3621 τοὺς
529 3562 876 3631 προεστῶτας
915 3558 1118 3612 πιστῶν
1163 3558 1254 3611 καὶ
1300 3562 1463 3613 ταῦτα
1505 3555 1633 3633 δρᾷν
1665 3559 1840 3633 ἀπαρ-

199 3647 422 3717 αίτητον,
471 3647 528 3703 τί
575 3648 637 3701 ἄν
679 3667 762 3709 τις
809 3642 952 3701 εἴποι
1002 3645 1152 3710 ὅπως
1200 3646 1314 3720 ’χρή
1364 3647 1593 3710 τούτους
1636 3646 1845 3722 ἐρωτω-

203 3738 380 3810 μένους
440 3737 570 3810 περὶ
645 3755 802 3790 τινων
861 3735 1103 3812 πράξεων
1166 3734 1488 3792 διατίθεσθαι
1550 3755 1564 3805 ;
1624 3737 1844 3797 Πάντως

200 3827 431 3901 ἐκθύμως
484 3826 621 3903 ἄγαν
669 3826 986 3883 ἀνακόπτειν
1043 3848 1102 3882 τε
1132 3827 1220 3883 καὶ
1275 3828 1551 3903 ἀπείργειν
1610 3825 1698 3882 διὰ
1734 3828 1843 3881 τῶν

1949 2674 2132 2738 ctura,
2165 2671 2306 2727 dicit
2335 2673 2486 2727 Deus
2535 2688 2639 2744 per
2693 2671 3071 2744 prophetam:
3105 2670 3164 2726 Si
3191 2687 3298 2726 non
3331 2669 3596 2739 edixeris,

1947 2777 2123 2833 neque
2157 2760 2372 2817 loculus
2389 2763 2587 2834 fueris,
2619 2764 2891 2817 morietur
2937 2762 3163 2832 iniquus
3192 2761 3254 2815 in
3297 2760 3599 2830 iniquitate

1947 2868 2067 2917 sua,
2123 2858 2175 2906 et
2225 2853 2452 2922 sanguis
2508 2851 2625 2920 eius
2678 2850 2742 2906 de
2798 2867 2967 2906 manu
3019 2854 3115 2906 tua
3178 2849 3502 2921 requiratur
3547 2848 3590 2902 ί.

1951 2940 2096 3006 Quid
2127 2956 2264 3012 ergo
2294 2957 2359 2995 ex
2393 2940 2503 2995 hac
2533 2939 2732 2995 divina
2785 2939 3087 2995 sanctione
3142 2937 3466 3009 intelligere
3497 2935 3594 2990 da-

1948 3034 2047 3084 tur
2076 3029 2149 3085 iis
2177 3030 2278 3101 qui
2308 3045 2436 3086 eam
2469 3028 2782 3096 audierint,
2815 3027 2902 3084 vel
2950 3027 3150 3102 populi
3193 3025 3542 3100 praesidibus
3565 3023 3595 3078 ?

1951 3118 2118 3173 Illam
2176 3118 2474 3190 imponere
2532 3118 2937 3174 necessitatem
2981 3116 3283 3189 vigilandi,
3314 3119 3596 3187 gestaque

1951 3206 2316 3279 singulorum
2349 3207 2778 3277 considerandi,
2802 3205 3066 3279 legisque
3087 3205 3338 3276 Deiipsis
3369 3220 3599 3261 annun-

1950 3296 2198 3361 tiandze;
2232 3300 2288 3350 et
2318 3295 2431 3350 nisi
2481 3296 2654 3366 juxta
2709 3311 2837 3350 eam
2890 3293 3255 3363 incesserint,
3304 3292 3594 3363 edicendi,

1953 3390 2008 3440 et
2039 3383 2253 3449 aiendi,
2283 3389 2456 3455 atque
2488 3384 2692 3439 illicita
2725 3383 3092 3456 prohibendi.
3145 3382 3306 3448 Quod
3347 3381 3394 3436 si
3429 3397 3598 3436 recu-

1955 3489 2084 3528 sare
2116 3489 2226 3528 non
2255 3476 2504 3542 possunt
2551 3471 2812 3526 ﬁdelium
2844 3471 3143 3543 prasides,
3189 3471 3330 3542 quin
3366 3468 3598 3541 proprio

1956 3566 2114 3616 motu
2143 3561 2262 3616 haec
2290 3566 2573 3632 peragant
2601 3578 2612 3628 ;
2639 3560 2778 3632 quid
2813 3559 3027 3632 aliquis
3059 3558 3284 3630 dixerit,
3304 3558 3599 3629 quomodo

1953 3665 2052 3705 eos
2085 3649 2320 3705 aﬂ‘ectos
2351 3665 2480 3704 esse
2529 3652 2811 3720 oporteat,
2846 3648 3074 3720 quoties
3112 3648 3182 3703 de
3238 3646 3593 3718 quibusdam

1954 3739 2201 3810 negotiis
2233 3737 2451 3794 fuerint
2489 3737 2828 3809 interrogati
2857 3741 2880 3793 Ρ
2906 3736 3154 3793 Omnino
3193 3735 3358 3792 valde
3387 3734 3595 3791 alacri-

1952 3833 2060 3897 ter,
2092 3833 2155 3882 ut
2189 3828 2414 3884 cunctis
2446 3844 2547 3898 per
2594 3827 3052 3899 interrogatores
3101 3827 3363 3882 recidant
3417 3829 3593 3896 atque

201 3916 519 3992 ἒρωτώντων
579 3917 677 3986 τήν
734 3921 844 3972 τῶν
904 3916 1151 3990 ἀθέσμων
1206 3916 1446 3992 πράξεων
1500 3916 1840 3992 ἐπιχείρησιν

1959 3916 2308 3972 interdicunt
2328 3916 2683 3971 nefariorum
2741 3921 2979 3971 actuum
3035 3915 3491 3989 aggressionem.
3525 3914 3595 3968 Et

202 4004 476 4078 ξύμπασιν.
514 4005 628 4061 Κάν
659 4009 739 4078 τῷ
767 4009 857 4059 νῦν
891 4002 936 4060 δ’
981 4002 1318 4080 ἐρωτωμένῳ
1367 4007 1640 4078 ζητήματι
1682 4008 1841 4060 τοῦτο

1959 4022 2083 4062 vero
2113 4005 2174 4060 in
2205 4005 2524 4077 quaestione
2547 4021 2702 4060 nunc
2720 4005 2888 4061 nobis
2911 4005 3209 4078 proposita
3235 4004 3391 4062 idem
3421 4004 3593 4061 nobis

200 4095 423 4169 γενέσθαι
479 4095 688 4170 χρεών·
735 4096 824 4149 καὶ
878 4092 1047 4168 μηδὲν
1107 4093 1643 4168 ὑποστειλαμένους,
1703 4095 1843 4150 ἀπο-

1959 4101 2042 4152 est
2073 4095 2401 4151 faciendum
2427 4113 2440 4162 ;
2475 4098 2532 4150 et
2561 4095 2783 4166 absque
2814 4093 2932 4150 ullo
2964 4096 3329 4168 subterfugio
3354 4112 3596 4168 respon-

203 4186 436 4258 κριθῆναι
478 4184 545 4238 τὸ
570 4185 991 4258 παριστάμενον.

1959 4184 2212 4240 dendum
2244 4183 2399 4253 quod
2433 4182 2601 4238 nobis
2628 4181 2933 4239 videbitur.

270 4273 332 4348 β’.
362 4275 432 4328 Τὸ
484 4270 547 4328 δὲ
596 4274 816 4346 ζήτημα
864 4272 1044 4348 βραχὺ
1100 4273 1194 4346 μὶν
1241 4271 1332 4328 καί
1371 4267 1845 4349 ὁλιγοσύλλαϐον,

2024 4275 2078 4327 2.
2112 4272 2394 4327 Caeterum
2419 4271 2664 4343 quaestio
2684 4271 2876 4328 brevis
2889 4272 3124 4344 quidem
3143 4277 3234 4328 est
3255 4289 3602 4346 paucarum-

207 4357 390 4434 λόγους
436 4358 485 4416 δ’
541 4359 751 4436 εἰσάγον
807 4359 1072 4437 μακρούς,
1122 4360 1490 4436 ἐπαγομένους
1539 4361 1590 4434 ξε
1640 4362 1848 4417 ἀντιθε-

1959 4379 2071 4434 que
2101 4361 2482 4434 syllabarum,
2516 4359 2740 4416 inducit
2756 4365 2954 4416 tamen
2977 4377 3306 4418 sermonem
3337 4361 3598 4432 longum,

207 4467 347 4506 σεων.
379 4450 584 4527 ’Ήρετό
613 4470 717 4518 τις,
768 4448 816 4504 εἲ
863 4447 1108 4505 δύναιντο
1153 4451 1254 4520 τὴν
1299 4450 1467 4520 αὐτὴν
1520 4451 1596 4515 εἷς
1624 4456 1851 4526 γυναῖκα

207 4533 294 4591 δύο
322 4533 510 4594 λαϐεῖν
564 4535 846 4617 ἰξάδελφοι
892 4535 1154 4615 δεύτεροι.
1204 4540 1270 4596 Οἱ
1323 4541 1416 4613 μὲν
1471 4540 1562 4594 οὗν
1610 4539 1702 4595 τὸν
1745 4541 1850 4614 γά-

213 4645 301 4697 μον
356 4626 650 4703 τυγχάνειν
710 4627 992 4683 ἀκώλυτον
1050 4625 1464 4704 δογματίζουσιν
1510 4648 1522 4660 ·
1577 4629 1628 4682 οἱ
1686 4625 1732 4682 δ’
1791 4625 1852 4683 οὔ

211 4735 352 4790 pacm
411 4716 573 4770 αὐτὸν
634 4715 1010 4792 ὶπιτρέπεσθαι
1045 4760 1059 4787 ,
1118 4715 1262 4772 ἀλλὰ
1317 4717 1405 4771 καὶ
1463 4718 1589 4792 παρ’
1645 4718 1852 4794 ἀμφοῖν

210 4807 306 4856 τῶν
362 4805 550 4878 νόμων
609 4803 954 4872 κωλύεσθαι,
1011 4808 1109 4858 τοῦ
1159 4825 1218 4859 τε
1275 4811 1374 4875 τῆς
1431 4803 1712 4869 πολιτείας
1763 4806 1856 4860 καὶ

216 4896 299 4946 τοῦ
346 4901 446 4962 τῆς
491 4892 739 4969 χάριτος.
784 4894 1121 4965 Ἐξεταστὲον
1174 4893 1221 4948 δ’
1267 4893 1516 4961 ἕκατὲραν
1568 4893 1853 4950 ἀντίθεσιν.

217 4981 275 5036 Οἱ
317 4983 406 5055 μὲν
461 5003 588 5060 φασι
635 4982 761 5044 τοὺς
809 4984 1109 5055 νομοθέτας
1154 4983 1278 5058 περὶ
1329 4982 1726 5057 κεκωλυμένων
1757 4985 1856 5056 γά-

223 5090 326 5138 μων
382 5069 728 5140 θεσπίζοντας
764 5113 782 5139 ,
835 5070 923 5125 καὶ
984 5071 1494 5145 ἀπαριθμοομὲνους
1570 5074 1702 5147 ἅπερ
1763 5069 1860 5126 ἀλ-

220 5153 408 5228 λήλοις
463 5160 569 5214 ἀπὸ
623 5164 728 5214 τῶν
786 5160 844 5215 ἐκ
899 5158 1134 5236 πλαγίου
1192 5159 1460 5236 πρόσωπα
1505 5161 1861 5215 συνάπτεσθαι

222 5244 532 5320 ἀπειρήκασι
591 5249 788 5324 μέχρις
847 5247 1003 5303 ἕκτου
1067 5249 1281 5324 βαθμοῦ
1341 5256 1530 5319 στῆσαι
1571 5251 1670 5318 τὴν
1727 5255 1863 5303 ἀπα-

1960 4451 2059 4524 qui
2116 4449 2585 4523 oppositionibus
2642 4450 2846 4526 oritur,
2907 4451 3288 4524 Interrogavit
3342 4450 3602 4506 nonnul-

1959 4541 2090 4596 lus:
2127 4545 2213 4594 An
2263 4542 2376 4595 duo
2433 4538 2655 4595 sobrini
2710 4543 2947 4610 possent
2970 4541 3237 4595 eamdem
3268 4539 3328 4594 in
3359 4555 3602 4594 uxorem

1962 4630 2238 4701 accipere.
2269 4629 2336 4683 Et
2368 4627 2465 4683 alii
2488 4627 2724 4698 quidem
2780 4629 2992 4682 docent
3045 4627 3149 4682 bas
3201 4628 3438 4698 nuptias
3485 4644 3603 4682 non

1964 4735 2093 4774 esse
2125 4718 2364 4773 vetitas:
2399 4721 2601 4772 contra
2627 4716 2723 4771 alii
2757 4733 2855 4772 eas
2886 4733 3000 4772 non
3033 4716 3289 4787 permitti
3313 4721 3604 4786 asserunt,

1965 4809 2082 4862 imo
2116 4807 2188 4860 ab
2221 4812 2468 4876 utraque
2497 4805 2622 4876 lege
2656 4805 2970 4876 prohiberi,
2991 4805 3142 4860 civili
3175 4810 3232 4860 et
3260 4805 3610 4878 Christiana,

1966 4894 2298 4966 reipublicae
2316 4898 2375 4948 et
2401 4895 2884 4966 gratiantraque
2908 4899 3102 4950 autem
3133 4895 3422 4967 oppositis
3445 4895 3616 4952 debet

1968 4981 2502 5039 examinari.Primi
2525 4982 2691 5038 aiunt
2719 4982 3256 5055 legislatores,dum
3288 4985 3616 5058 denuptuis

1968 5071 2299 5127 interdictis
2349 5073 2692 5139 decernunt,
2722 5077 3145 5146 recensentque
3179 5091 3458 5146 personas
3490 5089 3617 5145 quaa

1971 5165 2112 5219 sunt
2141 5177 2207 5216 ex
2235 5161 2814 5233 transverso,quibus
2844 5166 3113 5217 mutuam
3145 5163 3619 5235 conjunctionem

1974 5251 2424 5324 prohibuerunt,
2512 5251 3012 5307 enumerationem
3082 5251 3141 5307 in
3215 5257 3374 5308 sexto
3432 5252 3616 5324 gradu

226 5335 488 5408 ρίθμησιψ
544 5337 766 5400 τούτους
817 5335 865 5392 δ’
914 5337 1050 5392 εἶναι
1094 5335 1526 5416 δισεξαδέλφους·
1561 5339 1848 5414 περαιτέριι

1977 5341 2261 5398 sisterein
2297 5357 2411 5412 quo
2445 5345 2585 5395 sunt
2607 5339 2848 5404 sobrini,
2883 5340 3132 5397 ulterius
3151 5358 3286 5397 vero
3334 5358 3450 5397 non
3485 5357 3618 5413 pro-

227 5418 277 5476 δὲ
304 5425 376 5495 μή
407 5421 699 5500 προϐῆναι,
728 5423 856 5499 μηδ’
901 5425 1146 5502 ἀπεῖρξαι
1193 5427 1321 5488 τοὺς
1371 5427 1558 5502 πρόσω
1586 5435 1686 5497 τῆς
1738 5449 1859 5481 συν-

229 5516 477 5583 οικήσεως
521 5557 534 5569 .
594 5515 744 5571 Ἐπεὶ
803 5512 850 5570 δ’
908 5513 994 5570 ἐπὶ
1054 5520 1151 5570 τοῦ
1206 5536 1474 5593 παροντος
1546 5519 1863 5590 ζητήματος

231 5597 317 5655 οὐκ
373 5599 640 5674 ἀλλήλοις
670 5601 721 5658 oi
781 5598 1153 5682 δισεξάδελφοι
1201 5605 1338 5680 πρὸς
1367 5603 1541 5680 γάμον
1575 5604 1868 5663 συνάπτον-

295 5745 317 5782 ⁵
344 5747 540 5808 Ezech.
578 5766 663 5824 ιιι,
695 5750 784 5807 18.

1972 5431 2156 5503 gredi,
2190 5445 2378 5501 neque
2410 5445 2442 5484 ιι
2471 5428 2763 5484 connubio
2795 5445 2990 5484 arcere
3011 5446 3110 5486 eos
3141 5430 3242 5501 qui
3265 5433 3404 5485 sunt
3433 5445 3623 5485 remo-

1974 5520 2170 5575 tiores.
2205 5517 2488 5582 Quoniam
2541 5523 2736 5572 autem
2785 5517 2844 5572 in
2902 5517 3173 5590 praesenti
3228 5519 3626 5576 controversia

1978 5627 2094 5667 non
2124 5609 2276 5666 inter
2303 5624 2366 5666 se
2398 5607 2772 5666 matrimonio
2784 5609 3122 5682 junguntur
3142 5607 3495 5681 sobrini,sed
3510 5610 3626 5670 alia
