4028 6202
410 435 526 498 431

417 660 792 716 sobrinorum
825 657 1121 730 superstiti
1146 661 1234 712 est
1254 653 1846 727 copulanda,nuptias
1878 648 2070 705 licitas

422 749 805 804 arbitrantur.
848 748 1028 801 Aiunt
1061 745 1274 818 quippe
1307 761 1369 800 se
1398 743 1552 798 nolle
1583 740 1784 813 regula
1812 755 1942 794 esse
1976 754 2069 792 re-

422 837 654 902 ctiores,
687 841 861 906 atque
892 851 960 890 ea
991 833 1225 906 quidem
1255 850 1382 904 quze
1422 831 1512 886 lex
1568 828 1770 895 vetuit,
1802 826 2004 883 eadem
2038 841 2072 879 a

423 943 485 981 se
513 941 744 997 quoque
774 923 952 979 vetari
981 941 994 992 ;
1027 939 1154 994 quae
1185 939 1318 977 vero
1343 921 1440 976 illa
1458 937 1590 976 cum
1620 917 1930 991 prohibitis
1956 931 2072 970 non

422 1015 738 1084 recensuit,
797 1013 973 1068 etiam
1035 1029 1069 1067 a
1124 1028 1185 1067 se
1244 1009 1522 1082 permitti.
1573 1009 1703 1063 Haec
1762 1009 1954 1076 itaque
1985 1007 2074 1060 est

424 1101 600 1158 unius
632 1101 813 1175 partis
845 1100 1150 1172 responsio
1183 1100 1256 1154 ad
1290 1097 1832 1170 interrogationem,
1883 1107 2071 1165 eoque

423 1195 592 1263 pacto
627 1191 698 1246 ab
729 1189 802 1246 iis
833 1188 1044 1262 quaetio
1078 1187 1342 1244 solvitur.

493 1473 546 1527 3.
580 1477 758 1529 Porro
791 1472 892 1546 qui
945 1489 1014 1529 ex
1069 1471 1338 1545 opposita
1394 1474 1558 1544 parte
1616 1474 1776 1536 sunt,
1823 1471 2070 1528 vetitum

421 1575 552 1618 esse
576 1561 633 1617 id
667 1563 1109 1618 matrimonium
1140 1569 1314 1634 atque
1343 1559 1618 1615 illicitum
1667 1559 2072 1616 existimantes

422 1655 480 1706 et
501 1659 850 1722 asserentes,
877 1651 1223 1706 sententiam
1272 1666 1438 1706 suam
1471 1649 1607 1704 inde
1628 1649 2067 1717 oonstabiliunt,

423 1744 600 1812 atque
629 1741 849 1809 dicunt,
884 1741 1037 1810 quod
1070 1739 1456 1812 legislatores,
1491 1739 1563 1793 de
1595 1737 1818 1808 nuptiis
1850 1737 2071 1793 illicitis

423 1844 488 1884 ac
517 1829 846 1885 interdictis
876 1829 1227 1898 sancientes,
1248 1828 1306 1884 in
1338 1827 1793 1884 ascendentibus
1825 1827 2065 1898 quidem

1757 427 1897 489 «1οΑ
1909 425 2090 486 NNIS
2135 424 2481 485 ZONAlt/E

3143 47 3152 58 .

3183 29 4028 180 νὴ

3353 95 3374 104 ιη
3505 93 3508 96 ’
3523 97 3530 108 ,

3851 163 3872 179 εν
3963 155 3966 174 ξ

3714 436 3835 496 432

415 574 506 626 est
527 587 796 643 persona,
829 586 956 642 qua:
987 567 1087 624 uni
1117 585 1186 624 ex
1216 565 1637 639 illiscopulata,
1667 579 1733 620 eo
1765 561 2051 627 defuncto,

2172 576 2282 623 ται⁹
2313 555 2607 632 πρόσωπον
2670 557 2718 614 δ’
2773 553 2953 636 ἔτερόν
3013 561 3124 618 έστι
3177 563 3241 620 τὸ
3302 563 3511 621 τούτων
3567 565 3645 622 {vl
3703 590 3831 624 συν-

2178 646 2379 734 ιιιφθὶν,Δ
2410 647 2666 734 κάκείνου
2717 650 3103 726 παρελθόντος,
3160 657 3239 726 τῷ
3288 653 3688 734 περιλειφθέντι
3728 662 3836 713 τῶν

2180 731 2574 811 δισεξαδέλφων
2647 740 3163 816 συναφθησόμενον·
3220 743 3310 798 τὸν
3377 731 3557 821 γάμον
3615 745 3836 802 ἀκώλυ-

2177 845 2270 879 τον
2321 822 2546 899 ἥγηνται
2583 869 2595 882 .
2661 829 2747 896 Μὴ
2813 828 2914 902 γὰρ
2986 828 3189 885 ἐθέλειν
3267 831 3395 888 εἶναι
3455 835 3553 889 τοῦ
3609 836 3838 901 κανόνος

2182 913 2456 988 εύθύτεροι
2516 913 2784 989 λέγουσιν·
2843 915 2972 971 ἀλλ’
3022 915 3056 972 ἃ
3105 919 3200 991 μὲν
3260 921 3287 975 6
3343 922 3512 996 νόμος
3569 923 3833 998 ἐκώλυσε,

2179 1006 2346 1057 ταῦτα
2391 1002 2731 1067 κεκωλύσθαι
2780 1003 2869 1059 καί
2912 1006 3049 1080 πρὸς
3095 1007 3291 1063 αότῶν·
3324 1008 3357 1065 ἃ
3387 1008 3433 1066 δ’
3483 1011 3685 1076 έκεῖνος
3715 1021 3837 1079 τοῖς

2181 1089 2585 1180 κεκωλυμένοις
2644 1092 2707 1180 ού
2785 1093 3227 1169 συνηρίθμησεν,
3287 1096 3667 1180 ἐπιτετράφθαι
3742 1103 3835 1158 καὶ

2181 1178 2328 1256 παρᾶ
2359 1184 2530 1254 σφῶν.
2583 1179 2731 1250 Αὕτη
2785 1183 2879 1256 μὶν
2928 1183 3019 1238 οὗν
3051 1186 3085 1254 ἡ
3132 1188 3233 1250 τῆς
3277 1193 3405 1260 μιᾶς
3454 1178 3645 1267 μοίρας
3697 1191 3836 1247 ἀπό-

2183 1289 2359 1343 κρισις
2418 1269 2554 1344 πρὸς
2601 1267 2664 1324 τὰ
2717 1268 3100 1346 ἐρωτώμενον·
3160 1274 3250 1330 καὶ
3309 1275 3451 1333 οὕτω
3501 1279 3715 1344 τούτοις
3772 1283 3834 1338 τὸ

2186 1360 2321 1428 ζήτη
2333 1379 2405 1431 μα
2437 1357 2642 1414 λύεται.

2251 1466 2316 1540 γ’.
2351 1467 2419 1522 Οἱ
2451 1462 2508 1521 δὲ
2553 1472 2652 1536 τῆς
2704 1467 2929 1544 θατέρας
2977 1466 3222 1545 μερίδος,
3270 1471 3651 1547 κεκωλυμένον
3703 1476 3836 1532 εἶναι

2179 1554 2271 1609 τὸν
2321 1552 2499 1628 γάμον
2546 1554 2635 1608 καὶ
2686 1554 2916 1628 ἄθεσμον
2963 1557 3051 1612 καὶ
3101 1555 3414 1630 δοξάζοντες
3459 1563 3549 1618 καὶ
3596 1565 3840 1643 ἀποφαιο

2180 1643 2423 1716 νόμενοι,
2472 1643 2564 1698 τὸν
2614 1641 2819 1698 οἰκεῖον
2873 1643 3040 1720 λόγον
3092 1646 3331 1713 έντεῦθεν
3383 1641 3839 1710 συνιστῶσιίκαὶ

2183 1730 2430 1806 λέγουσιν
2467 1749 2482 1763 ·
2542 1731 2617 1794 ὡς
2674 1733 2726 1786 οἱ
2781 1734 3089 1805 νομοθέται,
3148 1736 3272 1813 περὶ
3330 1737 3521 1814 γάμων
3580 1741 3836 1816 ἀθέσμων

2180 1820 2267 1875 καὶ
2306 1818 2703 1894 κεκωλυμένων
2763 1819 3102 1892 θεσπίζοντες
3151 1824 3239 1879 έπὶ
3291 1827 3386 1900 μὶν
3437 1827 3694 1884 ἀνιόντων
3745 1833 3840 1887 καὶ

423 1921 480 1972 et
510 1917 1024 1987 descendentibus,
1075 1919 1146 1974 ad
1206 1916 1504 1972 infinitum
1563 1915 1800 1988 nuptias
1860 1915 2040 1972 vetita

2179 1908 2474 1964 κατιόντων
2521 1909 2598 1970 είς
2642 1909 2940 1986 ἀπέραντον
2988 1911 3326 1978 κεκωλύσθαι
3369 1917 3461 1972 τὸν
3505 1917 3684 1994 γάμον
3718 1921 3836 1995 ὀρι-

2185 2003 2389 2026 γ-..-...-
2437 1996 2521 2026 ι-)
2576 1995 2629 2026 r1
2681 2019 2740 2026 ,η
2794 2003 2901 2026 -;·ξ,-.
2962 1997 3016 2026 λλ-
3077 1999 3291 2026 _\
3483 2005 3497 2026 ι
3648 2011 3659 2026 ο

421 2021 551 2061 esse
571 2007 895 2074 deﬁniunt;
931 2007 988 2061 in
1023 2007 1095 2062 iis
1135 2023 1267 2063 vero
1301 2006 1399 2078 qui
1459 2022 1528 2062 ex
1583 2011 1917 2061 transverso
1975 2022 2071 2062 co-

420 2095 696 2166 gnatione
717 2096 1073 2168 junguntur,
1107 2101 1414 2168 postquam
1447 2096 1731 2168 quasdam
1763 2111 2072 2151 enumera-

421 2188 630 2240 verunt
663 2201 966 2254 personas,
997 2201 1214 2256 easque
1248 2191 1530 2256 tanquam
1562 2183 1827 2255 exempla
1859 2200 2068 2254 posue-

421 2276 562 2327 runt
607 2272 1053 2328 interdictarum
1116 2274 1477 2344 nuptiarum,
1540 2273 1680 2344 quia
1727 2271 1944 2344 singuli
2003 2288 2072 2328 ex

421 2363 756 2416 transverso
785 2362 1000 2433 gradus
1032 2361 1192 2417 vetiti
1223 2361 1482 2417 oratione
1513 2360 1927 2433 comprehendi
1951 2377 2068 2416 non

418 2451 1159 2520 poterant,subjunxerunt
1187 2449 1574 2523 generaliter:
1603 2452 1664 2505 In
1690 2453 1924 2523 nuptiis,
1955 2465 2067 2505 non

417 2537 479 2593 id
530 2539 686 2595 modo
737 2539 878 2612 quod
931 2542 1265 2612 permissum
1319 2545 1420 2610 est,
1477 2540 1572 2596 sed
1601 2542 1772 2596 etiam
1810 2538 1867 2594 id
1923 2538 2065 2610 quod

412 2628 673 2684 decorum
701 2634 779 2684 est
809 2633 864 2684 et
894 2629 1194 2696 honestum,
1228 2634 1540 2702 naturaque
1550 2632 1798 2701 justum,
1859 2631 2061 2700 quwri-

409 2717 683 2772 mus.Non
701 2717 854 2772 enim
875 2718 1043 2788 quasi
1059 2718 1115 2773 in
1142 2718 1258 2772 illis
1280 2719 1734 2789 prohibitionem
1757 2718 2060 2782 sisterent,

411 2805 786 2861 sobrinorum
847 2807 1204 2863 mentionem
1264 2810 1562 2874 fecerunt;
1625 2808 1724 2862 sed
1788 2823 2057 2861 sermons

404 2894 590 2950 instar
659 2895 909 2967 exempli
966 2897 1180 2968 posito,
1269 2899 1466 2968 postea
1526 2897 1583 2951 id
1670 2895 2056 2952 subdiderant

403 2985 558 3055 quod
591 2989 716 3040 erat
745 2984 1153 3041 universalius.
1185 2985 1383 3056 Neque
1415 2986 1473 3040 in
1532 2985 1606 3040 iis
1637 2985 1919 3040 duntaxat
1951 2984 2054 3056 qui

402 3073 838 3141 suntalatere,
871 3074 927 3129 id
980 3075 1186 3130 fecisse
1246 3074 1644 3144 inveniuntur,
1707 3075 1808 3130 sed
1855 3077 1912 3128 et
1991 3074 2050 3128 in

405 3161 656 3218 naturali
703 3162 997 3234 progenie.
1048 3162 1193 3218 Nam
1245 3179 1376 3219 cum
1417 3163 1579 3236 prius
1639 3163 1710 3218 de
1760 3161 2050 3234 adeptivis

404 3250 583 3306 locuti
613 3258 832 3318 essent,
865 3252 978 3308 ista
1008 3269 1242 3323 quoque
1285 3253 1670 3307 addiderunt:
1694 3254 1920 3307 Etenim
1947 3269 2049 3306 na-

2185 2003 2389 2068 ζουσιν·
2436 1996 2524 2052 ἐπὶ
2574 1995 2632 2053 δέ
2681 2019 2742 2074 γε
2794 2003 2902 2054 τῶν
2960 1997 3020 2054 ἐκ
3074 1999 3334 2080 πλαγίου,
3393 2005 3666 2082 πρόσωπά
3713 2031 3831 2064 τινα

2183 2087 2740 2161 ἀπαριθμησάμενοι,
2799 2089 2890 2142 καὶ
2946 2093 3114 2144 ταῦτα
3170 2093 3350 2156 θέντες
3407 2095 3603 2151 ὡσανεὶ
3659 2119 3822 2173 παρα-

2181 2173 2441 2251 δείγματα
2485 2181 2593 2232 τῶν
2643 2175 3040 2250 κεκωλυμένων
3092 2179 3306 2254 γάμων,
3355 2182 3471 2238 ἐπεὶ
3520 2187 3598 2259 μή
3635 2188 3747 2242 οἷόν
3772 2208 3833 2243 τι

2178 2265 2558 2353 κεκωλυμένον
2614 2266 2822 2340 βαθμὸν
2869 2263 3092 2323 ’ἑκαστον
3139 2275 3245 2324 τῶν
3297 2271 3357 2326 έκ
3401 2272 3643 2351 πλαγίου
3681 2277 3838 2353 πέριο

2180 2351 2409 2424 λαϐεῖν,
2468 2355 2737 2432 ἐπήγαγον
2797 2361 3044 2430 γενικῶς·
3080 2359 3166 2414 Ἐν
3219 2366 3336 2421 τοῖς
3393 2363 3594 2437 γάμοις
3652 2365 3715 2420 ού
3757 2351 3840 2422 τὸ

2177 2444 2641 2521 ἐπιτετραμμένον
2672 2491 2687 2517 ,
2748 2441 2896 2500 ἀλλά
2967 2444 3057 2500 xui
3124 2449 3187 2503 τὸ
3259 2449 3519 2526 εὐπρεπὲς
3592 2455 3686 2509 καὶ
3759 2475 3844 2512 σε·

2177 2534 2307 2605 μνὸν
2366 2533 2455 2588 καὶ
2489 2531 2640 2611 φύσει
2669 2529 2876 2588 δίκαιον
2939 2539 3229 2609 ζητοῦμεν.
3292 2539 3368 2596 Οὐ
3400 2540 3502 2617 γὰρ
3536 2542 3612 2604 ὡς
3638 2544 3844 2620 μέχρις

2172 2621 2389 2676 ἐκείνων
2456 2620 2696 2684 ἱστάντες
2760 2624 2859 2691 τὴν
2905 2623 3144 2680 κώλυσιν
3180 2671 3194 2698 ,
3242 2631 3350 2682 τῶν
3431 2627 3840 2711 δισεξαδέλφων

2171 2709 2536 2784 έμνήσθησαν·
2597 2709 2723 2766 ἀλλ’
2774 2710 2952 2785 ὥσπερ
3015 2711 3319 2790 ὑπόδειγμα
3372 2717 3464 2772 τὸν
3517 2717 3689 2795 λόγον
3733 2709 3835 2778 -τι-

2169 2802 2419 2873 θέμενοι,
2479 2801 2668 2878 ἐφεξῆς
2729 2798 3002 2876 ἐπήγαγον
3057 2804 3120 2858 τὸ
3172 2803 3610 2882 καθολικώτερον
3644 2853 3658 2866 .
3723 2813 3826 2867 Καὶ

2167 2889 2266 2944 οὐκ
2295 2888 2382 2943 έπὶ
2411 2894 2516 2944 τῶν
2570 2889 2628 2944 ἐκ
2673 2887 2913 2964 πλαγίου
2961 2890 3126 2963 μόνον
3176 2897 3336 2949 τοῦτο
3386 2901 3670 2964 ποιοῦντες
3729 2902 3825 2956 εύ-

2165 2980 2460 3056 ρίσκονται,
2515 2976 2661 3034 ἀλλὰ
2716 2978 2805 3033 καὶ
2858 2977 2946 3034 ἐπὶ
2997 2987 3166 3055 γονῆς
3224 2990 3497 3059 φυσικῆς.
3557 2986 3827 3056 Εἰπόντες

2159 3069 2260 3145 γὰρ
2318 3069 2441 3145 περὶ
2502 3070 2667 3123 θετῶν
2743 3067 3010 3144 πρότερον
3047 3113 3061 3140 ,
3121 3068 3392 3148 ἐπήγαγον
3469 3073 3560 3128 καὶ
3638 3081 3825 3134 ταυτί·

2160 3160 2263 3215 Καὶ
2319 3158 2348 3213 6
2393 3158 2617 3234 φυσικὸς
2667 3157 2767 3233 γὰρ
2821 3157 3002 3233 πατὴρ
3079 3157 3141 3212 ού
3202 3155 3468 3232 λαμϐάνει
3525 3164 3628 3232 τήν
3681 3188 3825 3239 πορ-

2158 3250 2353 3323 νογενῆ
2383 3247 2546 3302 αὐτοῦ
2599 3247 2881 3323 θυγατέρα.
2940 3248 3073 3302 Εἶτα
3128 3247 3265 3323 πρὸς
3319 3249 3381 3304 τὸ
3437 3249 3678 3315 καθόλου
3730 3257 3825 3312 νό-

405 3340 608 3396 turali:
630 3343 790 3412 pater
817 3357 927 3396 non
967 3341 1168 3412 accipit
1191 3342 1368 3412 ﬁliam
1400 3358 1560 3398 suam
1589 3357 1658 3398 ea:
1685 3343 2051 3412 fornicatione

2169 3358 2338 3411 μιμον
2388 3333 2642 3404 ἀπεῑδον,
2701 3334 2792 3389 καὶ
2849 3334 2948 3403 τὴν
3008 3337 3228 3409 γενικὴν
3284 3335 3586 3412 ἐπήνεγκαν
3632 3341 3824 3400 κώλυ-

400 3432 613 3486 natam.
648 3429 868 3486 Deinde
901 3431 973 3486 ad
1007 3429 1395 3487 universalem
1429 3431 1612 3503 legem
1652 3435 2048 3502 respexerunt,

403 3521 460 3572 et
488 3517 758 3590 generale
787 3519 1163 3575 interdictum
1198 3519 1540 3586 intulerunt,
1559 3537 1662 3592 per
1681 3519 1802 3575 haec
1833 3519 2045 3576 verba:

399 3606 612 3664 Natura
640 3609 785 3665 enim
822 3624 1060 3680 equum,
1093 3616 1148 3665 et
1173 3608 1306 3683 quid
1334 3609 1546 3678 deceat,
1580 3611 1639 3665 in
1667 3611 1886 3682 nuptiis
1923 3625 2049 3667 con-

395 3696 700 3753 :ideralur.

467 3803 521 3859 4.
555 3803 669 3859 Nec
697 3803 854 3860 enim
885 3804 1180 3877 quispiam
1228 3805 1461 3874 dixerit,
1493 3807 1648 3878 quod
1694 3807 1832 3878 quia
1861 3807 2045 3865 solius

397 3892 794 3948 meminerunt
825 3892 954 3948 ﬁliae
985 3910 1054 3950 ex
1079 3899 1270 3951 scorto
1297 3895 1530 3967 genita,
1565 3903 1769 3966 neptes
1791 3912 1891 3954 eas
1917 3914 2046 3969 quae

394 3988 841 4053 consequuntur
869 3983 1220 4054 exceperint,
1279 4001 1384 4039 nec
1427 3986 1767 4055 conjugium
1807 4003 1939 4042 cum
1971 3987 2044 4043 iis

397 4069 824 4139 prohibuerint.
878 4073 946 4125 Et
1002 4087 1133 4126 vero
1163 4088 1349 4128 canon
1381 4079 1719 4130 sanctorum
1752 4076 2044 4146 apostolo-

398 4174 529 4213 rum
561 4159 644 4213 ait
674 4175 687 4213 :
725 4159 828 4226 Qui
855 4159 994 4214 dua:
1035 4177 1246 4218 sorores
1302 4164 1546 4232 duxerit,
1600 4170 1695 4220 aut
1723 4167 1923 4236 fratris
1959 4167 2045 4222 vel

397 4262 604 4302 sororis
631 4248 828 4318 ﬁliam,
877 4264 987 4304 non
1040 4255 1215 4315 potest
1269 4267 1382 4306 esse
1435 4253 1692 4309 clericus.
1753 4255 1860 4319 Qui
1907 4271 2043 4328 ergo

395 4335 696 4392 sobrinam
757 4337 1008 4405 duxerit,
1069 4345 1171 4395 aut
1220 4341 1469 4396 sobrinae
1544 4347 1800 4414 neptem,
1858 4345 2044 4400 eritne

392 4424 638 4482 clericus
669 4426 696 4481 ?
721 4429 903 4482 Nemo
925 4444 1064 4483 sane
1095 4427 1203 4484 hoc
1223 4429 2040 4500 dixerit.Cernis,adversarie.

393 4531 508 4570 non
542 4514 599 4569 in
635 4515 706 4570 iis
765 4532 910 4585 quos
970 4524 1257 4573 memorat
1311 4519 1530 4586 Canon,
1585 4520 2036 4592 prohibitionem

391 4621 563 4661 suam
585 4603 920 4671 terminare,
940 4606 1040 4662 sed
1076 4605 1249 4675 ultra,
1281 4614 1516 4680 propter
1545 4609 1823 4666 decorum
1853 4614 2036 4683 quod-

2159 3449 2264 3498 σιν,
2325 3424 2414 3480 διὰ
2468 3429 2562 3480 τοῦ
2621 3423 2813 3478 εἶπεῖν·
2873 3424 2944 3477 Τὸ
2997 3423 3151 3500 φύσει
3201 3425 3304 3501 γὰρ
3337 3423 3546 3483 δίκαιον
3606 3433 3698 3486 καὶ
3756 3436 3818 3489 τὸ

2158 3515 2418 3591 εὐπρεπὲς
2449 3513 2500 3570 ἐν
2532 3519 2648 3576 τοῖς
2675 3514 2871 3588 γάμοις
2901 3517 3204 3570 σκοπεῖται.

2222 3805 2287 3860 κ’.
2321 3802 2394 3858 Ού
2456 3803 2559 3878 γὰρ
2607 3802 2666 3855 ἄν
2710 3820 2794 3864 τις
2840 3793 2986 3853 εἶεποι
3036 3797 3130 3860 ὡς.
3185 3798 3300 3855 ἐπεὶ
3341 3804 3606 3878 θυγατρὸς
3639 3805 3811 3880 ἀμνή,

2152 3895 2350 3964 σθησαν
2422 3891 2596 3965 μόνης
2652 3891 3014 3964 πορνογενοῦς
3048 3929 3062 3957 ,
3122 3886 3218 3952 τὰς
3282 3885 3507 3965 ἐγγόνας
3566 3895 3658 3950 καὶ
3715 3895 3812 3960 τὰς

2153 3981 2310 4060 έφεξή
2371 3979 2650 4050 ὑπεξεῖλον
2685 4022 2701 4048 ,
2753 3977 2843 4032 καὶ
2895 3977 2994 4045 τὴν
3058 3976 3194 4049 πρὸς
3257 3976 3460 4045 ἐκείνας
3519 3989 3805 4056 συνάφειαν

2152 4071 2252 4126 οὐκ
2302 4067 2602 4125 ἐκώλυσαν.
2659 4065 2761 4124 Καὶ
2809 4068 2981 4121 κανὼν
3034 4062 3091 4120 δέ
3118 4069 3224 4120 τῶν
3278 4068 3447 4143 ἁγίων
3481 4069 3807 4129 ἀποστόλων

2151 4161 2312 4238 φησὶν
2349 4179 2360 4190 ·
2422 4163 2476 4212 Ὁ
2555 4155 2650 4212 δύο
2708 4153 2944 4230 ἀδελφὰς
3011 4153 3300 4230 ἀγόμενος,
3358 4157 3394 4226 ἣ
3455 4157 3752 4236 ἀδελφιδῆν
3789 4206 3804 4231 ,

2152 4251 2213 4305 οὐ
2275 4247 2495 4303 δύναται
2546 4247 2682 4302 εἶναι
2743 4244 3030 4318 κληρικός.
3091 4244 3210 4319 'Ap’
3272 4243 3363 4299 οὖν
3423 4247 3450 4302 6
3509 4247 3808 4329 ἐξαδέλφην

2151 4337 2439 4414 ἀγόμενος,
2498 4336 2533 4406 ἢ
2595 4331 2892 4409 ἐξαδέλφης
2951 4333 3196 4406 ἀνεψιὰν,
3257 4330 3429 4390 ἔσεται
3487 4335 3803 4413 κληρικός;

2150 4427 2263 4486 Οὐκ
2311 4426 2368 4481 ἄν
2423 4446 2506 4488 τις
2568 4429 2728 4480 τοῦτο
2760 4423 2886 4499 ἐρεῖ.
2949 4424 3129 4498 Ὀρᾷς,
3189 4424 3217 4479 6
3274 4424 3570 4495 ἀντίθετος,
3622 4428 3696 4491 ὡς
3741 4428 3802 4484 οὗ

2152 4517 2347 4591 μέχρις
2381 4517 2455 4570 ὧν
2488 4516 2516 4570 6
2563 4513 2738 4569 κανὼν
2792 4513 3061 4586 έμνήσθη,
3095 4508 3220 4584 ἔστη
3259 4513 3327 4568 τὰ
3353 4516 3452 4583 τῆς
3485 4515 3798 4589 κωλύσεως,

2149 4604 2294 4661 ἀλλὰ
2341 4605 2432 4660 καὶ
2490 4605 2792 4680 περαιτέρω
2837 4600 2926 4656 διὰ
2964 4603 3028 4656 τὸ
3077 4600 3336 4676 εὐπρεπές
3389 4604 3479 4658 καὶ
3531 4607 3596 4660 τὸ
3650 4607 3798 4684 φύσει

389 4710 505 4766 que
545 4698 756 4750 natura
800 4711 1036 4765 aequum
1085 4701 1195 4762 est,
1256 4697 1624 4767 procedere?
1656 4698 2034 4771 Reperiemus

2166 4695 2352 4749 ἱίκαιον
2408 4695 2701 4770 πρόεισιν;
2745 4693 3068 4766 Εὐρῆσομεν
3125 4689 3183 4746 δὲ
3240 4692 3330 4747 καί
3385 4713 3506 4748 τινα
3568 4698 3644 4768 μὴ
3701 4695 3795 4750 ὑπὸ

387 4788 584 4838 autem
633 4787 690 4838 et
747 4783 1051 4849 nonnulla,
1109 4801 1236 4856 quae
1269 4785 1404 4842 licet
1461 4788 1533 4842 ad
1580 4787 1804 4843 nullum
1864 4790 2037 4863 plane

387 4871 635 4943 gradum
665 4872 1014 4939 referantur,
1047 4876 1221 4929 vetita
1249 4879 1446 4930 tamen
1474 4882 1612 4930 sunt
1659 4879 1732 4932 ob
1771 4878 2037 4935 honesta-

388 4964 505 5014 tem
537 4964 594 5013 et
623 4959 919 5014 decorum.
953 4962 1252 5033 Siquidem
1296 4963 1594 5034 prohibuit
1635 4965 1746 5035 lcx,
1808 4984 1880 5024 ne
1937 4987 2036 5026 no-

384 5064 615 5104 vercam
647 5048 745 5118 qui
777 5050 903 5119 ejus
961 5051 1239 5122 privignae
1299 5054 1548 5111 maritus
1597 5055 1705 5111 fuit
1762 5058 2031 5129 accipiat,

385 5153 727 5209 quanquam
762 5137 868 5193 hoc
915 5139 974 5194 in
1023 5157 1163 5196 casu
1215 5143 1462 5214 gradum
1520 5150 1859 5217 computare
1917 5165 2030 5203 non

384 5227 731 5299 poterimus.
766 5226 822 5282 Si
845 5243 984 5298 ergo
1015 5229 1222 5284 decora
1270 5247 1360 5286 res
1391 5237 1481 5287 est
1511 5232 1599 5288 vel
1652 5234 1916 5304 honesta,
1969 5244 2033 5294 ut

382 5317 583 5373 eadem
619 5316 836 5371 femina
874 5317 1104 5373 duobus
1139 5319 1322 5374 nubat
1352 5321 1628 5393 sobrinis,
1663 5323 1755 5380 his
1813 5331 1870 5381 et
1901 5343 2028 5399 per-

381 5406 652 5462 mittatur
689 5405 1070 5462 connubium.
1115 5407 1214 5464 Sin
1265 5426 1394 5466 vero
1439 5409 1525 5466 illi
1587 5429 1719 5469 vere
1749 5423 1890 5471 sunt
1933 5434 2028 5472 co-

378 5492 563 5564 gnati,
599 5492 680 5548 uti
714 5498 872 5564 patet
901 5509 968 5547 ex
1009 5510 1076 5548 eo
1107 5497 1260 5566 quod
1290 5501 1559 5554 vetentur
1606 5500 1829 5556 sobrini
1878 5503 2029 5558 inter

379 5597 444 5636 se
520 5581 894 5637 matrimonio
945 5584 1312 5641 commisceri
1356 5604 1369 5655 ;
1421 5604 1536 5658 quo
1592 5593 1762 5660 pacto
1819 5591 2028 5648 dixerit

381 5667 698 5738 quispiam,
747 5669 904 5724 viros
962 5669 1106 5726 adeo
1165 5688 1456 5744 germanas
1491 5677 1856 5750 cognationis
1887 5695 2024 5739 cum

384 5772 504 5812 una
523 5755 767 5813 muliere
792 5773 964 5828 posse
993 5761 1318 5833 conjungi?

2149 4783 2357 4860 βαθμὸν
2417 4782 2562 4845 ὅλως
2620 4781 2743 4838 τινὰ
2789 4781 3112 4857 ἀναγόμενα,
3171 4782 3263 4836 καὶ
3321 4781 3476 4854 ὅμως
3528 4783 3794 4839 κεκωλυ-

2149 4873 2282 4947 μένα
2312 4870 2400 4928 διὰ
2445 4873 2508 4927 τὸ
2560 4871 2754 4944 σεμνόν
2803 4892 2862 4926 τε
2908 4869 2996 4924 καὶ
3042 4866 3348 4945 εὔσχημον.
3387 4873 3494 4940 Τὴν
3549 4874 3649 4948 γάρ
3683 4895 3792 4946 μη-

2141 4963 2328 5038 τρυιὰν
2388 4957 2572 5017 Λαϐεἷν
2623 4960 2714 5016 τὸν
2768 4959 3060 5036 γενόμενον
3120 4956 3290 5036 ἄνδρα
3359 4967 3460 5030 τῆς
3518 4963 3791 5037 προγόνης

2144 5053 2312 5120 αὐτῆς
2366 5052 2394 5106 ὁ
2449 5051 2618 5123 νόμος
2679 5048 2920 5104 έκώλυσε
2951 5094 2966 5120 ,
3024 5049 3205 5103 καίτοι
3287 5049 3494 5125 βαθμὸν
3574 5051 3789 5114 ένταῦθα

2141 5139 2376 5218 ψηφίσαι
2425 5139 2488 5194 ού
2537 5137 2899 5212 δυνησόμεθα.
2945 5137 3008 5195 El
3044 5142 3171 5214 γοῦν
3220 5137 3546 5213 εύπρεπὶςῆ
3598 5141 3782 5212 σεμνόν

2139 5230 2230 5286 καὶ
2274 5231 2336 5284 τὸ
2382 5231 2482 5299 τὴν
2534 5229 2702 5297 αὐτὴν
2754 5224 3159 5304 δισεξαδὲλφοις
3193 5224 3312 5282 δυσὶ
3356 5231 3778 5297 συνευνασθῆναι,

2139 5317 2510 5396 ἐπιτετράφθω
2567 5317 2655 5372 καὶ
2716 5319 2744 5372 6
2801 5316 2979 5393 γάμος
3029 5316 3238 5379 αὐτοῖς.
3272 5316 3334 5374 Εἰ
3375 5315 3421 5371 δ’
3479 5317 3623 5372 οὗτοι
3652 5318 3782 5392 γνή-

2137 5430 2246 5464 σιοι
2305 5412 2618 5483 συγγενεῖς·
2671 5407 2761 5462 καὶ
2812 5405 2980 5477 δῆλον
3031 5405 3090 5461 έκ
3131 5411 3228 5462 τοῦ
3275 5404 3606 5462 κεκωλύσθαι
3654 5403 3775 5464 τοὺς

2139 5495 2549 5575 δισεξαδέλφους
2605 5495 2880 5567 ἀλλήλοις
2937 5496 3359 5572 συμμίγνυσθαι·
3413 5517 3527 5558 πως
3583 5494 3638 5549 ἄν
3691 5513 3772 5553 τις

2135 5584 2280 5644 εἶ’ποι
2337 5586 2464 5650 τοὺς
2547 5585 2690 5641 οὕτω
2761 5585 3021 5660 γνησίους
3094 5585 3232 5642 κατᾶ
3303 5587 3599 5664 συγγένειαν
3673 5584 3774 5654 μιᾷ

2133 5676 2346 5754 γυναικὶ
2378 5698 2470 5734 συν
2478 5676 2790 5747 ευκάζεσθαι
2827 5693 2842 5746 ;
