4028 6202
231 318 334 380 433

1275 323 1378 384 DE
1423 315 1930 385 MATRIMONIO
1976 317 2520 382 SOBRINORUM.

3479 313 3600 374 434

283 456 331 503 ε’.
360 451 480 510 Πῶς
517 445 563 502 δ’
591 445 651 503 ἅν
699 451 727 504 6
767 449 900 506 κατὰ
947 449 1194 527 δεύτερον
1253 452 1455 524 ταύτην
1499 451 1674 530 γάμον
1727 448 1829 504 λα-

2019 451 2074 507 5.
2107 454 2229 518 Quo
2262 456 2458 508 autem
2491 452 2665 508 modo
2713 450 2814 522 qui
2858 465 2987 506 eam
3017 464 3122 520 per
3169 447 3456 504 secundas
3487 464 3597 502 nu-

222 532 316 591 ὅὼν
337 532 525 610 καλέσῃ
574 537 790 609 adﬂixi;
834 538 1070 618 νύμφην,
1123 542 1198 604 ὡς
1248 539 1541 618 έξαδέλφου
1583 545 1833 615 γυναῖκα,

219 625 374 687 καθὼς
400 625 484 678 καὶ
535 626 726 700 πρώην
768 627 968 699 ταύτην
1026 625 1303 703 ὠνόμαζεν
1341 651 1352 664 '
1399 628 1434 699 ἤ
1465 629 1728 706 γαμετὴν,
1764 628 1836 689 ὡς

218 713 334 785 αὐτῇ
389 715 896 790 συμφθειρόμενος;
955 719 1070 774 Ποῦ
1125 717 1172 773 δ’
1229 718 1287 773 ἂν
1339 719 1557 792 θείημεν
1607 718 1696 772 τὸν
1740 721 1836 771 τοῦ

215 801 432 876 μεγάλου
488 802 781 860 Βασιλείου
824 805 1023 862 κανόνα
1066 808 1156 862 τὸν
1210 807 1439 884 λέγοντα
1473 828 1486 842 ο
1533 813 1619 863 Ἐν
1664 807 1740 868 οἷς
1769 804 1837 860 τὶ

209 898 292 960 τῆς
361 891 666 966 συγγενείας
743 892 985 968 όνοματα
1069 898 1416 972 συγχέονται,
1494 895 1545 952 ἐν
1620 895 1836 972 τούτοις

206 981 229 1034 6
279 980 442 1054 γάμος
500 981 815 1054 ἀθέμιτος;
878 968 1342 1061 Ἐπιχειρησομεν
1404 984 1481 1054 δὲ,
1542 987 1690 1063 φασὶ,
1740 968 1837 1039 καἱ

207 1068 483 1144 βιαιότερον
525 1069 762 1128 ἄλλοθεν
816 1073 852 1144 ἢ
911 1073 1280 1151 ἀληθέστερον
1331 1074 1586 1148 μάλιστα.
1638 1075 1702 1132 Εἰ
1733 1075 1833 1150 γὰρ

199 1159 312 1212 κατᾶ
360 1158 448 1213 τὸν
508 1160 656 1216 θεῖον
716 1163 974 1238 χρησμὸν
1032 1165 1311 1242 φάσκοντα
1367 1165 1494 1240 περὶ
1541 1168 1647 1219 τῶν
1698 1164 1833 1218 κατὰ

197 1247 350 1323 γάμου
404 1249 698 1304 κοινωνίαν
777 1251 1200 1326 συναπτομένων
1237 1272 1250 1284 ·

199 1333 260 1399 είς
330 1335 494 1411 σάρκα
585 1337 715 1410 μίαν
748 1360 760 1374 ·
834 1341 932 1414 μία
982 1343 1110 1418 σὰρξ
1171 1344 1222 1396 οἱ
1286 1339 1682 1416 συναπτόμενοι
1739 1364 1828 1397 πι-

200 1422 450 1479 στεύονται
477 1427 729 1500 γίνεσθαι
765 1450 777 1462 ·
829 1431 858 1484 6
905 1434 974 1505 τῇ
1013 1435 1113 1485 τοῦ
1162 1429 1366 1486 οἰκείου
1414 1428 1706 1510 έξαδέλφου
1735 1453 1828 1508 γυ-

198 1512 321 1567 ναικὶ
352 1515 800 1590 συμμιγνύμενος
855 1518 933 1582 εἰς
987 1518 1187 1575 οἰκεῖον
1228 1524 1325 1576 τοῦ
1379 1521 1570 1596 γένους
1609 1520 1828 1575 εἰσιέναι

197 1598 324 1656 δοκεῖ
355 1622 368 1636 ο
395 1603 482 1658 καὶ
530 1609 942 1682 προσρήγνυται
992 1611 1088 1682 μὲν
1134 1609 1226 1665 καὶ
1277 1613 1355 1682 τῷ
1385 1608 1515 1684 θείῳ
1537 1614 1720 1684 θεσμῷ
1748 1614 1829 1682 τῷ

197 1690 476 1760 θεσπίζοντι
513 1714 527 1728 ·
616 1696 738 1752 Οὐκ
821 1696 1099 1771 εἰσελεύσῃ
1177 1698 1311 1775 πρὸς
1381 1698 1555 1754 πάντα
1625 1697 1827 1755 οἰκεῖον

196 1780 367 1855 σαρκός
398 1802 516 1856 σου,
551 1783 917 1860 ἀποκαλύψαι
940 1786 1334 1862 ἀσχημοσύνην
1363 1788 1550 1847 αὐτοῦ.

252 1959 309 2021 ς’·
341 1959 551 2024 Ἀθετεῖ
612 1959 673 2017 δὶ
716 1964 807 2018 καὶ
862 1964 954 2019 τὸν
1017 1966 1210 2040 νόμον,
1261 1965 1307 2038 ᾧ
1358 1965 1408 2020 οἰ
1452 1973 1552 2035 τῆς
1603 1963 1829 2040 θατέρας

196 2045 364 2122 μοίρας
435 2056 541 2118 τῆς
613 2049 816 2114 οἰκείας
895 2055 1124 2130 γνώμης
1204 2053 1281 2117 εἲς
1334 2053 1584 2110 σύστασιν
1635 2054 1830 2110 ἀποκέ-

192 2154 420 2209 χρηνται,
472 2143 556 2211 τῷ
621 2141 786 2217 μέχρι
861 2139 1257 2215 δισεξαδέλφων
1319 2151 1509 2214 στῆναι
1550 2140 1834 2220 λεγομένῳ

194 2226 276 2292 τήν
329 2225 604 2286 κώλυσιν.
651 2230 713 2285 Εἰ
767 2231 871 2306 γὰρ
919 2232 948 2286 6
997 2232 1260 2310 πρότερος
1288 2237 1388 2298 τῆς
1416 2234 1669 2310 γυναικὸς
1697 2234 1832 2306 ἀνὴρ

198 2318 279 2368 τοῦ
323 2319 408 2371 νῦν
464 2317 788 2390 ξυνευνέσου
844 2319 1046 2392 ταύτης
1101 2325 1166 2392 ἦν
1225 2319 1623 2402 δισεξάδελφος,
1683 2325 1718 2393 ἠ
1780 2320 1836 2377 δὲ

199 2403 314 2476 γυνή
356 2405 484 2480 σὰρξ
539 2406 646 2480 μία
697 2412 779 2480 τῷ
837 2409 1126 2466 ἀπελθόντι
1187 2409 1421 2488 ἐγένετο,
1479 2409 1646 2482 δῆλον
1705 2413 1837 2466 πάν-

199 2513 292 2555 τως
329 2491 438 2548 ἐστὶ
468 2495 536 2550 τὸ
606 2498 968 2574 συμπέρασμα
1014 2499 1103 2555 καὶ
1152 2501 1581 2577 ἀναμφήριστον,
1632 2502 1708 2565 ὡς
1761 2499 1837 2564 εῗς

203 2578 383 2637 οἲκεῖον
425 2585 635 2660 σαρκὸς
681 2585 847 2642 αὐτοῦ
897 2586 1110 2644 εἷ’σεισιν
1148 2590 1175 2645 6
1221 2594 1290 2664 τῇ
1337 2590 1550 2667 γυναικὶ
1596 2594 1691 2645 τοῦ
1722 2587 1836 2645 δισ-

211 2667 492 2751 εξαδέλφου
551 2676 1028 2750 συνευναζόμενος.
1087 2677 1150 2733 Εἰ
1206 2683 1333 2756 γοῦν
1391 2685 1509 2744 τοῖς
1558 2677 1836 2755 Ἰσραηλί-

201 2779 304 2821 ταις
348 2762 782 2836 νενομοθέτηται
838 2765 922 2836 τὸ,
981 2765 1096 2825 Ούκ
1152 2765 1425 2842 εἶ’σελεύσῃ
1475 2769 1610 2844 πρὸς
1667 2767 1840 2824 πάντα

205 2846 385 2903 οἰκεῖον
440 2852 650 2927 σαρκός
702 2875 798 2908 σου
831 2874 844 2885 ’
898 2860 1014 2918 τοῖς
1064 2855 1328 2932 σκληροῖς
1365 2857 1453 2912 καὶ
1482 2859 1582 2926 τήν
1614 2854 1835 2932 καρδίαν

198 2936 602 3023 ἀπεριτμήτοις,
654 2944 734 3004 οἷς
784 2943 811 2998 6
852 2942 1084 3007 παλαιὸς
1129 2945 1295 3019 νόμος
1323 2946 1400 3010 εἷς
1427 2944 1614 3002 πολλὰ
1643 2967 1839 3023 συγκα-

196 3020 443 3084 ταϐαίνων
507 3029 628 3086 ἔστὶ
689 3028 778 3087 διὰ
833 3034 932 3103 τήν
995 3033 1210 3090 ἐκείνων
1261 3035 1552 3110 παχύτητα
1584 3056 1596 3069 ·
1629 3020 1748 3100 πῶς
1777 3034 1839 3090 ού

195 3113 345 3172 πλέον
401 3120 545 3192 ἡμῖν
614 3119 829 3177 ἐκείνων
887 3121 998 3198 ἐρεῖ
1054 3145 1137 3188 τις
1192 3121 1591 3200 ἐπιτετάχθαι;
1651 3125 1836 3180 Κάκεί-

1859 1822 1909 1889 Β

1950 540 2104 612 ptias
2134 541 2441 612 acceperit,
2470 540 2697 596 vocabit
2727 538 2934 596 illam?
2964 552 3279 603 purumne,
3310 540 3594 607 tanquam

1946 631 2281 686 consobrini
2313 647 2574 698 uxorem,
2606 629 3110 702 quemadmodum
3136 625 3372 698 etprius
3401 624 3590 696 ipsam

1946 720 2327 786 nominabat;
2361 737 2433 774 an
2467 736 2726 786 uxorem,
2761 735 2893 773 cum
2927 734 3042 788 qua
3074 731 3284 788 nempe
3315 729 3590 768 concum-

1945 806 2044 862 bat
2068 810 2090 862 ?
2118 807 2223 862 Ubi
2259 824 2428 879 porro
2463 825 2748 880 ponemus
2790 806 2985 878 magni
3033 804 3231 860 Basilii
3283 819 3587 874 canonem,

1946 895 2047 967 qui
2083 896 2164 951 ita
2213 897 2415 952 habet:
2465 899 2529 952 In
2576 898 2770 968 quibus
2816 897 3041 951 nomina
3087 894 3430 965 cognationis
3458 908 3589 948 con-

1942 986 2272 1056 fundantur,
2305 989 2364 1041 in
2411 987 2482 1042 iis
2511 988 2934 1042 matrimonium
2955 986 3217 1040 illicitum
3245 988 3323 1040 est
3343 983 3405 1038 “.7
3435 987 3587 1037 Pras-

1943 1078 2121 1143 terea,
2153 1075 2455 1148 inquiunt,
2487 1076 2662 1131 etiam
2713 1075 2952 1130 aliunde
2995 1075 3148 1130 idem
3199 1078 3464 1128 astruere
3493 1088 3589 1128 oo-

1943 1164 2221 1218 nabimur
2285 1164 2617 1231 violentius,
2679 1164 2797 1219 imo
2854 1162 3180 1218 verissime.
3249 1161 3479 1219 Etenim
3540 1160 3589 1217 si

1330 1255 1572 1310 Ἐσονται
1626 1254 1676 1308 οἱ
1735 1250 1830 1307 δύο

1947 1253 2101 1321 iuxta
2127 1253 2390 1308 divinum
2423 1253 2748 1323 oraculum,
2774 1253 2925 1324 quod
2963 1253 3032 1307 de
3057 1251 3129 1306 iis
3161 1252 3261 1324 qui
3294 1249 3591 1307 communi

1941 1342 2213 1414 coniugio
2245 1343 2544 1398 sociantur
2575 1343 2693 1399 ait:
2746 1343 2919 1398 Erunt
2959 1342 3068 1397 duo
3123 1343 3187 1397 in
3215 1358 3382 1397 carne
3410 1358 3520 1395 una
3547 1342 3589 1422 3,

1940 1430 2042 1502 qui
2090 1432 2546 1504 conjunguntur,
2599 1449 2716 1487 una
2764 1449 2896 1487 caro
2947 1433 3269 1486 creduntur
3319 1429 3480 1498 fieri;
3537 1430 3587 1485 is

1940 1519 2038 1592 qui
2075 1537 2210 1576 cum
2271 1520 2608 1576 consobrini
2667 1519 2888 1592 proprii
2949 1537 3126 1575 uxore
3185 1518 3484 1587 miscetur,
3519 1519 3590 1575 ad

1939 1607 2174 1664 afﬁnem
2206 1610 2435 1682 generis
2483 1609 2575 1666 sui
2625 1611 2856 1665 videtur
2907 1608 3170 1680 ingredi;
3231 1612 3406 1680 atque
3447 1607 3588 1663 adeo

1938 1697 2167 1770 impigit
2197 1699 2255 1754 in
2293 1698 2456 1754 illam
2509 1699 2765 1755 divinam
2809 1697 2998 1770 legem
3045 1714 3173 1770 quae
3215 1696 3440 1753 sancit:
3467 1697 3586 1752 Non

1938 1787 2267 1858 ingrediaris
2295 1789 2365 1844 ad
2402 1805 2618 1845 omnem
2664 1789 2888 1860 afﬁnem
2937 1791 3124 1843 carnis
3169 1789 3301 1853 tuae,
3333 1785 3404 1841 ad
3433 1803 3582 1842 reve-

1939 1877 2168 1932 landum
2198 1877 2596 1949 turpitudinem
2624 1880 2737 1947 eius
2757 1879 2799 1932 ‘.
3654 1867 3658 1878 ’

2010 1965 2064 2021 6.
2095 1967 2204 2022 Sed
2236 1971 2293 2022 et
2321 1984 2450 2023 eam
2483 1967 2668 2039 legem
2700 1966 2899 2036 violat,
2929 1982 3044 2038 qua
3069 1963 3386 2021 adversarii
3418 1963 3590 2020 abusi

1941 2059 2081 2112 sunt
2134 2057 2206 2111 ad
2257 2074 2372 2112 suae
2421 2056 2716 2129 opinionis
2762 2053 3318 2128 comprobationem,
3367 2058 3431 2109 ut
3463 2070 3590 2125 qua:

1942 2144 2097 2200 dicat
2128 2144 2502 2200 interdictum
2537 2145 2596 2200 in
2629 2145 2882 2200 sobrinis
2904 2143 3185 2199 desinere.
3213 2143 3360 2198 Nam
3392 2143 3440 2198 si
3474 2141 3592 2212 pri-

1943 2249 2076 2289 mus
2108 2233 2374 2289 mulieris
2403 2234 2511 2302 vir,
2541 2239 2666 2289 erat
2713 2233 2958 2305 hujusce
2989 2231 3087 2304 qui
3139 2248 3294 2287 nunc
3325 2230 3591 2302 ejusdem

1946 2324 2196 2378 maritus
2225 2327 2334 2393 est,
2367 2323 2662 2390 sobrinus,
2711 2322 2923 2379 mulier
2970 2326 3165 2378 autem
3216 2320 3438 2376 exstitit
3477 2335 3596 2374 una

1946 2428 2078 2468 caro
2111 2429 2242 2467 cum
2275 2412 2572 2484 defuncto,
2605 2411 2760 2468 claro
2792 2411 3031 2468 omnino
3067 2409 3431 2481 indubiaque
3461 2425 3596 2464 con-

1947 2499 2133 2556 clusio
2163 2505 2274 2570 est,
2305 2501 2460 2573 quod
2491 2501 2548 2556 in
2583 2500 2818 2556 afﬁnem
2851 2499 3046 2556 carnis
3090 2516 3208 2554 suis
3241 2497 3589 2571 ingreditur,

1947 2590 2046 2661 qui
2079 2606 2212 2645 cum
2243 2605 2418 2646 uxore
2447 2589 2670 2648 sobrini
2700 2589 3024 2661 copulatur.
3059 2589 3128 2644 Et
3147 2591 3302 2643 certe
3333 2586 3382 2643 si
3415 2587 3594 2642 Israe-

1946 2679 2069 2735 litis
2117 2679 2209 2734 lex
2251 2695 2319 2735 ea
2374 2677 2740 2750 promulgata
2787 2678 2932 2733 fuit:
2973 2677 3093 2734 Non
3150 2675 3482 2746 ingrediaris
3513 2675 3592 2730 ad

1947 2784 2164 2824 omnem
2220 2769 2447 2839 afﬁnem
2493 2768 2675 2824 carnis
2723 2776 2856 2838 tuae,
2903 2765 3024 2822 illis
3082 2766 3268 2832 duris,
3301 2767 3591 2836 cordeque

1947 2858 2401 2929 iucircumcisis,
2433 2856 2646 2928 quibus
2695 2857 2938 2928 antiqua
2983 2855 3076 2910 lex
3126 2855 3184 2910 in
3236 2853 3439 2910 multis
3465 2869 3595 2908 sese

1949 2949 2375 3012 accommodat,
2408 2951 2643 3018 propter
2669 2963 2871 3002 eorum
2921 2944 3372 3002 crassitudinem
3401 2960 3414 3011 ;
3449 2958 3592 3015 quo-

1950 3037 2124 3092 modo
2157 3054 2270 3091 non
2295 3036 2477 3092 multo
2500 3035 2686 3106 magis
2713 3035 2882 3091 nobis
2904 3051 3081 3107 quam
3105 3033 3222 3089 illis
3253 3031 3593 3105 impositam

1949 3141 2078 3182 esse
2107 3126 2338 3180 duxerit
2367 3125 2658 3199 quispiam
2681 3123 2708 3179 ?
2729 3127 2913 3197 Atque
2944 3123 3062 3180 illis
3092 3123 3337 3180 vetitum
3369 3125 3594 3190 erat,ne

193 3224 292 3267 νοις
345 3209 438 3280 μέν
491 3207 800 3274 ἀκωλύτως
850 3213 986 3288 πρὸς
1032 3212 1204 3269 πάντα
1253 3213 1454 3270 οἰκεῖον
1495 3216 1691 3291 σαρκὸς
1724 3215 1832 3270 εἴσ-

1948 3215 2019 3270 ad
2068 3231 2305 3270 omnem
2353 3214 2546 3270 carnis
2593 3214 2826 3270 afﬁnem
2877 3213 3057 3269 libere
3105 3213 3590 3285 ingrederentur;

197 3291 312 3349 ιένοι
360 3296 640 3374 ἀπείρητο
675 3319 689 3335 ο
753 3301 888 3374 ἡμῖν
949 3299 994 3356 δ’
1049 3301 1427 3380 ἐπιτετράφθαι
1463 3303 1543 3366 τίς
1586 3303 1831 3374 οἰήσεται

192 3383 277 3452 τὴν
307 3390 402 3441 τοῦ
446 3383 880 3464 διασεξαδέλφου
927 3395 1156 3465 γυναῖκα
1204 3386 1414 3462 λαϐεῖν,
1465 3393 1552 3447 καὶ
1611 3391 1829 3466 νύμφην

192 3469 524 3548 κεκλημένην
582 3477 768 3551 ⁴ἡμῶν,
824 3479 911 3534 καὶ
973 3478 1049 3541 εἲς
1107 3480 1277 3556 σάρκα
1329 3479 1451 3554 μίαν
1504 3481 1692 3555 ἐκείνῳ
1741 3504 1832 3557 γε·

191 3562 408 3635 νομένην
441 3562 544 3620 διὰ
569 3568 671 3635 τῆς
726 3566 1072 3642 ἀνακράσεως
1107 3588 1121 3639 ;
1173 3567 1236 3623 Εἰ
1284 3569 1387 3645 γὰρ
1435 3571 1572 3625 κατὰ
1611 3569 1701 3626 τὸν
1736 3571 1830 3626 νό-

193 3671 278 3721 μον
321 3654 390 3725 τῇ
436 3658 549 3709 τοῦ
595 3650 848 3734 γαμϐροῦ
895 3657 985 3712 καὶ
1058 3664 1160 3728 τῆς
1212 3656 1430 3734 νύμφης
1488 3662 1834 3737 προσηγορίᾳ

191 3741 269 3794 καὶ
315 3743 366 3796 οἱ
417 3751 740 3820 μνηστῆρες
789 3743 1108 3817 δηλοῦνται,
1141 3744 1339 3820 πολλῷ
1385 3769 1446 3824 γε
1501 3747 1713 3823 μᾶλλον
1752 3751 1831 3813 οἶς

191 3829 267 3883 καὶ
299 3831 372 3894 εἰς
403 3831 594 3908 γάμον
627 3829 937 3908 προϐέϐηκε
964 3836 1028 3890 τὸ
1058 3833 1437 3912 συνάλλαγμα.

259 3921 315 3989 ζ’.
349 3925 492 3976 Εἶτα
521 3919 621 3977 οὐκ
661 3923 885 3994 ἄτοπον,
936 3925 1134 4000 φύντος
1184 3926 1277 4001 μὶν
1326 3927 1570 3999 μνηστὴν
1598 3924 1635 3998 ἤ
1667 3927 1834 4001 ὁμαί-

201 4027 350 4079 μονος
401 4011 488 4086 μὴ
540 4011 734 4082 ἐξεῖναι
790 4014 927 4068 κατὰ
980 4015 1154 4089 γάμον
1201 4010 1498 4088 λαμϐάνειν
1542 4018 1712 4090 ἡμᾶς,
1751 4015 1834 4072 ὅτι

197 4099 228 4165 ἡ
261 4100 349 4170 μὶν
385 4107 684 4174 μητρυιᾶς,
717 4102 752 4172 ἡ
804 4098 862 4157 δὲ
907 4101 1123 4177 νύμφης
1172 4102 1316 4177 τάξι)
1361 4103 1545 4180 ἐπέχει
1582 4123 1594 4136 °
1647 4107 1745 4175 τὴν
1781 4103 1838 4161 δὲ

199 4189 389 4259 κυρίως
441 4187 737 4260 κληθεῖσαν
795 4188 1056 4270 νύμφην,
1103 4192 1178 4255 ὡς
1230 4195 1660 4249 συνευνασθεῖσαν
1721 4193 1838 4250 δισ-

201 4275 494 4354 εξαδέλφῳ,
546 4276 762 4353 ἄγεσθαι
839 4281 976 4357 πρὸς
1033 4283 1208 4358 γάμον
1256 4282 1346 4337 τὸν
1407 4280 1836 4363 δισεξάδελφον;

1941 3303 2113 3359 nobis
2141 3320 2273 3359 vero
2327 3302 2554 3358 licitum
2606 3303 2740 3376 quis
2786 3301 3035 3375 putabit,
3087 3301 3308 3358 sobrini
3347 3315 3587 3356 uxorem

1942 3393 2222 3464 accipere,
2256 3408 2382 3464 qua:
2414 3393 2539 3446 tum
2582 3408 2769 3446 nurus
2816 3395 3016 3447 nostra
3064 3395 3266 3446 vocata
3297 3389 3426 3457 fuit,
3459 3393 3584 3443 tum

1942 3481 2001 3537 in
2035 3497 2153 3536 una
2183 3497 2357 3536 carne
2387 3497 2519 3535 cum
2551 3479 2651 3535 illo
2683 3479 2926 3550 exstitit,
2961 3478 3032 3535 ob
3065 3478 3534 3536 commistionem
3558 3476 3587 3531 ‘I

1941 3570 2085 3625 Nam
2117 3569 2166 3626 si
2193 3570 2363 3641 juxta
2392 3568 2606 3641 legem.
2637 3568 2834 3638 generi
2866 3571 2922 3623 et
2952 3584 3133 3624 nurus
3169 3565 3582 3640 appellatione,

1941 3659 2116 3716 etiam
2175 3658 2376 3730 sponsi
2435 3657 2799 3724 indicantur,
2855 3656 3038 3712 multo
3097 3673 3240 3712 sane
3295 3654 3486 3729 magis
3542 3655 3582 3710 ii

1943 3764 2194 3821 quorum
2227 3747 2532 3803 conventio
2561 3748 2632 3803 ad
2665 3747 2903 3818 nuptias
2933 3744 3234 3818 processit.

2012 3927 2068 3981 7.
2120 3926 2259 3983 Dein
2312 3941 2505 3982 nonne
2553 3922 2878 3980 absurdum
2923 3925 3033 3991 est,
3085 3926 3150 3978 ut
3206 3921 3379 3979 liceat
3419 3922 3588 3982 nobis

1945 4032 2220 4089 sponsam
2247 4013 2428 4087 patris
2448 4014 2534 4070 vel
2560 4012 2755 4069 fratris
2775 4011 2902 4084 lege
2925 4011 3286 4068 matrimonii
3309 4011 3588 4084 accipere,

1947 4105 2087 4178 quia
2117 4104 2218 4159 illa
2246 4119 2523 4173 novercae,
2550 4101 2675 4157 haec
2715 4118 2903 4157 nurus
2951 4099 3146 4157 locum
3175 4104 3334 4157 tenet
3359 4126 3373 4170 ;
3423 4101 3596 4158 liceat

1945 4209 2080 4250 vero
2120 4192 2378 4260 sobrino,
2438 4206 2677 4247 uxorem
2728 4191 2940 4246 ducere
2996 4206 3125 4246 eam
3187 4206 3313 4262 quae
3364 4189 3594 4263 proprie

1948 4287 2288 4354 nuncupata
2321 4281 2429 4336 fuit
2472 4297 2677 4348 nurus,
2730 4284 2930 4352 utpote
2971 4297 3098 4352 qum
3157 4279 3332 4336 fuerit
3359 4279 3594 4337 sobrina

195 4363 392 4422 καὶτὸν
433 4369 527 4439 μὲν
575 4368 726 4423 θετὸν
778 4368 916 4438 υἱὸν,
952 4369 1012 4424 ἐκ
1060 4369 1270 4446 φύσεως
1321 4372 1398 4446 μὴ
1451 4371 1652 4448 σχόντα
1705 4373 1833 4448 πρὸς

1949 4371 2264 4446 copulata?
2293 4374 2475 4442 utque
2505 4369 2812 4442 adoptivus
2844 4369 3082 4441 quidem
3133 4368 3292 4425 filius
3333 4368 3460 4440 (qui
3492 4385 3596 4424 na-

195 4453 278 4508 τὸν
309 4457 462 4519 Θετὸν
517 4455 721 4532 πατέρα
780 4456 1078 4530 οἰκείωσιν,
1126 4466 1584 4536 καταχρηστικῶς
1635 4459 1693 4518 δὲ
1744 4463 1833 4536 μό-

1948 4461 2200 4518 turalem
2219 4477 2335 4516 non
2363 4458 2537 4516 habet
2558 4459 2901 4515 affinitatem
2924 4474 3060 4514 cum
3078 4463 3246 4530 patre
3260 4458 3597 4530 adoptante,

200 4561 283 4597 νον
321 4543 380 4600 ἐκ
437 4552 674 4619 νομικῆς
741 4547 1018 4611 αυθεντίας
1084 4545 1519 4623 κληρωσάμενον
1574 4551 1672 4621 τὴν
1733 4550 1833 4606 υἱό-

1957 4553 2057 4609 sed
2092 4549 2329 4608 abusive
2375 4550 2662 4604 duntaxat
2712 4564 2778 4603 ex
2831 4547 3028 4619 legum
3079 4546 3421 4602 auctoritate
3450 4545 3600 4602 ﬁlia-

202 4651 347 4702 τητα,
397 4635 488 4690 καὶ
545 4631 636 4690 διὰ
671 4642 771 4707 τῆς
833 4635 1314 4710 αύτεξουσιότητος
1370 4636 1833 4715 ἀλλοτριούμειον

1950 4643 2170 4699 tionem
2229 4638 2510 4712 possidet,
2561 4654 2627 4693 ac
2680 4653 2783 4710 per
2831 4635 3361 4708 emancipationem
3411 4635 3483 4690 ab
3532 4651 3599 4691 eo

202 4720 414 4794 τούτου,
473 4725 548 4789 ὡς
603 4722 771 4799 μηδὶν
822 4721 900 4781 ἔτι
961 4727 1112 4782 θετὸν
1163 4726 1296 4782 εἰναι
1350 4726 1498 4801 αὖτῷ
1560 4729 1698 4805 πρὸς
1743 4731 1833 4799 τὴν

1953 4732 2180 4788 alienus
2212 4729 2299 4795 fit,
2334 4729 2477 4784 adeo
2511 4730 2575 4782 ut
2616 4726 2927 4799 adoptivus
2976 4724 3121 4780 nihil
3174 4723 3432 4797 amplius
3461 4741 3603 4798 erga

203 4805 394 4868 ἐκείνου
454 4814 754 4890 συγγένειαν
789 4834 802 4848 ·
856 4817 891 4885 ἡ
948 4815 1050 4892 γὰρ
1099 4817 1510 4892 προσγενομένη
1568 4815 1657 4874 διὰ
1701 4820 1833 4874 θέσιν

1952 4823 2151 4895 ipsum
2183 4818 2258 4875 sit
2289 4816 2510 4872 ratione
2531 4815 2896 4888 cognationis
2923 4833 2936 4883 ;
2967 4815 3443 4888 quandoquidem
3475 4819 3603 4872 orta

205 4901 474 4976 συγγένεια
531 4901 842 4959 ἀπόλλυται
898 4905 1036 4960 κατὰ
1083 4905 1176 4960 τὸν
1235 4905 1400 4981 νόμον
1460 4914 1558 4978 τῆς
1596 4908 1833 4980 αὐτεξου-

1955 4927 2060 4984 per
2164 4905 2538 4978 adoptionem
2626 4904 2894 4977 cognatio
2996 4903 3147 4977 perit
3227 4921 3332 4976 per
3419 4903 3606 4977 legem

208 4989 447 5062 σιότητος
480 5012 493 5026 ⁸
574 4991 913 5049 κεκωλύσθαι
987 4995 1086 5064 τὴν
1158 4998 1256 5050 τοῦ
1323 4996 1526 5072 πατρὸς
1603 4997 1833 5073 γαμετήκ

1955 4995 2462 5069 emancipationis)
2519 4993 2703 5066 patris
2759 5008 2995 5048 uxorem
3057 4992 3436 5065 prohibeatur
3492 4993 3607 5049 sibi

207 5075 490 5153 λαμϐάνειν
521 5078 611 5137 διὰ
645 5082 708 5137 τὸ
747 5083 1029 5159 εὔσχημον
1057 5104 1069 5118 ·
1101 5083 1193 5139 καὶ
1223 5084 1534 5140 τουναντίον
1575 5087 1664 5142 τὸν
1698 5087 1833 5142 θετὸι

1958 5102 2212 5153 sumere,
2247 5083 2573 5139 honestatis
2603 5098 2739 5154 ergo
2767 5099 2780 5149 ;
2833 5085 2888 5137 et
2917 5081 3040 5137 vice
3079 5099 3250 5137 versa
3278 5081 3610 5154 adoptionis

208 5170 400 5243 πατέρα
454 5172 556 5242 τὴν
596 5175 691 5227 τοῦ
737 5171 986 5228 τοιούτον
1036 5173 1156 5228 υἱοῦ
1197 5175 1446 5249 γαμετὴν
1502 5175 1828 5252 ἀπείργεσθα

1961 5183 2127 5250 pater
2177 5173 2521 5245 hujusmodi
2584 5171 2685 5226 filii
2745 5187 2985 5227 uxorem
3043 5177 3269 5228 vetetur
3326 5170 3610 5243 accipere,

211 5255 438 5333 ἄγεσθαι,
504 5265 584 5335 μΤ
639 5263 1089 5336 προσαπτόμενον
1137 5267 1233 5318 τοῦ
1299 5265 1487 5339 γένους
1534 5271 1630 5334 τοῦ
1691 5267 1833 5320 (ie-cci

1962 5281 2097 5322 cum
2127 5268 2323 5320 tamen
2351 5261 2421 5317 ad
2475 5259 2736 5332 adoptati
2777 5257 2881 5314 ﬁlii
2931 5258 3216 5316 familiam
3280 5259 3613 5316 nullatenus

213 5347 323 5403 υἱοῦ
372 5350 506 5424 μετὰ
559 5351 661 5420 τήν
720 5350 780 5406 ἐκ
832 5358 935 5421 τῆς
993 5350 1196 5417 οἰκείας
1246 5354 1433 5430 χειρὸς
1477 5353 1682 5410 ἐκείνου
1719 5353 1833 5410 ἆπό·

1965 5353 2235 5425 attingat,
2271 5355 2584 5423 postquam
2643 5349 2810 5405 illum
2844 5364 2874 5404 e
2924 5365 3101 5405 manu
3156 5366 3269 5405 sua
3317 5348 3612 5417 emiserit;

213 5433 354 5495 λυσιν
385 5460 399 5476 ο
429 5440 530 5511 τὴν
565 5436 624 5496 δὶ
671 5437 762 5496 διὰ
807 5444 905 5497 τοῦ
955 5437 1343 5520 ὃισεξαδέλφου
1395 5444 1744 5519 συνημμένην
1775 5442 1833 5519 τίι

1965 5445 2212 5516 impune
2241 5443 2437 5497 autem
2467 5437 2638 5496 nobis
2684 5437 2857 5495 liceat
2884 5438 2946 5495 in
2994 5437 3436 5496 matrimonium
3466 5437 3619 5494 acci-

282 5661 304 5699 ³
327 5663 509 5739 Epist.
543 5663 670 5723 197.
742 5663 766 5702 ⁸
793 5663 1006 5726 Matth.
1038 5681 1158 5741 xix,
1186 5666 1244 5726 5.
1319 5667 1343 5705 ‘
1371 5667 1549 5730 Lavit.
1578 5683 1740 5742 mn,
1769 5670 1829 5730 6.
