4028 6202
354 305 476 365 435

1142 305 1466 369 JOANNIS
1510 303 1855 367 ZONARJE
1895 302 1999 363 DE
2041 300 2384 364 MATRIM.
2431 302 2973 366 SOBRINORUM.

3603 317 3706 378 436

357 453 494 510 pere
525 436 806 494 feminam
841 454 967 511 quae
1025 454 1128 509 per
1185 438 1490 494 sobrinum
1549 436 1746 510 generi
1807 437 2006 491 nostro

2131 431 2375 508 ἡμετέρῳ
2419 432 2580 506 γένει,
2632 434 2708 495 ὡς
2750 433 2841 488 καὶ
2891 431 2966 496 είς
3010 434 3110 503 τὴν
3158 433 3506 510 κληρονομίαν
3550 441 3709 498 καλεῖ.

360 526 676 598 conjuncta
718 531 827 598 est,
859 527 940 583 ita
985 532 1046 581 ut
1091 527 1312 582 caeteris
1365 526 1795 595 deficientibus,
1828 523 2003 579 etiam

2131 532 2235 584 τθαι
2291 525 2388 575 τοῦ
2446 520 2652 576 οἰκείου
2711 519 2925 598 ἀνδρὸς,
2955 526 3063 577 τῶν
3115 520 3296 578 ἄλλων
3343 524 3708 601 ἐπιλειπόντων,

363 616 434 671 ad
469 616 867 672 haereditatem
902 615 1008 672 viri
1040 617 1132 671 sui
1165 615 1444 672 vocetur?
1475 619 1533 671 et
1579 611 1867 685 ejusmoJi
1897 629 2004 667 nu-

360 705 494 776 ptiae
525 704 853 761 habeantur
879 721 984 777 pro
1011 704 1290 776 legitimis
1312 704 1340 759 ‘l

433 811 488 866 8.
520 816 712 882 Atque
733 811 855 866 haec
877 811 1114 882 quidem
1133 811 1289 867 dicta
1311 812 1430 867 sint
1450 812 1520 868 ad
1547 809 2006 882 propositionem

363 917 564 957 eorum
599 901 699 971 qui
728 901 836 955 hoc
877 900 1325 956 matrimonium
1373 901 1744 972 permittunt,
1776 899 2008 954 dicunt-

363 1004 477 1062 que
522 989 991 1045 interdictionem
1046 989 1107 1044 in
1162 989 1362 1061 nuptis
1419 990 1490 1045 ad
1548 994 1777 1044 sextum
1819 1001 2009 1058 usque

359 1078 605 1149 gradum
651 1078 917 1150 protendi
973 1094 1007 1132 a
1055 1078 1202 1150 lege.
1258 1077 1741 1150 Quandoquidem
1787 1094 1921 1133 vero
1955 1080 2011 1132 et

363 1165 608 1222 ulterius
638 1167 909 1239 progredi
942 1167 1376 1238 cognationem,
1410 1166 1468 1222 in
1523 1165 1595 1222 iis
1627 1165 1727 1238 qui
1771 1183 1804 1221 a
1833 1163 2011 1220 latere

361 1262 522 1326 sunt,
564 1255 655 1311 lex
713 1255 893 1322 novit,
926 1260 992 1310 ut
1047 1259 1104 1311 et
1148 1259 1214 1310 ad
1277 1256 1674 1316 hereditatem
1731 1257 2012 1311 vocentur

362 1341 632 1399 nonnulli
663 1360 693 1399 e
725 1344 974 1416 septimo
1005 1345 1228 1416 gradu:
1282 1345 1606 1401 secundum
1658 1343 1844 1416 legem
1884 1358 2011 1414 quas

365 1432 544 1488 dicit:
578 1434 856 1488 Possessio
905 1436 1048 1488 unde
1075 1435 1312 1504 cognati,
1355 1449 1452 1489 sea:
1492 1433 1697 1502 gradus
1725 1433 2014 1501 cognatio-

363 1522 454 1576 nis
500 1523 893 1593 complectitur,
950 1524 1113 1592 atque
1165 1538 1194 1576 e
1246 1523 1478 1594 septimo
1531 1537 1798 1592 personas
1851 1520 2011 1588 duas,

365 1611 579 1681 prolem
609 1610 826 1665 sobrini
849 1612 898 1665 et
926 1611 1161 1665 sobrinee
1186 1628 1204 1664 :
1237 1615 1294 1664 et
1313 1610 1638 1665 secundum
1670 1609 1858 1682 legem
1890 1627 2014 1681 quae

365 1699 481 1754 ista
511 1699 928 1770 prosequitur:
961 1703 1030 1755 In
1057 1699 1319 1754 naturali
1345 1699 1690 1770 cognatione,
1720 1701 2017 1767 septimum

2115 607 2283 671 ἀδεῶς
2332 612 2468 682 ἡμῖν
2523 616 2788 665 συνοικεῖν
2841 610 3082 681 ἐξεῖναι;
3133 612 3221 666 καὶ
3266 613 3487 688 νόμιμον
3535 617 3614 672 τὸν
3634 603 3714 696 γά-

2121 720 2220 772 μον
2255 697 2564 774 λογίζεσθαι
2598 719 2611 769 ;

2190 829 2223 877 η
2247 849 2258 862 .
2295 809 2478 863 Ταῦτα
2512 809 2606 880 μὲν
2637 808 2727 862 οὗν
2776 807 2914 884 πρὸς
2960 813 3059 876 τὴν
3110 813 3218 863 τῶν
3247 807 3611 884 ἐπιτρεπόντων
3638 818 3712 870 τὸν

2117 895 2291 970 γάμον
2339 891 2597 970 πρότασιν
2670 893 2880 972 εἴρηται
2917 916 2928 928 ·
3008 895 3274 972 λεγόντων
3350 898 3532 976 μέχρις
3580 899 3712 959 ἕκτου

2123 985 2336 1059 βαθμοῦ
2366 985 2461 1039 τὸν
2509 985 2673 1058 νόμον
2723 986 2823 1054 τὴν
2871 983 3110 1041 κώλυσιν
3159 984 3246 1041 ἐπὶ
3273 991 3376 1043 τῶν
3407 989 3584 1062 γάμων
3611 990 3716 1048 έπε-

2117 1078 2342 1147 νεγκεῖν.
2395 1072 2546 1128 Ἑπεὶ
2607 1071 2664 1128 δὲ
2718 1073 2808 1128 καὶ
2866 1073 3169 1151 περαιτέρω
3225 1076 3322 1144 τήν
3379 1077 3651 1154 συγγένειαν
3693 1082 3716 1135 ὁ

2119 1163 2290 1234 νόμος
2338 1158 2449 1217 οἶδε
2505 1157 2816 1238 προϐαίνειν
2872 1161 2962 1218 ἐπὶ
3014 1167 3120 1218 τῶν
3167 1162 3226 1218 ἐκ
3266 1163 3511 1240 πλαγίου,
3541 1166 3608 1230 ὡς
3647 1168 3722 1224 καί

2119 1253 2258 1327 πρὸς
2312 1249 2691 1327 κληρονομίας
2745 1253 2896 1316 τινὰς
2951 1252 3234 1309 καλεῖσθαι
3282 1255 3370 1308 καὶ
3427 1260 3528 1310 τῶν
3570 1262 3653 1312 τοῦ
3679 1259 3722 1313 έ-

2121 1336 2334 1414 ϐδόμου
2395 1341 2612 1416 βαθμοῦ
2644 1387 2659 1413 ,
2708 1342 2849 1397 κατᾶ
2899 1343 2987 1397 τὸν
3045 1343 3217 1416 νόμον
3260 1343 3349 1398 τὸν
3397 1343 3724 1422 λέγοντα·Ἦ

2123 1430 2411 1505 συγγενικὴ
2497 1431 2724 1504 βοήθεια
2805 1431 2858 1502 ’ἐξ
2934 1430 3175 1507 βαθμοὺς
3234 1433 3529 1508 συγγενείας
3592 1455 3723 1510 περι-

2124 1513 2412 1592 λαμϐάνει,
2468 1518 2558 1574 καὶ
2609 1519 2714 1575 ἀπὸ
2771 1525 2870 1575 τοῦ
2921 1515 3162 1595 έϐδόμου
3214 1541 3474 1597 προσωπα
3526 1521 3630 1592 δύο,
3672 1525 3723 1580 τὸ

2121 1608 2438 1681 τικτόμενον
2527 1608 2632 1663 ἀπὸ
2712 1605 3097 1686 δισεξαδέλφου
3180 1609 3269 1664 καὶ
3341 1607 3724 1689 δισεξαδέλφηςο

2123 1695 2212 1770 καὶ
2287 1697 2408 1751 καθ’
2466 1693 2646 1770 ἓτερον
2728 1697 2899 1772 νόμον
2978 1696 3243 1769 διεξιόντα
3297 1699 3447 1753 ταυτί
3504 1719 3516 1734 ο
3549 1701 3623 1754 Ἐν
3671 1704 3727 1775 τῇ

365 1789 602 1860 gradum
648 1805 761 1844 non
805 1788 1319 1859 praetergredimur,
1371 1793 1427 1842 et
1478 1803 1605 1859 quas
1645 1792 2012 1858 sequuntur;

2131 1789 2324 1864 φυσικῆ
2380 1784 2659 1861 συγγενείᾳ
2712 1787 2803 1841 τὸν
2873 1782 3109 1860 ἕϐδομον
3177 1788 3385 1862 βαθμὸν
3451 1788 3510 1842 οὗ
3561 1790 3729 1864 παρεξ-

359 1879 494 1947 jure
525 1877 658 1948 quis
711 1876 942 1942 dixerit,
975 1893 1073 1932 eos
1123 1892 1358 1948 quoque
1407 1877 1511 1947 qui
1568 1875 1720 1931 inter
1766 1893 1828 1931 se
1873 1880 2014 1931 sunt

315 2015 318 2018 .
364 1965 602 2037 septimi
631 1965 870 2037 gradus,
901 1983 936 2021 a
964 1970 1174 2020 mutua
1205 1964 1264 2020 in
1297 1965 1575 2021 connubii
1607 1965 1883 2020 societate
1912 1982 2012 2021 co-

361 2054 502 2124 pula
531 2052 848 2127 prohiberi.
882 2053 1191 2108 Addiderit
1236 2058 1294 2108 et
1334 2053 1653 2124 quispiam,
1705 2053 2012 2125 pontiﬁces

363 2143 464 2214 qui
497 2146 767 2198 statuunt
796 2142 903 2198 has
933 2142 1170 2214 nuptias
1222 2140 1408 2197 arceri
1455 2141 1666 2197 debere
1695 2145 2010 2212 antequam

361 2231 528 2299 ﬁant,
562 2247 676 2286 non
706 2247 840 2286 vero
873 2231 1055 2287 factas
1103 2230 1367 2300 dissolvi,
1400 2231 1502 2286 sed
1553 2231 1766 2303 poenali
1799 2230 2012 2302 subjici

367 2336 651 2386 censurae,
682 2337 1056 2392 nequaquam
1088 2324 1358 2375 accurato
1381 2320 1501 2390 juri
1546 2320 1840 2375 adhaerere
1871 2321 2012 2375 dum

369 2410 454 2467 sic
483 2411 827 2478 decernunt,
857 2409 1000 2481 quin
1030 2410 1148 2464 imo
1175 2409 1372 2481 potius
1405 2410 1939 2466 accommodaticio.

443 2591 497 2645 9.
530 2588 761 2644 Scilicet
805 2587 1085 2643 indecens
1133 2591 1222 2643 est
1270 2591 1328 2642 et
1372 2586 1775 2660 inhonestum,
1826 2605 2016 2660 neque

371 2683 583 2736 natura
605 2680 858 2750 justum,
883 2675 1188 2732 mulierem
1221 2693 1348 2748 qua)
1370 2678 1441 2731 ad
1464 2676 2015 2749 hmreditatemjure

371 2767 736 2842 cognationis
764 2770 1024 2831 vocatur,
1057 2782 1174 2821 una
1207 2781 1340 2821 cum
1373 2765 1599 2822 haerede
1629 2767 1686 2821 in
1720 2773 2014 2840 corrupte-

367 2859 483 2914 lam
516 2857 791 2923 incidere,
827 2871 1050 2910 necnon
1074 2871 1142 2909 ex
1173 2853 1301 2926 ipsa
1332 2855 1489 2927 gigni
1513 2855 1727 2912 liberos
1757 2856 2014 2913 nominis

368 2945 632 3018 ambigui
662 2945 958 3015 dubiique.
993 2944 1116 3007 Quo
1142 2944 1298 3000 enim
1349 2944 1585 3000 nomine
1626 2945 1724 3016 qui
1756 2962 1890 3001 cum
1921 2949 2014 3002 sui

369 3034 593 3093 sobrini
621 3033 741 3090 lilia
783 3033 1028 3104 junctus
1059 3035 1148 3088 est
1193 3049 1328 3088 eum
1382 3033 1682 3090 donaverit
1729 3035 1829 3106 qui
1865 3035 1916 3091 ei
1947 3053 2015 3091 ex

369 3126 472 3181 illa
493 3129 669 3180 natus
693 3122 869 3178 fuerit
893 3122 1086 3177 PNum
1108 3121 1236 3189 ﬁlii,
1259 3122 1345 3177 vel
1379 3139 1447 3177 ex
1467 3128 1716 3195 cognata
1739 3125 1967 3196 nepotis
1991 3124 2014 3180 ?

370 3215 517 3271 Nam
541 3212 833 3284 siquidem
861 3227 993 3267 eum
1017 3209 1580 3283 appellat,tanquam
1605 3229 1634 3267 e
1654 3212 1870 3268 lumbis
1893 3213 2016 3270 suis

373 3308 591 3370 ortum,
623 3301 810 3356 ﬁlium
835 3300 1163 3354 nominabit
1187 3317 1200 3369 ;
1229 3301 1319 3355 sin
1342 3316 1479 3357 vero
1506 3306 1570 3355 ut
1590 3319 1657 3357 ex
1681 3303 2018 3358 consobrini

373 3393 496 3449 ﬁlia
523 3391 810 3465 genitum,
839 3388 1069 3444 vocabit
1097 3395 1494 3461 pronepotem.
1526 3391 1687 3455 Quod
1728 3391 1778 3447 si
1810 3391 2022 3448 mulier

376 3499 407 3539 e
437 3481 617 3554 priori
659 3479 928 3551 conjugio
973 3478 1190 3534 liberos
1240 3478 1472 3546 habeat,
1529 3480 1699 3552 eique
1745 3483 1921 3536 etiam
1953 3498 2022 3537 ex

377 3572 634 3628 secundo
684 3567 782 3624 alii
829 3573 1168 3633 nascantur,
1221 3584 1477 3639 quonam
1528 3569 1894 3640 cognationis
1924 3586 2022 3626 no-

377 3661 535 3717 mine
566 3659 809 3716 invicem
859 3656 1361 3729 appellabuntur?
1411 3658 1660 3729 Fratres,
1695 3664 1759 3714 ut
1807 3658 1906 3732 qui
1951 3676 2019 3716 ex

377 3767 496 3807 una
525 3753 710 3805 matre
742 3746 1025 3819 procreati
1074 3745 1291 3801 fuerint
1318 3771 1331 3812 ;
1381 3746 1470 3802 vel
1503 3747 1858 3816 consobrini,
1894 3755 1958 3804 ut
1986 3766 2021 3804 a

377 3841 610 3897 duobus
641 3835 1009 3894 consobrinis
1038 3835 1230 3890 satis?
1259 3835 1320 3891 Si
1357 3851 1492 3892 vero
1542 3853 1745 3892 omnes
1778 3838 2020 3910 propin-

377 3927 602 4001 quioris
633 3927 706 3982 ad
735 3925 896 3980 illius
927 3924 1206 3978 maritum
1256 3924 1475 3994 gradus
1523 3924 1861 3996 defecerint,
1893 3925 2022 3980 alii-

377 4034 492 4091 que
519 4013 865 4087 superstites
913 4011 1132 4067 fuerint
1180 4027 1210 4067 e
1240 4013 1490 4083 septimo
1537 4016 1746 4086 gradu,
1792 4014 1922 4086 ipsa
1950 4032 2023 4072 ne

378 4105 597 4180 pariter
623 4119 758 4159 cum
789 4100 907 4156 illis
949 4099 1253 4156 vocabitur
1283 4101 1351 4155 ad
1402 4103 1854 4171 successionem,
1887 4108 2022 4159 tan-

379 4210 558 4268 quam
590 4191 848 4262 ejusdem
881 4205 1014 4244 cum
1046 4187 1119 4244 iis
1148 4189 1367 4260 gradus
1395 4190 1732 4262 particeps?
1763 4196 1863 4247 aut
1893 4192 2026 4263 reji-

379 4284 584 4351 cietur,
613 4278 792 4336 veluti
826 4293 970 4334 uxor
1016 4281 1323 4349 assumpta
1373 4295 1407 4333 a
1456 4278 1800 4351 prepinquis
1822 4280 1850 4335 ?
1877 4281 2022 4336 Cum

374 4372 437 4428 in
469 4372 672 4427 eadem
707 4367 934 4442 possint
963 4371 1208 4438 utraque
1252 4369 1524 4438 spectari.
1558 4368 1758 4424 Cernis
1807 4369 1887 4425 rei
1921 4370 2025 4425 ab-

377 4461 725 4519 surditatem
747 4461 805 4514 et
824 4455 1251 4529 turpitudinem
1276 4456 1300 4511 ?
1321 4456 1601 4520 Quocirca
1630 4475 1781 4529 saepe
1803 4476 1835 4513 a
1855 4458 2027 4530 legis-

377 4548 662 4606 latoribus
703 4547 761 4602 in
811 4562 991 4602 causa
1047 4545 1387 4617 nuptiarum
1447 4546 1672 4602 dictum
1725 4551 1856 4603 est:
1907 4551 2027 4602 Non

375 4641 536 4698 modo
589 4636 722 4710 quid
774 4636 1110 4708 permissum
1164 4636 1233 4688 sit
1287 4643 1544 4706 spectare,
1601 4651 1796 4691 verum
1857 4638 2027 4693 etiam

376 4729 510 4804 quid
536 4729 608 4784 sit
635 4727 889 4783 decorum
926 4727 979 4779 et
1008 4731 1220 4778 natura
1245 4737 1490 4794 aequum,
1523 4731 1573 4779 el
1601 4724 1907 4781 honestum.

455 4837 538 4892 lO.
571 4833 696 4890 Non
727 4832 907 4905 igitur
939 4829 1345 4901 intempestive
1397 4829 1688 4901 prolatum
1737 4835 1847 4899 est,
1880 4849 2025 4903 pon-

379 4924 568 4982 tiﬁces
599 4939 714 4978 non
762 4921 992 4976 locutos
1043 4919 1224 4974 fuisse
1269 4923 1560 4986 accurate,
1594 4920 1696 4975 sed
1740 4921 1930 4993 magis
1959 4937 2029 4976 ex

381 5008 940 5068 accommodationis
989 5008 1221 5076 affectu,
1268 5009 1499 5079 quando
1548 5009 2025 5080 pronuntiarunt,

380 5106 697 5173 antequam
731 5096 1174 5153 matrimonium
1215 5097 1274 5152 in
1307 5097 1555 5169 septimo
1583 5100 1764 5170 gradu
1799 5104 2026 5156 contra-

379 5192 577 5259 hatur,
627 5183 871 5245 vetitum
921 5202 1070 5253 esse,
1123 5191 1435 5257 postquam
1486 5203 1620 5242 vero
1661 5193 2026 5244 contractum

379 5280 574 5350 fuerit,
606 5292 977 5350 nequaquam
1011 5273 1228 5330 divelli.
1263 5277 1318 5330 Si
1356 5275 1465 5332 hoc
1498 5275 1674 5348 igitur
1704 5278 1774 5333 ad
1807 5277 2027 5334 demis-

378 5371 603 5428 sionem
636 5372 694 5423 et
721 5365 1318 5422 accommodationem
1353 5366 1924 5438 pertinet,quidnam
1957 5368 2028 5424 de

383 5464 542 5516 sexto
572 5456 756 5529 gradu
790 5453 1059 5512 dicetur?
1081 5454 1242 5518 Quod
1271 5457 1466 5510 autem
1500 5459 1698 5511 sextus
1732 5460 1929 5528 aperte
1951 5455 2030 5512 sit

381 5549 436 5605 is
463 5548 534 5603 de
564 5562 678 5618 quo
710 5543 1114 5617 interrogatio,
1160 5558 1275 5600 non
1307 5548 1396 5600 est
1443 5544 1766 5617 ambigum.
1800 5545 1943 5603 Nam
1975 5545 2028 5601 si

386 5633 662 5695 sobrinus
690 5633 836 5690 sexti
866 5637 956 5691 est
997 5633 1238 5704 gradus,
1291 5633 1375 5687 illi
1417 5650 1550 5690 vero
1601 5639 1806 5708 nupta,
1839 5634 2026 5707 ipsius

2048 3174 2092 3241 C

2123 1875 2422 1948 ερχόμεθα,
2470 1873 2560 1928 καὶ
2617 1873 2685 1929 τὰ
2740 1873 2903 1947 ἑξῆς·
2963 1874 3209 1951 εὐλόγως
3268 1872 3327 1930 ἄν
3383 1897 3464 1938 τις
3509 1873 3623 1952 εἴπῃ
3656 1877 3727 1931 καὶ

2119 1962 2247 2025 τοὺς
2301 1957 2540 2035 ἑϐδόμου
2589 1961 2727 2039 πρὸς
2780 1961 3065 2035 ἀλλήλους
3126 1961 3285 2028 ὄντας
3347 1965 3552 2041 βαθμοῦ
3595 1987 3727 2020 κεκω·

2123 2048 2314 2115 λύσθαι
2349 2052 2485 2128 πρὸς
2513 2051 2693 2128 γάμου
2741 2053 3027 2109 κοινωνίαν
3075 2051 3351 2125 ἀλλήλοις
3396 2056 3728 2110 συνάπτεσθαι.

2123 2141 2218 2195 Καὶ
2250 2141 2377 2204 τοὺς
2422 2142 2528 2215 πρὸ
2585 2146 2681 2196 τοῦ
2727 2143 2965 2217 γενέσθαι
3015 2143 3107 2198 τὸν
3147 2147 3397 2198 τοιοῦτον
3451 2145 3617 2219 γάμον
3645 2141 3732 2198 δεῖν

2124 2227 2400 2306 εἴργεσθαι
2479 2227 2796 2305 διαγνόντας
2855 2232 3156 2307 ἀρχιερεῖς,
3221 2232 3356 2305 μετὰ
3399 2229 3455 2287 δέ
3500 2233 3557 2287 τὸ
3609 2233 3734 2307 γενέ-

2123 2330 2244 2383 σθαι
2280 2319 2354 2391 μὴ
2407 2315 2749 2392 διασπᾶσθαι,
2800 2318 2926 2375 ἀλλ’
2975 2320 3077 2375 ὑπὸ
3130 2319 3447 2394 ἐπιτίμησιν
3488 2321 3733 2396 γίνεσθαι·

2124 2407 2227 2462 οὐκ
2283 2402 2558 2479 ἀκριϐείας
2617 2408 2918 2484 ἐχομένους
2995 2406 3138 2464 εἷ’ποι
3221 2431 3306 2474 τις
3369 2409 3429 2464 ἂν
3489 2407 3738 2486 διαγνῶναι

2122 2499 2305 2568 τοῦτο,
2342 2494 2554 2569 μᾶλλον
2593 2496 2686 2565 μὲν
2722 2517 2818 2552 ουν
2848 2518 2909 2573 γε
2939 2492 3408 2573 συγκτταϐάσεως.

2196 2585 2259 2648 θ’.
2320 2585 2584 2661 Ἀπρεπὶς
2637 2584 2741 2661 γὰρ
2815 2585 3030 2648 πάντως
3105 2587 3195 2642 καὶ
3294 2586 3355 2642 οὐ
3409 2587 3589 2661 σεμνὸν
3639 2583 3743 2642 οὔδε

2125 2673 2279 2750 φύσει
2310 2671 2536 2740 δίκαιον,
2569 2675 2668 2742 τὴν
2720 2673 2795 2737 εἰς
2847 2675 3086 2748 νόμιμον
3138 2675 3197 2730 έκ
3249 2675 3548 2752 συγγενείας
3572 2673 3744 2731 καλου-

2129 2764 2293 2836 μένην
2325 2762 2720 2839 κληρονομίαν,
2751 2764 2950 2835 ταύτην
2997 2769 3078 2837 τῷ
3125 2763 3466 2841 κληρονόμῳ
3513 2763 3740 2842 συμφθεί-

2127 2864 2329 2928 ρεσθαι,
2405 2853 2509 2907 κάκ
2576 2852 2779 2924 ταύτης
2856 2852 3126 2908 τίκτεσθαι
3197 2852 3404 2919 ’παῖδας
3459 2850 3740 2929 ἀμφίϐολον

2123 2942 2222 3009 τὴν
2253 2940 2451 3010 κλῆσιν
2514 2942 2601 2996 καὶ
2659 2942 2762 2996 οὐκ
2813 2940 3218 3020 ἀναμφίλεκτον
3271 2941 3516 3020 ἔχοντας.
3554 2943 3617 3001 Τί
3659 2944 3744 3018 γὰρ

2124 3030 2236 3085 ἂνό
2292 3033 2360 3104 τῇ
2409 3034 2506 3085 τοῦ
2556 3029 2760 3086 οἰκείου
2809 3028 3194 3109 δισεξαδέλφου
3248 3030 3404 3088 παιδὶ
3460 3033 3745 3109 συζευχθεῖς

2125 3120 2217 3174 τὸν
2278 3119 2334 3188 έζ
2391 3119 2599 3190 έκείνης
2663 3120 2810 3192 αὐτῷ
2881 3121 3139 3197 τεχθέντα
3215 3119 3508 3195 καλέσειεν,
3563 3121 3743 3188 Υίὸνῆ

2130 3207 2388 3281 ἀνεψιόν;
2443 3206 2511 3262 Ei
2558 3209 2651 3282 μὶν
2702 3209 2806 3284 γὰρ
2853 3209 2926 3271 ὡς
2949 3208 3001 3280 ἐξ
3046 3209 3250 3289 ὀσφύος
3299 3211 3462 3266 αὐτοῦ
3515 3209 3746 3286 τεχθέντα

2123 3300 2315 3352 τοῦτον
2374 3295 2550 3366 καλεῖ,
2611 3297 2726 3352 υἱὸν
2780 3296 3092 3371 ὀνομάσειεν
3128 3319 3142 3332 ·
3199 3299 3246 3353 εί
3296 3297 3343 3354 δ’
3394 3300 3465 3362 ὡς
3507 3300 3564 3354 έκ
3607 3311 3747 3372 θυγαα

2125 3385 2251 3459 τρὸς
2299 3382 2616 3463 έξαδέλφου,
2667 3384 2938 3441 καλέσειεν
2985 3385 3282 3463 έξανέψιον.
3316 3387 3380 3446 El
3427 3386 3483 3444 δε
3529 3389 3624 3444 κὰκ
3663 3390 3744 3442 τοῦ

2126 3475 2396 3550 προτέρου
2452 3473 2633 3548 γάμου
2689 3471 2879 3537 παῖδές
2939 3475 3041 3530 είσι
3089 3480 3160 3550 τῇ
3229 3478 3464 3555 γυναικὶ,
3516 3479 3748 3553 γένωνται

2130 3561 2187 3618 δὲ
2227 3564 2332 3618 κάκ
2385 3567 2482 3619 τοῦ
2543 3561 2792 3636 δευτέρου
2848 3564 2938 3618 καὶ
2987 3560 3183 3641 ἕτεροι,
3240 3565 3348 3622 τίνι
3404 3565 3464 3622 ἂν
3520 3566 3747 3637 κληθεῖεν

2127 3653 2262 3726 πρὸς
2292 3651 2580 3724 ἀλλήλους
2630 3653 2931 3729 συγγενείας
2981 3653 3210 3726 ὀνόματι
3245 3673 3261 3726 ;
3296 3653 3571 3735 ’Δδελφοὶ,
3609 3655 3676 3718 ὡς
3703 3653 3753 3708 έκ

2133 3748 2258 3815 μιᾶς
2286 3741 2473 3816 φύντες
2524 3741 2753 3816 μητρὸς,
2802 3741 2838 3812 ἤ
2889 3739 3194 3821 έξάδελφοι,
3247 3745 3326 3807 ὡς
3370 3745 3474 3800 ἀπὸ
3516 3743 3606 3799 δύο
3649 3742 3749 3813 έξα-

2130 3829 2342 3909 δέλφων
2386 3829 2718 3906 σπαρέντες;
2779 3830 2844 3888 Ei
2902 3829 2958 3886 δέ
3013 3831 3102 3886 καὶ
3161 3830 3361 3898 πάντες
3418 3833 3472 3890 οἲ
3504 3832 3751 3909 ἐγγυτέρω

2135 3921 2346 3996 βαθμοῦ
2398 3923 2479 3992 τῷ
2531 3918 2734 3988 ταύτης
2786 3918 2959 3996 ,ἀνδρὶ
3035 3917 3381 3992 έπιλίποιεν,
3431 3917 3657 3995 ἑϐδόμου
3706 3917 3755 3972 δὲ

2133 4010 2231 4064 εἷεν
2265 4009 2353 4064 καὶ
2409 4008 2584 4083 ἓτεροι
2651 4008 2862 4084 βαθμοῦ
2919 4005 3220 4085 περιόντες,
3282 4013 3386 4088 ἆρα
3433 4011 3524 4066 σὺν
3555 4008 3754 4070 ἐκείνοις

2131 4099 2219 4154 καὶ
2253 4098 2384 4169 αὕτη
2424 4096 2760 4168 κληθήσεται
2802 4098 2938 4175 πρὸς
2987 4095 3290 4176 διαδοχὴν,
3329 4101 3406 4162 ὡς
3433 4099 3649 4162 έκείνοις
3673 4101 3757 4153 τοῦ

2131 4185 2294 4241 αὐτοῦ
2342 4187 2555 4260 βαθμοῦ
2600 4185 3064 4262 συμμετέχουσα;
3112 4187 3150 4257 ἤ
3188 4190 3648 4264 παραιτηθήσεται
3693 4186 3758 4248 ὡς

2129 4275 2264 4350 γυνή
2322 4269 2860 4348 παραλαμϐανομένη
2910 4275 3058 4350 παρὰ
3109 4280 3220 4332 τῶν
3261 4282 3569 4354 προσγενῶν
3604 4296 3617 4346 ;
3656 4277 3757 4333 Ἐπ’

2133 4363 2266 4438 αὐτῇ
2316 4365 2420 4439 γὰρ
2465 4362 2555 4418 καὶ
2605 4363 2888 4442 ἀμφότερα
2935 4365 3328 4438 τεθεώρηνται.
3385 4368 3544 4443 Ὀρᾷς
3590 4365 3648 4421 τὸ
3675 4366 3757 4419 τοῦ

2131 4451 2452 4527 πράγματος
2499 4453 2699 4506 ἄτοπον
2775 4451 2863 4506 καὶ
2931 4453 3033 4508 οὐκ
3080 4450 3413 4529 εὖσχημον;
3471 4457 3566 4511 Διά
3615 4451 3757 4510 τοῦτο

2057 4547 2105 4612 Ι)
2133 4547 2252 4604 τοῖς
2282 4539 2601 4614 νομοθέταις
2647 4538 2923 4604 πολλάκις
2973 4541 3060 4596 ἐπὶ
3116 4547 3224 4598 τῶν
3287 4545 3485 4620 γάμων
3523 4542 3757 4620 εἴρηται·

2137 4633 2231 4700 Mi)
2289 4631 2350 4684 τὸ
2417 4627 2880 4704 ἐπιτετραμμένον
2955 4630 3120 4702 μόνον
3178 4638 3428 4706 σκοπεῖν,
3494 4632 3632 4690 ἀλλὰ
3681 4629 3760 4685 καὶ

2133 4720 2196 4774 τὸ
2226 4719 2487 4792 εὐπρεπὶς
2511 4720 2599 4774 καὶ
2631 4718 2785 4794 φύσει
2817 4716 3023 4774 δίκαιον
3055 4720 3145 4775 καὶ
3185 4723 3410 4796 σεμνὸν.

2211 4827 2261 4883 ι’.
2303 4825 2417 4883 Οὐκ
2473 4826 2710 4902 ἀκαίρως
2769 4823 2860 4880 οὖν
2919 4824 3129 4901 εἷ’ρηται
3186 4831 3264 4902 μὴ
3319 4829 3457 4905 πρὸς
3509 4823 3758 4903 ἀκρίϐειαν

2135 4915 2263 4978 τοὺς
2332 4914 2630 4991 ἀρχιερεῖς,
2689 4912 2835 4970 ἀλλὰ
2905 4912 3244 4980 διατεθέντας
3312 4911 3760 4994 συγκαταϐατικώ-

2135 5024 2312 5078 τερον,
2363 5005 2469 5079 πρὸ
2526 5003 2619 5077 μὶν
2669 5007 2765 5058 τοῦ
2809 5005 3052 5079 γενέσθαι
3095 5005 3186 5060 τὸν
3236 5006 3415 5081 γάμον
3456 5005 3541 5064 ἐπὶ
3584 5010 3672 5061 τοῦ
3716 5003 3762 5058 ὲ-

2138 5089 2350 5166 ϐδόμου
2399 5092 2610 5168 βαθμοῦ
2655 5091 2962 5157 κωλύεσθαι
3012 5091 3416 5170 ἀποφήνασθαι,
3462 5095 3590 5171 μετὰ
3629 5091 3681 5148 δὲ
3706 5091 3759 5146 τὸ

2136 5183 2374 5258 γενίσθαι
2428 5182 2502 5255 μή
2553 5179 2897 5238 διασπᾶσθαι.
2948 5181 3012 5237 Ei
3053 5187 3182 5258 γοῦν
3232 5185 3327 5240 καὶ
3370 5190 3530 5241 τοῦτο
3583 5202 3759 5259 συγκαο

2135 5267 2434 5339 ταϐάσεως,
2468 5271 2518 5325 τί
2564 5267 2624 5326 ἄν
2671 5291 2754 5333 τις
2803 5267 2946 5326 εἷ’ποι
2993 5271 3115 5348 περὶ
3153 5277 3252 5327 τοῦ
3305 5269 3507 5346 ἕκτου;
3561 5275 3674 5330 Ὅτι
3719 5267 3759 5323 δ’

2136 5359 2291 5424 ἕκτος
2349 5358 2596 5436 ἄντικρύς
2648 5358 2788 5416 έστιν
2826 5358 2984 5422 οὗτος
3033 5358 3104 5416 δι’
3144 5361 3203 5416 ὃν
3251 5363 3288 5433 ἡ
3348 5362 3630 5440 ἐρώτησις,
3671 5358 3762 5414 οὐκ

2139 5449 2505 5528 ἀμφίῤῥοπον.
2535 5447 2598 5506 El
2630 5450 2729 5526 γὰρ
2763 5450 2791 5504 ὁ
2822 5447 3205 5526 δισεζάδελφος
3241 5447 3423 5527 ἕκτου,
3455 5455 3488 5522 ἡ
3521 5450 3575 5507 δὲ
3601 5449 3757 5520 τούτῳ

2139 5547 2443 5618 συζυγεῖσα,
2492 5541 2620 5618 σὰρξ
2679 5540 2884 5598 ἐκείνου
2930 5538 3019 5596 διὰ
3066 5549 3166 5613 τῆς
3212 5545 3500 5625 συναφείας
3555 5540 3758 5621 έγένετο,

2137 5633 2227 5689 καὶ
2257 5653 2442 5712 νυμφη
2476 5636 2574 5688 τοῦ
2620 5630 2906 5710 περιόντος
2947 5625 3339 5711 δισεξαϐέλφου
3388 5633 3601 5711 κυρίως.
3650 5625 3760 5687 ἀλλ’
