4028 6202
205 332 295 391 437
1412 328 1806 393 GEORGIUS
1847 330 2357 395 XYPHILINUS.
3463 330 3586 392 438

201 462 244 518 οὐ
279 463 730 536 καταχρηστικῶς
761 504 776 531 ,
833 460 908 520 ὡς
960 459 997 528 ἠ
1063 460 1274 531 μνηστή
1334 463 1431 514 τοῦ
1491 459 1820 534 ὀμαίμονος·
1851 467 1909 532 Α
1940 479 2072 519 caro
2104 470 2342 537 propter
2372 466 2665 540 conjugiui

1940 479 2072 519 caro
2104 470 2342 537 propter
2372 466 2714 540 conjugium
2747 467 2898 522 facta
2928 468 3037 532 est,
3081 471 3134 520 et
3188 463 3420 536 proprie
3467 478 3586 518 non

200 555 286 610 πῶς
337 549 404 603 οὗ
466 545 680 621 μᾶλλον
745 546 903 612 οὗτος
958 547 1264 604 κεκώλυται
1322 548 1468 624 παρὰ
1519 554 1616 605 τοῦ
1646 550 1820 624 νόμου
1930 567 2064 606 vero
2096 552 2336 608 abusive
2367 569 2552 610 nurus
2595 571 2660 610 su

1930 567 2064 606 vero
2096 552 2336 608 abusive
2367 569 2552 610 nurus
2595 553 2934 625 superstitis
2992 551 3235 620 sobrini,
3296 557 3584 621 tanquam

197 639 296 694 mai
347 639 416 693 τὸ
451 636 680 712 εὔλογον
717 655 732 706 ;
1931 643 2349 714 consanguinei
2381 660 2639 715 sponsa;
2681 661 2796 715 quo
2827 648 2998 715 pacto
3031 659 3146 697 non
3182 641 3368 696 multo
3392 638 3584 711 magis

1930 731 2016 786 hae
2047 731 2265 802 nuptias
2297 749 2332 787 a
2358 731 2485 804 lege
2513 733 2888 800 vetabuntur,
2921 736 2988 788 ut
3020 730 3232 788 rationi
3271 736 3585 788 consenta-

1932 835 2111 874 neum
2145 820 2281 874 est?

244 912 319 961 ια’.
358 907 623 964 Ἐνταῦθα
678 909 759 978 τῷ
819 901 968 982 λόγῳ
1025 903 1240 977 δοθήτω
1293 907 1654 980 κατάπαυμα·
1712 907 1820 986 οὐχ
1998 909 2088 962 11.
2123 909 2238 963 Hoc
2269 908 2328 963 in
2360 909 2485 965 loco
2531 926 2665 966 seru

1998 909 2088 962 11.
2123 909 2238 963 Hoc
2269 908 2328 963 in
2360 909 2485 965 loco
2531 909 2788 966 sermoni
2837 909 2974 966 ﬁnis
3027 908 3407 980 imponatur;
3465 921 3585 962 non

193 996 252 1051 δτι
296 997 382 1068 μὴ
443 995 531 1050 καὶ
604 992 874 1049 πλειόνων
933 993 1162 1066 εὐπορία
1215 993 1378 1067 ἐστὶν,
1431 993 1558 1051 ἀλλ’
1613 997 1696 1051 ὅτι
1751 997 1816 1052 οὐ
1927 997 2084 1068 quod
2117 996 2287 1068 plura
2319 1014 2433 1053 non
2465 1003 2665 1070 suppel

1930 997 2084 1068 quod
2117 996 2287 1068 plura
2319 1014 2433 1053 non
2465 1003 2802 1070 suppetant,
2835 999 2935 1054 sed
2971 996 3110 1068 quia
3141 995 3318 1052 variis
3349 1010 3466 1050 non
3493 997 3586 1050 est

190 1082 434 1140 ποικίλων
484 1081 654 1138 δεῖται
699 1080 782 1140 ἄν.
834 1081 975 1157 Δίχα
1033 1081 1480 1156 ἑρμηνευμάτων,
1513 1083 1667 1160 ἀρκεῖ
1713 1084 1815 1159 γὰρ
1927 1101 2095 1157 Opus.
2129 1085 2354 1142 Etenim
2385 1088 2609 1158 absque
2636 1087 2665 1141 il

1930 1101 2095 1157 opus.
2129 1085 2354 1142 Etenim
2385 1088 2609 1158 absque
2636 1085 3220 1156 interpretationibus
3253 1083 3376 1139 base
3434 1081 3582 1138 satis

187 1173 250 1230 καὶ
290 1177 491 1240 ταῦτα,
543 1171 724 1249 φασὶν,
776 1171 1119 1244 ιύγνώμοσιν
1169 1170 1398 1242 ἀκοαῖς,
1448 1171 1500 1226 οἱ
1555 1177 1672 1234 τοῖς
1724 1174 1814 1227 τὸν
1926 1179 2068 1229 sunt
2096 1175 2340 1230 auribus
2370 1176 2665 1247 aequis.ii£

1930 1179 2068 1229 sunt
2096 1175 2340 1230 auribus
2370 1176 2576 1247 aequis.
2602 1176 2676 1232 iis
2706 1175 2874 1230 aiunt
2903 1174 3002 1245 qui
3033 1175 3421 1229 adversantur
3459 1186 3582 1226 me-

187 1262 334 1336 γάμον
388 1259 768 1334 ἐπιτρέπουσιν
814 1259 1344 1332 ἀντικαθιστάμενοι,
1396 1257 1561 1331 δεῖξαι
1609 1262 1670 1316 τὸ
1719 1265 1816 1316 τοῦ
1927 1269 2286 1318 moraturum
2323 1267 2662 1336 nuptiarum

1930 1269 2286 1318 moratarum
2323 1267 2662 1336 nuptiarum
2687 1263 3120 1326 defensoribus,
3152 1266 3216 1316 ut
3265 1259 3582 1317 ostendant

187 1350 481 1424 πράγματος
530 1349 766 1424 ἀπρεπὲς
811 1349 903 1404 καὶ
955 1348 1057 1403 οὐκ
1099 1345 1404 1424 εὔσχημον,
1451 1349 1541 1404 καὶ
1595 1349 1815 1415 ἑαυτοὺς
1925 1355 2141 1427 negotii
2181 1355 2609 1427 turpitudinem

1930 1355 2141 1427 negotii
2181 1355 2609 1427 turpitudinem
2668 1361 2724 1411 et
2781 1355 3120 1422 foeditatem,
3179 1353 3458 1424 ipsosque
3517 1365 3581 1405 se

183 1443 253 1509 τῆς
332 1436 726 1511 ἐπηρτημὲνης
796 1437 1031 1507 ἀπειλῆς
1088 1437 1457 1514 ἐξαιρήσεσθαι
1491 1481 1506 1507 ,
1564 1445 1681 1504 τοῖς
1737 1443 1813 1513 μὴ
1926 1445 2665 1500 eximantacomminatio

1930 1445 2186 1499 eximant
2214 1462 2247 1499 a
2276 1445 2733 1500 comminatione
2764 1442 2883 1498 illis
2916 1443 3287 1514 impendente
3317 1439 3416 1510 qui
3464 1438 3580 1493 iui-

185 1526 545 1584 διαστὲλλουσι
595 1533 714 1590 τοῖς
745 1528 1034 1600 ἀνομοῦσι,
1073 1527 1163 1582 καὶ
1206 1529 1270 1582 τὸ
1317 1528 1578 1602 ἀνόμημα
1618 1551 1814 1606 καταγ-
1925 1547 2042 1602 qua
2072 1531 2384 1604 agentibus
2419 1550 2534 1588 non
2556 1534 2665 1589 edit

1930 1547 2042 1602 qua
2072 1531 2384 1604 agentibus
2419 1550 2534 1588 non
2556 1534 2815 1603 edicunt,
2839 1547 3029 1603 neque
3052 1529 3324 1601 iniquum
3351 1527 3580 1584 facinus

182 1618 477 1695 γίλλουσιν.
537 1616 686 1672 Εἰσὶν
736 1619 876 1691 ἡμῖν
933 1616 1126 1672 οἰκεῖαι
1183 1615 1430 1688 κηλῖδιςο
1486 1618 1547 1674 οὐ
1603 1617 1686 1674 Sci
1724 1619 1817 1675 καὶ
1926 1621 2343 1678 annuntiant‘.
2375 1623 2522 1677 Sunt
2578 1624 2665 1677 nol

1930 1621 2343 1678 annuntiant‘.
2375 1623 2522 1677 Sunt
2578 1622 2748 1677 nobis
2805 1619 3053 1693 propriae
3113 1616 3396 1674 macula:
3457 1631 3576 1672 non

183 1705 663 1779 προσιρανίζισθαι.
1891 1762 1904 1775 ,
1927 1714 2155 1784 oportet
2183 1711 2406 1769 alienas
2439 1727 2665 1785 corrogt

1930 1714 2155 1784 oportet
2183 1711 2406 1769 alienas
2439 1727 2770 1785 corrogare.

235 1859 252 1894 ⁸
279 1858 490 1916 Ezecb.
526 1875 612 1931 In,
642 1859 729 1916 18.

248 2016 514 2076 Ζοηειιιω
543 2013 1048 2098 Commentarios
1074 2013 1138 2098 in
1168 2014 1453 2098 Canones
1499 2015 1922 2098 conciliorum
1961 2021 2024 2079 et
2077 2017 2140 2079 in
2190 2018 2503 2098 Epistolas
2554 2017 2888 2079 canonicas
2937 2017 3069 2098 SS._
3097 2015 3379 2098 Patrum,
3432 2029 3578 2098 cum

192 2093 655 2236 Commeggggis
675 2093 992 2156 Theodori
1014 2094 1426 2173 Balsamonis,
1451 2097 1680 2177 quibus
1699 2098 1763 2159 in
1785 2097 1964 2160 libris
1989 2117 2135 2160 mss.
2169 2091 2446 2162 et'editis
2475 2097 2917 2178 subjiciuntus,
2977 2096 3143 2158 infra
3191 2094 3451 2156 edemus
3496 2091 3580 2154 ad

192 2193 407 2236 annum
611 2221 626 2234 .

1105 2467 1824 2593 JOANNIS
1912 2469 2649 2594 ZONARZE

363 2693 626 2753 ORATIO
663 2692 758 2750 AD
800 2692 930 2750 EOS
969 2690 1087 2758 QUI
1125 2690 1572 2748 NATURALEM
1612 2692 1902 2750 SEMINIS
1941 2693 2229 2751 FLUXUM
2268 2692 2772 2750 IMMUNDITIEM
2811 2689 3371 2750 EXISTIMABANT.

1361 2836 1518 2899 Vide
1549 2841 1788 2900 tomum
1821 2839 2029 2912 CXIX,
2062 2838 2184 2900 col.
2217 2840 2396 2902 1011.

1106 3158 1826 3284 JOANNIS
1913 3158 2652 3284 ZONARZE

1577 3383 2186 3472 EPISTOL/E.

196 3550 402 3612 Earum
439 3551 799 3630 fragmenta
828 3549 1024 3612 edidit
1051 3550 1293 3612 Bonav.
1325 3549 1671 3612 Vulcanius
1695 3551 1760 3612 in
1792 3551 1958 3614 notis
1987 3551 2068 3612 ad
2097 3551 2398 3630 Cyrillum
2430 3551 2607 3614 Alex.
2634 3557 2859 3614 contra
2883 3547 3595 3629 Anthropomorpbitas.

1253 3630 1408 3693 Vide
1439 3636 1680 3694 tomum
1712 3632 1974 3706 LXXVI,
2006 3630 2223 3712 Cyrilli
2244 3651 2504 3695 nonum.

1532 3946 1686 3987 ANNO
1723 3946 1933 3988 DOMINI
1973 3947 2211 3988 MCXCIII.

1066 4091 1755 4220 GEORGII
1839 4095 2696 4221 XIPHILINI

1559 4311 1668 4368 ΟΡ.
1717 4313 2198 4372 PATRIARGH/E

620 4462 1271 4554 DECRETUM
1327 4465 1472 4554 DE
1531 4466 2009 4557 JURIBUS
2080 4463 3128 4554 TERRITOBIOBUM-

1367 4645 1524 4708 Vide
1551 4651 1796 4708 tomum
1825 4646 2039 4722 CXIX,
2070 4647 2192 4709 col.
2233 4648 2374 4711 807.
