4028 6202
259 368 358 428 441

1367 358 1754 422 NOVELLJE
1796 353 2368 418 CONSTITU’I‘ION
2377 355 2497 416 ES.

3513 359 3632 418 442

255 495 608 573 γενησομέναις
669 494 871 570 ψήφοις
944 493 1172 557 ἅπαντες
1227 493 1283 547 αἱ
1359 488 1721 565 ἐνδημοῦντες
1802 490 1868 560 τῇ

1985 521 2096 577 que
2126 504 2547 562 nonnullorum
2599 506 3145 564 comministrorum
3192 511 3250 564 et
3277 507 3635 563 confratrum

254 582 436 659 μεγάλῃ
488 580 643 636 πόλει
699 581 998 656 ἀρχιερεῖς,
1035 580 1181 636 ἀλλά
1235 581 1325 635 καὶ
1375 580 1498 656 ἄτερ
1557 586 1656 649 τῆς
1708 598 1870 632 τινων

250 670 654 745 συλλειτουργῶν
698 671 788 724 καὶ
838 667 1181 749 συναδέλφων
1224 668 1608 744 μετακλήσεως
1652 669 1718 722 τὰ
1770 674 1870 736 τῆς

248 763 408 838 ψήφου
437 759 577 834 παρὰ
618 758 841 822 κανόνας
891 755 1193 833 προϐαίνει·
1227 761 1415 813 ὁποῖον
1459 755 1523 828 δή
1578 779 1629 812 τι
1687 757 1871 834 γέγονε

245 860 319 915 xui
369 857 445 912 ἰπὶ
502 862 622 920 ταῖς
683 858 892 933 ψήχοις
937 861 1044 913 τῶν
1082 856 1476 934 ῥηθησομένων
1503 853 1864 925 Ἐκκλησιῶν.

242 947 331 1005 Καὶ
383 945 676 1023 προΐσχετο
735 947 810 1008 ὡς
870 944 958 1002 ἐπὶ
1005 949 1074 1020 τῇ
1119 947 1286 1024 ψήφῳ
1320 946 1415 1020 μὶν
1443 952 1543 1014 τῆς
1572 965 1631 999 τε
1683 941 1868 1000 Κλαυ-

243 1036 550 1098 διουπολεως
604 1035 694 1090 xui
745 1038 846 1106 τῆς
904 1034 1226 1112 Μαρωνείας
1283 1031 1397 1090 οὐδ’
1443 1033 1586 1097 ὅλως
1642 1033 1866 1105 ἠξίωται

241 1124 389 1201 λόγου
441 1124 586 1199 παρὰ
633 1128 743 1179 τῶν
795 1123 1185 1202 ψηφισαμένων
1267 1123 1464 1187 ταύτας
1515 1120 1865 1200 συναδίλφων

236 1215 404 1270 τούτου
430 1213 520 1268 καὶ
549 1212 1014 1290 συλλειτουργῶν,
1049 1211 1173 1269 ούδὶ
1231 1211 1541 1288 μετεκλήθη
1602 1213 1740 1289 πρὸς
1765 1213 1862 1281 τὴν

236 1308 389 1383 ψῆφον
436 1303 581 1379 παρά
628 1324 804 1374 τινος,
837 1304 926 1358 καὶ
971 1306 1138 1358 ταῦτα
1181 1307 1249 1376 τῇ
1292 1302 1502 1379 μεγάλῃ
1560 1299 1719 1357 πόλει
1778 1301 1864 1356 ἔνο

235 1390 424 1465 δημῶν,
455 1391 543 1446 καὶ
576 1395 684 1446 τῶν
719 1387 1022 1446 συνοδικῶν
1065 1389 1426 1468 δικαστηρίων
1486 1392 1563 1464 μὴ
1621 1388 1863 1462 ἀπολιμ-

232 1481 534 1554 πανόμενος,
565 1481 792 1536 καὶτῶν
826 1480 1034 1536 λοιπῶν
1069 1479 1449 1537 συνελεύσεων·
1483 1479 1570 1535 ἐπὶ
1632 1477 1689 1535 δὲ
1743 1484 1863 1542 ταῖς

232 1573 414 1648 ψήφοις
466 1570 578 1625 τῶν
635 1570 834 1646 ἐτέρων
887 1574 1053 1645 τριῶν
1114 1567 1478 1641 Ἐκκλησιῶν,
1528 1567 1860 1646 Δυρραχίου,

228 1656 463 1728 Μιλήτου
544 1658 640 1714 καὶ
722 1657 1284 1734 Χριστιανουπόλεως,
1362 1655 1607 1729 δοθείσης
1684 1657 1862 1729 τούτῳ

227 1745 481 1818 είδήσεως,
531 1748 624 1802 xui
671 1747 840 1803 αὐτοῦ
882 1746 1257 1822 ποιησαμένου
1311 1746 1607 1822 ἀπόλογον,
1636 1747 1724 1801 καὶ
1784 1745 1862 1800 ἒν-

1983 595 2381 660 advocatione,
2462 599 2671 666 praeter
2741 612 2995 651 canones
3066 596 3270 652 electio
3337 597 3630 668 procedat.

1979 682 2161 747 Quale
2192 684 2436 754 quidam
2498 685 2834 739 usuvenerit
2892 686 3067 740 etiam
3128 685 3186 740 in
3247 683 3632 741 electionibus

1979 772 2356 828 ecclesiarum
2419 771 2999 844 quaeindicabantur.
3057 775 3333 846 Adeoque
3391 779 3636 846 praeten-

1980 861 2173 932 debat,
2209 862 2268 916 in
2321 860 2604 918 electione
2661 861 3193 936 Claudiopolitana,
3245 868 3302 920 et
3356 867 3632 935 Maronea,

1978 958 2204 1014 nullam
2238 976 2481 1030 prorsus
2515 959 2608 1014 sui
2641 959 2928 1017 rationem
2961 961 3222 1018 habitam
3245 979 3279 1018 a
3326 961 3634 1018 confratri-

1977 1047 2089 1104 bus
2113 1052 2168 1104 et
2196 1047 2622 1104 comministris
2653 1049 2801 1116 suis,
2835 1050 2936 1121 qui
2967 1067 3096 1106 eam
3120 1050 3466 1106 electionem
3504 1067 3634 1106 con-

1977 1135 2256 1192 fecissent
2283 1153 2298 1204 ;
2331 1153 2435 1192 nec
2467 1154 2528 1193 se
2559 1154 2592 1192 a
2640 1153 2936 1210 quoquam
2969 1139 3040 1195 ad
3071 1155 3201 1195 eam
3260 1139 3631 1206 arcessitum,

1976 1241 2110 1280 cum
2145 1225 2384 1297 quidem
2411 1226 2469 1281 in
2502 1227 2644 1282 urbe
2676 1227 2930 1296 degeret,
2964 1244 3068 1283 nec
3099 1245 3133 1284 a
3187 1229 3480 1300 synodicis
3531 1228 3632 1284 tri-

1974 1313 2296 1370 bunalibus
2325 1316 2667 1388 ceterisque
2699 1317 3114 1388 congressibus
3142 1323 3330 1373 semet
3369 1318 3630 1374 abstine-

1977 1407 2085 1458 ret.
2120 1404 2177 1458 ln
2216 1403 2600 1460 electionibus
2634 1407 2830 1460 autem
2863 1405 3112 1460 aliarum
3148 1405 3326 1461 trium
3356 1405 3628 1461 ecclesia-

1971 1507 2126 1561 rum,
2160 1491 2526 1563 Dyrrhachii,
2588 1492 2772 1548 Mileti
2831 1497 2888 1548 et
2937 1493 3444 1565 Christianopolis,
3493 1510 3628 1550 cum

1973 1597 2065 1636 res
2095 1580 2144 1636 ei
2174 1581 2519 1637 denuntiata
2551 1582 2775 1649 fuisset,
2806 1587 2982 1654 atque
3013 1583 3138 1655 ipse
3187 1583 3628 1655 responsionem

1972 1668 2366 1738 instituisset;
2419 1686 2484 1725 ac
2544 1671 2851 1727 manifeste
2910 1672 3269 1745 diserteque,
3322 1672 3459 1744 quid
3514 1672 3629 1727 sibi

1969 1756 2326 1829 displiceret,
2359 1759 2751 1829 ostendisset;
2785 1761 3058 1832 quodque
3098 1762 3407 1817 subortum
3469 1763 3626 1816 esset

227 1833 515 1908 δειξαμένου
566 1841 817 1914 φανερῶς
865 1836 1314 1915 ἀποπεφασμίνον
1363 1837 1426 1892 τὸ
1471 1835 1653 1910 ταύτῳ
1695 1831 1860 1890 δυσα-

1980 1851 2122 1917 inter
2181 1864 2244 1902 se
2301 1847 2668 1919 fratrumque
2725 1831 2976 1914 coetum,
3011 1866 3079 1905 ex
3111 1851 3201 1907 sui
3258 1855 3626 1924 contemptu,

228 1923 585 1998 ρεστούμενον,
619 1926 712 1981 καὶ
750 1925 812 1982 τὸ
863 1927 1024 2000 μίσον
1071 1924 1234 1981 αὐτοῦ
1274 1946 1333 1981 τε
1372 1925 1589 1991 καὶτῆς
1627 1921 1859 1998 ἀδελφό-

222 2035 368 2083 τητος
423 2012 514 2069 διὰ
593 2015 700 2083 τὴν
778 2016 1168 2092 περιφρόνησιν
1230 2013 1550 2086 σκάνδαλον,
1608 2013 1696 2068 καὶ
1755 2016 1868 2068 οἷον

222 2102 553 2164 ἀπαιτοῦντος
611 2105 710 2172 τὴν
763 2102 986 2179 εῗρῆνην
1037 2105 1127 2158 καὶ
1177 2106 1275 2173 τήν
1323 2103 1604 2177 ὁμόνοιαν,
1647 2105 1698 2158 oi
1741 2100 1870 2157 τού-

217 2213 297 2246 του
342 2189 678 2270 συναδελςροι
727 2193 873 2266 παρὰ
921 2190 1128 2270 φαῦλον
1184 2189 1367 2256 ἔθεντο
1416 2194 1503 2248 καὶ
1570 2191 1867 2268 ἀπερῥάπι-

218 2300 294 2335 σαν
348 2282 443 2350 τὴν
516 2281 815 2354 ἀπόκρισιν
852 2298 864 2310 ⁶
925 2279 1016 2335 καὶ
1093 2281 1574 2357 ἀποσχοινίσαντες
1647 2281 1870 2336 ἑαυτοὺς

216 2379 368 2455 χωρὶς
413 2387 512 2449 τῆς
563 2379 739 2435 αὐτοῦ
788 2378 1086 2454 παρουσίας
1132 2380 1224 2434 καὶ
1288 2377 1471 2455 ὲτὲρας
1521 2380 1670 2441 τινὸς
1730 2381 1862 2433 ὑπο-

227 2470 474 2540 μνήσεως,
507 2469 651 2524 κάπὶ
683 2467 903 2530 ταύταις
930 2473 1050 2530 ταῖς
1079 2466 1426 2538 Ἐκκλησίαις
1464 2468 1592 2530 τοὺς
1637 2465 1867 2522 δοκοῦν-

217 2576 301 2619 τας
337 2557 518 2620 αὐτοῖς
551 2557 915 2636 ἐψηφίσαντο.
947 2559 1070 2615 ’Ὁτι
1119 2561 1247 2634 γοῦν
1293 2559 1346 2612 οἱ
1396 2562 1528 2621 θεῖοι
1580 2556 1669 2612 καὶ
1729 2557 1866 2633 ἱεροὶ

213 2646 407 2710 κανόνες
451 2649 554 2711 τὰς
609 2647 864 2710 τοιαύτας
924 2649 1138 2726 ψήφους
1202 2645 1704 2722 ἀποδοκιμάζοντες
1769 2669 1864 2719 με-

217 2727 478 2808 μισήκασι,
511 2736 816 2812 προτίθησι
869 2735 1008 2801 τέως
1064 2738 1132 2792 τὰ
1177 2736 1302 2814 περῖ
1348 2737 1565 2810 τούτου,
1596 2739 1684 2792 xui
1739 2736 1870 2792 τοὺς

216 2825 428 2888 κακόνας
483 2823 902 2900 παρακλητεύει
977 2825 1459 2901 ἀναγινώσκεσθαι,
1519 2825 1710 2889 θ’ίτινες
1779 2823 1868 2880 καὶ

215 2915 327 2989 παρ’
379 2913 549 2970 αύτοῦ
615 2911 919 2976 ἆκδοθὲντες
976 2913 1060 2969 ἐπὶ
1120 2918 1218 2969 τοῦ
1281 2916 1444 2989 μὲσου
1513 2916 1648 2970 κατά
1718 2914 1868 2991 ῥῆμα

223 3003 719 3081 ὑπανεγνώσθησαν.
781 3008 873 3057 Ὧν
933 3005 961 3058 6
1019 3004 1113 3076 μὲν
1175 3006 1253 3068 εἷς
1310 3002 1355 3059 δ’
1411 3005 1478 3074 ἦν
1540 3005 1711 3059 κανὼν
1769 3010 1867 3073 τῆς

222 3093 360 3166 ἁγίας
409 3092 499 3148 xui
567 3092 954 3165 οἶκουμενικῆς
1009 3093 1056 3147 α’
1086 3090 1363 3164 ῑσυνόδου,
1412 3093 1553 3148 οὕτω
1630 3090 1814 3163 δεξιών
1852 3098 1865 3114 ’

220 3205 243 3231 κ
288 3183 622 3238 Ἐπίσκοπον
695 3183 962 3257 προσήκει
1025 3179 1262 3254 μάλιστα
1338 3181 1431 3255 μὶν
1493 3182 1596 3236 ὑπὸ
1652 3180 1866 3237 πάντων

1980 1936 2349 2002 scandalum,
2411 1937 2697 2008 quasique
2773 1955 2974 2010 pacem
3024 1944 3080 1994 et
3132 1940 3506 1995 concordiam
3557 1939 3628 1995 ab

1980 2025 2064 2080 eis
2095 2025 2453 2097 requireret:
2487 2027 2809 2082 confratres
2843 2044 2983 2082 suos
3014 2028 3070 2082 id
3105 2045 3456 2099 responsum
3489 2029 3632 2084 ﬂoc-

1980 2114 2263 2182 cifccisse,
2298 2118 2474 2186 atque
2506 2115 2784 2171 habuisse
2813 2115 3104 2186 ludibrio;
3139 2134 3392 2188 cumque
3447 2121 3634 2173 semet

1981 2203 2052 2257 ab
2085 2219 2150 2258 eo
2177 2203 2622 2274 disjunxisseut,
2659 2221 2773 2260 non
2807 2205 3230 2261 interveniente
3261 2205 3449 2276 ipsius
3482 2222 3630 2277 prm-

1979 2291 2188 2358 sentia,
2248 2309 2352 2347 nec
2403 2292 2518 2348 alia
2577 2292 2853 2364 quapiam
2903 2294 3386 2361 commonitione,
3444 2294 3504 2349 in
3536 2294 3631 2350 his

1978 2380 2153 2436 etiam
2200 2380 2461 2436 ecclesiis
2515 2398 2612 2437 eos
2660 2398 2805 2453 quos
2855 2381 3000 2454 ipsis
3032 2381 3221 2438 visum
3255 2383 3486 2451 fuisset,
3514 2381 3631 2438 ele-

1978 2468 2150 2540 gisse.
2215 2470 2378 2534 Quod
2437 2474 2631 2526 autem
2689 2470 2868 2524 divini
2927 2471 3197 2542 sacrique
3230 2488 3484 2527 canones
3514 2471 3631 2526 hu-

1977 2558 2235 2629 iusmodi
2275 2557 2588 2614 electiones
2631 2557 2946 2629 rejiciendo
2978 2559 3331 2631 improbent,
3364 2559 3420 2614 id
3453 2559 3630 2615 etiam

1976 2645 2036 2700 in
2078 2646 2336 2701 medium
2371 2646 2714 2716 adducebat,
2740 2651 2920 2719 utque
2965 2663 3220 2702 canones
3270 2647 3621 2718 legerentur,

1977 2734 2351 2792 obsecrabat:
2387 2734 2486 2806 qui
2513 2736 2750 2806 quidem
2784 2737 2856 2791 ab
2889 2753 2954 2792 eo
2986 2736 3046 2792 in
3078 2735 3339 2792 medium
3359 2735 3628 2804 exhibiti,

1978 2825 2050 2880 ad
2081 2825 2322 2879 verbum
2375 2823 2571 2880 relecti
2629 2824 2888 2879 fuerunt.
2951 2825 3165 2880 Eorum
3200 2841 3375 2891 unus,
3412 2828 3624 2880 sanctae

1980 2930 2046 2968 ac
2074 2912 2424 2969 universalis
2482 2912 2686 2984 primae
2743 2913 2948 2985 synodi
2992 2917 3239 2984 quartus
3269 2917 3394 2968 erat
3422 2928 3634 2979 canon,

1978 3001 2098 3056 hac
2131 3001 2437 3056 continens
2466 3019 2478 3057 :
2517 3023 2544 3050 α
2576 3001 2936 3073 Episcopum
2963 3019 3069 3073 par
3107 3007 3196 3057 est
3227 3001 3481 3056 maxime
3507 3001 3634 3073 qui-

1979 3091 2112 3145 dem
2145 3091 2216 3146 ab
2249 3090 2548 3154 omnibus.
2583 3090 2682 3161 qui
2722 3091 2952 3156 suntin
2999 3090 3298 3162 provincia
3326 3089 3627 3146 constitui.

1941 3231 1944 3236 .
1981 3189 2080 3256 Sin
2115 3189 2171 3243 id
2200 3188 2416 3244 diﬁcile
2449 3189 2637 3259 fuerit,
2669 3188 2754 3244 vel
2807 3198 3044 3260 propter
3091 3193 3399 3261 urgentem
3429 3205 3632 3244 neces-

214 3274 306 3325 τῶν
363 3269 414 3326 ἐν
469 3275 546 3345 τῇ
611 3239 1256 3345 ἰπαέχίᾳικαθίστασθαι·
1293 3239 1429 3326 είιδὲ
1459 3268 1716 3346 δυσχερὲς
1779 3269 1862 3342 εἴη

2116 3239 2171 3243 __
2205 3239 2412 3244 ___-__-
2449 3239 2637 3259 __-__-,
2683 3239 2754 3244 .-_
2807 3239 3033 3260 pur---
3098 3239 3399 3261 __O-__-__
3431 3239 3597 3244 --ηπ

1985 3278 2244 3348 sitatam,
2277 3277 2366 3334 vel
2398 3278 2470 3334 ob
2512 3277 2907 3350 prolixitatem
2938 3277 3188 3348 itineris,
3221 3283 3362 3333 tunc
3392 3277 3632 3334 omnino

211 3359 263 3413 τὸ
326 3364 584 3415 τοιοῦτον
644 3359 678 3428 ἢ
736 3357 826 3414 διὰ
899 3360 1317 3434 κατεπείγουσαν
1391 3358 1624 3434 ἀνάγκην
1684 3359 1720 3430 ἢ
1774 3357 1863 3415 διὰ

216 3455 372 3520 μῆκος
429 3447 590 3517 ὁδοῦ,
623 3447 674 3521 ἐξ
733 3449 968 3514 ἅπαντος
1023 3455 1168 3524 τρεῖς
1198 3447 1285 3504 ἐπὶ
1314 3449 1376 3504 τὸ
1404 3449 1536 3504 αὐτὸ
1589 3450 1868 3525 συνηγμὲέ

209 3559 343 3606 νους,
397 3539 722 3613 συμψήφων
772 3523 1076 3611 γινομένων
1134 3538 1225 3593 καὶ
1280 3543 1391 3593 τῶν
1457 3537 1706 3594 ἀπόντων
1739 3523 1746 3525 ἡ
1777 3523 1865 3593 καὶ

211 3626 601 3701 συντιθεμένων
654 3625 744 3682 διὰ
787 3629 1151 3704 γραμμάτων,
1199 3627 1324 3684 τότε
1370 3629 1470 3698 τὴν
1520 3627 1866 3704 ’χειροτονίαν

210 3718 506 3773 ποιεῖσθαι.
538 3716 615 3772 Τὸ
648 3713 705 3770 δὲ
734 3720 900 3790 κῦρος
946 3721 1054 3772 τῶν
1105 3719 1402 3792 γινομένων
1451 3714 1693 3773 δίδοσθαι
1749 3713 1874 3782 καθ’

213 3804 425 3875 tuas-.7,»
486 3803 749 3881 ἐπαρχίαν
800 3809 879 3877 τῷ
933 3805 1334 3882 μητροπολίτῃ.
1384 3829 1412 3859 υ
1460 3809 1520 3866 Ὁ
1577 3804 1634 3863 δὲ
1687 3803 1870 3882 ἕτερος

211 3896 371 3949 κανὼν
429 3893 509 3962 ἦν
567 3893 655 3948 καὶ
714 3893 873 3956 αὐτὸς
917 3896 980 3949 ιθ⁹
1008 3902 1109 3965 τῆς
1169 3895 1219 3950 ἐν
1256 3895 1565 3972 Ἀντιοχείᾳ
1621 3893 1869 3968 συνόδου,

215 3986 604 4062 διαλαμϐάνων
673 3989 845 4055 οὕτως
920 3991 1194 4066 αύτολεξεί
1227 4012 1240 4026 ’
1297 4017 1326 4046 ‹‹
1387 3993 1710 4050 Ἐπίσκοπον
1794 3995 1870 4067 μὴ

210 4081 642 4155 χειροτονεῖσθαι
671 4077 800 4155 δίχα
829 4078 1060 4136 συνόδου
1089 4083 1180 4136 καὶ
1225 4081 1522 4156 παρουσίας
1551 4087 1650 4138 τοῦ
1701 4081 1754 4138 ἐν
1801 4087 1871 4157 τῇ

215 4165 558 4243 μητροπόλει
600 4175 702 4238 τῆς
761 4169 1047 4246 ἰπαρχίας.
1103 4170 1306 4226 Τούτου
1371 4170 1430 4228 δὲ
1497 4172 1762 4249 παρόντος
1819 4171 1872 4243 ἐξ

214 4257 472 4326 ἅπαντος,
527 4256 742 4333 βέλτιον
806 4259 902 4332 μὶν
957 4266 1194 4316 συνεῖναι
1245 4259 1392 4334 αύτῷ
1447 4260 1652 4326 πάντας
1698 4259 1750 4315 ἐν
1803 4264 1871 4334 τῇ

217 4344 450 4423 ἐπαρχίᾳ
492 4344 980 4424 συλλειτουργοὺς,
1012 4350 1102 4404 καὶ
1148 4353 1415 4426 προσήκει
1464 4348 1532 4406 δι’
1566 4349 1868 4406 ἐπιστολῶν

213 4435 328 4499 τοὺς
361 4435 413 4491 ἂν
451 4439 521 4510 τῇ
557 4436 898 4512 μητροπόλει
949 4437 1264 4514 συγκαλεῖν.
1297 4441 1395 4494 Καὶ
1444 4439 1496 4495 εἶ’
1555 4441 1648 4513 μὲν
1703 4439 1872 4495 ἀπαν-

213 4531 338 4597 τῷεν
367 4527 592 4597 πάντες,
628 4527 871 4604 βίλτιονο
907 4527 958 4583 εἴ
987 4526 1046 4583 δὲ
1092 4526 1349 4607 δυσχερὶς
1390 4526 1476 4602 εἷή
1527 4536 1713 4600 τοῦτο,
1744 4530 1872 4592 τούς

1979 3371 2100 3422 tres
2135 3367 2193 3421 in
2225 3384 2410 3423 unum
2442 3368 2803 3438 congregati,
2829 3367 3335 3423 consentientibus
3358 3366 3628 3422 electioni

1979 3457 2156 3511 etiam
2189 3455 2262 3511 iis
2294 3455 2393 3527 qui
2446 3457 2685 3521 absunt,
2735 3471 2983 3526 eamque
3016 3472 3117 3526 per
3165 3456 3390 3510 litteras
3421 3472 3633 3527 appro-

1977 3544 2278 3611 bantibus,
2310 3543 2676 3600 ordinatione
2699 3561 2751 3598 m
2782 3543 3108 3616 perﬁcient.
3141 3545 3517 3600 Conﬁrmatio
3539 3561 3638 3600 au-

1977 3637 2098 3688 tem
2131 3648 2333 3688 eorum
2365 3648 2493 3703 quae
2523 3633 2692 3698 ﬁunt,
2740 3631 2800 3687 in
2833 3632 3094 3703 qualibet
3146 3632 3446 3704 provincia
3515 3648 3636 3687 me-

1978 3720 2329 3793 tropolitano
2389 3721 2780 3792 permittatur.
2819 3743 2846 3772 »
2878 3720 3036 3775 Alius
3093 3720 3233 3776 item
3266 3737 3454 3776 canon
3504 3725 3629 3776 erat

1983 3810 2250 3867 decimus
2307 3826 2498 3865 nonus
2554 3809 2851 3865 Antiochea
2912 3809 3142 3882 synodi,
3193 3809 3294 3882 qui
3342 3809 3465 3865 haec
3507 3808 3639 3881 ipsa

1983 3899 2163 3956 verba
2241 3898 2690 3970 complectitur:
2755 3897 3137 3969 «EpiscOpus
3207 3914 3278 3953 ne
3336 3897 3639 3954 ordinator

1987 3989 2210 4059 absque
2240 3987 2484 4059 synodo,
2519 3991 2574 4042 et
2630 3987 2758 4057 ejus
2791 3985 3123 4058 praesentia,
3156 3985 3255 4057 qui
3291 3990 3381 4040 est
3411 3984 3470 4039 in
3501 4000 3636 4056 pro-

1984 4077 2186 4132 vincias
2245 4073 2720 4147 metropoli;qui
2774 4073 3015 4129 omnino
3076 4073 3128 4130 si
3181 4073 3357 4142 adsit,
3404 4076 3643 4147 praestat

1986 4173 2222 4247 quidem
2254 4189 2384 4228 esse
2415 4189 2548 4227 cum
2581 4189 2647 4228 eo
2686 4177 2928 4227 cunctos
2962 4172 3020 4226 in
3053 4189 3120 4227 ea
3149 4171 3443 4244 provincia
3475 4188 3641 4227 com-

1987 4262 2294 4318 ministros
2353 4265 2526 4332 atque
2579 4277 2685 4332 par
2739 4265 2830 4316 est
2876 4277 2997 4329 cos,
3031 4260 3132 4332 qui
3164 4265 3305 4316 sunt
3330 4260 3390 4314 in
3423 4267 3638 4317 metro-

1983 4351 2126 4424 poli,
2148 4366 2487 4407 convocare.
2519 4351 2599 4404 Ac
2629 4349 2678 4405 si
2739 4349 2977 4421 quidem
3009 4352 3390 4420 compareant
3431 4363 3641 4405 omnes

1981 4440 2040 4496 id
2074 4439 2286 4496 melius
2307 4444 2414 4495 est.
2449 4439 2550 4494 Sin
2585 4437 2729 4493 illud
2782 4437 3020 4493 difficile
3069 4438 3170 4504 sit,
3217 4436 3456 4493 omnino
3509 4453 3641 4491 ma-

1979 4530 2168 4600 jorem
2202 4528 2407 4584 adesse
2439 4531 2664 4597 partem
2716 4530 2965 4596 oportet,
2999 4524 3084 4580 vel
3129 4541 3232 4596 per
3262 4523 3486 4578 litteras
3517 4524 3641 4578 suf-

215 4635 267 4670 τε
294 4615 523 4679 πλείους
554 4617 606 4687 ἐξ
639 4619 875 4680 ἅπαντος
905 4624 1149 4692 παρεῖναι
1183 4618 1283 4692 δεῖ,
1315 4619 1350 4690 ἢ
1401 4618 1490 4675 διὰ
1531 4620 1868 4696 γραμμάτων

1982 4616 2218 4690 fragari.
2251 4618 2435 4685 Atque
2466 4615 2547 4669 ita
2575 4630 2709 4669 cum
2762 4613 3020 4684 plurima
3071 4612 3157 4668 vel
3192 4610 3522 4683 praesentia,
3554 4608 3644 4666 vel

221 4704 547 4782 ὁμοψήφους
591 4705 856 4780 γενέσθαι.
909 4706 1007 4762 Καὶ
1056 4707 1197 4763 οὕτω
1232 4709 1366 4782 μετά
1392 4712 1494 4775 τῆς
1545 4713 1651 4764 τῶν
1712 4707 1871 4764 πλει-

222 4793 351 4849 όνων
402 4792 531 4863 ἤτοι
578 4795 875 4870 παρουσίας
927 4796 961 4864 ἢ
1024 4798 1210 4874 ψήφου
1252 4797 1488 4874 γίνεσθαι
1545 4799 1645 4867 τὴν
1703 4799 1874 4854 κατά-

220 4901 416 4940 στασιν.
446 4882 505 4938 Ei
539 4880 597 4938 δὲ
627 4883 816 4946 ἄλλως
845 4884 991 4961 παρὰ
1011 4886 1080 4940 τὰ
1119 4885 1394 4961 ὡρισμένα
1439 4888 1668 4964 γίνοιτο,
1706 4884 1876 4962 μηδὲν

223 4968 426 5046 ίσχύειν
479 4973 580 5041 τὴν
639 4972 1003 5047 χειροτονίαν.
1037 4973 1100 5028 Εἰ
1133 4971 1191 5030 δὶ
1234 4977 1369 5031 κατὰ
1422 4976 1516 5031 τὸν
1572 4977 1872 5052 ὡρισμένον

222 5059 412 5115 κανόνα
464 5059 674 5137 γίνοιτο
724 5063 759 5130 ἡ
826 5061 1168 5134 κατάστασις,
1225 5062 1559 5142 ἀντιλέγοιεν
1621 5062 1679 5120 δέ
1735 5084 1877 5127 τινες

224 5152 288 5209 δι’
341 5157 540 5213 οἰκείαν
598 5158 960 5236 φιλονεικίαν,
1010 5167 1226 5226 κρατεῖν
1286 5165 1386 5233 τὴν
1435 5169 1541 5217 τῶν
1601 5162 1872 5219 πλειόνων

223 5247 418 5317 ψῆφον.
477 5272 498 5301 ι
549 5252 726 5302 Ταῦτα
781 5252 877 5302 τοῦ
942 5249 1236 5322 ἱερωτάτου
1297 5249 1710 5325 μητροπολίτου
1764 5257 1876 5306 Κυ-

228 5333 370 5401 ζίκου
436 5330 922 5412 προϐαλλομένου,
1000 5339 1054 5393 οἱ
1122 5339 1623 5414 ἀντικαθιστάμενοι
1699 5339 1878 5414 τούτῳ

225 5419 512 5498 ἀρχιερεῖς,
544 5424 635 5480 xui
687 5425 793 5502 πρὸ
843 5430 948 5481 τῶν
993 5423 1179 5483 ἄλλων
1228 5429 1255 5484 ὁ
1287 5430 1535 5509 Ἐφίσου,
1569 5431 1597 5485 6
1642 5429 1878 5486 Ἰκονίου

227 5509 317 5564 καὶ
372 5514 398 5568 6
453 5509 711 5588 ’Δϐύδου,
774 5516 851 5588 μὴ
911 5515 1198 5588 ἀληθεύειν
1264 5519 1356 5574 τὸν
1433 5519 1663 5590 Κυζίκου
1719 5516 1880 5595 προΐ-

233 5619 426 5684 σχοντο
481 5601 564 5683 ἐφ’
595 5605 676 5669 οἷς
733 5603 826 5659 καὶ
880 5603 1162 5680 προέθετο,
1217 5608 1281 5664 τὸ
1336 5609 1414 5683 μὴ
1472 5606 1878 5684 μετακληθῆναι

234 5683 485 5762 δηλονότι
533 5691 624 5751 καὶ
683 5690 844 5750 αὐτὸν
901 5691 990 5751 ἐπὶ
1043 5699 1164 5762 ταῖς
1221 5697 1426 5776 ψήφοις
1472 5683 1581 5755 τῶν
1610 5695 1878 5777 ῥηθεισῶν

1980 4705 2282 4778 suﬂ‘ragio,
2315 4704 2601 4760 constitui
2632 4703 2996 4774 episcopum.
3023 4702 3123 4756 Sin
3155 4701 3324 4757 aliter
3346 4716 3459 4767 res,
3493 4716 3638 4772 pris-

1980 4801 2070 4853 ter
2100 4797 2221 4851 haec
2268 4794 2443 4849 modo
2493 4792 2755 4859 definita,
2789 4796 3051 4864 geratur,
3086 4790 3316 4846 nullum
3347 4789 3640 4846 ordinatio

1981 4885 2162 4941 robur
2194 4884 2425 4938 habeat.
2449 4881 2611 4944 Quod
2642 4880 2690 4935 si
2714 4881 3042 4936 secundum
3071 4894 3355 4936 canonem
3380 4877 3648 4951 prescri-

1983 4977 2150 5048 ptum
2183 4971 2441 5044 episcopi
2476 4971 2577 5024 ﬁat
2605 4969 2920 5039 institutio,
2958 4968 3260 5024 nonnullis
3291 4969 3363 5024 ob
3396 4967 3642 5024 insitum

1983 5063 2096 5120 sibi
2121 5060 2348 5116 rixandi
2382 5059 2648 5115 studium
2681 5058 3258 5115 contradicentibus:
3291 5055 3642 5128 suffragium

1984 5151 2246 5224 plurium
2277 5148 2481 5205 valeat.
2519 5170 2546 5196 ››
2574 5147 2705 5202 Haec
2737 5145 3028 5219 allegante
3054 5165 3157 5220 pro
3181 5163 3242 5202 se
3268 5143 3645 5202 sanctissimo

1987 5240 2168 5315 Cyzici
2219 5236 2691 5310 metropolitano,
2723 5237 2976 5292 adversae
3009 5235 3192 5308 partis
3227 5233 3551 5307 pontifices,
3576 5246 3642 5285 ac

1987 5355 2102 5411 pre:
2135 5338 2359 5394 caeteris
2392 5335 2743 5408 Ephesinus,
2781 5333 3122 5402 Iconiensis,
3154 5333 3492 5406 Abydenus,
3525 5346 3642 5384 non

1986 5444 2121 5484 vera
2177 5428 2367 5482 dicere
2423 5423 2769 5497 Cyzicenum
2828 5422 3064 5478 aiebant
3107 5423 3177 5477 de
3217 5422 3311 5490 iis,
3345 5435 3472 5491 qua
3504 5433 3643 5491 pro-

1989 5520 2229 5590 poneret
2286 5515 2443 5588 quod
2502 5510 2727 5568 scilicet
2780 5527 2886 5567 nec
2915 5511 3041 5582 ipse
3073 5510 3283 5566 fuisset
3321 5506 3642 5564 arcessitus

1992 5607 2064 5663 ad
2096 5605 2412 5662 electiones
2444 5602 2736 5658 dictarum
2769 5599 3173 5658 ecclesiarum.
3206 5597 3433 5671 Quippe
3480 5595 3635 5652 dice-

1991 5697 2155 5768 bant,
2187 5695 2386 5768 ipsum
2417 5689 2781 5751 Iconiensem
2828 5706 2962 5750 cum
2992 5687 3353 5749 consobrinis
3389 5686 3646 5746 referens
