4028 6202
361 259 481 319 M3

1670 258 1922 322 ISAACI
1966 258 2254 320 ANGELI
2299 259 2462 321 IMP.

3607 280 3708 338 444

362 390 510 447 darii
561 389 779 464 nuptiae
837 391 1262 459 celebarentur,
1307 408 1372 447 ac
1432 392 1646 447 ibidem
1698 391 2011 447 invitatum

2127 388 2491 460 Ἐκκλησιῶν,
2555 391 2729 453 Αὐτὸς
2800 390 2922 468 γὰρ,
2982 391 3144 468 φησὶν
3207 395 3234 447 ὁ
3284 395 3513 470 Ἰκονίου,
3557 405 3712 476 γάμου

362 481 709 552 Cyzicenum
745 497 978 552 quoque
1003 481 1334 552 reperisset,
1367 480 1418 536 ei
1452 481 1734 552 postridie
1757 482 2014 536 futuram

365 569 762 641 Claudiopolis
803 575 859 624 et
892 569 1138 624 Maronea
1186 568 1525 624 electionem
1580 570 1906 625 intimasse.
1950 570 2012 623 In

365 659 590 715 caeteris
622 664 819 714 autem
882 658 1264 714 electionibus
1326 659 1572 714 aliarum
1632 659 2013 714 ecclesiarum

365 748 543 804 etiam
578 765 677 818 per
733 747 1084 819 scripturam
1131 747 1505 803 afﬁrmabant
1553 765 1685 804 eum
1720 751 2010 804 vocatum.

363 838 452 892 Ad
486 838 656 908 cujus
687 853 888 892 eorum
948 837 1424 893 asserverationis
1469 837 1891 910 probationem,
1924 836 2012 890 in-

363 927 681 981 sinuabant
704 925 1162 980 instrumentum
1199 925 1602 996 patriarchalis
1624 924 1856 990 notarii,
1885 929 2013 979 Ste-

362 1014 541 1086 phani
572 1013 840 1080 Narsitas,
872 1014 1094 1068 factum
1127 1013 1219 1068 die
1239 1015 1309 1069 23
1329 1015 1596 1087 Augusti,
1620 1013 1816 1086 elapsa
1839 1012 2012 1085 paulo

361 1108 495 1158 ante
526 1104 557 1156 4
589 1102 928 1168 indictione,
963 1104 1116 1174 quod
1169 1121 1270 1174 per
1296 1103 1510 1158 lectum
1546 1102 1890 1174 hujusmodi
1938 1101 2009 1157 ad

360 1193 605 1247 verbum
633 1195 759 1246 erat
786 1209 797 1246 :
836 1213 857 1241 ι
893 1191 1108 1246 Mensis
1139 1191 1387 1263 Augusti
1423 1192 1513 1248 die
1533 1192 1623 1260 23,
1661 1191 1802 1248 feria
1829 1192 1887 1258 7,
1921 1190 2010 1246 in-

363 1281 616 1335 dictione
673 1282 727 1347 4,
780 1280 839 1335 in
901 1283 1208 1351 praesentia
1269 1281 1569 1337 reverendi
1627 1279 2010 1353 episcopiani,

363 1369 584 1424 domini
614 1369 978 1424 Constantini
1007 1370 1401 1441 Chiromachi,
1423 1371 1710 1426 Theodori
1753 1370 2010 1425 Phialita‘.

362 1461 420 1513 et
450 1457 751 1512 Michaelis
780 1457 1100 1521 Chamulaa,
1136 1475 1240 1514 nos
1271 1459 1535 1530 deputati
1567 1477 1600 1515 a
1636 1458 2012 1514 sanctissimo

366 1546 606 1601 domino
636 1552 835 1602 nostro
866 1551 922 1602 et
953 1546 1266 1602 universali
1329 1547 1647 1619 patriacha,
1680 1552 1736 1602 et
1764 1548 2011 1603 interve-

367 1633 564 1689 niente
595 1635 801 1690 notitia
828 1635 1079 1690 maxime
1111 1636 1459 1691 venerabilis
1499 1635 1840 1691 chartularii
1873 1652 2014 1690 san-

367 1723 644 1778 ctissimae
703 1723 803 1778 Dei
851 1725 1086 1795 Majoris
1147 1723 1424 1792 ecclesiae,
1459 1725 1683 1779 domini
1722 1723 2010 1780 Eustathii

368 1811 722 1879 Cbandreni,
755 1813 824 1868 ad
861 1813 1284 1869 arcessundum
1317 1812 1758 1869 sanctissimum
1797 1817 2011 1868 metro-

371 1901 702 1973 politanum
733 1903 940 1974 Cyzici,
973 1903 1280 1957 dominum
1333 1903 1644 1972 Joannem,
1678 1906 1742 1957 ut
1798 1902 1856 1956 in
1883 1919 2011 1956 cra-

371 1990 595 2045 stinum
636 1991 857 2046 veniret
897 1992 964 2045 ad
1017 2008 1244 2048 sacram
1304 1996 1566 2047 sanctam
1613 1992 1924 2064 synodum,
1958 1995 2014 2046 et

369 2093 628 2149 praesens
699 2079 931 2135 adesset
989 2080 1202 2136 futuris
1261 2079 1646 2136 electionibus
1705 2079 2013 2135 viduarum

371 2167 880 2223 sanctissimarum
905 2169 1307 2237 ecclesiarum,
1338 2169 1424 2224 vel
1458 2169 1806 2225 sententiam
1847 2185 2015 2240 expo-

371 2259 569 2323 neret;
603 2261 660 2312 et
719 2265 783 2312 ut
831 2258 880 2312 ei
914 2259 1401 2329 signiﬁcaremus,
1454 2258 1737 2326 futurum,
1793 2263 1858 2314 ut
1901 2254 2016 2313 nisi

371 2352 796 2416 comparerent,
829 2347 1120 2418 ejusmodi
1169 2347 1482 2403 electiones
1530 2348 1707 2404 etiam
1757 2349 1884 2420 ipso
1914 2349 2014 2404 ab-

372 2438 535 2490 sente
569 2436 968 2506 procederent,
1028 2441 1334 2509 propterea
1391 2437 1544 2507 quod
1604 2437 1675 2493 de
1723 2437 1814 2493 bis
1843 2437 2014 2492 varias

368 2523 630 2579 monitus
659 2529 813 2580 esset
843 2525 1013 2580 etiam
1041 2543 1075 2580 a
1118 2526 1431 2582 reverendo
1470 2525 1878 2598 Episcopiano,
1917 2527 2017 2581 do-

369 2613 528 2668 mino
561 2612 942 2670 Constantino
991 2613 1396 2681 Cbiromacho,
1429 2631 1535 2670 nec
1565 2616 1692 2686 ejus
1713 2614 2016 2670 denuntia-

367 2700 630 2757 tionibus
658 2719 857 2773 parere
877 2703 1195 2771 voluisset;
1227 2704 1496 2759 venimus
1524 2703 1803 2760 hodierno
1826 2704 1917 2759 die
1941 2704 2012 2759 ad

371 2789 612 2845 cellulas
641 2791 779 2846 dicti
813 2792 1175 2847 sanctissimi
1207 2793 1663 2864 metropolitani,
1692 2793 1837 2848 sitas
1880 2809 2013 2864 prc-

371 2880 501 2948 pter
530 2879 918 2936 venerabilem
951 2879 1314 2936 mansionem
1361 2882 1728 2946 Studianam,
1761 2897 2015 2953 cumque

371 2969 796 3038 reperissemus
821 2985 954 3024 eum
1005 2969 1222 3025 ibidem
1278 2969 1336 3025 in
1366 2969 1580 3026 lectulo
1610 2971 1918 3040 iacentem,
1950 2972 2016 3025 ut

369 3055 470 3127 qui
503 3073 616 3112 non
649 3062 803 3114 recte
824 3057 1058 3127 valeret,
1090 3058 1345 3115 diximus
1394 3059 1466 3126 ei,
1514 3060 2012 3130 quemadmodum

2122 480 2409 554 γεγονότος
2466 479 2552 535 ἐπὶ
2612 477 2878 554 ἒξαδέλφῃ
2933 485 3031 536 τοῦ
3088 479 3519 561 ῥαιφερενδαρίου,
3569 491 3710 566 εὑρὼν

2123 567 2294 623 ἐκεῖσε
2328 568 2731 641 μετακληθέντα
2778 569 2867 624 καὶ
2906 570 2998 624 τὸν
3048 569 3300 639 Κυζίκου,
3350 570 3534 630 δέδωκε
3566 580 3714 653 τούτῳ

2124 654 2330 722 εἷ’δησιν
2359 665 2458 726 τῆς
2516 659 2889 732 γενησομένης
2932 661 3117 736 ψήφου
3171 662 3237 732 τῇ
3293 659 3498 736 ἐπιούσῃ
3548 663 3623 719 ἐπί
3673 689 3714 723 εε

2119 749 2189 819 τῇ
2250 743 2680 802 Κλαυδιουπόλει
2740 748 2831 802 καὶ
2887 751 2957 821 τῇ
3016 745 3342 820 Μαρωνείᾳ⁶
3393 748 3475 804 ἐπὶ
3524 750 3576 806 δὲ
3615 761 3713 818 ταῖς

2125 832 2347 897 λοιπαῖς
2395 837 2600 913 ψήφοις
2648 841 2752 891 τῶν
2805 835 3001 912 ἑτέρων
3037 832 3369 902 Ἐκκλησιῶν
3422 839 3505 892 καὶ
3558 838 3718 917 ἐγγρά.

2122 946 2236 1002 φως
2292 927 2533 1001 γενέσθαι
2610 924 2931 982 διετείνοντο
2981 931 3083 995 τήν
3147 924 3338 980 τούτου
3413 928 3720 1000 μετάκλησιν.

2122 1013 2220 1069 Καὶ
2270 1014 2346 1078 εἷς
2397 1017 2724 1090 παράστασιν
2787 1023 2887 1086 τῆς
2977 1009 3352 1091 βεϐαιολογίας
3425 1017 3588 1071 αὐτῶν
3647 1020 3720 1074 καὶ

2123 1104 2417 1178 σημείωμα
2471 1104 2773 1180 ἐνεφάνιζον
2845 1108 2941 1160 τοῦ
3025 1107 3418 1180 πατριαρχικοῦ
3488 1106 3722 1180 νοταρίου,

2123 1192 2396 1270 Στεφάνου
2438 1197 2533 1249 τοῦ
2577 1192 2868 1269 Ναρσίτου,
2913 1193 3130 1270 γεγονὸς
3196 1193 3328 1246 κατὰ
3393 1193 3486 1262 τὴν
3537 1200 3610 1268 κγ’
3646 1201 3725 1250 τοῦ

2123 1279 2437 1356 Αὐγούστου
2492 1290 2592 1352 τῆς
2649 1283 2754 1356 πρὸ
2817 1286 3013 1357 μικροῦ
3071 1278 3391 1350 διελθούσης
3421 1278 3464 1334 δ’
3493 1281 3720 1354 ἐπινεμή-

2121 1378 2277 1441 σεως,
2335 1371 2364 1425 ’ὀ
2414 1371 2504 1425 καὶ
2561 1371 2895 1448 ἀναγνωσθὲν
2953 1370 3039 1424 ἐπὶ
3099 1368 3294 1440 λέξεων
3361 1369 3497 1444 εἶχεν
3551 1369 3718 1432 οὕτως·

2123 1483 2151 1512 ‹‹
2186 1459 2335 1529 Μηνὶ
2381 1459 2678 1535 Αὐγούστῳ
2725 1461 2808 1535 κγ’
2851 1459 3033 1535 ἡμέρᾳ
3079 1464 3118 1528 ζ’
3161 1458 3518 1531 έπινεμήσεως
3565 1456 3621 1530 δ’,
3656 1459 3728 1515 ἐπὶ

2121 1547 2388 1620 παρουσίᾳ
2436 1553 2532 1603 τοῦ
2592 1544 2857 1612 εὐλαϐοῦς
2912 1548 3328 1603 έπισκοπειανοῦ
3396 1552 3552 1624 κυροῦ
3601 1553 3728 1602 Κων-

2123 1637 2397 1692 σταντίνου
2439 1641 2537 1692 τοῦ
2590 1638 2964 1713 Χειρομάχου,
3012 1634 3299 1710 Θεοδώρου
3352 1639 3446 1690 τοῦ
3501 1633 3729 1691 Φιαλίτου

2121 1727 2210 1780 καὶ
2243 1725 2476 1801 Μιχαὴλ
2506 1731 2603 1780 τοῦ
2635 1724 2932 1798 Χαμούλη,
2965 1725 3284 1800 ὡρισθέντες
3313 1725 3454 1799 παρᾶ
3497 1727 3588 1779 τοῦ
3629 1745 3733 1778 παν.

2118 1814 2422 1890 αγιωτάτου
2507 1816 2668 1887 ἡμῶν
2755 1811 3018 1869 δεσπότου
3093 1812 3185 1868 καὶ
3249 1811 3612 1886 οἶκουμενικοῦ
3653 1832 3736 1866 πα-

2118 1904 2406 1978 τριάρχου,
2441 1900 2643 1974 είδήσει
2686 1903 2778 1957 καὶ
2819 1906 2916 1957 τοῦ
2971 1899 3311 1976 τιμιωτάτου
3355 1898 3731 1976 χαρτοφύλακος

2119 1994 2217 2061 τῆς
2266 1989 2574 2066 ἁγιωτάτης
2618 1996 2714 2047 τοῦ
2763 1993 2901 2049 Οεοῦ
2952 1987 3213 2066 Μεγάλης
3265 1987 3550 2060 ἱκκλησίας
3597 1992 3729 2063 κυροῠ

2121 2081 2425 2146 Εὐσταθίου
2466 2087 2562 2138 τοῦ
2607 2079 2946 2158 Χανδρηνοῦ,
2983 2077 3444 2155 μετακαλέσασθαι
3498 2079 3585 2134 τὸν
3628 2098 3735 2132 παν-

2127 2170 2413 2245 ιερώτατον
2503 2169 2920 2247 μητροπολίτην
2991 2169 3230 2240 Κυζίκου
3299 2173 3460 2245 κῦρον
3511 2168 3730 2236 Ἰωάννην

2124 2259 2360 2323 ἀνελθεῖν
2417 2261 2555 2316 κατὰ
2607 2263 2704 2331 τὴν
2759 2257 2944 2337 αὔριον
3000 2260 3076 2322 εἷς
3134 2261 3237 2330 τὴν
3292 2256 3434 2313 θείαν
3489 2255 3573 2311 καὶ
3618 2253 3738 2332 ἱερὰν

2125 2345 2365 2419 σύνοδον,
2411 2349 2502 2404 καὶ
2560 2350 2920 2424 παρουσιάσαι
2975 2349 3062 2404 ἐπὶ
3123 2353 3248 2410 ταῖς
3313 2344 3629 2420 μελλούσαις
3668 2363 3738 2417 γε-

2121 2436 2298 2502 νέσθαι
2353 2440 2560 2516 ψήφοις
2606 2442 2712 2493 τῶν
2764 2442 3119 2514 χηρευουσῶν
3170 2437 3486 2512 ἁγιωτάτων
3537 2430 3741 2503 Ἐκκλη-

2125 2530 2277 2598 σιῶν,
2310 2525 2596 2602 ἢγκώμην
2649 2525 2913 2594 ἐκθέσθαι,
2944 2527 3034 2580 καὶ
3082 2523 3397 2596 ἀναδιδάξαι
3451 2528 3627 2579 τοῦτον
3678 2521 3742 2584 ὡς

2123 2613 2169 2669 εἰ
2222 2615 2296 2688 μὴ
2351 2614 2492 2669 οὕτω
2535 2617 2778 2686 ποιήσει,
2830 2613 3123 2688 μέλλουσιν
3183 2615 3245 2669 αἱ
3300 2610 3538 2669 τοιαῦται
3591 2615 3738 2688 ψῆφοι

2122 2699 2395 2780 προϐῆναι
2453 2704 2543 2759 καὶ
2602 2703 2835 2775 ἀπουσίᾳ
2890 2704 3079 2776 αὐτοῦ,
3131 2700 3226 2758 διὰ
3282 2703 3346 2758 τὸ
3401 2700 3521 2776 περὶ
3568 2699 3747 2754 τούτων

2127 2798 2428 2864 μηνυθῆναι
2479 2791 2637 2847 αὐτὸν
2691 2789 2964 2870 διαφόρως
3011 2791 3102 2846 καὶ
3149 2791 3305 2868 παρὰ
3368 2794 3464 2844 τοῦ
3519 2781 3749 2846 εὐλαϐοῦ(

2122 2879 2557 2954 ἐπισκοπειανοῦ,
2615 2885 2783 2957 κοροῦ
2860 2879 3267 2936 Κωνσταντίνου
3340 2882 3435 2934 τοῦ
3507 2873 3749 2952 Χειρομά-

2123 2989 2252 3046 χου,
2283 2969 2370 3026 καὶ
2407 2972 2480 3044 μὴ
2517 2967 2743 3040 θελῆσαι
2787 2969 2854 3024 τὰ
2892 2968 3089 3024 τούτου
3141 2967 3440 3042 μηνύματα
3490 2963 3751 3039 ὲκπληρώ·

2126 3081 2250 3115 σαι·
2303 3059 2608 3138 ἀφικόμεθα
2659 3060 2760 3128 τὴν
2817 3060 3058 3134 σήμερον
3112 3057 3164 3114 έν
3227 3063 3349 3120 τοῖς
3395 3053 3627 3116 κελλίοις
3671 3054 3751 3106 τοῦ

369 3123 405 3199 a
433 3146 803 3216 patriarchali
835 3151 891 3202 et
921 3123 1087 3202 sacra
1116 3147 1395 3217 dignitate
1425 3123 1688 3220 dep-atati
1725 3164 2014 3206 essemus.

2130 3123 2380 3226 ῥηθέντος
2437 3123 2843 3224 πανιερωτάτου
2896 3123 3357 3224 ’μητροπολίτοῳ
3413 3149 3527 3208 τοῖς
3579 3139 3752 3198 διακει-

370 3234 442 3288 ad
475 3251 540 3290 ea
571 3251 697 3307 quae
720 3252 898 3307 supra
919 3235 1179 3292 indicata
1199 3241 1358 3303 sunt,
1393 3236 1588 3308 ipsum
1618 3237 2016 3293 exhortantes.

371 3321 596 3395 Quippe
625 3324 673 3380 si
707 3325 972 3381 fortassis
1002 3324 1126 3398 ipse
1147 3324 1231 3381 vel
1266 3342 1520 3396 praasens
1550 3342 1679 3382 esse
1708 3324 1802 3381 die
1821 3325 2022 3381 crasti-

375 3427 450 3466 no
481 3412 693 3468 futuris
727 3415 821 3484 (ut
851 3413 1071 3469 dictum
1103 3413 1214 3486 est)
1238 3413 1624 3470 electionibus
1645 3414 2018 3471 viduatarum

374 3501 886 3558 sanctissimarum
920 3502 1322 3569 ecclesiarum,
1354 3502 1441 3558 vel
1468 3505 1822 3559 sententiam
1846 3505 1916 3559 de
1946 3504 2019 3561 iis

374 3605 541 3644 suam
576 3607 860 3662 exponere
892 3591 1102 3648 nollet:
1138 3608 1236 3648 eas
1262 3592 1438 3647 etiam
1472 3593 1598 3664 ipso
1622 3593 1864 3648 absente
1886 3609 2018 3664 pro-

375 3694 664 3736 cessuras.
700 3679 802 3737 Ille
859 3698 993 3737 vero
1052 3681 1223 3738 nobis
1274 3682 1597 3753 respondit,
1635 3681 1813 3737 etiam
1872 3681 2020 3738 alias

374 3768 526 3824 facta
557 3786 686 3824 esse
744 3787 847 3841 pro
910 3770 1172 3827 ecclesiis
1219 3770 1532 3827 electiones
1563 3788 1596 3826 a
1626 3771 2020 3828 confratribus

376 3857 523 3925 suis,
559 3858 780 3929 absque
809 3859 1121 3930 przesentia
1147 3860 1550 3930 sententiaque
1607 3877 1733 3916 sua.
1767 3862 2024 3932 Quapro-

379 3949 509 4016 pter
537 3946 693 4002 idem
727 3948 799 4002 ab
827 3948 912 4004 eis
943 3948 1118 4003 etiam
1151 3947 1213 4004 in
1241 3948 1499 4004 viduatis
1543 3950 1712 4005 modo
1759 3948 2021 4006 ecclesiis

382 4033 735 4090 faciendum.
764 4036 890 4091 Non
922 4037 1076 4092 enim
1104 4037 1299 4092 venire
1329 4053 1392 4091 se
1447 4053 1618 4108 posse
1669 4039 1741 4094 ad
1792 4055 2021 4094 sacram

378 4127 646 4178 sanctam
674 4125 984 4196 synodum,
1011 4129 1070 4181 et
1099 4124 1479 4182 electionibus
1507 4127 1732 4195 adesse,
1765 4132 2026 4200 propter-

380 4226 448 4266 ea
474 4213 630 4282 quod
663 4214 871 4270 acriter
900 4219 1218 4286 aegrotaret.
1253 4214 1393 4270 Inde
1448 4215 1704 4271 multum
1762 4234 1796 4272 a
1849 4217 2020 4274 nobis

379 4305 646 4373 rogatus,
678 4306 742 4358 ut
765 4303 852 4359 vel
886 4303 1234 4359 sententiam
1275 4319 1443 4359 suam
1496 4309 1827 4376 exponeret,
1860 4323 1932 4362 ne
1961 4307 2018 4362 id

379 4391 618 4465 quidem
650 4394 838 4450 facere
867 4392 1068 4450 voluit.
1100 4393 1182 4448 Ad
1242 4393 1453 4449 horum
1499 4395 1678 4467 igitur
1706 4395 2019 4454 indicatio-

2133 3238 2316 3312 μένοις
2374 3235 2608 3308 πλησίον
2665 3257 2754 3292 και
2791 3236 3043 3313 σύνεγγυς
3096 3243 3198 3306 τῆς
3257 3230 3548 3309 σεϐασμίος
3606 3235 3755 3305 μονῆς

2126 3329 2236 3381 τῶν
2271 3322 2557 3394 Στουδίου,
2592 3324 2679 3380 καὶ
2709 3323 3024 3400 ἐντυχόντες
3077 3324 3262 3398 τούτῳ
3301 3323 3471 3379 έκεῖσε
3517 3320 3600 3378 ἰπὶ
3645 3318 3756 3374 κλί-

2126 3435 2226 3485 νης
2282 3413 2541 3487 κειμένῳ,
2604 3414 2678 3476 ὡς
2737 3413 3028 3490 ἀρρώστως
3085 3410 3298 3489 ἔχοντι,
3357 3410 3576 3485 εἷ’πομεν
3640 3406 3758 3484 πρὸς

2127 3503 2284 3560 αὐτὸν
2325 3504 2504 3566 καθὼς
2552 3505 2699 3576 παρὰ
2739 3510 2838 3573 τῆς
2878 3509 3296 3579 πατριαρχικῆς
3339 3499 3431 3556 καί
3485 3500 3625 3560 θείας
3679 3515 3759 3569 με·

2125 3593 2483 3671 γαλειότητος
2541 3591 2875 3667 ὡρίσθημεν,
2911 3590 3008 3646 ὅσα
3065 3593 3094 3647 ὁ
3152 3590 3327 3667 λόγος
3355 3590 3606 3666 ἀνωτέρω
3657 3582 3762 3654 ἐδή-

2129 3681 2293 3751 λωσε,
2327 3681 2831 3758 παρεγγυησάμενοι
2889 3679 3089 3753 τούτῳ.
3145 3681 3262 3754 Ὡς,
3326 3677 3477 3754 εἷ’περ
3535 3676 3657 3738 ἴσως
3708 3672 3761 3728 ού

2130 3769 2348 3842 θελήσει
2399 3770 2553 3832 οὗτος
2595 3769 2630 3839 ἢ
2679 3771 3040 3845 παρουσιάσαι
3088 3769 3227 3824 κατᾶ
3298 3770 3402 3839 τήν
3470 3763 3647 3844 αὔριον
3696 3761 3763 3824 εἷς

2127 3861 2222 3925 τὰς
2267 3859 2633 3935 γενησομένας
2668 3859 2763 3930 (ὡς
2811 3855 3046 3935 εἴρηται)
3085 3861 3310 3936 ψήφους
3357 3862 3465 3913 τῶν
3516 3873 3764 3931 χηρευου-

2131 3954 2234 4004 σῶν
2296 3947 2606 4025 ἁγιωτάτων
2665 3946 3029 4019 Ἑκκλησιῶν,
3060 3947 3096 4016 ἢ
3143 3948 3379 4022 γνώμην
3432 3945 3516 4000 ἐπὶ
3568 3941 3763 4000 ταύταις

2131 4038 2380 4106 ἐκθεῖναι,
2413 4031 2784 4112 προϐήσονται
2843 4037 2998 4091 αὗται
3052 4035 3142 4092 καὶ
3199 4035 3445 4107 ἀπουσίᾳ
3497 4033 3672 4089 αὐτοῦ.
3715 4029 3766 4087 Ὁ

2132 4125 2190 4183 δὶ
2216 4127 2354 4202 πρὸς
2382 4128 2530 4200 ἡμᾶς
2583 4126 2845 4202 ἀπεκρίθη
2893 4129 3079 4182 ταῦτα·
3109 4127 3184 4188 ὡς
3227 4126 3321 4181 καὶ
3378 4123 3576 4179 ἄλλοτε
3623 4118 3768 4197 προί-

2131 4213 2302 4289 6ησαν
2333 4219 2508 4294 ψῆφοι
2540 4215 2884 4286 Ἐκκλησιῶν
2927 4215 3074 4291 παρὰ
3117 4218 3226 4270 τῶν
3281 4212 3484 4270 τούτου
3530 4207 3769 4267 συναδέλ-

2131 4328 2245 4388 φων
2289 4303 2410 4362 ἄνευ
2452 4304 2752 4382 παρουσίας
2797 4304 2964 4360 αὐτοῦ
3007 4303 3097 4360 καὶ
3143 4304 3403 4378 γνώμης.
3443 4305 3611 4357 Τοῦτο
3652 4300 3765 4388 γοῦν

2130 4396 2365 4473 γενέσθω
2420 4395 2547 4469 παρ’
2579 4393 2756 4449 αὐτῶν
2811 4392 2903 4448 καὶ
2960 4390 3049 4448 ἐπὶ
3106 4398 3226 4455 ταῖς
3278 4396 3374 4447 νῦν
3426 4387 3772 4468 χηρευούσαις

381 4498 539 4549 nem,
571 4499 826 4554 praesens
849 4483 1307 4539 instrumentum
1340 4484 1736 4554 confecimus;
1769 4488 1923 4557 quod
1963 4486 2016 4542 in

2131 4483 2504 4555 Έκκλησίαιςο
2537 4481 2600 4539 ού
2629 4483 2733 4559 γὰτ
2775 4479 2996 4538 δύναται
3045 4481 3292 4538 ἀνελθεῖν
3355 4480 3434 4543 είς
3489 4481 3587 4549 τὴν
3642 4475 3770 4532 θείαν

381 4570 608 4628 litteras
639 4572 911 4638 relatum,
942 4577 999 4628 et
1030 4589 1134 4644 pro
1166 4588 1327 4628 more
1365 4573 1827 4644 corroboratum,
1860 4575 2022 4631 dedi-

383 4678 518 4717 mus
549 4679 749 4719 mense
800 4668 856 4718 et
907 4662 1227 4718 indictione
1271 4679 1450 4733 supra
1487 4662 1744 4734 scriptis.
1773 4663 2023 4721 Humilis

385 4751 667 4808 diaconus
698 4752 1087 4809 sanctissimae
1119 4751 1220 4807 Dei
1251 4751 1488 4822 Majoris
1517 4751 1804 4820 Ecclesiae,
1836 4756 1892 4808 et
1921 4769 2022 4825 pa-

380 4840 713 4897 triarchalis
767 4841 1053 4909 notarius,
1109 4841 1446 4913 Stephanus
1505 4841 1788 4914 Narsites,
1847 4843 2023 4899 subs-

377 4931 455 4985 cri
464 4932 600 5002 psit.
635 4953 665 4980 »

2131 4575 2221 4631 καὶ
2252 4576 2396 4646 ἱερὰν
2428 4569 2677 4645 σύνοδον,
2706 4573 2797 4628 καὶ
2841 4573 3200 4649 παρουσιάσαι
3248 4570 3343 4628 ἐπὶ
3390 4575 3512 4635 ταῖς
3564 4569 3770 4644 ψήφοις.

2134 4661 2225 4718 διὰ
2266 4663 2330 4718 τὸ
2374 4660 2566 4724 δεινῶς
2623 4658 3031 4732 νοσηλεύεσθαι.
3075 4657 3272 4717 Πολλᾶ
3319 4664 3451 4737 γοῦν
3504 4654 3768 4730 παρακλη·

2135 4751 2244 4814 θεὶς
2301 4751 2427 4827 παρ’
2479 4751 2641 4823 ἡμῶν
2696 4747 2792 4805 κᾶν
2849 4749 3076 4826 γνώμην
3136 4747 3410 4821 ἐκθέσθαι,
3460 4743 3585 4804 οὐδὲ
3625 4746 3770 4801 τοῦτο

2133 4847 2358 4910 ποιῆσαι
2391 4837 2681 4909 ἠθέλησεν.
2709 4837 2804 4901 Εἲς
2829 4836 3075 4910 δήλωσιν
3107 4837 3198 4894 οὗν
3228 4838 3446 4894 τούτων
3498 4836 3595 4905 τήν
3642 4849 3773 4904 παρ-

2137 4933 2295 4985 οῦσαν
2331 4928 2654 5003 «σημείωσιν
2722 4925 3026 5002 έξεθέμεθα,
3085 4927 3147 4996 ἢν
3203 4920 3646 5003 παραϐαλόντες
3693 4919 3774 4978 καὶ

377 5021 625 5090 συνήθως
684 5019 1085 5092 πιστωσάμενοι
1145 5015 1546 5091 έπιδεδώκαμεν
1611 5019 1744 5092 μηνὶ
1790 5019 1883 5074 καὶ
1932 5019 2247 5095 ἰπινεμήσει
2272 5022 2392 5082 τοῖς
2418 5016 2953 5095 προγεγραμμένοις.
2986 5017 3042 5071 Ὁ
3101 5013 3334 5086 εὐτελὴς
3390 5011 3638 5078 διάκονος
3687 5012 3778 5079 τῆς

375 5108 681 5186 ἁγιωτάτης
707 5113 804 5166 τοῦ
833 5113 965 5166 Θεοῦ
997 5106 1256 5186 Μεγάλης
1291 5105 1584 5178 ἰκκλησίας
1614 5109 1705 5164 καὶ
1734 5108 2137 5186 πατριαρχικός
2165 5105 2416 5184 νοτάριος
2443 5104 2713 5184 Στέφανος
2745 5107 2774 5161 ὁ
2805 5106 3101 5183 Ναρσίτης.
3138 5129 3160 5158 ι

445 5239 500 5294 2.
534 5240 740 5310 Itaque
796 5235 987 5293 verbis
1038 5235 1219 5306 hujus
1266 5234 1644 5290 instrumenti
1713 5236 2022 5293 abutentes

378 5327 698 5384 adversarii
740 5325 1024 5400 Cycizeni,
1085 5326 1156 5381 ad
1215 5340 1421 5380 omnes
1477 5321 1790 5380 electiones
1842 5324 2020 5381 etiam

377 5416 722 5491 Cyzizenum
753 5415 1101 5473 arcessitum
1132 5414 1317 5470 fuisse
1347 5412 1639 5469 dicebant.
1686 5415 1766 5470 Ac
1792 5429 1854 5470 se
1885 5414 2021 5486 qui-

375 5507 533 5574 dem,
594 5507 750 5579 quod
803 5504 897 5562 sui
943 5504 1154 5562 fuisset
1191 5501 1478 5571 muneris,
1518 5502 1772 5574 fecisse;
1819 5519 2022 5560 verum

374 5595 575 5665 ipsum
607 5595 865 5653 noluisse
895 5609 1271 5666 comparere:
1304 5591 1584 5649 addentes
1617 5591 2020 5666 episcopisnos

2208 5233 2274 5309 β’.
2319 5233 2450 5295 Τοῖς
2518 5229 2608 5286 οὗν
2681 5230 2890 5308 ῥήμασι
2939 5233 3036 5286 τοῦ
3091 5227 3347 5285 τοιούτου
3407 5230 3777 5304 σημειώματος

2132 5320 2525 5399 ἀποχρώμενοι
2595 5321 2647 5376 οἱ
2697 5324 2795 5376 τοῦ
2869 5319 3100 5390 Κυζίκου
3158 5317 3456 5389 ἀντίθετοι,
3509 5315 3690 5395 ἔλεγον
3728 5315 3773 5371 έν

2130 5412 2327 5473 πάσαις
2381 5414 2500 5473 ταῖς
2557 5411 2764 5488 ψήφοις
2847 5407 3188 5484 μετάκλητον
3245 5407 3502 5484 γενέσθαι
3559 5407 3645 5464 καὶ
3689 5407 3772 5461 τὸν

2130 5499 2387 5570 Κυζίκουι
2419 5498 2511 5554 καὶ
2542 5499 2697 5556 αὐτοὶ
2735 5499 2830 5575 μὶν
2857 5499 2920 5556 τὸ
2959 5497 3161 5555 οἷ’κεῖον
3208 5499 3572 5570 ποιήσασθαι,
3597 5499 3774 5555 τοῦτον

2133 5584 2189 5645 δὲ
2248 5589 2325 5665 μή
2378 5586 2607 5656 Θελῆσαι
2657 5586 3039 5668 παρουσιάσαιο
3077 5587 3506 5665 προστιθέμενοι
3558 5588 3639 5644 ὅτι
3693 5583 3774 5642 καὶ
