4028 6202
197 351 292 409 445
1320 359 1711 423 NOVELLxE
1755 356 2459 420 CONSTITUTIONES.

3452 357 3572 417 446

196 477 567 538 ἑπισκοπειανοὶ
639 486 755 560 κατ’
829 485 1129 564 ἐπιτροπήν
1202 487 1300 544 τοῦ
1389 487 1808 568 θεοφιλεστάτου

1923 506 2154 561 quoque
2197 491 2374 562 jussu
2433 488 2862 561 religiosissimi
2917 487 3260 544 chartularii
3309 488 3380 544 de
3411 505 3572 545 more

193 571 586 647 χαρτοφύλακος
627 575 766 630 κατᾶ
806 578 868 631 τὸ
914 575 1036 641 ἔθος
1086 577 1463 650 ἀπεστάλησαν
1521 580 1597 642 εἷς
1644 580 1711 634 τὰ
1760 579 1813 634 ἐν

190 659 255 720 οἷς
283 663 569 733 καταμένει
615 664 812 720 κελλία
860 667 888 720 ὁ
932 668 1186 737 Κυζίκου,
1221 663 1342 732 ἔνθα
1371 669 1461 722 καὶ
1493 668 1520 722 ὁ
1549 689 1812 744 πατριαρ-

187 748 321 822 χικὸς
351 752 607 826 νοτάριος
658 752 745 808 ἐπὶ
790 758 858 828 τῇ
912 753 1132 829 δευτέρᾳ
1175 759 1344 834 ψήφῳ
1388 754 1811 830 ἐπιδεδήμηκεν,

183 837 246 898 ὡς
288 835 640 910 διείληπται,
693 842 783 897 καὶ
838 843 1263 916 μετεκαλέσαντο
1318 851 1507 902 τοῦτον
1561 848 1698 902 κατὰ
1751 847 1812 901 τὸ

182 925 384 996 σύνηθες
421 928 500 990 εἷς
554 930 649 993 τὰς
697 927 1114 1007 προϐησομὲνας
1171 937 1296 1004 παρ’
1335 935 1510 992 αὐτῶν
1570 938 1809 1014 ψήφους·

177 1022 377 1096 οἵτινες,
416 1025 666 1091 ἐλθόντες
697 1034 928 1104 πρῶτων
963 1033 1058 1106 μὶν
1093 1032 1167 1096 εἰς
1213 1034 1304 1089 τὸν
1350 1034 1650 1110 ἁγιώτατόν
1705 1057 1810 1109 μου

175 1110 430 1186 δεσπότην
491 1118 581 1172 καὶ
637 1117 1014 1193 οἷκουμενικὸν
1069 1125 1464 1200 πατριάρχην,
1515 1126 1610 1180 εἶθ’
1668 1125 1810 1180 οὕτω

169 1203 432 1278 καὶπρὸς
474 1204 688 1276 αὐτους,
739 1209 888 1264 εἶπον
940 1211 1014 1282 μὴ
1071 1210 1310 1286 ἐφευρεῖν
1365 1217 1554 1267 τοῦτον
1606 1212 1658 1267 ἐν
1687 1220 1808 1275 τοις

170 1290 318 1346 αὑτοῦ
369 1291 638 1350 κελΑίοις⁶
703 1303 890 1370 μαθεῖν
941 1296 998 1353 δὲ
1047 1298 1131 1354 ὅτι
1178 1297 1229 1356 ἕν
1279 1323 1387 1356 τινι
1441 1307 1543 1371 τῆς
1596 1300 1811 1362 πόλεως

165 1382 467 1456 προαστείῳ
499 1381 697 1462 διάφει.
731 1385 912 1442 Ἀλλά
948 1388 1037 1443 καὶ
1086 1391 1224 1465 πρὸς
1272 1394 1442 1446 ταῦτα
1488 1392 1516 1445 ὁ
1572 1391 1810 1461 Κυζίκου

167 1471 532 1545 γενναιότερον
565 1474 915 1547 ἀντικατέστη
965 1482 1082 1543 τοῖς
1133 1479 1404 1545 τοιούτοις
1461 1479 1811 1555 συλλειτουρ-

165 1566 288 1634 γοῖς,
327 1563 470 1638 πρὸς
503 1568 597 1636 μὲν
625 1565 718 1619 τὸν
768 1571 866 1621 τοῦ
911 1567 1137 1624 Ἰκονίου
1196 1569 1358 1644 λόγον
1415 1571 1808 1644 προσθέμενος,

167 1650 229 1712 ὡς
255 1646 533 1707 οὐδέποτε
580 1655 805 1726 τοιαύτη
858 1655 1198 1732 πρόσκλησις
1244 1657 1303 1713 ἐκ
1347 1663 1442 1714 τοῦ
1468 1662 1810 1736 παρήκοντος

165 1741 269 1815 περὶ
341 1743 534 1816 ψήφου
590 1744 730 1819 πρὸς
789 1745 1204 1822 μητροπολίτην
1237 1749 1424 1823 γέγονε
1465 1750 1614 1826 παρὰ
1657 1771 1811 1804 συνα-

167 1827 364 1907 δὲλφου
426 1829 612 1901 αὐτοῦ,
684 1828 798 1908 εἷ’γε
858 1835 947 1889 καὶ
1007 1832 1131 1907 δοίη
1188 1858 1272 1900 τις
1323 1842 1484 1892 τοῦτο
1542 1839 1804 1915 γενέσθαι’
1839 1875 1888 1940 Β

166 1925 302 1982 ἀλλὰ
332 1929 484 2003 παρὰ
518 1933 626 1983 τῶν
685 1932 932 2002 συνήθως
987 1932 1363 2007 στελλομένων
1418 1935 1494 1998 εἷς
1550 1937 1648 2006 τὴν
1707 1940 1808 2002 τῆς

165 2017 345 2090 ψήφου
405 2016 776 2090 μετάκλησιν,
832 2020 1019 2096 κυρίας
1071 2024 1416 2096 τυπρυμὲνης
1444 2031 1544 2094 τῆς
1601 2024 1684 2079 ἐπὶ
1738 2028 1806 2099 τῇ

167 2107 324 2183 ψήφῳ
374 2107 610 2180 ἡμέρας,
657 2109 748 2162 καὶ
796 2110 942 2186 παρᾶ
981 2115 1078 2165 τοῦ
1108 2111 1527 2191 χαρτοφύλακος
1579 2113 1807 2169 στελλο-

169 2195 335 2266 μένων
389 2199 502 2249 τῶν
533 2196 832 2271 ξμηνυτῶν,
881 2200 969 2254 καὶ
1024 2199 1166 2255 οὕτω
1214 2206 1321 2256 τῶν
1381 2203 1727 2276 μηνυθὲντων
1771 2203 1806 2273 ἢ

166 2281 608 2355 αὖτοπροσώπως
659 2292 1177 2362 παρουσιαζοντων,
1242 2291 1277 2360 ἢ
1333 2288 1421 2346 διὰ
1466 2292 1807 2368 γραμμάτων

165 2373 468 2449 ὁμοψήφων
498 2374 822 2447 γινομένων,
879 2377 913 2446 ἢ
945 2379 1033 2433 καὶ
1095 2378 1663 2455 ἀντιγνωμοτούντων,
1711 2379 1808 2452 δή·

166 2459 260 2532 λης
319 2461 539 2524 πάντως
569 2464 865 2538 γινομένης
895 2470 974 2538 τῷ
1003 2470 1379 2547 ψηφηφορικῷ
1410 2477 1509 2540 τῆς
1541 2470 1807 2549 ἰγγράφου

165 2550 388 2624 γνώμης
447 2551 650 2626 αὐτων,
701 2555 791 2608 καί
846 2551 934 2609 διὰ
996 2561 1101 2611 τῶν
1161 2557 1502 2634 γραμμάτων
1560 2565 1806 2635 παρεῖναι

166 2635 471 2694 δοκούντων
521 2640 613 2695 καὶ
671 2646 776 2696 τῶν
829 2642 1098 2702 ἀπόντων.
1161 2647 1307 2702 Ἐπεὶ
1358 2646 1473 2720 οὖν,
1523 2649 1654 2727 φησί
1702 2649 1807 2724 πρὸ

166 2733 288 2799 μιᾶς
321 2734 420 2796 τῆς
469 2726 558 2783 ἐπὶ
605 2733 674 2804 τῇ
724 2733 892 2810 ψήφῳ
939 2735 1127 2810 κυρίας
1173 2735 1309 2791 κατά
1331 2737 1420 2792 τὸν
1453 2726 1549 2792 τοῦ
1580 2738 1808 2796 Ἰκονίου

163 2811 423 2892 λόγοντῇ
472 2816 683 2892 μεγάλῃ
729 2819 890 2875 πόλει
936 2825 1138 2898 παρῆν,
1182 2825 1268 2880 καὶ
1325 2825 1446 2896 ἑξῆς
1500 2832 1621 2889 ταῖς
1675 2828 1809 2899 μετὰ

159 2907 253 2974 τήν
284 2909 470 2981 ψῆφον
503 2908 758 2982 ἡμέραις,
791 2913 906 2973 πῶς
937 2931 1070 2966 ποτε
1117 2915 1221 2990 ἄρα
1265 2916 1356 2969 καὶ
1403 2915 1704 2971 πιστευτέοι
1755 2919 1807 2972 οἱ

162 2992 405 3071 λέγοντες
453 2997 530 3069 μή
583 3001 828 3072 παρεῖναι
870 3004 1062 3078 τοῦτον
1091 3006 1159 3076 τῇ
1191 3003 1400 3080 μεγάλῃ
1461 3002 1620 3060 πόλει
1671 3007 1809 3062 κατά

163 3083 250 3136 τὸν
297 3089 399 3153 τῆς
453 3085 640 3162 ψήφου
697 3085 926 3159 καιρόν;
986 3087 1083 3142 Καὶ
1141 3088 1317 3160 ἐζήτει
1365 3093 1806 3167 προκομισθῆναι

159 3169 247 3225 καὶ
293 3172 382 3227 τὸν
435 3173 849 3250 ψηφηφορικὸν,
898 3176 989 3230 καὶ
1048 3177 1490 3254 άναθεωρηθῆναι
1518 3186 1701 3251 τοῦτο,
1758 3181 1803 3237 εἰ

1925 579 2139 636 missos
2170 581 2238 634 ad
2271 596 2368 635 eas
2411 579 2591 634 fuisse
2622 578 2878 650 Cyzizeni
2913 577 3179 646 cellutas,
3239 577 3297 632 in
3357 577 3571 648 quibus

1924 670 2479 735 commorabantur;
2513 667 2611 722 ubi
2669 672 2726 722 et
2777 667 3184 738 patriarchalis
3215 666 3480 722 notarius
3511 666 3570 721 in

1923 756 2206 813 electione
2237 759 2494 814 secunda
2525 773 2781 829 praesens
2813 758 3007 824 fuerit,
3067 757 3148 810 uti
3180 755 3401 810 dictum
3437 760 3526 810 est
3554 774 3566 811 :

1922 849 2098 917 atque
2130 846 2236 901 hos
2267 864 2369 918 pro
2403 863 2558 902 more
2590 845 2933 918 Cyzizcnum
2994 845 3067 901 ad
3099 844 3414 901 electiones
3468 860 3573 916 per

1920 934 2081 1005 ipsos
2112 937 2506 991 conficiendas
2558 934 2955 991 arcessivisse.
2987 936 3251 1006 Cumque
3280 933 3574 990 redissent

1919 1022 2016 1078 isti
2049 1023 2306 1095 primum
2342 1025 2411 1079 ad
2464 1024 2908 1080 sanctissimum
2941 1023 3243 1078 dominum
3286 1039 3480 1079 meum
3513 1026 3572 1079 et

1924 1111 2308 1168 universalem
2340 1112 2754 1184 patriarcham,
2789 1111 2996 1168 deinde
3040 1112 3110 1167 ad
3143 1111 3302 1184 ipsos
3333 1128 3568 1184 quoque

1922 1200 2157 1270 dixisse,
2193 1219 2305 1258 non
2339 1202 2630 1257 invenisse
2653 1217 2714 1257 se
2736 1201 3034 1256 hominem
3069 1200 3126 1255 in
3157 1200 3384 1256 cellulis
3415 1201 3563 1268 suis,

1921 1298 2278 1355 intellexisse
2308 1316 2461 1369 vero,
2495 1299 2554 1354 in
2593 1300 2846 1370 quodam
2879 1315 3013 1354 eum
3065 1299 3404 1353 suburbano
3463 1299 3569 1353 de-

1917 1403 2068 1458 gere.
2103 1388 2212 1444 Sed
2247 1387 2434 1443 adilla
2466 1404 2700 1460 quoque
2732 1387 2961 1442 fortiter
2990 1403 3117 1442 sese
3147 1385 3569 1442 comministris

1918 1477 2043 1533 suis
2074 1476 2386 1550 Cyzizenus
2419 1477 2716 1548 opposuit,
2750 1492 2885 1530 cum
2943 1476 3014 1530 ad
3069 1474 3392 1530 Iconiensis
3440 1491 3569 1529 ora-

1919 1566 2133 1621 tionem
2167 1568 2464 1637 adjiceret,
2499 1567 2547 1621 si
2581 1566 2834 1620 maxime
2868 1564 3001 1636 quis
3051 1564 3411 1630 concederet,
3445 1580 3567 1617 rem

1918 1655 1998 1710 ila
2027 1661 2250 1725 gestam
2265 1671 2432 1723 esse;
2469 1671 2774 1726 nunquam
2807 1659 3002 1709 tamen
3036 1651 3570 1724 ejusmodicitatio-

1919 1759 2053 1799 nem
2090 1743 2392 1799 electionis
2450 1759 2628 1798 causa
2681 1743 2869 1798 obiter
2923 1743 2997 1797 ad
3055 1741 3570 1813 metropolitanum

1918 1847 2046 1888 esse
2075 1833 2286 1888 factam
2318 1851 2352 1888 a
2382 1834 2671 1888 confratre
2704 1848 2716 1886 :
2752 1831 2852 1886 sed
2885 1831 2958 1886 ab
2990 1829 3106 1884 illis
3141 1830 3242 1901 qui
3274 1847 3376 1902 pro
3409 1845 3570 1884 more

1919 1921 2240 1976 mittuntur
2268 1921 2609 1978 arcessitum
2643 1921 2714 1976 ad
2745 1919 3114 1990 electionem,
3147 1919 3453 1990 designato
3480 1918 3570 1972 fa-

1919 2010 2021 2067 tali
2070 2010 2370 2066 electionis
2429 2011 2544 2080 die,
2603 2009 2929 2081 legatisque
2984 2007 3562 2063 denuntiatoribusa

1919 2100 2284 2156 Chartulario
2313 2118 2325 2167 ;
2359 2103 2536 2171 atque
2562 2099 2643 2154 ita
2671 2098 2866 2154 citatis
2889 2097 3048 2153 velin
3068 2112 3319 2168 persona
3334 2095 3571 2167 propria

1917 2189 2409 2262 comparantibus,
2443 2187 2527 2244 vel
2559 2203 2662 2260 per
2686 2187 2910 2242 litteras
2950 2184 3295 2240 electionem
3355 2199 3568 2255 appro-

1919 2279 2219 2348 bantibus,
2251 2282 2353 2333 aut
2381 2276 2818 2347 rejicientibus:
2854 2290 3106 2347 quorum
3165 2272 3403 2345 quidem
3429 2286 3568 2327 sen-

1917 2368 2102 2423 tentia
2147 2367 2365 2438 scripto
2419 2365 2862 2436 comprehensa,
2913 2364 2996 2419 sic
3026 2360 3274 2434 exprimi
3323 2377 3426 2432 per
3451 2360 3566 2416 ele-

1919 2456 2129 2512 ctionis
2158 2456 2457 2512 decretum
2491 2454 2716 2520 debeat,
2742 2457 2808 2509 ut
2836 2452 3013 2508 etiam
3046 2452 3318 2507 absentes
3351 2465 3453 2521 per
3473 2447 3566 2502 lit-

1918 2549 2072 2600 teras
2130 2545 2393 2600 adfuisse
2439 2544 2767 2598 videantur.
2830 2539 3314 2610 Quandoquidem
3364 2536 3562 2609 igitur,

1917 2633 2124 2705 inquit,
2159 2633 2250 2689 die
2281 2633 2545 2705 proximo
2577 2636 2711 2687 ante
2756 2629 2991 2686 fatalem
3049 2628 3352 2684 electionis
3384 2626 3563 2695 diem,

1919 2723 2418 2796 quemadmodum
2452 2720 2772 2777 Iconiensis
2807 2723 3027 2790 narrat,
3059 2718 3130 2774 ad
3183 2719 3388 2772 urbem
3429 2716 3514 2771 fui
3547 2733 3562 2772 :

1919 2821 2306 2893 similiterque
2327 2819 2660 2876 subsecutis
2691 2817 3033 2874 electionem
3056 2815 3283 2884 diebus,
3307 2829 3564 2885 quonam

1917 2915 2084 2984 pacto
2114 2910 2258 2966 fides
2289 2909 2406 2965 illis
2429 2908 2782 2974 adhibenda,
2843 2906 2944 2978 qui
3001 2905 3225 2972 dicunt,
3261 2902 3567 2960 electionis

1916 3005 2176 3072 tempore
2200 3015 2292 3054 me
2323 3000 2392 3054 ad
2426 2998 2628 3052 urbem
2661 3013 2776 3052 non
2806 2995 2988 3050 fuisse
3013 2993 3041 3048 ‘?
3097 2991 3279 3048 Simul
3329 2991 3561 3064 petebat

1916 3087 2218 3144 electionis
2283 3104 2516 3159 quoque
2565 3087 2862 3141 decretum
2919 3082 3187 3155 proferri,
3254 3085 3313 3136 et
3367 3078 3562 3151 perlu-

1918 3177 2114 3244 strari,
2147 3194 2219 3232 an
2251 3177 2653 3232 invenirentur
2682 3173 2868 3230 eidem
2896 3172 3201 3243 inscripta,
3235 3185 3365 3241 qua
3395 3186 3428 3224 a
3457 3169 3569 3223 fra-

159 3256 262 3334 ἒρα
311 3241 542 3333 εὕρηται.
582 3241 1002 3340 ἐγγεγραμμένα
1059 3267 1127 3322 τὰ
1182 3241 1486 3343 παρά-τῶν
1546 3241 1803 3326 συναθὲλ-

1919 3266 2103 3322 tribus
2135 3267 2260 3323 suis
2291 3262 3054 3338 praetexerenlurPreeterea
3083 3241 3133 3315 si
3164 3256 3565 3330 solus,inquit,

165 3370 273 3426 φων
322 3350 489 3406 αὐτοῦ
517 3352 931 3427 προτεινόμενα.
965 3353 1076 3410 Κᾶν
1113 3358 1208 3430 μὲν
1253 3357 1368 3428 οὖν,
1428 3359 1588 3423 αὐτός
1648 3383 1806 3439 φησι,

167 3442 253 3526 καὶ
303 3439 470 3512 μόνος
520 3445 630 3526 τῷν
672 3443 869 3520 ψήφων
921 3443 1352 3518 ἀπελιμπάνετο,
1397 3446 1534 3513 *ίσως
1583 3447 1645 3505 ἂν
1693 3451 1808 3526 εἶχε

171 3525 324 3604 λόγον
349 3531 415 3584 τά
444 3524 895 3604 προϐαλλόμενα·
949 3531 1064 3588 ἐπεὶ
1109 3531 1166 3589 δὲ
1195 3535 1283 3590 καὶ
1313 3533 1490 3613 ἕτεροι
1521 3539 1612 3594 σὺν
1663 3524 1810 3612 αὗτῷ

176 3617 582 3707 μητροπολῖται
642 3617 1040 3698 ἀπελείφθησαν
1099 3631 1198 3693 τῆς
1254 3628 1440 3705 ψήφου
1492 3629 1598 3682 τῶν
1645 3631 1806 3707 ψηφιο

172 3710 386 3770 σθεισῶν
437 3705 805 3778 Ἐκκλησιῶν,
855 3710 944 3764 καὶ
997 3708 1124 3766 οὐδὲ
1172 3713 1321 3769 αύτοῖ
1379 3705 1808 3790 μετεκλήθησαν,

168 3794 441 3872 φαίνονται
519 3801 812 3872 προφανῶς
883 3804 1000 3861 ταῖς
1073 3799 1350 3872 ἀληθείαις
1409 3804 1810 3880 ἐναντιούμενοι

165 3885 214 3938 οἱ
243 3884 532 3940 ἀντίθετοι.
583 3887 726 3960 Πρὸς
781 3888 962 3960 μέντοι
1011 3890 1079 3943 τὰ
1123 3895 1220 3945 τοῦ
1271 3895 1661 3968 σημειώματος
1709 3895 1811 3973 ῥή-

161 3994 302 4046 ματα
383 3973 519 4062 αὐτᾷ
591 3975 682 4028 καὶ
758 3973 922 4032 πάλιν
995 3977 1063 4033 τὰ
1134 3981 1386 4056 άνωτὲρω
1446 3981 1814 4062 διαληφθέντα

154 4063 423 4136 προέθετο
475 4061 665 4139 ὅτιπερ
710 4063 890 4136 αὐτὸς,
946 4069 1020 4140 μὴ
1062 4066 1234 4124 θέλων
1265 4071 1326 4125 τὸ
1389 4061 1672 4144 ὑποκνίζον
1711 4077 1810 4145 τὴν

152 4151 356 4207 τούτου
402 4153 588 4227 ψυχήν
663 4151 963 4210 σκάνδαλον
1026 4157 1380 4234 ἀνημέρωτον
1441 4161 1810 4241 ίπικρύπτειν,

153 4249 246 4302 καὶ
277 4247 332 4304 ἐν
389 4253 471 4321 τῷ
530 4248 915 4325 μετακλητικῷ
973 4257 1329 4330 σημειώματε
1365 4261 1465 4330 τὴν
1494 4260 1670 4318 αῗτίαν
1703 4263 1814 4334 ἐξὲ-

159 4358 320 4428 φηνε,
377 4339 681 4428 ζητῶν-τήν
711 4337 996 4416 διόρθωσιν
1048 4342 1130 4422 ἐφ’
1174 4346 1256 4410 οἷς
1312 4348 1814 4428 ἀγανακτικώτερος

159 4426 401 4502 γέγονεν.
435 4429 502 4484 Οἱ
557 4424 614 4482 δὲ
671 4431 1063 4505 ψηφισάμενοι,
1124 4437 1666 4513 παραγκωνισάμενοι
1716 4424 1807 4496 τὸν

161 4517 356 4571 τούτου
411 4515 710 4593 ἀπόλογον,
767 4520 866 4589 τὴν
927 4523 1107 4597 ψῆφον
1138 4525 1275 4579 κατᾶ
1307 4527 1370 4581 τὸ
1427 4524 1580 4599 δόξαν
1629 4529 1813 4594 αὐτοῖς

1915 3365 2299 3421 electionibus
2327 3364 2453 3436 ipse
2484 3379 2598 3418 non
2635 3360 3019 3428 interfuisset,
3044 3355 3311 3413 fortassis
3343 3356 3567 3411 ratione

1917 3470 2032 3510 non
2063 3458 2344 3520 carerent,
2377 3469 2502 3523 quas
2539 3451 2958 3523 proferrentur.
2986 3447 3095 3502 Sed
3119 3462 3254 3502 cum
3286 3444 3383 3500 alii
3419 3460 3564 3514 quo-

1917 3560 2026 3615 que
2058 3541 2491 3615 metropolitani
2524 3556 2720 3597 secum
2780 3539 2854 3594 ab
2893 3535 3192 3603 electione,
3253 3551 3371 3605 qua
3430 3549 3566 3604 pro-

1919 3636 2184 3704 spectum
2209 3631 2286 3686 sit
2309 3629 2593 3699 ecclesiis,
2626 3627 2941 3694 abfuerint,
2981 3641 3047 3680 ac
3077 3639 3148 3678 ne
3173 3622 3285 3694 ipsi
3322 3621 3562 3693 quidem

1922 3721 2185 3778 arcessiti
2219 3716 2657 3789 fuerint,palam
2688 3730 2910 3788 parere,
2945 3710 3176 3768 veritati
3199 3709 3564 3767 adversarios

1923 3809 2222 3883 refragari.
2255 3808 2335 3864 Ad
2367 3804 2742 3862 instrumenti
2773 3819 2915 3859 sane
2946 3803 3140 3872 verba,
3175 3816 3379 3855 rursus
3408 3798 3565 3853 indi-

1922 3904 2052 3957 cata
2101 3897 2372 3970 superius
2408 3896 2468 3950 in
2525 3894 2783 3950 medium
2831 3891 3142 3948 afferebat:
3185 3889 3340 3961 quod
3389 3885 3568 3942 nimi-

1923 4006 2053 4045 rum
2086 3989 2230 4060 ipse,
2261 3987 2357 4058 qui
2393 3985 2572 4041 nollet
2625 3982 2981 4039 indomitum
3021 3978 3163 4035 illud
3195 3975 3568 4046 scandalum,

1923 4079 2078 4150 quod
2111 4077 2374 4132 animum
2407 4077 2535 4146 ejus
2567 4073 2794 4140 urebat,
2827 4069 3142 4137 occultare,
3168 4066 3343 4123 etiam
3391 4065 3450 4120 in
3485 4065 3569 4121 ci-

1920 4167 2162 4224 tationis
2211 4166 2606 4221 instrumento
2664 4176 2904 4217 causam
2953 4159 3145 4231 ipsam
3191 4155 3567 4229 expresserit,

1920 4273 2121 4314 eorum
2145 4253 2560 4311 correctionem
2594 4249 2922 4325 postulans,
2948 4265 3076 4321 quae
3098 4248 3294 4319 ipsum
3325 4246 3397 4300 ad
3421 4244 3572 4300 indi-

1919 4347 2254 4422 gnatibnem
2311 4343 2786 4400 commovissent.
2819 4338 2958 4395 lllos
3014 4341 3212 4394 autem
3261 4333 3567 4390 electionis

1921 4441 2208 4503 auctores,
2249 4433 2360 4490 hoc
2415 4433 2541 4503 ejus
2598 4445 2878 4502 responso
2938 4430 3153 4499 spreto,
3186 4440 3293 4496 pro
3324 4421 3565 4478 arbitrio

1921 4543 2028 4583 suo
2053 4525 2298 4580 liberam
2330 4520 2670 4580 electionem
2711 4518 3058 4574 instituisse.
3090 4513 3423 4570 Secundum
3447 4510 3568 4565 haec

167 4602 465 4678 αὐτόνομον
517 4607 907 4678 πεποιήκασιν.
964 4610 1083 4664 Ἐπὶ
1141 4613 1356 4678 τούτοις
1410 4618 1596 4693 παρὼν
1647 4619 1737 4674 καὶ
1784 4621 1809 4675 ὁ

1923 4616 2127 4689 primae
2156 4614 2314 4670 sedis
2342 4613 2654 4684 episcopus
2703 4604 3097 4675 Caesariensis,
3152 4601 3250 4674 qui
3308 4616 3568 4672 praesens

169 4694 552 4783 πρωτόθρονος
608 4696 928 4770 Καισαρείας
979 4699 1232 4777 ἀνέκραξε
1284 4703 1372 4758 καὶ
1427 4705 1586 4769 αὐτὸς
1636 4707 1808 4783 λέγων

169 4781 245 4873 ὡς
274 4781 393 4838 οὐδὲ
425 4782 602 4856 οὗτος,
636 4785 724 4861 ἀφ’
768 4783 830 4840 οὗ
873 4793 1066 4864 καιροῦ
1113 4793 1564 4868 κεχειροτόνηται
1616 4781 1811 4873 ἀρχιε-

172 4869 311 4962 ρεὺς,
343 4874 418 4937 εἰς
445 4877 629 4948 ψῆφον
674 4871 916 4930 ἀνελθεῖν
952 4877 1284 4952 μετεκλήθη,
1316 4883 1406 4938 καὶ
1455 4869 1809 4962 ταῦτα

169 4957 505 5030 Ἐκκλησιῶν
560 4965 958 5041 ψηφισθεισῶν,
1005 4967 1347 5046 Δυρραχίον,
1405 4957 1688 5046 Μιλήτου-
1720 4976 1811 5032 καὶ

172 5050 736 5140 Φριστιανουπόλεως.
807 5053 964 5140 Ἀλλ’
1020 5055 1143 5114 οὐδὲ
1191 5062 1291 5130 τὴν
1346 5064 1586 5140 σήμερον
1646 5063 1808 5137 ἐδόθη

165 5137 342 5214 τούτῳ
387 5143 533 5216 παρά
583 5161 732 5205 τινος
764 5139 998 5214 ἐἷ’δησις
1054 5154 1153 5218 τῆς
1201 5151 1339 5222 πρὸς
1383 5137 1503 5223 τὴν·
1536 5154 1808 5228 βασιλείαν

170 5254 271 5305 μου
301 5243 404 5292 τῶν
444 5238 873 5315 μητροπολιτῶν
902 5241 1259 5310 συνελεύσεως
1309 5249 1469 5314 αὐτὸς
1525 5249 1603 5321 δὲ,
1661 5252 1811 5308 οἷ’κο-

166 5321 250 5414 θεν
281 5328 538 5398 κινηθεὶς,
568 5328 888 5410 συνεισῆλθε
914 5337 1030 5395 τοῖς
1072 5332 1292 5401 λοιποῖς
1332 5339 1673 5414 ἀρχιερεῦσιν
1733 5341 1812 5405 εἷς

163 5411 226 5466 τὸ
255 5414 405 5489 βῆμα
431 5424 531 5487 τῆς
568 5415 848 5492 βασιλείας
882 5440 1008 5492 μου.
1062 5424 1161 5480 Καὶ
1207 5426 1235 5480 ὁ
1265 5411 1538 5491 Λεοκάδος
1572 5427 1629 5484 δέ
1686 5451 1809 5486 συν-

164 5499 282 5606 ῳνδὰ
447 5506 768 5606 Καισριρείας
803 5508 1135 5606 ⁸ἰφθὲγγετο,
1184 5513 1530 5606 καρδιολγῶν
1590 5517 1673 5597 ἐφ’
1730 5522 1812 5585 οῖς

165 5593 266 5646 ούκ
319 5597 527 5685 ὴξκωτο
582 5593 750 5651 λόνου
799 5595 888 5685 ἰπὶ
936 5607 1056 5666 ταῖς
1116 5593 1321 5684 ψήφοις
1373 5611 1482 5663 τῶν
1543 5593 1807 5685 ρηθεισῶν

161 5686 332 5757 τριῶν
364 5683 726 5758 Ἐκκλησιῶν.
784 5684 858 5744 Οὗ
915 5690 1101 5768 χάριν,
1146 5683 1221 5759 ὡς
1267 5696 1346 5772 μὴ
1387 5683 1652 5772 ἀνελθὼν,
1685 5697 1810 5758 οὐδὲ

1923 4707 2145 4772 aderat,
2171 4701 2518 4759 exclamavit
2547 4703 2604 4754 et
2635 4698 2779 4770 ipse,
2813 4697 3014 4752 dicens
3040 4710 3052 4748 :
3087 4709 3155 4748 ex
3209 4707 3274 4746 eo
3303 4695 3568 4761 tempore

1922 4811 2037 4865 quo
2069 4793 2324 4866 pontifex
2354 4790 2659 4846 ordinatus
2691 4789 2866 4855 esset,
2914 4800 3018 4839 nec
3049 4798 3114 4838 se
3155 4779 3340 4836 fuisse
3370 4777 3568 4850 appel-

1922 4884 2132 4951 latum,
2167 4885 2234 4936 ut
2281 4880 2352 4934 ad
2385 4877 2726 4934 electionem
2767 4873 2990 4929 veniret
3044 4871 3223 4942 idque
3269 4866 3434 4923 factis
3476 4881 3569 4922 ec-

1921 4971 2230 5028 clesiarum
2261 4967 2437 5022 trium
2469 4963 2850 5020 electionibus
2880 4955 3572 5032 Dyrrhachinee,Milesize,

1922 5065 2547 5141 Cbristianopolitanm.
2579 5064 2702 5119 Imo
2735 5078 2839 5119 nec
2869 5061 3043 5118 hodie
3074 5075 3190 5115 uno
3225 5056 3318 5112 die
3347 5053 3574 5128 signiﬁ-

1921 5166 2119 5219 catum
2142 5159 2256 5215 sibi
2287 5156 2469 5212 fuisse
2489 5172 2524 5211 a
2553 5169 2851 5226 quoquam
2884 5153 2954 5208 de
2984 5146 3572 5220 metrOpolitanorum

1921 5251 1993 5308 ad
2027 5250 2392 5321 majestatem
2425 5261 2613 5300 meam
2648 5248 2935 5299 conventu
2967 5239 3106 5296 :sed
3142 5240 3350 5307 suapte
3366 5236 3573 5321 sponte

1921 5317 2173 5408 motum,
2204 5353 2338 5394 cum
2373 5332 2616 5404 reliquis
2646 5331 3022 5404 pontificibus
3064 5323 3395 5397 majestatis
3426 5317 3570 5376 mea:

1918 5427 2177 5489 tribunal
2201 5426 2437 5484 adiisse.
2469 5421 2840 5479 Cssariensis
2893 5416 3140 5474 orationi
3172 5413 3572 5470 consentanea

1919 5520 2249 5594 proferebat
2277 5519 2334 5572 et
2365 5510 2646 5569 Leucadis
2677 5497 3568 5594 episcopus,quiritansnullam

1921 5589 2013 5668 sui
2070 5607 2357 5665 rationem
2414 5600 2678 5657 habitam
2736 5598 2796 5654 in
2847 5594 3231 5654 electionibus
3278 5589 3570 5646 dictarum

1919 5699 2100 5760 trium
2122 5693 2526 5756 ecclesiarum.
2552 5689 2805 5762 Ideoque
2833 5703 2918 5760 se,
2942 5685 3044 5760 qui
3073 5698 3192 5742 non
3223 5677 3570 5740 accessisset
