4028 6202
407 315 524 374 44⁸1

1720 313 1975 376 ISAACI
2022 313 2311 376 ANGELI
2355 315 2523 377 IMP.

3653 336 3753 396 μθ

414 461 521 503 nec
550 450 681 503 vota
711 463 820 503 sua
850 445 1227 518 conjunxisse
1255 461 1390 502 cum
1445 461 1648 502 earum
1705 445 2055 502 electionum

2191 448 2466 520 γμνψηφος
2517 443 2706 522 γέγονε
2758 449 2877 507 τοῖς
2933 445 3329 522 ψηφισαμένοις
3373 451 3562 518 αὐτάς.
3606 461 3750 520 Ἀλλὰ

413 535 776 591 auctoribus.
810 537 920 592 Sed
953 541 1010 591 et
1040 536 1217 591 Carize
1250 536 1506 606 pontifex
1558 535 1862 608 ingressus
1891 534 2056 602 dixit,

414 642 478 681 se
509 625 838 695 congressis
885 625 1172 696 episcopis
1204 626 1272 679 ad
1310 625 1702 680 instituendas
1750 623 2061 680 electiones

2167 533 2256 587 xui
2288 534 2317 588 ὃ
2350 533 2548 606 Καρίας
2599 533 2857 598 εἷ’σελθὼν
2904 535 3045 588 εἶπεν
3093 535 3188 604 ὡς,
3229 535 3560 598 συνελθόντων
3604 549 3751 608 αὐτῶν

2169 621 2257 712 ἐπὶ
2290 626 2370 694 τῷ
2423 624 2752 712 ποιήσασθαι
2809 625 3026 712 ψήφους
3059 627 3166 677 τῶν
3225 636 3552 700 χηρευουσῶν
3616 637 3780 712 ἀγιω.’

417 731 522 786 pro
552 713 806 769 viduatis
838 714 1232 769 sanctissimis
1263 713 1548 781 ecclesiis,
1582 713 2058 785 quandoquidem

2191 710 2341 764 ςάτων
2400 710 2760 782 Ἐκκλησιῶν,
2839 709 2954 765 ἐπεί
3032 732 3181 773 τινας
3254 717 3355 767 τῶν
3412 709 3742 792 ὲνδημούντων

419 800 734 858 nonnullos
764 802 1132 874 pontificum,
1164 801 1259 872 qui
1289 803 1360 857 ad
1393 803 1596 857 urbem
1627 800 2062 873 imperatoriam

420 896 605 956 erant,
650 895 964 962 praesentes
997 907 1110 946 non
1162 896 1441 958 cerneret,
1473 891 1885 961 interrogasse,
1919 905 2061 944 num

421 994 622 1034 eorum
654 979 958 1033 sententia;
989 978 1366 1034 haberentur.
1393 979 1763 1050 Responsum
1794 995 1928 1034 vero
1949 977 2063 1033 sibi

421 1066 623 1132 fuisse,
658 1067 1007 1138 Cyzicenum
1052 1083 1084 1122 a
1115 1067 1346 1122 Narsita
1376 1069 1642 1135 citatum,
1678 1071 1739 1122 ut
1768 1065 2063 1122 electioni-

422 1154 535 1210 bus
569 1154 961 1226 suscipiendis
991 1155 1324 1223 interesset,
1377 1155 1636 1212 dixisse:
1694 1155 1870 1212 etiam
1917 1155 2066 1211 alias

425 1244 662 1300 absente
693 1261 755 1300 se
785 1244 1129 1315 hujusmodi
1158 1243 1472 1301 electiones
1502 1245 1683 1302 fuisse
1715 1247 1916 1301 factas.
1950 1249 2066 1300 Ne-

424 1349 538 1404 que
569 1334 701 1388 novi
734 1333 1060 1404 quidquam
1091 1334 1376 1402 futurum,
1408 1335 1458 1389 si
1490 1352 1697 1390 rursus
1739 1334 1894 1390 idem
1927 1351 2077 1405 con:

423 1421 606 1477 fleret.
641 1421 775 1486 Quae
805 1422 980 1477 verba
1009 1439 1143 1477 cum
1176 1423 1436 1478 indicare
1487 1423 1768 1494 quiddam
1818 1440 1934 1479 non
1965 1423 2067 1477 bo-

424 1527 566 1567 num
601 1509 970 1582 perSpiceret,
1005 1511 1224 1566 dixisse
1252 1530 1314 1568 se
1346 1511 1470 1568 ﬁeri
1503 1511 1663 1567 nullo
1695 1513 1867 1568 modo
1898 1526 2070 1583 posse

426 1604 493 1654 ut
524 1599 804 1654 hodierno
837 1599 928 1655 die
950 1599 1262 1657 electiones
1293 1601 1420 1656 ista:
1475 1601 1886 1672 procederent:
1921 1615 2067 1672 prae-

426 1689 652 1755 sertim,
684 1689 835 1759 quod
869 1689 964 1744 alii
997 1706 1227 1762 quoque
1262 1692 1470 1746 fratres
1499 1691 1778 1746 abessent
1807 1704 2067 1760 peregre,

424 1776 695 1833 videlicet
725 1778 924 1850 prima:
957 1779 1113 1834 sedis
1144 1779 1411 1850 antistes,
1471 1776 1983 1847 Chalcedonensis,
2015 1780 2073 1832 et

424 1867 808 1924 Leucadicus.
841 1867 1084 1923 Secutos
1115 1885 1347 1940 quoque
1373 1869 1725 1925 sententiam
1748 1883 1918 1924 suam
1952 1881 2066 1922 me-

422 1956 2067 2030 tropolitanosquosdam,Metbymnaeum,Nazianzenum,

428 2044 841 2112 Paronaxium,
875 2049 930 2100 et
959 2045 1124 2101 alios.
1148 2046 1362 2102 Verum
1385 2046 1779 2119 praevaluisse,
1830 2045 1927 2116 qui
1961 2044 2067 2101 ali-

430 2137 520 2189 ter
549 2138 870 2202 censerent,
891 2139 948 2189 et
977 2134 1288 2191 electiones
1316 2136 1620 2191 institutas
1651 2135 1852 2190 fuisse.
1885 2137 2069 2199 Quam

429 2221 606 2279 Cariae
637 2222 929 2294 pontiﬁcis
951 2225 1274 2279 orationem
1289 2241 1392 2280 ceu
1423 2242 1618 2280 veram
1647 2223 2072 2296 amplecteban-

426 2315 545 2376 tur,
573 2312 671 2383 qui
707 2312 1418 2385 aderant,Methymnaeus,
1440 2315 1861 2383 Nazianzenus,
1895 2317 2072 2368 Paro-

430 2400 661 2457 naxius.
698 2402 810 2456 Hoc
858 2402 1030 2458 modo
1064 2408 1258 2474 partes
1287 2403 1428 2475 ipsa:
1458 2404 1625 2474 quasi
1683 2419 1894 2459 manus
1923 2402 2076 2458 inter

429 2506 493 2547 se
522 2493 915 2559 conserentes,
947 2491 1059 2546 sibi
1091 2492 1574 2549 adversabantur.

501 2581 554 2634 3.
576 2578 968 2642 Quamobrem
1001 2582 1279 2652 majestas
1313 2598 1443 2638 mea
1465 2583 1648 2654 perite
1679 2582 1944 2637 animum
1978 2581 2077 2636 ad-

428 2673 664 2725 vertens
686 2669 758 2725 iis
787 2686 915 2739 quae
951 2669 1202 2727 fuissent
1231 2689 1265 2726 a
1297 2672 1566 2744 partibus
1620 2671 1941 2743 proposita,
1973 2686 2079 2726 nec

430 2758 592 2830 leges
621 2758 1046 2815 ecclesiasticas
1079 2765 1137 2815 et
1165 2760 1517 2831 apostolicae
1568 2765 1742 2832 atque
1772 2759 2079 2832 synodicae

430 2847 800 2916 traditiones,
843 2865 1160 2920 sacrosque
1202 2865 1455 2904 canones
1499 2867 1698 2906 earum
1749 2848 1953 2905 violari
1981 2866 2078 2904 vo-

435 2934 583 3003 lens,
612 2953 744 2992 cum
793 2937 971 2992 etiam
1026 2938 1527 3009 deprehendisset,
1561 2939 1928 2994 adversarios
1970 2938 2079 3009 Cy-

435 3025 642 3093 ziceni,
675 3025 996 3082 confratres
1025 3031 1082 3081 et
1112 3027 1548 3083 comministros
1578 3027 1903 3098 ejus,nihil,
1927 3027 2078 3098 quod

434 3114 612 3169 robur
635 3113 894 3186 haberet,
927 3115 1233 3188 allegasse,
1268 3117 1368 3172 sed
1402 3120 1607 3188 praeter
1633 3116 1857 3172 sancite
1882 3132 2081 3186 supra-

2169 799 2470 874 ἀρχιερὲων
2520 803 2588 873 τῇ
2646 799 3008 875 βασιλευούσῃ
3057 800 3158 856 οὐκ
3185 798 3291 856 εἶδε
3328 811 3754 884 παρουσιάζοντας,

2169 886 2335 960 ἤρετο
2382 888 2428 944 εί
2475 893 2690 964 γνῶμαι
2736 889 2943 944 τούτων
2973 888 3134 957 εἰσὶν,
3191 887 3385 958 ἤκουσε
3414 891 3468 948 δὲ
3516 897 3582 961 ὡς
3629 902 3761 959 ὁΚυ.

2175 975 2345 1046 ζίκου,
2396 977 2540 1052 παρὰ
2593 982 2691 1032 τοῦ
2739 978 3009 1054 Ναρσίτου
3055 975 3402 1052 διαμηνυθεὶς
3456 990 3764 1058 παρουσιάσαι

2173 1063 2261 1152 ἐπὶ
2316 1070 2434 1127 ταῖς
2495 1065 2825 1139 μελλούσαις
2883 1062 3159 1143 προϐῆναι
3219 1070 3453 1146 ψήφοις,
3499 1069 3645 1152 ἔφησε
3690 1080 3766 1134 καὶ

2173 1151 2376 1209 ἄλλοτε
2398 1159 2470 1229 τῇ
2502 1156 2668 1211 αὐτοῦ
2694 1155 2926 1228 ἀπουσίᾳ
2979 1156 3235 1220 τοιαύτας
3284 1160 3490 1238 ψήφους
3537 1151 3761 1239 γενεσθαι,

2174 1242 2236 1298 ού
2269 1245 2450 1300 καινὸν
2486 1242 2541 1300 δὲ
2571 1245 2662 1300 καὶ
2721 1243 2873 1308 αὖθις
2925 1251 3086 1301 τοῦτο
3117 1248 3446 1322 πραχθῆναι.
3477 1252 3580 1306 Οὐκ
3601 1253 3767 1327 ἀγαθὴν

2175 1334 2266 1387 οὗν
2300 1329 2528 1410 ἔμφασιν
2587 1332 2745 1396 αὐτὸς
2797 1335 3074 1389 κᾶτανοῶν
3109 1332 3254 1410 ἔχειν
3279 1341 3438 1392 ταῦτα
3465 1338 3528 1392 τὰ
3570 1339 3770 1417 ῥήματα,

2173 1425 2280 1476 τῶν
2337 1419 2609 1476 ἀδυνάτων
2686 1422 2830 1477 εἶπεν
2906 1423 3039 1478 εἶναι
3116 1418 3386 1500 προϐῆναι
3447 1429 3642 1504 ψήφους
3688 1433 3770 1501 τήν

2177 1511 2437 1597 σήμερον⁸
2497 1510 2586 1566 καὶ
2647 1509 2884 1583 μάλιστα
2940 1513 3025 1567 ὅτι
3079 1511 3168 1567 καὶ
3213 1510 3385 1590 ἕτεροι
3434 1520 3538 1571 τῶν
3561 1514 3774 1597 ἀδελφῶν

2178 1595 2579 1671 ἀποδημοῦσιν,
2611 1598 2778 1676 ἤγουν
2810 1601 2839 1654 ’ὁ
2894 1621 2954 1655 τε
3008 1601 3404 1676 πρωτόθρονος,
3458 1604 3484 1658 6
3531 1595 3774 1677 Χαλκηδό-

2176 1707 2290 1757 νος,
2348 1687 2437 1742 καὶ
2487 1689 2516 1743 6
2563 1686 2852 1751 Λευκάδος.
2898 1687 3273 1755 Ἢκολούθουν
3306 1687 3363 1746 δὲ
3390 1691 3528 1764 αὐτῷ
3553 1693 3632 1748 καί
3657 1715 3772 1758 τινες

2099 1817 2148 1881 Β
2175 1781 2282 1832 τῶν
2347 1775 2794 1881 μητροπολιτων,
2853 1779 2882 1832 ’ὁ
2910 1799 2970 1834 τε
3003 1778 3335 1852 Μηθύμνης,
3370 1781 3398 1836 6
3441 1783 3776 1852 Ναζιανζοῦ,ό

2176 1865 2531 1941 Παροναξίας,
2587 1866 2674 1922 καὶ
2731 1863 2927 1942 ἕτεροι.
2986 1867 3145 1924 Ἀλλ’
3205 1869 3578 1946 ὑπερίσχυσαν,
3621 1872 3777 1949 φησὶν,

2177 1956 2230 2009 οἱ
2261 1953 2450 2017 ἄλλως
2492 1953 2738 2032 λέγοντες
2794 1957 2882 2036 καὶ
2938 1957 3006 2012 τὰ
3060 1962 3167 2012 τῶν
3224 1960 3421 2036 ψήφων
3474 1955 3774 2034 προέϐαινον.

2180 2042 2287 2107 Οὕς
2316 2043 2512 2120 λόγους
2540 2049 2637 2099 τοῖ’)
2670 2035 2868 2122 Καρίας
2914 2046 3206 2118 ᾠκειοῦντο
3238 2035 3560 2119 ὡςάληθεῖς
3611 2048 3775 2122 παρόν-

2177 2153 2266 2193 τες
2327 2133 2354 2187 6
2406 2133 2735 2206 Μηθύμνης,
2794 2135 2822 2188 6
2873 2139 3172 2204 Ναζιανζοῦ
3224 2135 3316 2190 καὶ
3377 2138 3404 2191 6
3467 2136 3778 2214 Παροναξίας.

2179 2222 2347 2278 Ἦσαν
2382 2221 2472 2276 οὖν
2505 2223 2571 2277 τὰ
2604 2223 2741 2298 μέρη
2771 2222 2822 2278 ἐν
2853 2225 3067 2287 τούτοις
3101 2224 3594 2300 ἀντιπαλαμώμενά
3622 2247 3672 2282 τε
3705 2223 3783 2281 ἆλ-

2182 2308 2381 2380 λήλοις
2411 2310 2501 2366 καὶ
2541 2311 2942 2387 ἐναντιούμενα.

2257 2579 2328 2637 Γ’.
2373 2579 2435 2634 Ἡ
2490 2581 2618 2654 γοῦν
2681 2575 2928 2653 βασιλεία
2989 2599 3094 2652 μου
3153 2577 3634 2658 ἐπιστατικώτερον
3681 2601 3792 2656 προ-

2187 2669 2396 2740 σχοῦσα
2441 2670 2557 2728 τοῖς
2615 2665 2761 2740 παρὰ
2812 2669 2922 2720 τῶν
2975 2671 3153 2742 μερῶν
3203 2673 3535 2744 προτεθεῖσι,
3586 2670 3667 2724 καὶ
3732 2669 3792 2742 μὴ

2189 2753 2420 2818 θέλουσα
2503 2754 2936 2830 παραθραύεσθαι
3017 2741 3108 2810 καὶ
3166 2741 3305 2819 τοῖος,
3355 2756 3792 2826 ἐκκλησιαστικοὺς

2190 2842 2422 2916 θεσμοὺς
2478 2845 2568 2898 καὶ
2622 2844 2717 2905 τὰς
2775 2842 3292 2910 ἀποπολικὰςκκαὶ
3347 2843 3621 2909 συνοδικᾶις
3663 2866 3802 2921 παρα-

2190 2929 2367 2994 δόσεις
2397 2930 2488 2986 καί
2538 2930 2665 2994 τοὺς
2694 2931 2875 3006 ἱεροὺς
2927 2933 3158 2996 κανόνας
3221 2935 3421 3005 αὐτῶν,
3478 2936 3564 2990 καὶ
3607 2933 3802 2991 καταλα.

2191 3015 2358 3074 δοῦσα
2415 3016 2580 3092 μηδίν
2643 3041 2696 3075 τι
2755 3018 3052 3094 ἐνδύναμον
3110 3020 3628 3100 δικαιολογήσασθαι
3690 3026 3797 3085 τοὺς

2191 3106 2495 3170 ἀντιδίκους
2544 3112 2624 3180 τῷ
2653 3108 2881 3178 Κυζίκου
2912 3107 3278 3188 συναδελφοὺς
3336 3111 3528 3167 τούτου
3557 3113 3640 3167 καὶ
3690 3111 3800 3166 συλ-

440 3202 614 3258 dictis
636 3203 818 3258 sacris
845 3204 1172 3260 canonibus
1207 3211 1262 3260 et
1315 3205 1644 3277 antiquitus
1693 3210 1930 3277 accepta
1961 3205 2079 3260 Ma-

2192 3175 2607 3273 λειτουργοὺς,⁷
2641 3175 2785 3253 ἀλλ-ὰ
2832 3199 2979 3274 παρὰ
3041 3199 3110 3254 τὰ
3153 3175 3496 3276 ⁸διωρισμένα
3543 3205 3651 3263 τοῖς
3703 3197 3804 3254 δια-

439 3307 566 3364 gnae
597 3291 851 3349 ecclesiae
883 3295 1308 3352 consuetudine
1356 3295 1413 3350 in
1464 3294 1871 3364 electionibus,
1932 3294 2082 3348 indi-

439 3386 702 3437 catarum
735 3382 1138 3451 ecclesiarum,
1179 3381 1719 3455 Claudiopolitanis,
1751 3382 2083 3438 Maronian-

441 3470 544 3526 sis.
579 3471 1014 3544 Dyrrhachium,
1048 3472 1306 3539 Milesiae,
1365 3477 1422 3527 et
1477 3470 2084 3542 Christianopolitanze

442 3558 752 3614 electiones
784 3560 1140 3631 processisse
1170 3576 1184 3616 :
1215 3559 1478 3631 vestigiis
1509 3559 1765 3631 ipsorum
1793 3573 2085 3613 canonum

445 3646 728 3703 insistens
760 3648 972 3704 statuit
1002 3654 1178 3720 atque
1209 3648 1628 3719 pronuntiavit,
1660 3647 1926 3703 eamdem
1954 3661 2084 3717 pro-

446 3737 853 3810 mulgantihus
909 3755 1042 3794 cum
1076 3740 1382 3810 majestate
1414 3754 1543 3793 mea
1571 3736 1920 3792 sententiam
1954 3751 2088 3790 san-

2189 3285 2476 3364 ληφθεῖσιν
2529 3286 2697 3362 ἱεροῖς
2746 3286 2934 3341 κανόσι
2963 3287 3162 3360 καὶτῷ
3190 3287 3678 3367 ἀρχαιοπαραδότῳ
3714 3294 3798 3357 τῆς

2191 3372 2448 3452 Μεγάλης
2502 3373 2796 3445 ἐκκλησίας
2846 3371 2952 3430 ἔθει
3009 3375 3099 3432 ἐπὶ
3153 3383 3276 3441 ταῖς
3317 3381 3522 3456 ψήφοις
3565 3372 3798 3454 προϐῆναι

2191 3463 2287 3526 τὰς
2318 3465 2531 3541 ψήφους
2554 3467 2660 3518 τῶν
2689 3463 2954 3540 ρηθεισῶν
2987 3464 3360 3536 Ἐκκλησιῶν,
3390 3474 3491 3537 τῆς
3536 3463 3802 3525 Κλαυδιου-

2193 3551 2429 3622 πόλεως,
2459 3558 2560 3620 τῆς
2593 3551 2932 3627 Μαρωνείας,
2962 3557 3060 3608 τοῦ
3113 3553 3446 3632 Δυρραχίου,
3497 3561 3594 3624 τῆς
3647 3551 3810 3622 Μιλή-

2193 3663 2290 3696 του
2338 3640 2428 3696 καὶ
2483 3645 2584 3707 τῆς
2633 3639 3204 3717 Χριστιανουπὸλεως,
3255 3643 3576 3707 ἀκολούθως
3627 3641 3811 3701 τούτοις

2199 3730 2395 3806 διὲγνω
2471 3730 2560 3786 καὶ
2630 3730 2962 3808 ἀπεφήνατο,
3041 3729 3695 3809 συνδιαγοωμονησάντων
3753 3731 3808 3800 τῇ

447 3826 726 3882 ctissimis
741 3843 974 3899 quoque
988 3826 1588 3899 patriarchis,nullam
1619 3826 1733 3880 vim
1758 3824 2080 3880 antistitum

2203 3817 2454 3897 βασιλείᾳ
2486 3839 2590 3892 μου
2618 3819 2708 3874 xui
2736 3824 2842 3874 τῶν
2877 3821 3188 3896 ἁγιωτάτων
3237 3824 3617 3900 πατριαρχῶν,
3667 3815 3810 3892 μηδὲν

449 3914 534 3970 sic
566 3912 909 3983 electorum,
960 3931 1064 3971 ceu
1123 3915 1343 3970 dictum
1382 3920 1492 3984 est,
1549 3913 1974 3968 ordinationem
2035 3913 2080 3965 e1

2203 3907 2412 3984 ἰσχύειν
2464 3909 2563 3978 τὴν
2619 3906 2960 3984 χειροτονίαν
3012 3911 3100 3964 καὶ
3154 3909 3253 3973 τὰς
3302 3911 3519 3988 ψήφους
3571 3913 3672 3964 τῶν
3699 3906 3817 3962 οὕτω

451 4003 766 4060 electiones
795 4005 1094 4062 obtinere:
1139 4006 1238 4061 sed
1272 4022 1374 4077 pro
1406 4021 1520 4059 non
1555 4002 1722 4059 factis
1770 4002 2080 4070 habendas1

2201 3997 2597 4075 ψηφιςθέντων,
2656 3998 2732 4059 ὡς
2788 3994 3020 4073 εἷ’ρηται,
3059 3997 3186 4054 ἀλλ’
3243 3999 3321 4063 ὡς
3383 3996 3525 4074 μηδὲ
3569 3995 3816 4075 γεγονυίας

455 4093 644 4163 deque
674 4093 826 4149 facta
837 4093 1205 4150 ordinatione
1237 4094 1525 4150 Maroneae
1537 4091 1830 4164 pontificis
1844 4091 2080 4147 ordinat:

2204 4086 2548 4162 λογισθῆναι,
2595 4086 2686 4141 καὶ
2733 4087 2832 4156 τὴν
2875 4092 3151 4161 γεγονυῖας
3201 4088 3550 4166 χειροτονίαν
3602 4091 3692 4142 τοῦ
3725 4104 3822 4159 χει-

458 4185 841 4252 censendum,
865 4185 1019 4241 sicut
1038 4184 1399 4241 insertusille
1417 4201 1594 4255 supra
1614 4201 1710 4238 xxx
1725 4181 2080 4238 Anticchens

2208 4174 2590 4254 ροτονηθὲντος
2635 4175 2953 4252 Μαρωνείας
2991 4178 3008 4249 (
3049 4178 3090 4250 ),
3149 4178 3334 4242 καθὼς
3371 4179 3400 4234 6
3450 4176 3646 4242 ἄνωθεν
3685 4191 3824 4230 κατα·

460 4271 665 4345 synodi
699 4288 884 4328 canon
916 4273 1114 4341 tradit,
1149 4272 1269 4328 haec
1301 4273 1518 4327 diserte
1565 4272 1866 4343 proferens
1894 4285 1908 4324 :
1947 4293 1974 4320 «
1997 4269 2080 4324 Sir

2208 4266 2486 4342 πρωθεῖς,
2523 4271 2586 4328 ιθ¹
2612 4271 2713 4334 τῆς
2763 4264 2815 4319 ἐν
2866 4265 3172 4342 Ἀντιοχείᾳ
3221 4265 3450 4323 συνόδου
3500 4259 3824 4338 διαλαμϐάνει

459 4359 629 4417 aliter
657 4377 772 4428 res,
803 4366 1014 4434 praeter
1040 4362 1160 4417 haec
1190 4361 1363 4416 modo
1393 4359 1654 4426 deﬁnita,
1679 4362 1933 4432 geratur,
1965 4356 2080 4412 nul-

2207 4355 2405 4422 κανὼν,
2450 4352 2628 4430 λέγων
2679 4352 2858 4431 ῥητῶς
2917 4352 3134 4409 ούτωσί·
3179 4380 3207 4408 ‹‹
3249 4355 3316 4410 Εἰ
3367 4353 3425 4410 δὲ
3473 4352 3652 4416 ἄλλως
3703 4347 3827 4426 παρὰ

457 4449 582 4506 lum
613 4451 902 4507 ordinatio
933 4451 1112 4506 robur
1140 4451 1395 4506 habeat:
1436 4472 1465 4500 υ
1500 4449 1600 4504 sed
1634 4447 1758 4504 aliae
1793 4447 1940 4502 {iant
1995 4444 2080 4500 ele

2208 4443 2276 4498 τὰ
2306 4441 2630 4520 διωριςμὲνα
2682 4443 2909 4519 γίνοιτο,
2960 4440 3128 4517 μηδὲν
3190 4443 3403 4520 ἰσχύειν
3458 4445 3557 4514 τὴν
3612 4459 3829 4518 χειροτο-

460 4540 681 4596 ctiones
713 4556 813 4610 pro
845 4540 1015 4596 dictis
1045 4539 1328 4606 ecclesiis,
1371 4539 1427 4593 in
1460 4537 1676 4609 quibus
1705 4534 2016 4592 electiones
2047 4551 2076 4590 e

2209 4533 2349 4604 νίαν,
2385 4557 2413 4584 ››
2464 4530 2590 4588 ἀλλ’
2650 4532 2834 4608 ἑτέρας
2879 4534 3094 4610 ψήφους
3143 4534 3387 4610 γενέσθαι
3438 4532 3526 4588 ἐπὶ
3570 4536 3682 4594 ταῖς
3738 4527 3826 4606 ρη-

461 4627 864 4684 ordinationes
892 4633 1102 4700 praeter
1129 4643 1383 4683 canones
1429 4627 1862 4697 processerunt,
1897 4623 1982 4678 uti
2015 4622 2102 4677 di-

462 4724 625 4776 ctum
655 4719 783 4774 fuit.
845 4719 1235 4786 Quamobrem
1284 4717 1558 4787 deinceps
1615 4718 1672 4770 et
1701 4714 1760 4768 in
1805 4716 2105 4785 posterum

464 4812 654 4867 sancit
684 4809 1063 4882 imperatoria
1090 4809 1367 4880 majeslas
1398 4810 1618 4876 nostra,
1669 4805 1817 4862 citra
1873 4819 2106 4858 recusa-

465 4898 684 4955 tionem
718 4899 1045 4962 universos,
1089 4897 1190 4969 qui
1221 4897 1292 4952 ad
1342 4895 1548 4952 urbem
1602 4897 1760 4961 sunt,
1805 4890 2108 4965 pontifices

466 5003 597 5044 esse
626 4988 1058 5045 convocandos:
1096 4986 1196 5058 qui
1217 4985 1305 5042 vel
1338 5000 1543 5040 omnes
1586 4983 1784 5040 adsint
1812 4979 2110 5038 electioni-

466 5078 601 5145 bus,
635 5079 681 5135 si
719 5078 839 5134 fieri
874 5081 1082 5149 potest,
1115 5074 1203 5130 vel
1255 5092 1355 5147 per
1401 5075 1626 5129 litteras
1677 5070 2108 5143 astipulentur;

467 5187 576 5227 nec
599 5169 660 5224 in
684 5168 859 5224 rebus
891 5167 1135 5222 minime
1164 5164 1408 5222 ludicris
1441 5179 1569 5219 esse
1626 5161 1976 5227 ludendum,
2007 5158 2110 5214 sed

469 5266 632 5318 extra
673 5275 907 5314 omnem
948 5258 1218 5313 affectum
1250 5252 1382 5310 illos
1431 5252 1652 5308 steteris
1699 5248 2110 5323 praeferendos,

466 5367 616 5423 quos
647 5351 856 5421 prater
877 5346 1202 5403 doctrinam
1243 5344 1361 5400 vita
1419 5358 1652 5415 quoque
1707 5338 2114 5412 reprehensio-

471 5441 564 5498 nis
592 5456 798 5514 expers
828 5442 1032 5495 ornat:
1059 5439 1162 5494 aut
1188 5435 1238 5493 si
1295 5434 1560 5492 doctrina
1614 5433 1763 5488 forte
1806 5428 2116 5499 claudicet,

543 5637 624 5708 (2i
653 5636 867 5694 Deesse
897 5633 1119 5707 aliquid
1148 5631 1401 5691 videtur.

2214 4622 2412 4688 θείσαις
2441 4619 2817 4693 Ἐκκλησίαις,
2850 4619 2932 4695 ἐφ’
2982 4623 3066 4685 αἷς
3125 4623 3180 4678 αἱ
3211 4627 3390 4701 ψῆφοι
3421 4623 3511 4678 καὶ
3568 4622 3621 4677 αἱ
3671 4637 3831 4696 χειρο-

2213 4711 2390 4768 τονίαι
2466 4711 2613 4787 παρᾶ
2679 4710 2908 4774 κανόνας
2965 4705 3275 4787 προέϐησαν
3313 4754 3327 4782 ,
3390 4711 3468 4774 ὡς
3527 4707 3828 4781 διείληπται.

2215 4800 2319 4859 Καὶ
2350 4803 2480 4876 γοῦν
2511 4800 2573 4855 τὸ
2633 4799 2738 4854 ἀπὸ
2779 4796 2939 4855 τοῦδε
2987 4800 3078 4854 καὶ
3128 4799 3205 4864 είς
3247 4801 3342 4857 τὸν
3386 4801 3509 4873 ἑξῆς
3540 4799 3759 4867 θεσπίζει
3783 4795 3835 4849 τὸ

2215 4891 2412 4965 κράτος
2463 4891 2647 4962 ἡμῶν,
2713 4887 2774 4943 ἐκ
2824 4889 2920 4944 τοῦ
2969 4889 3346 4966 ἀπαραιτητου
3395 4891 3590 4950 πάντας
3636 4885 3751 4946 τοὺς
3789 4881 3833 4937 ἓν

2217 4983 2286 5054 τῇ
2363 4975 2574 5055 μεγάλῃ
2649 4975 2810 5034 πόλει
2881 4977 3158 5055 ἀρχιερεῖς
3231 4984 3638 5056 συμαλεῖσθαι,
3675 4973 3834 5039 καὶὴ

2217 5073 2462 5146 παρεῖναι
2533 5066 2662 5130 τοὺς
2722 5065 2925 5130 πάντας
2982 5067 3069 5122 ἐπὶ
3118 5068 3363 5136 ταύταις,
3425 5067 3472 5123 εἰ
3533 5064 3756 5132 δυνατὸν,
3805 5059 3836 5129 ἢ

2219 5158 2309 5213 καὶ
2377 5154 2465 5212 διὰ
2529 5156 2882 5232 γραμμάτων,
2943 5157 3267 5236 ὁμοψήφους
3326 5155 3589 5232 γίνεσθαι,
3641 5153 3723 5210 xui
3774 5149 3837 5224 μὴ

2220 5246 2453 5316 παίζειν,
2485 5245 2537 5299 ἐν
2589 5244 2649 5300 οὐ
2696 5251 2964 5308 παικτοῖς·
3023 5244 3150 5301 ἀλλ’
3210 5246 3450 5309 ἐκείνους
3505 5247 3838 5321 προτιμᾶσθαι

2219 5342 2328 5392 τῶν
2369 5333 2558 5391 ἀλλων
2616 5333 2816 5398 πάθεος
2870 5335 3044 5404 ὶκτὸς,
3105 5333 3197 5399 οὕς
3249 5336 3387 5410 μετὰ
3433 5339 3533 5392 τοῦ
3573 5333 3725 5409 λόγον
3766 5324 3843 5382 καὶ

2229 5424 2346 5502 βίος
2389 5429 2586 5501 κοσμεῖ
2641 5423 3061 5498 ἀνεπίληπτος,
3117 5423 3155 5496 ἢ
3209 5428 3307 5481 τοῦ
3368 5422 3542 5502 λόγου
3587 5420 3842 5490 σκάζοντος
