4028 6202
246 341 357 402 M9

1367 336 1758 399 NOVELLE
1799 335 2502 405 CONSTITUTIONES.

3509 355 3634 416 450

245 467 383 534 ἴσως,
413 468 494 530 οἷς
526 465 553 521 6
585 467 790 541 μακρὸς
829 464 1032 553 χρόνος
1078 467 1166 521 καὶ
1214 467 1278 522 τὸ
1326 466 1451 540 περί
1498 467 1600 535 τὴν
1637 464 1870 538 Ἐκκλη-

1999 469 2196 541 [uibus
2218 475 2358 530 mtas
2389 475 2739 546 provectior.
2771 481 2830 534 et
2859 478 3029 536 multi
3094 498 3198 553 pro
3246 482 3492 539 ecclesia
3539 487 3633 540 ta-

243 556 343 612 σίαν
399 553 712 610 πολύπορον
755 555 817 609 τὸ
875 552 1056 609 ἐνδέον
1116 554 1530 630 ἀποχαρίζεται.
1560 553 1718 611 Οὕτω
1773 557 1876 632 γὰρ

244 647 296 700 ἃν
343 644 394 698 αἰ
449 646 622 718 ψῆφοι
682 642 978 720 θεαρέστως
1029 643 1286 718 γίνοιντο,
1317 644 1404 698 καὶ
1463 644 1566 698 οὐκ
1622 641 1708 698 ἐπὶ
1760 644 1878 716 κρίο

243 755 357 808 ματι
388 733 472 786 καὶ
502 729 740 805 κινδύνῳ
777 739 876 802 τῆς
932 736 1038 787 τῶν
1097 733 1488 806 ψηφιζομένων
1548 731 1636 787 καὶ
1694 735 1879 811 ψηφη·

240 824 533 899 φορούντων
564 824 775 896 ψυχῆς.

300 911 361 968 Οἱ
446 911 630 982 μέντοι
715 912 1171 984 παρουσιάσαντις
1259 909 1663 987 μητροπολῖται
1742 909 1878 979 ἦσαν

235 1001 390 1055 οὗτοι·
450 999 479 1053 6
538 1000 886 1074 Καισαρείας,
947 1001 975 1055 6
1031 1000 1279 1078 Ἑφέσου,
1340 1001 1368 1054 6
1432 998 1744 1068 Κυζίκου,ὁ
1793 997 1882 1053 Σί-

231 1087 340 1158 δης,
397 1089 426 1142 6
488 1088 807 1161 Ἀμασείας,
868 1089 896 1142 6
954 1089 1400 1165 Νεοκαισαρείας,
1462 1090 1490 1143 ὁ
1568 1088 1792 1163 Καρίας,
1851 1089 1880 1142 6

229 1173 559 1244 Λαοδικείας,
619 1177 649 1230 6
707 1175 957 1245 Ἰκονίου,
991 1177 1019 1230 6
1066 1175 1327 1244 Συλαίου,
1361 1175 1389 1228 6
1441 1174 1816 1249 Ἰεραπόλεως,
1851 1175 1879 1229 6

227 1262 523 1340 Εὗχαΐτων,
586 1265 615 1320 6
671 1269 1059 1341 Κερασοῦντος,
1113 1266 1141 1320 6
1185 1260 1444 1332 Ἀϐύδου,
1507 1265 1535 1319 ὁ
1581 1263 1879 1338 Λαρίσσης,

226 1355 249 1408 6
282 1352 573 1428 Κορίνθου,
609 1355 639 1408 6
673 1353 1002 1427 Μηθύμνης,
1064 1354 1092 1408 6
1142 1353 1496 1430 Ηαροναξίας,
1527 1354 1556 1407 6
1617 1355 1881 1427 ἰΙροικον·

222 1443 401 1513 νήσου,
464 1442 494 1497 6
555 1441 876 1519 Ἡρακλέος,
932 1444 960 1498 6
1022 1440 1318 1514 Λευκάδος,
1373 1443 1402 1497 6
1484 1440 1792 1518 Γαρέλλης,
1851 1442 1880 1496 6

225 1532 541 1600 Ναζιανζοῦ.

1902 1657 1974 1713 ΙΙ.

1987 551 2157 608 bores
2188 554 2486 621 exantlati,
2519 558 2674 628 quod
2708 557 2928 630 alioqui
2959 551 3145 629 deest,
3180 563 3631 634 supplent.Nam

1987 641 2071 696 sic
2101 641 2412 700 electiones
2443 647 2616 702 modo
2649 652 2758 703 Deo
2793 654 2960 720 grato
2993 651 3153 722 ﬁent,
3198 669 3304 708 nec
3351 653 3423 708 ad
3475 653 3635 723 judi-

1989 731 2142 786 cium
2176 739 2348 803 atque
2377 736 2698 806 periculum
2731 739 2913 794 animi
2948 756 3151 795 eorum
3183 741 3284 813 qui
3315 741 3633 814 eliguntur,

1990 821 2206 892 quippe
2239 823 2514 894 suffragia
2545 825 2764 881 ferunt.

2062 910 2490 981 MetrOpolitani
2524 914 2758 983 quidem
2811 921 3148 986 prmsentes,
3201 916 3467 974 hierant:
3518 925 3634 975 Cae-

1990 999 2627 1070 sariensisEphesinus.
2659 1003 2992 1074 Cysicenus.
3011 1006 3292 1062 Sidensis.
3325 1008 3635 1064 Amasien-

1989 1088 2634 1146 sis.Neocwsariensis.
2689 1092 3004 1149 Cariensis.
3065 1095 3449 1152 Laodicenus.
3511 1102 3634 1153 Ico-

1995 1176 2234 1231 niensis.
2269 1177 2598 1249 Sylaaensis.
2659 1179 3151 1252 Hierapolitanus.
3202 1184 3632 1242 Euchaitensis.

1991 1263 2392 1320 Cerasuntius.
2439 1267 2776 1338 Abydenus.
2837 1269 3216 1327 Larissensis.
3276 1273 3631 1330 Corinthius.

1989 1352 2388 1426 Methymaaus.
2413 1357 2798 1412 Poronaxius.
2833 1357 3293 1416 Praeconnesius.
3355 1361 3632 1419 Hercula-

1989 1459 2122 1498 nus.
2157 1443 2500 1502 Leucanius.
2534 1444 2841 1502 Garsllius.
2868 1447 3292 1505 Nazianzenus.

904 1772 980 1812 ur
1013 1771 1397 1812 maneamus
1434 1770 1782 1812 nnacroaum
1839 1771 2182 1812 PONTIFICUM
2238 1772 2458 1814 uxoaas
2491 1757 2591 1829 [3].
2635 1759 2721 1828 (A.
2764 1757 2951 1832 1187.)

222 1895 561 1988 Τὸῃγεγονὸς
620 1894 954 1988 ’σημείωμα
1029 1895 1176 1982 παρά
1246 1899 1353 1988 ’τοῦ
1384 1893 1668 1988 ιάοιδίμου
1703 1895 1876 1988 κβασις

1999 1899 2052 1956 Ut
2079 1898 2763 1988 tondeantur‘etectoramn
2780 1902 3134 1988 pontiﬁcum.
3165 1920 3386 1988 ιιᾳεονεδ.
3439 1908 3634 1988 Publi-

286 1963 421 2042 μευέ
465 1963 988 2042 ’κυρίουἾἹσακίου
1062 1963 1168 2042 τοῦ,
1246 1965 1507 2042 ’Δγγέλου
1564 1963 1734 2042 ’.περῖ
1779 1972 1876 2042 τοῦ

284 2035 674 2116 ἀποκείρεσθαι
747 2039 861 2116 ’τὰς
944 2043 1048 2092 τῶν
1097 2110 1108 2116 ⁸
1150 2035 1474 2116 ὑποψηιρίων
1525 2035 1878 2116 ῌάρχιιρέων

319 2109 569 2183 υναῖκας,
634 2109 903 2175 ἀπολυθὶν
983 2110 1120 2164 κατὰ
1201 2109 1301 2179 τὴν
1353 2109 1407 2165 ’κ’
1458 2113 1554 2165 τοῦ
1614 2109 1876 2183 ’Σεπτεμ-

282 2128 440 2236 ἒοίου
553 2183 734 2236 μηνὸς
769 2224 783 2236 .
876 2182 1058 2236 ἡμέρα
1154 2182 1429 2236 τετάρτη.
1509 2180 1876 2236 ἐπινεμήσεως

322 2180 440 2259 ρίου
549 2180 734 2253 μηνὸς
769 2224 783 2251 ,
876 2182 1058 2259 ἡμέρᾳ
1154 2182 1382 2258 τετάρτῃ
1415 2223 1429 2251 ,
1509 2180 1881 2255 ἐπινεμήσεως

291 2254 581 2326 πέμπτης.

285 2378 342 2434 Ἠ
384 2374 622 2450 ἔννομος
667 2377 764 2432 τοῦ
815 2373 1083 2452 βασιλέως
1111 2375 1381 2456 ἀπόφασις
1438 2377 1538 2432 οὐκ
1594 2374 1879 2456 ἀκίνδυνος

225 2471 329 2528 τοῖς
400 2469 794 2542 παρανομοῦσι
880 2466 1173 2540 φανήσεται
1209 2485 1222 2499 ⁸
1300 2466 1376 2528 ὡς
1459 2469 1560 2542 γὰρ
1639 2462 1882 2544 ὄμφακες

227 2551 397 2609 ὀδοῦσι
427 2555 516 2609 καὶ
558 2555 762 2616 καπνὸς
795 2549 1005 2627 ὄμμασι
1068 2548 1357 2629 βλαϐερὸν,
1387 2552 1530 2608 οὕτω
1576 2553 1664 2608 καὶ
1709 2574 1881 2628 παρα-

225 2644 379 2716 νομία
434 2651 565 2706 τοῖς
627 2643 940 2719 χρωμένοις
1017 2641 1175 2716 αὐτῇ.
1223 2644 1366 2719 Πρὸς
1420 2643 1472 2698 τί
1533 2640 1590 2698 δέ
1642 2664 1736 2716 μοι
1791 2644 1882 2698 καὶ

226 2733 388 2810 ἀφορᾷ
440 2733 507 2788 τὸ
571 2737 668 2787 τοῦ
729 2730 899 2808 λόγου
946 2730 1379 2806 προαύλιον;Ὀ
1424 2732 1715 2807 ἱερώτατος
1775 2754 1883 2804 μη-

224 2823 559 2899 τροπολίτης
617 2823 853 2894 Κυζίκου
933 2823 1024 2878 καὶ
1107 2824 1206 2892 την
1295 2824 1536 2898 σήμερον
1617 2823 1880 2899 εὑρίσκων

222 2912 309 2981 τήν
397 2911 690 2988 βασιλείαν
783 2933 887 2986 μου
961 2910 1380 2985 θεμιστεύουσαν
1417 2958 1430 2984 ,
1509 2910 1882 2986 συνεδριαζόν-

227 3021 323 3056 των
376 3002 521 3076 αὐτῇ
581 3005 679 3056 τοῦ
732 3022 788 3056 τε
814 3001 1115 3078 ἀγιωτάτου
1177 3021 1281 3073 μου
1334 2997 1597 3056 δεσπότου
1655 3004 1746 3056 καὶ
1803 3001 1883 3056 οἰ-

225 3095 554 3163 κουμενικυῦ
611 3092 983 3167 πατριάρχου,
1034 3090 1121 3144 καὶ
1199 3094 1307 3144 τῶν
1383 3088 1577 3166 ἑτέρων
1647 3091 1884 3164 ἁγιωτά-

223 3200 318 3233 των
378 3184 774 3256 πατριαρχῶν,
822 3183 920 3234 τοῦ
991 3177 1340 3241 θεουπόλεως
1386 3179 1726 3254 ’Δντιοχείας
1793 3178 1884 3233 καί

2054 1980 2237 2049 culum
2269 1972 2364 2026 die
2393 1972 2696 2049 2_0_mensis
2729 1972 3080 2045 Septembris,
3108 1979 3256 2046 feria
3289 1987 3508 2049 quarta,
3546 1982 3636 2035 in-

2057 2041 2292 2098 dictione
2324 2044 2535 2114 quinta.

2061 2379 2408 2453 Legitimam
2439 2381 2812 2454 imperatoris
2840 2383 3194 2440 sententiam
3225 2401 3338 2440 non
3373 2383 3498 2440 sine
3531 2402 3639 2457 pe-

1990 2468 2173 2523 ricqu
2206 2469 2606 2541 delinquentes
2635 2471 3030 2542 experientur.
3071 2477 3142 2528 Ut
3174 2474 3330 2528 enim
3361 2474 3641 2531 dentibus

1991 2558 2199 2614 acerba
2220 2575 2353 2626 uva,
2384 2559 2567 2614 oculis
2600 2559 2801 2616 fumus
2854 2567 3043 2631 nocet,
3103 2563 3186 2617 sic
3237 2562 3515 2635 iniquitas
3568 2565 3642 2620 iis

1992 2647 2092 2718 qui
2122 2646 2252 2718 ipsa
2284 2651 2550 2703 utuntur.
2573 2649 2866 2712 Quorsum
2891 2666 3023 2706 vero
3049 2651 3187 2705 mihi
3221 2651 3330 2706 hoc
3361 2650 3641 2708 orationis

1992 2741 2217 2806 spectat
2247 2735 2594 2808 preeludium
2620 2737 2646 2792 ’ἲ
2669 2741 2808 2792 Cum
2844 2739 3285 2795 sacratissimus
3304 2738 3486 2811 Cyzici
3519 2756 3640 2795 me-

1993 2824 2383 2897 tropolitanus
2407 2824 2726 2882 invenisset
2751 2828 3120 2897 majestatem
3146 2844 3336 2883 meam
3359 2828 3641 2887 hodierno

1994 2929 2226 2984 quoque
2247 2913 2341 2969 die
2372 2914 2502 2982 iura
2535 2915 2896 2983 reddentem,
2931 2915 3334 2971 assidentibus
3392 2916 3643 2973 sanctis-

1995 3003 2143 3058 simo
2176 3003 2413 3058 domino
2446 3019 2574 3058 meo
2607 3004 2966 3058 mcumenico
2998 3004 3351 3075 patriarcha,
3403 3009 3460 3061 et
3509 3005 3641 3062 aliis

1995 3091 2388 3146 sanctissimis
2413 3092 2782 3164 patriarchis,
2835 3093 3201 3148 Antiocheno
3265 3093 3536 3150 videlicet
3587 3099 3645 3151 et

1996 3179 2559 3253 Hierosolymitano;
2596 3197 2698 3235 nec
2722 3182 3015 3251 abessent,
3050 3181 3146 3253 qui
3190 3187 3328 3237 tunc
3386 3183 3444 3237 in
3500 3187 3641 3240 urbe

223 3272 314 3323 τοῦ
361 3266 796 3344 Ἰεροσολύμων,
851 3265 994 3342 μηδέ
1044 3271 1151 3323 τῶν
1206 3270 1258 3323 έν
1315 3272 1383 3342 τῇ
1442 3267 1651 3342 μεγάλῃ
1720 3267 1880 3323 πόλει

1999 3269 2154 3341 regia
2175 3269 2562 3324 sacratissimi
2594 3269 2902 3341 pontifices
2935 3275 3119 3340 erant,
3153 3288 3401 3342 quorum
3442 3271 3635 3328 nomi-

229 3353 612 3430 ἐνδημούντων
671 3358 976 3434 ἰερωτάτων
1054 3357 1357 3434 ἀρχιερέων
1419 3355 1883 3430 ἀπολιμπανομέ-

228 3467 348 3517 νων,
407 3444 488 3501 ὦν
553 3447 615 3502 τὸ
679 3446 816 3522 πρὸς
892 3442 1067 3520 ὄνομα
1135 3443 1565 3524 διαληφθήσεται
1631 3444 1882 3516 κάτωιεν,

226 3537 508 3611 προέθετο’
539 3535 622 3592 ὅτι
651 3538 794 3602 τινὲς
820 3541 927 3592 τῶν
972 3537 1049 3600 εἰς
1106 3534 1479 3613 μητροπόλεις
1541 3535 1577 3606 ἢ
1630 3537 1884 3613 ἀρχιεπι-

233 3627 434 3689 σκοπὰς
493 3625 872 3705 ψηφισθέντων
931 3629 1020 3682 καὶ
1081 3625 1582 3703 χειροτονουμένων
1629 3627 1736 3702 πρὸ
1786 3633 1885 3696 τῆς

230 3715 579 3789 χειροτονίας
654 3711 874 3792 ἔχοντες
953 3715 1216 3791 γαμετὰς,
1264 3713 1417 3770 αὐτοὶ
1497 3716 1591 3788 μὲν
1643 3716 1704 3770 τὸ
1760 3735 1888 3769 κατ-

224 3803 529 3876 ἀξιωθῆναι
587 3810 682 3860 τοῦ
767 3805 1077 3882 χρίσματος
1152 3807 1250 3870 τῆς
1330 3803 1742 3880 ἀρχιερωσύνης
1790 3803 1891 3859 οὐκ

226 3893 612 3966 ἀπηνήναντο·
646 3895 701 3948 αἱ
770 3891 827 3949 δὲ
884 3893 1124 3948 σύνοικοι
1174 3891 1380 3948 τούτων
1437 3893 1530 3947 τὸν
1586 3893 1744 3948 αὐτὸν
1800 3899 1889 3955 καὶ

228 3982 382 4038 πάλιν
492 3983 906 4059 κοσμικώτερον
1010 3981 1398 4060 σχηματισμὸν
1483 3981 1889 4058 ἀμφιέννυνται,

223 4066 615 4134 ἀνυποστόλως
683 4078 801 4134 ταῖς
879 4072 1074 4136 οἰκίαις
1162 4065 1594 4146 ένδιατρίϐουσαι
1673 4070 1726 4126 ἐν
1807 4072 1891 4133 αἷς

225 4163 504 4234 κατῴκουν
563 4162 624 4216 τὸ
684 4163 971 4238 πρότερον,
1003 4160 1093 4216 καὶ
1154 4157 1278 4216 οὕτε
1334 4159 1662 4236 γυναικείοις
1723 4181 1889 4234 μονα-

227 4251 472 4327 στηρίοις
533 4249 889 4326 εἰσήχθησαν,
952 4248 1078 4306 ἀλλ’
1135 4247 1260 4305 ούδὶ
1342 4255 1422 4322 τῷ
1509 4250 1626 4322 Θεῷ
1698 4250 1889 4314 ἑαυτὰς

228 4337 532 4416 ἇφιέρωσαν
610 4340 698 4394 καὶ
769 4341 860 4395 τὸν
945 4341 1164 4416 μονήρη
1228 4339 1342 4415 βίον
1400 4337 1752 4408 ἠσπάσαντοο
1799 4342 1889 4395 καὶ

227 4433 387 4483 ταῦτα
440 4433 547 4484 τῶν
598 4429 759 4505 ἱερῶν
804 4428 894 4484 καὶ
946 4427 1104 4484 θείων
1171 4429 1413 4484 κανόνων
1481 4427 1661 4502 ῥητῶς
1736 4428 1890 4503 ἐγκε-

231 4513 560 4590 λευομένων,
610 4518 738 4581 τοὺς
787 4515 1273 4594 χειροτονηθέντας
1322 4517 1602 4592 ἀρχιερεῖς
1661 4514 1720 4570 έκ
1764 4537 1891 4571 παν.

1993 3374 2070 3411 na
2099 3357 2343 3412 inferius
2375 3358 2872 3414 continebuntur:
2904 3359 3269 3430 propositum
3301 3366 3410 3427 est,
3457 3377 3635 3431 quos-

1995 3447 2128 3501 dam
2159 3462 2360 3502 eorum
2395 3446 2494 3518 qui
2527 3447 2596 3501 ad
2633 3447 2980 3518 metropoles
3014 3445 3099 3501 vel
3164 3447 3634 3519 archiepisc0pas

1994 3533 2158 3591 electi
2193 3538 2248 3590 et
2267 3534 2522 3591 ordinati
2553 3540 2712 3606 sunt,
2744 3551 2878 3590 cum
2911 3551 3117 3590 uxores
3149 3541 3282 3591 ante
3314 3536 3637 3592 ordinatio-

1998 3639 2129 3678 nem
2158 3623 2460 3690 haberent,
2504 3640 2621 3680 non
2644 3641 2913 3680 recusare
2945 3623 3207 3696 quidem,
3241 3625 3383 3698 quin
3424 3625 3638 3697 prima-

1999 3712 2070 3766 rii
2102 3712 2409 3768 sacerdotii
2444 3713 2761 3768 chrismate
2783 3713 3249 3784 inungerentur;
3285 3714 3386 3769 sed
3435 3729 3638 3770 eorum

2000 3818 2208 3857 uxores
2241 3802 2512 3857 eumdem
2545 3819 2753 3857 rursus
2815 3804 3180 3857 mundanum
3227 3803 3493 3858 habitum
3543 3803 3638 3858 in—

2001 3892 2199 3958 duere,
2233 3891 2624 3947 inverecunde
2655 3895 2914 3964 agentes,
2950 3892 3006 3946 in
3061 3892 3133 3948 iis
3188 3892 3430 3959 aedibus,
3490 3908 3638 3963 quas
3680 3913 3682 3916 ·

2001 3985 2170 4035 antea
2193 3979 2572 4035 habitabant:
2624 3996 2726 4034 nec
2771 3979 3036 4035 femineis
3091 3981 3453 4036 introductae
3512 3996 3642 4036 esse

2004 4068 2395 4138 monasteriis,
2419 4069 2520 4124 sed
2555 4085 2658 4124 nec
2699 4070 2806 4124 Deo
2838 4072 3062 4140 seipsas
3094 4069 3419 4138 dedicasse,
3453 4075 3509 4125 et
3561 4070 3644 4125 vi-

2000 4163 2122 4214 tam
2155 4158 2442 4230 delegisse
2471 4159 2880 4215 monasticam.
2916 4159 2980 4214 Et
3006 4159 3146 4229 haec,
3179 4176 3311 4216 cum
3366 4158 3518 4216 sacri
3548 4159 3642 4214 di-

2000 4248 2236 4320 vinique
2268 4264 2522 4304 canones
2555 4249 2877 4320 expressim
2911 4254 3209 4317 moneant,
3245 4249 3460 4305 electos
3491 4265 3641 4321 pon-

2002 4338 2189 4393 tifices
2221 4355 2254 4392 a
2283 4336 2562 4409 legitimis
2594 4337 2718 4392 suis
2752 4338 3051 4408 uxoribus,
3077 4355 3223 4410 quas
3255 4341 3388 4394 ante
3414 4337 3643 4393 ordina-

2004 4428 2216 4482 tionem
2243 4427 2560 4492 habebant,
2594 4427 2951 4482 omnimodo
2985 4427 3310 4482 abstinere:
3337 4432 3401 4482 ut
3426 4443 3538 4482 non
3572 4443 3642 4482 ex

2001 4520 2314 4587 praecepto,
2345 4515 2446 4571 sed
2500 4515 2736 4586 propria
2782 4515 3080 4569 voluntate
3138 4531 3340 4570 eorum
3389 4515 3641 4586 quisque

229 4605 314 4667 τὸς
358 4607 570 4680 τρόπου
617 4611 722 4661 τῶν
773 4608 880 4682 πρὸ
927 4613 1026 4677 τῆς
1087 4605 1430 4682 χειροτονίας
1489 4610 1882 4680 συζευχθεισῶν

2001 4605 2422 4660 continentiam
2453 4603 2538 4659 vel
2571 4603 2898 4659 caelibatum
2933 4604 3232 4675 proprium
3259 4603 3370 4658 sibi
3402 4602 3637 4675 deligat,

231 4695 412 4758 αὐτοῖς
459 4694 755 4773 ἀπέχεσθαι
801 4697 1057 4769 νομίμων
1119 4699 1392 4771 γαμετῶν,
1429 4693 1511 4748 ὅτι
1547 4694 1623 4767 μὴ
1667 4694 1717 4764 ἐξ
1767 4693 1885 4748 ἑπι-

232 4785 526 4858 τάγματος,
591 4783 722 4840 ἀλλ’
813 4783 1114 4862 αὐθαιρέτῳ
1196 4783 1395 4859 γνώμῃ
1481 4779 1704 4837 ἕκαστον
1774 4788 1884 4837 τῶν

232 4874 486 4928 τοιούτων
571 4873 877 4949 προσώπων
962 4872 1036 4935 εἰς
1118 4869 1447 4941 Ἐκκλησίαν
1525 4871 1788 4949 ψηφισθὲν
1848 4873 1884 4942 ἢ

232 4963 325 5030 τήν
383 4962 603 5038 ἀποχήν
664 4963 751 5017 καὶ
801 4963 863 5018 τὸ
911 4963 1178 5038 ἀγάμετον
1208 4960 1537 5015 οἰκειώσαιτ’
1568 4960 1626 5014 ἂν
1681 4957 1771 5014 διὰ
1823 4960 1885 5015 τὸ

234 5055 326 5119 τῆς
356 5049 772 5127 ἀρχιερωσύνης
808 5049 1042 5125 ἀξίωμα,
1074 5049 1110 5120 ἢ
1140 5051 1240 5119 τὴν
1275 5047 1538 5123 ἀμίαντον
1599 5049 1884 5126 συνάφειαν

237 5134 319 5193 διὰ
363 5141 425 5194 τὸ
479 5144 576 5194 τοῦ
633 5141 812 5215 γάμου
870 5137 1188 5214 προέλοιτο,
1270 5138 1478 5211 τίμιον.
1543 5138 1642 5194 Καὶ
1720 5141 1888 5193 ταῦτα

237 5223 513 5304 λέγωνκαὶ
553 5229 792 5284 κανόνων
845 5226 1119 5304 διαφόρων
1182 5226 1480 5300 ἐπέμνητο,
1514 5227 1586 5280 ὧν
1650 5228 1739 5281 καὶ
1808 5229 1886 5290 εἰς

237 5314 372 5388 ὁμη¹
401 5317 470 5386 ἦν
527 5321 626 5384 τῆς
672 5321 732 5389 ς]
771 5315 999 5372 συνόδου
1055 5316 1208 5372 ταυτὶ
1260 5315 1396 5371 κατὰ
1439 5315 1592 5392 ῥῆμα
1652 5313 1863 5390 διαλαμ

238 5398 422 5461 ϐάνωνο
467 5431 494 5459 ι(
540 5407 602 5462 Ἥ
655 5409 753 5461 τοῦ
801 5407 936 5482 πρὸς
985 5406 1286 5476 ἐπισκοπῆς
1334 5402 1626 5481 προεδρίαν
1687 5405 1887 5481 ἀναγο-

241 5493 391 5564 μένου
468 5495 626 5572 γυνὴ,
684 5495 820 5551 κατὰ
881 5496 1070 5564 κοινὴν
1158 5493 1472 5572 συμφωνίαν
1558 5497 1654 5549 τοῦ
1745 5491 1884 5549 ἰδίου

298 5679 372 5754 (3)
404 5677 711 5737 Lsunclav.
743 5678 912 5752 ibid.,
943 5694 1004 5753 p.
1037 5675 1163 5732 175.

1996 4698 2234 4765 propter
2264 4693 2614 4764 dignitatem
2647 4692 2980 4758 sacerdotii,
3016 4697 3117 4746 aut
3143 4696 3376 4762 propter
3433 4691 3638 4746 matri-

1997 4782 2176 4837 monii
2207 4781 3074 4851 honestatem,conjunctionem
3101 4787 3317 4836 castam
3352 4780 3637 4852 prmierat.

1997 4871 2125 4927 Haec
2159 4871 2384 4940 dicens,
2411 4869 2872 4925 varioscanones
2924 4870 3230 4939 allegabat,
3285 4869 3438 4924 inter
3491 4886 3640 4943 quos

1996 4965 2054 5018 et
2082 4959 2574 5032 quadragesimus
2606 4964 2844 5015 octavus
2875 4963 3000 5014 erat
3030 4964 3202 5014 sextae
3235 4958 3464 5032 synodi,
3517 4959 3639 5016 haec

1998 5051 2068 5107 ad
2100 5050 2342 5105 verbum
2368 5048 2918 5121 compraehendens:
2954 5073 2980 5099 (ι
3007 5048 3161 5104 Uxor
3204 5049 3354 5122 ejus,
3416 5049 3516 5120 qui
3565 5050 3640 5105 ad

1995 5138 2388 5211 episcopalem
2413 5139 2757 5210 dignitatern
2793 5145 3195 5210 promovetur,
3214 5137 3511 5195 communi
3532 5137 3640 5194 viri

1999 5229 2090 5284 sui
2124 5245 2413 5284 consensu
2437 5229 2602 5299 prius
2642 5233 2932 5299 separata,
2970 5233 3282 5300 postquam
3309 5227 3364 5282 in
3408 5227 3640 5298 episco-

1998 5335 2138 5391 pum
2174 5317 2480 5372 ordinatus
2511 5321 2601 5371 est
2645 5321 2700 5371 et
2752 5322 3153 5381 consecratus,
3211 5315 3639 5372 manasterium

1998 5407 2383 5480 ingrediatur,
2415 5404 2618 5477 procul
2642 5406 2714 5461 ab
2745 5406 3002 5478 episcepi
3023 5405 3384 5461 habitatione
3405 5408 3636 5460 exstru-

1998 5501 2182 5565 ctum,
2224 5498 2282 5550 st
2328 5493 2588 5566 episcopi
2616 5494 2979 5567 providentia
3026 5494 3274 5551 fruatur.
3309 5492 3409 5550 Sin
3451 5498 3640 5551 antem
