4028 6202
490 333 605 394 m
1798 326 2060 390 ISAACI
2101 327 2389 390 ANGELI
2430 327 2598 390 IMP.
3716 347 3814 405 ης

491 466 670 539 digna
699 465 824 522 visa
842 465 1017 522 fuerit
1045 465 1218 521 etiam
1252 464 1323 520 ad
1379 462 1727 519 diaconatus
1783 461 2082 534 dignitate:

2247 456 2439 534 ἀνδρὸς
2506 457 3018 536 προδιαζευχθεῖσα,
3081 460 3212 533 μετᾶ
3279 464 3373 533 τήν
3427 464 3506 522 ἐπ’
3556 469 3683 544 αὔτῷ
3731 483 3813 547 τῆς

490 555 910 629 provehatur.»
946 559 1114 610 Lecto
1153 553 1335 625 igitur
1362 551 1471 607 hoc
1517 567 1764 617 canone,
1823 550 2070 621 imperiu

2248 549 2551 641 ἐπισκοπῆς
2573 550 2914 641 χειροτονίαν
2969 549 3021 604 ἐν
3075 553 3408 627 μοναστηρίῳ
3450 555 3811 641 εἷσίτω,πόρῥω

488 661 685 700 meum
718 644 773 697 in
810 642 1147 698 hominibus
1169 657 1496 712 agnoscens
1529 640 1788 695 maxima
1812 639 1967 694 dona
1988 637 2079 693 Dei

2245 645 2346 706 τῆς
2392 643 2488 694 τοῦ
2537 639 2883 695 ἐπισκοπείω
2940 648 3258 714 καταγωγῆς
3307 637 3813 722 ᾠκοδομημένῳ-καὶ

491 749 746 805 superna
776 731 1105 796 clementia,
1137 736 1195 786 et
1226 730 1386 802 regni
1420 747 1485 785 ac
1515 727 1823 784 sacerdotii
1855 727 2082 782 divinitl

2244 731 2346 792 τῆς
2388 733 2485 782 τοῦ
2537 727 2832 783 ἐπισκόπου
2887 728 3144 803 προνοίας
3200 729 3521 791 ἀπολαυέτω.
3550 736 3608 791 Ei
3651 735 3700 792 δὲ
3746 745 3816 797 καὶ

493 837 830 879 concessam
852 820 1184 875 unctionem
1210 824 1266 874 et
1295 819 1638 891 dignitatem
1663 834 1731 872 ex
1753 833 1869 872 uno
1899 817 2084 872 eoden

2246 816 2366 886 ἀξία
2424 817 2636 894 φανείη,
2696 818 2835 894 πρὸς
2888 819 2949 872 τὸ
3006 819 3104 884 τῆς
3156 815 3416 882 διακονίας
3471 819 3815 896 ἀναϐιϐαζεσθω

493 927 603 982 que
634 909 871 980 perenni
909 910 1064 963 fonte
1099 923 1358 973 manare,
1385 907 1823 976 humanamque
1854 921 2084 959 exorna]

2246 905 2479 976 ἀξίωμα.
2509 931 2538 957 »
2582 907 3041 982 Ἀναγνωσθέντος
3091 905 3181 962 οὖν
3232 912 3325 962 τοῦ
3368 909 3599 966 τοιούτου
3640 916 3819 981 κανόνος

498 1000 696 1064 vitam,
727 1003 784 1054 et
814 997 1208 1068 ampliﬁcare:
1271 995 1414 1050 nihil
1440 995 1618 1050 etiam
1677 993 1984 1050 studiosus
2036 1009 2089 1047 cc

2243 995 2278 1062 ἡ
2316 993 2562 1068 βασιλεία
2596 1015 2700 1068 μου
2732 994 2962 1082 μέγιστα
3006 995 3074 1050 τὰ
3124 995 3177 1050 ἐν
3221 1001 3334 1059 τοῖς
3381 998 3660 1072 ἀνθρώποις
3702 1002 3818 1082 δῶρα

493 1090 641 1151 lens.
674 1103 851 1159 quam
875 1087 1249 1142 sacerdotum
1282 1084 1717 1149 auctoritatem,
1751 1082 1852 1155 qui
1878 1082 2036 1154 regia
2067 1098 2084 1137 ε

2244 1087 2376 1137 Θεοῦ
2431 1083 2577 1158 παρά
2629 1087 2728 1148 τῆς
2800 1081 2998 1139 ἄνωθεν
3075 1082 3476 1161 φιλανθρωπίας
3538 1091 3820 1163 γινώσκουσα

490 1194 656 1235 sacra
687 1175 1213 1247 circumspectione
1258 1190 1471 1228 manus
1530 1174 1909 1239 sustinentes,
1953 1176 2081 1227 Deui

2241 1172 2430 1226 καὶτὸ
2476 1179 2577 1241 τῆς
2633 1171 2915 1246 βασιλείας
2960 1173 3049 1227 καὶ
3094 1174 3156 1227 τὸ
3197 1179 3298 1242 τῆς
3345 1174 3626 1248 ἱερωσύνης
3649 1179 3820 1237 θεόσδο.

489 1285 592 1341 pro
626 1267 898 1323 universa
917 1264 1248 1320 Christiana
1287 1263 1662 1319 multitudine
1721 1263 2076 1334 deprecantu

2240 1281 2331 1314 τον
2372 1259 2583 1335 χρίσμα
2632 1259 2720 1314 καὶ
2779 1259 2995 1333 ἀξίωμα
3048 1258 3108 1314 ἐκ
3163 1264 3290 1333 μιᾶς
3338 1268 3437 1330 τῆς
3466 1261 3618 1332 αὐτῆς
3643 1265 3819 1323 ἀεννάου

487 1363 543 1414 et
574 1362 640 1413 ut
671 1373 848 1413 sacrm
877 1355 1141 1424 quaedam
1165 1369 1390 1409 ancora:
1419 1351 1783 1424 imperialem
1817 1352 2078 1423 potentia:

2241 1355 2428 1423 πηγῆς
2480 1347 2702 1424 ἑκάτερα
2756 1347 3018 1424 προϊόντα
3072 1347 3164 1403 καὶ
3220 1349 3312 1404 τὸν
3371 1350 3681 1427 ἀνθρώπινον
3729 1356 3823 1430 βίον

489 1445 836 1502 suifulciunt
864 1459 876 1498 :
913 1446 1224 1515 postquam
1257 1443 1433 1497 etiam
1467 1456 1722 1498 canones
1749 1439 2045 1496 contemni
2078 1464 2080 1485 ι

2240 1438 2686 1510 κατακοσμοῦντά
2737 1457 2796 1492 τε
2853 1435 2943 1492 καί
2995 1437 3302 1506 πιαίνοντα,
3358 1440 3447 1493 καὶ
3513 1439 3664 1512 μηδὲν
3714 1444 3823 1500 οὕτω

489 1535 725 1604 infringi
757 1532 1124 1604 cognovisset
1153 1530 1210 1586 in
1241 1531 1388 1586 bene
1421 1531 1694 1586 instituta
1726 1528 2047 1601 republica,
2076 1553 2080 1577 ‹

2241 1523 2705 1602 περισπούδαστον
2762 1521 2965 1600 ἔχουσα
3018 1527 3092 1588 ὡς
3149 1528 3251 1595 τήν
3309 1532 3413 1582 τῶν
3457 1529 3630 1604 ἱερέων
3680 1532 3829 1604 σεμνό-

491 1625 728 1696 quidem
763 1627 975 1678 nostrae
1008 1619 1298 1693 potentias,
1331 1620 1498 1691 quasi
1532 1636 1646 1676 non
1707 1618 1883 1673 soluti
1936 1633 2082 1673 esset

2240 1635 2400 1684 τητα,
2443 1615 2496 1669 οἳ
2549 1636 2692 1676 τινες
2766 1621 2958 1690 χεῖρας
3031 1614 3446 1691 ἐγκαταστάντες
3498 1622 3562 1692 τῇ
3617 1619 3824 1696 βασιλείῳ

495 1711 1024 1784 oreatipontiﬁces,
1057 1710 1158 1781 qui
1190 1708 1314 1764 suis
1342 1709 1621 1764 uxoribus
1652 1707 1985 1763 cohabitare
2016 1723 2086 1761 no

2241 1703 2331 1758 καὶ
2387 1701 2501 1772 Θείᾳ
2557 1707 2810 1778 περιωπῇ
2873 1703 3003 1778 ὑπὲρ
3084 1705 3285 1766 παντὸς
3354 1709 3449 1760 τοῦ
3526 1705 3825 1785 φιλοχρίστου

484 1804 844 1866 vererentur,
869 1816 984 1854 non
1017 1814 1223 1871 parum
1258 1800 1617 1854 commotum
1649 1801 1754 1851 est.

2240 1792 2617 1868 πληρώματος
2641 1793 2732 1848 τὸν
2767 1793 2895 1848 Θεὸν
2949 1793 3250 1848 ἱκετεύουσι
3282 1794 3370 1848 καὶ
3427 1796 3497 1857 ὡς
3546 1797 3670 1872 ἱεραί
3716 1819 3823 1860 τινες

493 1887 725 1964 ἄγκυραι
774 1887 836 1942 τὸ
891 1894 992 1956 τῆς
1054 1884 1346 1961 βασιλικῆς
1402 1883 1744 1959 ἐπικρατείας
1803 1879 2122 1957 ἐρείδουσιν,
2179 1881 2307 1937 ἐπὰν
2366 1883 2454 1936 καὶ
2517 1883 2679 1955 μάθοι
2764 1881 2890 1944 τοὺς
2962 1882 3189 1944 κανόνας
3268 1891 3702 1959 παραθεωρεῖσθαι
3755 1887 3825 1942 xui

485 1975 921 2053 παραθραύεσθαι
975 1974 1062 2029 ἐπὶ
1119 1983 1220 2045 τῆς
1281 1974 1535 2048 εὐνομίας
1588 1973 1676 2028 καὶ
1733 1976 1901 2027 ταῦτα
1953 1975 2048 2026 τοῦ
2097 1971 2327 2047 κράτους
2359 1973 2543 2044 ἡμῶν,
2572 1971 2647 2034 ὡς
2674 1970 2764 2026 καὶ
2796 1967 2872 2026 ἔτι
2908 1972 2984 2044 μὴ
3018 1969 3444 2048 διαζευχθέντων
3473 1979 3574 2029 τῶν
3623 1995 3822 2051 χειροτοο

485 2065 758 2134 νηθὲντων
788 2061 1114 2138 ἀρχιερέων,
1143 2059 1290 2116 ἀλλά
1317 2061 1408 2115 καὶ
1440 2065 1704 2115 συνοικεῖν
1732 2060 2080 2134 ἀνεχομένων
2109 2063 2227 2121 ταῖς
2259 2058 2434 2113 αὐτῶν
2463 2064 2749 2133 γαμεταῖς,
2782 2059 2846 2113 οὗ
2883 2060 3092 2134 μικρῶς
3122 2056 3288 2124 ἔπαθε
3315 2061 3413 2130 τήν
3441 2063 3632 2137 ψυχήν.

555 2155 747 2210 Triste
787 2154 960 2209 etiam
1043 2153 1327 2224 quiddam
1379 2169 1484 2207 nec
1534 2156 1767 2223 gratum
1817 2149 1874 2204 in
1927 2149 2123 2221 piissi-

2306 2147 2479 2202 Ταῦτά
2537 2169 2621 2202 τοι
2676 2147 2766 2202 καὶ
2819 2149 3040 2222 στυγνόν
3097 2170 3152 2204 τι
3218 2149 3309 2203 καὶ
3384 2147 3542 2226 ἄχαρι
3597 2155 3668 2223 τῷ
3731 2153 3821 2206 Θεο-

486 2261 649 2300 mum
682 2241 1192 2314 chartophylacem
1217 2257 1347 2296 mea
1376 2241 1614 2296 intuens
1683 2239 1981 2309 majestas,
2033 2239 2077 2292 di

2245 2236 2552 2314 φιλεστάτῳ
2608 2235 2984 2315 χαρτοφύλακι
3040 2232 3500 2311 προῶλεψαμὲνη
3553 2241 3586 2308 ἡ
3636 2237 3829 2314 βασιλεία

485 2333 658 2404 ﬁniit,
707 2331 1151 2388 cohortantibus
1210 2332 1281 2386 ad
1337 2331 1396 2384 id
1454 2328 1848 2384 sanctissimis
1885 2329 2076 2399 patria

2247 2348 2351 2399 μου
2416 2329 2544 2402 παρ’
2601 2325 2733 2382 αὖτά
2803 2323 3130 2401 διωρίσατος
3199 2327 3646 2404 προτρεψαμίνων
3707 2333 3828 2383 τοῦτο

485 2423 634 2494 chis,
708 2437 917 2476 uxores
971 2420 1183 2476 creatis
1260 2419 1638 2492 pontificibus
1691 2422 1826 2473 ante
1905 2415 2070 2472 ordin

2241 2417 2330 2472 καὶ
2414 2421 2522 2471 τῶν
2602 2415 2914 2493 ἁγιωτάτων
2992 2422 3377 2493 πατριαρχῶν,
3437 2417 3486 2474 ἒν
3565 2418 3829 2493 γυναικείοις

483 2513 704 2568 tionem
731 2511 1078 2579 conjunctae
1101 2509 1157 2563 in
1211 2507 1530 2564 muliebria
1589 2505 1944 2562 monasteria
1999 2521 2074 2576 pri

2247 2507 2630 2580 μοναστηρίοις
2686 2506 3061 2582 ἀνυπερθέτως
3120 2505 3426 2584 εἴσαγαγεῖν
3469 2507 3559 2570 τὰς
3622 2507 3826 2582 πρὸτῆς

485 2599 578 2655 cui
611 2599 726 2654 sita
754 2598 826 2654 ab
874 2597 1235 2653 habitatione
1279 2597 1622 2669 pontificum
1669 2595 1796 2651 sine
1855 2593 2076 2649 dilatior

2242 2595 2582 2672 χειροτονίας
2658 2593 3008 2660 συναφθείσας
3079 2597 3322 2668 γαμετὰς
3393 2602 3506 2660 τοῖς
3563 2617 3826 2673 χειροτονη-

485 2688 708 2755 induci,
764 2688 1110 2758 tonderiqne
1169 2703 1286 2756 eas,
1338 2690 1394 2741 et
1450 2684 1729 2740 canonice
1797 2683 1951 2754 apud
2006 2699 2076 2737 mi

2243 2691 2408 2747 θεῖσιν
2462 2685 2792 2760 ἀρχιερεῦσι,
2833 2682 3023 2759 πόρρω
3076 2687 3178 2748 τῆς
3239 2688 3350 2738 τῶν
3409 2685 3684 2761 ἀρχιερέων
3725 2685 3829 2757 ᾤκο-

488 2776 706 2831 nachas
744 2776 974 2847 degere,
1024 2776 1083 2829 in
1141 2791 1258 2846 quo
1319 2773 1672 2830 monasterio
1733 2788 1959 2826 comam
2037 2772 2079 2825 d1

2241 2771 2564 2847 δομημὲνης
2654 2772 2984 2846 καταμονῆς,
3041 2775 3132 2827 καὶ
3210 2773 3584 2849 ἀποκείρεσθαι
3655 2775 3825 2846 ταύτας,

487 2865 828 2939 posuerint;
863 2869 965 2920 aut
991 2864 1037 2919 si
1071 2864 1208 2935 ipsa:
1229 2868 1532 2918 tonsuram
1566 2868 1858 2926 recusent,
1914 2860 2013 2931 qui
2047 2876 2077 2915 e

2239 2865 2326 2918 καὶ
2370 2866 2664 2924 κανονικῶς
2713 2863 2848 2916 κατά
2910 2862 3157 2937 μοναχάς
3190 2860 3398 2938 διάγειν
3432 2865 3643 2935 ἑκάστην
3690 2863 3826 2918 αὐτῶν

489 2961 621 3010 ante
650 2953 1074 3009 ordinationem
1101 2953 1288 3023 juncti
1325 2957 1492 3008 erant
1547 2949 1941 3019 matrimonio,
1993 2966 2080 3020 po:

2239 2950 2289 3007 ἐν
2391 2951 2529 3026 μονῇ
2559 2952 2647 3006 καὶ
2677 2953 2774 3019 τήν
2806 2951 2976 3027 τρίχα
3020 2949 3274 3015 ἀπέθετο·
3310 2951 3344 3021 ἧ
3398 2954 3473 3026 μή
3533 2951 3826 3028 βουλομένων

487 3043 692 3099 tiﬁcati
730 3042 875 3098 solio
902 3047 956 3097 et
1012 3042 1297 3114 dignitate
1329 3041 1648 3113 priventur,
1706 3044 1763 3096 et
1812 3038 1870 3092 in
1926 3054 2078 3093 eorm

2238 3045 2343 3094 τῶν
2397 3045 2657 3116 γυναικῶν
2715 3039 2975 3102 ἑκουσίως
3057 3041 3159 3110 τὴν
3247 3042 3538 3117 ἀπόκαρσιν
3611 3038 3829 3112 δέξασθαι,

493 3131 682 3186 locum
717 3130 814 3186 alii
847 3131 1238 3186 snfficiantur.
1289 3135 1352 3184 In
1412 3134 1708 3199 posterum
1765 3133 1981 3194 autem,
2028 3145 2084 3199 qi

2240 3129 2363 3192 τοὺς
2400 3130 2505 3202 πρὸ
2547 3135 2644 3197 τῆς
2702 3127 3042 3204 χειροτονίας
3103 3128 3460 3207 συναφθέντας
3514 3129 3682 3191 αὐταῖς
3729 3129 3831 3183 ἀπο·

492 3223 625 3273 ante
656 3218 1008 3272 creationem
1033 3217 1359 3288 legitimam
1405 3233 1642 3272 uxorem
1701 3216 1960 3282 habebit,
2011 3233 2083 3271 no

2240 3216 2687 3293 γεγυμνωμένους
2745 3218 2878 3272 εἶναι
2933 3221 3030 3271 τοῦ
3083 3217 3480 3295 ἀρχιερατικοῦ
3540 3220 3713 3294 θρόνου
3765 3217 3831 3272 καὶ

483 3307 650 3363 aliter
681 3307 1144 3378 ordinari,quam
1181 3307 1229 3362 si
1251 3306 1547 3362 communi
1569 3307 1886 3378 conjugum
1909 3304 2074 3376 scripi

2241 3307 2564 3379 ἀξιώματος,
2595 3307 2683 3359 καὶ
2744 3306 2958 3380 ἑτέρους
3006 3307 3118 3360 ἀντ’
3149 3308 3334 3362 αὐτῶν
3386 3308 3468 3363 ἐπὶ
3515 3314 3624 3370 ταῖς
3668 3306 3832 3382 λαχού-

479 3413 769 3452 oonsensu
802 3401 858 3452 et
885 3395 1126 3466 placito,
1157 3415 1190 3451 a
1231 3414 1292 3451 se
1341 3397 1591 3452 invicem
1641 3401 2009 3465 separentur,
2067 3422 2070 3439 ‹

2241 3408 2353 3450 σαις
2406 3385 2598 3448 αὐτοὺς
2645 3385 2994 3462 ψηφίζεσθαι’
3025 3390 3115 3441 καί
3162 3389 3226 3442 τὸ
3285 3389 3391 3443 ἀπὸ
3441 3387 3593 3444 τοῦδε
3644 3389 3710 3461 μή
3758 3385 3832 3440 ἄλ-

477 3485 690 3542 mulier
719 3485 1106 3540 monasticam
1142 3487 1320 3539 vitam
1369 3485 1638 3556 amplexa
1683 3485 1780 3538 sit.
1827 3485 1918 3538 Sic
1967 3483 2057 3538 eni

2243 3477 2352 3539 λως
2381 3479 2814 3552 χειροτονεῖσθαι
2843 3479 2934 3532 τὸν
2967 3479 3072 3553 πρὸ
3101 3487 3204 3549 τῆς
3264 3481 3593 3556 χειροτονίας
3645 3481 3834 3553 νόμιμον

2243 3564 2262 3587 ν
2676 3570 2690 3587 \
2830 3567 2850 3587 9.
2958 3571 2970 3587 \
3035 3568 3058 3587 ﬁ
3127 3576 3152 3587 κ
3264 3574 3288 3587 Λ
3325 3578 3348 3587 ι.
3463 3574 3475 3587 ι
3537 3574 3547 3587 l
3819 3570 3829 3587 ε

477 3575 690 3630 creatio
723 3573 850 3630 sine
876 3574 1225 3629 oﬂ‘endiculo
1259 3580 1315 3630 et
1345 3576 1584 3638 damno,
1610 3575 1779 3645 juxta
1810 3589 2009 3628 sacros
2066 3602 2068 3617 ε

2245 3564 2435 3643 ἔχοντα
2488 3570 2752 3643 γαμετὴν.
2803 3567 2850 3624 εῗ
2905 3571 2979 3642 μὴ
3031 3568 3402 3648 διαζευχθεῖεν
3463 3574 3706 3646 ἑκάτεροι,
3732 3570 3836 3625 κατὰ

475 3663 702 3720 divinos
732 3679 984 3718 canones
1017 3665 1311 3734 procedet,
1339 3669 1566 3718 semota
1596 3664 1667 3718 ab
1712 3662 1872 3717 omni
1929 3677 2059 3716 sace

2243 3658 2415 3725 ιιοινὴν
2475 3662 2580 3711 τῶν
2637 3657 2896 3712 συνεύνων
2973 3657 3242 3738 ἔγγραφον
3323 3661 3627 3740 συμφωνίαι
3680 3682 3728 3715 τε
3767 3659 3834 3712 καὶ

479 3753 691 3808 dotalis
719 3752 943 3808 ordinis
976 3751 1452 3824 reprehensione.

2242 3747 2529 3820 ὶρέσκειαν,
2560 3747 2650 3802 καὶ
2707 3751 2741 3817 ἠ
2795 3750 2930 3824 γυνή
2996 3751 3087 3804 τὸν
3151 3754 3368 3826 μονήρη
3405 3753 3516 3827 βίον
3574 3751 3833 3806 ἀσπάσεται·

477 3841 566 3895 καὶ
599 3839 742 3894 οὕτω
770 3840 837 3895 τὰ
863 3847 963 3909 τῆς
987 3839 1332 3916 χειροτονίας
1364 3834 1676 3915 προϐαίνειν
1709 3839 1844 3893 κατᾶ
1871 3837 2000 3902 τοὺς
2054 3837 2235 3912 ἱεροὺς
2291 3837 2380 3892 καὶ
2428 3836 2600 3898 θείους
2654 3838 2884 3900 κανόνας
2943 3836 3344 3896 ἀσκανδάλιστα
3397 3841 3487 3897 καὶ
3544 3840 3834 3915 ἀπρόσκοπα,

475 3928 564 3981 καὶ
601 3928 798 4000 μώμου
829 3929 1027 3989 παντὸς
1060 3928 1435 4000 ἆπεξενωμένα
1463 3935 1564 3997 τῆς
1594 3930 1872 4002 ἱερατικῆς
1900 3925 2292 3990 καταστάσεως.

545 4018 900 4072 Assidebant
947 4017 1016 4072 ad
1079 4033 1220 4073 mea:
1280 4018 1611 4088 majestatis
1661 4017 1918 4072 tribunal
1975 4033 2122 4088 pon-

2303 4016 2472 4069 Ἦσαν
2505 4010 2563 4067 δὲ
2589 4017 2668 4085 τῷ
2703 4015 2908 4087 ματι
2933 4020 3032 4084 τῆς
3066 4015 3344 4090 βασιλείας
3383 4039 3485 4090 μου
3534 4015 3615 4072 ἐπὶ
3665 4013 3838 4072 τούτοις

472 4104 696 4174 tiﬁces,
748 4105 1052 4172 Caesareae,
1119 4107 1361 4179 Ephesi,
1429 4106 1650 4178 Cyzici,
1717 4112 1773 4162 et
1839 4105 1937 4162 alii
2004 4122 2063 4161 nt

2246 4100 2666 4178 τυνεδριάζοντες
2725 4104 3020 4179 ἀρχιερεῖς·
3056 4105 3084 4159 ὁ
3139 4107 3478 4180 Καισαρείας,
3512 4108 3538 4161 ὁ
3579 4102 3837 4184 Ἐφὲσου,ὁ

473 4193 667 4264 pauci.
2233 4193 2486 4262 Κυζίκου,
2515 4192 2604 4247 καὶ
2633 4188 2810 4266 ἕτεροι
2841 4193 2940 4247 οὐκ
2973 4192 3180 4268 ὀλίγοι.

2145 4373 2244 4430 III.

1409 4508 1599 4548 suam
1639 4507 1820 4547 BULLA
1852 4507 2086 4546 vam:sz
2125 4506 2405 4546 CONCESSA
2445 4489 2543 4561 [4).
2586 4489 2678 4561 (Α.
2721 4489 2903 4562 1187.)

542 4661 704 4725 Quod
746 4659 1001 4716 Venetici
1029 4661 1264 4732 quidem
1299 4679 1413 4717 non
1446 4679 1602 4717 nunc
1634 4661 1823 4734 primo
1884 4660 2117 4716 Homeis
2149 4664 2194 4728 Ι)
2227 4662 2366 4714 tunc
2393 4659 2546 4714 obvii
2580 4659 2638 4714 in
2669 4658 2835 4715 illum
2867 4659 3086 4730 egressi
3121 4660 3274 4717 haud
3310 4661 3571 4734 neglecto
3624 4657 3840 4730 navigio,

474 4749 714 4804 federali
739 4749 908 4806 amici
943 4750 1128 4806 effecti
1160 4751 1296 4818 sint,
1327 4768 1432 4807 nec
1466 4769 1652 4822 nuper
1672 4751 1876 4806 borum
1910 4749 2118 4804 amicis
2227 4753 2285 4805 et
2315 4748 2582 4819 piissimo
2602 4765 2954 4821 semperque
2979 4752 3364 4806 memorando
3389 4766 3595 4823 proavo
3649 4741 3847 4819 imperii

474 4837 954 4910 fautorisbusque
985 4839 1410 4903 connumerati,
1444 4841 1543 4895 sed
1587 4857 1655 4895 ex
1710 4856 1824 4910 quo
1884 4843 2118 4910 tempus
2231 4837 2435 4902 nostri,
2464 4837 2700 4894 domino
2733 4837 2923 4894 Alexio
2945 4839 3267 4910 Comnano,
3304 4841 3638 4896 accedentes
3683 4838 3844 4891 fauto-

474 4926 743 4980 crebrum
780 4927 997 4998 priores
1031 4929 1147 4983 fere
1197 4929 1474 4984 omnibus
1524 4928 1702 4983 Italiae
1768 4928 2117 4984 Romaniam
2228 4943 2320 4983 res
2352 4943 2468 4982 non
2503 4927 2708 4996 vocati,
2744 4944 2860 4982 non
2895 4927 3089 4999 parvis
3140 4929 3421 5000 periculis
3476 4944 3536 4984 se
3583 4939 3842 4999 opponen-

474 5013 755 5069 adeuntes
786 5017 1250 5084 etdevotionem,
1311 5034 1487 5088 quam
1540 5033 1677 5089 erga
1717 5017 2118 5090 progenitores
2227 5021 2315 5074 tes
2346 5017 2404 5073 in
2464 5022 2666 5072 contra
2723 5017 2920 5083 illum,
2979 5017 3232 5076 victoriae
3285 5021 3337 5076 ei
3391 5037 3506 5076 non
3557 5014 3844 5091 quamlibet

473 5100 700 5172 imperii
735 5103 916 5157 nostri
941 5103 1577 5167 habebant,ferventius
1598 5105 1724 5160 aliis
1751 5105 2114 5172 exhibentes,
2228 5115 2459 5170 parsem
2492 5099 2891 5158 contulerunt.
2919 5105 3179 5162 Primum
3211 5108 3409 5178 itaque
3441 5107 3547 5162 hoc
3575 5103 3840 5162 exordium

472 5193 600 5246 acta
622 5191 696 5244 ab
726 5191 810 5246 eis
833 5194 986 5264 apud
1013 5194 1368 5248 Durachium
1388 5193 1788 5248 testimonium
1813 5194 2118 5265 perhibere
2227 5188 2601 5259 primamque
2642 5188 2892 5244 radicem
2944 5193 3293 5264 devotionis,
3344 5212 3518 5266 quam
3575 5209 3701 5266 erga
3749 5195 3842 5244 ⁸0⁸

471 5296 584 5334 non
641 5280 984 5346 ambigunt:
1039 5299 1179 5338 sane
1245 5299 1379 5339 cum
1454 5284 1740 5337 Robertus
1797 5283 2116 5338 Viscardus
2227 5293 2389 5332 meos
2429 5277 2722 5346 fovebant,
2781 5279 3147 5349 exhibentes,
3205 5301 3272 5339 ex
3337 5301 3456 5355 qua
3486 5284 3697 5339 fructus
3738 5293 3830 5333 non

471 5369 631 5440 gravi
689 5387 941 5442 equoreo
1003 5371 1254 5427 exercitu
1320 5371 1663 5427 Romaniam
1740 5371 1974 5435 invasit,
2056 5371 2115 5425 hi
2227 5372 2610 5438 sumpserunt
2653 5368 2946 5440 ignobiles
2975 5373 3114 5440 (non
3146 5373 3300 5430 enim
3336 5377 3478 5428 tunc
3509 5367 3835 5428 solummodo

541 5510 900 5585 (4)Exlibro
931 5513 1063 5568 albo
1095 5518 1152 5568 et
1186 5513 1368 5570 Libris
1401 5517 1704 5584 pactorum
1764 5518 1895 5585 post
1947 5514 2117 5568 Mari-
2225 5527 2352 5566 mas
2386 5512 2584 5585 Urk.2..
2615 5512 2714 5567 alt.
2768 5512 3143 5570 Handets-und
3189 5514 3516 5585 Slaatsgesh.
3575 5513 3665 5570 der
3719 5512 3832 5583 Rep.

541 5533 618 5580 vi)
645 5533 724 5565 DX
750 5533 900 5568 ΗυΓο
931 5533 1063 5568 amo
1095 5533 1152 5568 ϐῐι
1186 5533 1368 5570 leI‘lS
1401 5533 1704 5584 pactorum
1764 5533 1895 5585 ροεῐ.
1947 5533 2117 5568 ΜΠΙΊ-
2225 5533 2352 5566 [118.8
2386 5533 2512 5568 υνκ.
2534 5533 2584 5566 2ο.
2615 5533 2714 5567 au.
2768 5533 3143 5570 uanacu-una
3189 5533 3371 5570 emat:
3408 5542 3414 5571 4

471 5597 630 5663 num_
647 5582 828 5663 Storia
855 5587 970 5663 cio;
991 5601 1020 5663 ρ
1049 5587 1204 5656 polit.
1236 5585 1689 5663 delfqmmercig
1730 5585 1799 5663 de
1857 5585 2114 5663 Vengia-
2232 5583 2478 5656 Vcnedig.
2511 5587 2573 5640 T.
2602 5589 2625 5638 l
2657 5585 2852 5657 (Wion
2876 5587 3037 5652 1856)
3068 5603 3126 5659 p.
3153 5533 3414 5644 i79-t8g.

471 5653 554 5706 ιιι.
587 5652 653 5709 Τ.
690 5653 781 5708 lll.
817 5672 873 5726 p.
908 5652 1256 5729 301,'nuper
1290 5658 1601 5714 ediderunt
1644 5657 1803 5714 Tafel
1847 5661 1905 5714 et
1961 5658 2113 5714 Tho-
