4028 6202
297 388 406 449 453

1412 385 1805 449 ΝονΕιωΕ
1846 385 2548 449 CONSTITUTIONES.

3565 389 3686 450 454

295 519 512 576 Romeis
541 519 690 573 servi
721 523 906 587 erant,
936 535 1143 575 verum
1190 519 1366 575 etiam
1398 517 1529 574 aliis
1559 516 1927 589 temporibus
1955 519 2010 586 Α
2040 517 2277 588 quidem
2311 517 2526 574 factum
2560 521 2618 574 et
2648 535 2681 573 a
2712 519 2992 590 perpetue
3023 516 3304 573 memorie
3335 521 3437 574 aut
3465 517 3542 590 (8)
3571 519 3685 574 im-

294 615 344 664 et
369 607 527 676 locis,
561 607 631 662 de
661 607 879 680 quibus
910 625 1014 680 per
1041 612 1236 679 partes
1276 607 1600 680 exprimere
1631 605 1922 678 prolixum

294 697 413 766 est),
468 713 500 751 a
555 703 750 752 nostre
824 696 1205 752 sublimitatis
1283 695 1754 769 progenitoribus
1807 710 1922 749 non

293 786 519 842 minima
540 785 764 856 premia
787 785 983 858 adepti
1004 789 1164 850 sunt,
1187 802 1370 840 unum
1393 785 1690 857 quoddam
1713 799 1926 855 corpus

292 873 554 929 unanima
583 890 719 928 cum
755 873 1042 930 Romanis
1071 874 1258 930 efi‘ecti
1294 891 1409 929 uno
1458 873 1668 944 capite,
1701 872 1810 927 hoc
1840 871 1924 926 vi-

288 961 483 1019 delicet
504 962 773 1034 imperio,
809 963 1295 1035 dispensandum.
1328 961 1438 1017 Alii
1471 963 1546 1033 (5)
1578 962 1661 1016 sic
1693 961 1838 1016 uniti
1872 964 1928 1016 et

287 1051 552 1108 Romanis
622 1051 875 1106 maxime
925 1051 1137 1118 devoti,
1198 1051 1410 1108 occulti
1470 1053 1542 1106 ob
1615 1051 1925 1122 cujusdam

284 1155 467 1196 rerum
497 1155 811 1195 excessum
844 1139 1126 1196 Romanis
1175 1139 1351 1196 alieni
1404 1140 1594 1195 effecti
1629 1144 1788 1195 sunt.
1818 1139 1926 1194 Ve-

282 1233 606 1285 rumtamen
668 1228 948 1300 quoniam
1011 1229 1106 1300 pia
1164 1234 1366 1286 nostra
1422 1229 1822 1301 tranquilitate
1868 1227 1928 1282 in

279 1317 714 1390 progenitorum
764 1335 1008 1374 suorum
1064 1324 1294 1389 sceptra
1325 1319 1575 1374 Romani
1636 1317 1928 1390 imperiis

278 1407 384 1462 Deo
436 1411 713 1478 promota
767 1405 1027 1462 Venetici
1088 1405 1462 1462 dilectionem
1519 1411 1576 1461 et
1627 1405 1928 1461 servitium

276 1512 401 1565 erga
447 1494 804 1550 Romaniam
853 1499 1220 1551 sacramento
1273 1510 1549 1550 renovare
1595 1494 1928 1565 voluerunt,

276 1582 567 1638 notiﬁcata
628 1585 689 1639 in
751 1584 1159 1655 conventione,
1212 1600 1390 1656 quam
1450 1583 1698 1656 imperio
1729 1586 1929 1639 nostro

276 1676 326 1728 et
353 1672 638 1728 Romanis
675 1672 958 1741 fecerunt,
992 1673 1253 1744 capitula
1275 1674 1617 1744 juramento
1660 1672 1929 1728 corrobo-

277 1766 488 1830 rantes,
545 1760 870 1832 imperium
929 1759 1201 1831 equidem
1274 1763 1542 1815 nostrum
1603 1763 1669 1814 ad
1729 1773 1931 1815 eorum

273 1848 603 1916 servitium,
657 1865 770 1920 que
817 1849 931 1921 ipsi
979 1865 1116 1921 sepe
1164 1849 1446 1904 Romanis
1495 1849 1777 1919 fecerunt,
1812 1863 1932 1902 me-

276 1937 517 1994 moriam
551 1937 798 1994 veniens
830 1939 929 2009 (6),
962 1954 1061 1993 eos
1093 1954 1276 2010 usque
1327 1937 1386 1992 in
1421 1937 1592 1992 ﬁnem
1647 1936 1868 1992 alienos
1898 1952 1933 1991 a

274 2026 552 2082 Romanis
593 2044 709 2082 non
743 2027 862 2082 fore
897 2029 1130 2097 justum
1174 2028 1488 2099 reputavit,
1537 2027 1798 2097 suscepit
1827 2043 1927 2080 au-

275 2121 384 2171 tem
415 2131 517 2170 eos
585 2116 824 2184 iterum,
888 2116 1287 2172 misericordis
1337 2117 1584 2186 januam
1646 2115 1930 2187 pandens,

274 2219 606 2275 corpusque
640 2205 884 2260 Romani
919 2205 1288 2277 principatus
1318 2205 1387 2259 ad
1420 2205 1730 2275 pristinam
1765 2204 1899 2258 rede

273 2292 354 2366 git
375 2292 807 2366 integritatem,
844 2295 1171 2351 membrum
1218 2295 1346 2366 ejus
1399 2299 1771 2366 amputatum
1804 2311 1932 2350 rur-

275 2397 401 2438 sum
443 2381 566 2454 ipsi
615 2382 970 2454 adjungens.
1032 2383 1319 2450 Quoniam
1373 2400 1508 2439 vero
1540 2388 1936 2456 poposcerunt

277 2475 542 2526 nostram
583 2470 1035 2539 sublimitatem,
1071 2477 1345 2543 rogantes
1399 2472 1759 2528 crisobulum
1791 2473 1936 2546 ipsis

280 2561 495 2615 factum
535 2577 576 2614 a
619 2575 854 2632 semper
898 2560 1051 2616 inter
1108 2561 1494 2633 imperatores
1553 2563 1936 2618 memorando

280 2653 484 2721 patruo
517 2648 759 2720 imperii
793 2649 1002 2717 nostri,
1032 2649 1272 2704 domino
1323 2649 1589 2705 Manuele
1619 2653 1934 2718 Comnano,

281 2737 641 2793 conﬁrmans
695 2737 1018 2810 chysobula
1064 2737 1210 2808 ipsis
1265 2737 1550 2793 hactenus
1596 2738 1749 2794 facta
1797 2739 1936 2810 piis-

281 2825 573 2880 simorum
589 2842 932 2898 semperque
951 2826 1468 2881 memorandorum
1494 2825 1936 2897 imperatorum,

279 2913 558 2970 videlicet
605 2914 804 2986 proavi
852 2913 1085 2986 imperii
1144 2913 1328 2970 nostri
1379 2914 1603 2970 domini
1659 2913 1840 2970 Alexii
1882 2919 1940 2970 et

283 3002 478 3075 magni
515 3004 713 3075 patrui
745 3003 966 3058 domini
997 3002 1284 3059 Johannis
1306 3007 1762 3074 Comnanorum,
1785 3020 1938 3059 com-

281 3094 506 3149 ﬁrmari
541 3110 676 3149 cum
710 3092 916 3150 ceteris
961 3099 1018 3148 et
1057 3110 1090 3148 a
1138 3100 1340 3150 nostra
1388 3093 1717 3161 clementia,
1749 3093 1937 3166 impe-

282 3181 430 3237 rium
503 3188 776 3238 nostrum
854 3187 912 3236 et
968 3181 1118 3236 hanc
1193 3181 1666 3252 deprecationem
1734 3197 1936 3236 eorum

1963 1897 2010 1962 B

2034 607 2179 677 perii
2239 607 2420 662 nostri
2479 606 2918 679 chrysohulum,
2968 607 3200 662 diversa
3254 607 3402 678 ipsis
3433 606 3686 684 largiens

2033 694 2406 752 liberalitatis
2431 696 2732 752 beneﬁcia.
2765 695 3046 768 Sequitur
3076 699 3273 751 autem
3307 695 3503 767 ipsum
3555 712 3688 751 mox

2036 791 2092 841 et
2122 785 2369 842 alterum
2402 804 2435 843 a
2493 803 2726 858 semper
2776 787 3155 842 memorando
3187 791 3243 840 et
3293 790 3379 841 ter
3423 786 3589 841 beato
3616 786 3689 842 ab

2036 875 2430 947 omnibusque
2505 877 2714 932 dilecto
2793 875 3031 931 domino
3109 879 3166 930 et
3239 878 3403 946 patre
3461 875 3689 946 imperii

2037 963 2244 1028 nostri,
2279 966 2480 1020 eadem
2516 965 2662 1035 ipsis
2704 963 3071 1032 impertiens,
3104 969 3161 1018 at
3209 963 3544 1035 appositum
3579 969 3688 1034 est,

2038 1053 2190 1124 quod
2226 1059 2366 1108 tunc
2417 1054 2633 1125 petiere
2679 1059 2737 1107 et
2765 1058 2920 1108 certe
2963 1053 3040 1123 (9)
3072 1053 3142 1107 ad
3197 1053 3691 1108 restaurationem

2037 1141 2369 1207 amborum,
2404 1143 2535 1196 fidei
2566 1148 2622 1196 et
2652 1141 2952 1196 servitutis
3000 1139 3288 1209 videlicet,
3344 1157 3521 1212 quam
3553 1157 3695 1213 erga

2037 1229 2350 1300 imperium
2405 1234 2671 1286 nostrum
2723 1230 3037 1296 habebant,
3086 1233 3143 1283 et
3189 1227 3398 1284 sinceri
3447 1229 3690 1298 amoris,

2039 1335 2214 1389 quem
2243 1334 2379 1391 erga
2410 1319 2757 1375 Romaniam
2804 1319 3114 1374 observare
3164 1316 3406 1388 polliciti
3439 1319 3692 1387 fuerant,

2041 1423 2146 1462 nec
2195 1424 2310 1463 non
2355 1413 2412 1464 et
2467 1410 2735 1464 affectus.
2786 1405 3196 1462 Necessarium
3251 1405 3430 1478 igitur
3484 1411 3596 1474 est,
3637 1409 3694 1462 et

2042 1501 2292 1567 utraque
2351 1497 2604 1552 hiisdem
2681 1513 2827 1568 quas
2883 1496 2904 1530 ⁹
2952 1497 3252 1550 continent
3329 1494 3689 1550 dictionibus

2041 1585 2299 1655 presenti
2334 1591 2531 1641 nostre
2562 1585 2899 1640 serenitatis
2939 1582 3292 1655 chrysohulo
3337 1599 3492 1638 nunc
3523 1582 3692 1639 inno-

2039 1674 2186 1740 vari,
2233 1679 2527 1745 quatenus
2577 1674 2756 1730 veluti
2805 1673 3094 1728 civitatein
3153 1671 3214 1726 in
3272 1672 3461 1727 medio
3515 1673 3692 1728 sitam

2042 1763 2295 1818 summis
2317 1764 2606 1835 presentis
2633 1762 2857 1818 scilicet
2888 1759 3223 1834 chrysobuli
3245 1779 3346 1833 per
3367 1761 3566 1816 omnia
3583 1761 3697 1816 col-

2042 1850 2296 1922 ligemus
2328 1855 2385 1907 et
2426 1851 2787 1907 muniamus.
2823 1851 3006 1905 Habet
3053 1850 3251 1921 itaque
3285 1848 3368 1904 sic
3415 1854 3694 1922 perpetue

2043 1942 2321 1996 memorie
2381 1941 2754 2013 imperatoris
2812 1938 3036 1994 domini
3104 1944 3161 1994 et
3220 1938 3406 2010 patris
3461 1938 3695 2010 imperii

2044 2031 2227 2085 nostri
2260 2029 2677 2102 chrysobulum
2707 2046 2718 2085 :

2116 2139 2144 2168 «
2175 2119 2483 2174 Consusvit
2513 2134 2649 2190 sepe
2696 2116 2998 2188 antiquior
3039 2115 3184 2171 fides
3229 2118 3285 2169 et
3333 2114 3556 2170 devotio
3589 2131 3690 2188 po-

2044 2229 2072 2258 «
2107 2207 2408 2264 steriorem
2465 2206 2947 2262 mallivolentiam
3005 2211 3311 2276 contegere
3368 2207 3424 2258 et
3475 2203 3690 2276 delere,

2043 2319 2071 2347 «
2107 2296 2274 2352 victis
2303 2295 2556 2351 dominis
2588 2301 2644 2351 st
2674 2295 2882 2350 amicis
2937 2293 3220 2348 memoria
3269 2291 3518 2364 pristino
3549 2293 3691 2348 sub-

2047 2406 2075 2436 «
2107 2386 2365 2440 ditorum
2397 2390 2454 2440 et
2485 2385 2811 2441 amicorum
2862 2381 3178 2446 bonitatis;
3230 2380 3403 2452 quale
3450 2398 3606 2437 nunc
3637 2385 3696 2436 et

2049 2497 2077 2526 ‹‹
2108 2475 2179 2530 de
2222 2473 2502 2530 Veniticis
2545 2473 2804 2546 contigit.
2861 2471 3174 2544 Imperium
3225 2470 3380 2525 enim
3423 2475 3692 2526 nostrum

2048 2563 2488 2618 «reminiscens
2526 2579 2729 2618 eorum
2780 2561 3019 2632 antique
3069 2559 3402 2616 devocionis
3450 2565 3508 2614 et
3535 2560 3692 2626 fidei,

2047 2678 2075 2705 ‹‹
2110 2672 2288 2726 quam
2345 2671 2481 2728 erga
2530 2658 2807 2727 perpetuo
2869 2652 3147 2708 memoris
3204 2651 3610 2722 imperatorem
3638 2656 3695 2707 et

2051 2766 2080 2795 «
2113 2744 2556 2800 desiderabilem
2587 2743 2894 2799 dominum
2927 2746 2983 2798 et
3009 2745 3232 2813 patrem
3254 2739 3483 2812 imperii
3507 2741 3694 2796 nostri

2055 2853 2076 2882 ι
2109 2833 2444 2902 exhibuere,
2478 2831 2737 2905 pericula
2781 2847 2884 2903 pro
2932 2829 3214 2885 Romanis
3266 2828 3609 2893 subeuntes,
3641 2831 3698 2883 et

2052 2944 2079 2973 ‹‹
2112 2926 2231 2977 toto
2263 2922 2454 2991 corde,
2488 2938 2622 2976 cum
2655 2919 2999 2990 inambigua
3042 2915 3387 2972 strenuitate
3427 2933 3698 2989 pugnan-

2049 3033 2077 3061 «
2112 3019 2196 3067 tes
2253 3015 2454 3067 contra
2512 3011 2729 3080 hostes,
2789 3009 2888 3080 qui
2949 3013 3089 3063 tunc
3149 3022 3276 3062 eam
3341 3005 3696 3077 invaserant,

2052 3099 2285 3172 «paulo
2336 3107 2468 3155 ante
2522 3099 2673 3154 male
2732 3098 2804 3153 ab
2861 3097 2945 3152 eis
2999 3101 3161 3168 gesta
3218 3095 3590 3166 contempsit,
3643 3099 3700 3150 et

2051 3212 2072 3238 ι
2109 3189 2496 3244 reversionem
2531 3205 2732 3244 eorum
2766 3187 3044 3256 suscepit,
3107 3187 3308 3255 eisque
3340 3191 3548 3238 nutum
3583 3183 3700 3255 yla-

280 3271 612 3345 adimplens
669 3271 979 3328 conﬁrmat
1053 3288 1156 3344 per
1220 3287 1462 3342 presens
1517 3271 1937 3344 chrysobulum
1971 3265 2012 3332 C
2051 3301 2078 3328 «
2113 3295 2235 3333 rem
2295 3278 2572 3344 ostendit,
2628 3281 2684 3331 et
2741 3276 3087 3330 accedentes
3144 3289 3243 3327 eos
3301 3272 3698 3343 amplexatum

281 3361 532 3416 verbum
593 3377 769 3416 suum
827 3359 978 3417 idem
1038 3378 1240 3416 eorum
1301 3359 1711 3432 chysohulum,
1785 3361 1938 3432 quod

285 3450 494 3521 sicque
525 3449 703 3504 habet
725 3465 738 3504 :

355 3559 384 3588 ι(
452 3539 520 3594 Et
572 3537 788 3610 aliquis
846 3538 1206 3594 ﬁrmioribus
1262 3537 1598 3594 civitatibus
1647 3536 1941 3593 fortitudi-

287 3643 423 3683 nem
481 3627 696 3682 sddere
742 3628 942 3683 volens
985 3629 1275 3683 secundas
1321 3628 1677 3683 munitiones
1716 3626 1944 3698 excogi-

287 3717 458 3786 tavit,
504 3721 564 3772 et
619 3718 966 3773 custodibus
1028 3718 1325 3773 custodias
1383 3718 1688 3789 murisque
1745 3733 1945 3773 muros

294 3803 534 3875 adjecit,
567 3809 624 3859 et
654 3804 913 3860 hostium
944 3805 1262 3862 insultibus
1286 3807 1607 3863 fortissima
1637 3807 1944 3880 opposuit;

293 3899 380 3949 set
414 3900 476 3948 et
506 3894 632 3948 auri
664 3896 894 3964 pondus
937 3911 1112 3966 grave
1159 3895 1335 3965 hujus
1387 3897 1574 3968 gratia
1603 3898 1945 3970 expendere,

293 3989 350 4038 et
406 3983 747 4056 perfectioni
807 3985 1072 4040 custodis
1131 3985 1410 4056 prolixius
1464 3992 1699 4059 tempus
1739 3992 1945 4054 terere,

293 4078 347 4128 et
378 4073 497 4128 alia
527 4072 696 4143 plura
741 4075 812 4128 ad
861 4073 1116 4130 civitatis
1169 4075 1503 4131 firmitatem
1546 4083 1722 4148 atque
1752 4081 1948 4132 custo-

292 4162 451 4217 diam
486 4160 687 4233 largiri
721 4178 834 4217 non
889 4162 1180 4218 refutavit.
1242 4163 1358 4219 Nos
1391 4181 1524 4219 vero
1570 4169 1627 4220 et
1675 4181 1809 4219 cum
1842 4165 1949 4220 deo

291 4249 672 4320 imperatorio
727 4250 1060 4322 principatu
1119 4251 1430 4319 succincti,
1487 4258 1544 4308 et
1602 4257 1949 4324 potestatem

295 4342 469 4411 atque
489 4337 764 4394 virtutem
801 4338 1106 4406 habentes,
1139 4355 1243 4395 nec
1294 4357 1411 4395 non
1458 4345 1516 4395 et
1567 4340 1950 4413 pecuniarum

292 4429 626 4494 thesauros,
661 4429 758 4484 ubi
794 4429 981 4501 placet
1011 4434 1068 4485 et
1114 4431 1435 4487 necessitas
1494 4432 1696 4504 exigit,
1728 4431 1952 4504 largius

296 4517 683 4588 efi‘undenles,
744 4535 860 4574 non
919 4518 1240 4590 largiamur
1295 4521 1501 4576 amicis
1560 4520 1837 4577 ﬁdelibus
1895 4524 1954 4576 et

2051 3390 2078 3417 «
2113 3372 2220 3432 est,
2282 3371 2337 3421 et
2382 3366 2568 3439 primo
2627 3364 2866 3435 quidem
2925 3362 3292 3433 indulgentia
3347 3376 3446 3416 eos
3489 3361 3700 3433 dignos

2052 3478 2078 3504 «
2115 3455 2271 3522 facit,
2305 3459 2369 3509 ut
2398 3460 2453 3508 et
2484 3454 2722 3526 penitus
2754 3451 2976 3507 nullam
3010 3451 3220 3506 amodo
3247 3450 3498 3504 subeant
3527 3448 3700 3505 lesio-

2056 3565 2083 3592 «
2117 3559 2247 3598 nem
2283 3559 2384 3615 pro
2425 3543 2560 3608 hiis,
2610 3559 2724 3614 Qus
2769 3541 2826 3596 in
2875 3538 3287 3595 celsitudinem
3349 3543 3609 3593 nostram
3641 3541 3700 3594 et

2054 3656 2079 3682 ‹‹
2116 3633 2457 3687 Romaniam
2511 3648 2579 3687 ex
2635 3629 2923 3685 diabolica
2965 3627 3338 3684 infestatione
3390 3627 3700 3682 commise-

2062 3740 2089 3774 α
2118 3725 2274 3787 runt,
2310 3737 2507 3776 verum
2559 3720 2811 3774 habeant
2868 3717 3168 3772 assiduam
3217 3715 3452 3787 pietatis
3499 3720 3699 3770 nostre

2056 3835 2084 3862 «
2120 3810 2544 3883 indulgentiam
2579 3825 2680 3880 per
2725 3823 2964 3879 presens
3012 3804 3432 3878 chrysobulum
3479 3805 3564 3859 eis
3593 3803 3712 3859 col-

2061 3902 2316 3966 «latam,
2373 3898 2785 3971 pollicentibus
2840 3901 2897 3951 et
2955 3911 3188 3950 rursum
3239 3910 3306 3948 ex
3363 3898 3482 3948 toto
3531 3893 3708 3947 corde

2059 4015 2084 4042 ‹‹
2118 4008 2218 4064 prn
2279 3988 2564 4045 Romania
2622 4002 2883 4059 pugnare
2939 3989 2996 4039 et
3052 4000 3155 4054 pro
3215 3983 3374 4038 omni
3429 3979 3706 4036 eristiano

2065 4103 2092 4135 α
2121 4081 2325 4136 ordine
2356 4079 2464 4134 sub
2499 4081 2697 4131 nostra
2728 4075 3011 4130 existente
3057 4071 3388 4138 clementia,
3421 4070 3708 4142 quedam-

2059 4197 2086 4224 ‹‹
2122 4188 2233 4244 que
2266 4169 2542 4244 specialia
2590 4166 2826 4223 servitia
2875 4165 3094 4235 scripta
3148 4181 3247 4236 per
3294 4161 3710 4218 eonventioncs

2067 4283 2094 4316 ιι
2123 4259 2459 4317 celsitudini
2510 4261 2708 4313 nostre
2754 4260 2811 4310 et
2871 4253 3150 4310 Romanis
3198 4253 3506 4308 observare
3537 4250 3706 4322 polli-

2063 4350 2274 4419 «citis,
2345 4347 2670 4404 secundum
2747 4344 2905 4416 quod
2976 4341 3283 4397 conventio
3361 4357 3394 4395 a
3472 4339 3706 4394 nunciis

2064 4462 2092 4491 (ι
2124 4457 2326 4495 eorum
2356 4439 2508 4493 facta
2563 4436 2633 4490 de
2689 4433 2784 4490 his
2822 4431 3000 4488 latius
3051 4435 3268 4486 narrat.
3329 4430 3397 4483 Et
3426 4427 3705 4499 quoniam

2062 4553 2090 4579 ‹‹
2123 4529 2416 4600 petierunt
2448 4526 2599 4580 idem
2633 4521 3054 4595 chrysobulum
3103 4519 3248 4590 ipsis
3298 4517 3518 4572 factum
3553 4515 3706 4570 beati

294 4605 598 4673 benivolis,
651 4612 708 4661 et
757 4624 1027 4663 sermone
1080 4624 1381 4665 sermones
1438 4610 1946 4681 conﬁrmabimus,
1979 4629 2026 4694 ι)
2061 4642 2090 4670 ‹‹
2123 4614 2494 4690 imperatoris
2524 4611 2744 4668 domini
2778 4616 2834 4666 st
2865 4608 3047 4682 patris
3091 4605 3318 4678 imperii
3363 4603 3546 4659 nostri
3579 4620 3707 4658 cor-

293 4711 656 4766 manumque
678 4697 748 4750 ad
778 4696 1236 4753 ministrandum
1262 4697 1416 4752 stillo
1440 4697 1848 4754 exhibebimus
1873 4699 1945 4753 ad

295 4800 494 4839 eorum
528 4785 1084 4852 corroborationem,
1138 4791 1195 4842 et
1242 4785 1459 4841 vallum
1514 4785 1664 4842 vallo
1703 4787 1946 4842 adhibe-

294 4875 516 4939 bimus,
571 4881 864 4946 quatenus
921 4875 1059 4932 olim
1109 4877 1193 4933 eis
1226 4878 1528 4932 munimen
1585 4878 1944 4934 custoditum

289 4964 700 5021 custodiamus
731 4969 788 5021 et
837 4965 1178 5023 muniamus
1200 4967 1227 5021 ‘I
1255 4969 1324 5021 Et
1354 4966 1451 5022 ubi
1483 4966 1590 5022 hoc
1623 4967 1946 5039 imperialis

287 5051 693 5107 benevolentis
723 5058 782 5108 et
811 5053 1150 5120 voluntatis,
1187 5071 1299 5110 non
1333 5055 1418 5110 eis
1436 5055 1681 5125 januam
1707 5054 1947 5127 opilabi-

292 5158 426 5196 mus
459 5141 558 5212 (7),
592 5157 695 5196 nec
727 5143 996 5198 auditum
1028 5143 1112 5199 eis
1135 5144 1486 5214 serabimus,
1529 5161 1729 5200 verum
1763 5143 1944 5199 lecius

290 5245 389 5283 eos
421 5228 820 5299 adspiciemus
851 5235 907 5285 et
936 5229 1273 5302 petitionem
1316 5247 1516 5286 eorum
1550 5231 1939 5303 perﬁciemus.

291 5320 359 5372 Et
391 5316 532 5390 quid
586 5317 731 5372 mihi
778 5319 848 5374 ad
900 5319 1126 5376 favores
1181 5319 1522 5376 sermonis?
1577 5319 1813 5376 Venetis
1856 5323 1948 5376 est

361 5495 436 5564 (5)
472 5492 734 5568 Editores
763 5493 1077 5568 legendum
1111 5502 1388 5553 censent:
1433 5497 1499 5552 At
1530 5498 1575 5552 ii
1605 5496 1798 5553 Recte.

366 5568 419 5632 (6
472 5565 744 5621 Vertens.

367 5570 441 5709 (7)
470 5636 736 5693 Editores

367 5636 736 5723 (7)-E}ditores
767 5641 1010 5723 notant:
1058 5638 1436 5723 obserabimnus
1482 5657 1659 5712 supra
1689 5637 1942 5723 legitur;

303 5722 371 5764 an
418 5709 843 5768 obturabimus?
893 5715 1041 5768 Tene
1099 5714 1295 5769 tamen
1353 5709 1606 5770 formam
1662 5709 1941 5770 rariorem

2057 4732 2084 4758 ‹‹
2119 4707 2227 4780 rigi
2287 4703 2516 4774 sibique
2570 4703 2780 4755 iterum
2833 4697 2981 4766 dari,
3042 4698 3182 4768 quia
3214 4696 3338 4764 jam
3400 4708 3465 4780 eo
3499 4691 3707 4780 privati

2057 4820 2083 4846 ‹‹
2118 4779 2348 4851 fuerant
2379 4809 2481 4863 pro
2514 4788 2627 4844 hiis
2649 4803 2762 4860 que
2793 4786 3125 4842 acciderant
3154 4781 3362 4854 culpis,
3396 4779 3707 4836 clementia

2055 4908 2083 4935 «
2120 4888 2321 4939 nostra
2358 4897 2456 4935 eos
2502 4875 2798 4932 exaudivit
2848 4873 3239 4946 precepitque,
3293 4866 3707 4925 inviolabiliter

2057 4996 2084 5024 «
2119 4974 2227 5028 hoc
2257 4976 2452 5025 tamen
2486 4965 2664 5021 scribi
2699 4969 2755 5019 et
2784 4964 2876 5018 hic
2910 4961 3070 5034 poni,
3104 4961 3188 5015 sic
3218 4959 3481 5014 habens:

2127 5063 2188 5116 Et
2217 5059 2349 5132 quid
2389 5072 2632 5127 unquam
2679 5059 2754 5109 est
2810 5051 3162 5108 commutatio
3218 5065 3427 5114 eorum,
3459 5062 3561 5118 que
3588 5047 3706 5100 sin-

2053 5167 2175 5209 cere
2203 5149 2518 5205 dilectionis
2573 5153 2623 5199 et
2665 5143 2794 5214 ﬁdei
2839 5140 3014 5197 sunt?
3043 5141 3106 5194 Et
3158 5154 3317 5210 quem
3365 5138 3569 5192 amicis
3595 5135 3704 5188 mi-

2053 5241 2370 5311 nistrisque,
2399 5235 2719 5308 peribulum
2770 5232 2956 5286 subire
3000 5231 3218 5302 paratis
3245 5243 3344 5298 pro
3389 5223 3627 5280 dominis
3656 5227 3706 5278 el

2053 5332 2264 5401 amicis,
2297 5327 2489 5384 reddet
2522 5325 2642 5397 quis
2674 5323 2958 5388 talionem,
3006 5323 3058 5374 et
3113 5317 3356 5372 maxime
3403 5323 3548 5381 tunc,
3579 5326 3704 5368 cum

2053 5495 2192 5570 apii.

2109 5568 2200 5639 '(8)
2235 5569 2378 5639 Lege
2407 5577 2530 5639 avo.

2118 5635 2202 5728 _(9)
2228 5638 2450 5695 Cariam
2472 5635 2497 5686 .’
