4028 6202
343 314 466 374 455
1603 293 1611 297 ’
1650 312 1910 376 mum
1956 312 2250 377 suam
2290 313 2463 378 IMP.
3646 320 3766 382 sse

342 447 455 520 ipsi
481 447 799 506 voluntarie
815 464 916 521 pro
972 464 1054 505 eis
1100 449 1531 506 inimicitiarum
1580 448 1852 504 intersunt
1889 463 1994 520 puo
2028 445 2085 515 Α
2116 446 2245 504 bens
2272 447 2344 503 ad
2381 449 2678 507 chetandia
2724 449 2875 507 dari.
2936 450 3219 509 Concessit
3274 454 3459 508 autem
3506 450 3768 509 celsitudo

340 538 470 606 gnis
493 540 520 590 .9
547 538 611 593 Et
645 536 864 609 quidem
903 543 1086 593 nostre
1127 538 1490 594 benivolentie
1520 538 1851 607 liberalitas,
1882 553 2001 592 ma-

339 627 698 697 gnam‘hanc
753 642 874 683 rem
919 643 1144 698 ponens,
1203 628 1426 682 nullam
1474 629 1714 698 repperit
1760 624 2002 682 retribu-

341 716 565 771 tionem.
638 715 1019 773 Verumtamen
1097 717 1403 783 retribuit,
1461 725 1729 787 quantum
1791 717 2005 785 tempus

340 803 519 875 offert,
549 806 602 859 et
639 820 741 875 que
780 806 975 860 amicis
1005 808 1060 859 et
1112 806 1401 861 ministris
1447 815 1578 861 sunt
1618 803 2002 876 acceptabilia.

338 892 477 947 Sunt
507 894 685 963 igitur
708 909 793 958 ea,
828 909 931 964 que
959 894 1353 950 relribuuntur
1396 896 1475 950 eis
1503 894 1639 965 ﬁdei
1684 896 2004 965 sincereque

335 981 620 1036 servitutis
676 983 1175 1054 renumerationes,
1233 993 1426 1040 nostra
1504 983 1719 1057 quidem
1775 983 2004 1045 liberali

333 1070 615 1125 voluntate
672 1072 1024 1143 benivoloque
1084 1076 1271 1131 animo
1325 1076 1548 1130 minora
1602 1080 1655 1129 et
1704 1072 2000 1144 pauciora,

330 1174 441 1215 non
488 1163 675 1215 autem
721 1162 990 1230 ignobilia
1039 1162 1266 1233 aliqua,
1298 1179 1399 1219 nec
1451 1163 1646 1217 amicis
1700 1161 1786 1217 vel
1832 1163 2003 1220 servis

330 1251 595 1319 indigna.
637 1255 844 1306 Verum
891 1253 1033 1324 quid
1085 1254 1257 1309 michi
1297 1256 1609 1325 proemium
1656 1254 1819 1309 vult?
1845 1253 2003 1310 Fide-

332 1336 478 1393 lium
497 1344 649 1411 gesta
700 1341 1077 1398 Venelicorum
1127 1342 1325 1398 nullus
1383 1341 1447 1399 de
1492 1342 1811 1400 hominibus
1842 1343 2000 1413 igno-

326 1429 498 1485 ravit.
530 1428 783 1497 Qualiter
825 1438 1010 1486 autem
1056 1432 1339 1501 miri/eris
1385 1433 1722 1488 constructis
1762 1433 1999 1487 navibus

325 1515 732 1588 Epidamnum,
754 1518 899 1592 quod
920 1535 1019 1575 nos
1044 1520 1391 1576 Durachium
1409 1537 1688 1587 vocamus,
1711 1521 1999 1577 venerint:

325 1608 381 1661 et
410 1606 558 1661 viros
586 1608 722 1663 navi
747 1616 1069 1680 pugnantes
1091 1610 1231 1664 innu
1251 1624 1428 1666 meros
1460 1612 1520 1665 in
1541 1610 1823 1666 auxilium
1843 1609 2000 1697 nobi8

326 1693 671 1766 obtulerunt,
697 1698 1039 1769 proprioque
1082 1696 1253 1753 stollo
1318 1696 1585 1754 scelerosi
1609 1699 1813 1755 stolum
1842 1693 2000 1770 illia}

328 1788 579 1883 potenter
606 1784 923 1883 devicerint,
972 1785 1267 1855 perdentes
1314 1803 1440 1843 cum
1482 1789 1615 1859 ipsis
1644 1788 1777 1843 viris
1798 1804 1821 1850 ;
1850 1804 1989 1859 qua-
2018 1816 2069 1883 B

331 1871 567 1943 literque
595 1872 773 1929 adhuc
817 1875 975 1930 nobis
1024 1876 1273 1945 faventes
1323 1880 1727 1947 permaneant;
1765 1884 1817 1932 et
1843 1875 1985 1944 alia,

327 1975 433 2031 que
462 1963 523 2016 in
562 1963 710 2017 mari
739 1962 1114 2020 laborantibus
1164 1964 1251 2019 his
1298 1964 1551 2022 videlicet
1588 1966 1726 2022 viris
1764 1970 1992 2036 peracta

324 2057 477 2117 sunt,
532 2058 585 2106 et
632 2067 735 2120 que
788 2056 1031 2109 correcta
1086 2068 1273 2109 omnes
1327 2062 1620 2123 noverunt,
1678 2071 1993 2126 quanquam

323 2153 421 2194 nos
466 2156 576 2195 non
621 2140 870 2196 dicamus
893 2145 919 2195 .9
978 2145 1302 2215 Eapropter
1358 2144 1433 2200 ad
1486 2144 1993 2200 renumerationem

325 2225 647 2296 huiusmodi
674 2231 1029 2287 servitiorum
1060 2247 1250 2288 eorum
1301 2233 1599 2289 clementia
1645 2237 1834 2289 nostra
1864 2248 1991 2288 con-

322 2318 485 2373 cessit
510 2334 613 2389 per
641 2335 864 2390 presens
908 2320 1259 2376 crisobulum
1289 2338 1380 2378 eos
1423 2324 1721 2379 annuatim
1754 2325 1996 2393 tempore

322 2407 596 2476 erogativi
624 2412 878 2480 accipere
904 2409 1297 2481 sollempnium
1344 2412 1551 2481 viginti
1580 2413 1773 2479 libras,
1800 2419 1994 2484 quate-

322 2511 429 2550 nus
451 2512 558 2567 per
584 2498 837 2553 ecclesias
864 2499 1183 2554 distribuan
1205 2504 1225 2555 t
1251 2503 1512 2572 proprias
1536 2500 1833 2557 secundum
1860 2501 1997 2557 velle

321 2600 502 2640 suum.
549 2587 845 2643 Honoravit
873 2597 1054 2645 autem
1100 2592 1153 2644 et
1210 2589 1631 2646 nobilissimum
1674 2590 1863 2646 ducem
1900 2589 1997 2646 ho-

322 2675 687 2732 noratissima
738 2679 1103 2747 protosevasti
1145 2678 1433 2750 dignitate
1471 2696 1597 2736 cum
1641 2681 1847 2735 salario
1875 2681 1993 2752 ejus

319 2763 644 2834 plenissimo
670 2784 690 2832 ;
720 2781 818 2821 nec
878 2768 938 2821 in
967 2783 1205 2838 persona
1254 2769 1375 2839 ejus
1419 2768 1690 2824 duntaxat
1735 2767 1993 2825 honorem

322 2853 493 2908 istum
515 2852 933 2922 determinavit,
983 2871 1082 2912 nec
1125 2856 1522 2914 indesinentem
1567 2861 1621 2914 et
1662 2861 1993 2930 perpetuum

318 2957 384 2996 ac
410 2942 720 2997 secundum
748 2945 1117 3000 successiones
1140 2947 1389 3017 precepit
1414 2962 1537 3002 eum
1567 2950 1688 3018 [ore
1725 2946 1987 3031 ducibus,

319 3032 416 3102 qui
441 3046 539 3101 per
566 3035 818 3103 tempora
848 3037 1030 3089 erunt.
1062 3033 1341 3090 Similiter
1368 3038 1664 3092 honoravit
1694 3034 1991 3091 clementia

316 3128 508 3175 nostra
532 3122 921 3192 patriarcham
953 3137 1140 3178 eorum
1176 3125 1532 3194 Ypertimum,
1578 3124 1635 3180 id
1678 3132 1758 3181 est
1785 3140 1987 3195 super-

318 3208 722 3281 honorabilem,
774 3227 901 3267 cum
957 3212 1175 3268 salario
1229 3212 1505 3268 librarum
1565 3215 1683 3277 XX;
1738 3222 1791 3270 et
1844 3214 1993 3271 hunc

318 3296 587 3355 honorem
625 3300 927 3357 secundum
973 3302 1334 3358 successiones
1402 3303 1474 3358 ad
1515 3307 1759 3375 posteros
1809 3304 1987 3376 patri-

315 3388 512 3443 archas
568 3392 856 3461 trasmisit,
917 3397 1199 3462 quatenus
1273 3399 1329 3448 et
1382 3396 1479 3448 his
1534 3393 1848 3449 indesinens
1915 3391 1989 3449 sit

313 3484 365 3531 et
388 3482 718 3549 perpetuuus
748 3487 798 3535 et
826 3496 938 3535 non
968 3483 1188 3535 tantum
1235 3496 1475 3552 persone
1518 3483 1657 3553 ejus.
1693 3483 1989 3538 Constituit

313 3570 499 3622 autem
550 3568 823 3625 serenitas
878 3578 1067 3625 nostra
1123 3573 1178 3625 et
1229 3571 1651 3626 sanctissimam
1696 3570 1986 3627 ecclesiam

307 3657 488 3712 sancti
537 3656 783 3728 apostoli
838 3667 890 3715 et
941 3659 1279 3730 evangeliste
1333 3660 1525 3716 Marci.
1597 3661 1817 3717 Venicie
1863 3662 1983 3716 exi-

310 3746 559 3810 stentem,
593 3749 660 3801 ab
717 3763 827 3803 uno
875 3763 1085 3819 quoque
1141 3748 1617 3818 Amalﬁtanorum
1673 3750 1982 3806 Constanti-

307 3833 495 3904 nopoli
537 3839 589 3890 et
646 3837 705 3889 ita
763 3841 880 3892 tota
937 3839 1187 3893 Romana
1246 3841 1572 3909 ergasteria
1629 3839 1979 3906 habentium,

304 3930 357 3978 et
384 3922 482 3978 sub
535 3928 811 3995 potestate
867 3926 1009 3982 dicti
1069 3926 1376 3997 patriciati
1432 3929 1810 3998 existentium,
1870 3945 1979 3986 uno

308 4027 521 4083 quoque
560 4030 704 4069 anno
734 4018 981 4087 accipere
1028 4018 1382 4072 numismata
1429 4034 1699 4090 yperpera
1724 4021 1855 4074 tria.
1890 4019 1979 4076 Αιὶ

307 4098 409 4156 hoc
441 4101 684 4169 largitur
711 4104 793 4160 eis
829 4112 882 4159 et
927 4107 1239 4176 ergastoria
1288 4107 1348 4160 in
1391 4106 1543 4162 embo
1562 4106 1615 4164 lo
1664 4110 1979 4167 Peramatis

308 4187 366 4242 id
396 4193 478 4243 est
510 4192 791 4247 transitae
836 4193 1156 4259 existentia,
1197 4209 1325 4248 cum
1367 4210 1562 4249 eorum
1612 4196 1849 4266 solariis,
1880 4194 1979 4268 qui

308 4277 600 4334 introitum
627 4288 678 4336 et
723 4283 943 4336 exitum
1000 4282 1207 4337 habent
1254 4298 1441 4339 versus
1497 4285 1794 4351 embolum,
1836 4302 1973 4355 pro-

306 4367 619 4439 gredienlia
649 4370 716 4425 ab
774 4371 1024 4442 Ebragca
1069 4388 1240 4442 usque
1294 4374 1357 4427 in
1390 4373 1595 4444 locum,
1642 4377 1741 4447 qui
1768 4375 1975 4431 dicitur

312 4457 495 4525 Vigla,
527 4462 579 4513 et
609 4475 712 4530 que
744 4461 1136 4516 inhabilantur
1184 4468 1234 4516 et
1261 4477 1362 4533 que
1405 4477 1509 4517 non
1563 4464 1968 4533 inhabitantur,

2112 542 2298 593 nostra
2326 546 2377 594 et
2408 554 2497 595 eos
2540 541 2827 595 universas
2872 543 3115 597 mercari
3158 541 3366 611 species
3410 543 3473 595 in
3509 540 3766 597 omnibus

2111 627 2374 684 Romanie
2397 628 2677 699 partibus,
2710 628 2966 685 videlicet
2989 630 3139 701 apud
3162 646 3419 701 magnam
3449 628 3767 685 Laodiciam

2110 714 2222 788 (11)
2280 717 2649 788 Antiochiam,
2730 720 3091 786 Mamistam,
3152 718 3441 785 Adanam,
3515 719 3765 785 Tarsum,

2110 805 2373 874 Ataliam,
2433 807 2749 876 Strorilum,
2812 808 3048 876 Chium,
3107 806 3462 877 Theologum,
3523 807 3764 873 Fociam,

2110 895 2469 959 Durachium,
2528 897 2823 965 Aulonum,
2880 896 3188 968 Korphum,
3249 896 3592 966 Bunditiam,
3652 897 3768 951 Me-

2110 984 2365 1050 thonum,
2398 983 2715 1053 Coroniam,
2760 985 3083 1058 Nauplium,
3134 984 3479 1052 Corinthum,
3520 985 3764 1055 Thebas,

2110 1073 2346 1129 Athenas
2408 1076 2712 1147 Euripum,
2788 1074 3226 1140 Dimitriadam,
3299 1074 3766 1142 Thessalonicam,

2114 1163 2493 1236 Chrysopolim
2517 1205 2531 1231 ,
2592 1163 2998 1220 Peritheoriam
3027 1206 3045 1234 ,
3112 1163 3344 1219 Avidum
3371 1207 3385 1233 ,
3458 1163 3765 1232 Bedestum,

2109 1251 2569 1324 Adrianopolim,
2617 1258 2827 1325 Aprum
2852 1295 2866 1320 ,
2925 1253 3225 1324 lracliam,
3284 1252 3657 1321 Silimbriam,
3720 1256 3773 1309 et

2112 1341 2256 1413 apud
2286 1342 2461 1412 ipsam
2486 1357 2746 1411 magnam
2774 1341 2985 1410 urbem,
3023 1344 3077 1398 et
3120 1339 3447 1414 simpliciter
3493 1343 3553 1398 in
3579 1342 3771 1397 omni-

2111 1428 2209 1484 bus
2233 1430 2485 1501 partibus
2514 1431 2614 1486 sub
2658 1434 2922 1502 potestate
2968 1433 3158 1488 nostre
3181 1432 3275 1503 pie
3323 1430 3771 1503 tranquillitatis

2107 1520 2487 1586 existentibus,
2552 1535 2662 1575 non
2710 1520 2997 1592 prebentes
3026 1536 3135 1593 quo
3189 1520 3347 1577 modo
3391 1537 3491 1592 pro
3518 1519 3773 1592 qualibet

2106 1610 2335 1680 prapria
2362 1623 2540 1664 merce
2583 1610 2877 1682 quicquam
2913 1610 3267 1665 commerchii
3311 1610 3506 1681 gratia
3531 1611 3617 1665 vel
3643 1607 3771 1665 ali-

2107 1699 2262 1769 cujus
2290 1698 2437 1753 alius
2465 1698 2841 1768 condictionis,
2875 1714 2979 1771 que
3005 1699 3135 1769 ﬁsco
3170 1697 3451 1766 debeatur,
3488 1700 3647 1770 pacti
3670 1699 3768 1754 υἰο

2108 1786 2311 1843 delicet
2338 1787 2677 1854 xilocalami,
2711 1788 3065 1854 limenialici,
3112 1787 3421 1859 portiatici,
3463 1787 3767 1856 canischii,

2097 1874 2353 1946 exafolii,
2384 1874 2715 1933 archonticii
2741 1884 2793 1931 et
2838 1872 3092 1930 aliorum
3136 1872 3473 1941 reddituum,
3523 1890 3770 1946 quorum

2095 1979 2259 2019 causa
2286 1966 2567 2034 negociari
2620 1963 2834 2020 debent.
2868 1964 2931 2017 In
2974 1962 3232 2018 omnibus
3279 1964 3428 2018 enim
3456 1965 3765 2018 mercalio-

2098 2069 2233 2108 num
2261 2053 2392 2109 locis
2432 2052 2561 2108 data
2604 2060 2683 2109 est
2725 2054 2805 2108 eis
2850 2068 2886 2107 a
2935 2057 3139 2107 nostra
3191 2050 3539 2107 sublimitate
3582 2053 3763 2108 libera

2101 2142 2343 2213 licentia,
2374 2141 2568 2199 debens
2596 2143 2911 2213 superiores
2932 2157 3022 2197 eos
3049 2144 3236 2214 facere
3267 2145 3321 2195 et
3352 2142 3476 2211 ipsa
3510 2142 3767 2214 inquisi-

2100 2234 2269 2288 tione.
2299 2231 2568 2288 Excident
2594 2240 2778 2286 autem
2805 2239 2858 2287 et
2898 2231 2965 2285 ab
2997 2231 3114 2302 ipso
3165 2228 3404 2302 eparcho
3430 2228 3767 2300 parathala-

2100 2323 2209 2377 sita
2238 2321 2371 2394 (11),
2418 2320 2771 2391 eleoparocho
2815 2319 3063 2391 genicho,
3111 2317 3580 2383 commerkiariis,
3626 2317 3768 2373 Icar-

2101 2411 2346 2480 tulariis,
2377 2408 2683 2484 yppologis,
2714 2418 2766 2465 et
2810 2408 3127 2481 hujusmodi
3172 2406 3448 2475 omnibus,
3480 2407 3639 2462 nullo
3659 2424 3771 2480 per

2103 2500 2221 2555 loca
2246 2500 2565 2572 principum
2610 2498 2694 2555 vel
2744 2499 2986 2555 aliorum
3030 2498 3260 2553 servitia
3305 2495 3617 2551 communis
3642 2501 3769 2552 tra-

2100 2590 2379 2645 ctantium
2431 2592 2779 2661 presumenle
2831 2585 3047 2659 aliquid
3102 2601 3292 2642 eorum
3350 2593 3765 2657 contempnere,

2100 2694 2201 2749 que
2231 2677 2321 2733 hic
2362 2677 2615 2752 dif/inita
2659 2679 2804 2733 sunt.
2858 2677 3130 2734 Omnium
3177 2675 3329 2731 enim
3374 2675 3684 2746 specierum
3715 2681 3770 2730 ct

2098 2769 2386 2837 mercium,
2418 2784 2579 2840 quam
2608 2766 2723 2839 (42)
2752 2766 3033 2837 quispiam
3093 2765 3264 2831 dicet,
3308 2763 3512 2818 collata
3564 2771 3651 2818 est
3677 2765 3769 2818 eis

2098 2858 2415 2927 negotiatio,
2448 2864 2501 2912 et
2531 2856 2782 2912 omnium
2822 2854 3154 2927 emptionem
3197 2853 3452 2923 faciendi
3479 2851 3768 2910 habebunt

2093 2948 2432 3017 potestatem,
2463 2948 2783 3016 superantes
2831 2959 3050 3000 omnem
3096 2943 3391 2999 dationem.
3438 2943 3544 2997 Hec
3583 2942 3768 3012 igitur

2097 3035 2322 3106 imperii
2344 3036 2521 3090 nostri
2539 3036 2715 3105 pietas
2743 3034 2824 3088 sic
2852 3033 3172 3104 dispensans
3202 3032 3383 3087 sancit
3412 3034 3462 3086 et
3490 3032 3764 3103 precipit,

2098 3124 2315 3179 nullum
2344 3126 2423 3179 eis
2472 3138 2780 3196 repugnare
2812 3130 3078 3193 tanquam
3139 3122 3305 3177 rectis
3349 3129 3405 3176 et
3462 3118 3599 3175 levis
3647 3119 3766 3175 cle-

2102 3214 2304 3269 mentie
2341 3216 2527 3270 nostre
2568 3210 2680 3284 (13)
2726 3215 2777 3267 et
2824 3215 3017 3266 contra
3067 3209 3243 3267 hostes
3290 3208 3760 3277 auxiliatoribus,

2096 3306 2147 3358 et
2178 3318 2347 3374 usque
2375 3303 2435 3357 in
2464 3300 2630 3371 ﬁnem
2675 3300 2846 3356 seculi
2872 3300 3019 3356 tales
3058 3315 3114 3354 se
3168 3299 3293 3372 fore
3339 3298 3627 3368 pollicitis,
3659 3314 3765 3354 nec

2095 3408 2423 3464 quemquam
2490 3392 2711 3446 omnino
2766 3388 2974 3445 tatibus
3041 3390 3249 3444 sentire
3301 3389 3617 3458 contraria,
3670 3387 3762 3443 uel

2093 3481 2449 3553 allegationes
2505 3480 2729 3551 aliquas
2778 3486 2969 3534 contra
3022 3493 3113 3534 eos
3174 3491 3431 3534 exercere
3451 3518 3466 3545 ,
3514 3477 3752 3533 collato-

2091 3575 2278 3626 torum
2303 3571 2383 3626 eis
2406 3570 2495 3625 hic
2521 3569 2707 3638 gratia
2751 3568 3185 3638 ergasteriorum
3228 3565 3479 3622 videlicet
3515 3574 3570 3621 et
3598 3564 3751 3622 scal-

2093 3660 2295 3716 larum.
2334 3659 2720 3731 Cujuscunque
2763 3658 2911 3712 enim
2959 3658 3098 3726 iuris
3126 3657 3223 3712 hec
3265 3656 3403 3723 sint,
3432 3654 3548 3710 sive
3574 3654 3752 3712 eccle-

2087 3750 2308 3805 siastici
2333 3749 2448 3804 sive
2490 3749 2702 3819 privati
2747 3749 2847 3802 aut
2891 3745 3107 3816 publici
3157 3746 3269 3801 sive
3303 3752 3491 3800 sancte
3526 3743 3745 3815 domus,

2088 3839 2277 3894 nullus
2307 3842 2492 3894 tamen
2521 3844 2716 3909 tanget
2760 3852 2847 3905 ea,
2878 3851 2982 3908 que
3025 3838 3155 3890 sunt
3181 3850 3330 3889 nunc
3375 3834 3743 3891 existentium

2086 3928 2336 3999 ﬁdelium
2363 3925 2711 3983 celsitudinis
2748 3934 2933 3981 nostre
2969 3924 3363 3989 Veneticorum,
3393 3926 3451 3978 et
3495 3927 3744 3994 postmo-

2086 4016 2215 4072 dum
2243 4015 2605 4091 futurorum;
2648 4015 2908 4086 quoniam
2934 4013 3170 4067 multam
3218 4011 3652 4068 benivolentiam
3688 4018 3745 4068 et

2086 4114 2293 4161 rectam
2316 4104 2655 4161 voluntatem
2698 4118 2823 4175 ergo
2854 4105 3151 4174 imperium
3176 4111 3427 4157 nostrum
3454 4104 3510 4156 et
3535 4105 3741 4158 Roma-

2082 4197 2238 4250 niam
2267 4194 2663 4262 exhibuerunt,
2693 4196 2742 4249 et
2784 4196 2927 4247 hanc
2955 4195 3069 4247 toto
3111 4192 3278 4248 corde
3307 4193 3367 4245 in
3409 4200 3743 4263 perpetuum

2082 4286 2366 4342 observare
2418 4283 2774 4355 pollicentur,
2850 4285 2903 4337 et
2957 4296 3058 4348 pro
3130 4282 3366 4337 Romano
3442 4278 3639 4335 ordine
3675 4296 3741 4335 ac

2083 4374 2399 4430 Christiano
2426 4379 2676 4444 prompte
2717 4387 2966 4443 pugnare
3014 4370 3203 4426 volunt
3229 4374 3282 4425 et
3331 4371 3736 4440 protestantur.

2082 4463 2282 4519 Contra
2311 4461 2452 4518 tales
2480 4462 2627 4516 viros
2659 4460 2781 4532 quis
2801 4458 3156 4526 contradicet,
3190 4461 3289 4513 aut
3307 4458 3432 4529 quis
3458 4458 3736 4532 placitum

301 4548 352 4600 et
384 4546 445 4601 in
473 4549 674 4619 quibus
706 4550 948 4606 Venetici
1001 4559 1227 4606 manent
1255 4555 1306 4606 et
1337 4549 1498 4607 Greci
1531 4561 1590 4608 ut
1642 4555 1703 4609 in
1732 4560 1969 4625 ergaste-
2003 4546 2047 4611 D
2079 4552 2440 4625 aggredietur
2460 4549 2488 4606 τ
2531 4552 2700 4620 Quam
2746 4550 2811 4605 ob
2863 4564 2976 4604 rem
3018 4563 3191 4620 neque
3244 4550 3518 4603 secretum
3557 4549 3735 4603 Petrii

299 4636 444 4702 riis;
474 4642 529 4692 et
558 4645 665 4694 tres
693 4638 905 4710 scalas,
938 4656 1043 4711 que
1083 4655 1237 4695 secus
1268 4656 1424 4695 mare
1467 4650 1622 4712 sunt,
1669 4646 1721 4698 et
1754 4645 1812 4698 in
1842 4661 1963 4699 ma-

298 4726 502 4795 nifesto
530 4736 712 4797 spacto
750 4729 1313 4786 circumscribuntur.
1370 4730 1628 4801 Largitur
1681 4738 1868 4789 autem
1914 4736 1967 4789 et

301 4819 491 4871 sancto
521 4817 782 4884 Quintino
822 4818 935 4890 (10)
966 4819 1291 4889 pistrinum,
1341 4819 1481 4890 quod
1529 4821 1587 4874 in
1621 4822 1789 4878 latere
1816 4823 1961 4894 ejus-

299 4900 419 4956 dem
448 4904 676 4960 ecclesie
706 4915 802 4971 est,
856 4911 909 4963 et
950 4908 1142 4963 domui
1187 4909 1387 4962 attinet
1434 4909 1622 4964 Petrii
1666 4913 1715 4965 et
1741 4913 1960 4982 pensio-

301 5005 428 5046 nem
458 4989 616 5048 habet
657 4996 1001 5053 numismata
1050 4996 1270 5067 viginti.
1320 4996 1462 5051 Item
1513 4997 1755 5069 largitur
1800 5001 1881 5056 eis
1910 5001 1962 5057 et

301 5081 589 5137 ecclesiam
641 5085 819 5139 sancti
873 5084 1115 5151 Andree,
1176 5099 1278 5156 que
1335 5093 1418 5140 est
1475 5086 1739 5143 Durachii
1763 5134 1778 5159 ,
1836 5106 1962 5146 cum

300 5168 505 5225 ibidem
534 5173 897 5228 existentibus
946 5173 1312 5244 imperalibus
1358 5176 1798 5245 pensionalibus,
1841 5181 1961 5235 sine

302 5262 485 5316 tamen
514 5264 814 5332 apparatu,
861 5264 959 5333 qui
1007 5264 1064 5317 in
1113 5263 1193 5319 eis
1238 5271 1509 5334 repositus
1550 5268 1650 5332 est,
1680 5268 1841 5338 quasi
1866 5267 1959 5323 de-

374 5436 488 5578 ἕω)
523 5437 645 5495 Imo
677 5434 996 5522 :AnWBL’wip.

400 5510 488 5578 11)
524 5514 598 5567 De
637 5510 731 5567 bls
786 5528 996 5568 nomm:

400 5510 488 5578 11)
524 5514 598 5567 De
637 5510 731 5567 his
786 5510 1127 5568 nominibus
1176 5511 1555 5569 conferantur
1600 5513 1956 5574 doctissimas

310 5578 517 5656 Ta_t:e_lii
551 5587 700 5656 getae
730 5581 776 5656 l_._
803 5584 846 5639 Ι.
881 5600 939 5656 p.
975 5583 1079 5639 118
1108 5597 1231 5656 aeq.

383 5649 524 5723 (11‘)
557 5652 679 5709 Lib.
705 5649 913 5712 albus':
934 5649 1415 5726 parathalaxiea;
1442 5655 1568 5714 Lib.
1601 5661 1909 5719 Factorum
1939 5679 1953 5720 :

2072 4649 2174 4698 aut
2205 4642 2434 4712 Mirelei,
2484 4655 2657 4710 neque
2699 4639 3079 4709 familiarium
3126 4635 3360 4704 alibuis,
3403 4652 3582 4708 neque
3609 4653 3727 4693 mo-

2072 4733 2379 4787 nasterium
2430 4731 2544 4785 sive
2590 4726 2854 4798 templum
2909 4732 3184 4793 sanctum,
3233 4724 3431 4797 quibus
3477 4725 3726 4781 videlicet

2072 4822 2271 4878 collata
2299 4818 2602 4890 ergasteria
2651 4816 2904 4871 adtinent
2925 4825 2985 4871 et
3018 4815 3205 4883 scalle,
3252 4822 3444 4869 contra
3484 4814 3581 4868 hos
3609 4831 3723 4869 mo-

2072 4911 2294 4966 vebunt.
2326 4911 2502 4963 Erunt
2548 4909 2732 4962 autem
2777 4907 3000 4961 silentes
3049 4911 3103 4958 et
3132 4903 3190 4959 an
3243 4902 3650 4974 dispensatione
3676 4908 3726 4958 et

2069 5000 2209 5055 dono
2254 4998 2618 5055 sublimitatis
2662 4999 2845 5051 nostre
2896 4996 3164 5050 veraciter
3203 4996 3633 5065 perseverantes.
3665 4991 3723 5047 Si

2068 5089 2222 5144 enim
2250 5103 2352 5159 que
2380 5094 2566 5141 nostra
2612 5085 2741 5140 vult
2795 5083 3056 5140 celsitudo
3100 5081 3284 5154 dignis
3339 5082 3587 5152 accipere
3613 5098 3720 5137 non

2070 5178 2362 5250 largimur,
2396 5192 2494 5232 ceu
2538 5175 2781 5230 viriliter
2827 5172 3066 5245 operatis
3104 5171 3565 5238 accelerantibus,
3598 5172 3716 5243 qui-

2070 5269 2168 5324 bus
2232 5281 2477 5337 unquam
2536 5263 2888 5332 largiemur?
2943 5264 3032 5318 Ea
3080 5270 3312 5334 propter
3366 5260 3719 5316 donabuntur

2064 5444 2444 5518 peratalisiin.

2161 5518 2251 5586 12)
2282 5517 2432 5586 Lege
2463 5529 2618 5586 quas.

2161 5518 2227 5573 12
2282 5518 2432 5586 Lege
2463 5529 2618 5586 quas.

2161 5518 2251 5662 13?
2278 5588 2441 5644 Adde
2468 5585 2618 5643 dulis
2641 5582 2730 5641 vel
2750 5584 2944 5641 servis.
