4028 6202
205 399 304 458 457

1307 389 1698 453 NOVELLE
1739 388 2444 452 CONS'I‘ITUTIONES.

3452 402 3569 461 458

201 525 494 581 collatorum
521 523 887 580 immobili-um
915 526 1036 581 sine
1075 525 1350 581 ablatione
1378 532 1429 579 et
1460 522 1806 592 infcstalione
1836 522 1889 587 Α
1922 542 1947 569 ‹‹
1984 521 2312 579 γθηῑίοηθω
2344 523 2562 596 scripto
2616 527 3003 599 peragendam
3045 544 3078 584 a
3117 529 3336 586 nuntiis
3366 546 3568 587 eorum

199 633 227 670 a
253 613 393 670 modo
417 630 515 685 per
541 629 724 670 omnes
751 622 803 670 et
848 613 1105 670 assiduos
1134 630 1312 670 annos
1339 611 1634 669 secundum
1662 626 1804 665 com-

194 704 576 776 prehensionem
633 705 864 774 practici
911 703 1112 760 horum
1159 703 1504 772 traditionis,
1537 699 1682 772 quod
1727 701 1808 754 eis

196 790 416 862 componi
460 787 609 845 debet
658 806 692 845 α
736 794 897 861 prato
926 793 1173 864 antipato
1219 792 1452 859 Georgio
1497 793 1549 844 et
1592 788 1808 842 notario

197 890 356 936 nostre
380 874 690 935 serenitatis
719 879 1070 950 Machitario,
1101 879 1242 952 quod
1271 884 1324 936 et
1353 880 1578 949 ﬁrmant
1618 879 1730 933 erit
1761 879 1811 930 et

191 969 370 1025 stabile
393 971 550 1042 atque
581 970 906 1026 inuiolabile
930 971 987 1025 in
1019 971 1293 1036 omnibus,
1324 985 1426 1042 que
1455 969 1515 1023 in
1546 983 1605 1023 eo
1631 966 1810 1022 conti-

189 1059 458 1113 nebuntur.
507 1058 760 1132 Idemque
789 1059 943 1116 debet
984 1061 1046 1115 in
1078 1060 1196 1115 illis
1241 1058 1521 1114 substerni
1565 1057 1806 1123 secretis,

190 1147 236 1202 in
272 1147 455 1219 quibus
501 1156 556 1204 et
600 1164 826 1219 presens
855 1151 1037 1205 nostri
1081 1154 1387 1222 potestalus
1436 1147 1812 1202 substernetur

187 1237 564 1309 chrysobulum,
597 1237 668 1293 ad
697 1239 963 1294 noticiam
1009 1237 1339 1294 eollatorum
1367 1237 1533 1293 rectis
1561 1234 1671 1307 (14)
1701 1233 1810 1290 cel-

186 1325 417 1380 situdinis
449 1331 632 1383 nostre
679 1328 959 1396 Veneticis,
990 1337 1042 1383 et
1087 1327 1530 1398 redargutionem
1563 1324 1808 1389 illorum,

185 1417 265 1486 qui
305 1417 430 1471 istos
477 1415 680 1471 horum
729 1419 918 1486 gratia
966 1419 1227 1489 infestare
1271 1417 1602 1472 niterentur.
1637 1417 1811 1469 Erunt

184 1505 338 1578 igitur
363 1505 530 1560 semel
556 1507 648 1561 hic
675 1505 928 1578 dif/inita
959 1508 1147 1562 omnia
1175 1507 1338 1577 ﬁrma
1367 1509 1418 1562 et
1449 1502 1812 1560 inviolabilia

181 1598 273 1649 δια
317 1596 538 1650 nemine
585 1595 1040 1668 conternpnenda.
1095 1599 1163 1653 Si
1192 1611 1312 1651 vero
1361 1595 1637 1666 quispiam
1666 1594 1812 1664 forte

179 1683 363 1754 aliquid
394 1685 448 1739 in
483 1684 584 1741 hoc
611 1685 944 1757 chrysobulo
991 1685 1374 1742 ordinaturum
1405 1683 1806 1754 contempserit,

181 1773 600 1832 inremisibiliter
629 1779 856 1846 cogetur
884 1775 1016 1831 dare
1047 1792 1080 1831 a
1107 1783 1309 1831 secreto
1339 1775 1429 1846 cpi
1464 1777 1556 1830 ton
1587 1771 1808 1827 ﬁcia/ton

178 1865 285 1917 auri
309 1863 480 1919 libras
527 1863 760 1928 decem;
803 1873 852 1922 et
879 1881 950 1922 ex
977 1880 1040 1921 eo
1067 1866 1305 1921 solvetur
1350 1864 1524 1919 ablati
1559 1865 1806 1936 pretium

181 1954 229 2007 in
269 1953 669 2026 quadruplum,
719 1955 882 2025 ﬁrmo
928 1962 978 2010 et
1027 1955 1216 2010 stabili
1243 1955 1510 2010 existente
1558 1955 1808 2023 presente

178 2042 480 2114 chrysobulo
520 2044 872 2101 celsitudinis
901 2047 1100 2112 nostre,
1150 2045 1292 2115 facto
1323 2058 1510 2098 mense
1538 2041 1694 2113 Majo
1725 2044 1807 2096 in-

178 2133 408 2188 dictionis
433 2135 628 2205 quinte
674 2133 878 2189 decline
931 2135 988 2188 in
1038 2149 1184 2188 anno
1212 2149 1310 2188 see
1356 2133 1654 2188 millesimo
1684 2147 1806 2186 sex-

179 2223 458 2289 centesimo,
491 2224 556 2278 in
604 2239 712 2294 quo
740 2231 792 2278 et
842 2225 1088 2278 nostrum
1115 2225 1273 2294 pium
1323 2226 1375 2278 et
1403 2239 1436 2276 (ι
1466 2223 1565 2278 deo
1593 2235 1806 2293 promo-

177 2312 273 2366 tum
299 2312 646 2382 subsignavit
679 2313 1003 2384 imperium".

230 2398 464 2472 «Igitur
502 2401 828 2473 imperium
880 2405 1144 2456 nostrum
1200 2400 1538 2472 hujusmodi
1589 2400 1802 2456 conﬁr-

172 2505 372 2546 «mans
419 2488 878 2564 chrysobulum,
927 2489 1192 2546 concedit
1219 2494 1278 2546 et
1325 2507 1558 2546 rursum
1592 2489 1804 2545 habere

173 2601 194 2626 α
219 2579 490 2652 effectum,
520 2581 860 2636 secundum
905 2581 1061 2651 quod
1109 2580 1392 2635 dictatum
1425 2578 1484 2634 in
1517 2579 1802 2651 principio

175 2687 198 2720 ι
223 2668 316 2724 fuit
342 2675 479 2726 tunc
511 2686 659 2726 cum
693 2670 776 2726 eis
803 2667 1079 2726 collatum
1111 2669 1238 2735 fuit,
1273 2673 1561 2741 quatenus
1591 2672 1647 2724 et
1687 2667 1801 2722 sol-

175 2777 197 2808 ι
220 2758 531 2832 lempnium
573 2758 920 2815 beneﬁcium
952 2758 1162 2814 iterum
1194 2757 1502 2830 accipiant,
1532 2761 1587 2812 et
1618 2757 1802 2812 hono-

174 2868 196 2895 ιι
221 2865 300 2904 res
342 2849 707 2921 dignitatum
757 2847 1164 2904 nobilissimus
1195 2847 1314 2903 dux
1343 2851 1402 2903 et
1448 2845 1801 2902 sacerrimus

175 2937 552 3008 «patriarcha.
601 2954 736 2994 cum
785 2937 911 2993 suis
967 2937 1306 3008 errogativis
1360 2935 1635 3001 habeant,
1698 2951 1801 2991 nec

175 3048 196 3073 α
221 3043 320 3082 non
349 3033 404 3083 et
434 3026 559 3100 ipsi
609 3027 1044 3098 possessionem
1075 3029 1130 3082 et
1175 3025 1509 3081 fruitionem
1542 3029 1798 3096 ergaste-

178 3138 195 3163 ι
226 3117 429 3172 riorum
460 3122 524 3172 et
557 3115 900 3172 collaturum
941 3119 997 3171 et
1027 3115 1319 3171 scalarum
1353 3115 1478 3171 sine
1508 3114 1800 3170 ablatione

178 3225 200 3252 κ
227 3206 576 3275 possideant.
607 3204 885 3261 Similiter
929 3204 1052 3260 vult
1094 3204 1402 3260 clementia
1450 3207 1668 3274 nostra,
1701 3219 1799 3258 eos

1928 632 1953 658 ‹‹
1989 609 2294 668 clementis
2334 616 2526 670 nostre
2573 616 3120 687 suntjurejurando
3174 619 3483 691 promissa,
3516 626 3572 676 et

1924 722 1950 748 ‹‹
1983 701 2147 755 ﬁrma
2178 706 2234 756 et
2263 701 2619 759 inviolabilia
2667 706 2995 762 observare.
3046 713 3232 780 Super
3260 707 3368 764 hoc
3402 717 3572 765 erunt

1923 789 2094 860 «ipsi
2136 791 2291 861 juris
2335 793 2444 846 sibi
2497 793 2688 848 collati
2727 811 2825 866 per
2874 811 3114 867 presens
3147 797 3570 870 cbrysobulum

1921 901 1947 928 «
1983 878 2110 935 sine
2143 879 2429 937 ablatione
2453 883 2762 950 donantes,
2789 901 2889 955 per
2910 885 3175 941 seculum
3207 904 3378 944 omne
3403 888 3570 944 ﬁrmo

1920 989 1948 1017 ‹‹
1982 972 2038 1023 et
2069 968 2385 1024 inviolabili
2417 977 2680 1041 prasente
2703 971 3046 1046 chrysobolo
3079 975 3384 1047 existente,
3421 979 3571 1033 iacto

1921 1078 1948 1105 ‹‹
1985 1072 2185 1112 mense
2226 1061 2487 1130 Augusto
2519 1059 2859 1117 indictionis
2891 1068 3096 1134 quarte
3140 1081 3240 1120 sex
3271 1065 3571 1122 millesimi

1927 1168 1946 1194 ι
1981 1146 2410 1202 sexcentissimi
2456 1148 2737 1219 trigesimi
2783 1151 2976 1221 quarti
3025 1152 3184 1220 anni,
3237 1153 3292 1208 in
3343 1170 3456 1226 quo
3512 1157 3571 1210 et

1923 1256 1949 1283 «
1988 1240 2254 1290 nostrum
2309 1235 2469 1308 pium
2501 1241 2558 1293 et
2606 1254 2639 1293 a
2686 1239 2793 1294 deo
2828 1245 3157 1312 promotum
3205 1241 3570 1314 subsignavit

1921 1345 1946 1371 ‹‹
1984 1325 2318 1394 imperium.
2354 1346 2382 1375 n
3115 1332 3118 1334 ’

1991 1435 2019 1462 ‹‹
2067 1414 2192 1468 Haec
2246 1414 2421 1485 igitur
2478 1421 2638 1487 sunt,
2700 1433 2813 1488 que
2868 1434 2901 1472 a
2960 1423 3234 1491 perpetua
3292 1421 3570 1477 memorie

1919 1502 2268 1574 imperatore
2299 1509 2356 1560 et
2383 1521 2485 1560 avo
2515 1505 2746 1578 imperii
2780 1508 2960 1564 nostri
2991 1514 3048 1564 et
3075 1514 3160 1565 ter
3190 1510 3358 1566 beato
3386 1510 3570 1582 impe-

1921 1597 2104 1649 ratore
2135 1594 2372 1650 domino
2407 1599 2464 1650 et
2493 1600 2655 1668 patre
2709 1596 3077 1654 celsitudinis
3126 1603 3320 1655 nostre
3352 1599 3568 1656 ﬁdelis-

1920 1681 2087 1738 simis
2120 1683 2363 1756 imperio
2396 1691 2594 1741 nostro
2626 1686 2916 1743 Veneticis
2945 1705 3045 1760 per
3075 1688 3569 1762 chrysohulaillo-

1922 1789 2050 1826 rum
2083 1772 2294 1829 collata
2321 1777 2495 1844 sunt;
2529 1791 2640 1846 que
2662 1776 2838 1832 etiam
2861 1776 3184 1849 ehyscbula
3213 1783 3269 1834 et
3299 1782 3568 1834 nostrum

1923 1860 2083 1932 pium
2108 1861 2420 1935 imperium
2441 1865 2775 1921 corroborat
2797 1883 2898 1938 per
2921 1883 3160 1938 presens
3183 1866 3566 1937 crisobulum,

1919 1950 2169 2021 etjubet
2200 1951 2469 2007 ell‘ectum
2497 1970 2565 2009 ea
2606 1953 2841 2020 habere,
2874 1956 3201 2011 secundum
3245 1957 3397 2028 quod
3431 1971 3566 2012 eum

1917 2057 2103 2112 usque
2135 2041 2203 2096 ad
2238 2041 2650 2113 migrationem
2691 2043 2761 2099 ad
2795 2044 3098 2100 dominum
3135 2045 3285 2102 inter
3316 2045 3568 2118 impera-

1921 2133 2074 2186 tores
2108 2135 2382 2202 perpetue
2415 2133 2690 2188 memorie
2722 2137 2808 2188 ter
2839 2133 2988 2190 beati
3043 2133 3264 2190 domini
3294 2139 3351 2190 et
3383 2134 3565 2206 patris

1916 2224 2112 2275 nostre
2133 2221 2510 2278 sublimitatis
2537 2221 2852 2278 habebant.
2882 2223 3136 2279 Venetici
3169 2229 3365 2280 autem
3394 2225 3568 2280 solita

1914 2308 2025 2363 sibi
2072 2314 2436 2366 sacramenta
2492 2311 2768 2368 facientes
2815 2311 3209 2368 observabunt
3266 2313 3440 2369 ﬁdem
3499 2314 3557 2368 et

1913 2397 2276 2462 servitutem,
2336 2416 2514 2471 quam
2581 2407 2777 2456 nostre
2828 2401 3164 2457 celsitudini
3228 2401 3443 2457 debent
3497 2403 3558 2457 et

1913 2486 2213 2558 Romanie,
2257 2487 2402 2559 ipsis
2453 2489 2730 2561 operibus
2779 2506 2989 2562 puram
3035 2493 3092 2546 et
3143 2506 3272 2546 vere
3315 2494 3554 2546 rectam.

1911 2578 2196 2643 Quoniam
2228 2596 2383 2647 vero,
2413 2584 2476 2636 ut
2524 2579 2771 2636 relatum
2802 2581 2910 2636 fuit
2957 2581 3265 2638 clementis
3297 2585 3493 2638 nostre
3523 2598 3557 2638 a

1914 2667 2136 2723 nuntiis
2167 2668 2576 2725 Veneticorum
2628 2670 2685 2725 in
2739 2687 2949 2741 magna
2995 2671 3134 2726 urbe
3167 2671 3554 2742 presentibus,

1911 2757 2294 2828 impetravere
2327 2757 2586 2814 Venetici
2623 2765 2960 2831 preceptum
2995 2759 3231 2832 quidem
3265 2760 3415 2816 inter
3442 2760 3556 2815 im-

1911 2851 2207 2918 peratores
2251 2864 2482 2920 semper
2515 2849 2877 2904 memorandi
2911 2849 3302 2921 imperatoris,
3335 2848 3558 2905 domini

1909 2939 1964 2991 et
1995 2937 2177 3008 patris
2226 2937 2456 3010 imperii
2505 2938 2710 3003 nostri,
2757 2937 3061 2994 licenciam
3111 2938 3258 3010 ipsis
3304 2937 3558 3010 largiens

1909 3026 2035 3081 sine
2066 3026 2459 3098 prohibitione
2487 3030 2543 3081 et
2574 3043 2675 3098 per
2721 3025 2943 3082 insulas
2994 3027 3360 3099 negociandi,
3390 3026 3558 3082 video

1908 3113 2043 3170 licet
2070 3116 2306 3187 Ciprnm
2337 3121 2395 3172 et
2423 3116 2676 3180 Cretam,
2711 3133 2810 3187 per
2837 3116 2990 3188 quod
3019 3121 3076 3172 et
3107 3117 3231 3171 sine
3264 3133 3552 3172 commer-

1909 3205 2023 3260 kiis
2081 3206 2332 3261 debeant
2383 3205 2662 3261 custodiri
2714 3206 2931 3278 ubique
2978 3210 3265 3261 terrarum
3327 3205 3553 3276 imperii

180 3314 200 3343 α
227 3292 421 3351 habere
469 3294 777 3350 licentiam
827 3295 954 3350 sine
1001 3293 1390 3366 prohibitione
1437 3291 1798 3364 negociandi,
1832 3271 1873 3337 (ἶ
1914 3295 2094 3350 nostri
2133 3313 2232 3363 pro
2265 3295 2378 3350 hiis
2407 3295 2602 3352 omnis
2632 3297 2861 3367 generis
2893 3296 3221 3367 speciebus,
3246 3313 3393 3366 quas
3440 3294 3552 3366 ipsi

177 3406 198 3431 «ι
223 3387 332 3442 sine
361 3384 763 3443 commerchio
795 3390 852 3441 et
881 3385 1144 3458 qualibet
1174 3385 1290 3440 alia
1319 3385 1552 3441 datione
1583 3385 1640 3439 in
1672 3400 1797 3440 om-

174 3493 192 3523 ι
217 3475 371 3530 nibus
403 3474 739 3531 numeratis
771 3474 828 3530 in
873 3474 1182 3530 manifesto
1214 3473 1564 3547 chrysobulo
1594 3473 1796 3528 Civita-

171 3585 191 3611 κ
218 3563 358 3620 tibus
387 3569 442 3621 et
475 3563 654 3620 terris
685 3565 797 3619 sub
849 3568 1136 3636 potestate
1168 3569 1362 3619 nostre
1412 3563 1795 3618 sublimitatis

170 3671 191 3700 α
216 3653 617 3709 existentibus.
639 3652 853 3708 Verum
876 3657 934 3708 et
952 3653 1328 3708 sanctissime
1349 3652 1587 3708 ecclesie
1605 3650 1792 3708 sancti

167 3761 188 3788 ιι
215 3743 443 3813 apostoli
476 3747 540 3799 et
569 3742 923 3814 evangelista
956 3743 1148 3812 Marci,
1173 3759 1284 3814 que
1315 3747 1403 3797 est
1435 3742 1491 3797 in
1527 3741 1791 3797 Veneciis

169 3831 547 3899 «constituta,
618 3832 691 3886 de
746 3831 1230 3886 Amalﬁtanorum
1297 3829 1632 3900 ergasteriis
1691 3847 1792 3902 per

168 3938 186 3965 ι
216 3920 530 3989 prefectum
583 3918 1002 3990 chrysobulum
1055 3919 1182 3976 sine
1231 3919 1556 3991 privatione
1603 3919 1788 3974 eidem

165 4011 508 4066 «tradentur
572 4008 833 4066 ecclesie.
901 4009 1189 4074 Quoniam
1265 4026 1398 4065 vero
1477 4015 1609 4065 ante
1676 4026 1789 4066 non

165 4114 413 4168 «paucos
489 4115 674 4155 annos
731 4098 804 4154 ab
861 4097 998 4169 hiis,
1061 4096 1161 4170 qui
1218 4100 1505 4169 quasdam
1567 4115 1791 4154 merces

169 4207 189 4233 α
216 4186 493 4245 Veneticis
525 4189 582 4244 in
615 4186 892 4244 Romanie
925 4187 1262 4260 regionibus
1310 4188 1591 4253 vendunt,
1626 4204 1786 4242 com-

169 4294 189 4325 ι
216 4277 528 4334 merchium
560 4276 711 4349 exigi
759 4275 1025 4349 contigit,
1057 4281 1116 4332 et
1161 4276 1417 4332 obtinuit
1445 4275 1789 4346 hujusmodi

166 4381 330 4422 «mos
376 4371 444 4423 ut
493 4370 654 4438 patet
709 4365 882 4422 annis
941 4366 1392 4432 sufﬁcientibus,
1445 4371 1790 4439 rogaverunt

164 4473 188 4500 «
216 4459 395 4512 autem
423 4462 482 4512 et
511 4472 616 4528 pro
648 4455 755 4512 hoc
777 4455 1145 4512 clementiam
1167 4460 1427 4512 nostram
1461 4455 1789 4512 ﬁdelissimi

165 4563 187 4589 α
217 4548 267 4598 et
295 4544 463 4604 amici
495 4549 694 4601 nostre
724 4543 1059 4601 serenitatis
1093 4544 1373 4612 Venetici,
1407 4551 1698 4616 quatenus
1729 4550 1786 4602 et

1911 3385 1983 3440 ab
2005 3386 2224 3440 eisdem
2257 3384 2465 3441 insulis
2488 3385 2850 3452 mercabunt,
2881 3385 3141 3456 nequivit
3167 3391 3362 3440 autem
3389 3389 3555 3440 tenor

1908 3475 2171 3545 ejusdem
2219 3473 2473 3547 preeepti
2528 3474 2717 3529 adhuc
2748 3475 3014 3529 eli'ectum
3063 3473 3339 3545 recipere,
3374 3488 3550 3544 quam

1906 3563 1978 3618 ob
2017 3579 2138 3618 rem
2189 3569 2247 3618 et
2277 3579 2431 3618 nunc
2477 3580 2664 3635 usque
2711 3562 2967 3618 Venetici
3019 3561 3228 3618 collato
3277 3560 3420 3634 ipsis
3454 3577 3554 3633 per

1905 3652 2247 3724 hujusmodi
2283 3656 2614 3724 preceptum
2648 3651 2928 3707 beneﬁcio
2959 3656 3193 3718 carent;
3227 3651 3551 3722 petierunt-

1903 3757 2016 3812 que
2062 3742 2132 3797 ab
2186 3742 2428 3814 imperio
2479 3746 2678 3796 nostro
2727 3740 2964 3813 precipi,
2999 3745 3290 3812 quatenus
3336 3740 3550 3794 beneﬁ-

1901 3831 2081 3898 cium,
2108 3832 2261 3904 quod
2295 3831 2353 3885 in
2387 3831 2645 3901 predicto
2668 3830 3002 3886 continetur
3033 3833 3300 3902 precepto
3322 3845 3555 3900 semper

1901 3921 2264 3976 memorandi
2318 3920 2686 3992 imperatoris
2737 3919 2959 3976 domini
3009 3925 3066 3976 et
3114 3919 3295 3991 patris
3343 3917 3551 3990 imperi

1901 4010 2105 4080 nostri,
2163 4015 2221 4066 et
2277 4011 2468 4065 adhuc
2525 4014 2684 4065 caret
2735 4009 2966 4077 elici-tu,
3027 4009 3236 4066 amodo
3296 4008 3554 4080 potiatur

1899 4100 2107 4156 elfectu
2136 4125 2150 4168 ς
2183 4099 2489 4156 clementia
2537 4104 2738 4155 nostra
2767 4100 2839 4155 ob
2890 4100 3062 4154 ﬁdem
3097 4103 3153 4154 et
3184 4102 3548 4168 servntutem,

1901 4206 2078 4262 quam
2111 4205 2248 4260 erga
2280 4188 2710 4245 sublimitatem
2739 4194 3001 4244 nostram
3023 4188 3296 4244 exhibent
3317 4193 3372 4244 et
3395 4188 3554 4244 dein-

1899 4296 2034 4350 ceps
2083 4277 2359 4334 exhibere
2408 4277 2778 4349 pollicentur,
2812 4278 3156 4349 bujusmodi
3207 4277 3551 4350 peticionem

1898 4385 2099 4425 eorum
2134 4368 2450 4423 exaudiens
2482 4367 2750 4423 concedit
2780 4371 2835 4423 et
2859 4367 3124 4439 precipit,
3149 4367 3275 4422 sine
3300 4366 3555 4439 prohibi-

1899 4459 2064 4514 cione
2095 4475 2195 4530 per
2241 4457 2587 4512 manifestas
2641 4455 2887 4524 insulas,
2921 4456 3173 4530 Cyprum
3205 4455 3472 4510 videlicet
3501 4459 3560 4509 et

1900 4552 2152 4613 Cretam,
2185 4561 2284 4602 eos
2333 4545 2648 4618 negociari,
2701 4544 2936 4600 nomine
2986 4544 3311 4616 quidquam
3361 4543 3432 4598 ab
3470 4542 3556 4598 eis

165 4652 189 4680 α
217 4631 546 4705 hujusmodi
603 4633 934 4706 corrigatur
979 4633 1329 4706 capitulum,
1389 4636 1558 4707 eique
1620 4634 1797 4708 hujus
1831 4630 1874 4695 D
1908 4637 2132 4707 exigere
2161 4638 2531 4708 presumente
2564 4633 2771 4689 horum
2805 4633 3010 4704 gratia,
3041 4637 3096 4688 et
3117 4633 3244 4688 sine
3275 4649 3558 4688 commer-

167 4723 374 4780 «detur
425 4725 656 4782 licentia
705 4729 762 4781 et
810 4724 1073 4795 libertas,
1125 4725 1438 4782 clementia
1487 4731 1686 4782 nostra
1741 4730 1798 4783 et

172 4832 192 4856 α
224 4810 362 4869 hanc
398 4831 600 4870 eorum
650 4813 1001 4887 peticionem
1049 4814 1413 4888 adimplevit,
1447 4819 1504 4870 et
1553 4815 1798 4887 precipit

173 4921 192 4944 τι
223 4916 312 4970 per
341 4920 578 4975 presens
631 4902 1080 4976 cbrysobulum,
1136 4909 1199 4959 ut
1231 4903 1430 4959 nullus
1461 4905 1570 4960 sub
1603 4909 1799 4960 nostre

174 4992 538 5061 «maiestatis
590 4996 878 5065 potestate
925 4992 1278 5049 Romeorum
1327 5009 1461 5048 eum
1510 4993 1800 5050 Venelicis

175 5098 198 5124 ις
229 5081 654 5151 negociancium
709 5082 768 5136 in
819 5083 1095 5138 omnibus
1147 5081 1426 5138 Romanie
1474 5083 1667 5150 terris,
1699 5088 1802 5138 aut

177 5171 440 5237 «quando
472 5171 558 5227 eis
606 5169 805 5226 vendit
833 5175 932 5226 aut
983 5173 1217 5242 quando
1250 5172 1320 5226 ab
1369 5171 1564 5243 aliquo
1595 5189 1796 5227 eorum

176 5276 199 5301 τι
226 5257 372 5328 emit,
403 5262 498 5316 det
530 5259 876 5316 commerkii
910 5261 1100 5332 gratia
1150 5261 1462 5332 quicquam
1496 5260 1581 5316 vel
1615 5261 1798 5316 alicu-

177 5347 312 5416 «jus
344 5351 484 5408 alius
514 5346 837 5408 exa'ctionis
865 5373 878 5423 ;
931 5353 1032 5408 sed
1063 5359 1414 5409 excusantur
1442 5357 1498 5408 et
1530 5352 1662 5425 ipsi,
1695 5369 1799 5408 seu

183 5455 200 5480 ι
231 5435 324 5505 hii,
356 5442 448 5511 qui
497 5440 897 5498 commerchia
943 5443 1221 5498 dantibus
1254 5442 1653 5515 negociantur.
1690 5441 1800 5498 Ve-

181 5544 202 5570 ι(
232 5534 545 5588 rumtamen
578 5535 636 5588 et
679 5530 940 5588 Venetici
992 5532 1206 5588 debent
1247 5548 1333 5604 ea,
1369 5549 1482 5604 que
1531 5548 1632 5604 per
1663 5549 1799 5587 con-

240 5740 340 5814 (14)
362 5746 516 5803 Adde
545 5746 692 5803 datis
724 5745 811 5804 vel
843 5747 1032 5804 servis.

436 5877 694 5937 Panos.
749 5875 861 5937 Gn.
906 5874 1196 5938 CXXXV.

1908 4726 2020 4782 kiis
2089 4725 2307 4795 ubique
2366 4727 2657 4778 terrarum
2727 4721 2957 4793 imperii
3027 4721 3210 4778 nostri
3270 4720 3554 4776 custodiri

1909 4815 2230 4871 secundum
2266 4810 2536 4883 superius
2563 4810 2810 4882 scriptas
2840 4809 3262 4866 condictiones.
3290 4809 3470 4882 igitur
3494 4814 3558 4866 ut

1908 4910 1965 4960 et
1995 4903 2105 4976 ipsi
2137 4902 2547 4958 certitudinem
2573 4900 2826 4956 habeant
2847 4901 2918 4955 de
2951 4900 3006 4955 in
3043 4900 3296 4971 presenti
3317 4899 3556 4973 chryso-

1910 4993 2045 5048 bulo
2078 4990 2372 5056 dilﬁnitis,
2407 5007 2645 5063 presens
2694 4987 3109 5061 chrysobulum
3143 4993 3233 5045 est
3263 4989 3555 5061 composi-

1910 5088 2057 5149 tum,
2093 5082 2309 5136 factum
2353 5096 2550 5136 mense
2577 5077 2814 5134 Octubri
2865 5077 3202 5133 indictionis
3252 5078 3556 5135 undecimo

1911 5171 2048 5228 anni
2094 5187 2194 5226 sex
2244 5169 2543 5225 millesimi
2593 5166 3003 5223 sexcentesimi
3053 5167 3557 5240 quinquagessimi

1913 5260 2080 5327 sexti,
2117 5260 2175 5315 in
2209 5276 2323 5331 quo
2355 5263 2410 5315 et
2444 5263 2709 5314 nostrum
2745 5258 2904 5328 pium
2937 5261 2993 5312 et
3023 5274 3056 5312 a
3089 5257 3194 5311 deo
3227 5261 3558 5325 promotum

1917 5349 2286 5422 subsignavit
2317 5347 2652 5420 imperium.
2688 5370 2715 5397 ››

1985 5441 2098 5495 Hoc
2131 5435 2751 5511 igiturchrysobolum
2775 5436 2858 5491 sic
2887 5436 3196 5491 continens
3225 5435 3378 5491 beati
3405 5438 3563 5491 tran-

1911 5529 2064 5586 situs
2095 5532 2151 5584 et
2191 5544 2423 5600 semper
2473 5525 2836 5582 memorandi
2872 5524 3238 5598 imperatoris
3286 5529 3342 5581 et
3372 5523 3562 5598 patrui

3211 5869 3282 5927 l5
