4028 6202
423 326 541 386 “9
1734 321 1986 386 ISAACI
2037 320 2320 386 ANGELI
2368 324 2532 386 IMP.
3719 329 3828 390 160

424 457 659 531 imperii
682 457 866 514 nostri
888 458 1086 531 magni
1105 457 1389 513 Manuelis
1419 457 1774 512 conﬁrmans
1797 463 1853 513 et
1873 464 2074 514 nostra
2104 473 2149 536 Α
2191 459 2492 516 Venetieos
2522 466 2579 515 et
2611 461 2885 516 universa
2917 459 3060 532 ipsis
3093 459 3233 516 data
3263 465 3319 516 et
3347 477 3628 518 concessa
3658 479 3691 517 a
3717 479 3828 518 ma-

427 549 614 620 pietas
647 565 748 620 per
797 565 1038 619 presens
1087 547 1504 618 cbrysobulum
1556 549 1794 602 verbum
1845 548 2074 618 imperii

425 639 633 704 nostri,
684 636 948 692 concedit
1005 642 1062 691 et
1109 636 1375 707 precipit,
1431 638 1623 706 ipsum
1675 636 1960 702 videlicet,
2022 646 2074 690 et

427 742 542 796 que
573 728 632 781 in
665 727 790 796 ipso
833 723 1183 796 chrysobulo
1232 725 1405 778 vei-bo
1439 724 1816 780 notiﬁcantur
1845 740 2076 794 semper

428 814 945 870 memorandorum
964 813 1411 884 lmperatorum,
1435 814 1632 884 proavi
1655 814 1876 868 scilicet
1897 815 2076 884 impe-

429 903 501 958 rii
529 904 711 958 nostri
753 901 931 957 Alexii
964 903 1266 968 Comnani,
1301 908 1358 957 et
1387 903 1584 974 magni
1616 903 1809 972 patrui
1844 903 2072 973 imperii

429 993 614 1048 nostri
670 991 955 1046 Johannis
1012 991 1320 1057 Comnani,
1377 992 1546 1046 ﬁrma
1602 996 1660 1045 et
1713 986 2075 1046 inviolabilia

427 1096 772 1154 permanere
801 1081 858 1134 in
905 1081 1203 1147 omnibus,
1239 1097 1350 1151 que
1398 1081 1718 1149 continent,
1751 1087 1807 1136 et
1836 1097 2071 1135 conser-

425 1170 548 1226 vari
580 1185 862 1241 personas
893 1175 950 1223 et
981 1185 1073 1224 res
1109 1171 1412 1225 universas
1443 1169 1922 1224 fidelissimorum
1953 1171 2071 1223 cel-

426 1259 673 1316 situdini
723 1262 922 1314 nostre
963 1258 1376 1314 Veneticorum
1427 1257 1618 1314 salvas
1666 1263 1724 1314 et
1769 1257 1968 1314 illesas
1999 1258 2071 1314 ab

423 1351 586 1408 omni
635 1349 872 1406 homine
920 1348 1304 1405 sublimitatis
1354 1354 1569 1419 nostre,
1603 1365 1708 1405 nec
1749 1367 1863 1406 non
1913 1353 1970 1405 et
1998 1351 2069 1405 ab

422 1441 552 1514 ipso
597 1440 843 1513 imperio
873 1444 1076 1497 nostro
1124 1440 1182 1495 in
1215 1441 1491 1496 omnibus
1539 1438 1845 1497 clementie
1877 1450 2071 1496 nostre

421 1533 614 1605 terris,
646 1538 704 1590 et
729 1533 790 1589 in
832 1537 986 1590 terra
1033 1533 1178 1590 etin
1235 1532 1404 1599 mari,
1439 1532 1648 1588 habere
1679 1535 1734 1588 et
1777 1531 2069 1604 predictos

2186 549 2416 604 nifestis
2462 567 2695 620 semper
2747 551 3148 606 memorandis
3196 550 3656 621 imperatoribus
3711 569 3825 608 om-

2184 638 2420 692 nimode
2467 639 2826 694 invrolabilia
2873 645 2930 694 et
2975 640 3198 710 absque
3247 640 3365 695 ulla
3412 640 3822 708 diminucione,

2183 727 2507 781 secundum
2537 727 2692 796 quod
2725 729 2808 782 eis
2839 729 2976 783 data
3024 733 3258 783 fuerunt
3288 743 3341 784 et
3372 745 3672 797 concessa,
3707 747 3825 802 pre-

2184 819 2345 869 sente
2401 815 2754 887 chrysobulo
2803 818 2975 872 verbo
3037 817 3266 888 imperii
3318 817 3502 873 nostri
3561 819 3730 874 ﬁrmo
3776 823 3826 874 et

2183 904 2504 958 inviolabili
2553 922 2896 975 permanere
2952 906 3199 961 debente
3251 906 3309 961 in
3360 908 3661 973 omnibus,
3723 925 3827 978 que

2182 993 2479 1059 continet;
2518 996 2680 1060 ,l’aeto
2731 1009 2932 1050 mense
2962 995 3278 1051 Februario
3309 997 3600 1067 presentis
3635 997 3829 1068 quinte

2183 1081 2516 1136 indictionis
2545 1099 2646 1138 sex
2695 1082 2994 1138 millesimi
3027 1085 3438 1140 sexcentesimi
3471 1086 3828 1156 nonagesimi

2182 1171 2372 1240 quinti
2404 1171 2566 1238 anni,
2596 1171 2657 1226 in
2691 1188 2808 1242 quo
2838 1179 2895 1227 et
2927 1180 3190 1228 nostrum
3224 1173 3384 1244 pium
3415 1181 3473 1229 et
3502 1191 3536 1231 a
3562 1178 3670 1230 deo
3702 1193 3829 1246 pro-

2182 1266 2404 1314 motum
2432 1260 2800 1332 subsignavit
2826 1261 3160 1333 imperium.

2463 1414 2753 1469 Ysaamus
2786 1412 2841 1468 in
2874 1414 3108 1470 Christo
3143 1415 3259 1471 Deo
3290 1416 3480 1472 ﬁdelis
3511 1417 3831 1489 imperator

2588 1508 2644 1557 et
2676 1503 3008 1558 moderator
3039 1503 3390 1560 Romeorum
3423 1507 3706 1580 Angelus.

2082 1711 2175 1766 IV.

849 1845 1037 1885 AURIA
1075 1843 1256 1884 BULLA
1295 1845 1365 1883 DE
1403 1845 1563 1885 LOC18
1601 1848 1635 1884 Δ
1673 1843 1906 1883 νεκετιε
1943 1843 2063 1883 CONI

2176 1842 2457 1882 vrmorou
2498 1841 2866 1882 POSSIDENDIS
2907 1827 3041 1898 [15].
3083 1830 3172 1897 (Α.
3220 1827 3398 1896 1187).

497 1982 781 2049 Quoniam
828 1982 1088 2038 Venetici
1139 1983 1210 2037 ad
1244 1982 1555 2055 imperium
1607 1986 1872 2038 nostrum
1904 1996 2063 2037 acce-
2096 1991 2142 2055 Β
2173 1980 2361 2051 parati
2392 1983 2449 2035 et
2479 1979 2732 2052 prompti
2783 1984 3202 2052 apparuerunt.
3238 1981 3311 2036 Ut
3339 1982 3492 2038 enim
3529 1985 3832 2056 predictus

423 2075 628 2130 dentes
676 2077 732 2128 et
769 2073 841 2128 ab
888 2089 954 2128 eo
1003 2073 1073 2127 ad
1125 2073 1402 2128 servitum
1456 2071 1822 2128 celsitudinis
1872 2075 2069 2126 nostre

422 2161 637 2233 recepti
671 2179 804 2218 cum
832 2161 1060 2227 ceteris,
1093 2177 1202 2231 que
1235 2160 1697 2233 postulaverunt,
1730 2160 1802 2215 ab
1823 2158 2068 2231 imperio

421 2255 620 2307 nostro
654 2251 945 2324 petierunt
968 2255 1229 2306 nostram
1264 2251 1646 2322 deposcentes
1672 2249 2066 2314 serenitatem,

422 2340 755 2395 conﬁrmari
787 2345 845 2396 et
895 2341 1048 2412 quod
1082 2356 1259 2411 super
1309 2339 1563 2411 practice
1611 2338 1952 2394 collatorum
1986 2337 2068 2392 eis

421 2431 482 2485 in
514 2446 725 2499 magna
754 2431 896 2485 urbe
929 2447 962 2484 a
991 2446 1222 2501 semper
1243 2429 1621 2484 memorando
1642 2428 1991 2500 imperatore
2014 2431 2070 2481 et

421 2517 923 2574 desideratissimo
952 2523 1161 2590 patrue
1196 2518 1423 2589 imperii
1457 2517 1664 2587 nostri,
1689 2518 1924 2572 domino
1946 2520 2066 2570 Ma-

423 2607 593 2664 nuele
624 2607 940 2674 Comnano,
974 2606 1446 2663 babitaculorum
1481 2606 1745 2662 videlicet
1773 2612 1828 2661 et
1859 2605 2066 2661 libero-

424 2714 556 2753 rum
596 2697 878 2765 locorum,
911 2714 1016 2752 nec
1067 2714 1180 2752 non
1212 2703 1269 2752 et
1319 2697 1590 2752 littoralis
1637 2695 1811 2765 scale,
1845 2697 2064 2750 factum

422 2789 512 2842 est
541 2785 957 2858 chrysobulum
999 2785 1241 2840 verbum
1293 2785 1554 2854 ejusdem
1588 2801 1817 2856 semper
1850 2800 2064 2839 memo-

423 2875 590 2932 randi
623 2875 1013 2947 imperatoris,
1041 2879 1330 2946 quatenus
1361 2875 1444 2929 sic
1476 2873 1634 2929 nullo
1668 2875 1839 2929 modo
1871 2874 2067 2945 suspi-

423 2966 650 3022 cionem
708 2963 967 3035 aliquam
1017 2963 1286 3033 habeant,
1338 2963 1655 3034 quicquam
1705 2962 1914 3017 horum
1949 2962 2068 3018 fore

422 3053 691 3111 avulsum
727 3071 740 3108 :
771 3053 1090 3125 Imperium
1124 3058 1389 3108 nostrum
1424 3052 1762 3123 hujusmodi
1788 3053 2066 3122 depreca-

421 3144 642 3199 tionem
672 3159 874 3198 eorum
916 3142 1118 3198 nolens
1166 3142 1414 3208 abicere,
1447 3142 1700 3212 presenti
1734 3139 2066 3196 cbrisobulo

420 3251 526 3290 suo
555 3232 865 3290 conﬁrmat
897 3233 1223 3304 predictum
1257 3230 1675 3303 chrysobulum
1712 3230 2064 3301 interimpe-

418 3327 641 3379 ratores
673 3319 882 3376 famosi
913 3320 1280 3392 imperatoris
1313 3326 1365 3375 et
1394 3321 1587 3391 patrui
1619 3327 1815 3375 nostre
1846 3321 2063 3375 sereni-

418 3412 582 3478 tatis,
617 3410 770 3482 quod
803 3409 873 3465 ad
905 3411 1142 3465 verbum
1178 3411 1261 3464 sic
1292 3409 1548 3465 continet
1583 3427 1595 3464 :

491 3525 520 3552 «
549 3501 607 3556 Si
638 3517 758 3568 eos,
789 3499 886 3571 qui
928 3499 1040 3554 ﬁde
1071 3505 1126 3554 et
1172 3499 1473 3554 devotione
1504 3498 1708 3570 Optimi
1759 3503 1896 3554 sunt
1925 3515 2063 3570 erga

419 3590 574 3662 illos,
607 3589 710 3662 qui
740 3605 841 3660 per
886 3593 1152 3660 tempora
1198 3588 1464 3660 optinent
1510 3587 1740 3660 imperii
1771 3589 2062 3660 guberna-

421 3679 575 3746 cula,
603 3682 958 3750 oportunum
997 3681 1086 3732 est
1114 3676 1278 3748 larga
1321 3676 1601 3732 beneﬁcia
1649 3677 1720 3730 ab
1751 3675 1897 3747 ipsis
1925 3693 2062 3731 con-

421 3768 612 3840 sequi,
645 3766 834 3839 magis
865 3771 1061 3822 autem
1083 3767 1132 3822 si
1163 3766 1472 3837 contigerit
1501 3780 1596 3820 eos
1630 3765 1821 3821 anime
1843 3770 2061 3821 statum

423 3873 772 3930 generosum
808 3856 1018 3911 habere
1050 3862 1222 3926 atque
1270 3855 1574 3923 audacem,
1606 3860 1671 3910 ut
1701 3856 1772 3910 ad
1807 3855 2063 3910 similem

418 3945 610 4001 zelum
645 3943 855 4016 reliqui
905 3943 1229 4010 irritentur,
1261 3949 1318 3997 et
1365 3961 1434 3998 ne
1486 3945 1821 4013 hujusmodi
1854 3945 2064 4000 virtute

413 4034 706 4090 inhonora
734 4033 1083 4105 persistente
1108 4039 1164 4088 et
1189 4033 1477 4088 contrario
1508 4034 1558 4088 ei
1593 4033 1728 4088 vitio
1751 4034 2063 4105 reprehen-

414 4123 642 4178 sionem
690 4123 928 4177 veritate
957 4121 1088 4192 (16),
1142 4122 1350 4176 raritas
1385 4120 1548 4176 valde
1597 4122 2059 4178 necessariarum

410 4211 914 4286 prerogativarum
947 4228 980 4266 a
1019 4211 1124 4266 deo
1157 4210 1377 4266 salvato
1425 4211 1814 4266 Romanorum
1848 4212 2062 4266 exerci-

410 4300 497 4356 tui
549 4301 694 4356 ﬁat:
744 4315 1118 4370 nequaquam
1169 4300 1322 4369 quod
1369 4315 1402 4353 a
1451 4300 1557 4353 deo
1610 4304 1699 4354 est
1747 4299 2060 4371 imperium

409 4393 679 4447 nostrum
724 4389 1010 4462 ingenuos
1059 4392 1266 4444 nautas
1298 4393 1352 4444 et
1398 4387 1776 4444 ﬁdelissimos
1830 4388 2060 4444 celsitu-

407 4479 564 4536 dinis
597 4483 796 4535 nostre
845 4478 1178 4548 Veneticos,
1209 4479 1266 4532 in
1314 4478 1462 4533 hanc
1497 4478 1937 4550 imperatoriam
1967 4496 2058 4534 ur-

407 4574 543 4627 bem
577 4572 896 4637 venientes,
931 4571 1095 4625 decet
1125 4587 1368 4641 prorsus
1400 4585 1674 4640 spernere
1703 4586 1734 4624 a
1779 4568 2060 4640 petieione

405 4662 742 4718 decidentes
789 4660 924 4732 (l7),
959 4677 1136 4731 quam
1188 4675 1343 4713 nunc
1395 4658 1639 4729 imperio
1691 4663 1884 4712 nostro
1929 4675 2058 4730 por-

2177 2068 2368 2124 Sieilie
2394 2069 2667 2124 dominus
2701 2069 2983 2141 Rogerius
3011 2069 3238 2139 didicit,
3292 2071 3686 2131 incustoditae
3719 2077 3834 2133 fore

2178 2161 2370 2230 partes
2399 2158 2629 2229 imperii
2666 2159 2874 2224 nostri,
2910 2176 3022 2230 que
3052 2159 3252 2216 circha
3282 2160 3545 2218 Greciam
3580 2169 3642 2220 et
3673 2166 3832 2223 Pelo-

2178 2247 2451 2319 ponisum
2484 2253 2642 2316 sunt,
2673 2252 2729 2302 et
2753 2247 2976 2303 insulas
2998 2252 3185 2305 terras
3215 2249 3447 2323 imperii
3479 2254 3698 2321 nostri,
3721 2272 3831 2328 que

2178 2335 2329 2391 circa
2373 2336 2608 2392 easdem
2643 2340 2829 2392 terras
2878 2342 3036 2403 sunt,
3071 2338 3213 2393 dum
3258 2339 3602 2398 sublimitas
3635 2349 3834 2402 nostra

2177 2430 2405 2480 vacaret
2446 2425 2804 2497 susceptioni
2853 2430 2910 2481 et
2959 2427 3199 2482 ducatui
3231 2443 3458 2501 earum,
3493 2448 3609 2503 que
3660 2436 3831 2506 paulo

2175 2519 2310 2570 ante
2344 2531 2442 2585 per
2468 2519 2681 2570 terram
2721 2513 2952 2587 imperii
3003 2517 3186 2571 nostri
3233 2519 3620 2588 transierunt,
3656 2523 3830 2580 innu-

2178 2603 2547 2659 merabilium
2579 2603 3040 2676 expeditionum,
3067 2605 3524 2664 Alemannorum
3559 2611 3833 2671 videlicet

2175 2699 2232 2750 et
2282 2694 2700 2764 Franchorum,
2733 2698 2789 2750 et
2841 2701 3112 2766 paratum
3165 2697 3272 2766 (l8)
3304 2715 3438 2754 cum
3489 2701 3639 2772 ipsis
3677 2711 3834 2761 esset

2175 2788 2377 2839 contra
2395 2783 2604 2855 impios
2629 2791 2923 2854 Agarenos
2941 2786 3011 2838 ad
3035 2786 3464 2857 expeditionem
3493 2790 3830 2850 faciendum

2176 2889 2279 2944 per
2307 2872 2463 2928 stolii
2514 2873 2880 2939 missionem,
2912 2875 3202 2944 ejusmodi
3256 2877 3548 2949 regionem
3585 2881 3829 2940 celsitu-

2176 2962 2332 3017 dinis
2389 2966 2607 3028 nostre,
2665 2962 2988 3018 secundum
3041 2965 3195 3036 quod
3249 2965 3301 3020 ei
3355 2969 3641 3038 possibile
3700 2973 3830 3042 fuit,

2174 3051 2563 3123 depopulatus
2594 3057 2718 3119 est;
2754 3069 3008 3124 cumque
3038 3055 3193 3124 quod
3227 3056 3442 3112 iactum
3476 3063 3567 3115 est
3597 3063 3672 3117 ad
3703 3081 3829 3136 pre-

2175 3141 2465 3196 dictorum
2510 3141 2918 3196 Veneticorum
2970 3159 3142 3198 aures
3191 3147 3573 3215 pervenisset,
3610 3150 3689 3206 bii
3725 3153 3831 3210 hoc

2172 3234 2453 3300 tanquam
2475 3230 2770 3301 proprium
2794 3231 3118 3302 dampnum
3155 3238 3595 3304 reputaverunt,
3621 3253 3679 3293 et
3702 3257 3832 3297 con-

2177 3318 2369 3373 testim
2403 3319 2472 3372 ad
2506 3323 2811 3388 aparatum
2842 3321 3212 3390 cooperandi,
3239 3326 3302 3376 ut
3331 3322 3387 3377 id
3415 3326 3571 3394 quod
3608 3327 3827 3386 factum

2173 3412 2262 3462 est
2292 3407 2626 3462 omnimodo
2655 3407 3001 3475 vindicetur,
3036 3421 3532 3469 consurrexerunt
3563 3421 3622 3472 et
3651 3436 3828 3476 suum

2169 3496 2472 3552 servitium
2493 3514 2655 3568 prom
2669 3502 2762 3568 pte
2785 3496 3114 3553 celsitudini
3141 3507 3338 3556 nostre
3354 3507 3824 3575 spoponderunt.

2173 3587 2346 3641 Porro
2377 3590 2434 3641 et
2461 3587 2519 3641 in
2552 3586 2808 3657 reliquas
2840 3585 3104 3656 regiones
3133 3587 3365 3660 imperii
3411 3594 3600 3648 nostri
3633 3603 3824 3653 trans-

2174 3675 2485 3742 miserunt,
2517 3680 2826 3746 quatenus,
2860 3676 2958 3746 qui
2991 3676 3398 3734 invenirentur
3420 3680 3834 3756 ;cumpatriote

2174 3781 2401 3831 eorum,
2433 3763 2696 3820 venirent
2744 3769 2800 3820 et
2848 3764 3136 3821 servirent
3179 3771 3236 3823 et
3265 3767 3379 3840 ipsi
3429 3770 3487 3826 in
3530 3775 3835 3844 ejusmodi

2175 3853 2455 3909 Romanis
2485 3857 2542 3909 et
2571 3852 2803 3926 imperii
2839 3855 3021 3910 nostri
3055 3856 3295 3912 servitio
3329 3875 3517 3931 usque
3549 3864 3622 3918 ad
3674 3881 3830 3921 com-

2176 3941 2536 4014 plementum
2587 3943 2774 3998 tocius
2823 3943 3044 3999 mensis
3091 3947 3450 4016 Septembris
3503 3951 3691 4008 futuri
3723 3955 3838 4025 {19)

2175 4048 2306 4086 cum
2342 4033 2449 4086 deo
2481 4031 2820 4089 indictionis
2870 4033 3235 4090 duodecime.
3283 4037 3366 4092 Ad
3401 4043 3834 4100 remuneratio-

2176 4137 2307 4175 nem
2335 4120 2514 4193 igitur
2544 4121 2886 4193 hujusmodi
2937 4139 3140 4178 eorum
3171 4125 3414 4194 servitii,
3465 4132 3623 4200 quod
3661 4137 3720 4186 ut
3745 4133 3836 4186 di-

2174 4215 2330 4265 ctum
2366 4213 2453 4264 est
2478 4210 2663 4266 facere
2694 4211 3112 4282 promiserunt,
3137 4214 3416 4284 quoniam
3443 4221 3698 4290 majores
3718 4222 3843 4292 (20)

2115 4329 2123 4336 λ
2173 4299 2292 4354 vice
2321 4299 2608 4366 universe,
2644 4316 2756 4371 que
2801 4316 2903 4372 per
2935 4305 3196 4372 tempora
3245 4302 3359 4359 huc
3389 4307 3570 4376 venit,
3599 4310 3836 4366 Veneti-

2174 4405 2373 4443 eorum
2409 4387 2808 4444 multitudinis
2841 4389 3117 4461 adaugeri
3151 4391 3263 4447 sibi
3314 4397 3372 4449 et
3403 4399 3742 4454 mansiones
3774 4404 3839 4455 et

2173 4477 2470 4532 embolum
2503 4481 2559 4532 et
2590 4477 2796 4545 scalas,
2827 4479 2882 4533 in
2907 4478 3124 4550 quibus
3157 4497 3330 4537 naves
3347 4499 3551 4540 eorum
3574 4485 3630 4540 in
3655 4493 3836 4558 portu

2173 4571 2348 4633 stant,
2382 4566 2790 4638 eertiﬁcantes,
2824 4584 2884 4622 se
2917 4585 3031 4622 non
3084 4569 3380 4626 modicum
3414 4576 3731 4644 angustari,
3771 4580 3838 4630 et

2173 4655 2326 4727 quod
2365 4672 2478 4710 non
2510 4655 2740 4727 possint
2774 4656 2887 4712 hiis
2918 4656 3082 4728 solis,
3117 4674 3229 4729 que
3262 4659 3407 4731 ipsis
3439 4663 3573 4719 data
3620 4670 3760 4720 sunt
3797 4683 3837 4719 a

405 4755 702 4820 rexerunt,
751 4767 933 4822 quum
967 4755 1022 4804 et
1055 4748 1163 4820 ipsi
1198 4753 1507 4803 consuetas
1540 4747 1902 4819 genitoribus
1933 4748 2058 4804 suis
2095 4741 2135 4804 Ι)
2169 4745 2333 4799 beate
2368 4744 2646 4800 memorie
2674 4745 3024 4816 imperatore
3057 4751 3110 4801 et
3143 4765 3247 4804 avo
3277 4749 3511 4823 imperii
3543 4754 3721 4809 nostri
3760 4755 3829 4810 in

407 4840 581 4895 ﬁdem
614 4845 670 4896 et
700 4839 1059 4897 devotionem
1112 4854 1246 4908 erga
1293 4838 1638 4892 Romaniam
1671 4843 1727 4892 et
1759 4837 2057 4892 celsitudi-

405 4943 541 4983 nem
573 4934 836 4983 nostram
879 4943 1115 4982 rursum
1165 4927 1571 4996 ostenderunt,
1603 4932 1660 4980 et
1711 4928 1782 4981 ab
1817 4927 2056 4998 imperio

405 5021 604 5074 nostro
637 5017 816 5073 vocali
849 5016 910 5072 in
953 5032 1327 5088 congressum
1381 5021 1584 5070 contra
1631 5031 1787 5082 eum,
1821 5015 1918 5086 qui
1952 5033 2054 5086 po-

402 5111 672 5164 testatem
730 5106 908 5162 habet
963 5106 1177 5172 Sicilie,
1230 5110 1286 5160 et
1345 5105 1744 5160 omnimodam
1798 5122 2052 5176 pugnam

402 5202 608 5254 contra
637 5213 773 5253 eum
795 5199 852 5252 et
873 5195 1114 5252 stollum
1137 5195 1285 5265 ejus,
1312 5211 1416 5249 nec
1441 5210 1555 5248 non
1580 5197 1636 5248 et
1667 5198 1878 5249 terram
1902 5195 2050 5264 ejus,

471 5397 585 5469 (15)
617 5397 696 5452 Ex
722 5396 871 5452 libro
902 5395 1033 5469 albo
1066 5399 1123 5469 et
1143 5393 1339 5469 hlibris
1371 5396 1685 5469 pactorum
1721 5397 1854 5469 post
1880 5393 2050 5469 gari-3

399 5464 542 5525 num
570 5464 612 5523 l.
636 5469 676 5524 l.
698 5473 839 5523 tom.
865 5467 960 5534 IlI,
984 5485 1039 5538 p.
1063 5467 1169 5520 293
1203 5465 1535 5538 nuperrime
1557 5464 1865 5538 ediderunt
1889 5465 2048 5520 'I‘afel

400 5544 457 5596 et
488 5540 744 5596 Thomas
775 5536 1001 5612 sepius
1022 5537 1439 5612 laudati,gtom.
1473 5536 1515 5602 Ι,
1552 5536 1903 5612 ρ.,189-195.

472 5611 590 5681 (16)
616 5609 876 5666 Editores
907 5613 1058 5681 conj.
1095 5610 1405 5663 invenientis
1427 5626 1471 5661 s.
1505 5609 1795 5664 excitanle.
1828 5612 2044 5662 Sensus

403 5680 684 5753 postulat,
717 5688 784 5738 ut
813 5680 1054 5739 evitant’o
1080 5681 1368 5752 legamus.

2170 4833 2279 4888 hac
2308 4833 2610 4888 civitatum
2646 4834 3038 4905 imperatrice,
3073 4837 3333 4894 contenti
3369 4855 3499 4896 esse
3532 4858 3543 4897 :
3572 4841 3833 4913 largitur

2170 4923 2253 4977 eis
2286 4923 2599 4995 imperium
2643 4929 2909 4979 nostrum
2957 4942 3059 4996 per
3105 4943 3349 4998 presens
3397 4930 3827 5004 chrysobulum

2167 5032 2340 5071 suum
2394 5033 2504 5087 que
2554 5015 2865 5087 petierunt,
2899 5016 3236 5073 habitacula
3275 5025 3330 5076 et
3377 5020 3559 5078 libera
3603 5023 3719 5079 loca
3758 5028 3830 5078 et

2164 5103 2478 5160 littoralem
2500 5104 2757 5176 scallam,
2783 5121 2895 5176 que
2919 5121 3189 5177 expresse
3211 5112 3572 5167 numeranda
3590 5117 3642 5166 et
3662 5110 3825 5167 scri-

2163 5193 2355 5250 benda
2384 5199 2524 5250 sunt
2567 5194 2627 5248 in
2659 5210 2746 5265 eo,
2778 5194 2934 5265 quod
2975 5194 3216 5266 jussum
3250 5202 3337 5254 est
3388 5199 3531 5269 ﬁeri,
3560 5200 3824 5272 practico

2231 5390 2342 5461 (17)
2378 5391 2418 5445 Ι.
2453 5406 2502 5445 e.
2531 5387 2911 5451 ἐκπίπτοντας.

2228 5463 2339 5604 (18)
2371 5462 2482 5516 Scil
2511 5462 2824 5534 imperium
2854 5467 3146 5520 nostrum.

2255 5535 2341 5604 19)
2369 5535 2516 5603 Lege
2545 5539 2789 5604 fatente.

2255 5535 2319 5587 19
2369 5535 2516 5603 Lege
2545 5539 2789 5605 fatente.

2255 5537 2341 5675 20;
2375 5605 2498 5660 Lib.
2533 5611 2789 5675 pactorui

2230 5605 2337 5688 (2p)
2375 5605 2861 5688 Lib._pactorum,
2893 5622 2991 5688 ραις
3037 5608 3294 5679 maiores.
3349 5611 3506 5670 Unde
3551 5613 3802 5670 editores

2155 5679 2549 5749 conjecerunt,
2571 5681 2849 5750 petierunt
2873 5679 3126 5753 majores.

4025 4193 4028 4300 ἓ
