4028 6202
242 385 340 444 461

1359 380 1749 445 NOVELLIE
1791 379 2492 445 CONSTlTUTIONES.

3503 385 3623 444 462

241 512 556 571 traditionis
587 527 782 567 eorum
820 511 1137 584 corporalis
1176 513 1248 568 ab
1280 514 1696 572 aedesimotato
1731 515 1856 587 Ερῖο
1891 516 1941 580 Α
1974 513 2110 567 cilia
2166 515 2350 570 sancti
2393 514 2678 586 Nicbolai,
2731 531 2761 569 a
2791 513 3046 570 sinistris
3095 513 3436 586 pistoricum
3468 531 3626 588 erga.

237 601 436 678 phanio
465 600 724 673 Tugliea,
783 601 1090 657 certiﬁcari
1125 603 1367 657 debente
1413 621 1512 675 per
1541 605 1866 677 superscri-

235 693 470 766 ptioncm
507 689 812 745 familiaris
861 690 1116 747 hominis
1149 691 1517 749 celsitudinis
1547 699 1742 750 nostre
1767 695 1865 751 Joo

232 780 428 838 hannis
460 779 846 852 Pepagomeni
880 783 937 836 et
965 781 1144 836 sterni
1195 781 1253 836 in
1301 783 1572 856 congruis
1605 784 1864 853 secretis,

231 871 284 926 in
313 869 522 942 quibus
553 873 610 924 et
642 885 882 942 presens
943 874 1139 925 nostra
1179 871 1511 928 serenitatis
1541 873 1866 946 chrysobu-

233 958 344 1015 lum
366 958 542 1012 sterni
577 957 767 1030 debet,
800 962 1094 1029 quatenus
1122 963 1179 1014 et
1210 959 1314 1015 hec
1362 960 1683 1033 cptineant,
1718 963 1870 1019 sicut

230 1054 282 1105 et
308 1064 414 1119 que
449 1047 612 1119 prius
636 1063 670 1101 a
721 1063 956 1119 semper
1001 1050 1380 1105 memorando
1437 1049 1786 1123 imperatore
1817 1061 1868 1109 et

231 1153 324 1192 avo
353 1135 581 1208 imperii
617 1137 798 1191 nostri
827 1137 909 1192 eis
929 1137 1063 1193 data
1084 1139 1477 1206 sunt,servire
1501 1141 1870 1210 debentibus,

229 1231 288 1282 ut
317 1227 591 1298 superius
633 1230 1026 1282 monstratum
1069 1231 1176 1282 est.
1227 1227 1644 1286 Detcrminatio
1695 1231 1875 1304 igitur

227 1330 438 1385 eorum,
490 1330 606 1386 que
658 1331 760 1386 per
792 1315 1180 1388 chysobulum
1241 1319 1528 1389 prcscntis
1560 1320 1759 1392 scripti
1789 1323 1873 1378 eis

227 1402 426 1459 collata
453 1407 616 1470 sunt,
641 1402 817 1460 habet
848 1404 932 1459 sic
958 1422 969 1458 :

289 1515 316 1541 ‹‹
346 1492 561 1564 Incipit
596 1493 668 1547 ab
700 1493 828 1565 ipsa
859 1493 1044 1564 Vigla,
1075 1497 1132 1549 et
1161 1496 1422 1567 procedit
1454 1514 1653 1555 versus
1687 1501 1844 1556 orien

222 1587 348 1639 tem.
379 1581 556 1637 Tenet
586 1581 887 1637 embolum
919 1587 974 1638 et
1005 1599 1117 1654 que
1148 1601 1353 1640 versus
1398 1589 1872 1659 septemtrionem

223 1677 274 1728 et
300 1671 604 1726 meridiem
639 1676 940 1727 suntcum
983 1672 1213 1728 solariis
1253 1674 1608 1743 habitacula,
1662 1683 1717 1733 et
1747 1697 1876 1752 pro-

225 1760 367 1818 cedit
392 1776 588 1833 usque
622 1762 690 1816 ad
717 1761 996 1816 fornicem
1045 1765 1425 1834 conjunctum
1477 1783 1644 1824 muro
1683 1768 1878 1841 hospi-

1979 603 2217 659 sterium
2244 605 2427 660 sancti
2464 604 2931 676 Marciani,quod
2965 605 3348 674 estjunctum
3376 606 3624 659 mansio-

1980 693 2154 749 nibus
2184 694 2371 748 sancti
2401 693 2682 750 Nicbolai.
2719 694 3170 765 Supergreditur
3217 711 3424 749 rursus
3453 694 3624 750 aliam

1981 782 2207 836 tertiam
2235 782 2528 850 semitam,
2560 789 2614 837 et
2646 784 2907 855 pervenit
2963 799 3149 854 usque
3197 784 3268 838 ad
3319 800 3470 856 aque
3500 801 3628 838 cur-

1980 887 2132 941 sum,
2167 887 2280 943 que
2321 888 2352 927 a
2384 871 2549 944 Vigla
2589 871 2908 940 descendit,
2971 872 3302 943 relinquens
3352 891 3385 928 a
3415 873 3632 930 dextris

1981 958 2095 1014 alia
2124 959 2458 1015 habitacula
2493 961 2676 1014 sancti
2712 960 2993 1029 Nicbolai,
3037 977 3071 1016 a
3101 960 3358 1018 sinistris
3389 962 3632 1018 domici-

1978 1047 2125 1103 lium
2157 1049 2342 1105 sancti
2377 1049 2649 1104 Marciani
2701 1055 2756 1104 et
2802 1049 3170 1121 pensionales
3195 1051 3400 1106 domos
3433 1068 3631 1107 mona-

1982 1139 2138 1194 sterii
2202 1139 2708 1211 Parakymomeni.
2767 1140 2982 1194 lterum
3033 1140 3402 1212 progreditur
3431 1157 3636 1197 versus

1985 1229 2310 1296 meridiem,
2345 1228 2848 1300 comprehenderis
2877 1245 3124 1284 vacuum
3147 1227 3339 1284 locum
3371 1230 3636 1300 ejusdem

1985 1317 2322 1373 monasterii
2385 1317 2873 1385 Parakimomeni,
2926 1319 3026 1388 qui
3096 1334 3297 1373 versus
3355 1321 3639 1374 orientem

1975 1412 2134 1495 jacet
2181 1409 2489 1462 domorum
2541 1406 2726 1495 sancti
2785 1405 3072 1474 Nicbolai,
3107 1413 3160 1461 et
3194 1408 3528 1479 proceditet
3561 1423 3643 1462 re-

1984 1493 2245 1570 greditur
2280 1513 2466 1568 usque
2491 1497 2562 1552 ad
2595 1493 2851 1568 Viglam,
2900 1496 3054 1551 unde
3087 1500 3140 1550 et
3170 1495 3406 1568 incepit,
3440 1496 3643 1551 dimit-

1989 1590 2115 1640 tens
2148 1583 2382 1658 quidem
2444 1601 2475 1638 a
2525 1582 2744 1639 dextris
2797 1584 3003 1638 domos
3068 1583 3406 1639 monasterii
3460 1583 3647 1639 sancti

1987 1674 2180 1741 Marci,
2215 1690 2248 1728 a
2280 1672 2537 1728 sinistris
2570 1688 2704 1727 vero
2741 1688 2892 1744 aque
2926 1689 3184 1728 cursum.
3219 1672 3516 1743 Ejusmodi
3550 1673 3646 1726 de-

1988 1760 2418 1818 terminationis
2451 1761 2638 1834 spatio
2663 1761 3246 1833 comprehenduntur
3262 1779 3348 1831 ea,
3371 1778 3483 1834 que
3513 1766 3653 1816 sunt

225 1849 349 1907 talis
378 1850 568 1905 sancti
596 1850 896 1919 Marciani,
954 1852 1458 1922 comprehendens
1509 1861 1566 1912 et
1621 1856 1767 1927 loca,
1819 1858 1876 1914 in
1921 1889 1964 1952 Β
1993 1869 2194 1909 versus
2225 1850 2505 1906 orientem
2541 1867 2689 1922 aque
2720 1868 2954 1920 cursus,
2986 1851 3398 1907 descendentis
3429 1869 3461 1906 a
3486 1849 3653 1924 Vigla

227 1940 435 2012 quibus
455 1943 621 1994 stant
669 1944 797 1994 octo
847 1940 1315 1997 numulariorum
1360 1944 1574 2001 tabule.
1611 1949 1888 2004 Ascendit

224 2026 523 2098 paululum
558 2044 768 2083 versus
792 2029 1095 2084 meridiem
1129 2031 1200 2085 ab
1233 2030 1361 2103 ipsa
1384 2033 1572 2105 Vigla.
1611 2037 1793 2092 Tenet
1817 2039 1887 2094 ad

226 2116 514 2172 modicum
557 2121 620 2172 et
651 2117 807 2172 aliud
855 2118 1176 2187 embolum,
1209 2124 1263 2176 et
1297 2124 1560 2193 pervenit
1593 2143 1780 2198 usque
1815 2130 1886 2184 ad

227 2205 471 2278 primum
507 2206 798 2262 fornicem
819 2207 1083 2278 ejusdem
1120 2209 1356 2280 emboli,
1383 2215 1889 2285 comprehendens

225 2295 619 2351 trielinarium
653 2295 836 2351 altum
875 2297 1241 2354 domicilium
1276 2299 1415 2356 Mili.
1452 2303 1664 2360 Versus
1697 2307 1889 2363 orien-

225 2388 333 2440 tem
353 2385 628 2456 ejusdem
663 2385 878 2440 emboli
926 2387 1250 2444 secundum
1284 2390 1431 2446 duas
1464 2397 1658 2464 partes
1692 2394 1885 2452 humi-

225 2471 326 2528 lem
358 2473 832 2529 domunicullam
867 2491 999 2530 cum
1034 2475 1204 2532 aclini
1258 2482 1408 2535 tecto
1455 2482 1722 2552 ejusdem
1757 2502 1881 2541 mo.

229 2563 480 2629 nasterii,
514 2568 574 2618 et
607 2579 723 2635 que
753 2564 810 2618 in
843 2564 1057 2637 equalli
1101 2565 1279 2640 hujus
1308 2573 1418 2638 est,
1454 2572 1743 2628 modicam
1778 2593 1882 2630 cu-

231 2652 385 2719 riam,
421 2669 535 2724 que
569 2651 792 2708 dicitur
821 2653 1084 2722 Aristini,
1116 2661 1174 2710 et
1228 2655 1405 2713 habet
1455 2659 1881 2734 longitudinem

233 2741 600 2798 brachiorum
631 2746 759 2798 octo
790 2759 921 2797 cum
953 2742 1218 2816 dimidio,
1253 2750 1308 2802 et
1347 2746 1719 2807 latitudinem
1751 2770 1880 2826 sep-

231 2834 338 2886 tem
361 2848 493 2887 cum
528 2832 731 2887 tercia.
768 2835 963 2886 Preter
991 2849 1077 2904 ea,
1113 2850 1226 2907 que
1279 2842 1417 2892 sunt
1459 2856 1661 2897 versus
1690 2843 1882 2898 orien-

233 2924 338 2976 tem
370 2921 714 2977 habitacula
761 2921 1002 2980 diacone
1043 2924 1154 2996 (2t)
1199 2929 1586 3001 Precursoris,
1619 2931 1882 2987 debenti-

232 3009 334 3066 bus
353 3011 840 3082 obturarijanuis
861 3012 1204 3084 hujusmodi
1246 3015 1734 3088 babitaculorum,
1769 3038 1880 3094 que

230 3100 474 3156 educunt
504 3101 565 3156 in
595 3099 966 3157 manifestam
1018 3103 1261 3159 curiam.
1310 3105 1529 3163 Versus
1551 3109 1878 3180 aquilonem

228 3189 675 3262 triaergasteria
697 3188 1136 3249 cerulariorum.
1189 3195 1428 3251 Ycanati
1479 3198 1626 3255 duas
1675 3200 1876 3256 statio-

229 3293 342 3350 nes,
366 3279 422 3333 in
451 3279 679 3352 quibus
712 3297 891 3352 panes
920 3282 1272 3350 vendantur,
1305 3291 1362 3338 et
1392 3285 1516 3342 loca
1549 3288 1879 3345 tabularum

228 3367 461 3424 duarum
488 3369 1029 3426 nummulariorum
1089 3373 1352 3440 ejusdem
1382 3378 1719 3432 monasterii
1743 3379 1880 3434 Mili.

230 3455 426 3529 Incipit
452 3474 697 3512 rursum
733 3459 806 3512 ab
838 3459 958 3531 ipso
991 3459 1207 3515 fornice
1260 3463 1498 3534 predicti
1537 3465 1841 3539 hospitalis
1869 3495 1882 3538 ;

233 3549 380 3601 tenet
402 3546 704 3618 publicam
729 3547 903 3615 viam,
939 3565 1050 3620 que
1081 3567 1281 3605 versus
1304 3570 1572 3610 occasum
1606 3561 1695 3611 cst
1724 3558 1884 3627 ejus-

236 3634 352 3689 dem
388 3635 725 3703 hospitalis,
759 3641 816 3691 et
874 3639 1248 3711 progreditur
1304 3659 1488 3713 usque
1528 3645 1596 3698 ad
1631 3653 1882 3717 portam,

237 3739 338 3794 que
359 3729 445 3780 est
467 3725 645 3796 juxta
677 3743 917 3796 parvum
953 3727 1236 3799 templum
1273 3734 1886 3791 PrecursorisJﬁxinde

236 3825 428 3869 rursus
452 3814 765 3869 dimittens
798 3821 1282 3886 premonstratam
1317 3825 1539 3890 portam
1570 3823 1736 3893 quasi
1767 3841 1888 3879 ver-

231 3915 323 3956 sus
355 3904 646 3957 orientem
682 3904 896 3958 transit
928 3921 1028 3976 per
1053 3922 1283 3962 murum
1315 3907 1655 3977 civitatis,ct
1690 3929 1884 3984 perve-

227 3989 304 4043 nit
329 4007 515 4062 usq'ie
543 3991 618 4045 ad
654 3991 944 4060 semitam,
970 4009 1082 4064 que
1116 3995 1323 4051 dividit
1374 3999 1510 4070 jura
1543 4001 1880 4056 monasterii

229 4078 562 4151 Akymitero
596 4080 730 4151 (‘22).
795 4081 1012 4138 Exinde
1045 4085 1307 4139 ascendit
1355 4086 1649 4144 modicum
1684 4107 1887 4147 versus

233 4168 552 4235 meridiem,
587 4175 792 4226 tenens
818 4172 1083 4228 eamdem
1128 4173 1420 4245 publicam
1465 4178 1756 4245 semitam,
1790 4181 1889 4237 ha-

235 4254 543 4314 bentemin
584 4257 894 4314 latitudine
924 4262 1162 4318 brachia
1222 4265 1352 4333 tria,
1405 4274 1480 4333 et,
1545 4273 1607 4322 ut
1664 4270 1884 4325 dictum

234 4349 332 4414 est,
365 4347 729 4403 dividentem
757 4351 1092 4407 mansiones
1138 4355 1478 4411 monasterii
1528 4357 1886 4430 Akymitero,

238 4439 289 4488 et
343 4437 691 4508 perveniens
750 4456 931 4510 usque
980 4440 1038 4495 in
1084 4441 1253 4498 finem
1314 4445 1594 4501 domicilii
1646 4447 1887 4504 ecclesie

235 4524 530 4580 Perivlevti
559 4527 695 4595 (23),
728 4528 806 4582 ita
833 4533 896 4583 ut
921 4546 954 4584 a
979 4547 1145 4586 muro
1205 4532 1454 4591 civitatis
1513 4553 1616 4608 per
1671 4536 1880 4608 equali-

2004 1957 2202 1996 versus
2233 1944 2460 2012 portam
2493 1939 2805 2007 Canavuci,
2836 1939 3170 1995 habitacula
3202 1945 3258 1995 et
3281 1957 3499 1996 vacuus
3531 1957 3652 1995 ma-

2001 2046 2155 2102 gnus
2185 2029 2369 2094 locus,
2404 2028 2502 2100 qui
2539 2045 2722 2100 usque
2773 2029 2842 2084 ad
2903 2027 3197 2100 publicam
3247 2029 3399 2083 viam
3450 2045 3655 2084 versus

2000 2119 2359 2176 occidentem
2410 2117 2780 2190 progreditur
2831 2118 3017 2173 sancti
3078 2117 3354 2172 Marciani
3413 2135 3446 2173 a
3493 2135 3656 2173 muro

2001 2208 2252 2264 civitatis
2284 2211 2340 2262 et
2371 2223 2556 2278 usque
2589 2207 2658 2261 ad
2705 2206 3023 2278 embolum,
3077 2224 3180 2278 per
3209 2223 3452 2279 presens
3483 2207 3653 2279 chry-

1999 2297 2274 2354 sobulum
2304 2297 2548 2352 verbum
2591 2296 2816 2351 datum.
2850 2296 3024 2364 Etca,
3078 2312 3191 2368 quo
3252 2301 3392 2351 sunt
3449 2312 3655 2351 versus

1996 2386 2352 2443 occidentem
2386 2401 2536 2456 aque
2567 2401 2774 2440 cursus
2833 2403 2866 2440 a
2914 2402 3082 2441 muro
3132 2385 3406 2450 civitatis,
3467 2384 3563 2456 qui
3596 2385 3654 2438 in

1994 2476 2183 2548 equali
2217 2475 2424 2530 semite
2453 2480 2562 2543 est,
2597 2474 2909 2530 dividentis
2933 2475 3072 2546 jura
3127 2473 3468 2530 monasterii
3520 2473 3652 2527 Aki-

1994 2567 2197 2634 miton,
2233 2571 2288 2619 et
2320 2581 2506 2637 usque
2526 2565 2598 2619 ad
2631 2566 2836 2620 domos
2869 2563 3057 2619 sancti
3093 2562 3349 2620 Nicbolai
3373 2568 3431 2618 et
3453 2561 3640 2617 sancti

1993 2656 2348 2723 Marci,cum
2383 2670 2557 2723 parvo
2587 2670 2766 2708 vacuo
2816 2653 2940 2709 loco
2999 2651 3336 2707 monasterii
3387 2651 3638 2723 Paraky-

1991 2745 2260 2801 momeni.
2323 2747 2386 2798 Et
2412 2741 2757 2815 simpliciter
2785 2759 2877 2798 om
2891 2743 3124 2812 nia,que
3152 2741 3556 2797 inhabitantur
3585 2742 3643 2795 et

1993 2851 2106 2906 que
2138 2850 2252 2888 non
2287 2831 2720 2900 inhabitantur,
2753 2830 3088 2886 habitacula
3118 2834 3176 2886 et
3207 2845 3383 2884 vacua
3414 2828 3558 2898 loca,
3583 2827 3639 2882 in

1993 2924 2250 2995 predicto
2284 2921 2472 2994 spatio
2496 2920 2919 2993 conprehensa.
2954 2920 3160 2974 Adhuc
3191 2934 3322 2974 cum
3357 2917 3448 2973 bis
3489 2931 3644 2972 com-

1991 3011 2374 3086 prehenditur
2401 3015 2454 3065 et
2484 3027 2597 3084 que
2623 3015 2709 3066 est
2737 3010 2793 3064 in
2845 3008 3039 3065 littore
3069 3008 3247 3064 scalla
3277 3007 3460 3063 sancti
3495 3009 3641 3061 Mar-

1991 3103 2164 3173 ciani,
2194 3117 2306 3174 quc
2340 3101 2512 3156 hodie
2539 3117 2570 3155 a
2603 3097 3054 3172 Chrysiobasilio
3105 3097 3456 3170 possidetur,
3511 3111 3643 3151 cum

1993 3191 2267 3247 universa
2291 3192 2418 3262 ejus
2477 3188 2997 3262 comprehensione
3050 3193 3104 3242 et
3157 3186 3537 3256 continentia,
3590 3189 3646 3240 et

1993 3299 2107 3354 que
2131 3281 2186 3336 in
2219 3297 2286 3335 ea
2308 3284 2445 3335 sunt
2470 3279 2744 3334 domibus
2775 3283 2828 3334 et
2858 3277 3213 3350 ergasteriis.

2064 3393 2092 3422 ‹‹
2127 3370 2226 3425 His
2247 3371 2331 3424 sic
2354 3369 2424 3424 ab
2457 3367 2700 3439 imperio
2761 3373 2959 3422 nostro
3009 3365 3240 3421 donatis
3273 3382 3375 3437 per
3404 3378 3643 3436 presens

1995 3457 2413 3531 chrysobulum
2447 3457 2686 3511 verbum
2719 3455 3086 3511 celsitudinis
3115 3459 3332 3519 nostre,
3383 3451 3642 3524 exceptis

1995 3546 2460 3622 proxiinantibus
2490 3544 2583 3601 his
2614 3546 2864 3612 donatis,
2911 3544 3094 3616 portis
3138 3543 3420 3609 videlicet,
3453 3543 3641 3597 muris

1994 3643 2050 3693 et
2079 3635 2318 3691 cortinis
2348 3649 2648 3688 murorum
2707 3631 2976 3700 civitatis,
3038 3631 3341 3687 habebunt
3389 3630 3640 3685 Venetici

1997 3727 2121 3792 hec,
2155 3724 2512 3780 devotionem
2561 3727 2616 3776 et
2677 3723 2872 3790 fidem,
2932 3737 3107 3791 quam
3161 3721 3403 3791 imperio
3443 3725 3643 3774 nostro

1995 3814 2228 3882 debent,
2262 3815 2578 3876 servantes,
2609 3810 2929 3864 secundum
2991 3809 3144 3881 quod
3177 3813 3234 3863 ct
3281 3825 3382 3880 per
3411 3826 3477 3864 ea
3535 3823 3645 3877 que

1998 3903 2157 3974 prius
2179 3901 2371 3972 adepti
2405 3905 2543 3954 sunt
2570 3899 2920 3971 chrysobula
2957 3898 3108 3953 hanc
3157 3914 3386 3953 servare
3435 3913 3646 3952 conen-

1996 3996 2094 4047 tur
2121 3993 2252 4064 (24),
2277 3990 2681 4061 cujuscunque
2708 3988 2862 4060 juris
2911 3987 3051 4055 sint,
3109 3987 3227 4042 sive
3266 3985 3647 4042 ecclesiastici

1987 4080 2142 4152 juris
2177 4085 2294 4134 sive
2328 4079 2405 4134 rei
2441 4078 2669 4150 publice
2699 4077 2820 4132 sive
2882 4077 3100 4150 private
3135 4076 3254 4132 sive
3308 4081 3508 4132 sancte
3547 4076 3647 4130 do-

1997 4186 2130 4225 mus
2152 4169 2236 4223 vel
2263 4169 2601 4232 monastice,
2645 4165 2804 4221 nulla
2853 4165 3086 4222 accione
3119 4165 3310 4220 locum
3344 4164 3646 4230 exercendi

1996 4258 2246 4314 habente
2274 4264 2474 4312 contra
2504 4273 2602 4310 eos
2632 4255 3080 4328 graciahorum.
3112 4255 3166 4308 Si
3199 4272 3332 4310 vero
3359 4253 3648 4326 quispiam

1998 4348 2141 4402 forte
2190 4346 2618 4402 infestationem
2681 4345 2766 4400 eis
2827 4345 3121 4399 induxerit
3165 4345 3363 4416 gracia
3410 4343 3647 4398 convin-

1997 4436 2161 4492 cendi
2197 4440 2300 4490 aut
2328 4434 2625 4490 auferendi
2651 4434 2964 4506 quicquam
3022 4450 3247 4501 eorum,
3299 4449 3409 4503 que
3443 4431 3547 4500 eis,
3583 4433 3647 4484 ut

1995 4525 2218 4580 dictum
2251 4529 2363 4592 est,
2396 4524 2531 4578 data
2562 4527 2700 4577 sunt
2722 4521 3216 4578 inrcmissibiliter
3247 4519 3592 4574 multabitur
3613 4533 3647 4572 a

237 4614 400 4668 tatem
424 4614 717 4686 ejusmodi
753 4617 962 4673 semite
1015 4636 1203 4692 usque
1251 4622 1320 4677 ad
1375 4606 1548 4679 finem
1583 4606 1880 4681 dornicillii

1997 4618 2216 4670 secreto
2249 4613 2336 4683 cpi
2373 4617 2468 4666 ton
2501 4612 2739 4684 ykiaeon
2775 4611 2885 4683 (‘35)
2924 4610 2982 4665 in
3037 4610 3236 4664 decem
3293 4606 3458 4662 libris
3496 4607 3643 4674 auri,

239 4699 347 4756 sint
373 4701 620 4758 brachia
650 4704 849 4777 viginti
884 4722 1002 4762 sex.
1037 4707 1315 4766 Flectitur
1348 4729 1549 4769 versus
1579 4714 1882 4785 orientem,

241 4791 434 4846 tenens
471 4809 706 4848 murum
741 4794 982 4852 eeclesie
1017 4798 1202 4853 sancti
1241 4799 1524 4872 Nicbolai,
1549 4803 1886 4876 relinquens

243 4879 499 4937 adextris
523 4881 758 4954 quidem
794 4886 1218 4942 monasterium
1278 4890 1461 4945 sancti
1514 4891 1795 4958 Nicbolai,
1857 4909 1890 4947 a

246 4965 492 5026 sinistris
524 4987 655 5026 vero
682 4971 1042 5030 domicilium
1068 4978 1418 5052 monasterii
1462 4980 1786 5052 Berivlcvti,
1833 4985 1890 5035 et

248 5059 612 5129 progrediens
670 5077 858 5133 usque
915 5063 986 5116 ad
1047 5063 1292 5121 alteram
1352 5068 1623 5124 semitam
1686 5087 1890 5124 versus

248 5145 514 5202 orientem
550 5149 698 5204 muri
741 5151 927 5206 sancti
960 5151 1243 5210 Nieholai.
1282 5156 1507 5213 Rursus
1557 5159 1810 5214 ﬂectitur
1838 5163 1893 5214 et

249 5237 497 5290 ascendit
530 5255 845 5311 parumper
869 5258 1073 5298 versus
1106 5245 1405 5300 meridiem
1432 5249 1697 5302 eamdem
1717 5247 1893 5304 semi-

251 5325 381 5392 tam,
415 5330 469 5380 et
494 5328 753 5383 ascendit
810 5347 1015 5387 versus
1065 5333 1371 5403 orientem,
1417 5336 1684 5394 dividens
1710 5337 1893 5391 domi-

325 5502 430 5573 (2t)
462 5504 640 5573 Lege:
671 5505 911 5566 diaconi.

271 5573 443 5714 μ
477 5573 594 5633 Lib.
644 5583 960 5638 Pactorum
998 5585 1394 5657 Acymilorum,
1419 5583 1458 5641 i.
1493 5601 1543 5642 e.
1580 5589 1687 5639 τῶν
1721 5586 1901 5640 ’Δκοι-

329 5717 436 5789 (23)
462 5719 574 5790 Τῆς
604 5716 997 5798 Περιϐλέπτου.

1999 4704 2166 4758 ﬁrmo
2193 4706 2250 4754 et
2279 4706 2402 4755 rato
2434 4700 2717 4756 existente
2749 4705 3014 4770 prasente
3071 4695 3420 4770 chrysobulo
3471 4697 3646 4750 verbo

1998 4790 2303 4848 clementia
2335 4795 2550 4854 nostre,
2605 4788 2750 4842 i'acto
2801 4803 3001 4844 mense
3048 4787 3261 4842 Marcio
3314 4785 3650 4840 indicticnis

2002 4880 2308 4935 undecime
2340 4894 2440 4934 sex
2474 4877 2770 4933 millesimi
2799 4876 3230 4932 scxcentessimi
3259 4874 3652 4946 quinquages-

2003 4967 2134 5024 simi
2170 4967 2314 5022 sexti
2350 4967 2462 5038 (26)
2484 4966 2646 5030 anni,
2682 4967 2738 5020 in
2773 4983 2887 5038 quo
2943 4971 2999 5020 et
3043 4970 3306 5021 nostrum
3342 4965 3501 5038 pium
3536 4967 3592 5018 et
3622 4979 3655 5016 a

2001 5059 2108 5114 deo
2141 5060 2469 5128 promotum
2502 5055 2872 5128 subsignavit
2902 5055 3234 5128 imperium.
3269 5076 3296 5103 )›

2075 5145 2231 5200 Hanc
2264 5144 2446 5216 igitur
2479 5145 2886 5200 Veneticorum
2946 5144 3414 5217 deprecationem
3465 5141 3653 5212 impe-

2005 5235 2156 5289 rium
2186 5238 2448 5290 nostrum
2485 5249 2857 5306 nequaquam
2916 5233 3194 5302 abiciens,
3229 5232 3539 5287 confirmat
3569 5228 3654 5282 sic

2006 5323 2311 5380 continens
2343 5322 2758 5394 chrysobulum
2793 5323 3032 5378 verbum
3095 5323 3246 5377 inter
3276 5320 3656 5392 imperatores

2079 5513 2190 5582 (24)
2224 5512 2487 5566 Editores
2500 5511 2818 5582 conjiciunt
2843 5531 2854 5570 :
2891 5517 3167 5570 tenentur.

2080 5583 2193 5726 225)
2225 5583 2349 5638 Ἐπῗ
2375 5586 2480 5637 τῶν
2513 5581 2821 5642 οΐκειακῶν.

2105 5657 2192 5723 26)
2267 5657 2587 5714 Numerum
2651 5660 2802 5714 sexti
2878 5655 2967 5713 edi

2013 5652 2192 5786 R(2t6)
2267 5657 2587 5714 Numerum
2651 5660 2802 5714 sexti
2878 5655 3130 5713 editores
3222 5652 3660 5729 suppleverunt.

2062 5743 2123 5784 ec
2152 5743 2203 5784 e.
