4028 6202
287 346 404 406 463

1597 343 1856 404 ISAAGI
1905 345 1944 401 A
1960 339 2192 402 NGELI
2236 339 2402 401 IMP.

3589 340 3710 402 464

281 495 516 552 semper
546 478 907 535 memorandi
939 478 1128 550 patrui
1177 476 1543 534 celsitudinis
1576 480 1791 547 nostre,
1825 477 1931 530 do-
1964 475 2012 532 A
2047 476 2211 540 hens,
2243 489 2550 546 quousque
2572 477 2628 530 et
2657 473 2917 530 Venetici
2951 473 3524 531 conservabuntsine
3550 476 3710 531 frau-

281 570 427 626 mini
462 568 768 636 Manuelis,
792 585 894 641 per
924 585 1164 640 presens
1213 567 1634 640 chrysobulum
1668 567 1933 630 verbum,

282 667 340 718 et
361 662 532 733 jubet
566 663 849 717 intactum
883 661 988 716 hoc
1030 675 1264 715 manere
1310 663 1366 715 et
1419 657 1828 713 inviolabiliter
1876 655 1934 709 in

282 752 582 818 omnibus,
622 767 734 823 que
795 749 1060 821 precipit,
1097 749 1243 804 dans
1275 752 1331 803 et
1379 747 1702 804 concedens
1755 745 1936 800 Vene-

281 839 438 910 ticis,
484 839 696 896 habere
744 843 802 894 et
849 856 1054 895 rursus
1086 854 1198 909 que
1261 838 1319 892 in
1377 837 1505 910 ipso
1565 836 1942 892 notitieantur

280 931 488 985 domos
522 928 648 984 sine
675 928 1044 984 mutilatione
1077 928 1403 984 secundum
1459 926 1648 997 ipsius
1680 939 1940 994 compre-

279 1017 718 1089 hensionem,ut
749 1018 820 1074 ab
850 1017 1096 1090 imperio
1130 1020 1328 1072 nostro
1362 1015 1506 1088 ipsis
1539 1016 1726 1070 datas.
1763 1015 1946 1084 Super

279 1107 389 1163 hoc
421 1109 574 1163 enim
596 1111 909 1179 etpresens
936 1106 1353 1179 chrysobulum
1376 1103 1617 1162 verbum
1643 1101 1952 1172 clementia

282 1202 476 1255 nostre
509 1198 729 1254 factum
762 1202 870 1267 est,
896 1198 1131 1253 tirnium
1165 1200 1222 1252 et
1251 1200 1444 1253 ratum
1478 1209 1824 1267 permanere
1853 1191 1950 1247 de-

2050 565 2121 619 de
2153 567 2207 618 et
2230 563 2378 619 malo
2411 564 2645 634 ingenio
2676 580 2761 635 ea,
2787 579 2900 636 que
2925 581 3026 637 per
3056 565 3498 621 conventionem
3523 568 3580 620 et
3611 581 3714 620 sa-

2053 657 2417 708 cramentum
2451 654 2693 726 imperio
2718 659 2918 710 nostro
2949 655 3182 711 debent.

2119 745 2354 797 Factum
2386 759 2584 798 mense
2617 743 2929 799 Februario
2969 744 3175 815 quinte
3231 742 3574 799 indictionis
3607 760 3710 799 sex

2054 830 2353 887 millesimi
2382 831 2791 887 sexcentesimi
2849 831 3249 904 nonagessimi
3307 832 3500 903 quinti
3551 832 3716 900 anni,

2052 920 2111 975 in
2137 937 2250 992 quo
2283 925 2339 976 et
2369 925 2634 978 nostrum
2694 939 2727 977 a
2785 922 2890 978 deo
2948 926 3282 994 promotum
3341 922 3722 994 subsignavit

2057 1009 2390 1082 imperium.

2345 1120 2562 1174 lSAKIUS
2595 1118 2652 1174 in
2683 1119 2911 1175 Christo
2943 1120 3049 1176 deo
3094 1119 3280 1175 fidelis
3310 1119 3632 1177 imperator
3662 1123 3722 1176 et

2452 1193 2783 1248 moderator
2814 1193 3196 1249 Romanorum
3231 1193 3509 1264 Angelus.

1436 1477 1632 1516 panno
1661 1477 1782 1516 CUM
1821 1473 2053 1513 VENE’I‘IS
2086 1457 2222 1528 [27].
2260 1456 2341 1527 (Α.
2370 1457 2551 1529 H87.)

359 1589 626 1662 Oportuit
655 1589 926 1662 equidem
958 1594 1014 1645 et
1045 1589 1280 1646 Venetie
1322 1589 1746 1645 revocationem
1801 1591 1853 1642 et
1886 1587 1944 1640 in

288 1679 632 1735 Romaniam
664 1683 720 1734 et
751 1679 805 1733 in
840 1678 1149 1751 pristinam
1183 1679 1479 1747 unionem,
1504 1695 1679 1750 quam
1713 1693 1845 1733 cum
1879 1692 1946 1731 ea

286 1768 560 1839 habebat,
624 1768 1015 1825 reversionem
1069 1773 1126 1823 et
1159 1769 1609 1834 restitutionem,
1644 1783 1780 1838 sepe
1812 1764 1940 1836 qui-

289 1858 420 1914 dem
454 1858 860 1930 excogitatam,
915 1858 1159 1914 diversis
1216 1875 1347 1914 vero
1392 1857 1799 1914 occasionibus
1838 1855 1944 1909 im-

292 1948 550 2019 peditem
583 1953 638 2002 et
671 1948 726 2001 in
760 1948 968 2003 diebus
1026 1947 1352 2019 inspectam
1414 1952 1607 2003 nostre
1653 1947 1741 2018 pie
1784 1950 1944 2001 tran-

293 2036 626 2108 quillitatis,
660 2054 836 2108 quam
869 2039 1034 2104 deus,
1066 2037 1476 2110 interpositum
1509 2036 1813 2091 inimicitia
1844 2036 1946 2091 de-

291 2143 516 2197 ponens
547 2125 975 2198 parietem,tam
995 2144 1170 2200 prope
1189 2144 1364 2198 quam
1380 2127 1543 2198 longe
1557 2126 1943 2182 existentibus

291 2217 573 2287 tanquam
606 2215 766 2287 pacis
797 2217 1067 2287 angelum
1127 2217 1309 2283 misit,
1361 2233 1514 2272 nunc
1545 2233 1645 2287 pro
1695 2217 1805 2271 fine
1831 2216 1941 2284 (28)

287 2304 570 2376 accipere,
602 2305 856 2376 profecto
887 2307 958 2360 ad
992 2304 1303 2362 utilitatem
1335 2307 1568 2377 quidem
1590 2305 1943 2361 Christiano-

289 2409 443 2459 rum,
469 2392 713 2450 minime
744 2398 938 2450 autem
973 2395 1044 2450 ad
1102 2395 1542 2450 incommodum
1577 2395 1849 2449 Romanis
1880 2398 1943 2449 ut

285 2481 599 2554 imperium
615 2486 878 2538 nostrum
895 2483 1152 2538 confidit.
1177 2483 1322 2538 Nam
1351 2482 1547 2538 etaliis
1577 2482 1940 2554 temporibus

283 2569 651 2626 celsitudinis
723 2575 918 2628 nostre
974 2573 1443 2627 antecessoribus
1513 2571 1760 2627 Venetici
1819 2589 1938 2626 ser-

283 2659 505 2716 vientes
539 2659 711 2716 utiles
732 2660 1009 2716 Romanis
1042 2664 1460 2732 apparuerunt,
1492 2661 1860 2716 devocionem
1888 2661 1937 2716 ei

287 2749 613 2805 maximum
647 2751 702 2804 in
739 2751 1086 2806 necessariis
1120 2751 1937 2822 temporibusexibcntes,etei

280 2855 436 2894 nunc
470 2838 682 2895 melius
715 2839 1021 2894 servicium
1046 2839 1498 2910 pollicentes,sic
1531 2839 1721 2910 ipsum
1743 2857 1934 2896 sacra-

283 2932 482 2984 mento
514 2931 571 2984 et
590 2929 976 2984 convencione
994 2927 1069 2982 im
1081 2927 1239 2999 perio
1259 2934 1455 2983 nostro
1471 2929 1933 2985 corroborantes:

355 3039 382 3068 α
416 3017 540 3073 Non
574 3022 661 3074 est
696 3019 1011 3088 conjuncta
1055 3018 1318 3084 Venetia,
1364 3035 1466 3073 nec
1502 3035 1760 3089 unquam
1795 3036 1933 3074 con-

275 3107 560 3178 jungetur
590 3107 763 3162 alicui
800 3112 1210 3163 coronatorum
1243 3105 1328 3162 vel
1357 3125 1469 3162 non
1501 3112 1931 3177 coronatorum,

283 3195 406 3251 sive
434 3197 698 3268 gentium
729 3195 814 3251 vel
843 3196 1142 3251 nationum
1192 3195 1363 3250 alicui
1398 3201 1600 3251 contra
1623 3196 1928 3269 imperium
1963 3183 2006 3246 ί)

282 3284 505 3340 domini
537 3285 906 3357 imperatoris
932 3285 1326 3340 Romanorum
1350 3289 1408 3340 et
1439 3301 1669 3356 semper
1701 3288 1933 3358 augusti

280 3374 506 3430 domini
532 3373 747 3431 Ysaaki
780 3374 1006 3447 Angeli,
1057 3376 1239 3430 donec
1273 3375 1495 3443 vixerit,
1530 3374 1613 3430 vel
1655 3376 1932 3431 heredum

279 3464 406 3534 ejus
439 3463 834 3520 masculorum
870 3464 953 3518 vel
987 3462 1360 3532 feminarum,
1397 3464 1496 3536 qui
1552 3464 1637 3519 vel
1679 3482 1791 3535 que
1825 3465 1933 3519 im-

277 3553 585 3623 perabunt,
612 3551 699 3608 vel
731 3551 988 3619 illorum,
1021 3552 1122 3625 qui
1179 3570 1246 3608 ex
1277 3558 1546 3626 precepto
1595 3569 1796 3609 eorum
1831 3554 1935 3610 im-

278 3642 587 3712 perabunt,
620 3642 691 3697 ad
718 3641 1046 3697 nocendum
1081 3642 1356 3697 Romanis
1388 3643 1818 3714 particulariter
1850 3644 1932 3700 vel

276 3729 684 3786 universaliter
716 3755 729 3798 ;
765 3747 870 3786 nec
903 3747 1002 3802 per
1036 3747 1098 3787 se
1123 3749 1382 3802 unquam
1415 3732 1464 3786 ei
1501 3732 1752 3789 nocebit.

350 3820 514 3888 Item,
549 3819 1084 3890 quocienscumque
1117 3819 1448 3891 principum
1500 3820 1714 3892 aliquis
1773 3839 1932 3878 coro-

279 3911 552 3964 natorum
592 3908 680 3962 vel
723 3926 837 3965 non
870 3913 1302 3974 coronatorum,
1364 3908 1450 3964 vel
1507 3911 1772 3981 gentium
1835 3917 1934 3967 aut

280 3995 577 4051 nationum
602 3996 800 4066 aliqua
826 4004 1025 4053 contra
1071 3995 1417 4052 Itomaniam
1447 4000 1606 4054 venit
1635 4001 1932 4056 offenden-

281 4084 423 4140 dum
454 4101 582 4140 eam
626 4101 759 4140 cum
814 4085 994 4156 galeis
1052 4086 1442 4156 quadraginta
1498 4087 1583 4142 vel
1640 4088 1932 4160 pluribus,

283 4190 464 4244 usque
495 4175 567 4228 ad
617 4178 849 4229 centum
891 4175 1024 4245 (29),
1082 4180 1138 4229 et
1189 4174 1411 4246 indiget
1460 4176 1771 4248 imperium
1805 4180 1932 4250 ejus

277 4263 366 4318 vel
396 4262 638 4320 heredes
681 4263 807 4333 ejus
869 4280 1058 4319 mares
1111 4263 1192 4318 vel
1241 4264 1475 4332 femine,
1527 4266 1626 4336 qui
1678 4267 1762 4322 vel
1822 4285 1932 4339 que

275 4350 672 4424 imperabunt,
708 4353 796 4408 vel
827 4352 934 4423 illi,
966 4353 1066 4423 qui
1124 4370 1190 4408 ex
1244 4359 1513 4425 precepto
1572 4358 1700 4426 ejus
1742 4356 1930 4430 impe-

273 4443 509 4510 rabunt,
542 4441 779 4498 servitio
812 4441 1216 4497 Veneticorum
1241 4459 1375 4497 cum
1438 4443 1619 4514 galeis
1678 4447 1927 4517 quadra-

2059 1583 2319 1656 quinque
2352 1583 2839 1658 gallearum;qui
2891 1589 2947 1642 et
2999 1587 3201 1657 jurare
3259 1587 3494 1655 debent,
3556 1589 3721 1660 quod

2059 1675 2270 1729 facient
2301 1691 2398 1730 eas
2448 1675 2594 1731 bene
2653 1676 2776 1731 fieri
2827 1679 2890 1730 ut
2935 1691 3113 1731 unam
3164 1693 3462 1748 quamque
3510 1693 3719 1734 earum

2055 1768 2292 1820 centum
2325 1764 2716 1836 quadraginta
2773 1766 2894 1821 fore
2954 1769 3314 1822 romatorum
3339 1766 3451 1839 (30)
3490 1771 3550 1823 et
3579 1783 3720 1822 cum

2057 1852 2217 1907 omni
2271 1857 2552 1926 apparatu
2611 1870 2834 1922 earum,
2904 1871 3038 1910 cum
3097 1855 3392 1911 celeritate
3457 1859 3515 1912 et
3587 1857 3722 1911 sine

2055 1941 2278 2009 fraude,
2308 1944 2630 1999 secundum
2665 1944 2817 2015 quod
2863 1944 3118 2000 facerent
3147 1961 3246 2000 eas
3278 1945 3423 2014 fieri,
3477 1945 3525 2000 si
3549 1944 3719 2018 galea

2051 2037 2248 2089 essent
2289 2033 2544 2104 Venetie,
2579 2039 2676 2089 aut
2707 2034 2755 2088 si
2791 2050 2922 2089 cum
2956 2034 3238 2106 peccunia
3269 2035 3392 2090 fieri
3432 2036 3715 2092 deberent

2052 2122 2305 2178 Venetie.
2368 2126 2434 2177 Et
2483 2123 2890 2194 unusquisque
2947 2139 3148 2179 eorum
3204 2124 3376 2180 debet
3448 2125 3714 2197 accipere

2053 2213 2122 2267 de
2153 2211 2424 2268 vestiario
2458 2211 2678 2267 domini
2712 2212 3084 2284 imperatoris
3114 2211 3483 2270 liberalitatis
3512 2214 3718 2287 gracia

2048 2319 2326 2374 yperpera
2357 2301 2677 2372 sexaginta.

2124 2392 2264 2447 Item
2298 2391 2539 2446 comites
2579 2390 2919 2462 hujusmodi
2950 2391 3250 2464 galearum
3279 2393 3719 2465 debentjurare

2048 2498 2223 2552 super
2251 2485 2454 2536 sancta
2485 2480 2575 2535 dei
2628 2479 2947 2553 evangelia,
2983 2481 3139 2552 quod
3192 2482 3249 2537 in
3302 2500 3418 2538 una
3474 2501 3717 2556 quaque

2048 2586 2244 2624 earum
2293 2573 2464 2624 erunt
2506 2573 2741 2626 centum
2797 2571 3189 2642 quadraginta
3221 2572 3508 2643 homines,
3542 2574 3594 2628 si
3625 2578 3719 2630 tot

2051 2659 2351 2714 hominum
2386 2675 2523 2730 roga
2568 2658 2650 2715 eis
2701 2660 2836 2714 data
2893 2659 3088 2726 fuerit,
3143 2662 3396 2733 exceptis
3431 2664 3722 2719 moventi-

2049 2749 2157 2804 bus
2188 2749 2299 2820 (31)
2334 2753 2388 2803 et
2420 2749 2542 2803 sine
2595 2748 2809 2804 noticia
2843 2766 3044 2805 eorum
3096 2750 3558 2823 aufugientibus.
3602 2757 3717 2810 Ve-

2047 2855 2178 2893 rum
2213 2843 2406 2893 tamen
2441 2838 2682 2893 comites
2715 2838 3096 2907 festinabunt,
3161 2841 3313 2896 bona
3371 2843 3485 2898 fide
3543 2860 3717 2900 recu-

2047 2944 2247 2998 pcrare
2302 2927 2496 2982 datam
2548 2926 2630 2982 eis
2665 2944 2865 2998 rogam
2911 2933 3015 2996 ;et
3064 2929 3114 2984 si
3173 2946 3301 2986 eam
3353 2949 3712 3004 recuperare

2047 3019 2316 3087 possunt,
2353 3016 2630 3071 inducent
2676 3015 2821 3072 alios
2855 3034 2955 3088 pro
2997 3018 3082 3072 eis
3140 3017 3200 3074 in
3241 3019 3437 3091 galeas
3471 3038 3710 3090 eorum,

2046 3104 2130 3160 vel
2165 3107 2406 3160 reddent
2436 3121 2565 3160 eam
2600 3105 2823 3160 homini
2850 3105 3071 3161 domini
3094 3107 3487 3179 imperatoris.

2120 3194 2563 3264 Itemjurabunt
2591 3194 2852 3265 comites,
2910 3196 3066 3267 quod
3125 3197 3462 3254 universum
3524 3217 3709 3273 appa-

2026 3287 2236 3338 ‘ratum
2267 3283 2411 3354 ipsis
2443 3282 2724 3338 traditum
2780 3284 3108 3339 conducent
3157 3287 3227 3341 ad
3270 3288 3550 3345 honorem
3587 3291 3705 3345 im-

2044 3371 2186 3442 perii
2218 3389 2417 3426 eorum
2441 3377 2496 3427 et
2523 3371 2771 3428 salutem
2803 3373 2985 3428 nostri
3020 3373 3174 3429 stoli.
3209 3377 3481 3432 Homines
3507 3384 3716 3434 autem

2043 3460 2340 3532 galearum
2392 3460 2565 3516 talem
2624 3462 2836 3516 debent
2885 3478 3084 3534 rogam
3135 3463 3419 3537 accipere,
3463 3466 3711 3538 qualem

2049 3549 2296 3605 Venetici
2330 3552 2477 3622 apud
2513 3551 2843 3622 Coryphum
2875 3552 3258 3624 accipiebant.

2116 3639 2259 3694 Item
2284 3643 2362 3709 et,
2396 3639 2443 3694 si
2477 3638 2788 3711 imperium
2824 3656 3029 3696 eorum
3065 3643 3309 3698 voluerit
3337 3643 3399 3699 in
3460 3663 3716 3705 numero

2042 3727 2383 3798 hujusmodi
2444 3733 2675 3783 centum
2741 3729 3042 3800 galearum
3097 3733 3402 3789 servitium
3475 3735 3716 3793 Veneti-

2045 3833 2247 3872 corum
2279 3817 2337 3872 in
2387 3821 2506 3872 tota
2535 3818 2817 3874 Romania
2873 3818 3268 3887 inventorum,
3319 3823 3495 3878 debet
3556 3824 3710 3882 illud

2045 3906 2258 3962 habere
2305 3924 2438 3962 cum
2471 3911 2555 3962 tot
2584 3907 2807 3963 scilicet
2859 3908 3063 3980 galeis,
3097 3915 3242 3981 quot
3286 3912 3504 3967 armari
3539 3920 3716 3986 pote-

2045 4000 2182 4051 runt
2237 3997 2306 4051 de
2339 3997 2587 4052 inventis
2635 3996 2890 4066 Venetis,
2964 4013 3032 4053 ex
3094 4005 3344 4070 quatuor
3392 4000 3585 4058 tribus
3648 4004 3709 4060 in

2043 4087 2238 4158 galeas
2270 4085 2524 4141 inductis
2566 4087 2890 4142 secundum
2951 4104 3266 4144 numerum
3327 4091 3709 4149 inventorum

2043 4175 2447 4231 Veneticorum:
2479 4191 2612 4230 cum
2637 4178 2694 4230 et
2729 4176 3044 4232 manifesta
3092 4194 3248 4249 roga.
3285 4178 3708 4238 Verumtamen

2043 4284 2158 4321 non
2190 4268 2468 4336 cogentur
2497 4263 2714 4336 galleas
2745 4263 2972 4336 ingredi
3023 4266 3230 4338 viginti
3281 4285 3574 4325 annorum
3606 4271 3712 4328 h0-

2042 4355 2231 4410 mines
2262 4358 2318 4409 et
2346 4353 2518 4424 infra,
2553 4369 2740 4426 neque
2770 4355 3072 4426 sexaginta
3111 4372 3401 4412 annorum
3434 4363 3493 4414 et
3524 4359 3708 4417 ultra.

2113 4444 2307 4499 Stolus
2341 4449 2536 4499 autem
2578 4449 2775 4498 noster
2805 4443 3173 4515 capitaneum
3221 4447 3307 4502 vel
3365 4448 3709 4520 capitaneos

273 4535 437 4609 ginta
465 4537 522 4588 et
573 4548 758 4602 usque
816 4537 886 4587 ad
929 4538 1185 4601 centum,
1247 4532 1460 4587 debent
1496 4533 1660 4589 .illud
1719 4535 1931 4594 habere
1963 4555 2009 4618 υ
2041 4535 2343 4591 Veneticos
2369 4534 2539 4590 debet
2565 4533 2798 4601 habere,
2823 4533 2921 4605 qui
2953 4540 3010 4589 et
3039 4536 3242 4606 jurare
3275 4537 3510 4605 debent,
3547 4541 3709 4610 quod

275 4625 430 4680 infra
450 4637 682 4678 menses
713 4639 813 4676 sex
843 4626 975 4693 post
1007 4623 1203 4676 datam
1235 4621 1510 4677 noticiam
1547 4624 1684 4678 Duci
1717 4625 1788 4679 ab
1820 4627 1930 4682 im-

278 4711 436 4786 perio
459 4727 659 4766 eorum
695 4709 951 4765 Venetie.
987 4710 1338 4780 Hujusmodi
1366 4726 1498 4765 vero
1530 4711 1691 4782 galee
1723 4706 1933 4771 debent

279 4800 517 4856 Venetie
548 4799 671 4854 fieri
729 4802 785 4855 et
834 4799 1022 4870 parari
1072 4818 1104 4854 a
1135 4799 1424 4856 Veneticis
1473 4816 1606 4857 cum
1665 4803 1931 4861 universo

281 4893 562 4961 apparatu
616 4905 818 4944 earum
846 4906 948 4959 per
977 4891 1314 4960 peccuniam
1375 4889 1512 4945 illuc
1562 4892 1804 4948 missam
1859 4895 1931 4950 ab

281 4977 526 5049 imperio
558 4994 780 5044 eorum,
813 4978 898 5033 vel
957 4979 1248 5034 inventam
1311 4979 1387 5034 ibi
1446 4997 1478 5034 a
1510 4987 1673 5051 parte
1705 4983 1932 5038 celsitu-

283 5067 439 5124 dinis
469 5083 694 5135 eorum,
737 5066 1026 5122 Venetieis
1081 5069 1219 5123 dare
1268 5069 1618 5125 debentibus
1665 5071 1932 5128 homines

281 5161 470 5230 aptos,
504 5162 567 5212 ut
600 5157 1007 5228 unusquisque
1037 5174 1238 5212 eorum
1299 5159 1480 5229 prosit
1538 5162 1931 5232 preparationi

349 5319 460 5390 (‘37)
490 5282 643 5374 Post.
670 5318 855 5373 Marin
891 5319 928 5372 l.
964 5318 1002 5372 l.
1039 5318 1134 5385 Ill,
1175 5335 1247 5390 ρ.)
1279 5322 1382 5372 282
1413 5335 1477 5374 ex
1514 5320 1660 5374 libro
1693 5321 1823 5377 albo
1874 5328 1931 5379 et

278 5391 766 5519 Ebigspggztsorum
797 5390 1106 5446 ediderunt
1143 5389 1303 5445 ’I‘afel
1363 5397 1418 5445 et
1465 5392 1721 5448 Thomas
1747 5393 1782 5448 l.
1816 5395 1852 5449 l.
1889 5413 1928 5463 ι,

325 5505 336 5516 .
371 5479 623 5519 Ῑυῡοξέυὸ.

280 5479 535 5606 p(2.8)1.
598 5552 647 5590 e.
705 5532 780 5595 εἷ’-ς
828 5531 984 5594 τέλος
1045 5529 1133 5586 ’ὀιά
1188 5531 1400 5594 τέλιιυς.
1455 5535 1638 5591 Maria
1675 5552 1686 5591 Ζ
1725 5554 1826 5608 per
1871 5538 1931 5608 ﬂ-

284 5621 461 5745 nelgti)
495 5675 676 5733 Verba
705 5693 875 5750 usque
901 5676 973 5732 ad
1002 5681 1219 5732 centum
1244 5677 1353 5732 hoc
1384 5676 1508 5734 loco
1549 5680 1932 5751 expungenda

2041 4625 2368 4680 conducent
2395 4640 2528 4678 eum
2562 4621 2631 4677 ad
2666 4621 2947 4678 honorem
2989 4622 3219 4705 imperii
3252 4643 3453 4682 eorum
3499 4633 3558 4684 et
3609 4647 3704 4686 sa-

2042 4714 2224 4768 lutem
2261 4712 2441 4768 nostri
2463 4711 2596 4767 stoli
2627 4711 2780 4767 bona
2803 4712 2914 4767 fide
2935 4716 2994 4768 et
3022 4713 3150 4769 sine
3182 4714 3384 4770 fraude
3420 4733 3610 4788 usque
3629 4719 3703 4774 ad

2041 4801 2258 4858 stolum
2309 4799 2673 4856 celsitudinis
2721 4816 2945 4855 eorum.
3001 4805 3068 4856 Et
3125 4802 3176 4857 si
3236 4803 3420 4860 stolus
3477 4811 3703 4875 noster,

2043 4888 2614 4962 antequamimperii
2654 4905 2856 4944 eorum
2915 4891 3064 4946 stolo
3125 4891 3384 4964 uniatur,
3438 4893 3698 4966 aliquem

2042 4978 2505 5035 stoluminimici
2554 4977 2784 5049 imperii
2842 4995 3043 5034 eorum
3094 4981 3401 5048 invenerit,
3461 4987 3519 5038 et
3563 5001 3697 5040 eum

2041 5069 2331 5124 offendere
2363 5067 2442 5122 vel
2498 5081 2827 5137 expugnare
2880 5067 3147 5136 voluerit,
3208 5070 3383 5126 faciet
3428 5073 3513 5128 sic
3570 5074 3698 5129 sine

2043 5159 2244 5215 fraude
2303 5161 2359 5212 et
2415 5155 2566 5213 malo
2627 5156 2860 5227 ingenio
2911 5156 3127 5229 aliquo.
3185 5159 3506 5230 Postquam
3561 5179 3692 5219 vero

2041 5339 2165 5378 esse
2189 5321 2474 5376 videntur.
2517 5319 2816 5374 Habentur
2866 5323 3059 5375 tamen
3117 5320 3294 5378 etiam
3345 5322 3499 5380 infra
3553 5325 3686 5380 Nov.

2039 5413 2118 5449 ΧῘ.

2111 5467 2224 5536 (30)
2279 5463 2429 5519 Libri
2479 5467 2805 5535 pactorum,
2857 5467 3197 5519 remotorum
3229 5467 3445 5536 ;Marin
3481 5483 3493 5521 :
3526 5468 3690 5524 remi-

2038 5548 2285 5609 gatorum
2296 5577 2309 5592 .

2112 5611 2222 5681 (31)
2257 5608 2464 5676 Marin,
2493 5607 2872 5663 morientibus.
2900 5605 2992 5662 Sic
3025 5606 3127 5662 inf.
3163 5612 3302 5665 Nov.
3325 5627 3402 5665 χι.
