4028 6202
304 388 402 449 465

1407 383 1796 446 NOVELLIE
1839 381 2537 448 CONSTITUTIONES.

3551 397 3670 456 466

301 518 460 576 stolus
485 520 676 572 noster
726 516 876 573 stolo
907 516 1234 589 imperialis
1281 515 1649 573 celsitudinis
1699 514 1902 570 unitus
1930 514 1984 579 Α
2017 518 2209 570 ortum
2242 521 2300 573 et
2327 533 2535 576 versus
2579 536 2870 590 occasum,
2903 525 2958 576 et
2990 522 3060 576 ab
3092 537 3158 578 ea
3189 539 3375 596 usque
3419 528 3668 586 Avidum

298 609 462 675 fuerit,
513 606 721 662 debent
772 607 1071 663 numerari
1121 607 1411 676 homines,
1465 606 1562 678 qui
1617 605 1674 660 in
1727 604 1907 674 galeis

296 702 454 763 erunt,
502 713 531 751 a
581 697 889 769 capitaneo
939 695 1074 752 stoli
1126 696 1356 768 imperii
1408 712 1632 763 eorum,
1683 695 1732 751 si
1779 695 1904 766 ipse

292 786 501 844 voluerit
531 804 543 840 :
574 791 630 841 et
657 786 881 842 inventi
914 787 1149 858 quidem
1184 791 1356 842 erunt
1385 786 1442 840 in
1477 785 1709 842 servitio
1731 785 1901 840 celsi—

288 876 480 933 tudinis
510 892 712 931 eorum
744 901 758 943 ;
787 876 1058 931 absentes
1084 892 1217 930 vero
1240 877 1393 931 bona
1416 876 1526 930 fide
1546 874 1903 930 festinabant

284 965 519 1038 reperire,
554 964 601 1020 si
660 970 930 1036 possunt,
985 981 1415 1037 numerumque
1473 965 1764 1036 supplere.
1807 964 1903 1018 ln—

281 1071 434 1126 super
460 1054 804 1126 capitaneus
857 1054 943 1110 vel
978 1055 1265 1126 capitanei
1311 1055 1493 1111 nostri
1527 1054 1658 1110 stoli
1709 1057 1763 1109 et
1805 1070 1900 1108 co—

279 1143 427 1200 mites
470 1148 524 1198 et
569 1143 855 1199 nauclerii
909 1149 964 1201 et
1007 1145 1325 1216 prodenses
1375 1149 1433 1200 et
1479 1143 1787 1200 decemviri
1832 1144 1901 1198 de

277 1249 598 1304 unaquaque
660 1233 963 1304 galearum
1012 1234 1322 1304 jurabunt,
1383 1234 1536 1305 quod
1614 1237 1898 1304 praecepto

274 1320 530 1394 capitanei
559 1321 698 1377 stoli
733 1322 1105 1393 imperatorie
1161 1322 1492 1393 majestatis
1520 1322 1792 1377 obedient
1825 1323 1895 1377 ad

270 1411 522 1466 honorem
553 1409 788 1483 imperii
813 1426 1014 1466 eorum
1038 1415 1093 1466 et
1124 1410 1373 1466 salutem
1394 1409 1574 1466 nostri
1592 1409 1745 1481 stoli,
1771 1410 1896 1465 sine

267 1501 446 1555 fraude
492 1503 547 1556 et
597 1498 756 1555 malo
807 1499 1077 1571 ingenio;
1111 1504 1166 1556 et
1199 1501 1350 1572 quod
1398 1517 1515 1555 una
1563 1515 1691 1555 cum
1745 1499 1893 1555 stole

264 1586 471 1659 imperii
498 1602 706 1642 eorum
739 1593 1166 1658 persequentur
1194 1586 1410 1643 stolum
1453 1587 1674 1642 inimici
1710 1588 1893 1660 maje-

265 1675 414 1732 statis
456 1691 686 1745 eorum,
736 1676 856 1732 sive
909 1677 1182 1733 Cristiani
1231 1677 1352 1733 sint
1401 1677 1518 1732 sive
1569 1677 1804 1749 pagani,
1838 1680 1893 1733 et

261 1765 433 1821 ledent
484 1769 538 1821 et
598 1767 1023 1838 expugnabunt
1078 1783 1212 1822 eum
1274 1773 1331 1822 et
1377 1766 1686 1838 expellent,
1740 1767 1888 1822 infe~

2024 608 2080 659 et
2112 605 2168 660 in
2203 608 2399 662 eadem
2454 609 2682 665 civitate
2713 610 2981 666 similiter
3013 611 3298 682 inventos,
3335 631 3440 671 nec
3469 633 3584 672 non
3614 622 3670 676 et

2022 697 2078 750 in
2113 699 2303 763 terris,
2337 715 2449 769 que
2481 699 2628 754 infra
2670 704 2808 756 sunt
2851 718 3037 773 usque
3086 703 3580 778 Phyladelphyam
3613 712 3670 764 et

2020 785 2077 840 in
2111 787 2238 856 ipsa
2270 787 2518 856 civitate,
2551 793 2605 843 et
2636 805 2822 860 usque
2849 791 3285 864 Adrianopolim
3318 798 3375 848 et
3408 795 3464 849 in
3499 811 3568 851 ea
3597 798 3668 852 si-

2018 874 2235 930 militer
2266 876 2582 932 existentes
2614 879 2683 932 de
2716 882 2968 950 quatuor
2998 885 3136 948 tres,
3163 897 3295 936 cum
3332 886 3418 939 tot
3447 884 3670 944 scilicet

2015 964 2217 1036 galeis,
2252 971 2394 1037 quot
2451 983 2679 1021 armare
2737 973 3027 1038 poterunt,
3061 971 3278 1026 inventi
3337 976 3661 1031 secundum

2014 1055 2419 1126 supradictum
2453 1055 2740 1121 ordinem,
2773 1073 2904 1111 cum
2937 1062 2994 1113 et
3024 1060 3333 1116 manifesta
3362 1080 3517 1133 roga.

2083 1143 2208 1199 Tali
2239 1145 2435 1216 itaque
2467 1147 2640 1200 modo
2671 1145 2891 1217 talique
2914 1148 3114 1202 ordine
3139 1149 3428 1220 juvabunt
3459 1154 3571 1226 (3'2)
3605 1161 3662 1211 et

2012 1233 2324 1288 defendent-
2355 1234 2693 1290 Romaniam
2731 1235 2984 1291 Venetici
3035 1243 3237 1294 contra
3268 1256 3500 1298 omnem
3551 1244 3659 1300 ho-

2011 1322 2224 1378 minem
2277 1328 2617 1378 coronatum
2671 1329 2728 1379 et
2775 1341 2887 1380 non
2949 1332 3314 1398 coronatum,
3349 1333 3403 1386 et
3453 1340 3658 1390 contra

2007 1427 2237 1466 omnem
2281 1418 2534 1484 gentem,
2568 1413 2853 1469 volentem
2903 1414 3094 1472 ledere
3147 1432 3296 1488 eam,
3332 1424 3654 1478 secundum

2007 1502 2158 1572 quod
2195 1502 2466 1573 superius
2514 1507 2818 1559 ostensum
2851 1508 2958 1574 est,
2993 1506 3150 1562 salva
3181 1511 3380 1564 tamen
3412 1527 3655 1567 concor-

2002 1589 2303 1661 dia,quam
2330 1608 2462 1646 cum
2487 1592 2881 1648 nobillissimo
2905 1611 3037 1666 rege
3057 1595 3399 1654 Alemannis
3415 1599 3652 1673 habent,

2004 1695 2309 1750 quousque
2358 1679 2646 1736 dissoluta
2691 1698 2802 1737 non
2855 1683 3029 1738 fuerit
3082 1701 3094 1740 :
3148 1690 3459 1758 postquam
3517 1707 3651 1746 vero

2000 1767 2290 1824 dissoluta
2347 1770 2540 1838 fuerit,
2596 1771 2767 1827 debet
2825 1772 3024 1828 eadem
3084 1778 3140 1830 et
3197 1779 3398 1831 contra
3454 1793 3647 1851 regem

260 1859 480 1927 rentque
529 1855 578 1912 ei
615 1855 836 1911 malum
883 1857 1036 1928 quod
1071 1861 1367 1928 poterunt,
1401 1857 1553 1912 bona
1597 1856 1729 1926 ﬁde,
1763 1856 1890 1912 sine
1917 1889 1962 1953 Β
1999 1854 2342 1914 Alemannis
2367 1859 2553 1914 facere
2597 1877 2701 1932 pro
2728 1859 2977 1933 imperio
2999 1880 3200 1919 eorum
3235 1869 3292 1920 et
3319 1868 3645 1939 Romania;

258 1943 439 2000 fraude
467 1948 524 2001 et
554 1945 712 2002 malo
741 1945 1060 2018 ingenio,et
1089 1947 1524 2018 impugnabunt
1555 1962 1712 2012 eum,
1737 1961 1884 2016 quo-

253 2050 418 2105 usque
445 2039 498 2090 et
525 2034 720 2092 stolus
750 2035 1125 2108 imperatoris
1162 2035 1548 2092 sublimitatis
1599 2051 1733 2092 eum
1768 2035 1881 2089 im-

250 2125 513 2196 pugnabit
545 2126 703 2180 bona
755 2125 868 2181 ﬁde
900 2130 956 2181 et
987 2125 1112 2180 sine
1164 2125 1389 2180 fraude.
1423 2127 1488 2180 Et
1523 2125 1572 2180 si
1619 2125 1876 2196 aliquam

245 2216 505 2269 terrarum
540 2213 768 2269 inimici
804 2213 1031 2285 imperii
1063 2229 1264 2270 eorum
1296 2214 1876 2286 ceperint,debemus

244 2300 291 2355 in
335 2318 397 2357 ea
451 2303 670 2358 habere
718 2302 1047 2374 ecclesiam,
1089 2302 1384 2358 embolum
1438 2307 1495 2358 et
1545 2304 1787 2375 scalam,
1819 2307 1874 2358 et

242 2393 547 2448 conversari
578 2392 708 2448 sine
737 2391 897 2449 omni
931 2393 1183 2449 datione.
1214 2392 1631 2448 Verumtamen
1684 2392 1871 2448 stolus

240 2479 582 2538 celsitudinis
637 2498 835 2538 eorum
872 2482 1042 2538 debet
1092 2485 1292 2538 tantus
1342 2498 1491 2551 esse,
1527 2487 1785 2553 quantus
1816 2487 1871 2537 et

236 2574 412 2626 noster
443 2576 552 2642 est,
587 2571 677 2627 vel
709 2572 977 2644 amplior.
1011 2572 1328 2642 Postquam
1360 2588 1494 2628 vero
1525 2571 1865 2642 hujusmodi

236 2660 512 2716 servitium
579 2662 814 2734 imperii
872 2678 1072 2718 eorum
1132 2661 1480 2733 peregerint,
1535 2662 1747 2717 debent
1795 2663 1866 2717 de

234 2747 396 2820 galeis
429 2751 686 2823 egressis
711 2750 950 2806 Venetia
982 2754 1066 2806 tot
1095 2751 1165 2806 ad
1199 2767 1366 2806 suam
1422 2751 1635 2806 habere
1674 2768 1863 2808 rever-

235 2835 464 2910 sionem,
497 2844 645 2910 quot
673 2839 758 2894 eis
790 2839 1118 2895 necessarie
1148 2844 1323 2895 erunt
1369 2840 1776 2897 convenienter
1807 2847 1863 2898 et

234 2924 344 2982 sine
373 2928 596 2996 fraude,
631 2929 783 2984 bona
813 2929 945 2984 ﬁde.

289 3017 446 3087 Item,
471 3023 788 3090 postquam
822 3018 1163 3089 hujusmodi
1194 3017 1359 3090 galee
1388 3019 1692 3077 Venetiam
1725 3037 1857 3092 per-

226 3107 489 3177 venerint,
524 3109 574 3164 si
607 3107 921 3181 imperium
955 3124 1154 3164 eorum
1197 3109 1445 3164 voluerit
1492 3125 1589 3165 eas
1641 3110 1854 3166 iterum

227 3195 558 3254 aVeneticis
611 3197 668 3252 in
722 3197 1066 3254 Romaniam
1120 3198 1338 3266 reduci,
1381 3199 1768 3267 reducantur;
1800 3205 1856 3257 et

1994 1949 2048 1998 ct
2079 1945 2237 2001 salva
2268 1949 2650 2004 conventione
2682 1950 3110 2007 interventione
3141 1953 3299 2010 intea
3340 1955 3648 2017 Veneticos

1993 2037 2049 2088 et
2101 2036 2560 2093 nobillissimum
2611 2054 2803 2110 regem
2845 2039 3040 2096 Sicilie
3089 2042 3418 2101 Vilielmum
3471 2047 3641 2114 facta,

1989 2139 2101 2194 que
2130 2127 2502 2197 protenditur
2531 2144 2717 2201 usque
2747 2129 2804 2184 in
2838 2145 3024 2186 annos
3063 2134 3285 2203 septem
3319 2137 3376 2188 et
3406 2151 3637 2193 mensos

1988 2230 2211 2286 novem,
2245 2219 2670 2288 computandos
2701 2236 2734 2274 a
2766 2219 3054 2292 principio
3102 2221 3364 2278 Januarii
3412 2226 3634 2282 mensis

1982 2305 2270 2374 presentis
2303 2309 2459 2361 sexte
2489 2307 2845 2363 indictionis.
2877 2308 3294 2367 Verumtamen
3328 2315 3383 2367 et
3426 2319 3630 2370 contra

1983 2409 2178 2465 regem
2210 2395 2423 2465 Sicilie,
2445 2398 2934 2470 quandocumque
2965 2399 3088 2469 ipse
3119 2403 3630 2472 argumentabitur

1981 2483 2270 2539 offendere
2294 2485 2635 2541 Romaniam
2661 2486 2812 2542 infra
2835 2504 3022 2543 annos
3051 2490 3452 2547 conventionis
3475 2491 3629 2548 inter

1977 2589 2074 2628 eos
2109 2574 2277 2640 facte,
2309 2575 2540 2631 venient
2582 2576 2842 2631 Venetici
2893 2576 3045 2632 intra
3094 2583 3348 2650 quatuor
3395 2597 3628 2639 menses

1977 2667 2106 2734 post
2140 2664 2335 2718 datam
2369 2665 2440 2719 de
2470 2665 2578 2719 hoc
2611 2665 2882 2722 noticiam
2904 2667 3036 2722 duci
3057 2667 3393 2740 abimperio
3424 2686 3623 2726 eorum

1974 2753 2210 2808 Venetie
2228 2755 2297 2810 ad
2324 2756 2718 2826 adjuvandum
2749 2757 3090 2813 Romaniam
3119 2762 3176 2814 et
3195 2759 3624 2818 defendendum

1972 2859 2098 2898 eam
2134 2860 2266 2899 cum
2300 2844 2482 2916 galeis
2515 2845 2848 2917 quindecim
2885 2846 3033 2902 bona
3064 2847 3623 2906 ﬁde.Verumtamen

1971 2933 2042 2988 de
2071 2931 2254 3005 galeis
2286 2939 2341 2989 et
2390 2951 2528 3007 roga
2561 2935 2732 2991 debet
2782 2935 2928 3002 fieri,
2961 2937 3288 2993 secundum
3338 2940 3490 3010 quod
3526 2957 3619 2996 su-

1969 3023 2166 3094 perius
2198 3024 2416 3079 dictum
2451 3028 2558 3079 est.

2041 3113 2207 3181 item,
2240 3113 2289 3169 si
2341 3112 2654 3185 imperium
2686 3131 2889 3170 eorum
2917 3115 3166 3172 voluerit
3212 3116 3481 3175 homines
3513 3122 3614 3176 aut

1965 3201 2237 3257 vestiaris
2269 3201 2567 3258 Venetiam
2602 3202 2832 3259 mittere
2877 3204 3062 3276 gratia
3104 3207 3464 3263 conducendi
3499 3208 3610 3263 mi-

221 3286 614 3359 unusquisque
687 3303 913 3355 eorum,
973 3287 1072 3357 qui
1151 3304 1249 3344 eas
1325 3289 1626 3358 reducent,
1685 3290 1855 3345 debet
1886 3267 1929 3335 (ἶ
1965 3289 2099 3346 lites
2131 3308 2164 3346 a
2200 3290 2535 3346 Lombardia
2569 3291 2650 3347 vel
2700 3292 2771 3347 ab
2801 3267 2914 3348 alia
2943 3297 3117 3364 terra,
3144 3298 3200 3349 et
3229 3296 3610 3367 dispensandi

220 3372 412 3431 habere
460 3393 566 3448 pro
619 3378 886 3433 mercede
933 3375 1014 3447 id,
1076 3377 1229 3448 quod
1282 3377 1455 3432 fuerit
1503 3379 1852 3435 conveniens

215 3465 520 3520 secundum
555 3468 811 3535 tempus.
845 3466 901 3521 Si
934 3469 1126 3521 autem
1160 3465 1536 3537 imperatoria
1567 3467 1851 3525 celsitudo

216 3567 306 3622 per
332 3552 473 3610 alias
507 3569 788 3625 personas
815 3553 900 3610 vel
932 3570 1036 3626 per
1066 3553 1238 3610 aliam
1260 3554 1519 3627 aliquam
1551 3557 1852 3629 dispensa-

218 3642 418 3698 tionem
450 3642 700 3700 voluerit
728 3644 1069 3714 hujusmodi
1117 3643 1415 3716 galearum
1462 3647 1847 3704 reversionem

215 3729 324 3785 fieri
353 3732 410 3787 in
442 3735 659 3788 terram
710 3733 940 3804 imperii
993 3748 1217 3801 eorum,
1251 3735 1350 3789 ﬁet
1400 3737 1457 3790 et
1506 3735 1847 3805 hujusmodi

215 3834 397 3876 earum
451 3823 703 3879 reversio
755 3821 932 3877 licite.
965 3825 1036 3877 Et
1079 3823 1128 3877 si
1177 3822 1425 3878 voluerit
1471 3840 1568 3880 eas
1619 3826 1849 3882 Venetie

215 3911 912 3978 custodiri,custodientur
943 3911 1012 3966 ad
1047 3911 1326 3968 honorem
1359 3913 1587 3984 imperii
1621 3919 1845 3985 eorum,

215 4013 273 4053 ac
300 4000 344 4054 si
377 4004 576 4056 essent
622 4000 857 4072 proprie
889 4000 1146 4071 Venetie,
1178 4002 1277 4057 sed
1327 4007 1523 4058 tamen
1554 4019 1686 4059 cum
1733 4004 1845 4060 im-

211 4087 397 4158 periali
431 4105 702 4161 expensa.

273 4179 433 4250 Item,
467 4179 514 4236 si
546 4181 617 4236 ob
652 4180 907 4252 _a1iquod
956 4196 1266 4253 gravamen
1319 4181 1688 4253 nequiverint
1733 4183 1846 4239 hu-

203 4265 454 4336 jusmodi
487 4269 650 4341 galee
684 4270 1010 4326 secundum
1042 4271 1343 4342 praeﬁxum
1393 4273 1711 4328 terminum
1748 4291 1843 4330 ve-

204 4354 315 4411 nire
367 4357 628 4427 Venetia,
683 4360 900 4415 debent
945 4359 1004 4415 in
1055 4360 1361 4416 servitium
1411 4361 1544 4417 stoli
1614 4362 1846 4436 imperii

201 4459 384 4501 eorum
421 4447 654 4523 ingredi
688 4465 893 4505 omnes
920 4448 1141 4506 inventi
1175 4450 1229 4504 in
1266 4450 1842 4524 RomaniaVenetici,

202 4532 265 4589 de
292 4540 546 4607 quatuor
578 4540 1051 4607 tres,secundum
1085 4541 1240 4611 quod
1260 4542 1533 4612 superius
1555 4546 1841 4598 statutum

204 4627 300 4694 est,
329 4641 462 4682 cum
499 4634 554 4685 et
588 4628 900 4684 manifesta
933 4645 1093 4700 roga.

268 4713 427 4784 ltem,
485 4718 534 4774 si
589 4717 837 4789 imperio
897 4733 1101 4773 eorum
1159 4720 1393 4790 expedit
1441 4721 1722 4777 auxilium
1774 4723 1845 4778 ad

209 4801 616 4863 deﬂ'ensionem
647 4812 799 4863 terre
830 4806 1199 4864 celsitudinis
1249 4825 1452 4865 eorum
1485 4811 1556 4867 ob
1589 4811 1844 4883 aliquem

207 4890 567 4952 inimicorum
598 4897 657 4952 in
679 4897 1027 4952 Romaniam
1058 4897 1462 4971 ingressurum
1497 4915 1632 4956 cum
1665 4901 1846 4972 galeis

215 4984 588 5057 quadraginta
636 4985 724 5042 vel
756 4985 1050 5058 pluribus,
1084 4991 1139 5042 et
1190 4989 1518 5060 nequiverit
1548 4989 1846 5046 Venetiam

213 5070 431 5128 mittere
463 5091 561 5146 pro
593 5073 910 5147 adjutorio,
944 5076 1114 5132 debet
1145 5076 1518 5149 imperatoria
1565 5080 1848 5136 celsitudo

217 5157 485 5217 inducere
539 5164 604 5218 ad
666 5163 1087 5220 deﬁ‘ensionem
1148 5170 1300 5222 terre
1358 5167 1586 5239 imperii
1649 5185 1848 5224 eorum

215 5255 406 5304 contra
452 5251 786 5322 hujusmodi
833 5253 1138 5322 inimicum
1169 5254 1498 5323 Veneticos,
1531 5257 1590 5311 in
1642 5274 1854 5328 magna

215 5337 344 5390 urbe
402 5338 673 5398 videlicet
729 5346 786 5398 et
837 5342 1034 5398 circha
1091 5332 1215 5400 eam
1277 5346 1593 5402 existentes
1649 5363 1854 5403 versus

294 5520 401 5664 $32)
429 5521 588 5581 Idem
621 5524 948 5594 :jurabunt.
990 5557 993 5561 -

322 5595 409 5664 33‘)
444 5595 630 5653 Malim
661 5597 982 5664 intervenia,

322 5595 409 5664 33‘)
444 5595 630 5653 Malim
661 5597 982 5667 interventu,
1013 5597 1207 5655 Graeca
1238 5599 1512 5656 dictione.
1548 5600 1732 5655 Marin
1766 5603 1856 5655 in-

239 5670 577 5723 tervenicnte.

311 5738 419 5814 (34)
451 5739 602 5801 Hunc
630 5737 820 5801 locum
864 5739 1022 5800 haud
1053 5741 1230 5802 dubie
1277 5742 1621 5802 lacunosum
1654 5743 1738 5802 sic
1768 5761 1856 5804 ex-

1963 3395 2050 3445 ea,
2082 3397 2192 3450 que
2226 3380 2294 3434 ad
2347 3379 2626 3435 honorem
2692 3386 2746 3436 et
2793 3381 3106 3438 utilitatem
3155 3387 3305 3439 terre
3349 3391 3612 3456 spectant

1961 3467 2322 3524 celsitudinis
2349 3485 2575 3529 eorum.
2603 3469 2758 3525 licite
2791 3470 2960 3526 faciet
2990 3471 3117 3538 hoc,
3151 3472 3198 3527 si
3233 3472 3340 3528 hoc
3374 3490 3488 3528 non
3520 3478 3610 3530 est

1959 3561 2162 3613 contra
2176 3557 2780 3614 Venetiam.Homines
2801 3564 2994 3615 autem
3017 3560 3248 3617 Venetie
3270 3561 3607 3618 debentho-

1961 3646 2149 3702 mines
2177 3650 2233 3702 et
2263 3646 2537 3702 vestiaris
2577 3647 2956 3704 sublimitatis
2989 3664 3188 3705 eorum
3244 3646 3519 3722 recipere,
3553 3657 3610 3708 et

1959 3736 2266 3791 defendere
2287 3741 2343 3790 et
2362 3736 2630 3792 homines
2653 3739 2708 3792 et
2753 3738 3059 3809 pecuniam
3085 3739 3155 3793 ab
3180 3739 3457 3795 omnibus
3491 3741 3603 3795 ini—

1958 3825 2571 3882 micis.Verumtamen
2589 3825 2834 3897 imperiu
2847 3843 2899 3880 m
2915 3842 3115 3882 eorum
3133 3844 3245 3883 non
3260 3829 3604 3885 debetVene-

1956 3915 2039 3970 tia
2068 3917 2310 3971 educere
2344 3914 2561 3971 stolum
2589 3915 2675 3971 vel
2707 3916 3026 3972 exercitum
3076 3921 3279 3973 contra
3321 3916 3603 3989 aliquem,

1958 4021 2090 4061 cum
2125 4021 2239 4076 quo
2274 4004 2535 4061 Venetici
2567 4005 2823 4061 habeant
2855 4006 3130 4062 unionem
3164 4011 3221 4062 et
3251 4023 3528 4063 amorem.

2027 4099 2193 4164 Item,
2229 4095 2276 4149 si
2305 4095 2680 4167 imperatoria
2715 4095 2996 4152 celsitudo
3021 4094 3271 4152 voluerit
3299 4097 3516 4153 milites
3542 4097 3601 4152 in

1957 4184 2302 4240 Romaniam
2332 4185 2712 4240 transducere
2752 4201 2854 4255 per
2884 4185 3210 4255 Venetiam,
3244 4185 3402 4243 licite
3433 4186 3605 4244 faciet

1955 4278 2011 4330 et
2041 4273 2170 4342 hoc,
2205 4273 2318 4329 nisi
2351 4273 2463 4345 ipsi
2498 4273 2792 4328 manifesti
2827 4274 3052 4331 inimici
3083 4275 3322 4330 Venetie
3365 4275 3600 4347 fuerint,

1957 4363 2320 4419 autVenetia
2343 4363 2622 4435 impedita
2647 4361 2841 4418 fuerit.
2869 4368 3008 4418 Nam
3037 4368 3332 4419 transacto
3353 4365 3602 4436 impedi-

1956 4456 2153 4509 mento
2185 4451 2383 4508 licebit
2414 4452 2685 4524 transire,
2717 4453 2836 4508 sive
2878 4452 2985 4508 soli
3039 4454 3274 4519 fuerint,
3307 4453 3425 4509 sive
3467 4470 3599 4508 cum

1954 4541 2390 4598 familiis.Talia
2419 4541 2596 4613 igitur
2625 4541 2860 4597 servitia
2892 4542 3105 4598 debent
3138 4541 3392 4597 Venetici
3414 4541 3602 4614 impe-

1874 4647 1921 4712 D
1956 4632 2039 4688 rio
2072 4647 2274 4687 eorum
2307 4635 2364 4687 et
2395 4631 2676 4687 Romanis
2702 4633 2910 4700 facere,
2946 4630 3057 4686 nisi
3090 4631 3161 4687 ab
3209 4631 3408 4702 aliqua
3438 4647 3601 4686 coro-

1957 4725 2225 4776 natarum
2261 4737 2641 4793 personarum
2673 4719 2757 4775 vel
2790 4735 3138 4792 magnarum
3164 4723 3450 4774 terrarum
3483 4736 3601 4774 ma-

1957 4811 2228 4866 nifestam
2275 4809 2644 4864 inimicitiam
2679 4809 2948 4877 habeant,
2985 4809 3127 4864 adeo
3161 4808 3310 4877 quod
3343 4807 3454 4880 ipsi
3488 4825 3604 4864 ser-

1956 4900 2163 4954 vitium
2188 4899 2374 4954 facere
2394 4897 2838 4969 nequeant,sine
2863 4897 3064 4952 fraude
3085 4900 3141 4953 et
3166 4895 3318 4952 malo
3343 4895 3598 4968 ingenio.

2031 4989 2170 5043 Item
2233 4989 2411 5043 duces
2469 4985 2724 5057 Venetie,
2777 4987 2875 5058 qui
2933 5003 3036 5059 per
3089 4990 3354 5057 tempora
3408 4989 3599 5055 erunt,

1953 5078 2260 5151 jurabunt,
2313 5078 2465 5149 quod
2519 5076 2764 5148 imperio
2815 5077 2943 5147 ejus
2997 5081 3053 5132 et
3103 5075 3428 5132 haeredibus
3477 5077 3602 5146 ejus

1962 5167 2244 5224 masculis
2292 5173 2346 5222 et
2396 5166 2762 5233 mulieribus,
2798 5166 2898 5238 qui
2947 5169 3003 5222 et
3048 5181 3158 5238 que
3205 5166 3599 5237 imperabunt,

1959 5258 2046 5314 vel
2105 5257 2243 5325 hiis,
2304 5257 2399 5328 qui
2457 5273 2521 5312 cx
2578 5260 2859 5327 prmeepto
2926 5272 3128 5312 eorum
3207 5253 3602 5326 imperabunt,

1963 5347 2327 5404 ﬁdelitatem.
2374 5389 2384 5400 .
2433 5389 2445 5402 .
2498 5346 2794 5401 debebunt
2823 5346 2935 5416 (34)
2975 5345 3232 5410 Venetie,
3279 5342 3603 5400 secundum

1965 5528 2085 5600 plet
2114 5528 2250 5583 Nov.
2285 5527 2353 5581 Xl
2387 5527 2538 5581 infra
2570 5543 2580 5579 :
2609 5547 2652 5600 _«
2684 5525 2853 5581 fidem
2906 5523 3220 5580 servabunt
3255 5522 3430 5578 etiam
3478 5535 3607 5576 eam

1966 5597 2168 5656 contra
2199 5616 2430 5654 omnem
2469 5597 2760 5654 hominem
2812 5601 3153 5653 coronatum
3188 5600 3243 5650 et
3286 5611 3399 5649 non
3447 5608 3608 5648 coro-

1966 5678 2193 5739 natum,
2228 5671 2383 5730 salvo
2414 5688 2479 5728 eo
2512 5671 2665 5742 quod
2698 5687 2798 5743 per
2821 5671 3227 5741 juramentum
3258 5666 3469 5724 debent
3501 5665 3607 5722 Ve-

1965 5745 2139 5804 netie.
2177 5761 2202 5795 ι
