4028 6202
222 403 338 461 467

1546 395 1802 456 lb‘AACl
1848 394 2132 454 ANGELI
2176 394 2340 455 1MP.

3535 395 3660 455 468

225 532 381 605 quod
417 548 570 587 nunc
599 531 716 587 dux
757 529 1016 596 Venetie,
1052 533 1278 584 Aureus
1327 528 1607 600 magistro
1641 529 1866 596 Petrus,
1899 529 1952 594 Α
1981 525 2252 581 vestiario
2283 525 2513 598 imperii
2545 524 2725 581 nostri
2751 524 2943 582 ablate
2961 530 3182 584 essent.
3217 527 3324 593 Qui
3360 531 3418 584 et
3440 527 3652 600 jurare

229 622 462 677 iuravit.

253 639 462 677 uravxt.

219 639 242 694 J
301 710 606 768 Debitores
660 709 786 764 ﬁsci
844 713 901 763 et
952 712 1298 762 Romeorum
1371 705 1615 761 reddent
1685 702 1880 760 omnia

234 820 350 875 que
380 819 448 857 ex
495 799 688 856 debito
739 797 971 852 debent.
1005 799 1071 849 Et
1127 795 1177 850 si
1234 795 1462 850 debitor
1513 811 1627 849 non
1685 793 1878 864 habet,

235 893 392 948 unde
437 889 701 945 debitum
726 886 950 950 reddat,
982 885 1154 940 debet
1194 884 1446 941 creditor
1468 883 1679 938 habere
1703 883 1878 953 justi-

235 981 376 1037 tiam
427 979 496 1034 de
527 975 787 1032 debitore
813 993 825 1042 ;
850 975 896 1029 si
932 978 1124 1030 autem
1158 972 1251 1030 bis
1280 973 1509 1040 obierit,
1541 973 1611 1028 de
1636 971 1880 1027 haeredi-

234 1070 346 1124 bus
377 1068 526 1138 ejus.

304 1153 538 1220 ltem,si
575 1153 852 1208 inimicus
885 1150 1259 1223 imperatorie
1290 1149 1657 1205 celsitudinis
1688 1164 1882 1220 super~

229 1245 452 1301 venerit
479 1244 552 1299 ad
587 1242 1056 1314 impugnanduni
1112 1246 1325 1295 terram
1376 1238 1605 1310 imperii
1654 1253 1878 1303 eorum,

229 1336 291 1390 in
326 1351 443 1406 qua
479 1331 738 1388 Venetici
791 1335 951 1396 sunt,
985 1329 1198 1384 debent
1226 1327 1340 1400 ipsi
1393 1327 1701 1382 defendere
1729 1342 1879 1395 eam,

233 1431 287 1480 et
321 1423 630 1478 inimicum
663 1418 946 1491 expellere
980 1419 1050 1473 ab
1099 1417 1438 1488 bujusmodi
1474 1421 1647 1482 terra,
1682 1414 1880 1470 velluti

230 1517 500 1585 possunt,
535 1511 686 1565 bona
718 1509 828 1563 ﬁde
859 1513 915 1563 et
948 1506 1072 1562 sine
1105 1507 1325 1561 fraude.

305 1603 461 1656 [lane
497 1600 694 1670 itaque
723 1596 1162 1652 conventionem
1199 1595 1426 1649 ﬁrmam
1459 1598 1516 1650 et
1553 1609 1879 1649 sacramen-

230 1699 360 1749 tum
412 1693 650 1747 firmum
698 1689 956 1745 Venetici
1005 1689 1417 1755 observabant,
1469 1683 1525 1741 et
1573 1702 1761 1757 neque
1807 1685 1878 1740 ob

233 1783 458 1838 illatam
491 1781 576 1837 eis
621 1780 770 1834 iram
823 1795 1054 1849 semper
1100 1776 1464 1832 memorandi
1512 1773 1880 1846 imperatoris

229 1866 708 1942 porphyrogeniti
738 1865 955 1921 domini
989 1863 1492 1934 Manuelis,neque
1521 1862 1592 1917 ob
1619 1859 1876 1931 aliquam

230 1958 407 2015 aliam
433 1957 800 2013 occasionem
823 1954 907 2008 eis
933 1955 1142 2008 factam
1167 1949 1504 2020 bujusmodi
1538 1963 1870 2005 sacramen-

227 2053 354 2103 tum
387 2045 730 2115 infringent,
768 2059 953 2113 neque
985 2042 1055 2096 ob
1087 2044 1460 2112 praeceptum,
1483 2038 1568 2095 vel
1603 2038 1874 2093 timorem

225 2136 481 2206 alicujus
512 2137 921 2188 coronatorum
958 2129 1041 2184 vel
1075 2147 1187 2184 non
1220 2133 1653 2195 coronatorum,
1688 2141 1877 2197 neque

221 2226 295 2281 ob
327 2222 792 2280 ecclesiasticam
823 2217 1486 2275 exeommunicationem
1508 2215 1603 2272 ‘vel
1636 2214 1874 2272 absolu-

224 2315 444 2370 tionem
470 2311 726 2382 alicujus
750 2309 1090 2381 pontiﬁcum
1103 2312 1226 2375 ,aut
1243 2307 1430 2378 ipsius
1445 2323 1590 2377 pape
1605 2304 1875 2361 Romani.

227 2403 414 2476 Igitur
449 2402 552 2456 hec
597 2398 793 2454 omnia
828 2397 1078 2454 Venetici
1127 2396 1522 2452 observabunt
1569 2395 1721 2450 bona
1767 2393 1878 2450 ﬁde

232 2496 292 2548 et
321 2491 448 2547 sine
476 2482 699 2556 fraude,
735 2503 1044 2559 quousque
1088 2490 1144 2541 et
1175 2487 1245 2540 ab
1269 2483 1514 2556 imperio
1539 2485 1665 2555 ejus
1697 2486 1756 2538 et
1788 2482 1875 2537 fu-

233 2579 387 2637 turis
418 2577 872 2649 imperatoribus
922 2574 1141 2645 integre
1189 2578 1606 2630 conserventur
1649 2588 1734 2638 ea,
1769 2587 1881 2642 que

237 2668 668 2742 promittuntur
715 2663 883 2720 nobis
914 2683 947 2718 a
987 2662 1222 2718 domino
1273 2663 1622 2733 imperatore
1669 2662 1880 2717 Roma-

237 2774 448 2814 norum
480 2762 534 2810 et
566 2771 798 2826 semper
827 2758 1075 2824 augusto
1107 2752 1344 2808 domino
1366 2751 1630 2822 Ysaakyo
1663 2748 1882 2821 Augelo

236 2862 340 2920 per
370 2842 789 2916 chrysobulum
821 2840 1051 2913 imperii
1078 2841 1226 2912 ejus.

309 2934 426 2990 Hec
458 2931 694 3004 quidem
743 2935 902 2998 sunt,
939 2946 1053 3001 que
1101 2927 1358 2984 Venetici
1391 2928 1636 3000 imperio
1683 2931 1884 2982 nos-er

235 3026 293 3079 et
322 3021 606 3078 Romanis
638 3036 739 3091 per
771 3018 1212 3075 conventionem
1249 3017 1708 3088 spoponderunt.
1734 3017 1884 3080 Quo-

236 3111 397 3168 niam
429 3125 564 3165 vero
595 3116 652 3164 et
700 3124 802 3180 per
843 3109 1249 3178 juramentum
1301 3105 1408 3161 hec
1457 3108 1660 3161 eadem
1707 3107 1886 3160 mani-

240 3203 427 3257 festus
456 3197 722 3253 videlicet
752 3197 870 3252 dux
896 3195 1137 3251 Venetie
1163 3199 1220 3250 et
1240 3194 1596 3250 manifestati
1633 3193 1887 3249 Venetici

1991 613 2222 681 debent,
2256 617 2411 686 quod
2444 615 2772 670 secundum
2805 620 3166 688 praeceptum
3200 616 3431 688 imperii
3469 620 3661 675 nostri

1992 703 2313 758 studebunt
2335 703 2592 759 invenire
2612 708 2668 760 et
2692 704 2955 776 accipere
2979 705 3323 776 bujusmodi
3349 723 3442 762 res
3467 708 3538 762 ad
3559 707 3662 763 ho-

1993 808 2190 847 norem
2235 792 2540 848 clemcntie
2573 797 2771 849 nostra
2803 799 2859 848 et
2891 794 3206 850 utilitatem
3248 795 3653 852 Venticorum.

1991 881 2130 935 Etsi
2165 880 2387 952 aliquid
2416 881 2486 936 de
2517 881 2633 936 hiis
2665 883 2966 938 venditum
3001 887 3185 952 est,et
3216 883 3432 940 dixerit
3459 884 3658 940 Vene-

1991 969 2142 1024 ticus
2176 969 2580 1026 fraudulenter
2610 969 2756 1026 illud
2791 972 2914 1027 fore
2942 973 3527 1044 venditum,jurabit
3560 973 3659 1030 ille

1991 1058 2092 1129 qui
2120 1058 2401 1128 vendidit,
2436 1061 2588 1132 quod
2625 1059 2780 1116 bona
2811 1061 2926 1116 ﬁde
2974 1077 3097 1117 rem
3130 1061 3392 1118 Venetici
3444 1064 3658 1119 vendi-

1989 1146 2139 1200 derit
2171 1151 2228 1201 et
2259 1165 2361 1218 pro
2394 1151 2574 1214 tanto,
2610 1153 2828 1219 quanto
2879 1165 3008 1203 eam
3055 1149 3306 1205 vendere
3355 1150 3568 1220 quivit,
3603 1155 3664 1206 et

1991 1236 2141 1306 quod
2181 1251 2283 1290 nec
2315 1235 2446 1307 plus
2476 1235 2611 1291 inde
2643 1237 2932 1308 acceperit
2985 1253 3090 1292 nec
3139 1243 3492 1310 accepturus
3539 1244 3658 1306 est,

1991 1323 2102 1378 nisi
2135 1328 2420 1394 quantum
2455 1323 2618 1390 dixit,
2654 1326 2699 1380 si
2753 1325 3123 1398 propinquus
3177 1327 3408 1399 imperii
3463 1329 3658 1384 nostri

1992 1429 2104 1467 non
2139 1412 2330 1468 fuerit.
2367 1417 2762 1469 Veruntamen
2795 1419 2853 1470 et
2899 1415 2970 1470 de
3021 1415 3373 1488 prOpinquis
3418 1416 3663 1473 celsitu-

1990 1501 2145 1558 dinis
2179 1507 2374 1558 nostra
2404 1503 2559 1558 etde
2607 1503 2739 1559 aliis
2789 1504 2963 1559 debet
2998 1504 3118 1558 fieri
3176 1509 3350 1561 cauta
3391 1505 3660 1577 justitia,

1990 1592 2313 1647 secundum
2347 1593 2499 1663 quod
2545 1592 2780 1648 deberet
2810 1593 2934 1648 ﬁeri
2970 1611 3072 1665 pro
3104 1594 3280 1651 rebus
3325 1595 3547 1653 ablatis
3579 1597 3654 1653 de

1988 1680 2260 1736 vestiario
2295 1685 2494 1737 nostro
2533 1680 2761 1753 imperii
2797 1682 3005 1738 nostri.

2063 1771 2205 1826 Item
2248 1775 2326 1837 et,
2362 1770 2409 1825 si
2470 1787 2573 1842 pro
2632 1769 2887 1836 servitio,
2919 1772 3070 1842 quod
3136 1772 3385 1844 imperio
3444 1777 3656 1832 nostro

1992 1857 2204 1914 facient
2233 1858 2319 1915 vel
2345 1859 2719 1931 imperaturis
2738 1861 3069 1916 secundum
3095 1863 3250 1934 quod
3275 1862 3501 1919 dictum
3532 1869 3652 1933 est,

1988 1948 2390 2020 supervenerit
2438 1947 2522 2004 eis
2552 1947 2862 2004 inimicitia
2892 1967 2925 2005 a
2955 1955 3233 2007 coronata
3273 1967 3529 2024 persona
3562 1953 3659 2008 vel

1982 2054 2014 2091 a
2041 2053 2254 2108 magna
2282 2040 2479 2108 gente,
2513 2036 2680 2093 debet
2734 2037 3049 2109 imperium
3096 2045 3366 2096 nostrum
3397 2040 3486 2096 vel
3527 2041 3651 2097 im-

1984 2125 2241 2198 peraturi
2271 2142 2373 2197 per
2417 2131 2680 2198 tempora
2709 2142 2808 2182 eos
2847 2129 3074 2200 juvare,
3108 2130 3434 2186 secundum
3482 2131 3651 2204 quod

1977 2215 2184 2286 juvare
2213 2215 2449 2270 deberet
2479 2232 2658 2271 unam
2709 2217 2780 2272 de
2814 2217 3047 2289 magnis
3099 2218 3380 2276 Romanis
3430 2220 3648 2277 civita-

1988 2303 2164 2373 tibus,
2197 2307 2453 2376 excepto,
2481 2305 2531 2360 si
2581 2321 2683 2377 pro
2716 2305 3050 2378 quindecim
3099 2308 3306 2381 galeis,
3340 2326 3491 2381 quas
3543 2310 3659 2366 im-

1987 2393 2146 2466 perio
2177 2398 2375 2450 nostro
2407 2394 2545 2450 dare
2575 2395 2789 2451 debent
2818 2395 2973 2451 infra
3003 2399 3238 2469 tempus
3273 2398 3652 2471 pacis,quam

1989 2500 2122 2538 cum
2157 2482 2544 2540 nobillissimo
2577 2500 2710 2558 rege
2741 2485 2938 2541 Sicilie
2965 2485 3238 2542 Vilielmo
3288 2487 3532 2560 habent,
3568 2489 3661 2547 eis

1989 2572 2410 2642 supervenerit.
2443 2573 2586 2646 Nam
2613 2573 2662 2628 si
2712 2591 2816 2644 pro
2829 2575 2955 2645 jam
2982 2575 3154 2631 dictis
3185 2576 3369 2648 galeis
3399 2577 3662 2633 inimici-

1989 2659 2072 2715 tia
2101 2659 2184 2715 eis
2215 2662 2486 2725 evenerit,
2521 2663 2691 2716 debet
2739 2663 2968 2733 imperii
3005 2665 3190 2718 nostri
3223 2667 3513 2721 serenitas
3547 2681 3656 2723 eos

1983 2749 2188 2819 juvare
2220 2751 2544 2805 secundum
2568 2767 2738 2806 suam
2761 2751 3225 2809 voluntatem.Et
3245 2754 3295 2809 si
3325 2753 3654 2826 imperium

1993 2841 2257 2892 nostrum
2309 2838 2400 2894 vel
2429 2839 2795 2911 imperaturi,
2842 2841 3169 2897 secundum
3219 2844 3376 2915 quod
3421 2844 3658 2900 dictum

1992 2929 2100 2993 est,
2135 2926 2333 2982 fecerit
2364 2944 2562 2999 pacem
2595 2928 2683 2984 vel
2716 2934 2943 2985 treuam
2974 2945 3109 2986 cum
3159 2929 3360 3003 aliquo
3393 2931 3661 2988 inimicoo

1993 3032 2145 3076 rum,
2207 3022 2408 3072 contra
2449 3034 2620 3087 quem
2667 3017 2928 3074 Venetici
2979 3019 3225 3091 imperio
3277 3024 3480 3077 nostro
3529 3038 3657 3078 ser-

1994 3105 2171 3175 vient,
2223 3107 2396 3161 debet
2443 3105 2758 3179 imperium
2803 3112 3073 3164 nostrum
3120 3124 3220 3165 eos
3277 3109 3662 3167 introducere

1994 3191 2052 3248 in
2087 3194 2425 3264 bujusmodi
2458 3213 2658 3268 pacem
2692 3196 2782 3252 vel
2813 3198 3146 3253 treuam.Et
3174 3198 3224 3255 si
3259 3199 3451 3256 stolus
3476 3199 3659 3256 celsi-

239 3290 757 3352 eonﬁrmaverunt,
801 3285 1031 3357 imperii
1082 3283 1265 3340 nostri
1324 3282 1634 3339 clementia
1689 3283 1889 3351 hujus-
1920 3263 1962 3330 Ο
2003 3283 2228 3339 tudinis
2251 3289 2460 3340 nostras
2483 3302 2602 3341 una
2625 3301 2759 3341 cum
2781 3286 3362 3344 Veneticorumstolo
3386 3289 3656 3360 aliquam

241 3378 404 3436 modi
434 3393 637 3434 eorum
691 3375 1132 3431 conventionem
1161 3375 1491 3444 juramento
1540 3373 1881 3428 corrobora-

236 3475 356 3526 tam
385 3467 636 3539 benigne
662 3463 1037 3537 recipiens,in
1060 3463 1366 3534 pristinam
1393 3462 1688 3516 unionem.
1707 3478 1881 3530 qnam.

238 3573 376 3614 cum
401 3555 686 3612 Romania
707 3554 1020 3620 habebant,
1053 3568 1153 3608 eos
1198 3551 1475 3608 restituit.
1507 3555 1573 3606 Et
1603 3567 1888 3606 renovans

245 3644 596 3720 chrysobula
627 3644 711 3700 eis
745 3644 894 3698 facta
924 3643 995 3697 ab
1047 3640 1201 3696 inter
1228 3641 1610 3712 imperatores
1659 3657 1891 3709 semper

245 3736 623 3794 memorando
653 3734 1002 3806 imperatore
1052 3738 1107 3787 et.
1150 3736 1352 3804 patruo
1402 3731 1630 3804 imperii
1683 3731 1886 3799 nostri,

248 3827 468 3882 domini
493 3823 778 3880 Manuclis
803 3821 1082 3877 Comnani
1105 3823 1237 3894 (35),
1279 3820 1569 3893 promittit
1592 3835 1693 3893 per
1715 3835 1886 3875 suum

237 3914 660 3990 chrysobulum
695 3913 960 3978 verbum,
993 3928 1090 3966 eos
1134 3913 1459 3966 conversari
1496 3910 1552 3964 in
1607 3910 1890 3966 universis

243 4003 417 4061 terris
452 4008 662 4058 nostrae
711 4001 802 4074 [i0
835 3999 1281 4070 tranquillitatis
1315 4016 1416 4070 per
1464 4003 1676 4054 terram
1709 4004 1764 4053 et
1791 4015 1894 4070 per

243 4111 405 4150 mare
435 4093 656 4162 absque
697 4089 852 4145 omni
895 4088 1128 4143 datione
1152 4089 1478 4143 secundum
1514 4089 1918 4161 comprehenr

243 4184 443 4239 siones
464 4178 804 4251 bujusmodi
837 4177 1346 4250 chrysobulorum,
1379 4182 1434 4232 et
1470 4177 1586 4233 fore
1623 4177 1814 4235 salvos
1839 4183 1896 4234 et

237 4270 568 4342 intrepidos
617 4268 672 4324 in
727 4268 992 4340 personis
1017 4271 1073 4322 et
1108 4267 1370 4339 pecuniis
1414 4284 1612 4322 eorum
1669 4272 1789 4322 tam
1823 4269 1895 4324 ab

241 4358 581 4418 hominibus
625 4357 855 4430 imperii
894 4356 1075 4412 nostri
1129 4372 1303 4429 quam
1358 4357 1429 4412 ab
1482 4357 1609 4430 ipso
1649 4356 1896 4429 imperio

245 4453 469 4515 nostro,
528 4452 582 4503 et
631 4447 842 4503 habere
895 4463 1099 4501 omnes
1152 4445 1476 4509 districtus,
1525 4463 1672 4518 quas
1715 4445 1896 4502 babe-

243 4541 386 4596 bant
444 4543 707 4610 tempore
760 4535 918 4590 illate
971 4535 1055 4590 eis
1115 4535 1195 4589 ire
1254 4551 1487 4607 semper
1535 4535 1895 4591 memorandi

1996 3374 2280 3427 terrarum
2321 3372 2544 3430 inimici
2595 3375 2828 3446 imperii
2859 3375 3043 3430 nostri
3076 3375 3316 3448 ceperit,
3345 3377 3567 3434 debent
3598 3379 3659 3434 in

1995 3476 2061 3514 ea
2087 3460 2301 3516 habere
2331 3463 2584 3517 Venetici
2606 3463 2935 3532 ecclesiam,
2967 3463 3268 3520 embolum
3309 3469 3368 3521 et
3405 3466 3659 3537 scalam,

1997 3555 2054 3606 et
2083 3553 2202 3606 fore
2233 3552 2456 3623 absque
2486 3552 2647 3607 omni
2678 3553 2936 3610 datione.
2969 3553 3272 3610 Debitores
3303 3571 3437 3612 vero
3467 3555 3660 3613 Vene-

1998 3640 2243 3694 ticorum
2297 3642 2492 3695 Romei
2529 3641 2743 3698 debent
2793 3643 3121 3714 persolvere
3152 3659 3350 3710 omne,
3385 3647 3542 3717 quod
3591 3663 3666 3702 ex

2000 3729 2193 3782 debito
2225 3730 2436 3785 debent
2466 3731 2856 3787 creditoribus
2887 3732 3197 3787 Veneticis.
3233 3733 3289 3788 Si
3325 3738 3523 3788 autem
3557 3736 3662 3792 de-

2001 3819 2152 3872 bitor
2183 3837 2295 3875 non
2331 3819 2619 3885 habuerit,
2653 3821 2808 3875 unde
2839 3821 3102 3876 debitum
3135 3822 3449 3893 persolvat,
3482 3823 3662 3880 babe-

2001 3908 2408 3979 bitjusticiam
2459 3909 2769 3966 Veneticus
2821 3911 2891 3966 de
2945 3914 3200 3979 Romeo;
3237 3913 3283 3968 si
3337 3929 3473 3968 vero
3525 3913 3658 3986 ipse

2003 3998 2269 4064 decessit,
2304 3999 2374 4054 de
2404 3999 2737 4054 haeredibus
2767 4000 2914 4070 ejus.

2074 4088 2588 4142 Conservabuntur
2639 4088 2821 4161 igitur
2849 4089 2957 4144 hec
2988 4089 3159 4143 firma
3186 4089 3259 4144 ab
3291 4091 3362 4145 ab
3409 4089 3664 4163 imperio

2007 4179 2204 4231 nostro
2236 4181 2293 4231 et
2339 4178 2409 4232 ab
2440 4177 2778 4248 heredibus,
2811 4182 2877 4232 ut
2927 4178 3148 4234 dictum
3182 4183 3290 4246 est,
3323 4183 3381 4235 et
3427 4197 3665 4238 succes-

2006 4265 2238 4320 soribus
2296 4265 2521 4338 imperii
2579 4266 2786 4334 nostri,
2816 4283 3126 4339 quousque
3173 4272 3230 4323 et
3279 4285 3313 4323 a
3364 4268 3667 4326 Veneticis

2006 4357 2254 4413 ﬁrmiter
2282 4362 2338 4413 et
2368 4359 2496 4413 sine
2531 4359 2733 4414 fraude
2762 4363 2819 4414 et
2859 4357 3016 4413 malo
3048 4359 3284 4432 ingenio
3317 4376 3666 4417 conservan-

2006 4449 2104 4500 tur
2134 4445 2406 4516 superius
2437 4446 2758 4501 notiﬁcata.
2787 4447 2974 4517 Super
3004 4446 3113 4502 hoc
3143 4447 3299 4503 enim
3333 4453 3390 4503 et
3423 4465 3666 4521 presens

2009 4533 2423 4606 chrysobulum
2476 4535 2718 4590 verbum
2750 4534 2980 4606 imperii
3015 4535 3198 4591 nostri
3238 4535 3324 4591 eis
3375 4536 3657 4594 collatum

245 4626 618 4701 imperatoris
640 4629 695 4680 et.
719 4624 909 4698 patrui
934 4623 1163 4695 imperii
1191 4623 1372 4678 nostri
1398 4623 1617 4678 domini
1665 4625 1900 4680 Manuc-
1933 4637 1976 4702 D
2008 4629 2118 4687 est,
2151 4624 2383 4677 firmum
2419 4627 2473 4678 et
2503 4623 2840 4679 inviolabile
2867 4640 3209 4694 permanere
3239 4625 3484 4681 debens.

248 4718 322 4774 lis
371 4715 672 4785 Comnani,
726 4713 992 4786 ipsisque
1041 4711 1332 4768 Veneticis
1378 4713 1539 4766 reddi
1591 4717 1648 4768 et
1697 4730 1901 4769 omnes

253 4823 348 4861 res
370 4821 594 4872 eorum,
629 4819 741 4875 que
765 4802 824 4857 in
859 4802 1090 4874 palatiis
1111 4806 1168 4856 et
1224 4802 1595 4856 monasteriis
1647 4802 1897 4870 fuerunt,

255 4900 312 4950 et
334 4911 446 4966 que
464 4893 520 4947 in
545 4892 883 4947 vestiarium
916 4892 1276 4946 intraverunt
1299 4895 1355 4945 et
1379 4890 1491 4945 alia
1539 4890 1663 4946 loca
1687 4891 1900 4964 scripto

254 4986 313 5039 et
336 4999 448 5036 non
475 4981 710 5052 scripto.
745 4981 844 5037 Set
866 4985 922 5035 ct
945 4997 1046 5051 pro
1071 4982 1265 5046 rebus,
1292 4996 1402 5052 que
1446 4981 1752 5037 manifeste
1784 4999 1898 5037 non

255 5069 640 5144 reperientur,
675 5069 837 5124 dabit
859 5069 1142 5125 serenitas
1174 5069 1404 5142 imperii
1429 5069 1612 5126 nostri
1637 5069 1900 5126 homines

252 5160 636 5227 sufficientes,
669 5158 870 5230 eisque
904 5157 1214 5230 praecipiet,
1247 5162 1539 5230 quatenus
1586 5175 1674 5214 res
1723 5163 1901 5216 Vene-

251 5251 504 5307 ticorum
556 5248 820 5303 studiose
868 5251 1118 5320 querant
1161 5251 1217 5302 et
1267 5248 1582 5320 reperiant,
1618 5265 1683 5304 ac
1734 5249 1782 5305 si
1833 5249 1902 5305 de

325 5493 436 5564 (35)
468 5493 614 5565 Lege
648 5508 660 5546 :
692 5490 913 5548 domino
948 5491 1200 5548 Manuale
1231 5490 1528 5548 Comnano.

2083 4713 2313 4766 Factum
2345 4727 2544 4767 mense
2575 4713 2891 4768 Februario
2920 4713 3212 4784 presentis
3244 4714 3450 4786 quinte
3483 4715 3662 4771 indic-

2007 4801 2184 4857 tionis
2211 4801 2611 4857 sexmillesimi
2645 4801 3051 4857 sexcentesimi
3075 4803 3437 4875 nonagesimi
3471 4805 3659 4876 quinti

2010 4892 2168 4961 anni,
2201 4891 2256 4946 in
2287 4907 2401 4962 quo
2445 4894 2501 4946 et
2530 4895 2797 4946 nostrum
2830 4891 2990 4963 pium
3023 4895 3082 4947 et
3110 4909 3144 4947 a
3174 4893 3281 4949 deo
3315 4899 3644 4964 promotum

2010 4979 2375 5052 subsignavit
2403 4980 2740 5052 imperium.

2115 5133 2406 5188 YSACHIUS
2434 5131 2495 5186 in
2526 5131 2754 5188 Christo
2788 5132 2902 5187 Deo
2933 5130 3126 5188 ﬁdelis
3157 5132 3480 5190 imperator
3506 5137 3565 5190 et

2297 5206 2630 5260 moderator
2660 5207 3059 5261 Romanorum
3089 5205 3374 5279 Angelus.
