4028 6202
252 383 352 447 469

1365 381 1756 443 NOVELL/E
1802 379 2504 445 CONSTITUTIONES.

3499 387 3619 450 470

1858 559 1952 615 VI.

932 666 1162 706 marum
1195 664 1316 706 CUM
1348 666 1576 705 VENETIS
1608 666 1678 704 ea
1708 665 1926 705 DAMNIS
1955 666 2363 707 aasaacxsxms
2393 653 2525 724 [56].
2558 655 2646 722 (A.
2681 655 2862 726 1189.)

241 778 552 836 Conﬁrmata
572 776 741 847 equis
772 780 862 831 est
882 778 1009 848 jam
1045 775 1530 831 conventionibus
1587 775 1841 846 scriptis,
1876 775 1927 840 Α
1960 775 2323 845 pensionalia
2348 781 2402 830 et
2425 777 2610 832 scalas
2633 777 2978 843 maritimas,
3014 777 3244 833 embolo
3277 777 3502 848 pridem
3534 778 3604 839 ab

239 885 325 940 per
349 870 699 922 sacramenta
729 867 1120 921 corroboratis
1152 883 1184 920 a
1211 865 1598 920 nobillissimo
1651 869 1707 920 at
1736 865 1848 918 im-

235 957 355 1029 perii
386 956 557 1010 nostri
589 955 958 1010 ﬁdelliesimo
991 957 1136 1009 duce
1187 955 1444 1021 Venetia,
1504 955 1672 1009 Aurio
1722 970 1844 1008 ma-

227 1047 380 1118 gistro
412 1044 595 1107 Petro,
629 1044 729 1114 qui
777 1044 1063 1113 dignitate
1123 1043 1508 1115 protosevasti
1561 1059 1594 1097 a
1644 1046 1844 1097 nostra

227 1133 554 1190 sublimitate
586 1134 896 1188 decoratus
928 1137 1034 1199 est,
1063 1137 1119 1187 et
1166 1134 1238 1188 ab
1291 1133 1562 1186 universa
1606 1131 1843 1186 Venetia

226 1222 556 1294 plenitudine
609 1222 856 1294 imperio
914 1227 1115 1277 nostro
1158 1226 1214 1277 et
1243 1221 1545 1282 Romanis,
1582 1221 1726 1275 ﬁdes
1784 1225 1842 1274 et

225 1310 497 1368 servitium
515 1311 924 1366 Veneticornm
946 1309 1626 1381 nichilquedeasteorum
1663 1308 1839 1363 invio-

224 1398 538 1454 labilissime
573 1398 897 1455 securitati.
942 1398 1226 1462 Quoniam
1280 1414 1416 1452 vero
1482 1402 1834 1470 oportunum

217 1493 340 1557 erat,
362 1487 596 1543 Venetia
625 1488 904 1544 satisﬁeri
935 1487 997 1542 in
1054 1487 1167 1555 his,
1195 1504 1308 1553 qua
1330 1505 1362 1542 a
1422 1493 1621 1542 nostra
1682 1503 1836 1542 sere-

215 1578 371 1632 nitate
399 1575 447 1632 ei
476 1577 774 1648 promissa
831 1583 991 1644 sunt,
1049 1578 1321 1633 videlicet
1378 1577 1435 1632 in
1497 1577 1834 1632 redditione

214 1681 542 1736 rerum,que
585 1665 882 1722 Veneticis
937 1667 1129 1722 ablata
1186 1667 1425 1721 fuerunt
1482 1669 1642 1728 tunc.
1696 1682 1827 1721 cum

212 1770 476 1827 asemper
533 1757 921 1812 memorando
970 1755 1322 1827 imperatore
1380 1760 1435 1810 et
1490 1755 1829 1811 desideran-

205 1844 406 1901 tissimo
435 1843 806 1900 celsitudinis
829 1849 1029 1900 nostro
1054 1849 1285 1915 patruo,
1312 1845 1551 1900 domino
1604 1847 1830 1900 Manus-

205 1933 570 1998 leComnano,
655 1933 811 2005 capti
871 1934 1193 2000 fuerunt,et
1275 1931 1633 1986 exhibitione
1692 1948 1825 1987 cen-

203 2022 532 2077 tenariorum
566 2022 1020 2094 quatuordecim
1042 2037 1495 2094 yperpeporum,
1522 2038 1635 2092 qua
1670 2020 1826 2076 ultra

201 2127 307 2167 eam
335 2112 475 2184 ipsis
505 2112 804 2186 promissa
835 2116 978 2167 sunt
1026 2112 1100 2167 ob
1133 2127 1395 2180 causam,
1428 2129 1540 2182 qua
1597 2111 1656 2164 in
1718 2110 1823 2166 cri-

203 2201 380 2257 sobulo
411 2220 512 2274 pro
545 2201 802 2257 hiisdem
836 2201 1407 2266 editonotifioantur,
1434 2200 1505 2255 ob
1540 2216 1686 2270 quos
1714 2200 1827 2270 (57)

205 2293 251 2346 et
288 2307 461 2345 unum
531 2307 956 2364 yperperorum
1038 2290 1122 2344 eis
1198 2289 1634 2360 preimpansum
1721 2291 1826 2342 est.

204 2380 400 2452 Quippe
430 2383 489 2436 et
540 2379 738 2434 nuntii
792 2379 859 2433 ad
924 2383 1181 2435 nostram
1238 2377 1610 2433 clementiam
1663 2375 1828 2430 missi

204 2473 322 2524 sunt
351 2484 362 2522 :
393 2468 584 2540 primo
619 2468 864 2541 quidem
898 2468 1104 2523 Petrus
1150 2465 1418 2531 Michael,
1476 2465 1826 2521 Octavianus

201 2557 448 2622 Quirinus
497 2563 554 2613 et
640 2558 942 2613 Johannes
1030 2557 1296 2624 Michael,
1381 2555 1822 2610 conventionem

199 2662 364 2717 suam,
397 2664 574 2718 quam
608 2646 859 2718 imperio
891 2651 1090 2702 nostro
1123 2651 1181 2700 et
1210 2645 1489 2701 Romanis
1543 2645 1821 2710 fecerunt,

191 2735 494 2805 juramento
554 2737 997 2791 corroboratam
1053 2735 1322 2808 equidem
1379 2736 1710 2803 offerentes,
1768 2737 1825 2788 ct

195 2839 290 2895 quo
316 2826 454 2896 ipsis
487 2824 787 2897 promissa
819 2828 958 2878 sunt
984 2840 1087 2895 per
1117 2823 1560 2896 chrysobulum,
1614 2827 1679 2876 ut
1734 2822 1821 2876 di-

193 2917 327 2969 ctum
385 2919 500 2979 est,
562 2914 870 2986 exigentes
923 2929 936 2968 :
989 2913 1200 2969 deinde
1254 2929 1386 2968 vero
1458 2911 1654 2968 sonori
1709 2913 1822 2979 (us)

193 3002 516 3058 nobilissimi
577 3007 643 3058 et
690 3003 937 3074 imperio
992 3008 1188 3057 nostro
1249 3000 1574 3056 fidelissimi
1655 2999 1822 3055 ducis

189 3089 400 3147 Venetia
423 3097 643 3147 Petrus
681 3091 998 3147 Cornarius
1020 3097 1076 3145 et
1112 3091 1448 3146 Dominicus
1507 3090 1819 3155 Memmus,

193 3184 506 3249 procurator
517 3180 770 3236 ecclesia
787 3180 973 3235 sancti
993 3180 1190 3250 Marci,
1218 3179 1340 3250 inju
1354 3183 1549 3234 notum
1567 3178 1821 3248 profecto

196 3267 482 3326 habentem
519 3271 642 3341 (38)
673 3269 882 3339 agendi
909 3269 1089 3324 simul
1146 3286 1278 3324 cum
1325 3268 1770 3341 pracedentibus
1805 3285 1818 3333 ;

196 3363 559 3430 reppererunt
596 3359 837 3430 quidem
861 3358 1229 3413 clementiam
1263 3363 1523 3413 nostram
1557 3357 1821 3428 ipsorum

194 3448 508 3518 pectitionni
544 3452 931 3516 annuantem,
965 3451 1021 3502 et
1053 3448 1122 3502 ad
1157 3447 1567 3518 perfectionem
1594 3462 1818 3510 eorum,

1961 863 2070 918 hiis
2105 864 2304 919 habito
2330 867 2956 936 adjacentes,annuum
2983 866 3290 922 introitum
3317 867 3603 922 librarum

1955 969 2375 1024 yparparorum
2400 955 2849 1026 quinquaginta.

2028 1041 2095 1096 Et
2123 1048 2324 1097 nostra
2374 1044 2467 1114 pia
2528 1044 2929 1115 tranquillitas
2986 1045 3331 1114 hujusmodi
3393 1061 3597 1101 eorum

1954 1131 2299 1202 peticionam
2358 1133 2520 1188 nullo
2590 1134 2761 1188 modo
2794 1136 3005 1189 renuit.
3041 1137 3405 1206 Quemquam
3439 1134 3595 1189 enim

1950 1235 2122 1291 grave
2152 1221 2481 1276 celsitddini
2519 1227 2713 1277 nostra
2757 1223 3004 1291 videtur,
3040 1222 3409 1278 latitudinem
3443 1223 3596 1278 infra

1949 1324 2222 1379 magnam
2259 1312 2460 1364 urbem
2496 1309 2768 1381 gentibus
2798 1311 3108 1379 exhibere;
3161 1315 3590 1380 verumtamen,

1946 1399 2078 1467 quia
2110 1415 2222 1452 non
2249 1403 2313 1452 ut
2341 1398 2723 1470 alienigenas,
2769 1399 2950 1455 immo
3010 1404 3076 1454 ut
3104 1399 3434 1468 aborigines
3479 1400 3584 1457 Ro-

1947 1503 2151 1542 manos
2183 1503 2368 1559 genus
2404 1488 2808 1544 Veneticorum
2841 1493 3041 1545 nostra
3072 1489 3356 1544 serenitas
3414 1504 3591 1560 repu-

1941 1579 2047 1641 tat,
2081 1581 2430 1648 tantumque
2464 1595 2564 1648 pro
2597 1578 2879 1633 Romania
2910 1577 3130 1647 dolent,
3184 1581 3473 1648 quantum
3536 1581 3594 1632 et

1940 1665 2052 1736 ipsi
2087 1666 2348 1732 Romani,
2378 1671 2718 1738 tantamque
2747 1683 2885 1740 erga
2915 1683 3042 1722 eam
3080 1667 3298 1722 habent
3327 1665 3587 1722 devotio-

1940 1770 2094 1820 nem,
2126 1760 2405 1826 quantam
2439 1759 2496 1811 et
2523 1772 2660 1828 erga
2685 1761 2924 1823 terram,
2959 1773 3068 1825 qua
3098 1773 3197 1810 eos
3217 1755 3437 1820 omisit,
3467 1771 3582 1810 non

1937 1843 2022 1898 eis
2044 1849 2296 1911 tantum,
2331 1849 2614 1916 quantum
2656 1845 2930 1900 Romanis
2962 1845 3298 1900 donandum
3330 1859 3460 1899 esse
3497 1843 3578 1898 vi-

1937 1933 2126 2003 detur,
2161 1939 2705 2004 quantumcumque
2736 1935 2819 1989 eis
2843 1934 3125 2006 largiatur
3155 1933 3183 1988 ?
3211 1933 3578 2004 Quapropter

1931 2025 1988 2076 et
2020 2027 2218 2078 nostra
2239 2023 2547 2079 clementia
2572 2024 2740 2094 jubet
2762 2041 2863 2095 per
2888 2040 3127 2096 presens
3161 2021 3573 2095 chrysobulum

1934 2111 2201 2178 verbum,
2255 2113 2468 2168 habere
2531 2113 2836 2168 Veneticos
2882 2113 3155 2168 universa
3200 2112 3336 2180 alia,
3371 2128 3484 2182 qua
3544 2128 3578 2167 a

1940 2201 2164 2256 nuntiis
2194 2217 2394 2256 eorum
2453 2202 2747 2273 postulata
2779 2206 2935 2267 sunt,
2970 2202 3248 2273 ipsosque
3307 2199 3577 2255 embulos

1938 2288 2374 2345 Allamanorum
2449 2295 2505 2345 et
2588 2291 3078 2362 Franciganarum
3138 2294 3194 2344 at
3249 2289 3578 2344 maritimas

1938 2391 2138 2433 eorum
2201 2379 2414 2445 scalas,
2474 2396 2587 2451 que
2634 2382 2689 2434 in
2726 2380 3020 2452 presentia
3049 2378 3578 2450 grammaticorum

1937 2472 2134 2522 nostra
2182 2469 2532 2528 serenitatis.
2586 2468 2949 2524 Constantini
3014 2467 3327 2522 ~Pediadite
3357 2471 3413 2520 et
3468 2465 3580 2521 cla-

1937 2554 2155 2608 rissimi
2188 2555 2712 2625 protonohilissimi
2743 2555 2970 2610 Nichita
3001 2555 3312 2615 Valianite,
3370 2554 3445 2609 ab
3475 2569 3573 2609 ao-

1945 2642 2295 2698 desimotato
2318 2645 2698 2700 Constantino
2728 2645 2979 2699 Patriota
3009 2661 3112 2715 per
3141 2645 3462 2715 practicum
3493 2642 3580 2699 eis

1933 2731 2148 2785 tradita
2181 2738 2320 2788 sunt
2352 2753 2364 2800 ;
2399 2735 2550 2805 quod
2579 2735 2749 2789 dabat
2779 2735 3142 2789 corroborari
3178 2733 3414 2805 quidem
3475 2747 3578 2804 per

1935 2823 2486 2893 superscriptionem
2521 2823 2850 2894 pansevasti
2881 2827 2937 2878 at
2965 2827 3164 2878 nostra
3218 2820 3574 2876 sublimitati

1934 2910 2242 2966 familiaris
2273 2911 2790 2977 archicancellarii,
2822 2912 3044 2966 domini
3077 2910 3365 2967 Johannis
3403 2911 3571 2978 duce;

1932 3003 2228 3072 cognitum
2261 3005 2454 3056 autem
2489 3001 2613 3056 ﬁeri
2645 3005 2701 3056 et
2730 3001 3006 3073 congruis
3028 3001 3266 3056 secretis
3288 3016 3421 3055 cum
3444 3016 3574 3070 pre-

1931 3097 2094 3145 sente
2125 3090 2471 3161 chrysobulo
2503 3090 2730 3162 imperii
2774 3091 2977 3145 nostri.
3013 3092 3267 3154 Quorum
3300 3087 3572 3160 equidem

1930 3180 2192 3234 omnium
2217 3197 2449 3235 annuus
2479 3180 2756 3235 introitus
2786 3178 3212 3250 quinquaginta
3243 3177 3407 3232 libris
3437 3193 3572 3231 con-

1932 3273 2050 3324 stat
2071 3271 2918 3340 yperpepororum,secundum
2945 3269 3098 3340 quod
3135 3284 3201 3322 ex
3233 3265 3574 3321 tradicionis

1931 3359 2177 3412 istorum
2214 3359 2467 3428 practice
2491 3357 2814 3428 composito
2871 3359 3046 3428 patet.
3102 3354 3379 3419 Quamvis
3417 3353 3570 3408 enim

1931 3452 1986 3502 et
2018 3464 2121 3518 per
2176 3446 2526 3514 chrysobula
2582 3447 2758 3501 verba
2817 3445 3112 3501 manifesti
3167 3441 3378 3497 emboli
3439 3457 3572 3496 cum

193 3551 288 3606 qua
318 3537 386 3592 ab
417 3537 566 3609 ipsis
604 3535 996 3609 postulantur,
1032 3541 1317 3608 paratam.
1349 3535 1562 3590 Verum
1590 3535 1820 3589 univer-
1854 3521 1896 3586 C
1937 3535 2248 3591 maritimis
2272 3535 2447 3590 scalis
2477 3534 2840 3589 Allemannis
2869 3538 2924 3588 et
2955 3530 3327 3602 Francigenis
3377 3527 3574 3585 collati

191 3624 314 3681 salis
342 3626 653 3682 annulatio
683 3631 742 3681 et
772 3625 1019 3697 perditio
1053 3642 1272 3691 rerum,
1320 3642 1432 3696 qua
1454 3624 1645 3679 ablata
1674 3623 1820 3694 ipsis

187 3713 347 3786 fuere,
377 3714 669 3772 voluntati
702 3716 852 3771 bone
883 3715 1218 3770 serenitatis
1247 3718 1650 3783 nostre,quam
1683 3728 1821 3783 erga

185 3801 326 3874 ipsos
350 3803 665 3861 clementia
694 3807 896 3859 nostra
927 3803 1628 3874 habebat,impadimento
1660 3801 1817 3872 equi-

185 3892 300 3947 dem
331 3895 543 3949 stabat.
585 3892 803 3948 Idcirco
839 3896 1036 3947 nostra
1070 3892 1354 3946 serenitas
1410 3891 1542 3946 illos
1589 3891 1820 3946 imitata

183 3980 428 4049 viatores,
491 3982 596 4053 qui
659 3981 832 4048 avia,
888 3982 1138 4036 ducente
1189 3983 1258 4036 ad
1294 3981 1349 4035 id
1406 3980 1560 4051 quod
1620 3979 1821 4036 volunt

183 4070 580 4142 diversorium,
613 4071 910 4127 modicum
943 4070 1323 4136 declinantes,
1385 4071 1620 4142 quando
1687 4069 1817 4142 qui-

183 4158 298 4215 dem
322 4162 405 4216 sic
436 4177 604 4224 casu.
640 4177 754 4231 que
774 4163 928 4215 reotc
974 4161 1062 4215 vie
1092 4163 1249 4228 sunt,
1283 4175 1558 4232 prospere
1588 4160 1672 4216 eis
1702 4176 1816 4216 non

178 4247 485 4322 jacentper
515 4249 692 4304 aliam
724 4251 874 4304 viam
937 4250 1006 4304 ad
1041 4249 1195 4304 idem
1249 4249 1547 4320 pervenire
1593 4265 1818 4322 cogun-

181 4339 281 4404 tur,
313 4342 368 4393 et
388 4339 458 4393 ad
486 4339 742 4404 eundem
769 4337 942 4392 finem
969 4337 1681 4409 deveniunt,quamquam
1717 4355 1820 4411 per

187 4425 344 4482 aliam
378 4428 533 4484 viam
549 4431 627 4494 ;et
644 4427 714 4482 ad
731 4427 1156 4482 verbaveniens
1178 4429 1447 4497 cumjam
1474 4427 1648 4483 dictis
1667 4427 1820 4500 laga-

178 4514 244 4570 tis
265 4533 362 4587 pro
393 4533 593 4572 rarum
649 4531 850 4571 eorum
881 4516 1234 4582 inventione,
1286 4517 1425 4588 quia
1454 4517 1510 4571 in
1549 4517 1816 4589 possibili

181 4620 294 4660 eam
318 4607 614 4677 jacentam
648 4622 1016 4677 nequaquam
1046 4607 1462 4678 comperiebat,
1486 4607 1664 4662 alium
1691 4625 1816 4664 mo-

183 4693 305 4749 dum
337 4697 420 4752 eis
445 4695 694 4768 precipit
726 4695 999 4767 reperire,
1035 4713 1136 4766 per
1165 4713 1337 4767 quem
1374 4695 1513 4751 talio
1573 4696 1658 4752 eis
1715 4698 1814 4752 ﬁat

184 4800 359 4840 rerum
393 4802 620 4851 eorum,
656 4800 768 4856 que
825 4802 928 4840 ceu
991 4785 1264 4855 superius
1311 4785 1674 4841 notiticatum
1729 4790 1814 4840 est

1929 3624 2048 3680 sint
2078 3643 2090 3692 ;
2122 3629 2528 3688 veruntamen,
2564 3623 2703 3694 quia
2736 3639 2847 3676 non
2890 3622 2992 3676 toti
3051 3621 3204 3690 genti
3242 3619 3572 3673 Allemano-

1929 3731 2057 3769 rum
2087 3713 2777 3785 etFrancigenarum,ed
2802 3711 3003 3782 paucis
3017 3709 3371 3781 quibusdam
3391 3711 3572 3762 extor-

1929 3804 2092 3859 ribus
2149 3808 2206 3858 ct
2253 3801 2505 3858 maxime
2562 3800 2894 3872 incognitis,
2953 3817 3056 3854 nec
3118 3798 3566 3853 determinatam

1930 3894 2317 3964 quantitatem
2349 3892 2606 3963 afiquam
2643 3890 2874 3945 servitio
2898 3889 3180 3944 Romanis
3211 3885 3569 3959 imponenti-

1929 3983 2167 4050 bus,scd
2195 3987 2473 4052 tanquam
2491 3985 2766 4052 quantam
2794 3997 2928 4034 caru
2955 3974 3567 4050 pervenitt39),hujus-

1931 4072 2084 4126 modi
2120 4071 2464 4126 beneficium
2527 4068 2804 4124 Romanis
2858 4069 3078 4120 factum
3103 4065 3236 4131 fuit,
3287 4062 3568 4134 quoniam

1927 4159 2178 4216 multum
2212 4159 2447 4231 quidem
2482 4162 2570 4212 est
2603 4156 2830 4211 lucrum
2865 4156 2948 4210 sic
2981 4155 3244 4210 embolos
3276 4158 3333 4208 at
3380 4151 3570 4207 scalas

1926 4249 2302 4316 habentibus,
2339 4247 2628 4302 modicum
2663 4250 2860 4301 autem
2903 4251 2992 4299 est
3025 4244 3350 4315 proficuum
3385 4258 3452 4297 ex
3485 4241 3572 4296 eis

1928 4340 2206 4395 Romanis
2240 4337 2620 4409 provenians:
2673 4334 3084 4391 convenientes
3143 4331 3447 4388 servitium
3503 4347 3573 4386 ex

1928 4428 2310 4484 universitate
2353 4425 2542 4498 gentis
2599 4424 2880 4479 Romanis
2937 4422 3283 4494 proveniens
3336 4417 3570 4474 servitio

1930 4533 2246 4590 paucorum
2275 4523 2332 4570 et
2360 4532 2426 4569 ex
2458 4514 2824 4584 dispersione
2854 4515 3335 4583 congregatorum
3369 4510 3572 4562 nostra

1927 4605 2268 4661 excellentia
2301 4603 2557 4675 pretulit.
2615 4603 2682 4656 Et
2711 4601 3069 4656 vacationem
3105 4597 3337 4668 quidem
3394 4595 3571 4650 criso-

1929 4695 2127 4750 bulum
2161 4710 2360 4748 eorum
2423 4692 2687 4762 irrogat;
2750 4689 3017 4743 embulos
3074 4703 3208 4742 vero
3265 4701 3468 4741 eorum
3512 4689 3570 4739 et

1925 4783 2115 4838 scalas
2149 4782 2430 4837 Veneticis
2462 4782 2704 4847 confert,
2729 4778 3051 4834 concedens
3083 4774 3379 4848 possidere
3407 4772 3568 4845 ipsos

182 4889 240 4927 ex
267 4874 654 4944 promissione
687 4874 848 4929 reddi
882 4875 1112 4944 quidem
1150 4875 1584 4941 debebant,non
1620 4881 1811 4930 autem
1849 4892 1892 4956 D
1924 4878 2042 4926 tam
2077 4872 2274 4926 omnia
2306 4871 2439 4935 alia,
2473 4886 2647 4940 quam
2703 4874 2760 4922 at
2818 4864 3222 4956 hujuscemodi
3283 4861 3567 4956 embolos,

184 4964 629 5034 reperiebantur,
663 4967 720 5018 et
776 4964 848 5019 ob
880 4964 990 5018 hoc
1050 4981 1216 5019 suam
1252 4965 1631 5020 redditinnam
1666 4965 1816 5022 inter

181 5050 557 5122 impossibilia
587 5053 904 5124 ponebant.
929 5052 1043 5124 ipsi
1077 5057 1269 5108 autem
1306 5053 1560 5108 multum
1594 5054 1814 5111 haben-

184 5143 260 5194 tes
290 5141 573 5211 studium,
604 5157 706 5197 sua
737 5146 890 5196 terra
937 5143 1262 5214 proficuum
1324 5143 1691 5198 invenerunt.
1749 5145 1816 5198 Et

183 5229 584 5286 habundanter
631 5237 830 5286 nostra
889 5231 1224 5303 supplicant
1281 5232 1577 5286 serenitati
1641 5250 1820 5304 super

188 5318 421 5391 bis,que
479 5321 545 5376 ad
608 5319 1096 5375 restaurationem
1159 5321 1270 5376 sibi
1319 5321 1438 5375 fieri
1490 5321 1711 5390 volunt,
1765 5327 1820 5376 et

189 5408 326 5478 parti
354 5408 591 5467 Venetia
644 5408 771 5465 dari
831 5415 1083 5481 possunt
1141 5426 1242 5482 per
1275 5409 1571 5466 embolum
1602 5415 1660 5466 et
1719 5429 1822 5484 par

260 5585 368 5657 (56)
399 5587 529 5642 Post
559 5586 741 5660 Marin
779 5604 862 5641 m.
909 5588 1097 5660 p.304,
1133 5605 1198 5642 ex
1229 5587 1378 5660 libro
1410 5588 1540 5642 albo
1573 5594 1624 5644 et
1657 5591 1823 5649 libris

197 5661 491 5782 gpptorum
548 5659 860 5716 ediderunt
905 5659 1063 5716 'l‘at'el
1122 5667 1178 5714 at
1217 5659 1476 5717 Thomas
1511 5663 1551 5731 Ι,
1586 5681 1643 5735 p.
1690 5666 1819 5720 206-

1927 4961 2252 5016 sacuudum
2285 4959 2436 5030 quod
2473 4963 2529 5012 et
2560 4974 2692 5012 eum
2728 4973 2900 5027 quem
2935 4972 3091 5010 nunc
3126 4953 3342 5008 habent
3373 4952 3569 5008 embo-

1929 5051 2073 5117 lum,
2107 5064 2412 5119 quousque
2444 5064 2581 5119 erga
2612 5045 2920 5116 imperium
2957 5047 3223 5099 nostrum
3267 5045 3324 5096 et
3368 5042 3574 5096 Roma-

1927 5139 2084 5193 niam
2118 5155 2285 5193 suam
2338 5136 2780 5192 conventionem
2834 5132 3172 5189 inviolatam
3233 5130 3575 5185 custodiunt

1929 5245 2087 5284 nunc
2117 5227 2372 5282 existens
2431 5224 2840 5280 nobilissimus
2892 5223 3006 5276 dux
3048 5219 3291 5275 Venetia
3335 5225 3392 5272 et
3449 5219 3578 5288 post

1929 5335 2062 5373 eum
2097 5317 2271 5372 futuri
2304 5317 2480 5369 duces
2514 5313 2768 5368 'Venctia
2800 5320 2853 5366 et
2896 5311 3168 5365 universa
3200 5310 3328 5378 ejus
3386 5304 3574 5377 pleni-

1932 5409 2092 5477 tudo,
2156 5423 2258 5462 nec
2315 5422 2430 5459 non
2489 5408 2546 5458 et
2593 5403 2813 5472 omnia,
2846 5416 2961 5473 que
3001 5416 3103 5472 per
3132 5393 3574 5453 conventionem

2007 5586 2118 5658 (37)
2152 5584 2416 5658 Editores
2439 5582 2589 5658 conj.
2625 5581 2686 5658 ob
2715 5579 2882 5658 quod:

2008 5653 2117 5724 (3'7)
2151 5656 2324 5709 Iidem
2351 5653 2502 5723 cnnj.
2541 5653 2817 5706 habentes.
2854 5653 3044 5724 Recte.

2006 5717 2260 5802 Lib.
2294 5717 2531 5798 pacta-et
2558 5724 2738 5780 Marin
2766 5723 3042 5794 provenit,
3063 5735 3177 5775 non
3209 5717 3380 5775 male.
