  <div class='ocr_page' id='page_1' title='image "/cluster/home/n/w/nwhite01/storage/ocr_20150623/135/hvd.32044073502528/241.png"; bbox 0 0 4028 6202; ppageno 0'>
   <div class='ocr_carea' id='block_1_1' title="bbox 313 334 427 394">
    <p class='ocr_par' dir='ltr' id='par_1_1' title="bbox 313 334 427 394">
     <span class='ocr_line' id='line_1_1' title="bbox 313 334 427 394; baseline -0.018 0"><span class='ocrx_word' id='word_1_1' title='bbox 313 334 427 394; x_wconf 70' lang='grc' dir='ltr'><strong>ΓΗ</strong></span> 
     </span>
    </p>
   </div>
   <div class='ocr_carea' id='block_1_2' title="bbox 1627 329 2420 391">
    <p class='ocr_par' dir='ltr' id='par_1_2' title="bbox 1627 329 2420 391">
     <span class='ocr_line' id='line_1_2' title="bbox 1627 329 2420 391; baseline -0.003 0"><span class='ocrx_word' id='word_1_2' title='bbox 1627 329 1877 391; x_wconf 84' lang='lat' dir='ltr'><strong>lSAACl</strong></span> <span class='ocrx_word' id='word_1_3' title='bbox 1923 329 2214 391; x_wconf 83' lang='lat' dir='ltr'><strong>ANGELI</strong></span> <span class='ocrx_word' id='word_1_4' title='bbox 2256 330 2420 391; x_wconf 76' lang='lat' dir='ltr'><strong>1MP.</strong></span> 
     </span>
    </p>
   </div>
   <div class='ocr_carea' id='block_1_3' title="bbox 3613 327 3731 385">
    <p class='ocr_par' dir='ltr' id='par_1_3' title="bbox 3613 327 3731 385">
     <span class='ocr_line' id='line_1_3' title="bbox 3613 327 3731 385; baseline 0.008 -2"><span class='ocrx_word' id='word_1_5' title='bbox 3613 327 3731 385; x_wconf 71' lang='lat'><strong>4&#39;12</strong></span> 
     </span>
    </p>
   </div>
   <div class='ocr_carea' id='block_1_4' title="bbox 314 456 3730 539">
    <p class='ocr_par' dir='ltr' id='par_1_4' title="bbox 314 456 3730 539">
     <span class='ocr_line' id='line_1_4' title="bbox 314 456 3730 539; baseline -0.003 -14"><span class='ocrx_word' id='word_1_6' title='bbox 314 468 391 525; x_wconf 84' lang='lat' dir='ltr'><strong>eb</strong></span> <span class='ocrx_word' id='word_1_7' title='bbox 418 466 535 523; x_wconf 83' lang='lat' dir='ltr'><strong>hiis</strong></span> <span class='ocrx_word' id='word_1_8' title='bbox 567 465 858 539; x_wconf 91' lang='lat' dir='ltr'><strong>promissa</strong></span> <span class='ocrx_word' id='word_1_9' title='bbox 896 469 1040 522; x_wconf 88' lang='lat' dir='ltr'><strong>sunt</strong></span> <span class='ocrx_word' id='word_1_10' title='bbox 1069 471 1123 522; x_wconf 88' lang='lat' dir='ltr'><strong>et</strong></span> <span class='ocrx_word' id='word_1_11' title='bbox 1146 464 1535 537; x_wconf 81' lang='lat' dir='ltr'><strong>jurejurando</strong></span> <span class='ocrx_word' id='word_1_12' title='bbox 1566 463 1964 534; x_wconf 79' lang='lat' dir='ltr'><strong>corroborata,</strong></span> <span class='ocrx_word' id='word_1_13' title='bbox 1994 465 2045 532; x_wconf 74' lang='grc' dir='ltr'>Α</span> <span class='ocrx_word' id='word_1_14' title='bbox 2086 462 2337 517; x_wconf 89' lang='lat' dir='ltr'><strong>ﬁrmiter</strong></span> <span class='ocrx_word' id='word_1_15' title='bbox 2365 465 2424 518; x_wconf 89' lang='lat' dir='ltr'><strong>et</strong></span> <span class='ocrx_word' id='word_1_16' title='bbox 2452 477 2566 533; x_wconf 91' lang='lat' dir='ltr'><strong>que</strong></span> <span class='ocrx_word' id='word_1_17' title='bbox 2596 478 2630 517; x_wconf 92' lang='lat' dir='ltr'><strong>a</strong></span> <span class='ocrx_word' id='word_1_18' title='bbox 2659 459 2867 534; x_wconf 86' lang='lat' dir='ltr'><strong>legatis</strong></span> <span class='ocrx_word' id='word_1_19' title='bbox 2896 457 3356 530; x_wconf 89' lang='lat' dir='ltr'><strong>eorum,scrorio</strong></span> <span class='ocrx_word' id='word_1_20' title='bbox 3385 456 3610 516; x_wconf 77' lang='lat' dir='ltr'><strong>scilicet</strong></span> <span class='ocrx_word' id='word_1_21' title='bbox 3634 473 3730 515; x_wconf 88' lang='lat' dir='ltr'><strong>no-</strong></span> 
     </span>
    </p>
   </div>
   <div class='ocr_carea' id='block_1_5' title="bbox 316 550 1960 624">
    <p class='ocr_par' dir='ltr' id='par_1_5' title="bbox 316 550 1960 624">
     <span class='ocr_line' id='line_1_5' title="bbox 316 550 1960 624; baseline -0.004 -11"><span class='ocrx_word' id='word_1_22' title='bbox 316 558 666 613; x_wconf 86' lang='lat' dir='ltr'><strong>conservant</strong></span> <span class='ocrx_word' id='word_1_23' title='bbox 701 572 716 624; x_wconf 88' lang='lat'><strong>;</strong></span> <span class='ocrx_word' id='word_1_24' title='bbox 742 558 797 611; x_wconf 90' lang='lat' dir='ltr'><strong>et</strong></span> <span class='ocrx_word' id='word_1_25' title='bbox 827 570 1059 611; x_wconf 90' lang='lat' dir='ltr'><strong>omnem</strong></span> <span class='ocrx_word' id='word_1_26' title='bbox 1091 552 1399 609; x_wconf 84' lang='lat' dir='ltr'><strong>introitum</strong></span> <span class='ocrx_word' id='word_1_27' title='bbox 1428 567 1630 609; x_wconf 90' lang='lat' dir='ltr'><strong>eorum</strong></span> <span class='ocrx_word' id='word_1_28' title='bbox 1677 550 1960 623; x_wconf 87' lang='lat' dir='ltr'><strong>accipere,</strong></span> 
     </span>
    </p>
   </div>
   <div class='ocr_carea' id='block_1_6' title="bbox 323 640 1970 718">
    <p class='ocr_par' dir='ltr' id='par_1_6' title="bbox 323 640 1970 718">
     <span class='ocr_line' id='line_1_6' title="bbox 323 640 1970 718; baseline -0.004 -17"><span class='ocrx_word' id='word_1_29' title='bbox 323 660 700 718; x_wconf 77' lang='lat' dir='ltr'><strong>nequaquam</strong></span> <span class='ocrx_word' id='word_1_30' title='bbox 736 662 769 701; x_wconf 89' lang='lat' dir='ltr'><strong>a</strong></span> <span class='ocrx_word' id='word_1_31' title='bbox 792 645 931 701; x_wconf 87' lang='lat' dir='ltr'><strong>ﬁsco</strong></span> <span class='ocrx_word' id='word_1_32' title='bbox 952 643 1038 699; x_wconf 88' lang='lat' dir='ltr'><strong>vel</strong></span> <span class='ocrx_word' id='word_1_33' title='bbox 1071 644 1143 698; x_wconf 88' lang='lat' dir='ltr'><strong>ab</strong></span> <span class='ocrx_word' id='word_1_34' title='bbox 1175 642 1372 715; x_wconf 89' lang='lat' dir='ltr'><strong>aliqua</strong></span> <span class='ocrx_word' id='word_1_35' title='bbox 1401 657 1810 714; x_wconf 89' lang='lat' dir='ltr'><strong>personarum,</strong></span> <span class='ocrx_word' id='word_1_36' title='bbox 1843 640 1970 713; x_wconf 89' lang='lat' dir='ltr'><strong>qui-</strong></span> 
     </span>
    </p>
   </div>
   <div class='ocr_carea' id='block_1_7' title="bbox 318 730 1967 804">
    <p class='ocr_par' dir='ltr' id='par_1_7' title="bbox 318 730 1967 804">
     <span class='ocr_line' id='line_1_7' title="bbox 318 730 1967 804; baseline -0.005 -13"><span class='ocrx_word' id='word_1_37' title='bbox 318 737 433 792; x_wconf 86' lang='lat' dir='ltr'><strong>bus</strong></span> <span class='ocrx_word' id='word_1_38' title='bbox 464 733 569 790; x_wconf 90' lang='lat' dir='ltr'><strong>hec</strong></span> <span class='ocrx_word' id='word_1_39' title='bbox 601 733 852 789; x_wconf 76' lang='lat' dir='ltr'><strong>attinent</strong></span> <span class='ocrx_word' id='word_1_40' title='bbox 881 736 937 789; x_wconf 91' lang='lat' dir='ltr'><strong>et</strong></span> <span class='ocrx_word' id='word_1_41' title='bbox 968 732 1184 804; x_wconf 87' lang='lat' dir='ltr'><strong>quibus</strong></span> <span class='ocrx_word' id='word_1_42' title='bbox 1211 731 1318 787; x_wconf 92' lang='lat' dir='ltr'><strong>hec</strong></span> <span class='ocrx_word' id='word_1_43' title='bbox 1338 730 1529 787; x_wconf 87' lang='lat' dir='ltr'><strong>ablata</strong></span> <span class='ocrx_word' id='word_1_44' title='bbox 1557 730 1706 803; x_wconf 84' lang='lat' dir='ltr'><strong>ipsis</strong></span> <span class='ocrx_word' id='word_1_45' title='bbox 1727 730 1967 800; x_wconf 87' lang='lat' dir='ltr'><strong>dantur,</strong></span> 
     </span>
    </p>
   </div>
   <div class='ocr_carea' id='block_1_8' title="bbox 322 817 1968 893">
    <p class='ocr_par' dir='ltr' id='par_1_8' title="bbox 322 817 1968 893">
     <span class='ocr_line' id='line_1_8' title="bbox 322 817 1968 893; baseline -0.004 -13"><span class='ocrx_word' id='word_1_46' title='bbox 322 819 755 880; x_wconf 80' lang='lat' dir='ltr'><strong>infestationem</strong></span> <span class='ocrx_word' id='word_1_47' title='bbox 788 820 1045 893; x_wconf 88' lang='lat' dir='ltr'><strong>aliquam</strong></span> <span class='ocrx_word' id='word_1_48' title='bbox 1080 820 1412 876; x_wconf 86' lang='lat' dir='ltr'><strong>manifestis</strong></span> <span class='ocrx_word' id='word_1_49' title='bbox 1440 819 1737 876; x_wconf 87' lang='lat' dir='ltr'><strong>Veneticis</strong></span> <span class='ocrx_word' id='word_1_50' title='bbox 1770 817 1968 875; x_wconf 87' lang='lat' dir='ltr'><strong>subire</strong></span> 
     </span>
    </p>
   </div>
   <div class='ocr_carea' id='block_1_9' title="bbox 2085 547 3730 619">
    <p class='ocr_par' dir='ltr' id='par_1_9' title="bbox 2085 547 3730 619">
     <span class='ocr_line' id='line_1_9' title="bbox 2085 547 3730 619; baseline -0.002 -13"><span class='ocrx_word' id='word_1_51' title='bbox 2085 549 2363 606; x_wconf 87' lang='lat' dir='ltr'><strong>bilissimi</strong></span> <span class='ocrx_word' id='word_1_52' title='bbox 2395 550 2564 607; x_wconf 88' lang='lat' dir='ltr'><strong>ducis</strong></span> <span class='ocrx_word' id='word_1_53' title='bbox 2593 550 2853 619; x_wconf 89' lang='lat' dir='ltr'><strong>Venetie,</strong></span> <span class='ocrx_word' id='word_1_54' title='bbox 2886 554 3054 606; x_wconf 86' lang='lat' dir='ltr'><strong>Petro</strong></span> <span class='ocrx_word' id='word_1_55' title='bbox 3084 548 3381 617; x_wconf 89' lang='lat' dir='ltr'><strong>Cornario,</strong></span> <span class='ocrx_word' id='word_1_56' title='bbox 3416 547 3587 604; x_wconf 88' lang='lat' dir='ltr'><strong>Petro</strong></span> <span class='ocrx_word' id='word_1_57' title='bbox 3625 548 3730 603; x_wconf 76' lang='lat' dir='ltr'><strong>Mi-</strong></span> 
     </span>
    </p>
   </div>
   <div class='ocr_carea' id='block_1_10' title="bbox 2084 635 3736 706">
    <p class='ocr_par' dir='ltr' id='par_1_10' title="bbox 2084 635 3736 706">
     <span class='ocr_line' id='line_1_10' title="bbox 2084 635 3736 706; baseline -0.001 -12"><span class='ocrx_word' id='word_1_58' title='bbox 2084 637 2306 706; x_wconf 89' lang='lat' dir='ltr'><strong>chaele,</strong></span> <span class='ocrx_word' id='word_1_59' title='bbox 2342 637 2658 695; x_wconf 77' lang='lat' dir='ltr'><strong>Octaviano</strong></span> <span class='ocrx_word' id='word_1_60' title='bbox 2690 638 2950 705; x_wconf 85' lang='lat' dir='ltr'><strong>Quirino,</strong></span> <span class='ocrx_word' id='word_1_61' title='bbox 3008 638 3277 695; x_wconf 84' lang='lat' dir='ltr'><strong>Johanne</strong></span> <span class='ocrx_word' id='word_1_62' title='bbox 3337 635 3625 693; x_wconf 85' lang='lat' dir='ltr'><strong>Michaele</strong></span> <span class='ocrx_word' id='word_1_63' title='bbox 3680 641 3736 692; x_wconf 88' lang='lat' dir='ltr'><strong>et</strong></span> 
     </span>
    </p>
   </div>
   <div class='ocr_carea' id='block_1_11' title="bbox 2084 724 3735 800">
    <p class='ocr_par' dir='ltr' id='par_1_11' title="bbox 2084 724 3735 800">
     <span class='ocr_line' id='line_1_11' title="bbox 2084 724 3735 800; baseline -0.001 -18"><span class='ocrx_word' id='word_1_64' title='bbox 2084 726 2387 783; x_wconf 88' lang='lat' dir='ltr'><strong>Dominico</strong></span> <span class='ocrx_word' id='word_1_65' title='bbox 2443 727 2721 794; x_wconf 88' lang='lat' dir='ltr'><strong>Memmo,</strong></span> <span class='ocrx_word' id='word_1_66' title='bbox 2778 731 3155 800; x_wconf 83' lang='lat' dir='ltr'><strong>procuratore</strong></span> <span class='ocrx_word' id='word_1_67' title='bbox 3240 724 3486 782; x_wconf 79' lang='lat' dir='ltr'><strong>ecclesia</strong></span> <span class='ocrx_word' id='word_1_68' title='bbox 3545 724 3735 782; x_wconf 80' lang='lat' dir='ltr'><strong>sancti</strong></span> 
     </span>
    </p>
   </div>
   <div class='ocr_carea' id='block_1_12' title="bbox 2084 814 3741 889">
    <p class='ocr_par' dir='ltr' id='par_1_12' title="bbox 2084 814 3741 889">
     <span class='ocr_line' id='line_1_12' title="bbox 2084 814 3741 889; baseline -0.001 -17"><span class='ocrx_word' id='word_1_69' title='bbox 2084 816 2287 882; x_wconf 87' lang='lat' dir='ltr'><strong>Marci,</strong></span> <span class='ocrx_word' id='word_1_70' title='bbox 2322 832 2423 889; x_wconf 86' lang='lat' dir='ltr'><strong>per</strong></span> <span class='ocrx_word' id='word_1_71' title='bbox 2452 817 3109 887; x_wconf 44' lang='lat' dir='ltr'><strong>conventionem’lnunc</strong></span> <span class='ocrx_word' id='word_1_72' title='bbox 3167 814 3457 889; x_wconf 87' lang='lat' dir='ltr'><strong>promissa</strong></span> <span class='ocrx_word' id='word_1_73' title='bbox 3488 818 3631 871; x_wconf 87' lang='lat' dir='ltr'><strong>sunt</strong></span> <span class='ocrx_word' id='word_1_74' title='bbox 3684 818 3741 871; x_wconf 85' lang='lat' dir='ltr'><strong>et</strong></span> 
     </span>
    </p>
   </div>
   <div class='ocr_carea' id='block_1_13' title="bbox 324 906 2895 981">
    <p class='ocr_par' dir='ltr' id='par_1_13' title="bbox 324 906 2895 981">
     <span class='ocr_line' id='line_1_13' title="bbox 324 906 2895 981; baseline -0.004 -11"><span class='ocrx_word' id='word_1_75' title='bbox 324 910 1061 981; x_wconf 89' lang='lat' dir='ltr'><strong>debentibus,quamquam</strong></span> <span class='ocrx_word' id='word_1_76' title='bbox 1088 908 1446 965; x_wconf 81' lang='lat' dir='ltr'><strong>monasteria</strong></span> <span class='ocrx_word' id='word_1_77' title='bbox 1479 910 1598 966; x_wconf 91' lang='lat' dir='ltr'><strong>sint</strong></span> <span class='ocrx_word' id='word_1_78' title='bbox 1621 908 1739 965; x_wconf 84' lang='lat' dir='ltr'><strong>sive</strong></span> <span class='ocrx_word' id='word_1_79' title='bbox 1772 910 1970 965; x_wconf 86' lang='lat' dir='ltr'><strong>sancte</strong></span> <span class='ocrx_word' id='word_1_80' title='bbox 2078 906 2468 978; x_wconf 85' lang='lat' dir='ltr'><strong>jurejurando</strong></span> <span class='ocrx_word' id='word_1_81' title='bbox 2501 906 2895 963; x_wconf 85' lang='lat' dir='ltr'><strong>corroborata.</strong></span> 
     </span>
    </p>
   </div>
   <div class='ocr_carea' id='block_1_14' title="bbox 324 994 1968 1071">
    <p class='ocr_par' dir='ltr' id='par_1_14' title="bbox 324 994 1968 1071">
     <span class='ocr_line' id='line_1_14' title="bbox 324 994 1968 1071; baseline -0.003 -14"><span class='ocrx_word' id='word_1_82' title='bbox 324 1001 534 1057; x_wconf 89' lang='lat' dir='ltr'><strong>domus</strong></span> <span class='ocrx_word' id='word_1_83' title='bbox 592 1001 695 1056; x_wconf 87' lang='lat' dir='ltr'><strong>aut</strong></span> <span class='ocrx_word' id='word_1_84' title='bbox 749 997 996 1071; x_wconf 90' lang='lat' dir='ltr'><strong>imperio</strong></span> <span class='ocrx_word' id='word_1_85' title='bbox 1054 1002 1253 1054; x_wconf 92' lang='lat' dir='ltr'><strong>nostro</strong></span> <span class='ocrx_word' id='word_1_86' title='bbox 1301 997 1627 1070; x_wconf 84' lang='lat' dir='ltr'><strong>propinque</strong></span> <span class='ocrx_word' id='word_1_87' title='bbox 1682 995 1769 1053; x_wconf 88' lang='lat' dir='ltr'><strong>vel</strong></span> <span class='ocrx_word' id='word_1_88' title='bbox 1810 994 1968 1065; x_wconf 80' lang='lat' dir='ltr'><strong>alie;</strong></span> 
     </span>
    </p>
   </div>
   <div class='ocr_carea' id='block_1_15' title="bbox 325 1085 1972 1162">
    <p class='ocr_par' dir='ltr' id='par_1_15' title="bbox 325 1085 1972 1162">
     <span class='ocr_line' id='line_1_15' title="bbox 325 1085 1972 1162; baseline -0.002 -17"><span class='ocrx_word' id='word_1_89' title='bbox 325 1088 604 1162; x_wconf 87' lang='lat' dir='ltr'><strong>quoniam</strong></span> <span class='ocrx_word' id='word_1_90' title='bbox 630 1086 939 1144; x_wconf 88' lang='lat' dir='ltr'><strong>clementia</strong></span> <span class='ocrx_word' id='word_1_91' title='bbox 967 1091 1166 1143; x_wconf 89' lang='lat' dir='ltr'><strong>nostra</strong></span> <span class='ocrx_word' id='word_1_92' title='bbox 1197 1087 1474 1142; x_wconf 89' lang='lat' dir='ltr'><strong>introitus</strong></span> <span class='ocrx_word' id='word_1_93' title='bbox 1524 1086 1596 1141; x_wconf 87' lang='lat' dir='ltr'><strong>de</strong></span> <span class='ocrx_word' id='word_1_94' title='bbox 1622 1085 1715 1142; x_wconf 84' lang='lat' dir='ltr'><strong>bis</strong></span> <span class='ocrx_word' id='word_1_95' title='bbox 1774 1102 1972 1158; x_wconf 87' lang='lat' dir='ltr'><strong>prove-</strong></span> 
     </span>
    </p>
   </div>
   <div class='ocr_carea' id='block_1_16' title="bbox 327 1173 1971 1247">
    <p class='ocr_par' dir='ltr' id='par_1_16' title="bbox 327 1173 1971 1247">
     <span class='ocr_line' id='line_1_16' title="bbox 327 1173 1971 1247; baseline -0.002 -14"><span class='ocrx_word' id='word_1_96' title='bbox 327 1178 553 1233; x_wconf 88' lang='lat' dir='ltr'><strong>nientes</strong></span> <span class='ocrx_word' id='word_1_97' title='bbox 607 1173 884 1232; x_wconf 80' lang='lat' dir='ltr'><strong>talionem</strong></span> <span class='ocrx_word' id='word_1_98' title='bbox 939 1176 1053 1246; x_wconf 87' lang='grc'><strong>(40)</strong></span> <span class='ocrx_word' id='word_1_99' title='bbox 1107 1175 1194 1231; x_wconf 88' lang='lat' dir='ltr'><strong>eis</strong></span> <span class='ocrx_word' id='word_1_100' title='bbox 1227 1175 1452 1230; x_wconf 87' lang='lat' dir='ltr'><strong>factura</strong></span> <span class='ocrx_word' id='word_1_101' title='bbox 1482 1178 1591 1244; x_wconf 87' lang='lat' dir='ltr'><strong>est,</strong></span> <span class='ocrx_word' id='word_1_102' title='bbox 1648 1173 1971 1247; x_wconf 88' lang='lat' dir='ltr'><strong>possessio-</strong></span> 
     </span>
    </p>
   </div>
   <div class='ocr_carea' id='block_1_17' title="bbox 324 1263 1515 1339">
    <p class='ocr_par' dir='ltr' id='par_1_17' title="bbox 324 1263 1515 1339">
     <span class='ocr_line' id='line_1_17' title="bbox 324 1263 1515 1339; baseline -0.003 -17"><span class='ocrx_word' id='word_1_103' title='bbox 324 1281 579 1339; x_wconf 81' lang='lat' dir='ltr'><strong>nemque</strong></span> <span class='ocrx_word' id='word_1_104' title='bbox 610 1264 1016 1321; x_wconf 82' lang='lat' dir='ltr'><strong>inseditiosam</strong></span> <span class='ocrx_word' id='word_1_105' title='bbox 1046 1264 1339 1319; x_wconf 85' lang='lat' dir='ltr'><strong>Veneticis</strong></span> <span class='ocrx_word' id='word_1_106' title='bbox 1363 1263 1515 1319; x_wconf 82' lang='lat' dir='ltr'><strong>facil.</strong></span> 
     </span>
    </p>
   </div>
   <div class='ocr_carea' id='block_1_18' title="bbox 394 1350 1974 1424">
    <p class='ocr_par' dir='ltr' id='par_1_18' title="bbox 394 1350 1974 1424">
     <span class='ocr_line' id='line_1_18' title="bbox 394 1350 1974 1424; baseline -0.003 -13"><span class='ocrx_word' id='word_1_107' title='bbox 394 1360 573 1411; x_wconf 88' lang='lat' dir='ltr'><strong>Porro</strong></span> <span class='ocrx_word' id='word_1_108' title='bbox 596 1353 884 1411; x_wconf 84' lang='lat' dir='ltr'><strong>serenitas</strong></span> <span class='ocrx_word' id='word_1_109' title='bbox 917 1357 1116 1409; x_wconf 83' lang='lat' dir='ltr'><strong>nostra</strong></span> <span class='ocrx_word' id='word_1_110' title='bbox 1150 1353 1594 1424; x_wconf 78' lang='lat' dir='ltr'><strong>benignitatem,</strong></span> <span class='ocrx_word' id='word_1_111' title='bbox 1649 1368 1824 1424; x_wconf 80' lang='lat' dir='ltr'><strong>quam</strong></span> <span class='ocrx_word' id='word_1_112' title='bbox 1890 1350 1974 1407; x_wconf 90' lang='lat' dir='ltr'><strong>eis</strong></span> 
     </span>
    </p>
   </div>
   <div class='ocr_carea' id='block_1_19' title="bbox 325 1440 1978 1515">
    <p class='ocr_par' dir='ltr' id='par_1_19' title="bbox 325 1440 1978 1515">
     <span class='ocr_line' id='line_1_19' title="bbox 325 1440 1978 1515; baseline -0.004 -14"><span class='ocrx_word' id='word_1_113' title='bbox 325 1443 609 1514; x_wconf 83' lang='lat' dir='ltr'><strong>exhibuit,</strong></span> <span class='ocrx_word' id='word_1_114' title='bbox 634 1459 1006 1515; x_wconf 79' lang='lat' dir='ltr'><strong>nequaquam</strong></span> <span class='ocrx_word' id='word_1_115' title='bbox 1038 1442 1344 1513; x_wconf 88' lang='lat' dir='ltr'><strong>hucusque</strong></span> <span class='ocrx_word' id='word_1_116' title='bbox 1392 1441 1619 1507; x_wconf 89' lang='lat' dir='ltr'><strong>statuit,</strong></span> <span class='ocrx_word' id='word_1_117' title='bbox 1678 1440 1861 1496; x_wconf 88' lang='lat' dir='ltr'><strong>immo</strong></span> <span class='ocrx_word' id='word_1_118' title='bbox 1921 1442 1978 1495; x_wconf 88' lang='lat' dir='ltr'><strong>et</strong></span> 
     </span>
    </p>
   </div>
   <div class='ocr_carea' id='block_1_20' title="bbox 327 1527 1975 1604">
    <p class='ocr_par' dir='ltr' id='par_1_20' title="bbox 327 1527 1975 1604">
     <span class='ocr_line' id='line_1_20' title="bbox 327 1527 1975 1604; baseline -0.005 -15"><span class='ocrx_word' id='word_1_119' title='bbox 327 1532 506 1589; x_wconf 88' lang='lat' dir='ltr'><strong>alium</strong></span> <span class='ocrx_word' id='word_1_120' title='bbox 542 1531 938 1589; x_wconf 87' lang='lat' dir='ltr'><strong>centenarium</strong></span> <span class='ocrx_word' id='word_1_121' title='bbox 978 1546 1160 1586; x_wconf 90' lang='lat' dir='ltr'><strong>unum</strong></span> <span class='ocrx_word' id='word_1_122' title='bbox 1191 1545 1605 1604; x_wconf 85' lang='lat' dir='ltr'><strong>yperperorum</strong></span> <span class='ocrx_word' id='word_1_123' title='bbox 1637 1528 1742 1600; x_wconf 50' lang='lat' dir='ltr'><strong>feis</strong></span> <span class='ocrx_word' id='word_1_124' title='bbox 1798 1527 1975 1600; x_wconf 88' lang='lat' dir='ltr'><strong>largi-</strong></span> 
     </span>
    </p>
   </div>
   <div class='ocr_carea' id='block_1_21' title="bbox 326 1618 1973 1691">
    <p class='ocr_par' dir='ltr' id='par_1_21' title="bbox 326 1618 1973 1691">
     <span class='ocr_line' id='line_1_21' title="bbox 326 1618 1973 1691; baseline -0.005 -12"><span class='ocrx_word' id='word_1_125' title='bbox 326 1627 426 1679; x_wconf 90' lang='lat' dir='ltr'><strong>tur</strong></span> <span class='ocrx_word' id='word_1_126' title='bbox 456 1622 612 1676; x_wconf 90' lang='lat' dir='ltr'><strong>ultra</strong></span> <span class='ocrx_word' id='word_1_127' title='bbox 642 1624 774 1677; x_wconf 90' lang='lat' dir='ltr'><strong>ante</strong></span> <span class='ocrx_word' id='word_1_128' title='bbox 805 1621 1008 1676; x_wconf 89' lang='lat' dir='ltr'><strong>datum</strong></span> <span class='ocrx_word' id='word_1_129' title='bbox 1039 1621 1123 1676; x_wconf 91' lang='lat' dir='ltr'><strong>eis</strong></span> <span class='ocrx_word' id='word_1_130' title='bbox 1151 1618 1549 1676; x_wconf 84' lang='lat' dir='ltr'><strong>centenarium</strong></span> <span class='ocrx_word' id='word_1_131' title='bbox 1583 1634 1768 1674; x_wconf 88' lang='lat' dir='ltr'><strong>unum</strong></span> <span class='ocrx_word' id='word_1_132' title='bbox 1807 1633 1973 1691; x_wconf 78' lang='lat' dir='ltr'><strong>yper-</strong></span> 
     </span>
    </p>
   </div>
   <div class='ocr_carea' id='block_1_22' title="bbox 328 1706 1966 1784">
    <p class='ocr_par' dir='ltr' id='par_1_22' title="bbox 328 1706 1966 1784">
     <span class='ocr_line' id='line_1_22' title="bbox 328 1706 1966 1784; baseline -0.004 -18"><span class='ocrx_word' id='word_1_133' title='bbox 328 1714 689 1784; x_wconf 88' lang='lat' dir='ltr'><strong>perorum;et</strong></span> <span class='ocrx_word' id='word_1_134' title='bbox 719 1710 954 1767; x_wconf 83' lang='lat' dir='ltr'><strong>residua</strong></span> <span class='ocrx_word' id='word_1_135' title='bbox 984 1706 1769 1781; x_wconf 87' lang='lat' dir='ltr'><strong>quatuoroecimcentenaria</strong></span> <span class='ocrx_word' id='word_1_136' title='bbox 1797 1721 1966 1779; x_wconf 84' lang='lat' dir='ltr'><strong>yper-</strong></span> 
     </span>
    </p>
   </div>
   <div class='ocr_carea' id='block_1_23' title="bbox 2160 991 3743 1067">
    <p class='ocr_par' dir='ltr' id='par_1_23' title="bbox 2160 991 3743 1067">
     <span class='ocr_line' id='line_1_23' title="bbox 2160 991 3743 1067; baseline -0.002 -17"><span class='ocrx_word' id='word_1_137' title='bbox 2160 994 2439 1052; x_wconf 88' lang='lat' dir='ltr'><strong>Concedit</strong></span> <span class='ocrx_word' id='word_1_138' title='bbox 2467 993 2740 1067; x_wconf 89' lang='lat' dir='ltr'><strong>equidem</strong></span> <span class='ocrx_word' id='word_1_139' title='bbox 2791 997 2994 1050; x_wconf 87' lang='lat' dir='ltr'><strong>nostra</strong></span> <span class='ocrx_word' id='word_1_140' title='bbox 3052 993 3389 1049; x_wconf 84' lang='lat' dir='ltr'><strong>sublimitas</strong></span> <span class='ocrx_word' id='word_1_141' title='bbox 3444 991 3743 1050; x_wconf 86' lang='lat' dir='ltr'><strong>Veneticis</strong></span> 
     </span>
    </p>
   </div>
   <div class='ocr_carea' id='block_1_24' title="bbox 2089 1081 3742 1157">
    <p class='ocr_par' dir='ltr' id='par_1_24' title="bbox 2089 1081 3742 1157">
     <span class='ocr_line' id='line_1_24' title="bbox 2089 1081 3742 1157; baseline -0.002 -18"><span class='ocrx_word' id='word_1_142' title='bbox 2089 1083 2375 1140; x_wconf 86' lang='lat' dir='ltr'><strong>actionem</strong></span> <span class='ocrx_word' id='word_1_143' title='bbox 2410 1099 2639 1139; x_wconf 90' lang='lat' dir='ltr'><strong>movere</strong></span> <span class='ocrx_word' id='word_1_144' title='bbox 2669 1086 2874 1139; x_wconf 89' lang='lat' dir='ltr'><strong>contra</strong></span> <span class='ocrx_word' id='word_1_145' title='bbox 2910 1082 3184 1139; x_wconf 89' lang='lat' dir='ltr'><strong>homines</strong></span> <span class='ocrx_word' id='word_1_146' title='bbox 3240 1081 3473 1157; x_wconf 88' lang='lat' dir='ltr'><strong>imperii</strong></span> <span class='ocrx_word' id='word_1_147' title='bbox 3529 1081 3742 1149; x_wconf 81' lang='lat' dir='ltr'><strong>nostri,</strong></span> 
     </span>
    </p>
   </div>
   <div class='ocr_carea' id='block_1_25' title="bbox 2090 1170 3746 1245">
    <p class='ocr_par' dir='ltr' id='par_1_25' title="bbox 2090 1170 3746 1245">
     <span class='ocr_line' id='line_1_25' title="bbox 2090 1170 3746 1245; baseline -0.001 -18"><span class='ocrx_word' id='word_1_148' title='bbox 2090 1172 2337 1245; x_wconf 87' lang='lat' dir='ltr'><strong>qui,ceu</strong></span> <span class='ocrx_word' id='word_1_149' title='bbox 2370 1171 2482 1245; x_wconf 90' lang='lat' dir='ltr'><strong>ipsi</strong></span> <span class='ocrx_word' id='word_1_150' title='bbox 2514 1176 2959 1245; x_wconf 88' lang='lat' dir='ltr'><strong>suggesserunt,</strong></span> <span class='ocrx_word' id='word_1_151' title='bbox 2989 1188 3084 1229; x_wconf 88' lang='lat' dir='ltr'><strong>res</strong></span> <span class='ocrx_word' id='word_1_152' title='bbox 3114 1170 3448 1227; x_wconf 88' lang='lat' dir='ltr'><strong>astulerunt</strong></span> <span class='ocrx_word' id='word_1_153' title='bbox 3474 1170 3746 1244; x_wconf 86' lang='lat' dir='ltr'><strong>ipsorum</strong></span> 
     </span>
    </p>
   </div>
   <div class='ocr_carea' id='block_1_26' title="bbox 2089 1258 3747 1334">
    <p class='ocr_par' dir='ltr' id='par_1_26' title="bbox 2089 1258 3747 1334">
     <span class='ocr_line' id='line_1_26' title="bbox 2089 1258 3747 1334; baseline -0.001 -18"><span class='ocrx_word' id='word_1_154' title='bbox 2089 1261 2353 1332; x_wconf 83' lang='lat' dir='ltr'><strong>iussione</strong></span> <span class='ocrx_word' id='word_1_155' title='bbox 2379 1277 2610 1334; x_wconf 87' lang='lat' dir='ltr'><strong>semper</strong></span> <span class='ocrx_word' id='word_1_156' title='bbox 2635 1260 2997 1317; x_wconf 84' lang='lat' dir='ltr'><strong>memorandi</strong></span> <span class='ocrx_word' id='word_1_157' title='bbox 3053 1259 3428 1332; x_wconf 87' lang='lat' dir='ltr'><strong>imperatoris</strong></span> <span class='ocrx_word' id='word_1_158' title='bbox 3483 1264 3540 1316; x_wconf 88' lang='lat' dir='ltr'><strong>et</strong></span> <span class='ocrx_word' id='word_1_159' title='bbox 3590 1258 3747 1316; x_wconf 84' lang='lat' dir='ltr'><strong>desi-</strong></span> 
     </span>
    </p>
   </div>
   <div class='ocr_carea' id='block_1_27' title="bbox 2092 1348 3746 1422">
    <p class='ocr_par' dir='ltr' id='par_1_27' title="bbox 2092 1348 3746 1422">
     <span class='ocr_line' id='line_1_27' title="bbox 2092 1348 3746 1422; baseline -0.001 -16"><span class='ocrx_word' id='word_1_160' title='bbox 2092 1349 2454 1407; x_wconf 88' lang='lat' dir='ltr'><strong>deratissimi</strong></span> <span class='ocrx_word' id='word_1_161' title='bbox 2489 1350 2678 1422; x_wconf 89' lang='lat' dir='ltr'><strong>patrui</strong></span> <span class='ocrx_word' id='word_1_162' title='bbox 2709 1349 3078 1406; x_wconf 89' lang='lat' dir='ltr'><strong>celsitudinis</strong></span> <span class='ocrx_word' id='word_1_163' title='bbox 3108 1355 3328 1421; x_wconf 81' lang='lat' dir='ltr'><strong>nostra,</strong></span> <span class='ocrx_word' id='word_1_164' title='bbox 3361 1349 3589 1405; x_wconf 87' lang='lat' dir='ltr'><strong>domini</strong></span> <span class='ocrx_word' id='word_1_165' title='bbox 3624 1348 3746 1405; x_wconf 85' lang='lat' dir='ltr'><strong>Ma-</strong></span> 
     </span>
    </p>
   </div>
   <div class='ocr_carea' id='block_1_28' title="bbox 2094 1438 3750 1513">
    <p class='ocr_par' dir='ltr' id='par_1_28' title="bbox 2094 1438 3750 1513">
     <span class='ocr_line' id='line_1_28' title="bbox 2094 1438 3750 1513; baseline -0.001 -18"><span class='ocrx_word' id='word_1_166' title='bbox 2094 1438 2305 1507; x_wconf 89' lang='lat' dir='ltr'><strong>nuelis,</strong></span> <span class='ocrx_word' id='word_1_167' title='bbox 2338 1442 2503 1508; x_wconf 90' lang='lat' dir='ltr'><strong>tunc,</strong></span> <span class='ocrx_word' id='word_1_168' title='bbox 2531 1455 2668 1496; x_wconf 89' lang='lat' dir='ltr'><strong>cum</strong></span> <span class='ocrx_word' id='word_1_169' title='bbox 2700 1438 2851 1513; x_wconf 89' lang='lat' dir='ltr'><strong>capii</strong></span> <span class='ocrx_word' id='word_1_170' title='bbox 2893 1438 3154 1511; x_wconf 86' lang='lat' dir='ltr'><strong>fuerunt,</strong></span> <span class='ocrx_word' id='word_1_171' title='bbox 3183 1439 3615 1496; x_wconf 83' lang='lat' dir='ltr'><strong>subtraxerunt</strong></span> <span class='ocrx_word' id='word_1_172' title='bbox 3644 1456 3750 1495; x_wconf 86' lang='lat' dir='ltr'><strong>au-</strong></span> 
     </span>
    </p>
   </div>
   <div class='ocr_carea' id='block_1_29' title="bbox 2093 1527 3751 1601">
    <p class='ocr_par' dir='ltr' id='par_1_29' title="bbox 2093 1527 3751 1601">
     <span class='ocr_line' id='line_1_29' title="bbox 2093 1527 3751 1601; baseline -0.001 -16"><span class='ocrx_word' id='word_1_173' title='bbox 2093 1532 2212 1585; x_wconf 82' lang='lat' dir='ltr'><strong>tem</strong></span> <span class='ocrx_word' id='word_1_174' title='bbox 2246 1532 2304 1584; x_wconf 91' lang='lat' dir='ltr'><strong>et</strong></span> <span class='ocrx_word' id='word_1_175' title='bbox 2337 1544 2451 1584; x_wconf 91' lang='lat' dir='ltr'><strong>non</strong></span> <span class='ocrx_word' id='word_1_176' title='bbox 2485 1527 2849 1596; x_wconf 88' lang='lat' dir='ltr'><strong>obtulerunt,</strong></span> <span class='ocrx_word' id='word_1_177' title='bbox 2882 1529 3207 1585; x_wconf 84' lang='lat' dir='ltr'><strong>secundum</strong></span> <span class='ocrx_word' id='word_1_178' title='bbox 3240 1528 3399 1601; x_wconf 89' lang='lat' dir='ltr'><strong>quod</strong></span> <span class='ocrx_word' id='word_1_179' title='bbox 3430 1529 3491 1585; x_wconf 88' lang='lat' dir='ltr'><strong>in</strong></span> <span class='ocrx_word' id='word_1_180' title='bbox 3550 1527 3751 1601; x_wconf 89' lang='lat' dir='ltr'><strong>predi-</strong></span> 
     </span>
    </p>
   </div>
   <div class='ocr_carea' id='block_1_30' title="bbox 2095 1616 3757 1691">
    <p class='ocr_par' dir='ltr' id='par_1_30' title="bbox 2095 1616 3757 1691">
     <span class='ocr_line' id='line_1_30' title="bbox 2095 1616 3757 1691; baseline 0 -18"><span class='ocrx_word' id='word_1_181' title='bbox 2095 1616 2276 1674; x_wconf 87' lang='lat' dir='ltr'><strong>misso</strong></span> <span class='ocrx_word' id='word_1_182' title='bbox 2305 1617 2658 1691; x_wconf 79' lang='lat' dir='ltr'><strong>chrysobulo</strong></span> <span class='ocrx_word' id='word_1_183' title='bbox 2706 1616 3075 1674; x_wconf 91' lang='lat' dir='ltr'><strong>celsitudinis</strong></span> <span class='ocrx_word' id='word_1_184' title='bbox 3105 1622 3306 1674; x_wconf 80' lang='lat' dir='ltr'><strong>nostra</strong></span> <span class='ocrx_word' id='word_1_185' title='bbox 3343 1618 3415 1675; x_wconf 88' lang='lat' dir='ltr'><strong>de</strong></span> <span class='ocrx_word' id='word_1_186' title='bbox 3445 1618 3557 1674; x_wconf 90' lang='lat' dir='ltr'><strong>hoc</strong></span> <span class='ocrx_word' id='word_1_187' title='bbox 3616 1634 3757 1674; x_wconf 88' lang='lat' dir='ltr'><strong>con-</strong></span> 
     </span>
    </p>
   </div>
   <div class='ocr_carea' id='block_1_31' title="bbox 2098 1706 3753 1781">
    <p class='ocr_par' dir='ltr' id='par_1_31' title="bbox 2098 1706 3753 1781">
     <span class='ocr_line' id='line_1_31' title="bbox 2098 1706 3753 1781; baseline 0 -18"><span class='ocrx_word' id='word_1_188' title='bbox 2098 1706 2370 1763; x_wconf 87' lang='lat' dir='ltr'><strong>stitutum</strong></span> <span class='ocrx_word' id='word_1_189' title='bbox 2406 1711 2515 1776; x_wconf 89' lang='lat' dir='ltr'><strong>est,</strong></span> <span class='ocrx_word' id='word_1_190' title='bbox 2547 1706 2747 1762; x_wconf 91' lang='lat' dir='ltr'><strong>omnia</strong></span> <span class='ocrx_word' id='word_1_191' title='bbox 2776 1706 2891 1763; x_wconf 88' lang='lat' dir='ltr'><strong>alia</strong></span> <span class='ocrx_word' id='word_1_192' title='bbox 2922 1707 3149 1763; x_wconf 89' lang='lat' dir='ltr'><strong>actione</strong></span> <span class='ocrx_word' id='word_1_193' title='bbox 3178 1706 3382 1776; x_wconf 87' lang='lat' dir='ltr'><strong>debiti,</strong></span> <span class='ocrx_word' id='word_1_194' title='bbox 3413 1723 3530 1781; x_wconf 88' lang='lat' dir='ltr'><strong>que</strong></span> <span class='ocrx_word' id='word_1_195' title='bbox 3556 1706 3753 1763; x_wconf 84' lang='lat' dir='ltr'><strong>Vene-</strong></span> 
     </span>
    </p>
   </div>
   <div class='ocr_carea' id='block_1_32' title="bbox 333 1794 3754 1903">
    <p class='ocr_par' dir='ltr' id='par_1_32' title="bbox 333 1794 3754 1903">
     <span class='ocr_line' id='line_1_32' title="bbox 333 1794 3754 1903; baseline -0.001 -49"><span class='ocrx_word' id='word_1_196' title='bbox 333 1814 630 1872; x_wconf 89' lang='lat' dir='ltr'><strong>perorum;</strong></span> <span class='ocrx_word' id='word_1_197' title='bbox 666 1798 736 1853; x_wconf 91' lang='lat' dir='ltr'><strong>dc</strong></span> <span class='ocrx_word' id='word_1_198' title='bbox 767 1798 983 1871; x_wconf 85' lang='lat' dir='ltr'><strong>quibus</strong></span> <span class='ocrx_word' id='word_1_199' title='bbox 1011 1797 1126 1852; x_wconf 92' lang='lat' dir='ltr'><strong>duo</strong></span> <span class='ocrx_word' id='word_1_200' title='bbox 1158 1796 1394 1868; x_wconf 90' lang='lat' dir='ltr'><strong>quidem</strong></span> <span class='ocrx_word' id='word_1_201' title='bbox 1427 1813 1561 1852; x_wconf 90' lang='lat' dir='ltr'><strong>cum</strong></span> <span class='ocrx_word' id='word_1_202' title='bbox 1593 1794 1836 1852; x_wconf 89' lang='lat' dir='ltr'><strong>dimidio</strong></span> <span class='ocrx_word' id='word_1_203' title='bbox 1877 1810 1980 1850; x_wconf 86' lang='lat' dir='ltr'><strong>ex-</strong></span> <span class='ocrx_word' id='word_1_204' title='bbox 2012 1839 2060 1903; x_wconf 75' lang='grc' dir='ltr'><strong>Β</strong></span> <span class='ocrx_word' id='word_1_205' title='bbox 2097 1795 2232 1852; x_wconf 87' lang='lat' dir='ltr'><strong>ticis</strong></span> <span class='ocrx_word' id='word_1_206' title='bbox 2264 1800 2465 1852; x_wconf 88' lang='lat' dir='ltr'><strong>contra</strong></span> <span class='ocrx_word' id='word_1_207' title='bbox 2487 1799 2837 1852; x_wconf 83' lang='lat' dir='ltr'><strong>Romeorum</strong></span> <span class='ocrx_word' id='word_1_208' title='bbox 2887 1796 3247 1870; x_wconf 88' lang='lat' dir='ltr'><strong>quempiam,</strong></span> <span class='ocrx_word' id='word_1_209' title='bbox 3278 1796 3367 1854; x_wconf 91' lang='lat' dir='ltr'><strong>vel</strong></span> <span class='ocrx_word' id='word_1_210' title='bbox 3398 1801 3610 1854; x_wconf 88' lang='lat' dir='ltr'><strong>contra</strong></span> <span class='ocrx_word' id='word_1_211' title='bbox 3665 1797 3754 1868; x_wconf 87' lang='lat' dir='ltr'><strong>ip-</strong></span> 
     </span>
    </p>
   </div>
   <div class='ocr_carea' id='block_1_33' title="bbox 335 1884 1983 1959">
    <p class='ocr_par' dir='ltr' id='par_1_33' title="bbox 335 1884 1983 1959">
     <span class='ocr_line' id='line_1_33' title="bbox 335 1884 1983 1959; baseline -0.004 -15"><span class='ocrx_word' id='word_1_212' title='bbox 335 1885 560 1959; x_wconf 91' lang='lat' dir='ltr'><strong>templo</strong></span> <span class='ocrx_word' id='word_1_213' title='bbox 582 1886 707 1957; x_wconf 87' lang='lat' dir='ltr'><strong>jam</strong></span> <span class='ocrx_word' id='word_1_214' title='bbox 741 1885 826 1942; x_wconf 88' lang='lat' dir='ltr'><strong>eis</strong></span> <span class='ocrx_word' id='word_1_215' title='bbox 849 1885 973 1942; x_wconf 83' lang='lat' dir='ltr'><strong>dari</strong></span> <span class='ocrx_word' id='word_1_216' title='bbox 1004 1885 1261 1958; x_wconf 89' lang='lat' dir='ltr'><strong>precepit</strong></span> <span class='ocrx_word' id='word_1_217' title='bbox 1284 1885 1526 1959; x_wconf 89' lang='lat' dir='ltr'><strong>(quippe</strong></span> <span class='ocrx_word' id='word_1_218' title='bbox 1555 1888 1613 1941; x_wconf 94' lang='lat' dir='ltr'><strong>et</strong></span> <span class='ocrx_word' id='word_1_219' title='bbox 1636 1885 1773 1940; x_wconf 84' lang='lat' dir='ltr'><strong>data</strong></span> <span class='ocrx_word' id='word_1_220' title='bbox 1803 1884 1983 1956; x_wconf 90' lang='lat' dir='ltr'><strong>sunt),</strong></span> 
     </span>
    </p>
   </div>
   <div class='ocr_carea' id='block_1_34' title="bbox 346 1974 1987 2049">
    <p class='ocr_par' dir='ltr' id='par_1_34' title="bbox 346 1974 1987 2049">
     <span class='ocr_line' id='line_1_34' title="bbox 346 1974 1987 2049; baseline -0.004 -16"><span class='ocrx_word' id='word_1_221' title='bbox 346 1977 573 2049; x_wconf 82' lang='lat' dir='ltr'><strong>reliqua</strong></span> <span class='ocrx_word' id='word_1_222' title='bbox 602 1991 732 2032; x_wconf 91' lang='lat' dir='ltr'><strong>vero</strong></span> <span class='ocrx_word' id='word_1_223' title='bbox 783 1974 1085 2031; x_wconf 91' lang='lat' dir='ltr'><strong>duodecim</strong></span> <span class='ocrx_word' id='word_1_224' title='bbox 1119 1990 1249 2030; x_wconf 90' lang='lat' dir='ltr'><strong>cum</strong></span> <span class='ocrx_word' id='word_1_225' title='bbox 1283 1975 1527 2030; x_wconf 90' lang='lat' dir='ltr'><strong>dimidio</strong></span> <span class='ocrx_word' id='word_1_226' title='bbox 1559 1974 1645 2030; x_wconf 89' lang='lat' dir='ltr'><strong>eis</strong></span> <span class='ocrx_word' id='word_1_227' title='bbox 1700 1974 1827 2030; x_wconf 91' lang='lat' dir='ltr'><strong>dari</strong></span> <span class='ocrx_word' id='word_1_228' title='bbox 1884 1988 1987 2045; x_wconf 92' lang='lat' dir='ltr'><strong>per</strong></span> 
     </span>
    </p>
   </div>
   <div class='ocr_carea' id='block_1_35' title="bbox 347 2052 1984 2137">
    <p class='ocr_par' dir='ltr' id='par_1_35' title="bbox 347 2052 1984 2137">
     <span class='ocr_line' id='line_1_35' title="bbox 347 2052 1984 2137; baseline -0.003 -15"><span class='ocrx_word' id='word_1_229' title='bbox 347 2082 534 2122; x_wconf 88' lang='lat' dir='ltr'><strong>annos</strong></span> <span class='ocrx_word' id='word_1_230' title='bbox 567 2081 684 2133; x_wconf 85' lang='lat' dir='ltr'><strong>sex,</strong></span> <span class='ocrx_word' id='word_1_231' title='bbox 718 2064 963 2120; x_wconf 88' lang='lat' dir='ltr'><strong>debente</strong></span> <span class='ocrx_word' id='word_1_232' title='bbox 994 2064 1077 2120; x_wconf 86' lang='lat' dir='ltr'><strong>eis</strong></span> <span class='ocrx_word' id='word_1_233' title='bbox 1119 2080 1222 2136; x_wconf 90' lang='lat' dir='ltr'><strong>per</strong></span> <span class='ocrx_word' id='word_1_234' title='bbox 1251 2052 1737 2137; x_wconf 85' lang='lat' dir='ltr'><strong>unumquemque</strong></span> <span class='ocrx_word' id='word_1_235' title='bbox 1763 2078 1984 2119; x_wconf 90' lang='lat' dir='ltr'><strong>annum</strong></span> 
     </span>
    </p>
   </div>
   <div class='ocr_carea' id='block_1_36' title="bbox 344 2150 1982 2228">
    <p class='ocr_par' dir='ltr' id='par_1_36' title="bbox 344 2150 1982 2228">
     <span class='ocr_line' id='line_1_36' title="bbox 344 2150 1982 2228; baseline -0.002 -18"><span class='ocrx_word' id='word_1_236' title='bbox 344 2155 470 2212; x_wconf 92' lang='lat' dir='ltr'><strong>dari</strong></span> <span class='ocrx_word' id='word_1_237' title='bbox 501 2153 825 2228; x_wconf 88' lang='lat' dir='ltr'><strong>quantitate</strong></span> <span class='ocrx_word' id='word_1_238' title='bbox 874 2151 1322 2225; x_wconf 85' lang='lat' dir='ltr'><strong>proporcionaii.</strong></span> <span class='ocrx_word' id='word_1_239' title='bbox 1374 2153 1443 2208; x_wconf 89' lang='lat' dir='ltr'><strong>Et</strong></span> <span class='ocrx_word' id='word_1_240' title='bbox 1491 2152 1778 2225; x_wconf 84' lang='lat' dir='ltr'><strong>accipient</strong></span> <span class='ocrx_word' id='word_1_241' title='bbox 1822 2150 1982 2223; x_wconf 83' lang='lat' dir='ltr'><strong>equi-</strong></span> 
     </span>
    </p>
   </div>
   <div class='ocr_carea' id='block_1_37' title="bbox 347 2240 1986 2314">
    <p class='ocr_par' dir='ltr' id='par_1_37' title="bbox 347 2240 1986 2314">
     <span class='ocr_line' id='line_1_37' title="bbox 347 2240 1986 2314; baseline -0.003 -15"><span class='ocrx_word' id='word_1_242' title='bbox 347 2244 479 2299; x_wconf 90' lang='lat' dir='ltr'><strong>dem</strong></span> <span class='ocrx_word' id='word_1_243' title='bbox 510 2242 739 2298; x_wconf 84' lang='lat' dir='ltr'><strong>hechl</strong></span> <span class='ocrx_word' id='word_1_244' title='bbox 771 2241 873 2297; x_wconf 88' lang='lat' dir='ltr'><strong>sic.</strong></span> <span class='ocrx_word' id='word_1_245' title='bbox 908 2242 1093 2296; x_wconf 86' lang='lat' dir='ltr'><strong>Erunt</strong></span> <span class='ocrx_word' id='word_1_246' title='bbox 1124 2244 1318 2297; x_wconf 88' lang='lat' dir='ltr'><strong>autem</strong></span> <span class='ocrx_word' id='word_1_247' title='bbox 1352 2246 1409 2297; x_wconf 91' lang='lat' dir='ltr'><strong>et</strong></span> <span class='ocrx_word' id='word_1_248' title='bbox 1434 2240 1653 2296; x_wconf 79' lang='lat' dir='ltr'><strong>tradita</strong></span> <span class='ocrx_word' id='word_1_249' title='bbox 1683 2240 1829 2314; x_wconf 90' lang='lat' dir='ltr'><strong>ipsis</strong></span> <span class='ocrx_word' id='word_1_250' title='bbox 1860 2254 1986 2296; x_wconf 93' lang='lat' dir='ltr'><strong>om-</strong></span> 
     </span>
    </p>
   </div>
   <div class='ocr_carea' id='block_1_38' title="bbox 345 2330 1987 2405">
    <p class='ocr_par' dir='ltr' id='par_1_38' title="bbox 345 2330 1987 2405">
     <span class='ocr_line' id='line_1_38' title="bbox 345 2330 1987 2405; baseline -0.002 -17"><span class='ocrx_word' id='word_1_251' title='bbox 345 2332 443 2388; x_wconf 89' lang='lat' dir='ltr'><strong>nia</strong></span> <span class='ocrx_word' id='word_1_252' title='bbox 472 2330 841 2405; x_wconf 85' lang='lat' dir='ltr'><strong>possidentes</strong></span> <span class='ocrx_word' id='word_1_253' title='bbox 875 2374 888 2400; x_wconf 87' lang='lat'><strong>,</strong></span> <span class='ocrx_word' id='word_1_254' title='bbox 922 2337 981 2386; x_wconf 85' lang='lat' dir='ltr'><strong>ut</strong></span> <span class='ocrx_word' id='word_1_255' title='bbox 1014 2330 1235 2386; x_wconf 87' lang='lat' dir='ltr'><strong>dictum</strong></span> <span class='ocrx_word' id='word_1_256' title='bbox 1261 2334 1369 2399; x_wconf 86' lang='lat' dir='ltr'><strong>est,</strong></span> <span class='ocrx_word' id='word_1_257' title='bbox 1403 2346 1707 2402; x_wconf 88' lang='lat' dir='ltr'><strong>quousque</strong></span> <span class='ocrx_word' id='word_1_258' title='bbox 1729 2346 1815 2401; x_wconf 92' lang='lat' dir='ltr'><strong>ea,</strong></span> <span class='ocrx_word' id='word_1_259' title='bbox 1872 2344 1987 2403; x_wconf 88' lang='lat' dir='ltr'><strong>que</strong></span> 
     </span>
    </p>
   </div>
   <div class='ocr_carea' id='block_1_39' title="bbox 350 2419 1985 2494">
    <p class='ocr_par' dir='ltr' id='par_1_39' title="bbox 350 2419 1985 2494">
     <span class='ocr_line' id='line_1_39' title="bbox 350 2419 1985 2494; baseline -0.002 -17"><span class='ocrx_word' id='word_1_260' title='bbox 350 2438 457 2494; x_wconf 91' lang='lat' dir='ltr'><strong>per</strong></span> <span class='ocrx_word' id='word_1_261' title='bbox 481 2420 921 2477; x_wconf 84' lang='lat' dir='ltr'><strong>conventionem</strong></span> <span class='ocrx_word' id='word_1_262' title='bbox 957 2419 1508 2492; x_wconf 88' lang='lat' dir='ltr'><strong>prespopondernnt</strong></span> <span class='ocrx_word' id='word_1_263' title='bbox 1555 2423 1612 2475; x_wconf 88' lang='lat' dir='ltr'><strong>et</strong></span> <span class='ocrx_word' id='word_1_264' title='bbox 1646 2419 1985 2491; x_wconf 88' lang='lat' dir='ltr'><strong>juramcnto</strong></span> 
     </span>
    </p>
   </div>
   <div class='ocr_carea' id='block_1_40' title="bbox 348 2507 1988 2579">
    <p class='ocr_par' dir='ltr' id='par_1_40' title="bbox 348 2507 1988 2579">
     <span class='ocr_line' id='line_1_40' title="bbox 348 2507 1988 2579; baseline -0.002 -13"><span class='ocrx_word' id='word_1_265' title='bbox 348 2510 865 2579; x_wconf 88' lang='lat' dir='ltr'><strong>conﬁrmaverunt,</strong></span> <span class='ocrx_word' id='word_1_266' title='bbox 894 2525 1052 2565; x_wconf 91' lang='lat' dir='ltr'><strong>nunc</strong></span> <span class='ocrx_word' id='word_1_267' title='bbox 1099 2508 1353 2565; x_wconf 70' lang='lat' dir='ltr'><strong>existens</strong></span> <span class='ocrx_word' id='word_1_268' title='bbox 1410 2507 1839 2564; x_wconf 88' lang='lat' dir='ltr'><strong>nobillissimus</strong></span> <span class='ocrx_word' id='word_1_269' title='bbox 1870 2509 1988 2563; x_wconf 84' lang='lat' dir='ltr'><strong>dux</strong></span> 
     </span>
    </p>
   </div>
   <div class='ocr_carea' id='block_1_41' title="bbox 348 2597 1984 2671">
    <p class='ocr_par' dir='ltr' id='par_1_41' title="bbox 348 2597 1984 2671">
     <span class='ocr_line' id='line_1_41' title="bbox 348 2597 1984 2671; baseline -0.002 -18"><span class='ocrx_word' id='word_1_270' title='bbox 348 2598 588 2655; x_wconf 89' lang='lat' dir='ltr'><strong>Venetie</strong></span> <span class='ocrx_word' id='word_1_271' title='bbox 627 2602 684 2655; x_wconf 90' lang='lat' dir='ltr'><strong>et</strong></span> <span class='ocrx_word' id='word_1_272' title='bbox 729 2602 862 2671; x_wconf 90' lang='lat' dir='ltr'><strong>post</strong></span> <span class='ocrx_word' id='word_1_273' title='bbox 906 2614 1037 2654; x_wconf 90' lang='lat' dir='ltr'><strong>eum</strong></span> <span class='ocrx_word' id='word_1_274' title='bbox 1087 2597 1265 2654; x_wconf 86' lang='lat' dir='ltr'><strong>futuri</strong></span> <span class='ocrx_word' id='word_1_275' title='bbox 1296 2598 1475 2654; x_wconf 89' lang='lat' dir='ltr'><strong>duces</strong></span> <span class='ocrx_word' id='word_1_276' title='bbox 1504 2597 1741 2655; x_wconf 81' lang='lat' dir='ltr'><strong>Venetia</strong></span> <span class='ocrx_word' id='word_1_277' title='bbox 1770 2601 1827 2653; x_wconf 89' lang='lat' dir='ltr'><strong>ct</strong></span> <span class='ocrx_word' id='word_1_278' title='bbox 1855 2597 1984 2653; x_wconf 90' lang='lat' dir='ltr'><strong>uni-</strong></span> 
     </span>
    </p>
   </div>
   <div class='ocr_carea' id='block_1_42' title="bbox 349 2686 1989 2761">
    <p class='ocr_par' dir='ltr' id='par_1_42' title="bbox 349 2686 1989 2761">
     <span class='ocr_line' id='line_1_42' title="bbox 349 2686 1989 2761; baseline -0.001 -18"><span class='ocrx_word' id='word_1_279' title='bbox 349 2703 520 2744; x_wconf 90' lang='lat' dir='ltr'><strong>versa</strong></span> <span class='ocrx_word' id='word_1_280' title='bbox 550 2688 678 2760; x_wconf 88' lang='lat' dir='ltr'><strong>ejus</strong></span> <span class='ocrx_word' id='word_1_281' title='bbox 717 2686 1021 2761; x_wconf 90' lang='lat' dir='ltr'><strong>plenitudo</strong></span> <span class='ocrx_word' id='word_1_282' title='bbox 1073 2686 1433 2757; x_wconf 87' lang='lat' dir='ltr'><strong>custodiunt,</strong></span> <span class='ocrx_word' id='word_1_283' title='bbox 1493 2689 1727 2743; x_wconf 78' lang='lat' dir='ltr'><strong>servant</strong></span> <span class='ocrx_word' id='word_1_284' title='bbox 1757 2701 1989 2758; x_wconf 90' lang='lat' dir='ltr'><strong>quoque</strong></span> 
     </span>
    </p>
   </div>
   <div class='ocr_carea' id='block_1_43' title="bbox 2103 1884 3758 1957">
    <p class='ocr_par' dir='ltr' id='par_1_43' title="bbox 2103 1884 3758 1957">
     <span class='ocr_line' id='line_1_43' title="bbox 2103 1884 3758 1957; baseline 0.001 -16"><span class='ocrx_word' id='word_1_285' title='bbox 2103 1901 2235 1942; x_wconf 91' lang='lat' dir='ltr'><strong>sum</strong></span> <span class='ocrx_word' id='word_1_286' title='bbox 2268 1885 2503 1957; x_wconf 87' lang='lat' dir='ltr'><strong>ﬁscum,</strong></span> <span class='ocrx_word' id='word_1_287' title='bbox 2532 1884 2623 1941; x_wconf 89' lang='lat' dir='ltr'><strong>vel</strong></span> <span class='ocrx_word' id='word_1_288' title='bbox 2654 1884 2888 1941; x_wconf 85' lang='lat' dir='ltr'><strong>Romeis</strong></span> <span class='ocrx_word' id='word_1_289' title='bbox 2934 1888 2993 1943; x_wconf 89' lang='lat' dir='ltr'><strong>et</strong></span> <span class='ocrx_word' id='word_1_290' title='bbox 3013 1886 3152 1942; x_wconf 87' lang='lat' dir='ltr'><strong>ﬁsco</strong></span> <span class='ocrx_word' id='word_1_291' title='bbox 3184 1889 3389 1943; x_wconf 89' lang='lat' dir='ltr'><strong>contra</strong></span> <span class='ocrx_word' id='word_1_292' title='bbox 3442 1885 3758 1943; x_wconf 78' lang='lat' dir='ltr'><strong>Veneticos</strong></span> 
     </span>
    </p>
   </div>
   <div class='ocr_carea' id='block_1_44' title="bbox 2104 1974 3756 2048">
    <p class='ocr_par' dir='ltr' id='par_1_44' title="bbox 2104 1974 3756 2048">
     <span class='ocr_line' id='line_1_44' title="bbox 2104 1974 3756 2048; baseline 0 -18"><span class='ocrx_word' id='word_1_293' title='bbox 2104 1975 2239 2030; x_wconf 79' lang='lat' dir='ltr'><strong>ante</strong></span> <span class='ocrx_word' id='word_1_294' title='bbox 2268 1974 2597 2046; x_wconf 86' lang='lat' dir='ltr'><strong>captionem</strong></span> <span class='ocrx_word' id='word_1_295' title='bbox 2644 1974 2908 2048; x_wconf 90' lang='lat' dir='ltr'><strong>ipsorum</strong></span> <span class='ocrx_word' id='word_1_296' title='bbox 2962 1974 3317 2045; x_wconf 84' lang='lat' dir='ltr'><strong>convenerit,</strong></span> <span class='ocrx_word' id='word_1_297' title='bbox 3366 1974 3589 2031; x_wconf 86' lang='lat' dir='ltr'><strong>irritari</strong></span> <span class='ocrx_word' id='word_1_298' title='bbox 3652 1975 3756 2030; x_wconf 80' lang='lat' dir='ltr'><strong>de-</strong></span> 
     </span>
    </p>
   </div>
   <div class='ocr_carea' id='block_1_45' title="bbox 2105 2062 3757 2137">
    <p class='ocr_par' dir='ltr' id='par_1_45' title="bbox 2105 2062 3757 2137">
     <span class='ocr_line' id='line_1_45' title="bbox 2105 2062 3757 2137; baseline 0.001 -19"><span class='ocrx_word' id='word_1_299' title='bbox 2105 2062 2278 2119; x_wconf 90' lang='lat' dir='ltr'><strong>hente</strong></span> <span class='ocrx_word' id='word_1_300' title='bbox 2310 2063 2381 2119; x_wconf 91' lang='lat' dir='ltr'><strong>ab</strong></span> <span class='ocrx_word' id='word_1_301' title='bbox 2413 2063 2680 2137; x_wconf 87' lang='lat' dir='ltr'><strong>utrisque</strong></span> <span class='ocrx_word' id='word_1_302' title='bbox 2720 2064 2988 2136; x_wconf 89' lang='lat' dir='ltr'><strong>partibus</strong></span> <span class='ocrx_word' id='word_1_303' title='bbox 3016 2081 3031 2133; x_wconf 88' lang='lat'><strong>;</strong></span> <span class='ocrx_word' id='word_1_304' title='bbox 3064 2068 3336 2137; x_wconf 91' lang='lat' dir='ltr'><strong>presente</strong></span> <span class='ocrx_word' id='word_1_305' title='bbox 3392 2063 3757 2137; x_wconf 78' lang='lat' dir='ltr'><strong>chrysobulc</strong></span> 
     </span>
    </p>
   </div>
   <div class='ocr_carea' id='block_1_46' title="bbox 2101 2152 3756 2227">
    <p class='ocr_par' dir='ltr' id='par_1_46' title="bbox 2101 2152 3756 2227">
     <span class='ocr_line' id='line_1_46' title="bbox 2101 2152 3756 2227; baseline 0.001 -19"><span class='ocrx_word' id='word_1_306' title='bbox 2101 2152 2278 2208; x_wconf 90' lang='lat' dir='ltr'><strong>verbo</strong></span> <span class='ocrx_word' id='word_1_307' title='bbox 2309 2152 2541 2225; x_wconf 89' lang='lat' dir='ltr'><strong>imperii</strong></span> <span class='ocrx_word' id='word_1_308' title='bbox 2566 2153 2751 2209; x_wconf 89' lang='lat' dir='ltr'><strong>nostri</strong></span> <span class='ocrx_word' id='word_1_309' title='bbox 2792 2153 2964 2209; x_wconf 88' lang='lat' dir='ltr'><strong>ﬁrmo</strong></span> <span class='ocrx_word' id='word_1_310' title='bbox 3019 2158 3076 2210; x_wconf 90' lang='lat' dir='ltr'><strong>et</strong></span> <span class='ocrx_word' id='word_1_311' title='bbox 3128 2152 3454 2210; x_wconf 86' lang='lat' dir='ltr'><strong>inviolabili</strong></span> <span class='ocrx_word' id='word_1_312' title='bbox 3514 2170 3756 2227; x_wconf 86' lang='lat' dir='ltr'><strong>perma-</strong></span> 
     </span>
    </p>
   </div>
   <div class='ocr_carea' id='block_1_47' title="bbox 2103 2241 3761 2316">
    <p class='ocr_par' dir='ltr' id='par_1_47' title="bbox 2103 2241 3761 2316">
     <span class='ocr_line' id='line_1_47' title="bbox 2103 2241 3761 2316; baseline 0.001 -21"><span class='ocrx_word' id='word_1_313' title='bbox 2103 2256 2242 2297; x_wconf 91' lang='lat' dir='ltr'><strong>nere</strong></span> <span class='ocrx_word' id='word_1_314' title='bbox 2272 2241 2538 2312; x_wconf 87' lang='lat' dir='ltr'><strong>dehente,</strong></span> <span class='ocrx_word' id='word_1_315' title='bbox 2571 2242 2722 2299; x_wconf 86' lang='lat' dir='ltr'><strong>facto</strong></span> <span class='ocrx_word' id='word_1_316' title='bbox 2752 2258 2954 2299; x_wconf 89' lang='lat' dir='ltr'><strong>mense</strong></span> <span class='ocrx_word' id='word_1_317' title='bbox 2982 2242 3154 2299; x_wconf 77' lang='lat' dir='ltr'><strong>Iunio</strong></span> <span class='ocrx_word' id='word_1_318' title='bbox 3193 2243 3486 2316; x_wconf 86' lang='lat' dir='ltr'><strong>presentis</strong></span> <span class='ocrx_word' id='word_1_319' title='bbox 3516 2241 3761 2315; x_wconf 85' lang='lat' dir='ltr'><strong>septimi</strong></span> 
     </span>
    </p>
   </div>
   <div class='ocr_carea' id='block_1_48' title="bbox 2105 2330 3763 2406">
    <p class='ocr_par' dir='ltr' id='par_1_48' title="bbox 2105 2330 3763 2406">
     <span class='ocr_line' id='line_1_48' title="bbox 2105 2330 3763 2406; baseline 0.002 -20"><span class='ocrx_word' id='word_1_320' title='bbox 2105 2330 2264 2399; x_wconf 87' lang='lat' dir='ltr'><strong>anni,</strong></span> <span class='ocrx_word' id='word_1_321' title='bbox 2299 2330 2360 2386; x_wconf 89' lang='lat' dir='ltr'><strong>in</strong></span> <span class='ocrx_word' id='word_1_322' title='bbox 2392 2346 2507 2403; x_wconf 90' lang='lat' dir='ltr'><strong>quo</strong></span> <span class='ocrx_word' id='word_1_323' title='bbox 2538 2335 2596 2387; x_wconf 90' lang='lat' dir='ltr'><strong>et</strong></span> <span class='ocrx_word' id='word_1_324' title='bbox 2624 2335 2890 2388; x_wconf 88' lang='lat' dir='ltr'><strong>nostrum</strong></span> <span class='ocrx_word' id='word_1_325' title='bbox 2922 2332 3086 2404; x_wconf 89' lang='lat' dir='ltr'><strong>pium</strong></span> <span class='ocrx_word' id='word_1_326' title='bbox 3116 2336 3174 2389; x_wconf 88' lang='lat' dir='ltr'><strong>et</strong></span> <span class='ocrx_word' id='word_1_327' title='bbox 3204 2349 3238 2389; x_wconf 89' lang='lat' dir='ltr'><strong>a</strong></span> <span class='ocrx_word' id='word_1_328' title='bbox 3265 2333 3374 2390; x_wconf 89' lang='lat' dir='ltr'><strong>deo</strong></span> <span class='ocrx_word' id='word_1_329' title='bbox 3417 2336 3763 2406; x_wconf 88' lang='lat' dir='ltr'><strong>promotum</strong></span> 
     </span>
    </p>
   </div>
   <div class='ocr_carea' id='block_1_49' title="bbox 2108 2419 2838 2493">
    <p class='ocr_par' dir='ltr' id='par_1_49' title="bbox 2108 2419 2838 2493">
     <span class='ocr_line' id='line_1_49' title="bbox 2108 2419 2838 2493; baseline 0.001 -17"><span class='ocrx_word' id='word_1_330' title='bbox 2108 2419 2475 2492; x_wconf 86' lang='lat' dir='ltr'><strong>subsignavit</strong></span> <span class='ocrx_word' id='word_1_331' title='bbox 2505 2420 2838 2493; x_wconf 88' lang='lat' dir='ltr'><strong>imperium,</strong></span> 
     </span>
    </p>
   </div>
   <div class='ocr_carea' id='block_1_50' title="bbox 2422 2563 3770 2631">
    <p class='ocr_par' dir='ltr' id='par_1_50' title="bbox 2422 2563 3770 2631">
     <span class='ocr_line' id='line_1_50' title="bbox 2422 2563 3770 2631; baseline 0.001 -11"><span class='ocrx_word' id='word_1_332' title='bbox 2422 2565 2689 2620; x_wconf 66' lang='lat' dir='ltr'><strong>Isamus</strong></span> <span class='ocrx_word' id='word_1_333' title='bbox 2718 2564 2777 2620; x_wconf 90' lang='lat' dir='ltr'><strong>in</strong></span> <span class='ocrx_word' id='word_1_334' title='bbox 2810 2563 3041 2621; x_wconf 91' lang='lat' dir='ltr'><strong>Christo</strong></span> <span class='ocrx_word' id='word_1_335' title='bbox 3072 2568 3187 2621; x_wconf 90' lang='lat' dir='ltr'><strong>Deo</strong></span> <span class='ocrx_word' id='word_1_336' title='bbox 3218 2564 3410 2622; x_wconf 76' lang='lat' dir='ltr'><strong>fidelis</strong></span> <span class='ocrx_word' id='word_1_337' title='bbox 3436 2564 3770 2631; x_wconf 86' lang='lat' dir='ltr'><strong>imperator</strong></span> 
     </span>
    </p>
   </div>
   <div class='ocr_carea' id='block_1_51' title="bbox 2510 2636 3681 2712">
    <p class='ocr_par' dir='ltr' id='par_1_51' title="bbox 2510 2636 3681 2712">
     <span class='ocr_line' id='line_1_51' title="bbox 2510 2636 3681 2712; baseline 0.002 -20"><span class='ocrx_word' id='word_1_338' title='bbox 2510 2640 2568 2693; x_wconf 89' lang='lat' dir='ltr'><strong>et</strong></span> <span class='ocrx_word' id='word_1_339' title='bbox 2599 2636 2931 2693; x_wconf 87' lang='lat' dir='ltr'><strong>moderator</strong></span> <span class='ocrx_word' id='word_1_340' title='bbox 2959 2637 3358 2694; x_wconf 85' lang='lat' dir='ltr'><strong>Romanorum</strong></span> <span class='ocrx_word' id='word_1_341' title='bbox 3390 2636 3681 2712; x_wconf 85' lang='lat' dir='ltr'><strong>Angelus.</strong></span> 
     </span>
    </p>
   </div>
   <div class='ocr_carea' id='block_1_52' title="bbox 1991 2886 2116 2945">
    <p class='ocr_par' dir='ltr' id='par_1_52' title="bbox 1991 2886 2116 2945">
     <span class='ocr_line' id='line_1_52' title="bbox 1991 2886 2116 2945; baseline 0.016 -2"><span class='ocrx_word' id='word_1_342' title='bbox 1991 2886 2116 2945; x_wconf 85' lang='lat' dir='ltr'><strong>VII.</strong></span> 
     </span>
    </p>
   </div>
   <div class='ocr_carea' id='block_1_53' title="bbox 1462 3003 2632 3080">
    <p class='ocr_par' dir='ltr' id='par_1_53' title="bbox 1462 3003 2632 3080">
     <span class='ocr_line' id='line_1_53' title="bbox 1462 3003 2632 3080; baseline 0.001 -20"><span class='ocrx_word' id='word_1_343' title='bbox 1462 3019 1534 3060; x_wconf 79' lang='lat' dir='ltr'><strong>ns</strong></span> <span class='ocrx_word' id='word_1_344' title='bbox 1565 3019 1888 3060; x_wconf 76' lang='lat' dir='ltr'><strong>METROPOLI</strong></span> <span class='ocrx_word' id='word_1_345' title='bbox 1916 3018 2134 3060; x_wconf 68' lang='lat' dir='ltr'><strong>aacsos</strong></span> <span class='ocrx_word' id='word_1_346' title='bbox 2163 3003 2296 3080; x_wconf 76' lang='grc'><strong>[41].</strong></span> <span class='ocrx_word' id='word_1_347' title='bbox 2329 3006 2413 3079; x_wconf 86' lang='grc' dir='ltr'><strong>(Α.</strong></span> <span class='ocrx_word' id='word_1_348' title='bbox 2450 3007 2632 3080; x_wconf 85' lang='grc'><strong>1098.)</strong></span> 
     </span>
    </p>
   </div>
   <div class='ocr_carea' id='block_1_54' title="bbox 1874 3120 2221 3177">
    <p class='ocr_par' dir='ltr' id='par_1_54' title="bbox 1874 3120 2221 3177">
     <span class='ocr_line' id='line_1_54' title="bbox 1874 3120 2221 3177; baseline -0.003 0"><span class='ocrx_word' id='word_1_349' title='bbox 1874 3122 1993 3177; x_wconf 83' lang='lat' dir='ltr'><strong>Non</strong></span> <span class='ocrx_word' id='word_1_350' title='bbox 2024 3120 2221 3177; x_wconf 66' lang='lat' dir='ltr'><strong>exalat.</strong></span> 
     </span>
    </p>
   </div>
   <div class='ocr_carea' id='block_1_55' title="bbox 1987 3304 2138 3362">
    <p class='ocr_par' dir='ltr' id='par_1_55' title="bbox 1987 3304 2138 3362">
     <span class='ocr_line' id='line_1_55' title="bbox 1987 3304 2138 3362; baseline 0.007 -1"><span class='ocrx_word' id='word_1_351' title='bbox 1987 3304 2138 3362; x_wconf 84' lang='lat' dir='ltr'><strong>VIII.</strong></span> 
     </span>
    </p>
   </div>
   <div class='ocr_carea' id='block_1_56' title="bbox 1319 3435 2801 3509">
    <p class='ocr_par' dir='ltr' id='par_1_56' title="bbox 1319 3435 2801 3509">
     <span class='ocr_line' id='line_1_56' title="bbox 1319 3435 2801 3509; baseline 0.001 -19"><span class='ocrx_word' id='word_1_352' title='bbox 1319 3449 1507 3490; x_wconf 58' lang='lat' dir='ltr'><strong>suam</strong></span> <span class='ocrx_word' id='word_1_353' title='bbox 1538 3449 1723 3490; x_wconf 72' lang='lat' dir='ltr'><strong>sum</strong></span> <span class='ocrx_word' id='word_1_354' title='bbox 1756 3448 1981 3489; x_wconf 70' lang='lat' dir='ltr'><strong>PISANIS</strong></span> <span class='ocrx_word' id='word_1_355' title='bbox 2011 3447 2295 3490; x_wconf 63' lang='lat' dir='ltr'><strong>concessa</strong></span> <span class='ocrx_word' id='word_1_356' title='bbox 2331 3435 2462 3508; x_wconf 68' lang='grc'><strong>[42].</strong></span> <span class='ocrx_word' id='word_1_357' title='bbox 2492 3436 2583 3509; x_wconf 84' lang='grc' dir='ltr'><strong>(Α.</strong></span> <span class='ocrx_word' id='word_1_358' title='bbox 2618 3436 2801 3509; x_wconf 83' lang='grc' dir='ltr'><strong>1ί92,)</strong></span> 
     </span>
    </p>
   </div>
   <div class='ocr_carea' id='block_1_57' title="bbox 424 3582 3769 3680">
    <p class='ocr_par' dir='ltr' id='par_1_57' title="bbox 424 3582 3769 3680">
     <span class='ocr_line' id='line_1_57' title="bbox 424 3582 3769 3680; baseline -0.001 -18"><span class='ocrx_word' id='word_1_359' title='bbox 424 3605 1122 3679; x_wconf 83' lang='lat' dir='ltr'><strong>Interruptajampridem</strong></span> <span class='ocrx_word' id='word_1_360' title='bbox 1169 3606 1297 3675; x_wconf 86' lang='lat' dir='ltr'><strong>fuit,</strong></span> <span class='ocrx_word' id='word_1_361' title='bbox 1331 3622 1398 3663; x_wconf 85' lang='lat' dir='ltr'><strong>ex</strong></span> <span class='ocrx_word' id='word_1_362' title='bbox 1422 3621 1536 3679; x_wconf 91' lang='lat' dir='ltr'><strong>quo</strong></span> <span class='ocrx_word' id='word_1_363' title='bbox 1558 3608 1845 3678; x_wconf 79' lang='lat' dir='ltr'><strong>tyrannus</strong></span> <span class='ocrx_word' id='word_1_364' title='bbox 1897 3602 1994 3659; x_wconf 86' lang='lat' dir='ltr'><strong>ille</strong></span> <span class='ocrx_word' id='word_1_365' title='bbox 2025 3602 2069 3672; x_wconf 85' lang='lat' dir='ltr'>C</span> <span class='ocrx_word' id='word_1_366' title='bbox 2116 3618 2295 3659; x_wconf 88' lang='lat' dir='ltr'><strong>mune</strong></span> <span class='ocrx_word' id='word_1_367' title='bbox 2324 3606 2451 3678; x_wconf 85' lang='lat' dir='ltr'><strong>ejus</strong></span> <span class='ocrx_word' id='word_1_368' title='bbox 2489 3582 2942 3680; x_wconf 85' lang='lat' dir='ltr'><strong>supplicatorias</strong></span> <span class='ocrx_word' id='word_1_369' title='bbox 2992 3606 3061 3663; x_wconf 89' lang='lat' dir='ltr'><strong>ad</strong></span> <span class='ocrx_word' id='word_1_370' title='bbox 3095 3608 3353 3662; x_wconf 86' lang='lat' dir='ltr'><strong>nostram</strong></span> <span class='ocrx_word' id='word_1_371' title='bbox 3384 3603 3769 3661; x_wconf 78' lang='lat' dir='ltr'><strong>clementiam</strong></span> 
     </span>
    </p>
   </div>
   <div class='ocr_carea' id='block_1_58' title="bbox 353 3695 1996 3768">
    <p class='ocr_par' dir='ltr' id='par_1_58' title="bbox 353 3695 1996 3768">
     <span class='ocr_line' id='line_1_58' title="bbox 353 3695 1996 3768; baseline -0.002 -16"><span class='ocrx_word' id='word_1_372' title='bbox 353 3695 721 3752; x_wconf 89' lang='lat' dir='ltr'><strong>Andronicus</strong></span> <span class='ocrx_word' id='word_1_373' title='bbox 752 3699 1145 3752; x_wconf 82' lang='lat' dir='ltr'><strong>Romanorum</strong></span> <span class='ocrx_word' id='word_1_374' title='bbox 1170 3696 1386 3751; x_wconf 88' lang='lat' dir='ltr'><strong>invasit</strong></span> <span class='ocrx_word' id='word_1_375' title='bbox 1410 3695 1725 3768; x_wconf 90' lang='lat' dir='ltr'><strong>imperium</strong></span> <span class='ocrx_word' id='word_1_376' title='bbox 1754 3697 1808 3750; x_wconf 89' lang='lat' dir='ltr'><strong>et</strong></span> <span class='ocrx_word' id='word_1_377' title='bbox 1840 3710 1996 3749; x_wconf 93' lang='lat' dir='ltr'><strong>nunc</strong></span> 
     </span>
    </p>
   </div>
   <div class='ocr_carea' id='block_1_59' title="bbox 354 3783 1993 3858">
    <p class='ocr_par' dir='ltr' id='par_1_59' title="bbox 354 3783 1993 3858">
     <span class='ocr_line' id='line_1_59' title="bbox 354 3783 1993 3858; baseline -0.003 -16"><span class='ocrx_word' id='word_1_378' title='bbox 354 3801 564 3858; x_wconf 88' lang='lat' dir='ltr'><strong>usque,</strong></span> <span class='ocrx_word' id='word_1_379' title='bbox 620 3785 766 3842; x_wconf 85' lang='lat' dir='ltr'><strong>ﬁdes</strong></span> <span class='ocrx_word' id='word_1_380' title='bbox 805 3790 862 3842; x_wconf 92' lang='lat' dir='ltr'><strong>et</strong></span> <span class='ocrx_word' id='word_1_381' title='bbox 890 3786 1117 3841; x_wconf 87' lang='lat' dir='ltr'><strong>devotio</strong></span> <span class='ocrx_word' id='word_1_382' title='bbox 1149 3785 1399 3842; x_wconf 87' lang='lat' dir='ltr'><strong>civitatis</strong></span> <span class='ocrx_word' id='word_1_383' title='bbox 1445 3789 1504 3841; x_wconf 92' lang='lat' dir='ltr'><strong>et</strong></span> <span class='ocrx_word' id='word_1_384' title='bbox 1553 3788 1703 3840; x_wconf 89' lang='lat' dir='ltr'><strong>terre</strong></span> <span class='ocrx_word' id='word_1_385' title='bbox 1763 3783 1993 3853; x_wconf 87' lang='lat' dir='ltr'><strong>Pisane,</strong></span> 
     </span>
    </p>
   </div>
   <div class='ocr_carea' id='block_1_60' title="bbox 355 3866 1995 3949">
    <p class='ocr_par' dir='ltr' id='par_1_60' title="bbox 355 3866 1995 3949">
     <span class='ocr_line' id='line_1_60' title="bbox 355 3866 1995 3949; baseline -0.003 -18"><span class='ocrx_word' id='word_1_386' title='bbox 355 3891 533 3949; x_wconf 87' lang='lat' dir='ltr'><strong>quam</strong></span> <span class='ocrx_word' id='word_1_387' title='bbox 554 3891 693 3948; x_wconf 88' lang='lat' dir='ltr'><strong>erga</strong></span> <span class='ocrx_word' id='word_1_388' title='bbox 706 3878 967 3932; x_wconf 90' lang='lat' dir='ltr'><strong>nostrum</strong></span> <span class='ocrx_word' id='word_1_389' title='bbox 988 3866 1257 3931; x_wconf 81' lang='lat' dir='ltr'><strong>fovebant</strong></span> <span class='ocrx_word' id='word_1_390' title='bbox 1278 3876 1630 3931; x_wconf 85' lang='lat' dir='ltr'><strong>Romeorum</strong></span> <span class='ocrx_word' id='word_1_391' title='bbox 1658 3872 1995 3946; x_wconf 89' lang='lat' dir='ltr'><strong>imperium,</strong></span> 
     </span>
    </p>
   </div>
   <div class='ocr_carea' id='block_1_61' title="bbox 354 3962 1996 4029">
    <p class='ocr_par' dir='ltr' id='par_1_61' title="bbox 354 3962 1996 4029">
     <span class='ocr_line' id='line_1_61' title="bbox 354 3962 1996 4029; baseline -0.002 -8"><span class='ocrx_word' id='word_1_392' title='bbox 354 3965 425 4021; x_wconf 89' lang='lat' dir='ltr'><strong>Et</strong></span> <span class='ocrx_word' id='word_1_393' title='bbox 454 3964 568 4019; x_wconf 91' lang='lat' dir='ltr'><strong>nisi</strong></span> <span class='ocrx_word' id='word_1_394' title='bbox 601 3964 890 4020; x_wconf 90' lang='lat' dir='ltr'><strong>modestia</strong></span> <span class='ocrx_word' id='word_1_395' title='bbox 920 3968 976 4020; x_wconf 89' lang='lat' dir='ltr'><strong>et</strong></span> <span class='ocrx_word' id='word_1_396' title='bbox 999 3964 1270 4020; x_wconf 84' lang='lat' dir='ltr'><strong>hilaritas</strong></span> <span class='ocrx_word' id='word_1_397' title='bbox 1292 3962 1658 4019; x_wconf 86' lang='lat' dir='ltr'><strong>celsitudinis</strong></span> <span class='ocrx_word' id='word_1_398' title='bbox 1690 3966 1911 4029; x_wconf 87' lang='lat' dir='ltr'><strong>nostre,</strong></span> <span class='ocrx_word' id='word_1_399' title='bbox 1943 3966 1996 4018; x_wconf 90' lang='lat' dir='ltr'><strong>et</strong></span> 
     </span>
    </p>
   </div>
   <div class='ocr_carea' id='block_1_62' title="bbox 355 4052 1997 4126">
    <p class='ocr_par' dir='ltr' id='par_1_62' title="bbox 355 4052 1997 4126">
     <span class='ocr_line' id='line_1_62' title="bbox 355 4052 1997 4126; baseline -0.001 -17"><span class='ocrx_word' id='word_1_400' title='bbox 355 4053 414 4109; x_wconf 91' lang='lat' dir='ltr'><strong>in</strong></span> <span class='ocrx_word' id='word_1_401' title='bbox 448 4052 833 4109; x_wconf 83' lang='lat' dir='ltr'><strong>etl‘usionibus</strong></span> <span class='ocrx_word' id='word_1_402' title='bbox 865 4052 1304 4126; x_wconf 88' lang='lat' dir='ltr'><strong>appianicorum</strong></span> <span class='ocrx_word' id='word_1_403' title='bbox 1348 4052 1703 4126; x_wconf 87' lang='lat' dir='ltr'><strong>sanguinum</strong></span> <span class='ocrx_word' id='word_1_404' title='bbox 1750 4052 1997 4109; x_wconf 89' lang='lat' dir='ltr'><strong>tarditas</strong></span> 
     </span>
    </p>
   </div>
   <div class='ocr_carea' id='block_1_63' title="bbox 357 4140 1996 4214">
    <p class='ocr_par' dir='ltr' id='par_1_63' title="bbox 357 4140 1996 4214">
     <span class='ocr_line' id='line_1_63' title="bbox 357 4140 1996 4214; baseline -0.002 -15"><span class='ocrx_word' id='word_1_405' title='bbox 357 4145 416 4199; x_wconf 87' lang='lat' dir='ltr'><strong>et</strong></span> <span class='ocrx_word' id='word_1_406' title='bbox 469 4140 848 4213; x_wconf 89' lang='lat' dir='ltr'><strong>impromptio</strong></span> <span class='ocrx_word' id='word_1_407' title='bbox 895 4183 907 4196; x_wconf 93' lang='lat'><strong>.</strong></span> <span class='ocrx_word' id='word_1_408' title='bbox 955 4183 967 4198; x_wconf 93' lang='lat'><strong>.</strong></span> <span class='ocrx_word' id='word_1_409' title='bbox 1014 4185 1025 4197; x_wconf 93' lang='lat'><strong>.</strong></span> <span class='ocrx_word' id='word_1_410' title='bbox 1067 4180 1082 4198; x_wconf 94' lang='lat'><strong>.</strong></span> <span class='ocrx_word' id='word_1_411' title='bbox 1123 4161 1136 4175; x_wconf 76' lang='grc' dir='ltr'><strong><em>ο</em></strong></span> <span class='ocrx_word' id='word_1_412' title='bbox 1170 4142 1282 4214; x_wconf 72' lang='grc'>(43)</span> <span class='ocrx_word' id='word_1_413' title='bbox 1341 4159 1374 4198; x_wconf 93' lang='lat' dir='ltr'><strong>a</strong></span> <span class='ocrx_word' id='word_1_414' title='bbox 1431 4143 1547 4198; x_wconf 91' lang='lat' dir='ltr'><strong>Deo</strong></span> <span class='ocrx_word' id='word_1_415' title='bbox 1587 4146 1777 4198; x_wconf 85' lang='lat' dir='ltr'><strong>erecte</strong></span> <span class='ocrx_word' id='word_1_416' title='bbox 1821 4144 1879 4196; x_wconf 90' lang='lat' dir='ltr'><strong>et</strong></span> <span class='ocrx_word' id='word_1_417' title='bbox 1925 4140 1996 4196; x_wconf 91' lang='lat' dir='ltr'><strong>ad</strong></span> 
     </span>
    </p>
   </div>
   <div class='ocr_carea' id='block_1_64' title="bbox 357 4228 1999 4304">
    <p class='ocr_par' dir='ltr' id='par_1_64' title="bbox 357 4228 1999 4304">
     <span class='ocr_line' id='line_1_64' title="bbox 357 4228 1999 4304; baseline -0.001 -18"><span class='ocrx_word' id='word_1_418' title='bbox 357 4230 754 4286; x_wconf 84' lang='lat' dir='ltr'><strong>Romanorum</strong></span> <span class='ocrx_word' id='word_1_419' title='bbox 779 4229 1006 4302; x_wconf 91' lang='lat' dir='ltr'><strong>imperii</strong></span> <span class='ocrx_word' id='word_1_420' title='bbox 1034 4231 1471 4287; x_wconf 87' lang='lat' dir='ltr'><strong>ﬁrmamentum</strong></span> <span class='ocrx_word' id='word_1_421' title='bbox 1495 4230 1733 4304; x_wconf 89' lang='lat' dir='ltr'><strong>quidem</strong></span> <span class='ocrx_word' id='word_1_422' title='bbox 1753 4228 1999 4286; x_wconf 83' lang='lat' dir='ltr'><strong>exaltate</strong></span> 
     </span>
    </p>
   </div>
   <div class='ocr_carea' id='block_1_65' title="bbox 358 4318 1998 4393">
    <p class='ocr_par' dir='ltr' id='par_1_65' title="bbox 358 4318 1998 4393">
     <span class='ocr_line' id='line_1_65' title="bbox 358 4318 1998 4393; baseline -0.001 -17"><span class='ocrx_word' id='word_1_423' title='bbox 358 4318 779 4392; x_wconf 85' lang='lat' dir='ltr'><strong>impedimento</strong></span> <span class='ocrx_word' id='word_1_424' title='bbox 811 4318 891 4375; x_wconf 90' lang='lat' dir='ltr'><strong>rei</strong></span> <span class='ocrx_word' id='word_1_425' title='bbox 926 4320 1193 4391; x_wconf 82' lang='lat' dir='ltr'><strong>fuissent,</strong></span> <span class='ocrx_word' id='word_1_426' title='bbox 1226 4319 1265 4375; x_wconf 88' lang='lat' dir='ltr'><strong>ii</strong></span> <span class='ocrx_word' id='word_1_427' title='bbox 1298 4321 1396 4393; x_wconf 90' lang='lat' dir='ltr'><strong>qui</strong></span> <span class='ocrx_word' id='word_1_428' title='bbox 1431 4319 1554 4376; x_wconf 89' lang='lat' dir='ltr'><strong>heri</strong></span> <span class='ocrx_word' id='word_1_429' title='bbox 1591 4319 1838 4375; x_wconf 85' lang='lat' dir='ltr'><strong>Romani</strong></span> <span class='ocrx_word' id='word_1_430' title='bbox 1895 4319 1998 4374; x_wconf 82' lang='lat' dir='ltr'><strong>de-</strong></span> 
     </span>
    </p>
   </div>
   <div class='ocr_carea' id='block_1_66' title="bbox 358 4408 2000 4480">
    <p class='ocr_par' dir='ltr' id='par_1_66' title="bbox 358 4408 2000 4480">
     <span class='ocr_line' id='line_1_66' title="bbox 358 4408 2000 4480; baseline -0.001 -15"><span class='ocrx_word' id='word_1_431' title='bbox 358 4408 474 4465; x_wconf 90' lang='lat' dir='ltr'><strong>voti</strong></span> <span class='ocrx_word' id='word_1_432' title='bbox 505 4413 671 4464; x_wconf 88' lang='lat' dir='ltr'><strong>erant</strong></span> <span class='ocrx_word' id='word_1_433' title='bbox 700 4409 865 4480; x_wconf 87' lang='lat' dir='ltr'><strong>quasi</strong></span> <span class='ocrx_word' id='word_1_434' title='bbox 899 4414 951 4465; x_wconf 88' lang='lat' dir='ltr'><strong>et</strong></span> <span class='ocrx_word' id='word_1_435' title='bbox 987 4409 1211 4465; x_wconf 90' lang='lat' dir='ltr'><strong>inimici</strong></span> <span class='ocrx_word' id='word_1_436' title='bbox 1243 4409 1428 4466; x_wconf 79' lang='lat' dir='ltr'><strong>effecti</strong></span> <span class='ocrx_word' id='word_1_437' title='bbox 1466 4410 1733 4478; x_wconf 87' lang='lat' dir='ltr'><strong>fuissent,</strong></span> <span class='ocrx_word' id='word_1_438' title='bbox 1790 4412 1848 4465; x_wconf 91' lang='lat' dir='ltr'><strong>et</strong></span> <span class='ocrx_word' id='word_1_439' title='bbox 1897 4424 2000 4479; x_wconf 89' lang='lat' dir='ltr'><strong>pro</strong></span> 
     </span>
    </p>
   </div>
   <div class='ocr_carea' id='block_1_67' title="bbox 362 4496 2004 4572">
    <p class='ocr_par' dir='ltr' id='par_1_67' title="bbox 362 4496 2004 4572">
     <span class='ocr_line' id='line_1_67' title="bbox 362 4496 2004 4572; baseline -0.001 -18"><span class='ocrx_word' id='word_1_440' title='bbox 362 4496 570 4554; x_wconf 89' lang='lat' dir='ltr'><strong>amicis</strong></span> <span class='ocrx_word' id='word_1_441' title='bbox 599 4501 653 4553; x_wconf 88' lang='lat' dir='ltr'><strong>et</strong></span> <span class='ocrx_word' id='word_1_442' title='bbox 683 4496 915 4554; x_wconf 89' lang='lat' dir='ltr'><strong>utilium</strong></span> <span class='ocrx_word' id='word_1_443' title='bbox 965 4497 1311 4554; x_wconf 87' lang='lat' dir='ltr'><strong>allatoribus</strong></span> <span class='ocrx_word' id='word_1_444' title='bbox 1340 4503 1397 4555; x_wconf 91' lang='lat' dir='ltr'><strong>et</strong></span> <span class='ocrx_word' id='word_1_445' title='bbox 1429 4515 1529 4571; x_wconf 89' lang='lat' dir='ltr'><strong>per</strong></span> <span class='ocrx_word' id='word_1_446' title='bbox 1555 4502 1821 4572; x_wconf 91' lang='lat' dir='ltr'><strong>tempora</strong></span> <span class='ocrx_word' id='word_1_447' title='bbox 1854 4496 2004 4553; x_wconf 87' lang='lat' dir='ltr'><strong>ﬁde-</strong></span> 
     </span>
    </p>
   </div>
   <div class='ocr_carea' id='block_1_68' title="bbox 362 4586 2000 4661">
    <p class='ocr_par' dir='ltr' id='par_1_68' title="bbox 362 4586 2000 4661">
     <span class='ocr_line' id='line_1_68' title="bbox 362 4586 2000 4661; baseline -0.001 -18"><span class='ocrx_word' id='word_1_448' title='bbox 362 4586 605 4643; x_wconf 82' lang='lat' dir='ltr'><strong>lissimis</strong></span> <span class='ocrx_word' id='word_1_449' title='bbox 636 4603 867 4660; x_wconf 89' lang='lat' dir='ltr'><strong>quoque</strong></span> <span class='ocrx_word' id='word_1_450' title='bbox 900 4588 1223 4644; x_wconf 83' lang='lat' dir='ltr'><strong>fautoribus</strong></span> <span class='ocrx_word' id='word_1_451' title='bbox 1242 4588 1298 4642; x_wconf 92' lang='lat' dir='ltr'><strong>in</strong></span> <span class='ocrx_word' id='word_1_452' title='bbox 1319 4587 1519 4645; x_wconf 88' lang='lat' dir='ltr'><strong>hostes</strong></span> <span class='ocrx_word' id='word_1_453' title='bbox 1543 4592 1601 4644; x_wconf 91' lang='lat' dir='ltr'><strong>et</strong></span> <span class='ocrx_word' id='word_1_454' title='bbox 1621 4586 2000 4661; x_wconf 85' lang='lat' dir='ltr'><strong>depopulato-</strong></span> 
     </span>
    </p>
   </div>
   <div class='ocr_carea' id='block_1_69' title="bbox 365 4675 2003 4751">
    <p class='ocr_par' dir='ltr' id='par_1_69' title="bbox 365 4675 2003 4751">
     <span class='ocr_line' id='line_1_69' title="bbox 365 4675 2003 4751; baseline -0.001 -19"><span class='ocrx_word' id='word_1_455' title='bbox 365 4693 460 4733; x_wconf 75' lang='lat' dir='ltr'><strong>res</strong></span> <span class='ocrx_word' id='word_1_456' title='bbox 489 4675 636 4732; x_wconf 87' lang='lat' dir='ltr'><strong>versi</strong></span> <span class='ocrx_word' id='word_1_457' title='bbox 669 4676 937 4749; x_wconf 81' lang='lat' dir='ltr'><strong>equidem</strong></span> <span class='ocrx_word' id='word_1_458' title='bbox 973 4677 1356 4742; x_wconf 85' lang='lat' dir='ltr'><strong>essent.Quod</strong></span> <span class='ocrx_word' id='word_1_459' title='bbox 1392 4682 1448 4734; x_wconf 91' lang='lat' dir='ltr'><strong>et</strong></span> <span class='ocrx_word' id='word_1_460' title='bbox 1478 4694 1544 4734; x_wconf 86' lang='lat' dir='ltr'><strong>ex</strong></span> <span class='ocrx_word' id='word_1_461' title='bbox 1594 4680 1761 4751; x_wconf 89' lang='lat' dir='ltr'><strong>parte</strong></span> <span class='ocrx_word' id='word_1_462' title='bbox 1805 4692 2003 4749; x_wconf 85' lang='lat' dir='ltr'><strong>perpe-</strong></span> 
     </span>
    </p>
   </div>
   <div class='ocr_carea' id='block_1_70' title="bbox 364 4766 2001 4839">
    <p class='ocr_par' dir='ltr' id='par_1_70' title="bbox 364 4766 2001 4839">
     <span class='ocr_line' id='line_1_70' title="bbox 364 4766 2001 4839; baseline -0.001 -16"><span class='ocrx_word' id='word_1_463' title='bbox 364 4769 584 4823; x_wconf 84' lang='lat' dir='ltr'><strong>tratum</strong></span> <span class='ocrx_word' id='word_1_464' title='bbox 612 4770 721 4832; x_wconf 86' lang='lat' dir='ltr'><strong>est,</strong></span> <span class='ocrx_word' id='word_1_465' title='bbox 752 4770 808 4822; x_wconf 91' lang='lat' dir='ltr'><strong>et</strong></span> <span class='ocrx_word' id='word_1_466' title='bbox 838 4767 1055 4822; x_wconf 89' lang='lat' dir='ltr'><strong>damna</strong></span> <span class='ocrx_word' id='word_1_467' title='bbox 1079 4785 1110 4821; x_wconf 91' lang='lat' dir='ltr'><strong>a</strong></span> <span class='ocrx_word' id='word_1_468' title='bbox 1141 4766 1495 4839; x_wconf 85' lang='lat' dir='ltr'><strong>quibusdam</strong></span> <span class='ocrx_word' id='word_1_469' title='bbox 1522 4766 1843 4838; x_wconf 84' lang='lat' dir='ltr'><strong>Romeis,et</strong></span> <span class='ocrx_word' id='word_1_470' title='bbox 1863 4766 2001 4821; x_wconf 88' lang='lat' dir='ltr'><strong>item</strong></span> 
     </span>
    </p>
   </div>
   <div class='ocr_carea' id='block_1_71' title="bbox 364 4854 2003 4928">
    <p class='ocr_par' dir='ltr' id='par_1_71' title="bbox 364 4854 2003 4928">
     <span class='ocr_line' id='line_1_71' title="bbox 364 4854 2003 4928; baseline 0 -18"><span class='ocrx_word' id='word_1_471' title='bbox 364 4854 595 4911; x_wconf 84' lang='lat' dir='ltr'><strong>Pisanis</strong></span> <span class='ocrx_word' id='word_1_472' title='bbox 626 4871 694 4912; x_wconf 81' lang='lat' dir='ltr'><strong>ex</strong></span> <span class='ocrx_word' id='word_1_473' title='bbox 725 4861 886 4928; x_wconf 88' lang='lat' dir='ltr'><strong>parte</strong></span> <span class='ocrx_word' id='word_1_474' title='bbox 918 4860 1267 4912; x_wconf 83' lang='lat' dir='ltr'><strong>Romcorum</strong></span> <span class='ocrx_word' id='word_1_475' title='bbox 1304 4857 1454 4912; x_wconf 89' lang='lat' dir='ltr'><strong>facta</strong></span> <span class='ocrx_word' id='word_1_476' title='bbox 1501 4860 1659 4924; x_wconf 87' lang='lat' dir='ltr'><strong>sunt,</strong></span> <span class='ocrx_word' id='word_1_477' title='bbox 1717 4854 2003 4912; x_wconf 88' lang='lat' dir='ltr'><strong>multum-</strong></span> 
     </span>
    </p>
   </div>
   <div class='ocr_carea' id='block_1_72' title="bbox 2119 3694 3771 3768">
    <p class='ocr_par' dir='ltr' id='par_1_72' title="bbox 2119 3694 3771 3768">
     <span class='ocr_line' id='line_1_72' title="bbox 2119 3694 3771 3768; baseline -0.001 -19"><span class='ocrx_word' id='word_1_478' title='bbox 2119 3710 2331 3750; x_wconf 88' lang='lat' dir='ltr'><strong>manus</strong></span> <span class='ocrx_word' id='word_1_479' title='bbox 2362 3694 2664 3753; x_wconf 88' lang='lat' dir='ltr'><strong>intendere</strong></span> <span class='ocrx_word' id='word_1_480' title='bbox 2683 3695 3082 3765; x_wconf 89' lang='lat' dir='ltr'><strong>voluerunt,et</strong></span> <span class='ocrx_word' id='word_1_481' title='bbox 3110 3694 3594 3768; x_wconf 86' lang='lat' dir='ltr'><strong>prudentissimos</strong></span> <span class='ocrx_word' id='word_1_482' title='bbox 3626 3708 3771 3749; x_wconf 62' lang='lat' dir='ltr'><strong>cono</strong></span> 
     </span>
    </p>
   </div>
   <div class='ocr_carea' id='block_1_73' title="bbox 2113 3782 3767 3857">
    <p class='ocr_par' dir='ltr' id='par_1_73' title="bbox 2113 3782 3767 3857">
     <span class='ocr_line' id='line_1_73' title="bbox 2113 3782 3767 3857; baseline -0.001 -18"><span class='ocrx_word' id='word_1_483' title='bbox 2113 3783 2267 3840; x_wconf 89' lang='lat' dir='ltr'><strong>cives</strong></span> <span class='ocrx_word' id='word_1_484' title='bbox 2297 3785 2802 3852; x_wconf 83' lang='lat' dir='ltr'><strong>suos,Rainerium</strong></span> <span class='ocrx_word' id='word_1_485' title='bbox 2825 3785 3065 3843; x_wconf 88' lang='lat' dir='ltr'><strong>Gaetani</strong></span> <span class='ocrx_word' id='word_1_486' title='bbox 3096 3788 3153 3841; x_wconf 93' lang='lat' dir='ltr'><strong>et</strong></span> <span class='ocrx_word' id='word_1_487' title='bbox 3176 3783 3467 3857; x_wconf 87' lang='lat' dir='ltr'><strong>Sigerium</strong></span> <span class='ocrx_word' id='word_1_488' title='bbox 3493 3782 3767 3855; x_wconf 83' lang='lat' dir='ltr'><strong>judicem</strong></span> 
     </span>
    </p>
   </div>
   <div class='ocr_carea' id='block_1_74' title="bbox 2114 3872 3773 3949">
    <p class='ocr_par' dir='ltr' id='par_1_74' title="bbox 2114 3872 3773 3949">
     <span class='ocr_line' id='line_1_74' title="bbox 2114 3872 3773 3949; baseline -0.001 -20"><span class='ocrx_word' id='word_1_489' title='bbox 2114 3874 2362 3930; x_wconf 89' lang='lat' dir='ltr'><strong>nuncios</strong></span> <span class='ocrx_word' id='word_1_490' title='bbox 2395 3876 2464 3931; x_wconf 91' lang='lat' dir='ltr'><strong>ad</strong></span> <span class='ocrx_word' id='word_1_491' title='bbox 2502 3880 2762 3932; x_wconf 90' lang='lat' dir='ltr'><strong>nostram</strong></span> <span class='ocrx_word' id='word_1_492' title='bbox 2784 3875 3121 3949; x_wconf 88' lang='lat' dir='ltr'><strong>legaverunt</strong></span> <span class='ocrx_word' id='word_1_493' title='bbox 3150 3872 3773 3947; x_wconf 84' lang='lat' dir='ltr'><strong>serenitatem,damp—</strong></span> 
     </span>
    </p>
   </div>
   <div class='ocr_carea' id='block_1_75' title="bbox 2115 3962 3771 4037">
    <p class='ocr_par' dir='ltr' id='par_1_75' title="bbox 2115 3962 3771 4037">
     <span class='ocr_line' id='line_1_75' title="bbox 2115 3962 3771 4037; baseline 0 -19"><span class='ocrx_word' id='word_1_494' title='bbox 2115 3978 2322 4019; x_wconf 90' lang='lat' dir='ltr'><strong>norum</strong></span> <span class='ocrx_word' id='word_1_495' title='bbox 2358 3964 2586 4021; x_wconf 81' lang='lat' dir='ltr'><strong>Pisanis</strong></span> <span class='ocrx_word' id='word_1_496' title='bbox 2617 3981 2937 4037; x_wconf 88' lang='lat' dir='ltr'><strong>eorumque</strong></span> <span class='ocrx_word' id='word_1_497' title='bbox 2958 3963 3256 4021; x_wconf 89' lang='lat' dir='ltr'><strong>communi</strong></span> <span class='ocrx_word' id='word_1_498' title='bbox 3279 3979 3347 4020; x_wconf 86' lang='lat' dir='ltr'><strong>ex</strong></span> <span class='ocrx_word' id='word_1_499' title='bbox 3373 3962 3771 4036; x_wconf 83' lang='lat' dir='ltr'><strong>parteRoma-</strong></span> 
     </span>
    </p>
   </div>
   <div class='ocr_carea' id='block_1_76' title="bbox 2116 4051 3765 4125">
    <p class='ocr_par' dir='ltr' id='par_1_76' title="bbox 2116 4051 3765 4125">
     <span class='ocr_line' id='line_1_76' title="bbox 2116 4051 3765 4125; baseline 0.001 -19"><span class='ocrx_word' id='word_1_500' title='bbox 2116 4051 2210 4107; x_wconf 93' lang='lat' dir='ltr'><strong>nie</strong></span> <span class='ocrx_word' id='word_1_501' title='bbox 2241 4068 2341 4124; x_wconf 90' lang='lat' dir='ltr'><strong>pre</strong></span> <span class='ocrx_word' id='word_1_502' title='bbox 2370 4051 2668 4110; x_wconf 85' lang='lat' dir='ltr'><strong>illatorum</strong></span> <span class='ocrx_word' id='word_1_503' title='bbox 2702 4053 3187 4111; x_wconf 89' lang='lat' dir='ltr'><strong>restaurationem</strong></span> <span class='ocrx_word' id='word_1_504' title='bbox 3230 4056 3512 4125; x_wconf 88' lang='lat' dir='ltr'><strong>petentes,</strong></span> <span class='ocrx_word' id='word_1_505' title='bbox 3549 4055 3610 4108; x_wconf 87' lang='lat' dir='ltr'><strong>et</strong></span> <span class='ocrx_word' id='word_1_506' title='bbox 3662 4051 3765 4108; x_wconf 76' lang='lat' dir='ltr'><strong>be-</strong></span> 
     </span>
    </p>
   </div>
   <div class='ocr_carea' id='block_1_77' title="bbox 2116 4140 3772 4216">
    <p class='ocr_par' dir='ltr' id='par_1_77' title="bbox 2116 4140 3772 4216">
     <span class='ocr_line' id='line_1_77' title="bbox 2116 4140 3772 4216; baseline 0.001 -21"><span class='ocrx_word' id='word_1_507' title='bbox 2116 4140 2461 4213; x_wconf 87' lang='lat' dir='ltr'><strong>nignitatem</strong></span> <span class='ocrx_word' id='word_1_508' title='bbox 2493 4143 2942 4216; x_wconf 85' lang='lat' dir='ltr'><strong>tranquillitatis</strong></span> <span class='ocrx_word' id='word_1_509' title='bbox 2972 4142 3205 4216; x_wconf 88' lang='lat' dir='ltr'><strong>imperii</strong></span> <span class='ocrx_word' id='word_1_510' title='bbox 3238 4140 3423 4198; x_wconf 86' lang='lat' dir='ltr'><strong>nostri</strong></span> <span class='ocrx_word' id='word_1_511' title='bbox 3454 4140 3772 4214; x_wconf 86' lang='lat' dir='ltr'><strong>pristinam</strong></span> 
     </span>
    </p>
   </div>
   <div class='ocr_carea' id='block_1_78' title="bbox 2117 4230 3773 4306">
    <p class='ocr_par' dir='ltr' id='par_1_78' title="bbox 2117 4230 3773 4306">
     <span class='ocr_line' id='line_1_78' title="bbox 2117 4230 3773 4306; baseline 0.001 -21"><span class='ocrx_word' id='word_1_512' title='bbox 2117 4246 2294 4302; x_wconf 89' lang='lat' dir='ltr'><strong>quam</strong></span> <span class='ocrx_word' id='word_1_513' title='bbox 2328 4247 2465 4305; x_wconf 87' lang='lat' dir='ltr'><strong>erga</strong></span> <span class='ocrx_word' id='word_1_514' title='bbox 2496 4232 2789 4289; x_wconf 88' lang='lat' dir='ltr'><strong>civitatem</strong></span> <span class='ocrx_word' id='word_1_515' title='bbox 2814 4238 2871 4289; x_wconf 90' lang='lat' dir='ltr'><strong>et</strong></span> <span class='ocrx_word' id='word_1_516' title='bbox 2894 4237 3109 4289; x_wconf 90' lang='lat' dir='ltr'><strong>terram</strong></span> <span class='ocrx_word' id='word_1_517' title='bbox 3142 4232 3407 4306; x_wconf 88' lang='lat' dir='ltr'><strong>ipsorum</strong></span> <span class='ocrx_word' id='word_1_518' title='bbox 3431 4234 3635 4288; x_wconf 88' lang='lat' dir='ltr'><strong>nostra</strong></span> <span class='ocrx_word' id='word_1_519' title='bbox 3657 4230 3773 4287; x_wconf 86' lang='lat' dir='ltr'><strong>ha-</strong></span> 
     </span>
    </p>
   </div>
   <div class='ocr_carea' id='block_1_79' title="bbox 2117 4319 3769 4395">
    <p class='ocr_par' dir='ltr' id='par_1_79' title="bbox 2117 4319 3769 4395">
     <span class='ocr_line' id='line_1_79' title="bbox 2117 4319 3769 4395; baseline 0.001 -21"><span class='ocrx_word' id='word_1_520' title='bbox 2117 4319 2289 4375; x_wconf 88' lang='lat' dir='ltr'><strong>bebat</strong></span> <span class='ocrx_word' id='word_1_521' title='bbox 2319 4319 2651 4391; x_wconf 90' lang='lat' dir='ltr'><strong>clementia,</strong></span> <span class='ocrx_word' id='word_1_522' title='bbox 2686 4322 3035 4395; x_wconf 89' lang='lat' dir='ltr'><strong>suppliciter</strong></span> <span class='ocrx_word' id='word_1_523' title='bbox 3061 4320 3465 4395; x_wconf 88' lang='lat' dir='ltr'><strong>postulantes;</strong></span> <span class='ocrx_word' id='word_1_524' title='bbox 3500 4322 3558 4377; x_wconf 86' lang='lat' dir='ltr'><strong>et</strong></span> <span class='ocrx_word' id='word_1_525' title='bbox 3607 4335 3769 4377; x_wconf 88' lang='lat' dir='ltr'><strong>sere-</strong></span> 
     </span>
    </p>
   </div>
   <div class='ocr_carea' id='block_1_80' title="bbox 2119 4408 3773 4484">
    <p class='ocr_par' dir='ltr' id='par_1_80' title="bbox 2119 4408 3773 4484">
     <span class='ocr_line' id='line_1_80' title="bbox 2119 4408 3773 4484; baseline 0.001 -20"><span class='ocrx_word' id='word_1_526' title='bbox 2119 4408 2273 4464; x_wconf 80' lang='lat' dir='ltr'><strong>nitas</strong></span> <span class='ocrx_word' id='word_1_527' title='bbox 2304 4414 2502 4466; x_wconf 86' lang='lat' dir='ltr'><strong>nostra</strong></span> <span class='ocrx_word' id='word_1_528' title='bbox 2529 4410 2779 4484; x_wconf 82' lang='lat' dir='ltr'><strong>benigne</strong></span> <span class='ocrx_word' id='word_1_529' title='bbox 2810 4426 2906 4468; x_wconf 88' lang='lat' dir='ltr'><strong>eos</strong></span> <span class='ocrx_word' id='word_1_530' title='bbox 2938 4411 3230 4484; x_wconf 84' lang='lat' dir='ltr'><strong>recipiens</strong></span> <span class='ocrx_word' id='word_1_531' title='bbox 3254 4415 3312 4467; x_wconf 90' lang='lat' dir='ltr'><strong>et</strong></span> <span class='ocrx_word' id='word_1_532' title='bbox 3340 4426 3452 4483; x_wconf 87' lang='lat' dir='ltr'><strong>que</strong></span> <span class='ocrx_word' id='word_1_533' title='bbox 3484 4410 3558 4466; x_wconf 88' lang='lat' dir='ltr'><strong>ab</strong></span> <span class='ocrx_word' id='word_1_534' title='bbox 3590 4408 3668 4466; x_wconf 88' lang='lat' dir='ltr'><strong>iis</strong></span> <span class='ocrx_word' id='word_1_535' title='bbox 3687 4409 3773 4465; x_wconf 84' lang='lat' dir='ltr'><strong>di-</strong></span> 
     </span>
    </p>
   </div>
   <div class='ocr_carea' id='block_1_81' title="bbox 2119 4498 3774 4573">
    <p class='ocr_par' dir='ltr' id='par_1_81' title="bbox 2119 4498 3774 4573">
     <span class='ocr_line' id='line_1_81' title="bbox 2119 4498 3774 4573; baseline -0.001 -19"><span class='ocrx_word' id='word_1_536' title='bbox 2119 4498 2403 4555; x_wconf 87' lang='lat' dir='ltr'><strong>cebantur</strong></span> <span class='ocrx_word' id='word_1_537' title='bbox 2422 4499 2879 4569; x_wconf 88' lang='lat' dir='ltr'><strong>auscultans,eis</strong></span> <span class='ocrx_word' id='word_1_538' title='bbox 2894 4516 3005 4573; x_wconf 89' lang='lat' dir='ltr'><strong>que</strong></span> <span class='ocrx_word' id='word_1_539' title='bbox 3026 4516 3197 4557; x_wconf 87' lang='lat' dir='ltr'><strong>versa</strong></span> <span class='ocrx_word' id='word_1_540' title='bbox 3209 4500 3335 4557; x_wconf 90' lang='lat' dir='ltr'><strong>vice</strong></span> <span class='ocrx_word' id='word_1_541' title='bbox 3355 4500 3616 4571; x_wconf 89' lang='lat' dir='ltr'><strong>dampna</strong></span> <span class='ocrx_word' id='word_1_542' title='bbox 3639 4514 3774 4572; x_wconf 84' lang='lat' dir='ltr'><strong>par-</strong></span> 
     </span>
    </p>
   </div>
   <div class='ocr_carea' id='block_1_82' title="bbox 2121 4586 3770 4664">
    <p class='ocr_par' dir='ltr' id='par_1_82' title="bbox 2121 4586 3770 4664">
     <span class='ocr_line' id='line_1_82' title="bbox 2121 4586 3770 4664; baseline -0.001 -20"><span class='ocrx_word' id='word_1_543' title='bbox 2121 4588 2280 4644; x_wconf 81' lang='lat' dir='ltr'><strong>tibus</strong></span> <span class='ocrx_word' id='word_1_544' title='bbox 2312 4589 2589 4647; x_wconf 81' lang='lat' dir='ltr'><strong>Romanie</strong></span> <span class='ocrx_word' id='word_1_545' title='bbox 2609 4591 2961 4663; x_wconf 90' lang='lat' dir='ltr'><strong>quibusdam</strong></span> <span class='ocrx_word' id='word_1_546' title='bbox 2988 4607 3021 4647; x_wconf 86' lang='lat' dir='ltr'><strong>a</strong></span> <span class='ocrx_word' id='word_1_547' title='bbox 3041 4594 3207 4664; x_wconf 91' lang='lat' dir='ltr'><strong>parte</strong></span> <span class='ocrx_word' id='word_1_548' title='bbox 3230 4588 3579 4645; x_wconf 89' lang='lat' dir='ltr'><strong>Pisanorum</strong></span> <span class='ocrx_word' id='word_1_549' title='bbox 3602 4586 3770 4644; x_wconf 89' lang='lat' dir='ltr'><strong>illata</strong></span> 
     </span>
    </p>
   </div>
   <div class='ocr_carea' id='block_1_83' title="bbox 2120 4675 3769 4753">
    <p class='ocr_par' dir='ltr' id='par_1_83' title="bbox 2120 4675 3769 4753">
     <span class='ocr_line' id='line_1_83' title="bbox 2120 4675 3769 4753; baseline 0.001 -22"><span class='ocrx_word' id='word_1_550' title='bbox 2120 4677 2178 4732; x_wconf 89' lang='lat' dir='ltr'><strong>in</strong></span> <span class='ocrx_word' id='word_1_551' title='bbox 2213 4679 2557 4735; x_wconf 88' lang='lat' dir='ltr'><strong>memoriam</strong></span> <span class='ocrx_word' id='word_1_552' title='bbox 2592 4696 2893 4749; x_wconf 88' lang='lat' dir='ltr'><strong>revocans,</strong></span> <span class='ocrx_word' id='word_1_553' title='bbox 2952 4695 3137 4753; x_wconf 88' lang='lat' dir='ltr'><strong>eaque</strong></span> <span class='ocrx_word' id='word_1_554' title='bbox 3175 4679 3248 4736; x_wconf 88' lang='lat' dir='ltr'><strong>ab</strong></span> <span class='ocrx_word' id='word_1_555' title='bbox 3291 4676 3439 4751; x_wconf 90' lang='lat' dir='ltr'><strong>ipsis</strong></span> <span class='ocrx_word' id='word_1_556' title='bbox 3486 4675 3769 4733; x_wconf 79' lang='lat' dir='ltr'><strong>Romanis</strong></span> 
     </span>
    </p>
   </div>
   <div class='ocr_carea' id='block_1_84' title="bbox 2122 4765 3766 4843">
    <p class='ocr_par' dir='ltr' id='par_1_84' title="bbox 2122 4765 3766 4843">
     <span class='ocr_line' id='line_1_84' title="bbox 2122 4765 3766 4843; baseline -0.001 -21"><span class='ocrx_word' id='word_1_557' title='bbox 2122 4766 2404 4823; x_wconf 76' lang='lat' dir='ltr'><strong>resturari</strong></span> <span class='ocrx_word' id='word_1_558' title='bbox 2434 4767 2692 4825; x_wconf 87' lang='lat' dir='ltr'><strong>vicissim</strong></span> <span class='ocrx_word' id='word_1_559' title='bbox 2745 4768 3004 4843; x_wconf 85' lang='lat' dir='ltr'><strong>exigens,</strong></span> <span class='ocrx_word' id='word_1_560' title='bbox 3036 4770 3107 4826; x_wconf 90' lang='lat' dir='ltr'><strong>ad</strong></span> <span class='ocrx_word' id='word_1_561' title='bbox 3148 4767 3426 4825; x_wconf 89' lang='lat' dir='ltr'><strong>ultimum</strong></span> <span class='ocrx_word' id='word_1_562' title='bbox 3459 4781 3529 4823; x_wconf 85' lang='lat' dir='ltr'><strong>ex</strong></span> <span class='ocrx_word' id='word_1_563' title='bbox 3570 4765 3766 4839; x_wconf 77' lang='lat' dir='ltr'><strong>pradi-</strong></span> 
     </span>
    </p>
   </div>
   <div class='ocr_carea' id='block_1_85' title="bbox 2125 4854 3763 4932">
    <p class='ocr_par' dir='ltr' id='par_1_85' title="bbox 2125 4854 3763 4932">
     <span class='ocr_line' id='line_1_85' title="bbox 2125 4854 3763 4932; baseline -0.001 -22"><span class='ocrx_word' id='word_1_564' title='bbox 2125 4859 2349 4911; x_wconf 89' lang='lat' dir='ltr'><strong>ctorum</strong></span> <span class='ocrx_word' id='word_1_565' title='bbox 2396 4855 2722 4930; x_wconf 89' lang='lat' dir='ltr'><strong>legatorum</strong></span> <span class='ocrx_word' id='word_1_566' title='bbox 2767 4858 3039 4932; x_wconf 88' lang='lat' dir='ltr'><strong>precibus</strong></span> <span class='ocrx_word' id='word_1_567' title='bbox 3084 4856 3472 4915; x_wconf 88' lang='lat' dir='ltr'><strong>abolicionem</strong></span> <span class='ocrx_word' id='word_1_568' title='bbox 3527 4854 3763 4928; x_wconf 84' lang='lat' dir='ltr'><strong>quidem</strong></span> 
     </span>
    </p>
   </div>
   <div class='ocr_carea' id='block_1_86' title="bbox 364 4943 3759 5044">
    <p class='ocr_par' dir='ltr' id='par_1_86' title="bbox 364 4943 3759 5044">
     <span class='ocr_line' id='line_1_86' title="bbox 364 4943 3759 5044; baseline 0.001 -47"><span class='ocrx_word' id='word_1_569' title='bbox 364 4959 478 5016; x_wconf 89' lang='lat' dir='ltr'><strong>que</strong></span> <span class='ocrx_word' id='word_1_570' title='bbox 506 4946 761 5017; x_wconf 89' lang='lat' dir='ltr'><strong>tempus,</strong></span> <span class='ocrx_word' id='word_1_571' title='bbox 795 4962 906 5018; x_wconf 89' lang='lat' dir='ltr'><strong>que</strong></span> <span class='ocrx_word' id='word_1_572' title='bbox 937 4946 1185 5018; x_wconf 87' lang='lat' dir='ltr'><strong>dudum,</strong></span> <span class='ocrx_word' id='word_1_573' title='bbox 1216 4950 1352 5003; x_wconf 88' lang='lat' dir='ltr'><strong>ante</strong></span> <span class='ocrx_word' id='word_1_574' title='bbox 1392 4945 1556 5002; x_wconf 88' lang='lat' dir='ltr'><strong>unita</strong></span> <span class='ocrx_word' id='word_1_575' title='bbox 1585 4949 1769 5015; x_wconf 91' lang='lat' dir='ltr'><strong>erant,</strong></span> <span class='ocrx_word' id='word_1_576' title='bbox 1805 4961 2007 5019; x_wconf 90' lang='lat' dir='ltr'><strong>seque-</strong></span> <span class='ocrx_word' id='word_1_577' title='bbox 2035 4976 2084 5044; x_wconf 84' lang='lat' dir='ltr'><strong>D</strong></span> <span class='ocrx_word' id='word_1_578' title='bbox 2126 4961 2351 5014; x_wconf 79' lang='lat' dir='ltr'><strong>eorum,</strong></span> <span class='ocrx_word' id='word_1_579' title='bbox 2380 4963 2493 5019; x_wconf 90' lang='lat' dir='ltr'><strong>quc</strong></span> <span class='ocrx_word' id='word_1_580' title='bbox 2522 4963 2589 5004; x_wconf 82' lang='lat' dir='ltr'><strong>ex</strong></span> <span class='ocrx_word' id='word_1_581' title='bbox 2618 4965 2732 5022; x_wconf 90' lang='lat' dir='ltr'><strong>quo</strong></span> <span class='ocrx_word' id='word_1_582' title='bbox 2763 4951 3051 5022; x_wconf 83' lang='lat' dir='ltr'><strong>tyrannus</strong></span> <span class='ocrx_word' id='word_1_583' title='bbox 3078 4946 3417 5021; x_wconf 85' lang='lat' dir='ltr'><strong>supervenit</strong></span> <span class='ocrx_word' id='word_1_584' title='bbox 3463 4960 3651 5018; x_wconf 89' lang='lat' dir='ltr'><strong>usque</strong></span> <span class='ocrx_word' id='word_1_585' title='bbox 3698 4943 3759 4999; x_wconf 90' lang='lat' dir='ltr'><strong>in</strong></span> 
     </span>
    </p>
   </div>
   <div class='ocr_carea' id='block_1_87' title="bbox 363 5034 1076 5092">
    <p class='ocr_par' dir='ltr' id='par_1_87' title="bbox 363 5034 1076 5092">
     <span class='ocr_line' id='line_1_87' title="bbox 363 5034 1076 5092; baseline -0.001 -1"><span class='ocrx_word' id='word_1_586' title='bbox 363 5037 546 5091; x_wconf 87' lang='lat' dir='ltr'><strong>strata</strong></span> <span class='ocrx_word' id='word_1_587' title='bbox 568 5034 764 5091; x_wconf 78' lang='lat' dir='ltr'><strong>habuit</strong></span> <span class='ocrx_word' id='word_1_588' title='bbox 802 5037 1076 5092; x_wconf 84' lang='lat' dir='ltr'><strong>etdivisa.</strong></span> 
     </span>
    </p>
   </div>
   <div class='ocr_carea' id='block_1_88' title="bbox 434 5122 2008 5199">
    <p class='ocr_par' dir='ltr' id='par_1_88' title="bbox 434 5122 2008 5199">
     <span class='ocr_line' id='line_1_88' title="bbox 434 5122 2008 5199; baseline 0.001 -21"><span class='ocrx_word' id='word_1_589' title='bbox 434 5122 823 5188; x_wconf 85' lang='lat' dir='ltr'><strong>Quamobrem</strong></span> <span class='ocrx_word' id='word_1_590' title='bbox 858 5125 1110 5181; x_wconf 83' lang='lat' dir='ltr'><strong>civitatis</strong></span> <span class='ocrx_word' id='word_1_591' title='bbox 1133 5125 1479 5183; x_wconf 79' lang='lat' dir='ltr'><strong>Pisanorum</strong></span> <span class='ocrx_word' id='word_1_592' title='bbox 1516 5129 1791 5199; x_wconf 85' lang='lat' dir='ltr'><strong>potestas,</strong></span> <span class='ocrx_word' id='word_1_593' title='bbox 1843 5123 2008 5182; x_wconf 88' lang='lat' dir='ltr'><strong>Tedi-</strong></span> 
     </span>
    </p>
   </div>
   <div class='ocr_carea' id='block_1_89' title="bbox 362 5212 2006 5288">
    <p class='ocr_par' dir='ltr' id='par_1_89' title="bbox 362 5212 2006 5288">
     <span class='ocr_line' id='line_1_89' title="bbox 362 5212 2006 5288; baseline 0 -18"><span class='ocrx_word' id='word_1_594' title='bbox 362 5212 509 5284; x_wconf 88' lang='lat' dir='ltr'><strong>cius,</strong></span> <span class='ocrx_word' id='word_1_595' title='bbox 543 5212 773 5271; x_wconf 79' lang='lat' dir='ltr'><strong>comitis</strong></span> <span class='ocrx_word' id='word_1_596' title='bbox 803 5214 1030 5288; x_wconf 89' lang='lat' dir='ltr'><strong>Ugolini</strong></span> <span class='ocrx_word' id='word_1_597' title='bbox 1066 5214 1244 5285; x_wconf 80' lang='lat' dir='ltr'><strong>ﬁlius,</strong></span> <span class='ocrx_word' id='word_1_598' title='bbox 1277 5232 1343 5272; x_wconf 90' lang='lat' dir='ltr'><strong>ac</strong></span> <span class='ocrx_word' id='word_1_599' title='bbox 1421 5214 1742 5271; x_wconf 86' lang='lat' dir='ltr'><strong>consiliarii</strong></span> <span class='ocrx_word' id='word_1_600' title='bbox 1767 5218 1823 5271; x_wconf 89' lang='lat' dir='ltr'><strong>et</strong></span> <span class='ocrx_word' id='word_1_601' title='bbox 1852 5231 2006 5271; x_wconf 91' lang='lat' dir='ltr'><strong>com-</strong></span> 
     </span>
    </p>
   </div>
   <div class='ocr_carea' id='block_1_90' title="bbox 465 5375 1142 5445">
    <p class='ocr_par' dir='ltr' id='par_1_90' title="bbox 465 5375 1142 5445">
     <span class='ocr_line' id='line_1_90' title="bbox 465 5375 1142 5445; baseline 0 -14"><span class='ocrx_word' id='word_1_602' title='bbox 465 5376 545 5445; x_wconf 63' lang='grc'><strong>40)</strong></span> <span class='ocrx_word' id='word_1_603' title='bbox 578 5375 763 5432; x_wconf 76' lang='lat' dir='ltr'><strong>Marin</strong></span> <span class='ocrx_word' id='word_1_604' title='bbox 802 5392 815 5430; x_wconf 87' lang='lat'><strong>:</strong></span> <span class='ocrx_word' id='word_1_605' title='bbox 851 5377 1142 5432; x_wconf 79' lang='lat' dir='ltr'><strong>teloneum.</strong></span> 
     </span>
    </p>
   </div>
   <div class='ocr_carea' id='block_1_91' title="bbox 460 5446 1999 5520">
    <p class='ocr_par' dir='ltr' id='par_1_91' title="bbox 460 5446 1999 5520">
     <span class='ocr_line' id='line_1_91' title="bbox 460 5446 1999 5520; baseline 0.001 -17"><span class='ocrx_word' id='word_1_606' title='bbox 460 5449 549 5513; x_wconf 76' lang='grc'><strong>41)</strong></span> <span class='ocrx_word' id='word_1_607' title='bbox 582 5448 880 5504; x_wconf 75' lang='lat' dir='ltr'><strong>Laudatur</strong></span> <span class='ocrx_word' id='word_1_608' title='bbox 908 5448 977 5504; x_wconf 85' lang='lat' dir='ltr'><strong>ad</strong></span> <span class='ocrx_word' id='word_1_609' title='bbox 1013 5447 1281 5520; x_wconf 81' lang='lat' dir='ltr'><strong>disposit.</strong></span> <span class='ocrx_word' id='word_1_610' title='bbox 1307 5448 1568 5504; x_wconf 89' lang='lat' dir='ltr'><strong>thronor.</strong></span> <span class='ocrx_word' id='word_1_611' title='bbox 1603 5446 1660 5501; x_wconf 89' lang='lat' dir='ltr'><strong>in</strong></span> <span class='ocrx_word' id='word_1_612' title='bbox 1695 5447 1836 5504; x_wconf 91' lang='lat' dir='ltr'><strong>Coll.</strong></span> <span class='ocrx_word' id='word_1_613' title='bbox 1870 5464 1999 5505; x_wconf 89' lang='lat' dir='ltr'><strong>can.</strong></span> 
     </span>
    </p>
   </div>
   <div class='ocr_carea' id='block_1_92' title="bbox 367 5519 1252 5593">
    <p class='ocr_par' dir='ltr' id='par_1_92' title="bbox 367 5519 1252 5593">
     <span class='ocr_line' id='line_1_92' title="bbox 367 5519 1252 5593; baseline 0 -19"><span class='ocrx_word' id='word_1_614' title='bbox 367 5519 458 5593; x_wconf 39' lang='lat' dir='ltr'><strong>ed:</strong></span> <span class='ocrx_word' id='word_1_615' title='bbox 479 5520 680 5593; x_wconf 21' lang='lat' dir='ltr'><strong>ABhalli</strong></span> <span class='ocrx_word' id='word_1_616' title='bbox 704 5525 761 5577; x_wconf 91' lang='lat' dir='ltr'><strong>et</strong></span> <span class='ocrx_word' id='word_1_617' title='bbox 792 5520 1013 5593; x_wconf 16' lang='lat' dir='ltr'><strong>PoitiAV.</strong></span> <span class='ocrx_word' id='word_1_618' title='bbox 1041 5537 1094 5593; x_wconf 90' lang='lat' dir='ltr'><strong>p.</strong></span> <span class='ocrx_word' id='word_1_619' title='bbox 1114 5519 1252 5593; x_wconf 13' lang='lat'><strong>48,1.</strong></span> 
     </span>
    </p>
   </div>
   <div class='ocr_carea' id='block_1_93' title="bbox 423 5590 1999 5667">
    <p class='ocr_par' dir='ltr' id='par_1_93' title="bbox 423 5590 1999 5667">
     <span class='ocr_line' id='line_1_93' title="bbox 423 5590 1999 5667; baseline 0.003 -25"><span class='ocrx_word' id='word_1_620' title='bbox 423 5590 1207 5667; x_wconf 34' lang='lat' dir='ltr'><strong>&#39;(12)_}:‘:diti_Flaminiddal</strong></span> <span class='ocrx_word' id='word_1_621' title='bbox 1241 5591 1425 5665; x_wconf 87' lang='lat' dir='ltr'><strong>Borgo</strong></span> <span class='ocrx_word' id='word_1_622' title='bbox 1480 5590 1726 5667; x_wconf 70' lang='grc' dir='ltr'><strong>Περιωῃὶ</strong></span> <span class='ocrx_word' id='word_1_623' title='bbox 1778 5590 1999 5667; x_wconf 59' lang='lat' dir='ltr'><strong>Risgm‘,</strong></span> 
     </span>
    </p>
   </div>
   <div class='ocr_carea' id='block_1_94' title="bbox 375 5658 1995 5736">
    <p class='ocr_par' dir='ltr' id='par_1_94' title="bbox 375 5658 1995 5736">
     <span class='ocr_line' id='line_1_94' title="bbox 375 5658 1995 5736; baseline 0.002 -23"><span class='ocrx_word' id='word_1_624' title='bbox 375 5658 507 5713; x_wconf 88' lang='lat' dir='ltr'><strong>Pica</strong></span> <span class='ocrx_word' id='word_1_625' title='bbox 537 5658 696 5729; x_wconf 75' lang='grc'><strong>1765,</strong></span> <span class='ocrx_word' id='word_1_626' title='bbox 728 5664 759 5717; x_wconf 76' lang='grc'>4</span> <span class='ocrx_word' id='word_1_627' title='bbox 788 5678 844 5735; x_wconf 91' lang='lat' dir='ltr'><strong>p.</strong></span> <span class='ocrx_word' id='word_1_628' title='bbox 897 5663 1019 5734; x_wconf 80' lang='grc'><strong>147,</strong></span> <span class='ocrx_word' id='word_1_629' title='bbox 1077 5660 1331 5734; x_wconf 80' lang='lat' dir='ltr'><strong>indeque</strong></span> <span class='ocrx_word' id='word_1_630' title='bbox 1354 5658 1833 5736; x_wconf 57' lang='lat' dir='ltr'><strong>&#39;représentavit</strong></span> <span class='ocrx_word' id='word_1_631' title='bbox 1876 5658 1995 5719; x_wconf 74' lang='grc' dir='ltr'><strong>Βυὲ</strong></span> 
     </span>
    </p>
   </div>
   <div class='ocr_carea' id='block_1_95' title="bbox 2127 5037 3764 5109">
    <p class='ocr_par' dir='ltr' id='par_1_95' title="bbox 2127 5037 3764 5109">
     <span class='ocr_line' id='line_1_95' title="bbox 2127 5037 3764 5109; baseline -0.001 -19"><span class='ocrx_word' id='word_1_632' title='bbox 2127 5051 2370 5109; x_wconf 83' lang='lat' dir='ltr'><strong>presens</strong></span> <span class='ocrx_word' id='word_1_633' title='bbox 2401 5041 2529 5093; x_wconf 88' lang='lat' dir='ltr'><strong>acta</strong></span> <span class='ocrx_word' id='word_1_634' title='bbox 2558 5042 2697 5095; x_wconf 91' lang='lat' dir='ltr'><strong>sunt</strong></span> <span class='ocrx_word' id='word_1_635' title='bbox 2715 5038 2801 5095; x_wconf 91' lang='lat' dir='ltr'><strong>eis</strong></span> <span class='ocrx_word' id='word_1_636' title='bbox 2826 5039 3115 5095; x_wconf 83' lang='lat' dir='ltr'><strong>concessit</strong></span> <span class='ocrx_word' id='word_1_637' title='bbox 3139 5056 3153 5108; x_wconf 91' lang='lat'><strong>;</strong></span> <span class='ocrx_word' id='word_1_638' title='bbox 3175 5037 3555 5093; x_wconf 88' lang='lat' dir='ltr'><strong>immemores</strong></span> <span class='ocrx_word' id='word_1_639' title='bbox 3571 5038 3764 5091; x_wconf 88' lang='lat' dir='ltr'><strong>autem</strong></span> 
     </span>
    </p>
   </div>
   <div class='ocr_carea' id='block_1_96' title="bbox 2126 5125 3769 5201">
    <p class='ocr_par' dir='ltr' id='par_1_96' title="bbox 2126 5125 3769 5201">
     <span class='ocr_line' id='line_1_96' title="bbox 2126 5125 3769 5201; baseline -0.002 -20"><span class='ocrx_word' id='word_1_640' title='bbox 2126 5130 2184 5181; x_wconf 89' lang='lat' dir='ltr'><strong>et</strong></span> <span class='ocrx_word' id='word_1_641' title='bbox 2212 5141 2309 5182; x_wconf 87' lang='lat' dir='ltr'><strong>eos</strong></span> <span class='ocrx_word' id='word_1_642' title='bbox 2339 5127 2461 5182; x_wconf 88' lang='lat' dir='ltr'><strong>fore</strong></span> <span class='ocrx_word' id='word_1_643' title='bbox 2499 5127 2767 5184; x_wconf 90' lang='lat' dir='ltr'><strong>omnium</strong></span> <span class='ocrx_word' id='word_1_644' title='bbox 2790 5128 3189 5201; x_wconf 89' lang='lat' dir='ltr'><strong>negociorum,</strong></span> <span class='ocrx_word' id='word_1_645' title='bbox 3233 5142 3350 5199; x_wconf 88' lang='lat' dir='ltr'><strong>que</strong></span> <span class='ocrx_word' id='word_1_646' title='bbox 3400 5125 3687 5181; x_wconf 85' lang='lat' dir='ltr'><strong>hactenus</strong></span> <span class='ocrx_word' id='word_1_647' title='bbox 3707 5126 3769 5177; x_wconf 83' lang='lat' dir='ltr'><strong>et</strong></span> 
     </span>
    </p>
   </div>
   <div class='ocr_carea' id='block_1_97' title="bbox 2125 5214 3759 5291">
    <p class='ocr_par' dir='ltr' id='par_1_97' title="bbox 2125 5214 3759 5291">
     <span class='ocr_line' id='line_1_97' title="bbox 2125 5214 3759 5291; baseline -0.002 -20"><span class='ocrx_word' id='word_1_648' title='bbox 2125 5231 2312 5288; x_wconf 89' lang='lat' dir='ltr'><strong>usque</strong></span> <span class='ocrx_word' id='word_1_649' title='bbox 2334 5232 2491 5272; x_wconf 89' lang='lat' dir='ltr'><strong>nunc</strong></span> <span class='ocrx_word' id='word_1_650' title='bbox 2521 5234 2586 5273; x_wconf 83' lang='lat' dir='ltr'><strong>ex</strong></span> <span class='ocrx_word' id='word_1_651' title='bbox 2618 5216 2917 5291; x_wconf 88' lang='lat' dir='ltr'><strong>aliquibus</strong></span> <span class='ocrx_word' id='word_1_652' title='bbox 2939 5217 3158 5285; x_wconf 87' lang='lat' dir='ltr'><strong>causis,</strong></span> <span class='ocrx_word' id='word_1_653' title='bbox 3184 5218 3348 5290; x_wconf 89' lang='lat' dir='ltr'><strong>juste</strong></span> <span class='ocrx_word' id='word_1_654' title='bbox 3374 5214 3462 5273; x_wconf 90' lang='lat' dir='ltr'><strong>vel</strong></span> <span class='ocrx_word' id='word_1_655' title='bbox 3520 5214 3759 5286; x_wconf 88' lang='lat' dir='ltr'><strong>injuste,</strong></span> 
     </span>
    </p>
   </div>
   <div class='ocr_carea' id='block_1_98' title="bbox 2122 5375 3755 5449">
    <p class='ocr_par' dir='ltr' id='par_1_98' title="bbox 2122 5375 3755 5449">
     <span class='ocr_line' id='line_1_98' title="bbox 2122 5375 3755 5449; baseline -0.004 -15"><span class='ocrx_word' id='word_1_656' title='bbox 2122 5378 2270 5435; x_wconf 90' lang='lat' dir='ltr'><strong>chon</strong></span> <span class='ocrx_word' id='word_1_657' title='bbox 2304 5377 2593 5436; x_wconf 65' lang='lat' dir='ltr'><strong>Nourelles</strong></span> <span class='ocrx_word' id='word_1_658' title='bbox 2620 5379 2945 5436; x_wconf 75' lang='lat' dir='ltr'><strong>Recherches</strong></span> <span class='ocrx_word' id='word_1_659' title='bbox 2976 5378 3105 5436; x_wconf 79' lang='lat' dir='ltr'><strong>hist.</strong></span> <span class='ocrx_word' id='word_1_660' title='bbox 3137 5395 3229 5433; x_wconf 67' lang='lat' dir='ltr'><strong>sur</strong></span> <span class='ocrx_word' id='word_1_661' title='bbox 3259 5378 3315 5433; x_wconf 80' lang='lat' dir='ltr'><strong>la</strong></span> <span class='ocrx_word' id='word_1_662' title='bbox 3338 5377 3523 5449; x_wconf 80' lang='lat' dir='ltr'><strong>princ.</strong></span> <span class='ocrx_word' id='word_1_663' title='bbox 3573 5375 3755 5446; x_wconf 69' lang='grc' dir='ltr'><strong>[ναηρ.</strong></span> 
     </span>
    </p>
   </div>
   <div class='ocr_carea' id='block_1_99' title="bbox 2119 5450 2835 5522">
    <p class='ocr_par' dir='ltr' id='par_1_99' title="bbox 2119 5450 2835 5522">
     <span class='ocr_line' id='line_1_99' title="bbox 2119 5450 2835 5522; baseline -0.001 -16"><span class='ocrx_word' id='word_1_664' title='bbox 2119 5450 2182 5506; x_wconf 70' lang='lat' dir='ltr'><strong>de</strong></span> <span class='ocrx_word' id='word_1_665' title='bbox 2212 5452 2384 5506; x_wconf 76' lang='grc' dir='ltr'><em>Μονέε</em></span> <span class='ocrx_word' id='word_1_666' title='bbox 2411 5451 2524 5508; x_wconf 90' lang='lat' dir='ltr'><strong>vol.</strong></span> <span class='ocrx_word' id='word_1_667' title='bbox 2554 5451 2622 5518; x_wconf 90' lang='lat' dir='ltr'><strong>ll,</strong></span> <span class='ocrx_word' id='word_1_668' title='bbox 2656 5467 2715 5522; x_wconf 88' lang='lat' dir='ltr'><strong>p,</strong></span> <span class='ocrx_word' id='word_1_669' title='bbox 2749 5452 2835 5506; x_wconf 83' lang='grc'><strong>12.</strong></span> 
     </span>
    </p>
   </div>
   <div class='ocr_carea' id='block_1_100' title="bbox 2189 5515 3757 5594">
    <p class='ocr_par' dir='ltr' id='par_1_100' title="bbox 2189 5515 3757 5594">
     <span class='ocr_line' id='line_1_100' title="bbox 2189 5515 3757 5594; baseline -0.004 -16"><span class='ocrx_word' id='word_1_670' title='bbox 2189 5523 2300 5594; x_wconf 81' lang='grc'>(43)</span> <span class='ocrx_word' id='word_1_671' title='bbox 2329 5523 2517 5579; x_wconf 87' lang='lat' dir='ltr'><strong>Verba</strong></span> <span class='ocrx_word' id='word_1_672' title='bbox 2547 5515 2894 5581; x_wconf 65' lang='lat' dir='ltr'><strong>celsitudinis</strong></span> <span class='ocrx_word' id='word_1_673' title='bbox 2924 5530 3110 5579; x_wconf 68' lang='lat' dir='ltr'><strong>nostra</strong></span> <span class='ocrx_word' id='word_1_674' title='bbox 3151 5521 3268 5578; x_wconf 88' lang='lat' dir='ltr'><strong>huc</strong></span> <span class='ocrx_word' id='word_1_675' title='bbox 3325 5515 3757 5592; x_wconf 87' lang='lat' dir='ltr'><strong>transponenda</strong></span> 
     </span>
    </p>
   </div>
   <div class='ocr_carea' id='block_1_101' title="bbox 2117 5593 2563 5652">
    <p class='ocr_par' dir='ltr' id='par_1_101' title="bbox 2117 5593 2563 5652">
     <span class='ocr_line' id='line_1_101' title="bbox 2117 5593 2563 5652; baseline 0 -3"><span class='ocrx_word' id='word_1_676' title='bbox 2117 5607 2245 5650; x_wconf 88' lang='lat' dir='ltr'><strong>esse</strong></span> <span class='ocrx_word' id='word_1_677' title='bbox 2271 5593 2563 5652; x_wconf 89' lang='lat' dir='ltr'><strong>videntur.</strong></span> 
     </span>
    </p>
   </div>
  </div>
