4028 6202
57 55 434 210 μ’

235 368 330 427 473
1319 359 1705 420 NOVELLJE
1748 359 2449 424 CONSTITUTIONES.

3467 362 3586 419 474

233 493 555 574 producenda
584 490 892 562 habebant,
925 491 1120 565 exigit.
1154 495 1223 548 Et
1253 491 1485 566 quidem
1515 495 1572 547 et
1604 491 1682 546 hii
1707 491 1818 548 cle-
1851 496 1902 562 Α
1935 492 2035 550 illo
2067 494 2334 553 Cbumno
2394 501 2451 554 et
2507 495 2638 553 aliis
2694 495 2986 552 defunctis
3043 497 3100 551 et
3147 492 3586 564 superstitibus,

233 585 414 645 mentis
441 587 624 638 nostre
671 581 1031 637 concessioni
1084 597 1412 655 repugnare
1460 581 1624 638 nullo
1657 581 1828 637 modo

233 678 604 738 decreverunt;
638 687 766 725 cum
829 670 1011 726 multa
1059 687 1193 727 vero
1251 671 1572 743 gratiarum
1607 671 1831 726 actione

231 781 332 822 eam
363 761 749 832 suscipientes,
785 765 1148 815 sacramento
1195 760 1606 816 certitudinem
1641 759 1831 832 imps-

229 855 298 910 rio
326 857 502 908 nostro
535 851 793 906 fecerunt
835 854 956 906 tam
988 851 1060 905 de
1120 847 1428 915 oblivione,
1486 865 1657 919 quam
1691 849 1829 905 civi-

225 949 298 999 tas
325 947 374 997 et
401 946 540 998 terra
571 939 787 994 Pisana
815 939 873 994 in
907 942 1254 1011 perpetuum
1290 936 1587 994 babebu’nt
1628 953 1829 993 eorum

225 1031 455 1086 videlicet
475 1028 735 1084 omnium
767 1029 1157 1100 dampnorum
1177 1044 1288 1099 que
1313 1043 1498 1099 usque
1524 1044 1679 1082 nunc
1701 1027 1829 1099 qui-

221 1120 433 1177 busdam
465 1118 690 1173 Pisanis
722 1135 756 1173 a
787 1117 1022 1173 Romeis
1051 1115 1212 1172 illata
1243 1121 1400 1184 sunt,
1433 1121 1831 1189 quotcumque

222 1216 266 1266 et
291 1207 724 1280 qualiacumque
751 1207 889 1276 sint,
922 1223 1098 1279 quam
1162 1210 1219 1262 et
1249 1206 1318 1260 de
1345 1205 1457 1261 ﬁde
1504 1209 1559 1262 et
1589 1205 1832 1262 servicio

221 1314 366 1371 quam
397 1301 447 1352 et
472 1297 622 1368 quod
659 1296 908 1368 imperio
939 1294 1486 1366 nostro,heredibus
1515 1299 1572 1351 et
1601 1311 1832 1351 succes-

217 1387 414 1445 soribus
445 1386 589 1457 ejus,
624 1384 856 1457 ipsique
891 1383 1174 1440 Romanis
1204 1384 1511 1440 observare
1545 1384 1602 1439 in
1637 1385 1832 1439 futuro

216 1477 417 1533 debent.
449 1474 718 1546 Amptius
765 1475 980 1546 quippe
1038 1473 1326 1530 serenitas
1381 1473 1610 1546 imperii
1646 1473 1830 1529 nostri

215 1581 296 1622 eos
321 1568 618 1635 acceptans
648 1567 707 1618 et
739 1561 1232 1636 supplicationem
1276 1579 1476 1618 eorum
1511 1579 1641 1618 cum
1675 1564 1832 1618 mul-

215 1659 319 1710 tum
345 1651 761 1725 supplicatoria
786 1657 842 1707 et
862 1651 1184 1724 procidenti
1212 1652 1399 1724 ﬁgura
1419 1653 1607 1707 fusam
1635 1653 1705 1708 ad
1730 1669 1831 1708 no-

215 1747 368 1800 stram
399 1741 768 1798 clementiam
801 1741 1143 1809 exaudiens,
1169 1758 1283 1797 non
1317 1741 1506 1797 solum
1540 1742 1831 1798 habitato-

212 1849 286 1888 res
314 1831 549 1901 civitatis
581 1835 639 1886 et
672 1835 822 1888 terre
872 1830 1137 1886 Pisarum
1172 1831 1229 1886 in
1265 1847 1332 1886 ea
1354 1832 1513 1902 jura,
1547 1847 1660 1903 que
1689 1831 1834 1903 ipsis

209 1922 257 1978 in
285 1921 551 1977 Romania
602 1919 920 1992 precollata
977 1920 1227 1989 fuerant,
1260 1920 1488 1976 restitui
1518 1921 1828 1992 concessit,

209 2025 381 2064 verum
433 2010 606 2066 etiam
643 2009 971 2064 secundum
1006 2007 1237 2064 Domini
1271 2009 1622 2066 sententiam
1653 2027 1833 2082 super

209 2116 365 2173 pauca
395 2098 591 2155 ﬁdeles
624 2099 922 2171 reperiens
972 2115 1150 2171 super
1181 2098 1368 2154 multa
1417 2099 1741 2170 constituit,
1774 2103 1830 2155 et

209 2190 264 2244 ad
295 2187 738 2244 notiﬁcationem
772 2204 973 2244 eorum
1007 2187 1386 2260 queimperio
1420 2193 1639 2261 nostro,
1663 2189 1827 2246 hers-

209 2277 355 2333 dibus
384 2282 436 2333 et
466 2277 913 2333 successoribus
944 2278 1072 2348 ejus
1130 2281 1186 2332 et
1219 2277 1500 2334 Romanis
1532 2279 1588 2333 in
1622 2295 1824 2350 perpe-

209 2371 350 2422 tuum
379 2366 485 2437 ipsi
509 2365 754 2438 polliciti
775 2370 996 2434 sunt,et
1019 2381 1219 2421 eorum
1245 2382 1358 2438 que
1384 2367 1657 2423 similiter
1682 2368 1828 2439 ipsis

209 2472 236 2511 ι
259 2455 546 2510 clementia
579 2460 786 2511 nostra
816 2454 1025 2511 collata
1056 2459 1214 2525 sunt,
1250 2473 1488 2528 presens
1513 2456 1824 2528 chrysobo-

207 2543 308 2599 lum
338 2544 570 2601 verbum
602 2544 692 2600 eis
749 2544 1000 2612 donavit,
1060 2545 1367 2600 continens
1423 2546 1493 2601 de
1548 2545 1721 2601 verbo
1753 2547 1822 2602 ad

208 2633 418 2690 verbum
450 2650 515 2690 ea
547 2651 668 2707 que
699 2651 853 2689 nunc
887 2634 957 2690 ab
1011 2634 1083 2690 iis
1117 2640 1286 2707 pacta
1316 2638 1455 2690 sunt
1484 2639 1539 2690 et
1568 2634 1626 2690 in
1656 2635 1825 2690 char-

206 2722 308 2778 tula
337 2721 538 2779 litteris
572 2722 782 2779 latinis
813 2724 1029 2796 scripta
1081 2728 1138 2780 et
1167 2723 1592 2796 subscriptione
1621 2740 1822 2780 eorum

205 2812 517 2868 conﬁrmata
546 2812 978 2886 comprehensa
1036 2817 1177 2870 sunt
1206 2818 1265 2870 et
1310 2830 1508 2870 eorum
1540 2815 1824 2888 corporali

203 2907 540 2959 sacramento
570 2903 968 2971 corroborata,
1003 2906 1061 2959 et
1116 2919 1228 2974 que
1283 2902 1636 2976 plenitudini
1669 2904 1826 2961 Pisa-

201 3007 311 3046 rum
342 2992 489 3048 facta
513 2995 661 3049 sunt
686 2991 1033 3064 cbrysobula
1055 2993 1230 3048 verba
1252 3009 1482 3066 semper
1503 3009 1827 3050 memoran-

204 3080 384 3138 dorum
413 3081 1074 3156 imperatorum,proavi
1106 3081 1327 3139 scilicet
1354 3081 1586 3156 imperii
1617 3083 1822 3154 nostri,

203 3170 398 3226 domini
453 3171 647 3228 Alexii
699 3171 1003 3243 Cemnani,
1055 3175 1112 3228 et
1168 3172 1581 3228 desiratissimi
1632 3173 1823 3246 patrui

204 3259 544 3318 celsitudinis
607 3265 825 3330 nostre,
859 3260 1082 3316 domini
1141 3260 1452 3330 Manuelis,
1487 3262 1543 3316 in
1603 3246 1896 3334 quibusC

198 3349 403 3420 quidem
432 3351 762 3408 recitantur
809 3365 924 3422 que
952 3353 1094 3406 tunc
1143 3368 1176 3407 a
1207 3349 1438 3406 Pisanis
1469 3354 1637 3424 pacta
1666 3351 1826 3408 fuere

197 3443 242 3494 et
268 3455 371 3512 que
401 3458 432 3497 a
467 3443 638 3515 parte
670 3440 952 3497 Romanis
983 3441 1067 3498 eis
1099 3440 1324 3498 collata.

256 3545 426 3602 Habet
481 3547 669 3621 igitur
716 3546 1020 3603 conventio
1077 3547 1295 3620 scripta
1352 3547 1589 3619 quidem
1648 3565 1826 3620 quea

197 3634 482 3691 notiﬁcatis
516 3636 731 3708 legatis
767 3635 1026 3692 Pisarum
1061 3638 1130 3692 ad
1184 3636 1497 3708 imperium
1533 3642 1822 3709 nostrum,

190 3720 404 3781 heredes
432 3732 486 3781 et
520 3740 902 3782 successores
958 3727 1110 3797 ejus,
1142 3730 1197 3782 et
1254 3726 1323 3781 ad
1384 3725 1573 3798 ipsam
1611 3727 1822 3782 Roma-

191 3810 324 3868 niam
355 3814 501 3870 facta
551 3819 664 3884 est,
697 3819 754 3870 et
812 3815 966 3886 quod
1029 3831 1206 3887 super
1237 3831 1361 3872 eam
1417 3817 1820 3888 juramentum

187 3900 381 3959 factum
415 3909 524 3977 est,
561 3905 647 3960 sic
675 3921 687 3960 :

247 4008 374 4076 Nos,
405 4011 584 4085 legati
644 4010 895 4068 civitatis
928 4014 984 4067 et
1041 4015 1192 4067 terre
1247 4010 1476 4080 Pisans,
1511 4011 1823 4069 Rainerius

191 4097 405 4155 Gaetani
435 4106 491 4157 et
520 4101 783 4173 Sigerius
804 4101 1007 4173 judex,
1042 4100 1208 4156 missi
1243 4117 1274 4157 a
1303 4100 1556 4168 Tedicio,
1591 4101 1822 4158 comitis

193 4184 393 4257 Ugolini
425 4190 568 4259 ﬁlio,
605 4195 891 4262 potestate
922 4189 1172 4247 civitatis
1225 4195 1280 4246 et
1310 4195 1461 4246 terre
1493 4190 1721 4259 Pisane,
1756 4208 1822 4248 ac

188 4278 515 4336 consiliariis
549 4281 795 4351 ipsoque
841 4279 1140 4335 communi
1171 4281 1299 4351 ejus
1359 4280 1429 4335 ad
1462 4279 1818 4336 altissimum

186 4363 574 4438 imperatorem
610 4372 959 4424 Romeorum
991 4373 1048 4425 et
1103 4385 1338 4441 semper
1367 4374 1684 4441 augustum
1718 4371 1818 4427 do-

188 4454 391 4512 minum
426 4458 722 4513 Isaakium
751 4457 1125 4532 Angelum,et
1154 4458 1487 4530 injunctum
1512 4459 1584 4514 ab
1607 4459 1690 4516 eis
1713 4459 1817 4517 ha-

190 4541 369 4602 bentes
426 4547 661 4619 peteudi
723 4548 794 4602 ab
855 4547 1206 4620 imperatore
1252 4553 1309 4605 et
1366 4549 1652 4605 Romania
1684 4567 1819 4623 prs-

1939 582 2196 656 dampna
2229 585 2392 642 illata
2421 586 2667 656 Pisanis,
2700 603 2766 642 ex
2797 601 2912 657 quo
2949 584 3280 640 notiﬁcatus
3311 583 3584 638 dominus

1937 673 2306 729 Andronicus
2335 674 2686 731 Romeorum
2721 674 2932 730 invasit
2964 673 3274 744 imperium
3309 676 3364 727 et
3398 687 3586 743 usque

1941 766 2292 834 nunc,atque
2315 764 2614 820 subtracta
2637 763 2921 819 solemnia
2949 761 3191 819 ecclesie
3220 761 3430 816 Pisans
3452 760 3587 816 civi-

1939 850 2075 905 tatis
2133 855 2189 906 et
2247 852 2682 925 archiepiscopo
2743 869 3030 907 annorum
3094 855 3222 906 octo
3279 855 3337 905 et
3397 867 3583 921 usque

1939 955 2116 1010 nunc,
2177 945 2233 996 et
2264 941 2524 996 redditus
2580 941 2794 997 emboli
2827 957 3049 1007 eorum,
3109 944 3167 995 et
3223 939 3581 1011 reliquorum

1941 1030 2328 1085 attenentium
2361 1031 2467 1102 eis,
2500 1036 2558 1086 et
2613 1031 2684 1085 ab
2733 1030 2817 1086 eis
2861 1035 3059 1086 exacta
3116 1029 3497 1096 commertia;
3533 1033 3590 1085 et

1941 1119 1992 1173 si
2024 1118 2128 1174 hec
2178 1121 2381 1175 eadem
2442 1120 2766 1190 reperimus
2822 1120 3031 1193 agendi
3093 1122 3285 1191 grates
3343 1119 3588 1191 imperio

1939 1217 2068 1287 ejus
2099 1221 2323 1286 sancto;
2357 1222 2414 1274 et
2468 1217 2906 1274 conventionem
2968 1218 3267 1274 assiduam
3297 1221 3352 1272 ct
3383 1232 3587 1289 perpe-

1940 1309 2103 1360 tuam
2140 1307 2347 1362 tactam
2411 1307 2883 1379 progenitoribus
2942 1307 3090 1377 ejus,
3135 1306 3587 1378 imperatoribus

1940 1393 2179 1450 domino
2211 1395 2410 1451 Alexio
2445 1396 2741 1452 Cemnano
2771 1401 2827 1452 et
2861 1394 2978 1450 ﬁlio
3011 1397 3156 1465 ejus,
3191 1394 3586 1468 Porphyroge—

1941 1483 2063 1540 nite
2094 1485 2328 1540 domino
2358 1487 2567 1541 Joanni
2604 1490 2655 1540 et
2717 1491 2925 1558 patruo
2981 1485 3211 1557 imperii
3244 1484 3372 1555 ejus
3403 1484 3588 1538 sancti

1941 1573 2179 1629 domino
2241 1574 2514 1644 Manueli,
2565 1579 2622 1630 et
2669 1574 2985 1630 heredibus
3031 1579 3090 1630 et
3149 1573 3593 1630 successoribus

1941 1664 2072 1735 ejus
2105 1663 2335 1736 ipsique
2367 1665 2672 1731 Romanis,
2699 1668 2876 1735 atque
2907 1664 3209 1720 servitium
3244 1667 3590 1734 perpetuum

1941 1756 1997 1808 et
2027 1752 2332 1808 assiduum
2394 1753 2706 1809 renovandi
2767 1757 2822 1810 et
2871 1753 3258 1825 jurejurando
3319 1753 3588 1808 corrobo-

1943 1839 2109 1894 randi
2138 1865 2151 1908 ;
2183 1839 2232 1895 si
2263 1856 2397 1897 vero
2430 1840 2533 1896 hec
2563 1841 2762 1896 eadem
2816 1841 3128 1913 imperium
3164 1842 3290 1912 ejus
3323 1846 3590 1897 sanctum

1941 1945 2054 1983 non
2089 1928 2398 2002 adimplet,
2429 1929 2542 1986 alio
2572 1946 2704 1986 vero
2749 1930 2921 1986 modo
2953 1930 3148 2002 aliquo
3205 1931 3586 1987 restauratio-

1940 2034 2073 2073 nem
2109 2018 2248 2075 facit
2303 2019 2603 2074 communi
2657 2018 2921 2074 Pirarum
2977 2019 3228 2074 civitatis
3259 2019 3584 2092 placentem

1940 2106 2128 2179 nobis,
2188 2107 2391 2180 sicque
2461 2107 2634 2164 etiam
2709 2108 3077 2164 manifestam
3140 2108 3584 2164 conventionem

1938 2201 2306 2252 sacramento
2364 2197 2749 2252 conﬁrmandi
2777 2223 2791 2266 ;
2849 2199 3129 2269 quoniam
3163 2199 3235 2254 ad
3269 2197 3581 2269 imperium

1938 2287 2068 2357 ejus
2100 2291 2366 2342 sanctum
2404 2287 2794 2359 pervenimus,
2835 2293 2894 2342 et
2940 2287 2997 2341 in
3033 2295 3342 2358 conspectu
3396 2287 3582 2358 maje-

1936 2375 2106 2431 statis
2137 2377 2264 2446 ejus
2295 2381 2554 2432 astantes
2584 2377 2740 2448 piam
2775 2378 2902 2448 ejus
2935 2376 3340 2432 celsitudinem
3376 2376 3581 2432 adora-

1934 2465 2147 2537 vimus,
2177 2469 2233 2521 et
2262 2466 2428 2522 nobis
2458 2466 2740 2537 injunctis
2771 2467 3131 2522 sufﬁcienter
3161 2465 3425 2522 tractatis
3452 2481 3577 2520 om-

1935 2554 2111 2611 nibus
2142 2555 2400 2628 quidem,
2433 2573 2546 2629 que
2604 2557 2926 2627 poscimus,
2961 2556 3129 2628 potiri
3182 2555 3576 2625 nequivimus,

1936 2646 2073 2718 quia
2103 2651 2157 2701 et
2188 2644 2521 2701 sublimitas
2545 2646 2772 2718 imperii
2796 2646 2926 2718 ejus
2956 2645 3142 2702 sancti
3175 2644 3431 2701 vicissim
3459 2644 3577 2700 exi-

1933 2734 2106 2808 gebat
2135 2751 2168 2790 a
2199 2735 2370 2791 nobis
2399 2736 2614 2790 damna
2645 2752 2676 2791 a
2723 2735 3072 2807 quibusdam
3108 2733 3336 2790 Pisanis
3365 2734 3576 2788 Roma-

1933 2822 2031 2880 nis
2061 2823 2416 2896 quibusdam
2448 2823 2620 2880 terris
2675 2824 3037 2897 diversisque
3069 2823 3304 2880 Romeis
3333 2839 3435 2896 per
3461 2826 3574 2878 ter-

1933 2929 2058 2969 ram
2092 2917 2148 2970 et
2178 2930 2338 2969 mare
2368 2912 2568 2983 illata;
2603 2913 2891 2970 modestia
2927 2928 3064 2969 vero
3107 2916 3165 2969 et
3193 2912 3577 2985 magniﬁcen-

1933 3001 2016 3058 tia
2045 3002 2333 3075 impcriali
2359 3003 2664 3075 dignatum
2684 3007 2774 3060 est
2793 3004 2923 3076 ejus
2943 3007 3213 3058 sanctum
3236 3001 3572 3074 imperium,

1935 3115 2038 3173 pro
2097 3101 2374 3158 omnibus
2430 3117 2542 3173 quc
2600 3101 2900 3174 poscimus
2959 3105 3016 3158 et
3067 3101 3340 3174 superius
3396 3099 3580 3156 relata

1935 3193 2096 3260 sunt,
2129 3195 2367 3263 excepto
2399 3196 2603 3248 mutuo
2651 3192 2802 3247 facto
2840 3190 3310 3260 sebastocratori,
3343 3193 3578 3244 mutua-

1934 3278 2250 3336 toribus'in
2287 3280 2628 3336 memoriam
2661 3281 2790 3336 dive
2820 3281 3075 3353 potentic
3101 3280 3229 3350 ejus
3259 3294 3578 3334 consensu-

1935 3384 2048 3440 que
2079 3369 2261 3425 nostri
2296 3385 2357 3424 se
2403 3369 2789 3441 jactantibus,
2833 3368 3034 3442 largiri
3092 3368 3299 3424 Pisans
3329 3365 3580 3422 civitatis

1934 3458 2233 3514 communi
2266 3474 2378 3532 que
2408 3473 2476 3514 ex
2507 3458 2854 3515 muneribus
2902 3473 3134 3529 semper
3170 3455 3578 3512 memorando-

1935 3564 2064 3602 rum
2097 3547 2540 3620 imperatorum,
2601 3548 2824 3604 domini
2873 3547 3055 3602 Alexii
3113 3555 3169 3602 et
3211 3544 3427 3601 domini
3458 3548 3575 3599 Ma-

1935 3636 2144 3705 nuelis,
2181 3655 2211 3692 a
2243 3638 2413 3693 nobis
2446 3638 2670 3709 pridem
2699 3637 2756 3692 in
2785 3653 2997 3710 magna
3029 3635 3174 3693 urbe
3197 3634 3574 3708 possideban-

1933 3729 2067 3782 tur:
2101 3725 2396 3782 embolum
2457 3726 2748 3794 videlicet,
2805 3726 3110 3782 ecclesiam
3173 3741 3302 3781 cum
3337 3723 3516 3780 altera
3547 3739 3579 3778 a

1933 3815 2367 3872 contribulibus
2399 3815 2616 3872 nostris
2645 3817 2797 3872 intra
2828 3816 3107 3871 terminos
3132 3819 3360 3871 nostros
3391 3818 3580 3870 erecta

1931 3905 2198 3973 ecclesia,
2231 3911 2287 3961 et
2316 3903 2632 3961 littoralem
2683 3903 2899 3962 scalam
2928 3922 2941 3974 ;
2998 3904 3130 3977 plus
3157 3921 3288 3960 vero
3318 3903 3411 3958 his
3442 3903 3579 3958 dare

1932 3995 2150 4052 civitati
2184 4003 2396 4063 nostre,
2456 4000 2668 4067 etque
2725 3996 2784 4050 in
2841 3995 3104 4050 faciendo
3161 3993 3328 4050 nobis
3360 3991 3578 4065 pratico

1930 4083 2267 4140 traditionis
2299 4100 2501 4141 eorum
2536 4101 2647 4157 que
2679 4102 2856 4158 super
2901 4084 3126 4157 pridem
3166 4084 3335 4139 nobis
3366 4083 3581 4138 tradita

1931 4181 2140 4240 collata
2172 4188 2332 4253 sunt,
2387 4183 2884 4240 notiﬁcabuntur:
2919 4183 3065 4253 quod
3116 4181 3338 4238 scilicet
3363 4181 3578 4254 practi-

1931 4289 2064 4328 cum
2098 4290 2216 4328 una
2245 4289 2378 4328 cum
2413 4273 2677 4329 faciendo
2708 4271 2996 4344 imperiali
3023 4271 3318 4327 adorando
3347 4270 3580 4342 chryso-

1929 4361 2068 4418 bulo
2099 4362 2155 4417 in
2191 4362 2431 4419 secretis
2461 4366 2792 4430 sternetur;
2826 4378 3102 4418 renovare
3133 4377 3362 4432 quoque
3388 4360 3458 4414 ab
3493 4359 3577 4413 in-

1930 4452 2109 4508 stanti
2142 4455 2402 4524 tempore
2459 4451 2837 4524 largicionem
2901 4449 3182 4506 solemnis
3241 4452 3438 4504 nostre
3480 4463 3575 4502 cc-

1930 4541 2125 4611 clesie,
2185 4543 2644 4615 quingentorum
2723 4541 2988 4596 videlicet
3051 4553 3463 4612 ypsrperorum
3522 4541 3578 4592 ct

191 4640 495 4693 mutuatam
526 4637 836 4710 pecuniam
869 4655 902 4694 a
945 4638 1297 4708 quibusdam
1331 4641 1561 4697 Pisanis
1594 4643 1818 4698 Andro-
1854 4624 1898 4690 D
1931 4631 2180 4687 duorum
2215 4631 2528 4704 Paulm‘um
2557 4649 2570 4699 ;
2622 4632 2834 4687 add!”
2890 4633 3084 4685 autem
3113 4632 3170 4684 εὶ
3199 4627 3313 4684 alia
3341 4630 3573 4683 centum

192 4723 305 4779 nico
334 4725 412 4782 illi
471 4725 627 4782 male
685 4727 984 4798 memorie,
1045 4744 1178 4784 cum
1239 4729 1430 4785 adhuc
1479 4730 1819 4788 felicissimo

188 4807 515 4882 imperatore
546 4813 784 4869 domino
814 4813 1078 4870 Manuele
1113 4815 1173 4870 in
1203 4816 1322 4872 vita
1349 4817 1636 4875 existente
1669 4819 1818 4876 noti-

186 4897 368 4957 ﬁcatus
399 4903 676 4958 dominus
711 4903 1072 4960 Andronicus
1103 4903 1520 4977 Hierosolymis
1541 4908 1816 4981 degeret;

191 5002 280 5043 nec
310 5006 417 5046 non
451 4995 507 5047 ct
535 5008 567 5047 a
625 4990 977 5063 quibusdam
1029 4992 1185 5066 aliis,
1239 4993 1507 5051 videlicet
1537 4997 1817 5054 Teodisco

191 5075 250 5131 de
299 5079 702 5153 Picicasegale,
764 5081 1001 5138 Simone
1079 5083 1354 5140 Cimicosi
1432 5089 1489 5140 et
1562 5085 1816 5144 Gcrardo

189 5167 398 5222 Antonii
457 5175 513 5225 et
587 5169 848 5242 reliquis,
912 5175 1238 5230 mutuatam
1312 5173 1814 5231 desideratissimo

189 5251 331 5311 fratri
364 5259 576 5314 domini
639 5259 1010 5332 imperatoris
1070 5263 1422 5320 Romeorum
1475 5267 1533 5319 et
1583 5279 1814 5336 semper

188 5348 396 5418 augusti
429 5347 650 5404 domini
683 5349 892 5405 Isaakii
924 5351 1147 5424 Angeli,
1183 5352 1521 5410 felicissimo
1557 5357 1812 5409 sevasto-

186 5437 373 5490 cratori
407 5437 639 5494 domino
671 5436 866 5494 Alexio
922 5440 1162 5511 Angelo,
1217 5459 1348 5498 cum
1384 5460 1416 5498 a
1446 5442 1657 5500 comite
1687 5443 1811 5499 Tri-

192 5522 325 5592 polis
354 5527 619 5583 detentus
651 5531 845 5596 esset;
895 5528 1034 5585 item
1067 5535 1123 5587 et
1179 5548 1245 5588 ea
1288 5549 1401 5604 qus
1457 5534 1528 5589 ab
1561 5532 1810 5588 homini-

187 5609 285 5668 bus
313 5614 534 5687 imperii
594 5617 721 5688 ejus
775 5619 985 5688 sancti,
1044 5619 1330 5678 sciliceta
1385 5621 1810 5696 protobonora-

187 5699 402 5760 tissime
431 5721 704 5779 supremo
758 5721 972 5781 magno
1020 5707 1317 5782 logotbeta
1346 5711 1444 5769 illo
1497 5715 1554 5770 et
1582 5716 1810 5772 sevasto

1929 4737 2231 4794 yperpcra,
2265 4726 2321 4776 et
2369 4721 2583 4777 salaria
2641 4719 3078 4792 archiepiscopo
3135 4717 3386 4773 civitatis
3414 4715 3574 4771 Pisa-

1930 4827 2059 4866 rum
2095 4810 2397 4882 sexaginta
2454 4826 2783 4866 annuorum
2839 4823 3252 4882 yperperorum
3311 4811 3368 4863 et
3399 4805 3576 4861 unius

1929 4899 2110 4973 pallii,
2143 4905 2198 4954 e',
2256 4916 2435 4971 super
2494 4899 2598 4954 hec
2639 4915 2884 4970 persons
2941 4895 3360 4969 archiepiscopi
3395 4895 3576 4966 hujus

1928 4987 2027 5060 qui
2059 5003 2215 5043 nunc
2236 4991 2324 5042 est
2345 4985 2595 5043 civitatis
2629 4986 2890 5042 Pisarum
2916 4987 3128 5042 addere
3151 4985 3265 5042 alia
3295 5000 3577 5058 yperpera

1927 5077 2356 5151 quadraginta;
2390 5077 2608 5133 donare
2639 5080 2836 5132 autem
2891 5077 3155 5132 Pisarum
3189 5082 3243 5132 et
3273 5074 3328 5129 in
3365 5074 3436 5130 iis
3463 5090 3576 5146 que

1925 5169 1995 5224 de
2027 5167 2315 5224 Romania
2347 5166 2418 5223 ab
2447 5165 2594 5239 ipsis
2615 5171 2892 5223 emuntur
2922 5170 2979 5222 et
3010 5166 3487 5232 venduntur,tam
3514 5164 3571 5218 in

1925 5275 2140 5332 magna
2172 5257 2315 5314 urbe
2369 5273 2543 5329 quam
2576 5257 2634 5311 in
2697 5256 2902 5312 ceteris
2948 5253 3228 5312 Romanis
3284 5252 3572 5326 partibus,

1924 5356 2252 5414 libertatem
2313 5355 2648 5412 commercii
2707 5354 2904 5423 talem,
2938 5353 3130 5425 qualis
3187 5354 3323 5408 data
3369 5355 3458 5407 est
3487 5351 3574 5407 eis

1927 5446 1984 5503 in
2015 5445 2368 5520 cbrysobulo
2419 5444 2566 5517 ipsis
2617 5445 2767 5501 tacto
2799 5461 3031 5515 semper
3064 5440 3422 5498 memorandi
3459 5439 3568 5495 im~

1921 5536 2228 5609 peratoris,
2259 5533 2480 5590 domini
2528 5533 2733 5601 Alexii,
2784 5534 2842 5589 in
2876 5532 2952 5588 iis
3008 5547 3121 5604 que
3151 5531 3222 5586 de
3251 5528 3422 5585 terris
3453 5546 3565 5584 non

1921 5623 2366 5697 subjacentibus
2442 5623 2705 5681 servituti
2779 5621 3012 5696 imperii
3083 5621 3433 5678 Romeorum
3493 5619 3565 5676 ab

1919 5715 2066 5787 ipsis
2098 5713 2153 5771 in
2189 5729 2463 5788 magnam
2499 5713 2704 5772 urbem
2742 5714 3077 5786 afferentur,
3105 5725 3462 5784 quamquam
3499 5725 3565 5767 ex
3601 5777 3604 5784 1
