4028 6202
389 361 508 422 475

1703 366 1959 426 lSAACI
2005 366 2288 427 ANGELl
2334 368 2496 429 1MP.

3663 376 3766 436 ιτδ

397 493 747 566 hujusmodi
808 495 1156 570 chrysobulo
1189 503 1466 569 appareat
1518 516 1617 555 eos
1673 501 1882 555 debere
1912 500 2050 554 dare
2079 505 2133 572 Α
2163 500 2317 570 quod
2352 499 2612 572 predicte
2659 501 2918 571 potestas
2948 499 3247 555 communi
3286 499 3516 558 consilio
3546 502 3763 564 civitatis

393 586 804 642 commertium
840 585 898 640 in
959 585 1053 652 iis,
1085 587 1408 642 secundum
1467 590 1623 660 quod
1656 589 1768 662 ipsi
1801 587 2000 644 Romei
2029 613 2042 654 ;

391 672 686 732 licentiam
719 691 852 730 vero
911 676 1048 729 dare
1099 677 1270 732 nobis
1327 679 1533 749 agendi
1595 679 1916 734 secundum
1962 677 2044 731 le-

395 778 495 835 ges
528 763 584 817 in
615 765 892 834 quosdam
951 763 1214 819 homines
1265 766 1469 837 ipsius,
1526 767 1625 839 qui
1657 767 1891 822 servilia
1920 770 2042 820 tra-

397 856 699 907 ctaverunt
726 853 844 907 fisci
871 859 926 907 et
947 853 1298 924 quibusdam
1327 856 1553 911 Pisanis
1577 857 1930 928 injustitiam
1955 857 2042 910 in-

395 941 676 1008 tulerunt,
710 958 776 996 eo
810 943 962 1013 quod
1001 945 1342 1014 petebamus
1379 946 1616 1016 quidem
1650 947 1722 1001 ab
1756 944 2042 1017 imperiali

395 1029 670 1084 thesauro
702 1031 960 1101 dampna
1021 1032 1181 1088 illata
1215 1035 1564 1102 quibusdam
1621 1035 1850 1091 Pisanis
1881 1052 1914 1089 a
1946 1035 2042 1089 de-

395 1118 614 1173 functis
673 1120 1010 1175 hominibus
1069 1121 1435 1179 celsitudinis
1495 1127 1641 1196 ejus,
1700 1141 1812 1179 non
1847 1129 2042 1179 autem

394 1207 648 1263 exauditi
683 1208 902 1264 fuimus
925 1209 1202 1280 quoniam
1227 1211 1304 1266 rei
1340 1230 1708 1284 nequaquam
1742 1213 2042 1285 reperiun-

394 1300 495 1350 tur
523 1296 768 1367 ideoque
826 1299 1058 1365 negotia
1117 1316 1229 1353 non
1281 1309 1449 1355 erant
1507 1302 1834 1366 manifesta,
1867 1309 1924 1357 et
1967 1302 2041 1356 ob

396 1385 549 1439 hanc
582 1401 699 1438 rem
735 1386 1076 1440 desistimus
1108 1389 1178 1442 ab
1211 1388 1282 1443 iis
1311 1395 1537 1461 sponte,
1585 1391 1711 1446 sine
1742 1390 1903 1446 illata
1933 1407 2040 1445 no-

399 1472 490 1528 bis
520 1472 572 1526 vi
608 1472 819 1543 aliqua,
853 1475 925 1528 ob
974 1477 1456 1533 restaurationem
1505 1497 1607 1550 pro
1639 1479 1731 1546 iis,
1775 1486 1837 1535 ut
1869 1496 2040 1551 supe-

397 1562 520 1616 rius
553 1561 772 1616 dictum
806 1567 895 1617 est
926 1564 1136 1620 factam
1172 1567 1456 1622 universis
1496 1568 1926 1624 habitatoribus
1956 1569 2040 1624 ci-

393 1652 588 1706 vitatis
618 1656 673 1706 et
705 1657 854 1708 terre
886 1655 1130 1723 Pisano;
1177 1657 1503 1729 recepimus
1549 1659 1889 1729 hujusmodi
1920 1660 2040 1732 pla-

397 1757 534 1796 cens
566 1742 734 1796 nobis
763 1742 1100 1815 largifluum
1150 1763 1360 1802 munus
1393 1749 1752 1804 serenissimi
1796 1754 1852 1804 et
1883 1765 2038 1805 sem-

397 1848 501 1904 pcr
557 1834 789 1903 augusti
853 1836 1223 1906 imperatoris
1281 1839 1501 1894 domini
1562 1841 1770 1896 Isaakii
1816 1841 2040 1914 Angeli,

397 1921 550 1992 quod
585 1922 895 1991 imperium
929 1926 1057 1994 ejus
1089 1931 1357 1982 sanctum
1401 1934 1595 1984 nostre
1620 1935 1769 1986 tcrre
1802 1930 1955 1995 fecit,
1988 1933 2044 1986 et

395 2009 673 2065 oblivioni
707 2014 1000 2070 tradentes
1031 2017 1228 2071 omnia
1249 2033 1362 2088 que
1393 2019 1690 2089 petiimus,
1723 2023 1788 2074 ut
1821 2019 2042 2074 dictum

396 2103 504 2162 est,
537 2116 647 2171 que
679 2105 736 2156 et
764 2104 1035 2174 superius
1067 2106 1307 2160 recitata
1329 2109 1774 2179 sunt,quoniam
1809 2109 2044 2180 quidem

397 2194 454 2245 et
487 2190 797 2263 imperium
833 2195 958 2264 ejus
989 2201 1254 2252 sanctum
1281 2198 1603 2253 abolicione
1624 2199 1730 2270 [ω]
1762 2200 2044 2272 dampno-

398 2297 529 2335 rum
567 2298 752 2353 usque
811 2301 965 2338 nunc
1027 2285 1365 2342 hominibus
1427 2289 1707 2344 Romanie
1749 2287 2045 2344 illatorum

400 2369 570 2425 nobis
600 2370 786 2428 facere
815 2373 1120 2446 dignatum
1155 2380 1283 2444 est;
1334 2393 1464 2432 ecce
1497 2394 1600 2448 per
1630 2395 1869 2449 presens
1900 2377 2045 2434 scri-

401 2463 570 2531 ptum
606 2466 893 2531 nostrum,
955 2465 1172 2520 debens
1228 2470 1284 2520 et
1343 2466 1626 2538 corporali
1685 2471 2046 2523 sacramento

403 2554 602 2604 nostro
635 2567 701 2604 ac
732 2551 1266 2624 subscriptionibus
1310 2573 1519 2612 manus
1552 2560 1768 2628 nostra,
1801 2556 2044 2626 sigillis-

404 2653 517 2710 que
547 2639 923 2720 ecclesiarum
975 2642 1031 2696 in
1068 2660 1278 2716 magna
1308 2646 1452 2700 urbe
1481 2645 1853 2701 cxistentium
1891 2647 2048 2702 Pisa-

405 2745 638 2799 norum,
671 2731 890 2784 summi
947 2732 1191 2803 apostoli
1255 2735 1402 2789 Petri
1462 2740 1518 2790 et
1574 2737 1760 2791 sancti
1806 2735 2046 2804 Nicolai,

404 2817 791 2885 corroborari,
825 2821 1260 2877 conventionem
1325 2824 1570 2880 facimus
1624 2826 1694 2881 ad
1736 2826 2048 2897 imperium

405 2905 534 2976 ejus
567 2911 859 2974 sanctum,
894 2908 1136 2966 heredes
1192 2917 1249 2968 et
1292 2929 1660 2970 successores
1708 2917 1856 2987 ejus,
1891 2920 1946 2971 et
1976 2916 2047 2970 ad

407 2993 597 3065 ipsam
633 2994 978 3052 Romaniam
1004 3016 1017 3054 :
1052 3001 1202 3072 quod
1227 3002 1554 3058 observabit
1579 3003 1780 3060 civitas
1812 3010 1866 3058 et
1896 3008 2051 3060 terra

409 3082 621 3140 Pisana
651 3089 708 3140 et
738 3086 865 3158 ipsa
910 3093 1187 3160 potestas,
1221 3096 1276 3146 et
1304 3093 1402 3164 qui
1453 3110 1555 3164 per
1585 3098 1846 3166 tempora
1880 3098 2051 3148 erunt

407 3177 706 3229 senatores
733 3180 834 3231 aut
861 3178 1179 3234 consiliarii
1211 3181 1329 3237 sive
1359 3183 1628 3238 consules
1659 3186 1760 3237 aut
1791 3187 2048 3254 potesta-

407 3266 498 3317 tes
528 3267 586 3318 et
632 3265 918 3336 capitanei
981 3273 1037 3322 et
1067 3276 1340 3333 rectores.
1394 3271 1708 3344 ipsumque
1738 3287 2051 3329 commune
2083 3257 2125 3322 Ο
2164 3277 2355 3332 adhuc
2414 3277 2631 3333 factum

407 3351 620 3406 Pisane
648 3352 919 3422 civitatis,
951 3372 1020 3411 ea
1075 3375 1187 3429 que
1213 3376 1394 3431 supra
1453 3361 1768 3417 nominatis
1816 3377 2049 3434 semper

410 3443 808 3498 memorandis
840 3444 1296 3516 imperatoribus
1367 3450 1606 3506 domino
1652 3451 1848 3507 Alexio
1879 3451 2051 3507 Com-

411 3545 561 3584 neno
610 3537 666 3586 et
694 3532 812 3588 tilio
843 3535 970 3603 ejus
1019 3537 1515 3612 Porphyrogenito
1575 3541 1813 3595 domino
1843 3540 2052 3595 Joanni

411 3634 476 3673 ac
561 3625 767 3691 patruo
851 3623 1078 3695 imperii
1180 3629 1308 3696 ejus
1409 3629 1647 3684 domino
1747 3628 2051 3697 Manueli,

410 3715 579 3782 pacta
608 3716 766 3767 sunt.
799 3713 866 3768 Et
900 3715 999 3770 hec
1030 3717 1228 3771 omnia
1259 3718 1482 3788 jurabit
1535 3720 1664 3791 ipsa
1713 3723 1968 3790 potestas
1999 3723 2056 3774 et

412 3799 683 3856 meliores
713 3818 778 3856 ac
827 3803 1022 3874 ipsum
1082 3821 1394 3862 commune
1441 3808 1694 3864 civitatis
1747 3809 1969 3878 Pisane,
2001 3812 2059 3862 et

412 3888 754 3959 hujusmodi
814 3900 1246 3949 sacramentum
1309 3898 1610 3952 annuatim
1677 3898 2055 3967 renovabunt,

413 3979 741 4032 secundum
776 3982 929 4050 quod
963 3982 1294 4052 specialiter
1323 3986 1392 4040 de
1430 3986 1768 4056 hujusmodi
1802 3988 2058 4058 capitulo

415 4072 654 4138 pactum
687 4072 775 4122 est
807 4085 841 4122 a
897 4069 1128 4126 civitate
1159 4078 1216 4126 et
1271 4079 1425 4128 terra
1469 4079 1668 4130 nostra
1725 4077 1793 4130 ad
1830 4092 2062 4148 semper

419 4157 866 4211 memorandum
891 4157 1319 4230 imperatorem,
1343 4163 1646 4219 dominum
1672 4165 2058 4222 Manuelem.»

491 4261 933 4318 Sacramentum
987 4282 1184 4322 verum
1240 4251 1651 4343 eorum'super
1705 4270 1810 4325 hec
1843 4272 2062 4328 factum

423 4349 600 4406 habet
629 4351 713 4406 sic
738 4369 751 4407 :

495 4481 521 4507 ‹‹
559 4462 699 4527 Nos,
733 4458 904 4533 legati
941 4461 1192 4518 civitatis
1223 4467 1279 4519 ct
1312 4469 1463 4522 terre
1494 4467 1722 4540 Pisans,
1758 4469 2066 4526 Rainerius

421 4547 660 4604 Gaetani
693 4553 750 4606 et
798 4551 979 4622 judex
1035 4551 1313 4624 Sigerius,
1376 4555 1541 4612 missi
1603 4558 1673 4612 ad
1708 4558 2064 4614 altissimum

2153 587 2223 641 de
2253 586 2346 642 his
2379 588 2530 642 facto
2563 587 2726 642 dedit
2763 588 2935 642 nobis
2989 588 3333 643 mandatum
3365 589 3583 659 iurandi
3612 609 3764 664 super

2154 676 2413 731 animam
2445 692 2636 746 suam,
2683 676 3128 732 conventionem
3161 694 3192 730 a
3247 676 3454 731 Pisana
3481 678 3693 737 civitate
3717 689 3762 739 et

2153 769 2308 819 terra
2341 765 2548 820 Pisans
2604 781 2835 836 semper
2892 765 3270 820 memorando
3329 765 3759 837 imperatorido-

2156 855 2315 908 mino
2377 853 2632 909 Manueli
2693 855 2904 909 factam
2962 853 3299 925 imperatori
3349 854 3676 912 Romeorum
3715 867 3763 916 et

2155 959 2386 1014 semper
2417 948 2666 1016 augusto
2699 944 2933 998 domino
2959 943 3184 998 Isaakio
3209 943 3447 1015 Angelo,
3472 947 3759 1006 secundum

2155 1033 2306 1103 quod
2340 1036 2400 1088 et
2426 1032 2509 1086 illi
2545 1032 2655 1087 fuit
2701 1033 2923 1102 jurata,
2956 1036 3010 1088 et
3055 1032 3210 1104 quod
3243 1049 3309 1087 ea
3367 1049 3475 1103 que
3507 1051 3600 1105 pro
3629 1051 3761 1094 com-

2157 1122 2320 1176 muni
2343 1125 2400 1176 et
2429 1121 2784 1193 quibusdam
2819 1120 2951 1176 aliis
2997 1120 3263 1192 personis
3297 1121 3642 1192 petebamus,
3672 1143 3764 1198 que

2156 1214 2214 1264 et
2242 1210 2300 1264 in
2335 1210 2552 1282 scripto
2579 1210 2637 1264 in
2672 1227 2788 1282 quo
2819 1209 3284 1282 subscripsimus
3315 1210 3681 1279 continentur,
3710 1232 3766 1271 ex

2155 1298 2530 1371 impositionc
2561 1300 2826 1368 ejusdem
2861 1298 3166 1370 potestatis
3193 1303 3250 1353 et
3279 1299 3500 1354 consilii
3534 1301 3765 1371 ejusdem

2156 1388 2408 1443 civitatis
2466 1388 2804 1443 dimisimus
2862 1403 2966 1460 pro
3023 1387 3449 1442 restauratione
3505 1395 3767 1447 communi

2156 1477 2327 1532 facta.
2361 1482 2500 1532 Item
2525 1479 2822 1548 juramus,
2856 1493 3034 1549 super
3064 1476 3326 1531 animam
3373 1477 3519 1533 dicte
3551 1484 3768 1550 potesta-

2157 1566 2256 1637 tis,
2284 1567 2434 1638 quod
2468 1571 2524 1622 et
2554 1568 2740 1639 ipsam
2793 1567 3236 1622 conventionem
3271 1566 3578 1638 predictam
3609 1570 3764 1625 adim-

2158 1655 2340 1726 plebit
2370 1660 2426 1710 et
2447 1655 2779 1711 observabit
2798 1655 2991 1727 ipsum
3017 1671 3331 1711 commune
3355 1655 3592 1710 civitatis
3614 1657 3768 1713 domi-

2157 1761 2231 1798 no
2264 1743 2490 1799 Isaakio
2513 1745 2864 1799 Romeorum
2893 1743 3573 1815 imperatori,heredihus
3593 1749 3643 1800 et
3663 1763 3765 1803 suc-

2156 1833 2488 1888 cessoribus
2537 1835 2688 1904 ejus,
2738 1833 2971 1906 ipsique
3029 1832 3313 1888 Romanis
3345 1832 3400 1886 in
3435 1840 3764 1905 perpetuum,

2156 1923 2282 1978 sine
2314 1922 2516 1978 fraude
2546 1928 2602 1978 et
2631 1923 2783 1978 malo
2816 1922 3072 1995 ingenio.
3105 1923 3174 1977 Et
3227 1921 3379 1978 sicut
3410 1923 3510 1977 hec
3533 1923 3767 1994 juramus

2157 2011 2226 2066 de
2255 2011 2408 2066 bona
2437 2011 2570 2078 fide,
2605 2011 2730 2066 sine
2752 2011 2956 2066 fraude
2986 2015 3043 2066 et
3076 2011 3230 2067 malo
3263 2011 3516 2083 ingenio,
3540 2011 3616 2067 sic
3645 2017 3769 2069 Deus

2157 2117 2264 2155 nos
2283 2101 2518 2171 adjuvet
2541 2105 2596 2155 et
2614 2101 2802 2172 ipsam
2825 2105 3171 2173 potestatem
3200 2105 3260 2156 et
3280 2101 3472 2173 ipsum
3498 2117 3768 2158 commune

2156 2189 2415 2245 civitatis
2451 2191 2657 2245 Pisane
2690 2195 2746 2245 et
2777 2189 2836 2244 in
2869 2189 3138 2262 praesenti
3173 2190 3374 2245 seculo
3406 2195 3462 2244 et
3491 2190 3686 2246 futuro.
3717 2214 3739 2239 »

2228 2278 2526 2333 Manifesta
2560 2294 2696 2334 vero
2730 2279 3082 2352 chrysobula
3111 2280 3292 2335 verba
3332 2279 3562 2347 habent,
3595 2296 3766 2336 secun-

2157 2367 2298 2422 dum
2335 2369 2491 2438 quod
2526 2368 2941 2423 notiticabitur.

2231 2457 2608 2528 Imperatoris
2640 2457 2876 2528 quidcm
2902 2457 3172 2513 videlicet
3203 2457 3426 2513 domini
3462 2456 3643 2522 Alexii,
3664 2457 3762 2513 sic:

2231 2586 2257 2614 «
2290 2563 2575 2631 Quoniam
2612 2563 2910 2620 multoties
2941 2564 3189 2620 nuncios
3231 2566 3303 2620 ad
3355 2563 3653 2636 imperium
3683 2579 3766 2618 no-

2157 2655 2344 2708 strum
2406 2653 2693 2709 miserunt
2736 2653 3095 2710 habitatores
3153 2659 3310 2710 terre
3366 2658 3555 2709 nostre
3623 2655 3768 2722 atque

2159 2743 2370 2797 Pisano
2400 2741 2650 2797 civitatis
2709 2759 2842 2798 cum
2900 2742 3112 2799 litteris
3171 2744 3322 2812 suis,
3383 2748 3439 2799 et
3495 2742 3768 2814 imperium

2160 2835 2428 2886 nostrum
2513 2832 2724 2886 iterum
2797 2831 2880 2888 eis
2938 2832 3244 2888 multoties
3322 2831 3544 2888 litteras
3616 2829 3768 2898 misit,

2161 2919 2403 2975 minime
2435 2924 2627 2975 autem
2674 2921 2908 2976 advenit
2940 2925 3171 2992 tempus
3225 2939 3340 2992 quo
3375 2922 3529 2976 ﬁeret
3560 2935 3770 2975 conven-

2160 3008 2336 3064 tionis
2393 3008 2676 3082 scriptum
2739 3027 2941 3065 eorum
2973 3027 3116 3083 pure
3150 3010 3286 3066 ﬁdei
3318 3014 3374 3066 et
3428 3007 3771 3080 subjectionis

2161 3098 2552 3171 adimperium
2617 3103 2917 3167 nostrum,
2984 3117 3172 3171 neque
3233 3099 3538 3156 clementia
3608 3101 3773 3152 nostre

2163 3189 2235 3243 ad
2335 3204 2434 3243 eos
2541 3188 2828 3260 scriptum
2933 3189 3318 3262 chysobolnm
3422 3184 3776 3244 conventionis

2723 3284 2878 3348 est;
2969 3279 3292 3335 novissime
3376 3287 3560 3336 autem
3642 3275 3776 3331 misit

2159 3366 2471 3438 imperium
2533 3370 2798 3424 nostrum
2857 3367 3207 3424 familiarem
3269 3387 3445 3425 suum
3505 3367 3768 3424 hominem

2161 3455 2571 3528 Curopalatam
2623 3457 2904 3513 Basilium
2963 3458 3363 3515 Mesimerium
3422 3475 3551 3514 cum
3596 3453 3774 3511 litteris

2163 3545 2288 3601 suis
2319 3545 2516 3601 volens
2574 3561 2673 3601 eos
2705 3546 3001 3619 suscipere
3059 3564 3161 3603 ceu
3225 3565 3331 3620 per
3387 3545 3578 3604 omnia
3604 3542 3773 3599 ﬁdeles

2163 3634 2534 3690 celsitudinis
2554 3639 2749 3691 nostre
2766 3641 2822 3691 et
2844 3636 3383 3693 desideratissimos
3408 3636 3553 3692 ﬁlios
3578 3637 3774 3690 nostros

2164 3725 2460 3796 totiusque
2491 3731 2641 3782 terre
2703 3731 2941 3796 nostre;
2977 3727 3074 3784 illo
3135 3733 3330 3786 autem
3364 3727 3707 3801 perveniente
3732 3725 3777 3778 et

2163 3815 2390 3870 litteras
2419 3815 2648 3888 imperii
2683 3816 2866 3872 nostri
2898 3819 2978 3874 eis
3010 3818 3306 3890 afferente,
3341 3835 3451 3891 que
3483 3833 3605 3873 vero
3639 3829 3777 3868 man-

2167 3905 2300 3960 data
2330 3909 2494 3961 erant
2523 3905 2772 3974 dicente,
2807 3907 2917 3978 ipsi
2980 3925 3107 3979 qua:
3141 3909 3364 3980 scripta
3421 3913 3477 3962 et
3527 3922 3631 3978 que
3659 3900 3780 3974 ipsis

2170 3995 2448 4050 mandata
2477 4000 2615 4050 sunt
2671 3994 3060 4067 intelligentes
3122 4012 3312 4068 eaque
3344 3999 3706 4067 acceptantes,
3733 3993 3780 4044 et

2170 4083 2408 4140 omnino
2440 4083 2698 4141 volentes
2757 4085 2878 4141 ﬁeri
2939 4103 3040 4158 per
3089 4087 3292 4142 omnia
3350 4085 3543 4142 ﬁdeles
3587 4077 3784 4153 imperii

2171 4173 2357 4230 nostri
2387 4177 2556 4244 atque
2615 4178 2764 4230 terre
2823 4181 3038 4246 nostra,
3071 4193 3174 4248 per
3226 4176 3510 4248 scriptum
3562 4185 3781 4228 conven-

2171 4264 2388 4321 tionem
2421 4263 2702 4335 fecerunt,
2735 4264 3128 4322 continentem
3171 4283 3384 4338 puram
3411 4280 3604 4321 eorum
3635 4259 3780 4315 [idem

2173 4370 2350 4427 quam
2382 4353 2619 4426 imperio
2651 4359 2850 4410 nostro
2881 4371 2945 4410 ac
2978 4355 3261 4410 Romanie
3293 4354 3522 4420 debent,
3554 4363 3712 4422 quam
3737 4348 3783 4399 et

2174 4459 2278 4516 per
2293 4448 2726 4500 sacramentum
2743 4461 2944 4500 omnes
2961 4443 3318 4501 unanimiter
3331 4437 3785 4500 conﬁrmaverunt

2176 4538 2234 4590 et
2263 4533 2333 4589 ad
2369 4537 2630 4589 nostram
2660 4534 3035 4590 serenitatem
3060 4551 3160 4607 per
3187 4551 3290 4590 vos
3312 4539 3369 4590 et
3393 4529 3656 4588 nuncium
3675 4525 3783 4596 ejus

423 4621 832 4710 imperatorem
897 4621 1248 4698 Romeorum
1301 4621 1383 4700 ret
1450 4663 1682 4718 semper
1750 4655 2067 4717 augustum
2100 4629 2146 4695 Ῑ)
2181 4621 2492 4690 miserunt,
2523 4639 2634 4694 que
2666 4640 2873 4696 nempe
2905 4640 3176 4697 expresse
3207 4623 3292 4678 Sic
3323 4621 3608 4678 continet:

422 4727 727 4784 dominum
762 4731 1056 4786 lsaakium
1089 4732 1399 4805 Angelum,
1434 4736 1742 4801 aTedicio,
1776 4742 2066 4808 potestate

424 4816 790 4881 Pisanorum,
848 4820 1084 4875 comitis
1142 4821 1364 4893 Ugolini
1425 4824 1577 4893 filio,
1636 4842 1703 4880 ex
1765 4828 2066 4884 communi

424 4904 668 4958 consilio
698 4906 952 4963 civitatis
1002 4909 1226 4980 Pisane,
1259 4917 1391 4982 post
1445 4914 1699 4970 multum
1749 4919 2066 4971 tractatum

426 4992 780 5049 desistentes
835 4997 906 5052 ab
963 4997 1037 5052 iis
1093 5016 1207 5070 que
1261 5017 1329 5056 ex
1387 5002 1760 5072 impositionc
1813 5004 2069 5075 predicte

427 5082 735 5154 potestatis
765 5091 822 5138 et
851 5089 1178 5143 communis
1223 5089 1451 5145 consilii
1491 5090 1744 5148 civitatis
1774 5109 1878 5163 pro
1909 5110 2068 5149 com-

427 5171 592 5227 muni
625 5177 682 5227 et
709 5173 1062 5242 quibusdam
1109 5179 1349 5248 privatis
1407 5181 1672 5250 personis
1704 5183 2068 5255 petebamus,

426 5277 540 5332 que
569 5261 704 5318 etin
727 5263 946 5336 scripto
972 5265 1028 5319 in
1056 5282 1168 5337 quo
1191 5268 1655 5340 subscripsimus
1677 5272 2069 5342 continentur,

425 5355 482 5406 et
511 5350 1002 5408 restaurationem
1035 5371 1137 5426 pro
1169 5355 1241 5412 iis
1295 5357 1506 5412 factam
1539 5357 1708 5413 nobis
1754 5358 2073 5430 placentem

431 5438 775 5512 recipientes
805 5443 1134 5499 secundum
1177 5445 1332 5515 quod
1389 5463 1496 5500 nos
1529 5448 1861 5516 injunctum
1891 5448 2070 5504 habe-

428 5531 641 5585 bamus
672 5548 706 5586 a
735 5537 1024 5604 potestate
1044 5538 1102 5588 et
1126 5536 1424 5590 communi
1445 5536 1691 5591 consilio
1722 5537 1974 5593 civitatis
2005 5538 2076 5594 de

428 5617 642 5689 placito
674 5623 872 5676 nostro
897 5637 908 5676 :
937 5623 1213 5693 juramus
1263 5640 1438 5695 super
1468 5630 1671 5680 sancta
1703 5626 1798 5681 Dei
1831 5643 2074 5700 evange-

428 5703 534 5798 lia,
595 5723 771 5778 super
826 5710 1226 5768 honorabilem
1283 5716 1336 5768 et
1393 5712 1742 5772 vivificatam
1801 5733 2074 5788 crucem,

2249 4755 2276 4781 «
2310 4731 2373 4784 In
2410 4731 2643 4786 nomine
2676 4731 2906 4786 Domini
2959 4730 3141 4787 nostri
3198 4733 3334 4786 Jesu
3366 4727 3593 4792 Christi,
3623 4735 3784 4778 amen.

2177 4843 2204 4868 ι(
2243 4819 2356 4874 Nos
2387 4836 2592 4874 omnes
2652 4820 3010 4876 habitatores
3067 4820 3318 4874 civitatis
3349 4825 3406 4873 et
3437 4826 3577 4872 terre
3605 4813 3782 4866 Pisans

2177 4931 2204 4958 «
2238 4908 2640 4979 promittimus
2673 4908 3188 4977 tibi,sanctissimo
3221 4905 3546 4979 imperatori
3581 4897 3782 4957 domino

2178 4996 2452 5068 «Alexio,
2485 5003 2542 5052 et
2599 4998 2836 5054 domino
2892 4997 3150 5054 Johanni
3203 4995 3413 5052 dilecto
3464 4993 3574 5048 filio
3627 4996 3712 5044 tuo
3736 4987 3782 5040 et

2178 5086 2582 5155 «imperatori
2669 5085 3160 5160 Porphyrogenito
3195 5126 3208 5152 ,
3280 5085 3436 5156 quod
3499 5097 3597 5137 nos
3649 5079 3780 5132 totus

2180 5200 2208 5227 ‹‹
2243 5175 2491 5232 Pisanus
2551 5176 2805 5247 populus
2837 5178 2909 5232 ab
2967 5176 3078 5231 ista
3109 5176 3251 5230 hora
3305 5180 3364 5229 et
3393 5173 3448 5226 in
3507 5175 3780 5260 antea-non

2185 5287 2209 5318 ι
2240 5265 2461 5321 erimus
2488 5264 2543 5319 in
2577 5265 2822 5321 consilio
2875 5272 2976 5322 aut
3009 5267 3157 5320 facto
3218 5280 3317 5336 per
3374 5261 3522 5333 quod
3565 5255 3782 5336 perdatis

2185 5373 2342 5412 «vos
2402 5354 2714 5424 imperium
2799 5364 3058 5412 vestrum
3120 5353 3208 5409 vel
3281 5348 3657 5409 Romaniam,
3706 5335 3782 5394 vel

2182 5471 2209 5497 ‹‹
2245 5445 2470 5501 insulas
2501 5446 2682 5500 maris
2715 5446 2799 5501 vel
2844 5452 3052 5511 terras,
3085 5460 3232 5516 quas
3281 5442 3450 5496 modo
3481 5437 3670 5494 tenetis
3697 5427 3783 5485 sub

2183 5559 2210 5587 ‹‹
2246 5541 2435 5592 vestra
2465 5542 2751 5607 potestate
2782 5543 2839 5592 et
2868 5554 3014 5607 quas
3044 5536 3116 5590 ab
3149 5535 3253 5589 hac
3277 5532 3418 5587 hora
3447 5531 3502 5585 in
3533 5533 3686 5584 antea
3712 5532 3784 5574 ac-

2183 5649 2209 5675 ‹‹
2245 5623 2494 5698 quiretis
2525 5642 2560 5681 a
2588 5625 2882 5697 Chroatia,
2917 5623 3204 5682 Dalmatia
3232 5625 3290 5678 et
3323 5617 3598 5677 Durachio
3622 5621 3780 5680 usque

2165 5705 2214 5768 ἐς
2247 5715 2308 5775 in
2339 5714 2752 5776 Alexandriam
2783 5720 2841 5776 et
2870 5716 3062 5789 ipsam
3090 5732 3105 5788 ;
3139 5728 3320 5786 neque
3341 5728 3467 5783 nos,
3486 5702 3710 5768 civitatis
3735 5698 3784 5752 et
