4028 6202
170 401 263 460 477
1274 392 1661 452 NOVELL/E
1704 389 2404 452 CONS'I‘ITUTIONES.

3427 392 3547 453 478

172 554 193 587 ι
215 536 342 588 terre
371 527 566 584 Pisane
591 525 972 595 habitatores,
1007 526 1369 598 pasiscemur
1398 540 1530 580 cum
1579 522 1777 595 aliqua
1805 534 1860 601 Α
1889 522 2248 579 habitatores
2277 521 2526 578 civitatis
2553 526 2610 578 et
2640 527 2793 578 terre
2819 523 3029 580 Pisane
3071 524 3381 580 observare
3431 511 3544 582 im-

168 643 190 672 ι
212 633 435 692 persona
479 615 563 670 vel
595 614 810 689 populo
845 615 1178 671 inimicante
1206 613 1452 686 imperio
1484 617 1673 669 vestro
1705 613 1776 669 ad

168 730 184 759 ι
211 704 565 764 auferendum
589 721 624 759 a
656 704 819 760 vobis
849 707 1110 761 vestrum
1132 704 1446 775 imperium
1469 702 1554 758 vel
1573 705 1777 758 Roma-

166 818 184 845 ι
211 796 369 861 niam,
396 791 478 848 vel
509 791 738 864 aliquas
770 792 1000 865 imperii
1032 793 1206 848 vestri
1237 799 1443 862 terras,
1476 790 1562 846 vel
1613 791 1776 848 insu-

161 913 181 936 ι
222 885 313 948 las,
376 898 518 953 quas
586 899 742 937 nunc
801 882 912 937 sub
971 885 1260 954 potestate
1314 881 1544 953 imperii
1605 880 1776 936 vestri

162 972 413 1039 «tenetis,
445 975 545 1026 aut
577 987 726 1042 quas
749 971 1050 1042 acquirere
1083 971 1308 1026 debetis
1333 972 1406 1026 ab
1467 969 1575 1025 hac
1634 969 1778 1026 hora

159 1062 255 1116 «in
307 1067 532 1116 anteaa
587 1059 881 1127 Chroatia,
947 1059 1236 1116 Dalmatia
1291 1064 1348 1115 et
1404 1058 1690 1114 Durachio
1721 1063 1778 1114 et

159 1175 178 1201 ι
207 1166 369 1221 usque
400 1148 455 1203 in
489 1147 904 1205 Alexandriam
938 1154 995 1205 et
1022 1149 1248 1222 ipsam;
1283 1153 1338 1204 et
1378 1149 1442 1220 ,si
1499 1165 1569 1203 ex
1629 1152 1776 1204 terre

159 1266 178 1288 ιι
206 1238 610 1294 habitatoribus
656 1243 856 1295 nostre
884 1243 942 1295 et
970 1237 1313 1294 hominibus
1346 1237 1564 1294 nostris
1594 1235 1774 1309 aliqui

162 1353 181 1379 ι(
203 1328 454 1383 damnum
489 1327 738 1400 imperio
769 1331 961 1384 vestro
997 1328 1236 1384 fecerint
1267 1332 1324 1383 et
1377 1328 1435 1382 in
1493 1326 1777 1382 Romania

155 1443 171 1466 ι
201 1416 409 1482 fuerint,
469 1421 526 1471 et
580 1417 796 1489 quesiti
829 1417 900 1473 ab
933 1417 1180 1490 imperio
1211 1421 1403 1474 vestro
1435 1416 1672 1483 fuerint,
1705 1416 1776 1470 de

156 1505 266 1562 ueis
290 1505 994 1563 emendabuntdamnum
1047 1507 1206 1576 juste
1263 1511 1320 1562 et
1368 1505 1772 1571 concorditer;

153 1620 168 1643 ο
197 1599 242 1650 et
284 1595 328 1650 si
385 1594 443 1650 in
506 1595 802 1652 Romania
859 1612 973 1651 non
1005 1595 1242 1664 fuerint
1270 1599 1328 1651 et
1368 1594 1530 1650 Pisas
1564 1592 1774 1650 reversi

151 1709 170 1736 α
197 1684 409 1752 fuerint,
442 1689 498 1740 et
531 1689 741 1740 notum
777 1685 992 1740 factum
1025 1684 1220 1754 fuerit,
1255 1685 1304 1740 si
1337 1684 1582 1740 heredes
1623 1683 1776 1739 Pisis

150 1797 169 1823 ιι
193 1773 841 1840 habuerint,secundum
875 1773 1025 1829 vires
1053 1773 1383 1830 substantie
1413 1772 1773 1829 emendatio-

151 1886 170 1912 ιι
199 1880 308 1918 nem
341 1863 633 1920 faciemus
653 1864 816 1934 juste
845 1861 932 1919 vel
963 1863 1294 1932 concordia,
1328 1866 1561 1934 excepto
1613 1865 1774 1916 tanto

157 1975 176 2005 ι
199 1957 462 2024 quantum
499 1953 834 2009 remanebit
863 1969 932 2008 ex
962 1968 1254 2009 consensu
1287 1956 1343 2008 et
1371 1952 1545 2007 verbo
1591 1949 1782 2033 nuntii

156 2066 172 2090 ι
198 2041 270 2098 vel
297 2042 645 2098 nuntiorum
679 2041 909 2116 imperii
936 2041 1135 2098 vestri.
1170 2041 1230 2097 Si
1279 2041 1548 2098 homines
1596 2044 1783 2105 nostri

151 2157 170 2179 «ι
197 2132 244 2186 in
295 2137 444 2187 terra
497 2131 737 2204 imperii
772 2130 947 2187 vestri
978 2131 1217 2198 fuerint,
1249 2129 1334 2187 vel
1362 2131 1777 2187 Constantino-

153 2244 172 2268 α
197 2219 295 2291 poli
326 2219 410 2276 vel
443 2220 508 2276 in
546 2220 661 2276 alia
686 2226 839 2276 terra
871 2225 972 2276 aut
1002 2220 1232 2290 _insu1is
1291 2219 1523 2292 imperii
1581 2218 1777 2289 vestri,

148 2308 447 2366 «volumus
511 2314 573 2366 et
631 2311 1055 2367 conﬁrmamus
1115 2314 1198 2378 ut,
1258 2309 1308 2365 si
1340 2309 1568 2364 inimici
1599 2309 1776 2366 vestri

149 2422 163 2447 ι
189 2398 600 2456 insurrexerint
621 2399 811 2472 gratia
842 2399 1223 2473 impugnandi
1256 2399 1312 2454 in
1349 2399 1616 2471 partibus
1658 2398 1776 2454 illis

142 2511 161 2536 ι
189 2488 236 2543 in
265 2489 490 2560 quibus
521 2489 707 2545 nostri
740 2493 902 2558 sunt,
935 2496 991 2544 et
1021 2505 1260 2545 necesse
1290 2488 1466 2543 fuerit
1497 2492 1560 2543 ut
1603 2487 1776 2559 adju-

143 2600 162 2624 ι
191 2583 303 2632 vent
330 2578 615 2634 homines
645 2584 888 2648 vestros,
918 2582 1102 2635 terras
1133 2582 1356 2634 vestras
1391 2577 1774 2633 defendemus

144 2690 158 2716 ι
187 2673 366 2723 contra
397 2685 618 2725 omnes
648 2667 918 2724 inimicos
947 2668 1312 2725 vestros.Hec
1343 2667 1540 2723 omnia
1571 2683 1773 2739 supra-

141 2779 162 2804 ι
187 2757 386 2828 scripta
417 2757 871 2813 observabimus
904 2775 1029 2828 nos,
1051 2762 1208 2813 totus
1237 2758 1488 2813 Pisanus
1517 2755 1771 2829 populus

140 2871 159 2895 α
188 2846 423 2905 civitatis
459 2854 516 2904 et
546 2853 694 2904 terre
727 2848 956 2916 Pisane,
989 2849 1116 2919 tibi,
1149 2848 1525 2905 sanctissimo
1581 2847 1768 2920 impe-

139 2960 160 2984 «
187 2937 343 2993 ratori
375 2939 624 2994 domino
655 2937 876 3004 Alexio,
901 2943 958 2994 et
988 2937 1494 2994 desideratissimo
1518 2937 1636 2993 ﬁlio
1666 2941 1768 2992 tuo

143 3026 512 3098 «imperatori
543 3029 781 3083 domino
810 3027 1060 3084 Iohanni
1111 3027 1629 3100 Porphyrogenito,
1689 3026 1768 3082 si-

137 3123 270 3171 ucut
317 3117 598 3188 superius
656 3116 944 3188 scriptum
1003 3123 1112 3188 est,
1167 3118 1505 3189 incorrupta
1551 3121 1765 3172 etcum

137 3222 300 3262 «vera
331 3207 473 3275 fide,
519 3205 646 3262 sine
701 3207 906 3263 fraude
965 3211 1022 3262 et
1073 3206 1227 3263 malo
1287 3205 1543 3278 ingenio,
1601 3205 1764 3262 vobis

1891 613 2049 685 perio
2081 616 2276 668 nostro
2315 615 2370 667 et
2417 612 2716 682 Romanie,
2753 613 3060 668 constituit
3111 617 3168 668 et
3227 614 3538 688 imperium

1890 708 2155 758 nostrum
2216 718 2320 774 per
2366 718 2605 774 presens
2636 701 3044 775 chrysobolum
3076 703 3318 758 verbum
3355 704 3480 760 dari
3513 722 3546 762 ι

1890 797 2089 847 nostra
2119 791 2449 859 serenitate,
2484 808 2597 846 non
2632 791 2822 846 solum
2857 790 2913 846 in
2965 791 3082 847 vita
3134 808 3264 860 sua,
3326 794 3428 850 sed
3489 799 3547 851 et

1888 885 2021 952 post
2071 879 2294 936 obitum
2355 897 2529 935 suum
2584 897 2616 935 a
2659 880 3161 936 desideratissimo
3193 881 3312 936 filio
3345 887 3544 940 nostro

1887 970 2241 1042 imperatore
2268 969 2505 1024 domino
2535 968 2800 1025 Johanne
2860 969 3382 1043 Porphyrogenito,
3445 972 3546 1027 Pi-

1887 1077 2026 1114 sane
2057 1058 2300 1114 ecclesie
2331 1074 2440 1130 que
2463 1059 2573 1113 sub
2605 1059 2840 1114 nomine
2871 1064 3068 1114 sancte
3099 1059 3197 1114 Dei
3231 1059 3545 1117 Gonitricis

1885 1154 2104 1220 est,per
2134 1164 2617 1220 unumquemque
2649 1165 2867 1203 annum
2886 1147 3238 1203 nomismata
3261 1163 3544 1222 yperpera

1885 1239 1990 1293 400
2019 1242 2076 1293 et
2106 1237 2281 1309 pallia
2327 1238 2480 1302 duo;
2537 1237 2776 1292 domino
2838 1237 3044 1292 dilecto
3103 1237 3541 1310 archiepiscopo

1887 1325 2150 1382 Pisarum
2185 1326 2540 1381 nomismata
2571 1323 2790 1380 similia
2817 1327 2888 1380 60
2917 1329 2971 1380 et
3012 1325 3254 1396 pallium
3316 1343 3541 1396 unum;

1888 1425 2193 1479 Lamberto
2244 1422 2454 1494 judici,
2507 1422 2754 1478 Carletto
2787 1426 2870 1478 "'et
2899 1421 3149 1478 Antonio
3182 1421 3540 1480 nomismata

1885 1513 2106 1570 similia
2137 1513 2259 1582 lOO,
2292 1517 2348 1568 et
2379 1517 2512 1585 post
2537 1513 2761 1568 obitum
2820 1511 3032 1568 horum
3091 1513 3392 1568 dabuntur
3446 1529 3538 1569 ec-

1885 1602 2079 1659 clesie.
2137 1602 2555 1658 Commertium
2618 1603 2686 1657 de
2731 1618 2873 1656 auro
2904 1606 2960 1657 et
2991 1606 3230 1674 argento
3262 1602 3415 1674 quod
3450 1603 3538 1659 af-

1886 1693 2103 1750 feretur
2131 1709 2163 1747 a
2194 1691 2375 1760 vobis,
2408 1708 2519 1746 non
2554 1691 2768 1746 dabitis
2793 1691 2912 1747 ullo
2945 1692 3224 1747 modo.De
3245 1692 3541 1749 mercibus

1886 1799 2032 1856 quas
2065 1781 2316 1837 atl‘eretis
2343 1781 2412 1836 de
2442 1785 2596 1835 terra
2625 1786 2820 1836 vestra
2857 1789 2912 1836 et
2969 1781 3038 1836 de
3098 1780 3306 1836 alienis
3364 1781 3539 1839 terris

1886 1888 2002 1926 non
2047 1871 2492 1941 subjacentibus
2523 1869 2788 1925 servituti
2823 1869 3049 1942 imperii
3083 1869 3290 1940 nostri,
3324 1870 3540 1928 dabitis

1891 1959 2080 2032 gratia
2121 1957 2442 2014 commertii
2483 1959 2552 2014 de
2581 1958 3053 2031 vigintiquinque
3087 1975 3270 2013 unum
3302 1962 3360 2014 et
3390 1959 3538 2015 nihil

1890 2047 2166 2122 amplius.
2200 2046 2366 2103 Scala
2395 2048 2632 2104 dabitur
2662 2048 2824 2103 vobis
2855 2047 2911 2102 in
2943 2063 3057 2119 qua
3085 2048 3332 2103 debeant
3361 2064 3539 2104 naves

1887 2144 2078 2194 vestre
2108 2137 2398 2210 applicare
2430 2141 2486 2194 et
2514 2153 2690 2193 onera
2720 2153 2921 2192 earum
2954 2137 3166 2209 deponi
3193 2155 3206 2205 ;
3267 2141 3322 2191 et
3373 2136 3536 2193 locus

1889 2227 2226 2300 negotiandi
2286 2231 2459 2299 aptus
2515 2230 2572 2282 et
2617 2226 2966 2282 conveniens
2998 2242 3126 2281 cum
3161 2225 3535 2294 habitaculis,

1889 2330 1953 2383 ut
1981 2326 2278 2398 reponetis
2309 2341 2531 2382 merces
2563 2331 2782 2382 vestras
2813 2328 2868 2381 et
2898 2324 3195 2381 habitetis.
3255 2323 3536 2380 Similiter

1884 2419 1942 2473 et
1997 2415 2058 2472 in
2113 2432 2325 2488 magna
2372 2415 2747 2472 sanctissima
2778 2415 2870 2470 Dei
2903 2414 3166 2482 ecclesia,
3198 2419 3402 2471 sancta
3429 2419 3533 2470 So-

1885 2505 2041 2578 phia,
2074 2504 2309 2560 dabitur
2340 2504 2500 2560 vobis
2529 2503 2690 2561 locus
2722 2504 2915 2560 standi
2946 2522 2979 2559 a
3004 2504 3380 2561 sanctissimo
3427 2521 3530 2577 pa-

1884 2595 2098 2651 triarca
2151 2614 2168 2649 :
2227 2598 2283 2650 et
2317 2594 2371 2649 in
2403 2595 2746 2666 ypodromio
2778 2594 3012 2650 dabitur
3041 2594 3205 2651 vobis
3235 2593 3398 2650 locus
3430 2593 3530 2648 ubi

1881 2685 2145 2741 debeatis
2175 2684 2376 2741 sedere
2436 2684 2490 2739 in
2547 2683 2640 2739 die
2697 2683 3043 2756 ypodromii.
3102 2684 3158 2738 Si
3213 2684 3532 2755 depredata

1879 2773 2056 2830 fuerit
2113 2773 2277 2829 navis
2323 2777 2512 2829 vestra
2544 2772 2600 2827 in
2636 2775 2786 2827 terra
2816 2771 3044 2843 imperii
3078 2772 3282 2842 nostri,
3315 2775 3373 2826 et
3401 2787 3531 2842 per-

1880 2864 1997 2919 dite
2026 2863 2244 2919 fuerint
2274 2880 2365 2919 res
2394 2866 2606 2931 vestre,
2633 2861 2824 2916 ablate
2855 2862 2924 2916 ab
2958 2859 3257 2933 aliquibus
3285 2860 3385 2933 qui
3417 2861 3528 2917 sub

1877 2952 2135 3025 potentia
2165 2952 2392 3024 imperii
2425 2952 2609 3008 nostri
2641 2956 2798 3020 sunt,
2829 2950 2995 3006 faciet
3027 2950 3188 3006 vobis
3222 2950 3531 3008 clementia

1876 3041 2101 3113 imperii
2137 3043 2317 3097 nostri
2343 3041 2649 3114 justiciam
2683 3044 2738 3096 et
2788 3040 3259 3096 emendationem
3320 3057 3528 3098 conve-

1876 3131 2058 3187 nienti
2115 3135 2396 3204 tempore,
2431 3136 2742 3203 postquam
2779 3130 3083 3203 probatum
3123 3129 3316 3185 fuerit.
3351 3130 3528 3187 Navis

1874 3226 2067 3276 vestra
2125 3220 2175 3276 si
2234 3221 2415 3276 fracta
2474 3220 2646 3274 fuerit
2704 3219 2855 3274 infra
2917 3217 3233 3288 potentiam
3296 3219 3528 3292 imperii

135 3296 682 3352 «corroborantibus
754 3313 856 3368 per
913 3294 1334 3368 chrysobulum
1393 3313 1480 3367 ea,
1538 3289 1663 3368 quis
1710 3294 1766 3348 in

1880 3309 2084 3378 nostri,
2119 3327 2210 3365 res
2238 3313 2460 3364 vestras
2491 3325 2639 3380 quas
2671 3325 2770 3363 vos
2805 3307 3063 3363 liberatis
3112 3311 3168 3362 et
3224 3309 3526 3363 extrahitis

133 3405 154 3431 ιι
181 3385 385 3456 scripto
419 3390 618 3440 nostro
649 3385 1041 3454 contineatur,
1085 3389 1142 3440 et
1199 3383 1646 3441 observantibus
1699 3399 1770 3439 ea

133 3493 155 3519 α
185 3473 364 3530 nobis.

189 3604 214 3628 ι(
254 3580 371 3636 Hoc
433 3580 651 3636 factum
711 3584 802 3636 est
859 3597 1013 3636 anno
1067 3579 1484 3636 incarnationis
1539 3579 1767 3636 Domini

138 3669 489 3726 «millesimo
543 3669 862 3726 centesimo
924 3669 1257 3737 undecimo,
1305 3674 1511 3742 quarto
1543 3669 1768 3726 decimo

134 3780 156 3804 τι
186 3759 565 3815 Kalendarum
600 3758 750 3828 Mali,
793 3758 1130 3815 indictionis
1191 3758 1356 3814 tertie
1413 3763 1470 3814 et
1523 3759 1768 3825 decime,

135 3847 236 3902 «in
293 3849 586 3920 presentia
644 3848 1035 3921 archipiscopi
1094 3847 1524 3920 Amalpbitani,
1587 3847 1771 3905 Musei

135 3959 157 3984 «
178 3936 388 4007 judicis
421 3937 823 4010 Amalphitani
855 3941 910 3993 et
940 3936 1253 3993 consulum
1281 3937 1651 3993 Pisanorum.
1684 3957 1712 3988 »

196 4044 341 4101 «llis
373 4045 569 4116 itaque
601 4061 704 4116 per
747 4045 1036 4116 scriptum
1095 4049 1152 4100 et
1205 4049 1640 4100 sacramentum
1698 4045 1770 4100 ab

136 4132 234 4189 illis
261 4133 622 4190 confirmatis
669 4135 728 4189 in
761 4132 1060 4204 presentia
1091 4133 1350 4189 hominis
1377 4132 1606 4206 imperii
1664 4151 1770 4190 no-

135 4223 228 4277 stri
257 4224 589 4290 Mesimerii,
621 4223 901 4296 quoniam
932 4226 990 4279 et
1020 4239 1122 4279 vos
1154 4223 1321 4279 missi
1353 4222 1425 4278 ob
1459 4221 1574 4279 illis
1605 4223 1767 4292 estis,

134 4312 374 4369 videlicet
438 4313 628 4370 Guido
687 4311 934 4370 clericus
991 4316 1048 4367 et
1104 4311 1390 4368 Bonfilius
1460 4312 1766 4384 presbiter,

134 4401 387 4459 Girardus
446 4403 788 4472 vicecomes,
834 4401 1183 4458 Hebrandus
1239 4401 1434 4457 frater.
1484 4399 1767 4468 Rainerii,

137 4490 366 4550 Alterius
394 4490 624 4560 consul,
661 4491 864 4548 Petrus
901 4491 1106 4562 judex,
1163 4487 1347 4545 Guido
1408 4489 1565 4546 ﬁlius
1623 4490 1769 4546 Boni

139 4580 327 4652 Pipini,
358 4581 731 4639 Odimundus
757 4579 1106 4652 Curopalata
1135 4579 1292 4634 ﬁlius
1323 4578 1493 4648 Oddi,
1526 4582 1584 4636 et
1611 4578 1766 4636 litte-

1878 3399 2068 3456 salvas
2119 3398 2409 3454 habebitis
2471 3397 2599 3454 sine
2653 3398 2852 3464 dubio,
2903 3403 2958 3452 et
2993 3396 3118 3451 illas
3151 3401 3345 3452 autem
3379 3414 3528 3468 quas

1877 3488 2076 3544 Romei
2113 3486 2419 3543 extrahent
2449 3487 2792 3558 adjuvantes
2823 3485 3136 3553 habebitis,
3189 3486 3394 3542 dantes
3442 3486 3528 3542 eis

1878 3587 2205 3644 mercedem
2263 3586 2587 3641 secundum
2645 3585 2754 3640 loci
2824 3583 3342 3653 consuetudinem,
3412 3585 3530 3640 nisi

1880 3679 2024 3734 forte
2055 3677 2206 3731 inter
2233 3692 2333 3731 vos
2365 3679 2422 3730 et
2451 3692 2549 3730 eos
2580 3673 2799 3745 aliquid
2833 3672 2988 3729 aliud
3023 3678 3232 3745 sponte
3291 3678 3524 3746 pactum

1881 3767 2072 3823 fuerit.
2105 3770 2322 3822 Merces
2347 3769 2567 3821 vestras
2599 3781 2744 3835 quas
2777 3762 3030 3818 atferetis
3060 3762 3130 3817 de
3184 3766 3339 3819 terra
3396 3779 3522 3819 ves-

1879 3855 2082 3921 tra,vel
2115 3856 2184 3911 de
2217 3855 2425 3911 alienis
2456 3853 2624 3910 terris
2659 3870 2772 3908 nan
2805 3852 3252 3923 subjacentibus
3282 3851 3528 3923 imperio

1882 3950 2101 4012 nostro,
2136 3949 2448 4017 postquam
2480 3943 2551 3998 ad
2585 3941 2895 4013 imperium
2932 3945 3196 3996 nostrum
3224 3958 3325 3997 vos
3356 3957 3523 3997 vene-

1880 4035 2032 4102 ritis,
2063 4035 2183 4092 sive
2213 4031 2774 4103 Constantinopolim
2807 4031 2926 4087 sive
2983 4030 3041 4085 in
3103 4031 3358 4086 insulam
3417 4030 3528 4086 im-

1879 4126 2023 4198 perii
2082 4123 2288 4190 nostri,
2337 4122 2629 4178 habebitis
2687 4121 2985 4176 licentiam
3045 4120 3410 4188 extrahendi,
3470 4125 3527 4176 et

1877 4213 2168 4271 vendendi
2228 4213 2285 4268 in
2342 4211 2468 4268 loco
2516 4211 2576 4266 in
2609 4227 2726 4283 quo
2757 4209 3179 4284 applicueritis,
3213 4214 3269 4265 et
3295 4215 3413 4266 tam
3448 4210 3528 4265 ibi

1879 4321 2056 4376 quam
2088 4303 2228 4360 alibi
2262 4303 2412 4358 infra
2441 4299 2859 4358 continentiam
2893 4300 3148 4373 potentie
3181 4304 3376 4356 nostre
3406 4301 3532 4372 qui-

1879 4394 2244 4464 buscumque
2276 4391 2596 4463 volueritis,
2629 4391 2790 4448 nullo
2821 4390 2934 4447 alio
2988 4395 3150 4462 pacto
3209 4389 3295 4446 vel
3354 4391 3528 4445 modo

1877 4488 2079 4540 contra
2109 4483 2462 4538 voluntatem
2483 4485 2731 4538 vestram
2755 4480 3103 4552 precipieute
3121 4478 3178 4534 in
3197 4478 3528 4535 venditione

1878 4577 1935 4628 et
1965 4570 2444 4638 commutatione,
2476 4569 2731 4643 exceptis
2765 4568 3020 4624 inimicis
3053 4567 3278 4640 imperii
3315 4567 3520 4634 nostri;

144 4685 226 4724 ras
252 4670 490 4743 imperio
523 4677 726 4726 nostro
755 4667 1036 4725 attulistis
1069 4685 1215 4740 quas
1273 4667 1355 4723 illi
1407 4685 1612 4725 omnes
1669 4687 1771 4741 per
1801 4654 1846 4719 D
1879 4665 1935 4718 et
1966 4661 2182 4718 dabitis
2210 4663 2265 4716 et
2311 4659 2368 4714 in
2427 4659 2521 4715 bis
2572 4657 2976 4714 commertium
3036 4656 3188 4714 sicut
3251 4654 3522 4726 superius

141 4773 225 4814 vos
277 4762 344 4816 ad
403 4759 720 4832 imperium
780 4757 1093 4827 miserunt,
1155 4763 1212 4814 et
1262 4758 1762 4814 continebaturin

143 4844 325 4905 litteris
356 4867 557 4906 eorum
589 4849 722 4915 hoc,
757 4853 818 4902 ut
847 4864 914 4903 ea
964 4864 1078 4918 que
1137 4847 1376 4902 deerant
1423 4864 1522 4902 vos
1580 4847 1765 4904 adim-

143 4934 482 5007 pleretis;hoc
518 4955 618 5009 per
641 4922 934 5009 scriptum
965 4940 1023 4992 et
1053 4939 1487 4992 sacramentum
1511 4939 1761 4992 vestras-

143 5041 234 5093 que
259 5028 719 5100 subscriptiones
749 5025 1161 5094 conﬁrmaslis,
1196 5027 1350 5098 quod
1389 5025 1588 5081 omnia
1649 5043 1764 5099 que

143 5115 197 5169 ab
223 5115 330 5172 illis
359 5122 530 5189 pacta
559 5120 701 5172 sunt
727 5115 799 5171 ad
832 5114 1146 5187 imperium
1169 5118 1439 5171 nostrum
1465 5119 1522 5170 et
1539 5115 1764 5172 deside-

141 5206 474 5262 ratissimam
511 5204 666 5260 tilius
698 5206 826 5276 ejus
859 5204 1268 5277 imperatorem
1318 5210 1375 5260 et
1414 5204 1759 5260 Romaniam

140 5307 222 5361 per
248 5301 700 5364 sacramentum,
735 5292 990 5350 universi
1021 5293 1382 5350 habitatores
1407 5293 1660 5350 civitatis
1706 5298 1764 5350 et

137 5385 267 5438 terre
312 5383 516 5441 Pisans
545 5383 972 5451 conﬁrmarint,
1005 5389 1062 5439 et
1089 5382 1480 5439 observabunt
1510 5383 1677 5438 firma
1707 5387 1762 5440 et

136 5469 409 5542 inviolata,
442 5473 595 5528 sicut
627 5472 735 5528 hoc
792 5471 1065 5544 intelligit
1122 5471 1431 5544 imperium
1489 5476 1758 5528 nostrum

137 5559 199 5612 ad
223 5563 535 5631 proﬁcuum
568 5566 626 5616 et
654 5562 936 5617 honorem
966 5578 1141 5617 suum
1174 5565 1232 5617 et
1273 5561 1760 5618 desideratissimi

137 5645 228 5702 ﬁlii
258 5649 344 5705 sui
370 5655 427 5707 et
456 5657 609 5708 terre
640 5651 896 5724 potentie
927 5655 1144 5718 nostre,
1177 5668 1408 5724 magne,
1459 5651 1650 5709 medie
1704 5656 1760 5709 et

141 5733 346 5796 ultime.
403 5741 486 5797 0b
525 5741 702 5798 ﬁdem
727 5739 909 5812 igitur
938 5757 1115 5813 quam
1148 5739 1526 5814 disptsuietis
1557 5757 1758 5799 omnes

1875 4751 2101 4806 dictum
2161 4755 2267 4806 est.
2326 4747 2484 4803 Alias
2518 4753 2708 4803 autem
2747 4761 2964 4801 merces
2996 4762 3104 4816 que
3137 4745 3205 4800 de
3238 4744 3523 4799 Romania

1874 4836 2294 4910 suut,venditis
2325 4837 2479 4892 sicut
2510 4837 2730 4904 Romei,
2764 4839 2820 4890 et
2850 4835 3063 4891 dabitis
3095 4833 3247 4890 sicut
3299 4835 3520 4890 Romci.

1875 4937 2087 4994 Littere
2146 4935 2398 5008 imperiii
2436 4935 2620 4990 nostri
2651 4935 2957 4990 mittentur
2987 4933 3058 4990 ad
3089 4937 3272 4989 terras
3304 4934 3432 5004 ejus
3461 4933 3520 4989 in

1873 5029 2087 5101 quibus
2119 5025 2514 5100 applicabitis,
2550 5029 2612 5079 ut
2643 5025 2818 5080 duces
2853 5024 2909 5079 in
2940 5023 3024 5080 eis
3081 5023 3396 5079 existentes
3427 5039 3521 5078 co-

1871 5122 2159 5190 gnoscant
2219 5115 2393 5171 fidem
2455 5131 2661 5186 puram
2719 5118 2777 5170 et
2807 5113 3150 5170 servitutum
3184 5117 3432 5168 vestram
3465 5117 3521 5168 et

1871 5223 1986 5280 que
2016 5207 2088 5262 ab
2120 5205 2364 5278 imperio
2393 5210 2590 5260 nostro
2619 5203 2778 5260 vobis
2809 5203 3127 5258 constituta
3151 5206 3290 5258 sunt
3321 5205 3378 5256 et
3407 5217 3520 5272 que

1872 5296 2117 5368 imperio
2152 5301 2345 5351 nostro
2387 5313 2421 5351 a
2476 5294 2658 5364 vobis,
2713 5299 3000 5364 quatenus
3055 5309 3169 5347 non
3225 5296 3519 5362 transgre-

1872 5386 2109 5441 diantur
2168 5403 2279 5458 que
2335 5385 2406 5440 ab
2465 5383 2709 5456 imperio
2745 5390 2940 5438 nostro
2974 5387 3141 5454 pacta
3172 5387 3311 5436 sunt
3340 5381 3518 5436 duces

1871 5479 1927 5529 et
1957 5474 2166 5546 reliqui
2200 5474 2297 5544 qui
2330 5475 2438 5528 sub
2474 5476 2759 5544 potestate
2792 5470 3021 5544 imperii
3055 5470 3235 5525 nostri
3272 5475 3429 5524 sunt.
3453 5469 3521 5522 Et

1869 5564 1918 5621 si
1949 5563 2224 5620 acciderit
2256 5561 2475 5634 aliquid
2508 5562 2795 5633 injuztum
2831 5561 2973 5632 fieri,
3007 5558 3396 5616 viudicabitur
3444 5560 3517 5612 ab

1867 5653 2183 5726 iis,fietque
2211 5651 2541 5710 emendatio
2562 5652 2830 5723 justa.Ut
2853 5655 2910 5706 et
2942 5649 3012 5706 ab
3044 5647 3288 5722 imperio
3321 5654 3520 5704 nostro

1867 5745 1928 5800 in
1959 5743 2236 5803 omnibus
2266 5740 2434 5801 terris
2468 5741 2720 5816 potentie
2755 5744 2946 5798 nostre
2975 5744 3029 5797 et
3062 5738 3271 5796 insulis
3305 5739 3360 5794 in
3393 5738 3518 5811 qui-
