4028 6202
379 359 497 419 479

1663 366 1918 427 ISAACl
1967 367 2258 428 ANGELI
2304 368 2470 428 IMP.

3682 361 3800 422 480

381 491 493 545 bus
524 492 1034 564 applieatis,iidem
1066 498 1232 554 vobis
1262 498 1371 554 loci
1403 503 1709 554 serventur
1738 502 1793 554 et
1821 501 2023 554 eadem
2056 502 2108 568 Α
2137 499 2196 555 in
2239 499 2494 573 practice
2545 500 2691 573 ipsis
2759 500 2911 556 facta
2976 499 3376 568 notificantur,
3440 513 3553 569 que
3620 496 3798 568 hujus

385 581 719 638 emendatio
751 585 872 640 fiat.
907 587 964 641 Si
998 587 1068 642 ab
1102 587 1298 660 aliquo
1342 587 1750 643 Veneticorum
1802 592 1901 643 aut
1959 589 2030 643 ab

383 671 580 743 aliquo
638 672 872 728 homine
930 679 1269 748 subjacente
1317 677 1563 749 imperio
1596 681 1794 733 nostro
1828 694 2034 748 passus

386 761 560 816 fuerit
592 761 836 818 Pisanus
869 765 1161 836 quispiam
1197 771 1356 822 atrox
1390 767 1636 822 dedecus
1665 767 1751 822 vel
1799 773 2029 838 turpem

385 849 661 920 injuriam
713 857 812 907 aut
843 854 912 909 de
944 855 1116 908 rebus
1147 857 1270 911 suis
1304 857 1608 921 damnum,
1646 857 1813 911 faciet
1844 856 2031 927 impe-

383 938 535 994 rium
572 945 838 995 nostrum
873 945 1685 1017 emendationem,postquam
1718 946 2026 1016 probatum

384 1027 580 1092 fuerit,
627 1029 675 1082 si
734 1035 931 1086 nostre
989 1034 1285 1088 serenitati
1344 1035 1590 1090 relatum
1652 1035 1825 1090 fuerit
1881 1035 2032 1089 infra

383 1120 619 1188 tempus
653 1117 832 1186 legale
864 1126 920 1176 et
953 1124 1302 1178 conveniens
1348 1124 1403 1178 in
1463 1123 1621 1179 omni
1673 1124 2031 1179 continentia

383 1222 509 1261 sua.
569 1206 756 1262 Naves
813 1215 1001 1266 vestre
1059 1216 1114 1267 et
1145 1212 1410 1268 homines
1443 1213 1613 1269 vestri
1648 1213 1906 1269 volentes
1937 1228 2028 1268 re-

381 1295 504 1350 dire
536 1295 700 1352 Pisas
734 1314 845 1352 non
905 1299 1412 1371 prohibebuntur;
1473 1318 1656 1372 neque
1716 1301 2028 1374 imperium

378 1389 670 1454 nostrum,
701 1403 886 1457 neque
919 1389 1455 1446 desideratissimus
1488 1392 1644 1446 titius
1671 1392 1797 1462 ejus
1845 1391 2031 1462 impe-

383 1477 542 1529 rator
611 1475 1160 1549 Porpbyrogenitus,
1227 1496 1418 1552 neque
1482 1481 1696 1552 aliquis
1764 1483 2032 1552 precepto

384 1562 568 1618 nostri
592 1580 695 1636 per
715 1567 1050 1638 quempiam
1085 1569 1320 1623 modum
1352 1569 1639 1640 injustitie
1670 1569 1844 1625 faciat
1865 1570 2032 1640 quic-

384 1668 560 1724 quam
595 1653 653 1707 in
690 1655 861 1710 rebus
890 1658 1098 1712 vestris
1128 1657 1214 1713 vel
1254 1659 1608 1713 hominibus.
1655 1659 1711 1715 Si
1771 1675 1904 1714 vero
1961 1657 2034 1713 ob

385 1740 609 1813 aliquas
650 1759 860 1800 causas
894 1744 1188 1801 interdum
1223 1748 1437 1803 factum
1473 1749 1666 1815 fuerit,
1701 1764 1800 1818 per
1823 1763 2034 1804 conve-

381 1831 552 1886 niens
581 1836 817 1905 tempus
851 1836 1280 1891 emendabitur.
1315 1837 1369 1891 Si
1405 1837 1620 1909 aliquis
1651 1842 1912 1893 vestrum
1945 1853 2032 1892 re-

385 1920 794 1977 clamationem
829 1923 1044 1995 fecerit,
1082 1942 1192 1981 non
1227 1926 1560 1998 repelletur,
1595 1928 1644 1982 si
1677 1931 1876 1982 notum
1920 1926 2035 1981 im-

383 2009 544 2084 perio
603 2016 800 2067 nostro
847 2013 1060 2069 factum
1123 2015 1320 2082 fuerit,
1375 2017 1475 2072 sed
1509 2017 1822 2088 recipietur
1851 2015 2036 2072 recla-

386 2099 565 2156 malio
597 2100 728 2171 ejus
757 2106 814 2156 et
869 2104 1192 2158 secundum
1256 2104 1443 2177 legem
1505 2105 1920 2172 vindicabitur,
1980 2109 2038 2161 et

383 2188 780 2246 vindicabitur
837 2196 968 2262 post
1008 2193 1412 2264 probationem
1439 2195 1721 2262 veritatis,
1754 2196 1824 2263 si,
1859 2211 2036 2267 appa-

386 2279 572 2334 ruerit
628 2279 981 2351 injustitiam
1041 2299 1274 2353 passus.
1331 2283 1437 2348 Qui.
1487 2301 1588 2356 pro
1649 2284 1880 2339 servitio
1941 2283 2037 2339 Dei

391 2367 854 2438 Hierosolymam
919 2372 1168 2425 tendunt
1234 2389 1364 2427 cum
1435 2373 1642 2428 vestris
1698 2373 2040 2429 hominibus

388 2474 567 2513 causa
596 2458 884 2514 militandi
919 2465 1122 2515 contra
1153 2478 1430 2533 paganos,
1461 2462 1517 2516 in
1571 2462 1776 2518 itinere
1836 2462 1923 2517 vel
1979 2462 2038 2516 in

387 2547 720 2602 reversione
741 2548 1231 2620 impedimentum
1253 2550 1484 2622 aliquod
1510 2567 1620 2606 non
1640 2551 2038 2619 sustinebunt,

388 2653 580 2708 neque
616 2638 1122 2708 perturbabantur
1153 2639 1264 2712 ipsi
1297 2640 1380 2695 vel
1415 2645 1720 2712 naves,aut
1750 2640 2042 2713 stipendia

392 2731 494 2782 aut
530 2725 735 2781 bellica
764 2726 1158 2784 instrumenta
1191 2745 1302 2800 que
1333 2730 1619 2797 deferunt,
1668 2729 2038 2785 securitatem

388 2813 741 2871 facientibus
773 2815 845 2871 iis
873 2817 970 2888 qui
1002 2833 1099 2872 eos
1130 2817 1418 2890 recipiunt
1469 2818 1528 2874 in
1590 2835 1767 2874 naves
1821 2823 2044 2875 vestras

390 2903 734 2959 hominibus
792 2921 894 2978 per
941 2907 1415 2963 certiﬁcationem
1471 2907 1842 2974 sacramenti,
1893 2925 2042 2980 qua-

387 2997 562 3050 tenus
595 3009 700 3049 nec
730 2993 1030 3050 inimicum
1065 2995 1291 3069 imperii
1326 2996 1508 3053 nostri
1541 3001 1597 3054 et
1627 2997 1904 3052 Romanie
1937 2997 2041 3052 ad-

383 3083 727 3155 juvent,nec
759 3083 836 3138 ibi
856 3089 1059 3140 contra
1077 3085 1385 3158 imperium
1408 3091 1672 3143 nostrum
1693 3087 2039 3143 efticiantur.

461 3191 611 3247 «Hec
642 3190 841 3264 itaque
873 3193 1194 3249 manebunt
1222 3194 1436 3267 quippe
1467 3193 1863 3250 immutabilis
1897 3210 2045 3251 sem-

388 3297 512 3354 per,
546 3297 856 3354 quousque
885 3297 984 3338 vos
1015 3288 1070 3338 et
1098 3299 1301 3339 omnes
1332 3283 1694 3340 habitatores
1745 3288 1896 3340 terre
1946 3302 2042 3340 ve-

391 3376 511 3429 stre
541 3377 598 3428 et
627 3372 878 3430 civitatis
905 3373 1226 3430 observatis
1253 3389 1320 3430 ea
1349 3390 1461 3445 que
1519 3375 1792 3446 superius
1849 3375 2046 3430 notiti—

392 3466 523 3518 cata
553 3466 694 3518 sunt
722 3463 890 3518 firma
921 3467 976 3518 et
1034 3462 1372 3535 incorrupta
1425 3463 1672 3536 imperio
1733 3469 1931 3520 nostro
1993 3467 2052 3520 et

391 3551 895 3608 desideratissimo
949 3551 1071 3607 filio
1124 3553 1252 3624 ejus
1311 3557 1370 3608 et
1427 3553 1765 3624 imperatori
1813 3554 2050 3609 domino

392 3645 647 3702 Johanni
683 3645 1171 3719 Porphyrogenito
1202 3650 1259 3702 et
1290 3646 1592 3714 Romanie,
1625 3646 1779 3702 sicut
1811 3646 1916 3702 hec
1959 3646 2052 3700 in-

390 3734 604 3807 telligit
657 3735 967 3807 imperium
1030 3740 1296 3791 nostrum
1360 3737 1428 3790 ad
1483 3735 1758 3792 honorem
1793 3739 1850 3792 et
1875 3735 2052 3808 proﬁ-

396 3840 570 3880 cuum
604 3841 777 3880 suum
811 3829 867 3880 et
899 3825 1200 3893 Romanie,
1233 3831 1291 3881 et
1343 3825 1469 3880 sine
1524 3825 1728 3880 fraude
1786 3829 1841 3880 et
1900 3823 2056 3880 malo

397 3915 632 3986 ingenio
673 3914 890 3986 aliquo.
928 3915 1170 3987 Propter
1201 3916 1308 3971 hoc
1337 3915 1493 3971 enim
1528 3920 1584 3972 et
1613 3931 1857 3988 presens
1890 3915 2057 3988 chry-

397 4001 696 4071 sobulum,
731 4005 995 4070 verbum,
1029 4010 1302 4059 mutuum
1337 4010 1524 4060 vestre
1557 4005 1774 4077 scripte
1807 4021 2058 4062 conven-

397 4092 540 4148 tioni
600 4108 700 4164 per
752 4097 1011 4148 vestrum
1045 4098 1478 4150 sacramentum
1513 4095 1854 4151 confirmate
1883 4099 1939 4150 et
1967 4111 2059 4150 ve-

399 4180 540 4237 stris
573 4182 826 4253 propriis
866 4183 1402 4255 subscriptionibus
1457 4185 1852 4254 corroborata,
1915 4184 2060 4240 mis-

399 4287 532 4327 sum
563 4275 652 4327 est
683 4287 784 4342 per
814 4288 914 4327 vos
943 4272 1217 4328 omnibus
1250 4271 1688 4330 habitatoribus
1719 4274 1976 4331 civitatis
2008 4263 2065 4330 et

399 4364 553 4417 terre
590 4361 875 4417 Pisarum.

472 4473 500 4499 «
536 4450 772 4506 Factum
810 4466 1012 4506 mense
1035 4449 1288 4522 Octobri,
1325 4450 1662 4506 indictionis
1695 4452 1916 4524 quinte,
1965 4468 2066 4509 sex

401 4539 699 4598 millesimi
766 4541 1174 4597 sexcentesimi
1235 4541 1498 4597 vicesimi
1559 4544 1719 4612 anni,
1770 4544 1827 4598 in
1864 4561 1978 4616 quo
2011 4549 2067 4601 et

2066 1877 2113 1944 B

2143 593 2282 646 sunt
2314 590 2447 661 (4-4).
2480 589 2764 655 Quoniam
2797 605 2928 646 vere
2957 593 3092 645 ante
3121 592 3355 661 tempus
3378 589 3449 642 ob
3511 587 3796 659 quasdam

2143 694 2354 734 causas
2384 678 2566 734 voluit
2596 679 2910 751 imperium
2943 684 3210 734 nostrum
3269 677 3616 747 hujusmodi
3676 675 3801 734 loca

2143 781 2228 821 εις
2279 771 2525 832 mutare,
2561 767 2764 838 eisque
2796 783 2898 838 pro
2930 765 3024 821 his
3047 764 3172 820 dari
3203 763 3317 820 alia
3350 763 3504 819 ultra
3531 763 3591 817 in
3625 763 3801 834 parti-

2143 855 2253 910 bus
2285 855 2516 927 magnis
2545 855 2709 910 urbis
2741 855 3046 926 oppositis,
3080 853 3191 925 ipsi
3225 857 3419 908 autem
3461 852 3802 908 accedentes

2143 945 2449 1000 clementis
2481 949 2677 1001 nostre
2708 944 3191 1016 supplicaverunt
3220 947 3287 998 ut
3319 941 3428 998 hoc
3459 958 3574 996 non
3620 941 3804 1010 fieret,

2141 1049 2341 1089 verum
2376 1038 2574 1090 essent
2604 1035 2661 1089 in
2713 1033 3088 1105 possessione
3146 1047 3345 1087 eorum
3407 1047 3519 1103 que
3577 1031 3804 1102 pridem

2142 1123 2456 1192 habebant,
2491 1124 2772 1180 serenitas
2803 1123 3033 1194 imperii
3066 1121 3248 1177 nostri
3282 1121 3365 1176 sic
3396 1119 3517 1174 ﬁeri
3565 1135 3808 1175 conces-

2141 1212 2236 1269 sit.
2289 1216 2355 1267 Et
2405 1213 2683 1284 quoniam
2713 1211 2973 1284 oportuit
3001 1214 3436 1267 sacramentum
3469 1209 3541 1264 ab
3574 1207 3649 1263 iis
3682 1207 3804 1262 ﬁeri

2141 1301 2389 1373 imperio
2420 1305 2618 1357 nostro
2649 1299 2990 1372 hujusmodi
3025 1299 3236 1372 negotii
3273 1297 3482 1370 gratia,
3546 1297 3802 1368 priorem

2143 1391 2584 1446 conventionem
2634 1395 2692 1446 et
2748 1394 3118 1446 sacramenta
3167 1404 3366 1444 eorum
3395 1388 3808 1454 corroborans,

2142 1484 2200 1536 et
2229 1480 2448 1553 quippe
2481 1481 2551 1536 ad
2584 1484 2846 1536 nostram
2880 1477 3254 1534 serenitatem
3288 1475 3461 1549 legati
3495 1475 3567 1531 ab
3603 1475 3808 1547 hujus-

2144 1570 2302 1626 modi
2334 1575 2488 1625 terra
2519 1569 2792 1638 equidem
2844 1571 3256 1640 pervenerunt,
3303 1565 3810 1638 prudentissimus

2142 1659 2413 1716 videlicet
2443 1658 2648 1715 consul
2679 1657 3022 1729 hujusmodi
3056 1661 3206 1711 terre
3236 1655 3530 1722 Albertus,
3564 1657 3623 1709 et
3655 1669 3806 1722 ,cum

2144 1766 2210 1805 eo
2258 1749 2439 1821 judex
2492 1746 2871 1820 Burgundius
2920 1750 2976 1802 et
3016 1761 3212 1802 comes
3240 1748 3492 1814 Marcus,
3525 1747 3585 1798 et
3614 1743 3806 1799 fecere

2143 1838 2390 1910 imperio
2422 1841 2622 1894 nostro
2653 1838 3109 1902 sacramentum,
3141 1831 3346 1890 consul
3380 1832 3621 1905 quidem
3658 1831 3810 1886 noti-

2144 1927 2438 1983 ﬁcandum
2471 1929 2906 1982 sacramentum
2941 1924 3024 1980 sic
3050 1925 3377 1980 secundum
3405 1921 3583 1978 verba
3614 1921 3810 1978 conti-

2145 2032 2292 2072 nens
2324 2032 2337 2072 :
2379 2035 2400 2064 ι
2435 2017 2552 2088 Ego
2582 2015 2786 2071 consul
2811 2014 3099 2084 Pisarum,
3125 2013 3354 2086 legatus
3385 2013 3456 2068 ad
3488 2011 3802 2067 dominum

2148 2111 2476 2162 «nostrum
2517 2105 2929 2177 imperatorem
2989 2103 3387 2158 Romanorum
3452 2104 3510 2156 et
3568 2115 3811 2172 semper

2151 2217 2178 2246 «
2211 2199 2524 2265 augustum
2549 2193 2856 2252 dominum
2880 2191 3208 2248 Manuelem
3233 2190 3808 2263 Porphyrogenitum

2148 2307 2176 2336 «
2207 2283 2754 2354 Comnanum,juro
2786 2299 2853 2338 ex
2883 2286 3154 2353 precepto
3184 2285 3238 2336 et
3270 2279 3570 2335 voluntate
3613 2277 3813 2334 archi-

2151 2397 2177 2425 α
2214 2373 2470 2446 episcopi
2513 2373 2713 2434 nostri,
2752 2370 3088 2438 consulum,
3124 2374 3462 2426 senatorum
3494 2373 3553 2424 et
3583 2367 3816 2440 relique

2153 2484 2180 2514 «
2211 2468 2363 2518 terre
2409 2462 2676 2517 Pisarum
2725 2477 2966 2533 presens
2998 2463 3434 2516 sacramentum
3472 2476 3486 2514 :
3521 2456 3809 2530 quoniam

2151 2574 2179 2602 «
2214 2552 2286 2606 ob
2319 2550 2603 2623 quasdam
2635 2549 2892 2606 rationes
2944 2549 3156 2604 accidit
3209 2564 3317 2603 nos
3375 2547 3444 2603 ad
3505 2545 3813 2601 modicum

2152 2665 2179 2692 ‹‹
2215 2640 2495 2696 removeri
2527 2641 2599 2695 ab
2633 2640 2708 2694 iis
2741 2654 2854 2712 que
2885 2639 2940 2693 in
2976 2653 3192 2710 magna
3223 2637 3367 2693 urbe
3415 2635 3816 2700 habebamus,

2152 2753 2179 2782 ‹‹
2212 2729 2477 2786 videlicet
2532 2729 2795 2798 ecclesia,
2854 2727 3082 2784 embolo
3140 2730 3198 2783 et
3237 2725 3415 2792 scala,
3449 2724 3607 2781 datis
3640 2723 3818 2780 nobis

2152 2842 2181 2871 «
2213 2837 2318 2893 pro
2367 2819 2795 2876 restauratione
2849 2817 2980 2874 aliis
3035 2817 3093 2872 in
3153 2816 3418 2889 partibus
3478 2830 3593 2886 que
3657 2813 3817 2869 ultra

2153 2932 2180 2961 ‹‹
2213 2913 2372 2978 sunt,
2432 2925 2588 2965 nunc
2647 2911 2843 2966 autem
2900 2924 2967 2963 ex
3010 2910 3280 2979 precepto
3311 2903 3700 2976 imperatoris
3734 2919 3818 2958 re-

2156 3023 2184 3053 «
2215 3001 2402 3058 stituti
2434 3017 2644 3057 sumus
2675 3000 2733 3054 in
2760 3015 2828 3056 ea
2858 3013 2971 3070 que
3001 2997 3237 3070 quidem
3256 2991 3816 3066 habebamuszquod

2156 3111 2186 3142 ‹‹
2212 3090 2652 3147 observabimus
2683 3105 2790 3145 nos
2821 3092 2878 3144 et
2906 3092 3063 3143 terra
3093 3085 3358 3142 Pisarum
3393 3083 3674 3140 universa
3700 3088 3821 3154 jno-

2158 3200 2186 3230 «
2217 3179 2436 3235 titicato
2469 3178 2807 3251 imperatori
2854 3174 3347 3250 Porphyrogenito
3399 3172 3640 3230 domino
3710 3176 3825 3227 Ma-

2075 3251 2118 3318 (ἶ
2161 3291 2189 3321 ‹‹
2221 3269 2376 3326 nueli
2427 3269 2749 3338 Comnano,
2780 3266 3097 3322 heredibus
3130 3269 3187 3321 et
3215 3263 3664 3320 successoribus
3698 3264 3824 3333 ejus

2157 3365 2274 3417 «et
2326 3358 2629 3430 Romanie,
2689 3358 2863 3414 fidem
2919 3359 2976 3413 et
3033 3355 3294 3411 debitum
3355 3353 3508 3425 quod
3568 3353 3828 3408 debebat

2160 3475 2187 3504 «
2222 3456 2378 3508 terra
2409 3451 2621 3506 Pisana
2652 3447 2896 3522 imperio
2928 3445 3056 3520 ejus
3079 3463 3147 3502 ex
3177 3445 3405 3518 pridem
3457 3443 3630 3500 tactis
3690 3459 3826 3498 con-

2165 3564 2187 3592 ι
2223 3539 2596 3597 ventionibus
2652 3543 2708 3595 et
2757 3535 3144 3594 sacramentis
3173 3550 3405 3606 semper
3436 3532 3831 3590 memorando

2167 3629 2584 3703 «imperatori,
2647 3627 2884 3684 domino
2943 3624 3140 3682 Alexio
3197 3625 3527 3694 Comnano,
3591 3622 3831 3694 ipsique

2164 3743 2191 3771 ‹‹
2225 3717 2719 3792 Porphyrogenito
2777 3719 2833 3772 et
2887 3712 3226 3786 imperatori
3282 3713 3520 3768 domino
3563 3709 3830 3768 Manueli

2171 3829 2198 3864 α
2225 3809 2521 3865 Comnano
2552 3825 2564 3876 ;
2626 3810 2684 3862 et
2747 3805 2796 3862 si
2855 3803 3077 3876 aliquid
3112 3803 3329 3858 factum
3361 3806 3449 3858 est
3479 3819 3511 3857 a
3539 3805 3706 3857 terra
3739 3800 3831 3854 Pi-

2169 3922 2197 3950 α
2231 3914 2375 3954 sana
2406 3895 2579 3953 alicui
2609 3897 2882 3951 coronato
2913 3891 3001 3948 vel
3049 3909 3165 3947 non
3225 3893 3502 3946 coronato
3564 3889 3637 3944 ad
3699 3887 3834 3944 irri-

2170 3987 2510 4044 «tationem
2575 3989 2850 4057 spectans
2904 3980 3245 4053 hujusmodi
3278 3977 3743 4035 conventionum
3780 3981 3836 4032 et

2171 4099 2200 4128 ‹‹
2235 4078 2760 4140 sacramentorum,
2791 4087 2896 4144 pro
2927 4087 3040 4126 non
3075 4070 3226 4125 facto
3257 4065 3631 4139 reputabitur
3662 4065 3838 4122 illud.

2177 4187 2204 4220 α
2235 4171 2481 4221 Presens
2509 4180 2648 4220 vero
2678 4164 3114 4218 sacramentum
3147 4159 3362 4214 debent
3394 4158 3583 4212 facere
3634 4161 3695 4212 et
3747 4173 3841 4211 re-

2174 4280 2202 4309 ‹‹
2231 4271 2444 4312 novare
2500 4257 2557 4310 et
2613 4250 2884 4308 consules
2941 4253 2998 4306 et
3035 4247 3242 4320 reliqui
3276 4245 3639 4302 habitatores
3670 4245 3841 4301 Pisa-

2175 4369 2203 4398 ι‹
2237 4361 2366 4402 rum
2428 4343 2752 4400 secundum
2813 4336 3320 4396 consuetudinem.
3381 4337 3450 4392 Et
3510 4336 3674 4392 sicut
3734 4335 3844 4390 hec

2177 4460 2203 4488 ‹‹
2237 4437 2367 4509 juro
2426 4433 2552 4490 sine
2605 4431 2812 4487 fraude
2869 4434 2928 4486 et
2957 4427 3112 4484 malo
3143 4426 3400 4500 ingenio,
3433 4425 3518 4481 sic
3553 4430 3713 4482 Deus
3748 4440 3840 4480 me

2179 4549 2207 4578 «
2238 4525 2492 4596 adjuvet,
2527 4525 2729 4579 sancta
2762 4519 2857 4577 Dei
2887 4517 3190 4591 evangelia
3245 4520 3303 4572 et
3358 4514 3730 4572 honorabilis
3785 4518 3845 4570 et

401 4637 668 4688 nostrum
702 4631 863 4703 pium
897 4635 954 4688 et
985 4648 1017 4687 a
1047 4631 1294 4688 Domino
1325 4631 1660 4687 ordinatum
1693 4633 2043 4706 subsignavi‘

2174 4638 2202 4668 «
2234 4614 2461 4670 vivitica
2491 4629 2649 4668 crux.
2673 4632 2782 4660 ››-
2814 4632 2834 4660 α
2861 4608 3048 4665 Judex
3077 4623 3208 4663 vero
3242 4605 3619 4678 Burgundius
3649 4607 3708 4660 et
3743 4619 3839 4659 co-

400 4720 741 4792 imperium.

470 4859 499 4887 «
533 4839 783 4892 Au:st
815 4837 871 4892 in
921 4835 1149 4892 Christo
1210 4837 1326 4892 Deo
1381 4836 1571 4894 fidelis
1631 4837 1950 4912 imperator
2009 4855 2065 4912 et

399 4926 734 4982 moderator
765 4926 846 4982 Ro
862 4943 1126 4982 meorum
1159 4926 1579 4983 Comnanus.—»

473 5042 706 5098 Domini
740 5059 869 5099 vero
899 5042 1184 5100 Manuelis
1220 5043 1304 5099 sic
1339 5059 1350 5098 ε

473 5173 500 5199 ‹‹
535 5147 884 5206 Fidelissimi
918 5149 1160 5222 imperio
1195 5153 1394 5206 nostro
1427 5149 1618 5206 Pisani
1680 5151 1873 5224 adepti
1935 5153 2059 5208 fue-

403 5245 542 5297 runt
564 5241 688 5312 jam
724 5239 781 5294 in
817 5256 1030 5313 magna
1062 5240 1225 5312 urbe,
1254 5256 1357 5310 per
1379 5239 1792 5312 chrysobulum
1828 5256 2061 5314 semper

408 5330 774 5388 memorandi
810 5331 895 5387 avi
949 5331 1179 5404 imperii
1210 5329 1418 5400 nostri,
1453 5334 1508 5386 et
1540 5347 1774 5387 rursum
1827 5348 2059 5404 semper

405 5421 769 5479 memorandi
831 5421 1050 5478 domini
1103 5425 1160 5478 et
1217 5421 1402 5493 patris
1435 5419 1804 5477 celsitudinis
1835 5426 2052 5494 nostre,

405 5511 702 5569 embolum
735 5516 794 5570 et
824 5511 1043 5569 scalam
1075 5515 1131 5568 et
1159 5510 1491 5584 ecclesiam,
1525 5511 1847 5568 secundum
1899 5513 2050 5583 quod

2179 4727 2206 4758 «
2239 4720 2364 4761 mes
2391 4703 2624 4759 Marcus
2655 4700 2738 4757 sic
2760 4701 3109 4771 juraverunt
3138 4694 3620 4768 etipsi'»-«Nos
3642 4692 3843 4750 Judex

2183 4793 2610 4866 «Burgundius
2640 4798 2918 4848 etcomes
2979 4789 3230 4854 Marcus,
3292 4784 3458 4841 missi
3516 4783 3695 4856 legati
3763 4783 3839 4840 ad

2174 4908 2202 4936 ‹‹
2231 4887 2526 4958 potentem
2585 4880 2995 4954 imperatorem
3039 4877 3390 4932 Romeorum
3424 4873 3843 4946 Porphyrsge-

2180 4997 2201 5026 ι
2237 4973 2425 5030 nitum
2459 4971 2764 5028 dominum
2797 4967 3124 5025 Manuelem
3156 4965 3520 5022 Comnanum
3547 4962 3845 5019 acivitate

2176 5086 2204 5115 α
2238 5063 2757 5134 Pisana,juramus
2786 5075 2962 5130 super
2998 5059 3203 5113 sancta
3257 5054 3356 5110 Dei
3416 5051 3719 5124 evangelia
3783 5056 3844 5108 et

2173 5175 2199 5202 ‹‹
2234 5149 2637 5206 honorabilem
2685 5152 2741 5205 et
2785 5145 3070 5204 viviﬁcam
3103 5159 3358 5214 crucem,
3391 5141 3542 5214 quod
3577 5156 3840 5196 conven-

2172 5264 2199 5291 ‹‹
2234 5240 2453 5296 tionem
2488 5241 2699 5296 factam
2761 5251 2994 5309 semper
3053 5231 3430 5290 memorando
3486 5228 3838 5302 imperatori

2171 5353 2199 5383 ‹‹
2231 5330 2468 5386 domino
2526 5328 2723 5385 Alexio
2779 5332 3094 5393 Comnano,
3129 5327 3185 5379 et
3217 5320 3451 5377 domino
3479 5324 3670 5376 nostro
3709 5319 3830 5374 im-

2167 5446 2194 5472 ‹‹
2228 5420 2477 5493 peratori
2504 5422 2558 5475 et
2588 5414 3083 5491 Porphyrogenito
3117 5411 3354 5469 domino
3387 5407 3629 5468 Manueli
3651 5411 3834 5463 Com-

2167 5535 2188 5561 ι
2226 5527 2377 5568 nano
2410 5527 2442 5566 a
2472 5508 2706 5566 civitate
2755 5507 2986 5576 Pisans,
3046 5519 3224 5576 quam
3283 5498 3486 5557 consul
3542 5498 3822 5556 Pisarum

485 5707 596 5779 (44)
631 5707 911 5767 Videntur
937 5709 1032 5766 hic
1064 5707 1347 5767 excidisse
1377 5706 1429 5762 ot
1459 5708 1806 5785 περιορισμνιῖ
1840 5709 2043 5768 instrui

2157 5708 2217 5767 lti
2247 5707 2429 5767 illius.
