4028 6202
211 345 301 407 481
1295 340 1684 402 NOVELLIE
1728 341 2297 408 CONSTITUTION
2311 346 2426 408 ES.

3443 373 3559 433 482

209 502 229 526 (ι
255 475 495 530 Albertus
515 471 746 543 juravit,
769 470 842 527 ad
874 469 1156 528 honorem
1189 471 1560 545 imperatoris
1592 474 1793 530 obser-
1825 491 1875 556 Α
1911 477 2233 548 practicum
2266 479 2476 537 horum
2509 485 2887 557 tradieionis;
2922 494 3075 562 quod
3108 495 3207 551 ﬁet
3246 499 3556 558 notificatis

208 592 224 618 ι
249 565 482 622 vabimus
510 561 754 618 ﬁdeliter
777 565 832 618 et
863 579 990 630 nos,
1024 566 1081 619 et
1128 563 1411 620 faciemus
1460 564 1794 620 confirmari

203 678 224 705 α
251 655 311 710 ab
340 654 589 709 universa
643 651 870 707 civitate
920 651 1132 708 Pisana
1174 653 1298 709 sine
1344 654 1566 711 fraude.
1615 655 1683 709 Et
1713 654 1795 710 sic

203 745 485 815 cjuramus
535 741 634 795 hec
673 740 799 796 sine
848 741 1052 796 fraude
1101 746 1158 796 et
1226 741 1378 798 malo
1430 743 1690 813 ingenio,
1741 747 1799 798 et

202 834 393 888 «ﬁrma
457 829 912 886 observabimus.
994 829 1088 886 Sic
1147 835 1300 887 Deus
1377 849 1483 888 nos
1540 832 1796 902 adjuvet,

199 925 424 978 «sancta
465 919 562 974 Dei
609 919 913 992 evangelia
957 924 1014 975 et
1054 919 1417 977 honorabilis
1468 925 1525 977 et
1573 921 1800 978 vivifica

198 1035 219 1063 ς(
247 1027 382 1067 ΟΓΠΧ.
417 1031 441 1059 ))

252 1141 274 1168 ε(
319 1118 448 1173 Ecce
489 1120 545 1172 et
591 1116 909 1190 imperium
967 1121 1236 1175 nostrum
1289 1119 1629 1176 corroborat
1698 1135 1800 1192 per

196 1224 399 1281 presens
429 1206 848 1278 chrysobulum
879 1206 1142 1280 sigillum
1176 1225 1350 1264 suum
1387 1226 1604 1264 munus
1644 1209 1798 1279 quod

193 1297 449 1352 habebant
478 1295 536 1350 in
570 1296 867 1352 notificato
891 1297 1027 1368 jure
1057 1315 1091 1353 a
1140 1313 1372 1370 semper
1420 1297 1798 1354 memorando

191 1388 502 1459 imperatore
531 1385 771 1442 domino
803 1390 858 1442 et
904 1391 1070 1459 patre
1125 1389 1277 1458 ejus,
1324 1392 1382 1444 et
1428 1389 1599 1460 jubet
1631 1388 1801 1442 firma

188 1482 232 1532 et
269 1464 610 1531 inviolab'ilia
668 1492 1010 1548 permanere
1078 1477 1229 1534 facta
1295 1477 1379 1534 eis
1442 1475 1800 1550 chrysobula

187 1581 334 1636 super
374 1562 685 1620 collatione
733 1564 1076 1635 hujusmodi
1145 1565 1564 1638 immobilium,
1639 1565 1688 1621 si
1741 1571 1798 1623 et

185 1653 486 1725 hujusmodi
517 1657 675 1709 terra
725 1653 993 1710 Pisarum
1048 1655 1195 1711 bene
1226 1655 1496 1712 observat
1546 1659 1715 1726 pacta
1745 1659 1801 1712 et

183 1746 513 1798 sacramenta
543 1759 652 1798 sua
683 1759 797 1814 que
832 1743 1075 1814 imperio
1110 1749 1331 1814 nostro,
1389 1744 1704 1800 heredibus
1737 1749 1795 1801 et

183 1831 584 1888 successoribus
615 1834 747 1904 ejus
781 1832 933 1903 fecit,
966 1834 1038 1889 ad
1070 1833 1349 1890 honorem
1381 1837 1438 1890 et
1469 1835 1795 1906 proficuum

183 1921 380 1993 imperii
429 1921 616 1977 nostri
674 1925 734 1978 et
780 1922 1080 1978 Romanie.
1145 1924 1332 1996 Super
1381 1924 1490 1978 hoc
1535 1923 1690 1978 enim
1741 1927 1798 1980 et

182 2025 388 2081 presens
422 2009 652 2080 imperii
704 2011 888 2067 nostri
928 2011 1190 2083 sigillum
1225 2013 1309 2068 eis
1358 2013 1638 2068 collatum
1687 2017 1794 2081 est,

183 2098 364 2154 debens
395 2104 449 2154 et
482 2100 540 2154 in
573 2100 852 2172 congruis
883 2101 1125 2157 secratis
1156 2103 1334 2158 sterni
1383 2107 1620 2175 prOpter
1649 2102 1798 2159 uoti-

181 2185 496 2257 ﬂcationem,
528 2204 736 2244 mense
759 2188 938 2258 Julio,
973 2189 1309 2247 indictionis
1330 2192 1517 2247 tertie.
1556 2213 1584 2241 »

234 2293 312 2348 Sic
324 2294 589 2366 equidem
606 2295 942 2366 hujusmodi
958 2295 1328 2368 chrysobulis
1342 2298 1796 2366 continentibus,

176 2383 417 2453 quoniam
434 2384 720 2440 notificati
737 2384 911 2457 legati
934 2387 1204 2458 superius
1225 2387 1436 2459 scripta
1453 2388 1803 2460 pepigerunt

176 2474 220 2526 et
241 2472 441 2544 scripto
474 2474 914 2546 subscriptione
944 2492 1144 2531 eorum
1165 2477 1510 2533 conﬁrmato
1536 2493 1801 2549 compre-

175 2559 553 2632 henderunt,et
576 2569 952 2620 sacramento
975 2581 1079 2621 ceu
1104 2566 1467 2622 notiﬁcatum
1499 2570 1588 2622 est
1609 2582 1802 2621 corro-

172 2648 508 2721 boraverunt,
535 2653 716 2722 jubet
744 2653 1058 2725 imperium
1084 2660 1447 2725 nostrum,ea
1475 2671 1588 2727 que
1623 2655 1681 2710 in
1701 2672 1801 2710 su-

174 2740 340 2809 perius
369 2740 615 2813 scriptis
645 2741 1014 2815 chrysobulis
1047 2744 1647 2817 comprehenduntur,
1681 2748 1801 2800 tam

173 2827 234 2901 de
255 2827 319 2884 iis
348 2846 456 2901 que
487 2847 520 2884 a
570 2829 809 2886 civitate
841 2831 1052 2888 Pisana
1109 2834 1390 2890 Romanis
1439 2834 1591 2889 facta
1639 2837 1799 2899 sunt,

174 2896 322 2988 qiiam
354 2896 495 2975 etde
519 2919 603 2975 iis
629 2937 789 2990 quea
810 2922 1094 2977 Romanis
1118 2922 1262 2994 ipsis
1285 2922 1494 2978 collata
1512 2896 1804 2992 sunl,el'li¥

179 3008 367 3063 caciam
399 3014 454 3064 et
484 3008 1002 3066 inviolabilitatem
1037 3011 1270 3068 habere.
1327 3016 1384 3068 et
1414 3012 1497 3068 sic
1545 3009 1803 3083 reputari

176 3102 227 3151 ut
254 3113 394 3152 nunc
419 3104 589 3170 pacta
614 3103 670 3154 et
690 3098 901 3155 collata
925 3118 937 3168 ;
963 3104 1021 3156 et
1043 3101 1268 3157 restitui
1294 3101 1539 3173 precipit
1562 3101 1802 3156 Pisanos

180 3185 227 3239 in
259 3187 515 3243 universa
535 3206 572 3259 q
589 3204 659 3243 ue
686 3188 744 3242 in
773 3206 987 3262 magna
1007 3191 1150 3245 urbe
1171 3191 1319 3262 ipsis
1341 3191 1556 3246 donata
1577 3190 1801 3262 pridem

1905 565 2113 639 legatis
2141 585 2340 624 eorum
2375 589 2407 627 a
2435 577 2836 646 grammaticis
2869 579 3098 654 imperii
3130 588 3333 658 nostri,
3363 591 3554 647 Pedia-

1907 656 2030 711 dita
2075 660 2451 717 Constantino
2497 669 2554 719 et
2617 666 2943 726 clarissimo
3016 656 3554 745 protonobilissimo

1906 743 2104 814 Sergio
2135 745 2347 816 Coliva,
2379 754 2436 804 et
2467 767 2499 804 a
2526 752 2872 812 desunotato
2896 743 3275 820 Constantino
3308 769 3553 841 Petiota,

1909 834 2063 904 quod
2117 839 2174 890 et
2219 835 2280 890 in
2332 842 2609 911 congruis
2674 848 2918 903 secretis
2963 852 3144 908 sterni
3201 855 3372 914 debet
3422 877 3557 918 cum

1910 923 2164 993 presenti
2233 924 2584 998 chrysobulo
2649 932 2881 1006 imperii
2929 941 3157 1010 nostri;
3209 950 3267 1000 et
3342 947 3558 1007 habere

1909 1010 2156 1068 Pisanos
2187 1014 2492 1073 universos
2525 1018 2830 1079 introitum
2879 1043 3081 1085 eorum
3140 1040 3470 1103 presentem
3501 1043 3558 1096 et

1911 1099 2177 1156 futurum
2227 1119 2295 1158 ex
2347 1110 2995 1178 superedil‘icationibus
3058 1119 3341 1194 ipsorum,
3408 1145 3554 1199 quas

1909 1196 2062 1254 infra
2112 1201 2396 1258 terminos
2439 1204 2584 1276 ipsis
2633 1211 2879 1267 traditos
2951 1213 3180 1287 facient,
3248 1239 3555 1297 quousque

1910 1288 2134 1357 civitas,
2195 1308 2375 1361 quam
2435 1293 2606 1351 debet
2656 1298 2900 1370 imperio
2970 1311 3188 1374 nostro,
3243 1288 3556 1373 heredibus

1909 1381 1966 1432 et
1995 1380 2436 1438 successoribus
2460 1385 2587 1455 ejus
2620 1386 2850 1460 ipsique
2873 1397 3352 1468 Romanie,ﬁdem
3384 1408 3557 1476 atque

1909 1467 2211 1523 servitium
2244 1478 2564 1543 conservat,
2600 1481 2655 1532 ct
2688 1483 2840 1535 terra
2872 1482 3081 1541 Pisana
3111 1467 3176 1543 ac
3207 1489 3396 1561 ipsum
3431 1495 3556 1566 ejus

1909 1571 2222 1613 commune
2254 1559 2622 1622 inviolabiter
2650 1571 2706 1621 et
2737 1569 2861 1624 sine
2904 1559 3310 1652 diminutione,
3346 1599 3555 1640 secun-

1910 1644 2049 1700 dum
2083 1649 2528 1707 conventionem
2562 1655 2842 1728 scriptam
2867 1678 2898 1716 a
2929 1669 3326 1736 supranotatis
3352 1687 3556 1730 eorum

1907 1731 2115 1805 legatis
2171 1735 2382 1794 factam
2440 1745 2495 1795 et
2545 1745 2818 1815 superius
2881 1731 3202 1826 recitatam,
3251 1775 3364 1830 que
3410 1766 3468 1818 et
3521 1780 3557 1820 δ.

1909 1826 2195 1893 potestate
2225 1827 2491 1896 ejusdem
2515 1830 2767 1891 civitatis
2799 1841 2855 1893 et
2909 1844 3062 1898 terre
3112 1826 3318 1905 Pisane
3350 1855 3408 1907 et
3439 1868 3557 1908 me-

1907 1911 2153 1969 lioribus
2185 1915 2415 1974 Pisanis
2446 1923 2503 1974 et
2553 1922 2824 1982 universa
2873 1929 3237 2000 plenitudine
3283 1940 3552 2000 Pisarum

1899 2001 2088 2072 jurari
2123 2003 2370 2060 debetin
2404 2013 2699 2078 presentia
2728 2032 2906 2088 super
2939 2019 3045 2077 hoc
3081 2025 3272 2096 ipsum
3312 2031 3554 2089 mitten-

1906 2091 2113 2147 dorum
2137 2092 2442 2152 hominum
2477 2098 2704 2172 imperii
2735 2109 2940 2176 nostri,
2962 2117 3017 2166 et
3047 2118 3349 2174 annuatim
3374 2137 3549 2178 reno-

1908 2181 2050 2246 vari,
2104 2186 2429 2241 secundum
2496 2192 2649 2260 quod
2719 2197 3048 2265 specialiter
3095 2218 3161 2259 ea
3211 2223 3323 2277 que
3373 2209 3552 2282 hujus

1908 2268 2144 2341 capituli
2179 2279 2339 2343 sunt,
2375 2292 2607 2349 semper
2635 2288 3010 2344 memorando
3061 2268 3422 2365 imperatori,
3450 2268 3554 2372 pa-

1911 2362 2041 2415 truo
2073 2359 2303 2432 imperii
2335 2367 2541 2438 nostri,
2574 2368 2812 2428 domino
2859 2377 3130 2448 Manueli,
3185 2389 3351 2454 pacta
3390 2359 3550 2446 sunt.

1913 2456 2202 2513 Fruentur
2231 2465 2425 2517 autem
2476 2470 2533 2520 et
2581 2467 2847 2528 libertate
2893 2477 3162 2535 universa
3213 2483 3271 2537 in
3324 2485 3552 2544 duobus

1911 2545 2168 2602 recitatis
2219 2548 2588 2623 chrysobulis
2641 2563 3064 2632 comprehensa
3109 2576 3464 2646 commercii,
3499 2581 3557 2633 et

1913 2725 2536 2796 tinentur,exhibentcs
2569 2736 2638 2792 de
2669 2745 2901 2798 centum
2926 2745 2957 2798 4
2990 2725 3106 2802 tam
3142 2749 3198 2804 in
3228 2768 3441 2825 magna
3465 2773 3556 2811 ur-

1914 2814 1982 2868 be
2013 2832 2191 2886 quam
2223 2816 2281 2872 in
2308 2822 2515 2879 ceteris
2549 2827 2718 2884 terris
2750 2836 2947 2888 nostre
2966 2836 3055 2905 pie
3077 2814 3550 2912 tranquillitatis:

1913 2929 2029 2968 non
2056 2914 2247 2970 solum
2279 2920 2350 2974 de
2378 2919 2449 2976 iis
2482 2939 2591 2993 que
2623 2926 2694 2982 de
2742 2928 2948 2987 alienis
2996 2937 3260 3006 partibus
3307 2943 3380 2997 ab
3413 2943 3558 3015 ipsis

1913 3001 1970 3057 in
2005 3007 2348 3064 Romaniam
2401 3011 2725 3071 afferuntur
2775 3020 3059 3080 universis
3102 3030 3416 3103 mercibus,
3462 3050 3555 3090 ve-

1914 3110 2042 3148 rum
2075 3095 2252 3151 etiam
2280 3099 2350 3153 de
2379 3099 2450 3156 iis
2482 3120 2592 3174 que
2622 3107 2693 3161 de
2745 3111 2914 3166 terris
2967 3114 3242 3174 Romanis
3289 3121 3361 3175 ab
3410 3123 3556 3195 ipsis

1912 3188 2190 3240 emuntur
2218 3193 2273 3241 et
2305 3187 2362 3242 in
2395 3207 2608 3263 magna
2640 3196 2782 3253 urbe
2815 3199 2897 3254 vel
2926 3201 3056 3258 aliis
3079 3208 3250 3263 terris
3279 3187 3559 3268 Romanis

177 3273 384 3331 fuerunt
414 3294 445 3331 a
475 3250 717 3348 sernper
749 3250 1126 3335 memorando
1159 3250 1511 3351 imperatore
1557 3283 1614 3334 et
1661 3296 1796 3350 pro-
1833 3250 1874 3315 C
1914 3273 2268 3370 γθῐξάυηὶυνο
2317 3277 2678 3352 Quamquam
2748 3289 2904 3344 enim
2955 3296 3011 3346 et
3079 3311 3143 3349 ex
3204 3297 3557 3370 chrysobulo

181 3379 266 3417 avo
295 3363 514 3435 imperii
546 3364 762 3434 nostri,
797 3366 1034 3423 domino
1069 3367 1285 3438 Alexio,
1337 3371 1393 3424 et
1425 3368 1801 3424 desideratis-

177 3448 302 3507 simo
334 3457 537 3523 patruo
575 3451 944 3512 celsitudinis
978 3465 1205 3525 nostrae,
1238 3457 1474 3512 domino
1508 3456 1797 3513 Manueli:

175 3540 444 3596 embolum
497 3541 794 3613 videlicet,
862 3543 1218 3613 habitacula,
1287 3545 1593 3602 ecclesiam
1665 3562 1799 3600 cum

172 3627 328 3684 altera
357 3631 425 3685 ab
468 3630 622 3703 ipsis
670 3631 820 3687 infra
860 3633 996 3703 jura
1043 3652 1242 3692 eorum
1296 3640 1486 3692 erecta
1532 3634 1799 3701 ecclesia,

167 3717 535 3776 etlittoralem
592 3720 836 3790 scalam,
885 3724 1211 3780 secundum
1263 3727 1418 3796 quod
1445 3725 1530 3781 eis
1584 3727 1800 3780 donata

165 3803 390 3878 fuerunt,
426 3813 482 3864 et
523 3810 858 3865 secundum
910 3811 1062 3866 facta
1113 3813 1258 3883 ipsis
1314 3813 1571 3886 practica
1621 3830 1799 3885 super

165 3897 458 3954 tradicione
482 3898 558 3954 ho
571 3916 698 3954 rum
722 3897 804 3954 eis
821 3899 1276 3974 facta.Largitur
1293 3909 1488 3959 autem
1512 3903 1796 3976 eisimpe-

164 3984 295 4041 rium
325 3993 596 4043 nostrum
629 3993 686 4044 et
733 3989 1100 4060 pensionalia
1151 3994 1523 4048 monastaerii
1569 3993 1793 4049 domini

160 4075 390 4144 Antonii,
424 4094 540 4148 que
571 4076 627 4132 in
660 4078 926 4134 faciendo
948 4079 1091 4150 ipsis
1123 4081 1378 4151 practice
1414 4083 1795 4138 notilicabun--

163 4164 259 4232 tur,
307 4165 583 4222 habentia
634 4183 736 4238 pro
786 4185 938 4224 anno
986 4167 1231 4225 introitu
1280 4171 1384 4241 [ω]
1440 4171 1795 4229 nomismata

163 4267 418 4324 yperpera
447 4255 582 4320 246,
613 4259 671 4311 et
701 4255 923 4312 scalam
959 4257 1406 4330 predeputatam
1438 4259 1498 4315 in
1531 4261 1648 4317 situ
1678 4261 1789 4317 loci

163 4339 454 4400 lcanatisse
507 4362 543 4399 a
595 4346 908 4402 serenitate
963 4351 1164 4403 nostra
1210 4349 1498 4406 editicatio
1550 4351 1621 4405 ab
1662 4351 1793 4423 ipsa

161 4427 409 4502 hospitali
441 4434 500 4489 in
532 4435 752 4506 templo
779 4436 1100 4492 venerabili
1149 4442 1494 4496 sanctorum
1546 4458 1788 4514 magno-

161 4534 271 4575 rum
300 4525 616 4578 Martorum
651 4524 1066 4597 Quadraginta.
1112 4527 1386 4583 Concedit
1431 4533 1626 4585 autem
1661 4531 1786 4588 dari

1911 3358 2059 3432 ipsis
2090 3365 2241 3419 facto
2289 3369 2487 3437 proavi
2535 3370 2768 3444 imperii
2821 3381 3030 3449 nostri,
3078 3400 3311 3457 semper
3342 3405 3556 3445 memo-

1911 3450 2080 3506 randi
2110 3453 2478 3525 imperatoris
2523 3461 2747 3518 domini
2793 3465 2974 3523 Alexii
3023 3472 3325 3543 Comnani,
3374 3481 3439 3534 ut
3468 3477 3558 3534 vel

1911 3543 1976 3594 ut
2040 3542 2238 3597 Romei
2305 3552 2650 3617 reputentur
2722 3551 2835 3624 ipsi
2919 3559 2978 3612 in
3048 3542 3339 3620 mercibus
3405 3583 3557 3637 quas

1910 3628 1981 3684 de
2038 3632 2322 3689 Romanis.
2378 3643 2604 3706 emunt,
2660 3641 3120 3705 determinatam
3195 3657 3305 3719 est,
3367 3654 3556 3711 idem-

1908 3735 2020 3790 que
2049 3724 2465 3780 commercium
2501 3728 2639 3784 dent
2668 3730 2738 3786 de
2770 3733 2841 3789 iis
2872 3739 3024 3806 quod
3059 3743 3115 3794 et
3146 3743 3344 3799 Romei
3378 3745 3555 3814 dant;

1907 3809 2008 3862 sed
2063 3814 2260 3866 tamen
2318 3812 2630 3886 imperium
2684 3829 2948 3880 nostrum
3027 3831 3272 3886 multam
3351 3850 3555 3890 eorum

1906 3897 2269 3956 devotionem
2315 3907 2372 3959 et
2418 3905 2595 3961 fidem
2654 3925 3062 3983 remunerans,
3123 3918 3442 3977 liberaliter
3497 3925 3554 3978 et

1905 4004 2084 4059 super
2113 3989 2222 4046 hoc
2271 3992 2595 4065 capitulum
2645 4015 2782 4070 erga
2828 4019 2926 4059 eos
2980 4007 3122 4078 agit,
3175 4014 3231 4064 et
3260 4010 3292 4064 4
3324 4012 3394 4066 de
3428 4029 3559 4068 cen-

1904 4080 2030 4132 tum
2065 4083 2292 4136 tantum
2327 4083 2464 4139 dare
2512 4103 2610 4142 eos
2652 4089 2824 4159 jubet
2871 4097 2928 4147 et
2975 4095 3032 4149 in
3073 4098 3368 4156 mercibus
3399 4102 3556 4174 ipso-

1903 4183 2036 4221 rum
2069 4185 2218 4239 quas
2249 4171 2318 4226 de
2362 4176 2642 4231 Itomania
2674 4180 2946 4251 equidem
3004 4192 3229 4244 emunt.
3265 4171 3562 4248 Fruentur

1902 4254 2084 4326 igitur
2117 4258 2307 4315 Pisani
2341 4260 2609 4321 libertate
2641 4268 2787 4339 ipsis
2827 4271 3039 4330 collata
3090 4291 3124 4330 a
3156 4283 3355 4336 nostra
3403 4297 3557 4339 sere-

1902 4343 2083 4401 nitate
2113 4351 2170 4401 et
2199 4351 2476 4408 omnibus
2505 4353 2652 4426 ipsis
2684 4358 2934 4430 donatis,
2984 4380 3086 4419 ceu
3133 4369 3409 4439 superius
3455 4387 3560 4441 pa-

1906 4434 2187 4491 tefactum
2235 4443 2344 4506 est,
2391 4446 2447 4496 et
2509 4447 2939 4505 amovebuntur
2981 4453 3054 4508 ab
3098 4454 3188 4510 his
3211 4434 3551 4529 nunquam.

1899 4533 2177 4597 Quamvis
2206 4538 2360 4592 enim
2396 4539 2735 4611 hujusmodi
2767 4549 2966 4604 omnia
2988 4551 3116 4620 jam
3165 4555 3381 4610 tradita
3430 4556 3550 4610 fue-

161 4612 209 4662 et
251 4627 476 4668 rursum
535 4612 740 4669 Pisane
789 4613 1030 4670 ecclesie
1100 4616 1417 4673 constituta
1475 4617 1525 4674 ei
1599 4615 1869 4678 annual)
1906 4621 2019 4676 rint
2077 4628 2451 4684 monasteriis
2509 4636 2565 4686 et
2614 4636 2878 4705 personis
2929 4639 3145 4709 quibus
3193 4642 3298 4698 hec
3357 4643 3555 4701 ablata

162 4695 444 4768 solemnia,
483 4702 592 4755 500
640 4701 863 4758 scilicet
921 4720 1202 4775 yperpera
1249 4710 1305 4761 et
1350 4708 1385 4760 2
1435 4706 1615 4779 pallia
1647 4713 1799 4765 utet

165 4784 228 4840 ab
258 4786 496 4860 imperio
539 4796 738 4848 nostro
787 4791 838 4847 ei
893 4809 1049 4848 nunc
1099 4795 1442 4867 constituta,
1498 4798 1569 4853 ob
1622 4799 1795 4855 tidem

168 4891 320 4943 quam
347 4877 550 4934 civitas
581 4881 752 4936 debet
781 4885 837 4936 et
869 4886 1021 4937 terra
1053 4882 1265 4939 Pisana
1297 4885 1542 4957 imperio
1594 4894 1796 4945 nostro

169 4968 219 5017 et
245 4967 536 5030 servitium
569 4971 717 5039 ejus.
751 4970 923 5025 Addit
954 4988 1187 5043 quoque
1219 4973 1304 5030 eis
1335 4979 1392 5029 et
1419 4975 1532 5031 alia
1553 4993 1794 5049 yperpe-

172 5067 225 5105 ra
257 5053 346 5110 lOO
393 5057 689 5127 similiter,
739 5063 797 5114 et
847 5059 1303 5120 honoratissimo
1354 5065 1794 5138 archiepiscopo

172 5139 416 5200 Pisarum
450 5148 940 5216 preconstitutum
971 5150 1024 5204 ei
1055 5169 1320 5208 annuum
1370 5153 1675 5222 salarium,
1726 5158 1796 5210 60

173 5229 416 5289 videlicet
445 5235 724 5308 yperpera
753 5241 810 5293 et
843 5255 1026 5294 unum
1061 5240 1325 5312 pallium,
1362 5247 1427 5298 ut
1470 5249 1528 5300 et
1557 5244 1608 5300 ei
1641 5261 1796 5301 nunc

173 5321 537 5379 constitutum
571 5326 643 5380 ab
676 5317 920 5399 imperio
952 5333 1356 5388 nostro.Addit
1386 5350 1516 5388 vero
1549 5352 1795 5406 persone

174 5409 574 5486 archiepiscopi
615 5415 715 5487 qui
761 5433 915 5472 nunc
964 5423 1055 5474 est
1103 5425 1159 5476 et
1208 5419 1322 5476 alia
1363 5440 1645 5494 yperpera
1694 5441 1796 5496 per

174 5496 421 5570 singulas
465 5521 649 5560 annos
680 5507 768 5561 40.
821 5507 892 5562 Et
920 5508 1093 5579 jubet
1152 5509 1491 5581 hujusmodi
1535 5515 1734 5571 omnia
1763 5533 1796 5572 a

177 5593 322 5656 parte
350 5589 596 5649 civitatis
625 5599 682 5650 et
712 5600 864 5651 terre
905 5596 1115 5654 Pisans
1163 5600 1454 5672 possideri
1485 5601 1593 5658 hoc
1624 5605 1795 5662 modo

178 5693 268 5748 per
293 5695 491 5736 omnes
511 5686 568 5739 et
589 5683 860 5744 assiduos
882 5690 1431 5759 annos,secundum
1464 5692 1794 5754 faciendum

1906 4716 2062 4780 sunt,
2099 4719 2155 4768 et
2184 4716 2412 4773 Pisanis
2445 4721 2675 4789 tradita,
2707 4729 2967 4782 attamen
2999 4730 3278 4798 quoniam
3330 4736 3551 4789 iterum

1910 4799 2247 4870 hujusmodi
2289 4806 2484 4862 Pisani
2532 4811 2642 4865 sub
2688 4815 2920 4870 servitio
2971 4817 3252 4875 Romanis
3301 4822 3554 4878 ordinati

1906 4897 2045 4945 sunt
2093 4897 2148 4947 et
2200 4894 2510 4964 pristinam
2559 4917 2727 4955 suam
2775 4904 2948 4959 {idem
3011 4913 3188 4978 atque
3245 4911 3551 4970 servitium

1905 4978 2152 5050 imperio
2202 4989 2424 5050 nostro,
2471 4987 2789 5048 heredibus
2829 4999 2884 5047 et
2937 5001 3378 5058 successoribus
3423 5005 3552 5074 ejus

1905 5072 1961 5122 et
2017 5070 2312 5140 Comanie,
2366 5076 2673 5136 observare
2727 5085 3097 5156 juraverunt,
3172 5107 3408 5147 rursum
3467 5091 3551 5148 eis

1906 5157 2098 5214 ablata
2129 5168 2266 5218 sunt
2291 5169 2348 5219 et
2380 5169 2650 5224 restituta
2683 5171 3219 5246 Pisanis,quoniam
3242 5180 3353 5251 ipsi
3376 5181 3548 5237 satis-

1906 5247 2217 5306 factionem
2269 5270 2301 5308 a
2346 5256 2484 5312 fisco
2551 5258 2763 5316 habere
2824 5263 3075 5334 debent;
3125 5268 3173 5322 si
3224 5285 3354 5324 vero
3431 5285 3548 5326 non

1905 5337 2237 5409 habuerint,
2272 5361 2386 5399 non
2429 5347 2641 5402 debent
2693 5349 2749 5404 in
2800 5351 3044 5410 Pisanos
3093 5373 3282 5428 agere,
3333 5359 3437 5413 sed
3492 5358 3548 5413 in

1905 5426 2100 5498 ipsum
2134 5433 2364 5504 iiscum,
2399 5435 2548 5492 infra
2579 5440 2906 5509 legitimum
2939 5426 3190 5517 tempus.
3227 5449 3292 5502 Et
3321 5453 3549 5505 restau-

1906 5518 2192 5576 rationem
2225 5523 2417 5594 adepti
2463 5527 2698 5597 l‘uerint,
2746 5531 3045 5589 habebunt
3090 5536 3548 5596 satisfactionem

1907 5624 2010 5678 qer
2038 5608 2094 5662 id
2127 5612 2282 5681 quod
2316 5613 2587 5685 dabitur;
2623 5617 2671 5673 si
2705 5624 2900 5677 autem
2935 5639 3048 5679 non
3082 5625 3277 5698 adepti
3309 5627 3546 5700 fuerint,

1904 5696 2205 5756 habebunt
2235 5718 2339 5773 pro
2387 5709 2552 5763 rato:
2587 5709 2866 5779 quoniam
2918 5696 3232 5786 imperium
3281 5722 3547 5777 nostrum
