4028 6202
504 314 623 374 483

510 444 810 501 licentiam
843 459 909 498 ex
929 442 1158 515 legibus
1199 439 1375 495 habet
1407 439 1462 494 in
1516 438 1730 493 noticia
1783 437 2065 511 largiendi
2101 443 2156 495 et

507 535 722 603 aliena,
756 537 812 589 et
843 531 1092 605 largitur
1119 531 1226 586 hec
1261 529 1527 584 Pisarum
1577 527 1950 600 plenitudini.
2001 528 2156 592 Quo-

510 625 668 680 niam
701 639 832 679 vero
878 619 1157 676 notiﬁrati
1209 617 1382 691 legati
1435 616 1742 672 clementia
1788 621 1984 672 nostro
2018 635 2156 690 sup-

510 713 795 786 plicantes
829 710 1120 783 petierunt
1152 725 1281 763 cum
1315 706 1447 762 aliis
1493 705 1777 762 notiﬁcari
1809 705 1866 760 in
1901 706 2155 778 presenti

510 800 859 875 chrysobulo
907 797 1137 871 imperii
1188 797 1394 868 nostri,
1463 801 1580 852 tam
1635 812 1701 851 ea
1751 812 1863 867 que
1930 796 2153 868 pridem

511 890 962 964 possidebantur
993 905 1023 944 a
1056 891 1215 960 parte
1260 885 1510 942 civitatis
1557 891 1611 942 et
1659 890 1809 941 terre
1859 885 2068 940 Pisane
2098 884 2154 940 in

511 996 725 1052 magna
758 978 900 1033 urbe
923 979 1079 1048 jura,
1110 994 1287 1048 quam
1317 991 1376 1031 ea
1412 992 1524 1047 que
1559 991 1713 1030 nunc
1746 991 1778 1029 a
1808 971 2159 1030 celsitudine

508 1074 713 1126 nostra
761 1067 909 1140 ipsis
940 1065 1150 1122 collata
1201 1070 1358 1132 sunt,
1408 1064 1718 1136 imperium
1772 1067 2040 1119 nostrum
2073 1063 2157 1118 sic

508 1159 636 1213 ﬁeri
685 1156 990 1211 concessit.
1045 1155 1114 1209 Et
1157 1154 1376 1208 habent
1423 1169 1534 1225 que
1583 1153 1806 1223 pridem
1857 1153 2156 1224 quidema

507 1247 737 1302 Pisanis
764 1244 1218 1318 possidebantur
1249 1243 1334 1297 sic
1365 1243 1477 1313 (45)
1509 1259 1522 1296 :

579 1339 1095 1394 Conservabuntur
1124 1335 1306 1405 igitur
1337 1336 1602 1388 universa
1635 1334 1909 1403 superius
1939 1333 2158 1403 scripta

507 1429 678 1484 ﬁrma
709 1428 779 1482 ab
811 1425 1059 1494 imperio
1089 1430 1310 1492 nostro,
1346 1423 1657 1476 heredibus
1702 1427 1757 1474 et
1807 1421 2159 1475 successori-

508 1519 621 1574 bus
651 1518 778 1587 ejus
809 1522 868 1570 et
897 1515 1201 1577 Romanis,
1236 1513 1284 1567 si
1321 1518 1575 1582 potestas
1624 1526 1737 1582 que
1787 1516 1874 1565 est
1922 1511 1980 1564 in
2015 1509 2156 1563 civi-

504 1611 627 1663 tate
656 1611 715 1661 et
737 1611 893 1660 terra
924 1603 1153 1668 Pisans,
1188 1600 1480 1669 consules,
1540 1599 1861 1655 consiliarii
1895 1603 1952 1654 et
1985 1614 2154 1654 sena-

504 1700 686 1766 tores,
735 1692 1044 1765 capitanei,
1095 1696 1350 1746 rectores
1400 1695 1458 1745 et
1505 1687 1716 1760 reliqui
1759 1687 2053 1754 meliores,
2087 1703 2154 1744 ac

502 1787 702 1858 ipsum
725 1798 1038 1840 commune
1059 1781 1324 1835 Pisarum
1350 1777 1672 1850 receperint
1692 1794 1801 1848 que
1827 1795 1862 1833 a
1883 1777 2155 1849 superius

505 1875 743 1947 scriptis
773 1872 982 1945 legatis
1012 1887 1211 1927 eorum
1247 1875 1416 1940 pacta
1446 1874 1503 1922 et
1534 1869 1735 1938 jurata
1771 1866 2018 1939 imperio
2049 1884 2154 1923 no-

505 1962 970 2033 stro,beredibus
1000 1966 1058 2016 et
1087 1957 1530 2015 successoribus
1552 1956 1681 2027 ejus
1698 1955 1930 2028 ipsique
1949 1960 2155 2012 Roma-

1331 2258 1400 2297 DE
1440 2258 1715 2297 ECCLESIIS
1753 2257 1826 2296 AD
1864 2258 2148 2296 ALTIOREM

1819 305 2071 369 ISAACl
2119 308 2403 372 ANGELI
2449 312 2608 373 IMP.

3749 324 3840 388 484

2184 448 2236 514 Α
2272 445 2364 498 nie
2395 448 2553 510 sunt,
2581 449 2638 500 et.
2671 444 2998 518 pepigerint
3026 460 3095 500 ea
3124 450 3180 500 et
3209 448 3480 519 corporali
3523 451 3845 512 confirmave-

2269 531 2386 586 rint
2417 525 2804 606 sacramento,
2839 538 2894 589 et
2927 534 3210 606 scriptum
3240 535 3345 590 hec
3389 539 3670 594 continens
3718 557 3844 600 com-

2267 622 2572 692 posuerint
2602 626 2659 677 et
2689 628 2965 680 consuete
3023 623 3529 696 corroboraverint,
3557 631 3607 682 et
3653 629 3839 688 celsitu-

2269 709 2617 767 dininostre
2649 712 2940 780 miserint,
2997 717 3052 768 et
3103 713 3204 769 hec
3263 717 3385 768 rata
3440 714 3493 768 in
3551 723 3840 788 perpetuum

2267 799 2584 856 habuerint
2612 800 2746 875 ipsi,
2780 806 2836 858 et
2865 802 2963 875 qui
3017 808 3148 874 post
3193 819 3288 858 eos
3321 808 3490 859 erunt
3541 806 3776 865 consules
3799 815 3842 867 et

2267 893 2607 961 potestates,
2678 891 2996 947 consiliarii
3079 895 3138 947 et
3206 896 3518 958 senatores,
3587 895 3841 968 capitanei,

2269 981 2520 1034 rectores
2587 995 2651 1034 ac
2706 979 2901 1052 ipsum
2977 996 3290 1036 commune
3345 980 3588 1037 civitatis
3631 988 3682 1038 et
3725 991 3844 1042 terra

2265 1066 2418 1138 Pisa,
2475 1072 2744 1138 presente
2805 1068 3156 1141 cbrysobulo
3221 1069 3392 1124 verbo
3434 1069 3646 1142 imperii
3698 1077 3844 1130 nostri

2267 1154 2516 1211 ﬁrmiter
2545 1161 2600 1210 et
2630 1156 3047 1212 inviolabiliter
3077 1175 3416 1230 permanere
3446 1159 3570 1230 (45).
3593 1177 3846 1234 quousque

2266 1245 2695 1300 conservabunt
2716 1246 3101 1319 suprascripti
3126 1263 3332 1302 omnes
3360 1264 3426 1302 ex
3448 1247 3655 1320 integro
3680 1265 3735 1304 ea
3760 1267 3845 1323 qus

2266 1333 2538 1405 superius
2571 1340 2806 1390 narrata
2836 1340 2994 1391 sunt.

2341 1423 2508 1479 Facto
2542 1441 2742 1481 mense
2772 1425 3088 1480 Februario
3127 1425 3416 1498 presentis
3469 1426 3677 1482 decime
3725 1427 3843 1484 indi-

2265 1511 2501 1581 ctionis,
2533 1515 2631 1568 sed
2668 1513 2968 1570 millesimi
2991 1513 3496 1588 septingentesimi
3521 1516 3664 1587 anni,
3692 1517 3740 1572 in
3758 1534 3845 1588 quo

2264 1605 2322 1656 et
2345 1605 2610 1657 nostrum
2644 1601 2807 1675 pium
2839 1607 2896 1658 et
2925 1620 2958 1658 a
2997 1602 3112 1658 Deo
3162 1603 3498 1658 ordinatum
3539 1604 3845 1677 subsignavit

2264 1687 2602 1762 imperium.

2341 1778 2600 1834 lsaakius
2628 1778 2688 1834 in
2720 1779 2948 1836 Christo
2981 1779 3232 1836 Domino
3264 1779 3454 1836 ﬁdelis
3500 1781 3778 1854 imperator
3799 1787 3842 1839 et

2265 1867 2602 1924 moderator
2631 1869 2981 1926 Romeorum
3017 1868 3297 1942 Angelus.

2163 2124 2250 2180 IX.

2190 2257 2383 2296 cocum
2424 2257 2732 2298 PROMOTIS.
2767 2243 2854 2314 (A.
2894 2242 3074 2314 1193.)

1529 2357 1670 2410 Vide
1698 2357 2072 2411 Balsamonem
2105 2355 2175 2410 ad
2212 2355 2414 2426 Synod.
2445 2357 2692 2412 Chalccd.
2724 2373 2771 2412 ε.
2807 2359 2892 2412 12.

2178 2507 2240 2564 Χ.

1764 2642 1834 2681 DE
1874 2641 2192 2681 METROPOLI
2235 2642 2620 2682 HYPAEPOBUM
2629 2667 2641 2681 .

1965 2744 2086 2797 Non
2115 2750 2266 2798 extat
2298 2742 2430 2814 (46).

2161 2893 2258 2950 XI.

1449 3025 1636 3065 annua
1677 3023 1857 3064 BULLA
1897 3025 2131 3064 VENETIS
2168 3025 2450 3066 couczssa
2485 3011 2617 3084 [47].
2652 3014 2742 3081 (Α.
2778 3011 2961 3078 1499.)

567 3185 1072 3253 Quemadmodum
1107 3181 1386 3238 animalia
1409 3199 1535 3238 sese
1566 3182 1634 3236 ad
1669 3181 1915 3237 invicem
1943 3181 2146 3238 intime

495 3276 820 3348 diligentia,
855 3274 1138 3347 gregatim
1173 3288 1479 3344 quousque
1510 3288 1742 3342 srmper
1783 3271 2002 3333 euntia,
2037 3288 2142 3326 nec

493 3383 608 3421 non
637 3370 693 3420 et
723 3363 1150 3435 compascentia
1183 3367 1240 3414 et
1269 3361 1444 3417 simul
1479 3361 1546 3415 ad
1601 3360 1877 3415 sublimia
1908 3367 1961 3414 et
1993 3360 2141 3415 inte-

490 3454 645 3510 riora
694 3452 1081 3515 convolantia,
1131 3451 1536 3522 coegredentia
1604 3449 1779 3504 etiam
1828 3465 1894 3504 ac
1944 3465 2139 3521 regre-

489 3543 728 3611 dientia,
781 3547 836 3596 et
885 3542 1030 3596 forte
1095 3540 1392 3594 interdum
1457 3540 1710 3608 quadam
1789 3539 2139 3592 necessitate

489 3632 839 3698 secedentia,
873 3637 926 3685 et
959 3629 1157 3701 sepius
1185 3629 1254 3682 ad
1280 3629 1528 3682 invicem
1565 3633 1720 3682 retro
1743 3627 2134 3698 respicientis,

489 3725 546 3776 et
573 3721 837 3793 gruendo
871 3737 934 3774 ac
971 3718 1310 3789 sclingendo
1347 3722 1400 3771 et
1455 3717 1706 3789 propriis
1747 3718 2134 3786 uniuscujus-

487 3827 602 3882 que
647 3809 886 3864 vocibus
934 3808 1291 3863 desiderium
1344 3807 1414 3862 ab
1483 3807 1725 3860 invicem
1776 3811 2132 3861 remotorum

486 3899 975 3965 demonstrantia,
1007 3903 1062 3951 et
1110 3896 1156 3949 si
1210 3895 1421 3950 alicubi
1479 3895 1801 3949 libertatem
1854 3895 2134 3966 ceperint,

487 3987 688 4042 statim
723 3986 890 4041 valde
912 3987 979 4040 ad
1015 3984 1449 4055 compascentia
1473 3983 1855 4048 redeuntia,et
1886 3983 2131 4038 letitiam

489 4075 854 4146 impossibile
882 4079 968 4129 est
1001 4073 1111 4128 dici
1146 4077 1432 4142 quantum
1484 4088 1552 4126 ex
1599 4073 1744 4126 facto
1784 4072 1853 4126 ad
1885 4072 2133 4128 invicem

490 4178 798 4226 concursu,
833 4169 890 4218 et
919 4162 1078 4216 velut
1104 4161 1386 4233 dilligenti
1419 4161 1768 4216 allocutione
1807 4179 1920 4216 non
1955 4162 2133 4232 signi-

491 4251 734 4306 ﬁcativis
767 4256 824 4306 et
857 4249 1245 4306 inartieulatis
1290 4251 1529 4305 vocibus
1573 4249 2082 4320 subsigniﬁcantia
2117 4268 2130 4307 :

487 4340 574 4396 sic
602 4344 658 4395 et
686 4356 872 4411 genus
909 4339 1312 4395 Veneticorum
1359 4339 1678 4410 plurimum
1731 4338 2038 4393 amicaliile
2067 4356 2132 4394 ac

487 4429 696 4484 servile
724 4428 921 4483 circha
953 4427 1297 4482 Romaniam
1332 4444 1434 4500 per
1481 4433 1747 4498 tempora
1796 4427 1913 4482 iam
1949 4427 2133 4482 multa

485 4521 542 4573 et
565 4517 740 4573 etiam
801 4534 832 4572 a
887 4522 1119 4572 centum
1181 4515 1352 4572 annis
1402 4520 1458 4570 et
1506 4513 1638 4586 plus
1689 4516 2130 4572 connumeratis

491 4607 800 4679 possidens
827 4606 1166 4660 inconvulse
1195 4622 1320 4660 eam
1355 4609 1411 4660 et
1451 4603 1886 4659 indivisibiliter
1917 4606 2135 4660 detinet

489 4695 634 4749 Etsi
687 4693 941 4765 aliquem
1001 4699 1218 4749 remoto
1271 4696 1414 4748 l‘orte
1460 4692 1543 4746 sic
1592 4709 1690 4746 eos
1742 4693 2132 4764 persequitur,

489 4783 683 4854 quiete
734 4783 1115 4839 remotionem
1185 4788 1486 4854 portantes
1533 4798 1667 4852 sepe
1726 4783 1796 4836 ad
1861 4782 2132 4837 unionem

489 4877 879 4941 revertuntur,
914 4873 1105 4928 modis
1131 4889 1365 4944 quoque
1395 4873 1670 4926 omnibus
1695 4887 1821 4926 eam
1866 4888 2134 4926 revocare

490 4961 818 5033 requirunt,
851 4967 907 5016 et
957 4967 1018 5015 ut
1063 4961 1182 5032 [ad]
1218 4968 1461 5016 matrem
1489 4977 1634 5032 puer
1655 4966 1712 5014 et.
1733 4961 1803 5015 ad
1831 4961 2131 5015 dominam

559 5138 673 5211 (45)
703 5138 939 5194 Buchon
968 5141 1170 5211 omisit
1189 5138 1687 5194 enumerationem
1712 5137 1972 5211 locorum
1997 5141 2136 5194 aPi-

488 5211 650 5268 sanis
680 5210 1191 5283 Constantiuoiioli
1225 5227 1655 5283 possessorum,
1687 5210 1787 5264 sed
1822 5217 2018 5283 notat:
2051 5214 2132 5283 ly

486 5289 566 5340 est
589 5283 869 5354 plusieurs
893 5285 997 5352 fcis
1024 5282 1265 5354 question
1289 5283 1381 5338 de:
1401 5282 1824 5339 diablz'sscments
1840 5282 1930 5336 des
1951 5282 2130 5338 Amat-

484 5356 790 5427 phitains.«
816 5355 900 5427 Ab
919 5371 1067 5426 aque
1098 5372 1269 5410 cursu
1303 5354 1849 5427 Amalphitanorum
1872 5357 2134 5409 ».—-«.lu-

491 5425 555 5483 ra
585 5428 801 5498 donata
833 5425 1272 5498 Almaphitanis
1314 5449 1361 5480 ».
1393 5458 1464 5466 —
1493 5448 1520 5474 ‹‹
1559 5425 2012 5498 Descendentem
2061 5429 2132 5482 ab

487 5497 952 5570 Amalphitanis.
993 5496 1022 5548 ί
1051 5531 1105 5538 -
1142 5523 1167 5550 ‹‹
1205 5500 1420 5554 Dividit
1449 5500 1716 5553 eamdem
1770 5496 1988 5552 scalam
2021 5515 2134 5568 que

491 5573 562 5625 ab
595 5569 1024 5642 Amalpbitanis
1049 5572 1402 5642 possidetur.
1435 5592 1464 5642 η

566 5641 705 5714 (45')
733 5639 978 5698 Videtur
1008 5639 1340 5700 addendum
1378 5659 1391 5700 :
1425 5639 1669 5698 deben/e.

2166 4560 2210 4624 D

2178 3187 2220 3254 ο
2258 3198 2435 3238 verna
2466 3183 2788 3254 respiciunt
2816 3187 2990 3254 atque
3019 3183 3331 3255 amplexus
3361 3187 3678 3254 exspectant
3707 3193 3847 3244 ;cum

2250 3277 2446 3327 autem
2477 3273 2824 3341 invenerint,
2858 3273 3377 3328 indissolubilibus
3408 3270 3647 3327 vinculis
3674 3268 3848 3325 amoris

2252 3368 2444 3416 tenere
2475 3361 2735 3416 student.

2321 3451 2482 3514 Quod
2513 3451 2749 3520 quidem
2780 3457 2838 3504 et
2867 3466 3023 3504 nunc
3056 3451 3298 3504 Venetis
3329 3449 3522 3504 circba
3552 3444 3840 3503 Romaniam

2247 3539 2512 3609 contigit.
2548 3539 2692 3593 Nam
2725 3538 2970 3608 imperio
2998 3555 3126 3593 meo
3148 3547 3382 3610 sceptra
3406 3538 3670 3594 Romanis
3687 3535 3844 3589 divina

2248 3628 2611 3699 providentia
2660 3628 3040 3698 suscipiente,
3105 3627 3586 3683 conventionibus
3630 3636 3838 3696 quoque,

2246 3733 2356 3786 que
2386 3716 2539 3772 inter
2575 3733 2702 3771 eam
2744 3723 2798 3772 et
2849 3716 3322 3772 dillectissimum
3375 3718 3600 3771 fratrem
3649 3709 3832 3782 imperii

2247 3806 2360 3860 mei
2394 3805 3219 3876 preimperantem,dominum
3256 3806 3544 3860 lsaakium
3576 3800 3832 3873 Angelum,

2246 3894 2496 3960 fuerant,
2547 3897 2714 3965 quasi
2765 3895 3250 3966 suscipientibus,
3304 3893 3706 3950 nobillissimus
3743 3892 3836 3942 dux

2242 3983 2482 4039 Venetis
2531 3992 2588 4038 et
2632 3989 3064 4054 protosevastos
3115 3982 3403 4038 Henricus
3453 3979 3746 4047 Dandolus,
3785 3989 3836 4030 ac

2242 4075 2414 4130 etiam
2446 4073 2577 4144 ipsa
2625 4071 3034 4127 Veneticorum
3087 4072 3318 4128 consilii
3364 4072 3662 4144 prudentia
3697 4081 3840 4136 super

2243 4161 2686 4233 requisitionem
2723 4161 2957 4216 unionis
2987 4163 3158 4231 quasi
3187 4161 3472 4216 dissolute
3515 4167 3839 4230 nequaquam

2242 4249 2772 4321 superdormitavit,
2807 4249 2924 4304 imo
2957 4251 3175 4322 legatos
3212 4252 3282 4306 ad
3319 4257 3572 4305 nostram
3604 4241 3836 4300 transmi-

2243 4338 2385 4394 serit
2441 4337 2852 4394 celsitudinem
2917 4355 2929 4392 :
2982 4339 3172 4410 primo
3241 4339 3474 4410 quidem
3543 4330 3834 4390 Rainerium

2240 4428 2458 4483 Zenum
2489 4432 2547 4482 et
2576 4425 2766 4481 lilium
2801 4426 3178 4482 nobillissimi
3211 4427 3448 4497 quidem
3478 4426 3606 4480 duci
3642 4417 3835 4476 Venetis

2243 4517 2380 4572 Auri
2428 4516 2687 4586 Magistri
2747 4516 2925 4582 Petri,
2993 4515 3309 4584 Marinum,
3386 4523 3445 4571 et
3497 4514 3730 4582 legatum
3778 4505 3836 4560 ab

2243 4606 2487 4676 imperio
2516 4621 2642 4660 meo
2673 4610 3060 4676 susceperunt
3085 4606 3536 4676 grammaticum
3566 4601 3703 4672 ejus,
3734 4609 3838 4668 pro-

2241 4694 2678 4749 tonobillimum
2710 4699 3013 4765 ypertaton
3069 4694 3374 4749 dominum
3421 4691 3726 4748 Jobannem
3752 4686 3838 4736 Ca-

2243 4782 2536 4838 taﬂorum.
2570 4783 2639 4837 Et
2669 4784 2950 4853 quoniam
2981 4783 3218 4853 quidem
3254 4799 3354 4854 per
3379 4798 3510 4837 eum
3538 4781 3592 4834 in
3615 4771 3838 4832 Veneciis

2242 4870 2602 4927 sufficienter
2627 4875 2974 4936 morantem,
3005 4887 3120 4942 que
3170 4872 3226 4925 in
3271 4867 3638 4926 conventione
3679 4860 3835 4916 ambi-

2242 4977 2358 5032 gua
2377 4965 2563 5026 erant,
2597 4960 2741 5014 solvi
2775 4977 2888 5014 non
2921 4967 3260 5031 potuerunt,
3291 4960 3436 5014 alios
3486 4953 3668 5013 statim
3705 4949 3836 5018 lega-

2314 5139 2428 5209 (46)
2453 5137 2752 5210 Laudatur
2771 5139 2841 5194 ad
2864 5138 3315 5210 Dispositionem
3348 5138 3613 5194 thronum
3639 5131 3690 5185 in
3716 5121 3834 5182 Coll.

2245 5228 2373 5266 can.
2407 5212 2496 5266 ed.
2531 5209 2721 5264 Rhalli
2745 5217 2802 5265 et
2835 5209 2985 5266 Potli’
3016 5216 3077 5265 ν.
3113 5229 3165 5281 p.
3197 5212 3319 5280 476,
3353 5228 3410 5266 n.
3445 5211 3491 5263 1.

2317 5283 2427 5368 ςιξΊ)
2453 5283 3073 5368 Nu‘perrime‘ei‘libro
3113 5277 3231 5338 alio
3271 5277 3335 5368 .e't
3377 5277 3831 5368 librisLlfacthu?‘

2244 5337 2562 5410 ediderunt:
2583 5354 2616 5408 '1
2633 5353 2742 5410 afel
2775 5358 2834 5410 et
2862 5337 3118 5410 Thomas
3150 5337 3361 5426 saepius
3415 5349 3620 5408 laudati
3651 5355 3768 5401 tom.
3797 5337 3828 5402 Ῐν

2246 5429 2441 5571 Ρ’(Ξὲῗ
2458 5443 2724 5571 [gallons
2762 5497 2965 5571 legunt
2998 5513 3010 5552 :
3045 5501 3163 5554 Etsi
3208 5500 3550 5570 aliquantum
3593 5521 3653 5533 —
3679 5493 3831 5558 prou-

2247 5569 2451 5642 quitur.
2487 5571 2658 5643 Lege,
2687 5569 2749 5624 Et
2777 5569 2826 5624 si
2855 5569 3061 5642 aliqui:
3090 5569 3340 5629 remotos.
