4028 6202
265 326 368 389 485

1372 326 1758 390 NOVELLAE
1803 326 2503 394 CONSTITUTIONES.

3520 344 3639 405 486

259 465 337 515 tos
366 459 431 514 ad
461 463 719 516 nostram
741 462 1196 518 transmiserunt
1226 461 1672 529 sublimitatem,
1697 465 1754 517 et
1781 477 1885 516 nec
1913 464 1965 528 Α
2000 461 2075 516 mi
2107 463 2273 520 ducis
2303 482 2504 521 eorum
2539 470 2595 521 et
2627 466 2806 523 totins
2850 469 3088 525 Venetie
3145 470 3365 542 scripto
3423 473 3494 528 ab
3553 475 3638 531 eis

258 565 350 621 per
375 564 468 603 eos
493 547 750 607 valentes
773 552 1008 622 pacisci,
1037 554 1142 622 [ac]
1171 552 1348 607 ﬁnem
1393 551 1608 623 apponi
1643 551 1748 619 eis,
1769 566 1882 621 que

256 638 320 693 ab
347 636 452 692 hiis
481 640 895 709 querebantur,
912 658 1016 697 nec
1047 640 1296 696 aliorum
1353 640 1680 712 legatorum
1740 638 1878 693 mis-

256 726 458 780 sionem
519 728 960 797 proeelaverunt
1005 729 1141 800 (49),
1216 747 1332 785 uno
1398 733 1773 785 accesserunt
1827 731 1885 782 et

254 832 470 870 rursum
492 817 564 871 ad
599 825 862 873 nostram
890 819 1062 891 iegati
1093 817 1333 875 Venetie
1361 818 1878 890 tranquillitatem,

252 903 515 960 Henricus
567 905 931 978 Navagiosus
989 910 1127 978 (50),
1187 909 1455 964 Andreas
1508 909 1772 963 Donatus
1828 912 1884 962 et

251 993 578 1049 Benedictus
611 995 933 1052 Grillionis.
966 996 1037 1050 Et
1066 1013 1201 1051 cum
1235 1013 1342 1052 nec
1374 997 1508 1063 ista,
1563 1012 1674 1066 que
1729 994 1884 1066 lega-

249 1082 407 1138 tionis
439 1088 630 1152 erant,
665 1102 768 1157 pro
793 1102 900 1141 suo
935 1084 1077 1142 velle
1111 1086 1270 1158 ipsos
1294 1085 1586 1140 imitantia
1631 1085 1764 1157 (51),
1822 1084 1881 1139 in

248 1171 532 1227 Venetiam
557 1173 631 1228 ad
677 1191 740 1230 se
774 1174 1072 1231 mittentes
1131 1179 1187 1231 et
1241 1175 1355 1247 ipsi
1407 1175 1650 1239 rediere,
1692 1174 1882 1230 susci-

245 1261 452 1333 pientes
485 1268 746 1319 anostra
786 1265 1098 1321 serenitate
1156 1264 1436 1337 legatum,
1495 1267 1882 1336 panscvaston

242 1357 492 1407 sevaston
552 1357 609 1408 ιι
659 1353 1009 1410 familiarem
1087 1354 1332 1428 imperio
1402 1358 1598 1410 nostro
1680 1353 1884 1409 acolit-

241 1445 353 1496 tum
375 1441 509 1510 (52),
544 1441 856 1499 dominum
906 1444 1233 1501 Johannem
1271 1443 1741 1515 Nomucopulum
1773 1469 1787 1512 ;
1828 1448 1886 1500 et

241 1529 373 1586 abiit
400 1529 450 1586 is
481 1547 620 1586 cum
647 1530 752 1588 eis.
785 1533 853 1588 Et
883 1537 1021 1588 tunc
1069 1533 1184 1606 (53)
1245 1549 1350 1589 nec
1391 1547 1496 1604 per
1545 1531 1724 1587 istum
1778 1529 1883 1600 eis,

242 1635 344 1691 que
371 1618 486 1692 ipsi
515 1620 640 1690 (54)
661 1621 1225 1694 sedebant,majores
1249 1621 1492 1677 Venetia
1519 1621 1695 1676 finem
1721 1619 1886 1676 indu-

241 1724 356 1765 cere
382 1713 735 1782 potuerunt,
768 1709 914 1768 alios
942 1709 1164 1784 legatos
1196 1712 1267 1768 ad
1303 1715 1563 1767 nostram
1595 1711 1887 1766 duxerunt

239 1801 796 1905 mansuetudin’pm,'
820 1806 1059 1902 Petrum
1116 1800 1458 1905 Michaelem
1507 1801 1778 1905 videlicet
1829 1803 1888 1905 et
1917 1839 1965 1905 Β

238 1888 613 1946 Octavianum
639 1890 974 1961 Quirinum,
993 1892 1151 1947 viros
1179 1890 1510 1964 prudentia,
1535 1889 1780 1946 consilio
1827 1894 1884 1945 et

236 1980 395 2034 verbo
444 1981 607 2052 apud
659 1979 968 2037 Veneticos
1020 1998 1198 2054 quam
1251 1997 1516 2053 magnos,
1587 1981 1686 2052 qui
1746 1995 1880 2035 cum

235 2075 597 2140 pansevasto,
625 2075 854 2126 sevasto
885 2075 943 2126 et
974 2070 1220 2143 imperio
1252 2086 1381 2126 meo
1433 2068 1706 2125 familiari
1746 2085 1882 2124 can-

235 2157 454 2214 cellario
489 2159 864 2215 vicedomino
895 2159 1166 2215 Dimitrio
1198 2157 1440 2215 Trinkio
1478 2159 1592 2231 (55)
1643 2175 1712 2214 ex
1756 2175 1884 2230 pre-

235 2251 387 2319 cepto
420 2252 631 2303 nostra
675 2248 1110 2321 magnificentia
1161 2253 1278 2304 tam
1321 2249 1392 2304 de
1436 2248 1559 2319 jam
1606 2248 1878 2320 peractis,

231 2354 394 2408 quam
428 2337 615 2392 etiam
651 2355 717 2393 ex
744 2355 888 2393 novo
946 2338 1347 2411 pasciscendis
1392 2337 1742 2393 multociens
1788 2354 1878 2392 ra-

225 2426 601 2499 tiocinantes,
642 2428 894 2500 denique
952 2432 1010 2483 et
1067 2445 1261 2484 coram
1319 2432 1521 2484 nostra
1577 2427 1882 2498 majestate

229 2519 542 2587 steterunt,
573 2516 799 2572 etinter
855 2516 1178 2589 predictum
1241 2516 1651 2573 cancellarium
1708 2520 1881 2588 atque

228 2620 318 2660 eos
345 2609 610 2661 tractata
644 2603 989 2676 retulerunt,
1014 2611 1068 2663 et
1101 2605 1346 2662 multam
1373 2606 1742 2670 instantiam,
1775 2620 1880 2660 nec

231 2710 336 2749 non
365 2699 419 2750 et
449 2695 933 2766 deprecationem
967 2699 1032 2750 ut
1060 2697 1144 2751 eis
1174 2694 1387 2767 placita
1433 2695 1708 2766 perficere
1745 2709 1880 2766 pos-

231 2787 350 2839 sent
377 2784 690 2851 facientes,
725 2784 796 2839 ed
835 2784 1248 2839 declarandam
1298 2783 1661 2856 acquievere.
1706 2782 1879 2838 Jura-

229 2877 422 2929 verunt
453 2877 521 2929 et
556 2873 729 2929 etiam
754 2880 1212 2941 sacramentum,
1242 2874 1324 2929 sic
1357 2874 1427 2929 ad
1472 2874 1713 2929 verbum
1743 2889 1879 2928 con-

228 2964 451 3031 ﬁnens;

301 3052 462 3107 «Nos
500 3050 718 3124 legatis
749 3051 1123 3107 nobillissimi
1154 3053 1332 3108 Ducis
1357 3051 1598 3108 Vanetie
1625 3051 1882 3123 etimpe-

233 3141 388 3197 rialis
419 3141 1066 3213 protosevastiHenrici
1099 3142 1366 3213 Dandoli,
1393 3142 1596 3198 Petrus
1636 3140 1882 3196 Michael

1995 551 2326 624 subscripto
2358 555 2942 626 comprehendentes,
2976 558 3032 614 id
3067 564 3263 616 nostre
3307 563 3640 635 tranquilli-

1997 637 2102 694 tati
2131 642 2518 714 tradiderunt,
2551 645 2636 699 sic
2667 661 2770 715 per
2809 645 3094 703 dictiones
3134 647 3392 705 habens:

2064 752 2094 779 «
2123 730 2246 788 Non
2272 733 2382 805 (56)
2415 742 2502 788 est
2520 733 2761 790 Venetia
2799 739 3133 808 conjuncta,
3194 757 3297 795 nec
3359 758 3642 814 umquam

1992 820 2383 892 conjungetur
2413 822 2585 878 alicui
2617 830 3030 880 coronatorum
3053 826 3359 883 hominum
3409 829 3496 886 vel
3527 849 3644 888 non

1992 915 2532 981 coronatorum,aut
2561 914 2825 984 gentium
2851 913 2935 970 vel
2964 916 3269 971 nationum
3302 917 3476 974 alicui
3507 937 3641 976 con-

1992 999 2084 1051 tra
2111 996 2421 1069 imperium
2457 1002 2679 1055 domini
2704 1002 3071 1074 imperatoris
3131 1005 3526 1064 Romanorum
3589 1014 3646 1066 et

1993 1103 2225 1158 semper
2255 1089 2491 1160 augusti
2522 1090 2750 1144 domini
2779 1092 2961 1147 Alexii
3003 1094 3308 1163 Comnani,
3360 1099 3642 1168 quamdiu

1993 1177 2119 1250 ipse
2149 1180 2371 1247 vixerit,
2415 1187 2516 1236 aut
2579 1182 2858 1238 heredum
2901 1184 3028 1255 ejus
3088 1192 3202 1241 tam
3249 1188 3642 1246 masculorum

1995 1285 2170 1339 quam
2206 1274 2261 1323 et
2293 1270 2666 1336 feminarum,
2704 1273 2800 1342 qui
2836 1285 2891 1327 et
2940 1289 3049 1343 que
3108 1274 3498 1346 imperabunt,
3557 1277 3648 1333 vel

1994 1372 2193 1412 eorum
2220 1358 2319 1428 qui
2344 1365 2699 1431 expreeepio
2723 1377 2923 1416 eorum
2958 1363 3346 1434 imperabunt,
3375 1366 3441 1419 ad
3469 1367 3648 1421 offen-

1996 1447 2254 1502 dendum
2285 1448 2630 1504 Romaniam
2665 1450 3103 1520 particularitt-r
3133 1452 3253 1508 sive
3303 1454 3646 1511 universali-

1995 1543 2101 1602 ter,
2136 1552 2241 1591 nec
2273 1553 2376 1608 per
2406 1554 2465 1593 se
2498 1555 2783 1610 umquam
2816 1541 3089 1596 offendet.

2067 1647 2096 1675 ‹‹
2125 1627 2286 1692 Item,
2319 1626 2846 1701 quotienscumque
2877 1629 3207 1702 principum
3245 1631 3454 1703 aliquis
3497 1649 3652 1692 coro-

1997 1717 2171 1769 natus
2203 1714 2291 1770 vel
2322 1731 2439 1771 non
2471 1721 2806 1788 coronatus,
2849 1719 2969 1774 sive
2999 1736 3139 1789 gens
3197 1719 3396 1792 aliqua
3447 1726 3650 1780 eontra

1997 1803 2338 1859 Romaniam
2373 1804 2594 1860 venerit
2623 1806 2696 1860 ad
2749 1807 3164 1862 offendendum
3209 1825 3341 1864 eam
3382 1826 3513 1865 cum
3546 1827 3648 1884 ga-

1996 1891 2103 1948 leis
2130 1893 2518 1966 quadraginta
2548 1893 2634 1949 vel
2662 1894 2953 1967 pluribus,
2982 1913 3168 1968 usque
3190 1898 3260 1952 ad
3295 1901 3555 1968 centum,
3588 1903 3647 1956 et

1997 1981 2122 2037 vult
2150 1981 2461 2054 imperium
2489 2001 2715 2052 eorum,
2747 1984 2832 2040 vel
2866 1984 3109 2041 heredes
3139 1985 3412 2058 ipsorum
3455 2005 3648 2045 mares

1999 2071 2120 2127 sive
2154 2070 2387 2142 femine,
2413 2073 2560 2144 [qui]
2586 2079 2642 2128 et
2673 2090 2783 2144 que
2808 2073 3207 2145 imperabunt,
3242 2075 3328 2130 vel
3381 2075 3485 2142 hii,
3546 2078 3647 2150 qui

1999 2175 2068 2214 ex
2096 2164 2366 2231 precepto
2400 2177 2597 2216 eorum
2633 2161 3025 2233 imperabunt,
3069 2163 3372 2219 servitium
3415 2165 3648 2220 Veneti-

1999 2267 2201 2306 corum
2233 2267 2366 2306 cum
2389 2250 2571 2323 galeis
2600 2253 2988 2324 quadraginta
3012 2257 3068 2307 et
3099 2269 3283 2325 usque
3306 2254 3374 2308 ad
3392 2259 3648 2324 centum,

2002 2339 2216 2393 debent
2240 2339 2385 2394 illud
2415 2339 2627 2395 habere
2659 2340 2811 2395 infra
2836 2357 3064 2397 menses
3088 2359 3188 2396 sex
3219 2347 3348 2414 post
3373 2343 3646 2399 noticiam

2001 2428 2134 2483 duci
2166 2429 2361 2485 datam
2393 2429 2632 2485 Venetie
2664 2430 2736 2485 ab
2767 2430 3011 2503 imperio
3038 2447 3260 2486 eorum.
3299 2433 3418 2497 Que
3459 2433 3648 2503 profe-

2000 2521 2091 2572 cto
2115 2517 2277 2591 galce
2308 2517 2521 2574 debent
2561 2518 2798 2574 Venetis
2829 2519 2950 2574 ﬁeri
2983 2523 3038 2574 et
3069 2521 3362 2592 preparari
3392 2538 3421 2575 a
3461 2519 3647 2576 Vene-

1999 2606 2131 2661 ticis
2162 2624 2295 2662 cum
2329 2608 2595 2663 universo
2622 2624 2823 2663 earum
2857 2613 3137 2680 apparatu
3176 2625 3275 2680 per
3304 2609 3645 2680 peccuniam

1999 2695 2139 2750 illuc
2160 2695 2403 2752 missam
2437 2696 2507 2752 ab
2538 2714 2738 2752 eorum
2761 2697 3029 2769 imperio,
3054 2696 3142 2752 vel
3175 2697 3404 2752 inventa
3435 2698 3541 2770 [m]
3565 2699 3646 2752 ibi

2001 2801 2034 2840 a
2065 2789 2228 2856 parte
2258 2784 2622 2841 celsitudinis
2655 2802 2880 2853 eorum,
2914 2784 3357 2841 Veneticisdare
3380 2787 3646 2842 debenti-

2001 2878 2112 2931 bus
2138 2874 2406 2930 homines
2438 2879 2627 2947 aptos,
2664 2879 2727 2930 ut
2756 2875 3006 2947 quisque
3032 2892 3233 2931 eorum
3285 2874 3641 2948 preparatio-

1997 2982 2132 3021 nem
2165 2965 2425 3038 quinque
2455 2965 2750 3039 galearum
2774 2965 2996 3038 prosit;
3030 2966 3127 3036 qui
3187 2974 3237 3021 et
3291 2967 3492 3037 jurare
3540 2966 3647 3021 de-

1996 3057 2157 3122 bent,
2189 3057 2342 3128 quod
2377 3055 2587 3111 facient
2615 3072 2713 3110 eas
2743 3059 2797 3110 et
2828 3056 2972 3110 bene
2995 3054 3139 3125 ﬁeri,
3172 3059 3228 3112 et
3260 3071 3643 3126 unamquam.

1997 3163 2106 3216 que
2136 3162 2334 3201 earum
2369 3149 2599 3201 centum
2636 3145 3028 3216 quadraginta
3058 3145 3178 3198 fore
3239 3161 3531 3200 remorum
3593 3147 3651 3199 et

232 3235 282 3285 et
301 3229 662 3286 Octavianus
698 3229 1288 3302 Quirinus,juramus
1320 3230 1428 3286 hac
1461 3229 1742 3286 hodierna
1790 3230 1884 3286 die
1913 3217 1956 3282 C
1995 3251 2126 3290 cum
2154 3234 2313 3290 omni
2344 3239 2623 3306 apparatu
2659 3250 2882 3303 earum,
2913 3250 3042 3288 cum
3078 3233 3400 3288 celleritate
3456 3237 3512 3289 et
3570 3232 3650 3287 si-

234 3336 338 3391 que
357 3325 448 3375 est
466 3319 792 3390 vigessima
814 3321 1062 3392 septima
1086 3321 1372 3391 presentis
1396 3319 1615 3376 mensis
1637 3321 1893 3392 Septem-

233 3409 347 3465 bris
375 3409 677 3482 presentis
727 3411 982 3464 secunde
1041 3409 1403 3476 indictionis,
1449 3426 1550 3464 sex
1596 3407 1893 3464 millesimi

237 3497 747 3571 septingentemisi
780 3497 1015 3570 septimi
1049 3498 1210 3566 anni,
1244 3499 1312 3553 ad
1363 3515 1530 3554 saera
1587 3498 1677 3553 dei
1718 3515 1889 3553 evan-

237 3587 380 3659 gelia
410 3594 474 3644 et
508 3587 579 3643 ad
605 3587 1012 3643 honorabilem
1044 3593 1100 3643 et
1129 3588 1412 3644 viviﬁcam
1447 3604 1700 3659 crucem,
1734 3587 1887 3659 quod

236 3676 454 3745 omnia,
493 3693 611 3748 que
642 3677 791 3748 pacti
821 3693 1030 3732 sumus
1060 3693 1194 3732 cum
1229 3675 1604 3732 sanctissimo
1645 3681 1701 3730 et
1726 3676 1889 3731 altis-

236 3765 378 3822 simo
410 3766 774 3837 imperatore
806 3769 1203 3821 Romanorum
1258 3771 1314 3820 et
1365 3782 1596 3837 semper
1643 3773 1889 3837 augusto

235 3855 475 3910 domino
510 3853 706 3909 Alexio
739 3853 1058 3924 Comnano,
1092 3855 1417 3909 secundum
1461 3854 1783 3909 orationem
1834 3859 1891 3909 et

229 3943 597 4000 voluntatem
637 3942 880 4016 predicti
917 3943 1291 3998 nobillissimi
1334 3943 1501 3998 ducis
1532 3943 1787 3998 Venetiae
1835 3947 1892 3998 et

231 4033 549 4104 exscripta
595 4033 722 4104 ejus
779 4033 1174 4088 commissione
1213 4035 1282 4088 ad
1318 4050 1423 4087 nos
1469 4049 1536 4088 ex
1594 4031 1889 4088 voluntate

225 4124 471 4194 majoris
506 4121 687 4194 partis
721 4121 955 4194 parviet
985 4123 1181 4195 magni
1216 4121 1444 4178 concilii
1469 4121 1706 4177 Venetia
1739 4123 1891 4176 facta

225 4212 612 4267 convenimus
644 4217 699 4268 et
729 4213 884 4284 pacti
918 4229 1158 4278 sumus;
1193 4218 1250 4268 et
1282 4213 1435 4284 quod
1496 4211 1786 4267 concessit
1831 4215 1890 4267 et

231 4301 547 4356 conmissit
599 4301 769 4357 nobis
800 4302 952 4358 idem
989 4300 1420 4358 nobillissimus
1465 4306 1581 4356 Dux
1624 4301 1888 4371 Venetis,

227 4395 288 4446 ut
321 4409 432 4448 nos
466 4408 646 4463 super
675 4393 935 4447 animam
961 4393 1439 4464 suamjuremus,
1474 4393 1628 4465 quod
1662 4397 1718 4447 et
1761 4392 1886 4463 ipse

225 4497 312 4548 ea,
347 4498 464 4553 que
497 4498 531 4535 a
554 4482 721 4537 nobis
757 4486 920 4553 pacta
953 4487 1096 4538 sunt
1126 4488 1183 4538 et
1213 4488 1516 4550 conventa,
1563 4483 1792 4554 jurabit
1832 4491 1889 4543 et

2003 3341 2076 3382 ne
2108 3326 2264 3394 dolo,
2294 3325 2618 3381 secundum
2656 3326 2808 3395 quod
2837 3325 3111 3379 deberent
3144 3340 3241 3378 eas
3270 3325 3456 3378 facere
3501 3322 3651 3392 ﬁeri,

2002 3417 2051 3469 si
2084 3421 2279 3470 essent
2309 3413 2467 3487 galee
2499 3413 2758 3479 Venetie,
2794 3418 2893 3466 aut
2923 3413 2968 3469 si
3016 3429 3146 3468 cum
3213 3412 3494 3483 peccunia
3541 3414 3650 3466 Ve-

2003 3504 2154 3560 netis
2186 3505 2461 3559 deberent
2495 3503 2638 3558 fieri.
2674 3503 2931 3566 Quorum
2965 3501 3211 3572 quisque
3241 3501 3414 3554 debet
3472 3516 3505 3554 a
3551 3515 3649 3554 ve-

2001 3593 2204 3649 stiario
2248 3592 2471 3647 domini
2537 3590 2910 3662 imperatoris
2967 3589 3225 3659 accipere
3281 3587 3653 3645 liberalitatis

2001 3683 2183 3755 gratia
2217 3681 2576 3736 numismata
2611 3695 2892 3751 yperpera
2921 3677 3243 3748 sexaginta.

2073 3777 2289 3839 «Item,
2323 3769 2564 3825 comites
2597 3767 2938 3839 hujusmodi
2999 3765 3297 3838 galearum
3355 3766 3649 3835 jurabunt

2000 3877 2168 3932 super
2208 3864 2409 3916 sancta
2439 3859 2542 3914 Dei
2573 3856 2906 3929 Evangelia,
2939 3856 3091 3928 quod
3145 3855 3203 3909 in
3291 3871 3650 3926 unaquaque

1999 3949 2319 4023 gallearum
2353 3952 2523 4004 erunt
2554 3952 2784 4002 centum
2812 3945 3202 4018 quadraginta
3255 3945 3544 4008 homines,
3604 3943 3654 3999 si

1999 4043 2086 4094 tot
2117 4038 2423 4094 hominum
2457 4037 2542 4092 eis
2583 4053 2718 4108 roga
2766 4036 2903 4090 data
2953 4034 3147 4098 fuerit,
3203 4033 3460 4104 exceptis
3519 4048 3648 4087 mo-

1999 4129 2287 4184 rientibus
2317 4132 2371 4181 et.
2397 4127 2521 4182 sine
2553 4142 2754 4182 eorum
2789 4123 3004 4179 noticia
3035 4122 3501 4194 aufugientibus.
3547 4121 3654 4176 Ve-

2000 4222 2330 4273 rumtamen
2366 4215 2473 4288 ipsi
2505 4215 2821 4270 studebunt
2853 4213 3004 4268 bona
3037 4211 3169 4277 ﬁde,
3206 4215 3498 4280 quatenus
3558 4226 3650 4266 ro-

1997 4323 2129 4379 gam
2162 4306 2384 4362 eisdem
2436 4305 2776 4360 hominibus
2836 4303 3069 4367 datam,
3129 4300 3520 4356 morientibus
3567 4298 3656 4354 vel

1999 4395 2360 4468 fugientibus
2391 4393 2678 4459 videlicet,
2713 4395 3094 4462 recupercnt:
3138 4405 3316 4460 quam
3375 4388 3423 4442 si
3486 4403 3653 4441 recu-

1998 4501 2199 4557 perare
2280 4483 2590 4543 valuerint,
2661 4482 2940 4535 inducent
3017 4477 3164 4532 alios
3233 4493 3336 4547 pro
3419 4477 3505 4530 eis
3587 4475 3649 4530 in

215 4567 500 4626 homines
535 4570 774 4627 Venetie
798 4573 1004 4641 jurare
1039 4572 1229 4630 faciet.
1277 4572 1356 4628 Ex
1414 4589 1482 4628 ex
1540 4589 1656 4644 quo
1715 4573 1886 4628 nobis
1916 4591 1962 4656 Β
1996 4573 2194 4645 galeas
2224 4587 2450 4642 eorum,
2478 4576 2580 4626 aut
2610 4571 2853 4625 reddent
2885 4584 3082 4638 regam
3141 4563 3363 4620 homini
3423 4562 3648 4618 domini

227 4657 334 4714 hoc
365 4658 656 4715 concessit
684 4665 740 4715 et
769 4659 1231 4726 conmissit,non
1259 4660 1314 4715 id
1353 4659 1742 4717 subvertitvel
1761 4679 1884 4716 mu-

227 4749 383 4804 tavit.
418 4751 492 4804 Et
524 4749 674 4804 sicut
709 4749 1115 4821 hecjuramus
1172 4750 1296 4805 sine
1347 4750 1550 4805 fraude
1609 4755 1665 4805 et
1723 4751 1880 4808 malo

226 4835 487 4909 ingenio,
522 4838 606 4894 sic
649 4839 883 4910 adjuvet
910 4840 1062 4896 Deus
1092 4844 1148 4896 et
1177 4843 1380 4895 sancta
1411 4840 1540 4910 ejus
1586 4839 1886 4913 evangelia

229 4930 286 4981 et
315 4926 678 4984 honorabilis
711 4929 1125 5001 alqueviviﬁca
1156 4946 1298 4984 crux
1321 4929 1647 5000 predictum
1677 4930 1882 4986 ducem

235 5021 501 5072 nostrum
543 5022 600 5072 et
630 5035 758 5084 nos,
791 5025 847 5074 et
877 5019 936 5074 in
969 5019 1078 5074 hoc
1110 5018 1306 5074 seculo
1340 5027 1396 5074 et
1427 5019 1483 5074 in
1525 5020 1738 5075 futuro.
1770 5043 1790 5069 ι

303 5104 415 5161 Hec
450 5106 633 5178 igitur
655 5107 948 5180 jurantes,
974 5113 1032 5164 et
1062 5125 1174 5178 que
1205 5113 1375 5180 pacta
1407 5109 1637 5164 suntab
1668 5109 1752 5164 eis
1785 5125 1884 5164 no-

232 5195 344 5248 stre
371 5193 832 5264 magniﬁcentia,
867 5200 1018 5252 utex
1058 5199 1224 5267 parte
1275 5195 1525 5267 predicti
1572 5195 1890 5252 nobillissi-

444 5389 711 5472 {Editores
728 5393 1058 5472 emendant
1092 5411 1105 5450 ε
1135 5395 1566 5472 protelaverunt.

325 5459 414 5536 ξφ)
448 5461 574 5536 μὴ.
611 5468 915 5536 pactorum
943 5482 954 5519 :
984 5459 1342 5536 Navdgerz'os.

327 5531 414 5606 5t)
449 5531 714 5606 Legerim
740 5551 754 5590 :
791 5531 1166 5604 impetrarent:

330 5604 420 5676 52)
457 5604 574 5659 Lib.
609 5612 763 5676 pact.
796 5609 1132 5665 acoluthum.

331 5674 421 5748 53)
445 5674 710 5737 Editores
731 5685 882 5753 conj.
913 5697 1058 5738 cum.

1995 4660 2391 4735 imperatoris.

2069 4771 2092 4801 ε
2128 4750 2292 4816 Item,
2325 4748 2605 4818 iurabunt
2654 4743 3066 4816 unusquisque
3123 4743 3432 4805 comitum,
3493 4741 3646 4812 quod

1994 4840 2342 4893 universum.
2365 4840 2712 4908 apparatum
2739 4834 2885 4906 ipsis
2906 4833 3186 4887 traditum
3221 4832 3551 4887 conducant
3576 4831 3648 4886 ad

1995 4929 2274 4983 honorem
2310 4924 2538 4996 imperii
2573 4940 2775 4979 eorum
2834 4928 2889 4976 et
2949 4920 3197 4976 salutem
3266 4919 3452 4975 nostri
3484 4919 3643 4975 stoli.

1995 5016 2271 5070 Homines
2303 5019 2495 5069 autem
2531 5013 2832 5083 galearum
2870 5010 3045 5066 talem
3109 5010 3372 5082 accipere
3430 5010 3647 5065 debent

1997 5120 2222 5176 rogatn,
2256 5101 2486 5175 qualem
2520 5100 2778 5157 Venetici
2805 5101 2956 5173 apud
3010 5099 3329 5171 Coriphum
3397 5098 3646 5169 accipio-

1997 5195 2158 5250 bant.

2072 5393 2182 5460 (54)
2217 5391 2394 5447 [idem
2424 5409 2436 5446 :
2469 5391 2622 5462 ipsis.

2071 5465 2180 5533 (55)
2216 5464 2338 5517 Lib.
2375 5468 2524 5534 pact.
2559 5463 2846 5516 Tm‘nirz’z‘o.

2070 5527 2324 5606 56)'Qua3
2355 5527 2684 5604 sequuntur
2705 5533 2949 5605 repetita
2982 5534 3118 5586 sunt
3139 5545 3206 5585 ex
3237 5529 3379 5585 Nov.
3443 5527 3487 5582 V
3543 5545 3644 5584 su-

2001 5624 2126 5678 pra,
2146 5606 2350 5679 paucis
2381 5607 2642 5661 mutatis.
