4028 6202
432 337 550 395 487

1747 334 2002 396 [sum
2049 333 2333 395 ANGELI
2383 335 2545 413 1MP.

3699 347 3802 409 488

516 494 538 525 α
568 473 732 538 Item,
765 470 815 526 si
848 469 1160 542 imperium
1185 485 1387 525 eorum
1420 468 1668 524 voluerit
1725 467 1782 522 in
1844 483 2086 523 numero
2116 472 2169 537 Α
2201 485 2345 533 rum,
2378 474 2659 541 tanquam
2683 470 2732 526 si
2757 470 2987 542 proprie
3024 475 3221 526 essent
3268 472 3516 544 Venetie,
3561 484 3804 536 verunta-

441 560 784 634 hujusmodi
817 564 1048 615 centum
1086 557 1384 631 galearum
1435 557 1738 613 servitium
1788 557 2090 612 Venetico-

444 671 575 709 rum
608 651 668 706 in
702 650 974 706 universa
1005 647 1287 703 anania
1312 648 1701 712 inventorum,
1733 647 1905 702 debet
1943 644 2090 700 illud

446 743 661 798 habere
691 756 823 795 cum
849 743 931 793 tot
961 736 1181 792 scilicet
1211 736 1418 807 galeis,
1468 741 1607 806 quot
1661 734 1876 790 armari
1928 739 2088 806 pote-

441 837 582 887 runt
612 847 679 886 ex
713 827 962 883 inventis
993 826 1306 893 Venelicis,
1347 841 1412 879 ex
1447 829 1701 896 quatuor
1747 823 1936 878 tribus
1996 823 2094 877 in-'

447 920 639 977 ductis
682 916 1007 974 secundum
1036 930 1348 970 numerum
1383 913 1748 968 inventorum
1785 911 2088 968 Venetico-

437 1027 572 1066 rum
604 1023 738 1063 cum
767 1009 825 1062 et
849 1005 1106 1076 predicta
1129 1020 1286 1075 roga.
1319 1002 1536 1058 Tamen
1557 1019 1671 1058 non
1694 1005 1976 1073 cogentur
2008 998 2088 1056 vi-

438 1098 584 1173 ginti
615 1112 905 1153 annorum
938 1093 1206 1150 homines
1238 1093 1340 1162 [et]
1393 1092 1545 1147 infra
1589 1091 1786 1164 galeas
1834 1089 2084 1163 ingredi,

436 1203 624 1260 neque
654 1185 957 1257 sexaginta
980 1199 1266 1240 annorum
1301 1186 1355 1238 et
1387 1181 1559 1237 ultra.

512 1318 727 1383 sltem,
757 1317 954 1369 noster
984 1310 1171 1366 stolus
1229 1309 1400 1365 debet
1448 1309 1658 1364 habere
1713 1307 2084 1380 capitaneum

439 1406 526 1463 vel
559 1405 894 1477 capitaneos
927 1400 1252 1467 Veneticos,
1287 1399 1384 1471 qui
1409 1397 1891 1468 jurabunt,quod
1941 1412 2082 1451 con-

435 1498 652 1552 ducent
680 1491 898 1550 stolum
922 1491 994 1546 ad
1026 1489 1306 1544 honorem
1332 1486 1560 1558 imperii
1590 1501 1793 1542 eorum
1825 1490 1881 1540 et
1927 1484 2085 1540 salu-

439 1591 556 1643 tem
585 1581 768 1640 nostri
802 1579 935 1638 stoli
967 1580 1122 1634 bona
1150 1577 1261 1632 fide
1319 1577 1444 1632 sine
1503 1576 1707 1632 fraude
1768 1591 1954 1647 usque
2011 1574 2083 1630 ad

434 1674 652 1733 stolum
687 1667 1055 1728 celsitudinis
1088 1665 1312 1739 imperii
1346 1683 1568 1722 eorum.

513 1813 536 1845 ι
561 1792 725 1855 Item,
759 1789 807 1844 si
840 1789 975 1842 ante
1008 1800 1184 1856 quam
1219 1785 1417 1838 noster
1448 1781 1635 1838 stolus
1693 1780 1934 1835 uniatur
1964 1778 2081 1834 im-

435 1880 582 1954 perii
613 1894 818 1935 eorum
841 1872 1305 1943 stolo,invenerit
1336 1871 1591 1942 aliquem
1617 1869 1836 1925 stolum
1868 1866 2090 1923 inimici
2118 1849 2164 1914 Β

435 1970 915 2042 impcriieorum,
948 1968 1004 2020 et
1031 1962 1280 2018 voluerit
1310 1962 1358 2015 ei
1389 1975 1593 2015 nocere
1650 1957 1737 2012 vel
1793 1973 1926 2012 cum
1985 1973 2083 2012 ex-

437 2073 719 2132 pugnare,
743 2054 910 2110 faciet
939 2055 1023 2107 sic
1054 2051 1276 2121 absque
1310 2049 1510 2104 fraude
1537 2053 1592 2103 et
1641 2046 1792 2102 malo
1851 2046 2084 2116 ingenio

434 2148 652 2218 aliquo.
685 2145 1002 2214 Postquam
1035 2155 1165 2194 vero
1192 2138 1379 2194 stolus
1410 2142 1607 2192 noster
1650 2137 1851 2191 unitus
1913 2135 2085 2190 fuerit

436 2236 588 2294 stolo
620 2231 991 2306 imperatorie
1023 2227 1427 2296 sublimitatis,
1489 2227 1702 2280 debent
1762 2222 2082 2291 numerari,

435 2325 534 2398 qui
569 2326 625 2380 in
657 2321 838 2396 galeis
860 2324 1049 2385 erunt,
1085 2336 1118 2373 a
1148 2318 1448 2388 capitaneo
1507 2314 1660 2370 stolii
1708 2311 1939 2384 imperii
1987 2328 2081 2367 eo-

435 2433 587 2481 rum,
621 2413 668 2468 si
706 2413 829 2483 ipse
861 2409 1140 2476 voluerit;
1191 2412 1248 2461 et
1279 2404 1494 2460 inventi
1525 2403 1763 2475 quidem
1806 2405 1976 2457 erunt
2021 2401 2080 2456 in

433 2503 668 2561 servitio
697 2497 1066 2557 celsitudinis
1096 2495 1326 2568 imperii
1357 2510 1556 2550 eorum
1583 2510 1596 2560 ;
1627 2492 1898 2548 absentes
1948 2506 2080 2546 vero

438 2593 702 2650 studiose
733 2607 796 2645 ac
827 2590 980 2644 bona
1014 2586 1124 2640 tide
1156 2585 1442 2640 curabunt
1465 2581 1714 2654 reperire
1744 2579 2080 2650 Venetici,si

442 2683 756 2757 potuerint,
791 2684 846 2736 et
878 2692 1190 2733 numerum
1225 2673 1565 2745 adimplere.

508 2801 723 2868 «Item,
757 2797 1094 2867 capitaneus
1127 2791 1211 2845 vel
1247 2787 1535 2861 copitanei
1600 2785 1778 2841 nostri
1833 2785 1963 2840 stoli
2023 2789 2080 2840 et

431 2891 676 2946 comites
701 2891 759 2942 et
790 2881 1089 2949 nauclerii,
1127 2896 1230 2934 nec
1259 2895 1372 2934 non
1416 2882 1472 2932 et
1532 2876 1848 2948 prodenses
1899 2881 1953 2930 et
2009 2891 2078 2930 ex

433 2992 785 3050 unaquaque
826 2972 1123 3046 galearum
1180 2969 1376 3023 decem
1435 2966 1700 3022 homines
1771 2963 2076 3033 jurabunt,

431 3069 587 3140 quod
619 3065 889 3122 obedient
922 3064 1204 3134 praecepto
1236 3055 1522 3128 capitanci
1572 3053 1704 3110 stoli
1756 3053 2075 3125 imperato-

436 3159 518 3214 rie
539 3153 908 3212 celsitudinis
959 3149 1188 3222 imperii
1242 3162 1464 3215 eorum,
1515 3145 1586 3199 ad
1654 3143 1931 3198 honorem
2017 3145 2075 3198 et

433 3246 684 3304 salutem
718 3241 902 3298 nostri
931 3216 1089 3304 stoli,
1120 3237 1246 3292 sine
1281 3234 1480 3290 fraude
1519 3237 1574 3288 et
1605 3231 1756 3288 malo
1814 3231 2067 3303 ingenio,
2101 3216 2143 3283 C

431 3340 488 3391 et
514 3334 668 3405 quod
704 3348 818 3387 una
848 3345 980 3384 cum
1013 3325 1160 3383 stolo
1190 3324 1420 3396 imperii
1469 3338 1670 3380 corum
1729 3338 2074 3394 persequen-

434 3429 529 3480 tur
576 3422 791 3478 stolum
837 3417 1060 3473 inimici
1121 3413 1444 3484 majestatis
1503 3411 1896 3484 imperatorio,
1954 3410 2076 3466 sive

429 3510 741 3570 Christiani
776 3509 895 3564 sint
924 3507 1042 3562 sive
1076 3503 1324 3578 pagani;
1375 3505 1432 3558 et
1487 3501 1788 3558 offendunt
1834 3516 1968 3555 eum
2020 3503 2079 3556 et

429 3602 850 3675 expugnabunt
879 3604 935 3652 et
967 3599 1408 3668 persequentur,
1446 3591 1811 3662 inlerentque
1855 3588 1905 3644 ei
1954 3605 2070 3644 ma-

431 3691 576 3755 lum,
611 3689 763 3760 quod
800 3686 1011 3741 inferre
1041 3682 1334 3746 valebunt,
1371 3680 1519 3736 bona
1551 3680 1682 3744 fide,
1717 3679 1844 3734 sine
1875 3679 2077 3733 fraude

432 3786 488 3836 et
514 3775 966 3849 maloingenio;
999 3778 1058 3829 et
1113 3771 1546 3844 impugnabunt
1588 3785 1744 3836 eum,
1813 3766 2076 3838 quandiu

432 3875 490 3924 et
520 3867 708 3923 stolus
765 3862 994 3936 imperii
1052 3877 1253 3916 eorum
1313 3856 1686 3930 impugnabit
1734 3873 1864 3911 cum
1927 3857 2080 3912 bona

433 3959 568 4023 fide,
596 3957 722 4012 sine
755 3953 975 4008 fraude.
1014 3951 1082 4004 Et
1117 3949 1167 4004 si
1213 3948 1411 4018 aliqua
1469 3947 1575 4017 [ω]
1633 3951 1920 4001 terrarum
1971 3945 2078 4000 ini-

429 4045 566 4102 mici
593 4042 912 4115 imperialis
944 4037 1313 4094 celsitudinis
1345 4037 1581 4108 ceperit,
1616 4036 1898 4090 debemus
1929 4034 1988 4090 in
2011 4051 2078 4091 ea

431 4134 738 4191 ecclesiam
767 4136 824 4186 et
852 4127 1146 4185 embolum
1182 4130 1240 4182 et
1278 4125 1494 4181 scalam
1555 4125 1769 4181 habere
1825 4129 1882 4180 et
1937 4142 2078 4180 con-

430 4235 659 4277 servare
719 4219 844 4272 sine
892 4214 1051 4272 omni
1111 4214 1364 4269 datione.
1434 4212 1826 4268 Veruntamen
1891 4211 2078 4269 stolus

428 4307 660 4380 imperii
691 4323 892 4363 eorum
925 4305 1092 4360 debet
1121 4308 1318 4358 tantus
1363 4318 1512 4370 esse,
1568 4307 1826 4374 quantus
1875 4307 1932 4357 et
1975 4319 2079 4358 no-

430 4404 570 4464 ster,
620 4401 721 4452 aut
772 4394 1042 4468 amplior.
1093 4398 1405 4464 Postquam
1466 4397 1660 4447 autem
1737 4391 2079 4463 bujusmodi

430 4487 732 4545 servitium
768 4483 1010 4556 imperio
1041 4499 1240 4540 eorum
1274 4482 1621 4554 peregerint,
1653 4479 1865 4535 debent
1907 4479 2080 4534 habe-

2204 573 2335 612 men
2366 575 2500 613 cum
2525 558 2815 632 imperiali
2845 576 3117 632 expensa.

2275 648 2438 715 Item,
2472 648 2521 703 si
2546 649 2620 703 ob
2650 653 2995 720 gravitatem
3020 650 3277 722 aliquam
3306 650 3635 722 hujusmodi
3664 657 3803 727 galea

2201 737 2912 808 nequiverintsecundum
2945 741 3228 812 prolixum
3263 741 3570 796 terminum
3609 743 3674 799 de
3719 746 3804 802 Ve-

2200 825 2356 881 netia
2389 827 2600 896 venire,
2663 829 2892 898 (debent)
2949 829 3007 883 in
3067 829 3369 885 servitium
3432 831 3561 886 stoli
3607 832 3804 905 imperii

2199 930 2398 970 eorum
2423 916 2650 988 ingredi
2677 917 2935 973 universi
2967 917 3024 972 in
3078 917 3361 974 Romania
3399 917 3608 974 inventi
3641 923 3800 978 Vene-

2196 1003 2317 1071 tici,
2345 1006 2668 1061 secundum
2700 1007 2853 1077 quod
2888 1010 3161 1079 superius
3190 1006 3546 1063 declaratum
3577 1013 3675 1077 est,
3711 1011 3804 1067 sci-

2196 1092 2331 1150 licet
2360 1095 2430 1151 de
2456 1095 2530 1150 IV
2560 1100 2698 1163 tres,
2723 1112 2858 1151 cum
2890 1113 3071 1168 supra
3101 1097 3323 1170 scripta
3353 1113 3506 1168 roga.

2266 1197 2484 1262 «Item,
2517 1193 2566 1249 si
2597 1210 2662 1249 eo
2695 1193 2870 1266 [rum]
2897 1193 3143 1266 imperio
3196 1195 3431 1266 expedit
3483 1195 3802 1266 adjutorium

2195 1281 2266 1336 ad
2297 1281 2618 1339 vindictam
2651 1287 2798 1339 terre
2821 1283 3142 1355 imperialis
3193 1283 3556 1340 celsitudinis
3609 1285 3674 1340 ob
3718 1286 3803 1340 ali-

2193 1387 2365 1442 quem
2399 1371 2704 1428 inimicum
2739 1372 2797 1428 in
2852 1372 3196 1429 Romaniam
3252 1373 3652 1446 ingressurum
3692 1391 3804 1431 cum

2193 1458 2378 1532 galeis
2405 1461 2796 1534 quadraginta
2823 1466 2924 1517 aut
2983 1461 3276 1535 pluribus,
3323 1466 3383 1518 et
3423 1463 3615 1533 nequit
3657 1462 3806 1535 impe-

2196 1547 2348 1604 rium
2379 1565 2579 1606 eorum
2615 1567 2716 1622 pro
2747 1549 2962 1607 auxilio
3010 1551 3238 1607 mittere
3299 1549 3615 1618 Venetiam,
3664 1552 3806 1609 debet

2195 1637 2572 1710 imperatoria
2619 1641 2898 1711 maiestas
2948 1640 3246 1697 Veneticos
3308 1639 3579 1696 inducere
3623 1641 3686 1696 ad
3723 1658 3806 1698 suo

2193 1731 2342 1784 terre
2365 1728 2763 1784 defensionem
2797 1734 3002 1785 contra
3061 1729 3469 1800 hujuscemodi
3517 1729 3802 1798 inimicum,

2195 1816 2462 1873 inventos
2495 1817 2550 1873 in
2579 1835 2791 1890 magna
2823 1819 2966 1874 urbe
3013 1817 3283 1875 videlicet
3340 1823 3398 1874 et
3452 1817 3638 1874 circba
3679 1835 3805 1887 eam,

2195 1909 2250 1961 et
2281 1907 2352 1962 ab
2383 1924 2452 1962 en
2488 1907 2630 1963 locis
2653 1907 2990 1978 jacentibus
3051 1907 3250 1964 circha
3283 1923 3414 1963 eam
3482 1924 3673 1963 versus
3723 1924 3804 1963 or-

2197 1998 2318 2049 tum
2353 2000 2410 2050 et
2440 2012 2642 2051 versus
2672 2012 2946 2052 occasum
2997 2013 3182 2068 usque
3229 1997 3306 2053 ad
3339 1996 3598 2064 Avidum,
3640 1995 3806 2068 ibique

2194 2082 2465 2139 similiter
2493 2091 2774 2157 repertos,
2833 2089 2890 2140 et
2947 2085 3004 2140 in
3059 2085 3250 2151 terris,
3316 2101 3430 2158 que
3478 2085 3622 2141 infra
3669 2089 3803 2157 sunt,

2194 2189 2380 2244 usque
2411 2173 2835 2246 Filadelphiam
2867 2174 3000 2229 etin
3025 2191 3112 2241 ea,
3145 2179 3204 2231 et
3235 2191 3426 2247 usque
3450 2174 3693 2243 Adriam,
3722 2191 3802 2245 po-

2191 2260 2294 2317 lim
2326 2266 2383 2319 et
2413 2264 2469 2317 in
2501 2280 2589 2329 ea,
2622 2280 2689 2318 ex
2721 2269 2976 2334 quatuor
3008 2269 3146 2334 tres,
3171 2281 3312 2319 cum
3346 2268 3430 2320 tot
3459 2264 3652 2336 galeis,
3682 2268 3802 2335 quot

2191 2367 2418 2406 armare
2469 2351 2764 2418 valebuut,
2813 2352 3031 2408 inventi
3108 2353 3441 2409 secundum
3514 2353 3803 2424 predictum

2191 2441 2478 2506 ordinem,
2510 2457 2645 2496 cum
2677 2441 2853 2497 etiam
2884 2443 3198 2498 manifesta
3251 2459 3414 2515 roga.
3468 2441 3588 2498 Tali
3639 2443 3804 2513 itaque

2191 2529 2362 2584 modo
2395 2529 2614 2601 talique
2645 2530 2846 2587 ordine
2870 2531 3164 2602 juvabunt
3185 2535 3242 2586 et
3267 2531 3600 2587 detfendent
3628 2531 3803 2586 Rema-

2190 2617 2348 2673 niam
2384 2619 2641 2674 Venetici
2673 2624 2869 2675 contra
2899 2636 3134 2675 omnem
3168 2619 3473 2676 hominem
3501 2623 3803 2676 coronatum

2189 2710 2380 2762 etnon
2403 2713 2768 2777 coronatum,
2796 2712 2852 2763 et
2895 2715 3102 2765 contra
3156 2725 3398 2766 omnem
3444 2713 3664 2781 gentem
3715 2710 3805 2763 Ro-

2189 2796 2446 2852 maniam
2468 2813 2674 2854 nocere
2703 2797 3013 2864 volentem,
3050 2803 3222 2870 prout
3269 2799 3544 2871 superius
3580 2797 3804 2853 declara-

2185 2888 2312 2941 tum
2335 2891 2459 2954 est;
2494 2890 2551 2941 et
2581 2890 2784 2942 contra
2816 2886 3009 2958 ipsum
3044 2903 3236 2959 regem
3257 2887 3587 2943 Alcmanie.

2260 3007 2285 3034 ‹‹
2311 2983 2533 3054 Item,si
2564 2983 2881 3056 imperium
2912 3000 3112 3040 eorum
3142 2983 3628 3040 volueritmittere
3648 2981 3800 3038 Vene-

2185 3073 2323 3128 tiam
2374 3072 2640 3129 homines
2693 3077 2795 3129 aut
2870 3073 3165 3139 vestiaris,
3224 3074 3418 3146 gratia
3474 3071 3801 3129 conducendi

2185 3161 2401 3217 milites
2427 3165 2526 3216 aut
2556 3163 2627 3217 de
2659 3161 3005 3218 Lombardia
3036 3167 3138 3217 aut
3171 3163 3243 3218 ab
3270 3163 3388 3218 alia
3411 3171 3580 3227 terra,
3633 3166 3683 3217 et
3732 3161 3801 3214 di-

2181 3251 2497 3321 spensandi
2521 3250 2591 3305 ad
2624 3251 2898 3306 honorem
2923 3255 2978 3306 et
2998 3252 3315 3307 utilitatem
3337 3252 3649 3324 spectantis
3675 3257 3802 3306 terre

2184 3338 2550 3395 celsitudinis
2578 3356 2801 3410 eorum,
2864 3340 3059 3396 licebit
3115 3345 3172 3395 et
3227 3339 3339 3395 hoc
3388 3342 3495 3407 eis,
3553 3339 3659 3396 nisi
3709 3338 3800 3394 hoc

2185 3432 2387 3484 contra
2415 3429 2706 3485 Venetiam
2738 3429 2834 3484 sit.
2868 3429 3092 3484 Debent
3115 3434 3313 3484 autem
3387 3428 3631 3485 Venetici
3678 3427 3798 3483 reci-

2187 3534 2320 3589 pere
2368 3517 2637 3574 homines
2685 3523 2742 3574 et
2799 3518 3109 3590 peccunias
3167 3523 3225 3575 et
3273 3519 3546 3576 vestiaris
3599 3516 3800 3590 imperii

2185 3622 2410 3672 eorum,
2441 3611 2498 3662 et
2528 3608 2838 3664 defendere
2875 3613 2933 3664 et
2951 3608 3220 3664 homines
3262 3613 3322 3664 et
3379 3609 3679 3680 peccunias
3720 3621 3803 3661 eo-

2187 3712 2317 3752 rum
2349 3697 2421 3752 ab
2452 3697 2726 3752 omnibus
2755 3695 3031 3753 inimicis.
3070 3701 3488 3756 Verumtamen
3522 3695 3806 3754 clementia

2188 3785 2414 3857 imperii
2441 3802 2643 3842 eorum
2678 3803 2791 3842 non
2819 3787 2989 3842 debet
3019 3787 3265 3842 Venetia
3323 3787 3541 3844 stolum
3589 3787 3805 3842 educere

2187 3873 2273 3929 vel
2296 3877 2613 3930 exercitum
2646 3881 2848 3931 contra
2877 3875 3158 3946 aliquem,
3204 3892 3343 3934 cum
3403 3894 3517 3949 quo
3574 3873 3805 3931 Venetici

2185 3963 2401 4020 habent
2429 3964 2704 4020 unionem
2727 3968 2784 4019 et
2815 3981 3094 4020 amorem.

2258 4063 2476 4129 «Item,
2509 4062 2555 4118 si
2589 4061 2903 4135 imperium
2936 4061 3182 4118 voluerit
3207 4079 3309 4134 per
3360 4067 3553 4136 partes
3596 4061 3805 4118 Venetie

2188 4151 2404 4207 milites
2434 4151 2492 4206 in
2529 4151 2872 4207 Romaniam
2906 4152 3141 4218 ducere,
3175 4151 3377 4208 licebit
3409 4158 3464 4210 et
3493 4152 3598 4208 hoc
3651 4151 3806 4222 impe-

2187 4241 2272 4296 rio
2303 4258 2530 4310 eorum,
2564 4241 2677 4296 nisi
2711 4241 2820 4312 ipsi
2857 4241 3151 4296 manifesti
3182 4240 3407 4296 inimici
3439 4241 3666 4298 Venetie
3686 4241 3804 4305 sint,

2186 4335 2288 4386 aut
2310 4329 2545 4386 Venetia
2577 4331 2859 4402 impedita
2889 4331 2985 4398 sit,
3019 4331 3145 4386 sine
3175 4331 3378 4386 fraude
3435 4337 3493 4387 et
3535 4329 3680 4385 malo
3736 4329 3806 4382 in-

2186 4419 2358 4492 genio
2389 4419 2607 4490 aliquo.
2636 4423 2783 4474 Nam
2815 4425 3108 4475 transacto
3139 4419 3559 4490 impedimento
3606 4419 3806 4474 licitum

2188 4510 2296 4565 erit
2317 4511 2421 4577 eis,
2451 4507 2570 4564 sive
2593 4508 2700 4564 soli
2726 4509 2943 4564 fuerint
2976 4509 3095 4564 sive
3146 4526 3280 4564 cum
3340 4509 3592 4579 familiis,
3648 4513 3810 4562 trans-

431 4595 489 4632 Γθ
521 4595 587 4632 ex
618 4575 821 4668 galeis’
857 4589 969 4668 Ψξθ
1013 4573 1084 4668 δε
1125 4571 1364 4668 Veneti?
1410 4569 1722 4668 ,eXiverint'
1773 4570 1854 4668 ,ad
1906 4585 2074 4625 suam
2107 4591 2152 4655 D
2183 4596 2286 4652 ire.
2321 4596 2437 4652 Hoc
2486 4601 2684 4652 autem
2743 4596 2979 4654 servitia
3018 4597 3231 4652 debent
3285 4597 3538 4654 Venetici
3590 4593 3806 4668 imperio

427 4665 816 4722 reversionem
841 4661 1038 4734 galeas
1062 4664 1163 4727 tot,
1189 4660 1339 4731 quod
1374 4659 1457 4714 eis
1497 4657 1822 4714 necessarie
1865 4673 2072 4714 conve-

427 4757 654 4812 nienter
683 4758 876 4821 erunt,
913 4756 970 4806 et
990 4752 1115 4806 sine
1144 4751 1345 4804 fraude
1375 4755 1430 4804 et
1464 4748 1760 4804 bonafide.

499 4881 713 4944 «Item,
775 4881 1083 4949 postquam
1145 4872 1483 4945 hujusmodi
1542 4871 1703 4944 galee
1771 4870 2071 4927 Venetiam

431 4970 812 5040 pervenerint,
849 4965 896 5019 si
931 4980 1130 5019 eorum
1185 4960 1498 5034 imperium
1560 4961 1808 5015 voluerit
1864 4977 1962 5016 eas
2012 4960 2071 5014 in

433 5055 775 5113 Romaniam
809 5071 1043 5109 rursum
1077 5051 1274 5107 reduci
1307 5068 1338 5106 a
1380 5049 1687 5120 Veneticis,
1721 5051 1815 5106 fiet
1855 5050 1938 5105 sic
1972 5068 1984 5118 ;
2017 5054 2074 5104 et

431 5145 837 5218 unusquisque
867 5159 1089 5212 eorum,
1123 5139 1222 5213 qui
1250 5157 1348 5195 eas
1372 5140 1625 5206 reducet,
1659 5139 1829 5194 debet
1858 5137 2071 5194 habere

427 5235 657 5309 proprie
685 5232 968 5289 mercedis
997 5229 1374 5304 gravtia,quod
1407 5234 1722 5300 conpetens
1753 5233 1841 5282 est
1870 5244 2072 5283 secun-

425 5327 843 5396 dumtempus.
877 5320 934 5375 Si
959 5325 1152 5376 autem
1207 5318 1519 5390 imperium
1577 5333 1778 5372 eorum
1829 5316 2073 5372 voluerit

426 5433 526 5486 per
555 5414 700 5470 alias
733 5427 1016 5485 personas
1057 5407 1178 5464 sive
1227 5424 1328 5480 per
1367 5406 1564 5477 aliqua
1589 5421 1626 5459 :1
1677 5405 2070 5477 dispensatio-

429 5520 562 5558 nem
595 5501 984 5560 reversionem
1018 5514 1216 5554 earum
1251 5496 1371 5552 fieri
1405 5496 1463 5551 in
1497 5501 1709 5551 terram
1743 5511 1865 5551 suae
1911 5494 2075 5551 celsi-

430 5591 678 5659 tudinis,
715 5591 912 5646 licebit
943 5593 1000 5644 et
1030 5587 1138 5643 hoc
1169 5586 1240 5642 ei.
1266 5585 1326 5641 Si
1359 5602 1490 5641 vero
1523 5584 1791 5641 volluerit
1844 5601 1944 5641 eas
1991 5584 2072 5641 ibi

433 5679 731 5746 custodiri,
769 5677 1173 5733 custodientur
1229 5675 1300 5729 ad
1359 5674 1638 5730 honorem
1684 5673 1915 5746 imperii
1971 5690 2072 5731 eo-

2181 4703 2379 4742 eorum
2407 4691 2463 4740 et
2495 4685 2772 4742 Romanis
2802 4686 3039 4753 servire,
3075 4685 3188 4742 nisi
3230 4687 3572 4742 manifestas
3630 4683 3803 4740 inimi-

2181 4775 2357 4831 cicias
2388 4775 2597 4831 habeat
2621 4776 2694 4830 ab
2721 4775 2922 4847 aliqua
2951 4780 3227 4831 coronata
3250 4792 3498 4849 persona
3529 4773 3612 4831 vel
3632 4774 3804 4844 aliqua

2183 4881 2396 4936 magna
2430 4869 2600 4930 terra,
2662 4865 2740 4918 ita
2799 4867 2952 4936 quod
3011 4865 3312 4920 servitium
3363 4865 3477 4938 ipsi
3535 4865 3801 4936 nequeant

2183 4953 2390 5023 facere,
2423 4954 2549 5008 sine
2578 4953 2778 5008 fraude
2807 4958 2864 5008 et
2893 4953 3045 5009 malo
3077 4953 3330 5026 ingenio.

2255 5073 2282 5102 «
2313 5052 2453 5107 [tem
2486 5052 2719 5120 debent,
2756 5051 2853 5124 qui
2887 5069 2990 5124 per
3036 5058 3300 5123 tempora
3341 5052 3529 5107 Duces
3587 5047 3796 5104 Venetie

2180 5140 2623 5213 erunt,imperio
2655 5157 2856 5196 eorum
2904 5145 2959 5196 et
2995 5141 3308 5197 heredibus
3368 5155 3564 5196 eorum
3592 5151 3795 5193 mascu-

2181 5229 2252 5285 lis
2283 5233 2341 5285 et
2371 5229 2720 5285 mulieribus
2772 5228 3170 5301 impcraturis,
3219 5231 3338 5285 sive
3391 5229 3525 5298 hiis,
3583 5227 3674 5298 qui
3737 5239 3791 5278 ex

2181 5324 2450 5392 precepto
2502 5335 2703 5374 eorum
2761 5319 3006 5391 imperio
3062 5319 3457 5390 imperabunt,
3512 5321 3569 5373 et
3623 5315 3792 5380 ﬁdem,

2181 5408 2495 5464 servabunt
2525 5407 2701 5463 etiam
2735 5423 2862 5463 eam
2895 5411 3097 5464 contra
3127 5424 3360 5464 omnem
3395 5407 3676 5463 hominem
3713 5418 3792 5457 co-

2181 5503 2479 5568 ronatum,
2510 5503 2568 5553 et
2599 5513 2712 5553 non
2744 5502 3117 5565 conoratum,
3165 5496 3323 5553 salvo
3374 5513 3461 5566 eo,
3514 5493 3656 5566 quod
3709 5505 3795 5562 per

2174 5588 2581 5658 juramentum
2613 5587 2828 5642 debent
2842 5584 3078 5642 Venetie
3093 5586 3416 5642 secundum
3431 5584 3576 5658 quod
3595 5587 3645 5638 et
3657 5594 3788 5642 nunc

2183 5678 2300 5734 dux
2333 5675 2561 5734 Venetie
2588 5691 2692 5734 nos
2728 5674 3011 5733 Henricus
3041 5672 3710 5746 Dendulus,juravimus.
