4028 6202
208 306 304 366 489

1276 290 1667 354 NOVELL/E
1709 289 2405 355 CONSTITUTIONES.

3415 307 3540 370 490

259 459 276 483 ι
306 436 447 502 Item,
476 433 519 488 si
551 431 916 486 inimicorum
948 429 1185 501 imperii
1237 425 1454 498 aliquis
1488 423 1773 479 insultum
1811 423 1866 491 Α
1894 440 2024 479 nem
2051 424 2372 495 habebunt,
2406 432 2463 482 et
2483 433 2763 501 tanquam
2794 434 2946 489 facta
2977 435 3048 490 ab
3098 435 3341 509 imperio
3405 456 3535 498 meo

197 523 358 580 fecerit
383 522 442 575 ad
476 509 930 591 impugnandum
964 519 1225 590 aliquam
1257 521 1548 570 terrarum
1605 511 1778 567 celsi-

193 610 378 668 tudinis
405 625 610 677 eorum,
642 609 698 663 in
733 626 847 680 qua
878 613 1017 663 sunt
1045 605 1332 674 Venetici,
1377 603 1597 657 debent
1646 616 1774 655 eam

191 699 447 754 defendere
477 697 808 761 Venetici,et
841 697 1113 752 inimicos
1145 693 1431 763 expellere
1463 693 1533 744 ab
1565 690 1773 758 hujus-

188 788 312 843 modi
341 790 669 856 terra,prout
695 787 1123 858 possunt,bona
1157 785 1269 837 ﬁde
1300 787 1358 836 et
1391 781 1516 836 sine
1547 779 1773 846 fraude_

242 899 264 924 α
287 876 424 930 Hanc
453 876 642 946 itaque
672 875 1116 930 conventionem
1149 874 1380 927 ﬁrmam
1441 869 1774 924 custodient

182 964 408 1028 Venetici,
439 969 492 1018 et
523 963 626 1018 hoc
658 968 1096 1018 sacramentum
1129 962 1390 1025 ﬁrmum,
1450 965 1507 1014 et
1539 974 1642 1013 nec
1698 957 1771 1012 ob

177 1052 292 1106 iram
318 1052 446 1122 ipsis
476 1051 695 1107 illatam
730 1068 964 1123 semper
995 1049 1361 1106 memorandi
1397 1046 1769 1118 imperatoris

173 1134 351 1196 domini
379 1141 653 1196 Mauuelis
685 1140 1193 1212 Porphyrogcniti,
1228 1155 1329 1193 nec
1359 1139 1430 1192 ob
1463 1137 1637 1191 etiam
1664 1136 1769 1190 ali-

170 1244 308 1297 quam
344 1228 696 1284 occasionem
757 1230 903 1300 ipsis
965 1229 1202 1296 factam,
1256 1243 1362 1281 nec
1411 1243 1513 1298 pro
1573 1225 1769 1296 aliquo

164 1321 387 1387 precepto
443 1317 526 1370 vel
615 1317 831 1372 timore
888 1317 1142 1387 alicujus
1188 1321 1464 1371 coronate
1525 1330 1769 1386 persone

161 1402 226 1456 vel
251 1420 348 1457 non
381 1409 673 1473 coronata,
706 1405 790 1460 vel
826 1405 1017 1476 ipsius
1048 1404 1200 1475 regis
1252 1404 1614 1468 Alemannie,
1663 1417 1768 1456 nec

158 1508 237 1564 pro
260 1490 439 1564 aliqua
468 1494 1078 1549 excommunicatione
1110 1493 1508 1548 ecclesiastica
1538 1490 1624 1545 vel
1672 1507 1765 1545 so-

164 1579 344 1635 lutione
372 1581 618 1652 alicujus
641 1583 1010 1652 pontiﬁcum,
1043 1584 1143 1636 aut
1198 1580 1391 1651 ipsius
1451 1594 1634 1650 papae
1667 1595 1766 1632 ur«

156 1668 228 1724 bis
266 1671 446 1737 Rome,
503 1669 854 1741 hujusmodi
943 1668 1251 1724 violabunt
1321 1667 1763 1722 conventionem

157 1757 656 1830 veljuramentum.
713 1764 829 1815 Hec
910 1762 1107 1814 autem
1177 1758 1376 1813 omnia
1433 1757 1841 1855 custodientB

157 1847 374 1903 Venetici
405 1849 553 1904 bona
583 1847 723 1914 ﬁde,
757 1847 883 1904 sine
917 1847 1121 1903 fraude
1179 1852 1237 1902 et
1292 1846 1446 1901 malo
1504 1844 1761 1916 ingenio,

159 1937 394 2005 quamdiu
427 1938 497 1992 ab
521 1938 775 2009 imperio
799 1953 1003 1992 eorum
1035 1942 1092 1992 et
1125 1935 1601 2008 imperatoribus,
1665 1933 1758 2002 qui

158 2025 385 2096 deinceps
438 2031 634 2092 erunt,
670 2028 895 2094 integre
926 2031 1362 2095 conservantur,
1423 2039 1536 2096 que
1594 2023 1762 2076 nobis

152 2114 400 2182 promissa
428 2123 567 2170 sunt
608 2133 642 2170 a
686 2115 1065 2169 sanctissimo
1122 2114 1475 2184 imperatore
1526 2113 1761 2166 domino

151 2202 310 2257 Alexio
338 2204 636 2259 Comnano
670 2221 772 2275 per
801 2203 1166 2258 crisobulum
1201 2202 1433 2274 imperii
1468 2204 1617 2271 ejus.
1658 2225 1677 2248 υ

201 2293 254 2347 Et
282 2310 385 2364 que
416 2295 663 2365 quidem
697 2293 1077 2364 suprascripti
1113 2293 1558 2364 prudentissimi
1588 2291 1761 2363 legati

147 2381 457 2438 nobilissimi
477 2389 542 2438 et
567 2382 919 2439 ﬁdellissimi
952 2383 1198 2452 imperio
1230 2399 1356 2437 meo
1383 2379 1763 2452 protosevasti

143 2476 185 2525 et
209 2470 360 2526 Ducis
396 2472 504 2526 Ven
527 2473 666 2539 etie,
701 2471 929 2526 Henrici
981 2470 1255 2537 Danduli,
1319 2471 1386 2525 ad
1447 2470 1762 2542 imperium

141 2575 300 2615 meum
330 2565 384 2616 et
414 2561 776 2616 Romaniam
811 2560 1163 2634 pepigerunt
1193 2564 1250 2614 et
1275 2561 1647 2629 juraverunt,
1708 2563 1766 2614 et

143 2651 187 2706 in
213 2651 411 2724 scripto
438 2653 522 2707 ab
559 2652 644 2707 eis
668 2651 1006 2724 subscripto
1038 2652 1605 2723 comprehendentes
1652 2651 1762 2704 im-

145 2739 272 2809 perio
300 2756 421 2796 meo
452 2739 1095 2810 tradideruntJurandi
1121 2740 1232 2810 (57)
1264 2744 1319 2794 et
1351 2740 1422 2793 ab
1455 2739 1581 2807 ipso
1612 2739 1768 2793 Duce

145 2841 310 2882 eorum
340 2835 392 2883 et
421 2833 558 2884 tota
590 2827 829 2885 Venetia
859 2827 1310 2899 hec.lmperium
1343 2833 1535 2883 autem
1568 2843 1766 2882 meum

142 2916 228 2972 hec
251 2918 852 2991 suscipiens,presens
875 2917 1291 2989 chrysobulum
1318 2919 1560 2972 verbum
1591 2933 1766 2972 suum

145 3009 435 3064 transmisit
467 3006 874 3064 nobillissimo
895 3013 952 3062 et
974 3006 1335 3062 ﬁdellissims
1369 3007 1610 3079 imperio
1641 3023 1766 3062 meo

143 3102 520 3166 protosevasto
549 3101 606 3151 et
637 3096 774 3150 Duci
799 3095 1040 3151 Venetis
1070 3100 1127 3151 et
1182 3097 1486 3152 universae
1533 3096 1768 3152 Venetie

142 3184 453 3255 plenitudini
484 3202 596 3258 per
623 3184 855 3256 imperii
880 3183 990 3240 mei
1015 3184 1271 3257 legatum
1301 3185 1441 3240 illuc
1458 3185 1767 3240 directum.

139 3291 220 3345 per
243 3273 852 3332 honorabillissimum
892 3277 949 3328 et
965 3273 1314 3329 familiarem
1363 3273 1608 3344 imperio
1643 3289 1772 3328 meo

139 3365 578 3433 protonotarium
614 3363 723 3434 (58)
745 3361 1180 3417 vicedominum
1207 3362 1578 3417 Theodorum
1611 3361 1770 3416 Auli-

138 3451 395 3507 calamum
428 3451 574 3524 (59),
611 3451 767 3522 quod
801 3449 1223 3521 chrysobulum
1253 3451 1493 3506 verbum
1553 3449 1774 3505 scilicet

140 3541 395 3611 promittit
424 3542 547 3608 eis,
578 3539 856 3612 quoniam
917 3538 1313 3594 nobillissimo
1370 3540 1517 3594 duce
1572 3555 1771 3595 eorum

139 3633 521 3700 pmtosevasto
551 3633 608 3684 et
637 3643 851 3698 magno
878 3631 935 3682 et
967 3644 1142 3700 parvo
1174 3627 1416 3684 consilio
1445 3628 1775 3695 Venetie,ao

141 3716 237 3774 alia
254 3721 378 3791 ejus
401 3717 777 3792 plenitudine
798 3717 1256 3787 suscipientibus
1270 3717 1773 3788 hoc,sacramento

139 3822 349 3880 quoque
379 3805 717 3864 secundum
739 3821 906 3861 suam
925 3806 1411 3862 consuetudinem
1425 3807 1777 3863 conﬁrman-

140 3895 299 3966 tibus,
333 3900 388 3952 et
418 3896 486 3951 in
521 3895 737 3966 scripto
761 3894 1117 3967 ponentibus
1166 3895 1272 3950 hec
1332 3897 1531 3952 omnia
1587 3897 1774 3952 conti-

140 3984 364 4054 nenti,et
395 3983 775 4057 propriarum
808 4000 1051 4039 suarum
1084 4000 1369 4040 manuum
1402 3986 1780 4058 subscriptio-

139 4074 294 4130 nibus
317 4074 380 4129 id
412 4074 995 4140 consummantibus,
1025 4078 1082 4129 et
1110 4091 1244 4129 cum
1294 4075 1551 4146 predicto
1584 4081 1778 4148 proto-

141 4164 348 4220 notario
378 4163 635 4232 imperio
689 4179 819 4218 meo
868 4163 926 4217 id
958 4162 1346 4230 mittentibus,
1379 4166 1643 4220 tradetur
1697 4167 1781 4222 eis

139 4251 201 4303 ab
230 4267 292 4305 eo
323 4265 574 4322 presens
606 4249 1025 4323 chrysobulum
1056 4253 1298 4306 verbum
1354 4251 1585 4322 imperii
1645 4253 1780 4322 mei,

140 4340 519 4394 corroborans
541 4342 598 4394 et
619 4339 976 4395 conﬁrmans
989 4338 1374 4395 ﬁdellissimis
1389 4340 1631 4413 imperio
1653 4357 1783 4397 meo

134 4425 419 4484 Veneticis
480 4427 812 4498 antiquitus
873 4427 1025 4482 facta
1077 4428 1430 4500 chrysobula
1486 4447 1520 4484 a
1576 4429 1788 4500 sempi-

1887 514 2342 584 deputabuntur.
2401 517 2755 575 Corroborat
2798 522 2954 577 enim
2999 529 3056 578 et
3103 526 3414 584 conﬁrmat
3469 547 3536 586 ea

1885 602 2196 674 imperium
2232 622 2426 661 meum
2453 622 2553 676 per
2574 626 2810 678 presens
2838 612 3256 684 chrysobulum
3289 618 3532 674 verbum

1885 708 2054 746 suum
2090 698 2146 746 et
2190 694 2456 765 precipit,
2517 713 2614 751 eos
2664 701 2993 755 conversari
3049 701 3240 759 salvos
3290 709 3346 760 et
3403 706 3534 764 sine

1881 780 2089 835 timore
2118 781 2175 836 in
2210 783 2482 838 omnibus
2507 786 2842 856 regionibus
2872 788 3101 861 imperii
3136 792 3276 858 mei,
3309 794 3368 849 in
3402 811 3532 867 per-

1882 868 2044 924 sonis
2074 874 2130 924 et
2154 873 2448 941 pecouniis
2479 891 2704 943 corum,
2735 880 2855 930 tam
2886 878 2958 932 ab
3017 878 3361 938 hominibus
3413 883 3526 939 im-

1882 959 2023 1029 perii
2049 960 2183 1028 mei,
2217 976 2392 1030 quam
2449 966 2504 1016 et
2547 963 2617 1018 ab
2651 965 2776 1034 ipso
2806 965 3049 1037 imperio
3099 985 3247 1038 meo,
3310 971 3524 1028 habere

1880 1064 2108 1118 quoque
2137 1048 2296 1119 ipsos
2328 1055 2386 1105 et
2410 1052 2606 1106 omnia
2635 1057 2996 1119 tonumenta,
3054 1073 3165 1127 que
3225 1059 3524 1117 habebant

1879 1140 2139 1207 tempore
2172 1155 2347 1210 super
2375 1157 2472 1194 eos
2502 1143 2890 1211 prevenientis
2923 1145 3005 1199 ire
3037 1162 3270 1218 semper
3298 1166 3519 1206 memo-

1878 1226 2042 1279 randi
2077 1226 2447 1298 imperatoris
2479 1231 2672 1300 patrui
2701 1231 2931 1303 imperii
2963 1235 3098 1301 mei,
3125 1236 3346 1291 domini
3398 1239 3520 1294 Ma-

1877 1314 2067 1370 uuelis
2097 1317 2397 1372 Comnani.
2431 1323 2498 1373 Et
2535 1319 2582 1373 si
2614 1321 2685 1375 ob
2714 1320 3035 1381 servitium.
3069 1326 3222 1395 quod
3275 1326 3520 1398 imperio

1877 1418 2006 1456 meo
2037 1403 2275 1458 fecerint
2322 1405 2409 1460 vel
2460 1407 2858 1476 impcraturis,
2912 1416 3086 1480 prout
3132 1412 3190 1466 in
3250 1415 3522 1485 superius

1877 1492 2373 1564 ordinatojscripto
2389 1494 2716 1567 legatorum
2741 1498 3146 1555 Veneticorum
3164 1501 3517 1571 declaratur,

1875 1585 1931 1638 et
1959 1581 2006 1636 si
2042 1583 2537 1652 superveneriteis
2569 1601 2601 1638 a
2630 1593 2900 1642 coronata
2933 1590 3280 1658 personavel
3300 1608 3516 1665 magna

1873 1673 2046 1742 gente
2077 1686 2307 1742 guerra,
2340 1672 2511 1727 debet
2535 1673 2850 1745 imperium
2883 1692 3078 1732 meum
3111 1678 3198 1734 vel
3234 1696 3334 1750 per
3363 1685 3517 1737 tem-

1874 1774 2014 1829 pora
2045 1757 2409 1830 imperaturi,
2443 1761 2596 1815 sicut
2616 1762 2673 1816 in
2698 1762 2828 1834 ipsa
2859 1766 3241 1822 conventione
3263 1769 3523 1827 declara-

1871 1852 1986 1916 tur,
2019 1863 2116 1902 eos
2148 1848 2446 1920 adjuvare,
2471 1854 2643 1921 prout
2667 1852 2901 1908 deberet
2931 1855 3208 1924 adjuvare
3240 1875 3418 1914 unam
3451 1861 3522 1916 de

1872 1935 2098 2006 magnis
2117 1936 2448 1993 civitatibus
2477 1939 3102 2014 Romanie.lnsuper,si
3126 1948 3181 1998 et
3203 1943 3519 2018 imperium

1873 2040 2068 2079 meum
2102 2029 2202 2078 aut
2233 2025 2571 2096 imperaturi
2607 2028 2806 2084 fecerit
2837 2046 3092 2086 amorem
3118 2037 3219 2088 aut
3249 2038 3519 2107 treguam

1873 2129 2006 2168 cum
2040 2112 2233 2184 aliquo
2266 2114 2523 2180 inimico,
2553 2121 2755 2172 contra
2787 2123 2976 2189 Qquem
3044 2122 3350 2178 servierint
3404 2125 3522 2180 im-

1873 2203 2030 2273 perio
2062 2208 2281 2270 nostro,
2310 2204 2478 2258 debet
2509 2205 2823 2276 imperium
2874 2213 3142 2265 nostrum
3197 2228 3296 2268 eos
3350 2212 3523 2268 indu-

1873 2307 2001 2346 cere
2033 2292 2090 2346 in
2123 2293 2298 2346 talem
2327 2293 2495 2347 illum
2529 2311 2786 2350 amorem
2821 2296 2907 2350 vel
2941 2302 3229 2369 treguam.

1944 2381 2237 2435 Promittit
2261 2387 2315 2436 et
2347 2381 2431 2436 eis
2493 2381 2792 2438 licentiam
2851 2385 3065 2441 habere
3119 2388 3176 2442 in
3238 2390 3516 2446 omnibus

1872 2469 2207 2540 regionibus
2238 2469 2468 2540 imperii
2505 2472 2640 2538 mei,
2674 2476 2794 2527 tam
2852 2473 2913 2528 in
2968 2474 3104 2545 hiis,
3163 2493 3277 2547 que
3326 2479 3522 2535 circha

1873 2558 2013 2612 litus
2044 2562 2200 2625 sunt,
2235 2574 2412 2628 quam
2445 2559 2578 2613 etin
2608 2560 2742 2621 hiis.
2776 2578 2886 2631 que
2922 2562 3074 2618 intra
3104 2568 3342 2634 terram,
3377 2572 3434 2622 et
3460 2568 3519 2623 in

1873 2647 2020 2718 ipsis
2045 2646 2340 2713 insulis,et
2367 2647 2712 2719 simpliciter
2731 2650 2790 2703 in
2821 2652 3095 2708 omnibus
3118 2655 3525 2728 partibus,que

1877 2736 1984 2791 sub
2008 2739 2292 2806 potestate
2315 2740 2511 2791 nostra
2541 2735 2631 2808 pie
2652 2744 2793 2793 sunt
2814 2742 3524 2811 tranquillitatis,omnem

1878 2824 2294 2879 mercationem
2355 2841 2638 2895 exercere,
2697 2831 2753 2881 et
2809 2844 3001 2884 emere
3059 2834 3234 2902 atque
3273 2835 3526 2890 vendere

1879 2930 2111 2969 omnem
2143 2913 2394 2984 speciem
2428 2912 2484 2968 in
2520 2914 2855 2987 regionibus
2888 2917 3116 2989 imperii
3149 2921 3260 2976 mei
3289 2938 3528 2979 nascen-

1877 3007 2018 3065 tem,
2049 3006 2106 3057 et
2137 3019 2204 3056 ex
2235 3002 2368 3058 aliis
2401 3003 2734 3072 regionibus
2766 3005 2822 3060 in
2854 3022 2953 3063 eas
2985 3006 3219 3064 allatam
3261 3011 3380 3067 sive
3427 3027 3530 3084 per

1882 3107 2058 3145 naves
2090 3107 2191 3161 per
2221 3107 2405 3158 mare,
2438 3091 2558 3146 sive
2593 3110 2694 3162 per
2723 3095 2978 3150 samaria
3009 3097 3092 3151 vel
3127 3099 3393 3168 plaustra
3424 3117 3532 3172 per

1882 3184 2185 3245 terram;et
2207 3196 2309 3236 nec
2341 3183 2698 3237 comercium
2730 3189 2832 3238 aut
2864 3185 3174 3256 pedagium
3208 3187 3299 3242 vel
3325 3205 3532 3259 passa-

1882 3270 2043 3341 gium
2075 3273 2173 3322 aut
2205 3268 2614 3324 samariaticon
2641 3271 2727 3325 vel
2760 3274 3126 3343 pertuaticon
3158 3279 3260 3330 aut
3289 3293 3536 3333 savura-

1879 3359 2035 3413 ticon
2071 3362 2171 3411 aut
2226 3373 2403 3412 causa
2479 3360 2762 3415 onerandi
2834 3365 2936 3418 aut
3001 3363 3366 3432 scalaticum,
3427 3382 3534 3422 nec

1883 3447 2060 3503 aliam
2092 3446 2350 3518 aliquam
2383 3462 2594 3503 census
2626 3450 3051 3520 appeticionem
3093 3469 3126 3506 a
3171 3453 3419 3510 navibus
3469 3455 3529 3510 in

1882 3535 2226 3592 Romaniam
2277 3535 2646 3592 venientibus
2688 3537 2778 3593 vel
2831 3556 2865 3595 a
2903 3540 3176 3596 samariis
3213 3541 3302 3596 vel
3361 3542 3528 3615 plau-

1882 3624 2018 3682 stris
2049 3641 2152 3697 per
2177 3641 2380 3680 omnes
2403 3624 2671 3696 regiones
2693 3626 2924 3697 imperii
2948 3627 3063 3684 mei
3085 3633 3528 3689 transeuntibus

1880 3733 1950 3773 ex
1979 3713 2401 3771 consuetudine
2427 3718 2692 3770 exactum
2713 3715 2824 3787 (60)
2847 3717 3172 3790 exigantur.

1956 3804 2202 3875 Insuper
2230 3808 2307 3871 et,
2339 3802 2616 3873 quoniam
2672 3805 2731 3858 in
2786 3805 3142 3875 quibusdam
3187 3809 3528 3881 regionibus

1885 3893 2116 3966 imperii
2151 3893 2262 3948 mei
2294 3891 2626 3948 molestiam
2657 3897 2714 3947 et
2755 3893 3187 3952 infestationem
3240 3914 3354 3953 non
3392 3915 3524 3971 par-

1885 3999 2018 4039 vam
2041 3981 2340 4038 Veneticos
2371 3981 2617 4052 imperio
2676 3998 2804 4037 meo
2862 3983 3206 4042 ﬁdelissimo
3253 3987 3366 4059 (61)
3397 3989 3527 4060 jam

1889 4071 2028 4128 dicti
2060 4069 2504 4142 prudentissimi
2537 4069 2714 4142 legati
2735 4070 2996 4143 Venetia,
3031 4073 3236 4130 Petrus
3284 4076 3530 4133 Michael

1891 4166 1946 4217 et
1965 4160 2313 4216 Octavianus
2344 4157 2784 4224 Quirinus,meo
2816 4176 3160 4232 suggessere
3190 4163 3531 4236 imperio,eo

1893 4250 2046 4322 quod
2079 4247 2230 4304 clare
2262 4247 2318 4301 in
2353 4247 2736 4320 chrysoholiis
2767 4249 2932 4320 prius
2958 4250 3040 4305 eis
3072 4251 3237 4308 factis
3269 4252 3394 4325 ipse
3416 4270 3532 4310 non

1893 4339 2012 4394 sint
2040 4336 2304 4392 ordinate
2338 4353 2351 4390 :
2386 4336 2694 4407 imperium
2725 4354 2921 4393 meum
2951 4343 3008 4394 et
3036 4356 3070 4394 a
3110 4341 3219 4396 tati
3267 4341 3538 4399 molestia

1893 4428 2093 4482 volens
2126 4425 2496 4481 ﬁdelissimos
2528 4431 2586 4480 ct
2615 4426 2926 4482 Veneticos
2956 4427 3221 4499 liberare,
3253 4433 3310 4485 et
3341 4431 3535 4486 uomi-

136 4519 288 4572 terne
317 4515 606 4572 memorie
637 4516 990 4587 imperatore
1021 4521 1078 4572 et
1101 4533 1314 4588 proavo
1366 4518 1596 4590 imperii
1649 4519 1786 4588 mei,
1819 4514 1864 4578 D
1898 4515 2079 4572 natim
2105 4531 2308 4570 omnes
2340 4515 2625 4586 regiones,
2659 4531 2772 4586 que
2804 4517 2914 4571 sub
2945 4517 3228 4573 Romauia
3266 4523 3426 4586 sunt,
3475 4519 3536 4574 in

136 4603 365 4660 domino
389 4604 596 4659 Alexio
627 4607 922 4659 Comnano
973 4611 1031 4660 et
1060 4605 1180 4660 ﬁlio
1210 4607 1338 4675 ejus
1396 4606 1785 4676 imperatoris,

139 4693 370 4749 domino
396 4693 677 4758 Johanni,
712 4697 769 4748 et
798 4693 1008 4750 dilecto
1040 4702 1245 4766 patruo
1279 4694 1788 4767 imperii,jdomino

138 4780 395 4838 Manuale
427 4782 730 4837 Comnano
761 4782 1027 4856 ;insuper
1055 4787 1113 4838 et
1145 4784 1298 4839 facta
1322 4784 1408 4840 eis
1437 4783 1791 4855 chrysobula

139 4871 207 4924 ab
227 4871 555 4942 imperante
587 4869 972 4926 dilectissimo
1006 4871 1178 4927 fratre
1209 4872 1440 4942 imperii
1492 4872 1626 4938 mei,
1684 4873 1788 4927 do-

145 4958 299 5013 mino
335 4958 562 5014 lsaakio
593 4958 812 5029 Angelo
845 4975 1023 5031 super
1049 4959 1306 5032 hiis,que
1337 4959 1630 5031 promissa
1651 4965 1792 5014 sunt

140 5044 220 5100 eis
249 5063 352 5116 per
379 5063 469 5116 ea,
521 5051 644 5101 tam
693 5048 1036 5120 complectis
1092 5067 1268 5122 quam
1311 5054 1370 5104 et
1423 5064 1540 5103 non
1599 5048 1791 5103 adhuc

140 5131 313 5189 ﬁnem
343 5135 733 5206 capientibus,
770 5139 827 5191 et
855 5137 1172 5194 efﬁcatiam
1204 5155 1270 5194 ac
1313 5135 1789 5194 incommutatio-

211 5312 324 5386 (57)
355 5315 625 5370 Fortasse
654 5317 1024 5386 jurahuntur.

352 5386 614 5466 Editores
647 5385 891 5466 notant:
922 5413 949 5439 «
982 5391 1073 5446 Sic
1105 5408 1213 5447 nos
1241 5407 1309 5446 cx
1340 5388 1685 5462 compendio
1721 5387 1792 5442 li-

146 5452 237 5508 bri
261 5455 776 5584 albi,dpraacom'um
809 5461 909 5516 lib.
935 5467 1086 5534 pact.
1121 5484 1149 5511 »

217 5528 332 5584 (59)
356 5530 395 5583 li
445 5546 535 5584 em
570 5571 587 5584 .
621 5532 766 5584 Lege
797 5536 1149 5584 Auriculanu:

217 5501 776 5606 ξῷῆέτέὦῗῖὶὲἔ
797 5501 1216 5591 λ’πὶῆἕιῖἴίῖἐηὶὶη.

224 5600 331 5670 (60)
357 5601 498 5672 Lege
519 5600 789 5662 exactam.

467 5732 732 5796 ΡΑτιιοι..
779 5736 891 5796 Gn.
942 5735 1235 5800 CXXXV.

1898 4604 2113 4676 quibus
2151 4603 2395 4657 mercari
2428 4603 2661 4668 debent,
2695 4605 2963 4660 ordinare
2997 4605 3055 4658 in
3081 4606 3334 4676 presenti
3365 4606 3539 4678 chry-

1899 4691 2104 4749 sobulo
2139 4708 2264 4746 meo
2298 4691 2516 4760 placuit
2546 4692 2939 4762 imperio.Que
2973 4693 3230 4749 suntiste
3248 4694 3536 4751 videlicet:

1901 4781 2192 4838 Provintia
2226 4779 2505 4833 Dirrachii
2536 4780 2645 4849 (62)
2679 4797 2810 4835 cum
2860 4781 2998 4849 illis,
3024 4798 3136 4853 que
3165 4782 3223 4837 in
3278 4800 3346 4838 ea
3402 4788 3544 4840 sunt

1899 4885 2282 4943 personarum
2312 4873 2368 4922 et
2397 4867 2776 4924 ecclesiarum
2808 4870 3546 4928 immobilibus.Provincia

1897 4958 2126 5014 Jericho
2160 4961 2216 5012 et
2241 4954 2501 5011 Caninon
2521 4973 2653 5012 cum
2671 4958 3022 5013 omnibusin
3042 4975 3104 5013 ea
3137 4960 3544 5017 immobilibus

1898 5047 2305 5104 existentibus.
2409 5046 2713 5102 Provincia
2806 5047 3118 5102 Joaninon.
3244 5050 3549 5106 Provincia

1902 5134 2322 5211 Drynupoleos.
2413 5134 2697 5191 Similiter
2791 5136 3088 5208 provincia
3209 5137 3546 5210 Dyavoleos,

1974 5316 2086 5387 (61)
2118 5315 2383 5370 Editores
2411 5315 2653 5371 volunt:
2692 5315 3068 5371 Veneticorum
3090 5347 3158 5358 --
3204 5316 3551 5386 ﬁdelissimo-

2117 5457 2516 5541 G‘eographica
2545 5456 2762 5527 optime
2792 5456 3109 5541 illustravit
3149 5457 3407 5515 Tafelius
3441 5458 3553 5516 1.1.

1903 5530 1964 5585 in
1998 5530 2498 5598 adnotationibus,
2532 5545 2680 5601 quas
2711 5531 2970 5586 consule.

3199 5732 3279 5792 16
