4028 6202
293 299 432 374 491,

296 432 608 492 Provincia
677 425 936 488 Colonis.

294 521 493 576 vincia
552 521 784 589 Prespe.
891 508 1193 567 Provincia
1283 503 1560 559 Castoris.
1657 499 1958 554 Provincia

298 610 564 668 Servion.
619 587 922 663 Provincia
965 595 1226 652 Triadice
1282 597 1338 648 et
1379 589 1765 647 Vvelevusdii.
1820 587 1959 642 Pro-

303 700 500 756 vincia
525 697 647 754 Nisi
675 699 733 751 et
793 688 1125 746 Vranisove.
1203 680 1506 737 Provincia
1564 677 1768 748 Scopie
1823 692 1958 730 cum

306 786 608 862 epiekepsi
647 781 904 840 Coriton.
952 771 1253 831 Provincia
1306 769 1608 840 Sagorion.
1660 763 1961 862 Provincia

307 854 610 934 Malesovii
639 875 697 927 et
749 861 1103 921 Morovisdii.
1149 857 1446 915 Provincia
1489 854 1778 911 Strunice.
1826 856 1962 906 Pro-

305 964 499 1020 vincia
578 957 790 1029 Prilapi
848 958 905 1008 et
955 948 1265 1020 Pelagonis
1331 961 1399 1001 ac
1471 942 1766 1015 Molyscii,
1852 956 1959 995 nec

306 1071 425 1111 non
480 1055 539 1108 et
594 1049 890 1118 Mogrcno.
949 1037 1253 1096 Provincia
1332 1035 1537 1090 Verias
1594 1049 1731 1090 cum
1808 1036 1959 1085 cate-

305 1141 547 1217 panikio
572 1135 743 1194 Cetri.
778 1129 1076 1190 Provincia
1100 1126 1314 1217 Voleri,
1346 1124 1759 1217 Strimonoset
1787 1119 1964 1217 Thes-

307 1207 620 1290 salonicss.
662 1220 961 1282 Provincia
990 1215 1308 1288 Nicepolon
1359 1229 1496 1268 cum
1556 1207 1962 1280 episkepsibus

307 1323 370 1378 in
403 1337 471 1376 ea
496 1312 886 1374 existentibus
938 1302 1372 1380 personalihus,
1442 1296 1855 1354 ecclesiasticis
1909 1299 1966 1348 et

311 1404 853 1472 monasterialibus,
881 1403 938 1457 et
963 1414 1098 1454 cum
1133 1395 1276 1467 ipsis
1297 1390 1707 1464 episkepsibus
1761 1385 1962 1454 subje-

312 1500 583 1557 centihus
615 1491 840 1548 intimis
865 1482 1321 1556 consanguineis
1342 1477 1573 1550 imperii
1595 1476 1968 1545 mei,sempsr

314 1583 674 1645 felicissimis
703 1571 1262 1636 sevastocratoribus
1307 1567 1619 1624 Cesaribus
1650 1568 1707 1620 st
1735 1561 1966 1617 dilectis

314 1674 547 1750 imperii
579 1669 693 1728 mei
725 1667 978 1736 ﬁliabus,
1027 1679 1094 1717 ac
1131 1654 1632 1714 desideratissime
1681 1651 1804 1750 ipsi.
1842 1665 1967 1704 mes

321 1739 599 1837 Auguste.
663 1756 860 1815 Insula
907 1750 1200 1840 Coryphy,
1268 1743 1602 1840 Kephalini,
1667 1739 1966 1840 Zakilitos,
1999 1775 2047 1840 Β

319 1827 569 1922 ιθιῖιςειε,
602 1846 812 1905 Ithaki.
844 1843 1018 1900 Orion
1071 1838 1281 1894 Patron
1313 1840 1370 1890 et
1423 1830 1735 1922 Methon‘is.
1793 1827 1969 1922 Orion

321 1919 625 2009 Corinthii,
657 1942 852 2008 Argus
880 1935 936 1988 et
981 1926 1239 2000 Nauplii.
1299 1923 1472 1980 Orion
1529 1919 1860 1976 Thebarum
1896 1919 1969 2009 et

321 2031 566 2104 Euripii,
599 2005 968 2084 cuminsulis
1005 2019 1292 2105 Androget
1347 2011 1610 2105 Caristo,‘
1639 2013 1778 2105 lies,
1835 2005 1968 2105 liiilo

323 2125 384 2177 et
412 2097 484 2174 in.
504 2097 713 2173 ceteris
743 2108 976 2177 insulis,
1007 2121 1118 2177 qus
1138 2103 1249 2160 sub
1284 2104 1458 2157 Antro
1480 2100 1620 2153 sunt
1638 2100 1696 2150 et
1723 2097 1966 2149 Caristo.

323 2203 772 2266 Dodeconissos.
831 2194 1154 2253 Mitilinim.
1205 2190 1397 2245 Chios.
1467 2187 1696 2242 Samos.
1753 2182 1968 2238 Rodos.

324 2300 460 2356 K03.
512 2289 814 2349 Strovilos.
863 2284 1031 2342 Kriti.
1085 2281 1314 2353 Kipros.
1364 2275 1537 2332 Orion
1582 2272 1966 2327 Athenarum.

323 2383 624 2442 Provincia
682 2373 1071 2433 Velechative.
1141 2365 1447 2424 Provincia
1491 2361 1776 2418 Valachie.
1837 2357 1970 2430 Epi-

321 2471 552 2546 skepsis
586 2464 987 2525 llimitriados.
1043 2460 1169 2546 Duo
1201 2451 1439 2546 Alme‘ri.
1480 2447 1975 2546 Episkepsisqre-

319 2535 600 2621 vennicon
634 2561 692 2614 et
723 2551 1018 2610 Fersalon.
1071 2541 1410 2619 Episkeosis
1458 2546 1715 2596 Domocu
1756 2540 1813 2592 et
1860 2535 1971 2591 Ve-

319 2651 497 2711 senis.
531 2642 940 2706 Chartularata
967 2639 1198 2702 Ezeros,
1233 2629 1726 2701 Dobrochuvysta,
1757 2629 1816 2680 et
1859 2640 1973 2697 qus

322 2743 432 2798 sub
463 2739 594 2812 ipsa
649 2736 790 2791 sunt
845 2728 999 2785 ville.
1059 2723 1303 2780 Tricala.
1336 2716 1661 2812 :Provincia
1719 2713 1969 2770 Larisse.

321 2803 662 2902 Epislrepsis
690 2821 1088 2877 Platamonos.
1118 2808 1436 2902 fProvincia
1490 2803 1800 2902 Trakis.et
1855 2805 1973 2902 Lie-

326 2890 589 2983 cedonie,
617 2917 675 2969 et
705 2926 819 2983 que
849 2908 909 2963 in
941 2922 1009 2962 ea
1038 2905 1178 2960 sunt
1224 2896 1614 2983 [episkepse_s_]_
1668 2890 1972 2983 play-scalas

324 3014 379 3062 et
436 2977 794 3076 personales.
853 2989 1192 3066 Episkepsis
1240 2981 1675 3078 ‘Kerovachii;
1717 2977 1969 3078 Si‘Iivria.

325 3066 668 3167 Episkepsis
723 3081 900 3140 Zurlii
956 3084 1014 3136 et
1060 3070 1574 3167 Theodorupleos:
1625 3066 1972 3167 .Episkepsis

328 3138 1119 3244 ﬁesvsinie,-:Archadiupleos
1141 3168 1198 3220 et
1215 3138 1973 3244 Vulgarophigi,Provincia
2005 3138 2049 3207 C

326 3242 681 3328 Cheronissi.
714 3257 1016 3318 Provincia
1037 3250 1460 3323 Adrianupleos
1477 3251 1534 3304 et
1565 3242 1970 3318 Didymotichi.

323 3355 629 3416 Provincia
642 3335 1972 3414 Branchialii,ProvinciaPhylipuleos,Vsroys,

324 3451 513 3506 Mores
543 3448 600 3501 et
629 3431 1253 3498 Archridii.Provincia
1269 3424 1614 3500 Mesothinie
1635 3421 1974 3495 Episkepsis

320 3509 1976 3596 Damatrios.ProvinciaNicomedie,EpiskepsisPillarum

323 3633 383 3685 et
412 3622 663 3682 Pithion.
700 3615 997 3674 Provincia
1020 3609 1261 3681 Opsikin
1286 3611 1342 3664 et
1387 3606 1577 3677 Eegeu
1640 3618 1776 3658 cum
1843 3599 1977 3672 epi-

322 3713 521 3788 skepsi
551 3708 895 3788 Lopadiuet
925 3689 1972 3788 AppoloniadeiProvinciaAcherau.

324 3777 1273 3866 Provincia-Atramyti.Provincia
1304 3783 1528 3840 Milasis
1549 3783 1605 3837 et
1634 3777 1968 3836 Mslanudii.

327 3890 635 3950 Provincia
663 3881 949 3942 Meandri.
1003 3874 1305 3933 Provincia
1362 3871 1782 3928 Neochastron.
1833 3871 1973 3922 Pro-

327 3981 519 4040 vincia
547 3972 999 4048 Phyladelphye.
1058 3963 1363 4022 Provincia
1407 3961 1641 4029 Attalis,
1685 3955 1970 4048 Seleukie,

331 4047 694 4136 Antiochiae,
729 4059 1034 4126 Laudikie;
1068 4060 1124 4113 et
1147 4068 1332 4125 usque
1361 4051 1552 4124 ipsam
1583 4047 1971 4115 Antiochiam;

329 4164 386 4218 et
418 4155 766 4229 simpliciter
795 4151 855 4205 in
887 4147 1044 4204 omni
1076 4146 1439 4209 tenumento,
1491 4140 1646 4213 quod
1683 4137 1795 4194 sub
1847 4153 1973 4193 meo

329 4253 418 4307 est
448 4243 716 4317 imperio,
743 4240 864 4296 sive
889 4253 1058 4294 secus
1090 4235 1230 4290 litus
1261 4235 1364 4288 aut
1415 4229 1570 4285 infra
1599 4231 1864 4317 terram,
1907 4229 1973 4280 In

330 4315 608 4398 omnibus
638 4331 794 4389 enim
825 4327 1037 4386 talibus
1076 4321 1411 4396 regionibus
1464 4317 1697 4390 imperii
1755 4315 1870 4372 mei
1919 4317 1976 4371 et

329 4425 633 4489 Romanis,
662 4422 750 4477 vel
784 4416 1077 4494 phiscales
1117 4414 1237 4470 sint
1293 4417 1394 4468 aut
1433 4406 1829 4467 ecclcsiastice
1884 4403 1973 4460 vel

330 4517 592 4590 subjects
623 4511 862 4568 secretis
893 4520 1192 4562 sacrarum
1217 4503 1499 4558 domuum
1532 4501 1634 4553 aut
1663 4495 1810 4569 ipsis
1831 4494 1975 4590 int-i-
2004 4511 2051 4576 D

331 4583 739 4678 mis'cognatis
768 4595 1001 4671 imperii
1035 4593 1170 4660 mei,
1207 4607 1308 4664 per
1338 4588 1536 4645 omnia
1585 4583 1967 4678 fellicissimis

1610 276 1871 342 [SMC]
1912 276 2195 346 ANGELI
2239 278 2404 342 1MP.

1031 417 1337 475 Provincia
1420 412 1740 485 Achrydos.
1814 409 1956 464 Pro-
1984 409 2046 486 Α,
2069 407 2143 464 ab
2174 408 2223 464 is
2251 407 2473 480 aliquid
2505 409 2579 464 ab
2608 407 2812 480 aliquo
2845 407 3412 480 requiretur.lmmo
3449 404 3654 478 quiete
3683 411 3745 462 et

3626 277 3750 335 492

2063 498 2190 552 sine
2220 497 2417 565 aliqua
2437 498 2672 552 datione
2697 496 2887 552 omnis
2943 494 3276 568 [regiones]
3326 493 3572 566 imperii
3627 495 3747 549 mei

2063 585 2424 652 transibunt,
2456 591 2512 640 et
2542 599 2649 640 nec
2679 600 2796 656 que
2824 583 2898 638 ab
2928 583 3016 639 eis
3038 583 3452 638 conducentur
3481 584 3748 636 samaria

2065 673 2152 727 vel
2185 673 2468 744 plaustra,
2507 672 2593 728 vel
2628 673 2728 742 qui
2780 673 2865 727 eis
2917 671 3262 726 servierunt
3299 670 3605 741 agogiale,
3656 685 3747 725 re-

2067 760 2374 831 quirentur
2405 761 2662 830 aliquid;
2714 776 2820 816 nec
2852 758 2959 831 qui
3016 758 3104 814 eis
3137 758 3405 829 aliquam
3477 758 3751 829 speciem

2067 849 2437 905 vendiderint.
2465 849 2552 904 vel
2585 850 2657 904 ab
2681 849 2767 904 eis
2792 848 3066 914 emerint,
3101 848 3417 919 exigentur
3446 863 3750 902 commer-

2069 938 2225 992 cium
2258 955 2359 1008 pro
2389 938 2489 993 illa
2517 937 2615 991 taii
2647 937 2872 1009 ispecie
2911 936 3000 990 vel
3044 937 3391 1008 pratikium,
3443 937 3605 1006 quod
3642 937 3752 991 de-

2070 1028 2232 1082 beret
2260 1026 2521 1098 accipere
2560 1026 2737 1082 ﬁscus
2766 1025 2853 1080 vel
2885 1030 3123 1097 praetor
3153 1023 3316 1080 illius
3360 1022 3655 1096 regionis,
3689 1024 3754 1080 in

2072 1132 2190 1185 qua
2220 1114 2284 1169 ﬁt
2323 1115 2743 1178 mercatio,nisi
2776 1113 3074 1168 Veneticis
3106 1113 3218 1170 hoc
3248 1113 3753 1184 venderetur,sed

2072 1204 2410 1259 hominibus
2441 1203 2850 1258 commertium
2897 1204 3040 1258 dare
3099 1204 3482 1259 debentibus.
3545 1203 3761 1259 Placet

2073 1293 2229 1348 enim
2263 1293 2512 1364 imperio
2539 1308 2692 1361 meo,
2729 1289 2964 1346 nullum
2996 1308 3229 1360 eorum,
3266 1292 3372 1363 qui
3402 1293 3518 1348 sub
3580 1297 3759 1365 pote-

2074 1387 2224 1437 state
2255 1381 2486 1452 imperii
2519 1381 2914 1436 Romanorum
2945 1386 3089 1435 sunt
3117 1387 3179 1436 et
3227 1397 3367 1436 cum
3431 1381 3755 1437 Veneticis

2075 1475 2434 1535 mercantur,
2486 1469 2545 1523 in
2586 1469 2868 1523 omnibus
2911 1468 3260 1539 regionibus
3299 1469 3541 1540 imperii
3602 1471 3756 1538 mei,

2076 1558 2196 1614 sive
2225 1574 2359 1613 cum
2380 1559 2466 1612 eis
2501 1557 2830 1613 vendiderit
2858 1563 2963 1612 aut
2994 1557 3140 1613 adeo
3172 1574 3311 1613 cum
3367 1557 3575 1630 aliquo
3643 1560 3761 1615 ali-

2076 1646 2217 1717 quid
2248 1645 2476 1714 emerit,
2524 1646 2665 1700 dare
2714 1645 3033 1716 quicquam
3081 1661 3186 1717 pro
3246 1647 3620 1707 commercio
3671 1649 3759 1704 vel

2078 1751 2180 1806 pro
2220 1733 2418 1806 aliqua
2472 1733 2589 1788 alia
2643 1733 2984 1800 exactione;
3015 1734 3122 1789 sed
3167 1749 3268 1789 eos
3305 1750 3440 1790 esse
3499 1735 3764 1809 liberos,

2077 1829 2382 1894 tamquam
2415 1828 2473 1878 et
2503 1822 2746 1893 ipsi,qui
2767 1823 3193 1877 commercium
3212 1823 3352 1878 dare
3383 1824 3770 1882 debentibus

2079 1915 2436 1967 mereantur.
2470 1911 2531 1966 Si
2563 1910 2695 1982 quis
2723 1926 2859 1966 vero
2890 1927 3075 1968 ausus
3105 1911 3284 1967 fuerit
3313 1911 3376 1967 in
3424 1913 3643 1988 aliquo
3665 1930 3771 1972 eos

2076 1999 2426 2071 inquietare,
2457 1999 2544 2054 vel
2577 1999 2798 2071 aliquid
2833 2000 2905 2054 ab
2937 2001 3020 2055 eis
3050 2001 3304 2070 auferre,
3363 2018 3481 2074 qua
3526 2019 3774 2077 magna

2078 2090 2167 2144 ira
2196 2089 2427 2160 imperii
2461 2087 2572 2143 mei
2604 2087 2714 2144 erit
2745 2087 3206 2156 infestandus,et
3227 2091 3384 2162 quod
3418 2092 3770 2150 auferetur.

2077 2178 2139 2233 in
2187 2176 2585 2250 quadruplum
2641 2177 3006 2234 redditurus.
3065 2178 3137 2233 Et
3186 2179 3298 2235 hec
3353 2180 3613 2250 quidem
3670 2183 3774 2252 Ide

2078 2265 2348 2322 libertate
2377 2265 2813 2322 ﬁdellissimoru
2825 2283 2880 2321 m
2896 2266 2975 2320 im
2987 2267 3146 2337 perio
3161 2283 3290 2323 meo
3306 2267 3746 2326 Veneticorum
3761 2313 3777 2343 ,

2080 2371 2257 2426 quam
2290 2355 2348 2409 in
2380 2355 2540 2410 omni
2569 2360 2910 2411 tenumento
2935 2355 3170 2428 imperii
3202 2356 3319 2412 mei
3348 2356 3702 2417 habebunt.

2152 2449 2422 2515 Insuper,
2455 2444 2732 2514 quoniam
2767 2443 3006 2515 quidem
3033 2445 3160 2514 jam
3193 2444 3336 2500 dicti
3376 2444 3562 2516 legati
3619 2465 3772 2520 pru-

2081 2532 2414 2587 dentissimi
2449 2532 2704 2597 Venetis,
2736 2532 2942 2586 Petrus
2974 2531 3223 2588 Michael
3266 2539 3324 2588 et
3379 2534 3775 2595 Octavianus

2081 2620 2381 2686 Quirinus,
2416 2619 2745 2675 retulerunt
2801 2619 3049 2691 imperio
3083 2635 3237 2687 meo,
3298 2621 3443 2693 quia
3503 2639 3580 2679 ex
3647 2642 3775 2682 non

2082 2709 2299 2780 scripto
2333 2725 2520 2780 usque
2550 2713 2608 2764 et
2633 2725 2790 2764 nunc
2819 2709 3019 2765 causis
3075 2709 3343 2766 inductis
3402 2711 3476 2768 ab
3543 2713 3769 2787 aliquo

2082 2797 2399 2854 Grecorum
2453 2801 2657 2854 contra
2715 2797 2973 2870 aliquem
3038 2797 3422 2874 ’Veneticum,
3471 2819 3510 2860 a
3566 2804 3779 2879 legato

2080 2886 2320 2942 Venetis
2351 2903 2452 2958 per
2469 2889 2738 2959 tempora
2766 2887 2826 2942 in
2857 2902 3077 2960 magna
3095 2888 3241 2946 urbe
3270 2889 3571 2962 existente
3604 2895 3780 2965 iudi-

2081 2976 2228 3032 catis
2259 2981 2317 3031 et
2343 2975 2576 3040 solutis,
2617 2976 2918 3031 interdum
2949 2977 3195 3048 quidam
3239 2977 3572 3037 Grecorum
3623 2985 3777 3058 qui-

2083 3065 2335 3120 busdam
2367 3063 2920 3136 civiliumjudicum
2965 3065 3054 3122 vel
3113 3065 3174 3121 in
3228 3067 3449 3137 palatio
3515 3070 3777 3146 imperii

2089 3154 2201 3209 mei
2231 3153 2688 3209 custodientium
2719 3154 3064 3210 accedentes
3093 3156 3495 3215 adtractiones
3519 3164 3779 3232 gravis-

2082 3240 2266 3294 simas
2297 3237 2675 3295 ﬁdellissimis
2707 3239 2958 3312 imperio
2988 3256 3120 3298 meo
3151 3242 3444 3318 [Veneticis
3467 3250 3777 3323 superin-

2085 3327 2328 3397 ducunt,
2359 3333 2416 3383 et
2444 3328 2502 3383 in
2530 3344 2823 3384 carcerem
2845 3329 3070 3386 retrudi
3100 3332 3478 3406 eosfaciunt,
3504 3340 3600 3402 et,
3632 3355 3775 3396 om-

2085 3417 2261 3472 nibus
2309 3416 2440 3472 aliis
2497 3417 2881 3483 dedecoribus
2947 3419 3185 3490 subici;
3252 3421 3562 3493 deprecati
3617 3432 3778 3485 sunt

2083 3505 2263 3578 igitur
2291 3505 2602 3578 imperium
2636 3523 2866 3584 meum”
2895 3512 2959 3564 ut
2988 3512 3046 3564 et
3092 3508 3208 3566 tals
3255 3511 3602 3584 capitulum
3663 3534 3776 3590 per

2083 3611 2323 3667 presens
2353 3595 2769 3665 chrysohulum
2793 3597 3038 3656 verbum
3058 3597 3294 3671 imperii
3317 3601 3432 3669 mei
3454 3603 3778 3676 soluatur,

2082 3689 2139 3740 et
2158 3685 2512 3762 concedatur
2538 3684 2645 3749 eis,
2678 3685 2834 3754 quod
2866 3684 3047 3741 Greco
3075 3686 3337 3762 lquidem
3383 3697 3606 3749 contra
3660 3695 3782 3764 Ve,

2083 3774 2339 3830 neticum
2373 3779 2579 3844 agente
2607 3772 2668 3828 in
2701 3774 3026 3845 peccuniali
3058 3792 3299 3850 causa,a
3331 3777 3527 3851 legato
3563 3785 3778 3856 νθηο..

2080 3863 2178 3930 tie,
2213 3864 2313 3934 qui
2345 3867 2484 3918 tunc
2514 3862 2573 3916 in
2603 3879 2818 3935 magna
2874 3863 2984 3919 erit
3033 3865 3197 3935 urbe,
3248 3866 3568 3936 judicium,
3627 3853 3792 3942 ﬁeri.

2083 3952 2336 4020 debeat;
2388 3950 2662 4006 Venetico
2701 3967 2836 4006 vero
2895 3961 3100 4020 contra
3145 3953 3398 4020 Grecum
3454 3957 3773 4024 similiter

2083 4047 2306 4111 agente,
2338 4039 2387 4096 si
2439 4041 2701 4109 quidem,
2752 4039 2855 4111 qui
2914 4046 3055 4100 tunc
3117 4043 3291 4099 fuerit
3346 4047 3777 4110 cancellarius

2081 4130 2170 4185 vis
2203 4128 2417 4202 (63),in
2450 4144 2664 4200 magna
2712 4129 2858 4185 urbe
2915 4129 3107 4198 iverit,
3155 4132 3308 4203 apud
3370 4149 3512 4191 cum
3563 4153 3779 4198 causa

2085 4219 2298 4275 moveri
2336 4217 2665 4289 etjudicari
2698 4219 2952 4274 debeat:
3013 4219 3064 4274 si
3125 4237 3259 4276 vero
3292 4222 3438 4278 forte
3499 4224 3644 4298 ipse
3707 4232 3778 4287 in

2086 4325 2296 4381 magna
2329 4310 2470 4362 urbe
2502 4324 2618 4362 non
2653 4306 2848 4376 fuerit,
2868 4313 3009 4364 tunc
3039 4311 3197 4382 apud
3241 4327 3531 4384 magnum
3584 4315 3778 4391 loga-

2084 4397 2320 4453 riastam
2352 4411 2526 4452 cause
2551 4395 2894 4464 judicentur
2926 4415 2938 4453 :
2973 4400 3228 4470 graviter
3266 4402 3496 4471 quidem
3557 4405 3777 4479 impe-

2086 4488 2235 4541 rium
2271 4502 2466 4541 meum
2497 4485 2673 4540 talem
2705 4501 2908 4541 eorum
2940 4487 3166 4559 accepit
3195 4494 3253 4543 et
3282 4490 3652 4561 peticionem
3714 4504 3786 4556 et

2081 4593 2150 4632 ex
2177 4579 2298 4632 toto
2339 4575 2410 4630 ab
2441 4573 2569 4646 ejus
2601 4573 3099 4647 complementum
3156 4593 3418 4634 annuere
3474 4582 3774 4644 nolebat.

331 4661 896 4756 sev—astolcratorihus
927 4661 984 4740 et
1022 4661 1356 4744 Cesaribus,
1387 4676 1533 4748 ipsis
1562 4673 1786 4730 dilectis
1818 4670 1969 4728 filia-
2075 4665 2184 4722 Sed
2217 4663 2495 4756 quoniam
2544 4661 2730 4719 multa
2768 4663 3076 4756 Aiiustencia
3133 4667 3517 4737 predeclarati
3567 4671 3779 4747 Ιθεαιί

329 4787 442 4842 bus
472 4778 703 4853 imperii
741 4777 877 4841 mei,
910 4789 1012 4828 nec
1041 4787 1156 4826 non
1187 4773 1244 4825 et
1274 4765 1386 4838 ipsi
1418 4780 1544 4820 mes
1591 4761 1973 4853 dilectissime

330 4849 754 4941 Auguste,sine
775 4859 1196 4933 impedimento
1228 4863 1398 4912 erunt
1427 4854 1776 4941 marcentes,
1829 4856 1884 4904 et
1912 4849 1972 4941 in

331 4937 461 5035 ipsa
492 4937 666 5015 etiam
700 4954 934 5010 urbium
968 4947 1171 5021 regina
1213 4943 1435 5000 nullam
1493 4939 1848 4997 mollsstiam
1901 4937 1971 4994 ab

330 5033 525 5120 alique
555 5044 934 5109 sustinentes,
967 5053 1072 5093 nec
1103 5034 1278 5091 etiam
1310 5049 1377 5087 ex
1421 5033 1542 5086 toto
1570 5045 1757 5120 usque
1789 5043 1974 5120 unum

327 5117 562 5198 obs—lum
595 5126 1058 5208 procommercio
1081 5123 1169 5180 vel
1205 5120 1471 5195 passagio
1500 5118 1586 5174 vel
1605 5117 1975 5173 samariatico

323 5231 412 5288 vel
479 5205 774 5284 scaliatico
825 5219 914 5278 vel
959 5215 1284 5289 portuatico
1332 5211 1420 5268 vel
1470 5226 1572 5281 pro
1601 5208 1797 5280 aliquo
1862 5205 1974 5264 alio

323 5319 578 5392 capitulo
609 5311 897 5386 requisiti:
931 5307 1172 5362 eandem
1205 5303 1382 5392 etiam
1416 5299 1744 5392 libertatem
1799 5297 1976 5392 habe-

323 5385 476 5466 bunt
504 5409 560 5464 ct
589 5403 660 5462 ah
693 5385 776 5458 eis
808 5398 1098 5455 conducta
1122 5390 1378 5450 samaria
1410 5393 1466 5445 et
1495 5385 1844 5460 plaustra,et
1871 5399 1977 5442 nec

2080 4756 2151 4810 ad
2186 4753 2497 4825 imperium
2530 4769 2729 4808 meum
2761 4754 3055 4824 fecerunt,
3100 4759 3155 4810 et
3204 4772 3277 4812 ne
3332 4756 3468 4814 talis
3529 4776 3771 4822 eorum

2080 4843 2409 4917 deprecatio
2441 4859 2557 4898 non
2580 4842 2977 4910 exaudiretur,
3010 4844 3243 4917 magnis
3281 4846 3561 4916 precibus
3592 4868 3771 4927 sup-

2081 4934 2535 5005 plicaverunt,ut
2564 4931 2672 4986 hoc
2693 4933 2817 4987 solo
2838 4931 3098 5003 capitulo
3128 4949 3401 5006 separare
3426 4936 3771 5000 Venetiam

2083 5043 2117 5081 a
2149 5021 2431 5079 Romanis.
2458 5019 2706 5085 valente,
2732 5021 3048 5093 imperium
3082 5039 3276 5080 meum
3322 5042 3535 5097 puram
3561 5029 3771 5089 (idem

2084 5119 2142 5170 et
2179 5114 2390 5168 bonam
2433 5109 2629 5165 circha
2674 5099 3018 5166 Romaniam
3077 5111 3316 5170 Venetis
3375 5115 3774 5178 voluntatem

2087 5219 2199 5258 non
2222 5199 2784 5272 ignorans,insuper
2820 5203 2877 5254 et
2907 5200 3440 5272 predeclaratorum
3487 5207 3778 5276 pruden-

2083 5292 2450 5360 tissimorqm
2483 5288 2720 5343 Venetis
2752 5287 3096 5360 legatorum,
3130 5290 3282 5345 Petri
3322 5292 3626 5351 Michaelis
3699 5302 3769 5356 et

2086 5379 2384 5439 Octaviani
2449 5377 2697 5449 Quirini,
2757 5379 3276 5450 magneinstantie
3331 5399 3400 5439 ac
3437 5384 3767 5456 supplica-

400 5619 509 5688 (63)
542 5612 856 5685 Logotheta
897 5606 1089 5668 deomi
1141 5601 1389 5662 indicari
1446 5599 1693 5656 videtur.
1747 5596 1905 5653 Infra
1933 5617 1962 5647 «
1994 5593 2097 5651 Vie
2127 5591 2444 5664 logotheta.
2482 5612 2505 5641 ι
