4028 6202
259 312 359 371 493

1330 298 1719 363 NOVELLE
1759 293 2455 361 CONSTITUTIONES.

3482 306 3605 369 491

256 439 374 497 tioni
395 437 667 505 inﬂexum,
718 435 963 508 precipit
982 437 1132 509 [per]
1153 449 1394 508 presens
1425 428 1843 505 chrysobulum
1873 427 1931 492 Α
1957 426 2114 484 tione
2143 429 2297 486 inter
2319 432 2569 488 Grecum
2600 436 2656 489 et
2683 433 3026 491 Veneticum
3056 435 3339 493 existente
3370 450 3609 495 movea-

248 530 472 593 verhum,
504 525 644 595 quod
676 530 853 580 Greco
886 526 1122 597 quidem
1154 528 1359 580 contra
1405 520 1749 578 Veneticum
1782 519 1842 574 in

246 614 566 691 peccuniaria
585 630 760 669 causa
773 613 1366 687 agente,legatus,qui
1382 629 1483 683 per
1503 618 1767 682 tempore
1785 607 1844 661 in

244 721 422 775 magna
456 704 588 757 urbe
617 703 745 767 erit,
780 702 897 758 tale
939 702 1235 773 judicium
1288 707 1729 774 perscrutetur;
1789 700 1845 753 et

241 794 421 863 scripto
443 790 665 863 quidem
687 790 1088 847 demonstrato
1106 810 1139 847 a
1160 792 1355 847 Graeco
1378 788 1660 845 tavulario
1684 804 1841 843 com-

238 882 414 953 posito,
437 879 741 935 certiﬁcato
765 880 942 936 etiam
957 882 1028 936 ab
1053 879 1525 951 aliquojudicum
1550 878 1657 933 veli
1674 882 1730 933 et
1746 877 1843 947 cpi

237 976 285 1025 tu
305 968 624 1040 yppodromi
655 968 740 1023 vel
778 969 1122 1025 semiomate
1154 968 1405 1040 alicujus
1440 968 1837 1039 predictorum

227 1059 479 1129 judicum,
512 1061 609 1112 aut
639 1063 695 1113 et
724 1057 795 1113 ab
827 1057 1023 1129 aliquo
1054 1058 1393 1131 pontiﬁcum
1420 1056 1506 1113 vel
1541 1058 1612 1111 ab
1644 1056 1839 1127 aliquo

233 1146 474 1202 tavulario
516 1146 600 1201 vel
657 1147 870 1217 judice,
931 1165 1033 1218 per
1088 1164 1261 1218 quem
1320 1147 1473 1218 apud
1526 1146 1840 1201 Veneticos

230 1236 440 1309 dignum
471 1236 581 1291 fide
612 1235 919 1306 habeatur,
955 1238 1281 1293 secundum
1311 1235 1653 1306 hujusmodi
1694 1234 1837 1290 scri-

228 1328 292 1399 pti
306 1326 866 1397 comprehensionem
880 1327 1233 1383 decisionem
1248 1343 1422 1383 cause
1436 1344 1501 1382 su
1513 1323 1835 1397 perinduci.

224 1418 296 1469 Sic
324 1415 484 1469 etiam
517 1415 673 1485 quod
708 1432 811 1486 per
868 1416 1300 1487 qualecumque
1349 1423 1578 1487 tempus
1610 1432 1643 1471 a
1669 1416 1835 1472 nobi-

222 1503 417 1559 lissimo
440 1502 489 1557 ei
525 1503 771 1574 imperio
804 1520 930 1560 meo
962 1504 1306 1561 fidelissimo
1340 1510 1735 1576 protosevasto
1779 1509 1837 1561 et

220 1594 341 1647 duce
367 1591 595 1646 Venetie
627 1593 701 1647 ad
736 1609 1009 1665 magnam
1043 1594 1245 1649 urbem
1280 1595 1547 1649 mittetur
1583 1593 1832 1665 legatus,

218 1680 364 1753 etqui
384 1680 490 1735 sub
511 1680 847 1751 eojudices,
874 1682 1076 1738 statim
1100 1687 1232 1755 post
1252 1683 1311 1738 in
1337 1699 1608 1753 magnam
1626 1683 1830 1738 urbem

1956 519 2055 570 tur
2083 534 2280 587 causa,
2336 537 2548 594 magna
2599 522 2836 594 quidem
2889 524 3174 580 existente
3219 524 3506 582 seditione
3547 530 3609 583 et

1955 606 2025 660 ad
2058 607 2494 667 multitudinem
2521 612 2769 668 deventa
2799 618 2855 668 et
2888 614 2957 667 ad
3018 614 3404 670 homicidium
3458 615 3607 674 forte

1952 698 2323 766 perveniente
2353 707 2454 756 aut
2486 717 2731 773 magnas
2762 702 2986 773 plagas,
3020 707 3162 759 tunc
3219 704 3602 763 cancellarius

1953 784 2060 854 vie,
2094 785 2175 841 vel
2212 804 2276 842 eo
2310 806 2343 843 a
2375 806 2586 861 magna
2636 791 2778 845 urbe
2838 793 3100 861 absente,
3164 801 3303 849 tunc
3360 811 3598 866 presens

1952 874 2062 944 (64)
2101 876 2155 929 in
2219 876 2432 947 palatio
2489 878 2946 935 Vlachernarum
3007 883 3478 953 primiceriorum
3538 888 3597 940 et

1949 964 2374 1021 strattiotarum
2396 966 2737 1037 hujusmodi
2760 972 3220 1041 pcrscrutabitur
3240 989 3501 1042 causam,
3535 977 3593 1029 et

1954 1058 2013 1104 ut
2046 1052 2115 1106 ab
2147 1070 2211 1108 eo
2243 1061 2646 1125 cognoscetur,
2682 1057 2865 1113 solvet
2902 1066 2959 1114 et
3011 1060 3356 1128 ulciscetur;
3407 1078 3585 1133 parva

1948 1155 2082 1195 vero
2112 1146 2169 1196 et
2200 1145 2271 1196 ad
2305 1160 2485 1198 unum
2518 1145 2605 1200 vel
2638 1147 2707 1200 ad
2741 1146 2889 1202 duos
2943 1148 3210 1217 deducta,
3261 1150 3309 1204 si
3354 1151 3589 1221 quidem

1945 1228 2287 1287 vulneratus
2313 1232 2540 1303 plagam
2574 1236 2925 1291 mediocrem
2972 1237 3272 1293 sustinens
3302 1243 3404 1294 aut
3433 1240 3588 1311 inju-

1948 1317 2095 1373 riam
2127 1318 2435 1377 Veneticus
2468 1324 2837 1395 fuerit,apud
2870 1329 3011 1380 tunc
3033 1326 3446 1383 cancellarium
3480 1330 3588 1399 vie,

1944 1405 2033 1462 vel
2066 1423 2131 1462 eo
2164 1425 2196 1463 a
2228 1426 2441 1482 magna
2473 1413 2614 1468 urbe
2645 1413 2913 1481 absente,
2954 1415 3108 1485 apud
3141 1420 3278 1470 tunc
3309 1432 3592 1489 magnum

1944 1493 2319 1566 logariastam
2354 1500 2674 1570 querellam
2694 1510 2999 1574 proponat,
3022 1509 3077 1559 et
3090 1505 3416 1561 secundum
3440 1507 3591 1579 leges

1941 1582 2259 1641 vindictam
2290 1586 2549 1645 habebit.
2584 1591 2641 1645 Si
2691 1608 2826 1646 vero
2886 1592 3105 1648 Grecus
3162 1594 3337 1650 fuerit
3391 1595 3590 1667 ydiota

1943 1670 2199 1742 quidem,
2233 1678 2289 1729 et
2320 1693 2433 1731 non
2467 1694 2533 1731 ex
2563 1684 2805 1733 senatus
2837 1679 3103 1736 consulto
3137 1685 3239 1736 aut
3268 1682 3339 1738 de
3370 1682 3585 1740 clario-

219 1785 392 1825 θοι-Παλ
440 1768 750 1824 introitum
806 1771 1036 1826 ostendi
1095 1771 1346 1826 debeant
1401 1771 1472 1841 ei,
1533 1769 1634 1842 qui
1692 1776 1907 1859 tuncB
1940 1759 2102 1816 ribus
2150 1762 2492 1821 hominibus
2550 1769 2710 1822 curie
3059 1771 3174 1826 mei
3230 1771 3580 1844 CODBiStGDB,

216 1860 307 1913 erit
332 1858 412 1912 vie
443 1857 853 1929 cancellarius,
886 1863 989 1915 aut
1018 1860 1066 1915 si
1098 1859 1226 1931 ipse
1257 1864 1397 1915 tunc
1445 1858 1830 1916 cancellarius

217 1951 334 2002 tunc
361 1946 415 2000 in
456 1945 963 2018 Constantinopoli
1011 1965 1125 2003 non
1174 1948 1371 2015 fuerit,
1418 1949 1491 2017 ei,
1539 1948 1641 2018 qui
1688 1954 1830 2004 tunc

213 2035 303 2089 erit
329 2051 571 2107 magnus
602 2036 957 2109 logariasta;
991 2041 1047 2093 et
1078 2038 1148 2091 ab
1181 2053 1247 2093 eo
1295 2038 1505 2093 debeat
1551 2038 1703 2093 mitti
1755 2038 1828 2093 ad

209 2123 478 2180 ecclesiam
510 2124 921 2181 Veneticorum
950 2142 1055 2197 per
1086 2142 1367 2198 magnum
1426 2126 1827 2199 interpretem,

204 2212 282 2267 vel
311 2213 355 2267 si
388 2212 495 2285 ipsi
530 2230 649 2268 non
700 2214 896 2282 fuerit,
955 2231 1058 2286 per
1113 2215 1369 2286 aliquem
1427 2216 1587 2271 curie
1644 2215 1827 2271 alium

208 2301 572 2374 interpretem,
610 2306 668 2357 et
697 2318 799 2373 per
828 2319 1011 2357 unum
1062 2319 1285 2371 eorum,
1334 2304 1433 2376 qui
1484 2304 1828 2361 caneellarie

204 2391 413 2462 scriptis
446 2391 811 2459 deserviunt,
848 2397 952 2446 aut
1008 2409 1112 2463 per
1170 2409 1354 2447 unum
1410 2394 1825 2449 secreticorum

203 2479 370 2550 magni
399 2478 775 2552 logariastae,
804 2480 854 2535 si
888 2480 1019 2536 talis
1040 2482 1401 2553 gramaticus
1422 2487 1559 2538 tunc
1583 2499 1825 2554 presens

200 2584 296 2622 non
325 2569 493 2624 fuerit
521 2586 535 2636 ;
568 2574 632 2623 et
664 2569 720 2623 in
758 2569 948 2624 medio
976 2570 1163 2641 ipsius
1197 2570 1604 2630 Veneticorum
1633 2572 1821 2628 eccle-

198 2658 268 2712 sie
291 2658 344 2711 in
374 2657 741 2712 audientiam
776 2659 966 2714 tocius
998 2658 1385 2731 plenitudinis
1410 2660 1822 2717 Veneticorum

193 2751 311 2802 tunc
332 2747 384 2801 in
403 2746 913 2819 Constantinopoli
937 2748 1312 2804 existentium
1336 2750 1820 2821 debeantjurare,

194 2836 323 2907 quod
352 2840 503 2890 recte
526 2841 586 2891 et
606 2838 770 2905 juste
789 2842 847 2891 et
868 2837 998 2892 sine
1040 2838 1413 2909 susceptione
1434 2856 1818 2910 personarum

191 2925 264 2979 vel
291 2924 530 2996 alicujus
564 2924 707 2980 doni
738 2926 857 2980 dati
890 2926 974 2980 vel
995 2927 1648 3000 promissijuditia,que
1670 2930 1821 2985 inter

194 3014 377 3069 Grecos
420 3020 654 3069 actores
702 3018 759 3069 et
804 3013 1111 3071 Veneticos
1160 3033 1289 3072 reos
1337 3023 1529 3082 erunt,
1585 3018 1817 3087 facient,

192 3120 279 3158 nec
297 3103 524 3174 aliquod
551 3102 917 3173 adjutorium
942 3103 1227 3160 Veneticis
1249 3106 1640 3174 tribuent,sed
1669 3122 1819 3180 equa

191 3190 332 3247 lance
352 3192 665 3264 utriusque
688 3208 929 3249 causam
951 3196 1070 3247 tam
1093 3193 1257 3248 Greci
1291 3211 1468 3265 quam
1491 3198 1547 3249 et
1571 3195 1819 3252 Venetici

189 3281 498 3338 discernent
524 3285 592 3337 et
613 3280 1003 3351 judicabant:
1043 3282 1309 3338 Venetico
1342 3300 1438 3339 reo
1468 3284 1686 3339 donare
1716 3287 1817 3340 de-

187 3370 335 3427 bente
375 3370 559 3428 Greco
593 3373 787 3425 actore
817 3370 1153 3442 calumpnie
1201 3376 1664 3438 sacramentum,
1689 3373 1816 3445 ipso

184 3459 432 3517 Venetico
454 3458 587 3516 solo
601 3458 804 3529 jurare
827 3458 1074 3515 debente
1095 3460 1410 3516 decisionis
1428 3477 1603 3517 cause
1621 3479 1817 3519 sacra-

185 3554 449 3618 mentum,
478 3549 593 3614 ita,
629 3547 786 3620 quod
819 3546 1047 3619 integre
1079 3548 1393 3605 decisionis
1425 3566 1599 3607 cause
1623 3567 1815 3607 sacra-

181 3643 418 3695 mentum
441 3638 764 3694 Veneticus
778 3636 959 3694 Greco
984 3637 1173 3709 possit
1194 3638 1819 3711 referre,sivult,prout

180 3733 228 3782 et
252 3729 317 3784 de
343 3728 452 3784 hoc
486 3726 937 3799 prudentissimi
969 3724 1142 3797 legati
1177 3727 1588 3784 Veneticorum
1616 3745 1813 3785 meum

179 3815 447 3889 deprecati
480 3819 629 3872 sunt
658 3813 996 3887 imperium.
1043 3816 1114 3871 Et
1160 3817 1267 3871 hec
1316 3818 1580 3889 quidem,
1634 3818 1813 3874 Greco

177 3910 357 3963 contra
383 3904 735 3963 Veneticum
766 3907 993 3977 agente.
1026 3905 1084 3959 Si
1134 3922 1267 3961 vero
1312 3905 1629 3963 Veneticus
1672 3924 1814 3964 con-

179 3999 258 4051 tra
276 3995 522 4052 Grecum
545 3995 753 4066 egerit,
777 3994 933 4066 apud
957 3999 1099 4049 tunc
1126 3993 1541 4051 cancellarium
1565 3996 1674 4065 vie,
1721 3996 1815 4053 vel

180 4099 285 4141 eoa
313 4102 532 4159 magna
565 4084 709 4139 urbe
740 4083 1002 4149 absente,
1036 4083 1190 4154 apud
1225 4099 1507 4155 magnum
1562 4084 1814 4157 logaria-

180 4180 311 4231 stam
344 4172 669 4247 querellam
700 4172 909 4227 debeat
940 4186 1282 4242 proponere,
1314 4178 1370 4228 et
1417 4173 1635 4247 scripto
1685 4175 1815 4247 qui-

178 4264 293 4320 dem
316 4264 426 4319 fide
454 4262 637 4333 digno
663 4258 946 4316 existente
977 4260 1158 4316 actori
1188 4260 1483 4331 Venetico,
1546 4264 1816 4335 quamvis

179 4369 209 4407 a
225 4352 392 4408 Greco
414 4348 705 4407 tavulario
727 4348 1043 4419 autjudice
1066 4349 1179 4406 veli
1200 4354 1258 4405 et
1274 4352 1813 4424 epituyppodromi,

177 4447 323 4497 aute
355 4439 636 4513 pontifice
662 4436 749 4493 vel
797 4437 1071 4494 Venetico
1129 4439 1419 4496 tabulario
1475 4441 1562 4496 vel
1612 4441 1815 4511 judice

1941 1851 2097 1921 apud
2128 1851 2389 1925 legatum
2422 1855 2833 1913 Veneticorum
2863 1862 2919 1914 et
2966 1859 3075 1914 sub
3126 1876 3191 1916 eo
3230 1862 3465 1931 judices
3508 1865 3579 1920 de

1936 1937 2156 2010 injuria
2185 1947 2242 1997 et
2270 1944 2551 2000 dedecore
2581 1947 2899 2002 movebunt
2929 1963 3193 2020 causam,
3226 1955 3281 2005 et
3328 1950 3402 2005 ab
3452 1952 3582 2009 istis

1938 2029 2221 2101 suscipiet
2275 2032 2618 2089 vindictam.
2668 2035 2987 2109 Diligenter
3043 2038 3199 2094 enim
3264 2039 3580 2112 imperium

1938 2134 2135 2174 meum
2169 2122 2427 2190 confidit,
2463 2126 2616 2194 quod
2679 2142 2857 2197 super
2910 2125 3256 2197 hujusmodi
3309 2130 3584 2201 capitulis

1938 2214 2305 2265 sacramenta
2354 2228 2456 2283 pro
2498 2213 2744 2283 justicia
2800 2214 3245 2271 intervenientia
3298 2218 3581 2289 Venetici,

1937 2296 2153 2366 quibus
2176 2298 2469 2367 judicium
2500 2306 2590 2358 est
2619 2303 3027 2371 commissum,
3061 2322 3177 2360 non
3232 2306 3583 2379 despiciant,

1936 2385 2117 2442 immo
2148 2388 2419 2444 similiter
2448 2395 2504 2445 et
2532 2391 2589 2445 in
2634 2392 2975 2463 hujusmodi
3029 2395 3223 2450 causis
3273 2396 3580 2467 justiciam

1934 2476 2285 2545 custodient,
2320 2481 2819 2550 quemadmodum
2852 2486 2907 2537 et
2962 2482 3021 2537 in
3070 2484 3478 2555 peccuniariis,
3524 2492 3580 2543 et

1934 2576 2049 2616 non
2083 2567 2311 2619 tantum
2348 2565 2621 2622 honorem
2652 2568 2742 2623 vel
2775 2570 3030 2626 dedecus
3078 2570 3198 2626 sive
3246 2574 3575 2644 proficuum

1930 2650 2017 2703 vel
2059 2652 2379 2724 dampnum
2441 2658 2854 2714 Veneticorum
2916 2660 3227 2729 curabunt,
3287 2666 3572 2733 quantum

1932 2755 2131 2795 eorum
2165 2751 2557 2814 sacramenta,
2589 2763 2701 2818 que
2730 2748 2801 2803 ob
2834 2748 2917 2804 eis
2976 2766 3077 2820 pro
3118 2750 3359 2820 justicia
3410 2752 3572 2824 ﬁent,

1930 2829 1990 2884 in
2022 2832 2294 2888 omnibus
2324 2834 2472 2891 bene
2498 2837 2793 2892 custodire
2824 2846 2879 2892 et
2907 2838 3230 2896 observare.
3263 2840 3346 2896 Ne
3374 2845 3573 2898 autem

1928 2916 2105 2991 longa
2134 2928 2417 2992 sequatur
2448 2941 2609 2980 moro
2638 2925 2696 2980 in
2738 2926 2983 2996 judiciis
3043 2929 3195 2983 inter
3250 2930 3461 2987 Grecos
3518 2936 3578 2987 et

1928 3007 2237 3066 Veneticos
2261 3012 2496 3083 futuris,
2522 3030 2626 3069 nec
2644 3013 2822 3069 libelli
2850 3016 2977 3072 dies
3002 3032 3107 3072 nec
3126 3017 3575 3076 interdictorum

1932 3113 2120 3170 usque
2154 3100 2210 3154 in
2236 3100 2438 3172 viginti
2492 3104 2577 3159 vel
2638 3104 2900 3176 triginta,
2958 3110 3130 3178 prout
3185 3108 3578 3165 communiter

1933 3188 2258 3244 secundum
2282 3190 2439 3261 leges
2472 3196 2724 3262 tenetur,
2759 3195 3175 3250 cunnumerari
3205 3212 3332 3252 meo
3390 3199 3579 3268 placet

1929 3276 2197 3347 imperio,
2219 3280 2319 3334 sed
2345 3282 2671 3335 secundum
2698 3299 2904 3337 novam
2924 3285 3401 3341 constitutionem
3429 3302 3577 3341 sem-

1927 3364 2152 3435 piterne
2210 3370 2487 3424 memorie
2544 3370 2919 3440 imperatoris
2976 3377 3032 3427 et
3089 3371 3289 3428 dilecti
3378 3375 3573 3444 patrui

1927 3453 2159 3524 imperii
2192 3457 2327 3521 mei;
2390 3458 2613 3513 domini
2675 3458 2964 3515 Manuelis
3016 3461 3298 3516 Comnani
3358 3464 3569 3519 factam

1925 3541 1997 3598 de
2027 3543 2285 3614 judiciis,
2317 3562 2428 3617 que
2456 3545 2611 3603 inter
2639 3550 2943 3604 extraneos
2973 3552 3029 3604 et
3060 3548 3370 3622 indigenas
3415 3552 3569 3609 cives

1926 3641 2367 3691 conversantur.

1996 3724 2244 3795 Insuper
2271 3732 2329 3781 et
2358 3725 2533 3782 aliam
2567 3726 2916 3799 peticionem
2966 3729 3164 3799 sepius
3212 3729 3567 3787 declaratam

1924 3814 2359 3886 prudentissimi
2398 3814 2573 3887 legati
2606 3817 2672 3871 ad
2714 3832 2909 3872 meum
2943 3817 3205 3874 fecerunt
3252 3819 3567 3892 imperium

1917 3903 2313 3976 justissimam
2339 3910 2396 3961 et
2419 3922 2546 3962 meo
2569 3907 2983 3979 acceptabilem
3003 3907 3571 3980 imperio.Petierunt

1924 3994 2106 4059 enim,
2136 3996 2201 4049 ut
2230 3994 2501 4050 Venetico
2534 3994 2593 4050 in
2626 3995 2824 4067 aliqua
2882 3996 3118 4069 regione
3168 3997 3398 4071 imperii
3453 4000 3569 4056 mei

1924 4082 2211 4138 moriente
2242 4082 2467 4138 nullam
2500 4084 2749 4155 praetori
2784 4090 2935 4141 terre
2979 4086 3051 4141 ad
3103 4087 3257 4143 bona
3307 4088 3567 4145 defuncti

1923 4171 2179 4227 Venetici
2205 4172 2326 4243 peri
2350 4173 2766 4242 accessionem,
2790 4174 2974 4229 immo
3015 4177 3339 4232 secundum
3389 4176 3570 4250 placi-

1924 4263 2049 4315 tum
2079 4260 2282 4315 Veneti
2316 4261 2575 4317 defuncti
2606 4263 2734 4333 ejus
2764 4263 3183 4334 pispensentur
3227 4283 3321 4322 res
3378 4267 3465 4323 vel
3497 4268 3569 4323 ab

1923 4349 2053 4420 ejus
2083 4349 2217 4403 ﬁdei
2251 4350 2695 4421 commissariis,
2728 4350 2779 4407 si
2827 4352 3265 4409 testamentorie
3289 4355 3576 4426 contingit

1923 4455 2057 4495 eum
2087 4439 2417 4506 obiisse,vel
2441 4440 2511 4496 ab
2538 4440 2651 4495 hiis
2673 4440 2771 4511 qui
2798 4442 3191 4511 reperirentur
3208 4446 3348 4497 tunc
3365 4443 3443 4499 ibi
3468 4447 3572 4498 Ve-

179 4528 248 4583 sit
274 4526 688 4599 compositum,
731 4527 1056 4583 secundum
1088 4528 1198 4583 hoc
1232 4528 1435 4599 utique
1467 4545 1647 4586 causa
1671 4531 1821 4587 deci.
1852 4524 1898 4590 D
1930 4525 2899 4599 neticis.Annuitigiturimperium
2921 4545 3117 4584 meum
3143 4533 3200 4584 et
3236 4529 3338 4584 tali
3368 4546 3571 4585 eorum

179 4616 349 4672 detur.
374 4617 608 4687 Scripto
633 4631 764 4671 vero
788 4615 969 4671 actori
1004 4633 1117 4672 non
1153 4617 1459 4688 existente,
1492 4620 1819 4676 secundum

180 4704 365 4777 ipsum
393 4709 495 4778 jus
526 4708 583 4761 et
612 4708 773 4760 actor
802 4704 1110 4761 Veneticus
1132 4706 1523 4777 judicabitur,
1556 4712 1611 4764 et
1640 4708 1821 4767 dona-

182 4794 332 4851 bitur
359 4794 601 4867 quidem
634 4799 691 4848 et
719 4798 923 4849 contra
952 4795 1022 4849 ab
1054 4811 1121 4849 eo
1154 4796 1334 4851 Greco
1364 4796 1701 4868 calumpnie
1722 4816 1821 4855 sa-

182 4890 563 4940 cramentum.
614 4882 920 4938 Jurabitur
976 4887 1172 4939 autem
1223 4889 1279 4939 et
1327 4886 1399 4940 ab
1458 4885 1584 4957 ipso
1643 4888 1821 4943 Greco

184 4971 370 5043 ipsum
404 4971 722 5029 decisionis
778 4988 953 5027 cause
1009 4977 1447 5031 sacramentum
1505 4974 1605 5044 ita,
1666 4978 1821 5048 quod

185 5059 451 5117 Venetico
480 5060 671 5133 possit
727 5060 942 5115 referre
1001 5077 1031 5116 e
1086 5067 1311 5117 contra.
1370 5063 1439 5118 Et
1498 5066 1822 5121 secundum

188 5154 506 5220 presentem
539 5149 790 5205 formam
819 5152 1106 5220 presentis
1136 5150 1337 5223 scripti
1370 5152 1551 5223 huius
1592 5154 1828 5225 chryso-

187 5237 297 5293 boli
350 5239 585 5310 imperii
642 5237 777 5307 mei,
834 5254 903 5293 ex
961 5256 1117 5294 nunc
1175 5244 1231 5295 et
1286 5240 1561 5313 deinceps
1612 5243 1832 5312 juditia

196 5326 555 5398 peccuniaria
579 5327 733 5382 inter
754 5328 1063 5383 Veneticos
1087 5332 1145 5384 et
1176 5329 1389 5387 Grecos
1422 5331 1788 5388 decidantur.

254 5419 520 5474 Preterea
548 5416 816 5489 quidem,
845 5416 897 5474 si
945 5418 1018 5474 de
1066 5417 1353 5475 seditione
1402 5419 1489 5475 vel
1548 5435 1835 5492 repugna-

268 5630 385 5704 (64)
410 5632 572 5692 Forte
598 5648 819 5707 praes.

1931 4615 2230 4688 peticioni,
2263 4624 2315 4671 et
2346 4633 2448 4687 per
2477 4633 2718 4688 presens
2750 4617 3035 4687 scriptum
3073 4634 3215 4673 auro
3274 4618 3571 4688 signatum

1931 4703 2348 4775 chrysohulum
2373 4706 2798 4775 verbumjubet
2822 4721 2833 4760 :
2860 4704 3003 4760 nulli
3028 4706 3085 4760 in
3136 4708 3258 4760 tota
3291 4706 3574 4762 Romania

1931 4791 2167 4863 aliquod
2202 4793 2527 4847 dominium
2560 4794 2867 4860 exercenti,
2898 4793 3017 4849 sive
3050 4798 3281 4866 praeter
3336 4796 3573 4863 provin-

1928 4880 2008 4935 tie
2039 4880 2137 4949 sit,
2169 4880 2289 4935 sive
2316 4879 2543 4937 villicus
2576 4881 2902 4951 personalis
2940 4882 3026 4937 vel
3086 4883 3424 4941 monasterii
3473 4888 3576 4941 aut

1932 4969 2197 5041 ipsorum
2238 4968 2581 5025 intimorum
2613 4980 2996 5041 cognatorum
3058 4971 3288 5043 imperii
3337 4974 3474 5046 mei,
3523 4978 3581 5029 et

1935 5057 2198 5128 ipsorum
2231 5057 2408 5112 etiam
2444 5057 2916 5114 felicissimorum
2948 5064 3476 5118 sevastocratorum
3524 5065 3584 5117 et

1937 5147 2217 5203 Cesarum
2242 5145 2329 5201 vel
2355 5147 2703 5202 dilectorum
2734 5147 3050 5203 liberorum
3083 5148 3311 5220 imperii
3346 5150 3457 5205 mei
3484 5154 3586 5205 aut

1939 5235 2129 5307 ipsius
2150 5234 2531 5291 dilectissime
2556 5251 2680 5291 mee
2713 5239 2993 5308 Auguste,
3040 5237 3212 5293 licere
3244 5238 3364 5294 ullo
3413 5238 3585 5295 modo

1940 5327 2003 5382 in
2031 5325 2440 5384 Veneticorum
2467 5328 2874 5385 defunctorum
2905 5344 2998 5384 res
3028 5343 3241 5384 manus
3269 5327 3588 5396 inmittere,

1944 5419 2002 5473 et
2031 5416 2251 5489 aliquid
2283 5435 2351 5474 ex
2382 5418 2465 5475 eis
2496 5434 2681 5491 usque
2714 5420 2784 5475 ad
2817 5434 3001 5475 unum
3035 5416 3270 5474 obolum
3306 5418 3588 5490 accipere,
