4028 6202
353 278 474 337 ιθδ
1589 274 1987 336 meorum!
2029 272 2525 336 PRESBYTER!
3115 237 3118 242 ’
3616 281 3724 342 496

355 411 458 468 sed
490 409 709 466 intacta
739 409 979 464 omnino
1008 406 1305 463 custodire
1332 410 1454 461 tam
1487 423 1520 461 a
1551 423 1729 462 manu
1761 405 1997 461 dimosii
2028 410 2083 476 Α
2112 409 2170 462 et
2221 406 2481 462 Venetici
2541 407 2613 460 ad
2673 405 2986 478 imperium
3035 421 3236 462 meum
3292 412 3350 463 et
3403 409 3727 469 Romaniam

356 516 538 574 quam
571 517 605 555 a
637 515 814 554 manu
849 511 1231 570 personarum
1262 498 1319 550 et
1349 496 1866 562 monasteriorum,
1899 512 2001 566 po-
2117 495 2292 550 ﬁdem
2323 494 2650 550 secundum
2696 511 2786 558 ea.
2833 512 2949 567 que
2989 495 3062 551 ab
3109 494 3194 551 eis
3243 501 3411 568 pacta
3454 503 3509 554 et
3555 501 3732 570 jurata

353 589 552 645 testati
583 588 844 643 defuncti
877 587 965 641 vel
999 589 1452 657 procuratorum
1485 584 1614 654 ejus
1646 583 1768 639 sive
1799 586 1869 639 ab
1914 583 2002 637 in-
2111 587 2252 638 sunt
2274 586 2333 638 et
2361 583 2419 636 in
2477 583 2933 654 supraordinato
2997 584 3219 656 scripto
3276 585 3732 656 prudentissimo-

354 682 570 734 testato
604 675 886 732 heredum
918 673 1227 730 custodita.
1281 671 1440 727 Scire
1485 676 1680 726 autem
1736 676 2000 744 oportet:
2112 687 2244 726 rum
2275 671 2602 742 legatorum
2639 672 2958 742 declarata,
2989 671 3302 728 immutata
3329 678 3385 728 et
3426 673 3735 748 incorrupta

356 764 478 834 ille,
511 763 609 834 qui
649 779 829 818 ausus
887 761 1061 816 fuerit
1112 764 1316 817 contra
1374 776 1614 831 presens
1669 764 2003 832 preceptum
2114 759 2520 813 custodierint.
2557 760 2641 813 Ad
2666 761 2775 814 hoc
2797 760 2955 815 enim
2983 766 3041 815 et
3062 776 3305 831 presens
3342 760 3732 833 cbrysobulum

361 853 596 925 imperii
630 851 743 907 mei
777 853 983 916 facere,
1026 850 1182 920 quod
1240 850 1299 903 in
1356 849 1748 920 quadruplum
1805 848 2009 904 reddet
2112 847 2354 902 verbum
2413 847 2643 918 imperii
2706 848 2820 902 mei
2875 847 3241 903 ﬁdelissimis
3324 848 3560 921 imperio
3623 868 3733 908 meo

364 944 647 1009 ablatum,
679 946 735 997 et
766 958 867 1012 per
894 944 1321 1012 competentem
1355 941 1634 1011 punietur
1687 938 2006 1010 correptio-
2114 937 2401 993 traditum
2433 942 2522 994 est
2549 937 2861 1008 Veneticis,
2889 939 3126 994 ﬁrmum
3149 944 3207 994 et
3230 937 3564 994 inviolatum
3578 939 3734 998 babe-

365 1048 521 1101 nem,
553 1036 694 1086 tunc
723 1031 812 1084 vie
846 1028 1140 1100 logotheta
1169 1028 1452 1083 existente
1501 1045 1601 1083 seu
1653 1045 1866 1100 magno
1918 1027 2008 1082 lo-
2117 1041 2178 1081 re
2208 1027 2450 1082 debens.

366 1121 625 1194 gariasta
653 1119 787 1174 talis
820 1117 1063 1189 capituli
1119 1117 1374 1172 vindicte
1432 1118 1852 1189 supervigilare
1907 1118 2009 1172 de-
2190 1115 2432 1169 Factum
2491 1129 2692 1169 mense
2757 1114 3070 1170 Novembri
3141 1115 3432 1187 presentis
3505 1119 3735 1174 secunde

365 1210 539 1267 bente
568 1213 625 1264 et
653 1208 977 1264 secundum
1010 1221 1250 1277 presens
1281 1213 1618 1278 preceptum
1642 1205 1871 1278 imperii
1897 1206 2008 1262 mei
2118 1201 2456 1258 indictionis
2486 1219 2587 1258 sex
2617 1202 2916 1258 millesimi
2969 1203 3478 1275 septingentesimi
3525 1206 3736 1276 septimi

362 1298 686 1354 vindictam
717 1296 926 1352 facere.
2120 1289 2278 1356 anni,
2315 1291 2374 1344 in
2405 1306 2520 1361 quo
2551 1294 2607 1345 et
2638 1294 2905 1344 nostrum
2939 1290 3101 1362 pium
3135 1297 3192 1346 et
3222 1307 3256 1346 a
3291 1292 3401 1347 Deo
3435 1297 3735 1364 promotum

435 1387 643 1443 Omnia
673 1385 874 1456 igitur,
907 1399 1021 1456 que
1055 1399 1158 1455 per
1179 1383 1470 1455 presentis
1492 1383 1826 1455 chrysobuli
1852 1383 2006 1439 verbi
2119 1387 2492 1460 subsignavit
2519 1387 2856 1458 imperium.

365 1475 438 1530 ab
467 1472 711 1545 imperio
743 1488 871 1527 meo
899 1471 1294 1542 corroborata,
1330 1487 1396 1527 ex
1429 1472 1537 1541 (65)
1570 1471 1760 1544 gratia
1795 1472 2012 1526 donata

361 1562 560 1635 generi
589 1560 1007 1617 Veneticorum
1042 1560 1291 1632 imperio
1325 1577 1454 1616 meo
1503 1560 2008 1631 ﬁdelissimorum,
2346 1565 2616 1620 .Aczst
2651 1565 2708 1619 in
2739 1563 2969 1620 Christo
2999 1564 3117 1621 Deo
3149 1564 3343 1620 ﬁdelis
3374 1565 3676 1637 imperator
3699 1572 3746 1623 et

360 1651 701 1722 incorrupte
731 1653 788 1705 et
812 1649 1100 1705 inmutato
1130 1649 1424 1705 custodita
1451 1653 1643 1718 erunt,
1703 1665 2010 1719 quousque
2476 1653 2814 1708 moderator
2843 1653 3244 1710 Romanorum
3283 1652 3556 1726 Angelus.

434 1794 552 1867 (65)
580 1793 792 1851 Melius
822 1797 893 1850 et.

361 1945 3750 1979 Μ

1761 2121 1914 2162 ANNO
1955 2120 2161 2162 DOMINI
2201 2121 2354 2162 MCXV

759 2282 1974 2454 NEOPHYTUS
2123 2283 3373 2450 PRESBYTER.

1819 2691 2320 2780 NOTITIA.

1023 2842 1117 2900 (Ex
1143 2843 1352 2893 Joanne
1381 2840 1536 2905 Bapt.
1568 2840 1834 2892 Cotelerio
1862 2842 1918 2891 in
1948 2844 2058 2893 not.
2090 2841 2156 2892 ad
2190 2845 2317 2892 tom.
2350 2843 2392 2891 II
2422 2841 2658 2892 Monum.
2690 2842 2824 2892 Eccl.
2855 2843 3094 2905 Graue.)

443 2987 619 3044 Istius
649 2985 958 3059 Neopbyti,
996 2984 1358 3059 monacbiet
1387 2983 1619 3051 inclusi,
1652 2987 1961 3059 Sermones
1982 2987 2212 3059 exstant
2235 2983 2302 3059 in
2332 2985 2537 3059 codice
2573 2987 2949 3042 membraneo
2988 2985 3361 3044 bibliothecae
3405 2987 3747 3045 Colbertine'

367 3061 512 3138 Nam
541 3063 746 3131 printer
773 3055 1029 3138 titulum
1044 3057 1403 3138 conveniunt
1431 3059 1718 3138 tempore.
1747 3055 1950 3138 gratio
1981 3056 2198 3138 quippe
2233 3055 2421 3138 ipsius
2443 3058 2650 3138 quinta
2679 3063 2769 3138 est
2823 3059 2911 3138 de.
2945 3059 3235 3138 monacho
3285 3076 3392 3138 per
3444 3062 3748 3138 daemonem

371 3127 636 3204 decepto,
664 3147 826 3204 anno
849 3130 1057 3184 mundi
1087 3129 1251 3204 6693,
1286 3128 1463 3204 idest
1491 3127 1708 3204 Christi
1740 3128 1896 3204 1185,
1943 3127 2158 3204 paucis
2193 3128 2365 3204 annis
2415 3133 2549 3204 ante
2573 3135 2826 3204 raptam
2874 3133 3123 3204 Cyprum
3185 3127 3540 3204 aii—Anglis.
3591 3135 3756 3197 Quam

369 3197 677 3274 hieto-riam
739 3200 1249 3274 referuntgmulti.
1308 3197 1895 3274 VidcsisuAllatium
1944 3197 2047 3255 'De
2085 3201 2426 3274 _utriusque_
2463 3197 2742 3274 Eccleﬁzfe
2797 3197 3153 3274 consensione
3207 3201 3312 3256 lib.
3376 3197 3441 3269 ιιῖ
3477 3220 3616 3274 Acap.
3678 3205 3752 3274 i3,

369 3279 428 3332 et
462 3273 681 3348 Fresnii
713 3273 976 3348 Familias
1005 3272 1368 3348 Byzantinus,
1403 3286 1457 3348 p.
1515 3270 1672 3348 184;
1697 3270 1864 3348 Alius
1923 3274 1960 3324 N

2165 3277 2260 3325 tus
2290 3268 2663 3348 'Iuclusus,_o
2720 3268 3015 3348 ἀπὸᾼςεῇς-
3044 3275 3223 3348 μᾳνῆς
3268 3278 3372 3340 τῆς
3422 3268 3753 3348 sapiente:

369 3345 546 3471 paqu
572 3340 1117 3471 [ἰοεῐφῖἓῖηᾨᾶἱόη
1151 3340 1513 3399 memoratur
1541 3343 1601 3397 in
1633 3340 1907 3415 Catalogo
1937 3340 2349 3415 episcoporum
2392 3343 2676 3414 Byzantii,
2727 3359 2786 3414 p.
2835 3343 2943 3400 303
2989 3340 3137 3401 luris
3187 3340 3652 3416 Graeco-Romam,
3695 3348 3756 3402 de

369 3434 479 3471 auo
541 3460 554 3471 .
619 3459 632 3471 .
666 3433 722 3471 Ο.
865 3457 880 3471 .
1025 3457 1037 3468 .

365 3418 479 3490 Quo
510 3423 554 3475 t.
588 3418 632 3488 Ι,
664 3433 722 3490 p.
753 3418 880 3484 741,
909 3418 1037 3471 742.

509 3771 1797 3948 ΝΕΟΦΥΤΟΥ
1925 3771 3627 3984 ΠΡΕΣΒΥΤΕΡΟΥ

1579 4033 1920 4092 ΜΟΝΑΧΟΥ
1971 4035 2086 4090 ΚΑΙ
2132 4034 2575 4092 ΕΓΚΛΕΙΣΤΟΥ

709 4207 1010 4303 ΠΕΡΙ
1080 4204 1338 4301 ΤΩΝ
1420 4203 1756 4300 ΚΑΤΑ
1831 4202 2257 4299 ΧΩΡΑΝ
2336 4205 2845 4302 ΚΥΠΡΟΝ
2926 4206 3439 4304 ΣΚΑΙΩΝ.

921 4573 1913 4734 NEOPHYTI
2046 4577 2276 4728 ΡΒ
2309 4571 3227 4733 ESBYTERI

1685 4831 2008 4890 MONACHI
2050 4832 2140 4888 ET
2179 4830 2466 4890 INCLUSI

1305 4997 1450 5083 DE
1512 4995 2421 5086 CALAMITATIBUS
2482 4996 2838 5087 CYPRI.

437 5307 487 5362 1.
519 5305 717 5366 Nubes
747 5309 969 5381 obtegit
998 5308 1202 5378 solem,
1253 5311 1312 5364 et
1359 5305 1575 5363 nebula
1618 5309 1848 5362 montes
1894 5306 2016 5362 col-

2196 5305 2261 5362 a'.
2295 5301 2508 5380 Νεφέλη
2558 5303 2822 5361 καλύπτει
2871 5305 3057 5376 ἥλιον,
3107 5306 3198 5362 καὶ
3257 5302 3474 5378 ὀμίχλη
3524 5295 3622 5374 ὄρη
3677 5299 3757 5353 καὶ

359 5395 604 5468 lesque;
637 5400 796 5453 unde
829 5415 931 5468 per
961 5399 1194 5469 aliquod
1225 5402 1464 5468 tempus
1513 5395 1822 5451 cohibetur
1869 5395 1950 5450 so]

2169 5391 2352 5456 συνοὺς
2409 5390 2479 5446 δι’
2553 5394 2626 5448 ὧν
2704 5396 3020 5472 ἀπείργεται
3091 5393 3291 5469 θάλψις
3347 5391 3438 5448 καὶ
3489 5389 3760 5468 φωταυγής

361 5482 520 5540 calor
549 5488 605 5540 et
658 5486 1006 5557 splendidus
1069 5486 1296 5542 radius.
1363 5484 1480 5539 Nos
1539 5500 1771 5556 quoque
1826 5486 1946 5555 jam

2168 5481 2284 5537 λίου
2331 5481 2483 5545 ἀκτὶς
2529 5483 2718 5557 χρόνῳ
2766 5486 2895 5542 τινί.
2948 5483 3129 5562 Εἴργει
3180 5483 3239 5540 δὶ
3265 5483 3354 5538 καὶ
3393 5484 3540 5554 ἡμᾶς
3569 5476 3759 5534 δώδεκα

362 5573 671 5630 duodecim
707 5577 879 5633 annis
911 5579 1138 5632 coercet
1169 5575 1355 5630 nubes
1387 5590 1451 5629 ac
1482 5572 1698 5630 nebula
1726 5574 1838 5630 sibi
1882 5591 1953 5629 m1

2162 5571 2358 5647 ,ρόνους
2390 5568 2499 5642 ἤδη
2525 5570 2722 5649 νεφέλη
2754 5575 2843 5628 καὶ
2867 5573 3082 5650 ὀμίχλη
3113 5568 3561 5641 ἀλλεπαλλήλων
3586 5565 3753 5623 δεινῶν
