4028 6202
295 402 390 464 497

1393 399 1496 459 DE
1539 397 2174 461 CALAMITATIBUS
2219 399 2476 460 CYPRI.

3524 393 3644 452 498

293 537 380 588 τῶν
526 529 674 604 χώρᾳ
720 521 1172 600 συμϐεοηκότων.
1219 529 1593 606 Κρατηθείσης
1647 531 1740 603 μὲν
1776 531 1875 607 γὰρ

1996 536 2092 587 tuo
2123 533 2564 588 succedentium
2597 530 3156 600 calamitatum,qum
3189 528 3408 602 regioni
3430 529 3641 582 nostrae

291 629 372 690 τῆς
417 614 754 695 Ἰερουσαλὴμ
800 616 907 672 ὐπὸ
949 623 1047 672 τοῦ
1092 618 1251 683 ἀθέου
1301 619 1632 694 Σαλαχαντὶ,
1679 620 1778 687 τὴς
1823 616 1881 674 δὲ

289 710 472 784 Κύπρου
521 706 614 760 ὑπὸ
667 705 936 760 Ἰσαακίου
983 712 1081 760 τοῦ
1133 710 1440 780 Κομνηνοῦ,
1478 709 1652 781 μάχαι
1686 706 1876 763 λοιπὸν

286 799 356 854 καὶ
394 795 629 868 πόλεμοι,
688 796 922 870 ταραχαὶ
975 796 1064 849 καὶ
1103 796 1505 865 ἀκαταστασίαι,
1557 795 1879 873 λαφυραγω-

283 886 376 962 γίαι
402 887 478 940 καὶ
520 883 681 939 δειναὶ
730 886 1101 954 συναντήσεις,
1151 886 1252 953 τήν
1301 892 1400 961 γῆν
1459 883 1510 939 ἐν
1544 884 1580 958 ᾖ
1608 886 1661 939 οἱ
1693 882 1877 954 δηλω-

282 976 431 1039 θέντες
475 972 630 1048 ἦρξαν
702 971 1077 1046 κατεκάλυψαν
1161 971 1394 1044 νεφέλης
1468 972 1558 1028 καὶ
1629 972 1877 1050 ὁμίχλης

277 1062 433 1119 πλέον.
468 1059 598 1118 Ἰδοὺ
629 1061 734 1136 γὰρ
785 1062 814 1116 6
870 1061 1154 1136 ζωηφόρος
1194 1067 1291 1117 τοῦ
1330 1062 1530 1137 Κυρίου
1579 1064 1739 1135 ἡμῶν
1779 1063 1873 1117 τά-

275 1172 356 1229 φος
378 1150 548 1205 καὶτὰ
575 1148 742 1206 λοιπὰ
785 1147 908 1225 ἅγια
955 1148 1214 1221 έδοθησαν
1259 1156 1377 1215 τοῖς
1412 1152 1535 1206 κυσὶ
1566 1150 1822 1207 Μουσουλ
1857 1170 1870 1184 ’

276 1240 436 1312 μάνοις
465 1236 550 1294 διὰ
591 1240 688 1300 τὰς
751 1239 1017 1314 -ἱμαρτίας
1075 1242 1255 1314 ἡμῶν,
1300 1242 1390 1295 καὶ
1436 1237 1652 1315 δακρύει
1704 1240 1755 1295 έν
1806 1243 1876 1314 τῇ

269 1327 460 1403 τοιαύτῃ
510 1332 761 1404 συμφορᾷ
805 1334 950 1385 πᾶσα
996 1331 1149 1405 ψυχὴ
1193 1327 1450 1407 φιλόθεος
1480 1350 1493 1363 ο
1528 1329 1879 1404 Ταραχθέντα

269 1414 316 1472 δὶ
359 1417 439 1471 καὶ
488 1418 552 1473 τὰ
592 1412 745 1488 ἔθνη,
798 1417 888 1471 καὶ
950 1416 1221 1492 βασιλεῖαι
1277 1417 1565 1475 κλιθεῖσαι.
1615 1418 1754 1472 κατὰ
1815 1419 1877 1472 τὸ

263 1509 600 1580 γεγραμμένον
633 1526 646 1538 ·
707 1507 736 1560 6
795 1505 1151 1579 ’Δλαμανίας,
1210 1506 1380 1583 φημὶ,
1429 1507 1518 1562 καὶ
1572 1507 1600 1560 ὁ
1659 1505 1876 1581 Ἐγκλι-
1922 1528 1926 1530 ‘

261 1593 375 1665 νίας,
419 1596 502 1649 καί
559 1598 664 1649 πᾶν
715 1593 866 1656 ἔθνος
920 1593 1158 1670 σχεδὸν,
1213 1595 1527 1666 κεκίνηνται
1589 1597 1720 1670 ὑπερ
1779 1603 1880 1666 τῆς

263 1682 607 1756 Ἰερουσαλὴμ,
639 1683 731 1738 καὶ
781 1681 978 1752 ἤνυσαν
1031 1681 1206 1740 οὐδέν.
1261 1682 1399 1740 Οὐδὶ
1443 1685 1545 1761 γὰρ
1575 1682 1877 1756 ηὐδοκησεν

260 1773 550 1846 ἡπρόνοια
632 1773 798 1834 κύνας
876 1771 1068 1844 ἐξῶσαι
1137 1773 1227 1828 καὶ
1302 1771 1503 1835 λύκους
1554 1774 1876 1844 ἀντεισάξαι.

1990 621 2377 694 contigerunt.
2436 621 2662 677 Etenim
2697 621 2934 676 obtenta
2964 618 3364 692 Hierosolyma
3410 633 3512 689 per
3539 614 3646 670 im-

1990 710 2152 781 pium
2212 710 2544 766 Salachanti
2595 728 2697 766 seu
2755 707 3124 773 Saladinum,
3185 714 3243 762 et
3311 710 3494 779 Cypro
3544 719 3646 774 per

1984 800 2274 854 lsaacium
2334 800 2722 864 Comnenum,
2784 798 3056 868 deinceps
3090 812 3300 868 pugnae
3358 801 3414 850 et
3468 791 3644 861 bella,

1985 889 2280 946 tumultus
2323 907 2388 944 ac
2445 891 2783 960 seditiones,
2846 887 3308 960 deprazdationes
3385 883 3643 954 saevique

1986 996 2158 1035 casus
2189 984 2402 1034 terram
2436 979 2494 1034 in
2529 997 2643 1052 qua
2699 979 2962 1051 prazdicti
3022 978 3390 1048 imperarunt
3446 971 3642 1044 magis

1987 1073 2431 1140 cooperuerunt,
2457 1087 2631 1140 quam
2666 1070 2853 1125 nubes
2907 1072 2962 1124 et
3020 1066 3254 1123 nebula.
3290 1070 3430 1121 Ecce
3479 1063 3639 1119 enim

1985 1157 2280 1212 vivificum
2340 1157 2570 1212 Domini
2631 1158 2812 1213 nostri
2890 1154 3250 1227 sepulcrum,
3311 1158 3641 1222 creteraque

1987 1251 2213 1316 sancta,
2243 1246 2461 1302 tradita
2490 1251 2630 1302 sunt
2652 1249 2888 1318 propter
2907 1248 3142 1316 peccata
3162 1246 3362 1298 nostra
3391 1240 3640 1297 canibus

1988 1333 2418 1403 Musulmanis;
2453 1350 2634 1406 quare
2657 1336 2712 1388 in
2748 1336 2910 1389 tanta
2939 1330 3641 1400 calamitatelacrymatur

1987 1422 2177 1477 omnis
2191 1421 2385 1476 anima
2409 1439 2534 1492 quas
2559 1422 2740 1476 Deum
2764 1419 2952 1489 diligit
2978 1418 3107 1485 ;sed
3139 1421 3195 1472 et
3220 1414 3459 1486 juxtaid
3479 1413 3634 1484 quod

1988 1511 2271 1583 scriptum
2303 1517 2410 1577 est,
2449 1511 2800 1567 Co-nturbataz
2840 1516 2967 1565 sunt
3021 1515 3224 1579 gentes,
3277 1509 3330 1562 et
3369 1504 3642 1560 inclinata

1987 1606 2112 1656 sunt
2140 1616 2310 1668 regna
2346 1603 2402 1655 1:
2465 1599 2805 1663 Alamaniae,
2865 1599 3132 1669 inquam,
3187 1592 3508 1650 monarcha
3538 1591 3639 1663 (1)⁹

1988 1694 2045 1744 et
2073 1687 2170 1743 ille
2202 1687 2419 1759 Angliaa
2451 1687 2550 1758 (2),
2591 1690 2936 1757 cunctaeque
2977 1681 3406 1756 propemodum
3458 1678 3642 1734 natio-

1990 1794 2093 1833 nes
2120 1793 2222 1848 pro
2246 1776 2658 1848 Hierosolymis
2703 1781 2871 1831 motae
2931 1777 3090 1842 sunt,
3152 1787 3258 1828 nec
3316 1769 3640 1842 quidquam

260 1863 623 1933 profecerunt.
685 1863 888 1935 Neque
945 1864 1100 1920 enim
1159 1863 1380 1936 placuit
1415 1864 1624 1920 divinae
1682 1863 2082 1939 providentiae,
2148 1881 2324 1922 canes
2370 1865 2674 1939 expellere,
2735 1869 2799 1920 ut
2854 1863 3024 1937 lupos
3078 1863 3137 1918 in
3182 1875 3383 1918 eorum
3440 1857 3637 1914 locum

256 1951 551 2008 induceret.

322 2039 378 2111 β’.
409 2039 503 2094 Καὶ
551 2037 676 2094 ἴδοὺ
719 2039 788 2114 ιβ’
821 2039 1063 2115 χρόνους
1116 2039 1202 2094 ἐπὶ
1248 2041 1311 2095 τὸ
1354 2045 1542 2116 χεῖρον
1567 2042 1636 2096 τὰ
1663 2041 1879 2116 κύματα

2051 2045 2106 2100 2.
2138 2045 2208 2099 Et
2235 2060 2366 2102 ecce
2390 2045 2514 2116 jam
2547 2043 2930 2100 duodecimus
2969 2057 3161 2098 annus
3221 2042 3330 2106 est,
3384 2053 3454 2092 ex
3508 2050 3625 2107 quo

253 2133 616 2206 κοροφοῦνται.
648 2130 769 2185 Ἔτι
797 2148 858 2183 τε
905 2129 992 2183 καὶ
1040 2127 1198 2190 αὐτὸς
1250 2131 1278 2183 6
1321 2129 1438 2191 υἱὸς
1469 2131 1630 2202 ὴμῶν
1658 2131 1686 2184 6
1717 2151 1878 2185 πνευ-

255 2218 478 2287 ματικὸς,
526 2217 669 2292 πρὸς
715 2217 776 2271 ὃν
815 2214 1033 2286 δηλαδὴ
1072 2221 1240 2272 ταῦτα
1281 2216 1604 2295 ἐγράφομεν,
1636 2220 1704 2274 τὰ
1735 2217 1881 2274 δεινὰ

257 2307 321 2380 μὴ
350 2305 628 2384 ὑποφέρων
675 2305 898 2381 βλέπειν
943 2327 1003 2361 τε
1054 2306 1148 2360 καὶ
1200 2305 1414 2361 ἀκούειν
1472 2309 1562 2362 καὶ
1593 2307 1652 2362 έκ
1684 2311 1879 2384 μέρους

253 2395 406 2449 αὐτῶν
438 2395 694 2470 πάσχειν,
751 2396 884 2467 μετᾶ
935 2393 1150 2457 πολλὰς
1201 2393 1482 2468 περινοίας
1512 2396 1602 2450 καὶ
1632 2398 1884 2472 μηχανάς

252 2483 445 2560 ἐξέφυγε
473 2488 671 2559 χεῖρας
723 2479 1044 2555 μιαιφόνους
1096 2482 1194 2537 σὺα
1240 2484 1400 2538 παντὶ
1447 2488 1527 2556 τῷ
1568 2483 1689 2557 λαῷ
1718 2485 1886 2539 αὐτοῦ

251 2570 353 2642 θείᾳ
392 2571 553 2647 ῥοπῇ,
618 2570 708 2626 καί
765 2574 1174 2650 προσφοιτήσας
1233 2571 1479 2646 Ἀγγέλῳ
1530 2577 1610 2646 τῷ
1672 2571 1888 2649 βασιλεῖ

250 2659 858 2729 Κωσταντινουπόλεως,
915 2658 1259 2736 προσεδέχθη
1341 2660 1597 2736 ἐντίμως,
1678 2662 1768 2718 καὶ
1824 2662 1886 2717 τὸ

235 2745 493 2805 ισεόαστοῦ
523 2751 690 2826 γέρας
740 2746 966 2824 εἷ’ληφεν
1019 2749 1070 2820 ἐξ
1111 2750 1300 2805 αὐτοῦ.
1335 2749 1476 2824 Ἐγὼ
1531 2748 1590 2805 δὲ
1625 2753 1723 2821 τὴν
1758 2750 1889 2805 ὑπό-

252 2857 418 2914 σχεσιν
460 2839 785 2914 ἐκπληρῶν,
819 2836 937 2894 ἰδοὺ
993 2838 1085 2893 σὺν
1143 2843 1260 2912 Θεῷ
1308 2840 1502 2916 γράφω
1555 2840 1645 2895 καὶ
1675 2841 1742 2895 τὰ
1771 2839 1888 2894 ἐπί-

252 2925 424 2996 λοιπα,
458 2929 533 2990 ὡς
593 2928 937 3002 ὑπεσχόμην,
984 2933 1102 2990 τοῖς
1134 2927 1522 3003 ἐντυγχάνουσι
1553 2925 1885 3005 παραδηλῶν

248 3016 335 3084 τὴν
394 3015 692 3072 ένεστῶσαν
767 3014 1087 3093 δυσχέρειαν
1154 3021 1263 3071 τῶν
1322 3018 1657 3093 πραγμάτων
1687 3036 1699 3049 ·
1765 3016 1887 3086 ἤτις

251 3100 341 3178 ἄρα
386 3101 682 3182 δυσχέρεια
725 3108 832 3160 ποῦ
874 3102 940 3174 δὴ
1009 3104 1322 3178 καταλήξει,
1401 3103 1540 3160 οἶδεν
1604 3103 1781 3170 οὐδεὶς
1833 3106 1887 3161 έν

251 3192 572 3269 ἀνθρώποις,
609 3193 658 3249 εἲ
691 3195 767 3268 μή
805 3193 974 3268 μόνος
1021 3195 1050 3249 6
1097 3193 1362 3264 έπιτιμῶν
1410 3198 1478 3268 τῇ
1525 3193 1768 3270 θαλάσσῃ
1798 3194 1890 3249 καὶ

244 3287 352 3345 τοῖς
399 3282 659 3356 ἀνέμοις,
701 3284 792 3338 καὶ
839 3281 1197 3360 γαληνιῶσιν.
1246 3283 1392 3338 Ξένα
1445 3285 1565 3338 τινὰ
1619 3284 1711 3338 καὶ
1770 3281 1892 3338 δυσ-

248 3373 500 3442 ήκουστα,
530 3372 606 3428 τὰ
628 3376 697 3446 τῇ
746 3373 908 3448 χώρᾳ
952 3371 1119 3446 ταύτῃ
1163 3367 1545 3447 συμϐεϐηκότα
1569 3370 1716 3427 δεινά
1750 3393 1764 3407 ·
1796 3373 1886 3428 καὶ

243 3465 453 3517 τοιαῦτα
509 3462 592 3524 ὡς
647 3463 848 3523 πάντας
889 3459 1016 3523 τοὺς
1090 3461 1256 3531 αὐτῆς
1333 3459 1630 3524 πλουσίους
1691 3461 1884 3518 ἐπιλα-

251 3550 421 3614 θέσθαι
477 3550 731 3608 πλούτου
789 3549 985 3620 αὐτῶν,
1044 3548 1315 3625 λαμπρῶν
1382 3550 1724 3625 οἰκημάτων,
1772 3572 1894 3628 συγ·

244 3643 426 3714 γενῶν,
500 3641 754 3709 οἰκετῶν,
837 3636 1210 3716 ἀνδραπόδων,
1284 3639 1532 3711 πλήθους
1599 3639 1888 3715 ποιμνίων,

251 3728 578 3803 βουκολέων,
665 3728 925 3785 λακινιῶν
1009 3731 1107 3804 (3),
1190 3729 1553 3806 βοσκημάτων
1597 3729 1890 3801 παντοίων,

248 3823 443 3892 χωρῶν
503 3817 838 3897 σιτοφόρων,
905 3818 996 3873 καὶ
1077 3817 1382 3894 παμφόρων
1454 3818 1740 3892 ἀμπέλων,
1800 3819 1890 3873 καὶ

247 3905 587 3983 παραδείσων
663 3906 955 3975 ποικίλων,
1011 3907 1101 3961 καὶ
1181 3907 1316 3980 μετᾶ
1369 3905 1589 3978 πολλῆς
1649 3905 1893 3972 σπουδῆς

250 3994 590 4051 ἀποπλεῦσαι
631 3994 804 4068 λάθρα
853 3995 991 4070 πρὸς
1049 3995 1238 4070 χώρας
1286 3991 1602 4057 ἀλλοδαπὰς
1637 3997 1723 4050 καὶ
1756 3995 1891 4069 πρὸς

245 4086 339 4153 τήν
375 4081 642 4161 βασιλίδα
668 4088 774 4140 τῶν
799 4083 1036 4141 πόλεων.
1061 4089 1216 4141 ’Ὀσοι
1241 4081 1299 4138 δὶ
1319 4081 1596 4162 διαφυγεῖν
1622 4083 1720 4139 οὐκ
1737 4081 1894 4159 ἴσχυ-

248 4193 358 4242 σαν,
406 4176 496 4236 τίς
561 4174 743 4236 ἱκανὸς
795 4170 1205 4249 έκτραγῳδῆσαι
1261 4173 1356 4236 τὰς
1423 4171 1636 4246 θλίψεις
1693 4173 1893 4241 αὐτῶν,

244 4259 367 4323 τοὺς
424 4255 722 4334 ἐτασμοὺς,
778 4259 908 4324 τοὺς
978 4257 1278 4334 δημοσίους
1326 4259 1727 4338 φυλακισμοὺς,
1793 4262 1892 4330 τὴν

249 4347 412 4419 ὁλκὴν
443 4355 562 4405 τῶν
609 4348 1019 4423 ἀπαιτουμένων
1064 4348 1392 4424 χρημάτων,
1429 4351 1594 4426 μέχρι
1625 4347 1893 4424 χιλιάδων

1985 2135 2046 2190 in
2080 2135 2248 2208 pejus
2275 2134 2488 2189 ﬂuctus
2517 2136 2765 2188 tument.
2811 2134 2938 2204 Ipse
2970 2135 3246 2205 praeterea
3299 2123 3626 2199 spiritualis

1987 2223 2147 2278 illius
2179 2228 2398 2290 noster,
2421 2223 2491 2278 ad
2535 2238 2706 2293 quem
2769 2221 3038 2277 videlicet
3089 2221 3202 2275 ista
3260 2214 3629 2288 scripsimus,

1989 2327 2282 2367 aerumnas
2313 2327 2418 2366 nec
2448 2311 2642 2366 videre
2673 2327 2777 2365 nec
2808 2309 3009 2365 audire
3039 2324 3144 2364 nec
3169 2323 3237 2363 ex
3293 2309 3453 2378 parte
3485 2303 3634 2358 ferre

1989 2400 2208 2468 valens,
2251 2404 2384 2471 post
2440 2399 2624 2455 multa
2681 2399 2923 2456 solerter
2979 2403 3037 2455 et
3093 2395 3407 2453 artificiose
3462 2393 3638 2457 facta,

1992 2488 2256 2544 crudeles
2279 2505 2489 2544 manus
2522 2504 2653 2543 cum
2685 2489 2844 2543 omni
2875 2485 3089 2560 populo
3121 2499 3359 2555 suo,per
3389 2482 3640 2554 gratiam

1993 2579 2095 2634 Dei
2127 2579 2639 2651 eil'ugit;cumque
2688 2595 2750 2634 se
2810 2576 3159 2633 contulisset
3216 2575 3288 2630 ad
3349 2568 3641 2644 Angelum

1995 2667 2530 2740 Constantinopolis
2562 2667 2996 2739 imperatorem,
3029 2662 3346 2720 honoriﬁce
3367 2662 3643 2730 exceptus

1994 2757 2102 2817 est,
2137 2757 2312 2824 atque
2341 2751 2558 2808 sebasti
2587 2751 2931 2823 dignitatem
2986 2750 3057 2803 ab
3115 2764 3182 2802 eo
3239 2743 3481 2816 accepit.
3521 2742 3640 2813 Ego

1993 2858 2127 2898 vero
2151 2841 2305 2913 quod
2341 2840 2724 2913 promiseram
2781 2835 3133 2910 adimplens,
3188 2851 3319 2891 ecce
3374 2833 3490 2889 Deo
3539 2829 3642 2900 ju-

1995 2935 2188 3000 vante,
2220 2929 2393 2986 etiam
2427 2929 2654 3000 reliqua
2683 2928 2898 2994 scribo,
2949 2927 3120 2998 juxta
3163 2921 3641 2996 pollicitationem

1998 3036 2211 3088 meam,
2243 3019 2433 3090 iisque
2458 3017 2557 3090 qui
2588 3017 2796 3073 lecturi
2851 3021 2992 3072 sunt
3046 3018 3247 3070 notam
3297 3011 3444 3068 facio
3500 3023 3646 3081 pren-

1997 3113 2222 3165 santem
2253 3123 2449 3163 rerum
2480 3104 2886 3162 difficultatem
2914 3123 2928 3172 ;
2965 3120 3092 3176 quae
3127 3117 3270 3158 sane
3301 3096 3643 3165 difﬁcultas,

1998 3214 2114 3270 quo
2143 3213 2382 3252 cessura
2410 3195 2507 3263 sit,
2539 3195 2739 3250 nullus
2769 3195 2924 3249 inter
2975 3193 3248 3249 homines
3296 3187 3475 3258 novit,
3534 3183 3650 3240 nisi

2000 3284 2279 3343 eolusille
2309 3284 2409 3355 qui
2431 3285 2690 3354 increpat
2721 3298 2882 3336 mare
2913 3297 2978 3336 ac
3003 3286 3229 3346 ventos,
3282 3282 3339 3333 et
3369 3275 3440 3331 ad
3479 3277 3648 3327 tran-

2000 3373 2354 3447 quillitatem
2403 3372 2649 3428 redeunt
2694 3373 2735 3428 ².
2768 3371 2922 3426 Mala
2953 3387 3080 3442 qua)
3140 3368 3200 3422 in
3262 3366 3371 3426 hac
3419 3361 3651 3434 regione

2000 3473 2339 3530 evenerunt,
2375 3463 2525 3518 mira
2555 3461 2958 3532 sunt,.vixque
3014 3461 3264 3532 possunt
3295 3451 3482 3510 audiri
3511 3469 3526 3520 ;
3560 3455 3647 3505 at-

2000 3571 2114 3627 que
2144 3557 2282 3610 sunt
2325 3553 2637 3625 ejusmodi,
2693 3556 2758 3607 ut
2813 3551 3010 3606 cuncti
3065 3549 3160 3604 hic
3219 3545 3426 3602 divites
3484 3538 3651 3598 obliti

1999 3643 2220 3701 fuerint
2250 3658 2491 3699 suarum
2523 3641 2884 3707 divitiarum,
2944 3637 3388 3710 splendidarum
3431 3632 3646 3697 sedum,

2001 3738 2406 3806 cognatorum,
2437 3728 2920 3796 domesticorum,
2955 3725 3410 3798 mancipiorum,
3442 3716 3649 3775 multi-

1999 3823 2224 3881 tudinis
2254 3835 2520 3892 gregum,
2568 3821 2996 3888 armentorum,
3029 3813 3440 3889 porcellorum,
3470 3823 3647 3880 pecu-

2003 3913 2142 3968 dum
2169 3909 2364 3966 omnis
2391 3906 2643 3980 generis,
2675 3922 2947 3979 agrorum
3004 3902 3285 3960 frumenti
3340 3895 3644 3964 feracium,

1999 3999 2305 4057 vinearum
2335 3995 2854 4062 fertilissimarum,
2897 3993 3309 4063 variorumque
3337 3985 3645 4044 viridario-

2002 4104 2172 4154 rum;
2207 4091 2382 4157 atquc
2414 4100 2546 4140 cum
2579 4083 2768 4140 multa
2799 4081 3167 4138 festinatione
3195 4078 3347 4134 clam
3377 4076 3450 4132 ad
3471 4080 3655 4131 extra-

2004 4194 2145 4234 neas
2177 4175 2445 4248 regiones
2475 4177 2532 4231 et
2562 4174 2635 4230 ad
2668 4172 2904 4229 urbium
2935 4170 3200 4244 reginam
3235 4169 3307 4242 (4)
3341 4162 3656 4234 abnaviga-

2003 4267 2213 4323 verint.
2248 4271 2460 4321 Eorum
2484 4268 2684 4319 autem
2723 4261 2822 4334 qui
2853 4262 3107 4334 eli‘ugere
3140 4275 3257 4315 non
3315 4254 3657 4329 potuerunt,

2006 4356 2140 4429 quis
2171 4355 2423 4410 sufﬁciet
2453 4352 2670 4425 tragice
2701 4350 3046 4407 enarrandis
3086 4345 3398 4419 angustiis,
3430 4339 3658 4429 disqui-

243 4433 414 4494 τόσων
463 4439 561 4494 καὶ
616 4434 792 4494 τόσων
830 4442 1046 4508 ;Ταῦτα
1087 4435 1145 4493 δὶ
1189 4439 1604 4513 συγκεχώρηται
1653 4440 1887 4513 γενέσθαι

2008 4427 2343 4510 sitionibus,
2388 4440 2640 4512 publicis
2697 4440 2757 4494 in
2816 4452 3109 4494 carcerem
3167 4427 3654 4505 conjectionibus,

249 4524 316 4580 δι’
345 4527 621 4604 ἁμαρτίας
681 4523 844 4602 ὄγκον
905 4528 1073 4605 ψήφῳ
1121 4530 1254 4582 Θεοῦ
1302 4523 1482 4599 δικαίᾳ
1513 4546 1526 4560 ·
1571 4525 1684 4597 τίνα,
1712 4549 1895 4584 ταπει-

246 4617 532 4687 νωθέντες,
561 4617 986 4691 καταξιωθῶμεν
1017 4614 1152 4682 ἴσως
1179 4618 1532 4693 συγγνώμης.

319 4891 402 4942 l‘”.
465 4885 635 4960 Χώρα
682 4883 822 4940 έστὶν
893 4881 1231 4962 Ἰγκλιτέρῥα
1301 4883 1491 4962 πόρῥω
1541 4892 1640 4957 τῆς
1693 4887 1906 4962 Ῥωμα-

2008 4534 2440 4608 postulaturum
2487 4519 2868 4604 pecuniarum
2902 4527 3447 4617 quantitateusque
3476 4517 3548 4573 ad
3557 4519 3660 4617 tot

2010 4620 2359 4680 millenaria.
2393 4620 2675 4676 Caeterum
2703 4620 2824 4675 haec
2858 4617 2982 4674 ﬁeri
3004 4613 3271 4688 permisit
3292 4612 3524 4683 justum
3556 4611 3659 4660 Dei

2005 4710 2322 4784 judicium,
2353 4709 2426 4764 ob
2457 4709 2678 4780 peccati
2707 4707 3077 4779 gravitatem,
3109 4709 3174 4760 ut
3228 4701 3300 4758 ad
3348 4695 3658 4755 humilita-

1935 4782 1983 4849 D
2010 4782 2132 4858 tem
2163 4800 2404 4869 redacti,
2433 4799 2603 4855 venia
2633 4797 2884 4853 fortasse
2914 4794 3078 4866 digni
3106 4793 3450 4848 habeamur.

2085 4891 2138 4944 3.
2173 4889 2350 4961 Regio
2381 4893 2471 4944 est
2499 4889 2732 4959 Anglia,
2766 4886 2939 4959 longe
2968 4902 3003 4940 a
3032 4882 3320 4940 Romanis
3365 4881 3438 4937 ad
3496 4876 3661 4949 aqui-

247 4972 360 5038 νίας
419 4975 567 5030 κατὰ
626 4972 850 5051 βορῥᾶν,
899 4972 948 5046 ἐξ
1005 4973 1074 5043 ἧς
1128 4974 1287 5051 νέφος
1341 4973 1622 5050 Ἰγκλίνων
1682 4975 1774 5032 σὺν
1822 4982 1887 5050 τῇ

2010 4980 2228 5045 lenem,
2261 4993 2291 5033 e
2320 4993 2439 5049 qua
2465 4976 2789 5048 Anglorum
2821 4975 3010 5030 nubes
3026 4988 3158 5030 cum
3183 4986 3385 5028 eorum
3403 4966 3663 5040 principe

247 5061 482 5141 ἄρχοντι
540 5062 740 5137 αὐτῶν,
773 5061 849 5126 εἰς
896 5062 1069 5118 πλοῖα
1129 5062 1337 5138 μεγάλα
1392 5063 1665 5138 λεγόμενα
1702 5067 1887 5126 νάκκα‹

2011 5066 2348 5126 conscensis
2369 5067 2596 5140 magnis
2627 5065 2896 5138 navigiis,
2916 5081 3042 5137 quae
3065 5077 3220 5120 uaces
3253 5062 3329 5134 (5)
3363 5056 3660 5131 appellan-

318 5241 338 5275 ¹
363 5237 528 5294 Psal.
560 5253 688 5310 ην,
719 5236 776 5292 7.
806 5236 828 5272 ²
853 5237 1063 5296 Matth.
1096 5253 1221 5310 vm,
1249 5238 1342 5296 26.

428 5427 770 5516 Erigerigus
801 5428 845 5484 l.

321 5499 406 5642 Et;

348 5565 406 5642 3)
491 5571 772 5633 λακινιῶν.
829 5568 1094 5628 Divinavi
1179 5565 1495 5642 λακτινιῶν,
1574 5589 1639 5629 ac
1694 5573 1912 5630 tentavi

256 5638 343 5716 de:
379 5638 661 5713 porcellis
715 5656 1040 5716 exponere,
1078 5639 1256 5716 quasi
1306 5638 1581 5697 λακτίνιον
1665 5649 1724 5701 et
1781 5643 1912 5716 λακ-

253 5712 414 5773 ταῖος
445 5715 605 5779 idem
648 5712 809 5784 siuti
837 5730 956 5788 qua
1009 5712 1100 5769 de
1134 5715 1430 5785 postrema
1485 5730 1624 5773 voce
1670 5716 1761 5789 egi
1790 5720 1834 5772 t.
1869 5715 1911 5770 Ι.

2016 5431 2126 5486 Sed
2157 5429 2219 5486 in
2251 5446 2313 5487 re
2368 5431 2619 5488 obscura
2661 5447 2769 5487 suo
2829 5430 3085 5504 quisque
3125 5431 3325 5504 utatur
3350 5498 3378 5504 _
3400 5419 3667 5504 arbitrio.

2017 5503 2424 5630 Bpspirlsabitur
2479 5505 2729 5560 fortasse
2781 5490 3104 5560 nonnullus
3164 5498 3419 5574 λαγινιῶν
3483 5513 3517 5553 a
3575 5490 3670 5546 λα-

2019 5593 2166 5630 γνη.
2221 5591 2388 5630 enus.

2019 5591 2173 5788 γινξέξ
2201 5591 2790 5719 ἓὲξεθιευιὶοοροιὶω.

2119 5717 2153 5770 5
2193 5717 2448 5775 Glossar.
2479 5717 2724 5776 Fresnii.

2119 5717 2173 5776 5)
2193 5717 2448 5775 Glossar.
2479 5717 2724 5776 Fresnii.
