4028 6202
365 373 486 434 499

1037 373 1438 438 NEOPHYTI
1480 374 1973 439 PRESBYTERI
2017 373 2121 436 DE
2167 372 2799 436 GALAMJTATIBUS
2845 373 3106 435 CYPRI.

3625 376 3728 439 οοο

369 508 490 573 tur,
522 504 591 560 ad
627 504 1087 578 Hierosolymam
1139 507 1518 579 trajecerant.
1551 507 1699 564 Nam
1729 511 1870 564 tunc
1889 505 2020 563 Ala-

2149 502 2588 572 τυνεισελθόντες,
2620 503 2712 559 τὸν
2755 503 2932 559 πλοῦν
2991 504 3129 580 πρὸς
3164 503 3510 576 Ἰεροσόλυῖυα
3537 503 3686 579 ἔδρων
3718 528 3728 542 ·

374 610 683 649 manorum
719 593 990 665 princeps
1024 611 1155 649 cum
1182 596 1493 667 nongentis
1551 595 1815 651 millibus
1865 594 2020 650 mili-

373 685 526 750 tum,
558 682 642 736 uti
677 683 860 749 aiunt,
892 684 1255 753 expeditione
1311 690 1600 757 suscepta,
1645 687 1714 741 ad
1751 686 2022 741 Hieroso-

378 769 594 842 lymam
628 770 753 842 ipse
776 787 1002 842 quoque
1033 772 1338 828 tendebat:
1372 791 1623 846 cumque
1655 779 2022 846 praetergres-

379 875 482 913 sus
514 859 721 913 fuisset
751 859 924 913 Iconii
944 865 1216 928 tractum,
1246 867 1301 915 et
1330 861 1652 918 Orientales
1683 868 1874 934 partes
1893 879 2021 934 per-

377 944 730 1014 transiisset,
763 946 1055 1000 exercitus
1087 946 1458 1020 longitudine
1492 948 1613 1020 viai,
1673 955 1729 1004 et
1785 949 1937 1004 fame
1967 951 2023 1003 et

376 1033 472 1088 siti
527 1031 912 1088 labefactatus
965 1040 1054 1090 est
1097 1052 1110 1102 ;
1173 1037 1436 1108 ipsorum
1497 1053 1628 1093 vero
1682 1037 2021 1108 imperator,

373 1135 523 1191 equo
551 1120 846 1187 vectus,in
876 1121 1132 1192 quodam
1163 1123 1408 1180 ﬂumine
1438 1124 1784 1180 submersus
1815 1128 1872 1178 et
1896 1123 2020 1177 suf-

373 1208 600 1264 focatus
631 1213 740 1264 est.
787 1209 1013 1281 Anglus
1042 1214 1239 1268 autem
1273 1214 1344 1268 ad
1389 1213 1640 1285 Cyprum
1696 1211 2020 1283 appellans,

373 1295 549 1353 homo
580 1298 950 1353 miserrimus
981 1300 1203 1355 invenit
1232 1317 1384 1372 eam,
1415 1308 1698 1371 tanquam
1729 1301 2021 1356 nutricem

375 1388 662 1440 matrem:
698 1386 854 1457 quod
885 1385 934 1442 si
967 1403 1081 1442 non
1115 1389 1478 1462 contigisset,
1517 1390 1569 1446 is
1625 1405 1860 1460 quoque
1905 1388 2020 1443 for-

375 1493 482 1534 san
512 1478 714 1532 eadem
747 1494 1032 1549 passurus
1072 1479 1283 1535 fuisset
1314 1497 1442 1552 quaa
1504 1481 1846 1536 Alamanos.
1897 1480 2022 1543 Qua

377 1582 549 1639 porro
578 1566 805 1622 ratione
852 1571 1024 1638 capta
1052 1568 1132 1623 sit
1189 1569 1434 1642 Cyprus,
1466 1570 1524 1625 id
1565 1569 1741 1628 etiam
1797 1569 2020 1626 cursim

379 1653 650 1710 narrabo.

450 1744 503 1800 4.
535 1743 777 1810 Quando
809 1761 954 1800 usus
984 1744 1386 1819 postulaverit,
1419 1752 1482 1803 ut
1513 1748 1695 1804 beatas
1727 1748 2023 1806 memorias

378 1833 685 1908 piissimus
716 1834 1033 1906 imperator
1063 1835 1298 1893 Manuel
1338 1837 1670 1895 Comnenus
1701 1839 2018 1911 quemdam

380 1923 636 1979 mitteret
664 1923 965 1979 custodem
1007 1924 1078 1978 ad
1112 1924 1443 1997 imperialia
1498 1927 1782 1983 Armeniae
1829 1927 2026 2000 praesi-

379 2012 494 2080 dia,
547 2026 732 2066 unum
787 2027 817 2066 e
873 2013 1217 2086 cognatione
1270 2032 1378 2070 sua
1433 2016 1634 2088 mittit,
1703 2017 2023 2073 admodum

368 2101 667 2172 juvenem,
697 2100 986 2157 Isaacium
1017 2103 1273 2170 nomine,
1309 2104 1410 2176 qui
1443 2122 1546 2177 per
1585 2105 1809 2178 aliquot
1838 2123 2024 2162 annos

376 2195 569 2246 castra
599 2205 733 2245 cum
765 2191 1132 2263 servavisset,
1165 2192 1318 2248 bello
1377 2210 1513 2250 cum
1561 2194 1852 2251 Armeniis
1883 2212 2023 2251 con-
2065 2181 2072 2187 ’

375 2277 556 2334 uixit:
591 2295 624 2333 a
653 2277 869 2350 quibus
919 2285 1148 2352 captus,
1181 2281 1453 2337 venditur
1510 2282 1752 2339 Latinis.
1794 2283 1862 2338 Hi
1921 2284 2022 2339 ho-

377 2365 597 2422 minem
630 2367 780 2421 ferro
811 2367 1070 2422 vinctum
1096 2385 1200 2440 per
1224 2385 1410 2426 annos
1441 2387 1558 2426 non
1611 2387 1830 2442 paucos
1877 2372 2024 2428 deti-

379 2460 656 2512 nuerunt.
707 2455 854 2512 Nam
913 2455 1139 2513 obierat
1197 2457 1516 2531 imperator
1570 2459 1801 2517 Manuel
1837 2460 2025 2532 ipsius

380 2542 730 2612 avunculus,
762 2544 1190 2616 imperiumque
1211 2547 1527 2618 reliquerat
1544 2549 1742 2605 Alexio
1772 2547 1896 2604 ﬁlio
1913 2567 2024 2606 suo

379 2630 481 2702 qui
513 2631 686 2686 etiam
719 2647 864 2702 puer
893 2636 1018 2688 erat
1051 2649 1065 2687 :
1096 2648 1213 2704 qua
1243 2633 1316 2689 de
1349 2650 1548 2701 causa,
1580 2651 1714 2690 cum
1737 2651 1804 2692 eo
1836 2636 2024 2708 impe-

379 2735 520 2775 rans
540 2719 666 2790 ejus
696 2723 945 2791 patruus
975 2721 1369 2788 Andronicus,
1393 2722 1778 2793 juvenculum
1810 2723 2023 2780 intere-

379 2807 509 2874 mit,
541 2806 976 2880 imperiumque
1029 2811 1350 2882 occupavit.
1402 2811 1683 2868 Exoratus
1741 2818 1935 2869 autem
1992 2829 2026 2868 a

376 2901 607 2966 senatu,
639 2895 820 2952 mittit
847 2895 1169 2968 plurimum
1201 2899 1394 2970 pretii,
1420 2905 1594 2972 atque
1625 2917 1660 2957 a
1691 2900 1915 2960 Latinis
1935 2917 2025 2958 re-

376 2986 563 3042 demit
591 2991 984 3042 memoratum
1023 2987 1335 3043 Isaacium.
1370 2988 1480 3054 Qui
1512 2990 1571 3045 in
1602 2993 1849 3062 Cyprum
1871 2990 2026 3046 veni-

377 3090 505 3144 ens,
537 3075 761 3131 obtinet
791 3090 944 3145 eam,
987 3079 1047 3131 et
1091 3075 1492 3148 proclamatur
1522 3078 1857 3151 imperator.
1893 3080 2026 3135 Per-

2131 595 2254 649 τότε
2302 593 2404 667 γὰρ
2454 593 2543 647 καὶ
2595 594 2623 648 6
2675 592 3000 665 Ἀλαμάνων
3044 594 3232 668 ἅρχων
3287 594 3418 665 μετὰ
3453 591 3733 653 ἐννακοσίων

2130 679 2420 756 χιλιάδων,
2473 681 2545 743 ὥς
2593 703 2744 760 φασι,
2799 678 3195 755 στρατοπέδων,
3237 681 3369 756 πρὸς
3417 683 3736 756 Ἰεροσόλυμα

2131 770 2218 825 καὶ
2247 771 2404 833 αὐτὸς
2433 771 2529 837 τὴν
2577 771 2751 843 ὁομήν
2803 769 3062 824 ἐποιεῖτο.
3117 768 3406 844 Παρελθὼν
3439 767 3492 824 δὲ
3519 773 3608 839 τὴν
3634 772 3738 847 χώ-

2133 881 2226 936 ραν
2275 858 2370 914 τοῦ
2425 859 2672 928 Ἰκονίου,
2719 860 2806 913 καὶ
2860 861 2926 913 τὰ
2999 856 3295 913 ἀνατολικὰ
3361 858 3492 933 μέρη
3551 856 3737 934 διερχό-

2133 970 2313 1022 μενος,
2374 945 2733 1025 διεφοάρησαν
2789 947 2854 1002 τὰ
2913 944 3249 1019 στρατοπεδα
3295 950 3374 1017 τῷ
3451 949 3601 1018 μήκει
3651 955 3734 1017 τῆς

2131 1035 2281 1109 ὁδοῦ,
2305 1038 2394 1092 καὶ
2422 1041 2502 1108 τῷ
2528 1035 2682 1110 λιμῷ
2711 1037 2800 1091 καὶ
2831 1040 2898 1110 τῇ
2931 1034 3075 1110 δίψει
3111 1055 3124 1067 ⁸
3161 1037 3189 1090 ὁ
3222 1033 3268 1089 δ’
3307 1035 3479 1090 αὐτῶν
3514 1034 3738 1109 βασιλεὺς

2130 1122 2183 1180 ἔν
2224 1147 2333 1181 τινι
2379 1130 2612 1198 ποταμῷ
2660 1125 2927 1199 ἀπεπνίγη
2979 1123 3360 1200 ἐποχούμενος
3403 1121 3558 1195 ἵππῳ
3589 1165 3602 1183 .
3653 1125 3740 1200 Ἰγ-

2128 1213 2316 1286 κλίτερ
2373 1212 2431 1269 δὶ
2486 1222 2553 1283 τῆ
2601 1214 2804 1288 Κύπρῳ
2877 1208 3236 1289 παραϐαλὼν,
3319 1212 3466 1288 εὗρεν
3520 1211 3672 1282 αὐτὴν
3717 1214 3740 1268 6

2129 1304 2427 1365 πανάθλιος
2470 1304 2544 1366 ὡς
2583 1305 2905 1372 τιθηνοῦσαν
2982 1303 3228 1378 μητέραο
3279 1302 3380 1357 -καὶ
3439 1300 3487 1356 εἲ
3536 1303 3614 1375 ,μὴ
3664 1300 3738 1377 16-

2127 1413 2251 1466 γονε
2305 1396 2488 1461 τοῦτο,
2534 1391 2601 1447 τὰ
2647 1395 2744 1446 τοῦ
2795 1390 3108 1466 Ἀλαμάνου
3153 1389 3288 1453 ἴσως
3345 1387 3542 1464 ἔμελλε
3591 1390 3743 1445 πείσο-

2129 1493 2250 1544 σθαι
2277 1481 2366 1536 καὶ
2396 1480 2574 1545 αὐτός.
2612 1483 2732 1542 Ηῶς
2784 1477 2841 1535 δὶ
2891 1480 3104 1556 Κύπρον
3138 1483 3249 1552 [An
3280 1480 3500 1555 Κύπρος
3523 1479 3569 1551 Ῡ]
3597 1475 3741 1549 ἑάλω,

2129 1567 2502 1644 ἐπιδρομάδην
2533 1569 2670 1643 λέξω
2701 1569 2790 1624 καὶ
2818 1574 3001 1626 τοῦτο.

2203 1745 2265 1804 δ’.
2298 1750 2386 1811 Ὠς
2419 1747 2624 1825 ἐγένετο
2655 1747 2707 1804 ἂν
2743 1749 2948 1824 ’χρήσει
2995 1747 3024 1802 6
3067 1745 3120 1803 ἐν
3153 1745 3396 1822 μακαρίᾳ
3422 1749 3490 1820 τῇ
3519 1743 3659 1818 λήξει
3679 1743 3746 1801 εύ-

2053 1877 2100 1942 B
2131 1831 2445 1942 σεϐἐρτατος
2498 1835 2756 1912 βασιλεὺς
2810 1833 3072 1942 μαῖουὴλ
3133 1837 3163 1942 6
3207 1836 3493 1942 Κομνῃνὸς
3542 1834 3748 1942 φρορρὸν

2133 1923 2343 1980 στεῖλαί
2398 1947 2519 1980 τινα
2572 1927 2710 2000 πρὸς
2776 1926 2843 1979 τὰ
2907 1923 3163 2000 βασιλικᾶ
3219 1923 3462 2002 φρούρια
3503 1929 3596 1993 τῆς
3639 1923 3753 1998 Ἀρ·

2136 2015 2322 2089 μενίας
2377 2013 2594 2070 στέλλει
2648 2014 2770 2069 τινὰ
2845 2018 2953 2068 τῶν
3028 2013 3194 2069 αὐτοῦ
3252 2017 3527 2090 συγγενῶν
3577 2008 3759 2084 κομιδῇ

2131 2102 2274 2170 νέον,
2307 2101 2572 2159 Ἰσαάκιον
2597 2099 2842 2174 τοῦνομα
2875 2120 2889 2134 ο
2925 2101 2986 2165 ’ὸς
3015 2103 3252 2177 χρόνους
3297 2100 3453 2164 τινὰς
3480 2101 3548 2156 τὰ
3579 2101 3762 2176 adopta

2131 2187 2516 2267 περιφυλάξας,
2576 2188 2833 2244 συνάπτει
2901 2187 3148 2262 πόλεμον
3225 2189 3375 2263 μετὰ
3428 2195 3534 2244 τῶν
3589 2190 3761 2264 Ἃρμο-

2131 2277 2257 2333 νίων
2289 2298 2300 2310 ·
2361 2279 2448 2332 καὶ
2524 2279 2650 2352 παρ’
2717 2277 2891 2332 αὐτῶν
2946 2275 3200 2346 ἀλωθεὶς,
3253 2279 3614 2353 πιπράσκεται
3660 2281 3764 2338 τοῖς

2133 2367 2406 2430 Λατίνοις.
2464 2367 2531 2423 Οἱ
2585 2364 2642 2422 δὲ
2700 2365 3089 2443 σιδηροὲσμιον
3141 2365 3311 2421 αὐτὸν
3361 2372 3609 2442 κατεῖχον
3643 2365 3759 2441 χρόα

2133 2475 2247 2518 νοις
2296 2455 2526 2525 ἱκανοῖς,
2582 2457 2682 2512 Ἦν
2740 2454 2840 2531 γὰρ
2900 2453 3228 2526 τελευτήσας
3288 2456 3325 2510 6
3389 2453 3633 2532 βασιλεὺς
3664 2458 3760 2510 Πα-

2133 2542 2300 2613 νουὴλ
2355 2544 2383 2597 6
2423 2545 2564 2605 θεῖος
2617 2542 2803 2611 αὐτοῦ,
2854 2542 3009 2605 ἐάσας
3062 2545 3160 2612 τήν
3213 2542 3510 2618 βασιλείαν
3565 2541 3766 2616 Ἀλεξίῳ

2130 2637 2210 2704 τῷ
2241 2633 2345 2704 υίῷ
2373 2631 2537 2687 αὐτοῦ
2580 2629 2854 2706 παιδαρίῳ
2884 2628 2998 2686 ὄντι
3028 2632 3119 2686 καὶ
3165 2633 3346 2705 αὐτῷ.
3382 2633 3459 2688 Δι’
3488 2631 3556 2702 ἤν
3585 2630 3761 2698 αίτίαν,

2133 2715 2568 2794 συμϐασιλεύσας
2641 2718 2792 2792 αύτῷ
2862 2717 3206 2795 Ἀνδρόνικος
3295 2722 3328 2776 6
3404 2722 3547 2782 Θεῖος
3599 2719 3771 2792 αὐτοῦ,

2135 2809 2342 2884 ἀναιρεῖ
2385 2809 2448 2864 τὸ
2490 2805 2802 2884 παιδάριον,
2841 2811 3117 2885 κρατήσας
3160 2815 3260 2881 τῆς
3318 2809 3611 2886 βασιλείας.
3655 2815 3770 2864 Δυσ-

2135 2895 2378 2968 ωπηθεὶς
2435 2894 2493 2953 δὲ
2548 2896 2695 2971 παρὰ
2757 2904 2856 2968 τῆς
2905 2896 3218 2973 συγκλήτου
3279 2897 3523 2974 βουλῆς,
3578 2895 3770 2955 στᾶλλει

2135 2983 2445 3059 πάμπολλα
2519 2983 2710 3061 λύτρα,
2794 2985 2885 3040 καὶ
2969 2986 3245 3057 ὲξωνεῖται
3295 2987 3361 3043 ἐκ
3405 2985 3648 3042 ’Λατίνων
3694 2985 3770 3040 τὸν

2139 3074 2373 3152 ῥηθεντα
2421 3075 2706 3132 Ἰσαάκιον.
2757 3075 2854 3136 Ὃς
2905 3072 3082 3140 ἐλθὼν
3121 3075 3181 3130 ’ὲν
3355 3075 3566 3154 Κύπρῳ
3608 3077 3774 3150 κρατεῖ

380 3179 495 3237 que
517 3179 705 3220 annos
737 3168 960 3236 septem
993 3163 1137 3220 inibi
1172 3166 1796 3226 dominatur.Insulam
1827 3172 2026 3225 autem

2149 3165 2333 3233 ιύτήν,
2385 3163 2474 3218 καὶ
2529 3161 2824 3238 φημίζεται
2875 3160 3166 3238 βασιλεύς.
3224 3163 3332 3221 Καὶ
3390 3171 3577 3239 κρατεῖ
3624 3162 3770 3232 αὐτὴν

380 3269 498 3310 non
528 3256 760 3309 tantum
789 3253 1034 3322 vexavit,
1067 3253 1435 3327 divitumque
1490 3258 1643 3314 bona
1672 3258 1912 3314 omnino
1939 3257 2026 3313 di-

2149 3251 2229 3308 ἐπὶ
2269 3231 2502 3328 χρόνους
2541 3231 2624 3320 .v
2673 3231 2942 3308 Ἒκάκωσε
2993 3249 3052 3307 δὲ
3110 3252 3171 3308 οὗ
3213 3255 3320 3323 τὴν
3365 3231 3553 3330 χῶραν
3588 3251 3776 3322 ἀπλῶξι

381 3341 587 3414 ripuit,
620 3342 721 3398 sed
751 3345 809 3398 et
836 3358 1106 3414 proceres
1147 3359 1287 3400 suos
1320 3345 1582 3416 quotidie
1611 3347 1946 3420 exagitabat
1975 3350 2032 3402 et

386 3430 702 3504 afﬂigebat,
735 3432 877 3488 adeo
928 3436 992 3488 ut
1049 3449 1255 3490 omnes
1307 3435 1367 3490 in
1419 3437 1706 3508 angustiis
1753 3437 2030 3502 viverent,

387 3512 748 3661 mandumque
781 3518 1035 3592 aliquem
1067 3526 1396 3593 quaererent
1424 3540 1540 3596 quo
1563 3530 1804 3596 possent
1827 3525 1901 3582 ab
1931 3523 2033 3580 illo

387 3620 418 3661 θ
466 3621 662 3661 ιιαθι-θ.

387 3620 662 3679 eu'ugere.

458 3785 514 3841 5.
538 3784 672 3850 Qum
704 3800 836 3840 cum
866 3785 948 3841 ita
977 3802 1038 3842 se
1068 3786 1370 3856 haberent,
1403 3807 1534 3847 ecce
1581 3789 1807 3864 Anglus
1863 3790 2038 3848 irruit

389 3876 450 3931 in
481 3875 775 3947 Cyprum:
810 3875 1128 3947 statimque
1159 3877 1230 3931 ad
1290 3893 1425 3934 eum
1457 3881 1652 3936 cuncti
1698 3884 2035 3936 accurrunt.

393 3963 560 4018 Tunc
589 3962 904 4032 imperator
934 3964 1202 4019 desertus
1227 3981 1258 4020 a
1288 3967 1524 4039 populo,
1565 3969 1690 4040 ipse
1738 3985 1800 4025 se
1854 3968 2039 4041 Anglo

395 4048 641 4104 dedidit.
674 4050 895 4120 Anglus
929 4050 1130 4106 ferreis
1161 4051 1410 4110 vinculis
1440 4054 1603 4126 ligat,
1672 4057 1940 4129 ingentes
1970 4056 2038 4111 il-

395 4137 514 4193 lius
542 4136 849 4193 thesauros
880 4138 1052 4210 rapit,
1112 4142 1408 4212 regionem
1441 4144 1714 4200 atrociter
1742 4146 2041 4218 deprzeda-

397 4229 514 4296 tur,
540 4228 713 4296 atque
745 4225 820 4280 ita
848 4227 918 4282 ad
956 4227 1286 4286 Jerusalem
1347 4233 1604 4304 navigat,
1625 4220 1642 4237 ⁶
1665 4232 1883 4290 relictis
1937 4251 2043 4289 na-

397 4315 572 4374 vibus
601 4332 728 4386 qua}
758 4321 975 4374 terram
1007 4318 1412 4391 dili'enderent,
1443 4340 1509 4379 ao
1566 4329 1698 4396 post
1727 4341 1859 4380 eum
1909 4324 2045 4380 mit«

398 4409 614 4462 terent.
645 4407 718 4461 At
746 4407 1035 4463 Isaacium
1067 4410 1232 4480 Cypri
1263 4410 1682 4482 imperatorum
1735 4414 1885 4470 ferro
1915 4413 2047 4470 vin-

402 4500 560 4551 ctum
593 4494 840 4551 includit
869 4497 927 4551 in
967 4497 1205 4553 castello
1243 4499 1552 4572 Marcappo
1584 4503 1712 4574 [Αιι.
1771 4501 2042 4573 Margato]

2140 3342 2227 3395 καὶ
2287 3345 2397 3396 τῶν
2445 3339 2730 3396 πλουσίων
2788 3340 2915 3403 τοὺς
2995 3341 3148 3417 βίους
3203 3341 3456 3407 καθόλου
3505 3341 3774 3417 διήρπασεν

2140 3425 2287 3484 ἀλλὰ
2311 3430 2396 3484 καὶ
2428 3428 2556 3492 τοὺς
2581 3425 2754 3490 ἰδίους
2785 3425 3055 3506 ἄρχοντας
3081 3430 3250 3486 αὐτοῦ
3280 3430 3635 3503 ποινηλατῶν
3667 3439 3780 3494 καθ·

2143 3517 2368 3587 εκάστην
2455 3518 2544 3572 καὶ
2625 3511 2851 3590 Θλίϐων,
2933 3517 3073 3574 ὥστε
3117 3517 3324 3582 πάντας
3400 3519 3454 3575 ἐν
3521 3516 3783 3594 ἀμηχανίᾳ

2145 3603 2372 3681 διάγειν,
2425 3605 2515 3661 καὶ
2593 3603 2798 3681 τρύπον
2869 3606 2992 3662 τινὰ
3061 3605 3462 3679 ὶπιζητοῦντας
3518 3607 3782 3688 φεύξασθαι

2144 3695 2235 3750 ἀπ’
2263 3694 2452 3750 αὐτοῦ.

2217 3794 2274 3848 ε’.
2307 3790 2522 3847 Τυύτων
2554 3788 2612 3846 δὶ
2667 3789 2846 3854 οὕτως
2900 3789 3164 3867 ἰχόντων,
3218 3790 3347 3849 ῗδοὺ
3403 3791 3496 3848 καὶ
3537 3790 3784 3868 Ἰγκλίτερ

2146 3874 2446 3957 προσϐάλει
2507 3884 2577 3954 τῇ
2654 3879 2859 3956 Κύπρῳ
2892 3899 2905 3912 ·
2990 3880 3080 3936 καὶ
3152 3883 3349 3937 θᾶττον
3439 3882 3578 3957 πρὸς
3643 3879 3786 3936 αὐτὸν

2147 3965 2382 4044 ἔδραμον
2411 3968 2624 4031 πάντες.
2658 3965 2799 4026 Τότε
2823 3967 2851 4022 6
2884 3965 3157 4042 βασιλεὺς,
3185 3966 3406 4043 ἔρημος
3445 3965 3786 4042 ἐναπομείνας

2153 4057 2315 4125 λαοῦ,
2344 4053 2634 4133 προύδωκε
2681 4055 2779 4110 καὶ
2823 4055 3007 4125 αὐτὸς,
3055 4056 3213 4132 χερσὶ
3262 4062 3375 4112 τῶν
3410 4055 3793 4132 ’Ῑγκλιτὲῥρων,

2152 4150 2248 4206 ’ον
2281 4144 2371 4201 καί
2421 4143 2590 4216 δήσας
2633 4142 2901 4221 σιδήροις,
2952 4145 3040 4200 καὶ
3090 4145 3220 4210 τοὺς
3279 4146 3452 4203 αὐτοῦ
3511 4142 3795 4221 Θησαυροίκ

2154 4234 2447 4312 διαρπάσας
2498 4231 2705 4312 σφόδρα
2741 4231 3014 4305 πολλοὺς,
3063 4235 3155 4290 καὶ
3196 4237 3296 4304 τήν
3351 4237 3548 4312 χώραν
3579 4232 3797 4290 σκυλεύ-

2155 4345 2247 4386 σας
2279 4321 2491 4392 δεινῶς,
2541 4320 2780 4379 ἀποπλεῖ
2825 4323 2960 4400 πρὸς
3013 4322 3389 4399 Ἰερουσαλεμ,
3440 4323 3618 4380 πλοῖα
3644 4341 3797 4378 κατα-

2156 4411 2345 4486 λείψας
2391 4416 2488 4467 τοῦ
2539 4409 2812 4487 σχιδεύειν
2871 4415 2943 4486 (6)
2993 4412 3091 4481 τὴν
3152 4415 3373 4488 χώραν,
3429 4413 3524 4469 καὶ
3565 4409 3797 4468 στελλειν

2159 4498 2376 4565 ὄπισθεν
2436 4499 2621 4558 αὐτοῦ.
2682 4503 2777 4572 Τῷ
2842 4498 2901 4556 δὲ
2961 4499 3187 4576 βασιλεῖ
3251 4501 3487 4578 Κύπρου
3566 4498 3800 4570 Ἰσαακίῳ

401 4587 819 4657 vocato.Atque
840 4585 1157 4642 sceleratus
1178 4604 1312 4643 cum
1328 4589 1474 4644 nihil
1488 4591 1829 4662 profecisset
1845 4593 2028 4647 advers

2156 4588 2462 4645 κατακλείει
2523 4585 2928 4665 σιδηροδεσμίῳ
2999 4590 3056 4644 ἐν
3135 4589 3432 4664 καστὲλλῳ
3490 4587 3804 4663 καλουμὲνῳ

405 4689 510 4731 sus
538 4673 795 4730 similem
825 4674 876 4732 ei
907 4674 1411 4744 Salachantinum,
1446 4679 1551 4734 hoc
1582 4679 1774 4735 solum
1806 4680 2045 4752 peregit,

479 4810 556 4886 (ἢ)
604 4803 872 4886 σχιδεύειν
931 4808 1029 4876 τὴν
1089 4808 1299 4886 χώραν.
1360 4812 1676 4886 Dillindere
1749 4814 2047 4886 regionem

405 4879 478 4958 ad
507 4879 982 4958 deprfaadandum,
1015 4899 1046 4938 a
1079 4879 1271 4955 σχῐδος
1317 4880 1500 4957 σχίδα,
1535 4885 1762 4958 σχίζειν.
1793 4879 2048 4944 Ioannes

408 4951 710 5020 Euchaita,
736 4970 790 5023 p.
821 4954 892 5008 50
926 4971 938 5008 :

1049 5041 1143 5103 Είς
1195 5038 1414 5117 σχὲδος.

411 5127 823 5208 Ϊεσσαρᾴκοντα
854 5129 1180 5208 συμμάχους
1213 5131 1390 5194 θείους
1417 5129 1550 5208 ἔχω,

409 5201 1160 5277 ΤεσσαράκοοταᾹφράσσομαι
1192 5201 1576 5277 παραστάταις.

409 5273 497 5349 Τίς
522 5271 656 5349 πρρς
683 5271 974 5349 τοσούτους
1007 5271 1195 5349 χεῖρας
1225 5271 1454 5336 ὁπλίτας
1485 5277 1604 5349 ἆροι
1641 5293 1654 5342 ;

413 5345 502 5422 Τὲς
531 5344 1274 5422 πρὸς.φάλαγγα,μάρςέύρωγ
1305 5349 1495 5416 στήσοι
1517 5344 1758 5422 ζμάχηνς

410 5417 550 5493 Ἰορα
576 5413 1014 5493 σχιδευταέπρὸς
1043 5413 1192 5493 τίνας
1228 5413 1340 5493 μοι·
1361 5413 1666 5493 σύμπλὲκῇ,

411 5481 571 5562 Ιίὄσῳ
602 5481 814 5563 ἔτρατῷ
840 5481 903 5544 7δέ
921 5481 1238 5561 ’συμϐαλεῖν
1258 5481 1471 5564 τολμᾷς
1499 5481 1704 5566 μάχῆν,

1120 5597 1183 5652 In
1210 5607 1406 5654 ratem.

487 5682 867 5752 Quadraginta
891 5683 1223 5741 auxiliarios
1251 5685 1462 5743 divino:
1493 5687 1682 5756 habeo,

2155 4679 2496 4752 Μαρκάππῳ.
2551 4678 2698 4734 Κατὰ
2755 4674 2812 4732 δὲ
2874 4678 2970 4733 τοὺ
3019 4677 3220 4752 ὁμοίου
3267 4679 3422 4753 αύτῷ
3477 4675 3804 4754 Σαλαχαντί-

2230 4831 2602 4900 Quadraginta
2627 4831 2788 4886 socii:
2816 4833 3179 4888 communior.

2227 4905 2362 4971 Qui:
2392 4901 2649 4958 adversus
2661 4911 2736 4957 tot
2747 4910 3034 4973 tantosque
3044 4919 3244 4958 manu:
3255 4906 3508 4959 armata:
3519 4901 3799 4973 leaaveriti

2232 4977 2363 5047 Qui;
2374 4979 2562 5030 contra
2577 4976 2895 5047 martyrum,
2931 4971 3206 5047 cohortem
3217 4991 3372 5047 pugn
3379 4991 3474 5031 am
3491 4971 3805 5030 instituti-21'

2227 5045 2396 5122 (ide,
2422 5047 2629 5116 pirata,
2656 5062 2780 5101 cum
2802 5046 2997 5122 quibus
3023 5046 3165 5122 mihi
3183 5045 3556 5122 certme
3581 5047 3674 5114 sic,

2232 5119 2548 5188 Quantaque
2564 5132 2690 5172 cum
2717 5117 2962 5172 exercitu
2990 5117 3157 5172 aude:
3183 5120 3332 5173 inire
3361 5127 3662 5174 certamen.

2232 5183 2314 5245 Ita
2363 5183 2622 5260 intelligo
2675 5193 2735 5244 et
2785 5189 3135 5259 interpretor
3189 5205 3421 5256 versus,
3473 5189 3536 5244 in
3601 5183 3800 5260 quibus

2161 5259 2358 5332 fassus
2379 5253 2583 5332 estvir
2611 5259 2820 5332 doctus
2849 5253 3312 5332 segnescirequid
3330 5253 3513 5332 esset
3535 5253 3801 5332 qESoset

2163 5327 2441 5406 aliaeurai.
2474 5331 2575 5386 Est
2606 5330 2806 5401 procul
2837 5331 3014 5406 dubio
3045 5321 3240 5406 σχὲδᾷς
3283 5331 3448 5406 idem
3481 5346 3549 5387 ac
3572 5321 3799 5406 ’σχεδίας

2167 5401 2358 5475 Atque
2415 5403 2496 5458 ita
2553 5417 2623 5475 ex
2678 5401 3018 5475 metaphora
3048 5401 3301 5475 ,‘r'velim
3363 5403 3549 5475 etiam
3605 5401 3798 5475 θέροῃί

2162 5464 2359 5546 Nilum
2390 5473 2726 5546 narratione
2777 5464 2856 5544 1,’
2885 5464 3167 5546 pag.'19,
3207 5469 3307 5546 ,καὶ
3356 5469 3576 5546 Δἔκειντο
3623 5464 3795 5546 adtigit-

2164 5540 2276 5627 §stv
2358 5543 2737 5627 νομιζόμενοι.
2807 5540 3023 5627 σχὶδίῖιι
3115 5540 3482 5627 ᾦπλιαμὲνων

2162 5617 2228 5674 Et
2251 5616 2524 5688 iacebant,
2554 5616 2800 5673 dormire
2825 5616 2955 5685 uisi,
3000 5621 3191 5688 pontu
3225 5633 3330 5676 seu
3373 5626 3524 5674 ram
3573 5619 3801 5670 armau-

2161 5705 2289 5744 rum
2314 5697 2674 5747 mortuorum.
