4028 6202
232 420 326 482 σοι
1299 418 1626 480 JOANNIS
1671 411 1926 480 unum
1968 419 2476 483 FRAGMENTA.
3469 414 3589 492 εςοέ

226 569 305 605 νου
354 547 528 609 ἀνύσας
589 545 753 620 μηδὶν
810 549 839 603 6
899 548 1186 624 ἀλιτήριος
1223 591 1238 615 ,
1297 545 1461 616 ἤνυσε
1513 550 1673 604 τοῦτο
1742 557 1817 603 κα¹

1997 554 2099 608 uod
2131 554 2350 610 Latinis
2407 554 2658 627 Cyprum
2719 555 2981 613 vendidit
3023 557 3293 615 ducentis
3325 559 3588 621 millibus

228 637 386 711 μόνον,
433 634 718 712 διαπράσας
765 639 865 708 τήν
916 639 1107 714 χώραν
1165 639 1416 698 Λατίνοις
1465 638 1699 712 γρυσίου
1746 657 1819 714 χιι

2000 642 2077 696 πὶ
2109 642 2416 698 librarum.
2449 645 2727 710 Quocirca
2761 646 3016 716 ejulatus
3073 647 3318 717 multus,
3349 655 3406 706 et
3443 649 3591 707 into-

225 723 397 780 λιὰδων
429 725 620 800 λιτρῶν
655 723 966 782 διακοσίων.
998 727 1089 781 Διὸ
1109 725 1200 780 καὶ
1234 723 1408 788 πολὺς
1441 726 1469 780 6
1502 725 1815 801 ὀλολυγμὸς

2000 731 2208 785 ετοϋίιίε
2231 733 2451 798 fumus,
2484 738 2548 786 ut
2575 739 2748 788 antea
2793 733 3012 790 dictum
3045 743 3132 791 est
3190 755 3259 793 ex
3304 723 3591 810 Aquilone

221 817 296 869 καὶ
334 815 594 888 ἀφόρητος
641 816 669 869 ὁ
715 817 940 883 καπνὸς,
993 817 1069 878 ὡς
1118 814 1461 891 προείρηται,
1494 816 1522 870 6
1575 814 1750 870 ἐλθὼν
1782 814 1812 870 ἐπ

1996 818 2144 874 snit:
2177 819 2246 875 de
2277 821 2491 891 quibus
2513 837 2645 876 eum
2681 822 2779 894 qui
2803 821 3048 880 voluerit
3079 825 3384 898 sigillatim
3415 843 3587 900 expo-

221 907 299 957 τοῠ
327 902 499 977 βορῥᾶ.
531 904 659 976 Περὶ
691 905 764 958 ὦν
797 906 826 960 6
859 905 1031 969 θέλων
1086 890 1334 976 δηλῶσαι
1383 903 1522 959 κατά
1555 905 1718 979 μέρος
1748 925 1812 960 κα

1086 890 1334 976 δηλῶσαι
1383 903 1522 959 κατά
1555 905 1718 979 μέρος
1748 890 1840 960 καὶ
1947 921 2106 975 nere,
2139 890 2373 979 tempus
2403 909 2636 965 diﬁciet.

219 993 241 1047 ὁ
264 989 438 1066 χρόνος
468 989 761 1067 ἐπιλείψει.

2016 997 2070 1052 6.
2111 997 2365 1052 Praesens
2395 997 2572 1068 hujus
2604 997 2712 1054 loci
2744 1003 2933 1058 status
2960 1017 3326 1075 nequaquam
3351 1005 3590 1062 inferior

276 1086 326 1142 ς’.
358 1081 691 1168 Μαινομένης
741 1079 1020 1168 θαλάσσης
1067 1082 1140 1168 lxi
1173 1080 1394 1152 πολλῆς
1418 1080 1706 1158 τρικυμίας
1743 1069 1837 1138 καἒ

1997 1089 2035 1140 it
2091 1088 2235 1140 mari
2292 1102 2360 1141 ex
2406 1085 2630 1158 ingenti
2686 1069 3070 1161 tempestate;
3139 1069 3588 1168 vehementique

215 1165 404 1237 πολλῆς
449 1166 761 1246 καταιγίδος
809 1167 962 1225 οόδὶν
1015 1167 1235 1226 ἀποδὲει
1277 1175 1370 1226 νῦν
1417 1170 1485 1226 τὰ
1511 1176 1614 1241 τῆς
1643 1171 1802 1247 χώρα

1996 1173 2200 1229 rocella
2231 1174 2447 1230 furiose
2469 1175 2726 1247 agitato;
2761 1178 3024 1248 quinimo
3067 1181 3241 1237 feroci
3290 1185 3438 1238 mari
3493 1165 3587 1240 de-

211 1258 364 1344 ἡμῶν·
396 1256 604 1328 μᾶλλον
631 1255 688 1314 δὲ
716 1259 806 1314 καὶ
839 1265 1031 1334 χεῖρον
1053 1259 1242 1337 ἀγρίας
1273 1259 1566 1330 Θαλάσσης.
1589 1259 1799 1330 Ἐκείνη

1990 1262 2136 1328 :rior,
2169 1262 2464 1335 siquidem
2519 1264 2710 1338 pelagi
2769 1266 3127 1325 ferocitatem
3185 1270 3581 1344 tranquillitas

209 1343 419 1433 ﬁeri)»;
469 1346 770 1420 ἀγριότητα
819 1345 1130 1425 διαδέχεται
1170 1349 1407 1425 γαλήνηο
1468 1346 1650 1413 ἐνθάδε
1695 1347 1752 1404 δὲ

1986 1351 2186 1422 ιοίρίις
2219 1351 2314 1407 hic
2331 1368 2465 1409 vero
2495 1353 2746 1426 singulis
2777 1355 2984 1412 diebus
3015 1359 3224 1414 crescit
3253 1343 3577 1433 fluctuatio,

208 1431 392 1488 κλύδων
455 1437 789 1508 καθεκάστην
848 1437 1086 1509 ἐπαύξει,
1141 1437 1231 1494 καὶ
1281 1439 1344 1492 τὸ
1372 1436 1627 1514 ῥαγδαῖον
1666 1436 1799 1493 αὐτο

1997 1456 2185 1512 usque
2215 1441 2472 1513 impetus
2505 1442 2680 1498 ﬁnem
2741 1461 2853 1500 non
2908 1445 3122 1514 habet;
3156 1447 3271 1503 nisi
3304 1449 3446 1505 forte
3476 1431 3579 1506 au;

204 1521 337 1584 τέλος
381 1523 475 1578 οὔκ
527 1520 666 1600 ἔχει·
719 1525 764 1580 εἰ
818 1528 893 1599 μή
939 1547 1046 1582 που
1095 1527 1358 1598 ἀκούσειε,
1409 1527 1588 1602 Μέχρι
1633 1526 1794 1582 τούτο

1990 1530 2148 1584 ierit:
2229 1534 2726 1601 Hucusquevenies,
2792 1537 2844 1590 et
2910 1549 3019 1590 non
3089 1537 3581 1608 praetergredieric,

204 1610 394 1687 ἆλιῦσῃ,
447 1613 537 1668 καὶ
598 1613 707 1690 οὐχ
765 1611 1046 1690 ὁπερϐήσῃ
1079 1660 1094 1683 ,
1149 1615 1276 1672 ἀλλ’
1331 1614 1382 1670 ἐν
1443 1619 1638 1690 σεαυτῇ
1669 1624 1795 1670 ’συν

1990 1617 2026 1672 ‘d
2057 1620 2116 1673 in
2164 1624 2219 1674 te
2276 1621 2725 1676 comminuontur
2773 1623 2974 1692 fluctus
3031 1624 3168 1679 tui”.
3230 1624 3291 1680 In
3349 1625 3581 1682 Levitici

208 1697 496 1773 τριὸήσιταί
528 1724 625 1759 σοι)
655 1706 722 1759 τὰ
776 1704 1009 1779 κύματα.
1062 1707 1150 1764 Ἐν
1211 1705 1280 1780 τῇ
1333 1706 1592 1781 Λευιτῖκῇ
1651 1701 1799 1782 βίϐλι

1990 1707 2125 1762 bro‘
2155 1712 2355 1780 aperte
2385 1708 2615 1780 scriptas
2648 1715 2787 1766 sunt
2816 1710 3009 1768 clades
3047 1729 3171 1784 quis
3202 1713 3262 1769 in
3290 1716 3449 1770 terra
3472 1732 3581 1772 no-

206 1791 476 1867 γὲγραπται
512 1791 816 1870 διαρῥῆδην
871 1795 939 1850 τὰ
993 1794 1045 1850 ἐν
1100 1799 1168 1870 τῇ
1224 1799 1294 1871 γῇ
1353 1798 1518 1868 ἡμῶν
1562 1797 1790 1866 συναντή

1987 1813 2060 1851 ;ra
2079 1801 2397 1852 evenerunt
2422 1813 2435 1851 :
2471 1796 2620 1852 bella
2649 1797 2893 1866 scilicet,
2923 1800 3294 1871 devietiones,
3319 1802 3578 1860 sationes

207 1901 346 1935 σαντα
372 1884 618 1956 πήματα,
648 1881 776 1952 ἤτοι
805 1883 1067 1957 πόλεμοι,
1097 1884 1279 1956 ἧτται,
1333 1883 1528 1960 σποραὶ
1555 1882 1798 1953 διακενῆς

1986 1903 1996 1939 ι
2045 1901 2284 1952 vanum,
2334 1889 2670 1942 nostrorum
2735 1887 3004 1944 laborum
3062 1906 3165 1960 per
3212 1892 3577 1949 adversarios

207 1970 502 2025 ὑπεναντίων
537 1969 720 2040 ἐδωδὴ
770 1973 1030 2045 καμάτων
1070 1975 1253 2046 ἡμῶν
1284 1971 1374 2027 καὶ
1404 1975 1440 2043 ἡ
1473 1972 1632 2048 ἰσχὺς
1663 1975 1798 2046 ἡμῶη

1981 1974 2254 2040 )mestio;
2287 1979 2345 2030 et
2374 1975 2610 2030 furtudo
2653 1981 2852 2032 nostra
2901 1979 2972 2032 ad
3032 1979 3286 2035 nihilum
3328 1981 3572 2050 recidit;

205 2055 386 2131 ἐγένετο
421 2060 509 2124 ἐἰς
557 2057 731 2115 οὐδέν’
764 2060 1181 2142 καὶέγινόμεθα
1227 2061 1526 2138 ὀλιγοστοί·
1555 2061 1642 2116 καὶ
1693 2061 1794 2117 λαὸ

1982 2062 2103 2118 auci
2135 2063 2268 2119 facti
2301 2080 2549 2132 sumus;
2583 2069 2638 2119 et
2667 2064 2920 2136 populus
2950 2066 3177 2124 alienus
3218 2069 3573 2142 multiplica-

205 2146 469 2224 ἀλλότριος
518 2147 836 2220 ἐπληθύνθη
872 2141 933 2204 ’ἐν
980 2154 1050 2224 τῇ
1098 2153 1168 2226 γῇ
1213 2152 1372 2224 ἡμῶν
1406 2194 1419 2208 .
1461 2149 1796 2226 Ἐπορεύθητ

1994 2169 2034 2207 ιε
2065 2157 2154 2208 est
2184 2153 2240 2207 in
2266 2159 2418 2209 terra
2448 2157 2668 2209 nostra.
2726 2154 3113 2212 Ambulavistz's
3141 2173 3277 2226 erga
3304 2141 3412 2214 mei
3445 2159 3585 2215 obli-

207 2236 318 2309 πρός
371 2259 436 2310 με
488 2237 749 2315 πλάγιοι,
803 2239 950 2316 λέγει
997 2242 1026 2296 6
1079 2243 1229 2307 Θεὸς,
1286 2241 1441 2317 κάγὼ
1486 2242 1798 2318 πορεύσομα

1997 2244 2052 2312 ii,
2088 2241 2230 2297 dicit
2258 2242 2432 2314 Deus,
2463 2249 2516 2298 et
2542 2259 2637 2315 ego
2666 2243 2958 2300 ambulabo
2987 2261 3120 2314 erga
3147 2262 3238 2301 vos
3283 2249 3345 2302 in
3397 2253 3588 2317 furore

201 2326 319 2399 πρὸς
355 2327 489 2401 ὑμᾶς
538 2327 591 2383 ἔν
645 2331 805 2402 θυμῷ
848 2329 1091 2406 πλαγίῳ.
1126 2330 1226 2388 Καὶ
1251 2331 1353 2406 γὰρ
1381 2329 1554 2394 οὕτως
1592 2328 1729 2406 ἔχει.
1759 2333 1792 2386 Ε

1997 2331 2174 2402 νιίᾳιιο.
2208 2331 2435 2388 Etenim
2486 2332 2567 2388 ita
2616 2349 2708 2389 res
2759 2333 2954 2388 habet.
2989 2333 3112 2390 Nisi
3169 2335 3328 2391 enim
3373 2335 3588 2408 aliquis

203 2417 265 2486 μή
292 2435 374 2470 πω
400 2415 500 2492 γάρ
527 2437 618 2480 τις
649 2420 882 2488 νοσήσας
913 2416 1178 2495 χωλανεῖ,
1212 2417 1324 2474 οὐδ’
1356 2420 1384 2474 6
1427 2419 1606 2495 ίατρὸς
1639 2419 1794 2494 ἑπάγι

1998 2425 2222 2492 grotans
2279 2419 2714 2488 claudicaverit,
2782 2438 2972 2494 neque
3025 2421 3256 2478 inducit
3327 2423 3589 2481 medicus

197 2505 349 2576 τομὴν
384 2506 515 2578 μετὰ
544 2506 770 2582 πικρίας
797 2507 889 2562 καὶ
911 2507 1168 2570 καύσεως.
1204 2507 1382 2577 Δῆλον
1411 2506 1496 2564 δτι
1523 2508 1615 2564 καὶ
1640 2510 1788 2583 ἡμεῖς

1998 2510 2261 2566 εοῐῑοῐιοω
2294 2526 2426 2566 cum
2460 2509 2782 2566 acrimonia
2831 2515 2888 2568 et
2948 2511 3198 2568 ustione.
3232 2515 3397 2568 Patet
3435 2515 3589 2586 quod

199 2591 239 2646 εἲ
265 2595 333 2665 μή
365 2615 468 2650 που
517 2592 715 2652 πολλά
759 2597 850 2652 τὸν
892 2597 1197 2674 πανάγαθον
1249 2597 1432 2673 ἷάτρὸν
1481 2600 1642 2672 ἡμῶν
1691 2618 1790 2675 παρ

1999 2600 2116 2656 iam
2136 2616 2242 2656 nos
2266 2599 2376 2655 nisi
2403 2598 2729 2672 plurimum
2750 2601 3330 2659 exacerbavissemus
3344 2619 3590 2660 summa

198 2682 554 2758 επικράναμιν,
609 2686 698 2740 καὶ
754 2684 1004 2762 πλαγίως
1053 2686 1189 2762 πρὸς
1239 2686 1402 2745 αὐτὸν
1435 2686 1789 2762 ἰπορεύθημιι

2002 2686 2220 2743 mitatis
2296 2687 2592 2744 medicum
2661 2693 2951 2757 nostrum,
3008 2693 3065 2745 et
3141 2687 3379 2761 oblique
3453 2707 3593 2763 erga

197 2769 361 2826 οὐκᾶν
409 2773 498 2828 καὶ
547 2772 716 2837 αὐτὸς
760 2772 1016 2850 πλαγίως
1067 2775 1203 2852 πρὸς
1251 2778 1398 2850 ἡμᾶς
1447 2773 1680 2847 διετέθη,
1723 2797 1788 2832 σα

2005 2791 2108 2832 nm
2150 2775 2706 2844 ambulavissemus,
2767 2793 3135 2848 nequaquam
3193 2782 3251 2834 et
3296 2777 3423 2850 ipse
3455 2794 3592 2851 erga

195 2858 461 2938 τηριωδῶς
488 2863 934 2939 καταπικραίνων
963 2865 1136 2939 ἡμᾶς.

2001 2883 2051 2923 )8
2075 2865 2312 2939 oblique
2349 2867 2591 2924 affectus
2622 2866 2850 2937 fuisset,
2883 2866 3202 2926 salubriter
3243 2883 3352 2926 nos
3377 2869 3592 2926 amari-

1941 2955 2145 3014 tudine
2175 2954 2431 3029 replens.

258 3095 278 3131 ⁶
300 3095 405 3155 Job
432 3111 683 3170 mnu,
714 3095 804 3153 11.
833 3097 858 3132 ι
886 3097 1070 3171 Lavit,
1101 3112 1254 3171 xxvi,
1282 3097 1350 3156 16
1377 3100 1438 3156 et
1465 3111 1632 3170 seqq.

1147 3278 3596 3308 Μ

1523 3455 1676 3497 ANNO
1727 3449 1993 3498 DOMINICI
2032 3454 2241 3498 κακον.

1006 3657 1911 3829 JOANNES
2050 3659 2772 3829 CHILAS

1464 3938 1724 3997 EPHEDI
1765 3937 2303 3997 METROPOLITA.

1073 4112 1595 4214 NOTITIA
1659 4117 1826 4214 ET
1890 4114 2702 4214 FRAGMENTA

825 4313 930 4388 (Ex
958 4315 1166 4390 Angeli
1196 4311 1332 4375 Maii
1363 4317 1704 4378 Praafatione
1734 4319 1806 4378 ad
1837 4321 1983 4377 tom:
2007 4317 2083 4376 VI
2112 4317 2408 4392 Spicilegii
2439 4317 2687 4377 Romani
2719 4332 2778 4390 p.
2807 4315 2945 4389 va.)

256 4663 410 4729 Inter
438 4673 668 4732 codices
699 4675 1038 4745 Vaticanos,
1071 4677 1170 4751 qui
1204 4677 1568 4750 dogmaticas
1617 4675 2046 4733 controversias
2078 4677 2148 4733 de
2193 4675 2444 4750 Spiritus
2475 4676 2661 4733 sancti
2709 4674 3082 4748 processione
3115 4673 3302 4741 etiam
3357 4689 3391 4730 a
3420 4671 3589 4743 Filio,

197 4758 280 4814 vel
306 4762 374 4817 de
407 4762 684 4821 Romanis
742 4766 1010 4822 Ecolesiaa
1059 4767 1313 4840 primatu
1372 4767 1694 4836 continent,
1748 4765 1838 4822 vel
1883 4766 2166 4822 subnatas
2215 4765 2359 4822 alias
2415 4782 2517 4838 per
2573 4764 2836 4822 schisma
2891 4768 2950 4820 et
2996 4762 3331 4820 animorum
3379 4765 3590 4819 metum

200 4853 564 4922 questiones,
598 4855 789 4910 multa
817 4857 1145 4912 Graecorum
1179 4855 1472 4928 opuscula
1520 4870 1822 4912 occurrere
1881 4853 2022 4912 alibi
2074 4855 2212 4923 dixi,
2272 4869 2519 4925 quorum
2580 4867 2765 4908 unum
2804 4853 2891 4909 vel
2942 4852 3187 4908 alterum
3222 4851 3595 4925 peculiariter

201 4944 680 5012 commemorabo,
704 4943 1086 5016 indidemque
1117 4950 1386 5018 excerpta
1415 4946 1781 5018 depromam.
1814 4945 2004 5016 Atque
2032 4944 2089 4998 in
2123 4942 2330 5016 primis
2356 4942 2602 5000 Joannis
2640 4941 2814 4999 Clidaa
2871 4942 3014 5013 (sive
3064 4940 3259 5014 Chilaa)
3307 4947 3595 5015 metropo.

196 5021 298 5081 litae
329 5029 540 5101 Ephesi
587 5033 926 5106 perdoctum
958 5033 1077 5089 vidi
1129 5033 1392 5090 libellum
1427 5034 1498 5090 ob
1549 5032 1891 5090 schismatis
1921 5032 2364 5088 detestationem
2425 5032 2822 5104 conscriptum
2851 5056 2864 5100 ;
2896 5035 2952 5086 et
2993 5031 3232 5103 quidem
3283 5031 3502 5103 duplici
3534 5032 3594 5086 in

197 5118 521 5190 exemplari,
582 5121 762 5177 altero
822 5122 1027 5178 latio‘re
1085 5124 1212 5179 cod.
1272 5122 1463 5178 Ottob.
1531 5123 1658 5190 225,
1721 5123 1902 5179 altero
1961 5125 2158 5177 autem
2236 5121 2527 5177 strictiore
2584 5119 2845 5176 oratione
2909 5119 3401 5193 comprehensum
3460 5119 3591 5176 cod.

199 5200 378 5262 Ottob.
409 5209 539 5264 213.
569 5209 904 5267 Homininis
942 5212 1261 5283 scriptique
1291 5211 1384 5266 vix
1435 5211 1794 5267 mentionem
1850 5210 1991 5266 facit
2019 5209 2268 5267 Allatius
2313 5210 2521 5266 Contra
2570 5209 3003 5280 Creyghtonum,
3037 5227 3090 5281 p.
3135 5209 3263 5276 644,
3297 5213 3353 5264 et
3388 5208 3458 5264 De
3476 5205 3600 5264 coit-

199 5305 348 5349 :ensu
379 5313 437 5368 p.
469 5298 593 5365 513,
622 5298 876 5370 denique
897 5300 971 5354 De
999 5300 1289 5356 Methodiis
1320 5317 1374 5372 p.
1414 5300 1520 5354 365
1549 5305 1604 5355 et
1659 5300 1785 5367 3’77,
1816 5315 1932 5372 quo
1978 5304 2272 5371 postremo
2318 5299 2441 5356 loco
2499 5298 2849 5371 particulam
2895 5316 3128 5370 quoque
3179 5299 3399 5353 recitat.
3447 5297 3594 5352 Nam

199 5376 368 5438 altera
395 5383 498 5440 illa
525 5387 824 5459 particula
855 5403 982 5459 qua
1015 5405 1072 5461 p.
1103 5389 1209 5444 514
1238 5390 1312 5444 De
1338 5405 1484 5444 cons.
1517 5388 1751 5461 legitur,
1783 5406 1852 5444 ex
1881 5388 2110 5444 diverso
2142 5388 2654 5460 Ephesii.scripto
2686 5387 2970 5443 dimanat.
3021 5386 3151 5443 Fuit
3205 5385 3295 5441 hic
3335 5384 3594 5441 Joannes

203 5466 348 5558 inter
375 5474 583 5546 Ephesi
616 5477 1022 5550 metropolitas
1053 5479 1162 5534 hoc
1194 5477 1432 5534 nomine
1461 5478 1726 5550 quintus,
1759 5477 1860 5550 qui
1888 5481 2149 5549 tempore
2194 5477 2401 5550 synodi
2444 5476 3118 5558 Constantinopolitanae.
3150 5473 3427 5542 innotuit,
3485 5474 3594 5530 sub

200 5555 517 5621 Andronico
546 5567 826 5637 secundo,
861 5567 1165 5624 Michaelis
1190 5567 1378 5624 octavi
1409 5567 1550 5635 filio,
1581 5570 1944 5640 congregata
1974 5563 2047 5623 ob
2079 5563 2370 5623 sedandos
2404 5565 2668 5622 Ecclesia;
2698 5565 2905 5622 Graecae
2937 5555 3156 5634 motus,
3197 5579 3300 5620 seu
3333 5561 3598 5618 schisma

193 5635 342 5703 inter
396 5653 729 5712 Arseniotas
785 5635 854 5712 ac
907 5655 1263 5728 Josephinos
1321 5659 1556 5728 propter
1612 5635 1904 5717 ambitum
1961 5654 2117 5712 sedis
2160 5653 2572 5727 patriarchalis
2618 5653 2996 5711 concitatum.
3043 5652 3167 5709 Etsi
3207 5654 3404 5708 autem
3435 5651 3592 5723 apud

203 5732 531 5808 Lequinium
562 5742 653 5801 0r.
683 5743 769 5801 ch.
795 5742 1013 5802 dicitur
1036 5745 1258 5819 synodo
1290 5743 1580 5818 Ephesius
1635 5760 1752 5802 non
1802 5742 2164 5815 interfuisse,
2208 5755 2365 5800 nunc
2416 5748 2616 5802 contra
2662 5742 2944 5802 accidisse
2997 5741 3336 5812 cernimus;
3375 5739 3592 5799 etenim
