4028 6202
440 352 560 413 603
1834 355 2031 414 JUAN

2210 353 2332 418 CH1
2344 358 2464 417 IuE
3702 368 3801 428 504

446 484 575 555 ipse
605 500 803 543 coram
844 487 1068 559 synodo
1101 503 1430 543 sermonem
1461 488 1616 542 hunc
1651 485 1914 542 recitavit
1943 493 2046 543 aut
2074 489 2288 544 obtulit
2310 491 2382 545 de
2405 490 2662 547 tollendo
2683 491 3006 548 schismate
3029 494 3331 565 c0piosum
3357 499 3518 566 atque
3533 496 3800 556 disertum:

449 579 507 628 et
538 574 937 630 ecclesiastica
968 576 1294 630 eruditione
1325 578 1600 647 plenum:
1635 577 1727 630 cui
1762 577 1976 632 similis
2007 582 2096 632 est
2126 578 2401 634 Methodii
2436 581 2704 635 monachi
2738 587 3042 649 tractatus,
3074 584 3276 636 eodem
3303 588 3551 652 tempore
3591 590 3643 639 et
3667 601 3800 644 occa-

449 661 613 717 sione
643 663 919 734 scriptus,
950 669 1007 718 et
1037 681 1071 718 a
1101 664 1270 718 nobis
1300 664 1502 734 Script.
1537 673 1642 720 ret.
1676 669 1716 718 t.
1752 664 1827 719 IlI
1860 666 2076 721 editus.
2108 665 2292 729 Quare
2324 674 2569 738 utraque
2595 669 2924 724 lucubratio
2950 675 3187 741 propter
3216 670 3537 742 generalem
3559 672 3804 730 schisma-

451 756 579 806 tum
610 753 1094 824 vituperationem
1128 753 1294 808 valde
1339 754 1503 810 utilis
1535 754 1764 811 videtur
1794 761 1850 810 et
1880 756 2158 826 prudens.
2190 757 2291 812 Est
2321 757 2414 812 hic
2445 759 2711 829 opusculi
2745 758 2959 814 titulus
3006 766 3063 814 et
3094 760 3329 815 initium
3388 760 3445 814 in
3493 762 3672 819 codice
3700 764 3803 822 Vat.

453 841 648 896 Ottob.
677 842 800 896 213.

505 844 648 898 ttob.
677 844 800 896 213.

451 1013 681 1085 Joannis
710 1013 1101 1085 metropolitee
1123 1013 1321 1084 Ephesi
1362 1016 1536 1069 oratio
1581 1016 1884 1085 composita
1915 1020 2042 1069 cont

2217 1006 2804 1085 Tou‘pntportolirou
2873 1008 3101 1085 Ἐφέσου
3178 1008 3462 1085 Ἰωάννου-
3499 1010 3648 1082 Λόγος
3712 1033 3807 1085 συν-

523 1077 935 1156 εεὴίετηαιίοοὲ,
971 1099 1041 1138 ex
1069 1077 1302 1140 diversis
1334 1087 1632 1141 canonibus
1661 1077 1714 1140 et
1755 1087 1979 1156 scriptis
2009 1086 2105 1141 dc-

2283 1078 2454 1156 τεξὶείς
2507 1077 2660 1132 ⁷κατὰ
2737 1077 3122 1156 σχισματιιεῶν
3190 1077 3250 1133 ἐκ
3309 1077 3807 1156 διαφόρωνίκανόνων

523 1131 1438 1228 monstrationibuscomprobans,
1499 1158 1638 1228 quod
1696 1173 1818 1211 cum
1867 1131 2108 1212 Ecclesia

2283 1148 2372 1228 διαὶ
2423 1218 2444 1228 ᾗ
2490 1131 2810 1228 ’γριαφικῶνκ
2873 1131 3234 1228 δάποδεξξεων
3348 1131 3651 1228 datodatka
3718 1156 3805 1228 ﬁt:

525 1234 603 1282 est
630 1226 953 1296 orthodoxa,
987 1218 1218 1284 absurde
1248 1218 1527 1298 monuiitli'
1575 1230 1644 1283 ab
1683 1228 1786 1284 hac
1830 1229 2102 1284 secedunt.

2285 1218 2682 1312 ἐρροδοξὸύσὴς
2779 1229 2878 1292 τῆς
2953 1218 3282 1293 Ἐκκχησιας
3361 1221 3572 1300 ἀλόγως
3648 1225 3807 1296 ταύτης

2285 1309 2598 1350 οιιστανται.

527 1401 682 1456 Nihil
715 1403 886 1458 estin
917 1403 1178 1459 humana
1213 1405 1332 1459 vita
1383 1404 1666 1459 charitate
1713 1404 2001 1460 excelsius
2049 1408 2107 1459 et

2285 1397 2454 1456 Οὐδὲν
2488 1399 2700 1475 ἀγάπης
2746 1399 2796 1454 ἐν
2852 1400 2955 1474 βίῳ
3005 1401 3276 1475 ἀνώτερον
3325 1403 3417 1456 καὶ
3461 1399 3807 1476 ἡδύτερον,γ.αὲ

459 1490 721 1560 suavius,
744 1491 891 1546 nihil
924 1492 983 1547 in
1016 1492 1155 1548 orbe
1187 1508 1326 1564 pace
1355 1497 1412 1549 et
1463 1494 1776 1549 concordia
1808 1493 2010 1548 utilius
2040 1511 2050 1548 ι

2217 1485 2368 1542 οὐδὲν
2401 1487 2622 1564 εῗρτςνης
2663 1488 2749 1543 καὶ
2795 1489 3055 1561 ὁμονοίας
3108 1489 3159 1544 ἐν
3199 1485 3398 1562 κόσμῳ
3428 1489 3808 1567 λυσιτελέστερον

453 1579 802 1649 jucundius.
828 1580 982 1635 Deus
1013 1581 1167 1636 enim
1229 1581 1484 1637 charitas
1541 1586 1631 1638 est
1660 1587 1717 1637 et
1747 1582 2037 1654 appellatu

2215 1577 2303 1629 καὶ
2340 1577 2694 1652 τερπνότερον
2727 1595 2740 1608 ⁸
2801 1578 2982 1652 ἀγάπη
3041 1580 3141 1654 γὰρ
3195 1580 3224 1634 ὁ
3280 1579 3411 1643 Θεός
3484 1579 3589 1634 ἐστί
3652 1600 3701 1633 τι
3739 1581 3806 1634 καὶ

459 1685 573 1740 pax
605 1673 799 1724 autem
832 1670 934 1726 Dei
964 1676 1021 1725 et
1050 1674 1372 1726 secundum
1420 1674 1626 1739 Deum,
1669 1688 1902 1728 omnem
1934 1673 2050 1727 inte

2215 1664 2560 1738 ὀνομάζεται·
2617 1667 2705 1720 καὶ
2767 1669 2803 1736 ἡ
2859 1669 2995 1721 κατὰ
3034 1668 3162 1722 Θεὸν
3223 1667 3416 1742 εἰρήνη
3467 1668 3553 1722 καὶ
3595 1671 3682 1721 τοῦ
3707 1672 3804 1722 Θεοῦ

461 1756 678 1812 lectum
703 1762 960 1829 superat,
997 1763 1059 1813 ut
1089 1759 1401 1831 Scripturaa
1454 1778 1560 1816 nos
1607 1761 1835 1816 docent.
1870 1765 1986 1816 Pax
2017 1778 2049 1815 n

2218 1758 2386 1810 πάντα
2442 1760 2565 1809 νοῦν
2647 1754 2897 1829 ὑπερίχιι
2958 1757 3032 1817 ὡς
3103 1753 3486 1831 δεδιδάγμεθα.
3543 1753 3695 1811 Αὖται
3740 1756 3809 1810 καὶ

462 1843 680 1900 mirum
712 1852 770 1900 et
797 1847 1053 1902 charitas
1075 1847 1330 1902 Creatori
1353 1848 1718 1920 Dominoque
1737 1851 2020 1919 omnium,
2043 1867 2053 1903 ι

2221 1847 2302 1900 τὸν
2338 1844 2679 1920 Δημιουργὸν
2735 1843 2828 1898 καὶ
2887 1843 3162 1914 Δεσπότην
3218 1849 3330 1900 τῶν
3393 1843 3536 1898 ὅλων
3580 1843 3738 1898 κλῖναί
3769 1863 3812 1896 τε

463 1932 636 1990 ccelos
667 1933 975 1991 inclinaret
1012 1941 1186 2010 atque
1213 1937 1271 1991 in
1303 1942 1519 1993 terram
1553 1939 1931 1993 descenderet
1973 1955 2054 2009 pel

2220 1934 2340 1996 τοὺς
2390 1933 2650 2007 οὐρανοὺς
2698 1933 2789 1987 καὶ
2841 1932 2927 1986 ἐπὶ
2976 1936 3075 1996 τῆς
3121 1940 3223 2007 γῆς
3273 1927 3567 2003 καταϐῆναι
3609 1933 3811 1987 κατεπει-

460 2028 795 2078 suaserunt.
828 2026 1255 2096 Descenditque
1288 2043 1514 2097 reapse,
1539 2031 1596 2081 et
1621 2043 1725 2098 pro
1746 2027 1915 2081 nobis
1933 2032 2051 2098 atqu

2225 2044 2331 2080 ταν.
2366 2024 2463 2076 Καὶ
2518 2024 2702 2095 μέντοι
2741 2021 2831 2075 καὶ
2885 2017 3247 2090 καταϐέϐηκε,
3300 2021 3391 2076 καὶ
3439 2023 3553 2085 καθ’
3597 2024 3726 2093 ἡμᾶς
3763 2018 3816 2074 δι’

460 2109 532 2164 ad
566 2109 1013 2166 similitudinem
1041 2117 1325 2180 nostram,
1355 2118 1592 2185 excepto
1628 2117 1888 2185 peccato,
1932 2131 2051 2170 veri

2224 2115 2362 2185 ἡμᾶς
2439 2111 2614 2186 χωρὶς
2690 2112 2958 2186 ἁμαρτίας
3045 2111 3162 2164 κατ’
3234 2108 3495 2181 ἀλήθειαν
3576 2107 3815 2184 ἄνθρωπος

459 2197 636 2254 homo
659 2204 748 2254 est
778 2199 966 2256 factus
993 2218 1006 2267 ;
1041 2205 1211 2271 atque
1239 2201 1504 2257 humana
1534 2201 1733 2257 omnia
1756 2207 1813 2258 et
1841 2217 2020 2274 agens
2049 2236 2050 2244 η

2224 2204 2421 2276 γέγονε·
2482 2199 2572 2254 καὶ
2629 2201 2805 2254 πάντα
2852 2201 2920 2254 τὰ
2981 2200 3074 2272 μὲν
3136 2197 3362 2275 δράσας,
3410 2201 3478 2254 τὰ
3524 2197 3566 2253 δ’
3621 2198 3815 2260 ὑποστὰς

459 2285 711 2357 patiens,
743 2288 1092 2360 propinquis
1121 2306 1283 2360 aeque
1315 2306 1380 2345 ac
1411 2289 1651 2345 remotis
1683 2289 1844 2361 pacis
1883 2290 2050 2346 bonm

2221 2292 2279 2345 τὰ
2307 2289 2636 2364 ἀνθρώπινα,
2667 2294 2785 2350 τοῖς
2833 2287 2988 2363 ἐγγὺς
3038 2289 3125 2343 καὶ
3168 2295 3290 2352 τοῖς
3341 2289 3546 2364 μακρὰν
3588 2288 3644 2343 τὸ
3676 2285 3812 2342 καλὸν

461 2375 772 2432 nuntiavit.
806 2377 1064 2446 Eisdem,
1117 2379 1244 2450 paci
1290 2377 1511 2434 scilicet
1564 2383 1622 2434 et
1679 2379 1974 2444 charitati,
2013 2397 2052 2449 a,

2219 2381 2308 2447 τῆς
2359 2379 2580 2453 εἰρήνης
2626 2375 3029 2452 εὐηγγελίσατο.
3086 2376 3302 2439 Ταύτας
3352 2378 3443 2432 καὶ
3483 2379 3509 2432 ὁ
3538 2377 3810 2436 πιστότατος

461 2465 650 2536 prime
671 2466 914 2521 studens
934 2465 1316 2522 ﬁdelissimus
1337 2467 1530 2538 gentis
1551 2472 1765 2523 nostras
1789 2469 2052 2540 imperati

2222 2472 2306 2522 τοῦ
2335 2466 2523 2542 γένους
2565 2468 2726 2538 ἡμῶν
2787 2464 3039 2540 βασιλεὺς
3088 2461 3240 2541 εἴπερ
3291 2487 3375 2529 τις
3418 2462 3598 2540 ἕτερος
3638 2465 3813 2541 ἀγαπή-

461 2554 798 2610 convocavit
825 2559 892 2610 ut
949 2555 1184 2611 cernitis
1241 2556 1350 2611 hoc
1408 2555 1534 2612 loco
1593 2557 1919 2625 universos,
1954 2561 2052 2613 uti

2219 2577 2330 2626 σας,
2384 2553 2752 2630 συγκαλεῖται,
2783 2554 2856 2616 ὡς
2910 2555 3090 2628 ὁρᾶτε,
3149 2554 3280 2616 τοὺς
3336 2554 3533 2616 πάντας
3587 2553 3810 2619 ἐνταῦθα,

462 2643 588 2715 ipse
619 2660 754 2699 cum
775 2643 893 2701 Deo
923 2645 1084 2717 pacis
1105 2645 1259 2701 bona
1289 2646 1459 2702 nobis
1498 2645 1828 2716 annuntiet,
1861 2650 1919 2702 et
1971 2646 2053 2701 dit

2223 2647 2361 2706 ὅπως
2392 2641 2454 2699 ἄν
2507 2643 2641 2715 μετᾶ
2689 2646 2786 2696 τοῦ
2843 2647 2977 2698 Θεοῦ
3025 2645 3112 2698 καὶ
3170 2643 3334 2705 αὐτὸς
3380 2645 3448 2698 τὰ
3491 2647 3587 2708 τῆς
3629 2643 3814 2716 εἰρήνης

459 2737 695 2790 turnam
726 2736 1156 2792 contentionem
1189 2735 1490 2807 dissolvat,
1521 2739 1696 2807 atque
1726 2737 1799 2791 ad
1847 2735 2050 2808 prisca]

2224 2737 2346 2806 ἡμῖν
2379 2731 2798 2807 εὐαγγελίσηται
2846 2731 3036 2807 ἀγαθὰ,
3086 2732 3176 2786 καὶ
3213 2732 3310 2787 τὸν
3356 2731 3698 2807 πολυήμερον
3737 2729 3815 2784 πόα

460 2821 863 2882 discordantes
892 2840 1093 2896 pacem
1122 2825 1380 2880 reducat.

2228 2830 2381 2895 tepov
2410 2819 2715 2895 καταλύσῃ,
2769 2819 2858 2875 καὶ
2888 2820 3025 2897 πρὸς
3055 2823 3155 2890 τὴν
3211 2821 3450 2898 ἀρχαίαν
3507 2821 3572 2876 τὰ
3599 2818 3819 2876 διεστῶτα

2210 2909 2520 2986 ἐπαναγάγῃ
2551 2907 2853 2986 συνάφειαν.

534 3104 728 3177 Pergit
755 3103 963 3160 deinde
995 3103 1280 3176 Ephesius
1311 3104 1619 3162 historiam
1641 3105 2030 3162 schismatum
2053 3104 2414 3160 diversarum
2445 3119 2548 3174 per
2578 3103 2778 3159 orbem
2824 3100 3228 3171 ecclesiarum,
3277 3106 3456 3175 atque
3481 3102 3823 3174 ipsorummet

459 3193 615 3252 inter
642 3209 706 3249 se
733 3195 1065 3250 Graecorum
1096 3192 1388 3250 latissimo
1421 3210 1690 3250 sermone
1720 3193 2049 3250 describere
2081 3209 2146 3249 ac
2177 3191 2500 3265 deplorare,
2550 3197 2607 3247 et
2652 3204 2947 3246 canonum
2981 3194 3342 3264 Petrumque
3371 3195 3626 3247 veterum
3654 3191 3821 3244 aucto-

457 3282 629 3339 ritate
659 3286 962 3353 castigare.
998 3283 1242 3339 Summa
1272 3287 1468 3339 autem
1502 3282 1792 3339 sermonis
1824 3286 1931 3350 est,
1957 3286 2022 3338 ut
2051 3286 2225 3352 neget
2254 3280 2561 3353 Ephesius,
2608 3279 2793 3335 ullum
2826 3296 3090 3350 unquam
3149 3279 3414 3336 schisma
3444 3277 3612 3335 licere
3641 3277 3739 3334 nisi
3764 3275 3820 3331 ob

456 3372 786 3429 evidentem
817 3388 883 3427 ac
906 3371 1234 3437 iudicatam
1266 3372 1553 3428 haereseos
1584 3389 1820 3428 causam
1847 3389 1861 3428 :
1887 3388 2024 3427 nam
2057 3375 2265 3426 caetera
2293 3367 2616 3443 ἐγκλήματα
2643 3369 2752 3424 etsi
2785 3367 2975 3440 poenis
2999 3368 3358 3425 vindicanda
3386 3373 3544 3437 sunt,
3572 3384 3678 3423 non
3700 3362 3820 3420 tanti

460 3477 588 3519 esse
617 3465 812 3516 tamen
846 3465 911 3516 ut
939 3461 1010 3516 ad
1043 3477 1346 3516 summum
1377 3460 1728 3517 secessionis
1785 3460 2007 3516 malum
2036 3476 2051 3514 c

2232 3457 2392 3513 illant
2417 3475 2430 3524 ;
2493 3457 2708 3512 nedum
2741 3454 2914 3511 liceat
2970 3451 3058 3508 διά
3083 3475 3234 3516 τινας
3273 3455 3652 3530 μικροψυχίας,
3681 3457 3737 3508 ut
3759 3450 3823 3506 ait

461 3554 700 3608 sanctus
731 3550 1006 3616 Basilius,
1039 3556 1274 3622 propter
1301 3549 1530 3622 aliquas
1561 3549 1767 3622 pusilli
1797 3549 1979 3605 animi
2003 3548 2339 3604 affectiones
2369 3545 2454 3601 vel
2487 3545 2862 3611 acerbitates,
2895 3545 3212 3616 perniciem
3242 3549 3469 3602 tantam
3502 3542 3716 3616 pOpulis
3744 3538 3821 3596 Dei

461 3639 694 3695 inferre.
729 3641 854 3704 Qua
881 3639 1146 3695 doctrina
1176 3639 1274 3694 diu
1308 3640 1542 3706 tradita,
1578 3640 1752 3694 homo
1779 3639 2013 3694 Gracus
2058 3635 2500 3692 memorabilem
2550 3633 2890 3706 hujusmodi
2939 3635 3292 3690 sententiam
3329 3634 3510 3691 dicit:
3543 3629 3820 3703 Σημείωσαι

455 3731 641 3795 ταῦτα,
700 3724 831 3789 ἴσως
887 3726 989 3801 γὰρ
1066 3725 1516 3804 ὠφεληθήσονται
1551 3727 1602 3781 οἱ
1625 3731 1804 3789 κακῶς
1839 3728 1917 3800 (Ι)
1953 3725 2203 3802 λέγοντες
2273 3721 2677 3798 ἄποσχισθῆναι
2746 3723 2893 3793 ἡμᾶς
2953 3721 3059 3775 ἀπὸ
3129 3725 3228 3776 τοῦ
3304 3723 3545 3794 Ῥώμης,
3599 3719 3695 3794 πρὸ
3742 3719 3820 3771 τοῦ

457 3811 914 3884 καταδικασθῆναι
947 3813 1104 3868 αὐτὸν
1137 3815 1224 3869 καὶ
1272 3815 1400 3877 τοὺς
1433 3815 1557 3891 περὶ
1607 3816 1767 3870 αὐτὸν
1828 3815 1904 3876 ὡς
1959 3835 2048 3868 κα)1

2227 3834 2301 3874 νας
2361 3819 2502 3871 Nota
2536 3814 2681 3868 hanc
2717 3812 3049 3877 doctrinam,
3083 3827 3204 3882 quae
3229 3821 3465 3881 fortasse
3492 3810 3568 3866 eis
3593 3807 3818 3881 proderit,

458 3908 556 3978 qui
582 3923 679 3962 nos
709 3907 894 3977 inique
921 3906 1158 3961 schisma
1188 3908 1386 3976 fecisse
1424 3909 1584 3962 aiunt
1615 3923 1647 3960 a
1679 3911 1929 3963 Romano
1955 3905 2246 3977 pontiﬁce,
2269 3911 2397 3959 ante
2425 3919 2592 3974 quam
2620 3901 2909 3971 deﬁnitum
2937 3901 3031 3968 sit,
3065 3901 3148 3954 vel
3178 3901 3360 3971 ipsum
3388 3901 3472 3955 vel
3489 3903 3607 3973 ejus
3625 3896 3824 3953 assectas

456 4012 692 4067 pravum
719 3995 917 4066 dogma
940 3997 1142 4065 fovere.
1177 3999 1328 4050 Bene
1357 3995 1477 4050 haec
1520 3996 1767 4051 habent:
1804 3995 2190 4050 nihilominus
2223 3993 2296 4049 ob
2327 4009 2394 4048 ea
2450 4008 2578 4062 quae
2631 3991 2774 4045 dicit
2817 3991 2856 4045 f.
2904 3990 2975 4042 25
3007 3989 3067 4055 b,
3123 3988 3539 4045 schismaticus
3579 3984 3824 4060 Ephesius

462 4083 791 4139 credendus
821 4087 929 4138 est.
964 4083 1048 4138 lbi
1080 4084 1236 4138 enim
1291 4082 1494 4139 laudat
1548 4084 1966 4152 Andronicum,
2025 4085 2182 4155 quod
2241 4082 2490 4153 adeptus
2543 4084 2868 4151 sceptrum,
2922 4077 3077 4133 illico
3109 4077 3366 4148 patrium
3425 4078 3505 4148 (id
3529 4080 3614 4132 est
3640 4073 3830 4148 patriis)

466 4171 672 4243 dogma
701 4172 1001 4243 professus
1031 4171 1127 4240 sit,
1162 4172 1366 4244 quovis
1398 4171 1511 4228 alio
1543 4173 1614 4228 ob
1638 4173 2115 4244 peregrinitatem
2143 4169 2401 4238 excluso,
2434 4172 2491 4224 et
2539 4168 2696 4239 quod
2745 4181 2979 4222 omnem
3017 4166 3333 4221 novitatem
3363 4164 3828 4236 corruptelamque

466 4258 742 4315 doctrinae
773 4260 1075 4330 abjecerit,
1104 4265 1252 4328 etc.;
1289 4260 1504 4333 quibus
1535 4263 1728 4318 verbis
1760 4261 2013 4317 reditum
2047 4258 2359 4316 Andronici
2389 4258 2460 4313 ad
2495 4256 2756 4313 schisma
2785 4261 2916 4328 post
2964 4253 3267 4311 Michaelis
3315 4254 3574 4326 parentis
3616 4251 3825 4318 obitum,

466 4348 566 4420 qui
598 4365 752 4404 anno
784 4349 1024 4420 contigit
1058 4339 1215 4415 1282,
1249 4349 1584 4422 signiﬁcare
1614 4367 1679 4404 ac
1713 4349 2018 4405 dilaudare
2047 4347 2301 4404 videtur.

536 4437 786 4510 Reliqua
815 4437 1039 4507 omitto,
1073 4454 1200 4510 quae
1234 4438 1418 4494 multa
1451 4442 1506 4494 in
1539 4439 1732 4494 medio
1765 4442 1925 4506 sunt,
1959 4438 2145 4493 donec
2175 4437 2328 4492 infra
2360 4435 2398 4490 l.
2432 4435 2501 4489 45
2526 4434 2596 4489 de
2628 4432 2938 4506 prudentia
2981 4429 3376 4488 ecclesiastica
3414 4430 3612 4488 scribit
3639 4431 3828 4496 auctor,

467 4545 582 4602 quo
616 4545 825 4600 nempe
857 4529 1203 4585 necessitate
1233 4536 1335 4584 aut
1363 4529 1416 4584 vi
1449 4529 1607 4600 gravi
1632 4528 1831 4599 aliqua
1864 4532 2106 4599 urgente
2137 4527 2401 4598 (excepta
2431 4525 2656 4579 ratione
2700 4522 2862 4591 ﬁdei)
2907 4522 2977 4577 de
3025 4521 3226 4576 stricto
3264 4537 3557 4577 canonum
3603 4521 3724 4590 jure
3749 4516 3827 4571 de-

466 4617 808 4674 clinandum
839 4618 936 4684 sit,
969 4634 1060 4683 ne,
1095 4618 1238 4672 dum
1268 4622 1495 4690 partem
1525 4617 1824 4673 mordicus
1854 4621 2055 4672 tenere
2075 4615 2370 4679 volumus,
2403 4628 2697 4668 summam
2729 4612 3069 4684 perdamus.
3097 4611 3282 4674 Quam
3306 4610 3650 4666 sententiam
3672 4603 3827 4663 sancti

468 4706 664 4779 Cyrilli
695 4709 1041 4764 auctoritate
1062 4707 1372 4763 conﬁrmat
1403 4707 1561 4762 brevi
1594 4705 1854 4777 Epistola
1881 4707 1953 4761 ad
2014 4703 2380 4760 Gennadium
2415 4700 2961 4768 archimandritam,
3012 4715 3140 4771 quae
3196 4698 3350 4754 inter
3393 4699 3574 4755 editas
3601 4700 3684 4752 est
3706 4698 3745 4748 t.
3771 4691 3825 4757 V,

470 4803 620 4869 part.
654 4815 715 4868 ιι,
748 4816 805 4870 p.
838 4799 962 4853 491.
1009 4797 1138 4853 Mox
1165 4797 1452 4869 Ephesius
1500 4797 1880 4868 prosequitur
1929 4812 2101 4851 suum
2135 4794 2504 4866 propositum
2557 4790 2801 4846 diversis
2853 4787 3137 4862 exemplis
3183 4789 3478 4858 roborare,
3511 4787 3828 4854 recitataque

470 4890 634 4957 parte
662 4886 933 4956 Epistola:
953 4887 1196 4942 Joannis
1220 4888 1348 4940 VlII
1368 4903 1527 4958 papae
1551 4886 1621 4941 ad
1648 4884 1928 4940 Basilium
1953 4885 2366 4954 imperatorem
2403 4898 2529 4952 quae
2568 4880 2623 4935 in
2651 4879 2934 4936 Photiana
2956 4879 3177 4950 synodo
3199 4877 3432 4951 legitur,
3456 4878 3525 4933 de
3551 4870 3829 4945 antiquatis

473 4972 679 5028 multis
709 4975 780 5028 ob
811 4978 1075 5046 tempora
1106 4977 1333 5029 mutata
1365 4975 1690 5029 canonibus
1722 4972 1997 5040 disserit;
2049 4987 2226 5042 quam
2259 4968 2611 5042 particulam
2643 4968 2775 5022 ideo
2806 4967 3089 5022 libentius
3119 4965 3214 5021 hic
3245 4966 3518 5033 recitabo,
3552 4963 3680 5035 quia
3705 4961 3830 5016 dua-

473 5078 606 5118 rum
636 5061 976 5118 Latinorum
1009 5079 1300 5118 canonum
1333 5061 1740 5117 collectionum
1773 5060 2099 5117 summaria
2129 5059 2238 5114 hoc
2269 5057 2563 5114 volumine
2583 5056 2738 5112 edidi
2766 5073 2780 5123 ;
2813 5055 3199 5127 quantumvis
3228 5054 3384 5110 enim
3406 5054 3539 5110 boni
3569 5055 3679 5108 sint
3697 5049 3731 5104 ii
3751 5063 3830 5102 ca-

471 5169 655 5209 nones
681 5169 747 5208 ac
777 5153 1037 5224 plerique
1065 5153 1261 5220 utiles,
1293 5169 1408 5207 non
1436 5151 1517 5207 ita
1549 5157 1705 5208 certe
1727 5155 1865 5207 sunt
1897 5147 2229 5206 immobiles
2261 5153 2436 5221 atque
2468 5146 2601 5218 rati,
2633 5149 2700 5202 ut
2729 5161 2828 5202 eos
2860 5145 3127 5202 Ecclesiae
3150 5144 3490 5214 auctoritas,
3523 5158 3620 5216 pro
3664 5151 3827 5197 rerum

469 5249 924 5315 temporumque
953 5241 1270 5312 adjunctis,
1300 5241 1525 5296 variare
1548 5241 1868 5312 prudenter
1896 5243 2167 5311 nequeat.

539 5333 624 5389 En
657 5333 830 5389 verba
861 5331 1094 5404 Ephesii
1125 5331 1252 5386 cod.
1283 5332 1410 5401 213,
1445 5331 1486 5387 f.
1515 5331 1660 5426 202.:

543 5495 619 5566 (l)
664 5496 745 5550 ita
797 5495 856 5550 in
914 5495 1045 5550 cod.
1101 5494 1209 5548 225
1241 5493 1278 5547 f.
1333 5491 1428 5566 A19,
1469 5492 1554 5566 _b.
1592 5495 1678 5566 _At
1723 5491 1782 5566 in
1829 5490 1956 5548 cod.
2012 5489 2118 5566 213

2232 5507 2263 5566 a
2293 5505 2398 5566 suo
2432 5491 2668 5566 pastore
2699 5485 3016 5566 discedere.
3043 5481 3335 5566 ’Βίλιαλῷς
3366 5484 3566 5566 mavis,
3588 5477 3823 5566 dict/350‘

471 5545 977 5626 aulai-Attamen
993 5545 1064 5621 in
1094 5545 1393 5621 contrario
1412 5545 1686 5620 adverbio
1719 5545 1885 5619 idem
1908 5545 2116 5618 manet
2225 5545 2471 5616 doctrina
2521 5563 2763 5631 fortasse
2803 5559 2878 5613 iis
2913 5556 3165 5631 proderit
3213 5557 3295 5628 (id
3314 5545 3392 5612 est
3418 5571 3508 5614 eos
3527 5545 3822 5616 einendabit)

474 5651 708 5709 sensus,
737 5638 837 5709 qui
867 5655 901 5694 a
932 5637 1394 5709 praecedentibus
1425 5636 1871 5709 determinatur,
1905 5650 2116 5709 nempe
2227 5634 2322 5706 qui
2347 5648 2448 5689 nos
2478 5630 2624 5690 recte
2650 5631 2956 5687 discessisse
2981 5630 3164 5700 aiunt,
3206 5637 3305 5685 etc.

477 5708 634 5778 quod
657 5705 792 5765 ante
820 5705 998 5765 latam
1046 5707 1334 5764 haereseos
1385 5707 1735 5764 sententiam
1788 5705 1906 5764 nan
1943 5705 2115 5763 liceat
