4028 6202
274 392 373 454 505

1181 389 1284 449 DE
1333 389 1865 450 PROCESSIONE
1911 388 2270 453 SPlRI'l'US
2317 393 2626 454 SANCTI.

3509 393 3628 454 506

326 526 498 582 Ὄσους
525 517 576 573 δὲ
605 517 823 580 κανόνας
853 523 961 574 τῶν
996 519 1369 594 ἀρχαιοτέρων
1403 522 1455 574 οἱ
1488 521 1600 593 μετ’
1633 519 1853 576 ἐκείνουι

2055 526 2204 589 Quot
2250 529 2446 582 autem
2497 525 2872 595 antiquorum
2927 525 3248 597 prtesulum
3296 542 3550 582 canones
3595 543 3629 580 a

269 614 507 688 ἀρχιερεῖς
549 607 634 661 καὶ
688 605 915 683 μεγάλοι
980 607 1210 683 Πατάρες
1267 611 1424 682 ἡμῶν
1477 609 1635 685 ἀργίᾳ
1689 609 1870 681 τελείᾳ

268 695 588 767 συνέστειλαν,
650 696 701 749 τί
759 697 872 771 χρὴ
952 695 1042 751 καὶ
1101 694 1274 773 λέγειν
1323 699 1508 770 ἡμᾶς;
1567 699 1768 755 ’Ίσασιν
1817 699 1867 751 οἱ

264 789 318 845 τὰ
376 787 481 861 ἱερά
549 789 654 839 τῶν
724 784 964 839 κανόνων
1055 783 1472 859 πεπαιδευμένοι
1551 789 1866 860 μαθήματα.

263 881 354 933 Ποὖ
399 875 488 950 γάρ
545 873 684 928 ἐστιν
742 875 771 928 ὁ
825 875 999 929 κανὼν
1059 874 1258 936 ἐκεῖνος
1305 874 1484 938 ὁτοὺς
1541 875 1866 938 ἐπισκόπους

258 968 488 1019 συνοικεῖν
515 968 631 1024 ταῖς
664 961 886 1026 οἰκείαις
937 961 1110 1018 αὒτῶν
1155 964 1388 1039 γυναιξὶν
1439 963 1868 1037 ἐντελλόμενος;

255 1056 352 1107 Ποῦ
379 1051 568 1112 ὶκεῖνος
616 1051 676 1113 ὀς
729 1052 856 1114 τοὺς
905 1052 1303 1126 σχισματικοὺς
1349 1054 1435 1108 καὶ
1481 1052 1608 1116 τοὺς
1666 1055 1866 1127 αἱρετι-

251 1139 359 1202 κοὺς
407 1135 904 1210 ὶξαναςαπτίζεσθαι
955 1139 1329 1210 διατάττεται;
1377 1146 1488 1196 Ποῦ
1538 1143 1565 1197 6
1625 1139 1865 1215 διοριζό-

255 1248 390 1300 μινος
437 1226 594 1282 πάλιν
651 1228 788 1283 ἑπτὰ
843 1225 1127 1291 διακόνους
1181 1231 1312 1284 εἶναι
1387 1229 1476 1284 καὶ
1556 1229 1755 1302 μόνους
1812 1229 1862 1284 ἐν

249 1315 417 1390 ἑκάστῃ
459 1320 561 1371 τῶν
616 1316 874 1386 πόλεων;
920 1315 1032 1372 Ilo;
1091 1319 1118 1373 6
1172 1318 1304 1391 μετὰ
1348 1319 1410 1373 τὸ
1468 1324 1651 1396 φαγεῖν
1719 1321 1864 1391 ἡμᾶς

246 1406 362 1459 κατὰ
410 1405 503 1473 τήν
565 1404 811 1480 μεγάλην
873 1407 910 1460 ε’
971 1405 1214 1481 μετέχειν
1292 1411 1399 1461 τῶν
1477 1412 1714 1482 φρικτῶν
1769 1411 1864 1461 τοῦ

246 1493 453 1568 Χριστοῦ
511 1493 847 1570 μυστηρίων,
911 1497 1145 1567 μιμήσει
1201 1496 1348 1570 τάχα
1420 1500 1520 1549 τοῦ
1594 1500 1864 1571 Κυριακοῦ

243 1579 435 1636 δείπνου
489 1580 714 1650 ἐκείνου,
769 1585 1115 1656 νομοθετῶν;
1168 1585 1281 1640 Ποῦ
1333 1583 1576 1645 κάκεῖνος
1634 1584 1690 1645 ὃς
1744 1589 1862 1646 τοῖς

242 1667 446 1740 πλήθεσι
528 1674 636 1724 τῶν
725 1668 1036 1726 ἐπισκόπων
1123 1669 1360 1746 ἐκλογὴν
1443 1678 1712 1736 ποιεῖσθαι
1773 1672 1863 1726 καὶ

239 1761 398 1835 ψῆφον
429 1756 721 1834 ἐπέτρεπε;
753 1760 860 1816 Καὶ
908 1761 1112 1835 μακρὸν
1164 1760 1222 1815 ἂν
1273 1759 1356 1830 εἷή
1405 1760 1532 1824 τοὺς
1580 1761 1862 1836 ἀπρακτή-

1979 613 2404 682 posterioribus
2450 615 2743 686 episcopis
2796 616 3146 687 magnisque
3195 613 3465 668 Patribus
3509 613 3629 668 sint

1979 703 2216 756 omnino
2248 703 2373 758 sine
2399 703 2604 759 effectu
2636 702 2842 768 habiti,
2866 721 2970 758 cur
3001 721 3106 758 nos
3139 703 3330 758 dicere
3361 703 3629 774 Oportet?

1978 789 2040 843 Id
2068 789 2333 845 videlicet
2362 791 2556 846 sciunt
2585 792 2685 862 qui
2708 793 3020 848 canonieas
3042 790 3385 863 disciplinas
3409 791 3630 848 didice-

1977 881 2134 933 runt.
2173 879 2274 934 Ubi
2309 887 2398 934 est
2427 879 2583 935 enim
2607 881 2732 950 jam
2764 881 2856 936 ille
2888 897 3072 936 canon
3094 881 3190 950 qui
3214 881 3455 935 mandat
3476 879 3628 951 epis-

1976 965 2137 1036 copis
2160 973 2222 1021 ut
2243 984 2374 1022 cum
2398 984 2506 1021 sua
2535 969 2784 1039 quisque
2817 970 3066 1038 conjuge
3095 966 3364 1022 habitet?
3393 967 3498 1022 Ubi
3531 967 3626 1023 ille

1975 1056 2073 1124 qui
2097 1055 2506 1111 sehismaticos
2529 1063 2584 1111 et
2617 1056 2915 1111 haereticos
2948 1056 3293 1126 rebaptizari
3319 1055 3624 1127 praecipit?

1975 1143 2081 1198 Ubi
2114 1161 2318 1200 rursus
2349 1144 2445 1200 ille
2475 1145 2572 1216 qui
2597 1149 2818 1216 septem
2844 1151 3072 1199 tantum
3098 1145 3373 1200 diaconos
3397 1144 3457 1198 in
3481 1161 3623 1200 una-

1973 1249 2208 1304 quaque
2239 1234 2380 1288 urbe
2409 1251 2538 1290 esse
2569 1233 2866 1288 decernit?
2901 1232 3006 1288 Ubi
3038 1231 3154 1298 ille,
3189 1232 3288 1304 qui
3321 1233 3626 1289 constituit

1974 1327 2038 1377 ut
2069 1321 2194 1378 cibo
2226 1327 2601 1394 prmsumpto,
2629 1321 2687 1376 in
2721 1321 2925 1392 quinta
2959 1338 3171 1394 magna
3205 1322 3345 1376 l'eria
3366 1327 3621 1376 tremen-

1973 1410 2064 1465 dis
2086 1411 2299 1466 Christi
2324 1411 2616 1482 mysteriis
2640 1413 3168 1474 eommunicemus,
3202 1410 3380 1480 idque
3402 1410 3473 1464 ob
3495 1409 3623 1463 imi-

1975 1499 2251 1554 tationem
2285 1503 2532 1554 fortasse
2562 1516 2735 1554 ccena
2777 1498 3090 1553 Dominicae
3111 1498 3138 1552 ‘?
3169 1497 3278 1552 Ubi
3309 1502 3365 1552 et
3395 1497 3490 1552 ille
3519 1496 3621 1566 qui

1972 1589 2172 1658 populi
2205 1587 2567 1643 multitudini
2620 1587 2678 1642 in
2731 1589 3139 1658 episcoporum
3191 1585 3470 1641 electione
3500 1588 3623 1640 suf-

1974 1677 2220 1747 fragium
2253 1676 2574 1748 permittit?
2598 1677 2853 1747 Longum
2884 1680 3038 1731 esset
3060 1675 3397 1746 antiquatos
3418 1691 3622 1731 omnes

1963 1765 2346 1836 jacentesque
2394 1781 2645 1820 canones
2699 1781 2854 1820 nune
2909 1764 3157 1836 seligere
3203 1763 3467 1836 atquein
3499 1779 3621 1820 me-

239 1867 408 1910 σαντας
433 1853 540 1903 τῶν
567 1848 810 1904 κανόνων
870 1848 1071 1912 πάντας
1128 1849 1438 1926 ἐκλέγεσθαι
1488 1855 1577 1905 νῦν
1633 1850 1722 1906 καὶ
1783 1851 1853 1913 εἷς

1971 1854 2137 1910 dium
2171 1855 2446 1926 proferre.

238 1934 376 2007 μέσον
407 1937 756 2012 παράγεσθαι.

1888 1927 1937 1991 Β

1240 2279 1313 2399 J
1327 2276 1670 2400 OAN
1679 2276 1793 2399 N
1804 2275 1955 2399 IS
1995 2328 1998 2331 ·
2058 2276 2607 2400 GHIL/E

1499 2551 1753 2608 EPHESI
1794 2552 2330 2609 METROPOLITzE

675 2717 816 2800 AD
874 2714 1210 2804 IMPER
1240 2715 1701 2804 \TOREM
1758 2714 2515 2804 ANDRONICUM
2572 2715 3148 2802 SENIOREM

1740 2920 2086 2978 LIBELLUS

1160 3083 1263 3143 DE
1325 3082 1867 3144 PROCESSIONE
1923 3083 2281 3147 SPIRITUS
2341 3083 2643 3145 SANCTI.

1267 3243 1458 3314 (Apud
1484 3241 1768 3299 Allatium
1797 3243 1873 3299 De
1900 3245 2271 3316 consensione,
2305 3261 2364 3315 p.
2393 3245 2546 3315 514.)

281 3577 526 3633 Ἰωάννου
576 3583 674 3634 τοῦ
733 3579 907 3636 Χειλᾶ
965 3579 1376 3658 μητροπολίτου
1435 3581 1661 3659 Ἐφέσου
1709 3583 1846 3657 πρὸς

2031 3583 2488 3655 Processionem,
2521 3585 2882 3642 immobilem
2917 3584 3325 3657 preprietatem
3360 3582 3604 3638 sanctis-

218 3665 294 3718 τὸν
325 3665 717 3744 αὐτοκράτορα.
750 3672 864 3740 Τήν
923 3669 1234 3746 ἒκπόρευσιν
1291 3671 1545 3742 ἀκίνητον
1606 3669 1854 3741 ἰδιότητα

218 3759 301 3807 τοῦ
345 3756 609 3832 παναγίου
683 3759 996 3830 Ηνεόματος
1035 3758 1172 3816 οἶδεν
1232 3764 1266 3831 ἡ
1319 3763 1476 3830 κοινὴ
1557 3759 1684 3830 δόξα
1754 3764 1853 3829 τῆς

220 3841 554 3914 Ἐκκλησίας,
585 3845 676 3900 καὶ
723 3845 890 3920 μηδὲν
947 3845 1148 3923 ἕτερον,
1193 3849 1227 3919 ἢ
1262 3849 1434 3922 μόνην
1492 3851 1591 3920 τὴν
1647 3849 1706 3904 ἐκ
1754 3854 1850 3905 τοῦ

219 3933 411 4006 Πατρὸς
475 3937 706 4012 φυσικὴν
763 3935 985 4012 ὕπαρξιν
1045 3938 1208 3993 αὑτοῦ
1273 3940 1719 4014 παριστάνουσαν.
1779 3940 1850 3994 Τὸ

216 4025 327 4094 γοῦν
375 4019 638 4094 δοξάζειν,
669 4024 757 4080 καὶ
815 4027 1040 4103 γράφειν
1096 4029 1196 4097 τὴν
1251 4026 1563 4103 ἐκπόρευσιν
1623 4027 1846 4099 ταύτην,

214 4106 290 4162 νῦν
349 4113 441 4184 μὲν
504 4113 592 4168 ἐπὶ
636 4120 738 4184 τῆς
780 4114 1068 4191 θεολογίας
1123 4118 1221 4186 τὴν
1283 4115 1504 4192 ὕπαρξιν
1565 4117 1847 4191 σημαίνειν

217 4197 388 4272 αὐτὴν,
438 4206 531 4256 νῦν
602 4199 659 4257 δὲ
712 4205 776 4258 αὗ
832 4207 931 4274 τὴν
989 4201 1207 4284 ἔκφασιν
1255 4207 1357 4276 τὴν
1415 4204 1613 4278 ἀΐδιον,
1663 4207 1697 4276 ἢ
1747 4209 1846 4278 τήν

215 4283 474 4364 ἔκλαμψιν
530 4290 566 4360 ἢ
623 4292 723 4361 τήν
784 4283 1084 4371 φανέρωσιν
1168 4293 1518 4374 βλάσφημον,
1576 4296 1664 4351 καὶ
1743 4300 1850 4352 τῶν

219 4377 580 4434 ἆποστολικῶν
643 4378 929 4457 δογμάτων
981 4382 1296 4461 ἀλλότριον,
1327 4386 1416 4440 καὶ
1463 4385 1609 4462 παρά
1664 4389 1845 4455 τοῦτο,

218 4467 297 4520 καὶ
327 4468 656 4542 ἀναθέματὸς
687 4467 853 4542 ἄξιον
885 4471 1050 4528 πάλιν
1104 4474 1193 4529 τὸν
1246 4469 1524 4551 προϐολὲα
1567 4478 1664 4530 τοῦ
1713 4495 1848 4529 παν-

218 4558 360 4629 αγίου
408 4559 717 4632 Πνεύματος
769 4561 963 4631 αἷετιον,
996 4565 1072 4625 ὡς
1117 4564 1208 4618 καὶ
1265 4563 1355 4619 τὸν
1408 4563 1708 4640 Γεννητόρα
1751 4567 1849 4619 τοῦ

221 4645 333 4700 Υἱοῦ
361 4645 555 4720 αἴτιον,
588 4651 624 4719 ἡ
663 4651 820 4720 κοινὴ
849 4655 957 4706 τῶν
1018 4654 1268 4728 Πατέρων
1327 4651 1465 4708 οἶδεν
1525 4651 1702 4708 ἔννοια
1757 4653 1848 4708 καὶ

221 4733 492 4814 δμολογία.
525 4739 667 4812 Πρὸς
701 4736 757 4795 Si
785 4740 875 4794 καὶ
904 4741 1003 4809 τὴν
1030 4737 1313 4816 προϐολὴν
1362 4741 1524 4798 ταύτὸ
1574 4746 1643 4816 τῇ
1692 4741 1850 4797 ὶκπο-

219 4824 380 4897 ρεύσει
437 4824 711 4897 δύνασθαι,
768 4830 1011 4900 καθάπαξ
1072 4831 1122 4884 οἳ
1199 4832 1394 4894 πάντες
1468 4833 1844 4906 γινώσκουσιν.

327 4917 399 4988 μὴ
451 4916 632 5021 τοίνυν
687 4917 1036 4986 οὕτως,ἆλλ’
1087 4921 1284 4997 ὲτὲρως
1343 4925 1577 5021 φρονιῖἒν,
1637 4919 1924 5021 δογμα-Ῑ)

215 5002 363 5071 τίζων
404 5026 460 5060 τε
505 5007 594 5060 καὶ
643 5008 888 5081 γράφων,
921 5009 994 5070 ὡς
1041 5010 1173 5064 ποτὶ
1211 5011 1304 5083 μὲν
1336 5011 1363 5065 6
1397 5005 1702 5085 προϐολεὺς
1750 5011 1842 5065 τὸν

216 5089 369 5147 αἴτιον
402 5093 654 5169 σημαίνει
701 5099 798 5150 τοῦ
845 5097 1000 5171 ἁγίου
1048 5097 1383 5173 Πνεύματος,
1414 5101 1501 5155 καὶ
1554 5102 1590 5170 ἢ
1638 5094 1842 5175 προδο-

213 5176 277 5266 λὴ
321 5183 415 5252 τὴν
465 5183 524 5240 ἐκ
566 5188 664 5239 τοῦ
715 5185 928 5259 Πατρὸς
975 5187 1142 5242 αὖτοῦ
1177 5190 1404 5266 φυσικὴν
1433 5188 1678 5264 ὕπαρξιν
1711 5188 1843 5243 ποτὶ

215 5264 266 5322 δὲ
319 5268 513 5337 ἐκεῖνος
574 5274 668 5347 μὲν
710 5275 802 5329 τὸν
860 5264 1199 5353 φανερωτὴνέ
1231 5277 1364 5350 αὕτη
1404 5275 1460 5333 δὲ
1515 5279 1614 5348 τὴν
1670 5275 1841 5333 ἀΐδιον

216 5353 468 5436 ἕκφανσιν,
502 5361 538 5432 ἢ
595 5364 695 5432 τὴν
754 5359 1053 5440 ξ’λλαμψιν,
1088 5364 1183 5421 εἴτ’
1241 5365 1334 5423 οὗν
1388 5369 1488 5437 τήν
1547 5367 1843 5446 φανὲρωσιν

213 5451 302 5501 τοῦ
329 5451 586 5528 παναγίου
619 5451 952 5525 Πνεῦματος,
984 5452 1266 5529 πρόδηλος
1321 5455 1649 5533 βλάσφημος
1690 5457 1848 5521 οὗτος

215 5535 362 5610 ἡμῖν,
407 5542 495 5596 καὶ
581 5543 881 5619 περιφανὴς
961 5541 1520 5620 παραδειγματιστὴς,
1581 5545 1672 5600 καὶ
1759 5543 1849 5601 διὰ

217 5630 367 5684 τοῦτο
420 5631 510 5687 καὶ
567 5626 876 5702 ἀποϐολῆς,
906 5632 994 5688 καὶ
1030 5631 1405 5712 βδελύγματος
1463 5635 1631 5708 ἄξιος.
1664 5635 1849 5691 Ὦσαῦ-

221 5731 319 5782 τως
359 5723 445 5778 καὶ
489 5723 590 5793 τὴν
639 5717 878 5797 πρόοδον
923 5720 1088 5779 πάλιν
1121 5722 1209 5780 ἐπὶ
1241 5729 1338 5781 τοῦ
1385 5722 1654 5800 παναγίω
1683 5725 1849 5782 Πνεύ-

1963 3673 2097 3728 simi
2128 3672 2403 3744 Spiritus,
2435 3675 2765 3730 communis
2810 3673 3073 3729 Ecclesiae
3105 3671 3393 3729 sententia
3425 3670 3602 3736 novit,

1962 3761 2222 3832 nihilque
2253 3761 2432 3831 aliud,
2466 3780 2643 3834 quam
2692 3762 2878 3819 solam
2937 3780 3005 3818 ex
3062 3767 3229 3817 Patre
3278 3759 3603 3817 naturalem

1960 3851 2360 3907 exsistentiam
2393 3852 2554 3908 illius
2602 3854 3041 3926 exprimentem.
3075 3854 3260 3918 Quare
3291 3851 3508 3906 sentire
3538 3865 3605 3904 ac

1959 3942 2233 4012 scribere,
2262 3943 2691 4012 processionem
2720 3942 2890 4010 hanc,
2919 3959 3075 3996 nunc
3096 3941 3332 4013 quidem
3365 3939 3424 3994 in
3445 3937 3604 3994 theo-

1959 4029 2162 4102 logieis
2212 4031 2610 4086 exsistentiam
2669 4031 2860 4104 ipsam
2910 4035 3130 4098 notare,
3165 4046 3320 4084 nunc
3347 4027 3602 4100 exspira-

1958 4118 2176 4174 tionem
2210 4120 2650 4192 sempiternam,
2682 4121 2801 4176 sive
2830 4119 3322 4175 illuminationem
3359 4118 3478 4174 sive
3509 4134 3602 4173 re-

1959 4207 2329 4275 velationem,
2361 4208 2773 4281 blasphemum
2807 4214 2864 4264 et
2893 4209 2963 4262 ab
2996 4206 3332 4281 apostolicis
3363 4207 3602 4279 dogma-

1957 4296 2117 4351 tibus
2174 4296 2431 4352 alienum
2490 4302 2598 4365 est,
2645 4304 3066 4370 proptereaque
3120 4297 3387 4368 dignum,
3446 4295 3604 4367 quod

1957 4386 2328 4441 anathemate
2359 4387 2902 4457 feriatur.Rursum,
2924 4387 3325 4460 productorem
3349 4384 3604 4440 sanctis-

1958 4475 2092 4530 simi
2147 4475 2398 4546 Spiritus
2457 4493 2718 4542 causam,
2779 4475 3276 4548 quemadmodum
3325 4478 3382 4529 et
3429 4472 3602 4526 Geni-

1955 4569 2138 4619 torem
2174 4565 2298 4619 Filii
2349 4582 2610 4632 causam,
2642 4565 2974 4621 communis
3029 4565 3263 4618 Patrum
3312 4558 3602 4616 sententia

1957 4653 2119 4708 novit
2147 4658 2202 4708 et
2233 4655 2558 4725 proﬁtetur.
2593 4659 2757 4720 Item,
2792 4654 3234 4726 productionem
3282 4655 3340 4707 et
3367 4665 3599 4722 proces-

1955 4743 2182 4798 sionem
2217 4744 2368 4797 idem
2399 4743 2604 4812 valere,
2637 4744 2876 4797 omnino
2921 4742 3074 4812 apud
3123 4757 3327 4795 omnes
3364 4739 3426 4794 in
3457 4754 3601 4793 con-

1957 4831 2110 4886 fesso
2141 4836 2248 4886 est.
2300 4831 2407 4894 Qui
2456 4832 2676 4902 itaque,
2709 4832 2881 4886 modo
2931 4832 3003 4886 ab
3058 4830 3168 4884 hoc
3221 4829 3469 4895 diverso,
3499 4830 3601 4882 aut

1957 4919 2153 4987 sentit,
2185 4925 2286 4975 aut
2327 4921 2615 4987 enuntiat,
2647 4925 2748 4975 aut
2785 4919 3000 4992 scripto
3032 4918 3248 4987 tradit;
3281 4917 3598 4989 aliquando

1955 5009 2177 5064 scilicet
2207 5008 2670 5080 productionem,
2703 5009 2889 5063 sancti
2938 5007 3190 5079 Spiritus
3247 5022 3508 5072 causam,
3541 5009 3601 5062 et

1955 5097 2395 5170 productionem
2442 5115 2510 5154 ex
2557 5098 2723 5153 Patre
2760 5096 2918 5153 illius
2948 5095 3274 5152 naturalem
3307 5095 3597 5151 exsistan-

1955 5187 2119 5257 tiam,
2151 5191 2388 5257 notare;
2421 5187 2738 5259 aliquando
2765 5203 2898 5242 vero
2930 5190 3130 5242 notare
3161 5184 3596 5254 revelationem,

1957 5282 2014 5331 et
2043 5277 2230 5348 ipsam
2264 5276 2680 5350 sempiternam
2713 5275 3304 5348 explicationem,sive
3336 5272 3598 5327 illustra-

1953 5366 2195 5436 tionem,
2251 5366 2371 5423 sive
2428 5365 2834 5422 revelationem
2891 5363 3248 5422 sanctissimi
3302 5361 3598 5434 Spiritus;

1957 5460 2152 5529 aperte
2177 5455 2271 5511 hic
2300 5455 2454 5529 apud
2485 5471 2592 5510 nos
2622 5454 3004 5526 blasphemus
3034 5458 3142 5521 est,
3163 5457 3220 5508 et
3248 5451 3600 5507 manifestus

1958 5545 2381 5619 praevaricator,
2410 5548 2828 5617 proptereaque
2886 5545 3123 5617 dignus,
3154 5556 3326 5613 quem
3358 5538 3598 5612 abjicia-

1957 5651 2112 5703 mus,
2145 5639 2202 5691 et
2249 5635 2628 5691 detestamur.
2665 5635 2877 5691 Eadem
2921 5633 3148 5690 ratione
3195 5646 3430 5687 rursum
3464 5644 3597 5702 pro-

1956 5724 2290 5781 ductionem
2319 5723 2390 5781 de
2418 5722 2788 5782 sanctissimo
2805 5722 3026 5797 Spiritu
3059 5721 3298 5788 dictam,
3328 5724 3385 5778 et
3413 5717 3600 5776 solam
