4028 6202
472 352 586 412 511
1531 360 1843 422 NICOLAI
1887 361 2063 422 ΜΕΤ]

2223 363 2323 422 EN
2332 363 2444 424 SlS
2488 361 2839 424 EPISCOPI
3717 377 3811 436 512

483 481 545 535 Si
573 485 694 554 quis
721 486 891 549 enim,
924 485 1139 557 inquit,
1177 487 1472 544 comederit
1529 505 1597 546 ex
1637 491 1733 546 hoc
1771 507 1936 562 pane,
1983 494 2074 546 viv.

2239 511 2421 563 μενον.
2451 493 2512 547 Ὁ
2544 488 2602 545 δὲ
2659 492 2860 552 σκοπὸς
2907 492 3012 564 τίς,
3057 491 3147 546 καὶ
3196 491 3256 546 τὸ
3291 489 3442 555 τὲλος
3485 500 3576 564 τῆς
3619 500 3811 574 imp-.186.

480 569 539 623 in
570 575 845 627 aeternum
866 574 923 641 5;
957 578 1013 628 ct
1039 591 1050 628 :
1088 577 1256 630 Panis
1285 585 1470 632 autem
1500 595 1660 648 quem
1693 595 1786 649 ego
1807 579 1965 647 dabo,
2003 595 2071 633 ca;

2238 598 2418 647 σεως;
2478 581 2545 636 σΓί
2588 577 2749 649 ἄλλο,
2799 577 2836 648 ἤ
2891 579 3150 652 μετουσία
3205 581 3450 655 Χριστοῦ,
3496 585 3578 638 καὶ
3769 591 3810 647 εν

482 677 606 713 mea
635 667 736 726 est,
763 678 930 732 quam
955 679 1050 731 ego
1080 663 1213 718 dabo
1258 683 1359 735 pro
1387 668 1581 721 mundi
1621 671 1738 722 vita
1757 669 1806 734 ⁶;
1859 673 1914 723 et
1938 684 1951 722 :
2008 669 2073 723 Ni

2239 673 2460 743 Χριστῷ
2515 673 2620 722 τῶν
2686 664 3028 743 μετεχόντων
3105 669 3369 740 αῗώνιος;
3418 672 3536 725 Ἐὰν
3585 695 3658 736 τις
3714 679 3808 753 γὰρ,

482 749 822 804 manducetis
853 767 1079 805 carnem
1110 753 1241 807 Filii
1268 755 1528 826 hominis,
1562 763 1614 811 et
1635 757 1830 811 bibatis
1854 758 1970 822 eius
1997 773 2073 811 sai

2238 757 2390 834 φησὶ,
2460 755 2600 832 φάγῃ
2680 756 2738 811 ἐκ
2811 757 3011 811 τούτου
3087 761 3184 812 τοῦ
3261 756 3438 830 ἄρτου,
3514 749 3810 831 ζήσεται-είς

483 840 727 908 guinem,
761 855 866 892 non
891 840 1108 895 habetis
1134 845 1304 897 vitam
1335 845 1399 899 in
1457 846 1603 899 vobis
1634 865 1651 898 :
1694 848 1790 916 qui
1834 845 2074 900 manduc

2234 847 2325 898 τὸν
2388 844 2602 898 αἰῶνα·
2662 843 2753 898 καί
2787 865 2800 878 ⁸
2861 847 2922 902 Ὁ
2980 843 3142 919 ἄρτος
3200 843 3256 900 δὲ
3311 847 3366 900 ’ὸν
3426 847 3524 922 ἐγὼ
3588 847 3805 926 δώσω,ἡ

484 941 663 979 meam
720 943 942 982 carnem
997 938 1046 984 et
1106 930 1240 986 bibit
1295 949 1477 988 meum
1536 937 1883 1006 sanguinem,
1969 935 2073 988 hab

2238 933 2363 1008 σάρξ
2428 955 2531 1006 μου
2616 932 2777 1006 ἐστὶν,
2849 934 2914 1004 ἢν
2996 935 3106 1010 ἐγὼ
3187 932 3345 990 δώσω
3419 936 3541 1011 ὐπὶρ
3611 943 3697 1004 τῆς
3741 948 3815 997 τοῦ

483 1015 652 1067 vitam
731 1019 1082 1087 aeternam";
1169 1026 1225 1075 et
1307 1040 1552 1079 rursus:
1638 1025 1744 1092 Qui
1825 1024 2074 1080 mundae.

2235 1023 2446 1095 κόσμου
2505 1027 2648 1092 ζωῆς
2681 1043 2693 1057 ⁸
2745 1024 2835 1077 καί
2870 1043 2884 1057 ⁸
2937 1025 3060 1080 Ἐὰν
3141 1025 3218 1097 μή
3292 1025 3495 1100 φάγητε
3546 1027 3634 1096 τὴν
3687 1029 3819 1104 σάρκα

483 1117 664 1156 meam
696 1120 936 1175 carnem,
996 1111 1048 1162 et
1107 1109 1242 1164 bibit
1298 1128 1479 1166 meum
1535 1115 1883 1186 srnguinem,
1936 1115 1994 1167 in
2043 1130 2074 1166 n

2235 1116 2332 1166 τοῦ
2378 1111 2505 1165 Τίοῦ
2551 1115 2646 1165 τοῦ
2708 1111 3016 1186 ἀνθρώπου,
3069 1113 3159 1168 καὶ
3211 1111 3374 1184 πίητε
3420 1115 3577 1168 αὑτοῦ
3618 1122 3671 1170 τὸ
3711 1118 3820 1192 αἷμα

484 1195 690 1259 manet,
723 1198 774 1248 et
804 1211 898 1265 ego
930 1197 987 1250 in
1009 1213 1068 1252 eo
1101 1215 1113 1251 :
1149 1200 1612 1266 Quemadmodum
1635 1204 1789 1257 misit
1821 1219 1903 1258 me
1942 1205 2075 1257 vive:

2238 1199 2336 1254 οὐκ
2390 1195 2542 1277 ἔχετε
2597 1201 2738 1269 ζωὴν
2801 1200 2852 1255 ἐν
2925 1202 3176 1265 ἑαυτοῖς⁸
3253 1203 3282 1256 6
3337 1203 3554 1278 τρώγων
3607 1226 3700 1277 μου
3741 1209 3819 1276 τὴν

489 1285 677 1351 Pater,
724 1288 774 1337 et
819 1299 912 1354 ego
968 1287 1089 1340 vivo
1159 1293 1382 1360 prapter
1444 1296 1667 1346 Patrem
1698 1292 1718 1326 ⁸
1752 1337 1768 1362 ,
1828 1295 1920 1347 et:
2013 1296 2080 1362 οι

2237 1288 2426 1362 σάρκα,
2481 1290 2569 1343 καὶ
2626 1287 2796 1344 πίνων
2857 1311 2965 1362 μοκ
3020 1291 3082 1345 τὸ
3142 1293 3301 1364 αἷμα,
3373 1289 3486 1366 ἔχει
3540 1293 3668 1361 ζωὴν
3716 1294 3819 1348 αῗώ-

485 1370 600 1425 edit
629 1387 733 1435 me,
781 1381 833 1427 et
860 1374 958 1428 itte
1014 1377 1155 1431 viret
1202 1383 1424 1450 propter
1480 1397 1564 1436 me
1585 1381 1625 1436 θ.
1686 1379 1932 1435 Carnem
1972 1381 2076 1435 enin

2238 1398 2350 1432 νιον
2384 1397 2397 1409 ⁸
2431 1378 2520 1432 καὶ
2563 1377 2728 1433 πάλιν
2761 1397 2774 1409 ⁸
2831 1381 2886 1431 Ὀ
2935 1379 3158 1456 τρώγων
3221 1400 3328 1453 μου
3384 1381 3478 1448 τὴν
3538 1382 3706 1456 σάρκα,
3751 1386 3818 1437 καὶ

487 1473 656 1513 suam
689 1461 855 1530 quasi
888 1479 1080 1518 escam
1116 1465 1287 1521 hamo
1313 1469 1784 1540 circumponens,
1807 1469 2003 1524 divina
2024 1487 2078 1525 ει

2238 1465 2408 1521 πίνων
2472 1488 2576 1540 μου
2630 1469 2693 1522 τὸ
2748 1468 2906 1540 αἷμα,
2955 1467 3008 1522 ἐν
3060 1467 3184 1541 ἐμοὶ
3230 1469 3402 1542 μένει,
3451 1469 3590 1544 κάγὼ
3617 1469 3660 1522 ἐν
3688 1469 3821 1543 αὐτῷ.

487 1546 728 1614 virtute,
759 1557 1090 1621 serpentem
1143 1555 1379 1626 quidem
1411 1557 1710 1628 deprimit,
1769 1575 1876 1614 nos
1935 1562 2078 1614 aute}

2238 1557 2417 1619 καθὼς
2474 1554 2755 1611 ἀπέστειλὲ
2816 1576 2882 1628 με
2941 1557 2969 1610 6
3025 1560 3128 1624 ζῶν
3185 1558 3395 1631 Πατὴρ,
3447 1557 3587 1633 κάγὼ
3643 1562 3706 1627 ζῶ
3756 1557 3824 1614 διὰ

490 1635 681 1707 erigit.
720 1642 904 1709 Papa,
945 1657 1121 1710 quam
1155 1647 1654 1714 expavescendum
1690 1648 2081 1703 ettremendui

2239 1645 2330 1699 τὸν
2386 1645 2596 1720 Πατέρα
2630 1663 2642 1676 ·
2703 1645 2791 1698 καί
2825 1663 2838 1677 ⁸
2899 1645 3137 1720 Τρώγων
3207 1666 3296 1718 με,
3364 1645 3594 1706 κάκεῖνος
3650 1648 3820 1716 ζήσεται

492 1726 837 1796 mysterium
864 1733 882 1782 !
908 1729 1014 1792 Qui
1041 1729 1147 1785 hoc
1176 1734 1437 1802 tradidit,
1485 1735 1638 1792 Deus
1684 1741 1793 1802 est,
1826 1737 1925 1808 qui
1957 1752 2083 1808 pro;

2247 1731 2316 1788 δι’
2376 1732 2492 1806 ἐμὲ.
2550 1733 2664 1802 Τὴν
2727 1735 2830 1809 γὰρ
2887 1734 3054 1788 αὐτοῦ
3114 1735 3286 1810 σάρκα
3315 1735 3389 1796 ὡς
3421 1731 3600 1810 δέλεαρ
3631 1733 3675 1789 ὲν
3703 1735 3823 1810 ἀγκί-

489 1817 580 1868 ter
599 1813 965 1874 clementiam
991 1824 1046 1874 ot
1068 1820 1485 1893 benignitatem
1511 1841 1677 1880 suam
1706 1825 1880 1881 homo
1902 1842 2080 1896 quoql

2241 1843 2386 1898 στρῳ
2415 1823 2837 1898 περιτιθέμενος,
2883 1826 2953 1896 τῇ
2998 1822 3114 1894 θείᾳ
3160 1824 3330 1878 αὐτοῦ
3379 1819 3609 1895 δυνάμει,
3642 1824 3720 1877 τὸν
3750 1825 3821 1895 μὲν

666 1869 675 1870 ί
714 1869 739 1870 η
758 1869 772 1872 τ
790 1869 965 1874 ~~~v~—-—
994 1869 1007 1873 -
1029 1869 1044 1874 ν
1068 1869 1485 1893 --ττο--η--ν-ο·
1511 1869 1677 1880 mnu“
1706 1869 1879 1881 διν-ιον
1903 1869 2081 1896 ἰ’-ωι-

490 1901 677 1958 factus
707 1910 816 1974 est,
859 1912 912 1961 et
973 1913 1253 1981 tanquam
1305 1912 1426 1968 ovis
1475 1914 1546 1969 ad
1606 1915 2015 1970 mactationem
2074 1931 2081 1967 ι

2243 1869 2299 1876 --
2423 1869 2482 1876 η-
2526 1869 2651 1876 η---
2701 1869 2837 1890 -.-η
2896 1869 2953 1887 -,
3004 1869 3114 1894 --.τ
3161 1869 3328 1878 ..-η-
3381 1869 3501 1877 --._
3549 1869 3609 1894 -.,
3654 1869 3716 1877 --.
3783 1869 3820 1878 -.

2240 1869 2838 1984 doivTanleet,ri)pic
2871 1869 3168 1987 δὶῖἀνάγει.
3218 1907 3396 1968 Βαϐαῖ
3435 1869 3732 1990 ὡςΓφρικτὸν
3750 1869 3824 1966 Ικαὶ

490 1996 739 2048 mortem
799 1998 1105 2067 processit,
1167 2005 1230 2055 ut
1277 2002 1594 2058 obnoxium
1655 2003 1829 2059 morti
1898 2008 2081 2076 proptc

2241 1995 2468 2078 φοϐερὸν
2545 2002 2610 2056 τὸ
2679 2003 3004 2074 μυστήριον.
3071 2002 3134 2058 Ὁ
3202 1998 3597 2076 παραδεδωκὼς
3661 2006 3822 2069 τοῦτο,

493 2087 795 2152 peccatum
827 2083 1125 2142 hominem
1154 2094 1339 2144 morte
1369 2091 1664 2147 eximeret.
1717 2092 1906 2148 Causa
1951 2092 2084 2163 hqu

2241 2089 2372 2153 Θεὸς
2413 2088 2523 2144 ἐστι
2573 2086 2660 2142 διὰ
2720 2087 3132 2166 φιλανθρωπίαν
3176 2087 3272 2144 καὶ
3330 2087 3601 2165 ἅνθρωπος
3643 2089 3826 2165 γενόμε-

492 2170 824 2228 traditionis
855 2179 961 2244 est,
1010 2177 1207 2248 magni
1238 2178 1419 2249 hujus
1470 2179 1736 2236 beneﬁcii
1788 2180 2083 2236 recordatii

2239 2198 2357 2250 νος,
2388 2177 2478 2232 καὶ
2509 2178 2582 2240 ὡς
2635 2173 2906 2254 πρόϐατον
2967 2177 3052 2232 ἐπὶ
3105 2179 3316 2257 σφαγὴν
3365 2179 3452 2234 καὶ
3494 2180 3692 2242 θάνατον
3720 2199 3830 2250 προ-

491 2257 714 2331 Corpus
745 2265 802 2316 et
841 2264 1084 2336 sanguis
1121 2265 1336 2322 Christi
1377 2284 1446 2322 ea
1487 2273 1646 2338 sunt,
1694 2285 1822 2340 quae
1861 2269 1970 2324 hoc
2018 2269 2082 2324 rit

2243 2266 2566 2342 ερχόμενος,
2620 2264 2713 2321 τίνα
2764 2267 2855 2322 τὸν
2927 2264 3186 2322 ὑπόδικον
3261 2271 3343 2339 τῷ
3407 2264 3606 2341 θανάτῳ
3645 2266 3720 2322 διὰ
3753 2267 3829 2333 τήν

491 2348 908 2418 perficiuntur;
960 2354 1108 2410 ritus
1171 2355 1327 2426 ﬁnis,
1387 2357 1756 2430 participatio
1813 2358 2026 2414 Christi
2079 2385 2082 2404 ι

2243 2356 2504 2432 ἁμαρτίαν
2552 2352 2836 2430 ἄνθρωπον
2891 2359 2987 2411 τοῦ
3039 2357 3272 2412 θανάτου
3318 2354 3580 2427 ἐξέληται.
3618 2355 3756 2413 Αἰτία
3793 2351 3834 2408 δὲ

489 2437 612 2491 vita
640 2443 854 2494 aeterna
884 2457 898 2508 ;
931 2444 1084 2514 quod
1119 2443 1272 2499 idem
1306 2449 1395 2500 est
1443 2445 1611 2516 quasi
1662 2446 1909 2510 diceres.
1958 2451 2080 2518 parl

2244 2454 2341 2517 τῆς
2382 2444 2751 2522 παραδόσεως,
2800 2448 2834 2516 ἡ
2884 2450 2985 2512 τῆς
3037 2444 3285 2523 μεγάλης
3343 2446 3540 2517 ταύτης
3588 2443 3835 2521 εὐεργεσίας

491 2526 816 2597 cipantium
851 2531 1161 2600 deificatio,
1196 2538 1261 2587 ut
1291 2532 1460 2588 divus
1493 2533 1706 2588 Paulus
1739 2551 1954 2606 magna
1999 2551 2082 2590 νοι

2243 2535 2545 2609 ἀνάμνησις
2578 2553 2592 2568 ⁸
2624 2539 2784 2608 νῶμα
2837 2535 2926 2590 καὶ
2975 2535 3112 2608 αἷμα
3161 2537 3422 2610 Χριστοῦ,
3453 2536 3518 2589 τὰ
3542 2533 3832 2606 τελούμενα·

490 2615 849 2686 proclamat:
887 2619 1051 2675 Catia:
1072 2620 1463 2676 benedictionis
1516 2637 1677 2694 quem
1744 2623 2081 2679 benedicimu

2241 2632 2343 2694 τῆς
2415 2631 2640 2694 τελετῆς
2711 2621 2892 2695 τέλος,
2969 2624 3225 2697 μετουσία
3283 2626 3563 2701 Χριστοῦ,
3617 2621 3695 2676 καὶ
3747 2622 3831 2690 ζωὴ

491 2719 674 2761 nonne
702 2709 1124 2765 communicatio
1151 2710 1441 2780 sanguinis
1473 2710 1680 2766 Christi
1705 2719 1783 2767 est
1806 2711 1893 2767 '°?
1925 2712 2082 2767 deinc‘

2246 2713 2462 2774 αἱώνιος
2496 2732 2508 2746 ⁸
2535 2713 2730 2768 ταύτὸν
2780 2710 2837 2766 δὲ
2890 2711 3076 2781 εἴπεῖν,
3122 2717 3231 2767 τῶν
3296 2713 3630 2788 μετεχόντων
3681 2711 3837 2766 ἰκθὲω-

497 2793 699 2848 subdit
750 2800 808 2851 et
863 2797 1166 2869 rationem,
1225 2815 1339 2870 quo
1383 2803 1552 2871 pacto
1628 2801 1841 2857 fiamus
1922 2817 2088 2873 corpu

2248 2824 2349 2872 ςις,
2405 2802 2480 2864 ὡς
2539 2799 2628 2856 καὶ
2677 2800 2956 2864 θεσπέσιος
3011 2800 3230 2864 Παῦλος
3297 2802 3688 2879 μεγαλοφώνως
3741 2799 3836 2873 βοᾷ,

494 2881 730 2950 Christi,
790 2885 1030 2956 aitque:
1081 2889 1257 2943 Panis
1314 2904 1474 2959 quem
1539 2890 1873 2961 frangimus,
1955 2906 2085 2946 nom

2244 2893 2320 2949 T6
2376 2893 2640 2967 ποτήριον
2719 2898 2820 2961 τῆς
2901 2890 3153 2966 εὐλογίας
3238 2891 3268 2946 ’ὀ
3351 2889 3692 2966 εὐλογοῦμεν,
3737 2886 3835 2962 οὐχὶ

496 2974 920 3030 communicatio
977 2978 1224 3048 corporis
1264 2976 1469 3033 Christi
1512 2977 1628 3033 est?
1703 2978 2087 3050 quandoquide:

2248 2979 2500 3035 κοινωνία
2582 2983 2680 3035 τοῦ
2753 2977 2982 3054 αἵματος
3051 2983 3148 3035 τοῦ
3223 2981 3460 3055 Χριστοῦ
3511 2979 3686 3046 ἆστιν;
3735 2978 3839 3034 Εἶτα

495 3074 640 3114 unus
658 3077 845 3133 panis,
885 3067 938 3118 et
977 3081 1154 3120 unum
1209 3081 1405 3138 corpus
1449 3067 1616 3122 multi
1664 3083 1892 3123 sumus:
1951 3083 2086 3123 omni

2248 3067 2432 3144 ἰπάγει
2488 3069 2578 3123 καὶ
2623 3067 2914 3144 λογισμὸν,
2966 3072 3085 3132 πῶς
3131 3067 3399 3144 γινόμεθα
3444 3073 3602 3142 σῶμα
3624 3068 3839 3140 Χριστοῦ,

495 3149 644 3204 enim
664 3166 774 3206 uno
796 3169 940 3224 pane
967 3155 1368 3226 participamus
1389 3157 1452 3209 ¹¹.
1481 3155 1630 3222 Quid
1675 3156 1830 3212 enim
1869 3162 1976 3228 est,
2036 3158 2086 3212 ai

2252 3158 2337 3213 καί
2394 3178 2526 3236 φησι
2559 3177 2572 3192 ⁸
2633 3157 2740 3214 Τὸν
2805 3155 2964 3233 ἄρτον
3021 3157 3080 3212 ’ὸν
3154 3155 3407 3233 κλῶμεν,
3467 3157 3590 3232 οὖχῖ
3633 3151 3843 3210 κοινωνία

496 3241 709 3312 panis?
746 3243 1038 3302 Nimirum
1096 3263 1307 3319 corpus
1353 3246 1588 3303 Christi.
1611 3247 1758 3312 Quid
1802 3264 1934 3304 vero
1987 3249 2087 3304 {iui

2252 3247 2344 3302 τοῦ
2411 3247 2663 3321 σώματος
2711 3250 2807 3301 τοῦ
2871 3249 3111 3321 Χριστοῦ
3182 3245 3377 3319 ἐστινς
3452 3248 3536 3302 ὅτι
3581 3247 3652 3310 εἷς
3700 3242 3843 3320 ἄρτος,

494 3333 964 3405 participantes?
1030 3336 1318 3392 Nimirum
1377 3353 1590 3408 corpus
1668 3337 1917 3406 Christi;
2003 3355 2085 3394 na:

2254 3336 2304 3391 ἓν
2334 3341 2495 3408 σῶμα
2525 3337 2576 3390 οἱ
2634 3333 2840 3390 πολλοί
2897 3334 3056 3408 ἐσμεν
3092 3355 3105 3368 ⁸
3166 3336 3220 3390 οἱ
3278 3337 3384 3411 γὰρ
3444 3337 3634 3396 πάντες
3681 3331 3733 3387 ἐκ
3771 3333 3845 3384 τοῦ

497 3420 915 3493 ρατιίοίριωιθι
949 3440 1188 3496 corpore
1247 3424 1486 3495 Christi,
1546 3441 1652 3480 nos
1709 3425 1886 3480 etiam
1945 3427 2088 3498 ipsa

2254 3424 2368 3486 ἑνὸς
2399 3422 2562 3498 ἄρτου
2610 3425 2932 3500 μετέχομεν.
2981 3423 3040 3479 Τί
3091 3423 3194 3500 γάρ
3241 3421 3379 3495 ἐστι,
3413 3425 3594 3503 φησὶν,
3626 3423 3652 3476 6
3680 3420 3845 3494 ἄρτοςς

497 3508 810 3566 efﬁcimur.
844 3513 990 3568 Nam
1026 3513 1163 3586 quia
1193 3516 1465 3570 universa
1491 3519 1690 3570 nostra
1720 3531 1852 3571 caro
1871 3531 2088 3588 corrup‘

2260 3511 2514 3584 δηλονόυι
2547 3518 2706 3587 σῶμα
2753 3516 3009 3588 Χριστοῦ.
3042 3513 3109 3570 Τί
3165 3511 3223 3568 δὶ
3261 3513 3506 3589 γίνονται
3536 3513 3587 3567 οἱ
3618 3509 3851 3585 μεταλαμ-

498 3601 588 3653 est
619 3616 652 3655 a
681 3605 937 3674 peccato,
971 3619 1118 3674 opus
1151 3604 1321 3659 nobis
1353 3604 1463 3658 fuit
1503 3620 1651 3659 nova
1681 3619 1875 3659 carne.

2258 3598 2505 3666 ϐάνοντες
2523 3623 2545 3668 ,⁸
2578 3601 2837 3674 δηλονότι
2890 3608 3051 3676 σῶμα
3101 3604 3339 3678 Χριστοῦ
3371 3621 3386 3636 ⁸
3442 3601 3738 3677 μετέχοντες
3771 3596 3849 3674 γὰρ

2251 3695 2349 3746 τοῦ
2406 3692 2658 3766 σώματος
2713 3696 2810 3746 τοῦ
2866 3693 3102 3766 Χριστοῦ
3152 3691 3242 3746 καὶ
3297 3693 3468 3766 ἡμεῖς
3523 3689 3683 3746 ἐκεῖνο
3732 3683 3852 3760 γινύ-

506 3789 641 3851 μεθα
676 3799 688 3812 ·
723 3766 910 3849 ἐπειδὴ
944 3780 1043 3855 γὰρ
1077 3783 1110 3850 ἡ
1141 3786 1284 3835 πᾶσα
1309 3783 1468 3854 ἡμῶν
1501 3781 1625 3852 σὰρξ
1659 3777 1862 3855 ἐφθάρη
1892 3777 1994 3833 ὐπὸ
2023 3784 2123 3847 τῆς
2152 3780 2440 3857 ἁμαρτίας,
2473 3779 2686 3852 ἐδέησεν
2714 3783 2849 3854 ἡμῖν
2883 3780 3079 3856 σαρκὸς
3105 3779 3249 3843 νέας.

569 3869 710 3934 Quis
758 3886 893 3943 ergo
951 3877 1070 3927 tam
1132 3872 1324 3927 audax
1377 3876 1435 3927 et
1491 3887 1734 3943 prorsus
1792 3869 2140 3926 temerarius

2325 3871 2422 3934 Τίς
2453 3869 2543 3926 οὖν
2591 3869 2732 3926 οῧτω
2780 3869 2973 3947 θρασὺς
3025 3870 3116 3925 καὶ
3162 3869 3504 3943 πάντολμος,
3547 3869 3619 3932 ὡς
3644 3883 3853 3922 καινοτο-

501 3956 764 4024 exsistat,
825 3965 889 4014 ut
945 3961 1226 4014 adversus
1276 3960 1427 4014 hanc
1481 3959 1856 4014 traditionem
1918 3958 2092 4028 aliqui

2262 3966 2376 4034 μεῖν
2428 3962 2528 4030 τήν
2573 3956 2894 4037 παράδοσιν,
2946 3959 3035 4014 καὶ
3084 3960 3528 4036 παραγράφεσθαι
3565 3957 3624 4012 τὸ
3680 3953 3853 4028 μυστή-

505 4044 636 4098 novi
685 4045 982 4115 moliatur,
1032 4048 1493 4118 mysteriumque
1552 4046 1829 4102 falsitatis
1884 4062 2094 4102 accuse

2266 4071 2398 4123 ριον,
2446 4049 2536 4104 καὶ
2583 4049 2786 4114 ἀθετεῖν
2845 4047 2986 4104 οὕτω
3037 4050 3129 4104 τὸν
3169 4046 3485 4124 παραδόντα
3528 4069 3586 4102 τε
3625 4044 3708 4100 καὶ
3739 4042 3857 4116 psi,-

505 4138 682 4202 atque
715 4134 954 4207 abroget
973 4153 1130 4202 eum,
1163 4137 1262 4206 qui
1314 4135 1394 4191 ita
1435 4135 1675 4190 tradidit
1726 4139 1784 4191 et
1841 4136 2096 4190 instituit

2266 4159 2463 4208 σαντα;
2523 4140 2810 4208 Ἀθετήσας
2884 4159 2968 4202 τις
3043 4139 3212 4210 νόμον
3284 4134 3581 4204 Μωῦσὲως,
3642 4133 3786 4213 φησὶν
3837 4130 3857 4181 ὁ

502 4221 566 4277 Si
595 4223 714 4294 quis
746 4224 915 4293 legem
943 4225 1140 4296 Moysis
1167 4227 1409 4294 abroget,
1443 4225 1632 4295 inquit
1663 4223 1996 4296 Apostolus,
2025 4225 2093 4280 si:

2267 4226 2634 4298 Ἀπόστολος,
2687 4227 2864 4303 χωρὶς
2921 4226 3246 4302 οἰκτιρμῶν,
3306 4224 3397 4282 ἐπὶ
3457 4223 3602 4281 δυσὶν
3659 4221 3691 4291 ἤ
3743 4215 3858 4294 τρισὶ

501 4311 890 4369 misericordia
926 4315 1064 4380 ulta,
1124 4317 1226 4369 sub
1281 4314 1487 4369 duobus
1541 4317 1639 4368 aut
1687 4314 1865 4368 tribus
1918 4314 2092 4369 testib:

2268 4319 2543 4394 μάρτυσιν,
2627 4317 2956 4386 ἀποθνήσκει
3009 4337 3022 4350 ⁸
3119 4316 3279 4388 πόσῳ
3377 4313 3557 4377 δοκεῖς
3647 4309 3859 4386 χείρονος

500 4403 780 4458 moritur:
806 4408 1006 4474 quanto
1038 4403 1235 4474 dignus
1278 4403 1538 4458 deteriori
1590 4401 1869 4473 supplicio
1914 4419 2091 4459 cense?

2270 4407 2611 4476 ἱξιωθήσεται
2668 4403 2939 4480 τιμωρίας
3017 4405 3045 4458 ὁ
3125 4403 3217 4459 τὸν
3289 4404 3418 4458 Υῖὸν
3472 4406 3570 4458 τοῦ
3619 4402 3741 4456 Θεοῦ
3786 4415 3861 4449 κα-

500 4492 606 4548 dus
633 4496 760 4563 erit,
788 4496 886 4565 qui
921 4495 1130 4550 Filium
1170 4496 1268 4550 Dei
1315 4494 1664 4562 concutcarit,
1723 4499 1776 4548 et
1821 4495 2091 4565 sanguine

2269 4496 2590 4564 ταπατήσας,
2666 4494 2756 4548 καὶ
2842 4494 2903 4548 τὸ
2987 4495 3122 4566 αἷμα
3197 4499 3300 4562 τῆς
3374 4491 3637 4562 διαθήκης
3713 4484 3860 4541 κοινὸν

497 4586 819 4639 testamenti
830 4586 1136 4655 pro/anum
1153 4585 1415 4639 existima
1425 4581 1579 4649 verit,
1599 4586 1649 4636 et
1666 4583 1920 4654 spiritum
1949 4592 2088 4654 grata

2272 4582 2624 4659 ἡγησάμενος,
2697 4581 2787 4636 καὶ
2871 4583 2933 4638 τὸ
3016 4585 3226 4654 πνεῦμα
3306 4588 3408 4651 τῆς
3467 4581 3687 4656 χάριτος
3733 4574 3863 4659 καθυ-

502 4673 717 4732 iniuria
746 4674 990 4745 a/fecerit
1025 4674 1089 4728 1³.
1119 4672 1337 4728 Verum
1365 4672 1498 4742 quis
1524 4670 1643 4741 illo,
1694 4673 1795 4744 qui
1844 4672 2093 4728 conculca

2267 4658 2496 4749 ϐρίσας;
2551 4668 2726 4727 Ἀλλᾶ
2775 4671 2857 4734 τίς
2918 4672 2946 4726 6
2991 4675 3310 4726 uatunatibv
3357 4671 3450 4725 τὸν
3496 4669 3610 4724 ι”ιὸν
3639 4669 3727 4720 τοῦ
3753 4658 3858 4718 Θεοὺ

499 4761 712 4817 Filium
740 4762 860 4830 Dei,
880 4769 938 4818 et
959 4763 1205 4818 aliorum
1232 4778 1358 4828 αυω
1381 4760 1638 4816 diximus
1661 4777 1794 4816 reus
1826 4766 2090 4818 censetur

2267 4763 2339 4817 ιαὶ
2374 4760 2552 4816 τᾶλλα
2579 4761 2648 4816 τὰ
2694 4761 2957 4834 εἰρημένα
2998 4758 3529 4836 κατηγορούμενοςς
3589 4758 3656 4812 Ἥ
3698 4750 3858 4822 δῆλον,

501 4850 704 4906 Nonne
735 4851 834 4923 qui
867 4853 1215 4923 sanguinem
1247 4852 1376 4922 ejus
1408 4849 1678 4922 ingratus
1733 4851 1995 4921 abrogat,
2042 4868 2092 4905 ni

2266 4853 2331 4914 ὥς
2376 4851 2404 4905 6
2451 4850 2514 4905 τὸ
2561 4854 2722 4923 σῶμα
2778 4848 2942 4904 αὐτοῦ
2999 4846 3089 4904 διὰ
3139 4851 3238 4918 τῆς
3297 4846 3618 4924 ἀχαριστίας
3671 4844 3857 4906 ἀθετῶν,

502 4940 780 5011 admittit,
812 4947 868 4996 et
897 4941 1120 4998 veracis
1170 4941 1243 4997 ab
1289 4941 1570 5011 omnique
1619 4940 1924 4996 mendacio
1970 4939 2093 4996 alie]

2270 4940 2344 4994 ιαὶ
2401 4939 2477 5012 μὴ
2527 4935 2960 5014 ἀποδεχόμενος,
3011 4936 3101 4992 καὶ
3157 4939 3258 5006 τήν
3307 4941 3407 4992 τοῦ
3454 4931 3708 5011 ἀψευδοῦς
3756 4926 3861 4983 στό-

505 5028 624 5084 oris
669 5030 1043 5086 traditionem
1093 5036 1150 5086 et
1193 5031 1539 5086 mandatum
1589 5029 1756 5084 nihili
1801 5029 1990 5085 facit?
2041 5031 2096 5085 Ηι

2266 5049 2429 5102 ματος
2513 5025 2809 5104 παράδοσιν
2888 5049 2947 5083 τε
3031 5026 3121 5084 καὶ
3198 5025 3445 5100 ἔνταλμα
3504 5020 3857 5097 ἐξουθενίζωνς

502 5125 584 5176 est
637 5137 833 5193 corpus
880 5138 1084 5188 meum,
1141 5121 1425 5187 dicentis;
1485 5124 1564 5188 et,
1621 5122 1719 5175 Hic
1764 5130 1843 5176 est
1925 5136 2093 5192 sangu

2270 5117 2422 5172 Γοῦτό
2454 5117 2567 5172 ἐστι
2594 5117 2657 5171 τὸ
2705 5119 2864 5190 σῶμά
2916 5137 3020 5192 μου
3073 5115 3326 5178 εἷπόντος
3361 5134 3375 5147 ⁸
3428 5115 3544 5182 καὶ,
3592 5107 3750 5170 Τοῦτό
3772 5105 3861 5160 ἐστι

501 5226 689 5279 meus,-
722 5215 798 5276 et,
832 5212 951 5266 Nisi
978 5211 1318 5266 manducetis
1348 5225 1570 5265 carnem
1614 5211 1746 5264 Filii
1790 5211 2052 5277 hominis,

2276 5209 2316 5262 :6
2374 5205 2512 5279 αἷμά
2571 5227 2676 5280 μου
2709 5223 2723 5239 ⁸
2783 5205 2896 5276 καὶ,
2972 5205 3094 5264 Ἐὰν
3183 5205 3260 5279 μὴ
3327 5205 3542 5280 φάγητε
3584 5201 3680 5270 τὴν
3726 5197 3867 5270 σάρκα

502 5299 703 5356 bibatis
732 5300 847 5371 ejus
880 5301 1230 5372 sanguinem,
1277 5314 1388 5355 non
1414 5297 1624 5354 habetis
1660 5298 1834 5352 vitam
1878 5300 1935 5352 in
1979 5298 2093 5354 vobi

2270 5300 2351 5351 τοῦ
2432 5295 2558 5350 Υίοῦ
2633 5298 2731 5350 τοῦ
2813 5295 3122 5371 ἀνθρώπου,
3206 5293 3298 5350 καὶ
3385 5291 3548 5363 πίητε
3620 5287 3767 5343 αὐτοῦ
3813 5280 3861 5335 τὸ

502 5390 650 5456 Quid
684 5389 914 5445 haasitas
938 5389 966 5444 ?
1007 5389 1147 5460 quid
1179 5387 1579 5460 Omnipotenti
1610 5385 2022 5458 impotentiam
2061 5404 2093 5443 a

2270 5386 2410 5458 ιιῖμα,
2484 5385 2587 5440 οὐκ
2643 5381 2798 5460 ἔχετε
2857 5386 3001 5456 ζωὴν
3063 5382 3116 5439 ιν
3167 5383 3404 5444 ὔαυτοῖς.
3468 5378 3534 5438 Τί
3583 5374 3826 5460 διστάζεις
3851 5384 3861 5436 ;

501 5477 764 5535 tribuis?
796 5482 1002 5534 Nonne
1025 5458 1158 5550 ipse
1189 5480 1280 5533 est
1309 5458 1409 5548 qui
1467 5491 1536 5532 ex
1589 5474 1773 5532 nihilo
1832 5475 2030 5532 omnia
2087 5492 2092 5525 ι

2272 5473 2328 5533 Γί
2387 5472 2468 5548 τῷ
2522 5458 2923 5549 παντοδυνάμῳ
3004 5470 3287 5529 ἀδυνατίαν
3371 5470 3725 5546 περιάπτειςς
3775 5458 3863 5513 Οὔκ

573 5639 786 5763 ‘ZJSoazng.
818 5657 896 5712 v1,
926 5642 1015 5698 52.
1093 5641 1115 5676 ⁸
1144 5638 1290 5695 ibid.
1365 5639 1384 5674 ⁷
1416 5637 1560 5694 ibid.
1590 5639 1682 5706 54,
1714 5639 1805 5694 55.
1883 5639 1904 5675 ⁸
1933 5639 2078 5696 ibid.
2108 5639 2164 5694 51

2270 5639 2321 5695 8.
2419 5639 2440 5676 '
2466 5638 2611 5695 ibid.
2643 5639 2688 5676 ¹⁰
2715 5642 2742 5694 Ι
2770 5639 2900 5698 Cor.
2929 5655 2989 5711 Χ,
3022 5639 3107 5696 16.
3207 5640 3251 5676 ¹¹
3283 5635 3429 5693 ibid.
3464 5636 3550 5694 17.
3648 5631 3690 5670 ¹²
3715 5623 3861 5686 Hebr.

505 5723 563 5777 ι,
593 5723 686 5775 zu,
711 5723 802 5764 zu.
