4028 6202
189 314 281 374 513

1067 294 1172 356 DE
1214 292 1583 357 CORPORE
1626 296 1729 355 ET
1769 294 2171 358 SANGUINE
2213 295 2549 357 CHRISTI.

3390 304 3513 364 5M

187 441 308 500 αὐτὸς
344 435 468 492 ἐστιν
519 433 547 487 ὁ
598 429 655 485 ἐκ
707 428 783 502 μὴ
845 421 1000 488 ὄντος
1049 427 1126 490 εἷς
1166 425 1229 481 τὸ
1281 427 1418 481 εῖναι
1475 423 1543 480 τὰ
1581 425 1755 481 πάντα

1886 430 2067 483 issent
2095 425 2273 482 fecit?
2303 427 2465 484 Unus
2495 428 2676 484 trium
2735 446 3122 502 personarum
3180 433 3511 491 Divinitatis

185 525 468 603 παραγαγὼν.
511 521 537 575 ὁ
584 520 657 580 εἷς
701 524 803 587 τῆς
848 516 1281 591 τρισυποστάτου
1333 513 1612 603 θεότητος,
1673 513 1755 603 ἐπ’

1868 516 1969 589 qui
2004 515 2317 588 postremis
2347 517 2715 588 temporibus
2734 517 3075 575 incarnatus
3097 526 3271 590 est,et
3300 539 3510 593 panem

185 600 377 692 ἐσχάτων
402 615 497 666 τῶν
552 608 760 684 χρόνων
790 604 1109 680 σαρκωθεὶς,
1140 603 1229 659 καὶ
1276 605 1306 659 ὅ
1344 603 1436 658 τὸν
1466 600 1626 681 ἄρτοι
1679 602 1754 665 είς

1890 623 1925 660 n
1957 621 2130 662 suum
2160 621 2370 676 corpus
2400 607 2782 660 transmutari
2808 608 3037 677 jussit?
3083 608 3229 674 Quid
3264 610 3516 681 requiris

182 690 387 760 1871:6105
413 702 558 771 σῶμα
588 690 1019 769 μεταϐάλλεσθαι
1041 692 1430 769 προστεταχὼς
1457 712 1472 761 ;
1501 692 1562 748 Τί
1591 690 1754 747 πάλιν

186 797 326 863 ζητεῖς
352 787 503 843 αῗτίαν
532 784 615 840 καὶ
645 784 791 855 τάξιν
824 783 1035 859 φύσεως
1074 785 1172 848 τῆς
1217 787 1315 837 τοῦ
1368 779 1533 858 ἄρτου
1592 801 1758 856 μετα-

186 878 320 949 ϐολῆς
346 878 409 939 εἰς
442 876 498 931 τὸ
524 878 618 930 τοῦ
647 875 885 949 Χριστοῦ
918 876 1099 945 σῶμα,
1142 870 1232 926 καὶ
1281 874 1378 926 τοῦ
1425 868 1617 933 ὕδατος
1670 867 1759 924 καὶ

184 967 301 1024 οἴνου
332 965 396 1027 εἰς
438 967 582 1037 αἷμα·
628 962 743 1017 ἐπεὶ
796 962 930 1036 ὑπὲρ
977 959 1134 1039 φύσιν
1177 959 1265 1014 καὶ
1299 957 1465 1035 λόγον
1492 957 1582 1013 καὶ
1637 963 1758 1012 νοῦν

182 1055 250 1112 καὶ
295 1053 473 1109 ἔννοιαν
520 1051 579 1107 ἐκ
620 1051 900 1126 Παρθένου
955 1047 1201 1125 ἐτέχθη;
1265 1049 1612 1119 ’Δπιστήσεις
1662 1043 1764 1123 ἄρα

181 1144 354 1212 καὶτήν
394 1141 447 1198 ἐκ
496 1145 694 1216 νεκρῶν
750 1138 1054 1209 ἀνάστασιν,
1098 1137 1187 1193 καὶ
1229 1139 1329 1208 τὴν
1374 1137 1450 1200 είς
1502 1135 1763 1213 οὐρανοὺς

181 1233 310 1288 αὐτοῦ
357 1229 653 1305 ἀνάληψιν,
703 1229 794 1284 καὶ
849 1226 1029 1283 τᾶλλα
1081 1230 1179 1281 τοῦ
1228 1228 1460 1300 Χριστοῦ
1516 1223 1766 1297 θαύματα

180 1323 280 1398 ὑπὲρ
323 1318 483 1398 φύσιν,
529 1319 619 1374 καὶ
663 1322 786 1373 νοῦν
846 1315 935 1371 καὶ
991 1313 1194 1371 ἔννοιαν
1255 1314 1406 1373 ὐντα.
1446 1313 1620 1372 Τοῦτό
1679 1333 1763 1368 σοι

176 1410 369 1487 γίνεται,
423 1406 500 1463 ὅτι
553 1409 646 1463 τὸν
706 1403 940 1482 Χριστὸν
975 1450 991 1476 ,
1050 1404 1113 1459 οῦ
1170 1404 1299 1460 Θεὸν
1360 1401 1621 1473 ἀληθινὸν
1672 1402 1764 1457 καὶ

173 1500 268 1554 Υἱὸν
292 1502 376 1553 τοῦ
403 1501 528 1554 Θεοῦ
556 1495 874 1572 ὁμολογεῖς,
933 1493 1060 1551 ἀλλ’
1089 1493 1427 1571 ἀρειανίζεις,
1464 1489 1674 1567 μᾶλλον
1708 1488 1767 1547 δὲ

176 1585 437 1660 ἷουόαΐξεις.

226 1674 357 1733 Ἀλλ’
394 1673 525 1738 ’ίσως
579 1672 749 1730 πάλιν
801 1667 1175 1751 ἀμφιϐάλλεις
1220 1672 1310 1727 καὶ
1358 1672 1624 1744 ἀπιστεῖς,
1683 1667 1766 1725 ὅτι

174 1764 255 1840 οὐχ
299 1765 412 1840 ὁρᾷς
465 1763 637 1841 σάρκα
692 1762 783 1819 καὶ
834 1762 969 1836 αἷμα
993 1806 1009 1835 ,
1064 1760 1188 1817 ἀλλ’
1242 1762 1404 1836 ἄρτον
1455 1760 1547 1815 καὶ
1597 1760 1766 1814 οἶνον.

172 1853 272 1929 Περὶ
298 1851 353 1908 οῦ
381 1850 574 1909 εἲδέναι
626 1873 686 1908 σε
729 1853 868 1928 χρὴ,
901 1851 1164 1926 ἀχάριστε
1191 1850 1280 1905 καὶ
1308 1848 1601 1925 ἀγνώμων,
1648 1846 1773 1924 περὶ

169 1943 238 1997 τὸν
287 1942 581 2017 εὐεργέτην,
632 1943 717 1997 ὅτι
768 1942 797 1996 ὁ
846 1941 914 1995 τὰ
961 1939 1133 1995 πάντα
1177 1936 1335 2001 εῗδὼς
1378 1938 1532 2005 Θεὸς,
1577 1946 1773 2016 φιλαν-

169 2026 469 2105 θρωπότατος
546 2029 646 2100 ὣν,
733 2030 1099 2103 οἰκονομικῶς
1162 2031 1325 2083 τοῦτο
1395 2025 1639 2097 ἐποίησε,
1704 2028 1773 2099 τῇ

168 2118 450 2194 ἀνθρωπίνῃ·
518 2116 760 2190 ἀσθενείᾳ
815 2111 1251 2191 συγκαταϐαίνων
1282 2158 1297 2185 ,
1351 2112 1446 2170 ’ίνα
1512 2115 1588 2188 μὴ
1640 2113 1775 2168 ἀπο-

168 2206 452 2283 στρέφωνται
520 2208 573 2263 οἱ
625 2203 832 2262 πολλοὶ
900 2206 994 2260 τὸν
1059 2197 1347 2281 ἀρραϐῶνα
1402 2209 1504 2273 τῆς
1548 2200 1774 2257 αἰωνίου

167 2301 299 2365 ζωῆς,
358 2296 444 2352 καὶ
506 2293 927 2371 δυσχεραίνωσι,
960 2293 1131 2368 σάρκα
1171 2293 1260 2347 καὶ
1289 2292 1427 2366 αἷμα
1461 2288 1775 2367 βλέποντες.

167 2385 237 2438 Διὸ
262 2381 342 2438 διὰ
365 2389 468 2440 τῶν
528 2380 932 2458 συνηθεστέρων
964 2387 1064 2451 τῆς
1094 2379 1303 2455 φύσεως
1334 2383 1496 2435 τοῦτο
1538 2377 1777 2452 γίνεσθαι

164 2466 439 2545 ἠϐουλήθη,
526 2470 775 2545 συζεύξας
850 2471 1039 2533 αὐτοῖς
1108 2470 1209 2537 τήν
1285 2468 1449 2524 αὐτοῦ
1524 2467 1775 2536 θεότητα,

164 2562 305 2617 Τοῦτό
340 2559 447 2617 ἐστι
480 2561 551 2617 τὸ
591 2561 753 2633 σῶμά
801 2580 928 2634 μου,
983 2556 1092 2613 καί.
1153 2556 1332 2615 Τοῦτό
1379 2555 1489 2612 ἐστι
1533 2555 1596 2610 τὸ
1642 2553 1780 2629 αἷμά

166 2669 268 2723 μου,
322 2649 491 2706 είπών
517 2670 532 2685 ·
586 2649 721 2721 καὶ,
777 2642 1016 2717 Λάϐετε,
1094 2645 1321 2724 φάγετε,
1380 2643 1470 2701 καὶ
1521 2644 1671 2701 πίετε
1727 2644 1780 2715 έξ

164 2732 297 2793 αὐτοῦ
358 2742 562 2804 πάντες
632 2739 710 2801 εἲς
784 2735 968 2813 ἄφεσιν
1044 2737 1324 2812 ἁμαρτιῶν
1349 2753 1364 2768 ·
1432 2733 1523 2790 καὶ
1585 2731 1775 2789 πάλιν·

162 2830 206 2879 ‘0
249 2824 397 2903 ἄρτος
453 2826 519 2884 εν
575 2826 685 2902 ἐγὼ
743 2823 925 2899 δώσω,
983 2828 1020 2895 ἡ
1063 2824 1191 2901 σάρξ
1245 2845 1349 2898 μου
1381 2823 1545 2893 ἐστιν,
1575 2825 1636 2893 ἢν
1668 2821 1778 2898 ιγὼ

166 2912 298 2971 δώσω
352 2918 490 2993 ύπὶρ
539 2922 642 2987 τῆς
688 2918 785 2971 τοῦ
834 2915 1049 2987 κόσμου
1093 2918 1276 2984 ζωῆς·
1326 2913 1456 2968 καί·
1519 2912 1642 2970 Ἐὰν
1699 2913 1776 2985 μή

162 3003 336 3081 φηὴητε
374 3008 479 3075 τὴν
541 3003 710 3082 σάρκα
760 3007 859 3059 τοῦ
915 3003 1044 3058 Υἱοῦ
1109 3006 1206 3057 τοῦ
1279 3001 1568 3079 ἀνθρώπου
1593 3043 1607 3069 ,
1687 3001 1778 3056 καὶ

158 3092 292 3165 πίητε
335 3093 507 3150 αὐτοῦ
555 3092 619 3149 τὸ
668 3094 826 3166 αἷμα,
879 3090 979 3147 οὐκ
1030 3088 1186 3167 ἔχετε
1243 3091 1388 3161 ζωήν
1446 3089 1497 3145 ἐν
1543 3089 1777 3152 ἑαυτοῖς.

1802 1808 1850 1873 Β

1868 709 2105 749 causam
2139 697 2197 748 et
2225 693 2485 749 ordinem
2522 699 2764 765 naturae,
2799 696 2968 766 panis
3001 698 3517 755 transmutationis

1868 783 1929 838 in
1960 780 2177 837 Christi
2208 798 2442 852 corpus,
2465 786 2523 838 et
2553 776 2715 855 aqua:
2749 782 2824 855 ('2)
2863 786 3096 856 vinique
3148 785 3210 841 in
3271 789 3516 860 sangui-

1869 887 2002 927 nem
2030 887 2044 938 ;
2078 887 2213 925 cum
2246 887 2424 942 supra
2454 876 2751 940 naturam,
2777 873 3083 942 rationem,
3119 880 3401 942 mentem,
3461 882 3518 934 et

1871 958 2305 1032 cogitationem,
2338 975 2406 1014 ex
2436 959 2672 1031 Virgine
2732 960 2811 1016 sit
2866 963 3079 1018 natus?
3136 963 3263 1019 Non
3315 966 3518 1021 credes

1870 1050 2073 1120 itaque
2130 1064 2234 1103 nec
2286 1054 2652 1104 mortuorum
2712 1050 3222 1120 resurrectionem,
3285 1071 3390 1110 nec
3456 1055 3517 1110 in

1873 1137 2047 1194 oculos
2075 1138 2203 1209 ejus
2235 1136 2724 1210 assumptionem,
2757 1143 2813 1195 et
2844 1138 2958 1196 alia
2987 1140 3202 1197 Christi
3236 1142 3522 1200 miracula

1874 1244 2054 1298 supra
2075 1231 2633 1291 naturam,mentem
2666 1228 3145 1301 etcogitationem
3180 1233 3518 1303 eminentia,

1874 1317 1932 1372 Id
1958 1315 2063 1371 tibi
2095 1316 2325 1383 accidit,
2360 1317 2515 1387 quod
2549 1317 2870 1383 Christum,
2903 1335 3021 1374 non
3078 1323 3261 1376 Deum
3316 1338 3521 1378 verum

1874 1422 1938 1459 ac
1961 1404 2173 1460 Filium
2205 1404 2302 1460 Dei
2329 1404 2755 1474 conﬁteris,sed
2785 1407 3185 1465 Arianismum
3216 1408 3304 1466 vel
3326 1411 3522 1483 potius

1872 1492 2248 1549 Judaismum
2280 1494 2514 1566 recipis.

1953 1674 2017 1727 At
2056 1670 2322 1727 fortassis
2368 1670 2607 1728 dubitas
2661 1673 3024 1746 minimeque
3095 1676 3307 1746 credis,
3365 1679 3521 1749 quod

1881 1776 1996 1816 non
2020 1758 2219 1815 videas
2258 1775 2490 1817 carnem
2517 1763 2574 1817 et
2614 1761 2983 1833 sanguinem,
3041 1764 3141 1821 sed
3200 1783 3409 1837 panem
3469 1770 3525 1826 et
3568 1790 3569 1795 π

1882 1849 2103 1905 vinum.
2135 1848 2259 1913 Qua
2288 1849 2359 1904 de
2388 1866 2448 1905 re
2498 1849 2652 1907 scias
2695 1856 2944 1924 oportet,
3002 1852 3089 1908 tui
3138 1854 3241 1926 qui
3297 1854 3524 1928 ingrato

1880 1938 2202 2012 iniquoque
2223 1937 2418 1993 animo
2449 1954 2588 2011 erga
2616 1939 2944 1997 beneﬁcum
2979 1943 3221 1999 aﬂ‘ectus
3250 1949 3526 2013 es,Deum

1882 2027 1981 2099 qui
2014 2026 2215 2082 omnia
2244 2027 2427 2094 novit,
2461 2043 2594 2082 cum
2626 2028 3098 2086 humanissimus
3129 2032 3229 2097 sit,
3286 2035 3527 2105 provide

1881 2117 1992 2172 hoc
2023 2115 2250 2181 fecisse,
2285 2116 2353 2171 ad
2384 2115 2696 2172 hominum
2722 2117 3187 2175 imbecillitatem
3223 2136 3284 2177 se
3315 2123 3527 2179 demit-

1881 2208 2123 2274 tentem,
2158 2219 2228 2258 ne
2260 2213 2669 2260 aversarentur
2699 2204 2868 2261 multi
2884 2207 3272 2265 arrhabonem
3303 2215 3527 2268 aeterna

1882 2292 2036 2358 vitae,
2071 2295 2129 2347 et
2149 2307 2301 2364 aegre
2349 2292 2586 2362 ferrent,
2634 2310 2867 2349 carnem
2927 2300 2984 2350 et
3040 2298 3388 2370 sanguinem
3443 2301 3530 2356 in-

1883 2385 2137 2438 tuentes.
2172 2380 2375 2454 Itaque
2397 2382 2572 2437 rebus
2604 2387 2827 2438 naturaa
2883 2387 3185 2441 consuetis
3232 2386 3342 2443 hoc
3400 2389 3527 2445 ﬁeri

1884 2468 2187 2540 voluit,his
2210 2485 2381 2524 suam
2405 2469 2770 2527 divinitatem
2803 2473 3328 2545 conjungeus,cum
3362 2477 3528 2535 dixit:

1887 2559 1993 2614 Hoc
2019 2565 2098 2614 est
2124 2573 2321 2629 corpus
2342 2572 2568 2622 meum;
2623 2562 2711 2615 et:
2769 2559 2866 2616 Hic
2916 2571 2997 2618 est
3050 2565 3280 2634 sanguis
3338 2581 3529 2630 meus;

1886 2650 1989 2704 et:
2021 2646 2280 2718 Accipite,
2337 2647 2622 2716 comedite,
2679 2651 2733 2704 et
2788 2649 2959 2705 bibite
3003 2666 3073 2706 ex
3102 2667 3162 2707 eo
3216 2668 3421 2721 omnes,
3470 2657 3532 2711 in

1886 2736 2268 2792 remissionem
2293 2743 2681 2808 peccatorum;
2712 2741 2769 2792 et
2832 2755 3099 2797 rursum:
3158 2742 3328 2798 Panis
3372 2758 3534 2815 quem

1889 2840 1992 2899 ego
2011 2824 2168 2896 dabo,
2200 2838 2326 2880 caro
2350 2840 2472 2881 mea
2491 2833 2587 2894 est,
2620 2841 2787 2897 quam
2833 2843 2926 2899 ego
2982 2828 3130 2886 dabo
3181 2844 3283 2902 pro
3337 2832 3534 2889 mundi

1891 2917 2047 2976 vita;
2075 2918 2158 2981 et;
2192 2915 2316 2970 Nisi
2339 2914 2692 2971 manducetis
2721 2931 2947 2972 carnem
2992 2917 3127 2974 Filii
3169 2918 3434 2993 hominis,
3482 2930 3536 2980 et

1894 3004 2093 3060 bibatis
2119 3004 2234 3076 ejus
2256 3005 2607 3074 sanguinem,
2637 3020 2748 3060 non
2779 3005 2988 3062 habetis
3018 3009 3191 3064 vitam
3247 3012 3304 3065 in
3359 3011 3532 3067 vobis.

1897 3094 2001 3150 Hoc
2025 3095 2191 3164 facite
2228 3095 2290 3148 in
2344 3109 2522 3149 meam
2561 3098 3170 3153 commemorationem.
3226 3102 3539 3171 Propterea

158 3186 300 3238 Τοῦτο
351 3184 569 3239 ποιεῖτε
625 3180 702 3244 εἷς
758 3183 860 3250 τὴν
917 3180 1056 3253 έμήν
1110 3180 1426 3253 ἀνάμνησιν.
1476 3178 1575 3233 Διά
1615 3182 1774 3233 τοῦτο

1891 3181 1941 3237 ei
1974 3183 2296 3250 credentes,
2320 3182 2400 3238 ita
2443 3183 2742 3239 oﬂ‘erimus
2798 3200 3007 3255 panem
3067 3187 3412 3259 perfectum,
3450 3188 3535 3243 vi-

155 3268 278 3345 σύτῷ
303 3271 673 3339 πιστεύοντες,
714 3269 858 3325 οὕτω
899 3270 1276 3347 προσφέρομεν
1330 3267 1491 3345 ἄρτον
1544 3265 1780 3337 τέλειον,

159 3363 325 3434 ζῶντα,
385 3359 569 3416 εἶτουν
623 3364 785 3434 σῶμα
837 3363 1078 3435 Χριστοῦ
1133 3356 1367 3427 τέλειον,
1416 3357 1507 3414 καὶ
1560 3357 1695 3432 μετά
1719 3357 1782 3412 τὸ

156 3449 304 3515 πάθος
356 3448 769 3524 διαμεμενηκὸς
792 3449 883 3503 καὶ
913 3445 1254 3523 ὀλόκληρον·
1287 3444 1411 3502 οὐδὲ
1432 3448 1534 3524 γὰρ
1592 3447 1782 3501 ὀστοῦν

160 3536 300 3594 αὐτοῦ
358 3533 684 3615 συνετρίϐη·
743 3538 835 3593 καὶ
885 3539 987 3606 τῆς
1036 3535 1183 3600 θείας
1243 3541 1388 3606 ζωῆς
1445 3536 1780 3612 ἀχώριστον,

158 3632 386 3683 τοιοῦτον
434 3630 550 3683 οἷον
579 3625 740 3691 αὐτὸς
783 3626 812 3681 ὁ
840 3629 1058 3702 πρῶτος
1085 3627 1120 3696 ἡ
1131 3629 1246 3700 μῶν
1271 3626 1362 3680 καὶ
1397 3624 1564 3702 μέγας
1595 3624 1785 3701 ἀρχιε-

159 3716 263 3786 ρεὺς
315 3717 411 3773 καὶ
487 3715 653 3784 θύτης
720 3715 807 3770 καὶ
883 3716 1030 3789 θῦμα
1099 3719 1218 3777 τοῖς
1281 3714 1503 3777 οἰκείοις
1563 3713 1788 3788 μύσταις

154 3803 467 3880 παρέδωκεν·
524 3804 679 3860 αὐτοί
714 3825 775 3860 τε
826 3803 994 3860 πάλιν
1045 3805 1097 3859 οἱ
1140 3804 1233 3859 ἀπ’
1288 3805 1467 3880 ἀρχῆς
1525 3802 1786 3859 αὐτόπται

151 3897 236 3947 τοῦ
292 3894 476 3971 Λόγου
528 3894 621 3949 καὶ
670 3891 936 3969 ὑπηρέται
1008 3895 1078 3966 τῇ
1154 3890 1425 3966 καθολικῇ
1492 3891 1791 3964 Ἐκκλησία

155 3984 215 4054 τῇ
266 3982 371 4040 ἀπὸ
442 3984 693 4059 περάτων
766 3982 872 4045 ἓως
949 3982 1197 4057 περάτων
1264 3987 1365 4051 τῆς
1434 3978 1788 4054 οἷκουμένης,

152 4070 461 4147 παρίδοσαν·
492 4072 688 4134 πάντες
748 4072 845 4145 μὲν
870 4074 940 4145 τῇ
984 4069 1035 4126 έν
1066 4068 1498 4146 Ἱεροσολύμοις,
1531 4067 1670 4124 ὅπου
1698 4069 1790 4125 καὶ

156 4158 180 4212 δ
231 4167 371 4226 θεῖος
399 4154 661 4223 Ἰάκωϐος
692 4160 721 4216 ὁ
761 4164 861 4215 τοῦ
908 4158 1130 4237 πρώτου
1175 4157 1266 4213 καὶ
1320 4156 1563 4233 μεγάλου
1605 4159 1793 4235 ἀρχιε-

156 4246 283 4322 ρέως
313 4247 565 4328 ἀδελφὸς,
619 4248 710 4305 καὶ
742 4245 1005 4325 διάδοχος
1036 4250 1136 4319 τήν
1193 4248 1457 4321 μυστικὴν
1506 4248 1593 4302 καὶ
1645 4247 1792 4302 ἀναί-

1890 3288 2050 3339 vum,
2083 3271 2206 3327 sive
2235 3287 2448 3343 corpus
2484 3271 2702 3328 Christi
2758 3278 2915 3345 quod
2973 3274 3295 3346 perfectum
3354 3276 3532 3333 etiam

1891 3365 2025 3433 post
2087 3359 2418 3431 passionem
2474 3360 2802 3431 permansit
2844 3369 2896 3416 el
2955 3362 3250 3435 integrum
3324 3366 3535 3438 (neque

1891 3448 2049 3504 enim
2072 3464 2136 3504 os
2166 3448 2295 3519 ejus
2320 3447 2637 3503 contritum
2666 3452 2776 3518 est)
2797 3454 2853 3505 et
2883 3450 3129 3507 adivina
3155 3451 3270 3508 vita
3297 3453 3535 3526 insepa-

1894 3536 2098 3604 rabile,
2131 3535 2304 3609 plane
2327 3535 2498 3608 quale
2528 3536 2654 3608 ipse
2675 3538 2903 3608 primus
2962 3545 3160 3594 noster
3188 3557 3257 3596 ac
3287 3557 3539 3615 magnus

1894 3625 2156 3682 Pontifex
2177 3630 2231 3681 et
2261 3625 2564 3682 sacrificus
2593 3625 2967 3699 victimaque,
2988 3628 3112 3684 suis
3143 3629 3329 3701 ipsius
3364 3630 3538 3687 disci-

1896 3715 2054 3788 pulis
2082 3713 2357 3770 tradidit:
2390 3715 2548 3785 iique
2578 3715 2769 3770 denuo
2797 3717 2897 3787 qui
2937 3717 3009 3772 ab
3042 3716 3208 3773 initio
3240 3720 3366 3776 suis
3424 3720 3540 3792 ipsi

1897 3803 2084 3860 oculis
2114 3803 2367 3859 Verbum
2397 3803 2597 3859 intuiti
2653 3807 2812 3874 sunt,
2872 3805 3043 3877 eique
3092 3807 3535 3881 ministrarunt,

1898 3892 2197 3951 catholicae
2217 3891 2487 3950 Ecclesia:
2519 3892 2591 3949 ab
2611 3892 2889 3950 extremis
2920 3895 2990 3951 ad
3022 3902 3319 3954 extremos
3339 3915 3544 3970 usque

1899 3982 2059 4038 orbis
2081 3986 2369 4037 terrarum
2390 3980 2614 4037 limites
2633 3982 3007 4039 tradiderunt
3029 4000 3042 4040 :
3067 4001 3270 4042 omnes
3302 3988 3544 4060 quidem

1900 4068 2458 4142 Hierosolymitanae,
2492 4070 2593 4127 ubi
2625 4075 2686 4127 et
2715 4070 2886 4128 divus
2914 4072 3172 4129 Jacobus
3204 4075 3379 4146 primi
3429 4092 3548 4131 ma-

1901 4160 2119 4231 gnique
2160 4157 2457 4215 Pontificis
2506 4159 2685 4215 frater
2738 4176 2803 4215 ac
2855 4176 3182 4227 successor,
3239 4165 3549 4237 mysticam

1899 4247 2387 4320 incruentamque
2412 4248 2729 4321 Liturgiam
2760 4250 3055 4322 exposuit.
3090 4255 3298 4308 Petrus
3350 4258 3550 4309 autem

159 4355 348 4407 μακτον
398 4336 736 4415 λειτουργίαν
798 4336 1022 4411 ἐξέθετο·
1084 4338 1291 4412 Πέτρος
1339 4332 1398 4392 δὲ
1444 4336 1531 4391 καὶ
1576 4334 1774 4391 ΠαῦλΟι

1902 4340 1960 4393 et
1988 4336 2205 4393 Paulus
2232 4335 2643 4393 Antiochensis
2668 4362 2684 4406 ;
2715 4338 2929 4395 Paulus
2974 4356 3109 4396 vero
3159 4341 3552 4413 peculiariter,

154 4423 220 4499 τῇ
268 4425 317 4482 ἰν
366 4428 702 4503 Ἀντιοχείᾳ·
762 4424 981 4488 Παῦλος
1039 4422 1097 4481 δὲ
1152 4421 1326 4495 ἰδίως,
1382 4423 1472 4479 καὶ
1529 4424 1677 4499 πάσῃ
1722 4428 1774 4498 τῆ

1905 4425 2032 4481 orbi
2062 4425 2335 4481 universo
2363 4442 2378 4491 ς
2410 4429 2662 4497 Marcus,
2695 4426 3137 4496 Alexandriam;
3183 4429 3440 4487 Joannes
3497 4434 3555 4485 et

158 4512 459 4591 οἰκουμένῃ·
539 4516 768 4592 Μάρκος
842 4511 900 4570 δὲ
962 4513 1032 4590 τῇ
1088 4510 1482 4588 Ἀλεξανδρείᾳ·
1536 4511 1774 4585 Ἰωάννης

1904 4515 2186 4571 Andreas.
2220 4515 2374 4571 Asia
2394 4519 2452 4570 et
2481 4516 2724 4588 Europae
2750 4533 2764 4584 ;
2790 4532 3112 4589 omnesque
3144 4518 3427 4573 universae
3448 4518 3551 4573 Ec-

158 4600 244 4654 καὶ
285 4600 532 4679 ’Δνδρέας
587 4606 656 4678 τῇ
714 4602 766 4658 έν
813 4603 972 4675 Ἀσίᾳ
1017 4602 1105 4658 καὶ
1164 4601 1419 4678 Εὐρώπῃ·
1467 4600 1559 4657 καὶ
1606 4603 1774 4657 πάντες

1904 4603 2093 4660 οιθείω
2123 4603 2461 4675 ubicunque
2491 4606 2590 4669 sit,
2615 4620 2718 4676 per
2741 4621 2868 4660 eam
2903 4622 3080 4677 quam
3132 4611 3373 4663 sanctus
3428 4605 3552 4663 Cle-

157 4692 224 4762 τῇ
279 4696 552 4768 πανταχοῦ
607 4689 911 4763 Ἐκκλησίᾳ
967 4688 1059 4746 διὰ
1112 4696 1216 4760 τῆς
1266 4688 1670 4768 συγγραφείσης
1716 4696 1774 4763 τῆ

1905 4708 2073 4748 mens
2103 4691 2455 4764 conscripsit
2484 4692 3240 4765 Liturgiam,tradiderunt;
3274 4712 3405 4768 quae
3438 4698 3554 4751 haec

162 4776 289 4852 ἱερῷ
316 4779 588 4856 Κλήμεντι
618 4780 962 4855 λειτουργίας
988 4776 1453 4856 παραδεδώκασιν·
1481 4777 1534 4834 έν
1562 4778 1600 4853 ᾗ
1629 4783 1774 4835 ταῦτι

1907 4781 1991 4836 ita
2012 4781 2083 4836 ad
2114 4780 2357 4835 verbum
2388 4779 2719 4835 habentur:

167 4863 301 4923 οὕτω
329 4867 505 4946 ῥητῶς
534 4873 737 4926 κεῖται·

233 4959 644 5033 «Μεμνημένοι
674 4959 767 5014 οὗν
816 4959 890 5013 ὧν
938 4955 1010 5013 δι’
1056 4960 1206 5031 ἡμᾶς
1267 4957 1573 5032 ὑπέμεινεν,
1633 4956 1771 5033 εὐχα

1981 4980 2009 5009 ‹‹
2037 4962 2318 5013 Memores
2357 4955 2538 5029 igitur
2565 4973 2766 5014 eorum
2802 4976 2929 5032 quae
2957 4966 3192 5034 propter
3220 4978 3328 5019 nos
3349 4977 3561 5035 passus

167 5046 436 5121 ριστοῦμέν
491 5068 601 5117 σοι,
656 5048 752 5104 Θεὶ
798 5047 1194 5123 παντοκράτορ,
1254 5047 1365 5122 οὐχ
1412 5047 1538 5101 ὅσον
1581 5045 1770 5125 όφείλο

1910 5053 2016 5115 est,
2061 5046 2280 5119 gratias
2310 5046 2546 5118 agimus
2603 5046 2734 5115 tibi,
2791 5047 2947 5105 Deus
2990 5051 3383 5125 omnipotens,
3442 5067 3558 5106 non

172 5151 280 5204 μεν,
333 5135 458 5193 ἀλλ’
514 5135 642 5192 ὅσον
702 5134 993 5210 δυνάμεθα,
1046 5135 1138 5191 καὶ
1195 5136 1296 5205 τὴν
1356 5132 1590 5206 διάταξιν
1636 5133 1774 5190 αὐτοῑ

1912 5141 2200 5210 quantum
2231 5135 2538 5201 debemus,
2571 5136 2672 5191 sed
2706 5141 2993 5207 quantum
3018 5141 3561 5212 possumus,etejus

170 5218 500 5299 πληροῦμεν·
579 5226 663 5280 Ἐν
839 5226 941 5301 γὰρ
1002 5223 1152 5281 νυκτὶ
1206 5221 1556 5301 παρεδίδοτο,
1615 5217 1774 5280 λαϐὼ

1910 5229 2202 5281 statutum
2236 5222 2720 5295 adimplemuan
2739 5242 2850 5296 qua
2867 5228 3013 5284 enim
3043 5234 3201 5285 nocte
3218 5230 3557 5297 tradebatur,

171 5304 313 5383 ἄρτον
368 5319 488 5379 ταῖς
556 5313 733 5390 ἀγίαις
801 5315 891 5369 καὶ
948 5314 1209 5388 ἀμώμοις
1262 5312 1426 5368 αὐτοῦ
1484 5311 1663 5387 χερσὶ,
1713 5333 1774 5366 κα

1913 5314 2194 5386 accipiens
2248 5329 2449 5385 panem
2504 5313 2564 5367 in
2622 5317 2840 5370 sancta:
2876 5319 2926 5371 et
2975 5318 3369 5374 immaculata:
3432 5332 3563 5372 sua:

226 5532 311 5617 (2)
337 5537 515 5594 Caute
538 5537 695 5612 lege:
731 5555 869 5595 nam
891 5556 1047 5611 aqua
1076 5556 1192 5596 non
1227 5543 1623 5607 consecralur,
1649 5535 1765 5594 nisi
1796 5536 1958 5610 prius
1990 5537 2048 5593 in
2080 5539 2354 5593 naturam
2386 5533 2502 5590 vini
2562 5550 2861 5609 conversa,
2915 5555 3022 5598 nec
3085 5544 3210 5599 tute
3272 5538 3557 5611 sentiunt,

170 5617 260 5674 qui
289 5610 621 5674 oppositum
655 5615 953 5674 reputant.

204 5620 260 5661 ut
289 5620 621 5681 oppositum
655 5620 953 5685 reputant.
