4028 6202
389 267 509 330 818

1422 269 1739 335 NICOLAI
1781 267 2342 334 METHONENSIS
2383 273 2742 339 EPlSCOPI

3671 289 3788 350 816

387 417 610 470 manus,
639 403 690 458 et
737 402 960 460 elevatis
1002 403 1175 459 oculis
1227 403 1301 458 ad
1364 405 1416 458 te
1471 403 1643 459 Deum
1691 419 1756 458 ae
1808 405 1992 458 Patres

2103 395 2450 493 ,ἀναϐλέψας
2516 404 2652 493 πρός
2718 429 2776 463 σε
2831 409 2926 466 τὸν
2985 411 3114 467 Θεὸν
3187 413 3354 469 αὐτοῦ
3405 381 3495 470 καὶ
3554 416 3780 493 Πατέρα,

384 508 566 555 suum.
597 494 780 564 fregit,
814 492 1074 564 deditque
1102 492 1256 547 nobis
1287 491 1509 549 dicens:
1544 492 1781 564 Accipite
1829 507 1898 547 ex
1945 507 2027 559 eo,

383 580 681 638 comedite:
732 583 841 638 Hoc
892 589 972 638 est
1013 598 1210 654 corpus
1258 597 1440 637 meum
1495 581 1636 652 quod
1681 597 1778 653 pro
1835 580 2028 636 multis

381 673 797 740 comminuitur,
832 674 888 726 in
905 673 1280 726 remissionem
1323 679 1690 742 peccatorum.
1750 669 2029 728 Similiter

382 765 439 816 et
458 759 696 816 calicem
729 769 797 816 ex
820 759 955 816 vino
986 764 1043 816 et
1089 777 1241 832 aqua
1298 763 1712 831 temperatum,
1762 759 2020 815 sanctiﬁ-

381 849 550 915 cavit,
583 849 858 920 deditque
891 849 1060 905 nobis
1091 850 1329 905 dicens:
1363 849 1544 905 Bibite
1569 865 1640 905 ex
1691 865 1749 906 eo
1798 865 2022 910 omnes;

379 939 468 994 hic
486 947 564 994 est
591 940 831 1011 sanguis
860 954 1009 992 meus
1029 940 1127 1010 qui
1154 954 1256 1010 pro
1291 939 1485 994 multis
1510 939 1820 1011 effunditur
1848 941 1905 994 in
1945 955 2026 994 re-

375 1031 692 1083 missionem
721 1037 1081 1098 peccatorum.
1117 1029 1222 1083 Hoc
1248 1030 1414 1098 facite
1447 1029 1504 1083 in
1563 1043 1744 1083 meam
1788 1043 2024 1084 commc-

372 1119 754 1172 morationem.
790 1117 1073 1172 Memores
1109 1116 1288 1188 igitur
1319 1117 1614 1188 passionis
1631 1117 2020 1188 ejus,mortis,

373 1205 837 1271 resurecctionis,
873 1205 1094 1260 reditus
1126 1204 1183 1259 in
1208 1204 1382 1260 caelos
1404 1209 1461 1260 et
1509 1205 1690 1261 futuri
1747 1206 1875 1277 ejus
1924 1221 2018 1264 se-

371 1296 546 1353 cundi
578 1295 886 1364 adventus,
917 1293 976 1348 in
1035 1310 1150 1365 quo
1189 1294 1382 1349 veniet
1423 1295 1806 1365 judicaturus
1854 1295 2014 1352 vivos

369 1392 426 1442 et
457 1390 743 1450 mortuos,
776 1383 1228 1453 redditurusque
1249 1383 1462 1455 cuique
1480 1385 1807 1439 secundum
1840 1402 2016 1458 opera

369 1491 497 1540 sua,
531 1472 829 1529 offerimus
861 1471 965 1526 tibi
996 1471 1113 1542 regi
1146 1488 1213 1526 ac
1247 1476 1378 1539 Deo,
1413 1472 1733 1528 secundum
1764 1474 1891 1544 ejus
1921 1474 2010 1529 in-

366 1562 760 1628 stitutionem,
794 1575 1004 1633 panem
1040 1559 1216 1630 hunc,
1250 1564 1308 1616 et
1345 1560 1501 1615 hunc
1559 1561 1824 1630 calicem,
1884 1579 2011 1635 gra-

361 1652 476 1708 tias
501 1651 610 1706 tibi
640 1667 743 1722 per
770 1665 904 1704 eum
937 1651 1361 1721 agentes,quod
1386 1666 1493 1706 nos
1524 1649 1704 1708 fueris
1730 1651 2008 1724 dignatus

2135 490 2225 544 καὶ
2290 489 2496 556 κλάσας
2562 489 2758 551 ἔδωκεν
2835 501 2993 572 ἡμῖν,
3065 501 3257 557 εἰπών’
3322 499 3532 560 Λάϐετε
3600 504 3652 576 ἐξ
3693 489 3777 561 αὖ·

2133 582 2250 669 τοῦ,
2310 582 2524 658 φάγετε,
2583 586 2744 641 τοῦτό
2797 585 2908 644 ἐστι
2966 591 3026 645 τὸ
3071 593 3230 665 σῶμά
3260 613 3367 666 μου
3393 594 3458 648 τὸ
3487 595 3614 669 περί
3647 593 3779 650 πολ-

2135 666 2245 723 λῶν
2298 672 2667 745 θρυπτόμενον
2746 677 2822 740 εἷς
2893 675 3076 755 ἔφεσιν
3148 683 3452 757 ἁμαρτιῶν.
3511 666 3778 747 Ὡσαύτως

2132 757 2222 813 καὶ
2269 758 2330 814 τὸ
2389 763 2651 838 ποτήριον
2709 768 2936 842 κεράσας
2995 768 3043 843 ἐξ
3103 768 3252 825 οἷ’νου
3307 771 3398 826 καὶ
3443 769 3665 844 ὕδατος,
3696 776 3776 830 καὶ

2132 845 2352 920 ἁγιάσας
2399 846 2594 907 ἔδῶκεν
2643 856 2777 928 ἡμῖν
2833 856 3043 932 λέγων,
3104 858 3272 915 Πίετετ
3317 858 3368 930 ἐξ
3417 861 3583 916 αὐτοῦ
3644 864 3780 916 πάν-

2129 956 2237 1003 τες,
2295 938 2455 993 τοῦτό
2532 939 2643 996 ἐστι
2711 945 2773 999 τὸ
2835 945 2972 1018 αἷμά
3049 968 3155 1020 μου
3230 949 3294 1003 τὸ
3369 949 3492 1022 περὶ
3552 949 3775 1006 πολλῶν

2131 1022 2494 1102 ἐκχυνόμενον
2573 1029 2650 1094 εἷς
2720 1030 2902 1110 ἄφεσιν
2974 1036 3276 1112 ἁμαρτιῶν.
3353 1041 3514 1092 τοῦτο
3572 1045 3779 1096 ποιεῖτε

2130 1113 2205 1176 εἰς
2259 1117 2359 1184 τὴν
2434 1116 2574 1191 ἐμὴν
2646 1120 2970 1194 ἀνάμνησιν.
3041 1126 3393 1200 Μεμνῃμένοι
3449 1126 3633 1182 τοίνυν
3681 1133 3778 1184 τοῦ

2127 1202 2334 1268 πάθους
2388 1206 2549 1262 αὐτοῦ
2605 1209 2694 1264 καὶ
2749 1215 2846 1266 τοῦ
2905 1213 3166 1288 θανάτου,
3227 1214 3316 1270 καὶ
3383 1223 3483 1287 τῆς
3543 1216 3776 1273 ἀναστά-

2126 1314 2282 1363 σεως,
2309 1295 2404 1357 ¹καὶ
2459 1301 2558 1363 τῆς
2617 1297 2692 1362 εἲς
2747 1300 3006 1376 οὐρανοὺς
3033 1301 3322 1373 ἐπανόδοὺ,
3353 1305 3444 1360 καὶ
3481 1312 3585 1376 τῆς
3638 1304 3776 1380 μελη

2108 1380 2330 1455 λούσης
2383 1384 2548 1441 αὐτοῦ
2625 1385 2873 1464 δευτέρας
2945 1391 3267 1467 παρουσίας,
3343 1393 3398 1448 ἐν
3550 1393 3771 1470 ἔρχεται

2120 1476 2293 1545 κρῖναι
2347 1475 2548 1542 ζῶντας
2602 1476 2692 1532 καὶ
2747 1479 3006 1552 νεκροὺς,
3065 1481 3155 1535 καὶ
3214 1479 3513 1538 ἀποδοῦναι
3560 1482 3773 1556 ἑκάστῳ

2117 1562 2252 1614 κατά
2301 1563 2368 1616 τὰ
2424 1561 2556 1640 ἔργα
2610 1566 2795 1640 αὐτοῦ,
2856 1570 3235 1646 προσφέρομέν
3294 1591 3380 1625 σοι
3421 1575 3500 1642 τῷ
3551 1569 3774 1647 βασιλεῖ

2115 1649 2204 1704 καὶ
2263 1655 2400 1724 Θεῷ,
2432 1652 2568 1708 κατᾶ
2609 1655 2709 1724 τὴν
2761 1655 2928 1713 αὐτοῦ
2975 1654 3236 1730 διάταξιν,
3285 1659 3376 1714 τὸν
3422 1658 3584 1733 ἄρτον
3643 1664 3774 1716 τοῦ-

363 1742 598 1797 adstare
629 1755 826 1795 coram
877 1742 933 1792 te
955 1741 1012 1792 et
1038 1736 1146 1792 tibi
1174 1738 1522 1795 sacriﬁcare.
1554 1740 1622 1795 Et
1644 1746 1701 1797 te
1730 1757 1992 1814 rogamus

2112 1758 2228 1807 τον,
2281 1741 2370 1794 καὶ
2427 1742 2490 1797 τὸ
2569 1745 2834 1818 ποτήριον
2909 1747 3094 1817 τοῦτο,
3172 1746 3620 1824 εὐχαριστοῦντές
3683 1771 3772 1805 σοι

361 1827 704 1900 utpropitio
735 1841 1069 1898 serenoque
1097 1826 1266 1882 vultu
1313 1828 1593 1900 respicias
1647 1847 1826 1901 supra
1884 1831 2007 1888 haec

358 1917 657 1990 proposita
686 1916 838 1971 dona
870 1930 1065 1970 coram
1097 1919 1174 1982 te,
1209 1919 1274 1971 tu
1324 1916 1425 1987 qui
1473 1916 1694 1974 nullius
1752 1919 2004 1992 indiges,

358 2013 509 2063 Deus
543 2023 558 2061 :
586 2011 644 2061 et
667 2003 771 2060 tibi
805 2003 1218 2076 complacitum
1251 2005 1328 2061 sit
1361 2006 1420 2060 in
1452 2006 1538 2062 eis
1597 2008 1667 2063 ad
1721 2007 2002 2067 honorem

355 2095 574 2152 Christi
605 2095 712 2161 tui,
738 2099 796 2150 et
827 2093 1058 2149 mittere
1088 2094 1348 2165 digneris
1374 2100 1642 2152 sanctum
1675 2102 1844 2154 tuum
1875 2100 2001 2172 Spi-

355 2185 531 2241 ritum
565 2199 744 2254 super
779 2183 888 2237 hoo
947 2181 1327 2251 sacriﬁcium,
1387 2189 1600 2241 testem
1648 2188 1996 2258 passionum

355 2272 586 2329 Domini
616 2271 851 2338 Jesu,ut
872 2270 1088 2326 efﬁciat
1117 2287 1323 2343 panem
1350 2272 1749 2348 hunc,corpus
1779 2276 1994 2335 Christi

353 2361 439 2418 tui
466 2380 478 2431 ;
513 2366 569 2417 et
599 2359 835 2417 calicem
861 2358 1042 2429 hunc,
1074 2360 1424 2437 sanguinem
1456 2363 1670 2421 Christi
1698 2365 1852 2423 tui.»

421 2641 491 2698 Et
519 2642 729 2697 iterum
754 2655 1004 2713 magnus
1037 2639 1134 2696 ille
1165 2640 1424 2698 Paulus:
1477 2643 1590 2710 Ego
1619 2642 1802 2712 accepi
1822 2657 1856 2696 a
1886 2641 1988 2697 Do-

347 2731 499 2786 mino
541 2728 682 2800 quod
727 2732 779 2785 et
824 2725 1034 2784 tradidi
1087 2725 1235 2780 vobis
1253 2742 1272 2780 :
1321 2724 1465 2796 quod
1519 2727 1781 2782 Dominus
1835 2730 1990 2785 Jesus

347 2818 412 2874 in
451 2831 559 2890 qua
605 2821 762 2872 nocte
811 2811 1144 2884 tradebatur,
1192 2815 1404 2885 accepit
1457 2830 1678 2886 panem,
1725 2823 1776 2872 et
1833 2816 1989 2874 bene-

345 2905 509 2974 dixit,
539 2907 732 2977 fregit,
765 2904 1018 2975 dixitque
1038 2920 1057 2958 :
1087 2904 1346 2975 Accipite,
1404 2903 1671 2960 comedite
1689 2920 1710 2966 ,°
1767 2905 1865 2960 hoc
1909 2906 1986 2959 est

341 3010 535 3068 corpus
562 3010 746 3050 meum
775 2993 920 3064 quod
936 3007 1035 3064 pro
1063 2992 1211 3049 vobis
1237 2995 1543 3066 frangitur.
1564 2995 1672 3050 Hoc
1705 2994 1874 3066 facite
1901 2993 1985 3048 in-

341 3102 521 3144 meam
551 3083 1140 3142 commemorationem.
1185 3084 1643 3156 Quotiescumque
1672 3085 1834 3140 enim
1889 3098 1981 3140 co—

339 3175 559 3232 meditis
584 3191 787 3247 panem
814 3173 981 3241 hunc,
1011 3179 1066 3229 et
1093 3174 1324 3230 calicem
1352 3174 1497 3229 hunc
1525 3173 1980 3242 bibitis,mortem

332 3265 556 3323 Domini
583 3264 951 3334 annuntiatis,
985 3266 1158 3320 donec
1179 3266 1362 3321 veniat
1388 3265 1452 3319 1’.
1485 3263 1545 3319 Si
1571 3279 1702 3320 vero
1751 3278 1979 3328 censes,

327 3351 439 3415 hoc
468 3351 623 3430 quod
655 3368 688 3408 α
717 3351 887 3409 nobis
918 3351 1240 3426 perﬁcitur,
1269 3352 1371 3408 illo
1404 3351 1603 3407 minus
1633 3349 1980 3417 esse,nescis

328 3446 627 3503 Christum
677 3443 854 3500 etiam
911 3441 1021 3498 hoc
1079 3448 1339 3515 tempore
1395 3440 1646 3514 operari,
1707 3453 1979 3511 nuncque

331 3532 568 3597 adesse:
603 3537 711 3592 Ero
742 3535 890 3590 enim
920 3533 1194 3589 vobiscum
1225 3533 1347 3588 dies
1385 3533 1675 3587 universos
1730 3529 1801 3585 ad
1858 3545 1980 3584 con-

325 3627 754 3681 summationem
782 3638 955 3696 usque
985 3623 1181 3680 saeculi
1204 3621 1268 3689 1‘,
1329 3619 1632 3693 pollicitus
1687 3623 1796 3673 est.
1859 3618 1978 3672 Iloc

324 3715 464 3771 item
487 3712 835 3786 mysterium
861 3726 1235 3782 summopere
1252 3709 1555 3764 admirans
1577 3706 1747 3778 quasi
1771 3707 1976 3761 obstu-

325 3803 590 3876 pefactus
621 3801 791 3856 divus
820 3799 1161 3872 Apostolus,
1194 3815 1325 3853 cum
1360 3797 1570 3852 timore
1603 3795 1706 3851 Dei
1748 3811 1813 3851 ac
1864 3794 1977 3848 ﬁde

323 3896 391 3946 ut
419 3892 590 3962 digne
607 3889 656 3945 ei
689 3887 1112 3960 participemus
1143 3886 1507 3954 adhortatur,
1531 3889 1590 3941 et
1619 3884 1974 3956 supplicium

321 3977 742 4050 trausgressori
801 3976 1041 4032 deﬁnit:
1108 3975 1426 4046 Quicunque
1483 3975 1800 4040 comederit,
1885 3973 1974 4029 in-

322 4069 554 4140 quiens,
585 4081 786 4138 panem
817 4066 982 4130 hunc,
1013 4068 1108 4120 aut
1141 4065 1340 4120 biberit
1358 4064 1589 4119 calicem
1609 4064 1833 4118 Domini
1887 4065 1974 4118 in-

323 4157 513 4226 digne,
547 4171 672 4211 reus
695 4155 798 4210 erit
827 4155 1075 4226 corporis
1101 4158 1151 4210 et
1179 4154 1477 4226 sanguinis
1523 4153 1746 4208 Domini
1794 4152 1857 4207 ‘5.
1916 4153 1975 4208 Id

322 4245 565 4319 perinde
595 4249 706 4310 est,
737 4260 803 4300 ac
834 4243 884 4300 si
933 4244 1142 4299 dixerit
1199 4243 1342 4316 (divi
1405 4241 1805 4314 Chrysostomi
1844 4258 1976 4298 sen-

322 4333 556 4405 tentia):
580 4333 978 4399 Quemadmod
993 4350 1022 4386 u
1035 4349 1087 4386 m
1105 4332 1344 4387 tradidit
1359 4333 1596 4402 quidem
1621 4347 1755 4386 eum
1769 4331 1974 4398 Judas,

322 4436 382 4493 in
416 4440 551 4479 eum
591 4437 728 4478 vero
775 4421 1106 4493 petulanter
1163 4420 1500 4476 debacchati
1561 4423 1702 4474 sunt
1747 4419 1974 4476 Judeei:

2121 1823 2190 1880 δι’
2237 1826 2421 1901 αὐτοῦ,
2471 1829 2552 1910 ἐφ’
2599 1833 2682 1895 οἷς
2737 1834 3075 1910 κατηξίωσας
3119 1823 3269 1909 ἡμᾶς
3291 1835 3506 1892 ἐστάναι
3529 1836 3766 1893 ἐνώπιόν

2117 1937 2213 1970 σου
2267 1918 2356 1972 καὶ
2427 1919 2716 1993 ἱερατεύειν
2791 1942 2897 1978 σοι·
2975 1925 3066 1980 καὶ
3141 1926 3395 1999 ἀξιοῦμέν
3464 1945 3560 1997 σε,
3614 1924 3769 1988 ὅπως

2113 2004 2350 2079 εὐμενῶς
2398 2003 2718 2085 ἐπιϐλέψοις
2774 2010 2862 2066 ἐπὶ
2906 2013 2976 2068 τὰ
3027 2013 3361 2090 προκείμενα
3402 2011 3552 2086 δῶρα
3594 2018 3768 2070 ταῦτα

2110 2093 2339 2151 ἐνώπιόν
2400 2120 2515 2169 σου,
2578 2098 2641 2154 σὺ
2702 2100 2730 2154 6
2777 2097 3028 2172 ἀνενδεὴς
3083 2104 3232 2172 Θεὸς,
3291 2103 3382 2158 καὶ
3441 2099 3766 2174 εὖδοκήσοις

2109 2182 2192 2239 ἐπ’
2243 2187 2425 2250 αὐτοῖς
2455 2188 2531 2251 είς
2586 2191 2755 2263 τιμὴν
2786 2194 2883 2246 τοῦ
2912 2192 3148 2267 Χριστοῦ
3179 2211 3296 2248 σου’
3340 2191 3434 2248 καὶ
3479 2193 3766 2265 καταπέμ-

2107 2276 2230 2347 ψοις
2259 2277 2318 2330 τὸ
2351 2277 2498 2352 ἅγιόν
2549 2299 2644 2334 σου
2703 2284 2926 2354 Πνεῦμα
2982 2277 3070 2336 ἐπὶ
3127 2283 3228 2351 τήν
3286 2283 3472 2338 θυσίαν
3532 2280 3762 2351 ταύτην,

2102 2364 2193 2418 τὸν
2224 2363 2468 2442 μάρτυρα
2502 2371 2608 2422 τῶν
2639 2369 2978 2443 παθημάτων
3007 2374 3106 2426 τοῦ
3137 2369 3333 2448 Κυρίου
3365 2373 3568 2446 Ἰησοῦ,
3607 2369 3765 2433 ὅπως

2105 2453 2379 2530 ἀποφήνοι
2409 2455 2499 2510 τὸν
2529 2453 2689 2532 ἄρτον
2720 2460 2933 2528 τοῦτον,
2967 2463 3129 2533 σῶμα
3148 2465 3245 2516 τοῦ
3273 2461 3508 2536 Χριστοῦ
3540 2482 3662 2531 σου,
3696 2459 3762 2515 τὸ

2101 2545 2364 2619 ποτήριον
2394 2548 2576 2617 τοῦτο,
2609 2548 2747 2619 αἷμα
2767 2551 2869 2602 τοῦ
2898 2554 3130 2624 Χριστοῦ
3161 2569 3284 2620 σου,

2173 2632 2275 2688 Καὶ
2301 2634 2466 2688 πάλιν
2495 2635 2523 2688 6
2585 2635 2747 2709 μέγας
2807 2633 3044 2699 Παῦλοςο
3098 2639 3241 2714 Ἐγὼ
3297 2635 3612 2714 παρέλαϐον
3644 2639 3756 2694 ἀπὸ

2095 2720 2192 2777 τοῦ
2248 2724 2472 2800 Κυρίου,
2533 2723 2562 2778 ὃ
2615 2724 2706 2780 καὶ
2763 2722 3053 2800 παρέδωκα
3104 2727 3256 2801 ὑμῖν,
3315 2725 3400 2784 ὅτι
3463 2728 3492 2782 6
3542 2728 3750 2802 Κύριος

2097 2813 2308 2882 Ἰησοῦς
2365 2811 2418 2868 ἐν
2470 2816 2538 2887 τῇ
2608 2813 2760 2870 νυκτὶ
2903 2812 3252 2892 παρεδίδοτο,
3307 2811 3499 2872 ἔλαϐεν
3556 2815 3746 2892 ἄρτον,

2093 2901 2183 2958 καὶ
2254 2901 2672 2978 εὐχαριστήσας,
2747 2899 2944 2962 ἔκλασε
3012 2903 3104 2960 καὶ
3166 2905 3302 2962 εἶπε·
3363 2900 3595 2983 Λάϐετε,
3644 2906 3746 2984 φά-

2092 3012 2234 3067 γετε,
2286 2991 2446 3047 τοῦτό
2481 3013 2586 3064 μου
2643 2990 2756 3047 ἐστὶ
2783 2993 2848 3047 τὸ
2896 2997 3054 3067 σῶμα
3108 2995 3172 3049 τὸ
3229 2995 3361 3069 ὑπὲρ
3406 2997 3559 3067 ὑμῶν
3589 2994 3743 3052 κλώο

2095 3099 2277 3154 μενον·
2354 3085 2516 3137 τοῦτο
2589 3086 2799 3136 ποιεῖτε
2871 3080 2948 3144 εἷς
3014 3083 3115 3152 τὴν
3187 3081 3326 3157 ἐμὴν
3401 3083 3734 3159 ἀνάμνησιν.

2089 3169 2305 3232 Ὁσάκις
2362 3170 2462 3246 γὰρ
2521 3169 2581 3226 ἂν
2635 3168 2852 3240 ἐσθίητε
2895 3171 2988 3226 τὸν
3045 3173 3206 3248 ἄρτον
3263 3177 3480 3246 τοῦτον,
3527 3174 3618 3229 καὶ
3673 3174 3742 3229 τὰ

2087 3261 2352 3333 ποτήριον
2407 3263 2570 3314 τοῦτο
2621 3259 2832 3331 πίνητε,
2901 3260 2994 3316 τὸν
3079 3262 3302 3318 θάνατον
3369 3267 3467 3318 τοῦ
3539 3262 3744 3340 Κυρίου

2087 3346 2488 3425 καταγγέλλετε
2543 3346 2705 3425 ἄχρις
2757 3347 2819 3404 οὗ
2877 3347 2936 3404 ἂν
3003 3344 3133 3425 ἔλθῃ
3163 3396 3176 3409 .
3236 3350 3303 3410 Ei
3377 3349 3438 3407 δὶ
3495 3352 3750 3414 ὑπονοεῖς

2086 3442 2248 3493 τοῦτο
2304 3438 2366 3492 τὸ
2414 3439 2542 3513 παρ’
2606 3440 2766 3511 ἡμῶν
2826 3436 3248 3513 ἐπιτελούμενον
3319 3434 3543 3496 ἔλαττον
3608 3441 3742 3497 εἶναι

2088 3524 2313 3598 ἐκείνου,
2347 3524 2445 3581 οὐκ
2505 3523 2653 3589 οἶδας
2712 3525 2797 3580 ὃτι
2863 3527 2891 3580 ὁ
2924 3527 3160 3602 Χριστὸς
3215 3530 3305 3585 καὶ
3365 3532 3456 3584 νῦν
3518 3529 3748 3605 ἐνεργεῖ,

2086 3615 2177 3670 καὶ
2252 3619 2344 3670 νῦν
2415 3616 2694 3691 πάρεστινο
2773 3617 3006 3688 Ἕσομαι
3082 3618 3184 3692 γὰρ
3249 3621 3366 3690 μεθ’
3434 3619 3592 3692 ὑμῶν
3649 3621 3745 3680 τὰς

2086 3705 2299 3778 ἡμέρας
2359 3703 2566 3766 ἁπάσας
2644 3701 2775 3780 ἄχρι
2850 3711 2950 3773 τῆς
3004 3705 3312 3768 συντελείας
3364 3709 3464 3762 τοῦ
3519 3706 3744 3772 αἲῶνος,

2085 3791 2468 3868 ἐπηγγείλατο.
2527 3797 2696 3848 Τοῦτο
2725 3794 2787 3847 τὸ
2821 3795 3118 3869 μυστήριον
3148 3793 3315 3850 πάλιν
3359 3793 3737 3869 ὑπερεκπλητ-

2083 3882 2309 3956 τόμενος
2359 3883 2386 3937 ὁ
2443 3886 2585 3946 θεῖος
2635 3879 2998 3955 ’Λπόστολος,
3051 3883 3186 3956 μετᾶ
3243 3879 3416 3962 φόϐου
3464 3889 3608 3940 Θεοῦ
3653 3885 3744 3940 καὶ

2084 3970 2317 4032 πίστεως
2382 3969 2540 4042 ἀξίως
2616 3973 2766 4044 ἡμᾶς
2831 3972 2996 4026 αὑτοῦ
3077 3971 3321 4048 μετέχειν
3376 3973 3743 4048 παρακελεύε-

2083 4081 2194 4128 ται,
2250 4059 2340 4114 καὶ
2398 4059 2666 4135 τιμωρίαν
2726 4063 2823 4114 τοῦ
2881 4055 3316 4136 παραϐαίνοντος
3384 4063 3740 4140 ἀφορίζεται*

2086 4151 2184 4212 Ὃς
2252 4149 2310 4204 ἃν
2381 4147 2550 4223 ἐσθίῃ,
2609 4147 2802 4225 λέγων,
2860 4148 2958 4204 τὸν
3012 4145 3171 4224 ἄρτον
3229 4154 3470 4221 τοῦτον,.
3606 4154 3741 4227 πίνῃ

2085 4240 2148 4295 τὸ
2207 4240 2470 4314 ποτήριον
2544 4241 2642 4294 τοῦ
2716 4237 2923 4312 Κυρίου
3001 4238 3252 4312 ἀναξίως,
3329 4238 3522 4316 ἔνοχος
3600 4241 3750 4296 ἔσται

2085 4333 2184 4384 τοῦ
2241 4329 2495 4400 σώματος
2536 4326 2625 4382 καὶ
2670 4331 2767 4382 τοῦ
2817 4325 3047 4400 α’ίματος
3103 4332 3202 4383 τοῦ
3253 4328 3474 4402 Κυρίου.
3534 4329 3750 4386 Ταύτὸν

2090 4415 2147 4472 δὲ
2205 4417 2372 4472 εἰπεῖν
2433 4417 2588 4490 (κατά
2637 4416 2729 4472 τὸν
2783 4417 2925 4471 θεῖον
2986 4415 3398 4491 Χρυσόστομον)
3430 4464 3447 4490 ,
3503 4418 3750 4495 καθάπερ

323 4513 408 4567 ita
439 4513 719 4568 dedecore
741 4517 799 4566 et
828 4510 1074 4566 infamia
1093 4526 1225 4565 eum
1247 4510 1532 4574 afﬁciunt,
1568 4507 1667 4579 qui
1690 4508 1988 4564 sanctissi-

2103 4503 2376 4581 παρέδωκε
2454 4506 2550 4578 μὲν
2629 4503 2784 4559 αὐτὸν
2847 4501 3076 4576 Ἰούδας,
3155 4504 3505 4581 ἐπαρῴνησάν
3567 4505 3626 4563 δὲ
3673 4506 3752 4569 εἰς

329 4617 492 4656 mum
525 4601 655 4671 eius
677 4616 889 4672 corpus
921 4599 1160 4671 indigne
1191 4614 1287 4655 ore
1319 4601 1586 4665 sumunt,
1646 4602 1702 4652 et
1753 4599 1979 4669 corpori

319 4689 912 4760 admoventimpuro.
950 4693 1152 4759 Itaque
1207 4687 1422 4760 inquit,
1481 4687 1680 4742 Probet
1735 4689 1982 4757 seipsum

325 4777 480 4832 homo
501 4793 521 4837 ;
554 4793 667 4831 non
701 4775 848 4830 alter
879 4775 1153 4842 alterum,
1185 4775 1296 4830 hoc
1337 4777 1495 4830 enim
1549 4773 1816 4844 judicare
1872 4781 1977 4842 est,

321 4865 423 4920 sed
457 4864 712 4936 primum
745 4865 996 4936 quisque
1029 4865 1290 4936 seipsum
1319 4882 1332 4919 :
1365 4869 1417 4919 et
1441 4865 1521 4919 sic
1549 4863 1615 4918 de
1640 4879 1786 4932 pane
1813 4864 1978 4919 edat:

322 4952 462 5008 etde
491 4953 658 5008 calice
679 4953 848 5010 bibat.
905 4954 1012 5021 Qui
1067 4955 1216 5009 enim
1256 4953 1553 5009 manducat
1597 4955 1651 5008 et
1699 4953 1838 5008 bibit
1889 4956 1979 5008 in-

321 5042 506 5112 digne,
531 5042 822 5113 judicium
850 5043 962 5097 sibi
991 5043 1284 5098 manducat
1315 5052 1372 5098 et
1413 5043 1568 5106 bibit,
1600 5057 1711 5096 non
1767 5041 1980 5113 dijudi-

321 5148 469 5197 cans,
499 5131 608 5186 hoc
648 5137 757 5200 est,
820 5133 1188 5202 perpendens
1232 5138 1288 5186 et
1345 5132 1726 5187 considerans
1779 5146 1980 5203 corpus

321 5221 552 5278 Domini
583 5220 626 5255 ¹⁶
657 5220 1050 5290 propositum.
1085 5221 1248 5287 Quod
1281 5220 1330 5276 si
1385 5219 1457 5285 is,
1511 5219 1609 5291 qui
1670 5236 1772 5291 per
1817 5237 1878 5276 sc
1917 5221 1977 5276 in

324 5308 559 5380 aliquod
602 5308 1001 5364 humanorum
1020 5309 1297 5366 vitiorum
1322 5309 1600 5380 delapsus
1629 5313 1741 5377 est,
1771 5313 1829 5365 et
1887 5310 1977 5366 in-

325 5398 576 5454 discrete
607 5397 875 5466 accessit,
910 5403 975 5454 ut
1004 5398 1245 5471 indigne
1290 5396 1758 5466 communicans,
1817 5403 1982 5457 tanta

396 5610 444 5676 ξ’
521 5611 649 5704 Cor.
674 5630 756 5699 iu,
786 5613 878 5683 23,
908 5613 997 5672 24.
1023 5616 1114 5672 27.
1195 5615 1238 5653 “
1269 5614 1474 5673 Matth.
1505 5630 1702 5687 nvm,
1724 5615 1815 5672 20.
1895 5617 1938 5656 ιδ
1969 5616 1993 5676 Ι
2022 5617 2152 5676 Cor.
2179 5630 2261 5683 xi,
2291 5613 2382 5671 27.

2091 4594 2248 4649 αὐτὸν
2333 4591 2608 4662 Ἰουδαῖοι,
2685 4591 2858 4656 οὕτως
2941 4593 3295 4667 ἀτιμάζουσιν
3353 4595 3517 4651 αὐτὸν
3575 4597 3628 4651 οἱ
3685 4597 3751 4650 τὸ

2089 4684 2344 4758 πανάγιον
2379 4681 2545 4736 αὐτοῦ
2601 4685 2763 4754 σῶμα
2791 4680 3018 4754 ἀναξίως
3046 4686 3128 4754 τῷ
3158 4683 3388 4755 στόματι
3421 4680 3745 4758 δεχόμενοι,

2087 4773 2178 4827 καὶ
2235 4773 2410 4846 ἐναγεῖ
2462 4771 2861 4846 προσφέροντες
2920 4771 3155 4843 σώματι.
3219 4771 3312 4826 Διό
3371 4790 3524 4850 φησι·
3584 4779 3749 4826 on:-

2094 4861 2306 4934 μαζέτω
2365 4857 2647 4934 ἄνθρωπος
2705 4859 2932 4928 ἑαυτὸν,
2985 4857 3092 4934 οὐχ
3147 4855 3331 4934 ἕτερος
3383 4861 3472 4914 τὸν
3532 4856 3746 4934 ἓτεροντ

2087 4954 2248 5004 τοῦτο
2299 4948 2400 5024 γὰρ
2445 4953 2625 5023 κρῖναι
2671 4942 2833 5003 ἔστιν⁶
2888 4945 3033 5002 ἀλλά
3091 4951 3307 5022 πρῶτον
3339 4945 3565 5010 ἕκαστος
3619 4949 3750 5003 ἐαυ-

2086 5038 2201 5092 τύνο
2233 5037 2335 5094 Καὶ
2389 5035 2561 5098 οὕτως
2593 5035 2654 5090 ἐκ
2700 5040 2798 5090 τοῦ
2851 5033 3017 5112 ἄρτου
3075 5035 3317 5105 ἐσθιέτω,
3378 5037 3470 5092 καὶ
3527 5037 3587 5092 ἐκ
3641 5039 3749 5091 τοῦ

2087 5125 2362 5201 ποτηρίου
2419 5126 2620 5180 πινέτω
2654 5145 2666 5157 ’
2745 5125 2774 5179 ὁ
2827 5145 2930 5200 γαρ
2989 5124 3180 5180 ἐσθίων
3239 5127 3327 5180 καὶ
3387 5126 3556 5182 πίνων
3615 5127 3748 5181 ἀνα-

2088 5217 2236 5289 ξίως,
2307 5220 2481 5289 κρῖμα
2533 5215 2706 5286 ἑαυτῴ
2762 5213 2935 5278 ἐσθίει.
3003 5214 3090 5268 καὶ
3160 5213 3326 5283 πίνει,
3384 5216 3460 5288 μή
3523 5213 3744 5290 διακρί-

2085 5327 2211 5375 νων,
2263 5303 2535 5360 τουτέστιν
2589 5302 2842 5373 ἐξετάζων
2903 5303 2992 5358 καὶ
3053 5301 3248 5358 ἐννοῶν
3307 5306 3368 5359 τὸ
3422 5309 3586 5377 σῶμα
3640 5306 3743 5359 τοῦ

2088 5396 2290 5473 Κυρίου
2343 5391 2701 5471 προκείμενον
2735 5433 2750 5450 .
2808 5392 2872 5446 Εῖ
2931 5389 2991 5446 δὲ
3043 5392 3072 5447 ὁ
3123 5393 3244 5447 καθ’
3301 5393 3488 5448 ἐαυτὸν
3545 5393 3600 5450 ἓν
3631 5412 3745 5448 τινι

2485 5610 2529 5648 ¹⁶
2560 5609 2703 5667 ibid.
2734 5609 2826 5669 28.
2858 5609 2946 5665 29.

4025 123 4028 298 l

4026 491 4028 558 l
