4028 6202
231 356 318 420 εει
1513 333 1595 395 IN
1638 330 1822 392 esu

1965 325 2181 387 LVIII.
2708 331 2717 337 ’
3004 371 3007 374 ‹
3432 330 3556 392 322

229 504 307 541 ται·
355 479 599 555 ἄνθρωπος
644 473 718 547 δὲ,
782 474 843 530 τὸ
899 473 951 528 έν
1009 471 1205 546 κόσμῳ
1262 468 1478 542 ἄριστον
1530 460 1791 555 ζῶονητὸ

1961 475 2023 514 aa
2075 457 2394 530 productis,
2433 458 2505 512 ad
2565 474 2815 529 quorum
2873 458 3305 516 incrementum
3361 476 3552 534 neque

225 577 297 629 τοῦ
338 548 447 626 Θεού
495 563 658 642 ἔργον,
716 564 779 619 τὸ
828 562 903 624 είς
960 559 1233 637 ἐργατείαν
1309 557 1508 621 ἐκεῖθεν
1564 551 1789 642 εὐφυὲς,

1966 550 2121 615 atro,
2155 562 2346 619 neque
2405 550 2666 602 semente
2723 562 2872 618 opus
2928 550 3039 611 est,
3085 552 3141 601 et
3196 549 3414 620 quibus
3469 548 3557 606 vis

225 663 271 718 τὸ
296 661 357 733 μὴ
405 634 698 729 τεταγμένον
731 634 1242 718 ἀναπίπτειν,ἀλλὰ
1284 646 1374 702 καὶ
1426 644 1503 705 εἰς
1551 641 1795 733 ἀειγινη-

1967 636 2099 691 talis
2130 636 2190 690 in
2240 634 2599 690 animalibus
2647 639 3076 690 conservatur:
3111 636 3286 693 homo
3336 642 3558 705 autem,

227 724 316 806 σίαν
342 724 703 821 παραγγέλλον,
732 742 823 796 ὅτε
852 738 1144 796 διατίθεται
1165 739 1391 811 νοερῶς,
1412 733 1501 788 καὶ
1522 728 1793 797 κοπιάσει,

1968 724 2124 780 lima]
2177 724 2236 779 in
2293 724 2402 779 hac
2448 728 2604 779 terra
2653 724 3233 796 praestantissimum,
3266 743 3416 799 opus
3460 728 3559 783 Dei

225 838 292 893 καὶ
318 834 512 910 ἴδρῶτας
547 832 797 905 έκκρινεῖ,
855 828 945 885 καὶ
988 829 1284 898 πονήσεται
1325 822 1497 880 καλὸν
1544 826 1792 889 ποιῆσαιο

1967 815 1975 869 Ι
2010 831 2186 886 opera
2236 812 2432 867 divina
2478 812 2880 883 aptissimum,
2916 813 3111 880 homo,
3148 815 3409 887 inquam,
3442 834 3558 873 non

222 926 290 981 καὶ
329 901 448 978 ούτώ
494 901 719 994 τεύξεται
765 901 866 989 τῆς
912 916 1165 995 ἐφέσεως,
1216 914 1324 990 οὐχ
1381 910 1592 979 ἁπλῶς,
1652 904 1798 963 ἀλλᾶ

1970 904 1980 958 l
2069 901 2565 973 languescendum
2652 901 3035 973 compositus,
3100 904 3197 959 sed
3284 905 3561 961 continuo

222 989 599 1085 συνεπιλαμϐανο
602 1010 763 1084 μένου
795 989 962 1064 Θεοῦ..
1314 989 1321 990 7

1974 992 2093 1048 otui
2146 989 2501 1061 destinatus,
2535 990 2768 1061 quando
2819 990 3183 1047 rationaliter
3211 991 3371 1060 vivit,
3405 1009 3560 1048 sem-

216 1121 299 1178 per
319 1079 680 1169 laborabit,'et
709 1097 1027 1156 sudoribus
1059 1094 1340 1162 madebit,
1375 1096 1433 1150 et
1460 1092 1684 1148 bonum
1714 1086 1905 1143 facere
1935 1080 2271 1147 contendet,
2303 1086 2475 1150 atque
2506 1080 2615 1134 hoc
2664 1079 2836 1136 modo
2867 1081 2939 1135 ad
2972 1080 3300 1138 desiderata
3329 1087 3563 1155 perten-

217 1192 307 1261 del,
333 1206 429 1246 non
456 1189 799 1262 simpliciter
829 1204 932 1260 per
960 1202 1043 1255 se,
1076 1183 1176 1241 sed
1210 1184 1523 1255 adiuvante
1557 1184 1688 1233 Deo.

272 1256 326 1354 β’.
352 1277 406 1331 El
433 1274 476 1331 δ’
528 1256 606 1332 ὅτι
664 1256 935 1351 κυριεύειν
989 1294 1099 1328 των
1158 1269 1247 1326 ἐπὶ
1304 1276 1406 1344 γῆς
1461 1266 1619 1328 αὐτὸς
1646 1264 1802 1354 τέταξ

1982 1259 2037 1313 2.
2070 1259 2328 1313 Tantum
2379 1262 2573 1313 autem
2607 1257 2773 1312 abest
2796 1259 2862 1311 ut
2906 1256 3059 1325 ideo,
3093 1259 3249 1328 quod
3290 1257 3564 1314 dominus

212 1344 325 1433 κται,
366 1365 495 1436 ἀξιοῖ
543 1344 809 1435 ἀνεῖσθαι,
864 1361 954 1418 καὶ
1002 1361 1149 1426 θέλει
1201 1361 1529 1429 ἀνακεῖσθαι,
1579 1353 1669 1410 καὶ
1726 1352 1801 1425 μή

2113 1347 2472 1402 constitutus
2502 1349 2610 1413 est,
2644 1344 3021 1419 languescere
3050 1349 3107 1400 et
3134 1346 3252 1401 otio
3305 1362 3433 1403 sese
3463 1346 3568 1401 de-
3669 1356 3672 1363 ‘

213 1456 320 1528 πρὸς
346 1433 549 1530 ἀγαθοῖς
592 1433 804 1516 κόποις*
837 1453 991 1521 εἶναι,
1025 1448 1172 1506 ἀλλᾶ
1226 1448 1387 1503 τούτο
1438 1446 1527 1501 καὶ
1590 1440 1804 1530 μᾶλλον

1979 1452 2051 1491 :re
2083 1439 2138 1490 et
2168 1454 2201 1490 a
2233 1434 2401 1490 bonis
2451 1433 2750 1489 laboribus
2797 1450 3028 1489 cessare
3077 1434 3470 1505 permittatur,
3507 1437 3570 1489 ut

212 1543 340 1599 αὐτὸν
384 1542 603 1619 έναγετω
652 1546 849 1613 κοπιᾷν
909 1540 986 1602 εἰς
1035 1538 1225 1607 καλὸν,
1284 1535 1376 1592 καὶ
1439 1535 1665 1609 μοχθεῖν
1724 1528 1803 1584 ἐπ’

1973 1527 2016 1580 lo
2049 1525 2178 1596 ipso
2210 1524 2385 1579 etiam
2418 1523 2608 1594 magis
2639 1521 2858 1594 impelli
2890 1522 3100 1577 debeat
3130 1522 3201 1577 ad
3252 1522 3564 1595 pulchrum

212 1631 343 1705 ἄρετῇ
387 1610 537 1685 ὁποία
592 1631 692 1699 τήν
726 1610 904 1693 θεόθεν
963 1627 1113 1699 αὐτῷ
1161 1623 1472 1680 δεσποτείαν
1502 1621 1803 1693 ἐπικοσμή-

1975 1613 2260 1667 :ctandum
2309 1616 2366 1665 et
2411 1611 2611 1666 virtuti
2664 1610 3023 1667 studendum
3074 1626 3188 1679 qua
3239 1610 3566 1666 dominium

205 1698 285 1773 σει.
315 1698 665 1793 ΪῙαραδέδοται
725 1716 850 1794 γὰρ,
897 1715 985 1770 καὶ
1032 1698 1130 1769 ούκ
1184 1710 1325 1767 ἔστιν
1378 1711 1663 1778 ἀντειπεῖν,
1725 1705 1796 1794 ὅτι

1972 1701 2198 1756 ἰνίηἰιυε
2226 1700 2341 1771 ipsi
2390 1715 2730 1755 concessum
2783 1699 3222 1755 condecoretur.
3255 1698 3563 1754 Traditum

208 1787 535 1883 φροντιστικὸς
593 1808 670 1871 ὡς
729 1787 965 1881 μέλιστα
1022 1804 1051 1859 ὁ
1104 1800 1375 1858 πλειόνων
1433 1802 1667 1883 κρατῷψ
1724 1793 1799 1883 8ιᾷ

1977 1791 2078 1845 lim
2107 1793 2196 1846 est
2244 1805 2433 1861 neque
2485 1787 2685 1861 negari
2735 1788 2969 1860 poterit,
3013 1804 3147 1843 eum
3206 1788 3307 1859 qui
3360 1788 3568 1859 majori

203 1875 274 1950 id:
296 1894 542 1967 τοσαύτης
576 1875 749 1971 ἐχρῆν
777 1896 856 1966 τῷ
888 1891 1114 1968 ἄρχοντι
1158 1892 1394 1962 μετεῖναι
1451 1881 1692 1952 σπουδῆς
1720 1882 1794 1937 κα

1978 1878 2169 1951 aperio
2217 1878 2455 1950 gaudet,
2488 1876 2760 1949 plurimis
2791 1878 2951 1933 curis
3002 1892 3133 1933 esse
3160 1875 3519 1949 implicitum
3556 1895 3569 1933 :

207 1982 380 2058 βουλῆς
433 1964 519 2039 κανί
573 1964 1028 2059 ἐντρεχείαςξιὶλς
1083 1975 1224 2053 μηδὲ
1272 1974 1573 2051 παννύχιον
1620 1972 1798 2043 ἐξεῖναι

1983 1982 2105 2023 »αι-ο
2133 1967 2306 2022 etiam
2341 1965 2662 2038 imperator
2688 1968 2851 2020 tanto
2874 1965 3069 2020 studio
3100 1968 3158 2020 et
3189 1964 3574 2020 meditatione

201 2068 434 2136 καθεύδειν
462 2070 649 2128 αὐτόν.

2007 2055 2203 2110 labore
2253 2071 2403 2127 opus
2446 2053 2673 2121 habuit,
2707 2057 2773 2109 ut
2820 2069 2892 2109 ne
2941 2057 3066 2109 tota
3111 2052 3351 2125 quidem
3403 2056 3571 2109 nocte

1923 2144 2181 2201 dormire
2210 2143 2484 2215 potuerit.

251 2274 305 2344 γ’.
347 2267 408 2324 El
447 2272 581 2344 γοῦν
636 2263 911 2343 βασιλεύει
973 2268 1081 2319 τῶν
1129 2261 1217 2318 ἐπὶ
1265 2266 1367 2337 γῆς
1413 2259 1552 2320 ἅπας
1604 2257 1810 2330 ἄνθρω-

1993 2252 2047 2307 3.
2086 2250 2215 2307 Jam
2274 2265 2411 2306 vero
2468 2250 2518 2305 si
2575 2248 2823 2322 quilibet
2876 2248 3076 2319 homo,
3134 2251 3193 2305 et
3249 2248 3310 2305 in
3366 2248 3574 2322 primis

194 2336 296 2426 τος,
325 2359 409 2413 καὶ
461 2336 711 2432 ’μάλιστα
762 2355 790 2410 ὁ
841 2350 1154 2422 σπουδαῖος,
1210 2336 1539 2423 ἐνθυμείσθω
1569 2346 1659 2403 καὶ
1722 2366 1785 2419 με

1985 2338 2155 2395 rtutis
2212 2338 2536 2407 studiosus,
2597 2354 2791 2394 rerum
2849 2336 3219 2394 terrestrium
3300 2338 3576 2395 dominus

192 2445 342 2524 λέτωρ
369 2426 564 2502 ἑαυτοῦ
613 2465 673 2500 τε
721 2445 853 2500 εἶναι
909 2447 1007 2498 τοῦ
1056 2441 1199 2509 ἑνὸς,
1242 2439 1329 2495 καὶ
1362 2436 1433 2494 δι’
1465 2436 1629 2493 αὐτοῦ
1661 2432 1783 2491 οὐδε

1984 2434 2032 2497 .t,
2087 2431 2332 2484 conetur
2383 2427 2475 2482 sui
2535 2427 2723 2499 ipsius
2781 2426 2988 2496 solius,
3020 2427 3079 2482 id
3138 2430 3249 2498 est,
3283 2431 3349 2483 ut
3406 2431 3575 2483 vetus

188 2536 439 2605 νὸς,κατὰ
493 2536 599 2605 τὴν
651 2532 886 2589 παΛαιὰν
937 2530 1254 2607 παροιμίαν,
1314 2528 1401 2583 καὶ
1461 2531 1567 2582 τῶν
1630 2523 1779 2581 ἄλλω

1987 2517 2298 2573 -overbium
2346 2516 2448 2587 ait,
2482 2515 2701 2571 nullius
2750 2531 2952 2571 curam
3005 2531 3246 2588 gerere;
3280 2515 3381 2572 sed
3445 2514 3578 2570 reli-

194 2604 436 2695 5‘5,78sou¢
467 2604 567 2682 :51?
608 2622 756 2696 αύτῷ
801 2616 978 2692 ἔταξεν
1100 2617 1248 2681 Θεός⁶
1307 2617 1396 2673 καὶ
1453 2616 1531 2690 μή
1588 2612 1785 2670 ἐθελέτι

1994 2623 2179 2663 lorum
2228 2623 2376 2679 quos
2424 2607 2578 2662 Deus
2627 2606 2678 2661 ei
2728 2606 3001 2678 subjecit,
3053 2623 3245 2679 neque
3293 2604 3585 2662 desideret

192 2694 446 2786 ἀπονητὶ,
510 2694 788 2785 ἐπήϐολος
857 2708 1104 2787 ἐναρέτου
1161 2708 1395 2785 γίνεσθαι
1449 2703 1768 2781 πράγματος

1996 2713 2054 2753 ne
2101 2695 2300 2752 labore
2353 2712 2420 2751 ac
2467 2695 2662 2751 studio
2705 2694 2941 2752 virtutis
2985 2712 3227 2768 compos
3278 2696 3424 2765 fieri,
3483 2712 3587 2770 spe

192 2802 711 2876 έλπιδοκοπούμενος
742 2800 817 2863 εἷς
843 2800 993 2855 κενὸν
1041 2798 1177 2853 κατὰ
1220 2795 1353 2857 τοὺς
1403 2791 1783 2871 ὀνειροπολοῦν

1991 2802 2078 2840 ma
2108 2786 2387 2857 deceptus
2418 2785 2489 2839 ad
2525 2785 2714 2839 instar
2743 2783 2977 2840 illorum
3012 2784 3111 2857 qui
3162 2784 3412 2841 somniis
3444 2801 3582 2841 con-

186 2914 267 2956 τας
320 2892 405 2948 καὶ
458 2892 812 2968 εὑρίσκοντας
870 2888 1100 2945 ἐνώπιον
1159 2887 1227 2943 τᾶ.
1267 2883 1355 2940 διὰ
1410 2885 1581 2939 πόθου
1612 2882 1777 2937 αύτοῖ

1990 2875 2121 2929 lunt
2168 2877 2225 2928 et
2273 2872 2468 2945 cupita
2490 2872 2617 2944 jam
2668 2872 2781 2927 sibi
2831 2872 3039 2928 adesse
3083 2876 3399 2929 autumant
3430 2891 3444 2929 :
3479 2872 3581 2929 sed

189 2981 429 3038 Βαλλὲτω
460 2958 628 3042 δὶΙείς
651 2983 772 3035 νοῦν
822 2978 912 3034 καὶ
970 2976 1135 3055 σοφὸν
1192 2974 1390 3030 ἐκεῖνον
1446 2970 1702 3041 παλαιὸν,
1763 2972 1780 3026 ἐ

1994 2962 2128 3018 >tius
2177 2961 2739 3027 animumladvertat
2786 2961 2854 3016 ad
2889 2958 3057 3016 illum
3088 2966 3341 3018 veterem
3392 2960 3585 3034 philo-

189 3071 376 3142 παίζων
405 3072 538 3134 τοὺς
570 3068 850 3132 ἐθέλοντας
908 3067 1001 3141 μὲν
1048 3048 1102 3121 έν
1154 3065 1373 3141 ἀγαθοῖς
1416 3063 1570 3136 εἶναι,
1604 3062 1780 3117 όκνοῦε.

1995 3052 2207 3125 phum,
2260 3051 2382 3123 qui,
2415 3054 2480 3106 ut
2525 3049 2800 3106 illuderet
2854 3048 2930 3106 iis
2977 3050 3076 3123 qui
3126 3051 3296 3106 bonis
3346 3052 3586 3123 quidem

187 3181 269 3224 τας
297 3158 352 3217 ὂὶ
380 3165 580 3231 κοπιᾷν
638 3157 725 3213 καὶ
783 3155 926 3212 οὕτω
980 3156 1202 3211 κτᾶσθαι
1269 3152 1331 3209 τὰ
1375 3150 1628 3223 θελητὸν,
1686 3149 1778 3205 ἀπι

1996 3141 2047 3197 ui
2096 3140 2453 3202 desiderant.
2504 3140 2603 3195 sed
2659 3138 2858 3195 labore
2907 3139 3241 3195 desiderata
3286 3140 3587 3212 acquirere

192 3241 419 3318 σχόλησε
471 3228 651 3317 φωνῇ,
701 3238 1131 3318 ἱπορησᾲμενος
1200 3232 1425 3318 ἐπὶ
1484 3234 1783 3318 τρυφῇλκτ

2002 3235 2231 3297 cusant,
2271 3228 2470 3285 fabula
2526 3229 2781 3300 quadam
2840 3230 2910 3284 de
2963 3228 3207 3284 mollitie
3265 3229 3590 3302 excogitata

190 3314 449 3378 ἔπλασατό
474 3314 611 3377 τινα
633 3319 752 3395 βίον
782 3314 1137 3384 παλαίτατον,
1197 3314 1250 3370 ὲν
1384 3314 1627 3395 θυσίαῗτε
1659 3315 1781 3395 ζῶσι

1998 3336 2171 3392 mpus
2229 3318 2369 3373 olim
2432 3317 2614 3373 fuisse
2666 3317 2834 3386 dixit,
2895 3335 3010 3390 quo
3068 3317 3309 3373 victima
3364 3318 3586 3383 vivens,

189 3402 247 3456 τά
286 3424 345 3457 τε
387 3402 525 3480 κρέα
571 3391 710 3477 ἐφ’θὰ
736 3398 826 3453 καὶ
858 3397 998 3452 ὀπτὰ
1026 3401 1144 3458 ταῖς
1189 3394 1482 3471 τραπέζαις
1531 3392 1780 3469 ἀπραγμό

1996 3391 2144 3465 Lrnes
2176 3412 2373 3463 autem
2424 3414 2595 3462 coctae
2645 3410 2971 3479 assntaaque
3018 3407 3086 3461 ad
3140 3422 3374 3463 mensas
3417 3423 3587 3462 accu-

187 3513 284 3555 νως
314 3491 613 3567 ἐπέτρεχον
673 3487 748 3550 εἷς
797 3488 977 3542 ἑστίαν
1038 3483 1302 3562 μακαρίαν
1360 3484 1449 3538 καὶ
1508 3480 1778 3556 εὐδαίμονι

2004 3500 2145 3555 bant
2174 3495 2478 3553 hominum
2513 3495 2569 3550 in
2601 3495 2790 3551 beatis
2843 3494 3311 3551 habitationibus
3345 3493 3591 3550 feliciter

190 3580 270 3635 καὶ
347 3580 529 3654 ζωμοὶ
606 3577 833 3652 λιπαροὶ
888 3572 1211 3650 ποταμηδὸν
1258 3568 1443 3650 ἔρρεον
1497 3572 1571 3635 εἰς
1628 3577 1779 3647 χρῆσ

2001 3587 2304 3660 ιςεοὶίυω,
2363 3584 2659 3656 liquorum
2737 3600 2907 3655 porro
2966 3582 3231 3638 dulcium
3303 3586 3592 3639 torrentes

187 3676 296 3734 τοῖς
324 3670 743 3747 ὀριγνωμένοις,
796 3667 885 3722 καὶ
929 3665 1110 3736 πτηνὰ
1155 3662 1299 3720 καλᾶ
1347 3663 1423 3726 είς
1478 3665 1676 3739 βρῶσιν
1733 3683 1778 3716 κε

2003 3677 2099 3731 :lut
2153 3676 2223 3731 ad
2286 3679 2496 3729 nutum
2556 3672 3016 3728 desideranlium
3073 3672 3413 3740 afﬂuebant,
3461 3688 3594 3728 aves

185 3761 565 3815 τεπετάννυντο
614 3753 808 3829 ἕτοιμα
852 3760 971 3817 τοῖς
1018 3751 1328 3827 δαιτυμόσι,
1381 3754 1471 3807 καὶ
1528 3758 1647 3816 τοῖς
1696 3750 1776 3806 ἐκε

2005 3782 2176 3837 mque
2224 3763 2511 3820 deliciosae
2560 3778 2899 3818 mensarum
2930 3762 3369 3818 accubitoribus
3420 3762 3596 3817 advo-

189 3869 289 3903 νων
321 3847 663 3923 ἐμπίπτοντα
716 3842 944 3917 στόμασι
1002 3837 1360 3918 παρεδύοντο,
1407 3842 1494 3896 καὶ
1539 3839 1726 3917 ἰχθύες
1777 3866 1780 3884 ε

2005 3859 2155 3927 ntes,
2201 3858 2337 3909 tota;
2395 3853 2467 3909 ad
2524 3868 2690 3908 esum
2751 3852 2974 3907 idoneae
3031 3850 3265 3907 illorum
3325 3850 3410 3907 ori
3467 3865 3595 3906 sese

190 3937 457 4000 ὀπτῶντες
517 3933 742 3996 ἑαυτοὺς
769 3976 784 4002 ,
864 3929 1077 3988 ἐπειδὰν
1138 3931 1362 4006 θάτερον
1427 3930 1588 4005 μέρος
1644 3950 1781 4003 κατε]

2005 3943 2367 4010 amittebant,
2400 3942 2591 4015 pisces
2649 3941 2904 4014 denique
2959 3958 3023 3997 se
3080 3941 3243 4015 ipsos
3306 3945 3596 4013 assantes,

190 4032 421 4102 7160136:
507 4025 679 4100 πυρὶ,
768 4021 1191 4099 μετεστρέφοντο
1270 4018 1652 4075 αύτοκύλιστοι
1747 4017 1781 4074 ἐι

2003 4034 2046 4090 3i
2114 4032 2237 4106 igni
2303 4031 2523 4088 admoti
2593 4047 2662 4086 ex
2742 4046 2860 4085 una
2928 4034 3091 4103 parte
3154 4029 3294 4085 tosti
3378 4031 3594 4099 essent,

194 4116 407 4191 θάτερα,
437 4114 527 4170 καὶ
588 4111 763 4175 οὕτως
820 4107 1027 4175 εὔθετοι
1074 4108 1355 4187 γεγονότες
1427 4107 1650 4183 ἀρτύσαι
1703 4128 1785 4194 τρι

2007 4140 2054 4177 Ia
2085 4126 2295 4194 sponte
2350 4120 2409 4176 in
2462 4120 2705 4175 alteram
2766 4123 2988 4191 partem
3050 4136 3113 4175 se
3160 4119 3598 4188 convertebant,

195 4210 382 4275 πεζαν,
411 4205 498 4259 καὶ
534 4201 792 4277 ἀρθέντες
826 4201 1090 4275 μετέωροι
1119 4204 1242 4262 ταῖς
1260 4197 1548 4273 τραπέζαις
1575 4192 1781 4284 ένεαυϐί

2009 4229 2065 4267 ιο
2120 4192 2274 4267 i‘acto
2333 4210 2557 4265 mensis
2608 4210 2737 4281 jam
2797 4212 2984 4281 aptas,
3046 4208 3266 4281 impetu
3343 4206 3600 4280 gratuito

192 4313 327 4347 τωνο
358 4293 447 4348 καὶ
475 4290 722 4369 ἐτρύφων
754 4289 927 4351 οὕτως
959 4287 1009 4361 ἐξ
1041 4286 1365 4361 αὐτομάτων
1408 4286 1461 4341 οἳ
1501 4285 1625 4341 τότε
1655 4283 1783 4341 δαιτί

2013 4298 2237 4355 'ovoluti
2294 4296 2551 4353 convivis
2611 4313 2672 4352 se
2730 4295 3071 4363 oﬂ'erebant,
3121 4295 3266 4350 adeo
3324 4299 3389 4349 ut
3442 4293 3604 4349 illius

196 4380 315 4445 λεῖς
347 4384 552 4438 ἄπονοι.

2013 4387 2051 4443 vi
2112 4387 2382 4443 homines
2438 4385 2569 4442 sine
2636 4384 2793 4441 omni
2853 4383 3052 4439 labore
3101 4382 3327 4439 deliciis
3396 4384 3604 4454 sponte

1954 4476 2333 4533 afﬂuentibus
2364 4475 2754 4531 abundarent.

271 4574 337 4636 δ’.
366 4579 467 4635 Καὶ
496 4576 703 4649 ἐξέθετο
761 4575 855 4649 μὲν
902 4569 1069 4628 ταῧτα
1113 4572 1142 4626 ὁ
1192 4571 1358 4650 σοφὸς
1407 4570 1612 4633 ἐκεῖνος
1656 4567 1842 4627 λαλῶν

2024 4583 2077 4638 4.
2111 4582 2241 4638 Haec
2270 4581 2504 4655 sapiens
2534 4580 2632 4637 ille
2664 4578 2882 4648 retulit,
2916 4577 3143 4652 lepores
3182 4576 3425 4633 imitans
3475 4591 3611 4631 mu-

202 4664 503 4744 εύτράπελα
555 4664 695 4721 κατᾶ
749 4669 851 4732 τῆς
902 4659 1200 4736 Ἀσκραίας
1258 4658 1467 4734 μούσης
1498 4660 1594 4733 (ὡς
1651 4656 1714 4714 ἂν
1761 4680 1790 4713 τ

2019 4689 2033 4726 2
2088 4672 2325 4726 Ascrmze
2382 4669 2491 4743 (uti
2550 4668 2717 4726 facile
2775 4668 2909 4741 quis
2970 4667 3374 4734 intellexerit),
3424 4662 3610 4737 siqui-

204 4751 508 4818 εύθυϐόλως
539 4754 778 4825 νοήσοι),
812 4750 892 4843 ἐφ’
954 4752 1035 4813 οἷς
1085 4750 1317 4827 χρύσεον
1350 4747 1552 4843 ⁸ἐκείνη
1612 4748 1795 4843 ἀρχαῇ

2021 4777 2087 4815 ιω
2119 4759 2219 4815 illa
2243 4759 2444 4815 eodem
2498 4758 2672 4814 modo
2705 4775 2821 4829 quo
2871 4757 3078 4813 artifex
3120 4756 3344 4829 peritus
3399 4770 3612 4812 aurum

207 4844 465 4914 ζωώσασα
518 4844 677 4920 γένος
724 4838 1116 4916 ἠγαλμάτωσε,
1175 4836 1585 4912 μεταλλεύσασα
1637 4835 1793 4909 δεξιῶ

2020 4849 2211 4903 Inﬂare
2243 4852 2299 4903 et
2327 4847 2385 4902 in
2419 4846 2677 4902 diversas
2711 4846 2927 4902 formas
2976 4845 3254 4902 diducere
3294 4844 3472 4917 novit,
3505 4861 3611 4900 an-

205 4932 300 4987 καί
327 4935 711 5010 χρυσοχοῖκῶς
742 4927 1098 5006 χοανεύσασα.
1120 4926 1217 4983 Καὶ
1255 4927 1322 4983 τὰ
1344 4932 1534 5004 πρῶτα
1568 4928 1663 5001 μὲν
1696 4926 1794 4982 αύτ

2022 4953 2188 5009 luam
2222 4934 2527 4992 hominum
2576 4952 2762 5008 genus
2795 4939 3073 5006 tanquam
3125 4951 3370 4991 aureum
3402 4950 3613 5007 reprae—

211 5016 388 5077 ἶπειτα
442 5020 499 5077 δὲ
554 5021 631 5082 εἷς
678 5018 941 5096 ἀργύρεον
991 5017 1123 5072 αὐτὸ
1183 5011 1499 5085 ὁπεϐίϐασε,
1558 5017 1647 5071 καὶ
1688 5016 1802 5071 θάνε

2027 5025 2227 5081 ntavit.
2288 5029 2353 5080 Et
2406 5025 2515 5080 hoc
2571 5024 2807 5096 quidem
2868 5024 2941 5081 ab
2998 5024 3170 5081 initio
3226 5024 3354 5081 fuit.
3406 5028 3616 5080 Postea

209 5129 303 5163 τον
349 5110 701 5187 έρῥητόρευσε
748 5112 866 5170 τοῖς
921 5105 1045 5162 τότε
1096 5104 1326 5182 γλυκὺν,
1387 5107 1476 5161 οἶα
1517 5106 1604 5160 καὶ
1667 5104 1800 5160 ὕπνο

2024 5119 2162 5171 ηοω
2218 5114 2363 5171 illud
2425 5114 2497 5170 ad
2544 5118 2887 5187 argenteum
2927 5114 3240 5186 depressit,
3272 5118 3329 5171 et
3383 5113 3458 5170 iis
3514 5110 3615 5185 qui

222 5195 462 5276 ῥᾳστώνῃ
497 5198 616 5275 βίου
674 5196 763 5252 καὶ
821 5194 1010 5268 ἀπόνῳ
1062 5195 1176 5271 ζωῇ
1217 5193 1524 5271 ἀνάλγητον
1574 5194 1662 5250 καὶ
1694 5192 1813 5249 αὖτε

2027 5221 2105 5260 .nc
2137 5204 2416 5274 viverent,
2450 5208 2698 5260 mortem
2727 5202 2873 5258 dixit
2921 5202 3103 5260 fuisse
3137 5203 3388 5273 dulcem,
3423 5198 3618 5260 somni

220 5283 563 5362 ἐφεπόμενον.
597 5284 1042 5363 Διαγραψάμενος
1074 5282 1132 5339 δὲ
1179 5284 1351 5347 οὕτως
1381 5285 1410 5339 ὁ
1460 5282 1672 5346 ἀστεῖος
1725 5280 1811 5337 ἐκε

2028 5292 2237 5359 milem,
2270 5294 2399 5348 vitae
2450 5291 2615 5348 suavi
2662 5308 2729 5347 ac
2772 5291 3040 5348 laborum
3090 5291 3478 5365 dolorumque
3524 5306 3619 5346 ex-

221 5395 330 5446 νος,
354 5379 443 5433 καὶ
467 5375 762 5452 γοητεύσας
818 5374 1007 5439 ἆκοᾶς,
1054 5374 1129 5436 ὡς
1173 5375 1262 5429 καὶ
1306 5372 1673 5449 ὀνειροπολεῖν
1725 5392 1812 5449 τρι

2027 5382 2121 5438 arti
2154 5383 2503 5438 insecutum.
2544 5382 2685 5436 Dum
2721 5384 2915 5437 autem
2948 5382 3181 5454 sapiens
3210 5380 3307 5437 ille
3353 5381 3505 5437 hanc
3536 5379 3618 5435 fa-

221 5465 319 5539 φὰς
349 5469 433 5523 καὶ
478 5465 898 5541 τραπεζώματα,
959 5462 1021 5519 οὐ
1081 5462 1325 5542 φαύλως,
1381 5464 1558 5537 οἶμαι,
1611 5461 1812 5517 καθίκει

2032 5470 2172 5527 11am
2204 5472 2395 5545 lepide
2426 5469 2720 5527 enarravit
2748 5473 2805 5526 et
2835 5487 3006 5527 aures
3054 5470 3333 5527 demulsit
3360 5470 3433 5527 ad
3466 5486 3623 5526 som-

221 5558 324 5609 τῶν
358 5555 433 5620 είς
467 5558 639 5630 μάτην
695 5553 1101 5631 χασμωμένων,
1132 5551 1220 5608 καὶ
1250 5552 1339 5608 τὸν
1398 5550 1605 5608 κόλπον
1637 5548 1725 5606 διὰ
1770 5572 1812 5607 κε

2030 5562 2223 5617 .andas
2245 5561 2438 5616 omnis
2458 5559 2690 5633 generis
2711 5559 2973 5632 delicias,
3007 5560 3163 5619 haud
3188 5559 3363 5633 male,
3395 5560 3621 5634 opinor,

224 5648 319 5714 γῆς
350 5643 841 5713 ἄναπεταννύντων,
870 5640 1249 5718 έξαπλούντων
1297 5640 1354 5699 δὶ
1410 5640 1500 5699 καὶ
1556 5641 1635 5697 τὼ
1685 5646 1811 5718 χεῖρ

2034 5649 2234 5708 aduxit
2290 5649 2425 5707 illos
2482 5648 2587 5723 qui
2659 5650 2881 5707 frustra
2938 5667 3004 5707 os
3060 5650 3373 5721 diducunt,
3424 5654 3482 5706 et
3535 5647 3624 5704 in-

541 5775 800 5836 ΡΑτιοι..
852 5771 963 5834 Gs.
1009 5770 1303 5837 CXXXV.

3228 5780 3300 5838 1⁸7
