4028 6202
320 309 461 376 ,823
1106 310 1528 372 EUSTATHII
1576 308 2353 372 THESSALONICENSIS
2401 307 2987 371 METROPOLITE
3647 313 3765 373 526

340 457 578 498 cassum
609 441 807 497 sinum
859 441 1132 513 aperiunt
1161 445 1220 497 et
1268 441 1473 497 ambas
1529 458 1743 498 manus
1789 443 1975 497 exten-

2100 459 2178 500 ως
2224 437 2314 493 καὶ
2371 436 2634 516 ἐμφαγεῖν
2693 436 2770 500 εῗς
2815 437 2977 514 κόρον
3003 483 3019 509 ,
3068 438 3160 494 καὶ
3207 437 3445 495 πλοῦτον
3493 440 3764 497 κατακολ-

341 533 508 600 dunt,
544 535 610 586 ut
655 531 783 587 cibo
831 531 1194 603 repleantur,
1227 534 1284 585 et
1315 529 1552 586 divitias
1599 529 1901 600 colligant,
1935 534 1992 584 et

338 621 669 678 desiderata
699 620 1067 693 prehendunt
1097 619 1262 674 nullo
1291 619 1490 675 labore
1522 619 1810 674 adhibito.

408 711 462 764 5.
497 711 864 764 Luctandum
898 724 1036 780 ergo
1069 709 1239 764 nobis
1271 713 1383 772 est,
1415 725 1448 762 ο
1479 709 1709 775 fratres,
1743 711 1801 763 et
1828 707 1990 762 labo-

337 799 675 864 randum,et
703 797 1203 864 contendendum,
1225 795 1282 853 et
1312 798 1672 866 sudandum,
1695 796 1986 868 siquidem

339 888 492 942 haud
526 886 715 950 aliter,
746 886 847 940 sed
899 885 1008 940 hac
1046 887 1172 941 sola
1218 887 1461 951 ratione,
1495 886 1563 941 ad
1615 886 1768 940 bona
1815 889 1989 956 atque

337 976 582 1032 honesta
613 974 914 1048 pervenire
946 975 1094 1031 licet.
1131 976 1213 1030 Ad
1245 976 1396 1047 quod
1451 975 1819 1047 probandum
1867 991 1988 1046 pro-

338 1065 456 1121 fero
486 1065 632 1119 illud
665 1064 947 1136 (quamvis
972 1064 1358 1121 minutiarum
1381 1064 1684 1120 studiosus
1705 1063 1923 1134 videar)
1955 1080 1988 1118 a

337 1154 598 1226 profanis
646 1154 915 1210 dictum:
956 1154 1113 1209 Nihil
1165 1155 1428 1209 succedit
1477 1154 1603 1208 sine
1651 1152 1869 1208 labore.
1922 1152 1988 1207 Et

337 1243 607 1314 quamvis
639 1246 910 1298 sexcenta
943 1241 1056 1297 alia
1085 1242 1334 1298 habeam
1367 1240 1696 1313 (non,velut
1723 1245 1987 1297 ostenta-

333 1335 426 1386 tor
455 1331 588 1402 quis
617 1330 848 1401 dixerit,
882 1347 1008 1393 quaa
1055 1334 1336 1397 eructem,
1369 1331 1467 1386 sed
1503 1347 1631 1402 quea
1679 1330 1986 1385 commode

333 1419 626 1489 referam),
659 1418 931 1475 lubenter
959 1419 1188 1487 omitto,
1235 1423 1300 1474 ut
1330 1436 1402 1473 ne
1451 1417 1788 1474 ambitionis
1833 1417 1986 1474 male

333 1511 675 1578 opportunas
722 1507 1074 1578 vituperium
1121 1507 1442 1562 incurram.
1475 1508 1618 1563 Cum
1673 1511 1868 1561 autem
1922 1507 1981 1560 in

333 1611 496 1651 sacro
527 1595 840 1668 Scriptura:
873 1595 1150 1650 thesauro
1201 1600 1630 1668 peropportune
1661 1595 1979 1650 invenerim

329 1688 600 1741 sanctum
635 1684 1028 1739 characterem
1061 1700 1176 1754 quo
1210 1684 1494 1756 propheta
1540 1699 1811 1755 magnus,
1847 1699 1981 1738 san-

331 1773 632 1831 ctissimus
681 1773 888 1840 David,
924 1778 988 1828 ut
1017 1773 1076 1826 in
1110 1772 1310 1828 tabula
1341 1773 1641 1841 Sinaitica,
1668 1772 1983 1843 descripsit
2013 1814 2059 1880 Β

331 1867 590 1919 mentem
621 1861 1227 1933 divinam,praelegam
1257 1861 1425 1917 vobis
1455 1862 1633 1916 verba
1664 1861 1881 1933 quibus
1912 1861 1982 1915 de

329 1952 454 2006 viro
499 1956 612 2005 Deo
665 1949 874 2004 dilecto
923 1949 1103 2004 dicit:
1137 1971 1166 1999 ‹‹
1215 1949 1524 2004 Laboravit
1570 1949 1628 2003 in
1680 1949 1979 2014 saaculum,

329 2044 387 2096 et
414 2040 565 2094 vivet
592 2039 652 2093 in
685 2039 859 2093 finem
895 2042 911 2074 ί
949 2055 961 2093 :
991 2057 1017 2089 ιι
1054 2038 1110 2092 id
1146 2041 1254 2108 est,
1287 2055 1401 2093 non
1435 2037 1717 2094 laboravit
1746 2039 1982 2110 quando

328 2127 556 2193 habuit,
588 2128 688 2183 sed
722 2143 822 2199 per
851 2143 1022 2182 omne
1052 2127 1181 2181 vita:
1212 2131 1475 2198 tempus:
1512 2126 1790 2182 saeculum
1823 2125 1981 2181 enim

329 2233 506 2274 sensu
537 2216 725 2272 altiori
758 2220 1062 2288 acceptum
1095 2216 1410 2286 cujuslibet
1461 2215 1718 2271 hominis
1747 2219 1981 2286 tempus

325 2308 458 2364 vitm
487 2306 776 2378 designat.
799 2310 1109 2377 Propterea
1138 2305 1320 2377 igitur
1349 2305 1606 2361 inveniet
1636 2305 1774 2360 talis
1805 2305 1978 2360 finem

327 2397 474 2452 bene
503 2411 568 2450 ac
611 2394 856 2450 feliciter
884 2393 1136 2462 vivendi,
1166 2393 1326 2450 velut
1375 2393 1425 2450 si
1473 2395 1605 2465 quis
1654 2409 1980 2448 aerumnosa

324 2489 540 2541 terram
565 2488 789 2540 exercet
811 2487 912 2539 aut
959 2499 1119 2539 mare
1143 2487 1374 2551 tractat,
1406 2487 1463 2538 et
1493 2483 1782 2554 ejusmodi
1818 2482 1978 2537 labo-

324 2573 488 2628 ribus
519 2572 644 2627 vitze
667 2572 998 2628 necessaria
1018 2572 1124 2627 sibi
1159 2576 1481 2643 comparat,
1514 2571 1744 2625 etiamsi
1777 2586 1975 2625 eorum

324 2661 542 2733 quibus
589 2677 737 2734 opus
769 2660 962 2728 habet,
997 2659 1193 2732 aliquo
1251 2664 1445 2716 careat
1474 2660 1532 2714 in
1570 2663 1892 2731 posterum,
1922 2661 1980 2712 et

324 2751 618 2822 imprimis
649 2750 884 2821 quando
927 2753 1200 2805 senectus
1250 2747 1496 2804 molesta
1532 2747 1842 2821 ingruerit,
1875 2747 1976 2802 ubi

325 2838 525 2894 dulces
554 2837 784 2894 labores
833 2838 1116 2893 deficiunt
1145 2841 1202 2893 et
1230 2853 1502 2892 aerumnae
1556 2836 1702 2892 senii
1757 2836 1976 2908 impor-

323 2927 454 2984 tuni
486 2927 795 3000 incipiunt,
829 2928 1063 2998 quando
1095 2926 1376 2982 nimirum
1410 2925 1831 2996 octogesimum
1868 2942 1978 2980 an-
2024 2999 2026 3002 ν

325 3033 469 3072 num
502 3016 946 3083 excesserimus,
982 3015 1068 3071 uti
1099 3015 1278 3071 David
1312 3014 1491 3071 canit.
1530 3019 1691 3069 Tunc
1738 3015 1893 3069 enim
1925 3014 1976 3069 is

328 3106 426 3178 qui
466 3106 572 3162 hoc
601 3105 813 3161 saeculo
841 3104 1148 3174 laboravit,
1183 3105 1239 3158 id
1271 3108 1360 3160 est
1395 3107 1516 3159 tota
1545 3104 1681 3170 vita,
1718 3104 1974 3175 primum

2100 527 2281 597 πίσαι,
2329 527 2419 581 καὶ
2473 525 2758 604 δράξασθαι
2801 531 2909 586 τῶν
2950 528 3309 602 ποθουμίνων
3372 527 3502 606 δίχα
3559 532 3760 586 κοπιά-

2105 636 2292 689 ματος.

2172 705 2227 762 ε’.
2265 705 2593 780 Μοχθητὲον
2631 707 2743 775 οὗν,
2794 707 2839 761 ὦ
2881 705 3132 784 ἀδελφοὶ,
3189 708 3277 762 καὶ
3309 709 3617 781 κοπιατὲον,
3665 708 3759 764 καὶ

2099 795 2390 864 πονητέον,
2445 793 2537 850 καὶ
2593 792 2846 870 ίδρωτὲον
2909 795 2991 851 ἐπ’
3045 796 3300 870 ἀγαθοῖς,
3360 798 3434 860 ὡς
3495 799 3572 870 μὴ
3618 801 3758 854 κατά

2097 903 2220 936 τινα
2243 877 2444 959 τρόπον
2471 880 2675 958 ἕτερον,
2731 883 2876 939 ἀλλὰ
2923 889 3115 940 τοῦτον
3163 882 3230 955 δὴ
3288 885 3379 940 καὶ
3442 887 3612 960 μόνον
3662 909 3758 944 πεο

2101 971 2549 1048 ριγενησομὲνοις
2608 974 2744 1044 ἡμῖν
2793 977 2888 1028 τοῦ
2946 979 3248 1050 κατορθοῦν
3289 975 3356 1030 τά
3413 976 3586 1031 καλά.
3653 976 3756 1031 Καὶ

2097 1066 2430 1137 παραγαγεῖν
2477 1061 2568 1134 μὲν
2621 1061 2696 1123 είς
2755 1061 3050 1138 μαρτυρίαν
3093 1064 3156 1118 τὸ
3209 1088 3239 1116 ‹‹
3301 1061 3468 1137 μηδὲν
3505 1063 3756 1140 ζυτυχεῖν

2099 1147 2223 1204 ἄνευ
2276 1146 2470 1218 πόνου,
2530 1175 2551 1201 ο
2610 1150 2686 1214 sic
2743 1155 3000 1207 τοσοῦτον
3056 1151 3466 1230 στενολεσχῶν,
3521 1154 3758 1228 παράγω

2098 1240 2188 1293 οἶα
2218 1237 2555 1314 ὶξωτερικόν.
2612 1239 2789 1314 Μυρία
2820 1238 2879 1296 δὲ
2932 1240 3023 1295 καὶ
3083 1239 3227 1297 ἄλλα
3282 1240 3428 1318 ἔχων
3473 1241 3583 1316 (οῦ,
3613 1242 3760 1306 καθᾶ

2096 1349 2179 1389 τις
2235 1325 2295 1381 ἂν
2354 1325 2782 1404 περιαυτολόγος
2841 1327 2983 1405 ἐρεῖ,
3037 1328 3442 1405 ἰξερεύξασθαι,
3497 1333 3616 1386 κατ’
3665 1331 3757 1386 εῦ-

2097 1417 2293 1489 πορίαν
2357 1413 2412 1470 δὲ
2478 1411 2912 1491 προϐαλέσθαι),
2973 1418 3176 1496 ἀφίημι
3228 1418 3634 1496 ἀπολεγόμενος
3688 1420 3755 1474 τὸ

2098 1505 2336 1581 ἀκαίρως
2368 1503 2683 1580 φιλότιμον.
2727 1506 2960 1581 Καιρίως
3009 1504 3066 1561 δὲ
3113 1512 3212 1562 τοῦ
3269 1509 3565 1582 ἱερωτάτου
3613 1529 3759 1584 γρα-

2097 1597 2256 1670 φικοῦ
2308 1595 2582 1670 θησαυροῦ
2639 1593 3034 1668 ἀναλεξάμενος
3082 1594 3234 1673 ἅγιον
3291 1605 3640 1672 χαρακτῆρα,
3699 1598 3756 1654 ἐν

2095 1684 2140 1754 ᾧ
2190 1684 2480 1758 προφήτης
2523 1683 2692 1758 μέγας
2737 1684 2826 1738 καὶ
2883 1680 3243 1758 ὑπερϐάλλων
3299 1686 3450 1760 ἅγιος
3496 1688 3524 1742 6
3579 1685 3755 1744 Δαυῒδ

2093 1770 2464 1844 ἰξετυπώσατο
2493 1777 2614 1826 νοῦν
2646 1774 2812 1840 θεῖον,
2859 1772 2957 1828 ὅσα
3008 1774 3097 1829 καὶ
3150 1774 3201 1830 ἐν
3261 1779 3492 1850 Σικαῖκῇ
3547 1776 3753 1846 πλακὶ,

2092 1859 2472 1934 ἀναγνώσομαι
2537 1859 2663 1931 ὑμῖν
2717 1855 3159 1935 διαλαμϐάνοντα
3208 1860 3408 1916 ἐκεῖνον
3449 1863 3576 1938 περί
3633 1874 3760 1926 θεο-

2093 1948 2287 2024 φιλοῦς
2314 1945 2530 2023 ἀνδρὸς,
2565 1948 2640 2011 ὡς
2696 1948 2786 2003 καὶ
2843 1972 2871 2002 ‹‹
2928 1949 3242 2005 Ἐκοπίασεν
3285 1951 3362 2015 εἷς
3414 1951 3506 2005 τὸν
3551 1951 3754 2021 αἰῶνα,

2092 2035 2182 2091 καὶ
2229 2037 2418 2106 ζήοται
2473 2036 2548 2098 εἷς
2603 2035 2784 2109 τέλος,
2847 2062 2875 2089 ››
2937 2039 3066 2113 ὅπερ
3123 2038 3284 2094 ἐστίν’
3345 2039 3626 2095 ἰκοπίασεν
3684 2041 3753 2096 οὐ

2101 2121 2240 2199 τυχὸ
2290 2145 2418 2192 τως,
2468 2123 2613 2180 ἀλλᾶ
2665 2122 2803 2194 ὅλην
2861 2127 2959 2194 τήν
3017 2127 3314 2183 κατάὐτὸν
3345 2126 3398 2182 ἰν
3435 2126 3541 2203 βίῳ
3573 2131 3748 2199 ζωήν·

2097 2234 2121 2264 ε
2158 2212 2289 2267 αἰὼν
2343 2235 2371 2263 ››
2420 2213 2524 2287 γὰρ
2575 2211 2935 2287 ὡμολόγηται
2991 2215 3317 2292 σεμνότερον
3363 2215 3610 2292 λέγεσθαι
3657 2217 3753 2271 καὶ

2094 2324 2124 2355 ι(
2155 2303 2183 2356 6
2213 2301 2414 2376 χρόνος
2445 2325 2473 2352 ››
2519 2308 2620 2370 τῆς
2672 2301 2906 2356 ἑκάστων
2951 2302 3248 2378 ἀνθρώπων
3297 2309 3466 2374 ζωῆς.
3534 2304 3751 2361 Οὐκοῦν

2092 2387 2162 2444 δι’
2190 2390 2320 2444 αὐτὸ
2345 2388 2505 2451 τέλος
2537 2391 2564 2444 6
2595 2388 2845 2454 τοιοῦτος
2883 2392 3102 2468 εὑρήσει
3148 2393 3209 2447 τὸ
3260 2393 3351 2447 καὶ
3399 2391 3457 2448 εῦ
3512 2397 3610 2468 ζῇν
3657 2396 3754 2449 καὶ

2094 2478 2371 2554 μακαρίως
2424 2475 2515 2532 διὰ
2567 2478 2684 2551 βίου
2731 2484 3019 2554 περιεῖναι,
3075 2481 3269 2554 ὅμοιον
3325 2482 3399 2544 ὡς
3452 2479 3502 2538 εἲ
3525 2483 3619 2536 καὶ
3651 2504 3756 2537 κυ-

2088 2569 2356 2642 πτόμενός
2404 2590 2487 2633 τις
2533 2563 2763 2631 ἕκκοπος
2815 2571 2960 2644 παρὰ
3011 2575 3137 2646 γῆν,
3181 2570 3217 2640 ἢ
3249 2571 3591 2644 πονούμενος
3619 2570 3754 2645 περὶ

2089 2655 2358 2720 θάλασσαν
2397 2703 2412 2726 ,
2451 2658 2732 2733 πορίσεται
2786 2657 3061 2722 τοιούτοις
3115 2659 3353 2734 μόχθοις
3412 2659 3590 2732 ἑαυτῷ
3641 2661 3754 2726 τήν

2091 2746 2258 2814 ζωήν,
2294 2745 2368 2808 ὡς
2401 2746 2490 2800 καὶ
2523 2744 2679 2800 αὐτόν
2726 2767 2780 2801 τι
2825 2750 2935 2800 τῶν
2986 2744 3216 2801 δεόντων
3252 2746 3411 2803 αὐτὸν
3463 2747 3747 2804 ἐπιλιπεῖν

2087 2838 2186 2888 τοῦ
2218 2833 2439 2900 λοιποῦ,
2469 2834 2559 2888 καὶ
2595 2832 2834 2906 μᾶλλον,
2867 2833 2954 2889 ὅτε
2993 2835 3056 2890 τὸ
3093 2842 3266 2911 γῆρας
3320 2835 3595 2912 ἐγκρατῶς
3648 2837 3752 2892 αὖ-

2085 2927 2182 2978 τοῦ
2213 2924 2544 3001 ἀμφήσεται,
2594 2923 2717 2998 περὶ
2767 2924 2796 2978 ὀ
2854 2922 3234 2980 ουντελοῦνται
3292 2926 3386 2999 μὲν
3438 2927 3490 2981 οἱ
3519 2924 3753 3001 γλυκεῖς

2089 3011 2372 3088 ἐργατικοὶ
2430 3013 2589 3066 πόνοι
2647 3012 2737 3067 καὶ
2794 3013 2978 3083 κόποι,
3041 3013 3366 3091 ἐνάρχονται
3421 3014 3478 3070 δὶ
3538 3016 3590 3070 oi
3647 3023 3762 3086 τῆς

2085 3099 2351 3176 ἀργαλέας
2381 3100 2810 3177 γηραλεότητος,
2841 3103 2892 3156 οἱ
2929 3103 3064 3175 μετὰ
3106 3104 3173 3158 τὰ
3228 3100 3568 3178 ὀγδοήκοντα
3626 3102 3757 3175 ἔτη,

329 3199 496 3250 aetate
538 3193 806 3266 juvenili,
861 3194 1070 3249 deinde
1117 3191 1294 3262 virili,
1344 3191 1597 3260 denique
1643 3191 1834 3261 senili,
1868 3209 1975 3263 qua

2097 3190 2170 3252 ὡς
2205 3187 2406 3264 ψάλλει
2466 3187 2652 3249 Δαυῒδ.
2703 3189 2840 3247 Τότε
2886 3191 2991 3266 γὰρ
3041 3192 3070 3246 6
3102 3192 3191 3247 τὸν
3225 3192 3396 3247 αἰῶνα
3424 3197 3616 3248 τοῦτον
3651 3216 3769 3249 ποο

329 3285 490 3340 nervi
523 3283 919 3340 laborantium
969 3281 1371 3350 remittuntur,
1406 3282 1479 3342 is.
1521 3282 1786 3353 inquam,
1837 3280 1975 3336 vivet

2093 3281 2282 3349 νήσας,
2335 3277 2500 3352 ἤγουν
2559 3280 2658 3348 τήν
2715 3281 2834 3334 κατ’
2889 3279 3047 3335 αὐτὸν
3103 3279 3242 3352 ὅλην
3294 3282 3467 3351 ζωήν,
3524 3283 3766 3358 πρώτην

322 3375 384 3428 in
433 3373 609 3430 ﬁnem
641 3376 844 3446 utpote
877 3371 1001 3443 qui,
1036 3388 1163 3443 quae
1215 3387 1347 3426 cum
1397 3369 1596 3425 labore
1644 3370 1980 3442 acquisivit,

2093 3369 2192 3438 τὴν
2224 3369 2573 3440 νεωτερικήν,
2634 3370 2750 3423 εἶτα
2795 3370 2897 3438 τὴν
2944 3369 3200 3443 ἀκμαίαν,
3253 3372 3343 3425 καὶ
3394 3369 3587 3450 ἐφεξῆς
3647 3373 3759 3442 τήν

320 3462 381 3518 in
412 3463 590 3518 vitam
622 3461 895 3533 deposuit
924 3461 1201 3526 futuram,
1228 3476 1340 3515 non
1380 3459 1758 3516 formicarum
1791 3459 1975 3516 insta!

2094 3457 2560 3533 ὠμογεροντικήν,
2626 3459 2742 3530 μεθ’
2799 3459 2864 3528 ἣν
2930 3457 3279 3534 ὑποχαλᾶται
3309 3461 3378 3514 τὰ
3422 3465 3586 3535 νεῦρα
3631 3468 3761 3527 τοῖς

322 3568 449 3622 qua;
494 3552 565 3606 de
613 3567 765 3606 anno
814 3551 872 3605 in
923 3565 1142 3605 annum
1196 3549 1466 3604 laborant
1512 3553 1578 3603 ut
1624 3547 1844 3608 vivant,
1877 3550 1979 3605 sed

320 3641 816 3712 quemadmodum
860 3640 1024 3695 decet
1070 3639 1369 3695 hominem
1417 3637 1642 3693 domini
1682 3638 1770 3693 vel
1819 3639 1980 3709 regis,

322 3745 484 3785 more
515 3728 829 3795 viventem,
865 3733 921 3783 et
951 3728 1050 3800 qui
1082 3727 1154 3782 ab
1187 3727 1316 3800 ipso
1368 3731 1480 3783 Deo
1507 3726 1565 3782 in
1599 3726 1707 3783 hoc
1758 3728 1977 3784 consti-

318 3823 485 3875 tutus
515 3822 604 3874 est
633 3817 891 3890 fastigio.

385 3997 440 4051 6.
475 3997 615 4052 Cum
642 3999 832 4050 autem
857 3994 1155 4066 loquimur
1186 3995 1257 4049 de
1281 3993 1597 4050 virtutibus
1621 3995 1839 4067 quibus
1873 3998 1972 4068 qui

318 4086 379 4139 in
434 4083 716 4140 szeculum
764 4083 1012 4150 laborat,
1073 4084 1132 4138 in
1180 4083 1354 4138 ﬁnem
1414 4084 1585 4144 vivet.
1638 4085 1970 4141 necessario

319 4174 607 4229 addemus
657 4173 1099 4228 beneﬁcentiam
1151 4177 1207 4227 et
1236 4189 1431 4228 veram
1483 4173 1827 4228 amicitiam.
1862 4173 1970 4239 Qui

317 4262 474 4318 enim
508 4278 643 4317 cum
694 4260 789 4316 Dei
823 4277 1020 4316 amore
1068 4265 1124 4316 et
1173 4265 1457 4334 perpetuo
1510 4262 1752 4326 laborat,
1784 4266 1842 4317 et
1889 4264 1971 4319 ita

317 4352 534 4424 dignus
567 4351 632 4406 ﬁt
661 4350 961 4406 beneficiis
993 4350 1089 4406 Dei
1123 4351 1222 4421 qui
1255 4351 1415 4405 omni
1449 4351 1608 4405 carni
1643 4351 1970 4407 nutrimen-

307 4446 435 4496 tum
468 4441 884 4513 suppeditat,is
913 4455 1072 4510 sane,
1094 4439 1386 4510 siquidem
1415 4455 1519 4510 pro
1549 4439 1772 4494 viribus
1803 4456 1964 4495 com-

2090 3545 2376 3620 κάμνουσι,
2415 3548 2632 3616 ζήσεται
2665 3543 2755 3601 διὰ
2781 3544 2999 3618 τελους,
3032 3550 3116 3610 οἷς
3161 3550 3560 3620 προεπόνησεν,
3611 3551 3758 3606 ἀπο-

2092 3635 2319 3708 θέμενος
2345 3635 2398 3697 ἐς
2433 3636 2553 3708 βίον
2586 3634 2743 3703 αὐτὰ,
2778 3635 2840 3689 οὗ
2885 3637 3022 3690 κατὰ
3073 3635 3386 3710 μύρμηκας,
3447 3636 3607 3715 οἵπερ
3665 3640 3760 3694 ἀεὶ

2090 3723 2142 3795 ἐξ
2171 3720 2324 3789 ἔτους
2353 3724 2427 3786 εἷς
2461 3719 2580 3786 ἔτος
2629 3729 2940 3790 πονοῦνται,
2988 3724 3080 3780 καί
3121 3725 3263 3781 οὕτω
3297 3731 3482 3798 ζῶσιν,
3514 3727 3644 3784 ἀλλ’
3673 3730 3760 3793 ὡς

2089 3814 2362 3888 ἀνθρώπῳ
2395 3813 2677 3888 ἐπιπρέπει
2715 3815 2925 3890 βιοῦντι
2957 3812 3312 3885 δεσποτικῶς,
3369 3815 3465 3871 εἴτ’
3519 3816 3613 3872 οῦν
3650 3819 3760 3895 βα-

2087 3901 2339 3968 σιλικῶς,
2372 3903 2448 3964 ὡς
2478 3902 2567 3958 καὶ
2598 3901 2904 3958 πέπλασται
2936 3904 3071 3980 πρὸς
3097 3909 3194 3960 τοῦ
3234 3909 3394 3962 Θεοῦ.

2158 3993 2222 4056 ς’.
2273 3994 2652 4048 Συνεισακτέον
2713 3990 2771 4048 δὶ
2824 3998 2941 4055 τοῖς
2995 3991 3246 4068 τρόποις,
3307 3991 3377 4048 δι’
3439 3996 3511 4049 ὧν
3576 3997 3606 4050 6
3666 3996 3754 4060 εἷς

2083 4080 2176 4136 τὸν
2209 4079 2379 4135 αἰῶνα
2431 4079 2698 4145 κοπιάσας
2745 4083 2964 4151 ζήσεται
3014 4081 3116 4152 είς,
3144 4081 3326 4150 τέλος,
3384 4083 3474 4138 καὶ
3524 4084 3653 4149 τοὺς
3694 4084 3756 4156 ἐξ

2085 4169 2391 4245 εὐεργεσίας
2421 4169 2666 4232 καὶτοὺς
2697 4170 2874 4245 ὀρθῶς
2924 4167 3200 4245 φιλικούς.
3259 4172 3323 4228 Ὁ
3368 4173 3472 4250 γὰρ
3529 4179 3750 4229 κοπιῶν

2082 4257 2352 4336 θεοφιλῶς
2383 4258 2496 4330 ἅμα
2541 4259 2633 4313 καὶ
2692 4255 2979 4329 διηνεκῶς,
3033 4259 3122 4313 καὶ
3172 4261 3540 4336 ποριζόμενος
3597 4261 3747 4318 οὕτω

2075 4345 2142 4400 τὰ
2170 4345 2229 4401 ἐκ
2255 4351 2352 4402 τοῦ
2403 4344 2558 4416 Θεοῦ,
2621 4347 2680 4409 ’ὃς
2738 4344 2929 4401 δίδωσι
2980 4349 3188 4423 τροφὴν
3235 4350 3380 4424 πάσῃ
3425 4350 3610 4424 σαρκὶ,
3659 4353 3750 4406 ναὶ

2078 4431 2134 4488 δὶ
2165 4435 2254 4489 καὶ
2286 4437 2314 4489 6
2352 4433 2670 4509 μεταδιδοὺς
2701 4440 2807 4490 τῶν
2839 4435 2916 4498 είς
2946 4437 3132 4512 χρείαν
3165 4443 3282 4500 τοῖς
3334 4438 3501 4494 αὐτοῦ
3547 4437 3747 4515 δεομέο

309 4531 575 4586 municat
603 4529 1028 4601 indigentibus,
1061 4532 1117 4583 et
1148 4528 1355 4582 amicis
1397 4528 1728 4584 necessaria
1762 4529 1963 4598 donat,

2091 4544 2210 4594 νοις,
2243 4523 2319 4586 ὡς
2374 4521 2623 4597 δύναμις,
2683 4528 2943 4599 χορηγῶν
2996 4521 3053 4580 δὲ
3103 4525 3195 4581 καὶ
3254 4526 3438 4604 φίλοις
3473 4529 3542 4582 τὰ
3567 4533 3737 4600 καθή-

308 4619 564 4675 inveniet
595 4618 756 4674 illinc
787 4618 1004 4687 quibus
1036 4617 1092 4671 in
1124 4621 1420 4672 senectute
1437 4618 1617 4672 vitam
1651 4621 1962 4685 sustentet,

308 4707 587 4779 quoniam
620 4707 702 4762 illi
737 4707 847 4778 ipsi
872 4723 1120 4778 quorum
1157 4705 1609 4761 necessitatibus
1644 4706 1806 4777 prius
1838 4724 1966 4762 suc-

309 4797 512 4864 currit,
535 4795 647 4868 ipsi
682 4795 1015 4850 necessaria
1047 4795 1375 4849 retribuent
1405 4798 1482 4859 et,
1515 4799 1805 4866 quantum
1838 4796 1963 4851 ﬁeri

309 4887 520 4956 potest,
569 4884 760 4940 ofﬁcio
815 4901 921 4938 suo
964 4899 1101 4956 erga
1157 4899 1288 4937 eum
1355 4883 1698 4955 fungentur,
1751 4883 1965 4939 hones-

307 4977 521 5045 tosque
577 4989 635 5028 se
692 4972 1048 5028 exhibebunt
1105 4976 1162 5027 et
1217 4972 1466 5043 gratiam
1527 4973 1960 5030 referentJam

309 5077 444 5117 vero
475 5061 525 5117 si
576 5062 720 5117 forte
753 5062 887 5116 boni
940 5060 1223 5116 memoria
1249 5077 1313 5115 ex
1346 5060 1584 5116 Illorum
1636 5067 1831 5118 mente
1871 5063 1958 5118 di-

310 5151 476 5224 lapsa
508 5151 859 5218 fuerit,l)eus
889 5153 1085 5205 tamen
1117 5149 1212 5222 qui
1246 5150 1478 5204 abunde
1509 5149 1826 5217 distribuit,
1859 5151 1958 5223 qui

310 5240 580 5296 amicitia:
612 5239 832 5295 arbiter
877 5244 930 5293 et
961 5239 1374 5294 beneﬁciorum
1424 5241 1754 5294 nostrorum
1785 5241 1954 5295 retri-

310 5329 482 5385 butor
512 5328 760 5394 exsistit,
793 5345 905 5383 non
961 5328 1257 5400 permittet
1289 5330 1353 5382 ut
1381 5325 1478 5382 ille
1510 5343 1624 5381 non
1669 5327 1727 5382 in
1781 5328 1956 5383 finem

305 5419 477 5488 vivat,
511 5419 598 5475 uti
633 5417 919 5491 Propheta
949 5417 1050 5484 ait,
1079 5417 1180 5473 sed
1214 5415 1689 5473 remunerabitur
1718 5421 1777 5473 et
1807 5433 1959 5490 prae-

383 5633 403 5666 ι
435 5629 586 5686 Pssl.
615 5647 810 5703 xnvm,
839 5633 894 5686 9.

2075 4633 2258 4682 κοντα,
2293 4613 2507 4688 εὑρήσει
2551 4613 2831 4668 κάντεῦθεν
2891 4612 2943 4668 ἐν
2990 4619 3071 4687 τῷ
3110 4617 3258 4690 γήρᾳ
3304 4618 3578 4692 χορηγίαν
3641 4623 3737 4675 τοῦ

2079 4706 2196 4775 ζῇν,
2240 4701 2414 4757 αὐτῶν
2464 4701 2703 4774 ἐκείνων,
2758 4703 2840 4763 οἷς
2889 4702 2954 4756 τὸ
3003 4700 3120 4758 δέον
3171 4703 3456 4780 ἐχορήγει,
3499 4706 3736 4763 ἀνταπο-

2079 4787 2433 4846 διδόντωντᾶ
2463 4789 2671 4860 δέοντα,
2723 4791 2812 4846 καῖ
2862 4790 3324 4868 ἀναπληρούντων
3377 4791 3734 4872 εὖδιακρίτως

2071 4880 2133 4935 τὸ
2165 4879 2282 4935 δέον
2320 4879 2373 4935 ἂν
2424 4879 2592 4953 αὐτῷ,
2653 4879 2705 4935 εἷ’
2731 4901 2793 4957 γε
2841 4881 2930 4935 καὶ
2984 4879 3255 4952 δύναιντο,
3307 4881 3397 4938 καὶ
3449 4883 3731 4960 εὔγνωμο-

2071 4967 2236 5040 σόνην
2288 4967 2631 5048 φυλάττοιεν,
2684 4969 2758 5032 ὡς
2798 4971 2889 5024 καὶ
2938 4965 3128 5048 ὄφλειν
3170 4972 3422 5047 χάριτας.
3460 4973 3525 5029 El
3558 4971 3732 5029 δὲκαὶ

2070 5055 2204 5120 ἴσως
2264 5060 2313 5132 εξ
2365 5057 2578 5113 ἐκείνων
2623 5061 2658 5129 ἡ
2708 5063 2805 5114 τοῦ
2848 5063 3022 5114 καλοῦ
3078 5061 3271 5133 μνήμη
3304 5060 3723 5134 ἀποπετασθείη,

2071 5145 2216 5202 ἀλλὰ
2244 5151 2340 5202 τοῦ
2370 5145 2525 5219 Θεοῦ,
2566 5153 2664 5203 τοῦ
2718 5144 3113 5222 δανειζομένου,
3173 5150 3241 5204 τὰ
3277 5154 3394 5204 κατ’
3443 5151 3726 5226 εὐπορίαν,

2067 5237 2127 5300 ὃς
2150 5236 2371 5306 καὶτῆς
2432 5235 2620 5312 φιλίας
2677 5238 2878 5311 ταμίας
2936 5237 3024 5291 καὶ
3083 5236 3458 5309 ἀνταποδότης
3516 5245 3622 5295 τῶν
3667 5240 3719 5295 ἐν

2068 5328 2205 5399 ἡμῖν
2241 5326 2612 5402 ἆγαθουργιῶν
2644 5327 2903 5402 πέφηνεν,
2966 5325 3060 5381 οὖν
3124 5327 3372 5401 ἀφιέντος
3421 5328 3578 5384 αὖτὸν
3640 5329 3716 5400 μὴ

2069 5419 2164 5489 ζῇν
2223 5415 2298 5478 εἷς
2353 5414 2550 5488 τέλος,
2604 5417 2678 5478 ὡς
2725 5417 2753 5471 6
2797 5417 3091 5493 Προφήτης
3149 5419 3518 5496 ἀπεφθέγξατο
3570 5416 3713 5473 ἀλλὰ
