4028 6202
272 379 366 440 525

1580 367 1661 429 ΙΝ
1704 368 1927 430 PSAL.
1973 371 2236 434 XLVIII.

3498 386 3614 445 69.6

268 507 338 563 καί
381 499 713 570 ἀποδιδόντος,
761 499 852 556 καὶ
898 501 979 574 τῷ
1038 499 1320 578 κεφαλαίῳ
1375 494 1839 575 προσεπιϐάλλον-

1962 507 2051 560 ter
2103 521 2397 562 summam
2452 505 2836 579 principalem
2896 507 3076 562 etiam
3135 508 3332 566 fenora
3387 513 3613 571 reddet.

265 619 354 664 τος,
381 593 488 648 ὡσεὶ
524 590 606 646 καὶ
657 591 814 646 τόκον
866 589 1193 647 ἀπετίννυεν.
1242 590 1466 652 Ἀνύσας
1516 592 1625 668 γᾶφ
1681 591 1708 645 6
1767 612 1852 667 φι-

265 685 420 760 λεργὸς
466 680 526 736 δι’
553 679 679 736 ὅλου
723 685 820 735 τοῦ
850 681 985 735 κατὰ
1037 681 1139 749 τὴν
1193 678 1480 754 ἐπίκηρον,
1531 680 1620 734 καὶ
1680 679 1852 742 οὕτως

263 775 415 843 εἰπεῖν,
445 771 702 844 ἐπίκαιρον
756 769 845 824 καὶ
895 770 1168 848 ἐφήμερον
1227 771 1390 824 αὐτοῦ
1437 771 1580 839 ζωὴν
1636 770 1849 842 αἱῶνος,

259 864 362 936 ὅπερ
389 858 596 938 ὤφειλεν
625 860 703 932 τῷ
751 861 838 914 καὶ
890 857 1264 933 παμπλουσίῳ
1316 858 1406 913 καὶ
1467 857 1848 932 ἀψευδεστάτῳ

257 951 445 1024 δεσπότῃ
472 954 596 1021 Θεῷ,
627 949 718 1004 καὶ
773 949 872 1017 τὴν
925 947 1152 1024 ἕγκοπον
1212 950 1648 1025 πληροφορήσας
1695 946 1850 1022 ἐργα-

252 1042 364 1097 τείαν
411 1038 578 1105 αὖτοῦ,
640 1036 692 1092 ἐν
746 1042 827 1110 τῷ
903 1036 1050 1093 τέλει
1120 1036 1478 1091 ἀναπαύσεται
1516 1056 1527 1067 °
1581 1038 1670 1091 καὶ
1751 1036 1851 1090 οὐκ

251 1125 532 1200 ἀποϐήσεται
562 1129 589 1182 ὁ
619 1127 828 1202 καίριος
878 1128 1048 1189 κόπος
1106 1126 1252 1194 αὖτῷ
1303 1125 1380 1188 εἷς
1434 1148 1486 1181 τι
1541 1128 1726 1198 κακὸν,
1762 1128 1851 1181 οἷα

248 1218 578 1294 σνγκοπτικὸς,
609 1215 757 1272 ἀλλὰ
791 1218 1007 1286 ζήσεται
1055 1214 1187 1291 δίχα
1233 1213 1492 1286 δηλονότι
1541 1216 1738 1284 κόπου,
1771 1216 1846 1278 ὡς

244 1312 319 1363 τοῦ
343 1311 516 1377 κοπιᾷν
550 1308 626 1378 μὴ
660 1305 1046 1378 ἐνταττομίνου
1077 1304 1157 1370 εἷς
1184 1306 1450 1382 ἀκραιφνῆ
1504 1305 1672 1375 ζωὴν,
1701 1303 1847 1360 ἀλλά

245 1397 397 1472 ὑγείας
424 1394 767 1470 ἰγκοπτικήν.

298 1484 520 1555 ζ’.()ῧτω
577 1482 636 1540 δὲ
688 1485 789 1554 τὴν
844 1481 1216 1557 ἐκτεθειμένην
1267 1479 1640 1557 ψαλμῳδικῶς
1692 1482 1847 1559 ῥῆσιν

238 1576 439 1633 ἐπελθὼν
469 1577 869 1651 ταπεινότερον,
899 1575 1072 1640 ὲθέλω
1110 1575 1199 1630 καί
1249 1572 1436 1638 ἄλλως
1485 1574 1649 1642 αὐτὴν
1702 1572 1844 1648 ἐξερ-

234 1668 456 1742 γάσασθαι
507 1662 869 1740 ὑψηλότερον.
930 1670 1088 1740 Ἔχει
1168 1663 1261 1737 μὲν
1337 1663 1437 1739 γὰρ
1491 1659 1619 1718 οὐδὲ
1673 1661 1845 1717 ἐκεῖνο

233 1755 422 1833 φαύλως
463 1757 524 1811 τὸ
572 1752 919 1832 προρρηθὲν·
955 1754 1052 1809 οὐκ
1101 1753 1159 1808 ἂν
1211 1751 1288 1821 δὲ,
1338 1751 1501 1808 αὐτοῦ
1549 1750 1844 1827 ἐγκοσμίου

231 1843 376 1913 ὄντος,
407 1843 715 1918 λελείψοιτο
765 1843 842 1906 εἰς
890 1841 1136 1916 ἐνάρετον
1195 1837 1400 1896 ἔννοιαν
1452 1837 1577 1895 οὐδὲ
1632 1840 1694 1895 τὸ
1725 1837 1843 1895 δεύ-

226 1958 374 2011 τερον,
435 1941 511 2008 τῷ
587 1935 760 1991 ἐκεῖσε
833 1935 1023 2008 κόσμῳ
1107 1933 1508 2011 ἀφωρισμένον,
1566 1930 1656 1986 καὶ
1739 1937 1840 2001 τῆς

228 2025 421 2080 αἷωνὶου
475 2031 622 2095 ζωῆς
677 2023 961 2100 ἐχόμενον.
1013 2046 1041 2073 α
1098 2023 1196 2077 Καὶ
1253 2020 1525 2089 ἐκοπίασε,
1567 2044 1596 2072 ››
1656 2023 1838 2099 φησὶν,

225 2139 247 2167 ι(
274 2113 340 2176 εἰς
392 2114 478 2169 τὸν
536 2113 732 2181 αἰῶνα,
763 2112 852 2167 καὶ
886 2113 1101 2182 ζήσεται
1148 2111 1226 2173 εἰς
1271 2109 1454 2172 τελος.
1489 2134 1516 2162 υ
1552 2110 1647 2165 Καὶ
1706 2108 1842 2173 τὲως

223 2201 562 2277 προληπτὲον,
597 2202 683 2258 ὅτι
714 2200 886 2258 αἰῶνα
919 2198 1196 2274 μέλλομεν
1225 2197 1344 2274 ἄρτι
1377 2202 1569 2265 νοῆσαι
1628 2197 1690 2254 οὐ
1746 2199 1835 2252 τὸν

219 2293 324 2367 παρ’
349 2295 477 2365 ἡμῖν
506 2297 626 2354 τοῖς
655 2292 792 2346 κατὰ
845 2295 1004 2363 σῶμα
1063 2294 1301 2360 θνητοῖς,
1332 2288 1424 2342 τὸν
1482 2292 1583 2353 τῆς
1641 2288 1838 2361 ἡμετέ-

218 2402 294 2456 ρας
349 2388 510 2453 ζωῆς,
559 2383 657 2438 τὸν
710 2381 925 2443 ἀπόνως
989 2379 1398 2455 μετρητὸν,τὸν
1461 2376 1659 2455 ῥᾳδίως
1718 2379 1838 2454 ἀρι-

216 2471 417 2542 θμητὸν,
447 2472 538 2526 τὸν
569 2472 662 2526 καὶ
696 2470 945 2545 ἀόριστον
969 2469 1058 2524 καὶ
1087 2468 1490 2542 τελειούμενον,
1521 2469 1614 2522 τὸν
1665 2468 1837 2542 πρόσ-

213 2580 394 2635 καιρον,
451 2560 495 2615 εἰ
583 2560 674 2616 καὶ
750 2557 1070 2636 χιλιοστύος
1139 2557 1296 2634 ἐγγὺς
1352 2560 1834 2634 παρεκταθήσεταιο

213 2645 336 2703 ἀλλὰ
385 2650 472 2704 τὸν
524 2648 770 2724 ὕστερον,
802 2648 893 2703 τὸν
948 2643 1118 2708 ὅντως
1175 2645 1417 2720 ἄπειρον,
1448 2646 1538 2700 τὸν
1598 2645 1839 2721 ἀμέτρη-

209 2757 306 2806 τον,
357 2740 444 2793 τὸν
504 2735 677 2812 μηδὲν
735 2736 870 2813 πρὸς
926 2739 1071 2809 ἡμᾶς
1121 2733 1254 2796 τοὺς
1312 2731 1418 2788 ὧδε
1481 2729 1834 2809 βραχυϐίους,

212 2827 519 2902 ἀνθρώπους,
551 2828 648 2882 τὸν
696 2828 772 2900 μὴ
821 2830 901 2898 τῷ
949 2825 1142 2897 κόσμῳ
1192 2823 1526 2898 σύμμετρον,
1581 2823 1732 2896 μόνῳ
1781 2821 1838 2879 δὲ

206 2919 272 2986 τῷ
307 2922 416 2988 Θεῷ
462 2915 899 2993 ἁρμοττόμενον,
939 2913 1028 2968 καὶ
1074 2917 1144 2986 τῇ
1202 2913 1315 2967 κατ’
1360 2911 1562 2966 ἐκεῖνον
1619 2912 1838 2987 ἀπειρίᾳ

208 3005 804 3079 συμπαρεκτεινόμενον,
853 3004 943 3058 τὸν
1004 3001 1298 3074 μέλλοντα,
1346 3001 1436 3056 τὸν
1495 2996 1711 3076 ὄγδοον,
1742 3001 1833 3056 τὸν

205 3093 590 3150 ἀκατάπαυστον
653 3095 740 3148 καὶ
801 3089 1178 3162 ἀτελεύτητον,
1219 3091 1308 3145 καὶ
1369 3088 1440 3144 δι’
1494 3089 1622 3144 αὐτὸ
1677 3088 1836 3152 τέλος

205 3182 602 3256 ὠνομασμένον,
657 3179 1104 3257 ἐνδελεχέστατον
1162 3179 1292 3235 αὐτὸ
1344 3181 1584 3248 πάντως,
1631 3181 1718 3234 καὶ
1773 3179 1834 3234 οὗ

1964 593 2147 649 Homo
2178 594 2331 649 enim
2366 595 2466 667 qui
2497 612 2598 666 per
2629 599 2818 650 totum
2852 595 3032 668 hujus
3064 598 3292 654 caduca
3339 600 3613 660 brevissi-

1963 699 2188 754 meque
2216 683 2342 738 vita
2392 687 2623 756 tempus
2656 702 2782 756 quae
2821 686 2930 740 Deo
2982 685 3275 744 ditissima
3307 692 3615 749 veracissi-

1964 788 2175 843 moque
2207 773 2457 828 debebat
2489 774 2708 844 peregit
2737 779 2812 845 et,
2847 777 3117 846 quamvis
3148 777 3448 850 fatigatus,
3471 781 3612 837 acti-

1961 860 2156 916 vitatis
2188 860 2490 916 laboriosae
2522 863 2823 918 studiosus
2848 865 3040 933 fuit,in
3066 866 3242 922 finem
3264 870 3612 941 requiescet,

1961 966 2150 1020 neque
2181 948 2348 1005 labor
2378 950 2558 1022 hujus
2588 951 2722 1006 vitae
2752 951 2809 1006 in
2864 952 3085 1010 malum
3118 956 3169 1011 ei
3197 959 3385 1029 cedet,
3418 963 3483 1014 ut
3514 961 3612 1031 qui

1956 1037 2138 1094 vitam
2172 1038 2584 1111 interrumpat,
2609 1042 2709 1096 sed
2744 1041 2892 1097 vivet
2922 1043 3199 1100 nimirum
3234 1045 3360 1102 sine
3389 1046 3610 1118 labore,

1959 1127 2256 1200 siquidem
2312 1128 2479 1184 labor
2508 1134 2564 1185 et
2593 1147 2868 1185 aerumnae
2917 1149 3044 1203 quae
3076 1134 3308 1192 sanitati
3342 1137 3614 1196 ofﬁciunt

1960 1217 2029 1271 ad
2063 1234 2271 1288 puram
2303 1217 2481 1274 vitam
2513 1237 2626 1274 non
2658 1219 3110 1278 transferuntur.

2025 1484 2080 1538 7.
2116 1484 2433 1556 Postquam
2484 1490 2678 1542 autem
2713 1486 2870 1543 hunc
2922 1487 3138 1544 Asalmi
3188 1489 3380 1547 locum
3432 1508 3610 1552 sensu

1956 1571 2257 1627 humiliori
2279 1574 2686 1646 exposui,jam
2721 1575 2912 1632 altiori
2945 1595 3178 1650 quoque
3205 1582 3478 1638 eumdem
3511 1600 3612 1640 ex-

1958 1659 2172 1731 plicare
2205 1659 2385 1718 lubet.
2415 1663 2494 1718 Ac
2526 1665 2673 1720 bene
2704 1665 2942 1736 quidem
2975 1666 3194 1724 habent
3223 1685 3350 1740 quae
3392 1671 3611 1730 hucus-

1959 1765 2070 1821 que
2103 1749 2514 1820 disseruimus,
2535 1754 2805 1824 quamvis
2826 1753 2977 1811 hanc
3002 1760 3214 1813 terram
3244 1760 3563 1832 respiciant
3594 1780 3608 1820 :

1957 1841 2060 1896 sed
2105 1857 2231 1913 qua:
2267 1842 2416 1912 jam,
2471 1849 2672 1916 utpote
2725 1850 3002 1903 aeternam
3052 1848 3233 1905 vitam
3285 1854 3613 1923 spectantia

1905 1930 2008 1984 fet
2067 1930 2216 1987 hanc
2276 1935 2494 1988 terram
2554 1933 2971 2006 despicientia,
3029 1937 3318 2009 prolaturi
3378 1958 3608 2015 sumus,

1949 2019 2128 2090 priori
2177 2020 2262 2076 illi
2296 2022 2496 2077 sensui
2551 2023 2965 2097 hauquaquam
3018 2027 3242 2084 cedent.
3278 2052 3306 2078 «
3341 2029 3593 2088 Labora-

1947 2109 2048 2179 vit,
2082 2109 2293 2182 inquit,
2336 2111 2395 2166 in
2427 2112 2731 2181 saeculum,
2773 2118 2829 2170 et
2857 2115 3010 2171 vivet
3038 2115 3098 2171 in
3150 2115 3349 2174 ﬁnem.
3384 2142 3412 2170 ››
3449 2121 3592 2176 Prs-

1947 2199 2308 2254 monendum
2340 2203 2530 2257 autem
2564 2201 2795 2258 videtur
2823 2219 2928 2259 nos
2947 2205 3073 2274 jam
3106 2222 3220 2262 non
3252 2211 3597 2280 accepturos

1947 2302 2077 2344 esse
2108 2288 2390 2345 saeculum
2423 2293 2705 2362 tanquam
2737 2297 2972 2364 tempus
3005 2293 3174 2351 nobis
3207 2296 3438 2352 mortali
3471 2315 3594 2354 cor-

1946 2393 2083 2448 pore
2114 2378 2339 2434 indutis
2367 2380 2438 2434 ad
2499 2379 2810 2437 vivendum
2843 2398 3210 2454 concessum,
3243 2385 3370 2442 sine
3400 2387 3597 2445 labore

1946 2469 2566 2540 commensurandum,
2600 2469 2727 2527 sine
2753 2471 2986 2542 negotio
3032 2476 3480 2548 numerandum,
3512 2478 3598 2532 in-

1945 2559 2168 2610 certum
2199 2561 2257 2611 et
2304 2556 2520 2613 ﬁnibus
2564 2557 3101 2632 circumscriptum,
3154 2562 3592 2635 brevissimum,

1947 2645 2216 2714 quamvis
2248 2645 2319 2700 ad
2374 2645 2534 2702 mille
2564 2664 2752 2703 annos
2783 2656 3052 2705 excurrat
3084 2667 3097 2705 :
3132 2652 3230 2708 sed
3276 2654 3592 2725 posterius,

1947 2749 2145 2788 revera
2184 2733 2506 2806 inﬁnitum,
2538 2735 3156 2807 incummensurabile,
3192 2759 3377 2814 neque
3425 2743 3595 2800 nobis

1945 2821 2290 2879 brevissimo
2321 2823 2450 2879 vita:
2483 2825 2672 2897 spatio
2705 2825 3134 2897 circumclusis,
3154 2845 3342 2901 neque
3374 2832 3593 2888 mundo

1944 2911 2336 2984 adaequatum,
2368 2915 2470 2970 sed
2511 2915 2634 2970 solo
2667 2919 2781 2970 Deo
2835 2916 3177 2988 adaptatum
3210 2924 3266 2974 et
3299 2921 3426 2990 ejus
3457 2919 3590 2976 inﬁ-

1945 2999 2115 3056 nitati
2144 3017 2494 3075 congruum,
2529 3004 2814 3073 futurum,
2848 3010 3138 3079 octavum,
3161 3007 3508 3066 incessabile
3537 3015 3594 3068 et

1943 3090 2399 3163 interminabile,
2431 3098 2489 3149 et
2521 3099 2826 3166 propterea
2858 3115 2886 3146 ς(
2917 3096 3053 3152 ﬁnis
3086 3117 3110 3147 ι)
3146 3097 3592 3170 appellatum,in

1945 3185 2226 3237 aeternum
2253 3181 2627 3248 duraturum,
2662 3182 2815 3258 ultra
2844 3188 2901 3240 et
2930 3188 3064 3256 post
3106 3188 3262 3257 quod
3295 3205 3411 3244 non
3441 3188 3595 3246 alius

201 3253 422 3328 ἐπέκεινα
477 3253 590 3328 καὶν
635 3253 998 3344 μεθ”ὀτελος
1049 3270 1152 3324 οὐκ
1201 3263 1341 3323 ἔστιν
1397 3266 1560 3342 ἄλλο,
1604 3266 1697 3323 ’ίνα
1751 3289 1835 3332 τις

1954 3270 2054 3325 erit
2100 3270 2254 3337 ﬁnis,
2288 3255 2789 3341 quemadmodum
2843 3290 2948 3328 nec
2981 3291 3228 3346 regnum
3279 3275 3381 3334 Dei
3416 3277 3593 3334 finem

200 3359 337 3436 λέγῃ,
369 3360 510 3435 μηδὲ
566 3362 657 3417 καὶ
708 3358 867 3422 τέλος
921 3361 1079 3427 εἶναι,
1115 3358 1188 3422 ὡς
1221 3355 1350 3413 οὐδὲ
1391 3365 1492 3428 τῆς
1555 3354 1831 3433 βασιλείας

198 3455 279 3505 τοῦ
305 3456 452 3509 Θεοῦ.

254 3547 318 3610 η’.
356 3540 579 3596 Τούτων
642 3537 708 3608 δὴ
762 3537 907 3594 οὕτω
963 3535 1450 3612 προειλημμένων,
1508 3530 1832 3605 ἐπιϐλητὲον

195 3632 251 3701 τῇ
279 3628 620 3703 ἰκτεθειμένῃ
660 3631 916 3701 Δαυϊτικῇ
954 3631 1209 3702 προφορᾷ
1255 3625 1342 3680 καὶ
1393 3624 1582 3687 οὕτως.
1619 3648 1647 3676 ι(
1676 3625 1829 3682 Ἑκο-

194 3718 353 3787 πίασε,
389 3744 417 3771 »
450 3718 644 3795 φησὶν,
678 3716 806 3794 οὐχὶ
849 3719 877 3772 6
919 3713 1130 3783 ἁπλῶς,
1164 3713 1309 3770 ἀλλὰ
1356 3715 1384 3769 ὁ
1433 3713 1676 3788 ἐνάρετος
1735 3711 1831 3768 ἄν-

197 3808 419 3882 θρωπος,
451 3811 542 3864 οἷα
575 3808 665 3863 καὶ
697 3802 773 3868 εἵς
814 3827 933 3861 τινα
977 3799 1433 3880 προϐεϐλημένον
1479 3804 1703 3874 σκοπὸν,
1738 3803 1830 3858 τὸν

194 3896 350 3952 αἰῶνα
405 3897 615 3953 ἐκεῖνον
681 3896 772 3951 τὸν
833 3892 1076 3970 ἄπειρον,
1135 3893 1197 3948 οὐ
1256 3893 1391 3968 πρὸς
1462 3892 1551 3947 τὸν
1613 3891 1833 3947 ἐνταῦθα

195 3982 393 4057 δηλαδὴ
425 3988 521 4043 τὸν
554 3986 962 4058 πεπερασμένον
1005 3977 1358 4051 ἀποϐλέπων,
1392 3982 1480 4036 καὶ
1538 3980 1681 4035 οὕτω
1737 4002 1831 4036 κο-

189 4080 316 4129 πιῶν
374 4073 466 4130 διὰ
529 4075 702 4147 μόνην
761 4074 858 4142 τήν
919 4071 1064 4128 κάτω
1128 4072 1292 4142 ζωὴν,
1329 4071 1419 4125 καὶ
1477 4070 1545 4125 τὰ
1597 4070 1832 4134 ἐντεῦθεν

191 4167 397 4240 κοπηρὰ
420 4163 591 4233 καλὰ,
623 4166 758 4238 πρὸς
789 4162 990 4218 ἐκεῖνον
1043 4159 1100 4216 δί
1156 4161 1245 4216 καὶ
1312 4160 1478 4233 μόνον
1535 4160 1626 4216 τὸν
1685 4159 1832 4214 ὕστε-

192 4274 292 4327 ρον,
322 4255 410 4310 καὶ
470 4255 613 4329 πρὸς
675 4252 811 4326 μόνα
867 4252 934 4307 τὰ
988 4249 1099 4307 ἐκεῖ
1155 4249 1467 4306 ἀπευθύνων
1501 4250 1688 4304 ἑαυτὸν
1744 4250 1836 4303 καὶ

188 4344 543 4416 τυπούμενος.
598 4344 722 4404 Πῶς
771 4339 830 4396 δὲ
875 4345 1034 4395 τοῦτο
1067 4344 1346 4416 κατορθῶν
1377 4361 1391 4409 ;
1425 4337 1476 4393 ἐν
1535 4343 1615 4410 τῷ
1664 4357 1836 4413 παρα-

193 4440 394 4507 μετρεῖν
486 4433 662 4489 αἰῶνα
741 4431 918 4486 στενὸν
999 4434 1190 4484 τοῦτον
1272 4427 1432 4483 αἰῶνι
1514 4425 1840 4500 πλατυτάτῳ

191 4520 394 4594 ἐκείνῳ,
429 4522 525 4577 καὶ
592 4521 736 4590 ζωὴν
794 4519 1069 4593 καιρικήν,
1113 4518 1211 4586 τὴν
1269 4516 1320 4572 ἐν
1369 4521 1486 4578 τοῖς
1545 4514 1672 4589 ὧδε,
1725 4519 1838 4591 ζωῇ

1941 3359 2285 3415 habiturum
2317 3375 2444 3416 esse
2467 3361 2604 3432 jure
2634 3361 2768 3433 quis
2800 3362 3030 3420 dixerit.

2011 3541 2064 3594 8.
2096 3537 2198 3594 His
2247 3538 2607 3612 praemonitis
2655 3540 2728 3595 ad
2759 3539 3066 3597 laudatum
3113 3541 3348 3600 Davidis
3397 3543 3592 3603 locum

1942 3627 2373 3699 aggrediamur.
2411 3650 2437 3677 u
2470 3626 2788 3695 Laboravit,
2826 3648 2850 3680 ν
2901 3629 3111 3701 inquit,
3147 3647 3260 3687 non
3310 3632 3594 3706 simplici-

1940 3720 2046 3782 ter,
2078 3717 2179 3772 sed
2212 3715 2386 3772 homo
2417 3715 2649 3772 virtutis
2692 3717 3017 3784 studiosus,
3054 3720 3376 3791 respiciens
3413 3723 3586 3779 nimi-

1942 3823 2072 3861 rum
2106 3805 2178 3861 ad
2223 3821 2468 3877 scopum
2515 3805 2908 3878 propositum,
2943 3807 3221 3863 saeculum
3271 3808 3413 3866 illud
3465 3811 3590 3866 inli-

1944 3894 2155 3960 nitum,
2190 3910 2304 3949 non
2338 3895 2409 3949 ad
2441 3894 2621 3966 hujus
2655 3895 2780 3950 vita:
2803 3893 3092 3951 limitibus
3123 3897 3592 3967 restrictum,aut

1943 3983 2220 4039 laborans
2263 3984 2334 4039 ob
2367 3982 2518 4038 hanc
2550 3982 2738 4039 solam
2769 3983 2947 4039 vitam
2980 3990 3316 4042 terrestrem
3349 3988 3592 4060 ejusque

1945 4071 2100 4127 bona
2149 4071 2448 4143 fugienda,
2484 4071 2584 4126 sed
2636 4071 2708 4126 ad
2740 4071 2904 4126 illam
2954 4075 3366 4131 tantummodo
3415 4077 3595 4135 vitam

1943 4159 2263 4216 secundam
2312 4166 2367 4214 et
2397 4177 2524 4231 quae
2555 4176 2683 4215 eam
2716 4164 3077 4216 concernunt
3106 4178 3168 4217 se
3207 4162 3467 4236 dirigens
3508 4172 3597 4223 at-

1945 4265 2054 4318 que
2085 4265 2464 4320 componens.
2501 4249 2800 4316 Quomodo
2843 4255 3039 4306 autem
3074 4250 3182 4308 hoc
3215 4257 3602 4326 assequitur?

1946 4338 2348 4408 Comparando
2410 4336 2691 4393 nimirum
2735 4337 2844 4392 hoc
2904 4339 3185 4394 saeculum
3240 4347 3600 4401 eoarctatum

1948 4443 2081 4481 cum
2115 4426 2327 4482 seculo
2373 4425 2472 4482 illo
2506 4425 2820 4494 latissimo,
2858 4431 2915 4482 et
2945 4427 3121 4483 vitam
3155 4445 3334 4501 quam
3377 4431 3472 4488 hic
3505 4434 3603 4490 de-

1948 4516 2146 4588 gimus
2179 4517 2407 4572 brevem
2443 4532 2578 4571 cum
2629 4515 2728 4572 illa
2760 4515 2879 4571 vita
2924 4533 3228 4589 nunquam
3281 4526 3601 4589 cessatura,

187 4608 407 4684 ἀλήκτῳ
467 4614 538 4684 τῇ
595 4609 725 4676 ἐκεῖ,
767 4607 856 4662 καὶ
888 4605 1032 4661 οὕτω
1061 4605 1201 4660 κακᾶ
1246 4604 1450 4677 κόσμον
1493 4605 1837 4680 παρατιθέναι

1954 4609 2005 4660 et
2032 4606 2434 4676 componendo
2485 4605 2784 4660 mundana
2825 4621 2958 4659 cum
2993 4609 3515 4683 supramundanis,
3549 4617 3607 4670 et

189 4699 250 4753 τὰ
305 4699 671 4776 ὑπερκόσμια,
728 4696 819 4752 καὶ
868 4693 1325 4750 ἀνταλλάττεσθαι
1382 4692 1588 4748 τούτων
1641 4692 1836 4748 ἐκεῖνα.

188 4789 274 4844 Διὸ
314 4789 405 4843 καὶ
452 4791 665 4843 κοπιῶν
717 4786 790 4847 εἷς
829 4789 1076 4840 τοιοῦτον
1128 4783 1317 4852 αἶ’ῶνα,
1355 4783 1572 4852 ζήσεται
1627 4781 1701 4843 εἰς
1755 4781 1842 4836 τέ-

189 4875 276 4938 λος
307 4877 581 4948 ἄληκτον,
615 4875 783 4931 εἰπεῖν
818 4871 877 4929 δὲ
925 4877 1218 4950 προσφυῶς
1269 4871 1360 4927 καὶ
1409 4878 1682 4945 προσῆκον
1727 4875 1842 4942 [κα-

186 4965 343 5034 θῆκον
399 4967 506 5039 (1)]
556 4964 647 5019 καὶ
707 4962 950 5034 ἀληθῶς,
981 4959 1378 5029 ἰντελὲστατον,
1412 4960 1503 5014 καὶ
1557 4960 1631 5022 ὡς
1692 4957 1842 5014 εἷ’πο-

191 5075 299 5127 μεν,
356 5053 728 5111 τελειότατον.
802 5053 901 5107 Καὶ
955 5047 1170 5106 τοιόνδε
1249 5051 1344 5123 μὲν
1404 5050 1491 5104 καὶ
1553 5045 1698 5120 τόδε,
1749 5047 1838 5102 καὶ

184 5143 393 5216 γενοιτο
419 5142 610 5208 καλῶς
637 5140 784 5219 ἔχειν
814 5141 904 5196 καὶ
937 5139 1089 5196 αὐτό.

249 5240 310 5296 θ’.
345 5232 417 5290 Εἴ
449 5230 510 5287 δὲ
531 5233 595 5287 τὸ
646 5229 727 5293 δὶς
788 5230 858 5285 τὰ
912 5229 1058 5284 καλὰ
1114 5227 1516 5304 προσαυξητὲον
1569 5225 1840 5302 ἁρμοζόν-

181 5339 304 5389 τως,
337 5321 432 5374 καὶ
467 5319 544 5383 εἰς
570 5319 632 5374 τὸ
677 5317 794 5393 τρὶς
846 5312 1171 5386 ἐπιϐλητέον
1221 5316 1308 5370 καί
1357 5337 1464 5370 τινι
1514 5316 1670 5390 τρίτῃ
1727 5315 1842 5386 ἐξη-

182 5410 337 5481 γήσει
365 5412 472 5464 τοῦ
498 5411 781 5462 Δαυϊτικοῢ
815 5406 985 5481 ῥητοῦ
1015 5404 1254 5481 ἐχόμενά
1286 5425 1403 5468 πως
1459 5404 1684 5478 κειμένῃ
1741 5412 1842 5475 τῆς

183 5501 517 5572 προσεχοῦς,
539 5497 629 5551 καὶ
671 5495 864 5571 ῥητέον
913 5493 965 5550 ἐν
1024 5493 1289 5570 πρώτοις,
1317 5495 1401 5549 ὅτι
1463 5490 1840 5570 μυστηριωδε-

253 5662 332 5736 (1)
364 5637 639 5720 Scholion
669 5661 729 5720 in
761 5675 876 5718 ms.

1951 4693 2072 4748 hinc
2104 4710 2236 4749 cum
2271 4692 2385 4748 illis
2418 4693 2828 4765 permutando.
2863 4691 3007 4748 Cum
3043 4694 3220 4766 igitur
3249 4698 3320 4752 ad
3353 4697 3465 4754 tale
3495 4718 3603 4757 sai-

1952 4781 2151 4838 culum
2186 4782 2514 4854 pertingere
2546 4781 2853 4845 adnititur,
2887 4781 3037 4836 vivet
3085 4782 3145 4838 in
3179 4785 3356 4842 ﬁnem
3403 4787 3602 4846 inﬁni-

1949 4877 2100 4942 tum,
2150 4870 2259 4936 vcl,
2312 4876 2375 4926 ut
2431 4869 2624 4926 verius
2681 4871 3220 4944 congruentiusque
3274 4873 3603 4952 loquamur,

1950 4959 2444 5030 perfectissimum
2501 4964 2576 5024 et,
2620 4957 2703 5014 uti
2762 4976 2942 5031 supra
2999 4961 3272 5033 diximus,
3327 4969 3605 5027 omnibus

1951 5049 2214 5104 numeris
2245 5049 2605 5104 abso-lutum.
2641 5047 2735 5104 Sic
2767 5049 3031 5105 secunda
3059 5049 3238 5110 habet
3269 5054 3603 5130 explicatio,

1949 5143 2008 5194 et
2037 5137 2263 5193 utinam
2297 5138 2474 5193 etiam
2509 5138 2656 5193 bene
2689 5137 2940 5193 habeat!

2019 5228 2073 5283 9.
2109 5225 2169 5284 Si
2215 5230 2411 5283 autem
2465 5227 2723 5283 secunda
2775 5227 3175 5300 interpretatio
3226 5237 3604 5293 commenda-

1953 5322 2068 5384 tur,
2103 5321 2530 5388 consequenter
2577 5317 2778 5372 eadem
2813 5315 2903 5372 via
2947 5319 3379 5389 procedendum
3412 5325 3519 5381 erit
3551 5331 3608 5384 et

1951 5406 2122 5463 tertia
2153 5405 2308 5462 elieti
2344 5405 2600 5462 Davidici
2631 5405 2938 5477 explicatio
2971 5409 3292 5479 promenda
3324 5429 3451 5484 quae
3471 5431 3604 5474 cum

1951 5499 2326 5554 antecedente
2373 5499 2532 5552 arcte
2580 5493 2850 5552 coheret.
2892 5496 3040 5553 Ante
3085 5498 3283 5557 omnia
3330 5508 3604 5566 notamus
