4028 6202
370 350 490 411 527

1143 345 1563 407 EUSTATHII
1607 342 2376 406 THESSALONICENSIS
2421 344 3009 408 METROPOLITIE

3620 360 3719 418 528

371 482 528 538 hanc
572 480 807 536 tertiam
840 479 1258 551 expositionem
1309 492 1484 532 sensu
1539 474 1800 548 mysterii
1844 474 2016 547 pleno

2143 474 2291 549 ττέρα
2342 477 2376 545 ἡ
2427 477 2582 552 τρίτη
2634 480 2752 533 κατ’
2807 475 3012 533 ἔννοιαν
3070 471 3326 548 ἐπιϐολὴ,
3383 478 3596 556 ἐχομένη
3645 491 3720 544 καὶ

377 571 777 643 accipiendam
807 585 935 625 esse
984 572 1158 639 atque
1185 565 1344 621 illam
1375 565 1663 637 attingere
1697 564 2024 620 doctrinam

378 659 826 717 reconditiorem
860 673 1036 729 quam
1070 656 1140 710 de
1171 653 1556 710 retributione
1599 654 1886 709 bonorum
1917 651 2025 706 hu-

373 751 477 822 jus
503 749 633 803 vita:
658 762 898 818 operum
944 750 1156 800 (eterna
1186 747 1240 798 et
1287 743 1358 798 de
1389 743 1609 798 ultione
1656 747 2027 814 peccatorum

382 841 522 895 dum
557 839 649 892 hic
698 835 946 892 vivimus
995 833 1445 889 commissorum
1492 832 1848 904 accepimus.
1902 831 2027 886 Dis-

381 932 680 999 ceptatum
729 924 885 980 enim
933 927 1042 990 est,
1093 939 1198 977 cur
1247 927 1396 977 Deus
1444 921 1612 977 illum
1662 921 1762 992 qui
1811 921 1919 976 hoc
1968 921 2028 975 in

382 1017 604 1072 mundo
635 1018 871 1087 peccata
901 1012 1150 1068 limitata
1178 1011 1457 1077 admittit,
1488 1009 1546 1065 in
1580 1014 1862 1065 aeternum
1920 1026 2028 1081 pu-

383 1105 526 1160 niat.
561 1104 646 1159 Ad
678 1103 860 1172 hujus
891 1099 1233 1174 quaestionis
1263 1098 1617 1154 solutionem
1665 1097 2028 1168 sapientissi-

386 1211 520 1249 mus
567 1192 666 1248 Dei
696 1190 918 1246 Psaltes
949 1190 1008 1244 in
1039 1188 1165 1245 loco
1215 1189 1389 1243 modo
1428 1190 1749 1242 memorato
1801 1185 2029 1255 alludit,

385 1288 442 1338 et
468 1282 752 1338 indirecte
779 1279 984 1336 saltem
1033 1283 1087 1334 et
1143 1278 1470 1332 secundum
1519 1291 1760 1332 sensum
1810 1275 2034 1348 profert

385 1369 831 1443 explicationem
865 1368 957 1423 cui
991 1383 1162 1422 nemo
1192 1365 1561 1421 Christianus
1593 1364 1838 1420 ﬁrmiter
1871 1363 2029 1419 oblo-

386 1462 485 1533 qui
518 1458 845 1514 conabitur.
877 1458 1090 1512 Sensus
1121 1459 1315 1510 autem
1367 1453 1572 1510 Psalle:
1623 1452 1716 1508 hic
1759 1457 1849 1509 est
1881 1469 1894 1508 :
1929 1453 2031 1507 Bo-

383 1565 528 1605 num
557 1552 615 1604 et
643 1547 842 1602 virtuti
877 1547 1210 1601 studentem
1241 1544 1542 1599 hominem
1573 1549 1809 1614 propter
1852 1543 2030 1597 vitam

385 1637 523 1693 licet
552 1635 960 1692 brevissimam
1013 1632 1216 1688 virtuti
1248 1637 1646 1688 consecratam
1681 1632 2030 1702 adepturum

387 1742 517 1784 esse
547 1727 701 1781 bona
731 1729 966 1792 aeterna,
1003 1726 1200 1794 utpote
1233 1721 1334 1792 qui
1377 1721 1678 1777 laboribus
1731 1725 1788 1776 et
1836 1720 2030 1788 luctis,

2141 566 2542 641 μυσταγωγίας,
2603 568 2663 636 ἢν
2719 569 2843 643 περὶ
2917 574 3018 637 τῆς
3072 566 3293 622 αἶωνίου
3345 570 3428 624 καὶ
3472 570 3724 630 ἀνταποδό-

2138 673 2271 718 σεως
2299 659 2404 709 τῶν
2439 655 2491 710 ἐν
2525 655 2626 729 ϐίῳ
2657 657 2867 732 ἀγαθῶν
2916 657 3004 711 καὶ
3058 653 3372 720 ἀντιδόσεως
3424 663 3522 714 τῶν
3567 661 3612 716 ἐν
3662 668 3725 736 τῷ

2142 743 2293 817 βιοῦν
2325 744 2657 821 σφαλμάτων
2707 741 3112 822 παρελάϐομεν.
3153 745 3443 818 Ἡπόρηται
3494 750 3578 821 μὲν
3620 751 3727 826 γὰρ,

2140 829 2339 888 διατίὸ
2371 835 2499 896 Θεὸς
2533 834 2864 906 ἀτελεύτητα
2910 832 3130 904 κολάζει
3185 836 3292 889 ἐκεῖ
3343 836 3428 891 τὸν
3479 836 3728 895 ἐπταικότα

2138 920 2188 976 ἐν
2233 926 2302 997 τῇ
2346 923 2482 978 κατὰ
2526 925 2732 997 κόσμον
2781 925 3092 1000 ἀναστροφῇ
3151 926 3422 999 μετρητάς
3452 927 3634 982 Τούτου
3684 927 3731 985 δὲ

2139 1010 2292 1067 λύσιν
2333 1011 2770 1089 ὑποκρουόμενος
2825 1014 2876 1068 ἐν
2935 1019 3052 1076 τοῖς
3101 1015 3221 1089 ἄρτι
3280 1014 3306 1068 6
3356 1016 3608 1094 πάνσοφος
3653 1023 3732 1072 τοῦ

2139 1104 2277 1156 Θεοῦ
2325 1101 2577 1173 Ψάλτης,
2611 1098 2980 1178 προϐάλλεται
3036 1107 3127 1158 νῦν
3187 1101 3401 1158 λυτικόν
3443 1125 3556 1159 τινα
3595 1103 3731 1180 λόγον

2139 1188 2431 1266 ἐπιχειρῶν
2487 1189 2545 1246 ἐκ
2591 1196 2698 1247 τῶν
2749 1192 3050 1269 πόρρωθεν,
3099 1193 3215 1247 κατ’
3269 1189 3547 1264 ἔννοιαν,ᾗ
3588 1192 3736 1258 οὐδεὶς

2139 1279 2460 1354 Χριστιανὸς
2543 1280 2881 1356 ἐπιχειρήσει
2951 1278 3352 1337 ἀντιπαλαίσειν
3429 1281 3502 1344 εἷς
3567 1282 3736 1337 ἀκατά-

2142 1362 2368 1438 ϐλητον.
2403 1371 2557 1424 Ἔστι
2603 1366 2660 1424 δὲ
2703 1374 2952 1434 τοιοῦτος
2985 1371 3012 1424 6
3042 1373 3166 1432 νοῦς
3209 1374 3288 1441 τῷ
3334 1368 3637 1443 Ψαλμῳδῷ·
3666 1371 3738 1426 λὲ-

2139 1477 2220 1532 γει
2250 1456 2342 1510 τὸν
2373 1458 2564 1533 ἀγαθὸν
2595 1459 2684 1512 καὶ
2717 1458 2960 1532 ἐνάρετον
2990 1457 3268 1534 ἄνθρωπον
3327 1455 3412 1513 διὰ
3464 1461 3556 1528 τήν
3599 1460 3738 1534 πρόσ·

2141 1566 2330 1622 καιρον
2365 1547 2554 1621 βιοτὴν
2605 1547 2770 1602 αὒτοῦ
2814 1547 2903 1602 καὶ
2944 1549 3137 1624 ἀρετὴν
3192 1545 3556 1621 ἀπολήψεσθαι
3601 1549 3745 1623 ἀγαθὰ

2142 1633 2359 1704 αἲώνια,
2416 1636 2758 1711 νεκρώσαντα
2823 1636 3017 1700 κόποις
3072 1637 3161 1691 καὶ
3217 1635 3404 1698 πόνοις
3456 1638 3548 1705 τήν
3603 1638 3745 1712 σάρκα

2144 1721 2233 1777 διὰ
2255 1724 2355 1792 τήν
2388 1724 2644 1799 σταθερὰν
2675 1722 2870 1780 ἐλπίδα
2915 1727 3013 1794 τῆς
3063 1723 3238 1779 ἐκεῖσε
3295 1729 3455 1794 ζωῆς.
3485 1724 3579 1778 Καὶ
3629 1724 3747 1779 οὕτω

389 1816 462 1872 ob
495 1831 659 1887 spem
691 1812 850 1868 illius
881 1811 1007 1866 vita:
1039 1812 1473 1878 inconcussam,
1506 1825 1740 1864 carnem
1791 1807 2031 1863 mortifi-

2144 1808 2431 1891 φιλοσόφῳ
2463 1809 2693 1868 διαθέσει
2722 1813 2814 1868 καὶ
2848 1812 3109 1885 κοινωνίᾳ
3160 1813 3236 1874 ὡς
3279 1812 3331 1883 ἐξ
3370 1811 3596 1867 ἐναντίου
3643 1814 3748 1868 τού-

2272 1902 2320 1915 -.
2535 1901 2554 1915 ς
2586 1901 2598 1915 .
2699 1901 2713 1915 .
2785 1907 2806 1915 _
2953 1902 2965 1915 .
3029 1901 3042 1915 .
3124 1901 3160 1915 ._
3358 1898 3382 1915 ν
3674 1899 3697 1909 υ

392 1904 626 1962 caverit.
660 1903 730 1958 Et
755 1902 836 1958 sic
868 1899 1244 1956 conclusione
1293 1898 1699 1971 philosophica
1727 1904 1784 1954 et
1814 1899 2031 1952 ratione

2143 1921 2240 1956 του
2271 1902 2500 1974 θέματος
2535 1901 2652 1957 λόει
2696 1901 2865 1958 ἐκεῖνο
2912 1902 2974 1956 τὸ
3018 1901 3294 1966 ἀντίθετον
3348 1898 3565 1977 ἄπορον,
3607 1899 3747 1968 νοῶν,

391 2011 462 2050 ex
490 1991 757 2066 opposito
788 1991 1038 2045 deducta
1069 1987 1227 2043 illam
1273 1987 1656 2060 quaestionem
1708 1991 2033 2042 controver-

387 2100 514 2140 sam
547 2081 741 2148 solvit,
773 2095 1110 2151 supponens
1160 2078 1312 2150 quod
1339 2078 1538 2149 justus
1570 2077 1742 2132 homo
1795 2076 1852 2130 in
1889 2092 2034 2147 pra)-

385 2171 536 2229 senti
589 2170 717 2226 vita)
775 2168 1046 2223 humanae
1103 2165 1314 2222 saeculo
1372 2171 1714 2237 occupatur,
1771 2181 1888 2220 non
1948 2163 2033 2218 uti

383 2262 504 2318 fors
535 2257 734 2316 tulerit
786 2256 918 2330 (hoc
949 2254 1105 2311 enim
1158 2255 1249 2310 vix
1282 2253 1456 2309 ullius
1489 2253 1630 2308 foret
1679 2252 1895 2325 pretii),
1929 2252 2030 2307 sed

383 2349 703 2407 admodum
753 2361 1079 2401 aerumnosa
1128 2347 1184 2399 et
1235 2359 1369 2398 cum
1419 2341 1604 2398 multo
1653 2347 1711 2398 et
1766 2357 2031 2414 perseve-

379 2443 544 2495 rante
562 2441 618 2494 et
641 2435 919 2493 continuo
941 2437 998 2489 et
1017 2431 1311 2489 exclusivo
1334 2434 1484 2498 et,ut
1503 2430 1586 2485 ita
1609 2430 1823 2498 dicam,
1858 2430 2029 2485 unico

379 2534 437 2585 et
464 2533 679 2584 aaterno
726 2525 945 2592 labore,
976 2521 1272 2595 siquidem
1323 2538 1425 2593 per
1455 2523 1636 2576 totam
1674 2519 1852 2574 vitam
1904 2518 2030 2574 sine

378 2616 818 2676 intermissione
849 2615 1126 2669 luctatur.

454 2727 540 2781 10.
572 2724 698 2780 Non
729 2721 884 2778 enim
917 2719 1086 2788 dixit,
1120 2717 1422 2774 Laboravit
1469 2716 1642 2772 certis
1673 2713 2027 2786 interstitiis,

382 2815 495 2873 alio
526 2818 790 2884 tempore
819 2815 878 2865 et
908 2808 1042 2878 alio,
1077 2808 1200 2876 sed,
1234 2806 1416 2862 semel
1446 2803 1732 2860 laboravit
1763 2803 1820 2858 in
1870 2809 2032 2858 aeter-

383 2919 549 2971 num,
577 2902 687 2957 hoc
715 2903 805 2956 est
833 2896 1240 2954 convenienter
1283 2895 1412 2950 vitae
1455 2893 1704 2965 tempori
1751 2893 1802 2948 ei
1834 2893 1890 2946 in
1922 2891 2030 2948 hac

382 2998 540 3050 terra
588 3004 885 3046 concesso.
935 2986 1219 3050 Quoniam
1263 2983 1444 3055 igitur
1495 2999 1596 3054 per
1643 2986 1826 3037 totam
1879 2980 2031 3036 hanc

381 3082 564 3138 vitam
595 3085 710 3135 Deo
760 3075 1000 3148 placuit,
1025 3076 1160 3146 jure
1209 3072 1532 3143 meritoque
1563 3070 1716 3125 vivet
1762 3070 1938 3126 etiam
1970 3069 2028 3124 in

381 3173 584 3240 ﬁnem,
611 3169 669 3223 id
701 3171 789 3223 est
818 3166 877 3220 in
908 3179 1080 3221 omne
1112 3168 1344 3233 tempus
1374 3165 1431 3216 et
1460 3176 1646 3231 usque
1684 3159 1754 3215 ad
1789 3159 2030 3230 profun-

383 3260 628 3315 ditatem
675 3253 870 3311 saaculi
923 3251 1159 3315 infiniti,
1205 3251 1378 3320 cujus
1424 3249 1560 3304 linis
1606 3251 1696 3303 est
1745 3247 2026 3302 infinitas.

382 3352 696 3419 Propterea
738 3343 894 3400 enim
926 3341 1080 3413 quod
1110 3344 1198 3395 est
1241 3339 1376 3394 linis
1424 3336 1662 3394 omnino
1715 3335 1942 3391 stabilis
1974 3341 2032 3392 et

382 3429 963 3500 immutabilis,nullo
994 3427 1181 3484 limite
1211 3427 1458 3482 aliarum
1491 3441 1686 3481 rerum
1716 3423 1906 3480 instar
1925 3424 2033 3480 cir-

385 3523 807 3594 cumscriptus,
838 3520 969 3574 ideo
995 3518 1170 3572 homo
1202 3519 1494 3588 perfectus
1525 3512 1759 3585 assequi
1791 3518 2028 3568 conten-

385 3615 467 3670 dit
498 3613 641 3668 illud
673 3611 828 3682 quod
855 3614 945 3664 est
974 3608 1254 3662 smculum
1283 3603 1656 3668 saeculorum,
1677 3603 1845 3672 cujus
1879 3600 2033 3656 timi-

379 3711 473 3761 tes
528 3716 764 3758 omnem
824 3701 1075 3753 mentem
1133 3695 1439 3763 excedunt,
1493 3692 1766 3763 quodque
1821 3689 2035 3745 saacula

387 3791 764 3865 praeterlapsa
809 3787 868 3840 in
912 3789 1195 3840 aeternum
1243 3781 1542 3836 concludit
1593 3785 1650 3835 et
1695 3780 1780 3835 sic
1810 3779 2033 3834 caeteris

387 3881 708 3937 terminum
742 3874 1084 3946 imponit,ut
1105 3869 1280 3926 veluti
1311 3869 1572 3942 sigillum
1595 3869 1678 3924 eis
1709 3868 2031 3939 imprimat.

390 3971 460 4024 Et
490 3968 598 4024 hoc
628 3965 866 4036 quidem
897 3961 1140 4016 addecet
1166 3958 1658 4025 Deum,nimirum
1695 3965 1758 4012 ut
1785 3958 2034 4029 gratiam

388 4057 628 4129 dignam
680 4071 781 4124 pro
839 4051 1027 4120 gratia
1081 4047 1359 4120 rependat
1406 4045 1458 4101 ei
1508 4047 1606 4117 qui
1659 4047 1854 4118 ipsum
1907 4062 2037 4102 vere

388 4159 739 4217 semperque
765 4140 986 4204 dilexit,
1004 4135 1354 4194 etszeculum
1379 4136 1674 4190 infinitum
1698 4135 1903 4190 reddat
1933 4151 2038 4206 pro

389 4235 569 4304 hujus
597 4231 804 4288 mundi
838 4226 1070 4293 saeculo,
1102 4225 1161 4281 in
1195 4242 1310 4296 quo
1341 4225 1532 4280 cultor
1573 4223 1761 4294 ipsius
1809 4223 2037 4279 labora-

386 4326 491 4390 vit,
523 4320 820 4390 sasculum,
853 4319 1120 4388 inquam,
1154 4314 1380 4370 inﬁnite
1413 4329 1595 4384 supra
1623 4312 1885 4368 humana
1915 4312 2039 4367 ela-

381 4421 531 4481 tum,
566 4410 799 4483 ipsique
842 4406 1163 4479 proprium,
1215 4402 1342 4476 lege
1389 4401 1661 4457 amicitias
1714 4417 1842 4473 quas
1885 4402 2040 4458 bona

384 4503 710 4560 amicorum
743 4494 1079 4553 communia
1109 4509 1235 4549 esse
1259 4493 1452 4562 jubet.

2147 1990 2229 2044 ὅτι
2261 1990 2288 2044 6
2322 1987 2530 2052 δίκαιος
2559 1991 2839 2067 ἅνθρωπος
2889 1988 3212 2066 ἀσχολεῖται
3269 1989 3345 2052 εἷς
3401 1989 3489 2044 τὸν
3544 1990 3750 2063 παρόντα

2147 2077 2337 2148 αίῶνα,
2369 2080 2460 2134 τὸν
2512 2085 2613 2148 τῆς
2670 2081 2787 2134 κατ’
2819 2081 3106 2156 ἄνθρωπον
3164 2082 3337 2149 ζωῆς,
3385 2077 3445 2132 οὐ
3497 2079 3642 2150 μόνον
3688 2078 3750 2139 ὡς

2144 2165 2417 2244 ἐνδέχεται
2473 2165 2650 2241 (οὐδὲν
2707 2170 2806 2244 γάρ
2852 2168 2990 2243 μέγα
3043 2168 3105 2223 τὸ
3161 2167 3338 2230 οὕτως
3397 2166 3603 2239 εἰπεῖν),
3631 2163 3755 2221 ἀλλὰ

2143 2255 2220 2317 εἷς
2253 2253 2372 2310 λίαν
2409 2255 2680 2320 ἐπιπόνως
2709 2257 2799 2312 καὶ
2834 2257 2968 2330 μετὰ
3008 2255 3222 2312 πολλοῦ
3252 2256 3427 2311 κόπου
3482 2257 3567 2310 καὶ
3607 2253 3754 2324 διηνε-

2140 2349 2270 2407 κοῦς
2298 2345 2388 2399 καὶ
2419 2349 2679 2420 συνεχοῦς
2723 2345 2813 2400 καὶ
2847 2344 3111 2418 ἐπιμόνου
3153 2345 3247 2400 καὶ
3297 2346 3371 2406 ὡς
3423 2346 3531 2400 οἷον
3587 2343 3754 2398 ἐνιαίου

2138 2435 2228 2490 καὶ
2287 2434 2428 2490 οὕτω
2486 2457 2604 2498 πως
2661 2436 2906 2509 αἷωνίου,
2941 2435 3031 2491 διὰ
3081 2437 3145 2492 τὸ
3198 2433 3510 2498 ἀδιακόπως
3544 2435 3590 2490 ἐν
3633 2434 3756 2506 πάσῃ

2139 2528 2206 2598 τῇ
2237 2524 2400 2580 αὐτοῦ
2434 2530 2549 2599 ζωῇ
2579 2532 2786 2583 πονεῖν.

2213 2726 2263 2776 ι’.
2297 2717 2374 2776 Οὗ
2421 2718 2521 2794 γὰρ
2569 2717 2782 2792 ἐκοπία,
2815 2719 3001 2797 φησὶν,
3034 2713 3094 2774 ἔκ
3137 2740 3305 2774 τινων
3353 2716 3759 2792 διαλειμμάτων,

2139 2806 2342 2863 ἄλλοτε
2397 2807 2487 2861 καὶ
2547 2806 2768 2879 ἄλλοτε,
2823 2806 2968 2863 ἀλλὰ
3031 2808 3278 2880 καθάπαξ
3360 2807 3627 2863 ἐκοπίασεν
3697 2805 3761 2866 είς

2138 2896 2400 2964 αἰώνιον,
2461 2895 2491 2950 6'
2551 2893 2691 2950 ἐστιν
2777 2895 3058 2971 ἀναλόγως
3129 2901 3212 2969 τῷ
3297 2895 3765 2971 ἐπιμεμετρημὲνῳ

2137 2985 2284 3057 αὖτῷ
2343 2983 2565 3048 ἐνταῦθα
2619 2983 2794 3040 αῒῶνι.
2847 2986 2995 3042 Ἐπεὶ
3078 2984 3169 3040 οὖν
3253 2984 3386 3040 ὅλον
3465 2987 3552 3040 τὸν
3621 2984 3767 3038 αὐτοῦ

2138 3073 2309 3128 αἰῶνα
2335 3077 2525 3128 τοῦτον
2568 3075 2864 3146 θεαρέστως
2916 3072 3093 3144 ἔζησε,
3149 3071 3380 3136 δικαίως
3440 3076 3646 3144 ζήσεται
3693 3070 3769 3126 καὶ

2143 3185 2171 3214 ‹‹
2203 3161 2279 3224 εἰς
2335 3160 2514 3229 τέλος,
2548 3159 2774 3236 »ἤγουν
2831 3160 2923 3217 διὰ
2973 3162 3193 3229 παντὸς,
3246 3163 3340 3218 καὶ
3383 3162 3548 3238 μέχρι
3598 3162 3770 3236 βάθους

2139 3250 2363 3321 ἀπείρου
2394 3253 2615 3319 αἴῶνος,
2644 3249 2706 3304 οὓ
2765 3252 2932 3326 πίρας
2971 3254 3085 3307 οἷον
3134 3251 3380 3326 ἀπειρία.
3442 3251 3542 3306 Καὶ
3593 3251 3652 3305 τὸ
3699 3247 3775 3303 αὖ·

2137 3340 2229 3394 τὸν
2262 3338 2407 3401 ὅλως
2459 3339 2591 3394 εἶναι
2642 3340 2874 3412 μόνιμον
2927 3337 3109 3408 τέλος,
3153 3341 3246 3394 καὶ
3311 3342 3388 3413 μὴ
3441 3335 3584 3416 ἔχειν
3629 3335 3772 3392 κατά·

2138 3449 2332 3484 παυσιν
2365 3429 2440 3490 ὡς
2482 3426 2663 3504 ἕτερόν
2713 3450 2787 3500 τι,
2811 3430 3014 3506 πέφυκε
3039 3475 3042 3477 λ
3070 3427 3461 3502 τελειούμενον
3521 3425 3771 3503 δευτερεόο

2141 3539 2215 3573 ειν
2279 3517 2392 3590 μετ’
2425 3517 2604 3587 αὐτὸν,
2633 3517 2845 3571 αἰώνων
2905 3513 3034 3572 ὄντα
3084 3516 3283 3586 αῒῶνα,
3345 3518 3409 3572 οὗ
3460 3516 3622 3593 πέρας
3677 3511 3774 3568 οὐδ’

2140 3603 2201 3660 ἃν
2233 3604 2586 3674 ἐπινοήσηταί
2613 3626 2719 3674 τις,
2753 3604 2841 3660 καὶ
2886 3603 3048 3664 τέλος
3097 3605 3318 3660 αἰώνων
3375 3611 3485 3661 τῶν
3539 3605 3642 3678 πρὸ
3693 3601 3776 3657 αὖ·

2139 3697 2257 3760 τοῦ,
2312 3692 2715 3748 ἀκατάπαυστον
2772 3691 2858 3748 δέ·
2918 3694 3061 3749 οὕτω
3115 3700 3462 3771 περατοῦντα
3517 3693 3640 3754 τοὺς
3692 3692 3779 3746 ἄλ-

2143 3781 2297 3850 λους,
2331 3782 2458 3836 ὡσεὶ
2501 3781 2590 3836 καὶ
2639 3784 2870 3859 σφραγὶς
2919 3783 3078 3845 αὐτὸς
3125 3783 3359 3846 ἐκείνοις
3400 3783 3660 3838 ἐπέκειτο.
3692 3779 3779 3835 Καὶ

2145 3866 2255 3925 ἔστι
2303 3875 2463 3925 τοῦτο
2512 3871 2718 3945 πρὲπον
2770 3877 2849 3943 τῷ
2897 3877 3035 3944 Θεῷ,
3082 3873 3147 3926 τὸ
3198 3874 3373 3948 χάριν
3423 3869 3636 3944 δηλαδή
3681 3867 3784 3924 ἀντὶ

2143 3961 2370 4035 χάριτος
2403 3959 2550 4029 ἀξίαν
2602 3957 2896 4015 ἀποδοῦναι
2953 3965 3032 4032 τῷ
3081 3960 3245 4015 αὐτὸν
3282 3961 3467 4035 ὀρθῶς
3512 3957 3614 4021 ἕως
3670 3957 3782 4013 ὅλον

2145 4048 2504 4122 ἀγαπήσαντι,
2536 4049 2623 4102 καὶ
2667 4047 2866 4110 αἶ’ῶνος
2919 4047 3226 4103 ἀντιδοῦναι
3291 4049 3472 4104 αἰῶνα
3523 4053 3618 4104 τοῦ
3670 4045 3790 4101 κατὰ

2144 4136 2374 4209 κόσμον,
2407 4135 2460 4191 ἐν
2511 4137 2557 4208 ᾧ
2601 4135 2881 4191 ἐκοπίασεν
2929 4138 2956 4192 6
3005 4139 3172 4193 αὐτοῦ
3220 4139 3504 4213 θεράπων,
3533 4137 3624 4192 τὸν
3670 4133 3786 4205 ὑπὶρ

2144 4224 2214 4280 τὰ
2266 4229 2362 4280 τοῦ
2410 4223 2619 4297 κόσμου
2665 4229 2762 4280 τοῦ
2807 4225 3173 4301 ἀνθρωπίνου,
3222 4227 3322 4280 τὸν
3387 4227 3604 4295 ἑαυτοῦ,
3651 4224 3791 4293 νόμῳ

2148 4312 2353 4391 φιλίας,
2385 4313 2446 4375 ὃς
2475 4317 2628 4368 κοινὰ
2654 4313 2721 4368 τὰ
2748 4317 2856 4368 τῶν
2889 4312 3061 4392 φίλων
3091 4314 3330 4378 τίθεται.

456 4611 543 4665 11.
585 4608 717 4664 Jam
767 4605 814 4658 si
867 4603 976 4657 hoc
1027 4601 1110 4656 sic
1142 4616 1204 4655 se
1249 4599 1424 4653 habet
1474 4597 1652 4669 (quod
1704 4595 2031 4652 addubitari

2223 4598 2308 4653 ια’.
2350 4596 2413 4651 El
2445 4593 2511 4667 δὴ
2541 4598 2690 4661 τοῦθ’
2721 4596 2894 4660 οὕτως
2942 4593 3058 4672 ἔχει
3100 4595 3241 4674 (ἔχει
3298 4595 3360 4654 δὲ
3423 4597 3525 4654 οὐκ
3581 4597 3798 4666 ἄλλως),

385 4717 501 4755 non
560 4695 794 4769 potest),
828 4695 1254 4761 consequenter
1309 4704 1379 4742 ex
1435 4686 1703 4757 opposito
1760 4686 2039 4741 demons-

385 4787 640 4843 trabitur
667 4783 960 4839 hominem
1013 4779 1111 4848 qui
1143 4795 1259 4832 non
1311 4775 1598 4831 laboravit
1649 4775 1706 4829 in
1759 4775 2036 4831 saeculum

388 4888 575 4943 neque
629 4871 817 4924 vivere
869 4869 925 4921 in
989 4868 1164 4919 tinem
1224 4869 1410 4918 sancti
1470 4864 1679 4931 instar,
1712 4865 1812 4918 sed
1858 4863 2036 4918 vitam

386 4963 576 5035 ipsius
627 4975 861 5030 prorsus
908 4956 1198 5009 diversam
1251 4952 1452 5023 illique
1501 4952 1854 5007 contrariam
1895 4952 2034 5007 fore.

383 5052 440 5106 Si
472 5051 628 5106 enim
679 5047 777 5102 ille
823 5049 1103 5100 internum
1160 5041 1298 5096 vivit
1345 5041 1405 5094 in
1438 5042 1607 5095 bonis
1653 5041 1726 5097 ob
1775 5041 2034 5095 animam

380 5135 802 5201 immortalem,
836 5134 931 5188 hic
957 5149 988 5188 e
1018 5137 1241 5196 contra,
1276 5135 1547 5200 peccator
1584 5130 1887 5194 nimirum,
1921 5129 2034 5185 alio

379 5230 554 5286 modo
584 5227 737 5281 vivet
782 5223 839 5278 in
888 5239 1006 5276 non
1058 5219 1245 5288 bonis,
1274 5219 1331 5272 in
1384 5224 1664 5273 aeternum
1719 5223 1911 5273 tamen
1960 5219 2033 5274 ob

381 5319 638 5375 animam
665 5313 984 5370 identidem
1010 5308 1181 5364 morti
1207 5325 1320 5362 non
1337 5324 1402 5363 su
1415 5307 1792 5376 bjectam.Est
1816 5313 2030 5374 autem,

381 5426 454 5464 ne
483 5407 695 5478 longus
725 5404 861 5466 sim,
896 5415 1107 5454 sensus
1141 5399 1256 5451 fere
1286 5395 1381 5450 hic
1415 5413 1427 5450 :
1459 5395 1668 5450 Justus
1719 5412 1822 5467 per
1850 5400 2031 5451 totam

381 5498 563 5551 vitam
590 5495 650 5549 in
673 5494 784 5548 hoc
807 5489 1028 5546 mundo
1051 5489 1405 5542 transactam
1433 5482 1735 5555 laboravit,
1753 5501 1890 5557 ergo
1913 5483 2033 5541 illic

385 5585 538 5638 vivet
568 5581 840 5636 felicitate
872 5595 1003 5633 cum
1039 5581 1152 5630 Deo
1185 5573 1382 5628 fruens
1425 5576 1678 5638 aeterna;
1711 5572 1805 5629 ille
1834 5577 2030 5629 autem

395 5671 494 5746 qui
526 5688 640 5726 non
672 5669 874 5724 eodem
907 5666 1080 5721 modo
1109 5663 1288 5718 vitam
1341 5678 1649 5734 moresque
1679 5664 2028 5736 composuit,

2149 4683 2375 4760 εὔλογόν
2434 4684 2596 4753 ἐστιν,
2649 4685 2723 4748 ὡς
2784 4685 2834 4758 ἐξ
2893 4685 3135 4740 ἐναντίου
3199 4688 3387 4742 τόπου
3441 4687 3795 4763 ἐπιχειρῆσαι,

2146 4774 2237 4828 τὸν
2277 4775 2352 4846 μὴ
2384 4779 2661 4828 κοπιῶντα
2687 4773 2762 4838 εἴς
2788 4775 2878 4828 τὸν
2911 4774 3082 4829 αἰῶνα
3127 4772 3273 4848 μηδὲ
3334 4780 3435 4850 ζῇν
3499 4775 3577 4837 εἷς
3632 4773 3799 4840 τὲλος,

2145 4863 2209 4917 τὸ
2237 4863 2372 4918 κατᾶ
2399 4859 2490 4917 τὸν
2543 4864 2692 4938 ἅγιον
2744 4862 3050 4938 ἄνθρωπον,
3086 4861 3233 4919 ἀλλὰ
3287 4863 3564 4920 ἀνάπαλιν
3623 4863 3797 4931 ἐκείνῳ

2145 4953 2210 5004 τὰ
2240 4950 2319 5011 εἷς
2347 4952 2618 5021 ποιότητα
2652 4956 2814 5022 ζωῆς.
2850 4951 2913 5008 Εἰ
2943 4952 3043 5026 γὰρ
3069 4950 3278 5014 ἐκεῖνος
3342 4958 3411 5028 ζῇ
3474 4952 3705 5012 αἶωνίως
3752 4949 3799 5004 ἐν

2145 5037 2338 5102 καλοῖς
2371 5037 2459 5094 διὰ
2486 5041 2584 5108 τήν
2616 5042 2802 5116 ψυχὴν
2833 5041 3093 5104 ἀθάνατον
3121 5039 3313 5110 οὖσαν,
3356 5043 3386 5097 6
3435 5040 3634 5102 λοιπὸς
3689 5037 3797 5111 ἄρα,

2145 5130 2173 5184 6
2201 5127 2528 5204 ἁμαρτωλὸς
2561 5127 2801 5199 δηλαδὴ,
2829 5131 3042 5201 ξήσεται
3072 5127 3264 5191 ἄλλως
3312 5131 3414 5202 μὲν
3481 5129 3533 5185 ἐν
3593 5128 3653 5184 οὗ
3712 5147 3801 5182 xa-

2145 5215 2290 5285 λοῖς,
2321 5217 2556 5281 αἰωνίως
2580 5215 2637 5272 δὲ
2667 5217 2840 5289 ὅμως,
2873 5215 2961 5272 διὰ
2988 5217 3087 5286 τήν
3125 5217 3301 5288 αὐτὴν
3354 5220 3546 5294 ψυχὴν
3604 5216 3798 5285 θανάτῳ

2147 5307 2222 5380 μή
2305 5305 2745 5363 ὑποπίπτουσαν.
2809 5307 2910 5363 Καὶ
2967 5300 3108 5360 ἔστιν
3186 5307 3225 5376 ἡ
3301 5308 3540 5377 τοιαύτη
3614 5301 3798 5372 ἔννοια,

2144 5395 2419 5468 ἐπιτόμως
2479 5395 2664 5469 φάναι,
2717 5394 2942 5464 τοιαύτη
3001 5413 3105 5456 τις·
3156 5394 3430 5452 ἐκοπίασε
3487 5398 3587 5463 τήν
3645 5392 3797 5448 αὐτοῦ

2141 5483 2276 5554 ὅλην
2313 5486 2456 5554 ζωὴν
2491 5486 2518 5539 6
2551 5481 2761 5545 δίκαιος
2793 5482 2844 5538 ἐν
2877 5481 3015 5555 τῷδε
3053 5488 3134 5555 τῷ
3177 5484 3411 5557 κόσμῳ,
3448 5488 3664 5554 ζήσεται
3715 5478 3796 5535 οὖν

2143 5573 2252 5629 ἐκεῖ
2282 5573 2419 5628 κατὰ
2452 5575 2579 5628 Θεὸν
2628 5573 3045 5635 ἀπολαυστικῶς
3087 5572 3161 5633 εἲς
3223 5573 3486 5630 αἰώνιον·
3535 5576 3565 5629 6
3612 5571 3668 5627 δὲ
3723 5571 3791 5642 μὴ

2140 5663 2256 5718 κατ’
2289 5662 2445 5717 αὐτὸν
2481 5661 2633 5737 βιοὺς
2669 5664 2881 5734 ζήσεται
2921 5663 3014 5737 μὶν
3053 5661 3298 5736 πάντως,
3352 5660 3548 5727 ἄλλως
3602 5659 3793 5738 μέντοι,
