4028 6202
319 325 427 384 529

1687 320 1766 380 ΙΝ
1815 321 2028 380 PSAL.
2076 319 2338 381 XLVIII.

3585 319 3706 381 530

310 454 492 515 πόνους
521 449 773 523 δηλονότι
806 447 973 527 ἔχων,
1007 449 1097 506 καὶ
1130 448 1468 525 ὀδυνώμενος
1521 451 1680 513 αὐτὸς
1730 451 1929 526 βαρέως

2050 451 2201 509 vivet
2231 453 2485 524 quidem,
2520 454 2620 510 sed
2673 470 2917 526 prorsus
2964 451 3152 525 aliter,
3183 451 3484 508 laboribus
3521 453 3700 508 niml-

310 544 382 606 οἷς
431 562 488 596 τε
539 539 823 610 κολάζεται
881 540 972 596 καὶ
1042 542 1126 602 οἷς
1188 539 1378 615 βλέπει
1437 540 1528 595 τὸν
1589 537 1796 595 δίκαιον
1859 541 1935 614 μὴ

311 635 756 706 συγκοινωνοῦντα
788 635 932 699 ζωῆς
994 634 1201 706 μακρᾶς
1255 630 1344 684 τὸν
1379 627 1572 702 ὅμοιον
1605 630 1754 701 αὐτῷ
1807 629 1936 704 τρό-

308 743 420 786 πον,
450 719 592 774 ana
621 718 670 772 έν
725 719 949 793 ἀγαθοῖς
998 716 1144 788 ὄντα,
1196 718 1408 780 ὁποίοις
1465 718 1748 795 χαίρουσιν
1785 716 1937 794 ἅγγε-

307 810 404 865 λοι·
433 808 688 878 ὁπηνίκα,
718 802 781 863 τὸ
832 829 894 884 γε
953 807 1030 872 εἷς
1083 807 1281 862 ἐκεῖνον
1337 809 1491 879 ἣκον,
1551 807 1650 862 οὐκ
1693 806 1750 862 ἂν
1813 804 1940 862 οὐδὶ

305 897 470 952 έθὲλοι
530 898 674 966 ζωὴν
735 895 1006 970 ἐπιμήκη,
1059 895 1206 952 ἀλλά
1261 897 1323 952 τὸ
1379 895 1725 972 θνητόψυχον
1755 892 1937 952 ἕλοιτο

303 987 355 1042 ἂν
387 985 468 1040 ἐπὶ
500 985 798 1062 ἀπαλλαγῇ
842 985 1204 1056 αἰωνιζούσης
1261 992 1473 1056 ποινῆς·
1532 985 1670 1040 ὥστε
1718 983 1940 1048 δικαίως

297 1074 441 1146 καὶὴ
499 1073 803 1137 ἀπόλαυσις
834 1074 922 1129 καὶ
974 1077 1008 1144 ἡ
1066 1073 1315 1144 κόλασις,
1373 1075 1496 1150 περὶ
1555 1075 1627 1129 ὧν
1683 1076 1711 1129 6
1770 1072 1937 1148 λόγος

296 1162 425 1239 ἄρτι.
486 1163 702 1218 αίώνιοι
761 1160 995 1219 ἔσονταιο
1056 1163 1144 1217 καὶ
1173 1163 1312 1227 καθὰ
1349 1164 1376 1218 6
1425 1169 1525 1233 τῆς
1555 1163 1749 1238 ἀρετῆς
1792 1182 1937 1238 χρη-

299 1251 513 1324 ματίσας
543 1251 596 1306 έν
657 1251 760 1326 βίῳ
815 1251 1106 1329 τρόφιμος,
1135 1252 1372 1323 ὁπηνίκα
1429 1253 1458 1307 6
1513 1251 1719 1324 κόσμος
1779 1249 1936 1326 ἔσχεν

295 1339 464 1397 αὐτὸν.
547 1340 630 1395 ἀεὶ
709 1337 854 1400 ἔσται
907 1345 1004 1395 τοῦ
1083 1339 1464 1416 ὑπερκοσμίως
1535 1340 1647 1395 ἐκεῖ
1710 1345 1938 1418 τρυφᾷν,

296 1428 429 1484 οὕτω
482 1430 573 1482 καὶ
609 1429 994 1505 ὁάπότροφος,
1056 1430 1139 1490 οἷς
1199 1428 1298 1484 οὐκ
1327 1427 1520 1504 ἐχρῆν,
1576 1430 1806 1483 πάντοτε
1847 1448 1940 1482 καο

289 1518 392 1579 κῶς
450 1515 563 1572 ἐκεῖ
615 1518 869 1592 πάσχων,
920 1517 1021 1572 οὐκ
1080 1517 1172 1586 ἂν,
1231 1519 1408 1590 οἶμαι,
1467 1514 1593 1572 οὐδὲ
1651 1515 1937 1594 ὀφθαλμὸν

293 1605 569 1681 έπιρῥίψαι
599 1605 862 1680 τολμήσῃ
895 1611 976 1678 τῷ
1035 1605 1230 1682 χωρίῳ
1286 1609 1382 1675 τῆς
1412 1613 1641 1684 τρυφῆς.
1700 1609 1784 1679 Τῇ
1834 1604 1937 1679 γὰρ

289 1697 405 1758 καθ’
435 1693 566 1749 ὅλον
599 1696 694 1750 τὸν
727 1695 954 1758 ένταυθα
985 1694 1158 1749 αἰῶνα
1204 1695 1292 1749 καὶ
1319 1697 1354 1764 ἡ
1385 1695 1494 1749 έκεῖ
1525 1691 1792 1755 ἀντίδοσις
1825 1693 1938 1764 6E0-

293 1782 607 1855 μοιώσεται’
641 1783 833 1838 αἰωνία
863 1781 920 1838 δὲ
949 1785 984 1852 ἡ
1017 1781 1284 1852 ένταυθοῖ,
1345 1785 1456 1859 ἄρα·
1503 1783 1598 1838 οὖν
1628 1782 1822 1838 αἱωνία
1848 1782 1938 1838 καὶ

289 1873 321 1940 ἡ
353 1872 484 1928 ἐκεῖ.

355 1979 444 2052 ιβ’.
506 1979 620 2034 Καὶ
685 1975 827 2034 ἔστιν
880 1981 916 2048 ἡ
973 1977 1242 2053 ἀνάλογον
1299 1976 1524 2054 εὐλογία
1579 1979 1678 2047 τῆς
1731 1976 1938 2040 έννοίας

288 2068 531 2138 τοιαύτηο
595 2068 626 2122 6
675 2068 752 2131 εἰς
813 2068 980 2122 αἰῶνα
1037 2067 1300 2130 κοπιάσας
1357 2066 1433 2130 ετς
1479 2067 1649 2122 αἰῶνα
1700 2068 1936 2136 ζήσεται,

279 2155 368 2210 ’ἶνα
424 2156 594 2210 κόποι
655 2155 874 2228 αἰῶνος,
938 2156 996 2210 ὃν
1052 2156 1298 2220 ἐνταυθοῖ
1356 2151 1522 2232 ὥρισε
1579 2154 1852 2230 προγνοὺς
1910 2155 1938 2210 6

287 2247 408 2309 Θεὸς
465 2252 548 2319 τῷ
608 2246 796 2322 ἀγαθῷ
853 2247 1123 2320 ἀνθρώπῳ
1157 2291 1172 2318 ,
1249 2247 1405 2301 αἰῶνι
1475 2245 1937 2322 παρατεθήσονται

282 2333 607 2398 ἀντιδόσεως
632 2343 734 2404 τῆς
761 2340 858 2391 τοῦ
889 2335 1055 2391 αὐτοῦ
1087 2336 1373 2409 ἀνθρώπου
1434 2341 1601 2404 ζωῆς·
1661 2336 1749 2389 καὶ
1810 2334 1937 2389 ἀνά-

282 2423 439 2480 παλιν
496 2423 809 2500 ἀναγκαίως
867 2425 894 2478 6
967 2423 1472 2500 έρῥᾳστωνευμένος
1551 2422 1604 2478 έν
1687 2422 1803 2495 ὅλῳ
1858 2428 1938 2496 τῷ

285 2511 439 2567 αἰῶνι
493 2511 683 2584 τούτῳ
739 2509 1025 2585 ἄνθρωπος
1077 2511 1154 2574 είς
1208 2513 1300 2568 τὸν
1351 2513 1462 2567 ἐκεῖ
1485 2510 1657 2566 αἰῶνα
1717 2513 1934 2582 ζήσεται

285 2601 400 2672 μὲν,
459 2601 568 2656 οὐκ
601 2598 662 2654 ἂν
693 2598 751 2656 δὲ
780 2602 916 2656 καθὰ
945 2602 974 2655 6
1023 2597 1249 2669 δίκαιος,
1281 2597 1428 2654 ἀλλά
1477 2601 1552 2662 ὡς
1599 2603 1689 2655 οἷα
1747 2599 1934 2672 νεκρὸς

282 2688 475 2752 αἶ’ῶνος
537 2689 753 2745 ἐκείνοκ
811 2687 1214 2764 λογισθήσεται.
1293 2687 1400 2744 Καί
1481 2709 1565 2750 τις
1641 2688 1724 2743 ἐπ’
1788 2687 1934 2760 αὐτῷ

283 2775 422 2833 εἷ’ποι
479 2775 569 2848 ἃν,
632 2779 707 2842 ὡς
731 2777 901 2833 καλὸν
935 2781 1022 2847 ἦν,
1059 2778 1104 2832 εί
1149 2780 1224 2851 μή
1257 2779 1333 2839 ὡς
1363 2776 1615 2852 ἐγεννήθη
1649 2777 1678 2831 6
1721 2774 1934 2853 ἅνθρω-

281 2887 377 2930 πος
437 2867 649 2929 ἐκεῖνος
706 2867 783 2928 είς
838 2867 930 2922 τὸν
979 2866 1207 2939 κόσμον·
1261 2867 1557 2941 προσθήσει
1617 2863 1694 2933 δὲ,
1750 2864 1937 2921 ἀναλε-

281 2956 505 3028 ξάμενος
563 2955 629 3012 έκ
671 2961 768 3010 τοῦ
797 2955 1104 3032 ἁγιωτάτου
1159 2954 1523 3030 Εὐαγγελίου,
1583 2953 1672 3008 έπὶ
1729 2955 1930 3032 ἀμφοῖν

278 3044 489 3100 τούτοιν
534 3045 868 3120 ἀνθρώπων,
917 3049 997 3116 τῷ
1034 3065 1092 3098 τε
1140 3041 1210 3098 δι’
1241 3043 1438 3106 αἶ’ῶνος
1469 3042 1789 3098 κοπιάσαντι
1840 3043 1928 3097 καὶ

284 3132 356 3196 εἲς
429 3133 598 3196 τέλος
674 3133 759 3189 ἐπ’
819 3133 1037 3209 ἀγαθοῖς
1097 3135 1339 3204 ζήσοντι,
1397 3133 1488 3187 καὶ
1543 3137 1623 3203 τῷ
1678 3131 1928 3208 έτεροίως

2049 559 2179 598 rum
2209 542 2533 614 implicitus
2565 548 2622 598 et
2652 543 2905 615 graviter
2935 542 3138 599 dolens
3190 546 3482 614 quatenus
3513 540 3699 612 poenis

2049 630 2359 700 subjicitur
2390 636 2446 687 et
2475 632 2630 687 videt
2671 632 2902 702 justum
2940 648 3055 687 non
3108 631 3373 702 ejusdem
3407 646 3537 685 cum
3570 630 3697 699 ipso

2047 720 2176 774 vita;
2222 719 2407 792 longae
2461 721 2822 793 participem,
2871 721 2970 776 sed
3029 721 3088 775 in
3148 720 3320 777 bonis
3367 722 3695 774 versantem

2049 808 2263 879 quibus
2285 809 2471 882 angeli
2496 810 2866 882 gaudent,ita
2885 814 2970 876 ut,
2993 814 3279 881 quantum
3304 824 3482 880 penes
3500 808 3696 879 ipsum

2048 901 2156 967 est,
2181 897 2326 954 nolit
2353 899 2473 955 vita
2503 899 2672 968 longa
2691 899 2824 970 frui,
2849 900 2950 955 sed
2981 904 3209 956 aeternas
3231 915 3411 970 pmnas
3430 898 3700 969 praeferat

2049 985 2257 1042 animae
2308 993 2580 1043 mortem.
2632 987 2772 1044 Jure
2817 987 3134 1058 meritoque
3182 986 3362 1059 igitur
3392 985 3698 1041 retributio

2047 1079 2104 1131 et
2133 1092 2324 1146 pcena,
2348 1076 2419 1132 de
2440 1077 2655 1148 quibus
2677 1077 2847 1131 modo
2865 1093 3056 1132 sermo
3088 1075 3219 1140 fuit,
3243 1079 3471 1131 aeternae
3488 1077 3695 1142 erunt;

2049 1167 2106 1219 et
2134 1165 2636 1235 quemadmodum
2669 1164 2766 1220 ille
2797 1164 2914 1235 qui,
2937 1164 3197 1236 quandiu
3230 1163 3290 1218 in
3324 1164 3544 1218 mundo
3567 1161 3699 1230 fuit,

2049 1253 2246 1308 virtuti
2275 1269 2511 1324 cperam
2545 1254 2794 1320 navavit,
2815 1253 2934 1308 illic
2955 1257 3170 1308 aeterna
3198 1251 3471 1308 felicitate
3495 1267 3700 1323 super-

2050 1342 2348 1398 mundana
2380 1343 2628 1412 fruetur,
2663 1344 2746 1398 ita
2775 1342 2825 1398 is
2856 1342 2979 1413 qui,
3012 1343 3168 1414 quod
3199 1358 3313 1396 non
3347 1341 3565 1407 debuit,
3589 1341 3700 1396 vir-

2047 1431 2193 1486 tutis
2224 1431 2488 1487 studium
2513 1431 2787 1503 neglexit,
2809 1430 2926 1486 illic
2956 1431 3012 1485 in
3033 1435 3313 1486 aeternum
3345 1429 3546 1484 infelix
3567 1429 3698 1495 erit,

2049 1521 2194 1576 adeo
2243 1525 2326 1584 ut,
2374 1537 2403 1575 e
2454 1537 2582 1576 mea
2632 1520 2869 1592 quidem
2921 1519 3230 1589 sententia,
3271 1519 3343 1573 ad
3394 1520 3696 1574 beatorum

2049 1608 2247 1663 sedem
2279 1625 2350 1663 ne
2397 1607 2633 1664 oculum
2683 1607 2921 1678 quidem
2964 1606 3229 1663 attollere
3273 1606 3506 1662 audeat.
3553 1604 3694 1658 Vites

2049 1696 2206 1752 enim
2240 1714 2414 1768 quam
2445 1713 2546 1768 per
2573 1701 2765 1752 totum
2796 1696 2890 1751 hic
2923 1690 3204 1752 saeculum
3235 1695 3439 1767 gessit,
3461 1693 3580 1748 illic
3602 1709 3693 1748 re-

2048 1785 2290 1841 tributio
2338 1785 2786 1857 adequabitur:
2823 1785 2934 1840 fuit
2979 1789 3176 1841 autem
3224 1784 3317 1840 hic
3366 1799 3478 1838 non
3512 1782 3698 1838 inter-

2052 1879 2245 1945 rupta,
2275 1889 2411 1946 ergo
2442 1873 2562 1929 illic
2592 1890 2824 1946 quoque
2858 1874 2914 1928 in
2946 1879 3230 1929 aeternum
3262 1872 3515 1928 durabit.

2126 1981 2212 2034 12.
2247 1980 2345 2036 Est
2374 1985 2566 2036 autem
2601 1996 2811 2036 sensus
2854 1979 3015 2036 illius
3047 1980 3187 2034 dicti
3217 1979 3313 2034 hic
3347 1996 3359 2034 :
3393 1977 3501 2044 Qui
3532 1976 3701 2033 labo-

2051 2069 2200 2124 ravit
2244 2069 2301 2123 in
2351 2067 2628 2124 saeculum
2677 2069 2829 2124 vivet
2871 2069 2931 2123 in
2981 2066 3284 2137 saeculum,
3318 2067 3414 2122 ubi
3468 2065 3698 2122 labores

2049 2157 2247 2213 smculi
2300 2158 2453 2230 quod
2507 2162 2657 2214 Deus
2701 2157 3026 2228 praevidens
3060 2157 3209 2213 bono
3256 2155 3481 2211 homini
3512 2154 3700 2210 desti-

2049 2246 2227 2312 navit,
2279 2245 2490 2302 sasculo
2542 2246 2947 2302 retributionis
2996 2246 3078 2301 ita
3123 2245 3579 2316 adaptabuntur,
3630 2247 3697 2299 ut

2047 2336 2312 2406 ejusdem
2365 2335 2620 2391 hominis
2667 2336 2794 2390 vitae
2845 2335 3273 2406 respondeant;
3328 2349 3358 2388 e
3402 2331 3692 2388 contrario

2049 2429 2245 2480 autem
2276 2423 2372 2478 ille
2421 2425 2520 2495 qui
2551 2423 2610 2478 in
2665 2428 2784 2479 toto
2815 2423 2923 2479 hoc
2969 2421 3180 2478 saeculo
3227 2420 3531 2494 negligens
3561 2421 3690 2490 fuit,

2047 2513 2378 2569 necessario
2410 2513 2468 2567 in
2501 2512 2601 2568 illo
2641 2528 2874 2584 quoque
2902 2513 3052 2568 vivet
3080 2512 3312 2582 saeculo,
3345 2527 3457 2566 non
3491 2515 3690 2566 tamen

2046 2603 2247 2658 eodem
2300 2603 2470 2658 modo
2518 2617 2634 2673 quo
2680 2604 2902 2672 justus,
2936 2601 3037 2657 sed
3085 2605 3365 2672 tanquam
3420 2603 3691 2654 mortuus

2044 2690 2206 2746 illius
2235 2690 2431 2746 seaculi
2457 2691 2845 2763 reputabitur.
2871 2690 3057 2754 Quare
3085 2691 3154 2744 de
3185 2704 3251 2744 eo
3281 2688 3491 2744 dixerit
3521 2686 3690 2758 quis-

2046 2779 2249 2851 piam:
2303 2779 2487 2843 Quam
2539 2780 2686 2836 bene
2732 2779 2993 2846 haberet,
3044 2778 3093 2832 si
3142 2778 3316 2833 homo
3366 2775 3464 2832 ille
3510 2775 3691 2846 hujus

2046 2868 2251 2922 mundi
2305 2866 2494 2922 lucem
2555 2885 2670 2923 non
2726 2866 3165 2939 conspexisset!
3226 2869 3301 2944 et,
3364 2865 3691 2921 secundum

2043 2957 2404 3013 sanctissimi
2439 2956 2730 3028 Evangelii
2756 2957 3032 3026 effatum,
3065 2956 3137 3012 de
3168 2955 3397 3011 duobus
3428 2954 3559 3010 istis
3587 2953 3692 3010 ho-

2045 3045 2325 3114 minibus,
2358 3063 2608 3118 quorum
2641 3045 2788 3101 alter
2813 3046 2888 3116 ,in
2921 3044 3201 3101 saeculum
3231 3043 3517 3100 laboravit
3546 3047 3603 3098 et
3630 3043 3691 3097 in

2042 3135 2219 3190 finem
2251 3135 2537 3190 bonorum
2561 3135 2922 3190 abundantia
2942 3134 3292 3206 perfruetur,
3316 3132 3463 3188 alter
3491 3135 3691 3188 autem

279 3185 746 3296 sesama;
791 3185 876 3276 8.:
893 3185 1160 3284 saga:
1177 3185 1224 3277 δ’
1243 3185 1339 3295 ..ιε
1379 3185 1486 3276 at}
1521 3185 1682 3296 ὀλίγα
1718 3185 1790 3276 ίέᾶ
1811 3185 1821 3186 ί
1842 3185 1929 3276 ..ξ

2043 3185 2219 3190 _____
2251 3185 2537 3190 _-_-___
2563 3185 3292 3206 ﬂ_______--_r-____-_a_,

2043 3239 2074 3278 θ
2122 3224 2413 3279 contrario
2461 3240 2496 3278 a
2543 3239 2720 3294 scopo
2768 3223 3076 3289 aberravit,
3110 3223 3353 3294 insuper
3398 3219 3692 3277 addiderit

276 3314 439 3366 ταῦθα
491 3312 690 3373 πιστὸς
747 3309 1220 3366 πολλαπλασιάσει
1293 3310 1347 3373 ές
1410 3309 1646 3386 ἅρρητον
1713 3311 1812 3379 τὴν
1873 3309 1925 3364 έν

277 3398 466 3464 καλοῖς
519 3399 695 3454 ἐκεῖσε
752 3398 1097 3468 κατάστασιν,
1143 3401 1171 3454 6
1202 3395 1259 3454 δὲ
1297 3399 1383 3454 ἐπὶ
1443 3397 1602 3474 ὀλίγα
1633 3397 1809 3454 ἐκεῖνα
1863 3398 1931 3453 τὰ

277 3487 328 3543 έν
371 3493 454 3561 τῷ
521 3487 628 3563 βίῳ
686 3487 1157 3564 πονηρευσάμενος
1225 3485 1312 3542 ἐπὶ
1372 3483 1589 3550 οὐδενὸς
1667 3487 1931 3556 καταστή-

275 3597 441 3634 σεται.

341 3690 428 3758 ιγ,
457 3685 586 3740 Ἰνα
615 3679 674 3738 δὲ
724 3681 829 3738 ἀπὸ
888 3684 1093 3758 ἀγαθῆς
1147 3682 1366 3753 ταύτης,
1426 3682 1488 3738 οὐ
1545 3675 1925 3756 παρεκϐάσεως

273 3768 486 3846 εἴποιμι
525 3771 604 3842 ἂν,
638 3769 866 3834 ἀλλ’ὡς
911 3771 1026 3826 οἷον
1086 3769 1215 3826 ὁδοῦ
1269 3777 1498 3846 σχιστῆς
1549 3769 1636 3824 ἐπὶ
1694 3767 1927 3845 ἐναρέτῳ

272 3857 558 3935 διατριϐῇ,
646 3859 700 3922 ές
775 3861 839 3915 τὸ
921 3859 1334 3937 προτεθειμένον
1416 3858 1926 3933 έπανακάμψωμεν,

272 3948 454 4006 δοτέον
488 3952 641 4022 ἡμᾶς
670 3947 806 4004 αὐτὰ
836 3945 924 4004 διὰ
949 3954 1120 4005 ταῦτα
1155 3949 1246 4004 καὶ
1295 3947 1504 4019 πόνοις,
1561 3949 1650 4003 καὶ
1712 3949 1926 4023 μοχθη-

267 4039 410 4108 τέον,
468 4039 552 4099 ὡς
611 4037 893 4113 ἐπιπρέπει
966 4039 1271 4114 ἀνθρώποις
1325 4037 1463 4111 (ἐπεὶ
1522 4037 1687 4094 οὐκ...
1749 4034 1924 4098 ἄνεσις

269 4127 355 4182 καὶ
413 4126 770 4199 ἀνάπτωσις,
831 4124 955 4182 οὐδέ
1020 4149 1104 4190 τις
1155 4125 1429 4191 καθεύδων
1487 4124 1610 4181 οὔτε
1665 4125 1922 4202 τρόπαιον

269 4214 538 4292 ἐγείρει...
647 4214 944 4291 ἐνεργῶν...
1050 4215 1296 4293 εἰρηνικᾶ
1381 4213 1924 4288 διοικονομούμενος,

271 4305 469 4378 ἀγαθὸν
531 4307 836 4379 κατορθοῖ),
889 4305 980 4360 καὶ
1036 4304 1324 4360 κοπιατέον
1383 4304 1496 4381 οὐχ
1542 4303 1755 4373 ἀπλῶς,
1790 4303 1926 4359 ὥστε

271 4392 483 4467 ἀποζῇν
547 4393 818 4469 βιωτικῶς
871 4397 1054 4467 (τοῦτο
1135 4395 1236 4468 γὰρ
1304 4391 1524 4456 ἄκοντες
1596 4395 1922 4466 ποιήσομεν,

269 4481 364 4537 κᾶν
428 4483 510 4556 μή
575 4481 935 4557 βουλομένοις
984 4486 1120 4556 ἡμῖν
1183 4481 1290 4553 εἷή,
1336 4483 1426 4538 καὶ
1485 4483 1922 4562 φερεπονήσομεν

270 4572 514 4643 πάντως,
562 4569 655 4627 τίνα
709 4573 784 4646 μή
817 4572 908 4628 καὶ
964 4575 1104 4646 ἡμῖν
1133 4571 1375 4651 ἕμφορος
1427 4575 1456 4626 ὁ
1497 4557 1667 4645 ⁷λιμὸς
1703 4570 1918 4648 γένηται
1951 4557 1998 4623 D

271 4661 490 4738 ἀεργοῖς
552 4659 871 4735 μένουσιν),
931 4660 1056 4718 ἀλλ’
1106 4661 1180 4724 ὡς
1233 4661 1322 4717 καὶ
1364 4666 1445 4735 τῷ
1490 4659 1606 4734 Θεῷ
1653 4661 1918 4737 ἀρέσκειν,

270 4751 357 4805 καὶ
416 4749 610 4806 αὐτίκα
680 4750 1026 4826 εὐλογεῖσθαι
1095 4752 1185 4806 καὶ
1254 4753 1402 4825 ἡμᾶς
1461 4751 1617 4809 καὶ...
1670 4751 1737 4806 τὰ
1789 4745 1921 4827 ἔργα

270 4840 460 4912 ἡμῶν,
519 4839 608 4894 καὶ
655 4839 824 4895 κόπον
873 4844 1064 4895 τοῦτον
1109 4837 1194 4894 ἐπὶ
1243 4839 1583 4914 εὖαρεστήσει
1631 4845 1764 4896 Θεοῦ
1818 4839 1920 4895 πό-

269 4949 384 4991 νοις
463 4929 596 4983 εἶναι
682 4930 952 5003 συνέριθον
1044 4929 1345 5003 βιωτικοῖς,
1420 4928 1758 5002 ἁρμόττοντα
1828 4927 1921 4984 ἕνα

271 5014 473 5072 ἐκεῖνον
503 5017 594 5071 καὶ
658 5015 881 5092 μονειδῆ
911 5023 1028 5080 τοῖς
1063 5015 1237 5090 ὅλοις,
1272 5018 1345 5071 ὧν
1379 5017 1478 5072 οὐκ
1507 5015 1617 5073 ἔστι
1675 5017 1764 5073 διὰ
1797 5017 1919 5094 βίου

272 5108 422 5178 ἡμᾶς
484 5104 939 5162 ἀπαλλάττεσθαι.
999 5106 1098 5161 Καὶ
1172 5104 1364 5179 μηδεὶς
1414 5112 1522 5162 τῶν
1600 5108 1652 5162 έν
1726 5109 1919 5181 κόσμῳ

271 5191 468 5267 ὄντων,
497 5195 585 5250 καὶ
635 5196 844 5272 γυναικὶ
903 5196 994 5251 καὶ
1051 5195 1382 5272 πραγμάτων
1435 5192 1660 5272 τύρϐαις
1718 5192 1918 5269 ἔμελέ-

272 5287 416 5351 πῶν,
446 5283 703 5362 ἀδελφοῖς
727 5291 845 5349 τοῖς
875 5282 976 5358 ἔξω
1005 5286 1316 5360 γενομένοις
1367 5285 1578 5358 κόσμου
1622 5285 1712 5340 καὶ
1775 5285 1918 5359 βίου,

274 5370 478 5445 λεγέτω
539 5375 614 5445 μὴ
675 5372 998 5452 ένευκαιρεῖν
1057 5373 1218 5436 αὐτὸς
1274 5375 1470 5438 κόποις
1498 5381 1615 5436 τοῖς
1676 5372 1764 5428 διὰ
1825 5375 1918 5428 τὸν

275 5459 428 5517 Θεόν.
460 5460 762 5518 Ἀλώσεται
793 5465 894 5540 γὰρ
945 5463 973 5518 6
1027 5467 1276 5525 τοιοῦτος
1325 5463 1568 5537 ἀμαθοῦς
1627 5462 1919 5540 λογισμοῦ,

275 5547 370 5602 καὶ
427 5552 498 5624 μὴ
557 5553 925 5630 προσέχοντος
984 5552 1069 5614 οἷς
1124 5548 1382 5627 λέγομεν.
1433 5553 1643 5615 Ἀνεσις
1690 5553 1790 5630 γὰρ
1841 5551 1920 5630 19’

279 5637 434 5710 ὑμῶν
477 5640 805 5717 κολάζομεν,
880 5639 980 5699 οὐκ
1035 5638 1275 5698 έπίτασιν
1332 5639 1689 5717 έπιτάσσομεν
1726 5661 1740 5676 ο
1794 5640 1924 5698 ἀνά-

2040 3313 2195 3383 quod
2218 3313 2353 3382 jure
2395 3313 2722 3384 meritoque
2769 3313 2868 3383 qui
2901 3312 2996 3366 hic
3035 3328 3210 3382 super
3260 3311 3462 3383 paucis
3495 3308 3687 3364 ﬁdelis

2041 3401 2172 3467 fuit,
2205 3401 2263 3456 in
2309 3400 2491 3455 altera
2519 3401 2635 3456 vita
2682 3401 2971 3456 bonorum
3000 3399 3182 3470 [copia
3229 3399 3462 3454 infinita
3490 3397 3684 3453 abun-

2039 3490 2222 3558 dabit,
2257 3489 2356 3562 qui
2389 3497 2581 3544 aulem
2636 3490 2694 3544 in
2725 3489 2836 3544 hac
2867 3490 2983 3544 vita
3031 3504 3217 3560 pauca
3245 3487 3347 3542 illa
3394 3485 3550 3542 mala
3579 3502 3682 3541 ne-

2037 3577 2235 3650 glexit,
2269 3593 2448 3650 super
2475 3577 2660 3633 nihilo
2686 3577 3096 3634 constituetur.

2111 3686 2195 3741 13.
2231 3684 2302 3741 Ut
2330 3689 2525 3740 autem
2551 3685 2623 3740 ab
2653 3684 2762 3740 hac
2792 3685 2944 3750 utili,
2963 3701 3077 3740 non
3107 3684 3292 3739 dicam
3317 3681 3680 3755 excursione,

2037 3774 2138 3830 sed
2184 3773 2346 3830 velut
2385 3773 2664 3845 bipartita
2695 3772 2783 3828 via
2829 3773 2900 3829 ad
2933 3775 3240 3828 honestam
3289 3770 3684 3827 conversatio-

2037 3878 2172 3918 nem
2204 3863 2471 3932 ducente,
2505 3861 2576 3917 ad
2610 3878 2852 3934 scopum
2903 3861 3267 3934 propositum
3301 3865 3682 3931 revertamur,

2036 3951 2096 4007 in
2149 3951 2379 4008 labores
2424 3951 2577 4007 hanc
2621 3951 2810 4023 ipsam
2860 3951 2932 4006 ob
2963 3966 3204 4006 causam
3253 3949 3594 4005 incumbere
3624 3951 3682 4004 et

2036 4040 2298 4097 studiose
2345 4041 2698 4096 contendere
2739 4040 3041 4110 debemus,
3075 4040 3158 4095 uti
3206 4038 3474 4095 homines
3505 4037 3682 4092 adde-

2037 4134 2127 4185 cet
2155 4129 2469 4200 (siquidem
2523 4146 2709 4186 non...
2761 4128 3012 4202 languor
3057 4131 3114 4183 et
3161 4126 3458 4198 relaxatio,
3493 4142 3683 4198 neque

2036 4217 2330 4289 quispiam
2381 4217 2680 4274 dormiens
2733 4222 3017 4289 tropmum
3069 4215 3306 4288 erigit...
3362 4231 3680 4288 operans...

2037 4305 2278 4378 pacifica
2307 4305 2754 4373 administrans,
2777 4306 2998 4361 bonum
3034 4305 3300 4378 perficit),
3323 4320 3512 4374 neque
3541 4303 3681 4358 sim-

2035 4394 2264 4467 pliciter
2294 4394 2616 4451 allaborare
2647 4399 2711 4450 ut
2758 4395 2882 4451 vita
2927 4395 3326 4450 sustentanda“:
3358 4391 3680 4464 prospicia-

2035 4501 2170 4541 mns
2199 4485 2331 4556 (hoc
2379 4485 2536 4540 enim
2588 4489 2644 4540 et
2672 4484 2838 4540 inviti
2885 4501 2951 4540 ac
2979 4484 3148 4555 quasi
3199 4482 3458 4538 nolentes
3503 4480 3678 4535 facie-

2031 4591 2186 4642 mus,
2213 4580 2388 4647 atque
2418 4574 2658 4631 omnino
2680 4590 2915 4646 operam
2940 4573 3212 4629 dabimus
3237 4589 3327 4642 ne,
3355 4571 3403 4626 si
3436 4569 3676 4641 ignavias

2032 4680 2140 4719 nos
2172 4664 2528 4728 dederimus,
2563 4664 2716 4719 fame
2745 4662 3096 4734 pereamus),
3121 4662 3222 4716 sed
3253 4665 3319 4715 ut
3359 4659 3531 4715 etiam
3562 4663 3674 4714 Deo

2031 4752 2390 4824 placeamus,
2424 4759 2488 4806 ut
2538 4751 2956 4807 benedicamur
2985 4755 3042 4806 et
3072 4767 3178 4805 nos
3205 4753 3331 4805 et...
3364 4765 3540 4820 opera
3569 4763 3674 4802 no-

2031 4846 2170 4907 stra,
2203 4845 2263 4896 et
2293 4845 2357 4894 ut
2388 4840 2550 4895 labor
2577 4839 2676 4895 ille
2707 4845 2818 4896 Beo
2839 4845 3036 4912 gratus
3058 4855 3149 4894 res
3171 4839 3242 4895 ad
3273 4839 3452 4894 vitam
3475 4853 3678 4894 neces-

2031 4929 2215 4985 sarias
2245 4929 2415 4984 nobis
2466 4936 2755 4999 procuret,
2805 4933 3006 5001 utpote
3056 4926 3155 5000 qui
3185 4926 3348 4982 solus
3397 4931 3569 5000 aptus
3600 4926 3679 4982 sit

2032 5025 2088 5076 et
2117 5019 2592 5076 accommodatus
2644 5020 2916 5075 omnibus
2966 5019 3180 5090 quibus
3223 5018 3284 5073 in
3332 5019 3453 5074 vita
3481 5033 3675 5073 carere

2031 5127 2146 5165 non
2200 5125 2537 5180 possumus.
2596 5110 2793 5179 Neque
2841 5108 3154 5179 quisquam
3209 5125 3410 5164 eorum
3462 5107 3562 5178 qui
3614 5108 3675 5161 in

2030 5199 2252 5254 mundo
2275 5201 2414 5253 sunt
2436 5203 2493 5254 et
2517 5198 2713 5254 uxoris
2738 5214 3047 5268 rerumque
3075 5197 3445 5252 terrestrium
3473 5211 3676 5250 curam

2029 5291 2260 5359 gerunt,
2300 5286 2578 5342 fratribus
2627 5292 2787 5341 extra
2832 5285 3008 5340 vitam
3058 5287 3418 5341 mundanam
3468 5284 3678 5354 positis

2030 5375 2204 5441 dicat,
2242 5391 2369 5430 sese
2415 5374 2712 5431 laboribus
2760 5373 2970 5430 divinis
3019 5391 3252 5446 operam
3300 5389 3509 5428 navare
3558 5389 3676 5428 non

2032 5480 2222 5537 posse.
2256 5463 2416 5520 Talis
2464 5465 2621 5519 enim
2667 5468 2724 5519 et
2769 5462 3054 5534 insipiens
3085 5480 3213 5519 esse
3258 5468 3314 5520 et
3346 5463 3417 5519 ad
3450 5479 3518 5519 ea
3547 5478 3678 5533 quis

2031 5569 2140 5609 nos
2173 5552 2448 5624 dicimus,
2475 5553 2738 5608 animum
2769 5552 2926 5608 haud
2959 5552 3258 5609 advertere
3278 5551 3676 5610 convincetur.

2033 5641 2470 5699 Relaxationem
2501 5642 2654 5699 enim
2676 5641 2737 5697 in
2766 5639 2932 5698 vobis
2961 5641 3264 5713 punimus,
3287 5660 3402 5701 non
3434 5647 3676 5702 conten-
