4028 6202
383 326 494 386 531

1161 323 1586 386 EUSTATHII
1630 323 2394 385 THESSALONICENSIS
2441 324 3026 385 METROPOLITJE

3641 333 3742 393 532

385 459 605 517 tionem
638 459 1046 534 postulamus;
1079 458 1421 532 languorem
1444 462 1733 526 vetemus,
1768 476 1881 515 non
1906 475 2038 515 con-

2175 479 2352 512 ιτωσιν
2411 456 2730 531 κωλύομεν,
2787 457 2848 512 οὐ
2894 457 2958 512 τὸ
3001 455 3409 530 ἀκατάκαμπτον
3465 459 3741 534 βιαζόμεθαο

387 550 616 606 tinuam
665 549 1048 605 intentionem
1100 549 1499 620 imperamus;
1551 548 1876 604 effeminate
1905 549 2038 603 dor-

391 638 671 694 mientem
719 638 1240 710 expergefacimus,
1275 655 1390 693 non
1442 637 1898 710 requiescentem
1933 637 2041 710 eji-

391 727 601 784 cimus.
636 729 998 799 Quapropter
1028 726 1202 781 sinite
1250 727 1570 782 monachos
1602 726 1808 782 luctari
1841 731 1897 782 et
1928 727 2042 782 for-

395 817 528 873 titer
557 822 780 872 certare
815 834 827 871 :
861 833 961 871 vos
992 820 1188 870 autem
1244 816 1510 888 remisse,
1543 820 1714 888 prout
1760 815 2043 888 poteritis,

391 905 593 962 virtuti
625 923 690 960 ac
722 904 999 977 probitati
1033 905 1285 960 studete.

467 996 554 1050 14.
587 995 804 1066 Sponte
852 993 934 1048 illi
977 995 1189 1066 jugum
1242 993 1491 1062 Domini,
1525 995 1818 1049 interdum
1852 1009 2047 1068 grave,

394 1083 454 1139 in
487 1101 548 1141 se
578 1089 879 1156 receptum
919 1082 1171 1139 tollunt:
1209 1083 1480 1139 similiter
1508 1100 1608 1139 vos
1649 1100 1880 1156 quoque
1911 1100 2050 1155 por-

2149 545 2315 601 ὕπνου
2369 551 2466 601 τοῦ
2526 547 2600 608 ὡς
2656 547 2731 608 είς
2791 545 3092 616 θηλσότατον
3152 546 3508 620 ἑξεγείρομεν,
3565 549 3620 604 οὗ
3669 554 3744 608 τὸν

2150 636 2520 708 ἀναπαύσιμον
2599 634 2976 708 ἐξελαύνομεν.
3053 635 3259 691 Οὐκοῦν
3306 635 3457 710 ἄφετε
3507 637 3624 702 τοὺς
3670 663 3748 712 μο-

2151 725 2352 801 ναχοῦς
2411 723 2759 800 ἀγωνίζεσθαι
2838 723 3026 785 ἄλλως
3072 723 3160 778 καὶ
3220 723 3487 788 συντονίας
3539 724 3744 802 ἔχεσθαι·

2157 815 2309 887 ὑμεῖς
2343 811 2400 868 δὲ
2441 813 2765 888 ὑφειμένως,
2821 813 2896 876 ὡς
2955 811 3210 889 ἐγχωρεῖ.
3259 815 3663 889 μεταχειρίζεσθε
3699 820 3750 873 τὸ

2156 903 2420 978 ἐναρέτως
2470 902 2689 978 ἀγαθόν.

2233 990 2322 1050 ιδ“.
2381 990 2638 1066 Α’ίρουσιν
2694 990 2993 1046 ἐθελούσιοι
3052 990 3247 1046 ἐκεῖνοι
3304 992 3395 1046 τὸν
3451 996 3541 1046 τοῦ
3591 995 3754 1069 Κυρίου

2164 1081 2344 1158 ζυγὸν,
2420 1079 2560 1136 ἔστιν
2644 1080 2706 1136 οῦ
2783 1081 2970 1156 βαρὺν,
3048 1081 3234 1142 αὐτοῖς
3299 1079 3635 1154 ἐπικείμενον
3687 1083 3756 1138 ἐπὶ

393 1176 512 1229 tate
557 1172 703 1229 illud
755 1173 937 1244 quod,
969 1172 1054 1228 uti
1103 1173 1375 1228 Servator
1425 1177 1620 1228 noster
1668 1173 1764 1242 ait,
1809 1173 1933 1228 leve
1963 1175 2055 1247 est

397 1277 465 1318 ac
495 1261 772 1317 salutare.
809 1265 896 1316 Ita
926 1266 986 1317 et
1006 1277 1111 1316 vos
1143 1261 1277 1332 ipsi,
1309 1260 1544 1316 illorum
1569 1261 1776 1331 instar,
1810 1277 2054 1334 propor-

396 1351 696 1408 tionaliter
745 1355 966 1421 tamen,
1015 1349 1462 1406 benedicemini.
1513 1350 1952 1423 Exspectantes,
1992 1355 2058 1407 ut

401 1457 533 1496 cum
591 1440 810 1496 Davide
873 1439 1102 1512 loquar,
1159 1444 1499 1512 exspectant
1568 1440 1652 1494 illi
1713 1440 2052 1507 Dominum,

2175 1460 2247 1493 σιν
2287 1437 2647 1512 ὑπομένοντες
2705 1441 3003 1500 Δαυῖτικῶς
3056 1436 3253 1492 ἐκεῖνοι
3282 1437 3374 1492 τὸν
3430 1437 3633 1512 Κύριον,
3685 1437 3764 1493 ὅσα

401 1534 681 1600 tanquam
732 1528 1016 1584 columnae
1069 1529 1324 1584 immota
1372 1531 1500 1600 ejus
1546 1529 1854 1601 praeceptis
1903 1529 2056 1583 inni-

2175 1527 2254 1582 καὶ
2284 1526 2457 1588 κίονες
2490 1521 2771 1602 ἀστραϐεῖς
2827 1525 3185 1604 ὑφεστηκότες
3213 1531 3332 1588 τοῖς
3385 1524 3582 1580 ἐκεῖνου
3625 1547 3764 1602 προσ-

402 1621 595 1674 tentes
647 1636 659 1674 :
706 1618 878 1673 facite
931 1618 1086 1673 idem
1133 1624 1188 1673 et
1231 1634 1352 1681 vos,
1401 1623 1682 1690 tanquam
1735 1618 2058 1674 columellae

2175 1614 2422 1692 τοὶγμοισι⁹
2483 1621 2690 1670 ποιεῖτε
2742 1615 2906 1670 ταυτὸ
2962 1615 3052 1668 καὶ
3118 1615 3296 1688 ὑμεῖς,
3346 1615 3503 1669 ὁποῖα
3530 1613 3765 1670 στυλίσκοι

408 1707 613 1777 firmae,
645 1711 702 1761 et
733 1707 886 1762 sicut
915 1705 1056 1775 illis,
1079 1707 1244 1762 vobis
1275 1723 1502 1778 quoque
1525 1707 1715 1763 aderit
1747 1707 2054 1763 Dominus.

2175 1703 2467 1782 πραθεροί.
2511 1705 2616 1760 Καὶ
2666 1703 2914 1780 προσέξει
2954 1704 3044 1758 καὶ
3105 1703 3234 1776 ὑμῖν
3267 1701 3486 1775 ἐκεῖνος,
3541 1703 3662 1758 καθᾶ
3698 1705 3768 1758 καὶ

412 1797 706 1852 Laborant
731 1795 815 1850 illi
841 1796 912 1851 ad
945 1797 1216 1852 sudorem
1239 1813 1445 1868 usque,
1465 1796 1784 1852 humectati
1816 1795 1974 1852 velut
1997 1796 2055 1850 in

2175 1794 2377 1856 αὐτοῖς.
2414 1797 2710 1848 Πονοῦνται
2740 1792 2894 1846 αὐτοὶ
2929 1789 3059 1869 ἄχρι
3085 1791 3174 1846 καὶ
3222 1793 3300 1853 εἰς
3351 1789 3574 1867 ίδρῶτας
3615 1793 3772 1868 ὑγραί-

2394 1883 2406 1895 .
2488 1881 2501 1895 .
2565 1879 2584 1895 κ
2650 1880 2662 1895 ,
2943 1879 2957 1895 .
3024 1881 3052 1895 η
3100 1881 3112 1895 .
3355 1878 3370 1895 ς
3453 1877 3505 1895 μ.
3735 1881 3745 1895 ι

416 1884 646 1953 balneo,
679 1888 853 1956 atque
902 1883 1178 1958 lacrymis
1226 1884 1443 1940 cubilia
1473 1903 1580 1942 sua
1620 1886 2014 1942 madefaciunt
2045 1901 2060 1940 :

2175 1903 2348 1944 νοντες
2379 1883 2453 1945 ὡς
2484 1881 2535 1936 ἐν
2565 1879 2821 1954 λούματι,
2871 1879 2959 1935 καὶ
3023 1881 3316 1956 βρέχουσιν
3353 1878 3403 1934 ἐν
3449 1877 3654 1955 δάκρυσι
3701 1881 3776 1942 τὰς

413 1973 580 2029 vobis
610 1978 805 2029 autem
856 1973 1075 2045 quibus
1127 1991 1243 2028 non
1277 1974 1455 2030 iidem
1511 1975 1754 2030 sudores
1783 1973 2060 2029 divinitus

2175 1971 2346 2027 αὐτῶν
2405 1972 2712 2046 στρωμνάςο
2769 1967 2896 2024 ἀλλ’
2974 1969 3125 2042 ὑμῶν
3205 1969 3418 2041 ἑκάστῳ
3468 1969 3539 2041 μή
3598 1966 3779 2042 ἐνδαψι-

414 2063 674 2118 concessi
723 2066 860 2118 sunt
906 2063 1028 2133 (Dei
1086 2064 1242 2118 enim
1304 2064 1455 2119 dona
1513 2079 1643 2120 esse
1700 2063 1922 2120 scimus
1960 2061 2060 2117 illa

2175 2057 2458 2133 λευομένῳ
2507 2059 2686 2122 Θεόθεν
2743 2057 2879 2134 ὑγρᾶ
2926 2053 3058 2120 ἴσως
3101 2062 3329 2112 τοιαῦτα
3371 2059 3520 2130 (Θεοῦ
3564 2057 3652 2133 γὰρ
3695 2077 3777 2111 πα·

2165 1169 2344 1243 ὁμοίῳ
2373 1169 2559 1246 φόρτῳ
2592 1171 2752 1246 ἄρατε
2784 1169 2940 1244 ὑμεῖς
2968 1170 3083 1241 τὸν,
3117 1171 3190 1231 ὡς
3215 1167 3374 1232 αὐτὸς
3430 1168 3618 1232 ἐκεῖνος
3660 1169 3760 1249 ἔφη,

2164 1257 2398 1338 ἐλαφρὸν
2425 1260 2516 1314 καὶ
2564 1258 2826 1336 χρηστόψ
2874 1259 2964 1314 καὶ
3010 1259 3152 1313 οὕτω
3201 1259 3317 1313 κατ’
3376 1257 3615 1333 ἐκείνους,
3658 1261 3764 1316 ἁνα-

2166 1347 2333 1426 λόγος
2367 1349 2572 1422 μέντοι,
2622 1346 3061 1422 εύλογηθήσεσθε
3105 1349 3192 1402 καὶ
3248 1348 3403 1402 αύτοί
3481 1347 3765 1421 ἰ’πομένου-

411 2150 790 2207 scaturientia
831 2156 889 2207 et
920 2166 1019 2222 per
1070 2152 1582 2224 compunctionem
1633 2151 1840 2224 pluviae
1874 2153 2063 2207 instar

413 2239 787 2311 delabentis),
835 2257 939 2312 pro
997 2241 1209 2296 sudore
1266 2241 1534 2310 salutari,
1589 2241 1843 2297 sufficiet
1898 2257 2058 2311 aquae

411 2327 613 2384 hilaris
651 2329 929 2401 poculum
963 2330 1226 2386 infusum
1258 2329 1316 2384 in
1349 2347 1415 2386 os
1447 2329 1720 2402 pauperis
1761 2331 1830 2385 ad
1877 2329 2058 2385 animi

411 2417 852 2474 recreationem.
905 2419 964 2474 Si
997 2436 1130 2476 vero
1182 2419 1357 2475 etiam
1392 2419 1507 2474 vini
1553 2418 1774 2490 aliquid
1806 2419 2061 2474 addatur

411 2507 484 2562 ad
519 2523 616 2562 cor
645 2506 804 2562 illius
855 2507 1114 2564 hominis
1164 2508 1602 2578 testificandum,
1636 2513 1796 2579 tunc,
1832 2509 1909 2563 mi
1945 2509 2059 2564 fra-

411 2603 518 2667 ter,
564 2597 717 2652 haud
751 2597 1007 2670 amplius
1048 2615 1196 2670 opus
1246 2599 1490 2654 habebis
1523 2598 1604 2654 ita
1651 2599 1720 2654 ad
1755 2614 2057 2654 summum

413 2686 648 2742 virtutis
708 2686 941 2743 culmen
1009 2688 1272 2760 aspirare
1330 2692 1394 2743 ut
1444 2705 1576 2743 cum
1639 2689 1852 2744 sudore
1907 2703 2057 2743 ores.

415 2774 594 2831 Dulce
623 2775 781 2830 enim
811 2775 956 2831 illud
1006 2776 1384 2849 eleemosynze
1431 2777 1704 2849 poculum
1737 2778 2063 2850 imputatur

417 2863 523 2918 tibi
557 2881 659 2935 pro
690 2881 888 2920 amaro
921 2866 1158 2934 sudore,
1189 2870 1246 2922 et
1277 2867 1354 2922 ita
1399 2872 1574 2938 potus
1604 2883 1774 2938 quem
1807 2865 2060 2922 liberali-

418 2956 508 3008 ter
534 2951 846 3020 miscuisti,
887 2959 1158 3010 accurate
1205 2955 1610 3026 compensabit
1657 2957 1954 3022 sudorem,
2005 2958 2064 3010 et

421 3039 820 3096 misericordia
859 3057 974 3113 qua
1019 3042 1256 3099 fratrem
1305 3059 1555 3115 egenum
1605 3044 1980 3110 bumectasti,
2007 3047 2064 3099 et

2171 2148 2505 2226 ρειλήφαμεν
2566 2147 2700 2202 είναι
2752 2144 2901 2221 δῶρα
2949 2146 3038 2201 καὶ
3114 2150 3286 2201 ταῦτα
3354 2141 3663 2215 ἐκϐλύζοντα
3705 2146 3776 2200 καὶ

2166 2233 2615 2313 καταϐρεχόμενα
2673 2233 2762 2290 διὰ
2825 2235 3174 2308 κατανύξεως)
3257 2234 3467 2310 ἀρκέσει
3530 2235 3634 2289 ἀντὶ
3697 2235 3770 2307 μὲν

2170 2325 2443 2398 σωτηρίου
2477 2323 2708 2402 ἱδρῶτος
2766 2321 2958 2388 ὕδατος
3007 2322 3203 2400 ἱλαροῦ
3250 2324 3465 2393 κοτύλη
3510 2323 3768 2400 ἐγχεομὲνη

2169 2413 2238 2470 δι’
2271 2415 2422 2488 ὑμῶν
2457 2413 2533 2475 εἷς
2562 2411 2844 2489 πτωχικὸν
2900 2409 3075 2486 στόμα
3105 2410 3193 2467 ἐπὶ
3247 2411 3502 2486 ἀναψύξει
3554 2415 3650 2466 τῶν
3699 2410 3767 2466 ἐν·

2167 2503 2276 2566 τός.
2311 2502 2371 2558 Εἰ
2405 2499 2462 2556 δὲ
2489 2503 2579 2556 καὶ
2638 2499 2786 2556 oi’vou
2811 2498 3210 2576 έπισταλαχθῇ,
3264 2500 3342 2564 ὡς
3396 2499 3633 2578 εὐφρᾶναι
3659 2518 3772 2572 καρ-

2169 2589 2285 2646 δίαν
2315 2592 2606 2666 ἀνθρώπου
2635 2589 2907 2660 τοιούτου,
2945 2591 3138 2664 μηκέτι
3192 2591 3484 2665 κοπιάσῃς,
3514 2591 3556 2644 ὤ
3584 2587 3772 2663 ἀδελφέ,

2169 2681 2342 2743 οὕτως
2401 2679 2452 2742 ἐς
2514 2679 2698 2755 ἄκρον,
2751 2681 2826 2742 ὡς
2897 2679 2985 2734 καὶ
3044 2677 3335 2754 ἐνιδρῶσαι
3386 2683 3453 2753 τῇ
3506 2681 3774 2755 προσευχῇ.

2171 2767 2572 2844 Ἐλλελόγηται
2632 2769 2736 2846 γὰρ
2781 2789 2867 2824 σοι
2933 2769 2997 2823 τὸ
3051 2775 3152 2838 τῆς
3205 2767 3580 2842 ἐλεημοσύνης
3632 2767 3776 2823 ἐκεῖνο

2173 2857 2331 2934 ὑγρὸν
2411 2859 2473 2912 τὸ
2540 2855 2714 2933 γλυκὺ
2791 2857 2904 2912 ἀντὶ
2963 2855 3294 2934 ὑφαλμύρου
3340 2854 3653 2932 ἰδριιῖιματος⁴
3703 2853 3780 2910 καὶ

2173 2946 2314 3001 οὕτω
2377 2947 2471 3018 μὶν
2552 2944 2942 3017 ἀντισηκώσεις
3013 2946 3093 3018 τῷ
3149 2943 3348 3021 ἱδρῶτι
3402 2946 3534 3000 κατᾶ
3581 2945 3780 3017 σταθμὸν

2171 3030 2370 3110 ἀκριϐῆ
2424 3035 2487 3089 τὸ
2534 3033 2584 3108 ἐξ
2643 3033 3020 3108 ἐλεημοσύνης
3078 3039 3290 3110 κρᾶμα,
3335 3039 3440 3090 τῶν
3491 3032 3546 3089 δὲ
3573 3031 3781 3108 δακρύων

417 3129 622 3186 oculus
670 3128 832 3185 mitis
879 3131 939 3185 in
973 3129 1138 3187 illum
1201 3132 1518 3204 respiciens
1565 3138 1621 3188 et
1678 3132 2060 3188 humanitatis

2175 3146 2255 3179 σοι
2285 3126 2384 3194 τὴν
2418 3125 2611 3199 ἀρετὴν
2645 3122 2990 3200 ἐκπληρώσει
3037 3121 3358 3194 ἐξισωθεῖσα
3403 3127 3469 3198 τῇ
3517 3125 3626 3178 κατ’
3678 3122 3788 3176 ἐκεῖ·

415 3217 679 3275 laztitiam
723 3219 1076 3290 exprimens,
1121 3221 1510 3293 lacrymarum
1543 3221 1658 3277 vim
1691 3239 1756 3278 ac
1786 3222 2060 3277 virtutem

2175 3235 2266 3268 vov
2322 3187 2504 3289 βροχῇ
2554 3187 2860 3286 συμπάθεια
2902 3187 3130 3288 πτωχοῦ
3172 3187 3565 3290 ἀδελφοῦί-καὶ
3597 3210 3786 3288 βλέμμα

417 3305 633 3364 habere
665 3307 1053 3380 reputabitur.

486 3398 570 3452 15.
605 3397 664 3452 Si
697 3401 891 3452 autem
924 3401 1130 3468 praeter
1153 3397 1309 3453 hunc
1331 3399 1547 3455 fontem
1573 3398 1866 3454 ocularem
1889 3399 2065 3455 etiam

411 3483 511 3540 ille
564 3484 824 3552 inferior,
857 3502 922 3541 os
970 3486 1123 3554 dico,
1167 3502 1365 3542 vocem
1405 3486 1871 3544 ‘consolatoriam
1921 3488 2064 3543 emi-

415 3573 579 3642 serit,
615 3579 673 3630 et
703 3573 882 3630 simul
915 3591 1048 3630 cum
1080 3592 1214 3632 voce
1247 3577 1579 3649 proruperit
1607 3577 1884 3650 lacryma,
1916 3594 2065 3649 quae,

414 3668 615 3734 utpote
645 3681 678 3718 ιι
708 3680 884 3719 manu
921 3664 1076 3720 haud
1110 3666 1394 3733 abstersa,
1423 3668 1481 3721 in
1513 3667 1709 3723 sinum
1743 3667 2066 3738 descendit,

415 3755 472 3808 et
503 3751 634 3807 hinc
665 3770 897 3824 quoque
929 3753 1127 3809 fratris
1171 3754 1630 3811 consolationem
1662 3756 1896 3827 promit,
1927 3761 2069 3810 tunc

415 3839 604 3896 virtus
637 3840 930 3911 ejusmodi
983 3842 1242 3898 hominis
1287 3843 1477 3900 tribus
1531 3843 1816 3900 bonorum
1849 3843 2071 3916 generi-

416 3927 528 3984 bus
558 3931 874 4000 conspicua
906 3946 972 3984 ac
1024 3930 1324 3987 laudanda
1351 3936 1461 4001 est,
1514 3932 1796 3988 nimirum
1829 3937 2068 4004 aspectu

416 4015 556 4084 leni,
605 4017 895 4089 colloquio
950 4025 1281 4087 mansueto,
1329 4022 1555 4077 actione
1603 4022 1882 4078 beneﬁca.
1935 4022 2070 4085 Quae

419 4105 530 4160 tria
571 4106 670 4160 ubi
720 4108 1078 4178 possederis,
1129 4109 1324 4164 nescio
1379 4110 1449 4165 de
1498 4110 1712 4181 quibus
1757 4109 2072 4166 sudoribus

419 4209 485 4249 ac
523 4192 801 4267 lacrymis
831 4195 1066 4267 gloriari
1119 4199 1348 4270 possint
1397 4199 1586 4254 adhuc
1638 4200 1736 4271 qui
1772 4198 2072 4270 perpetuis

421 4283 692 4355 precibus
711 4283 1063 4341 incumbunt
1079 4291 1136 4342 et
1168 4288 1500 4359 frequenter
1521 4305 1648 4344 sese
1671 4291 2069 4360 prosternunt,

417 4373 562 4429 adeo
611 4377 675 4429 ut
722 4373 898 4430 etiam
951 4379 1008 4430 te
1055 4377 1127 4432 ad
1179 4392 1372 4448 genua
1401 4377 1689 4433 ﬂectenda
1739 4392 2072 4450 permovere

420 4460 618 4531 velint,
650 4466 716 4517 ut
760 4463 906 4534 ipsis
946 4481 1016 4519 ex
1064 4469 1229 4537 parte
1277 4465 1491 4520 similis
1525 4467 1650 4521 ﬁas.
1685 4470 1750 4521 Et
1781 4466 1921 4537 quid
1974 4465 2072 4521 ille

2176 3305 2364 3382 ἰλαρὸν
2397 3305 2534 3380 πρὸς
2562 3304 2791 3375 ἐκεῖνον,
2821 3304 2912 3360 καὶ
2942 3303 2994 3376 ἐξ
3025 3302 3148 3375 ἐλεη
3161 3306 3410 3377 μοσύνης
3441 3303 3702 3380 γαλήνιον.

2252 3395 2328 3451 ιε’.
2365 3395 2425 3450 Εἰ
2458 3391 2516 3449 δὲ
2542 3397 2610 3468 τῇ
2661 3393 2859 3468 ὀπτικῇ
2915 3393 3082 3467 ταύτῃ
3128 3397 3285 3470 πηγῆ
3327 3393 3417 3448 καὶ
3464 3396 3498 3462 ἡ
3533 3393 3639 3466 μετ’
3679 3389 3786 3446 αὐτὸ

2177 3483 2488 3557 κατωτέρω,
2565 3485 2600 3552 ἡ
2669 3482 2806 3537 κατὰ
2869 3482 3064 3556 στόμα,
3121 3477 3377 3537 ἐκϐλύσει
3429 3481 3586 3556 λόγον
3637 3481 3788 3554 παρή-

2178 3593 2364 3650 γορον,
2399 3569 2543 3627 δοκῶ
2581 3593 2698 3645 μοι,
2727 3571 2819 3626 καὶ
2850 3568 3079 3646 δάκρυον
3108 3569 3303 3626 αὐτίκα
3327 3575 3406 3642 τῷ
3438 3569 3584 3645 λόγῳ
3633 3587 3790 3623 συνεκ-

2180 3660 2502 3738 δραμεῖοθαι
2537 3704 2552 3729 ,
2645 3663 2776 3737 ὅπερ
2873 3661 3083 3734 ἀποψᾷν
3159 3662 3195 3730 ὴ
3277 3658 3425 3731 δεξιὰ
3495 3659 3614 3736 χεὶρ
3682 3659 3794 3730 ἆμε-

2181 3749 2392 3822 λήσασα
2449 3751 2538 3806 καὶ
2591 3753 2687 3804 τοῦ
2762 3746 2972 3804 κόλπου
3045 3749 3314 3825 γενομένη
3353 3792 3368 3818 ,
3423 3749 3497 3810 ὡς
3547 3745 3631 3801 καὶ
3680 3744 3795 3800 ἐκεῖ·

2183 3851 2267 3904 θεν
2351 3840 2834 3915 παρηγορήσεσθαι
2901 3838 2994 3894 τὸν
3049 3834 3312 3915 ἀδελφὸν,
3401 3835 3796 3904 ἀποκαταστήσει

2179 3931 2242 3984 τὸ
2299 3928 2508 3984 ἐκείνου
2585 3928 2779 4003 ἀγαθὸν
2853 3927 2928 3990 εἰς
3004 3926 3127 4000 τρία
3200 3924 3370 3996 καλά,
3449 3926 3510 3981 τὸ
3567 3923 3650 3980 διὰ
3695 3922 3795 3986 θέας

2179 4017 2483 4094 ἐπαγωγοῦ,
2556 4017 2619 4072 τὸ
2694 4014 2784 4071 διὰ
2848 4013 3073 4090 ὁμιλίας
3124 4013 3425 4088 ἐμμελοῦς,
3481 4015 3567 4070 καὶ
3623 4013 3679 4068 τὸ
3725 4008 3800 4065 διὰ

2180 4107 2422 4180 πράξεως
2479 4103 2839 4182 εὖεργετικῆς.
2893 4107 3067 4179 ’Ἀπερ
3122 4105 3222 4159 οὐκ
3281 4101 3402 4158 οῖδα
3453 4101 3620 4157 ποίων
3663 4097 3799 4174 ἱδρώ-

2180 4217 2288 4250 των
2320 4196 2407 4250 καὶ
2469 4192 2713 4270 δακρύων
2773 4195 2838 4249 ού
2891 4195 3402 4269 κατακαυχήσονται
3465 4190 3540 4248 ἔτι
3595 4188 3800 4266 ἐχόμενα

2180 4280 2557 4347 κατακλῶντες
2615 4285 2665 4337 οἱ
2723 4289 2822 4353 τῆς
2882 4280 3203 4358 ἐνδελεχοῦς
3261 4288 3576 4357 προσευχῆς
3629 4277 3804 4350 ἄνθρω-

2179 4393 2296 4441 ποι,
2341 4372 2432 4427 καὶ
2465 4375 2638 4448 συχνά
2696 4371 3018 4448 βάλλοντες,
3075 4372 3158 4427 ὅτι
3189 4373 3279 4426 καὶ
3313 4371 3392 4434 είς
3434 4377 3536 4447 γῆν
3582 4365 3802 4435 ὀκλάζειν

2181 4483 2239 4516 σε
2290 4461 2588 4532 πείθουσιν,
2672 4461 2748 4523 ὡς
2812 4460 3236 4538 ὑπογιγνώσκειν
3291 4461 3396 4530 τὴν
3450 4460 3584 4534 πρὸς
3640 4453 3807 4514 αὐτοὺς

421 4550 520 4622 qui
570 4567 750 4623 supra
800 4553 1109 4609 modum...
1159 4553 1230 4609 ad
1283 4554 1702 4609 continentiam
1755 4571 2060 4626 provocant

2185 4550 2562 4626 παρεξίσωσιν.
2613 4550 2716 4606 Καὶ
2786 4551 2839 4605 τί
2903 4551 2932 4605 ὑ
2988 4550 3124 4624 πρὸς
3182 4549 3442 4625 ἀμετρίαν
3503 4547 3804 4623 ἐγκρατευτι-

421 4656 558 4696 eum
590 4639 690 4712 qui
722 4641 955 4704 anobis
985 4642 1226 4698 edoctus
1250 4642 1386 4698 est?
1415 4643 1589 4699 Decet
1619 4643 1857 4699 omnino
1887 4660 2060 4716 genui

2186 4645 2296 4702 κῶς
2328 4637 2772 4712 προκαλούμενος
2802 4640 2894 4694 τὸν
2931 4637 2982 4694 ἐν
3014 4642 3150 4713 ἡμῖν
3198 4635 3586 4710 διδασκόμενον
3612 4653 3624 4703 ;
3674 4639 3808 4687 Γονυ·

425 4729 674 4798 ﬂectere,
709 4747 741 4785 ο
774 4731 950 4786 frater
981 4730 1269 4803 religiose,
1294 4738 1581 4803 quantum
1617 4738 1780 4805 potes
1806 4750 1818 4788 :
1843 4733 2060 4804 quandt

2188 4728 2446 4800 κλίτησον
2479 4728 2803 4805 ἀναγκαίως,
2865 4729 2909 4784 ὧ
2951 4728 3087 4783 κατὰ
3138 4727 3268 4784 Θεὸν
3295 4724 3516 4804 ἀδελφὶ,
3577 4723 3647 4785 είς
3699 4720 3804 4774 ὅσον

427 4822 621 4872 autem
675 4835 791 4873 non
845 4819 1023 4890 vales,
1056 4820 1197 4875 oﬂ‘er
1247 4821 1363 4875 Deo
1417 4837 1615 4893 preces
1665 4826 1798 4878 tuas
1830 4829 2054 4877 erectus

2190 4816 2429 4872 δύνασαισ
2495 4820 2570 4890 μὴ
2631 4818 2893 4894 ἐξισχύων
2951 4815 3009 4873 δὲ
3047 4816 3218 4888 ὅλως,
3245 4815 3533 4890 πρόσευξαι
3586 4817 3661 4884 τῷ
3711 4809 3808 4878 Θεῷ

429 4904 584 4959 haud
610 4905 848 4962 ﬂectens
868 4925 1037 4979 genu,
1059 4910 1384 4964 secundum
1421 4911 1861 4966 sanctissimum
1887 4909 2051 4964 illum

2189 4907 2536 4976 καθηκόντως
2613 4904 2973 4982 ὀρθοστάδην,
3054 4907 3130 4980 μὴ
3211 4905 3477 4977 κάμπτων
3527 4901 3649 4976 γόνυ
3690 4894 3807 4952 κατᾶ

425 4992 495 5048 de
527 5009 642 5064 quo
674 4994 891 5051 dicitur
925 5013 937 5052 :
973 4997 1217 5052 Stetitin
1249 4997 1582 5054 calamitate
1604 4999 1699 5055 ille
1729 5016 1932 5056 servus
1953 4997 2053 5054 Dei

2188 4997 2277 5050 τὸν
2313 4997 2612 5070 ἁγιώτατον
2641 4995 2852 5068 τοῦτον,
2912 4998 3108 5065 "Em,
3165 4995 3360 5073 φησὶν,
3422 4992 3475 5047 ἐν
3530 4995 3596 5066 τῇ
3621 4986 3808 5064 Θραῦσει

427 5087 483 5138 et
516 5084 874 5156 propitiavit,
909 5091 963 5140 et
995 5087 1212 5142 malum
1249 5088 1522 5155 cessavit,
1555 5095 1614 5144 et
1644 5090 1711 5143 ad
1748 5089 2060 5144 satietaten'

2191 5085 2217 5137 6
2250 5082 2397 5139 δεῖνα
2429 5087 2673 5160 θεράπων
2708 5090 2864 5151 Θεοῦ,
2895 5085 2986 5140 καὶ
3046 5084 3351 5156 ἐξιλάσατο,
3413 5081 3502 5137 καὶ
3557 5081 3617 5134 τὸ
3667 5074 3806 5132 κακὸν

424 5189 613 5244 usque
659 5173 967 5246 colligatus
1001 5182 1057 5230 et
1103 5182 1404 5232 contortus
1456 5177 1513 5230 in
1547 5177 1647 5232 tali
1682 5177 1915 5233 tristitia
1949 5193 2051 5248 per

2190 5172 2479 5244 ἐπαύσατο,
2511 5175 2600 5228 καὶ
2634 5174 2889 5249 ἐκορέσθη
2934 5173 3216 5250 κρινωθεὶς
3273 5171 3501 5239 ἐκεῖνος,
3551 5169 3635 5224 καὶ
3688 5163 3810 5220 οὕτω

423 5262 612 5329 stitit;
667 5270 944 5335 praeterea
993 5265 1043 5318 ei
1096 5282 1306 5321 manus
1359 5267 1624 5322 Mosaicae
1674 5284 1787 5321 non
1832 5267 1891 5320 in
1925 5272 2060 5321 terr:

2190 5263 2533 5338 σφαιριυθεὶς,
2564 5264 2654 5318 καὶ
2689 5263 2927 5338 συστολῇ
2958 5263 3180 5337 τοιαύτῃ
3209 5262 3499 5336 γνόμενος,
3560 5257 3631 5313 ἔτι
3685 5252 3810 5320 αύτῷ

425 5351 698 5423 suﬂ‘ultae,
733 5353 829 5408 ubi
861 5353 1144 5425 propheta
1194 5355 1469 5425 fatigatus
1519 5359 1662 5423 erat,
1697 5371 1799 5426 per
1829 5356 2060 5427 ﬁguran

2190 5353 2243 5406 αἱ
2278 5353 2525 5410 Μωσαϊκὶ
2560 5358 2744 5428 χεῖρες
2774 5351 2835 5407 ού
2867 5353 3002 5428 πρὸς
3052 5357 3120 5428 τῇ
3303 5347 3656 5424 ἐρειδόμεναι,
3709 5361 3810 5428 συγ·

427 5446 918 5512 repraesentarunt
950 5443 1214 5499 futurum
1259 5445 1452 5500 crucis
1484 5443 1831 5500 miraculum
1875 5449 2060 5500 erecta

2190 5440 2521 5516 χαλωμένου
2568 5427 2665 5498 τοῦ
2713 5427 3021 5521 προφήτου,
3073 5427 3330 5519 ἐνήργουν
3387 5433 3649 5496 τυπωδῶς
3677 5435 3734 5486 τὰ
3761 5427 3804 5521 ἐν

431 5529 504 5584 ad
549 5529 760 5587 coelum
809 5536 985 5604 atque
1029 5533 1116 5589 sic
1161 5533 1432 5605 precibus
1481 5533 1765 5589 auxilium
1815 5532 2060 5590 divinum

2191 5515 2395 5606 ὑστέρῳ
2435 5531 2623 5608 χρόνῳ
2654 5515 2913 5606 σταυρινκὰ
2949 5515 3226 5607 τεράστια,
3276 5525 3713 5604 μεταρσιοόμεναι
3740 5515 3806 5577 εἷς

437 5618 820 5676 attrahentes.

2189 5620 2437 5696 οὐρανὸν,
2468 5622 2559 5677 καὶ
2590 5620 2734 5678 οὕτω
2759 5618 3119 5686 καθέλκουσαι
3150 5618 3222 5676 δι’
3276 5617 3453 5694 εὐχῆς
3504 5616 3599 5684 τὴν
3630 5611 3800 5672 ἐκεῖθεν

2191 5709 2470 5788 βοήθειαν.
