4028 6202
299 343 398 406 533

1635 331 1713 393 IN
1759 329 1982 392 PSAL.
2027 329 2301 394 XLVIII.

3553 330 3672 391 534

361 476 428 535 ις’.
459 471 705 544 Μίμησαι
750 469 844 523 καὶ
894 464 1255 530 διδασκάλους
1311 465 1554 522 ἐνταῦθα.
1606 463 1680 517 ὧν
1726 459 1901 522 οὐδεὶς

2090 464 2176 518 16.
2215 462 2450 520 Imitare
2481 463 2575 518 hic
2623 462 2801 520 etiam
2859 461 3170 534 magistros
3201 477 3455 534 quorum
3499 479 3670 519 nemo

298 563 373 618 ἐπὶ
437 579 693 635 πρσωπου
748 555 1259 634 καταρρηγνύμενος
1344 551 1547 632 ὠφελεῖ
1638 548 1904 605 διδάσκων

288 651 400 711 τοὺς
446 648 824 720 μανθάνοντας.
875 644 1209 717 Ἐνθύμησαι
1253 643 1342 698 καὶ
1390 642 1454 696 τό
1515 661 1528 674 ·
1588 661 1615 695 ιι
1654 641 1824 708 Ἓστη
1878 638 1907 692 6

284 741 470 808 Ἰησοῦς
512 734 596 790 ἐπὶ
655 736 826 791 τόπου
898 730 1140 802 πεδινοῦ,
1217 734 1309 787 καὶ
1367 735 1582 796 πλῆθος
1642 729 1901 801 μαθητῶν

280 827 402 882 πολὺ
430 825 547 900 περὶ
578 823 735 879 αὑτὸν
771 842 785 856 ’
840 848 869 875 ››
918 823 979 878 ού
1034 824 1140 896 μὴν
1191 826 1506 898 γονυπετῶς
1557 817 1792 885 διετέθη.
1827 811 1894 868 Εἴ

277 915 327 971 δὶ
349 914 428 969 καὶ
457 912 643 982 πολλή
677 915 877 989 χρῆσις
925 911 1168 987 γονάτων
1215 909 1469 981 κλίσεως,
1527 907 1618 962 καὶ
1654 903 1901 981 ἱδρώτων

277 1001 575 1076 ἑκϐλύσεως,
623 1005 716 1058 καὶ
763 1002 939 1058 αὐτῶν
989 1003 1125 1056 κατά
1181 995 1458 1076 θρόμϐους
1521 996 1764 1071 αἱμάτων
1813 990 1905 1048 καὶ

275 1093 498 1170 δακρύων
556 1092 888 1169 καταρῥοῆς,
936 1091 1028 1146 καὶ
1083 1091 1259 1146 κόπου
1308 1089 1409 1151 ἔως
1457 1088 1546 1143 καὶ
1594 1088 1670 1149 εἱς
1720 1085 1900 1160 μελῶν

273 1184 489 1258 πίρεσιν,
544 1180 696 1237 ἀλλά
747 1182 858 1256 ἐγὼ
909 1182 1002 1237 τὸν
1043 1181 1170 1236 Θεὸν
1222 1180 1313 1235 καὶ
1365 1177 1522 1234 αὑτὸν
1581 1173 1759 1243 εἲδὼς,
1811 1173 1902 1229 καὶ

269 1274 358 1340 τήν
410 1270 572 1325 αὑτοῦ
630 1267 966 1338 δεσποτείαν,
1026 1269 1108 1324 ὅτι
1163 1275 1266 1323 πᾶν
1315 1267 1513 1343 ἀγαθὸν
1563 1264 1900 1338 ἀνθρώπινον

272 1357 537 1429 εἶσοδιάζει
595 1359 963 1432 κομιζόμενον
1030 1356 1201 1430 αὐτῷ,
1277 1357 1368 1410 καὶ
1426 1352 1578 1410 οὐδὶν
1634 1353 1904 1423 ἰξουθενοῖ

271 1450 346 1505 καὶ
396 1453 758 1523 παραμετρῶν
811 1447 946 1502 αύτά
986 1454 1062 1501 πῆ
1130 1448 1223 1520 μὶν
1273 1443 1519 1518 δυνάμει,
1555 1449 1630 1511 πῆ
1681 1439 1738 1495 δὲ
1769 1439 1901 1495 ἀδυ-

268 1538 434 1610 ναμίᾳ,
463 1540 532 1610 τῇ
560 1537 678 1591 κατ’
733 1533 1038 1610 ἄνθρωπον,
1094 1533 1272 1589 ἐκεῖνα
1323 1534 1416 1606 μὲν
1463 1533 1537 1586 ὧν
1599 1531 1752 1603 ὑμεῖς
1785 1529 1899 1605 ἐφι-

265 1633 484 1690 κνεῖσθαι
544 1626 648 1681 ούκ
693 1623 867 1701 ἔχετε,
919 1625 995 1686 εἰς
1043 1618 1489 1698 ὑπερϐάλλουσαν
1538 1621 1754 1693 τίθεμαι
1785 1619 1902 1694 ἀρε-

264 1718 370 1786 τήν.
398 1715 602 1774 Ὀπόσα
635 1713 695 1770 δὲ
724 1715 814 1770 καὶ
864 1717 953 1769 οἷα
1000 1712 1223 1775 ἐκείνοις
1267 1718 1385 1775 τοῖς
1438 1709 1697 1787 μεγάλοις
1728 1709 1896 1782 ἀγῶσι

263 1805 340 1860 καὶ
387 1803 652 1876 καμάτοις
699 1804 790 1858 καὶ
831 1803 1022 1864 κόποις
1092 1796 1535 1870 ὑποϐιϐάζονται,
1595 1799 1670 1861 εἰς
1731 1797 1895 1871 λόγον
1927 1824 1974 1889 Β

263 1891 584 1966 συμμετρίας
637 1891 948 1958 ἀποτάσσω,
980 1891 1044 1958 ἧς
1088 1890 1140 1944 οἱ
1183 1886 1406 1948 πλείους
1453 1889 1561 1942 τῶν
1599 1887 1718 1940 καθ’
1747 1886 1896 1956 ἡμᾶς

265 1981 548 2056 ἀνθρώπων
586 1978 972 2054 στοχάζονται,
1002 1977 1092 2033 καὶ
1130 1976 1368 2050 μάλιστα
1401 1976 1453 2030 οἱ
1507 1974 1776 2050 βιωτικοὶ,
1807 1972 1897 2026 καὶ

261 2075 350 2139 τῆς
380 2071 452 2132 ὡς
486 2067 754 2124 ἄκάστοτε
791 2063 999 2144 τύρϐης
1045 2067 1135 2122 καὶ
1169 2064 1434 2142 ἀσχολίας
1463 2065 1515 2135 ἐξ
1545 2065 1784 2139 ἀνάγκης
1816 2085 1900 2139 γι-

260 2157 462 2230 νόμενοι
495 2177 510 2191 ο
561 2157 659 2219 οῦς
707 2155 909 2231 ἐνάγων
954 2155 1032 2218 είς
1062 2154 1467 2230 ἀγαθοπραγίαν
1495 2158 1576 2226 τῷ
1601 2153 1692 2207 νῦν
1723 2157 1900 2227 καιρῷ

262 2249 576 2323 πρέπουσαν,
667 2246 758 2300 καὶ
833 2245 1261 2317 ἀναμιμνήσκων
1347 2239 1719 2317 γονυκλισίας,
1773 2241 1900 2317 περὶ

260 2339 318 2404 ἧς
363 2335 428 2404 ἦν
476 2339 776 2411 προσεχῶς
823 2335 960 2407 ἡμῖν
1002 2335 1031 2388 6
1080 2331 1263 2409 λόγος,
1296 2331 1441 2406 λιγω
1482 2331 1594 2399 καὶ,
1627 2329 1711 2385 ὅτι
1741 2331 1770 2384 6
1796 2331 1898 2399 τὴν

261 2427 432 2500 ψυχὴν
487 2424 784 2497 κάμπτων,
842 2423 933 2478 καὶ
989 2423 1052 2478 τὸ
1106 2421 1362 2496 σαρκικὸν
1411 2421 1590 2484 ἀτενὲς
1645 2421 1902 2497 φρόνημα

262 2511 617 2584 κατακλίνων,
675 2513 766 2567 καὶ
821 2513 884 2567 τὸ
962 2510 1119 2582 δῆθεν
1187 2509 1475 2585 περιφανὲς
1555 2510 1901 2584 ὑπερήφανον

261 2599 500 2672 ἀλαμπὶς
561 2598 870 2673 ἀποτελῶν,
920 2600 994 2662 ὡς
1068 2599 1178 2653 οἷον
1231 2601 1326 2672 ζῇν
1376 2595 1638 2673 ἐγκρυφῖμ
1669 2596 1761 2650 καὶ
1823 2597 1898 2669 μὴ

259 2688 729 2766 πραγματεύεσθαι
778 2690 841 2744 τὸ
883 2683 1270 2764 περίϐλεπτον,
1320 2684 1467 2741 ἀλλά
1511 2687 1647 2741 κατά
1690 2691 1793 2740 πᾶν
1837 2685 1900 2740 τὸ

259 2780 372 2854 περὶ
423 2779 586 2834 αὑτὸν
638 2779 916 2856 ὸπίροφρυ
961 2778 1052 2833 καὶ
1117 2777 1182 2832 τὸ
1238 2776 1376 2832 κατά
1433 2773 1610 2847 οίήσιν
1667 2773 1898 2851 αἰθέριον

260 2872 535 2924 ταπεινοῦν
587 2865 694 2930 ἕως
739 2875 867 2944 γῆς,
899 2867 1102 2930 ἐκεῖνος
1145 2865 1244 2922 ούκ
1290 2865 1351 2921 ἃν
1402 2862 1580 2920 δέοιτο
1622 2867 1901 2938 κατακάμ-

260 2961 393 3032 ψεως
445 2960 716 3034 γονάτων,
774 2957 906 3014 ὅλον
964 2957 1150 3013 ἑαυτὸν
1194 2961 1264 3032 τῇ
1319 2956 1640 3012 ταπεινώσει
1703 2955 1902 3032 καταρο

263 3043 452 3121 ῥίπτων
509 3045 592 3109 εἷς
646 3048 771 3122 γῆν,
827 3042 936 3116 ἤδη
1001 3043 1059 3102 δὲ
1107 3044 1198 3100 καὶ
1252 3044 1328 3107 ὡς
1368 3045 1459 3099 οἷα
1504 3041 1747 3114 σκώληξ,
1778 3040 1904 3098 οὐδὲ

258 3138 346 3189 τοῦ
425 3135 564 3212 ὑπὲρ
644 3141 750 3210 γῆς
826 3133 1106 3209 φαίνεσθαι
1190 3131 1387 3208 κρίνων
1461 3131 1710 3203 κατάξιον
1781 3131 1903 3186 δαυ-

257 3223 340 3278 τόν
351 3267 362 3280 .

323 3321 400 3389 ιζ’.
432 3323 618 3378 Ἑστω
674 3323 804 3395 γοῦν
851 3318 1001 3393 ὑμῖν,
1055 3318 1100 3372 ὦ
1155 3314 1405 3392 ἀδελφοὶ,
1463 3317 1552 3372 καὶ
1603 3318 1666 3372 τὸ
1719 3336 1902 3372 ταπει-

254 3412 464 3475 νοῦσθαι
531 3407 898 3485 γονυκλίσεων
965 3405 1270 3464 ἀντίδοτον.
1343 3407 1450 3463 Καὶ
1505 3408 1568 3462 τὸ
1620 3402 1898 3480 σύμϐολον

255 3500 347 3563 τῆς
393 3498 802 3570 ταπεινώσεως,
857 3498 956 3567 τὴν
1015 3496 1151 3552 κατά
1203 3503 1308 3573 γῆς
1373 3495 1519 3573 ῥίψιν
1578 3494 1901 3566 ῗδιάζοντες,

256 3586 336 3642 ὅτε
367 3589 443 3661 μή
481 3585 713 3643 δύνασθε
761 3581 1095 3663 προϐάλλειν
1145 3586 1299 3658 αὐτὸ,
1330 3585 1498 3656 αὐτῆς
1545 3584 1755 3654 ἐκείνης
1798 3593 1900 3655 τῆς

253 3675 300 3730 ὲν
344 3674 451 3752 ὅλῃ
502 3679 660 3752 ψυχῇ
715 3676 1097 3736 ταπεινώσεως
1146 3673 1355 3749 γίνεσθε
1386 3691 1399 3705 ’
1460 3674 1549 3728 καὶ
1599 3671 1788 3736 ἄλλως
1845 3670 1903 3728 δὲ

253 3769 502 3829 νοοῦντες
557 3765 656 3834 τήν
711 3768 820 3819 τῶν
887 3765 1131 3839 γονάτων
1208 3763 1345 3818 κατά
1399 3769 1500 3838 γῆς
1554 3761 1757 3830 κλίσιν,
1811 3761 1900 3817 καὶ

256 3854 388 3912 οὕτω
418 3858 746 3930 σωματικὴν
809 3855 946 3911 κατά
992 3855 1213 3926 κλῆσιν,
1264 3853 1575 3925 κωλυτικὴν
1624 3854 1757 3910 εἶναι
1801 3858 1901 3910 τοῦ

258 3942 514 4018 βαδίζειν,
569 3942 873 4021 βαδιστικοὶ
927 3942 1130 4017 τρόπον
1181 3939 1352 3997 ἄλλον
1396 3939 1710 4016 μεθοδεύετε
1765 3941 1899 3996 εἶναι

253 4029 560 4096 πολυειδῶς
617 4031 693 4094 είς
743 4032 962 4108 ἀρετήν.
1023 4031 1122 4086 Καὶ
1179 4029 1452 4106 λογίζεται
1510 4030 1638 4102 ύμῖν
1687 4031 1715 4084 ὁ
1772 4031 1902 4093 Θεὸς

253 4120 375 4176 αὐτὸ
406 4121 488 4184 εἷς
521 4121 717 4196 ἀγαθὸν
766 4117 920 4176 οὐδὲν
962 4123 1061 4176 τοῦ
1105 4117 1438 4195 γονυκλίνειν
1488 4117 1734 4188 ἔλαντον,
1785 4116 1899 4173 ἐπεί

251 4229 331 4264 τοι
377 4211 470 4266 καὶ
520 4210 887 4288 φυσικώτερον
935 4207 1049 4283 ἅμα
1092 4208 1182 4264 καὶ
1227 4206 1596 4284 ινεργὲστερον
1639 4208 1727 4262 καὶ
1759 4227 1896 4283 πρα-

252 4303 576 4376 κτικώτερον
625 4299 994 4365 κατακλισεως
1066 4302 1101 4371 ἠ
1180 4300 1461 4363 ἀνάσταςις
1515 4301 1605 4355 καὶ
1662 4300 1898 4354 ἀναπαυ-

257 4411 354 4464 σις,
384 4390 465 4447 ἔτι
501 4388 559 4446 δὲ
614 4392 702 4446 καὶ
731 4388 830 4446 τοῦ
878 4394 1282 4463 κατακάμπτειν
1333 4387 1521 4452 καλῶς
1574 4385 1803 4444 κάλλιον
1835 4388 1899 4442 τὸ

2015 552 2177 607 vultu
2208 553 2266 607 in
2320 557 2534 608 terram
2585 553 2773 609 deﬁxo
2807 553 3022 608 docens
3071 549 3380 622 discipulis
3411 552 3668 622 prodest.

2018 641 2340 696 Recordare
2371 642 2550 697 etiam
2581 642 2722 698 dicti
2753 641 2912 696 illius
2949 664 2962 699 ;
2999 664 3020 689 ε
3061 640 3231 696 Stetit
3259 640 3434 696 Jesus
3464 640 3524 695 in
3545 639 3669 697 loco

2017 746 2247 799 saxoso,
2299 734 2356 785 et
2402 746 2617 802 magna
2673 731 3101 800 discipulorum
3152 727 3472 785 multitudo
3518 730 3672 785 circa

2015 835 2151 876 eum
2178 837 2192 886 ;
2227 840 2256 867 ››
2289 835 2404 874 non
2433 819 2611 890 igitur
2641 836 2832 891 genua
2863 819 3040 874 ﬂexit.
3073 819 3320 874 Etiamsi
3350 835 3485 874 vero
3514 817 3671 874 mul—

2014 911 2139 962 tum
2187 906 2426 978 prodest
2474 921 2732 976 genuum
2787 905 2977 971 ﬂexio,
3007 910 3064 960 et
3117 904 3351 960 sudoris
3385 905 3670 977 profusio,

2015 1000 2074 1052 et
2119 995 2509 1068 lacrymarum
2541 995 2964 1067 sanguinisque
3020 994 3187 1066 copia
3235 994 3434 1050 densis
3490 993 3669 1051 stillis

2015 1083 2301 1149 deﬂuens,
2359 1099 2466 1156 ego
2520 1089 2740 1153 tamen,
2801 1087 3002 1155 utpote
3060 1099 3421 1154 cognoscens
3484 1084 3664 1140 Deum

2013 1175 2261 1242 ejusque
2315 1171 2663 1243 potentiam,
2711 1187 2827 1242 qua
2875 1171 3074 1225 omnia
3122 1171 3274 1226 bona
3323 1171 3662 1228 hominibus

2011 1260 2280 1332 largitur,
2297 1276 2486 1331 neque
2509 1260 2832 1332 quidquam
2853 1259 3023 1314 nihili
3055 1259 3216 1326 facit,
3239 1261 3340 1315 sed
3363 1277 3430 1316 ea
3446 1261 3661 1332 partim

2011 1347 2227 1415 robori,
2261 1350 2474 1420 partim
2525 1347 2855 1403 infirmitati
2903 1347 3210 1402 hominum
3241 1349 3500 1420 adaptat,
3531 1366 3659 1421 ego,

2011 1438 2278 1509 inquam,
2310 1437 2410 1493 illa
2432 1454 2564 1509 quas
2581 1453 2686 1492 vos
2717 1437 2950 1507 assequi
2984 1453 3100 1492 non
3131 1436 3397 1507 potestis,
3420 1438 3660 1509 egregiae

2009 1526 2242 1582 virtutis
2294 1541 2424 1582 esse
2475 1542 2701 1581 censeo.
2755 1528 3126 1596 Quaecunque
3180 1515 3374 1580 autem
3430 1526 3661 1597 magnis

2006 1613 2125 1670 illis
2155 1615 2578 1670 certaminibus
2616 1619 2674 1669 et
2705 1613 3005 1669 laboribus
3053 1619 3112 1668 et
3139 1613 3355 1669 studiis
3385 1613 3663 1669 inferiora

2005 1709 2167 1772 sunt,
2199 1704 2270 1758 ad
2305 1703 2768 1758 mediocritatem
2810 1701 3019 1767 refero,
3052 1701 3145 1756 cui
3176 1701 3440 1773 plerique
3469 1701 3659 1757 homi-

2008 1808 2112 1847 nes
2157 1792 2375 1847 addicti
2407 1797 2566 1861 sunt,
2599 1795 2656 1846 et
2702 1791 3076 1864 potissimum
3106 1791 3146 1845 ii
3193 1791 3294 1862 qui
3329 1790 3656 1847 necessario

2007 1880 2186 1952 hujus
2215 1880 2350 1935 vitae
2378 1880 2570 1936 turbis
2591 1884 2767 1952 atque
2795 1880 2953 1934 curis
2975 1879 3482 1951 constringuntur,
3505 1895 3654 1950 quos

2007 1970 2080 2025 ad
2111 1969 2478 2024 honestatem
2508 1967 2645 2024 huic
2675 1967 2923 2040 tempori
2971 1968 3408 2024 convenientem
3440 1969 3654 2040 perdu-

2009 2074 2149 2113 cens
2198 2061 2256 2112 et
2300 2073 2558 2128 genuum
2610 2056 2895 2124 ﬂexionis,
2928 2057 2998 2112 de
3047 2073 3162 2128 qua
3210 2057 3512 2128 hucusque
3551 2073 3654 2112 no-

2010 2145 2101 2201 bis
2147 2162 2340 2202 sermo
2397 2146 2530 2214 fuit,
2577 2144 3108 2200 commonefaciens
3155 2146 3307 2216 dico,
3359 2161 3493 2201 eum
3551 2145 3656 2218 qui

2009 2235 2270 2290 animam
2316 2232 2582 2298 inclinat,
2640 2239 2697 2288 et
2741 2233 3035 2289 carnalem
3085 2249 3324 2290 sensum
3375 2234 3652 2303 deﬂectit,

2009 2330 2068 2381 et
2121 2324 2408 2394 superbiae
2454 2321 2904 2378 ostentationem
2953 2323 3026 2378 ad
3087 2323 3384 2379 modestia:
3432 2327 3655 2394 tempe-

2010 2411 2260 2467 rantiam
2309 2411 2557 2475 reducit,
2608 2410 2689 2465 ita
2737 2414 2801 2465 ut
2847 2410 3014 2480 quasi
3062 2410 3121 2465 in
3173 2411 3514 2467 abscondito
3573 2410 3660 2467 vi-

2009 2506 2107 2555 vat
2161 2515 2348 2572 neque
2404 2516 2602 2555 coram
2661 2500 2880 2554 mundo
2938 2499 3197 2569 conspici
3253 2501 3484 2572 gestiat,
3553 2502 3657 2558 sed

2010 2605 2183 2644 omne
2221 2587 2602 2660 supercilium
2651 2593 2710 2644 et
2738 2587 2888 2644 altos
2936 2588 3184 2660 spiritus
3213 2595 3500 2661 quantum
3531 2589 3658 2646 ﬂeri

2011 2682 2203 2749 potest
2253 2678 2584 2749 [deprimat,
2643 2692 2778 2732 eum
2857 2676 2986 2733 dico
3042 2693 3159 2734 non
3238 2695 3386 2750 Opus
3442 2679 3657 2735 habere

2011 2781 2271 2837 genuum
2320 2765 2586 2833 ﬂexione,
2640 2765 2858 2837 quippe
2907 2765 3008 2836 qui
3056 2765 3359 2823 humiliter
3405 2783 3533 2824 sese
3584 2768 3656 2823 ad

2009 2859 2225 2910 terram
2275 2855 2608 2926 prosternit,
2661 2857 2718 2910 et
2771 2852 2950 2910 veluti
3003 2855 3241 2925 vermis,
3269 2859 3364 2927 [ne
3414 2857 3658 2927 dignum

2012 2943 2252 3016 quidem
2301 2959 2429 3000 sese
2476 2941 2774 3000 existimat
2826 2943 2928 3015 qui
2984 2959 3166 3016 supra
3214 2949 3429 3003 terram
3473 2945 3659 3002 extol-

2010 3031 2188 3089 latur.

2082 3318 2170 3372 17.
2208 3318 2404 3388 Itaque
2434 3333 2536 3389 pro
2566 3333 2828 3390 genuum
2859 3319 3126 3384 ﬂexione,
3148 3335 3181 3374 ο
3207 3320 3438 3389 fratres,
3462 3320 3661 3376 humi-

2011 3405 2145 3462 litas
2174 3406 2340 3462 vobis
2373 3407 2452 3462 sit
2486 3423 2659 3462 cura.
2689 3406 2836 3462 Cum
2869 3413 3062 3463 autem
3096 3407 3427 3480 symbolum
3460 3408 3662 3463 humi-

2009 3493 2193 3550 litatis
2224 3495 2304 3550 sit
2334 3494 2661 3566 provolutio
2687 3495 2748 3550 in
2779 3501 3019 3560 terram,
3069 3495 3349 3567 quoniam
3377 3497 3437 3552 id
3470 3499 3658 3553 facere

2009 3582 2287 3655 nequitis,
2309 3587 2432 3639 tota
2452 3584 2763 3640 animavos
2801 3583 3109 3640 humiliate
3127 3601 3142 3651 ;
3163 3590 3435 3640 ceterum
3459 3590 3658 3642 autem

2009 3672 2355 3744 cogitantes,
2405 3687 2664 3743 genuum
2715 3673 2787 3727 ad
2843 3676 3056 3728 terram
3108 3672 3477 3729 inﬂexionem
3527 3689 3659 3730 esse

2009 3777 2345 3832 corpoream
2364 3777 2475 3832 qua
2497 3761 2662 3832 gradi
2682 3760 3216 3832 prohibemini,alio
3233 3762 3406 3817 modo
3419 3762 3478 3816 in
3492 3762 3656 3818 omni

2006 3848 2242 3904 virtutis
2274 3865 2481 3921 genere
2512 3849 2782 3920 progredi
2809 3849 3115 3905 studeatis.
3150 3850 3266 3906 Hoc
3296 3851 3453 3906 enim
3492 3851 3656 3906 vobis

2006 3939 2068 3993 in
2099 3938 2314 3994 bonum
2363 3937 2730 4008 reputabitur
2755 3953 2788 3993 a
2827 3937 2944 3992 Deo
2974 3936 3131 3992 haud
3164 3938 3362 3994 minus
3394 3955 3572 4010 quam
3604 3939 3657 3995 si

2007 4043 2198 4098 genua
2238 4026 2568 4094 ﬂexissetis,
2603 4025 2895 4097 siquidem
2945 4027 3294 4082 resurrectio
3337 4033 3396 4083 et
3426 4028 3660 4100 requies

2009 4115 2193 4186 magis
2237 4119 2323 4171 est
2374 4119 2595 4170 natura:
2644 4114 2994 4170 conveniens
3042 4119 3100 4170 et
3146 4115 3436 4172 efﬁcacior
3481 4121 3539 4172 et
3585 4118 3659 4173 ad

2005 4203 2181 4260 vitam
2232 4203 2480 4259 activam
2534 4202 2768 4271 utilior;
2828 4207 3104 4273 praeterea
3146 4203 3197 4259 si
3245 4204 3377 4276 quis
3427 4205 3573 4262 bene
3599 4222 3662 4263 se

2009 4291 2272 4362 inclinat,
2318 4291 2530 4347 melius
2561 4291 2736 4347 etiam
2785 4295 2904 4346 stat
2928 4296 3126 4348 rectus
3155 4295 3221 4347 ut
3247 4293 3365 4348 Deo
3395 4293 3657 4365 placeat;

2008 4381 2263 4454 denique
2306 4379 2708 4437 immobilitati
2741 4384 2980 4451 praestat
3028 4379 3308 4436 honestus
3350 4385 3571 4452 motus,
3599 4387 3661 4440 et

254 4479 549 4556 θωρέστως
605 4479 916 4554 ὀρθοῦσθαι,
1001 4479 1091 4532 καὶ
1169 4481 1266 4533 τοῦ
1344 4476 1668 4548 ἀκινητίζειν
1723 4477 1785 4531 τὸ
1843 4474 1899 4532 εὗ

2013 4471 2221 4526 melius
2264 4470 2440 4526 habet
2471 4469 2544 4525 ad
2595 4485 2828 4525 omnem
2862 4468 3237 4524 directionem
3283 4486 3410 4525 sese
3439 4476 3660 4528 vertere

256 4570 530 4640 κινεῖσθαι,
557 4567 646 4623 καὶ
701 4571 798 4622 τοῦ
844 4564 930 4642 ἔφ’
974 4565 1090 4630 ὶνὸς
1140 4565 1340 4642 βαίνειν
1389 4566 1482 4622 καὶ
1532 4565 1676 4622 οὕτω
1707 4565 1900 4640 στηρί-

2013 4576 2185 4630 quam
2219 4575 2334 4615 uno
2367 4558 2514 4630 pede
2542 4562 2798 4614 stantem
2829 4556 3019 4613 eidem
3048 4556 3172 4613 loco
3203 4557 3502 4614 inhaerere.

261 4661 365 4726 ζειν
396 4656 462 4713 τὸ
493 4657 582 4711 καὶ
614 4654 1034 4734 εύπερίστροφον
1073 4653 1149 4719 ὠς
1178 4653 1474 4732 εὔμορφον.

331 4757 423 4826 ιη’.
482 4755 604 4812 Ἒτι
655 4752 716 4808 ού
774 4751 1017 4823 δύνασαι,
1065 4753 1110 4808 ὧ
1160 4752 1211 4808 ἐν
1255 4758 1336 4826 τῷ
1387 4753 1491 4830 βίῳ
1531 4750 1749 4832 ἀδελφὲ,
1799 4773 1902 4821 νη-

264 4841 460 4898 στεύειν
495 4859 508 4872 ·
586 4836 729 4907 ἔσθιε
781 4841 1034 4917 μετρίως,
1087 4838 1179 4895 ’ίνα
1240 4843 1315 4913 μὴ
1379 4839 1635 4916 ῥᾳθύμως
1687 4839 1900 4916 διάγῃς.

263 4929 510 5006 Καθάπερ
540 4927 770 4986 ἀλλοῖον
826 4930 922 5002 μὶν
969 4932 1077 5004 πῦρ
1120 4929 1182 4983 τὸ
1226 4925 1528 4984 διακονικὸν
1580 4929 1669 4983 καὶ
1699 4933 1901 5005 χρειῶ-

264 5013 346 5078 δες
378 5018 617 5090 ἑτεροῖον
651 5017 709 5072 δὶ
763 5018 826 5072 τὸ
883 5015 1258 5091 τιμωρητικὸν
1437 5013 1620 5088 δασείᾳ
1669 5020 1738 5090 τῇ
1769 5015 1905 5071 κατά

264 5104 390 5182 ὅρος
420 5112 503 5184 (τὸ
539 5112 631 5184 μὶν
664 5112 764 5187 γὰρ
799 5106 1080 5188 ὠφέλιμόν
1113 5106 1245 5178 ἐστι,
1265 5109 1328 5163 τὸ
1352 5105 1410 5164 δὶ
1437 5108 1627 5164 λοιπὸν
1649 5110 1902 5184 ἀχρειοῦν

264 5197 358 5265 δὴν
420 5197 562 5270 ὕλην
622 5197 1109 5271 διεπινεμήσεται),
1143 5193 1284 5251 οὕτω
1325 5198 1415 5251 καὶ
1462 5199 1636 5276 τροφή
1689 5197 1905 5270 σύμμε-

263 5304 382 5358 τρος
444 5288 538 5360 μὲν
601 5292 823 5360 συνιστᾷ
893 5283 1146 5360 ἐλλόγως
1218 5285 1312 5340 τὸν
1367 5282 1672 5361 ἄνθρωπον,
1734 5291 1907 5354 ζωπυ-

268 5374 428 5450 ροῦσα
451 5377 520 5431 τὸ
587 5377 724 5432 κατὰ
775 5375 928 5453 φύσιν
979 5370 1282 5446 ἔνθερμον·
1344 5375 1378 5442 ἡ
1442 5371 1498 5428 δὲ
1555 5370 1787 5450 ἄμετρος
1828 5374 1905 5438 είς

267 5464 406 5536 πάθη
439 5465 639 5522 ἐκκαίει
688 5463 1030 5543 ἀφανιστικά,
1081 5459 1148 5516 δι’
1197 5463 1270 5516 ὧν
1330 5461 1536 5536 αἰωνίῳ
1564 5463 1694 5537 πυρὶ
1732 5484 1906 5543 παρα-

269 5551 534 5628 πίμπεται
593 5556 622 5611 6
694 5541 912 5632 τρυφῶν
987 5548 1213 5628 ἄμετρα.
1293 5552 1411 5609 Ἔτι
1480 5555 1672 5608 Λοῦσαι
1732 5541 1903 5630 ῥύπου

272 5638 598 5719 ἀπογυμνῶν
647 5643 860 5714 ἑαυτὸν,
913 5640 960 5696 εί
1015 5637 1104 5695 καὶ
1165 5635 1352 5703 ἄλλως
1401 5637 1653 5716 πλίνθον,
1687 5639 1718 5698 6'
1755 5663 1906 5720 φασι,

2083 4755 2166 4809 18.
2203 4755 2400 4820 Porro,
2433 4754 2513 4809 mi
2560 4755 2758 4823 frater,
2791 4753 2891 4826 qui
2940 4753 2998 4808 in
3050 4754 3271 4809 mundo
3319 4753 3505 4826 degis,
3538 4771 3655 4812 non

2011 4846 2175 4914 potes
2197 4843 2506 4913 jejunare;
2537 4843 2642 4899 ede
2672 4859 2802 4898 cum
2836 4842 3251 4910 moderatione,
3289 4859 3360 4899 ne
3389 4843 3657 4901 mollitici

2012 4931 2385 4986 succumbas.
2419 4932 2922 4998 Quemadmodum
2951 4931 3100 4987 alius
3126 4937 3215 4987 est
3243 4932 3397 5005 ignis
3428 4933 3526 5006 qui
3559 4933 3662 4989 ho-

2014 5020 2240 5073 minum
2274 5021 2482 5076 usibus
2522 5025 2579 5076 et
2608 5021 2936 5076 commodis
2983 5020 3248 5091 inservit,
3279 5027 3336 5077 et
3376 5022 3528 5078 alius
3558 5023 3660 5094 qui

2015 5107 2222 5163 silvam
2271 5115 2613 5165 montanam
2665 5112 2901 5165 devorat
2949 5109 3116 5178 (alter
3145 5111 3302 5166 enim
3353 5111 3516 5167 utilis
3547 5117 3659 5180 est,

2016 5195 2163 5252 alter
2212 5201 2431 5265 autem,
2464 5199 2684 5255 nullius
2733 5199 2972 5254 omnino
3016 5199 3188 5269 frugi,
3234 5201 3473 5255 arbores
3524 5217 3660 5256 con-

2016 5288 2253 5358 sumet),
2297 5286 2380 5342 ita
2426 5287 2600 5343 etiam
2633 5287 2800 5343 cibus
2850 5287 3147 5343 moderate
3195 5293 3470 5359 sumptus
3521 5306 3660 5346 con-

2016 5379 2208 5431 servat
2233 5376 2560 5449 hominem,
2588 5377 2832 5432 calorem
2889 5381 3110 5432 naturae
3138 5376 3578 5434 convenientem
3609 5379 3662 5436 ei

2019 5464 2438 5537 suppeditans;
2491 5467 2873 5523 immoderate
2901 5469 3176 5538 acceptus
3223 5465 3281 5520 in
3313 5467 3658 5539 passionum

2017 5553 2479 5627 peruiciosarum
2512 5555 2810 5612 ﬂammam
2832 5555 3251 5626 exuritquibus
3279 5555 3455 5613 homo
3485 5557 3656 5615 luxu-

2016 5642 2122 5700 riei
2153 5659 2333 5716 supra
2362 5645 2603 5702 modum
2627 5644 2860 5704 deditus
2889 5643 3012 5717 igni
3041 5648 3255 5702 aeterno
3282 5645 3550 5704 traditur.
3574 5648 3655 5706 De
