4028 6202
259 351 358 410 5J1

1574 343 1653 403 IN
1694 343 1911 406 PSAL.
1959 343 2238 406 XLVIII.

3485 346 3608 407 538

255 477 502 553 ἀπρόσιτοι
545 475 628 528 καὶ
677 472 1142 548 ἀπροσπέλαστοι.
1195 498 1222 525 ››
1268 474 1595 548 Μαινόμενοί
1644 496 1706 550 γε
1756 473 1840 529 οῦ-

1965 477 2219 533 viximus
2272 493 2431 546 ;uon
2488 476 2642 533 enim
2717 475 3146 533 contribulibus
3215 474 3505 531 terribiles
3555 480 3613 533 et

250 589 342 634 τοι,
391 563 470 619 καὶ
525 560 714 616 λύσσαν
792 561 977 638 ἀγρίαν
1037 559 1466 638 ἐνδομυχοῦντες
1503 606 1516 632 ,
1577 563 1666 618 καὶ
1727 560 1852 618 οὐδὲ

250 655 484 731 ἄνθρωποι
527 653 657 728 πρὸς
700 649 978 722 ἀλήθειαν,
1032 651 1176 708 ἀλλᾶ
1225 650 1542 728 θηριώδεις·
1578 653 1718 707 ὀκνῶ
1747 654 1849 730 γὰρ

251 740 592 817 δαιμονιώδεις
641 742 836 796 εἷπεῖν⁶
890 740 1106 797 ἆκείνων
1152 744 1255 819 γὰρ
1299 742 1389 798 καὶ
1449 742 1626 814 μόνων
1677 740 1850 818 ἄχθος

251 832 363 908 μέγα
401 831 482 885 καὶ
530 830 674 901 λύπη
729 831 918 908 βαρεῖα
961 831 1048 886 καὶ
1099 830 1256 907 ὀργὴ,
1291 831 1375 887 ὅτι
1427 833 1502 905 μή
1556 832 1636 887 ἀεὶ
1686 852 1850 886 κατα-

247 917 528 988 ϐάλλουσιν,
560 920 617 974 ὃν
650 917 710 974 ἂν
739 918 1020 976 ἐθέλωσιν.

297 1099 384 1153 κα’.
440 1095 783 1174 Ἐλευθέρους
849 1099 996 1172 ἡμᾶς
1067 1098 1331 1153 τοιούτων
1404 1098 1704 1174 ἀνθρώπων
1760 1095 1844 1168 εἴη

241 1190 486 1263 συντηρῶν
544 1187 572 1241 ὁ
627 1187 781 1256 Θεὸς,
841 1186 1076 1250 ἐκείνους
1130 1208 1188 1242 τε
1243 1186 1498 1262 ἀπάγων,
1557 1188 1648 1242 καὶ
1709 1185 1850 1262 μηδέ

236 1296 334 1330 τινα
388 1274 435 1345 ἐξ
488 1277 649 1347 ἡμῶν
729 1277 903 1353 ἀφιεὶς
976 1275 1200 1338 ἐκείνοις
1269 1278 1661 1353 συναπάγεσθαι
1691 1323 1706 1349 ,
1759 1276 1849 1331 καὶ

233 1364 356 1419 οὕτω
383 1369 568 1434 κοπιᾷν
625 1363 701 1427 εἰς
750 1361 902 1419 ούὸὶν
954 1363 1201 1430 ούδόλως
1243 1361 1464 1444 ὄφελος,
1495 1365 1531 1435 ἢ
1561 1371 1639 1438 τῷ
1690 1366 1849 1421 α’ῗῶνι

229 1451 384 1524 τούτῳ
428 1455 728 1528 σύμφορον,
776 1453 812 1522 ἢ
861 1458 940 1526 τῷ
989 1452 1100 1509 ἐκεῖ
1143 1455 1233 1510 καὶ
1281 1454 1576 1528 τελευταίῳ
1623 1457 1711 1510 καί
1746 1477 1851 1529 μο-

228 1540 355 1612 νίμῳ
397 1541 484 1595 καὶ
531 1539 745 1614 αἰωνίῳ
796 1541 1095 1618 σύντροχον
1145 1545 1306 1616 ἡμῖν,
1358 1545 1495 1618 πρὸς
1544 1549 1676 1599 Θεοῦ
1728 1545 1850 1619 ἀρέ-

229 1649 406 1702 σκειαν,
463 1631 547 1684 ὅτι
607 1633 686 1702 μή
743 1632 834 1685 καί
891 1629 1108 1704 μᾶλλον
1157 1631 1486 1710 ἀμφοτέροις
1518 1630 1847 1707 ἐνάρμοστον

225 1717 300 1773 καὶ
330 1717 600 1780 λυσιτελὲς
635 1718 710 1781 εἰς
762 1716 916 1774 οὐδὲν
967 1721 1174 1779 ὁτιοῦν.
1213 1723 1338 1778 Τῶν
1382 1743 1440 1776 τε
1468 1722 1571 1797 γὰρ
1612 1721 1847 1777 αἰωνίων

228 1809 415 1882 ἀγαθῶν
491 1806 637 1861 οὕτω
718 1808 892 1880 μάτην
975 1808 1201 1873 ἐνταῦθα
1279 1808 1648 1879 πεπονηκότες
1706 1809 1852 1864 έκπί-
1883 1849 1928 1912 Β

604 1895 618 1912 ι
702 1894 716 1912 τ
812 1896 867 1912 η,
993 1893 1035 1912 (υ
1127 1893 1152 1912 ιι
1402 1897 1430 1910 ν
1713 1899 1726 1912 ι
1828 1900 1841 1912 .

222 1915 456 1968 πτομεν,
528 1895 620 1950 καὶ
697 1894 748 1949 ἐν
811 1896 915 1971 βίῳ
990 1893 1047 1951 δί
1123 1893 1552 1972 δυσπραγοῦντες
1603 1899 1728 1973 περί
1785 1900 1851 1953 τὰ

223 1983 418 2060 φλύαρα
473 1984 562 2039 καὶ
627 1989 826 2061 μικροῦ
881 2005 1026 2046 τινος
1087 1984 1207 2056 ἄξια
1265 1985 1433 2062 λόγου
1488 1991 1594 2042 τῶν
1627 1986 1851 2057 ἀξιολο-

333 2073 344 2094 Γ
607 2075 624 2096 \
867 2075 878 2094 Ι
1064 2075 1077 2093 ν
1193 2098 1212 2108 ρ
1292 2075 1306 2096 Ι
1613 2075 1686 2096 ’λη
1793 2078 1806 2098 \

220 2094 453 2149 γωτατων
529 2096 624 2129 και
703 2087 992 2139 θειοτατων
1053 2079 1454 2150 αποξενουμεθα
1488 2119 1501 2134 .
1563 2083 1698 2132 Ουοε
1748 2098 1848 2154 γαρ

219 2159 327 2216 οὐδὲ
372 2161 718 2236 ἀθροίζεσθαι
769 2162 846 2224 εἷς
891 2163 984 2217 τὸν
1029 2168 1131 2217 τοῦ
1179 2169 1312 2220 Θεοῦ
1355 2165 1479 2220 ναὸν
1514 2165 1762 2238 ἀξιοῦμεν
1797 2167 1850 2220 οἱ

220 2248 566 2325 μεριμνῶντες
623 2251 801 2327 μωρὰ,
849 2252 940 2306 καὶ
991 2250 1178 2315 ἄλλως
1231 2251 1288 2308 δὲ
1338 2254 1462 2328 περὶ
1502 2252 1689 2309 πολλὰ
1715 2275 1847 2330 τυρ-

217 2333 469 2408 ϐάζοντες,
526 2340 622 2394 καὶ
685 2339 933 2416 βιωτικοὶ
997 2341 1090 2412 μὲν
1155 2342 1287 2396 εἶναι
1344 2343 1477 2396 πάνυ
1526 2364 1580 2398 τι
1631 2342 1846 2420 ἐφιέμε-

216 2449 303 2495 νοι,
350 2433 444 2483 τοῦ
492 2426 824 2505 παραδείσου
878 2426 934 2483 δὲ
983 2429 1230 2504 γενέσθαι
1283 2431 1577 2503 ἄνιέμενοι,
1625 2431 1715 2486 καὶ
1768 2433 1843 2505 μὴ

215 2514 617 2590 ἐνθυμούμενοι,
661 2517 737 2578 ὡς
785 2522 1028 2572 τοιοῦτον
1087 2517 1204 2592 βίον
1247 2514 1527 2593 τρίϐοντες
1576 2519 1698 2574 οὕτε
1725 2526 1847 2583 τοῖς

213 2605 330 2658 έπτᾶ
388 2603 582 2681 μερίδα
655 2605 790 2660 κατὰ
858 2607 921 2660 τὸ
991 2606 1149 2670 θείως
1225 2607 1605 2684 γεγραμμένον
1663 2606 1844 2664 διδόα-

215 2714 317 2765 μεν,
372 2694 459 2749 κάὶ
513 2698 635 2757 τοῖς
692 2694 837 2749 ὀκτὼ
894 2692 1020 2749 οὐδὲ
1080 2690 1359 2752 ὀϐολιαῖόν
1412 2718 1466 2752 τι
1516 2697 1848 2774 ἆπομεριζό⁹

219 2793 359 2852 μεθα.
1475 2791 1480 2794 ’
1677 2811 1679 2813 ί

271 2889 369 2964 κβ’.
401 2888 495 2943 Διὸ
554 2886 797 2964 εὔχομαι
850 2888 978 2952 τοὺς
1039 2889 1114 2952 εἷς
1154 2890 1218 2945 τὸ
1271 2892 1515 2968 ἁγίασμα
1558 2897 1654 2948 τοῦ
1712 2899 1845 2949 Θεοῦ

212 2975 640 3053 εἰσερχομένους,
699 2978 788 3034 καὶ
844 2978 926 3033 ἀεὶ
979 2978 1338 3057 φυλάττεσθαι
1394 2980 1578 3044 αὐτοῖς
1637 2983 1845 3052 ἀξιοῦν-

212 3085 295 3127 τας
345 3086 406 3120 το
459 3070 714 3121 τοιοῦτον
774 3068 993 3142 ἀγαθὸν,
1059 3069 1133 3141 μὴ
1183 3067 1406 3141 κάμνειν
1457 3070 1593 3124 κατά
1636 3071 1844 3147 ἀνθρώ-

209 3173 332 3221 πων,
367 3152 505 3227 μηδέ
550 3161 740 3210 πονεῖν
782 3157 918 3211 κατὰ
964 3161 1072 3210 τῶν
1119 3156 1440 3235 ὁμοφύλων,
1471 3156 1598 3223 ἕνθα
1626 3181 1687 3234 γε
1717 3157 1842 3214 οὐδὲ

208 3242 328 3296 κατὰ
377 3248 484 3296 τῶν
544 3243 740 3305 ἁπλῶς
794 3242 1124 3322 ἀλλοφύλων
1186 3246 1304 3315 εἰκῆ
1363 3247 1453 3301 καί
1510 3250 1685 3320 μάτην
1736 3269 1840 3320 μο-

208 3331 346 3404 χθεῖν
391 3328 556 3399 ἔστιν,
621 3330 668 3386 εἰ
729 3333 805 3405 μή
863 3354 916 3387 τι
971 3330 1074 3408 ἄρα
1129 3331 1321 3409 ἐχθροὶ
1370 3333 1566 3389 ἐκεῖνοι
1614 3341 1748 3390 Θεοῦ
1804 3337 1840 3408 ἢ

211 3417 463 3491 βασιλέως
495 3418 896 3490 διεκπίπτουσι,
933 3418 1075 3493 μηδὲ
1121 3426 1317 3491 κοπιᾷν
1361 3423 1499 3477 κατά
1542 3428 1650 3477 τῶν
1684 3422 1837 3480 οὐδὲν

205 3506 375 3562 αἰτίων
429 3510 819 3582 ὁμοθρήσκων,
878 3510 967 3564 καὶ
1027 3515 1208 3588 σαφῶς
1266 3509 1527 3585 ὀνομάσαι
1585 3513 1843 3589 ὁμοχρι-

209 3601 439 3652 στιανῶν·
501 3597 652 3654 ἀλλὰ
728 3603 900 3671 μισεῖν
977 3598 1233 3673 ὑπερλίαν
1293 3601 1356 3654 τὸ
1410 3605 1658 3656 τοιοῦτον
1717 3623 1781 3657 κο
1814 3635 1838 3646 -

206 3682 390 3757 πίαμα,
437 3684 529 3741 καὶ
594 3684 772 3761 λέγειν
819 3682 1066 3756 ἕκαστον,
1116 3689 1191 3750 ὡς
1240 3690 1419 3744 Τοῦτο
1465 3687 1639 3752 κόπος
1696 3689 1836 3744 ἐστὶν

207 3768 422 3828 ἐνώπιόν
489 3795 621 3846 μου,
677 3773 995 3848 συγκόπτων
1052 3776 1141 3830 καὶ
1198 3777 1545 3849 κατατέμνων
1596 3779 1682 3832 καὶ
1737 3779 1837 3848 τὴν

205 3860 327 3914 κατὰ
375 3866 598 3935 πνεῦμα
652 3861 922 3938 συμφυΐαν
975 3861 1349 3939 ἆποδιαιρῶν,
1409 3865 1498 3920 καὶ
1555 3863 1836 3942 χορδεύων

206 3948 311 4002 οἷον
340 3951 440 4019 τὴν
471 3949 654 4014 ἔνθεον
697 3949 1045 4025 ὁλομᾶλειαν.
1100 3951 1252 4023 Πλὴν
1298 3951 1445 4009 ἔσται
1489 3975 1582 4027 μοι
1631 3955 1694 4010 τὸ
1745 3976 1839 4011 κο-

201 4039 386 4112 πηρὸν,
437 4039 598 4117 φησὶ,
644 4044 804 4094 τοῦτο
853 4042 1048 4109 πάθος,
1093 4039 1175 4096 ὅτι
1228 4044 1302 4114 μὴ
1353 4039 1500 4107 ἔλθω
1549 4043 1624 4104 είς
1684 4046 1839 4119 ἁγια-

203 4127 407 4201 στήριον
463 4131 567 4183 τοῦ
625 4131 777 4182 Θεοῦ·
838 4124 1021 4184 ἔκτοτε
1069 4127 1126 4185 δὲ
1157 4131 1230 4192 ὡς
1260 4129 1357 4193 ⁸είς
1391 4128 1594 4206 δρόμον
1631 4129 1838 4187 ἀποδυ-

201 4212 414 4286 σάμενος
448 4262 464 4289 ,
527 4214 598 4270 δι’
665 4215 725 4271 ού
801 4213 1219 4293 ὑπερϐαίνοντας
1285 4221 1373 4274 καὶ
1433 4217 1836 4285 ἀποδιώκοντας

202 4298 449 4375 δαίμονας
499 4303 814 4381 ἀπορρίψω,
864 4307 924 4361 τὸ
958 4306 1208 4384 ἀχθεινὸν
1236 4307 1386 4364 τουτὶ
1417 4307 1835 4387 φορολογεῖν....

201 4410 403 4447 οπτεται
454 4399 576 4455 τοῖς
635 4394 710 4456 εἰς
767 4395 896 4450 Θεὸν
951 4396 1231 4472 τρέχουσι,
1290 4399 1382 4452 καὶ
1429 4399 1504 4460 ὡς
1551 4403 1632 4472 τῷ
1671 4399 1838 4474 ὑπερ-

199 4480 352 4555 φώτῳ
394 4480 586 4556 ἡλίῳ,
633 4486 714 4555 τῷ
764 4487 1008 4556 Θεῷ,““’
1060 4483 1482 4560 ἐλλαμψόμενος
1531 4486 1836 4564 ἀπορῥίψο-

1961 565 2397 622 inaccessibiles
2439 565 2679 621 fuimus.
2717 565 3036 621 Furibundi
3095 563 3330 636 quidem
3391 563 3496 635 illi,
3558 569 3616 620 et.

1963 653 2121 709 rabie
2169 655 2344 709 feroci
2403 653 2627 726 repleti,
2694 671 2894 711 revera
2947 672 3057 709 non
3129 654 3418 722 homines,
3508 653 3609 708 sed

1961 743 2258 812 bestiales,
2322 749 2386 799 ut
2445 760 2515 799 ne
2573 745 2763 799 dicam
2823 762 2856 799 a
2903 743 3133 799 diabolo
3176 743 3422 799 obsessi.
3477 744 3611 798 Ideo

1962 833 2116 887 enim
2140 831 2509 888 solummodo
2543 834 2928 905 indignantur
2956 838 3012 889 et
3035 833 3232 888 dolent
3259 839 3316 888 et
3347 834 3614 887 irascun-

1963 926 2059 976 tur
2087 922 2242 993 quod
2275 939 2419 992 quos
2451 921 2755 994 voluerint,
2809 923 3025 978 damno
3057 922 3286 977 afﬁcere
3315 921 3473 977 haud
3507 937 3610 993 po-

1960 1014 2021 1066 tu
2031 1009 2202 1065 crint.

2030 1100 2120 1156 2t.
2152 1100 2387 1156 Liberos
2418 1116 2523 1156 nos
2555 1117 2588 1155 a
2643 1100 2861 1156 talibus
2913 1100 3252 1157 hominibus
3311 1104 3617 1156 conservet

1962 1188 2115 1244 Deus
2171 1194 2368 1260 atque,
2422 1189 2562 1244 dum
2621 1189 2753 1245 illos
2812 1191 2880 1245 ad
2941 1189 3298 1262 supplicium
3357 1189 3611 1258 deducit,

1961 1277 2105 1332 faxit
2142 1283 2207 1333 ut
2239 1277 2437 1333 nullus
2468 1295 2496 1333 e
2521 1278 2689 1333 nobis
2721 1280 3045 1334 deducatur
3076 1295 3208 1334 cum
3242 1278 3391 1346 istis,
3427 1295 3616 1350 neque

1962 1383 2202 1438 prorsus
2233 1365 2532 1422 incassum
2576 1365 2932 1437 laboremus,
2986 1371 3044 1421 et
3103 1383 3292 1437 neque
3349 1366 3484 1422 huic
3514 1384 3616 1421 saa-

1961 1454 2093 1510 culo
2122 1455 2262 1510 utile
2311 1456 2471 1524 quid,
2525 1473 2712 1527 neque
2765 1455 2847 1509 illi
2900 1455 3032 1510 vitae
3093 1461 3386 1527 perpetuae
3440 1460 3618 1526 atque

1961 1548 2187 1598 eterna:
2218 1545 2725 1599 accommodatum
2754 1544 2892 1616 quid
2917 1545 3244 1600 secundum
3275 1543 3377 1599 Dei
3409 1547 3617 1599 volun-

1961 1637 2141 1687 tatem
2176 1634 2562 1704 producentes
2594 1632 2739 1688 nihil
2791 1633 3030 1689 omnino
3082 1639 3427 1705 praestemus
3459 1633 3617 1704 quod

1959 1719 2047 1776 vel
2081 1721 2392 1776 minimum
2425 1722 2503 1776 sit
2529 1722 2750 1776 bonum
2783 1737 2849 1777 ac
2907 1720 3292 1776 conducibile.
3351 1721 3408 1776 Si
3461 1720 3620 1776 enim

1961 1809 2056 1864 hic
2086 1811 2230 1865 adeo
2281 1811 2500 1866 frustra
2548 1810 3028 1879 lahoraverimus,
3064 1811 3294 1865 aeternis
3328 1809 3497 1864 bonis
3522 1825 3619 1864 ex-

1959 1898 2246 1968 cidemus,
2270 1905 2327 1954 et
2355 1899 2403 1955 si
2436 1899 2543 1954 hac
2571 1900 2626 1954 in
2660 1903 2778 1955 vita
2808 1916 3005 1954 rerum
3034 1898 3245 1954 levium
3279 1897 3619 1969 nulliusque

1961 1987 2243 2043 momenti
2271 2005 2412 2043 cura
2445 1989 2654 2044 misere
2681 2005 2788 2043 nos
2819 1979 3220 2058 afﬂixerimus,
3255 1989 3424 2043 bonis
3455 2004 3618 2043 sum-

1961 2077 2075 2130 mis
2107 2093 2173 2131 ac
2222 2076 2559 2132 cmlestihus
2621 2077 3002 2148 privabimur.
3061 2076 3257 2147 Neque
3312 2076 3468 2131 enim
3516 2075 3617 2130 Dei

1960 2165 2194 2237 quidem
2251 2164 2540 2235 templum
2589 2165 2806 2220 intrare
2864 2164 3212 2236 satagimus,
3273 2165 3373 2236 qui
3439 2164 3616 2219 rebus

1958 2252 2229 2308 absurdis
2259 2253 2559 2308 inhiamus
2589 2259 2647 2308 et
2676 2254 2745 2308 de
2803 2253 2873 2308 iis
2931 2270 3057 2324 qua)
3091 2253 3238 2307 hanc
3269 2253 3445 2307 vitam
3477 2269 3614 2308 con-

1959 2347 2222 2412 cernunt,
2275 2342 2442 2398 anxie
2499 2341 2736 2397 solliciti
2797 2359 3024 2410 sumus,
3085 2341 3357 2413 paradiso
3416 2346 3613 2397 autem

1958 2431 2131 2502 potiri
2164 2430 2539 2502 negligimus,
2576 2447 2691 2484 non
2755 2435 3112 2502 reputantes,
3173 2447 3279 2485 nos
3328 2430 3436 2486 hac
3491 2431 3611 2485 vita

1957 2519 2219 2575 fruentes
2253 2535 2441 2590 neque
2471 2519 2590 2574 illis
2619 2525 2842 2590 septem
2901 2519 3215 2576 concedere
3260 2518 3607 2590 particulam

1955 2609 2282 2663 secundum
2313 2607 2466 2679 quod
2525 2607 2826 2678 Scriptura
2883 2625 3050 2664 sacra
3079 2608 3238 2677 dicit,
3273 2624 3462 2679 neque
3491 2607 3609 2663 illis

1956 2701 2084 2752 octo
2109 2696 2198 2753 vel
2226 2696 2523 2752 tantillum
2558 2696 2835 2752 tribuere.

2023 2891 2113 2946 22.
2175 2893 2538 2963 Quapropter
2584 2892 2822 2948 obsecro
2886 2891 3017 2948 illos
3055 2891 3152 2963 qui
3205 2892 3607 2949 sanctuarium

1956 2979 2057 3034 Dei
2080 2980 2454 3051 frequentant
2481 2986 2539 3036 et
2595 2981 2882 3052 ejusmodi
2946 2981 3079 3036 boni
3112 2998 3344 3053 semper
3372 2982 3608 3052 partici-

1953 3084 2057 3138 pes
2086 3085 2215 3124 esse
2245 3067 2600 3139 desiderant,
2634 3075 2699 3124 ut
2739 3086 2808 3124 ne
2857 3071 3135 3125 adversus
3190 3070 3457 3126 homines
3486 3087 3608 3126 cer-

1955 3160 2078 3210 tent
2106 3173 2294 3228 neque
2324 3158 2604 3213 adversus
2625 3157 3264 3213 contribuleslaborent
3293 3158 3609 3229 (siquidem

1956 3245 2043 3299 vel
2082 3251 2285 3300 contra
2334 3245 2690 3317 alienigenas
2735 3247 2953 3302 frustra
3009 3247 3202 3302 oleum
3252 3263 3609 3318 operamque

1951 3333 2217 3403 perdent,
2277 3333 2393 3388 nisi
2449 3335 2695 3390 fortasse
2745 3335 2970 3390 inimici
3016 3335 3099 3388 illi
3176 3335 3271 3390 Dei
3324 3341 3425 3389 aut
3455 3334 3609 3406 regis

1951 3420 2314 3492 exciderint),
2349 3438 2540 3493 neque
2596 3425 2954 3479 contendant
3009 3429 3210 3478 contra
3263 3439 3363 3478 eos
3395 3421 3494 3493 qui
3525 3423 3604 3477 ei-

1950 3509 2084 3564 dem
2117 3509 2301 3565 cultui
2333 3517 2470 3566 sunt
2515 3511 2758 3578 addicti,
2791 3512 2898 3568 hoc
2955 3517 3045 3568 est
3093 3512 3476 3576 Christianos,
3501 3511 3604 3566 sed

1950 3602 2015 3652 ut
2035 3599 2324 3669 ejusmodi
2357 3599 2621 3654 studium
2653 3616 2720 3654 ac
2769 3599 3028 3655 laborem
3060 3601 3191 3656 odio
3223 3600 3479 3655 habeant
3506 3599 3606 3654 de~

1949 3690 2381 3759 testenturque.
2425 3689 2546 3743 Imo
2603 3688 2854 3760 quisque
2913 3689 3022 3744 sibi
3081 3688 3270 3745 dicat:
3307 3688 3410 3744 Hic
3441 3688 3606 3744 labor

1950 3774 2084 3830 talis
2114 3780 2204 3830 est
2236 3780 2299 3830 ut
2327 3776 2737 3849 cognationem
2795 3776 3161 3847 spiritualem
3202 3777 3449 3845 excidat,
3480 3777 3604 3833 dis-

1941 3863 2178 3936 jungat,
2212 3863 2418 3931 deleat,
2451 3871 2624 3935 atque
2645 3865 2905 3920 divinam
2937 3866 3335 3922 membrorum
3366 3882 3604 3938 compa-

1947 3968 2079 4023 gem
2110 3952 2412 4008 dissolvat.
2445 3957 2728 4010 Praeterea
2748 3953 2875 4025 hoc,
2904 3954 3150 4026 inquiet,
3183 3955 3429 4025 impedit
3460 3972 3603 4028 quo-

1950 4039 2146 4096 minus
2176 4041 2234 4096 in
2267 4041 2369 4096 Dei
2402 4042 2806 4099 sanctuarium
2854 4043 3181 4116 ingrediar;
3215 4061 3373 4100 nunc
3404 4050 3600 4101 autem

1947 4129 2114 4200 quasi
2143 4129 2204 4183 in
2248 4146 2486 4186 arenam
2519 4131 2901 4202 descendens,
2961 4133 3147 4190 malos
3177 4135 3468 4191 daemones
3501 4133 3601 4206 qui

1947 4233 2042 4272 me
2072 4225 2510 4290 persequuntur
2565 4221 2624 4275 in
2673 4221 2871 4292 fugam
2930 4222 3261 4293 conjiciam,
3291 4222 3599 4279 molestam

1946 4305 2108 4361 illam
2141 4306 2514 4379 vectigalium
2547 4308 2988 4370 solutionem....
3021 4310 3106 4365 eis
3159 4311 3260 4382 qui
3311 4311 3383 4366 ad
3416 4317 3596 4365 Deum

1946 4395 2316 4466 confugiunt,
2375 4401 2432 4452 et
2478 4397 2653 4452 veluti
2705 4397 3184 4469 splendidissimo
3225 4398 3366 4464 sole,
3410 4398 3597 4454 Deo...

1946 4483 2326 4540 collustratus
2365 4485 2516 4542 hanc
2565 4491 2794 4558 turpem
2844 4488 3248 4558 nefastamque
3305 4485 3598 4542 maculam

203 4589 291 4638 μαι
363 4569 570 4627 σπίλου
642 4570 894 4626 τοιούτου
973 4571 1254 4649 είδεχθοῦς
1329 4577 1442 4649 ἁμα
1513 4577 1602 4630 καὶ
1679 4598 1840 4651 μυσα-

1956 4574 2150 4647 procul
2177 4575 2468 4647 abjiciam.

201 4675 309 4730 ρου.

259 4767 354 4839 κγ’.
388 4767 452 4822 Ei
505 4770 634 4842 γοῦν
691 4771 931 4822 τοιοῦτοι
983 4769 1265 4842 γενώμεθα
1321 4767 1412 4825 διὰ
1458 4769 1832 4847 φιλαλληλίας

196 4853 278 4905 καὶ
334 4853 621 4927 ὁμονοίας,
682 4856 744 4924 ἣν
801 4857 829 4910 ὁ
889 4857 1020 4918 Θεὸς
1079 4853 1167 4911 διὰ
1217 4863 1323 4912 τῶν
1387 4859 1547 4933 ἱερῶν
1606 4866 1832 4938 Γραφῶν

197 4939 581 5015 παραδίδωσι,
634 4943 724 4998 καὶ
798 4941 886 4998 διὰ
960 4945 1261 5018 συμπνοίας
1315 4955 1688 5022 πνευματικῆς
1740 4951 1830 5006 καὶ

197 5027 495 5105 ἀταραξίας,
554 5033 614 5100 ἣν
671 5033 699 5085 ὁ
763 5034 840 5105 μὴ
904 5033 1121 5109 ἀγαπῶν
1193 5041 1460 5110 πονηροῖς
1515 5036 1832 5109 κυμαίνεται

198 5119 512 5192 πνεύμασιν,
562 5118 817 5193 ἑλώμεθα
865 5117 922 5175 δὲ
969 5122 1331 5199 φορτίζεσθαι,
1391 5125 1466 5186 ὡς
1516 5129 1650 5180 Θεοῦ
1708 5123 1831 5180 δου-

197 5201 397 5277 λευταὶ,
459 5209 591 5284 ἅπερ
647 5211 781 5282 ἡμῖν
845 5207 1046 5272 ἐκεῖνος
1103 5209 1477 5289 εύδιακρίτως,
1525 5215 1598 5276 ὡς
1626 5217 1829 5289 πατὴρ,

194 5291 485 5366 ἐπιτίθησι,
535 5296 624 5351 καὶ
672 5302 892 5368 κοπιᾷν,
941 5299 1015 5361 ὡς
1064 5298 1263 5363 ἐκεῖνος
1318 5300 1611 5357 έπιτάσσει⁶
1663 5304 1690 5357 ὁ
1739 5304 1826 5358 καὶ

191 5380 277 5444 τὰς
306 5385 469 5456 ἡμῶν
499 5384 763 5460 ἁμαρτίας
813 5384 963 5462 ἄρας,
1010 5387 1099 5442 καὶ
1146 5391 1296 5462 ἡμᾶς
1345 5389 1542 5447 ἐθέλων
1582 5393 1649 5446 τὰ
1689 5391 1827 5467 βάρη

195 5470 472 5544 βαστάζειν
524 5479 902 5558 πνευματικῶς
935 5520 950 5547 ,
1011 5476 1110 5533 ούκ
1167 5478 1366 5558 ἀφήσει
1417 5484 1828 5556 περιχορεῖσθαι

192 5557 364 5631 μάτην
414 5559 503 5617 καὶ
547 5557 824 5637 τρίϐεσθαι
873 5563 1010 5620 κατὰ
1056 5564 1184 5629 τοὺς
1218 5557 1710 5644 νέπαχθιζομένους
1763 5569 1831 5623 τὰ

191 5645 262 5719 μὴ
323 5646 463 5728 φίλα
503 5648 712 5726 ἰκὶίνῳ.
764 5649 923 5708 Ἀλλ’
967 5650 1155 5726 ἔπειδή
1211 5655 1305 5712 τὸν
1361 5653 1567 5711 ἑκείνου
1621 5653 1824 5734 φόρτον

2011 4773 2100 4827 23.
2133 4775 2264 4828 Jam
2293 4788 2426 4828 vero
2456 4773 2506 4827 si
2537 4770 2683 4830 tales
2737 4772 2957 4829 erimus
2992 4789 3095 4846 per
3129 4777 3403 4828 mutuum
3435 4787 3597 4828 amo-

1942 4876 2064 4917 rem
2143 4867 2201 4916 et
2255 4861 2650 4928 concordiam,
2723 4862 2958 4933 qualem
3007 4863 3162 4918 Deus
3213 4879 3316 4934 per
3399 4877 3598 4917 sacras

1942 4949 2188 5004 Litteras
2254 4966 2360 5005 nos
2435 4949 2658 5019 edocet,
2743 4958 2801 5006 et
2863 4967 2962 5020 per
3019 4949 3387 5022 epiritualem
3446 4967 3599 5005 una-

1941 5036 2266 5092 nimitatem
2295 5045 2353 5093 et
2381 5037 2893 5110 tranquillitatem,
2928 5055 3105 5111 quam
3142 5039 3242 5111 qui
3267 5056 3381 5094 non
3407 5039 3602 5111 diligit

1941 5125 2227 5198 improbis
2257 5128 2532 5183 turbatur
2561 5128 2954 5195 daemonibus,
3003 5134 3062 5184 et
3093 5129 3162 5184 si.
3184 5134 3464 5199 tanquam
3497 5114 3601 5182 Dei

1941 5214 2114 5284 servi,
2143 5231 2210 5269 ea
2238 5230 2364 5286 quae
2388 5216 2513 5288 ipse
2571 5216 2740 5272 nobis
2771 5221 2837 5271 ut
2867 5217 3102 5288 sapiens
3133 5221 3297 5288 pater
3323 5216 3595 5287 imponit,

1940 5307 2191 5376 portare,
2223 5309 2280 5360 et
2309 5304 2566 5360 laborem
2596 5322 2767 5377 quem
2801 5306 3087 5378 praecipit,
3125 5305 3364 5377 exsequi
3396 5305 3595 5360 stude-

1941 5410 2074 5448 mus
2101 5409 2113 5447 :
2152 5397 2292 5449 tunc
2323 5393 2419 5449 ille
2449 5394 2548 5465 qui
2582 5399 2822 5465 peccata
2851 5400 3050 5451 nostra
3076 5393 3338 5461 sustulit,
3371 5399 3427 5449 et
3471 5391 3597 5448 vult

1941 5487 2007 5538 ut
2038 5499 2143 5539 nos
2173 5499 2348 5539 onera
2376 5481 2764 5554 spiritualiter
2791 5488 3118 5557 gestemus,
3152 5500 3268 5539 non
3303 5483 3456 5538 sinet
3487 5497 3594 5538 nos

1938 5571 2159 5627 frustra
2187 5570 2504 5643 circumagi
2534 5575 2590 5627 et
2619 5575 2838 5629 versari
2873 5572 3108 5630 illorum
3166 5571 3354 5628 instar
3383 5570 3480 5644 qui
3510 5587 3594 5627 re-

1937 5659 2052 5717 bus
2080 5659 2195 5732 ipsi
2225 5676 2339 5717 non
2361 5659 2544 5734 gratis
2574 5677 2703 5719 sese
2732 5667 2997 5735 onerant,
3051 5661 3152 5720 sed
3195 5661 3430 5736 quando
3459 5661 3591 5733 ejus
