4028 6202
441 316 558 378 539
1210 318 1636 380 EUSTA'I‘Hll
1680 309 2455 378 THESSALONICENSIS
2500 307 3085 372 memoremus
3677 323 3776 384 ,ιειο

439 466 590 504 onus
630 452 928 521 portantes
976 447 1336 514 laboramus,
1386 449 1574 504 dicet:
1609 471 1638 499 ‹‹
1697 447 1968 503 Accedite
2017 447 2085 501 ad

2204 440 2445 517 αἴροντες
2494 441 2827 514 πονούμεθα,
2881 440 3010 517 ἐρεῖ·
3067 463 3095 493 (ι
3139 443 3294 494 Δεῦτε
3335 442 3463 516 πρὸς
3511 467 3587 518 με,
3616 451 3660 504 οἱ
3692 472 3776 529 χα.

441 554 555 607 me,
589 539 687 608 qui
738 555 867 593 mea
897 556 1073 594 causa
1113 538 1392 594 laboratis
1436 543 1492 594 et
1545 539 1768 594 onerati
1813 539 1975 604 estis,
2035 541 2090 592 et

2204 551 2283 605 ριν
2337 530 2472 604 ἐμὴν
2523 535 2822 592 κοπιῶντες
2873 530 2963 584 καὶ
3013 529 3444 608 πεφορτισμένοιο
3490 535 3625 610 κάγὼ
3674 540 3774 596 ἀνα.

439 643 545 698 ego
578 644 676 682 vos
701 627 957 681 reticiam
987 627 1030 680 ⁸.
1062 649 1088 675 ››
1126 627 1272 690 Quid
1331 632 1528 682 autem
1587 627 1731 682 illud
1785 627 1898 682 sibi
1945 627 2088 694 vult,

2204 620 2389 675 παύσω
2424 621 2582 693 ὑμᾶς.
2617 643 2646 671 ››
2669 620 2737 676 Τί
2783 616 2840 674 δέ
2883 619 2992 674 ἐστι
3040 619 3101 674 τὸ
3132 644 3159 671 ‹‹
3195 619 3470 676 ἀναπαύσω
3505 643 3516 693 ;
3549 648 3574 675 ››
3617 628 3776 686 Παύσω

438 716 692 770 reﬁciam
716 715 742 769 ‘I
773 715 1024 785 Faciam,
1051 731 1120 769 ne
1162 717 1418 786 amplius
1460 718 1763 772 incassum
1791 715 2090 771 laboratis.

2204 708 2363 764 πάλιν
2404 713 2500 764 ⁶ιοῦ
2554 709 2604 764 ἐν
2656 714 2835 772 κενοῖς
2875 712 3091 779 κοπιᾷν.
3145 707 3253 762 Οὐκ
3298 704 3400 764 ἔστι
3449 711 3562 786 γὰρ,
3607 716 3683 770 ὅτε
3721 719 3777 781 ὡς

438 807 677 874 Semper
714 803 870 858 enim
917 809 1200 873 tanquam
1250 804 1647 858 vacillabundi
1697 810 1754 860 et
1792 803 2090 859 versatiles

2204 795 2440 872 ἄστατοι,
2489 798 2578 852 καὶ
2637 797 3020 874 πολυρῥεπεῖς,
3080 799 3166 852 καὶ
3225 793 3572 872 παλίμϐολοι,
3612 805 3778 861 καὶεύ-

2205 887 2524 964 μετάφοροι,
2568 887 2658 942 καὶ
2709 881 2980 956 ἀϐἑϐαιοι,
3032 885 3140 961 [οὐ]
3190 891 3497 962 μοχθοῦμεν
3545 890 3708 966 ὲφόἴς
3729 897 3778 950 οὐ

2200 977 2336 1052 χρὴ,
2389 976 2480 1030 καὶ
2529 974 2648 1047 εἷ’κῆ
2695 978 2990 1050 κάμνονεν,
3036 975 3127 1030 καὶ
3172 982 3446 1050 κοπιῶμεν
3501 979 3778 1056 τηνάλλως,

2199 1066 2287 1119 καὶ
2346 1069 2617 1138 πονοῦμεν
2681 1064 2894 1138 μάτην.
2956 1064 3112 1122 Ἀλλ’
3169 1065 3321 1139 ὅμως
3379 1067 3618 1143 βραχείας
3667 1072 3780 1134 τινὸς

2203 1151 2566 1230 δραττόμενος
2626 1155 2824 1217 ἐκεῖνος
2885 1155 2912 1210 6
2965 1155 3100 1230 πρὸς
3157 1153 3557 1232 φιλανθρωπίαν
3608 1155 3784 1235 ἀκριϐὲ-

2203 1263 2395 1305 στατος
2446 1245 2723 1322 ἀφορμῆς,
2777 1244 2868 1299 καὶ
2909 1249 2990 1316 τῷ
3036 1242 3288 1316 ταλάντῳ
3333 1252 3430 1314 τῆς
3478 1246 3682 1322 κρίσεως
3714 1269 3787 1304 κε-

2202 1330 2387 1408 ράτιον
2417 1333 2470 1387 ἓν
2518 1333 2551 1401 ἢ
2593 1333 2790 1388 κόκκον
2837 1329 2929 1387 ἕνα
2958 1328 3324 1403 ἑπιϐληθέντα
3353 1331 3497 1403 ἰδὼν,
3525 1335 3646 1409 πρὸς
3673 1338 3787 1409 ἡμὲ-

2197 1441 2349 1496 τερον
2411 1422 2604 1495 ἀγαθὸν
2657 1421 2826 1497 ῥέπει,
2883 1422 2972 1476 καὶ
3029 1421 3104 1484 είς
3163 1423 3425 1494 στατῆρας
3479 1422 3642 1496 ἀξίους
3683 1425 3789 1480 τίθε-

2197 1528 2284 1564 ται
2331 1514 2428 1564 τοῦ
2475 1512 2590 1564 κατ’
2641 1510 2797 1565 αὐτὸν
2849 1513 3144 1586 θησαυροῦ·
3191 1511 3282 1566 καὶ
3333 1511 3507 1573 ὁσάκις
3546 1511 3599 1566 ἄν
3645 1513 3787 1568 σκελι-

2200 1597 2408 1660 σθὲντες
2439 1599 2541 1653 ὑπὸ
2569 1603 2667 1653 τοῦ
2713 1603 2957 1673 πονηροῦ
2987 1597 3342 1676 ἀντιδρόμου,
3373 1621 3459 1656 και
3503 1601 3786 1668 πταίσαντες,

2199 1687 2234 1755 ἢ
2284 1687 2695 1763 καταβριφὲντες
2743 1688 3169 1763 ἐξορθωθείημεν
3205 1735 3220 1759 ,
3276 1689 3432 1744 παύει
3488 1693 3572 1744 καὶ
3622 1689 3788 1745 ἐκεῖνον

2198 1780 2293 1830 τοῦ
2341 1777 2684 1846 καταπαίζειν
2729 1780 2914 1850 ἡμῶν,
2975 1779 3062 1832 καὶ
3121 1780 3272 1849 ἡμᾶς
3316 1783 3411 1833 τοῦ
3469 1778 3790 1852 ἐμπαίζεσθαι.

2201 1864 2359 1922 Οὕτω
2415 1869 2545 1940 γοῦν
2603 1867 2690 1920 καὶ
2746 1870 2836 1920 νῦν
2895 1866 3318 1937 ἀναποιηθέντας
3378 1867 3532 1940 ὑμᾶς,
3602 1867 3678 1921 καὶ
3727 1865 3794 1921 δε-

2202 1955 2372 2016 όντως
2405 1955 2873 2032 ἀναφρονήσαντας
2903 1954 2954 2010 ἐν
3011 1961 3089 2028 τῷ
3135 1962 3445 2025 πονεῖσθαι,
3478 1955 3577 2031 οὐχ
3619 1954 3793 2025 ἁπλῶς,

2201 2041 2326 2098 ἀλλ’
2357 2041 2440 2120 ἐφ’
2468 2046 2550 2105 οἷς
2584 2044 2612 2097 6
2640 2048 2736 2098 τοῦ
2785 2049 2920 2100 Θεοῦ
2969 2045 3259 2120 ἄνθρωπος
3310 2043 3572 2114 τέτακται,
3600 2043 3653 2098 ού
3685 2043 3795 2098 παύ-

2201 2152 2277 2185 σει
2331 2133 2566 2208 πρώτως
2618 2128 2737 2204 ἅρτι
2802 2137 2899 2188 τοῦ
2957 2131 3288 2210 ἐφαμάρτως
3361 2132 3679 2211 φορτίζεσθαι
3726 2130 3795 2185 καὶ

2197 2225 2416 2290 κοπιᾷν,
2452 2219 2597 2275 ἀλλά
2637 2220 2949 2277 ἀναπαύσει.
3002 2222 3097 2275 Καὶ
3147 2222 3368 2296 γένοιτο
3401 2219 3609 2281 δεκτοὺς
3635 2219 3797 2279 πάντας

2198 2311 2366 2382 ἡμᾶς,
2416 2307 2460 2363 ὦ
2511 2307 2762 2388 ἀδελφοὶ,
2809 2315 2888 2382 τῷ
2931 2315 3048 2382 Θεῷ
3091 2309 3234 2365 οὕτω
3279 2311 3520 2387 γενέσθαι
3566 2307 3646 2364 διὰ
3683 2315 3795 2376 τῆς,

2198 2398 2271 2460 ὡς
2323 2397 2553 2474 ἒρῥήθη,
2603 2399 2924 2474 εὐπορίστου
2991 2397 3374 2472 ἐλεημοσύνης
3431 2400 3612 2454 αὐτοῦ.
3660 2399 3794 2452 Ἐπαο

2195 2486 2415 2549 κούσαις
2443 2490 2624 2560 ἡμῶν,
2679 2489 2724 2542 ὧ
2773 2492 2956 2563 Σῶτερ
3010 2487 3192 2563 Κύριε,
3243 2489 3275 2543 ὁ
3318 2486 3391 2543 ὢν
3444 2487 3717 2562 εὐλογητὸς
3742 2483 3800 2545 εἷς

2194 2575 2320 2638 τοὺς
2350 2575 2572 2640 αΐῶνας.
2607 2577 2664 2633 Ἀ
2679 2578 2809 2651 μήν.

438 899 494 948 et
526 893 916 963 undequaque
949 891 1194 947 mobiles
1251 897 1308 948 et
1345 893 1670 959 instabiles,
1727 910 1964 966 operam
1998 909 2094 949 no-

437 985 619 1037 stram
692 979 1050 1036 collocamus
1112 980 1172 1035 in
1231 982 1449 1052 quibus
1534 999 1649 1038 non
1709 985 1960 1052 oportet,
2036 985 2093 1036 et

436 1067 654 1124 frustra
684 1070 1114 1132 contendimus,
1146 1075 1202 1124 et
1231 1071 1414 1141 gratis
1446 1069 1756 1136 luctamur,
1799 1075 1857 1126 et
1900 1071 2091 1125 incas-

435 1151 962 1213 sum'laboramus.
996 1159 1102 1213 Sed
1149 1158 1510 1230 simulatque
1558 1157 1652 1213 ille
1707 1175 1808 1230 pro
1858 1175 2094 1214 summa

432 1244 623 1317 ipsius
654 1247 1022 1302 humanitate
1054 1246 1176 1302 leve
1224 1248 1518 1319 quoddam
1574 1252 1937 1314 momentum
1965 1248 2090 1303 ani-

435 1336 750 1390 madvertit
779 1342 836 1390 et
867 1336 926 1390 in
963 1337 1184 1390 trutina
1218 1336 1426 1406 judicii
1477 1336 1564 1391 vel
1597 1353 1783 1391 unum
1843 1337 2090 1408 apicem,

439 1439 623 1478 unum
672 1439 919 1494 granum
972 1424 1339 1495 propendens
1386 1423 1562 1490 videt,
1615 1424 1672 1478 in
1725 1425 2089 1479 commodum

432 1516 698 1567 nostrum
724 1512 896 1566 vertit
951 1517 1008 1566 et
1039 1513 1096 1565 in
1131 1511 1399 1567 lancibus
1456 1511 1644 1582 ipsius
1687 1512 1960 1567 thesauro
2010 1512 2091 1567 di-

431 1601 563 1674 gnis
596 1601 846 1671 reponit,
879 1605 935 1654 et
963 1601 1192 1670 quoties
1224 1599 1583 1672 supplantati
1620 1600 1976 1671 abimprobo
1994 1603 2093 1656 ad-

429 1690 687 1744 versario
739 1694 797 1743 et
855 1688 1097 1760 collapsi
1156 1689 1241 1743 vel
1295 1689 1503 1757 dejecti
1577 1690 2089 1759 resurrexerimus,

430 1777 599 1832 illum
634 1776 901 1880 prohibet
921 1777 1236 1876 quominus
1259 1778 1426 1880 nobis
1447 1795 1615 1849 porro
1640 1778 1866 1878 illudat,
1899 1784 1955 1833 et
1985 1795 2091 1834 nos
2122 1815 2170 1880 B

434 1869 506 1922 ab
539 1868 667 1936 ejus
697 1866 931 1920 insidiis
971 1866 1029 1920 in
1079 1871 1202 1921 tuto
1235 1866 1498 1922 collocat.
1559 1869 1653 1923 Sic
1699 1867 1877 1938 igitur
1936 1884 2092 1924 nuno

433 1971 668 2026 quoque
724 1971 824 2010 vos
884 1959 1239 2026 praeparatos
1286 1962 1343 2010 et
1384 1956 1467 2010 uti
1536 1956 1701 2012 decet
1761 1972 1975 2027 pronos
2018 1957 2090 2011 ad

433 2043 822 2099 laborandum
854 2060 966 2098 non
1003 2043 1373 2114 simpliciter,
1417 2045 1516 2099 sed
1542 2044 1624 2098 uti
1655 2047 1828 2099 homo
1859 2045 2091 2101 divinus

436 2133 626 2198 debet,
662 2149 778 2188 non
810 2133 964 2188 sinet
995 2132 1052 2187 in
1086 2133 1304 2204 peccati
1335 2133 1654 2188 certamine
1685 2134 2088 2202 succumbere,

438 2222 539 2276 sed
569 2221 764 2292 potius
797 2221 1034 2276 reficiet.
1068 2220 1301 2276 Utinam
1356 2239 1462 2276 nos
1501 2237 1728 2287 omnes,
1777 2239 1808 2277 o
1859 2221 2087 2291 fratres,

434 2310 517 2364 ita
559 2309 670 2364 Deo
697 2309 916 2381 accepti
957 2309 1168 2364 fiamus
1213 2326 1315 2381 per
1359 2309 1548 2380 ipsius
1605 2310 1944 2364 benevolam
1977 2309 2087 2366 mi-

436 2396 836 2452 sericordiam.
870 2396 1087 2452 Exaudi
1119 2413 1244 2462 nos,
1291 2397 1536 2454 Domine
1577 2397 1860 2466 Salvator,
1895 2400 1995 2470 qui
2025 2417 2088 2456 es

442 2485 784 2541 benedictus
816 2485 875 2540 in
903 2485 1134 2541 saecula.
1169 2490 1373 2541 Amen.

504 2757 526 2792 ³
552 2757 756 2814 Matth.
785 2775 864 2826 ιι,
885 2757 975 2813 28.

1774 3142 2508 3276 EJUSDEM

1090 3377 1539 3468 ORATIO
1603 3377 1913 3467 ANNO
1975 3376 2691 3466 AUSPICANDO
2753 3379 3190 3468 HABITA.

518 3771 566 3824 1.
602 3770 756 3826 Deus
787 3771 912 3842 ipse
943 3741 1079 3825 anni
1103 3769 1318 3824 circulo
1356 3783 1553 3824 revera
1582 3766 1890 3837 benedicit,
1914 3783 1946 3823 ο
1978 3765 2088 3822 fra-

2271 3763 2338 3819 α’.
2393 3763 2708 3841 [εὐλογεῖται
2755 3763 3014 3840 στέφανος
3065 3763 3316 3821 ἐνιαυτοῦ
3369 3768 3581 3827 πάντως
3630 3763 3709 3818 ὑπ’
3745 3758 3820 3815 αὐ-

445 3861 587 3924 tres,
619 3863 677 3914 et
705 3858 827 3913 haec
856 3857 1182 3913 benedictio
1226 3857 1382 3912 baud
1439 3872 1666 3911 merum
1720 3871 1959 3920 munus,
1997 3854 2090 3909 sed

2207 3855 2304 3905 τοῦ
2336 3857 2491 3919 Θεοῦ,
2523 3853 2567 3906 ὦ
2599 3849 2845 3930 ἀδελφοὶ,
2876 3853 2967 3908 καὶ
3007 3855 3042 3922 ἠ
3073 3853 3302 3924 τοιαύτη
3362 3853 3589 3928 εὐλογία
3617 3849 3821 3930 φαίνεται

443 3947 756 4003 retributio
787 3963 916 4002 esse
943 3945 1194 4002 videtur.
1231 3947 1379 4000 Deus
1437 3944 1615 4013 enim,
1648 3961 1682 3998 a
1731 3943 1898 3998 nobis
1926 3943 2090 3997 bene-

2209 3940 2270 3995 οὐ
2303 3937 2449 4002 δόσις
2481 3939 2672 4003 ἀπλῶς
2704 3943 2858 4010 εἶναι,
2911 3940 3056 3997 ἀλλά
3085 3940 3385 4006 ἀντίδοσις.
3440 3939 3822 4016 Εὑλογούμενος

447 4035 662 4105 dictus,
695 4035 870 4090 rebus
913 4034 1130 4090 nostris
1183 4032 1647 4088 benedictionem
1681 4032 1890 4086 reddit.
1923 4030 2090 4086 Bene-

2206 4029 2306 4105 γὰρ
2338 4029 2365 4083 ὁ
2423 4029 2551 4090 Θεὸς
2607 4030 2693 4107 ὑφ’
2749 4032 2932 4103 ἡμῶν,
2991 4031 3316 4106 ἀντευλογεῖ
3387 4031 3456 4087 τὰ
3512 4032 3628 4094 καθ’
3680 4031 3824 4100 ἡμᾶς.

443 4124 648 4179 dicunt
674 4128 870 4180 autem
907 4129 1016 4180 Deo
1047 4123 1313 4178 homines
1370 4139 1484 4178 non
1521 4123 1712 4178 solum
1745 4121 2090 4192 hymnorum

2205 4116 2527 4192 Εὐλογεῖται
2589 4114 2646 4172 δὶ
2702 4119 2830 4179 Θεὸς
2885 4119 2974 4173 ὑπ’
3031 4120 3334 4194 ἀνθρώπων
3397 4119 3462 4174 οὐ
3520 4114 3826 4191 δοξολογίαις

443 4211 968 4286 gloriﬁcationibus
1024 4211 1274 4283 aliisque
1339 4211 1690 4275 rationibus,
1748 4210 1964 4281 quibus
2046 4208 2090 4265 ei

2211 4207 2374 4279 μόνον
2436 4203 2770 4278 ὑμνῳδικαῖς
2817 4207 2907 4262 καὶ
2957 4205 3174 4271 λοιποῖς
3225 4205 3422 4275 εἷ’δεσι,
3475 4205 3547 4263 δι’
3591 4211 3662 4261 ὼν
3686 4204 3741 4260 τὸ
3766 4202 3826 4263 εἷς

441 4301 661 4376 gratias
685 4307 888 4374 agunt,
914 4302 1014 4358 sed
1050 4299 1344 4372 imprimis
1376 4298 1545 4355 bonis
1591 4298 1720 4352 vitae
1747 4297 2090 4365 actionibus,

2206 4295 2364 4350 αὐτὸν
2426 4293 2746 4370 εὐχάριστον
2805 4296 3176 4371 ἀπαρτίζεται,
3237 4294 3392 4352 ἀλλά
3453 4295 3684 4370 μάλιστα
3733 4296 3828 4352 ταῖς

443 4407 696 4464 quorum
749 4390 883 4446 finis
939 4395 1114 4447 aDeo
1174 4389 1408 4444 initium
1468 4387 1651 4442 sumit
1707 4387 1778 4442 ad
1848 4401 2090 4457 eumque

2204 4385 2338 4439 κατά
2400 4383 2517 4460 βίον
2579 4385 3018 4462 ἀριστοπραξίαις
3054 4429 3068 4455 ,
3129 4387 3202 4440 ὧν
3255 4387 3322 4442 τὸ
3401 4385 3564 4448 τέλος
3616 4386 3742 4440 Θεοῦ
3783 4399 3830 4434 τε

443 4483 709 4548 recurrit,
743 4485 799 4536 et
828 4481 912 4536 sic
934 4481 1128 4552 ipsum
1165 4479 1501 4550 magniﬁcat
1532 4481 1588 4532 et
1616 4476 1920 4548 gloriﬁcat,
1954 4478 2090 4532 dum

2206 4472 2506 4548 ἐξαρτᾶται,
2550 4473 2639 4528 καὶ
2698 4473 2776 4536 εἷς
2828 4474 3030 4530 ἐκεῖνον
3089 4474 3367 4546 ἀνανεύει,
3421 4475 3514 4530 καὶ
3571 4473 3704 4528 οὕτω
3755 4467 3830 4523 δο-

443 4571 728 4626 nimirum
766 4574 824 4625 et
869 4570 997 4639 ejus
1051 4568 1150 4638 qui
1182 4569 1330 4623 bene
1379 4566 1519 4638 agit,
1551 4571 1607 4621 et
1636 4581 1837 4621 eorum
1871 4565 1973 4637 qui
2025 4565 2090 4621 ad

2208 4562 2352 4632 ξάζει
2406 4563 2493 4617 καὶ
2558 4561 2864 4637 μεγαλύνει,
2922 4561 3351 4638 ἀγαλλιωμένης
3399 4567 3501 4634 τῆς
3552 4565 3729 4638 ψυχῆς
3751 4560 3830 4614 τοῦ

442 4660 638 4732 ipsum
695 4657 1018 4731 respiciunt
1076 4657 1322 4728 ejusque
1367 4654 1692 4709 imitatione
1748 4655 1820 4709 ad
1871 4655 2098 4727 frugem

442 4748 710 4816 redeunt,
744 4746 952 4802 animae
992 4745 1207 4817 gaudio
1249 4761 1312 4799 ac
1344 4743 1546 4799 laetitia
1573 4742 2024 4814 perfunduntur.

510 4837 564 4889 2.
599 4835 761 4900 Quod
796 4839 860 4890 ut
891 4833 1079 4904 magis
1102 4830 1582 4904 appareat,paulo
1605 4829 1781 4886 altius
1811 4831 1995 4886 oratio
2018 4846 2099 4886 re-

439 4923 688 4995 petenda
709 4922 1021 4978 est.Prima
1045 4921 1248 4976 mundi
1282 4919 1564 4975 creatioet
1594 4936 1718 4990 quas
1749 4923 1889 4974 tunc
1918 4918 2103 4974 homi-

441 5011 688 5080 ni,velut
721 5012 861 5084 regi,
881 5009 968 5065 vel
1002 5015 1317 5081 antequam
1352 5013 1584 5063 creatus
1611 5013 1784 5073 esset,
1809 5008 2098 5064 bonorum

2206 4672 2264 4706 τε
2291 4649 2621 4726 πράττοντος
2678 4652 2740 4706 τὸ
2794 4650 3030 4728 ἄριστον,
3081 4652 3171 4707 καὶ
3220 4653 3334 4707 τῶν
3389 4653 3468 4714 εἷς
3526 4652 3678 4707 αὐτὸν
3724 4648 3832 4703 diro-

2209 4735 2518 4794 ϐλεπόντων
2551 4740 2640 4794 καὶ
2669 4742 2738 4811 τῇ
2770 4741 3001 4814 μιμήσει
3036 4740 3473 4816 βελτιουμὲνων.

2282 4829 2348 4903 β’.
2381 4831 2496 4883 Ἵνα
2554 4825 2611 4882 δὲ
2661 4828 2752 4883 τὸν
2804 4827 2965 4906 λόγον
3019 4825 3304 4886 ἀναλαϐὼν
3359 4829 3452 4886 ἐπὶ
3513 4829 3676 4886 πλέον
3705 4827 3834 4901 ἀκρι-

2209 4911 2473 4990 ϐώσωμαι
2509 4963 2522 4989 ,
2578 4919 2614 4987 ἡ
2670 4918 2862 4994 πρώτη
2927 4919 3021 4990 μὶν
3075 4923 3171 4974 τοῦ
3223 4918 3444 4992 κόσμου
3500 4912 3831 4992 παραγωγικῆ

2208 4999 2455 5082 ἕκφανσις
2501 5005 2592 5061 καὶ
2641 5007 2676 5075 ἠ
2715 5011 3010 5076 τηνικαῦτα
3055 5006 3504 5080 κειμηλιωθεῖσα
3538 5012 3620 5080 τῷ
3650 5002 3838 5082 βασιλεῖ

2208 5091 2498 5169 ἀνθρώπῳ,
2549 5095 2712 5170 πρινή
2759 5095 2849 5149 καὶ
2889 5097 3154 5171 γενέσθαι,
3206 5095 3508 5175 φιλοτιμία
3565 5101 3671 5152 τῶν
3723 5089 3837 5148 κατὰ

441 5096 2094 5163 terrestriumliberalisoblatioreservabatur,hocmerum
2129 5131 2176 5196 Β
2208 5096 2498 5169 ἀνθρώπῳ,
2549 5096 2712 5170 πρινή
2759 5096 2849 5149 καὶ
2889 5097 3154 5171 γενέσθαι,

441 5190 680 5248 omnino
709 5190 927 5244 donum
963 5187 1089 5244 fuit.
1121 5186 1390 5242 Nondum
1414 5184 1570 5240 enim
1605 5185 1740 5240 boni
1775 5186 1914 5255 quid
1949 5191 2098 5242 Deus
2206 5182 2410 5255 κόσμον
2461 5182 2693 5255 ἀγαθῶν,
2727 5183 2899 5255 ἱκείνη
2952 5183 3102 5247 δόσις
3145 5185 3180 5255 ἦ

2206 5182 2410 5256 κόσμον
2461 5182 2693 5258 ἀγαθῶν,
2727 5183 2899 5256 ἐκείνη
2952 5183 3102 5247 δόσις
3145 5185 3211 5255 ἦν
3261 5187 3629 5262 αὐτόχρημα.
3657 5184 3723 5240 Οὐ
3749 5182 3835 5256 γάρ

440 5190 680 5248 omnino
709 5190 927 5244 donum
963 5187 1089 5244 fuit.
1121 5186 1390 5242 Nondum
1414 5184 1570 5240 enim
1605 5185 1740 5240 boni
1775 5186 1914 5257 quid
1949 5191 2098 5242 Deus

3957 2849 3970 3028 ἓ

441 5281 513 5338 ab
572 5278 918 5335 hominibus
994 5279 1298 5348 acceperat
1364 5275 1519 5346 quod
1574 5289 1699 5328 cum
1747 5273 2096 5332 liberalitate

442 5369 807 5443 rependeret,
842 5367 942 5424 sed
979 5371 1185 5438 sponte
1236 5363 1414 5419 dedit.
1469 5364 1730 5418 Fortasse
1776 5367 1972 5417 autem
2023 5364 2097 5419 ad

438 5459 596 5514 hunc
629 5473 813 5529 usque
835 5455 989 5511 diem
1022 5455 1208 5520 daret,
1243 5451 1568 5508 secundum
1591 5467 1887 5506 summam
1910 5451 2100 5523 ipsius

442 5546 816 5618 sapientiam,
873 5543 986 5599 nisi
1043 5543 1248 5598 innata
1311 5541 1526 5613 (nobis)
1573 5557 1750 5613 prava
1802 5539 2096 5613 voluntas,

444 5634 712 5689 omnium
740 5635 1114 5704 peccatorum
1145 5633 1352 5698 mater,
1384 5627 1738 5700 prohiberet.
1769 5627 1937 5686 Nunc
1965 5645 2098 5688 vero

2204 5274 2363 5327 ποθεν
2423 5271 2589 5328 καλὸν
2643 5273 2981 5350 ἀνθρώπινον
3063 5269 3363 5331 ἀπολαϐὼν
3426 5278 3455 5331 6
3513 5276 3645 5337 Θεὸς
3677 5317 3690 5343 ,
3745 5271 3836 5325 εἶτα

2207 5360 2713 5437 φιλοτιμησαμενος
2759 5361 3154 5433 ἀνταπὲδωκεν,
3207 5362 3334 5420 ἀλλ’
3386 5362 3644 5437 ἄντικρυς
3672 5360 3834 5418 ἔδωκε.

2206 5450 2305 5504 Καὶ
2337 5447 2518 5505 ἐδίδου
2549 5447 2609 5505 ἂν
2657 5451 2865 5524 ὁμοίως
2914 5450 3019 5515 ἕως
3068 5453 3157 5508 καὶ
3187 5456 3275 5507 νῦν
3332 5455 3475 5509 κατὰ
3506 5455 3606 5522 τήν
3638 5450 3688 5506 ἐν
3714 5449 3836 5517 αὐτῷ

2206 5539 2534 5616 παραγωγὸν
2616 5540 2804 5618 σοφίαν
2842 5587 2857 5612 ,
2915 5541 2960 5596 εἰ
3022 5540 3099 5615 μὴ
3157 5546 3621 5616 ’παρεισκριθεῖσα
3680 5535 3837 5618 φαύλη

2207 5627 2538 5704 προαίρεσις,
2599 5627 2866 5707 ἁμαρτίας
2921 5629 3131 5703 ἀπάσης
3194 5631 3382 5708 μήτηρ
3416 5676 3435 5706 ,
3495 5627 3835 5687 ἀπεκώλυεν.
