4028 6202
203 360 294 420 541
1129 357 1422 418 ORATIO
1467 357 1682 417 ANNO
1725 356 2228 419 AUSPICANDO
2273 357 2594 418 HABITA.
3451 357 3570 416 542

199 497 334 564 "Apr:
383 483 435 540 δὲ
488 481 556 539 δι’
585 483 746 552 αὐτὴν
806 482 907 539 οῦκ
961 485 1042 541 ἀεὶ
1095 485 1286 550 ἁπλῶς
1337 487 1479 544 οὕτω
1521 485 1790 544 δίδωσινέ

1974 491 2150 560 'opter
2173 505 2302 545 eam
2329 490 2480 544 Deus
2503 505 2617 544 non
2649 486 2906 559 amplius
2935 491 3054 542 tam
3106 490 3312 559 sponte
3371 486 3565 558 donat,

197 579 322 644 Θεὸς,
354 573 470 629 ἀλλ’
516 571 846 629 ἀντιδιδόναι
890 573 1042 653 φιλεῖ
1096 576 1230 631 κατά
1285 598 1407 632 τινα
1465 575 1788 652 δοσοληψίαη

1983 579 2016 632 d
2071 577 2385 650 rependere
2445 577 2666 632 mavult
2713 578 3040 632 secundum
3075 577 3392 649 quamdam
3426 575 3568 632 reci-

199 663 324 736 αὖτῷ
350 663 642 737 πρέπουσαν
653 703 664 718 .

1915 666 2261 738 procitatem
2297 667 2406 737 ipsi
2429 667 2891 723 convenientem.

252 799 310 873 γ’.
343 795 524 870 Πρέπει
575 795 632 850 δὶ
676 795 985 872 ἀναγκαίως
1039 803 1117 871 τῷ
1167 799 1352 875 ἀγαθῷ
1397 800 1567 875 ἀγαθά
1613 821 1671 856 τε
1721 798 1802 856 δι-

1982 800 2036 854 3.
2071 799 2227 854 Bono
2255 804 2450 855 autem
2482 800 2810 855 necessario
2831 799 3121 864 convenit,
3147 804 3204 854 et
3226 799 3378 854 bona
3409 799 3567 870 dare,

194 884 339 953 δόναι,
368 887 448 939 καὶ
501 880 920 958 ἀντιλαμϐάνειν
969 893 1210 943 τοιαῦτα.
1245 891 1487 964 Πονηρὸς
1545 892 1638 963 μὲν
1697 891 1785 966 γὰε

1989 887 2128 942 talia
2167 887 2442 960 recipere.
2501 888 2690 942 Malus
2749 887 2905 942 enim
2966 889 3134 941 dator
3194 903 3320 957 qua
3381 886 3569 958 ipsius

191 974 329 1046 δότης
353 975 528 1050 χαίρει
587 974 677 1030 καὶ
735 971 920 1038 διδοὺς
977 976 1066 1030 καὶ
1117 973 1436 1049 λαμϐάνων,
1469 982 1551 1041 οἷς
1608 999 1782 1054 ἰ’ταρω⁴

1977 976 2135 1031 ιωὶοἱ
2167 991 2426 1047 congrua
2454 981 2611 1042 sunt,
2664 981 2721 1030 et
2767 977 2906 1032 dare
2953 981 3010 1030 et
3053 977 3310 1046 recipere
3371 975 3568 1031 solet:

189 1065 439 1136 νόμασταν
471 1063 671 1139 ἀγαθὸς
731 1061 790 1119 δὶ
850 1063 950 1120 οὐκ
1008 1067 1064 1120 ἂν
1125 1063 1251 1122 οὐδὲ
1307 1065 1591 1142 ἄνθρωπος
1622 1067 1777 1133 εθὲλο

1976 1081 2100 1122 IDUS
2129 1070 2322 1120 autem
2360 1065 2530 1120 homo
2561 1065 2648 1120 vel
2679 1064 3035 1120 levissimam
3069 1065 3230 1135 pravi
3273 1063 3567 1120 maculam

188 1151 456 1231 φαυλότητι
521 1151 853 1229 πραγμάτων
931 1153 1327 1229 χρωτίζεσθαι,
1389 1158 1464 1228 μή
1525 1157 1607 1212 ὅτι
1665 1178 1725 1232 γε
1773 1181 1779 1207 ‹

1980 1159 2234 1220 'ersatur,
2294 1169 2360 1208 ac
2410 1154 2637 1208 infinite
2700 1153 2889 1224 magis
2960 1153 3219 1224 optimus
3289 1151 3571 1208 Dominus

185 1243 462 1316 πανάγαθος
523 1241 740 1317 Κύριος,
791 1242 842 1313 ἐξ
908 1244 970 1298 οὗ
1026 1245 1115 1298 καὶ
1172 1241 1241 1299 δι’
1300 1247 1362 1300 οὗ
1414 1247 1550 1301 ἅπαν
1609 1231 1776 1302 καλόν

1980 1258 2090 1312 quo
2112 1247 2166 1298 et
2200 1257 2490 1314 perquem
2523 1258 2696 1297 omne
2749 1242 2992 1296 bonum.
3041 1243 3227 1307 Quare
3252 1241 3571 1306 Christiani

187 1327 462 1401 Φιλοίημεν
494 1327 587 1383 οὗν
616 1330 844 1392 ἅπαντες
895 1331 1231 1406 Χριστιανοὶ,
1255 1331 1346 1386 καὶ
1394 1334 1778 1407 πραγματευοίη

1979 1346 2116 1385 nnes
2142 1347 2374 1386 summo
2399 1331 2595 1387 studio
2620 1331 2946 1400 ardoreque
2968 1329 3024 1384 id
3073 1345 3340 1401 agamus,
3381 1344 3570 1399 quan-

189 1420 320 1491 μεθα,
376 1417 448 1479 είς
503 1419 635 1472 ὅσον
699 1416 948 1492 δύναμις,
1009 1421 1085 1492 μὴ
1147 1415 1443 1493 λαμϐάνειν
1499 1421 1689 1484 ἁπλῶς
1743 1421 1780 1478 ἐι

1984 1435 2037 1474 m
2066 1436 2244 1491 penes
2274 1436 2380 1474 nos
2411 1425 2520 1487 est,
2578 1426 2643 1475 ut
2701 1437 2815 1474 non
2867 1417 3215 1489 simpliciter
3261 1432 3572 1473 sumamus

185 1511 315 1573 Θεοῦ,
346 1504 488 1561 ἀλλὰ
517 1503 964 1580 ἀντιλαμϐάνειν.
997 1504 1410 1582 Ἀντιλαμϐάνει
1465 1508 1524 1566 δὲ
1570 1512 1598 1566 ὁ
1643 1510 1774 1586 ἐφθα

1981 1508 2102 1574 )eo,
2162 1509 2261 1563 sed
2314 1509 2730 1564 retribuamur.
2789 1507 3011 1579 Accipit
3068 1510 3264 1562 autem
3324 1505 3572 1561 retribu-

183 1597 274 1656 κὼς
317 1593 515 1652 δοῦναι.
549 1597 648 1651 Καὶ
708 1595 826 1673 ἔχει
881 1597 944 1652 τὸ
1001 1595 1285 1670 διδόμενον
1317 1601 1345 1654 ὁ
1377 1604 1619 1662 τοιοῦτος
1673 1622 1767 1674 μετ

1983 1613 2154 1664 mem,
2179 1597 2278 1669 qui
2307 1603 2363 1652 et
2384 1598 2508 1669 ipse
2535 1597 2697 1652 dedit
2726 1597 2994 1651 antea.Et
3013 1595 3145 1651 talis
3167 1612 3299 1651 cum
3330 1595 3574 1650 honesta

185 1687 531 1755 πεποιθήσεως
563 1687 845 1760 εὐγενοῦς,
878 1685 966 1740 καὶ
1027 1687 1232 1761 ἀγαθῆς
1287 1686 1667 1759 συνειδήσεως,
1728 1690 1772 1742 ὡ

1987 1686 2275 1740 nvictione
2306 1687 2575 1758 bonaque
2625 1685 2983 1740 conscientia
3037 1685 3237 1740 datum
3289 1683 3571 1756 possidet,

185 1775 256 1828 οἷα
309 1775 380 1846 μή
438 1771 615 1846 δῶρον
675 1769 804 1850 ἕχον
843 1776 905 1830 τὸ
937 1771 1248 1849 δεδομὲνον,
1288 1775 1434 1832 ἀλλά
1485 1775 1776 1852 ἀπίδωρον

1987 1779 2116 1846 pote
2143 1775 2243 1847 qui
2283 1792 2397 1830 non
2449 1774 2610 1830 velut
2657 1775 2890 1842 donum,
2943 1774 3043 1829 sed
3101 1778 3379 1845 tanquam
3429 1789 3573 1844 prm-

187 1861 542 1938 Αογιζόμενος,
577 1863 654 1926 ὡς
712 1863 934 1938 ἀλόγοις
997 1865 1091 1938 μὶν
1155 1865 1335 1935 ζώοις,
1388 1867 1469 1928 οἷς
1526 1871 1650 1928 νοῦς
1709 1868 1772 1922 οὐ

1983 1865 2104 1918 ium
2138 1864 2350 1920 habeat
2379 1864 2436 1918 id
2470 1865 2624 1936 quod
2658 1865 2708 1920 ei
2741 1865 2944 1919 datum
2977 1868 3086 1928 est,
3120 1861 3439 1934 praesertim
3473 1860 3572 1916 ubi

186 1951 449 2020 ἐπιστατεῖ,
499 1949 712 2007 δίδοται
769 1952 837 2007 τὰ
888 1951 948 2007 ἐκ
1014 1958 1148 2008 Θεοῦ
1201 1955 1561 2027 πονουμένοις
1611 1957 1777 2011 παντὸ

1989 1953 2296 2025 putaverit,
2333 1953 2518 2008 brutis
2551 1953 2906 2008 animalibus
2947 1969 3072 2023 quae
3103 1950 3325 2006 ratione
3354 1953 3572 2015 carent,

187 2039 381 2114 ἀγαθοῦ,
413 2040 594 2113 ὁποίῳ
625 2039 807 2116 χαίρει
836 2042 864 2095 ὁ
909 2042 1058 2109 Θεὸς,
1091 2042 1180 2097 καὶ
1211 2040 1300 2098 διὰ
1356 2048 1516 2099 τοῦτο
1570 2041 1774 2117 ἄσπαρτ

1984 2042 2121 2097 nnia
2151 2059 2277 2113 qua;
2305 2041 2422 2096 Deo
2451 2043 2719 2097 videntur
2743 2043 2892 2096 bona
2923 2040 3106 2111 gratis
3148 2039 3458 2110 impertiri,
3508 2053 3575 2094 ao

187 2129 258 2182 καὶ
312 2127 547 2204 ἀνήροτα
577 2128 630 2199 ἐξ
678 2127 988 2201 αὐτομάτου
1039 2125 1382 2203 λαμϐάνουσι
1428 2133 1496 2186 τὰ
1555 2134 1636 2194 οἷς
1695 2133 1778 2206 θρέ

1982 2135 2230 2201 'opterea
2278 2147 2462 2201 neque
2538 2131 2883 2186 seminando
2922 2143 3110 2200 neque
3169 2128 3410 2194 arando,
3471 2127 3573 2182 sed

187 2218 349 2286 ψονται
404 2217 711 2290 Ἀνθρώπῳ
744 2214 800 2271 δὲ
831 2215 928 2272 οὐκ
971 2217 1030 2272 ἃν
1061 2215 1145 2287 εἴη
1179 2221 1470 2296 προσφυὲς,
1499 2219 1641 2275 οὕτω
1673 2217 1778 2292 λαμ

1990 2224 2077 2274 tro
2109 2219 2388 2274 alimenta
2417 2218 2630 2289 quibus
2672 2236 2818 2290 opus
2851 2218 3089 2283 habent,
3123 2215 3405 2272 divinitus
3433 2232 3575 2271 oon-

189 2297 364 2376 ϐάνειν,
408 2303 557 2360 ἀλλὰ
620 2311 756 2360 κατά
809 2326 862 2360 τι
919 2303 1297 2382 συνάλλαγμα,
1356 2309 1446 2363 καὶ
1510 2309 1640 2364 αὐτὸ
1717 2307 1778 2363 οὐ

1984 2308 2071 2361 ιᾱί.
2125 2307 2430 2362 Hominem
2485 2324 2616 2362 vero
2675 2306 2832 2362 haud
2911 2307 3094 2371 decet,
3142 2307 3345 2360 eodem
3402 2304 3575 2360 modo

186 2391 422 2467 ἀνάλογον
481 2395 624 2448 κατά
688 2414 748 2468 γε
811 2393 940 2456 τοὺς
1010 2394 1505 2472 ἐμπορευομένους,
1565 2396 1685 2453 ἀλλ’
1742 2397 1777 2451 sl

1982 2397 2206 2467 :cipere,
2239 2397 2338 2450 sed
2362 2412 2430 2451 ex
2461 2400 2627 2467 pacto
2661 2397 2937 2468 quodam,
2985 2411 3098 2450 non
3158 2399 3356 2450 tamen
3415 2395 3573 2463 ejus-

185 2481 292 2535 ὅσον
344 2478 449 2537 ἔστι
505 2483 605 2537 τὸν
666 2483 950 2558 ἄνθρωπον
1007 2485 1425 2558 σταθμώσασθαι
1469 2487 1605 2562 πρὸς
1662 2485 1776 2542 Θεὸι

1981 2485 2084 2540 ιοάί
2116 2483 2289 2555 quale
2317 2485 2470 2539 inter
2499 2491 2852 2540 mercatores
2876 2485 3236 2540 intercedere
3268 2481 3440 2548 solet,
3472 2481 3572 2538 sed

187 2568 438 2646 ἄνθρωπον
466 2572 568 2628 τὸν
595 2573 936 2644 πενέστατον,
969 2573 1097 2628 Θεὸν
1129 2574 1219 2628 τὸν
1254 2573 1661 2648 παμπλούσιον.

1981 2591 2031 2629 ro
2063 2573 2285 2629 ratione
2308 2591 2421 2645 qua
2451 2573 2624 2630 homo
2656 2575 2726 2629 ad
2762 2578 2942 2630 Deum
2993 2571 3353 2628 considerari
3385 2569 3572 2638 debet,

1928 2661 1987 2717 id
2019 2664 2127 2730 est,
2157 2678 2273 2733 qua
2324 2662 2499 2718 homo
2545 2662 2960 2736 pauperrimus
3009 2665 3118 2728 est,
3173 2666 3326 2717 Deus
3379 2662 3576 2716 autem

1927 2749 2278 2807 ditissimus.

251 2870 305 2929 δ’.
333 2874 390 2928 Τί
446 2873 556 2950 γὰρ
612 2874 672 2929 ἂν
726 2874 817 2930 καὶ
873 2873 994 2945 δοίη
1048 2880 1128 2948 τῷ
1183 2881 1298 2949 Θεῷ
1356 2874 1638 2952 ἅνθρωπος
1686 2877 1822 2953 πρὸς

2001 2876 2054 2930 4.
2085 2875 2233 2939 Quid
2271 2875 2427 2931 enim
2464 2879 2574 2932 Deo
2617 2876 2971 2946 condignum
3021 2875 3186 2932 dabit
3231 2874 3407 2931 homo
3431 2874 3458 2930 ‘1
3487 2872 3577 2930 vel

192 2961 352 3032 ἀξίαν;
389 2966 510 3025 Πῶς
575 2959 622 3017 δ’
669 2962 730 3018 ἂν
775 2962 1101 3036 συναλλάξοι
1150 2966 1285 3042 πρὸς
1317 2961 1573 3037 ἰσότητας
1607 2967 1783 3042 Δωρεὰ

1986 2965 2224 3020 Jomodo
2253 2965 2377 3037 pari
2399 2965 2564 3021 lance
2595 2982 2726 3022 cum
2767 2982 2833 3021 eo
2855 2965 3184 3038 paciscatur
3209 2963 3238 3019 ?
3266 2963 3474 3020 Omnia
3504 2962 3577 3018 ab

191 3051 308 3123 ἡμῖν
354 3053 529 3107 πάντα
585 3052 653 3108 τὰ
701 3051 751 3123 ἐξ
798 3051 1027 3124 ἐκείνου,
1069 3053 1120 3108 εἴ
1167 3055 1258 3109 καὶ
1302 3054 1370 3110 τὰ
1408 3055 1540 3130 ὑπὲρ
1593 3053 1782 3128 δόναμι

1986 3053 2031 3109 lo
2051 3053 2233 3126 gratis
2266 3055 2435 3110 nobis
2465 3055 2778 3121 donantur,
2830 3053 3061 3111 etiamsi
3101 3053 3193 3110 vel
3217 3069 3398 3125 supra
3425 3052 3577 3108 vires

191 3142 678 3218 συνεισενέγκωμεν.
729 3138 897 3198 Οὐδὶν
963 3143 1307 3214 ἀντισηκοῦν,
1363 3142 1520 3199 οὐδὲν
1602 3143 1782 3200 ἶσόστα

1989 3159 2069 3198 ire
2097 3143 2494 3200 oonemur.Nil
2526 3161 2649 3216 par,
2681 3143 2760 3199 nil
2787 3160 3041 3217 aequum.
3077 3142 3580 3208 Quemadmodum

192 3237 334 3301 θμον.
387 3235 447 3284 Τί
494 3229 742 3306 κέγχρος
784 3231 922 3304 πρὸς
979 3231 1203 3306 οὐρανόν
1231 3252 1244 3303 ;
1271 3233 1607 3303 Τηλικοῦτον
1658 3235 1724 3288 τὰ
1765 3233 1783 3289 ἐ

1986 3249 2178 3288 ἀιιυω
2211 3234 2282 3288 ad
2297 3232 2618 3299 cmlum,ita
2648 3239 2848 3289 nostra
2876 3249 3004 3289 sese
3025 3234 3098 3289 ad
3120 3233 3314 3289 divina
3339 3231 3577 3298 habent;

187 3319 326 3389 ἡμῶν
379 3320 524 3396 πρὸς
567 3319 637 3373 τά
676 3322 774 3374 τοῦ
821 3324 977 3376 Θεοῦ.
1009 3320 1068 3374 Τί
1107 3321 1170 3376 τὸ
1201 3319 1354 3376 οὐδὲν
1385 3322 1520 3398 πρὸς
1549 3324 1611 3377 τὸ
1672 3329 1774 3378 πᾶν

2013 3323 2515 3394 quemadmodum
2549 3321 2697 3377 nihil
2735 3323 2806 3377 ad
2860 3322 3222 3390 universum,
3257 3323 3338 3376 ita
3364 3337 3454 3376 res
3477 3335 3577 3375 no-

185 3409 418 3462 Τοιοῦτον
476 3407 548 3464 τὸ
604 3409 868 3483 ἡμέτερον
926 3409 1063 3484 πρὸς
1119 3413 1188 3465 τὰ
1218 3411 1355 3469 θεῖα.
1389 3411 1488 3466 Καὶ
1541 3411 1694 3485 ὅμως
1753 3433 1776 3467 ο

1986 3427 2056 3465 ra:
2089 3411 2160 3466 ad
2192 3426 2439 3466 munera
2460 3410 2738 3467 coelestia.
2771 3411 2886 3468 Nec
2921 3416 3116 3466 tamen
3166 3409 3396 3482 protero
3446 3423 3577 3479 pro-

186 3492 312 3569 λὲγω
347 3497 408 3551 τὸ
456 3495 840 3570 παροιμιῶδες
879 3495 1063 3561 ,ἰκεῖνο
1119 3499 1182 3554 τὸ
1212 3524 1241 3552 ι(
1275 3500 1374 3563 Δός
1427 3522 1502 3572 τι,
1531 3503 1622 3556 καὶ
1682 3497 1777 3558 λάε

1986 3498 2260 3554 ιτοὶοιίὶοι·
2291 3499 2514 3554 dictum
2540 3497 2686 3554 illud
2713 3515 2770 3553 :«
2796 3500 2875 3555 Da
2891 3499 3028 3571 quid
3063 3503 3122 3554 et
3153 3498 3343 3570 recipe
3365 3496 3528 3569 quid,
3549 3517 3577 3546 ››

182 3600 244 3635 τιο
276 3607 302 3634 ››
330 3582 492 3658 ἀλλὰ,
521 3607 544 3635 ι
577 3585 678 3648 Δός
707 3606 758 3640 τι
795 3587 1083 3662 μετρητὸν,
1115 3589 1202 3642 καὶ
1255 3586 1513 3646 ἀντίλαϐε
1564 3591 1628 3646 τὸ
1683 3590 1773 3664 ἀμί

1992 3587 2024 3641 d
2051 3604 2064 3642 :
2099 3610 2126 3637 «
2152 3587 2236 3642 Da
2267 3591 2810 3644 commensuratum
2845 3588 3009 3660 quid,
3052 3591 3108 3643 et
3137 3586 3325 3658 recipe
3357 3586 3578 3640 incom-

184 3690 380 3744 τρητον·
423 3699 446 3726 ι
502 3671 720 3747 μᾶλλον
778 3671 856 3743 δὲ,
909 3698 931 3725 ι
989 3672 1214 3750 δ[ίδου]
1259 3678 1478 3754 μικρὸν,
1527 3679 1621 3733 καὶ
1671 3680 1775 3734 ἀντι

1992 3679 2344 3747 ensurabile,
2398 3702 2425 3729 ››
2452 3680 2539 3735 vel
2591 3680 2784 3752 potius
2808 3696 2827 3734 :
2862 3700 2890 3728 ιι
2922 3679 3004 3735 Da
3038 3693 3280 3750 parvum
3304 3682 3362 3733 et
3392 3676 3583 3748 recipe

187 3755 411 3831 λάμϐανε
470 3763 750 3839 μέγιστον.
809 3787 838 3816 ››
900 3769 1065 3820 Ποῖον
1127 3766 1360 3842 μικρόν;
1425 3768 1570 3824 Νοῦν
1630 3767 1778 3844 ὀρθόν

1989 3783 2248 3825 ιωωιιω.
2267 3790 2295 3819 ››
2317 3767 2492 3832 Quale
2511 3767 2653 3824 illud
2679 3783 2921 3840 parvum
2943 3767 2970 3822 ?
2997 3766 3246 3823 Mentem
3279 3771 3496 3822 rectam
3514 3781 3580 3821 ac

187 3847 450 3926 ἐξάγγελον
501 3849 671 3926 λόγον
720 3851 925 3923 ἀληθῆ
957 3850 1207 3930 γλῶσσαν
1253 3854 1585 3931 ἀῤῥύπαρονο
1613 3857 1676 3912 τὸ
1735 3879 1778 3930 μ·

1995 3857 2180 3914 ritatis
2202 3857 2791 3930 amantem;linguam
2815 3855 3329 3928 impollutam;non
3354 3853 3581 3910 frende-

188 3937 363 4012 τρίζειν
398 3938 630 4002 ὀδόντας
670 3939 757 3996 ἐπὶ
798 3947 916 4005 τοῖς
961 3939 1130 4016 μηδὲν
1182 3943 1394 4006 αἰτίοις·
1423 3943 1486 4000 τὸ
1547 3947 1622 4018 μή
1679 3966 1778 4001 κατ

2015 3947 2292 4003 dentibus
2317 3951 2518 4002 contra
2542 3947 2948 4014 insontes;non
2962 3945 3233 4018 colligere
3259 3945 3315 3999 in
3339 3959 3436 4000 ore
3454 3941 3580 3998 bla-

188 4030 270 4080 τοῦ
320 4029 593 4102 στόματος
648 4028 882 4106 ἀγείρειν
943 4031 1214 4104 μιασμοὺς
1287 4032 1694 4109 βλασφημιῶν·
1751 4057 1779 4090 τ

1995 4035 2323 4091 bemiarum
2349 4035 2874 4090 contaminationes
2900 4059 2914 4102 ;
2937 4034 3162 4089 sincere
3183 4032 3582 4109 diligere;vere

190 4112 346 4188 φιλεῖν
406 4120 742 4196 ἀκραιφνῶς·
801 4121 862 4174 τὸ
932 4121 1141 4194 ἀγαπᾷν
1201 4108 1458 4192 ἀκριϐῶς
1518 4123 1580 4178 τὸ
1642 4129 1781 4196 μισεῖ

1992 4125 2282 4192 nare;odio
2320 4123 2534 4180 habere
2563 4124 3101 4181 dissimulationem
3132 4126 3190 4177 et
3210 4137 3342 4177 eum
3374 4120 3473 4192 qui
3497 4108 3583 4175 illi

187 4204 273 4272 τήν
312 4225 366 4260 τε
415 4205 726 4281 ὑπόκρισιν,
755 4207 843 4261 καὶ
896 4207 954 4270 ’ὸς
998 4206 1055 4263 δὲ
1084 4208 1250 4278 αὐτὴν
1283 4215 1579 4282 σωμασκεῖ·
1610 4211 1674 4265 τὸ
1737 4233 1777 4284 μ

1991 4213 2223 4286 dulget;
2257 4232 2371 4270 non
2405 4213 2791 4270 contaminari
2820 4211 3251 4277 abominandis,
3269 4225 3370 4266 nec
3392 4209 3581 4265 homi-

189 4295 700 4371 συναναχρώννυσθαι
781 4301 1044 4372 μυσαροῖς
1071 4340 1084 4366 ,
1141 4295 1248 4353 εἷ’τε
1323 4297 1653 4372 ἀνθρώποις,
1710 4298 1780 4355 εἷ”ι

1992 4304 2236 4372 bus,nec
2269 4304 2580 4370 factis;non
2614 4301 2918 4358 mendacio
2941 4300 3298 4367 servire;non
3331 4296 3581 4354 malelo-

190 4381 493 4456 πράγμασιο
543 4385 605 4439 τὸ
665 4385 741 4457 μή
803 4382 1135 4462 διττολογεῖν
1195 4385 1283 4442 ἐπὶ
1337 4385 1556 4461 ψεύδειο
1613 4389 1677 4443 τὸ
1738 4411 1781 4462 μ¹

1988 4392 2030 4446 ιί
2060 4392 2130 4448 de
2162 4392 2496 4448 insontibus
2521 4409 2534 4458 ;
2570 4408 2685 4446 non
2716 4390 2961 4446 subdole
2987 4403 3334 4461 componere
3355 4386 3579 4441 vultum

189 4468 514 4548 κακολογεῖν,
545 4472 627 4550 ἐφ’
655 4476 738 4536 οἷς
766 4475 831 4530 οὐ
861 4476 996 4551 χρή⁶
1027 4476 1089 4532 τὸ
1135 4477 1212 4549 μή
1260 4475 1574 4554 καλλ[ιεργ]
1627 4482 1703 4533 εῖν
1754 4499 1780 4532 τ

1984 4482 1999 4536 ι
2031 4480 2348 4536 amicitiam
2365 4479 2759 4536 simulandam
2785 4505 2798 4544 ;
2819 4479 3026 4551 punire
3047 4493 3192 4549 quos
3213 4473 3575 4546 Deusjubet:

191 4557 461 4630 πρόσωπον
521 4562 885 4638 ὑποκριτικῶς
939 4563 1027 4618 ἐπὶ
1084 4563 1268 4643 φιλίᾳ·
1324 4566 1385 4621 τὸ
1442 4563 1691 4640 ἐκδικεῖν,
1725 4566 1782 4622 οὓ

1990 4587 2045 4626 )n
2094 4569 2312 4641 injuria
2370 4571 2602 4626 afﬁcere
2652 4568 3010 4624 conﬁdentes
3079 4567 3136 4620 in
3205 4569 3314 4620 Deo
3371 4561 3471 4634 qui
3521 4561 3581 4616 in

193 4649 538 4725 παραγγέλλει
595 4652 625 4706 ὁ
675 4650 822 4714 Θεός’
856 4653 917 4708 τὸ
1107 4651 1333 4729 ἀδικεῖν]
1383 4653 1696 4731 ἀφορῶντας
1744 4655 1784 4710 εΙ

1995 4659 2145 4715 dicio
2179 4675 2486 4730 personam
2509 4658 2665 4713 haud
2699 4657 2946 4728 accipit;
2972 4672 3086 4712 non
3114 4653 3361 4709 vendere
3399 4649 3581 4722 justi-

193 4735 336 4792 αὐτὸν
388 4740 542 4812 Θεὸν,
574 4740 631 4801 ’ὸς
684 4740 750 4795 οὐ
803 4735 1068 4814 λαμϐάνει
1097 4742 1391 4818 πρόσωπον
1424 4743 1477 4799 ἐν
1530 4742 1723 4820 κρίσιν
1756 4765 1784 4798 τ

1990 4766 2068 4804 ιω
2102 4749 2355 4820 acceptis
2385 4747 2768 4814 muneribus;
2803 4763 2916 4801 non
2967 4746 3275 4800 admittere
3323 4758 3422 4798 eos
3479 4741 3581 4812 qui

198 4825 263 4894 μὴ
315 4827 594 4902 προΐεσθαι
650 4827 832 4906 δώρου
889 4832 952 4886 τὸ
987 4827 1214 4887 δίκαιον
1249 4833 1314 4888 τὸ
1371 4834 1447 4907 μὴ
1505 4833 1789 4910 προσίεσθα

1988 4839 2000 4894 I
2037 4837 2390 4909 injustitiam
2417 4841 2756 4908 provocant,
2804 4839 2868 4890 ut
2913 4849 2982 4889 ne
3039 4833 3254 4898 dicam,
3301 4831 3373 4886 sd
3413 4845 3579 4901 sepa-

193 4913 302 4977 τοὺς
349 4918 829 4993 προκαλουμένους
888 4919 966 4982 είς
1017 4917 1225 4996 ἄδικον,
1285 4922 1426 4979 ὀκνῶ
1496 4923 1686 4994 εἰπεῖν,
1749 4923 1784 4979 ει

1988 4926 2216 4983 itionem
2251 4926 2322 4982 ab
2352 4924 2610 4981 Ecclesia
2641 4931 2697 4980 et
2727 4923 3098 4995 potissimum
3131 4920 3579 4989 ecclesiasticos,

194 5001 246 5090 τὸ
275 5006 344 5090 μὴ
377 5006 512 5061 κατὰ
539 5014 640 5077 τῆς
691 5008 1015 5080 Ἐκκλησίας
1059 5011 1216 5081 εἶναι,
1248 5011 1338 5066 καὶ
1401 5009 1639 5086 μάλιστα
1693 5013 1785 5069 τοὺ

1992 5018 2087 5074 ιοᾶ
2119 5016 2390 5090 quamvis
2441 5014 2862 5072 exsecrandum
2895 5013 3004 5069 hoc
3033 5017 3293 5084 tempore
3322 5009 3583 5067 accidere

194 5085 675 5166 ἐκκλησιαστικοὺς,
705 5097 734 5151 ὸ
770 5102 869 5153 τοῦ
898 5103 984 5154 νῦν
1016 5103 1208 5174 καιροῦ
1237 5085 1690 5179 φύμαθεομισὲς.
1932 5085 2099 5162 solet.

255 5226 304 5280 ε’.
339 5228 517 5283 Εἰπὼν
577 5229 680 5306 γὰρ
734 5230 864 5286 αὐτὸ
924 5227 1225 5290 ὁποϐἀλλω
1273 5239 1390 5297 τοῖς
1445 5234 1822 5310 ἀκροωμένοις

2001 5241 2056 5296 5.
2109 5239 2240 5294 Haec
2298 5238 2452 5293 enim
2494 5237 2694 5292 dicens
2752 5237 3045 5292 auditores
3091 5231 3582 5290 commonefactos

196 5317 339 5384 νοεῖν,
396 5319 477 5373 ὅτι
534 5319 800 5395 ἀρῥωστεῖ
871 5321 962 5376 καὶ
1017 5325 1050 5394 ἡ
1111 5322 1427 5395 Ἐκκλησία.
1488 5325 1586 5380 Καί
1639 5346 1720 5401 γε,
1779 5346 1787 5378 ι

1990 5328 2128 5393 alim,
2155 5327 2469 5384 Ecclesiam
2495 5331 2792 5398 aegrotare.
2831 5324 2976 5380 Vere
3023 5328 3242 5386 autem,
3303 5338 3335 5376 ο
3386 5318 3581 5389 amici,

200 5401 352 5473 οὗτοι,
386 5405 601 5478 ἀληθῶς
634 5408 904 5486 ἀρῥωστεῖ
930 5411 1019 5466 καὶ
1046 5413 1109 5468 τὸ
1137 5418 1387 5469 τοιοῦτον
1426 5415 1580 5489 ἅγιον
1642 5418 1791 5488 σῶμα

1998 5421 2175 5489 grotat
2206 5415 2312 5471 hoc
2341 5418 2607 5470 sanctum
2625 5429 2857 5484 corpus,
2889 5417 2945 5467 et
2970 5410 3261 5482 imprimis
3283 5410 3340 5464 in
3365 5406 3589 5477 aliquot

200 5491 278 5544 καὶ
333 5495 560 5567 μάλιστα
611 5498 746 5555 κατὰ
801 5504 906 5554 τῶν
964 5519 1110 5564 τινας
1169 5498 1448 5558 δακτύλων
1507 5501 1690 5558 αὐτοῦ.
1750 5508 1789 5557 Τ

1994 5506 2059 5563 iis
2086 5505 2304 5578 digitis.
2336 5507 2546 5559 Caetera
2570 5501 2726 5557 enim
2755 5500 3108 5557 venerabilia
3136 5497 3298 5554 illius
3319 5495 3585 5552 membra

204 5578 296 5655 γὰρ
347 5582 485 5671 ἄλλα
537 5586 694 5661 τίμια
754 5589 896 5662 μέλη
953 5589 1150 5646 τούτου
1197 5591 1296 5648 οὔκ
1343 5587 1458 5668 ἔχω
1499 5592 1795 5671 μέμφεσθαι

1992 5611 2050 5650 in
2077 5599 2164 5650 est
2193 5593 2347 5664 quod
2376 5592 2722 5664 vituperem.
2773 5590 2997 5662 Digitos
3037 5593 3233 5644 autem
3267 5587 3411 5642 istos
3439 5599 3583 5640 voco

209 5670 494 5741 Δακτύλους
527 5675 584 5734 δὲ
610 5677 836 5741 τούτους
856 5679 1043 5751 ἐῖπον,
1076 5679 1175 5736 οὒκ
1210 5676 1580 5746 ἐκϐάλλοντας
1640 5692 1800 5758 θεομι

1991 5699 2051 5740 3n
2080 5682 2181 5753 qui
2202 5681 2304 5739 Dei
2343 5681 2530 5738 instar
2583 5680 2872 5738 daemonia
2916 5676 3212 5750 expellunt
3265 5675 3582 5750 (quomodo
