  <div class='ocr_page' id='page_1' title='image "/cluster/home/n/w/nwhite01/storage/ocr_20150623/135/hvd.32044073502528/277.png"; bbox 0 0 4028 6202; ppageno 0'>
   <div class='ocr_carea' id='block_1_1' title="bbox 485 323 608 383">
    <p class='ocr_par' dir='ltr' id='par_1_1' title="bbox 485 323 608 383">
     <span class='ocr_line' id='line_1_1' title="bbox 485 323 608 383; baseline 0 -1"><span class='ocrx_word' id='word_1_1' title='bbox 485 323 608 383; x_wconf 73' lang='grc'><strong>543</strong></span> 
     </span>
    </p>
   </div>
   <div class='ocr_carea' id='block_1_2' title="bbox 1263 326 3133 391">
    <p class='ocr_par' dir='ltr' id='par_1_2' title="bbox 1263 326 3133 391">
     <span class='ocr_line' id='line_1_2' title="bbox 1263 326 3133 391; baseline 0.001 -4"><span class='ocrx_word' id='word_1_2' title='bbox 1263 329 1684 391; x_wconf 80' lang='lat' dir='ltr'><strong>EUSTATHII</strong></span> <span class='ocrx_word' id='word_1_3' title='bbox 1725 331 1829 391; x_wconf 80' lang='grc' dir='ltr'><strong>ΤΗ</strong></span> <span class='ocrx_word' id='word_1_4' title='bbox 1844 326 2504 390; x_wconf 81' lang='lat' dir='ltr'><strong>ESSALONICENSIS</strong></span> <span class='ocrx_word' id='word_1_5' title='bbox 2550 326 3133 389; x_wconf 67' lang='lat' dir='ltr'><strong>METROPOLITE</strong></span> 
     </span>
    </p>
   </div>
   <div class='ocr_carea' id='block_1_3' title="bbox 3732 339 3826 398">
    <p class='ocr_par' dir='ltr' id='par_1_3' title="bbox 3732 339 3826 398">
     <span class='ocr_line' id='line_1_3' title="bbox 3732 339 3826 398; baseline 0 0"><span class='ocrx_word' id='word_1_6' title='bbox 3732 339 3826 398; x_wconf 70' lang='lat' dir='ltr'><strong>5M</strong></span> 
     </span>
    </p>
   </div>
   <div class='ocr_carea' id='block_1_4' title="bbox 488 454 2157 534">
    <p class='ocr_par' dir='ltr' id='par_1_4' title="bbox 488 455 2148 533">
     <span class='ocr_line' id='line_1_4' title="bbox 488 455 2148 533; baseline 0.004 -21"><span class='ocrx_word' id='word_1_7' title='bbox 488 455 645 512; x_wconf 89' lang='lat' dir='ltr'><strong>enim</strong></span> <span class='ocrx_word' id='word_1_8' title='bbox 726 455 856 511; x_wconf 64' lang='lat' dir='ltr'><strong>Idaei</strong></span> <span class='ocrx_word' id='word_1_9' title='bbox 928 457 1144 530; x_wconf 82' lang='lat' dir='ltr'><strong>Dactyli</strong></span> <span class='ocrx_word' id='word_1_10' title='bbox 1194 465 1518 531; x_wconf 88' lang='lat' dir='ltr'><strong>opportune</strong></span> <span class='ocrx_word' id='word_1_11' title='bbox 1574 462 1708 533; x_wconf 91' lang='lat' dir='ltr'><strong>quis</strong></span> <span class='ocrx_word' id='word_1_12' title='bbox 1760 463 1990 528; x_wconf 81' lang='lat' dir='ltr'><strong>dixerit,</strong></span> <span class='ocrx_word' id='word_1_13' title='bbox 2037 461 2148 518; x_wconf 86' lang='lat' dir='ltr'><strong>hoc</strong></span> 
     </span>
    </p>
   </div>
   <div class='ocr_carea' id='block_1_5' title="bbox 2269 454 3832 534">
    <p class='ocr_par' dir='ltr' id='par_1_5' title="bbox 2269 454 3832 534">
     <span class='ocr_line' id='line_1_5' title="bbox 2269 454 3832 534; baseline 0.002 -20"><span class='ocrx_word' id='word_1_14' title='bbox 2269 459 2461 531; x_wconf 78' lang='grc' dir='ltr'>μήπως</span> <span class='ocrx_word' id='word_1_15' title='bbox 2493 456 2770 533; x_wconf 85' lang='grc' dir='ltr'>δαιμόνια,</span> <span class='ocrx_word' id='word_1_16' title='bbox 2800 460 2938 532; x_wconf 79' lang='grc' dir='ltr'>(πῶς</span> <span class='ocrx_word' id='word_1_17' title='bbox 2977 459 3079 534; x_wconf 79' lang='grc' dir='ltr'><strong>γὰρ</strong></span> <span class='ocrx_word' id='word_1_18' title='bbox 3130 457 3204 528; x_wconf 77' lang='grc' dir='ltr'>οἱ,</span> <span class='ocrx_word' id='word_1_19' title='bbox 3238 456 3312 520; x_wconf 83' lang='grc' dir='ltr'>ὡς</span> <span class='ocrx_word' id='word_1_20' title='bbox 3361 454 3417 512; x_wconf 81' lang='grc' dir='ltr'><strong>ἃν</strong></span> <span class='ocrx_word' id='word_1_21' title='bbox 3469 460 3672 534; x_wconf 76' lang='grc' dir='ltr'><strong>καιρίως</strong></span> <span class='ocrx_word' id='word_1_22' title='bbox 3715 464 3832 524; x_wconf 71' lang='grc' dir='ltr'>εἴποι</span> 
     </span>
    </p>
   </div>
   <div class='ocr_carea' id='block_1_6' title="bbox 492 545 2165 622">
    <p class='ocr_par' dir='ltr' id='par_1_6' title="bbox 492 545 2165 622">
     <span class='ocr_line' id='line_1_6' title="bbox 492 545 2165 622; baseline 0.002 -22"><span class='ocrx_word' id='word_1_23' title='bbox 492 549 768 616; x_wconf 83' lang='lat' dir='ltr'><strong>poterunt</strong></span> <span class='ocrx_word' id='word_1_24' title='bbox 795 545 986 616; x_wconf 86' lang='lat' dir='ltr'><strong>?),sed</strong></span> <span class='ocrx_word' id='word_1_25' title='bbox 1039 547 1136 618; x_wconf 86' lang='lat' dir='ltr'><strong>qui</strong></span> <span class='ocrx_word' id='word_1_26' title='bbox 1185 548 1451 604; x_wconf 87' lang='lat' dir='ltr'><strong>scribunt</strong></span> <span class='ocrx_word' id='word_1_27' title='bbox 1493 553 1648 622; x_wconf 87' lang='lat' dir='ltr'><strong>quod</strong></span> <span class='ocrx_word' id='word_1_28' title='bbox 1701 569 1812 606; x_wconf 87' lang='lat' dir='ltr'><strong>non</strong></span> <span class='ocrx_word' id='word_1_29' title='bbox 1854 551 2009 620; x_wconf 90' lang='lat' dir='ltr'><strong>licet,</strong></span> <span class='ocrx_word' id='word_1_30' title='bbox 2043 547 2165 621; x_wconf 83' lang='lat' dir='ltr'><strong>qui</strong></span> 
     </span>
    </p>
   </div>
   <div class='ocr_carea' id='block_1_7' title="bbox 491 635 2147 712">
    <p class='ocr_par' dir='ltr' id='par_1_7' title="bbox 491 635 2147 712">
     <span class='ocr_line' id='line_1_7' title="bbox 491 635 2147 712; baseline 0.004 -24"><span class='ocrx_word' id='word_1_31' title='bbox 491 635 577 689; x_wconf 87' lang='lat' dir='ltr'><strong>vel</strong></span> <span class='ocrx_word' id='word_1_32' title='bbox 613 636 1001 707; x_wconf 78' lang='lat' dir='ltr'><strong>nosmetipsos</strong></span> <span class='ocrx_word' id='word_1_33' title='bbox 1045 637 1277 708; x_wconf 83' lang='lat' dir='ltr'><strong>scriptis</strong></span> <span class='ocrx_word' id='word_1_34' title='bbox 1332 638 1456 692; x_wconf 85' lang='lat' dir='ltr'><strong>suis</strong></span> <span class='ocrx_word' id='word_1_35' title='bbox 1506 641 1972 712; x_wconf 68' lang='lat' dir='ltr'><strong>aggrediuntur;</strong></span> <span class='ocrx_word' id='word_1_36' title='bbox 2019 656 2147 710; x_wconf 71' lang='lat' dir='ltr'><strong>quis</strong></span> 
     </span>
    </p>
   </div>
   <div class='ocr_carea' id='block_1_8' title="bbox 492 723 2149 801">
    <p class='ocr_par' dir='ltr' id='par_1_8' title="bbox 492 723 2149 801">
     <span class='ocr_line' id='line_1_8' title="bbox 492 723 2149 801; baseline 0.004 -26"><span class='ocrx_word' id='word_1_37' title='bbox 492 723 728 794; x_wconf 84' lang='lat' dir='ltr'><strong>quidem</strong></span> <span class='ocrx_word' id='word_1_38' title='bbox 751 741 912 779; x_wconf 88' lang='lat' dir='ltr'><strong>mens</strong></span> <span class='ocrx_word' id='word_1_39' title='bbox 931 740 1106 795; x_wconf 80' lang='lat' dir='ltr'><strong>prava</strong></span> <span class='ocrx_word' id='word_1_40' title='bbox 1129 726 1874 801; x_wconf 82' lang='lat' dir='ltr'><strong>progignit,deindelingua</strong></span> <span class='ocrx_word' id='word_1_41' title='bbox 1903 728 2149 784; x_wconf 83' lang='lat' dir='ltr'><strong>nutricis</strong></span> 
     </span>
    </p>
   </div>
   <div class='ocr_carea' id='block_1_9' title="bbox 495 812 2146 885">
    <p class='ocr_par' dir='ltr' id='par_1_9' title="bbox 495 812 2146 885">
     <span class='ocr_line' id='line_1_9' title="bbox 495 812 2146 885; baseline 0.004 -19"><span class='ocrx_word' id='word_1_42' title='bbox 495 813 681 866; x_wconf 90' lang='lat' dir='ltr'><strong>instar</strong></span> <span class='ocrx_word' id='word_1_43' title='bbox 712 812 1073 867; x_wconf 80' lang='lat' dir='ltr'><strong>multimodis</strong></span> <span class='ocrx_word' id='word_1_44' title='bbox 1097 815 1379 884; x_wconf 77' lang='lat' dir='ltr'><strong>provehit,</strong></span> <span class='ocrx_word' id='word_1_45' title='bbox 1407 834 1561 872; x_wconf 91' lang='lat' dir='ltr'><strong>nunc</strong></span> <span class='ocrx_word' id='word_1_46' title='bbox 1593 817 1710 873; x_wconf 90' lang='lat' dir='ltr'><strong>aeri</strong></span> <span class='ocrx_word' id='word_1_47' title='bbox 1755 818 2146 885; x_wconf 88' lang='lat' dir='ltr'><strong>commitlens,</strong></span> 
     </span>
    </p>
   </div>
   <div class='ocr_carea' id='block_1_10' title="bbox 495 901 2151 979">
    <p class='ocr_par' dir='ltr' id='par_1_10' title="bbox 495 901 2151 979">
     <span class='ocr_line' id='line_1_10' title="bbox 495 901 2151 979; baseline 0.004 -24"><span class='ocrx_word' id='word_1_48' title='bbox 495 916 650 956; x_wconf 85' lang='lat' dir='ltr'><strong>nunc</strong></span> <span class='ocrx_word' id='word_1_49' title='bbox 681 901 846 956; x_wconf 86' lang='lat' dir='ltr'><strong>libris</strong></span> <span class='ocrx_word' id='word_1_50' title='bbox 866 905 1100 960; x_wconf 89' lang='lat' dir='ltr'><strong>tradens</strong></span> <span class='ocrx_word' id='word_1_51' title='bbox 1121 912 1296 977; x_wconf 91' lang='lat' dir='ltr'><strong>atque</strong></span> <span class='ocrx_word' id='word_1_52' title='bbox 1337 907 1595 979; x_wconf 74' lang='lat' dir='ltr'><strong>dirigens</strong></span> <span class='ocrx_word' id='word_1_53' title='bbox 1625 913 1827 964; x_wconf 89' lang='lat' dir='ltr'><strong>contra</strong></span> <span class='ocrx_word' id='word_1_54' title='bbox 1884 926 2011 975; x_wconf 88' lang='lat' dir='ltr'><strong>nos,</strong></span> <span class='ocrx_word' id='word_1_55' title='bbox 2048 924 2151 962; x_wconf 91' lang='lat' dir='ltr'><strong>cur</strong></span> 
     </span>
    </p>
   </div>
   <div class='ocr_carea' id='block_1_11' title="bbox 495 991 2150 1066">
    <p class='ocr_par' dir='ltr' id='par_1_11' title="bbox 495 991 2150 1066">
     <span class='ocr_line' id='line_1_11' title="bbox 495 991 2150 1066; baseline 0.004 -22"><span class='ocrx_word' id='word_1_56' title='bbox 495 993 551 1044; x_wconf 90' lang='lat' dir='ltr'><strong>et</strong></span> <span class='ocrx_word' id='word_1_57' title='bbox 573 1005 688 1060; x_wconf 88' lang='lat' dir='ltr'><strong>qua</strong></span> <span class='ocrx_word' id='word_1_58' title='bbox 719 991 788 1046; x_wconf 93' lang='lat' dir='ltr'><strong>de</strong></span> <span class='ocrx_word' id='word_1_59' title='bbox 814 994 1043 1048; x_wconf 82' lang='lat' dir='ltr'><strong>causa?</strong></span> <span class='ocrx_word' id='word_1_60' title='bbox 1073 1012 1215 1050; x_wconf 92' lang='lat' dir='ltr'><strong>num</strong></span> <span class='ocrx_word' id='word_1_61' title='bbox 1272 995 1410 1066; x_wconf 83' lang='lat' dir='ltr'><strong>quia</strong></span> <span class='ocrx_word' id='word_1_62' title='bbox 1457 1013 1555 1052; x_wconf 89' lang='lat' dir='ltr'><strong>cos</strong></span> <span class='ocrx_word' id='word_1_63' title='bbox 1611 996 1698 1052; x_wconf 88' lang='lat' dir='ltr'><strong>vel</strong></span> <span class='ocrx_word' id='word_1_64' title='bbox 1753 997 2014 1052; x_wconf 68' lang='lat' dir='ltr'><strong>lasimus</strong></span> <span class='ocrx_word' id='word_1_65' title='bbox 2064 994 2150 1052; x_wconf 90' lang='lat' dir='ltr'><strong>vel</strong></span> 
     </span>
    </p>
   </div>
   <div class='ocr_carea' id='block_1_12' title="bbox 496 1079 2152 1142">
    <p class='ocr_par' dir='ltr' id='par_1_12' title="bbox 496 1079 2152 1142">
     <span class='ocr_line' id='line_1_12' title="bbox 496 1079 2152 1142; baseline 0.006 -10"><span class='ocrx_word' id='word_1_66' title='bbox 496 1095 652 1133; x_wconf 90' lang='lat' dir='ltr'><strong>nunc</strong></span> <span class='ocrx_word' id='word_1_67' title='bbox 699 1079 1011 1139; x_wconf 65' lang='lat' dir='ltr'><strong>laedimus?</strong></span> <span class='ocrx_word' id='word_1_68' title='bbox 1042 1085 1234 1140; x_wconf 89' lang='lat' dir='ltr'><strong>Liceat</strong></span> <span class='ocrx_word' id='word_1_69' title='bbox 1274 1084 1418 1140; x_wconf 75' lang='lat' dir='ltr'><strong>mihi</strong></span> <span class='ocrx_word' id='word_1_70' title='bbox 1471 1103 1604 1140; x_wconf 92' lang='lat' dir='ltr'><strong>cum</strong></span> <span class='ocrx_word' id='word_1_71' title='bbox 1650 1086 1864 1142; x_wconf 89' lang='lat' dir='ltr'><strong>ﬁducia</strong></span> <span class='ocrx_word' id='word_1_72' title='bbox 1919 1086 1979 1142; x_wconf 85' lang='lat' dir='ltr'><strong>in</strong></span> <span class='ocrx_word' id='word_1_73' title='bbox 2043 1088 2152 1142; x_wconf 90' lang='lat' dir='ltr'><strong>Deo</strong></span> 
     </span>
    </p>
   </div>
   <div class='ocr_carea' id='block_1_13' title="bbox 497 1167 2152 1248">
    <p class='ocr_par' dir='ltr' id='par_1_13' title="bbox 497 1167 2152 1248">
     <span class='ocr_line' id='line_1_13' title="bbox 497 1167 2152 1248; baseline 0.005 -27"><span class='ocrx_word' id='word_1_74' title='bbox 497 1167 688 1239; x_wconf 89' lang='lat' dir='ltr'><strong>posita</strong></span> <span class='ocrx_word' id='word_1_75' title='bbox 716 1170 928 1240; x_wconf 85' lang='lat' dir='ltr'><strong>dicere,</strong></span> <span class='ocrx_word' id='word_1_76' title='bbox 961 1177 1163 1228; x_wconf 85' lang='lat' dir='ltr'><strong>contra</strong></span> <span class='ocrx_word' id='word_1_77' title='bbox 1197 1190 1302 1228; x_wconf 91' lang='lat' dir='ltr'><strong>nos</strong></span> <span class='ocrx_word' id='word_1_78' title='bbox 1336 1175 1434 1245; x_wconf 91' lang='lat' dir='ltr'><strong>qui</strong></span> <span class='ocrx_word' id='word_1_79' title='bbox 1467 1175 1550 1230; x_wconf 89' lang='lat' dir='ltr'><strong>eis</strong></span> <span class='ocrx_word' id='word_1_80' title='bbox 1595 1179 1652 1231; x_wconf 89' lang='lat' dir='ltr'><strong>et</strong></span> <span class='ocrx_word' id='word_1_81' title='bbox 1681 1175 1914 1247; x_wconf 90' lang='lat' dir='ltr'><strong>publice</strong></span> <span class='ocrx_word' id='word_1_82' title='bbox 1945 1180 2000 1231; x_wconf 91' lang='lat' dir='ltr'><strong>et</strong></span> <span class='ocrx_word' id='word_1_83' title='bbox 2030 1175 2152 1248; x_wconf 88' lang='lat' dir='ltr'><strong>pri-</strong></span> 
     </span>
    </p>
   </div>
   <div class='ocr_carea' id='block_1_14' title="bbox 496 1257 2154 1336">
    <p class='ocr_par' dir='ltr' id='par_1_14' title="bbox 496 1257 2154 1336">
     <span class='ocr_line' id='line_1_14' title="bbox 496 1257 2154 1336; baseline 0.004 -26"><span class='ocrx_word' id='word_1_84' title='bbox 496 1257 676 1312; x_wconf 88' lang='lat' dir='ltr'><strong>vatim</strong></span> <span class='ocrx_word' id='word_1_85' title='bbox 697 1259 841 1314; x_wconf 83' lang='lat' dir='ltr'><strong>bene</strong></span> <span class='ocrx_word' id='word_1_86' title='bbox 862 1261 1403 1334; x_wconf 79' lang='lat' dir='ltr'><strong>fecimus;publice</strong></span> <span class='ocrx_word' id='word_1_87' title='bbox 1424 1265 1684 1335; x_wconf 85' lang='lat' dir='ltr'><strong>quidem,</strong></span> <span class='ocrx_word' id='word_1_88' title='bbox 1735 1265 1889 1336; x_wconf 92' lang='lat' dir='ltr'><strong>quod</strong></span> <span class='ocrx_word' id='word_1_89' title='bbox 1940 1269 1999 1320; x_wconf 87' lang='lat' dir='ltr'><strong>et</strong></span> <span class='ocrx_word' id='word_1_90' title='bbox 2040 1262 2154 1336; x_wconf 88' lang='lat' dir='ltr'><strong>ipsi</strong></span> 
     </span>
    </p>
   </div>
   <div class='ocr_carea' id='block_1_15' title="bbox 497 1345 2154 1425">
    <p class='ocr_par' dir='ltr' id='par_1_15' title="bbox 497 1345 2154 1425">
     <span class='ocr_line' id='line_1_15' title="bbox 497 1345 2154 1425; baseline 0.005 -25"><span class='ocrx_word' id='word_1_91' title='bbox 497 1345 784 1403; x_wconf 90' lang='lat' dir='ltr'><strong>bonorum</strong></span> <span class='ocrx_word' id='word_1_92' title='bbox 809 1349 1076 1405; x_wconf 91' lang='lat' dir='ltr'><strong>universo</strong></span> <span class='ocrx_word' id='word_1_93' title='bbox 1107 1368 1271 1407; x_wconf 82' lang='lat' dir='ltr'><strong>sacro</strong></span> <span class='ocrx_word' id='word_1_94' title='bbox 1303 1351 1456 1407; x_wconf 88' lang='lat' dir='ltr'><strong>clero</strong></span> <span class='ocrx_word' id='word_1_95' title='bbox 1513 1370 1923 1409; x_wconf 79' lang='lat' dir='ltr'><strong>concessorum</strong></span> <span class='ocrx_word' id='word_1_96' title='bbox 1974 1353 2154 1425; x_wconf 89' lang='lat' dir='ltr'><strong>parti-</strong></span> 
     </span>
    </p>
   </div>
   <div class='ocr_carea' id='block_1_16' title="bbox 500 1435 2158 1514">
    <p class='ocr_par' dir='ltr' id='par_1_16' title="bbox 500 1435 2158 1514">
     <span class='ocr_line' id='line_1_16' title="bbox 500 1435 2158 1514; baseline 0.005 -26"><span class='ocrx_word' id='word_1_97' title='bbox 500 1435 659 1507; x_wconf 86' lang='lat' dir='ltr'><strong>ciprs</strong></span> <span class='ocrx_word' id='word_1_98' title='bbox 692 1437 825 1492; x_wconf 77' lang='lat' dir='ltr'><strong>facti</strong></span> <span class='ocrx_word' id='word_1_99' title='bbox 858 1445 996 1494; x_wconf 89' lang='lat' dir='ltr'><strong>sunt</strong></span> <span class='ocrx_word' id='word_1_100' title='bbox 1023 1465 1036 1507; x_wconf 85' lang='lat'><strong>;</strong></span> <span class='ocrx_word' id='word_1_101' title='bbox 1061 1441 1332 1511; x_wconf 77' lang='lat' dir='ltr'><strong>privatim</strong></span> <span class='ocrx_word' id='word_1_102' title='bbox 1365 1446 1584 1505; x_wconf 84' lang='lat' dir='ltr'><strong>autem,</strong></span> <span class='ocrx_word' id='word_1_103' title='bbox 1644 1443 1799 1514; x_wconf 93' lang='lat' dir='ltr'><strong>quod</strong></span> <span class='ocrx_word' id='word_1_104' title='bbox 1843 1451 1896 1497; x_wconf 87' lang='lat' dir='ltr'><strong>et</strong></span> <span class='ocrx_word' id='word_1_105' title='bbox 1954 1443 2067 1513; x_wconf 90' lang='lat' dir='ltr'><strong>ipsi</strong></span> <span class='ocrx_word' id='word_1_106' title='bbox 2098 1447 2158 1498; x_wconf 88' lang='lat' dir='ltr'><strong>et</strong></span> 
     </span>
    </p>
   </div>
   <div class='ocr_carea' id='block_1_17' title="bbox 499 1527 2154 1604">
    <p class='ocr_par' dir='ltr' id='par_1_17' title="bbox 499 1527 2154 1604">
     <span class='ocr_line' id='line_1_17' title="bbox 499 1527 2154 1604; baseline 0.004 -25"><span class='ocrx_word' id='word_1_107' title='bbox 499 1541 700 1580; x_wconf 91' lang='lat' dir='ltr'><strong>eorum</strong></span> <span class='ocrx_word' id='word_1_108' title='bbox 734 1527 861 1594; x_wconf 88' lang='lat' dir='ltr'><strong>ﬁlii,</strong></span> <span class='ocrx_word' id='word_1_109' title='bbox 896 1531 1050 1600; x_wconf 91' lang='lat' dir='ltr'><strong>quod</strong></span> <span class='ocrx_word' id='word_1_110' title='bbox 1097 1531 1349 1586; x_wconf 79' lang='lat' dir='ltr'><strong>maxime</strong></span> <span class='ocrx_word' id='word_1_111' title='bbox 1393 1531 1751 1588; x_wconf 88' lang='lat' dir='ltr'><strong>considerari</strong></span> <span class='ocrx_word' id='word_1_112' title='bbox 1792 1532 1983 1599; x_wconf 87' lang='lat' dir='ltr'><strong>debet,</strong></span> <span class='ocrx_word' id='word_1_113' title='bbox 2009 1549 2154 1604; x_wconf 63' lang='lat' dir='ltr'><strong>pra:-</strong></span> 
     </span>
    </p>
   </div>
   <div class='ocr_carea' id='block_1_18' title="bbox 501 1613 1360 1690">
    <p class='ocr_par' dir='ltr' id='par_1_18' title="bbox 501 1613 1360 1690">
     <span class='ocr_line' id='line_1_18' title="bbox 501 1613 1360 1690; baseline 0.006 -22"><span class='ocrx_word' id='word_1_114' title='bbox 501 1613 669 1686; x_wconf 90' lang='lat' dir='ltr'><strong>cipue</strong></span> <span class='ocrx_word' id='word_1_115' title='bbox 693 1617 971 1672; x_wconf 84' lang='lat' dir='ltr'><strong>beneﬁcia</strong></span> <span class='ocrx_word' id='word_1_116' title='bbox 991 1625 1360 1690; x_wconf 88' lang='lat' dir='ltr'><strong>acceperunt.</strong></span> 
     </span>
    </p>
   </div>
   <div class='ocr_carea' id='block_1_19' title="bbox 569 1722 2157 1794">
    <p class='ocr_par' dir='ltr' id='par_1_19' title="bbox 569 1722 2157 1794">
     <span class='ocr_line' id='line_1_19' title="bbox 569 1722 2157 1794; baseline 0.003 -18"><span class='ocrx_word' id='word_1_117' title='bbox 569 1722 625 1777; x_wconf 86' lang='lat'><strong>6.</strong></span> <span class='ocrx_word' id='word_1_118' title='bbox 655 1723 801 1777; x_wconf 83' lang='lat' dir='ltr'><strong>Audi</strong></span> <span class='ocrx_word' id='word_1_119' title='bbox 825 1725 1005 1791; x_wconf 89' lang='lat' dir='ltr'><strong>enim,</strong></span> <span class='ocrx_word' id='word_1_120' title='bbox 1038 1742 1070 1780; x_wconf 93' lang='grc' dir='ltr'><strong>ο</strong></span> <span class='ocrx_word' id='word_1_121' title='bbox 1129 1725 1358 1790; x_wconf 74' lang='lat' dir='ltr'><strong>coelum,</strong></span> <span class='ocrx_word' id='word_1_122' title='bbox 1394 1731 1450 1781; x_wconf 89' lang='lat' dir='ltr'><strong>et</strong></span> <span class='ocrx_word' id='word_1_123' title='bbox 1479 1729 1735 1794; x_wconf 89' lang='lat' dir='ltr'><strong>attende,</strong></span> <span class='ocrx_word' id='word_1_124' title='bbox 1787 1744 1820 1783; x_wconf 93' lang='grc' dir='ltr'><strong>ο</strong></span> <span class='ocrx_word' id='word_1_125' title='bbox 1850 1731 2024 1793; x_wconf 88' lang='lat' dir='ltr'><strong>terra,</strong></span> <span class='ocrx_word' id='word_1_126' title='bbox 2075 1727 2157 1782; x_wconf 82' lang='lat' dir='ltr'><strong>Ex</strong></span> 
     </span>
    </p>
   </div>
   <div class='ocr_carea' id='block_1_20' title="bbox 2251 546 3834 629">
    <p class='ocr_par' dir='ltr' id='par_1_20' title="bbox 2251 546 3834 629">
     <span class='ocr_line' id='line_1_20' title="bbox 2251 546 3834 629; baseline 0 -27"><span class='ocrx_word' id='word_1_127' title='bbox 2251 569 2357 611; x_wconf 85' lang='grc' dir='ltr'>τις.</span> <span class='ocrx_word' id='word_1_128' title='bbox 2395 546 2582 606; x_wconf 79' lang='grc' dir='ltr'>Ἰδαῖοι</span> <span class='ocrx_word' id='word_1_129' title='bbox 2631 547 2895 604; x_wconf 84' lang='grc' dir='ltr'><strong>Δάκτυλοι</strong></span> <span class='ocrx_word' id='word_1_130' title='bbox 2955 551 3192 602; x_wconf 89' lang='grc' dir='ltr'>τοιοῦτοι</span> <span class='ocrx_word' id='word_1_131' title='bbox 3244 546 3301 600; x_wconf 77' lang='grc' dir='ltr'>ἂν</span> <span class='ocrx_word' id='word_1_132' title='bbox 3350 547 3505 618; x_wconf 72' lang='grc' dir='ltr'>εἷεν;)</span> <span class='ocrx_word' id='word_1_133' title='bbox 3557 547 3686 606; x_wconf 77' lang='grc' dir='ltr'>ἀλλὰ</span> <span class='ocrx_word' id='word_1_134' title='bbox 3723 556 3834 629; x_wconf 73' lang='grc' dir='ltr'>γρά.</span> 
     </span>
    </p>
   </div>
   <div class='ocr_carea' id='block_1_21' title="bbox 2257 635 3834 718">
    <p class='ocr_par' dir='ltr' id='par_1_21' title="bbox 2257 635 3834 718">
     <span class='ocr_line' id='line_1_21' title="bbox 2257 635 3834 718; baseline -0.001 -28"><span class='ocrx_word' id='word_1_135' title='bbox 2257 658 2472 713; x_wconf 61' lang='grc' dir='ltr'>φοιτας,</span> <span class='ocrx_word' id='word_1_136' title='bbox 2506 636 2538 690; x_wconf 82' lang='grc' dir='ltr'><strong>’ἁ</strong></span> <span class='ocrx_word' id='word_1_137' title='bbox 2572 659 2647 710; x_wconf 86' lang='grc' dir='ltr'><strong>μη</strong></span> <span class='ocrx_word' id='word_1_138' title='bbox 2682 637 2884 712; x_wconf 83' lang='grc' dir='ltr'>χρεὼν,</span> <span class='ocrx_word' id='word_1_139' title='bbox 2919 637 2971 690; x_wconf 88' lang='grc' dir='ltr'>οἳ</span> <span class='ocrx_word' id='word_1_140' title='bbox 3025 635 3112 690; x_wconf 87' lang='grc' dir='ltr'><strong>καὶ</strong></span> <span class='ocrx_word' id='word_1_141' title='bbox 3169 635 3284 690; x_wconf 82' lang='grc' dir='ltr'>καθ’</span> <span class='ocrx_word' id='word_1_142' title='bbox 3315 637 3466 707; x_wconf 78' lang='grc' dir='ltr'>ἡμῶν</span> <span class='ocrx_word' id='word_1_143' title='bbox 3513 635 3668 693; x_wconf 82' lang='grc' dir='ltr'>αὐτῶν</span> <span class='ocrx_word' id='word_1_144' title='bbox 3719 640 3834 718; x_wconf 74' lang='grc' dir='ltr'>λυγί.</span> 
     </span>
    </p>
   </div>
   <div class='ocr_carea' id='block_1_22' title="bbox 2261 722 3836 803">
    <p class='ocr_par' dir='ltr' id='par_1_22' title="bbox 2261 722 3836 803">
     <span class='ocr_line' id='line_1_22' title="bbox 2261 722 3836 803; baseline 0.003 -24"><span class='ocrx_word' id='word_1_145' title='bbox 2261 731 2437 794; x_wconf 79' lang='grc' dir='ltr'>ζονται</span> <span class='ocrx_word' id='word_1_146' title='bbox 2492 725 2822 801; x_wconf 78' lang='grc' dir='ltr'>ὑπογραφέες</span> <span class='ocrx_word' id='word_1_147' title='bbox 2872 726 3174 801; x_wconf 65' lang='grc' dir='ltr'>γινόμενον</span> <span class='ocrx_word' id='word_1_148' title='bbox 3218 722 3290 777; x_wconf 82' lang='grc' dir='ltr'>ὧν</span> <span class='ocrx_word' id='word_1_149' title='bbox 3321 728 3526 797; x_wconf 58' lang='grc' dir='ltr'>ςπρῶτα</span> <span class='ocrx_word' id='word_1_150' title='bbox 3580 727 3663 798; x_wconf 74' lang='grc' dir='ltr'>μὲν</span> <span class='ocrx_word' id='word_1_151' title='bbox 3712 737 3836 803; x_wconf 81' lang='grc' dir='ltr'>γεννᾷ</span> 
     </span>
    </p>
   </div>
   <div class='ocr_carea' id='block_1_23' title="bbox 2257 811 3833 893">
    <p class='ocr_par' dir='ltr' id='par_1_23' title="bbox 2257 811 3833 893">
     <span class='ocr_line' id='line_1_23' title="bbox 2257 811 3833 893; baseline 0.004 -25"><span class='ocrx_word' id='word_1_152' title='bbox 2257 815 2380 877; x_wconf 87' lang='grc' dir='ltr'>νοῦς</span> <span class='ocrx_word' id='word_1_153' title='bbox 2433 816 2535 870; x_wconf 86' lang='grc' dir='ltr'>οὐκ</span> <span class='ocrx_word' id='word_1_154' title='bbox 2566 815 2747 892; x_wconf 82' lang='grc' dir='ltr'>ὀρθὸς,</span> <span class='ocrx_word' id='word_1_155' title='bbox 2782 815 2895 870; x_wconf 74' lang='grc' dir='ltr'>εἶτα</span> <span class='ocrx_word' id='word_1_156' title='bbox 2948 811 3172 889; x_wconf 82' lang='grc' dir='ltr'>γλῶσσα</span> <span class='ocrx_word' id='word_1_157' title='bbox 3233 814 3585 886; x_wconf 75' lang='grc' dir='ltr'>μαιευσαμὲνη</span> <span class='ocrx_word' id='word_1_158' title='bbox 3639 815 3833 893; x_wconf 62' lang='grc' dir='ltr'>ἐκτρέφει</span> 
     </span>
    </p>
   </div>
   <div class='ocr_carea' id='block_1_24' title="bbox 2259 900 3840 981">
    <p class='ocr_par' dir='ltr' id='par_1_24' title="bbox 2259 900 3840 981">
     <span class='ocr_line' id='line_1_24' title="bbox 2259 900 3840 981; baseline 0.001 -23"><span class='ocrx_word' id='word_1_159' title='bbox 2259 901 2546 973; x_wconf 76' lang='grc' dir='ltr'><strong>ποικίλως,</strong></span> <span class='ocrx_word' id='word_1_160' title='bbox 2576 905 2646 959; x_wconf 80' lang='grc' dir='ltr'>τὰ</span> <span class='ocrx_word' id='word_1_161' title='bbox 2677 904 2770 978; x_wconf 82' lang='grc' dir='ltr'>μὶν</span> <span class='ocrx_word' id='word_1_162' title='bbox 2822 902 2937 977; x_wconf 72' lang='grc' dir='ltr'>ἀέρι</span> <span class='ocrx_word' id='word_1_163' title='bbox 2965 901 3452 979; x_wconf 76' lang='grc' dir='ltr'>’παραῤῥιπτοῦσα,</span> <span class='ocrx_word' id='word_1_164' title='bbox 3478 903 3540 956; x_wconf 79' lang='grc' dir='ltr'>τὰ</span> <span class='ocrx_word' id='word_1_165' title='bbox 3568 900 3619 958; x_wconf 71' lang='grc' dir='ltr'><strong>δὲ</strong></span> <span class='ocrx_word' id='word_1_166' title='bbox 3659 906 3734 959; x_wconf 84' lang='grc' dir='ltr'><strong>καὶ</strong></span> <span class='ocrx_word' id='word_1_167' title='bbox 3777 908 3840 981; x_wconf 86' lang='grc' dir='ltr'><strong>βι-</strong></span> 
     </span>
    </p>
   </div>
   <div class='ocr_carea' id='block_1_25' title="bbox 2261 987 3839 1069">
    <p class='ocr_par' dir='ltr' id='par_1_25' title="bbox 2261 987 3839 1069">
     <span class='ocr_line' id='line_1_25' title="bbox 2261 987 3839 1069; baseline 0.002 -23"><span class='ocrx_word' id='word_1_168' title='bbox 2261 987 2438 1056; x_wconf 78' lang='grc' dir='ltr'>ϐλίοις</span> <span class='ocrx_word' id='word_1_169' title='bbox 2485 997 2880 1069; x_wconf 88' lang='grc' dir='ltr'>σπαργανοῦσα,</span> <span class='ocrx_word' id='word_1_170' title='bbox 2917 992 3008 1047; x_wconf 78' lang='grc' dir='ltr'>καὶ</span> <span class='ocrx_word' id='word_1_171' title='bbox 3055 991 3374 1064; x_wconf 85' lang='grc' dir='ltr'>τημελοῦσα</span> <span class='ocrx_word' id='word_1_172' title='bbox 3413 993 3526 1056; x_wconf 81' lang='grc' dir='ltr'>καθ’</span> <span class='ocrx_word' id='word_1_173' title='bbox 3561 994 3721 1064; x_wconf 78' lang='grc' dir='ltr'>ἡμῶν,</span> <span class='ocrx_word' id='word_1_174' title='bbox 3757 999 3839 1049; x_wconf 79' lang='grc' dir='ltr'><strong>τῶν</strong></span> 
     </span>
    </p>
   </div>
   <div class='ocr_carea' id='block_1_26' title="bbox 2260 1078 3840 1156">
    <p class='ocr_par' dir='ltr' id='par_1_26' title="bbox 2260 1078 3840 1156">
     <span class='ocr_line' id='line_1_26' title="bbox 2260 1078 3840 1156; baseline 0.001 -20"><span class='ocrx_word' id='word_1_175' title='bbox 2260 1083 2458 1152; x_wconf 69' lang='grc' dir='ltr'>τίνων,</span> <span class='ocrx_word' id='word_1_176' title='bbox 2519 1088 2628 1137; x_wconf 84' lang='grc' dir='ltr'>αῶν</span> <span class='ocrx_word' id='word_1_177' title='bbox 2688 1083 2897 1152; x_wconf 82' lang='grc' dir='ltr'>ποίων;</span> <span class='ocrx_word' id='word_1_178' title='bbox 2955 1085 3061 1136; x_wconf 84' lang='grc' dir='ltr'><strong>τῶν</strong></span> <span class='ocrx_word' id='word_1_179' title='bbox 3120 1081 3172 1136; x_wconf 86' lang='grc' dir='ltr'><strong>τί</strong></span> <span class='ocrx_word' id='word_1_180' title='bbox 3219 1101 3354 1135; x_wconf 85' lang='grc' dir='ltr'>ποτε</span> <span class='ocrx_word' id='word_1_181' title='bbox 3405 1081 3439 1149; x_wconf 77' lang='grc' dir='ltr'>ἣ</span> <span class='ocrx_word' id='word_1_182' title='bbox 3488 1078 3840 1156; x_wconf 73' lang='grc' dir='ltr'>βλαψάντων,ἢ</span> 
     </span>
    </p>
   </div>
   <div class='ocr_carea' id='block_1_27' title="bbox 2268 1168 3844 1246">
    <p class='ocr_par' dir='ltr' id='par_1_27' title="bbox 2268 1168 3844 1246">
     <span class='ocr_line' id='line_1_27' title="bbox 2268 1168 3844 1246; baseline 0 -20"><span class='ocrx_word' id='word_1_183' title='bbox 2268 1172 2661 1246; x_wconf 86' lang='grc' dir='ltr'>βλαπτόντων;</span> <span class='ocrx_word' id='word_1_184' title='bbox 2696 1171 2826 1227; x_wconf 87' lang='grc' dir='ltr'>Δότε</span> <span class='ocrx_word' id='word_1_185' title='bbox 2860 1192 2953 1244; x_wconf 89' lang='grc' dir='ltr'><strong>μοι</strong></span> <span class='ocrx_word' id='word_1_186' title='bbox 2994 1169 3339 1246; x_wconf 66' lang='grc' dir='ltr'>θαρρούντως</span> <span class='ocrx_word' id='word_1_187' title='bbox 3391 1168 3550 1225; x_wconf 77' lang='grc' dir='ltr'>είπεῖν</span> <span class='ocrx_word' id='word_1_188' title='bbox 3606 1171 3685 1224; x_wconf 76' lang='grc' dir='ltr'>σὺν</span> <span class='ocrx_word' id='word_1_189' title='bbox 3737 1174 3844 1243; x_wconf 78' lang='grc' dir='ltr'>Θεῷ,</span> 
     </span>
    </p>
   </div>
   <div class='ocr_carea' id='block_1_28' title="bbox 2262 1257 3842 1336">
    <p class='ocr_par' dir='ltr' id='par_1_28' title="bbox 2262 1257 3842 1336">
     <span class='ocr_line' id='line_1_28' title="bbox 2262 1257 3842 1336; baseline 0.001 -23"><span class='ocrx_word' id='word_1_190' title='bbox 2262 1265 2368 1314; x_wconf 82' lang='grc' dir='ltr'><strong>τῶν</strong></span> <span class='ocrx_word' id='word_1_191' title='bbox 2419 1261 2884 1336; x_wconf 81' lang='grc' dir='ltr'>εὖεργετησάντων</span> <span class='ocrx_word' id='word_1_192' title='bbox 2952 1258 3077 1322; x_wconf 82' lang='grc' dir='ltr'>τοὺς</span> <span class='ocrx_word' id='word_1_193' title='bbox 3138 1258 3426 1320; x_wconf 79' lang='grc' dir='ltr'><strong>τοιούτους</strong></span> <span class='ocrx_word' id='word_1_194' title='bbox 3496 1257 3641 1332; x_wconf 83' lang='grc' dir='ltr'>κοινῇ</span> <span class='ocrx_word' id='word_1_195' title='bbox 3684 1279 3732 1314; x_wconf 86' lang='grc' dir='ltr'><strong>τε</strong></span> <span class='ocrx_word' id='word_1_196' title='bbox 3776 1262 3842 1314; x_wconf 79' lang='grc' dir='ltr'><strong>καὶ</strong></span> 
     </span>
    </p>
   </div>
   <div class='ocr_carea' id='block_1_29' title="bbox 2263 1344 3844 1423">
    <p class='ocr_par' dir='ltr' id='par_1_29' title="bbox 2263 1344 3844 1423">
     <span class='ocr_line' id='line_1_29' title="bbox 2263 1344 3844 1423; baseline 0 -21"><span class='ocrx_word' id='word_1_197' title='bbox 2263 1346 2397 1419; x_wconf 73' lang='grc' dir='ltr'>ΐδίᾳο</span> <span class='ocrx_word' id='word_1_198' title='bbox 2426 1353 2583 1423; x_wconf 80' lang='grc' dir='ltr'>κοινῇ</span> <span class='ocrx_word' id='word_1_199' title='bbox 2643 1350 2760 1422; x_wconf 71' lang='grc' dir='ltr'>μὲν,</span> <span class='ocrx_word' id='word_1_200' title='bbox 2795 1349 2875 1410; x_wconf 82' lang='grc' dir='ltr'>οἷς</span> <span class='ocrx_word' id='word_1_201' title='bbox 2903 1347 3061 1403; x_wconf 85' lang='grc' dir='ltr'>παντὶ</span> <span class='ocrx_word' id='word_1_202' title='bbox 3092 1352 3172 1420; x_wconf 80' lang='grc' dir='ltr'><strong>τῷ</strong></span> <span class='ocrx_word' id='word_1_203' title='bbox 3219 1351 3318 1401; x_wconf 86' lang='grc' dir='ltr'><strong>τοῦ</strong></span> <span class='ocrx_word' id='word_1_204' title='bbox 3367 1350 3496 1402; x_wconf 90' lang='grc' dir='ltr'>Θεοῦ</span> <span class='ocrx_word' id='word_1_205' title='bbox 3541 1344 3713 1423; x_wconf 84' lang='grc' dir='ltr'>κλήρῳ</span> <span class='ocrx_word' id='word_1_206' title='bbox 3751 1369 3844 1402; x_wconf 81' lang='grc' dir='ltr'>συν-</span> 
     </span>
    </p>
   </div>
   <div class='ocr_carea' id='block_1_30' title="bbox 2265 1433 3850 1511">
    <p class='ocr_par' dir='ltr' id='par_1_30' title="bbox 2265 1433 3850 1511">
     <span class='ocr_line' id='line_1_30' title="bbox 2265 1433 3850 1511; baseline -0.002 -19"><span class='ocrx_word' id='word_1_207' title='bbox 2265 1435 2644 1511; x_wconf 81' lang='grc' dir='ltr'>διανενὲμηται</span> <span class='ocrx_word' id='word_1_208' title='bbox 2697 1440 2788 1493; x_wconf 81' lang='grc' dir='ltr'><strong>καὶ</strong></span> <span class='ocrx_word' id='word_1_209' title='bbox 2845 1437 2912 1491; x_wconf 74' lang='grc' dir='ltr'>τὰ</span> <span class='ocrx_word' id='word_1_210' title='bbox 2965 1437 3082 1491; x_wconf 83' lang='grc' dir='ltr'>κατ’</span> <span class='ocrx_word' id='word_1_211' title='bbox 3133 1435 3362 1497; x_wconf 79' lang='grc' dir='ltr'>αὐτούς’</span> <span class='ocrx_word' id='word_1_212' title='bbox 3411 1433 3518 1506; x_wconf 72' lang='grc' dir='ltr'>ἰδίᾳ</span> <span class='ocrx_word' id='word_1_213' title='bbox 3571 1433 3622 1490; x_wconf 68' lang='grc' dir='ltr'><strong>δὲ</strong></span> <span class='ocrx_word' id='word_1_214' title='bbox 3667 1441 3765 1497; x_wconf 81' lang='grc' dir='ltr'>τοῖς</span> <span class='ocrx_word' id='word_1_215' title='bbox 3807 1457 3850 1490; x_wconf 85' lang='grc' dir='ltr'><strong>τι</strong></span> 
     </span>
    </p>
   </div>
   <div class='ocr_carea' id='block_1_31' title="bbox 2263 1524 3850 1604">
    <p class='ocr_par' dir='ltr' id='par_1_31' title="bbox 2263 1524 3850 1604">
     <span class='ocr_line' id='line_1_31' title="bbox 2263 1524 3850 1604; baseline -0.003 -21"><span class='ocrx_word' id='word_1_216' title='bbox 2263 1530 2378 1583; x_wconf 90' lang='grc' dir='ltr'>κατ’</span> <span class='ocrx_word' id='word_1_217' title='bbox 2412 1527 2629 1604; x_wconf 72' lang='grc' dir='ltr'>ἐξοχὴν,</span> <span class='ocrx_word' id='word_1_218' title='bbox 2672 1530 2734 1598; x_wconf 82' lang='grc' dir='ltr'>ἣν</span> <span class='ocrx_word' id='word_1_219' title='bbox 2782 1528 2856 1590; x_wconf 79' lang='grc' dir='ltr'><strong>εἰς</strong></span> <span class='ocrx_word' id='word_1_220' title='bbox 2903 1524 3065 1604; x_wconf 79' lang='grc' dir='ltr'>ἁδρὸν</span> <span class='ocrx_word' id='word_1_221' title='bbox 3117 1527 3359 1602; x_wconf 66' lang='grc' dir='ltr'>πρέμνον</span> <span class='ocrx_word' id='word_1_222' title='bbox 3406 1525 3612 1597; x_wconf 83' lang='grc' dir='ltr'>τίθημι,</span> <span class='ocrx_word' id='word_1_223' title='bbox 3639 1524 3716 1580; x_wconf 72' lang='grc' dir='ltr'><strong>καὶ</strong></span> <span class='ocrx_word' id='word_1_224' title='bbox 3760 1531 3850 1590; x_wconf 80' lang='grc' dir='ltr'>ταῖς</span> 
     </span>
    </p>
   </div>
   <div class='ocr_carea' id='block_1_32' title="bbox 2264 1618 2829 1696">
    <p class='ocr_par' dir='ltr' id='par_1_32' title="bbox 2264 1618 2829 1696">
     <span class='ocr_line' id='line_1_32' title="bbox 2264 1618 2829 1696; baseline 0.002 -24"><span class='ocrx_word' id='word_1_225' title='bbox 2264 1618 2603 1696; x_wconf 81' lang='grc' dir='ltr'>παραφυάσιν</span> <span class='ocrx_word' id='word_1_226' title='bbox 2637 1618 2829 1686; x_wconf 71' lang='grc' dir='ltr'>αὐτῆς.</span> 
     </span>
    </p>
   </div>
   <div class='ocr_carea' id='block_1_33' title="bbox 2337 1719 3847 1800">
    <p class='ocr_par' dir='ltr' id='par_1_33' title="bbox 2337 1719 3847 1800">
     <span class='ocr_line' id='line_1_33' title="bbox 2337 1719 3847 1800; baseline -0.003 -19"><span class='ocrx_word' id='word_1_227' title='bbox 2337 1726 2400 1787; x_wconf 86' lang='grc' dir='ltr'><strong>ς’.</strong></span> <span class='ocrx_word' id='word_1_228' title='bbox 2434 1727 2632 1780; x_wconf 72' lang='grc' dir='ltr'>’Ἄκουε</span> <span class='ocrx_word' id='word_1_229' title='bbox 2686 1723 2809 1800; x_wconf 80' lang='grc' dir='ltr'>γὰρ,</span> <span class='ocrx_word' id='word_1_230' title='bbox 2861 1725 2907 1777; x_wconf 80' lang='grc' dir='ltr'>ὦ</span> <span class='ocrx_word' id='word_1_231' title='bbox 2965 1721 3178 1796; x_wconf 74' lang='grc' dir='ltr'>οὐρανὶ,</span> <span class='ocrx_word' id='word_1_232' title='bbox 3227 1722 3316 1776; x_wconf 79' lang='grc' dir='ltr'><strong>καὶ</strong></span> <span class='ocrx_word' id='word_1_233' title='bbox 3397 1719 3660 1790; x_wconf 82' lang='grc' dir='ltr'>ὲνωτίζου,</span> <span class='ocrx_word' id='word_1_234' title='bbox 3704 1721 3734 1788; x_wconf 76' lang='grc' dir='ltr'><strong>ἡ</strong></span> <span class='ocrx_word' id='word_1_235' title='bbox 3776 1725 3847 1795; x_wconf 80' lang='grc' dir='ltr'><strong>γῆ.</strong></span> 
     </span>
    </p>
   </div>
   <div class='ocr_carea' id='block_1_34' title="bbox 502 1810 2157 1898">
    <p class='ocr_par' dir='ltr' id='par_1_34' title="bbox 502 1810 2153 1887">
     <span class='ocr_line' id='line_1_34' title="bbox 502 1810 2153 1887; baseline 0.003 -22"><span class='ocrx_word' id='word_1_236' title='bbox 502 1810 574 1866; x_wconf 89' lang='lat' dir='ltr'><strong>iis</strong></span> <span class='ocrx_word' id='word_1_237' title='bbox 607 1811 727 1882; x_wconf 93' lang='lat' dir='ltr'><strong>qui,</strong></span> <span class='ocrx_word' id='word_1_238' title='bbox 751 1813 920 1867; x_wconf 89' lang='lat' dir='ltr'><strong>beata</strong></span> <span class='ocrx_word' id='word_1_239' title='bbox 947 1815 1229 1869; x_wconf 87' lang='lat' dir='ltr'><strong>memoria</strong></span> <span class='ocrx_word' id='word_1_240' title='bbox 1259 1814 1418 1887; x_wconf 87' lang='lat' dir='ltr'><strong>digni</strong></span> <span class='ocrx_word' id='word_1_241' title='bbox 1440 1815 1650 1881; x_wconf 83' lang='lat' dir='ltr'><strong>habiti,</strong></span> <span class='ocrx_word' id='word_1_242' title='bbox 1681 1821 1941 1872; x_wconf 90' lang='lat' dir='ltr'><strong>nostram</strong></span> <span class='ocrx_word' id='word_1_243' title='bbox 1962 1816 2153 1870; x_wconf 87' lang='lat' dir='ltr'><strong>humi-</strong></span> 
     </span>
    </p>
   </div>
   <div class='ocr_carea' id='block_1_35' title="bbox 2269 1810 3849 1898">
    <p class='ocr_par' dir='ltr' id='par_1_35' title="bbox 2269 1810 3849 1898">
     <span class='ocr_line' id='line_1_35' title="bbox 2269 1810 3849 1898; baseline -0.004 -30"><span class='ocrx_word' id='word_1_244' title='bbox 2269 1814 2384 1868; x_wconf 86' lang='grc' dir='ltr'>Τῶν</span> <span class='ocrx_word' id='word_1_245' title='bbox 2415 1812 2557 1873; x_wconf 72' lang='grc' dir='ltr'>τινὲς</span> <span class='ocrx_word' id='word_1_246' title='bbox 2593 1811 2858 1887; x_wconf 79' lang='grc' dir='ltr'>μακαρίας</span> <span class='ocrx_word' id='word_1_247' title='bbox 2894 1813 3119 1884; x_wconf 80' lang='grc' dir='ltr'>μνήμης</span> <span class='ocrx_word' id='word_1_248' title='bbox 3147 1811 3495 1884; x_wconf 73' lang='grc' dir='ltr'>ἠξιωμένων,</span> <span class='ocrx_word' id='word_1_249' title='bbox 3523 1810 3571 1898; x_wconf 62' lang='lat' dir='ltr'><strong>ei.</strong></span> <span class='ocrx_word' id='word_1_250' title='bbox 3614 1810 3700 1898; x_wconf 59' lang='grc' dir='ltr'><strong>την</strong></span> <span class='ocrx_word' id='word_1_251' title='bbox 3727 1811 3849 1898; x_wconf 73' lang='grc' dir='ltr'>ἡμῶν</span> 
     </span>
    </p>
   </div>
   <div class='ocr_carea' id='block_1_36' title="bbox 501 1898 2153 1977">
    <p class='ocr_par' dir='ltr' id='par_1_36' title="bbox 501 1898 2153 1977">
     <span class='ocr_line' id='line_1_36' title="bbox 501 1898 2153 1977; baseline 0.005 -25"><span class='ocrx_word' id='word_1_252' title='bbox 501 1898 724 1955; x_wconf 90' lang='lat' dir='ltr'><strong>litatem</strong></span> <span class='ocrx_word' id='word_1_253' title='bbox 756 1907 1216 1973; x_wconf 86' lang='lat' dir='ltr'><strong>antecesserunt,</strong></span> <span class='ocrx_word' id='word_1_254' title='bbox 1247 1905 1485 1974; x_wconf 88' lang='lat' dir='ltr'><strong>quidam</strong></span> <span class='ocrx_word' id='word_1_255' title='bbox 1522 1906 1671 1976; x_wconf 90' lang='lat' dir='ltr'><strong>(dico</strong></span> <span class='ocrx_word' id='word_1_256' title='bbox 1694 1910 1888 1961; x_wconf 90' lang='lat' dir='ltr'><strong>autem</strong></span> <span class='ocrx_word' id='word_1_257' title='bbox 1911 1906 2153 1977; x_wconf 78' lang='lat' dir='ltr'><strong>quidam,</strong></span> 
     </span>
    </p>
   </div>
   <div class='ocr_carea' id='block_1_37' title="bbox 503 1990 2154 2061">
    <p class='ocr_par' dir='ltr' id='par_1_37' title="bbox 503 1990 2154 2061">
     <span class='ocr_line' id='line_1_37' title="bbox 503 1990 2154 2061; baseline 0.004 -19"><span class='ocrx_word' id='word_1_258' title='bbox 503 2004 618 2043; x_wconf 88' lang='lat' dir='ltr'><strong>non</strong></span> <span class='ocrx_word' id='word_1_259' title='bbox 684 1990 887 2061; x_wconf 77' lang='lat' dir='ltr'><strong>cuncti)</strong></span> <span class='ocrx_word' id='word_1_260' title='bbox 953 1991 1222 2047; x_wconf 86' lang='lat' dir='ltr'><strong>universo</strong></span> <span class='ocrx_word' id='word_1_261' title='bbox 1288 1993 1710 2048; x_wconf 88' lang='lat' dir='ltr'><strong>venerabilium</strong></span> <span class='ocrx_word' id='word_1_262' title='bbox 1783 1996 2154 2050; x_wconf 86' lang='lat' dir='ltr'><strong>sacerdotum</strong></span> 
     </span>
    </p>
   </div>
   <div class='ocr_carea' id='block_1_38' title="bbox 504 2077 2157 2152">
    <p class='ocr_par' dir='ltr' id='par_1_38' title="bbox 504 2077 2157 2152">
     <span class='ocr_line' id='line_1_38' title="bbox 504 2077 2157 2152; baseline 0.004 -22"><span class='ocrx_word' id='word_1_263' title='bbox 504 2077 676 2131; x_wconf 59' lang='grc' dir='ltr'>βαδιυὶ</span> <span class='ocrx_word' id='word_1_264' title='bbox 727 2078 1028 2147; x_wconf 84' lang='lat' dir='ltr'><strong>pecuniam</strong></span> <span class='ocrx_word' id='word_1_265' title='bbox 1087 2079 1378 2152; x_wconf 86' lang='lat' dir='ltr'><strong>legerunt,</strong></span> <span class='ocrx_word' id='word_1_266' title='bbox 1424 2082 1575 2138; x_wconf 86' lang='lat' dir='ltr'><strong>alius</strong></span> <span class='ocrx_word' id='word_1_267' title='bbox 1625 2083 1737 2138; x_wconf 87' lang='lat' dir='ltr'><strong>alio</strong></span> <span class='ocrx_word' id='word_1_268' title='bbox 1795 2085 1988 2150; x_wconf 90' lang='lat' dir='ltr'><strong>modo,</strong></span> <span class='ocrx_word' id='word_1_269' title='bbox 2061 2082 2157 2138; x_wconf 93' lang='lat' dir='ltr'><strong>hic</strong></span> 
     </span>
    </p>
   </div>
   <div class='ocr_carea' id='block_1_39' title="bbox 505 2165 2151 2242">
    <p class='ocr_par' dir='ltr' id='par_1_39' title="bbox 505 2165 2151 2242">
     <span class='ocr_line' id='line_1_39' title="bbox 505 2165 2151 2242; baseline 0.005 -24"><span class='ocrx_word' id='word_1_270' title='bbox 505 2165 741 2236; x_wconf 89' lang='lat' dir='ltr'><strong>quidem</strong></span> <span class='ocrx_word' id='word_1_271' title='bbox 791 2165 1019 2224; x_wconf 89' lang='lat' dir='ltr'><strong>clericis</strong></span> <span class='ocrx_word' id='word_1_272' title='bbox 1062 2173 1282 2224; x_wconf 73' lang='lat' dir='ltr'><strong>Sanctae</strong></span> <span class='ocrx_word' id='word_1_273' title='bbox 1349 2170 1575 2242; x_wconf 63' lang='lat' dir='ltr'><strong>Sophia</strong></span> <span class='ocrx_word' id='word_1_274' title='bbox 1632 2171 1732 2226; x_wconf 91' lang='lat' dir='ltr'><strong>Dei</strong></span> <span class='ocrx_word' id='word_1_275' title='bbox 1789 2171 1984 2242; x_wconf 85' lang='lat' dir='ltr'><strong>Verbi,</strong></span> <span class='ocrx_word' id='word_1_276' title='bbox 2053 2171 2151 2227; x_wconf 90' lang='lat' dir='ltr'><strong>ille</strong></span> 
     </span>
    </p>
   </div>
   <div class='ocr_carea' id='block_1_40' title="bbox 505 2254 2156 2327">
    <p class='ocr_par' dir='ltr' id='par_1_40' title="bbox 505 2254 2156 2327">
     <span class='ocr_line' id='line_1_40' title="bbox 505 2254 2156 2327; baseline 0.005 -19"><span class='ocrx_word' id='word_1_277' title='bbox 505 2254 726 2327; x_wconf 61' lang='lat' dir='ltr'><strong>Magna;</strong></span> <span class='ocrx_word' id='word_1_278' title='bbox 773 2256 1028 2312; x_wconf 72' lang='lat' dir='ltr'><strong>ecclesiis</strong></span> <span class='ocrx_word' id='word_1_279' title='bbox 1077 2257 1463 2314; x_wconf 64' lang='lat' dir='ltr'><strong>sanctissimas</strong></span> <span class='ocrx_word' id='word_1_280' title='bbox 1521 2259 1780 2315; x_wconf 64' lang='lat' dir='ltr'><strong>Domina</strong></span> <span class='ocrx_word' id='word_1_281' title='bbox 1825 2267 2033 2316; x_wconf 58' lang='lat' dir='ltr'><strong>nostra:</strong></span> <span class='ocrx_word' id='word_1_282' title='bbox 2090 2277 2156 2316; x_wconf 90' lang='lat' dir='ltr'><strong>ac</strong></span> 
     </span>
    </p>
   </div>
   <div class='ocr_carea' id='block_1_41' title="bbox 505 2343 2155 2421">
    <p class='ocr_par' dir='ltr' id='par_1_41' title="bbox 505 2343 2155 2421">
     <span class='ocr_line' id='line_1_41' title="bbox 505 2343 2155 2421; baseline 0.004 -24"><span class='ocrx_word' id='word_1_283' title='bbox 505 2343 606 2398; x_wconf 95' lang='lat' dir='ltr'><strong>Dei</strong></span> <span class='ocrx_word' id='word_1_284' title='bbox 662 2345 982 2416; x_wconf 85' lang='lat' dir='ltr'><strong>genitricis,</strong></span> <span class='ocrx_word' id='word_1_285' title='bbox 1049 2346 1200 2402; x_wconf 87' lang='lat' dir='ltr'><strong>alius</strong></span> <span class='ocrx_word' id='word_1_286' title='bbox 1250 2349 1652 2404; x_wconf 88' lang='lat' dir='ltr'><strong>sacerdotibus</strong></span> <span class='ocrx_word' id='word_1_287' title='bbox 1701 2349 1904 2420; x_wconf 87' lang='lat' dir='ltr'><strong>templi</strong></span> <span class='ocrx_word' id='word_1_288' title='bbox 1957 2349 2155 2421; x_wconf 92' lang='lat' dir='ltr'><strong>magni</strong></span> 
     </span>
    </p>
   </div>
   <div class='ocr_carea' id='block_1_42' title="bbox 505 2433 2158 2510">
    <p class='ocr_par' dir='ltr' id='par_1_42' title="bbox 505 2433 2158 2510">
     <span class='ocr_line' id='line_1_42' title="bbox 505 2433 2158 2510; baseline 0.005 -24"><span class='ocrx_word' id='word_1_289' title='bbox 505 2433 779 2505; x_wconf 69' lang='lat' dir='ltr'><strong>martyris</strong></span> <span class='ocrx_word' id='word_1_290' title='bbox 829 2435 930 2506; x_wconf 89' lang='lat' dir='ltr'><strong>qui</strong></span> <span class='ocrx_word' id='word_1_291' title='bbox 991 2437 1192 2491; x_wconf 90' lang='lat' dir='ltr'><strong>urbem</strong></span> <span class='ocrx_word' id='word_1_292' title='bbox 1245 2443 1506 2492; x_wconf 86' lang='lat' dir='ltr'><strong>nostram</strong></span> <span class='ocrx_word' id='word_1_293' title='bbox 1565 2438 1817 2510; x_wconf 84' lang='lat' dir='ltr'><strong>protegit</strong></span> <span class='ocrx_word' id='word_1_294' title='bbox 1859 2443 1917 2493; x_wconf 91' lang='lat' dir='ltr'><strong>et</strong></span> <span class='ocrx_word' id='word_1_295' title='bbox 1955 2438 2158 2494; x_wconf 90' lang='lat' dir='ltr'><strong>dulces</strong></span> 
     </span>
    </p>
   </div>
   <div class='ocr_carea' id='block_1_43' title="bbox 505 2522 2158 2599">
    <p class='ocr_par' dir='ltr' id='par_1_43' title="bbox 505 2522 2158 2599">
     <span class='ocr_line' id='line_1_43' title="bbox 505 2522 2158 2599; baseline 0.004 -23"><span class='ocrx_word' id='word_1_296' title='bbox 505 2523 704 2577; x_wconf 87' lang='lat' dir='ltr'><strong>odores</strong></span> <span class='ocrx_word' id='word_1_297' title='bbox 736 2522 990 2591; x_wconf 87' lang='lat' dir='ltr'><strong>exhalat,</strong></span> <span class='ocrx_word' id='word_1_298' title='bbox 1023 2526 1192 2596; x_wconf 89' lang='lat' dir='ltr'><strong>cujus</strong></span> <span class='ocrx_word' id='word_1_299' title='bbox 1240 2526 1522 2582; x_wconf 87' lang='lat' dir='ltr'><strong>miracula</strong></span> <span class='ocrx_word' id='word_1_300' title='bbox 1577 2531 1874 2599; x_wconf 90' lang='lat' dir='ltr'><strong>unguento</strong></span> <span class='ocrx_word' id='word_1_301' title='bbox 1924 2543 2158 2599; x_wconf 89' lang='lat' dir='ltr'><strong>semper</strong></span> 
     </span>
    </p>
   </div>
   <div class='ocr_carea' id='block_1_44' title="bbox 506 2611 2156 2686">
    <p class='ocr_par' dir='ltr' id='par_1_44' title="bbox 506 2611 2156 2686">
     <span class='ocr_line' id='line_1_44' title="bbox 506 2611 2156 2686; baseline 0.002 -20"><span class='ocrx_word' id='word_1_302' title='bbox 506 2611 723 2666; x_wconf 89' lang='lat' dir='ltr'><strong>ﬂuente</strong></span> <span class='ocrx_word' id='word_1_303' title='bbox 761 2613 1116 2680; x_wconf 87' lang='lat' dir='ltr'><strong>innituntur,</strong></span> <span class='ocrx_word' id='word_1_304' title='bbox 1142 2614 1228 2669; x_wconf 88' lang='lat' dir='ltr'><strong>uti</strong></span> <span class='ocrx_word' id='word_1_305' title='bbox 1283 2622 1648 2686; x_wconf 88' lang='lat' dir='ltr'><strong>unguentum</strong></span> <span class='ocrx_word' id='word_1_306' title='bbox 1709 2615 2032 2671; x_wconf 84' lang='lat' dir='ltr'><strong>miraculis.</strong></span> <span class='ocrx_word' id='word_1_307' title='bbox 2093 2617 2156 2671; x_wconf 87' lang='lat' dir='ltr'><strong>In</strong></span> 
     </span>
    </p>
   </div>
   <div class='ocr_carea' id='block_1_45' title="bbox 507 2700 2159 2774">
    <p class='ocr_par' dir='ltr' id='par_1_45' title="bbox 507 2700 2159 2774">
     <span class='ocr_line' id='line_1_45' title="bbox 507 2700 2159 2774; baseline 0.004 -20"><span class='ocrx_word' id='word_1_308' title='bbox 507 2700 853 2756; x_wconf 89' lang='lat' dir='ltr'><strong>memoriam</strong></span> <span class='ocrx_word' id='word_1_309' title='bbox 883 2701 1043 2756; x_wconf 90' lang='lat' dir='ltr'><strong>illius</strong></span> <span class='ocrx_word' id='word_1_310' title='bbox 1098 2703 1423 2774; x_wconf 87' lang='lat' dir='ltr'><strong>legatorum</strong></span> <span class='ocrx_word' id='word_1_311' title='bbox 1483 2704 1914 2760; x_wconf 88' lang='lat' dir='ltr'><strong>distributionis</strong></span> <span class='ocrx_word' id='word_1_312' title='bbox 1943 2703 2159 2760; x_wconf 85' lang='lat' dir='ltr'><strong>solem-</strong></span> 
     </span>
    </p>
   </div>
   <div class='ocr_carea' id='block_1_46' title="bbox 509 2789 2161 2865">
    <p class='ocr_par' dir='ltr' id='par_1_46' title="bbox 509 2789 2161 2865">
     <span class='ocr_line' id='line_1_46' title="bbox 509 2789 2161 2865; baseline 0.004 -23"><span class='ocrx_word' id='word_1_313' title='bbox 509 2789 722 2844; x_wconf 88' lang='lat' dir='ltr'><strong>nitates</strong></span> <span class='ocrx_word' id='word_1_314' title='bbox 755 2789 878 2844; x_wconf 67' lang='lat' dir='ltr'><strong>aliae</strong></span> <span class='ocrx_word' id='word_1_315' title='bbox 915 2790 1048 2845; x_wconf 90' lang='lat' dir='ltr'><strong>aliis</strong></span> <span class='ocrx_word' id='word_1_316' title='bbox 1081 2793 1332 2861; x_wconf 88' lang='lat' dir='ltr'><strong>majores</strong></span> <span class='ocrx_word' id='word_1_317' title='bbox 1362 2793 1754 2861; x_wconf 88' lang='lat' dir='ltr'><strong>celebrantur,</strong></span> <span class='ocrx_word' id='word_1_318' title='bbox 1813 2798 1870 2848; x_wconf 91' lang='lat' dir='ltr'><strong>et</strong></span> <span class='ocrx_word' id='word_1_319' title='bbox 1913 2793 2012 2865; x_wconf 90' lang='lat' dir='ltr'><strong>qui</strong></span> <span class='ocrx_word' id='word_1_320' title='bbox 2060 2792 2161 2848; x_wconf 88' lang='lat' dir='ltr'><strong>illa</strong></span> 
     </span>
    </p>
   </div>
   <div class='ocr_carea' id='block_1_47' title="bbox 507 2876 2159 2948">
    <p class='ocr_par' dir='ltr' id='par_1_47' title="bbox 507 2876 2159 2948">
     <span class='ocr_line' id='line_1_47' title="bbox 507 2876 2159 2948; baseline 0.002 -16"><span class='ocrx_word' id='word_1_321' title='bbox 507 2876 890 2948; x_wconf 85' lang='lat' dir='ltr'><strong>stipularunt,</strong></span> <span class='ocrx_word' id='word_1_322' title='bbox 924 2877 1359 2935; x_wconf 81' lang='lat' dir='ltr'><strong>felicitabundis</strong></span> <span class='ocrx_word' id='word_1_323' title='bbox 1409 2881 1930 2937; x_wconf 87' lang='lat' dir='ltr'><strong>acclamationibus</strong></span> <span class='ocrx_word' id='word_1_324' title='bbox 1978 2880 2159 2937; x_wconf 86' lang='lat' dir='ltr'><strong>extol-</strong></span> 
     </span>
    </p>
   </div>
   <div class='ocr_carea' id='block_1_48' title="bbox 503 2965 2158 3042">
    <p class='ocr_par' dir='ltr' id='par_1_48' title="bbox 503 2965 2158 3042">
     <span class='ocr_line' id='line_1_48' title="bbox 503 2965 2158 3042; baseline 0.004 -23"><span class='ocrx_word' id='word_1_325' title='bbox 503 2965 726 3020; x_wconf 91' lang='lat' dir='ltr'><strong>luntur.</strong></span> <span class='ocrx_word' id='word_1_326' title='bbox 781 2967 892 3021; x_wconf 87' lang='lat' dir='ltr'><strong>Hoc</strong></span> <span class='ocrx_word' id='word_1_327' title='bbox 939 2971 1135 3022; x_wconf 85' lang='lat' dir='ltr'><strong>autem</strong></span> <span class='ocrx_word' id='word_1_328' title='bbox 1170 2968 1316 3024; x_wconf 88' lang='lat' dir='ltr'><strong>bene</strong></span> <span class='ocrx_word' id='word_1_329' title='bbox 1348 2969 1543 3024; x_wconf 90' lang='lat' dir='ltr'><strong>habet.</strong></span> <span class='ocrx_word' id='word_1_330' title='bbox 1582 2970 1726 3025; x_wconf 87' lang='lat' dir='ltr'><strong>Nam</strong></span> <span class='ocrx_word' id='word_1_331' title='bbox 1760 2971 1807 3026; x_wconf 92' lang='lat' dir='ltr'><strong>si</strong></span> <span class='ocrx_word' id='word_1_332' title='bbox 1842 2971 1982 3042; x_wconf 90' lang='lat' dir='ltr'><strong>quid</strong></span> <span class='ocrx_word' id='word_1_333' title='bbox 2013 2971 2158 3025; x_wconf 89' lang='lat' dir='ltr'><strong>vitu-</strong></span> 
     </span>
    </p>
   </div>
   <div class='ocr_carea' id='block_1_49' title="bbox 503 3053 2158 3130">
    <p class='ocr_par' dir='ltr' id='par_1_49' title="bbox 503 3053 2158 3130">
     <span class='ocr_line' id='line_1_49' title="bbox 503 3053 2158 3130; baseline 0.005 -23"><span class='ocrx_word' id='word_1_334' title='bbox 503 3053 761 3125; x_wconf 89' lang='lat' dir='ltr'><strong>perabile</strong></span> <span class='ocrx_word' id='word_1_335' title='bbox 809 3054 1047 3124; x_wconf 88' lang='lat' dir='ltr'><strong>inesset,</strong></span> <span class='ocrx_word' id='word_1_336' title='bbox 1110 3073 1214 3111; x_wconf 89' lang='lat' dir='ltr'><strong>nec</strong></span> <span class='ocrx_word' id='word_1_337' title='bbox 1242 3073 1346 3128; x_wconf 88' lang='lat' dir='ltr'><strong>ego</strong></span> <span class='ocrx_word' id='word_1_338' title='bbox 1386 3057 1723 3127; x_wconf 90' lang='lat' dir='ltr'><strong>laudarem;</strong></span> <span class='ocrx_word' id='word_1_339' title='bbox 1757 3059 1911 3130; x_wconf 90' lang='lat' dir='ltr'><strong>quod</strong></span> <span class='ocrx_word' id='word_1_340' title='bbox 1962 3063 2158 3116; x_wconf 89' lang='lat' dir='ltr'><strong>autem</strong></span> 
     </span>
    </p>
   </div>
   <div class='ocr_carea' id='block_1_50' title="bbox 503 3139 2158 3217">
    <p class='ocr_par' dir='ltr' id='par_1_50' title="bbox 503 3139 2158 3217">
     <span class='ocr_line' id='line_1_50' title="bbox 503 3139 2158 3217; baseline 0.004 -21"><span class='ocrx_word' id='word_1_341' title='bbox 503 3139 885 3208; x_wconf 86' lang='lat' dir='ltr'><strong>laudaverim,</strong></span> <span class='ocrx_word' id='word_1_342' title='bbox 918 3143 1084 3198; x_wconf 78' lang='lat' dir='ltr'><strong>factis</strong></span> <span class='ocrx_word' id='word_1_343' title='bbox 1132 3145 1278 3216; x_wconf 90' lang='lat' dir='ltr'><strong>ipsis</strong></span> <span class='ocrx_word' id='word_1_344' title='bbox 1301 3147 1592 3217; x_wconf 89' lang='lat' dir='ltr'><strong>apparuit.</strong></span> <span class='ocrx_word' id='word_1_345' title='bbox 1639 3150 1780 3202; x_wconf 91' lang='lat' dir='ltr'><strong>Cum</strong></span> <span class='ocrx_word' id='word_1_346' title='bbox 1811 3147 1965 3203; x_wconf 90' lang='lat' dir='ltr'><strong>enim</strong></span> <span class='ocrx_word' id='word_1_347' title='bbox 2027 3149 2158 3204; x_wconf 68' lang='lat' dir='ltr'><strong>dum</strong></span> 
     </span>
    </p>
   </div>
   <div class='ocr_carea' id='block_1_51' title="bbox 504 3229 2153 3292">
    <p class='ocr_par' dir='ltr' id='par_1_51' title="bbox 504 3229 2153 3292">
     <span class='ocr_line' id='line_1_51' title="bbox 504 3229 2153 3292; baseline 0.004 -7"><span class='ocrx_word' id='word_1_348' title='bbox 504 3229 902 3287; x_wconf 84' lang='lat' dir='ltr'><strong>solemnitates</strong></span> <span class='ocrx_word' id='word_1_349' title='bbox 945 3231 1004 3287; x_wconf 93' lang='lat' dir='ltr'><strong>in</strong></span> <span class='ocrx_word' id='word_1_350' title='bbox 1065 3233 1322 3289; x_wconf 90' lang='lat' dir='ltr'><strong>maxima</strong></span> <span class='ocrx_word' id='word_1_351' title='bbox 1378 3241 1714 3290; x_wconf 89' lang='lat' dir='ltr'><strong>sanctarum</strong></span> <span class='ocrx_word' id='word_1_352' title='bbox 1775 3235 2153 3292; x_wconf 84' lang='lat' dir='ltr'><strong>ecclesiarum</strong></span> 
     </span>
    </p>
   </div>
   <div class='ocr_carea' id='block_1_52' title="bbox 503 3319 2154 3397">
    <p class='ocr_par' dir='ltr' id='par_1_52' title="bbox 503 3319 2154 3397">
     <span class='ocr_line' id='line_1_52' title="bbox 503 3319 2154 3397; baseline 0.004 -23"><span class='ocrx_word' id='word_1_353' title='bbox 503 3319 684 3390; x_wconf 85' lang='lat' dir='ltr'><strong>hujus</strong></span> <span class='ocrx_word' id='word_1_354' title='bbox 715 3321 1054 3393; x_wconf 88' lang='lat' dir='ltr'><strong>metropolis</strong></span> <span class='ocrx_word' id='word_1_355' title='bbox 1067 3322 1256 3377; x_wconf 88' lang='lat' dir='ltr'><strong>adhuc</strong></span> <span class='ocrx_word' id='word_1_356' title='bbox 1269 3322 1627 3379; x_wconf 63' lang='lat' dir='ltr'><strong>celebrandae</strong></span> <span class='ocrx_word' id='word_1_357' title='bbox 1657 3326 2154 3397; x_wconf 85' lang='lat' dir='ltr'><strong>essent,equidem</strong></span> 
     </span>
    </p>
   </div>
   <div class='ocr_carea' id='block_1_53' title="bbox 505 3409 2157 3483">
    <p class='ocr_par' dir='ltr' id='par_1_53' title="bbox 505 3409 2157 3483">
     <span class='ocr_line' id='line_1_53' title="bbox 505 3409 2157 3483; baseline 0.004 -19"><span class='ocrx_word' id='word_1_358' title='bbox 505 3409 566 3464; x_wconf 91' lang='lat' dir='ltr'><strong>in</strong></span> <span class='ocrx_word' id='word_1_359' title='bbox 615 3409 892 3464; x_wconf 90' lang='lat' dir='ltr'><strong>honorem</strong></span> <span class='ocrx_word' id='word_1_360' title='bbox 961 3413 1058 3467; x_wconf 91' lang='lat' dir='ltr'><strong>Dei</strong></span> <span class='ocrx_word' id='word_1_361' title='bbox 1106 3412 1352 3483; x_wconf 89' lang='lat' dir='ltr'><strong>ejusque</strong></span> <span class='ocrx_word' id='word_1_362' title='bbox 1410 3415 1596 3468; x_wconf 86' lang='lat' dir='ltr'><strong>sancti</strong></span> <span class='ocrx_word' id='word_1_363' title='bbox 1657 3412 1801 3468; x_wconf 90' lang='lat' dir='ltr'><strong>illud</strong></span> <span class='ocrx_word' id='word_1_364' title='bbox 1863 3414 2157 3470; x_wconf 90' lang='lat' dir='ltr'><strong>laudabile</strong></span> 
     </span>
    </p>
   </div>
   <div class='ocr_carea' id='block_1_54' title="bbox 503 3497 2158 3574">
    <p class='ocr_par' dir='ltr' id='par_1_54' title="bbox 503 3497 2158 3574">
     <span class='ocr_line' id='line_1_54' title="bbox 503 3497 2158 3574; baseline 0.002 -20"><span class='ocrx_word' id='word_1_365' title='bbox 503 3497 763 3554; x_wconf 79' lang='lat' dir='ltr'><strong>ofﬁcium</strong></span> <span class='ocrx_word' id='word_1_366' title='bbox 801 3498 860 3554; x_wconf 90' lang='lat' dir='ltr'><strong>in</strong></span> <span class='ocrx_word' id='word_1_367' title='bbox 903 3516 996 3555; x_wconf 91' lang='lat' dir='ltr'><strong>me</strong></span> <span class='ocrx_word' id='word_1_368' title='bbox 1055 3502 1310 3573; x_wconf 82' lang='lat' dir='ltr'><strong>suscepi.</strong></span> <span class='ocrx_word' id='word_1_369' title='bbox 1365 3506 1506 3557; x_wconf 92' lang='lat' dir='ltr'><strong>Cum</strong></span> <span class='ocrx_word' id='word_1_370' title='bbox 1554 3501 1732 3574; x_wconf 79' lang='lat' dir='ltr'><strong>igitur</strong></span> <span class='ocrx_word' id='word_1_371' title='bbox 1779 3502 2158 3559; x_wconf 88' lang='lat' dir='ltr'><strong>ecclesiastici</strong></span> 
     </span>
    </p>
   </div>
   <div class='ocr_carea' id='block_1_55' title="bbox 503 3586 2159 3661">
    <p class='ocr_par' dir='ltr' id='par_1_55' title="bbox 503 3586 2159 3661">
     <span class='ocr_line' id='line_1_55' title="bbox 503 3586 2159 3661; baseline 0.003 -19"><span class='ocrx_word' id='word_1_372' title='bbox 503 3586 667 3658; x_wconf 84' lang='lat' dir='ltr'><strong>digiti</strong></span> <span class='ocrx_word' id='word_1_373' title='bbox 698 3588 935 3658; x_wconf 88' lang='lat' dir='ltr'><strong>scriptis</strong></span> <span class='ocrx_word' id='word_1_374' title='bbox 983 3588 1108 3644; x_wconf 89' lang='lat' dir='ltr'><strong>suis</strong></span> <span class='ocrx_word' id='word_1_375' title='bbox 1153 3589 1374 3661; x_wconf 83' lang='lat' dir='ltr'><strong>gratias</strong></span> <span class='ocrx_word' id='word_1_376' title='bbox 1420 3589 1565 3645; x_wconf 90' lang='lat' dir='ltr'><strong>mihi</strong></span> <span class='ocrx_word' id='word_1_377' title='bbox 1619 3591 1835 3648; x_wconf 91' lang='lat' dir='ltr'><strong>habere</strong></span> <span class='ocrx_word' id='word_1_378' title='bbox 1881 3592 2159 3648; x_wconf 89' lang='lat' dir='ltr'><strong>deberent</strong></span> 
     </span>
    </p>
   </div>
   <div class='ocr_carea' id='block_1_56' title="bbox 503 3676 1534 3735">
    <p class='ocr_par' dir='ltr' id='par_1_56' title="bbox 503 3676 1534 3735">
     <span class='ocr_line' id='line_1_56' title="bbox 503 3676 1534 3735; baseline 0.001 -2"><span class='ocrx_word' id='word_1_379' title='bbox 503 3707 571 3718; x_wconf 88' lang='lat'><strong>—</strong></span> <span class='ocrx_word' id='word_1_380' title='bbox 603 3676 894 3733; x_wconf 88' lang='lat' dir='ltr'><strong>calamum</strong></span> <span class='ocrx_word' id='word_1_381' title='bbox 926 3681 1130 3733; x_wconf 90' lang='lat' dir='ltr'><strong>contra</strong></span> <span class='ocrx_word' id='word_1_382' title='bbox 1157 3694 1250 3734; x_wconf 90' lang='lat' dir='ltr'><strong>me</strong></span> <span class='ocrx_word' id='word_1_383' title='bbox 1280 3684 1534 3735; x_wconf 90' lang='lat' dir='ltr'><strong>movent.</strong></span> 
     </span>
    </p>
   </div>
   <div class='ocr_carea' id='block_1_57' title="bbox 573 3783 2161 3844">
    <p class='ocr_par' dir='ltr' id='par_1_57' title="bbox 573 3783 2161 3844">
     <span class='ocr_line' id='line_1_57' title="bbox 573 3783 2161 3844; baseline 0.005 -8"><span class='ocrx_word' id='word_1_384' title='bbox 573 3785 627 3838; x_wconf 91' lang='lat'><strong>7.</strong></span> <span class='ocrx_word' id='word_1_385' title='bbox 659 3783 908 3839; x_wconf 90' lang='lat' dir='ltr'><strong>Ubinam</strong></span> <span class='ocrx_word' id='word_1_386' title='bbox 941 3788 1138 3839; x_wconf 88' lang='lat' dir='ltr'><strong>autem</strong></span> <span class='ocrx_word' id='word_1_387' title='bbox 1181 3785 1325 3840; x_wconf 91' lang='lat' dir='ltr'><strong>mihi</strong></span> <span class='ocrx_word' id='word_1_388' title='bbox 1362 3785 1652 3842; x_wconf 88' lang='lat' dir='ltr'><strong>solemnia</strong></span> <span class='ocrx_word' id='word_1_389' title='bbox 1708 3787 2161 3844; x_wconf 87' lang='lat' dir='ltr'><strong>celebrabuntur</strong></span> 
     </span>
    </p>
   </div>
   <div class='ocr_carea' id='block_1_58' title="bbox 505 3871 2161 3948">
    <p class='ocr_par' dir='ltr' id='par_1_58' title="bbox 505 3871 2161 3948">
     <span class='ocr_line' id='line_1_58' title="bbox 505 3871 2161 3948; baseline 0.003 -21"><span class='ocrx_word' id='word_1_390' title='bbox 505 3871 740 3928; x_wconf 83' lang='lat' dir='ltr'><strong>illorum</strong></span> <span class='ocrx_word' id='word_1_391' title='bbox 762 3871 950 3927; x_wconf 91' lang='lat' dir='ltr'><strong>instar</strong></span> <span class='ocrx_word' id='word_1_392' title='bbox 970 3872 1070 3943; x_wconf 92' lang='lat' dir='ltr'><strong>qui</strong></span> <span class='ocrx_word' id='word_1_393' title='bbox 1096 3889 1188 3928; x_wconf 85' lang='lat' dir='ltr'><strong>me</strong></span> <span class='ocrx_word' id='word_1_394' title='bbox 1214 3877 1930 3948; x_wconf 87' lang='lat' dir='ltr'><strong>antecesserunt,quorum</strong></span> <span class='ocrx_word' id='word_1_395' title='bbox 1951 3893 2161 3932; x_wconf 85' lang='lat' dir='ltr'><strong>unum-</strong></span> 
     </span>
    </p>
   </div>
   <div class='ocr_carea' id='block_1_59' title="bbox 509 3961 2161 4035">
    <p class='ocr_par' dir='ltr' id='par_1_59' title="bbox 509 3961 2161 4035">
     <span class='ocr_line' id='line_1_59' title="bbox 509 3961 2161 4035; baseline 0.004 -21"><span class='ocrx_word' id='word_1_396' title='bbox 509 3976 801 4032; x_wconf 87' lang='lat' dir='ltr'><strong>quemque</strong></span> <span class='ocrx_word' id='word_1_397' title='bbox 821 3977 1092 4031; x_wconf 87' lang='lat' dir='ltr'><strong>superem</strong></span> <span class='ocrx_word' id='word_1_398' title='bbox 1126 3961 1480 4033; x_wconf 85' lang='lat' dir='ltr'><strong>taligratia?</strong></span> <span class='ocrx_word' id='word_1_399' title='bbox 1513 3964 1648 4030; x_wconf 91' lang='lat' dir='ltr'><strong>Scit,</strong></span> <span class='ocrx_word' id='word_1_400' title='bbox 1684 3981 1811 4035; x_wconf 61' lang='lat' dir='ltr'><strong>qua)</strong></span> <span class='ocrx_word' id='word_1_401' title='bbox 1859 3965 2005 4035; x_wconf 90' lang='lat' dir='ltr'><strong>dico,</strong></span> <span class='ocrx_word' id='word_1_402' title='bbox 2039 3981 2161 4020; x_wconf 88' lang='lat' dir='ltr'><strong>ero-</strong></span> 
     </span>
    </p>
   </div>
   <div class='ocr_carea' id='block_1_60' title="bbox 509 4047 2160 4125">
    <p class='ocr_par' dir='ltr' id='par_1_60' title="bbox 509 4047 2160 4125">
     <span class='ocr_line' id='line_1_60' title="bbox 509 4047 2160 4125; baseline 0.004 -23"><span class='ocrx_word' id='word_1_403' title='bbox 509 4048 665 4118; x_wconf 90' lang='lat' dir='ltr'><strong>gatio</strong></span> <span class='ocrx_word' id='word_1_404' title='bbox 696 4048 754 4103; x_wconf 90' lang='lat' dir='ltr'><strong>in</strong></span> <span class='ocrx_word' id='word_1_405' title='bbox 777 4048 921 4103; x_wconf 74' lang='lat' dir='ltr'><strong>festo</strong></span> <span class='ocrx_word' id='word_1_406' title='bbox 953 4047 1329 4104; x_wconf 80' lang='lat' dir='ltr'><strong>Exsltationis</strong></span> <span class='ocrx_word' id='word_1_407' title='bbox 1350 4049 1697 4117; x_wconf 86' lang='lat' dir='ltr'><strong>Crucis,imo</strong></span> <span class='ocrx_word' id='word_1_408' title='bbox 1723 4057 1780 4108; x_wconf 89' lang='lat' dir='ltr'><strong>et</strong></span> <span class='ocrx_word' id='word_1_409' title='bbox 1801 4053 1912 4108; x_wconf 84' lang='lat' dir='ltr'><strong>ista</strong></span> <span class='ocrx_word' id='word_1_410' title='bbox 1934 4069 2160 4125; x_wconf 65' lang='lat' dir='ltr'><strong>magna</strong></span> 
     </span>
    </p>
   </div>
   <div class='ocr_carea' id='block_1_61' title="bbox 510 4137 2160 4207">
    <p class='ocr_par' dir='ltr' id='par_1_61' title="bbox 510 4137 2160 4207">
     <span class='ocr_line' id='line_1_61' title="bbox 510 4137 2160 4207; baseline 0.004 -17"><span class='ocrx_word' id='word_1_411' title='bbox 510 4137 796 4191; x_wconf 68' lang='lat' dir='ltr'><strong>secundae.</strong></span> <span class='ocrx_word' id='word_1_412' title='bbox 829 4140 1108 4192; x_wconf 65' lang='lat' dir='ltr'><strong>Ceterum</strong></span> <span class='ocrx_word' id='word_1_413' title='bbox 1141 4139 1409 4207; x_wconf 88' lang='lat' dir='ltr'><strong>quamvis</strong></span> <span class='ocrx_word' id='word_1_414' title='bbox 1432 4139 1504 4194; x_wconf 90' lang='lat' dir='ltr'><strong>ab</strong></span> <span class='ocrx_word' id='word_1_415' title='bbox 1526 4139 1867 4196; x_wconf 89' lang='lat' dir='ltr'><strong>hominibus</strong></span> <span class='ocrx_word' id='word_1_416' title='bbox 1899 4147 2160 4196; x_wconf 88' lang='lat' dir='ltr'><strong>contem-</strong></span> 
     </span>
    </p>
   </div>
   <div class='ocr_carea' id='block_1_62' title="bbox 510 4225 2164 4295">
    <p class='ocr_par' dir='ltr' id='par_1_62' title="bbox 510 4225 2164 4295">
     <span class='ocr_line' id='line_1_62' title="bbox 510 4225 2164 4295; baseline 0.005 -20"><span class='ocrx_word' id='word_1_417' title='bbox 510 4237 744 4291; x_wconf 89' lang='lat' dir='ltr'><strong>namur,</strong></span> <span class='ocrx_word' id='word_1_418' title='bbox 774 4225 835 4276; x_wconf 91' lang='lat' dir='ltr'><strong>tu</strong></span> <span class='ocrx_word' id='word_1_419' title='bbox 868 4239 1024 4288; x_wconf 91' lang='lat' dir='ltr'><strong>vero,</strong></span> <span class='ocrx_word' id='word_1_420' title='bbox 1057 4240 1088 4278; x_wconf 94' lang='grc' dir='ltr'><strong>ο</strong></span> <span class='ocrx_word' id='word_1_421' title='bbox 1120 4227 1271 4279; x_wconf 90' lang='lat' dir='ltr'><strong>Deus</strong></span> <span class='ocrx_word' id='word_1_422' title='bbox 1313 4225 1595 4295; x_wconf 88' lang='lat' dir='ltr'><strong>Salvator,</strong></span> <span class='ocrx_word' id='word_1_423' title='bbox 1637 4227 1776 4282; x_wconf 88' lang='lat' dir='ltr'><strong>dare</strong></span> <span class='ocrx_word' id='word_1_424' title='bbox 1821 4227 1964 4284; x_wconf 88' lang='lat' dir='ltr'><strong>velis</strong></span> <span class='ocrx_word' id='word_1_425' title='bbox 1995 4228 2164 4284; x_wconf 88' lang='lat' dir='ltr'><strong>nobis</strong></span> 
     </span>
    </p>
   </div>
   <div class='ocr_carea' id='block_1_63' title="bbox 513 4309 2165 4389">
    <p class='ocr_par' dir='ltr' id='par_1_63' title="bbox 513 4309 2165 4389">
     <span class='ocr_line' id='line_1_63' title="bbox 513 4309 2165 4389; baseline 0.006 -26"><span class='ocrx_word' id='word_1_426' title='bbox 513 4309 571 4364; x_wconf 90' lang='lat' dir='ltr'><strong>in</strong></span> <span class='ocrx_word' id='word_1_427' title='bbox 595 4311 745 4380; x_wconf 85' lang='lat' dir='ltr'><strong>quod</strong></span> <span class='ocrx_word' id='word_1_428' title='bbox 779 4311 940 4367; x_wconf 91' lang='lat' dir='ltr'><strong>omni</strong></span> <span class='ocrx_word' id='word_1_429' title='bbox 972 4312 1167 4368; x_wconf 90' lang='lat' dir='ltr'><strong>studio</strong></span> <span class='ocrx_word' id='word_1_430' title='bbox 1190 4313 1614 4382; x_wconf 89' lang='lat' dir='ltr'><strong>incumbimus,</strong></span> <span class='ocrx_word' id='word_1_431' title='bbox 1647 4321 1704 4371; x_wconf 91' lang='lat' dir='ltr'><strong>et</strong></span> <span class='ocrx_word' id='word_1_432' title='bbox 1749 4316 1857 4372; x_wconf 91' lang='lat' dir='ltr'><strong>hoc</strong></span> <span class='ocrx_word' id='word_1_433' title='bbox 1880 4335 1982 4389; x_wconf 87' lang='lat' dir='ltr'><strong>pro</strong></span> <span class='ocrx_word' id='word_1_434' title='bbox 2003 4317 2165 4373; x_wconf 88' lang='lat' dir='ltr'><strong>omni</strong></span> 
     </span>
    </p>
   </div>
   <div class='ocr_carea' id='block_1_64' title="bbox 516 4399 2164 4479">
    <p class='ocr_par' dir='ltr' id='par_1_64' title="bbox 516 4399 2164 4479">
     <span class='ocr_line' id='line_1_64' title="bbox 516 4399 2164 4479; baseline 0.006 -25"><span class='ocrx_word' id='word_1_435' title='bbox 516 4399 763 4455; x_wconf 88' lang='lat' dir='ltr'><strong>solemni</strong></span> <span class='ocrx_word' id='word_1_436' title='bbox 787 4402 1342 4458; x_wconf 88' lang='lat' dir='ltr'><strong>commemoratione</strong></span> <span class='ocrx_word' id='word_1_437' title='bbox 1373 4403 1645 4459; x_wconf 76' lang='lat' dir='ltr'><strong>sufﬁciet.</strong></span> <span class='ocrx_word' id='word_1_438' title='bbox 1695 4405 1763 4460; x_wconf 87' lang='lat' dir='ltr'><strong>Et</strong></span> <span class='ocrx_word' id='word_1_439' title='bbox 1815 4410 1878 4462; x_wconf 90' lang='lat' dir='ltr'><strong>tu</strong></span> <span class='ocrx_word' id='word_1_440' title='bbox 1909 4423 2164 4479; x_wconf 72' lang='lat' dir='ltr'><strong>quoque.</strong></span> 
     </span>
    </p>
   </div>
   <div class='ocr_carea' id='block_1_65' title="bbox 515 4487 2166 4562">
    <p class='ocr_par' dir='ltr' id='par_1_65' title="bbox 515 4487 2166 4562">
     <span class='ocr_line' id='line_1_65' title="bbox 515 4487 2166 4562; baseline 0.005 -18"><span class='ocrx_word' id='word_1_441' title='bbox 515 4487 642 4544; x_wconf 83' lang='lat' dir='ltr'><strong>dies</strong></span> <span class='ocrx_word' id='word_1_442' title='bbox 673 4488 971 4559; x_wconf 81' lang='lat' dir='ltr'><strong>hodierne,</strong></span> <span class='ocrx_word' id='word_1_443' title='bbox 1003 4507 1036 4545; x_wconf 90' lang='lat' dir='ltr'><strong>a</strong></span> <span class='ocrx_word' id='word_1_444' title='bbox 1059 4507 1174 4562; x_wconf 92' lang='lat' dir='ltr'><strong>quo</strong></span> <span class='ocrx_word' id='word_1_445' title='bbox 1199 4507 1412 4546; x_wconf 84' lang='lat' dir='ltr'><strong>corona</strong></span> <span class='ocrx_word' id='word_1_446' title='bbox 1442 4494 1834 4549; x_wconf 85' lang='lat' dir='ltr'><strong>anniversaria</strong></span> <span class='ocrx_word' id='word_1_447' title='bbox 1858 4496 2048 4551; x_wconf 90' lang='lat' dir='ltr'><strong>denuo</strong></span> <span class='ocrx_word' id='word_1_448' title='bbox 2070 4496 2166 4552; x_wconf 87' lang='lat' dir='ltr'><strong>in-</strong></span> 
     </span>
    </p>
   </div>
   <div class='ocr_carea' id='block_1_66' title="bbox 515 4562 2240 4653">
    <p class='ocr_par' dir='ltr' id='par_1_66' title="bbox 515 4562 2240 4653">
     <span class='ocr_line' id='line_1_66' title="bbox 515 4562 2240 4653; baseline 0.005 -20"><span class='ocrx_word' id='word_1_449' title='bbox 515 4578 676 4649; x_wconf 86' lang='lat' dir='ltr'><strong>cipit,</strong></span> <span class='ocrx_word' id='word_1_450' title='bbox 691 4578 1096 4634; x_wconf 87' lang='lat' dir='ltr'><strong>testimonium</strong></span> <span class='ocrx_word' id='word_1_451' title='bbox 1127 4580 1536 4646; x_wconf 86' lang='lat' dir='ltr'><strong>nobisexhibe,</strong></span> <span class='ocrx_word' id='word_1_452' title='bbox 1570 4581 1710 4653; x_wconf 89' lang='lat' dir='ltr'><strong>quid</strong></span> <span class='ocrx_word' id='word_1_453' title='bbox 1762 4583 2073 4641; x_wconf 85' lang='lat' dir='ltr'><strong>fecerimus</strong></span> <span class='ocrx_word' id='word_1_454' title='bbox 2100 4585 2160 4641; x_wconf 91' lang='lat' dir='ltr'><strong>in</strong></span> <span class='ocrx_word' id='word_1_455' title='bbox 2192 4562 2240 4628; x_wconf 82' lang='lat' dir='ltr'><strong>D</strong></span> 
     </span>
    </p>
   </div>
   <div class='ocr_carea' id='block_1_67' title="bbox 512 4666 2163 4740">
    <p class='ocr_par' dir='ltr' id='par_1_67' title="bbox 512 4666 2163 4740">
     <span class='ocr_line' id='line_1_67' title="bbox 512 4666 2163 4740; baseline 0.005 -18"><span class='ocrx_word' id='word_1_456' title='bbox 512 4666 730 4738; x_wconf 88' lang='lat' dir='ltr'><strong>templo</strong></span> <span class='ocrx_word' id='word_1_457' title='bbox 761 4668 949 4723; x_wconf 86' lang='lat' dir='ltr'><strong>sancti</strong></span> <span class='ocrx_word' id='word_1_458' title='bbox 991 4669 1175 4724; x_wconf 88' lang='lat' dir='ltr'><strong>nostri</strong></span> <span class='ocrx_word' id='word_1_459' title='bbox 1219 4669 1489 4726; x_wconf 80' lang='lat' dir='ltr'><strong>odoriferi</strong></span> <span class='ocrx_word' id='word_1_460' title='bbox 1545 4670 1945 4740; x_wconf 86' lang='lat' dir='ltr'><strong>celeberrimo,</strong></span> <span class='ocrx_word' id='word_1_461' title='bbox 1997 4679 2062 4730; x_wconf 90' lang='lat' dir='ltr'><strong>ut</strong></span> <span class='ocrx_word' id='word_1_462' title='bbox 2106 4679 2163 4731; x_wconf 89' lang='lat' dir='ltr'><strong>et</strong></span> 
     </span>
    </p>
   </div>
   <div class='ocr_carea' id='block_1_68' title="bbox 512 4756 2161 4829">
    <p class='ocr_par' dir='ltr' id='par_1_68' title="bbox 512 4756 2161 4829">
     <span class='ocr_line' id='line_1_68' title="bbox 512 4756 2161 4829; baseline 0.005 -17"><span class='ocrx_word' id='word_1_463' title='bbox 512 4756 708 4829; x_wconf 88' lang='lat' dir='ltr'><strong>ipsum</strong></span> <span class='ocrx_word' id='word_1_464' title='bbox 757 4757 910 4812; x_wconf 88' lang='lat' dir='ltr'><strong>veris</strong></span> <span class='ocrx_word' id='word_1_465' title='bbox 951 4758 1184 4814; x_wconf 90' lang='lat' dir='ltr'><strong>initium</strong></span> <span class='ocrx_word' id='word_1_466' title='bbox 1246 4775 1446 4816; x_wconf 87' lang='lat' dir='ltr'><strong>mense</strong></span> <span class='ocrx_word' id='word_1_467' title='bbox 1487 4759 1690 4816; x_wconf 88' lang='lat' dir='ltr'><strong>Martio</strong></span> <span class='ocrx_word' id='word_1_468' title='bbox 1738 4763 2008 4819; x_wconf 78' lang='lat' dir='ltr'><strong>accidens</strong></span> <span class='ocrx_word' id='word_1_469' title='bbox 2054 4781 2161 4821; x_wconf 93' lang='lat' dir='ltr'><strong>nos</strong></span> 
     </span>
    </p>
   </div>
   <div class='ocr_carea' id='block_1_69' title="bbox 515 4845 2163 4916">
    <p class='ocr_par' dir='ltr' id='par_1_69' title="bbox 515 4845 2163 4916">
     <span class='ocr_line' id='line_1_69' title="bbox 515 4845 2163 4916; baseline 0.006 -17"><span class='ocrx_word' id='word_1_470' title='bbox 515 4846 683 4916; x_wconf 86' lang='lat' dir='ltr'><strong>quasi</strong></span> <span class='ocrx_word' id='word_1_471' title='bbox 704 4845 991 4902; x_wconf 90' lang='lat' dir='ltr'><strong>tributum</strong></span> <span class='ocrx_word' id='word_1_472' title='bbox 1034 4853 1304 4902; x_wconf 89' lang='lat' dir='ltr'><strong>nostrum</strong></span> <span class='ocrx_word' id='word_1_473' title='bbox 1351 4847 1598 4905; x_wconf 88' lang='lat' dir='ltr'><strong>solvisse</strong></span> <span class='ocrx_word' id='word_1_474' title='bbox 1646 4854 1910 4908; x_wconf 76' lang='lat' dir='ltr'><strong>testatur.</strong></span> <span class='ocrx_word' id='word_1_475' title='bbox 1947 4856 2012 4907; x_wconf 86' lang='lat' dir='ltr'><strong>Et</strong></span> <span class='ocrx_word' id='word_1_476' title='bbox 2052 4852 2163 4909; x_wconf 87' lang='lat' dir='ltr'><strong>hoc</strong></span> 
     </span>
    </p>
   </div>
   <div class='ocr_carea' id='block_1_70' title="bbox 515 4934 2164 5012">
    <p class='ocr_par' dir='ltr' id='par_1_70' title="bbox 515 4934 2164 5012">
     <span class='ocr_line' id='line_1_70' title="bbox 515 4934 2164 5012; baseline 0.006 -25"><span class='ocrx_word' id='word_1_477' title='bbox 515 4949 745 5005; x_wconf 88' lang='lat' dir='ltr'><strong>quoque</strong></span> <span class='ocrx_word' id='word_1_478' title='bbox 774 4934 875 4990; x_wconf 87' lang='lat' dir='ltr'><strong>Dei</strong></span> <span class='ocrx_word' id='word_1_479' title='bbox 905 4939 993 4990; x_wconf 90' lang='lat' dir='ltr'><strong>est</strong></span> <span class='ocrx_word' id='word_1_480' title='bbox 1013 4935 1320 5007; x_wconf 87' lang='lat' dir='ltr'><strong>sanctique</strong></span> <span class='ocrx_word' id='word_1_481' title='bbox 1359 4937 1489 5008; x_wconf 88' lang='lat' dir='ltr'><strong>ejus</strong></span> <span class='ocrx_word' id='word_1_482' title='bbox 1539 4954 1606 4993; x_wconf 87' lang='lat' dir='ltr'><strong>ac</strong></span> <span class='ocrx_word' id='word_1_483' title='bbox 1656 4938 1854 5011; x_wconf 85' lang='lat' dir='ltr'><strong>magni</strong></span> <span class='ocrx_word' id='word_1_484' title='bbox 1887 4941 2164 5012; x_wconf 82' lang='lat' dir='ltr'><strong>martyris</strong></span> 
     </span>
    </p>
   </div>
   <div class='ocr_carea' id='block_1_71' title="bbox 515 5021 1572 5096">
    <p class='ocr_par' dir='ltr' id='par_1_71' title="bbox 515 5021 1572 5096">
     <span class='ocr_line' id='line_1_71' title="bbox 515 5021 1572 5096; baseline 0.006 -21"><span class='ocrx_word' id='word_1_485' title='bbox 515 5021 615 5095; x_wconf 91' lang='lat' dir='ltr'><strong>qui</strong></span> <span class='ocrx_word' id='word_1_486' title='bbox 648 5039 754 5077; x_wconf 90' lang='lat' dir='ltr'><strong>nos</strong></span> <span class='ocrx_word' id='word_1_487' title='bbox 785 5039 960 5079; x_wconf 86' lang='lat' dir='ltr'><strong>sanos</strong></span> <span class='ocrx_word' id='word_1_488' title='bbox 990 5029 1339 5096; x_wconf 87' lang='lat' dir='ltr'><strong>sanctosque</strong></span> <span class='ocrx_word' id='word_1_489' title='bbox 1361 5026 1572 5081; x_wconf 87' lang='lat' dir='ltr'><strong>reddit.</strong></span> 
     </span>
    </p>
   </div>
   <div class='ocr_carea' id='block_1_72' title="bbox 581 5293 2166 5369">
    <p class='ocr_par' dir='ltr' id='par_1_72' title="bbox 581 5293 2166 5369">
     <span class='ocr_line' id='line_1_72' title="bbox 581 5293 2166 5369; baseline 0.001 -18"><span class='ocrx_word' id='word_1_490' title='bbox 581 5297 633 5351; x_wconf 91' lang='lat'><strong>8.</strong></span> <span class='ocrx_word' id='word_1_491' title='bbox 697 5294 740 5351; x_wconf 94' lang='grc' dir='ltr'>Ο</span> <span class='ocrx_word' id='word_1_492' title='bbox 785 5293 1186 5352; x_wconf 87' lang='lat' dir='ltr'><strong>solemnitates</strong></span> <span class='ocrx_word' id='word_1_493' title='bbox 1239 5300 1454 5352; x_wconf 66' lang='lat' dir='ltr'><strong>cetera:</strong></span> <span class='ocrx_word' id='word_1_494' title='bbox 1503 5295 1750 5364; x_wconf 71' lang='lat' dir='ltr'><strong>eximiis,</strong></span> <span class='ocrx_word' id='word_1_495' title='bbox 1827 5297 1883 5351; x_wconf 92' lang='lat' dir='ltr'><strong>in</strong></span> <span class='ocrx_word' id='word_1_496' title='bbox 1948 5297 2166 5369; x_wconf 88' lang='lat' dir='ltr'><strong>quibus</strong></span> 
     </span>
    </p>
   </div>
   <div class='ocr_carea' id='block_1_73' title="bbox 515 5385 2164 5457">
    <p class='ocr_par' dir='ltr' id='par_1_73' title="bbox 515 5385 2164 5457">
     <span class='ocr_line' id='line_1_73' title="bbox 515 5385 2164 5457; baseline 0.001 -17"><span class='ocrx_word' id='word_1_497' title='bbox 515 5402 793 5442; x_wconf 91' lang='lat' dir='ltr'><strong>nummos</strong></span> <span class='ocrx_word' id='word_1_498' title='bbox 815 5402 1024 5457; x_wconf 88' lang='lat' dir='ltr'><strong>parvos</strong></span> <span class='ocrx_word' id='word_1_499' title='bbox 1057 5386 1156 5457; x_wconf 90' lang='lat' dir='ltr'><strong>qui</strong></span> <span class='ocrx_word' id='word_1_500' title='bbox 1186 5385 1279 5441; x_wconf 81' lang='lat' dir='ltr'><strong>vix</strong></span> <span class='ocrx_word' id='word_1_501' title='bbox 1301 5386 1490 5442; x_wconf 86' lang='lat' dir='ltr'><strong>volam</strong></span> <span class='ocrx_word' id='word_1_502' title='bbox 1513 5385 1827 5456; x_wconf 84' lang='lat' dir='ltr'><strong>explerent,</strong></span> <span class='ocrx_word' id='word_1_503' title='bbox 1869 5386 1983 5442; x_wconf 89' lang='lat' dir='ltr'><strong>huc</strong></span> <span class='ocrx_word' id='word_1_504' title='bbox 2022 5385 2164 5442; x_wconf 90' lang='lat' dir='ltr'><strong>illuc</strong></span> 
     </span>
    </p>
   </div>
   <div class='ocr_carea' id='block_1_74' title="bbox 515 5473 2164 5546">
    <p class='ocr_par' dir='ltr' id='par_1_74' title="bbox 515 5473 2164 5546">
     <span class='ocr_line' id='line_1_74' title="bbox 515 5473 2164 5546; baseline 0.001 -18"><span class='ocrx_word' id='word_1_505' title='bbox 515 5473 792 5544; x_wconf 81' lang='lat' dir='ltr'><strong>disjectas</strong></span> <span class='ocrx_word' id='word_1_506' title='bbox 816 5474 976 5530; x_wconf 89' lang='lat' dir='ltr'><strong>velut</strong></span> <span class='ocrx_word' id='word_1_507' title='bbox 1024 5475 1273 5545; x_wconf 77' lang='lat' dir='ltr'><strong>majores</strong></span> <span class='ocrx_word' id='word_1_508' title='bbox 1332 5474 1654 5542; x_wconf 70' lang='lat' dir='ltr'><strong>effecimus,</strong></span> <span class='ocrx_word' id='word_1_509' title='bbox 1714 5473 1796 5530; x_wconf 90' lang='lat' dir='ltr'><strong>ita</strong></span> <span class='ocrx_word' id='word_1_510' title='bbox 1853 5477 1918 5530; x_wconf 90' lang='lat' dir='ltr'><strong>ut</strong></span> <span class='ocrx_word' id='word_1_511' title='bbox 1974 5474 2164 5546; x_wconf 89' lang='lat' dir='ltr'><strong>magis</strong></span> 
     </span>
    </p>
   </div>
   <div class='ocr_carea' id='block_1_75' title="bbox 514 5561 2167 5635">
    <p class='ocr_par' dir='ltr' id='par_1_75' title="bbox 514 5561 2167 5635">
     <span class='ocr_line' id='line_1_75' title="bbox 514 5561 2167 5635; baseline 0.001 -18"><span class='ocrx_word' id='word_1_512' title='bbox 514 5561 688 5617; x_wconf 88' lang='lat' dir='ltr'><strong>etiam</strong></span> <span class='ocrx_word' id='word_1_513' title='bbox 712 5579 887 5635; x_wconf 84' lang='lat' dir='ltr'><strong>quam</strong></span> <span class='ocrx_word' id='word_1_514' title='bbox 929 5562 1090 5619; x_wconf 91' lang='lat' dir='ltr'><strong>illius</strong></span> <span class='ocrx_word' id='word_1_515' title='bbox 1129 5563 1228 5635; x_wconf 92' lang='lat' dir='ltr'><strong>qui</strong></span> <span class='ocrx_word' id='word_1_516' title='bbox 1260 5564 1320 5618; x_wconf 90' lang='lat' dir='ltr'><strong>in</strong></span> <span class='ocrx_word' id='word_1_517' title='bbox 1374 5562 1624 5619; x_wconf 90' lang='lat' dir='ltr'><strong>Psalmis</strong></span> <span class='ocrx_word' id='word_1_518' title='bbox 1669 5567 2167 5620; x_wconf 88' lang='lat' dir='ltr'><strong>commemoratur</strong></span> 
     </span>
    </p>
   </div>
   <div class='ocr_carea' id='block_1_76' title="bbox 517 5650 2162 5724">
    <p class='ocr_par' dir='ltr' id='par_1_76' title="bbox 517 5650 2162 5724">
     <span class='ocr_line' id='line_1_76' title="bbox 517 5650 2162 5724; baseline 0.004 -22"><span class='ocrx_word' id='word_1_519' title='bbox 517 5652 793 5708; x_wconf 86' lang='lat' dir='ltr'><strong>messoris</strong></span> <span class='ocrx_word' id='word_1_520' title='bbox 814 5652 1020 5708; x_wconf 85' lang='lat' dir='ltr'><strong>ambas</strong></span> <span class='ocrx_word' id='word_1_521' title='bbox 1042 5667 1254 5708; x_wconf 88' lang='lat' dir='ltr'><strong>manus</strong></span> <span class='ocrx_word' id='word_1_522' title='bbox 1311 5650 1749 5724; x_wconf 86' lang='lat' dir='ltr'><strong>compleverint.</strong></span> <span class='ocrx_word' id='word_1_523' title='bbox 1781 5652 1929 5718; x_wconf 89' lang='lat' dir='ltr'><strong>Quid</strong></span> <span class='ocrx_word' id='word_1_524' title='bbox 1972 5651 2162 5710; x_wconf 89' lang='lat' dir='ltr'><strong>dicam</strong></span> 
     </span>
    </p>
   </div>
   <div class='ocr_carea' id='block_1_77' title="bbox 2263 1894 3852 1975">
    <p class='ocr_par' dir='ltr' id='par_1_77' title="bbox 2263 1894 3852 1975">
     <span class='ocr_line' id='line_1_77' title="bbox 2263 1894 3852 1975; baseline -0.003 -20"><span class='ocrx_word' id='word_1_525' title='bbox 2263 1907 2646 1975; x_wconf 88' lang='grc' dir='ltr'>προηγήσαντο</span> <span class='ocrx_word' id='word_1_526' title='bbox 2693 1901 3055 1970; x_wconf 70' lang='grc' dir='ltr'>ταπεινότητα</span> <span class='ocrx_word' id='word_1_527' title='bbox 3103 1905 3125 1969; x_wconf 94' lang='grc'>(</span> <span class='ocrx_word' id='word_1_528' title='bbox 3172 1922 3200 1950; x_wconf 83' lang='grc' dir='ltr'>ι(</span> <span class='ocrx_word' id='word_1_529' title='bbox 3259 1898 3404 1959; x_wconf 76' lang='grc' dir='ltr'>τινὶς</span> <span class='ocrx_word' id='word_1_530' title='bbox 3461 1920 3489 1950; x_wconf 85' lang='grc'><strong>››</strong></span> <span class='ocrx_word' id='word_1_531' title='bbox 3539 1894 3592 1951; x_wconf 73' lang='grc' dir='ltr'><strong>δὲ</strong></span> <span class='ocrx_word' id='word_1_532' title='bbox 3639 1895 3852 1970; x_wconf 75' lang='grc' dir='ltr'>λέγω,οὖ</span> 
     </span>
    </p>
   </div>
   <div class='ocr_carea' id='block_1_78' title="bbox 2269 1983 3849 2064">
    <p class='ocr_par' dir='ltr' id='par_1_78' title="bbox 2269 1983 3849 2064">
     <span class='ocr_line' id='line_1_78' title="bbox 2269 1983 3849 2064; baseline -0.001 -22"><span class='ocrx_word' id='word_1_533' title='bbox 2269 2011 2297 2042; x_wconf 75' lang='grc' dir='ltr'><strong>α</strong></span> <span class='ocrx_word' id='word_1_534' title='bbox 2353 1989 2544 2050; x_wconf 86' lang='grc' dir='ltr'>πάντες</span> <span class='ocrx_word' id='word_1_535' title='bbox 2587 2010 2615 2043; x_wconf 75' lang='lat' dir='ltr'><strong>a</strong></span> <span class='ocrx_word' id='word_1_536' title='bbox 2673 1991 2712 2062; x_wconf 93' lang='grc'>),</span> <span class='ocrx_word' id='word_1_537' title='bbox 2767 1988 3118 2064; x_wconf 76' lang='grc' dir='ltr'>ἑκερμάτισαν</span> <span class='ocrx_word' id='word_1_538' title='bbox 3178 1983 3360 2048; x_wconf 80' lang='grc' dir='ltr'>δόσεις</span> <span class='ocrx_word' id='word_1_539' title='bbox 3415 1985 3849 2058; x_wconf 69' lang='grc' dir='ltr'>νομισματικάς,ὁ</span> 
     </span>
    </p>
   </div>
   <div class='ocr_carea' id='block_1_79' title="bbox 2269 2071 3846 2151">
    <p class='ocr_par' dir='ltr' id='par_1_79' title="bbox 2269 2071 3846 2151">
     <span class='ocr_line' id='line_1_79' title="bbox 2269 2071 3846 2151; baseline -0.004 -19"><span class='ocrx_word' id='word_1_540' title='bbox 2269 2078 2362 2151; x_wconf 77' lang='grc' dir='ltr'><strong>μὶν</strong></span> <span class='ocrx_word' id='word_1_541' title='bbox 2395 2077 2619 2150; x_wconf 82' lang='grc' dir='ltr'>ταύτην,</span> <span class='ocrx_word' id='word_1_542' title='bbox 2653 2078 2680 2132; x_wconf 86' lang='grc' dir='ltr'>ὁ</span> <span class='ocrx_word' id='word_1_543' title='bbox 2715 2075 2772 2132; x_wconf 73' lang='grc' dir='ltr'><strong>δὲ</strong></span> <span class='ocrx_word' id='word_1_544' title='bbox 2801 2076 3030 2146; x_wconf 80' lang='grc' dir='ltr'>ἐκείνην,</span> <span class='ocrx_word' id='word_1_545' title='bbox 3065 2077 3093 2131; x_wconf 83' lang='grc' dir='ltr'>ὁ</span> <span class='ocrx_word' id='word_1_546' title='bbox 3142 2073 3200 2130; x_wconf 80' lang='grc' dir='ltr'><strong>δὶ</strong></span> <span class='ocrx_word' id='word_1_547' title='bbox 3247 2073 3424 2141; x_wconf 76' lang='grc' dir='ltr'>ἄλλην</span> <span class='ocrx_word' id='word_1_548' title='bbox 3471 2078 3537 2148; x_wconf 80' lang='grc' dir='ltr'><strong>τῇ</strong></span> <span class='ocrx_word' id='word_1_549' title='bbox 3584 2071 3727 2146; x_wconf 83' lang='grc' dir='ltr'>ὁμάδι</span> <span class='ocrx_word' id='word_1_550' title='bbox 3766 2077 3846 2126; x_wconf 80' lang='grc' dir='ltr'>τῶν</span> 
     </span>
    </p>
   </div>
   <div class='ocr_carea' id='block_1_80' title="bbox 2265 2163 3850 2243">
    <p class='ocr_par' dir='ltr' id='par_1_80' title="bbox 2265 2163 3850 2243">
     <span class='ocr_line' id='line_1_80' title="bbox 2265 2163 3850 2243; baseline -0.005 -22"><span class='ocrx_word' id='word_1_551' title='bbox 2265 2166 2461 2240; x_wconf 81' lang='grc' dir='ltr'>τιμίων</span> <span class='ocrx_word' id='word_1_552' title='bbox 2511 2165 2758 2243; x_wconf 77' lang='grc' dir='ltr'>κλήρων,</span> <span class='ocrx_word' id='word_1_553' title='bbox 2802 2171 2882 2238; x_wconf 79' lang='grc' dir='ltr'>τῷ</span> <span class='ocrx_word' id='word_1_554' title='bbox 2929 2186 2988 2220; x_wconf 91' lang='grc' dir='ltr'><strong>τε</strong></span> <span class='ocrx_word' id='word_1_555' title='bbox 3032 2171 3134 2234; x_wconf 84' lang='grc' dir='ltr'><strong>τῆς</strong></span> <span class='ocrx_word' id='word_1_556' title='bbox 3206 2163 3566 2219; x_wconf 75' lang='grc' dir='ltr'>ἰνυποστάτου</span> <span class='ocrx_word' id='word_1_557' title='bbox 3621 2166 3704 2216; x_wconf 89' lang='grc' dir='ltr'><strong>τοῦ</strong></span> <span class='ocrx_word' id='word_1_558' title='bbox 3749 2165 3850 2216; x_wconf 77' lang='grc' dir='ltr'>Θεοῦ</span> 
     </span>
    </p>
   </div>
   <div class='ocr_carea' id='block_1_81' title="bbox 2267 2251 3849 2331">
    <p class='ocr_par' dir='ltr' id='par_1_81' title="bbox 2267 2251 3849 2331">
     <span class='ocr_line' id='line_1_81' title="bbox 2267 2251 3849 2331; baseline -0.005 -20"><span class='ocrx_word' id='word_1_559' title='bbox 2267 2256 2444 2331; x_wconf 87' lang='grc' dir='ltr'>Λόγου</span> <span class='ocrx_word' id='word_1_560' title='bbox 2503 2256 2652 2331; x_wconf 88' lang='grc' dir='ltr'>άγίας</span> <span class='ocrx_word' id='word_1_561' title='bbox 2694 2256 2915 2331; x_wconf 77' lang='grc' dir='ltr'>Σοφίας,</span> <span class='ocrx_word' id='word_1_562' title='bbox 2941 2254 3030 2308; x_wconf 82' lang='grc' dir='ltr'><strong>καὶ</strong></span> <span class='ocrx_word' id='word_1_563' title='bbox 3071 2259 3150 2326; x_wconf 77' lang='grc' dir='ltr'>τῷ</span> <span class='ocrx_word' id='word_1_564' title='bbox 3194 2258 3291 2308; x_wconf 87' lang='grc' dir='ltr'><strong>τοῦ</strong></span> <span class='ocrx_word' id='word_1_565' title='bbox 3359 2251 3592 2328; x_wconf 86' lang='grc' dir='ltr'>μεγάλου</span> <span class='ocrx_word' id='word_1_566' title='bbox 3633 2255 3742 2304; x_wconf 89' lang='grc' dir='ltr'>ναοῦ</span> <span class='ocrx_word' id='word_1_567' title='bbox 3775 2256 3849 2316; x_wconf 78' lang='grc' dir='ltr'><strong>τῆς</strong></span> 
     </span>
    </p>
   </div>
   <div class='ocr_carea' id='block_1_82' title="bbox 2271 2340 3852 2420">
    <p class='ocr_par' dir='ltr' id='par_1_82' title="bbox 2271 2340 3852 2420">
     <span class='ocr_line' id='line_1_82' title="bbox 2271 2340 3852 2420; baseline -0.005 -21"><span class='ocrx_word' id='word_1_568' title='bbox 2271 2345 2572 2420; x_wconf 86' lang='grc' dir='ltr'>ὑπεράγνου</span> <span class='ocrx_word' id='word_1_569' title='bbox 2617 2342 2903 2413; x_wconf 81' lang='grc' dir='ltr'>δεσποίνης</span> <span class='ocrx_word' id='word_1_570' title='bbox 2935 2346 3096 2415; x_wconf 78' lang='grc' dir='ltr'>ἡμῶν</span> <span class='ocrx_word' id='word_1_571' title='bbox 3143 2344 3519 2416; x_wconf 87' lang='grc' dir='ltr'>Θεομήτορος,</span> <span class='ocrx_word' id='word_1_572' title='bbox 3547 2340 3630 2395; x_wconf 82' lang='grc' dir='ltr'>καί</span> <span class='ocrx_word' id='word_1_573' title='bbox 3677 2344 3745 2410; x_wconf 80' lang='grc' dir='ltr'><strong>τῷ</strong></span> <span class='ocrx_word' id='word_1_574' title='bbox 3779 2341 3852 2391; x_wconf 77' lang='grc' dir='ltr'><strong>τοῦ</strong></span> 
     </span>
    </p>
   </div>
   <div class='ocr_carea' id='block_1_83' title="bbox 2265 2426 3851 2510">
    <p class='ocr_par' dir='ltr' id='par_1_83' title="bbox 2265 2426 3851 2510">
     <span class='ocr_line' id='line_1_83' title="bbox 2265 2426 3851 2510; baseline -0.006 -22"><span class='ocrx_word' id='word_1_575' title='bbox 2265 2433 2576 2510; x_wconf 78' lang='grc' dir='ltr'>πολιούχου</span> <span class='ocrx_word' id='word_1_576' title='bbox 2642 2435 2801 2506; x_wconf 76' lang='grc' dir='ltr'>ἡμῶν</span> <span class='ocrx_word' id='word_1_577' title='bbox 2875 2428 3223 2505; x_wconf 73' lang='grc' dir='ltr'>μυροϐλύτου</span> <span class='ocrx_word' id='word_1_578' title='bbox 3298 2428 3771 2506; x_wconf 83' lang='grc' dir='ltr'>μεγαλομάρτυρος,</span> <span class='ocrx_word' id='word_1_579' title='bbox 3807 2426 3851 2479; x_wconf 74' lang='grc' dir='ltr'><strong>οὗ</strong></span> 
     </span>
    </p>
   </div>
   <div class='ocr_carea' id='block_1_84' title="bbox 2265 2514 3853 2594">
    <p class='ocr_par' dir='ltr' id='par_1_84' title="bbox 2265 2514 3853 2594">
     <span class='ocr_line' id='line_1_84' title="bbox 2265 2514 3853 2594; baseline -0.006 -17"><span class='ocrx_word' id='word_1_580' title='bbox 2265 2523 2354 2578; x_wconf 83' lang='grc' dir='ltr'><strong>καὶ</strong></span> <span class='ocrx_word' id='word_1_581' title='bbox 2405 2523 2472 2577; x_wconf 71' lang='grc' dir='ltr'><strong>τὰ</strong></span> <span class='ocrx_word' id='word_1_582' title='bbox 2529 2521 2776 2594; x_wconf 75' lang='grc' dir='ltr'>θαύματα</span> <span class='ocrx_word' id='word_1_583' title='bbox 2812 2526 2894 2594; x_wconf 79' lang='grc' dir='ltr'><strong>τῷ</strong></span> <span class='ocrx_word' id='word_1_584' title='bbox 2949 2515 3219 2592; x_wconf 73' lang='grc' dir='ltr'>ἀειόρότῳ</span> <span class='ocrx_word' id='word_1_585' title='bbox 3265 2518 3425 2593; x_wconf 79' lang='grc' dir='ltr'>μύρῳ</span> <span class='ocrx_word' id='word_1_586' title='bbox 3481 2516 3654 2593; x_wconf 75' lang='grc' dir='ltr'>ἐρίζει,</span> <span class='ocrx_word' id='word_1_587' title='bbox 3681 2514 3756 2570; x_wconf 80' lang='grc' dir='ltr'><strong>καὶ</strong></span> <span class='ocrx_word' id='word_1_588' title='bbox 3808 2514 3853 2566; x_wconf 86' lang='grc' dir='ltr'>τὸ</span> 
     </span>
    </p>
   </div>
   <div class='ocr_carea' id='block_1_85' title="bbox 2271 2601 3852 2684">
    <p class='ocr_par' dir='ltr' id='par_1_85' title="bbox 2271 2601 3852 2684">
     <span class='ocr_line' id='line_1_85' title="bbox 2271 2601 3852 2684; baseline -0.006 -18"><span class='ocrx_word' id='word_1_589' title='bbox 2271 2612 2438 2684; x_wconf 69' lang='grc' dir='ltr'>μύρον</span> <span class='ocrx_word' id='word_1_590' title='bbox 2470 2616 2591 2672; x_wconf 80' lang='grc' dir='ltr'>τοῖς</span> <span class='ocrx_word' id='word_1_591' title='bbox 2643 2609 2898 2683; x_wconf 78' lang='grc' dir='ltr'>θαύμασι’</span> <span class='ocrx_word' id='word_1_592' title='bbox 2940 2608 3029 2663; x_wconf 86' lang='grc' dir='ltr'><strong>καὶ</strong></span> <span class='ocrx_word' id='word_1_593' title='bbox 3088 2611 3453 2683; x_wconf 86' lang='grc' dir='ltr'>προηγοῦνται</span> <span class='ocrx_word' id='word_1_594' title='bbox 3508 2609 3599 2674; x_wconf 74' lang='grc' dir='ltr'><strong>τῆς</strong></span> <span class='ocrx_word' id='word_1_595' title='bbox 3646 2601 3852 2667; x_wconf 64' lang='grc' dir='ltr'>τοιαύτης</span> 
     </span>
    </p>
   </div>
   <div class='ocr_carea' id='block_1_86' title="bbox 2268 2692 3854 2772">
    <p class='ocr_par' dir='ltr' id='par_1_86' title="bbox 2268 2692 3854 2772">
     <span class='ocr_line' id='line_1_86' title="bbox 2268 2692 3854 2772; baseline -0.008 -18"><span class='ocrx_word' id='word_1_596' title='bbox 2268 2697 2642 2772; x_wconf 79' lang='grc' dir='ltr'>διανεμήσεως</span> <span class='ocrx_word' id='word_1_597' title='bbox 2726 2703 2824 2753; x_wconf 91' lang='grc' dir='ltr'><strong>τοῦ</strong></span> <span class='ocrx_word' id='word_1_598' title='bbox 2908 2699 3312 2769; x_wconf 86' lang='grc' dir='ltr'>νομισματικοῦ</span> <span class='ocrx_word' id='word_1_599' title='bbox 3407 2692 3854 2768; x_wconf 84' lang='grc' dir='ltr'>κατακερματισμοῦ</span> 
     </span>
    </p>
   </div>
   <div class='ocr_carea' id='block_1_87' title="bbox 2267 2779 3854 2865">
    <p class='ocr_par' dir='ltr' id='par_1_87' title="bbox 2267 2779 3854 2865">
     <span class='ocr_line' id='line_1_87' title="bbox 2267 2779 3854 2865; baseline -0.006 -22"><span class='ocrx_word' id='word_1_600' title='bbox 2267 2789 2448 2865; x_wconf 70' lang='grc' dir='ltr'>ἑορταὶ</span> <span class='ocrx_word' id='word_1_601' title='bbox 2503 2785 2680 2858; x_wconf 81' lang='grc' dir='ltr'>ἄλλης</span> <span class='ocrx_word' id='word_1_602' title='bbox 2729 2785 2898 2856; x_wconf 75' lang='grc' dir='ltr'>άλλη,</span> <span class='ocrx_word' id='word_1_603' title='bbox 2929 2787 3016 2840; x_wconf 85' lang='grc' dir='ltr'><strong>καὶ</strong></span> <span class='ocrx_word' id='word_1_604' title='bbox 3066 2783 3456 2860; x_wconf 85' lang='grc' dir='ltr'>μακαρίζονται</span> <span class='ocrx_word' id='word_1_605' title='bbox 3504 2787 3685 2860; x_wconf 79' lang='grc' dir='ltr'>φωναῖς</span> <span class='ocrx_word' id='word_1_606' title='bbox 3726 2779 3854 2856; x_wconf 71' lang='grc' dir='ltr'>εὐφή-</span> 
     </span>
    </p>
   </div>
   <div class='ocr_carea' id='block_1_88' title="bbox 2271 2865 3855 2950">
    <p class='ocr_par' dir='ltr' id='par_1_88' title="bbox 2271 2865 3855 2950">
     <span class='ocr_line' id='line_1_88' title="bbox 2271 2865 3855 2950; baseline -0.007 -18"><span class='ocrx_word' id='word_1_607' title='bbox 2271 2899 2396 2950; x_wconf 89' lang='grc' dir='ltr'>μοις</span> <span class='ocrx_word' id='word_1_608' title='bbox 2448 2878 2501 2932; x_wconf 69' lang='lat' dir='ltr'><strong>oi</strong></span> <span class='ocrx_word' id='word_1_609' title='bbox 2575 2877 2642 2931; x_wconf 81' lang='grc' dir='ltr'>τὰ</span> <span class='ocrx_word' id='word_1_610' title='bbox 2714 2879 2940 2930; x_wconf 90' lang='grc' dir='ltr'>τοιαῦτα</span> <span class='ocrx_word' id='word_1_611' title='bbox 3015 2875 3382 2950; x_wconf 85' lang='grc' dir='ltr'>κυρώσαντες,</span> <span class='ocrx_word' id='word_1_612' title='bbox 3423 2871 3510 2927; x_wconf 85' lang='grc' dir='ltr'><strong>καὶ</strong></span> <span class='ocrx_word' id='word_1_613' title='bbox 3565 2870 3729 2930; x_wconf 81' lang='grc' dir='ltr'>καλῶς</span> <span class='ocrx_word' id='word_1_614' title='bbox 3779 2865 3855 2940; x_wconf 77' lang='grc' dir='ltr'><strong>ἄρα</strong></span> 
     </span>
    </p>
   </div>
   <div class='ocr_carea' id='block_1_89' title="bbox 2265 2955 3856 3042">
    <p class='ocr_par' dir='ltr' id='par_1_89' title="bbox 2265 2955 3856 3042">
     <span class='ocr_line' id='line_1_89' title="bbox 2265 2955 3856 3042; baseline -0.004 -21"><span class='ocrx_word' id='word_1_615' title='bbox 2265 2966 2468 3042; x_wconf 88' lang='grc' dir='ltr'>γίνεται</span> <span class='ocrx_word' id='word_1_616' title='bbox 2498 2965 2649 3021; x_wconf 78' lang='grc' dir='ltr'>αὐτό.</span> <span class='ocrx_word' id='word_1_617' title='bbox 2683 2963 2750 3022; x_wconf 72' lang='lat' dir='ltr'><strong>Ei‘</strong></span> <span class='ocrx_word' id='word_1_618' title='bbox 2779 2965 2879 3040; x_wconf 78' lang='grc' dir='ltr'><strong>γὰρ</strong></span> <span class='ocrx_word' id='word_1_619' title='bbox 2911 2963 3078 3038; x_wconf 81' lang='grc' dir='ltr'>ψόγον</span> <span class='ocrx_word' id='word_1_620' title='bbox 3120 2963 3287 3038; x_wconf 75' lang='grc' dir='ltr'>εἶχεν,</span> <span class='ocrx_word' id='word_1_621' title='bbox 3326 2961 3426 3017; x_wconf 76' lang='grc' dir='ltr'><strong>οὐκ</strong></span> <span class='ocrx_word' id='word_1_622' title='bbox 3481 2958 3538 3015; x_wconf 78' lang='grc' dir='ltr'><strong>ἃν</strong></span> <span class='ocrx_word' id='word_1_623' title='bbox 3585 2956 3686 3014; x_wconf 79' lang='grc' dir='ltr'><strong>οὐδ’</strong></span> <span class='ocrx_word' id='word_1_624' title='bbox 3732 2955 3856 3042; x_wconf 74' lang='grc' dir='ltr'>αὐτὸς</span> 
     </span>
    </p>
   </div>
   <div class='ocr_carea' id='block_1_90' title="bbox 2269 3041 3858 3128">
    <p class='ocr_par' dir='ltr' id='par_1_90' title="bbox 2269 3041 3858 3128">
     <span class='ocr_line' id='line_1_90' title="bbox 2269 3041 3858 3128; baseline -0.003 -18"><span class='ocrx_word' id='word_1_625' title='bbox 2269 3041 2499 3128; x_wconf 63' lang='grc' dir='ltr'>ἔπῄνεσα</span> <span class='ocrx_word' id='word_1_626' title='bbox 2551 3058 2732 3108; x_wconf 76' lang='grc' dir='ltr'>τοῦτο’</span> <span class='ocrx_word' id='word_1_627' title='bbox 2793 3055 2867 3115; x_wconf 84' lang='grc' dir='ltr'>ὡς</span> <span class='ocrx_word' id='word_1_628' title='bbox 2936 3050 2994 3106; x_wconf 70' lang='grc' dir='ltr'><strong>δὲ</strong></span> <span class='ocrx_word' id='word_1_629' title='bbox 3048 3050 3302 3125; x_wconf 77' lang='grc' dir='ltr'>ἐπῄνεσα,</span> <span class='ocrx_word' id='word_1_630' title='bbox 3367 3047 3668 3113; x_wconf 70' lang='grc' dir='ltr'>ἐνδιαθὲτως</span> <span class='ocrx_word' id='word_1_631' title='bbox 3715 3041 3858 3119; x_wconf 72' lang='grc' dir='ltr'>ἔργοις</span> 
     </span>
    </p>
   </div>
   <div class='ocr_carea' id='block_1_91' title="bbox 2267 3134 3857 3220">
    <p class='ocr_par' dir='ltr' id='par_1_91' title="bbox 2267 3134 3857 3220">
     <span class='ocr_line' id='line_1_91' title="bbox 2267 3134 3857 3220; baseline -0.009 -22"><span class='ocrx_word' id='word_1_632' title='bbox 2267 3144 2450 3206; x_wconf 78' lang='grc' dir='ltr'>αὐτοῖς</span> <span class='ocrx_word' id='word_1_633' title='bbox 2509 3143 2795 3220; x_wconf 73' lang='grc' dir='ltr'>ἐκπὲερηνε.</span> <span class='ocrx_word' id='word_1_634' title='bbox 2828 3146 2986 3195; x_wconf 88' lang='grc' dir='ltr'>Δυαῖν</span> <span class='ocrx_word' id='word_1_635' title='bbox 3017 3139 3118 3216; x_wconf 83' lang='grc' dir='ltr'><strong>γὰρ</strong></span> <span class='ocrx_word' id='word_1_636' title='bbox 3157 3139 3378 3211; x_wconf 71' lang='grc' dir='ltr'>ἑορταῖν</span> <span class='ocrx_word' id='word_1_637' title='bbox 3418 3136 3740 3195; x_wconf 66' lang='grc' dir='ltr'>ἐλλείποντος</span> <span class='ocrx_word' id='word_1_638' title='bbox 3784 3134 3857 3220; x_wconf 83' lang='grc' dir='ltr'><strong>τοῦ</strong></span> 
     </span>
    </p>
   </div>
   <div class='ocr_carea' id='block_1_92' title="bbox 2265 3218 3860 3306">
    <p class='ocr_par' dir='ltr' id='par_1_92' title="bbox 2265 3218 3860 3306">
     <span class='ocr_line' id='line_1_92' title="bbox 2265 3218 3860 3306; baseline -0.009 -18"><span class='ocrx_word' id='word_1_639' title='bbox 2265 3232 2524 3288; x_wconf 76' lang='grc' dir='ltr'>τοιούτου</span> <span class='ocrx_word' id='word_1_640' title='bbox 2550 3218 2722 3286; x_wconf 80' lang='grc' dir='ltr'>καλοῦ</span> <span class='ocrx_word' id='word_1_641' title='bbox 2753 3230 2890 3306; x_wconf 81' lang='grc' dir='ltr'>πρὸς</span> <span class='ocrx_word' id='word_1_642' title='bbox 2923 3227 3246 3292; x_wconf 83' lang='grc' dir='ltr'>ἀκολουθίαν</span> <span class='ocrx_word' id='word_1_643' title='bbox 3276 3235 3382 3298; x_wconf 83' lang='grc' dir='ltr'><strong>τῆς</strong></span> <span class='ocrx_word' id='word_1_644' title='bbox 3435 3227 3486 3282; x_wconf 80' lang='grc' dir='ltr'>ἐν</span> <span class='ocrx_word' id='word_1_645' title='bbox 3541 3229 3606 3299; x_wconf 80' lang='grc' dir='ltr'><strong>τῇ</strong></span> <span class='ocrx_word' id='word_1_646' title='bbox 3660 3218 3860 3296; x_wconf 79' lang='grc' dir='ltr'>Μεγαλο-</span> 
     </span>
    </p>
   </div>
   <div class='ocr_carea' id='block_1_93' title="bbox 2263 3313 3860 3397">
    <p class='ocr_par' dir='ltr' id='par_1_93' title="bbox 2263 3313 3860 3397">
     <span class='ocr_line' id='line_1_93' title="bbox 2263 3313 3860 3397; baseline -0.007 -21"><span class='ocrx_word' id='word_1_647' title='bbox 2263 3321 2422 3377; x_wconf 89' lang='grc' dir='ltr'>πόλει</span> <span class='ocrx_word' id='word_1_648' title='bbox 2477 3320 2733 3397; x_wconf 88' lang='grc' dir='ltr'>μεγίστης</span> <span class='ocrx_word' id='word_1_649' title='bbox 2786 3323 2892 3374; x_wconf 84' lang='grc' dir='ltr'>τῶν</span> <span class='ocrx_word' id='word_1_650' title='bbox 2954 3317 3116 3393; x_wconf 80' lang='grc' dir='ltr'>ἁγίων</span> <span class='ocrx_word' id='word_1_651' title='bbox 3177 3316 3511 3388; x_wconf 66' lang='grc' dir='ltr'>ἐκκλησιῶν,</span> <span class='ocrx_word' id='word_1_652' title='bbox 3557 3313 3860 3397; x_wconf 70' lang='grc' dir='ltr'>ἀνεπλήρωσε</span> 
     </span>
    </p>
   </div>
   <div class='ocr_carea' id='block_1_94' title="bbox 2266 3395 3860 3486">
    <p class='ocr_par' dir='ltr' id='par_1_94' title="bbox 2266 3395 3860 3486">
     <span class='ocr_line' id='line_1_94' title="bbox 2266 3395 3860 3486; baseline -0.008 -22"><span class='ocrx_word' id='word_1_653' title='bbox 2266 3409 2370 3486; x_wconf 77' lang='grc' dir='ltr'>ἐγὼ</span> <span class='ocrx_word' id='word_1_654' title='bbox 2398 3411 2460 3464; x_wconf 88' lang='grc' dir='ltr'>τὸ</span> <span class='ocrx_word' id='word_1_655' title='bbox 2486 3395 2734 3464; x_wconf 81' lang='grc' dir='ltr'>τοιοῦτον</span> <span class='ocrx_word' id='word_1_656' title='bbox 2765 3405 2932 3462; x_wconf 81' lang='grc' dir='ltr'>καλὸν</span> <span class='ocrx_word' id='word_1_657' title='bbox 2966 3407 3024 3461; x_wconf 81' lang='grc' dir='ltr'>ἐκ</span> <span class='ocrx_word' id='word_1_658' title='bbox 3051 3411 3159 3461; x_wconf 78' lang='grc' dir='ltr'><strong>τῶν</strong></span> <span class='ocrx_word' id='word_1_659' title='bbox 3191 3410 3288 3460; x_wconf 91' lang='grc' dir='ltr'><strong>τοῦ</strong></span> <span class='ocrx_word' id='word_1_660' title='bbox 3323 3409 3459 3461; x_wconf 88' lang='grc' dir='ltr'>Θεοῦ</span> <span class='ocrx_word' id='word_1_661' title='bbox 3497 3404 3582 3458; x_wconf 84' lang='grc' dir='ltr'>καὶ</span> <span class='ocrx_word' id='word_1_662' title='bbox 3610 3405 3697 3456; x_wconf 87' lang='grc' dir='ltr'><strong>τοῦ</strong></span> <span class='ocrx_word' id='word_1_663' title='bbox 3737 3395 3860 3486; x_wconf 60' lang='grc' dir='ltr'>ἁγίου</span> 
     </span>
    </p>
   </div>
   <div class='ocr_carea' id='block_1_95' title="bbox 2265 3482 3860 3571">
    <p class='ocr_par' dir='ltr' id='par_1_95' title="bbox 2265 3482 3860 3571">
     <span class='ocr_line' id='line_1_95' title="bbox 2265 3482 3860 3571; baseline -0.01 -18"><span class='ocrx_word' id='word_1_664' title='bbox 2265 3482 2450 3556; x_wconf 77' lang='grc' dir='ltr'>αῦτοῦ.</span> <span class='ocrx_word' id='word_1_665' title='bbox 2484 3498 2580 3552; x_wconf 82' lang='grc' dir='ltr'>Καὶ</span> <span class='ocrx_word' id='word_1_666' title='bbox 2631 3497 2812 3551; x_wconf 90' lang='grc' dir='ltr'>τοίνυν</span> <span class='ocrx_word' id='word_1_667' title='bbox 2846 3494 3122 3571; x_wconf 71' lang='grc' dir='ltr'>ὀφειλέται</span> <span class='ocrx_word' id='word_1_668' title='bbox 3171 3491 3324 3556; x_wconf 77' lang='grc' dir='ltr'>ὅντες</span> <span class='ocrx_word' id='word_1_669' title='bbox 3382 3495 3434 3548; x_wconf 80' lang='grc' dir='ltr'>οἱ</span> <span class='ocrx_word' id='word_1_670' title='bbox 3479 3482 3860 3561; x_wconf 75' lang='grc' dir='ltr'>ἐκκλησιαστικοὶ</span> 
     </span>
    </p>
   </div>
   <div class='ocr_carea' id='block_1_96' title="bbox 2267 3576 3861 3664">
    <p class='ocr_par' dir='ltr' id='par_1_96' title="bbox 2267 3576 3861 3664">
     <span class='ocr_line' id='line_1_96' title="bbox 2267 3576 3861 3664; baseline -0.01 -22"><span class='ocrx_word' id='word_1_671' title='bbox 2267 3585 2525 3642; x_wconf 85' lang='grc' dir='ltr'>δάκτυλοι</span> <span class='ocrx_word' id='word_1_672' title='bbox 2574 3587 2797 3664; x_wconf 77' lang='grc' dir='ltr'>γράφειν</span> <span class='ocrx_word' id='word_1_673' title='bbox 2845 3583 2969 3658; x_wconf 63' lang='grc' dir='ltr'>ἐμοὶ</span> <span class='ocrx_word' id='word_1_674' title='bbox 3023 3581 3374 3659; x_wconf 60' lang='grc' dir='ltr'>εὐχαριστίαν</span> <span class='ocrx_word' id='word_1_675' title='bbox 3413 3613 3482 3626; x_wconf 89' lang='lat'><strong>--</strong></span> <span class='ocrx_word' id='word_1_676' title='bbox 3528 3581 3579 3635; x_wconf 76' lang='grc' dir='ltr'>οἱ</span> <span class='ocrx_word' id='word_1_677' title='bbox 3629 3576 3681 3633; x_wconf 75' lang='grc' dir='ltr'><strong>δὶ</strong></span> <span class='ocrx_word' id='word_1_678' title='bbox 3734 3592 3861 3630; x_wconf 80' lang='grc' dir='ltr'>κατα-</span> 
     </span>
    </p>
   </div>
   <div class='ocr_carea' id='block_1_97' title="bbox 2265 3677 2550 3753">
    <p class='ocr_par' dir='ltr' id='par_1_97' title="bbox 2265 3677 2550 3753">
     <span class='ocr_line' id='line_1_97' title="bbox 2265 3677 2550 3753; baseline 0.004 -23"><span class='ocrx_word' id='word_1_679' title='bbox 2265 3677 2550 3753; x_wconf 79' lang='grc' dir='ltr'>γράφουσι.</span> 
     </span>
    </p>
   </div>
   <div class='ocr_carea' id='block_1_98' title="bbox 2342 3771 3858 3854">
    <p class='ocr_par' dir='ltr' id='par_1_98' title="bbox 2342 3771 3858 3854">
     <span class='ocr_line' id='line_1_98' title="bbox 2342 3771 3858 3854; baseline -0.011 -17"><span class='ocrx_word' id='word_1_680' title='bbox 2342 3783 2402 3852; x_wconf 84' lang='grc' dir='ltr'><strong>ζ’.</strong></span> <span class='ocrx_word' id='word_1_681' title='bbox 2437 3786 2548 3836; x_wconf 90' lang='grc' dir='ltr'>Ποῦ</span> <span class='ocrx_word' id='word_1_682' title='bbox 2607 3778 2674 3850; x_wconf 77' lang='grc' dir='ltr'>δὴ</span> <span class='ocrx_word' id='word_1_683' title='bbox 2753 3779 2877 3853; x_wconf 76' lang='grc' dir='ltr'>ἐμοὶ</span> <span class='ocrx_word' id='word_1_684' title='bbox 2951 3779 3276 3854; x_wconf 86' lang='grc' dir='ltr'>μακαριστὸν</span> <span class='ocrx_word' id='word_1_685' title='bbox 3357 3776 3502 3832; x_wconf 70' lang='grc' dir='ltr'>ἔσται</span> <span class='ocrx_word' id='word_1_686' title='bbox 3569 3771 3858 3849; x_wconf 81' lang='grc' dir='ltr'>μνημόσυνον</span> 
     </span>
    </p>
   </div>
   <div class='ocr_carea' id='block_1_99' title="bbox 2267 3857 3863 3946">
    <p class='ocr_par' dir='ltr' id='par_1_99' title="bbox 2267 3857 3863 3946">
     <span class='ocr_line' id='line_1_99' title="bbox 2267 3857 3863 3946; baseline -0.009 -21"><span class='ocrx_word' id='word_1_687' title='bbox 2267 3871 2401 3926; x_wconf 84' lang='grc' dir='ltr'>κατά</span> <span class='ocrx_word' id='word_1_688' title='bbox 2430 3891 2493 3945; x_wconf 83' lang='grc' dir='ltr'><strong>γε</strong></span> <span class='ocrx_word' id='word_1_689' title='bbox 2519 3873 2645 3931; x_wconf 78' lang='grc' dir='ltr'>τοὺς</span> <span class='ocrx_word' id='word_1_690' title='bbox 2693 3869 2798 3946; x_wconf 87' lang='grc' dir='ltr'><strong>πρὸ</strong></span> <span class='ocrx_word' id='word_1_691' title='bbox 2845 3867 3002 3942; x_wconf 66' lang='grc' dir='ltr'>ἐμοῦ,</span> <span class='ocrx_word' id='word_1_692' title='bbox 3036 3869 3108 3922; x_wconf 84' lang='grc' dir='ltr'>ὧν</span> <span class='ocrx_word' id='word_1_693' title='bbox 3143 3864 3368 3922; x_wconf 68' lang='grc' dir='ltr'>ἕκαστον</span> <span class='ocrx_word' id='word_1_694' title='bbox 3429 3865 3586 3920; x_wconf 78' lang='grc' dir='ltr'>αὐτὸν</span> <span class='ocrx_word' id='word_1_695' title='bbox 3631 3857 3863 3946; x_wconf 72' lang='grc' dir='ltr'>ὑπερπαίω</span> 
     </span>
    </p>
   </div>
   <div class='ocr_carea' id='block_1_100' title="bbox 2265 3944 3864 4034">
    <p class='ocr_par' dir='ltr' id='par_1_100' title="bbox 2265 3944 3864 4034">
     <span class='ocr_line' id='line_1_100' title="bbox 2265 3944 3864 4034; baseline -0.01 -19"><span class='ocrx_word' id='word_1_696' title='bbox 2265 3963 2334 4033; x_wconf 79' lang='grc' dir='ltr'><strong>τῇ</strong></span> <span class='ocrx_word' id='word_1_697' title='bbox 2362 3944 2587 4032; x_wconf 73' lang='grc' dir='ltr'>τοιαύτῃ</span> <span class='ocrx_word' id='word_1_698' title='bbox 2631 3944 2816 4034; x_wconf 81' lang='grc' dir='ltr'>χάριτι</span> <span class='ocrx_word' id='word_1_699' title='bbox 2843 3975 2857 4027; x_wconf 86' lang='grc'>;</span> <span class='ocrx_word' id='word_1_700' title='bbox 2888 3954 3066 4026; x_wconf 72' lang='grc' dir='ltr'>Οἶδεν,</span> <span class='ocrx_word' id='word_1_701' title='bbox 3118 3955 3150 4010; x_wconf 77' lang='grc' dir='ltr'>ἃ</span> <span class='ocrx_word' id='word_1_702' title='bbox 3200 3953 3366 4029; x_wconf 70' lang='grc' dir='ltr'>λέγω,</span> <span class='ocrx_word' id='word_1_703' title='bbox 3510 3951 3634 4028; x_wconf 76' lang='grc' dir='ltr'>ῥόγα</span> <span class='ocrx_word' id='word_1_704' title='bbox 3680 3952 3712 4018; x_wconf 78' lang='grc' dir='ltr'>ἡ</span> <span class='ocrx_word' id='word_1_705' title='bbox 3760 3944 3864 4000; x_wconf 82' lang='grc' dir='ltr'><strong>κατά</strong></span> 
     </span>
    </p>
   </div>
   <div class='ocr_carea' id='block_1_101' title="bbox 2265 4034 3864 4121">
    <p class='ocr_par' dir='ltr' id='par_1_101' title="bbox 2265 4034 3864 4121">
     <span class='ocr_line' id='line_1_101' title="bbox 2265 4034 3864 4121; baseline -0.008 -17"><span class='ocrx_word' id='word_1_706' title='bbox 2265 4049 2366 4117; x_wconf 71' lang='grc' dir='ltr'>τὴν</span> <span class='ocrx_word' id='word_1_707' title='bbox 2424 4048 2629 4121; x_wconf 79' lang='grc' dir='ltr'>ὕψωσιν</span> <span class='ocrx_word' id='word_1_708' title='bbox 2681 4051 2777 4102; x_wconf 89' lang='grc' dir='ltr'><strong>τοῦ</strong></span> <span class='ocrx_word' id='word_1_709' title='bbox 2829 4045 3164 4119; x_wconf 83' lang='grc' dir='ltr'>τιμιωτάτου</span> <span class='ocrx_word' id='word_1_710' title='bbox 3218 4047 3476 4119; x_wconf 86' lang='grc' dir='ltr'>σταυροῦ,</span> <span class='ocrx_word' id='word_1_711' title='bbox 3523 4041 3605 4095; x_wconf 80' lang='grc' dir='ltr'><strong>ναὶ</strong></span> <span class='ocrx_word' id='word_1_712' title='bbox 3655 4035 3708 4093; x_wconf 66' lang='grc' dir='ltr'><strong>δὲ</strong></span> <span class='ocrx_word' id='word_1_713' title='bbox 3730 4034 3864 4121; x_wconf 43' lang='grc' dir='ltr'>καὶνῆ</span> 
     </span>
    </p>
   </div>
   <div class='ocr_carea' id='block_1_102' title="bbox 2268 4120 3864 4210">
    <p class='ocr_par' dir='ltr' id='par_1_102' title="bbox 2268 4120 3864 4210">
     <span class='ocr_line' id='line_1_102' title="bbox 2268 4120 3864 4210; baseline -0.009 -19"><span class='ocrx_word' id='word_1_714' title='bbox 2268 4144 2369 4206; x_wconf 81' lang='grc' dir='ltr'><strong>τῆς</strong></span> <span class='ocrx_word' id='word_1_715' title='bbox 2429 4120 2676 4210; x_wconf 83' lang='grc' dir='ltr'>μεγάλης</span> <span class='ocrx_word' id='word_1_716' title='bbox 2732 4133 3002 4208; x_wconf 73' lang='grc' dir='ltr'>δευτέρας.</span> <span class='ocrx_word' id='word_1_717' title='bbox 3038 4134 3113 4188; x_wconf 80' lang='grc' dir='ltr'>Οὐ</span> <span class='ocrx_word' id='word_1_718' title='bbox 3177 4133 3284 4206; x_wconf 71' lang='grc' dir='ltr'>μὴν</span> <span class='ocrx_word' id='word_1_719' title='bbox 3320 4129 3473 4199; x_wconf 88' lang='grc' dir='ltr'>ἀλλ’,</span> <span class='ocrx_word' id='word_1_720' title='bbox 3505 4130 3550 4184; x_wconf 74' lang='grc' dir='ltr'>εἰ</span> <span class='ocrx_word' id='word_1_721' title='bbox 3599 4127 3681 4182; x_wconf 77' lang='grc' dir='ltr'>καὶ</span> <span class='ocrx_word' id='word_1_722' title='bbox 3728 4123 3784 4179; x_wconf 74' lang='grc' dir='ltr'>τὰ</span> <span class='ocrx_word' id='word_1_723' title='bbox 3826 4120 3864 4190; x_wconf 68' lang='grc' dir='ltr'><strong>ἐξ</strong></span> 
     </span>
    </p>
   </div>
   <div class='ocr_carea' id='block_1_103' title="bbox 2273 4209 3865 4312">
    <p class='ocr_par' dir='ltr' id='par_1_103' title="bbox 2273 4209 3865 4312">
     <span class='ocr_line' id='line_1_103' title="bbox 2273 4209 3865 4312; baseline -0.008 -32"><span class='ocrx_word' id='word_1_724' title='bbox 2273 4209 2570 4302; x_wconf 85' lang='grc' dir='ltr'>ἀνθρώπων</span> <span class='ocrx_word' id='word_1_725' title='bbox 2605 4226 2741 4296; x_wconf 79' lang='grc' dir='ltr'>ἡμῖν</span> <span class='ocrx_word' id='word_1_726' title='bbox 2771 4224 3129 4312; x_wconf 62' lang='grc' dir='ltr'>ἀπέγνωσται,</span> <span class='ocrx_word' id='word_1_727' title='bbox 3159 4220 3310 4312; x_wconf 67' lang='grc' dir='ltr'>ἀλλᾶ</span> <span class='ocrx_word' id='word_1_728' title='bbox 3341 4220 3426 4292; x_wconf 82' lang='grc' dir='ltr'><strong>σὺ,</strong></span> <span class='ocrx_word' id='word_1_729' title='bbox 3461 4221 3505 4274; x_wconf 84' lang='grc' dir='ltr'>ὧ</span> <span class='ocrx_word' id='word_1_730' title='bbox 3565 4221 3732 4312; x_wconf 66' lang='grc' dir='ltr'>Σιῦτερ</span> <span class='ocrx_word' id='word_1_731' title='bbox 3777 4209 3865 4312; x_wconf 50' lang='lat' dir='ltr'><strong>Ott:</strong></span> 
     </span>
    </p>
   </div>
   <div class='ocr_carea' id='block_1_104' title="bbox 2273 4305 3863 4390">
    <p class='ocr_par' dir='ltr' id='par_1_104' title="bbox 2273 4305 3863 4390">
     <span class='ocr_line' id='line_1_104' title="bbox 2273 4305 3863 4390; baseline -0.022 -2"><span class='ocrx_word' id='word_1_732' title='bbox 2273 4311 2428 4390; x_wconf 80' lang='grc' dir='ltr'>δρίης</span> <span class='ocrx_word' id='word_1_733' title='bbox 2483 4316 2640 4386; x_wconf 73' lang='grc' dir='ltr'>ἡμῖν,</span> <span class='ocrx_word' id='word_1_734' title='bbox 2695 4313 2810 4368; x_wconf 79' lang='grc' dir='ltr'><strong>καθ’</strong></span> <span class='ocrx_word' id='word_1_735' title='bbox 2852 4314 2917 4381; x_wconf 80' lang='grc' dir='ltr'>ἣν</span> <span class='ocrx_word' id='word_1_736' title='bbox 2974 4305 3407 4386; x_wconf 72' lang='grc' dir='ltr'>προϐεϐλήμεθα</span> <span class='ocrx_word' id='word_1_737' title='bbox 3463 4305 3863 4382; x_wconf 84' lang='grc' dir='ltr'>προαίρεσιν·καί</span> 
     </span>
    </p>
   </div>
   <div class='ocr_carea' id='block_1_105' title="bbox 2271 4391 3864 4479">
    <p class='ocr_par' dir='ltr' id='par_1_105' title="bbox 2271 4391 3864 4479">
     <span class='ocr_line' id='line_1_105' title="bbox 2271 4391 3864 4479; baseline -0.01 -21"><span class='ocrx_word' id='word_1_738' title='bbox 2271 4401 2483 4479; x_wconf 75' lang='grc' dir='ltr'>ἀρκέσει</span> <span class='ocrx_word' id='word_1_739' title='bbox 2537 4402 2686 4457; x_wconf 83' lang='grc' dir='ltr'>τοῦθ’</span> <span class='ocrx_word' id='word_1_740' title='bbox 2743 4403 2878 4474; x_wconf 79' lang='grc' dir='ltr'>ἡμῖν</span> <span class='ocrx_word' id='word_1_741' title='bbox 2938 4401 3052 4455; x_wconf 84' lang='grc' dir='ltr'>ἀντὶ</span> <span class='ocrx_word' id='word_1_742' title='bbox 3107 4401 3476 4474; x_wconf 85' lang='grc' dir='ltr'>μακαρισμοῦ.</span> <span class='ocrx_word' id='word_1_743' title='bbox 3521 4391 3864 4479; x_wconf 76' lang='grc' dir='ltr'>Ἑπιμάρτυραι</span> 
     </span>
    </p>
   </div>
   <div class='ocr_carea' id='block_1_106' title="bbox 2271 4476 3866 4566">
    <p class='ocr_par' dir='ltr' id='par_1_106' title="bbox 2271 4476 3866 4566">
     <span class='ocr_line' id='line_1_106' title="bbox 2271 4476 3866 4566; baseline -0.011 -19"><span class='ocrx_word' id='word_1_744' title='bbox 2271 4476 2408 4566; x_wconf 71' lang='grc' dir='ltr'>ἡμῖν</span> <span class='ocrx_word' id='word_1_745' title='bbox 2431 4492 2520 4546; x_wconf 86' lang='grc' dir='ltr'><strong>καὶ</strong></span> <span class='ocrx_word' id='word_1_746' title='bbox 2550 4493 2586 4560; x_wconf 81' lang='grc' dir='ltr'>ἡ</span> <span class='ocrx_word' id='word_1_747' title='bbox 2627 4492 2886 4564; x_wconf 85' lang='grc' dir='ltr'>σήμερον,</span> <span class='ocrx_word' id='word_1_748' title='bbox 2917 4488 3289 4562; x_wconf 74' lang='grc' dir='ltr'>καταρξαμένη</span> <span class='ocrx_word' id='word_1_749' title='bbox 3323 4494 3424 4557; x_wconf 79' lang='grc' dir='ltr'><strong>τῆς</strong></span> <span class='ocrx_word' id='word_1_750' title='bbox 3452 4490 3548 4542; x_wconf 89' lang='grc' dir='ltr'><strong>τοῦ</strong></span> <span class='ocrx_word' id='word_1_751' title='bbox 3590 4476 3866 4538; x_wconf 70' lang='grc' dir='ltr'>ἐνιαυσιαίου</span> 
     </span>
    </p>
   </div>
   <div class='ocr_carea' id='block_1_107' title="bbox 2271 4574 3864 4659">
    <p class='ocr_par' dir='ltr' id='par_1_107' title="bbox 2271 4574 3864 4659">
     <span class='ocr_line' id='line_1_107' title="bbox 2271 4574 3864 4659; baseline -0.011 -21"><span class='ocrx_word' id='word_1_752' title='bbox 2271 4582 2533 4659; x_wconf 78' lang='grc' dir='ltr'>στεφάνου</span> <span class='ocrx_word' id='word_1_753' title='bbox 2589 4579 2898 4657; x_wconf 88' lang='grc' dir='ltr'>γυρώσεως,</span> <span class='ocrx_word' id='word_1_754' title='bbox 2951 4578 3003 4634; x_wconf 90' lang='grc' dir='ltr'><strong>τί</strong></span> <span class='ocrx_word' id='word_1_755' title='bbox 3057 4577 3446 4649; x_wconf 83' lang='grc' dir='ltr'>τετυπώκαμεν</span> <span class='ocrx_word' id='word_1_756' title='bbox 3505 4574 3554 4659; x_wconf 72' lang='grc' dir='ltr'>ἐν</span> <span class='ocrx_word' id='word_1_757' title='bbox 3610 4576 3684 4643; x_wconf 79' lang='grc' dir='ltr'><strong>τῷ</strong></span> <span class='ocrx_word' id='word_1_758' title='bbox 3744 4585 3864 4659; x_wconf 57' lang='grc' dir='ltr'>περι-</span> 
     </span>
    </p>
   </div>
   <div class='ocr_carea' id='block_1_108' title="bbox 2268 4657 3864 4758">
    <p class='ocr_par' dir='ltr' id='par_1_108' title="bbox 2268 4657 3864 4758">
     <span class='ocr_line' id='line_1_108' title="bbox 2268 4657 3864 4758; baseline -0.009 -32"><span class='ocrx_word' id='word_1_759' title='bbox 2268 4657 2455 4743; x_wconf 79' lang='grc' dir='ltr'>κλύτῳ</span> <span class='ocrx_word' id='word_1_760' title='bbox 2519 4673 2615 4724; x_wconf 92' lang='grc' dir='ltr'><strong>τοῦ</strong></span> <span class='ocrx_word' id='word_1_761' title='bbox 2688 4670 2960 4743; x_wconf 72' lang='grc' dir='ltr'>ἡμετέρου</span> <span class='ocrx_word' id='word_1_762' title='bbox 3013 4667 3320 4741; x_wconf 86' lang='grc' dir='ltr'>ἁγιωτάτου</span> <span class='ocrx_word' id='word_1_763' title='bbox 3383 4657 3718 4758; x_wconf 74' lang='grc' dir='ltr'>μυροϐλῦτου</span> <span class='ocrx_word' id='word_1_764' title='bbox 3756 4657 3864 4758; x_wconf 39' lang='lat' dir='ltr'><strong>fuit:</strong></span> 
     </span>
    </p>
   </div>
   <div class='ocr_carea' id='block_1_109' title="bbox 2264 4743 3866 4845">
    <p class='ocr_par' dir='ltr' id='par_1_109' title="bbox 2264 4743 3866 4845">
     <span class='ocr_line' id='line_1_109' title="bbox 2264 4743 3866 4845; baseline -0.011 -32"><span class='ocrx_word' id='word_1_765' title='bbox 2264 4758 2357 4814; x_wconf 70' lang='grc' dir='ltr'>’ἱνα</span> <span class='ocrx_word' id='word_1_766' title='bbox 2386 4759 2802 4836; x_wconf 82' lang='grc' dir='ltr'>συναναφωνήσῃ</span> <span class='ocrx_word' id='word_1_767' title='bbox 2853 4759 3168 4832; x_wconf 87' lang='grc' dir='ltr'>μαρτυρικῷ</span> <span class='ocrx_word' id='word_1_768' title='bbox 3220 4752 3373 4845; x_wconf 85' lang='grc' dir='ltr'>λόγῳ</span> <span class='ocrx_word' id='word_1_769' title='bbox 3421 4751 3509 4807; x_wconf 77' lang='grc' dir='ltr'>καὶ</span> <span class='ocrx_word' id='word_1_770' title='bbox 3562 4743 3777 4845; x_wconf 44' lang='grc' dir='ltr'>ήῌκατὲ</span> <span class='ocrx_word' id='word_1_771' title='bbox 3817 4743 3866 4845; x_wconf 50' lang='grc' dir='ltr'><strong>τό</strong></span> 
     </span>
    </p>
   </div>
   <div class='ocr_carea' id='block_1_110' title="bbox 2273 4837 3866 4924">
    <p class='ocr_par' dir='ltr' id='par_1_110' title="bbox 2273 4837 3866 4924">
     <span class='ocr_line' id='line_1_110' title="bbox 2273 4837 3866 4924; baseline -0.01 -21"><span class='ocrx_word' id='word_1_772' title='bbox 2273 4847 2367 4924; x_wconf 71' lang='grc' dir='ltr'>ἔαρ</span> <span class='ocrx_word' id='word_1_773' title='bbox 2435 4845 2730 4917; x_wconf 79' lang='grc' dir='ltr'>ὑπάνοιξις,</span> <span class='ocrx_word' id='word_1_774' title='bbox 2781 4848 2817 4916; x_wconf 80' lang='grc' dir='ltr'>ἡ</span> <span class='ocrx_word' id='word_1_775' title='bbox 2875 4845 3012 4900; x_wconf 83' lang='grc' dir='ltr'>κατᾶ</span> <span class='ocrx_word' id='word_1_776' title='bbox 3065 4845 3156 4898; x_wconf 87' lang='grc' dir='ltr'><strong>τὸν</strong></span> <span class='ocrx_word' id='word_1_777' title='bbox 3222 4843 3488 4918; x_wconf 88' lang='grc' dir='ltr'>Μάρτιον,</span> <span class='ocrx_word' id='word_1_778' title='bbox 3535 4839 3647 4894; x_wconf 84' lang='grc' dir='ltr'>καθ’</span> <span class='ocrx_word' id='word_1_779' title='bbox 3699 4837 3752 4903; x_wconf 83' lang='grc' dir='ltr'>ἢν</span> <span class='ocrx_word' id='word_1_780' title='bbox 3799 4837 3866 4924; x_wconf 51' lang='grc' dir='ltr'>καὶ</span> 
     </span>
    </p>
   </div>
   <div class='ocr_carea' id='block_1_111' title="bbox 2273 4917 3868 5010">
    <p class='ocr_par' dir='ltr' id='par_1_111' title="bbox 2273 4917 3868 5010">
     <span class='ocr_line' id='line_1_111' title="bbox 2273 4917 3868 5010; baseline -0.011 -20"><span class='ocrx_word' id='word_1_781' title='bbox 2273 4917 2438 5004; x_wconf 70' lang='grc' dir='ltr'>αὐτὴν</span> <span class='ocrx_word' id='word_1_782' title='bbox 2483 4935 2545 4989; x_wconf 89' lang='grc' dir='ltr'>τὸ</span> <span class='ocrx_word' id='word_1_783' title='bbox 2589 4933 2720 4990; x_wconf 79' lang='grc' dir='ltr'>αὐτὸ</span> <span class='ocrx_word' id='word_1_784' title='bbox 2785 4935 3045 5010; x_wconf 87' lang='grc' dir='ltr'>χάραγμα</span> <span class='ocrx_word' id='word_1_785' title='bbox 3099 4931 3265 4988; x_wconf 76' lang='grc' dir='ltr'>τυπὶν</span> <span class='ocrx_word' id='word_1_786' title='bbox 3311 4917 3423 4985; x_wconf 76' lang='grc' dir='ltr'>οἷον</span> <span class='ocrx_word' id='word_1_787' title='bbox 3484 4929 3569 5007; x_wconf 77' lang='grc' dir='ltr'><strong>ὑφ’</strong></span> <span class='ocrx_word' id='word_1_788' title='bbox 3615 4929 3758 4998; x_wconf 77' lang='grc' dir='ltr'>ἡμῶν</span> <span class='ocrx_word' id='word_1_789' title='bbox 3805 4917 3868 5010; x_wconf 80' lang='grc' dir='ltr'>δί-</span> 
     </span>
    </p>
   </div>
   <div class='ocr_carea' id='block_1_112' title="bbox 2275 5009 3871 5091">
    <p class='ocr_par' dir='ltr' id='par_1_112' title="bbox 2275 5009 3871 5091">
     <span class='ocr_line' id='line_1_112' title="bbox 2275 5009 3871 5091; baseline -0.011 -11"><span class='ocrx_word' id='word_1_790' title='bbox 2275 5021 2448 5080; x_wconf 87' lang='grc' dir='ltr'>δοται.</span> <span class='ocrx_word' id='word_1_791' title='bbox 2500 5028 2632 5079; x_wconf 84' lang='grc' dir='ltr'>Θεοῦ</span> <span class='ocrx_word' id='word_1_792' title='bbox 2671 5022 2759 5078; x_wconf 82' lang='grc' dir='ltr'><strong>καὶ</strong></span> <span class='ocrx_word' id='word_1_793' title='bbox 2807 5027 2989 5091; x_wconf 89' lang='grc' dir='ltr'>τοῦτο,</span> <span class='ocrx_word' id='word_1_794' title='bbox 3021 5023 3109 5077; x_wconf 84' lang='grc' dir='ltr'><strong>καὶ</strong></span> <span class='ocrx_word' id='word_1_795' title='bbox 3157 5024 3256 5075; x_wconf 89' lang='grc' dir='ltr'><strong>τοῦ</strong></span> <span class='ocrx_word' id='word_1_796' title='bbox 3293 5019 3459 5074; x_wconf 79' lang='grc' dir='ltr'>αὐτοῦ</span> <span class='ocrx_word' id='word_1_797' title='bbox 3511 5019 3601 5091; x_wconf 73' lang='grc' dir='ltr'>μὲν</span> <span class='ocrx_word' id='word_1_798' title='bbox 3659 5009 3871 5087; x_wconf 75' lang='grc' dir='ltr'>θεραπεύ-</span> 
     </span>
    </p>
   </div>
   <div class='ocr_carea' id='block_1_113' title="bbox 2275 5093 3868 5190">
    <p class='ocr_par' dir='ltr' id='par_1_113' title="bbox 2275 5093 3868 5190">
     <span class='ocr_line' id='line_1_113' title="bbox 2275 5093 3868 5190; baseline -0.008 -22"><span class='ocrx_word' id='word_1_799' title='bbox 2275 5135 2430 5174; x_wconf 88' lang='grc' dir='ltr'>οντος</span> <span class='ocrx_word' id='word_1_800' title='bbox 2475 5110 2985 5190; x_wconf 86' lang='grc' dir='ltr'>μεγαλομάρτυρος,</span> <span class='ocrx_word' id='word_1_801' title='bbox 3034 5113 3182 5184; x_wconf 79' lang='grc' dir='ltr'>ἡμᾶς</span> <span class='ocrx_word' id='word_1_802' title='bbox 3234 5107 3293 5164; x_wconf 77' lang='grc' dir='ltr'><strong>δὶ</strong></span> <span class='ocrx_word' id='word_1_803' title='bbox 3345 5107 3438 5164; x_wconf 81' lang='grc' dir='ltr'><strong>καὶ</strong></span> <span class='ocrx_word' id='word_1_804' title='bbox 3495 5108 3753 5183; x_wconf 82' lang='grc' dir='ltr'>ὑγιοῦντος</span> <span class='ocrx_word' id='word_1_805' title='bbox 3800 5093 3868 5151; x_wconf 66' lang='grc' dir='ltr'><strong>διαἱ</strong></span> 
     </span>
    </p>
   </div>
   <div class='ocr_carea' id='block_1_114' title="bbox 2278 5202 2613 5278">
    <p class='ocr_par' dir='ltr' id='par_1_114' title="bbox 2278 5202 2613 5278">
     <span class='ocr_line' id='line_1_114' title="bbox 2278 5202 2613 5278; baseline 0.003 -21"><span class='ocrx_word' id='word_1_806' title='bbox 2278 5202 2613 5278; x_wconf 82' lang='grc' dir='ltr'>ἁγιάζοντος.</span> 
     </span>
    </p>
   </div>
   <div class='ocr_carea' id='block_1_115' title="bbox 2344 5273 3868 5366">
    <p class='ocr_par' dir='ltr' id='par_1_115' title="bbox 2344 5273 3868 5366">
     <span class='ocr_line' id='line_1_115' title="bbox 2344 5273 3868 5366; baseline -0.01 -17"><span class='ocrx_word' id='word_1_807' title='bbox 2344 5292 2418 5362; x_wconf 83' lang='grc' dir='ltr'><strong>η’.</strong></span> <span class='ocrx_word' id='word_1_808' title='bbox 2448 5296 2512 5346; x_wconf 76' lang='grc' dir='ltr'><em>Ὠ</em></span> <span class='ocrx_word' id='word_1_809' title='bbox 2560 5290 2739 5366; x_wconf 71' lang='grc' dir='ltr'>ἑορταὶ</span> <span class='ocrx_word' id='word_1_810' title='bbox 2780 5290 2970 5346; x_wconf 86' lang='grc' dir='ltr'>λοιπαὶ</span> <span class='ocrx_word' id='word_1_811' title='bbox 3037 5285 3316 5366; x_wconf 81' lang='grc' dir='ltr'>ἀρίζηλοι,</span> <span class='ocrx_word' id='word_1_812' title='bbox 3365 5284 3418 5340; x_wconf 77' lang='grc' dir='ltr'>ἐν</span> <span class='ocrx_word' id='word_1_813' title='bbox 3475 5287 3562 5346; x_wconf 79' lang='grc' dir='ltr'>αἷς</span> <span class='ocrx_word' id='word_1_814' title='bbox 3609 5273 3868 5366; x_wconf 65' lang='grc' dir='ltr'>κερματίων</span> 
     </span>
    </p>
   </div>
   <div class='ocr_carea' id='block_1_116' title="bbox 2277 5364 3869 5457">
    <p class='ocr_par' dir='ltr' id='par_1_116' title="bbox 2277 5364 3869 5457">
     <span class='ocr_line' id='line_1_116' title="bbox 2277 5364 3869 5457; baseline -0.006 -21"><span class='ocrx_word' id='word_1_815' title='bbox 2277 5364 2694 5455; x_wconf 83' lang='grc' dir='ltr'>εὑπεριλήπτων</span> <span class='ocrx_word' id='word_1_816' title='bbox 2777 5364 3320 5457; x_wconf 76' lang='grc' dir='ltr'>παραῤῥιπτομένων,</span> <span class='ocrx_word' id='word_1_817' title='bbox 3386 5374 3476 5430; x_wconf 86' lang='grc' dir='ltr'><strong>καί</strong></span> <span class='ocrx_word' id='word_1_818' title='bbox 3559 5393 3658 5427; x_wconf 85' lang='grc' dir='ltr'><strong>που</strong></span> <span class='ocrx_word' id='word_1_819' title='bbox 3733 5364 3869 5457; x_wconf 58' lang='grc' dir='ltr'>δράξω</span> 
     </span>
    </p>
   </div>
   <div class='ocr_carea' id='block_1_117' title="bbox 2279 5450 3868 5545">
    <p class='ocr_par' dir='ltr' id='par_1_117' title="bbox 2279 5450 3868 5545">
     <span class='ocr_line' id='line_1_117' title="bbox 2279 5450 3868 5545; baseline -0.011 -19"><span class='ocrx_word' id='word_1_820' title='bbox 2279 5450 2451 5544; x_wconf 83' lang='grc' dir='ltr'>μόνην</span> <span class='ocrx_word' id='word_1_821' title='bbox 2508 5450 2890 5545; x_wconf 72' lang='grc' dir='ltr'>πληροόντων,</span> <span class='ocrx_word' id='word_1_822' title='bbox 2926 5450 3136 5542; x_wconf 12' lang='grc' dir='ltr'>’ἦμεῖςν</span> <span class='ocrx_word' id='word_1_823' title='bbox 3185 5462 3562 5537; x_wconf 78' lang='grc' dir='ltr'>ὲπληθύναμεν</span> <span class='ocrx_word' id='word_1_824' title='bbox 3623 5457 3764 5545; x_wconf 72' lang='grc' dir='ltr'>αὐτὰ,</span> <span class='ocrx_word' id='word_1_825' title='bbox 3808 5450 3868 5509; x_wconf 71' lang='grc' dir='ltr'><strong>ὦ(</strong></span> 
     </span>
    </p>
   </div>
   <div class='ocr_carea' id='block_1_118' title="bbox 2273 5542 3867 5636">
    <p class='ocr_par' dir='ltr' id='par_1_118' title="bbox 2273 5542 3867 5636">
     <span class='ocr_line' id='line_1_118' title="bbox 2273 5542 3867 5636; baseline -0.006 -22"><span class='ocrx_word' id='word_1_826' title='bbox 2273 5542 2523 5636; x_wconf 82' lang='grc' dir='ltr'>πληροῦν</span> <span class='ocrx_word' id='word_1_827' title='bbox 2551 5542 2740 5636; x_wconf 69' lang='grc' dir='ltr'>χνῒρας</span> <span class='ocrx_word' id='word_1_828' title='bbox 2771 5558 2860 5614; x_wconf 84' lang='grc' dir='ltr'><strong>καὶ</strong></span> <span class='ocrx_word' id='word_1_829' title='bbox 2897 5558 3029 5632; x_wconf 71' lang='grc' dir='ltr'>ὑπὲρ</span> <span class='ocrx_word' id='word_1_830' title='bbox 3056 5557 3155 5626; x_wconf 79' lang='grc' dir='ltr'>τὴν</span> <span class='ocrx_word' id='word_1_831' title='bbox 3183 5558 3282 5610; x_wconf 84' lang='grc' dir='ltr'><strong>τοῦ</strong></span> <span class='ocrx_word' id='word_1_832' title='bbox 3326 5549 3615 5626; x_wconf 82' lang='grc' dir='ltr'>ψαλμικῶς</span> <span class='ocrx_word' id='word_1_833' title='bbox 3666 5542 3867 5636; x_wconf 62' lang='grc' dir='ltr'>θερίζον-</span> 
     </span>
    </p>
   </div>
   <div class='ocr_carea' id='block_1_119' title="bbox 2273 5629 3868 5726">
    <p class='ocr_par' dir='ltr' id='par_1_119' title="bbox 2273 5629 3868 5726">
     <span class='ocr_line' id='line_1_119' title="bbox 2273 5629 3868 5726; baseline -0.015 -13"><span class='ocrx_word' id='word_1_834' title='bbox 2273 5629 2407 5712; x_wconf 39' lang='grc' dir='ltr'>τοςί</span> <span class='ocrx_word' id='word_1_835' title='bbox 2445 5647 2510 5705; x_wconf 78' lang='grc' dir='ltr'>Τί</span> <span class='ocrx_word' id='word_1_836' title='bbox 2555 5629 2666 5722; x_wconf 34' lang='grc' dir='ltr'>-μοι</span> <span class='ocrx_word' id='word_1_837' title='bbox 2725 5647 2906 5726; x_wconf 66' lang='grc' dir='ltr'>λέγειν</span> <span class='ocrx_word' id='word_1_838' title='bbox 2965 5629 3294 5722; x_wconf 62' lang='grc' dir='ltr'>ἀδροισμοὺς</span> <span class='ocrx_word' id='word_1_839' title='bbox 3362 5641 3455 5698; x_wconf 84' lang='grc' dir='ltr'><strong>καὶ</strong></span> <span class='ocrx_word' id='word_1_840' title='bbox 3523 5629 3868 5694; x_wconf 76' lang='grc' dir='ltr'>συναναχλίσικ</span> 
     </span>
    </p>
   </div>
  </div>
