4028 6202
213 364 306 421 5ιό

1129 349 1426 411 ORATIO
1474 350 1688 410 ANNO
1729 347 2234 412 AUSPICANDO
2277 350 2595 413 HABITA.

3445 363 3559 423 546

211 484 545 561 πνευματικὰς,
602 479 651 536 εἴ
701 478 788 535 καὶ
854 480 930 553 μὴ
992 478 1046 534 ἐν
1107 478 1418 555 ἀναγκαίοις
1453 525 1468 552 ,
1529 476 1654 534 ἀλλ’
1708 475 1799 532 οῦν

1938 480 1988 536 le
2020 481 2404 538 conventibus
2434 487 2493 538 et
2524 483 2801 541 conviviis
2859 486 3291 559 spiritualibus,
3323 490 3393 546 de
3423 508 3558 547 con-

211 576 433 658 χαμόθεν,
463 571 588 626 δωοι
619 571 880 646 παρήκοι,
911 569 1002 622 καὶ
1035 564 1241 629 ἄλλους
1272 565 1329 621 δὲ
1349 566 1800 658 ..ἐπιτραπεζίουῆ

212 654 354 723 δι’ὦν
401 660 606 717 ἐδόκουν
657 659 684 712 ὁ
745 659 972 730 μάταιος
1015 662 1238 720 κτᾶσθαι
1300 655 1512 733 φίλους,
1568 655 1628 710 ού
1675 654 1802 718 τοὺς

211 757 258 814 ἐκ
303 757 386 809 τοῦ
434 750 636 819 πίνειν,
695 745 822 801 ἀλλ’
880 745 1103 807 ὁποίους
1157 746 1225 799 τὰ
1280 744 1416 799 κατὰ
1471 749 1689 817 Πνεῦμα
1743 744 1805 798 τὸ

211 852 324 912 θεῖον
376 836 687 895 ἀποτελοῦσι
746 836 1031 904 συσσίτια;
1092 836 1199 888 Ἐὦ
1239 835 1306 888 τὰ
1366 831 1677 904 λοιπὰ,⁹ίνα
1728 835 1802 906 μή

207 957 272 997 τις
318 926 623 1002 ὁύολιμαῖος
681 925 907 999 νομίσας
958 925 1153 980 ἐκεῖνα.
1216 922 1638 1001 καταψηφιεῖταί
1697 944 1806 996 μου

208 1020 620 1099 σμικροπρέπειαν
670 1014 760 1070 καὶ
791 1013 1026 1087 κυμίνου
1081 1012 1264 1088 πρίσιν
1315 1012 1404 1067 καὶ
1464 1012 1528 1067 τὸ
1586 1009 1806 1066 ἀνελεύ-

205 1127 355 1188 θερον.
411 1109 606 1162 Σιωπῶ
648 1104 761 1173 καὶ,
822 1103 876 1157 εἷ’
914 1124 968 1157 τι
1015 1099 1156 1158 ἄλλο
1209 1098 1574 1171 δεδαπάνηταί
1617 1122 1722 1155 που
1771 1099 1805 1170 ἢ

203 1201 458 1256 δαπανᾶται
510 1195 584 1256 τίς
640 1194 1002 1263 ἂπιποιήσεις,
1063 1190 1139 1254 εἰς
1199 1190 1674 1264 ἐπικοσμήματα,
1732 1188 1808 1251 εἲς

199 1288 347 1366 ἕτερα,
374 1290 451 1348 οἷς
483 1281 823 1361 θαρρούντως
854 1280 1002 1357 λέγω
1046 1280 1261 1356 χαίρειν
1313 1280 1404 1336 τὸν
1462 1279 1614 1336 Θεόν.
1675 1277 1812 1337 Οἶδα

197 1382 279 1458 γὰρ
305 1375 554 1443 ἀκούσων,
584 1375 662 1436 ὡς
695 1369 848 1427 οὐδὲν
880 1393 932 1426 τι
958 1374 1126 1425 ταῦτα
1183 1370 1320 1446 πρὸς
1377 1368 1505 1432 τοὺς
1560 1366 1812 1431 παπάδας

199 1455 340 1543 ἡμᾶς*
398 1464 525 1541 ὅπερ
583 1465 780 1537 ὅμοιον
839 1461 1079 1538 φαίνεται
1135 1460 1290 1532 εἶναι,
1345 1459 1418 1522 ὡς
1475 1459 1520 1514 εί
1571 1457 1661 1513 καὶ
1715 1455 1812 1513 τοῦ

201 1559 270 1613 ἐπὶ
319 1553 630 1622 δεσποτικῆς
691 1549 866 1613 οἷ’κίας
934 1547 1359 1626 λογοποιοῦντος
1430 1547 1497 1602 τὰ
1567 1545 1812 1617 δαπανή-

202 1664 317 1718 ματα
345 1643 392 1697 οἱ
446 1638 738 1695 σύνδουλοι
773 1636 940 1711 μηδὲν
973 1637 1041 1692 τὰ
1089 1635 1258 1692 λοιπά
1287 1633 1487 1692 εἷ’ποιεν
1516 1634 1812 1712 προσλογί-

201 1735 370 1805 ζεσθαι,
402 1731 479 1785 ὅτι
516 1731 592 1802 μή
633 1727 772 1803 μόνα
799 1728 866 1782 τὰ
909 1724 1279 1799 δαπανώματα
1324 1726 1402 1789 εἷς
1453 1725 1664 1787 αὐτούς.
1715 1724 1812 1779 Καὶ

1911 569 2055 625 vivis
2087 571 2186 642 qui
2210 569 2343 627 licet
2373 590 2485 628 non
2521 574 2775 645 cognati,
2801 576 3064 645 ejusdem
3091 582 3284 634 tamen
3318 581 3563 653 originis

1913 663 2157 714 terrena:
2208 667 2424 732 essent,
2474 679 2622 734 quos
2673 665 2852 720 miser
2911 682 3016 738 ego
3070 667 3298 724 sodales
3347 669 3564 726 habere

1916 747 2059 802 mihi
2090 748 2249 804 visus
2282 767 2438 822 sum,
2475 769 2587 806 non
2623 768 2741 823 qua
2774 771 3002 810 mecum
3027 756 3423 826 biberent,sed
3449 777 3565 830 qua

1916 839 2243 893 secundum
2298 840 2582 912 Spiritum
2636 848 2903 900 sanctum
2977 846 3399 904 commensales
3451 850 3565 906 mei

1918 925 2150 982 essent!
2185 932 2398 984 Caetera
2444 929 2675 987 silentio
2720 949 2942 1003 premo,
2978 952 3049 990 ne
3096 935 3249 1006 quis,
3304 937 3466 994 ﬂocci
3498 955 3566 996 ea

1917 1015 2202 1086 pendens,
2228 1033 2467 1074 avarum
2500 1027 2679 1090 atque
2710 1020 3074 1091 illiberalem,
3126 1025 3227 1096 qui
3274 1025 3438 1082 velut
3470 1045 3567 1083 cu-

1920 1105 2149 1159 minum
2202 1105 2532 1173 difﬁndam,
2587 1125 2674 1164 me
2720 1111 3032 1167 existimet.
3079 1115 3285 1180 Taceo,
3337 1116 3384 1170 si
3435 1133 3562 1188 quas

1923 1192 2082 1248 factae
2113 1199 2253 1249 sunt
2279 1200 2379 1250 aut
2410 1196 2555 1251 fiunt
2607 1198 2883 1269 impensa:
2937 1200 2996 1255 in
3045 1218 3136 1257 res
3183 1205 3561 1273 accessorias,

1921 1282 1981 1337 in
2027 1290 2368 1339 ornamenta
2417 1290 2475 1340 et
2520 1293 2744 1355 caetera,
2796 1289 3011 1359 quibus
3055 1290 3238 1346 Deum
3297 1293 3566 1350 delectari

1922 1372 2172 1428 ﬁdenter
2201 1373 2351 1430 dico.
2384 1374 2477 1430 Sio
2507 1375 2661 1432 enim
2694 1377 2814 1431 fore
2859 1377 2955 1448 qui
2987 1379 3204 1451 dicant,
3255 1381 3373 1437 hac
3421 1383 3565 1439 nihil

1923 1462 1994 1517 ad
2031 1479 2134 1518 nos
2166 1467 2364 1519 Patres
2395 1464 2704 1536 pertinere,
2751 1466 2903 1537 quod
2965 1466 3121 1522 idem
3164 1484 3292 1524 esse
3341 1471 3570 1527 videtur

1923 1567 1988 1605 ac
2021 1551 2069 1605 si
2101 1553 2336 1622 quando
2367 1569 2704 1610 mconomus
2743 1554 2972 1625 aliquos
3019 1556 3154 1612 facit
3201 1565 3474 1630 sumptus
3506 1561 3567 1617 in

1925 1640 2165 1696 domum
2200 1641 2466 1708 herilem,
2509 1643 2770 1698 conservi
2804 1648 3018 1718 negent
3073 1645 3224 1702 ullas
3273 1648 3571 1708 faciendas

1925 1745 2054 1784 esse
2082 1745 2367 1800 expensas
2422 1730 2536 1785 nisi
2587 1748 2714 1803 qua:
2766 1732 2820 1786 in
2877 1733 3140 1804 ipsorum
3192 1737 3570 1796 commodum

201 1824 288 1895 μὴν
317 1822 456 1876 ὁτοῦ
487 1815 646 1873 οἷ’κοῦ
680 1815 946 1886 δεσπότης
980 1816 1083 1870 ούκ
1109 1813 1170 1869 ἂν
1210 1814 1396 1891 χαίροι
1444 1819 1523 1886 τῷ
1579 1814 1814 1887 τοιούτῳ

1938 1818 2227 1874 :esserint.
2260 1819 2392 1874 Jam
2443 1836 2574 1876 vero
2615 1821 2904 1892 ejusmodi
2956 1824 3149 1880 verbis
3205 1825 3364 1882 nullo
3398 1830 3570 1885 modo

199 1910 347 1986 λόγῳ·
415 1906 560 1965 ἀλλά
613 1908 711 1962 τὸν
768 1906 1060 1979 οῗκονόμον
1115 1901 1303 1966 ἄλλως
1359 1901 1680 1974 ἀποδὲξοιτο
1734 1901 1816 1972 ἂν,

199 2000 346 2073 οἶμαι.

254 2111 306 2166 θ’,
347 2105 500 2180 Ἐμοὶ
555 2102 617 2160 δὲ
670 2102 814 2160 ἀλλὰ
843 2098 1275 2174 ἀναϐοησαμὲνῳ
1337 2098 1441 2171 ἤδη
1500 2101 1670 2172 ἀκοὴν
1719 2105 1820 2177 γῆς

198 2219 242 2253 τε
283 2195 363 2252 καί
417 2196 672 2262 ούρανοῦ,
734 2191 1022 2269 ἐπέρχεται
1069 2189 1307 2266 συνεῖραί
1344 2211 1396 2244 τι
1423 2191 1513 2245 καὶ
1570 2191 1638 2244 τὰ
1697 2191 1820 2262 ἑξῆς

196 2289 509 2362 προφητικῆς
560 2288 894 2358 περικοπῆς.
943 2279 1042 2334 Καὶ
1089 2279 1240 2341 υἱοὺς
1305 2279 1398 2353 μὶν
1458 2286 1708 2354 γεννῆσαι
1756 2277 1817 2333 ού

197 2380 418 2450 καταγνῶ
473 2373 670 2428 εἰπεῖν·
727 2369 980 2443 (πηλίκος
1035 2369 1138 2443 γὰρ
1199 2366 1304 2444 ἐγὼ
1363 2368 1500 2443 πρὸς
1559 2366 1816 2436 τοιαύτην

197 2465 328 2543 οὖσιν
359 2468 470 2535 Θεῷ
496 2463 836 2537 πρέπουσαν,
868 2459 958 2514 καὶ
988 2463 1125 2527 τοῖς,
1183 2455 1301 2512 ὅσοι
1326 2461 1394 2532 τῇ
1435 2458 1570 2532 πρὸς
1616 2455 1816 2511 ἐκεῖνον

198 2554 484 2627 ὶξομοιώσει
532 2551 651 2606 Θεοί
676 2553 716 2623 ς)
785 2547 1136 2622 γεννηθέντας
1199 2544 1256 2600 δὲ
1307 2546 1443 2601 κατά
1503 2544 1674 2620 σάρκα
1734 2546 1820 2600 ὑπ’

197 2640 357 2699 ἄλλων
396 2640 482 2696 καὶ
540 2641 746 2713 μικροῦ
803 2635 1049 2701 ἐκθὲτους
1109 2633 1318 2708 ὑψῶσαί
1371 2656 1515 2712 φημι
1577 2634 1818 2708 ἀγαθοῖς,

196 2734 261 2795 οἷς
293 2732 403 2808 βίος
435 2727 744 2799 ἐπαύξεται,
771 2725 860 2780 καὶ
893 2724 1046 2799 ὅμῶς
1105 2723 1433 2793 ἀθετηθῆναί
1483 2723 1572 2778 ὑπ’
1619 2724 1818 2781 αὐτῶν.

195 2819 415 2896 Ἐτέρους
445 2817 503 2873 δὲ
553 2817 634 2878 είς
673 2816 736 2870 τὸ
773 2821 876 2869 πᾶν
933 2814 1027 2888 μὲν
1082 2813 1262 2887 ἐξᾶραι
1316 2811 1407 2867 καὶ
1465 2817 1821 2888 προαγαγεῖν,

195 2911 277 2966 οὐκ
303 2907 358 2964 ἃν
392 2906 632 2980 εἴποιμι*
688 2907 1096 2979 προσεπιθεῖναι
1148 2898 1224 2970 δὲ,
1262 2903 1344 2963 οἷς
1391 2900 1684 2978 φθάσαντες
1718 2901 1822 2955 ὑπὸ

195 2997 357 3056 ἄλλων
386 2996 694 3073 ἀρχιερέων
725 2991 912 3069 ἔσχον,
945 2992 1032 3046 καὶ
1073 2987 1228 3065 ἕτερα
1275 2989 1514 3064 μείζονα,
1563 2990 1651 3044 καὶ
1698 2987 1822 3045 δυσ-

191 3092 401 3164 τυχῆσαι
447 3087 546 3155 τὴν
609 3083 669 3138 ἑκ
709 3087 816 3137 τῶν
860 3079 1121 3136 τοιούτων
1176 3079 1491 3156 ἀχαριστίαν
1523 3078 1621 3134 οὐκ
1651 3077 1728 3142 εἷς
1758 3080 1822 3134 τὸ

191 3178 358 3252 τυχὸν,
407 3175 534 3231 ἀλλ’
587 3171 666 3235 εἷς
699 3169 1101 3242 ἐκπολέμωσιν.

343 3351 515 3408 Ἀλλᾶ
571 3347 800 3411 τούτους
856 3347 951 3422 μὲν
1008 3345 1506 3423 παρακατατίθεμαι
1553 3343 1632 3418 τῷ
1689 3349 1826 3419 Θεῷ,

190 3447 258 3515 τῷ
300 3441 384 3497 καὶ
432 3440 703 3517 πανσόφῳ
757 3437 846 3493 καὶ
880 3435 1196 3512 ὑπεραγάοῳ
1252 3433 1499 3509 τεχνίτῃ,
1532 3433 1605 3494 ὡς
1660 3432 1829 3510 ἀγάλ-

197 3553 320 3604 ματα
383 3529 598 3586 ἆκείνου
671 3524 799 3582 ὄντα
868 3523 1368 3600 καλλιτεχνηθὲντα
1449 3523 1541 3597 μὲν
1620 3520 1826 3591 ἄλλως,

189 3618 547 3697 ἆχριιούμινα
603 3613 660 3671 δὲ
709 3621 829 3677 ταῖς
886 3613 1005 3678 εἰκῆ
1053 3613 1141 3668 καὶ
1201 3612 1400 3686 μάτην,
1460 3612 1586 3666 ὅποι
1636 3611 1825 3686 τύχοι,

188 3709 589 3784 παρατρίψεσιν,
658 3705 918 3780 ἀρτιῶσαι
989 3702 1124 3757 κατά
1197 3704 1295 3772 τὴν
1377 3700 1540 3756 αὐτοῦ
1615 3699 1823 3778 σοφίαν,

189 3797 266 3852 καὶ
328 3795 686 3870 ἐπαναγαγεῖν
759 3792 834 3853 εἷς
907 3791 971 3846 τὸ
1045 3789 1192 3862 αὐτῷ
1267 3791 1491 3866 ἀρέσκον
1553 3787 1822 3865 εὔμορφὸν

188 3907 239 3941 τε
280 3886 364 3941 καὶ
397 3881 692 3958 εὐπρεπές·
727 3881 801 3944 ὡς
831 3880 891 3934 ἃν
953 3879 1096 3934 οὕτω
1125 3879 1213 3933 καὶ
1246 3876 1312 3933 δι’
1347 3879 1525 3933 αὐτῶν
1560 3876 1826 3951 ιύλογούο

194 3997 336 4048 μενος
381 3971 746 4048 ἀντευλογοίη
779 3970 872 4026 τὸν
920 3968 1178 4044 στέφανον
1228 3970 1362 4041 ἡμῖν
1408 3972 1503 4022 τοῦ
1557 3966 1824 4023 ἐνιαυτοῦ.

256 4156 335 4212 ια’.
367 4153 516 4229 Ἐγὼ
557 4148 614 4205 δὲ
667 4148 760 4204 καὶ
813 4153 893 4221 τῷ
935 4145 1309 4222 παρατυχόντι
1366 4144 1485 4218 λαῷ
1539 4149 1636 4200 τοῦ
1693 4149 1828 4200 Θεοῦ

191 4240 511 4318 προσλαλῶν
564 4235 986 4305 διδασκαλικῶς,
1032 4239 1422 4311 παρεγγυῶμαι
1471 4233 1559 4289 καὶ
1617 4234 1827 4303 αὐτοις,

193 4330 301 4386 ὅσοι
329 4331 462 4392 τέως
501 4326 716 4383 ἀκούειν
749 4328 908 4398 ἡμῶν
953 4324 1258 4400 ἀνέχονται.
1308 4322 1427 4378 Εἰσὶ
1483 4323 1584 4399 γὰρ
1634 4321 1686 4377 ἐν
1739 4323 1830 4379 αύ-

192 4425 294 4482 τοῖς
323 4419 625 4495 ἅνθρωποι,
666 4413 1031 4490 ὁδηγηθέντες
1089 4413 1186 4468 εύκ
1241 4409 1341 4467 οἷδ’
1381 4413 1524 4481 ὅθεν,
1583 4411 1828 4490 ἐπιστρὲ-

193 4530 296 4587 φειν
351 4511 504 4580 ἡμᾶς
561 4505 638 4568 εἷς
697 4504 760 4560 τὸ
817 4504 1014 4581 ἀγαθὸν
1065 4499 1154 4556 διὰ
1181 4505 1278 4556 τοῦ
1314 4503 1388 4574 μή
1421 4499 1830 4587 ἐπιστρέφεσθαι

1927 1907 2210 1980 gauderet
2241 1908 2680 1979 paterfamilias,
2712 1911 2810 1965 sed
2835 1910 3053 1981 potius,
3075 1929 3142 1968 ex
3175 1930 3302 1969 mea
3332 1915 3570 1986 quidem

1930 1997 2238 2065 sententia,
2271 2014 2638 2055 mconomum
2670 1999 2954 2056 laudaret.

1999 2102 2052 2158 9.
2087 2107 2407 2175 Postquam
2441 2112 2634 2162 autem
2669 2105 2876 2162 cmlum
2904 2124 2968 2163 ac
2989 2111 3203 2165 terram
3226 2112 3298 2166 ad
3325 2114 3572 2171 audien-

1931 2191 2069 2246 dum
2104 2194 2426 2264 provocavi,
2461 2194 2600 2250 dicti
2651 2194 2810 2250 illius
2871 2197 3194 2268 prephetici
3249 2201 3424 2257 verba
3481 2219 3575 2259 se-

1931 2279 2172 2351 quentia
2200 2282 2521 2353 adjungere
2550 2282 2710 2338 libet.
2745 2284 2813 2338 Et
2843 2285 2992 2340 ﬁlios
3033 2288 3266 2358 quidem
3316 2306 3409 2346 me
3439 2308 3573 2364 pro-

1931 2385 2159 2424 creasse
2190 2387 2305 2425 non
2337 2376 2426 2426 est
2455 2373 2610 2443 quod
2645 2372 2855 2441 dicam,
2890 2372 3044 2445 (quis
3092 2376 3247 2432 enim
3300 2393 3406 2448 ego
3439 2397 3574 2436 sum

1931 2463 2304 2528 comparatus
2323 2476 2455 2514 cum
2481 2466 2690 2516 natura
2713 2461 2809 2516 Dei
2831 2477 3152 2534 eorumque
3174 2466 3272 2536 qui
3296 2467 3572 2524 similitu-

1932 2546 2066 2600 dine
2097 2547 2223 2616 ejus
2255 2549 2701 2618 promemodum
2733 2549 2814 2604 dii
2833 2552 2964 2605 facti
2989 2557 3128 2606 sunt
3151 2553 3192 2623 Ρ)
3216 2555 3316 2610 sed
3346 2556 3420 2610 ab
3443 2557 3574 2613 aliis

1932 2635 2242 2690 carnaliter
2271 2642 2603 2706 procreatos
2632 2645 2689 2693 et
2736 2640 2902 2710 quasi
2944 2641 3236 2713 expositos
3280 2647 3576 2702 cumulavi

1932 2722 2100 2778 bonis
2133 2725 2348 2795 quibus
2384 2726 2501 2781 vita
2532 2733 2794 2795 ornatur,
2829 2736 2886 2783 et
2934 2729 3321 2788 nihilominus
3351 2739 3424 2790 ab
3455 2734 3575 2792 illis

1931 2818 2304 2885 contemptus
2332 2831 2486 2869 sum.
2538 2814 2690 2871 Alios
2737 2821 2955 2885 autem,
3008 2819 3164 2873 haud
3215 2820 3366 2891 dico,
3417 2825 3574 2894 quod

1931 2901 2212 2957 exaltatos
2246 2903 2624 2974 provexerim,
2663 2910 2920 2961 attamen
2980 2906 3279 2964 beneﬁciis
3327 2927 3454 2981 quas
3503 2914 3574 2968 ab

1931 2989 2062 3046 aliis
2094 2991 2548 3064 archiepiscopis
2578 3000 2942 3065 acceperant,
2995 2997 3219 3067 majora
3268 2999 3441 3055 etiam
3474 3002 3576 3057 ad-

1924 3081 2062 3153 jeci,
2097 3098 2278 3152 quare
2309 3098 2513 3136 eorum
2548 3083 3036 3154 ingratitudiuem
3089 3103 3204 3141 non
3252 3088 3572 3158 fortuitam,

1935 3171 2037 3226 sed
2064 3187 2132 3225 ex
2160 3169 2359 3226 hostili
2391 3171 2586 3226 animo
2617 3173 3114 3242 profectam,inter
3143 3192 3406 3233 summas
3426 3178 3582 3234 cala-
3609 3251 3611 3253 ι

1939 3259 2175 3315 mitates
2205 3259 2558 3314 censendam
2591 3261 2761 3316 duco.
3387 3317 3394 3322 .

2012 3349 2097 3404 10.
2130 3348 2237 3403 Sed
2271 3348 2400 3418 hos,
2435 3353 2635 3420 utpote
2666 3349 2767 3421 qui
2799 3349 2897 3406 Dei
2940 3352 3250 3422 imaginem
3300 3356 3580 3423 referunt,

1937 3441 1996 3492 et
2024 3437 2096 3491 ab
2127 3435 2294 3492 initio
2326 3437 2560 3506 quidem
2609 3438 2839 3510 pulchri
2885 3441 3082 3508 creati,
3134 3449 3336 3513 postea
3384 3451 3579 3501 autem

1938 3525 2261 3598 pervicacia
2307 3543 2417 3581 sua
2467 3543 2614 3582 vana
2661 3533 2719 3582 et
2765 3527 3067 3585 insensata
3119 3533 3374 3603 corrupti
3418 3540 3578 3602 sunt,

1939 3612 2287 3669 commendo
2317 3613 2456 3682 Deo,
2491 3615 2734 3670 creatori
2765 3615 3202 3686 sapientissimo
3245 3627 3422 3690 atque
3475 3640 3581 3694 op-

1936 3704 2100 3768 timo,
2137 3708 2201 3757 ut
2231 3703 2556 3758 secundum
2590 3704 2932 3774 patientiam
2956 3723 3124 3762 suam
3156 3709 3369 3780 dirigat
3397 3727 3496 3766 eos
3527 3718 3587 3768 et

1938 3794 2008 3848 ad
2043 3793 2405 3847 honestatem
2447 3808 2512 3846 ac
2562 3794 2835 3848 virtutem
2885 3794 2997 3866 ipsi
3041 3804 3268 3867 gratam
3319 3801 3580 3868 reducat,

1938 3888 2111 3953 atque
2145 3881 2223 3936 ita
2252 3881 2310 3935 in
2344 3881 2527 3936 vicem
2585 3881 3058 3939 benedictionum
3118 3886 3335 3956 quibus
3367 3890 3436 3943 ab
3465 3889 3583 3946 illis

1939 3970 2286 4037 celebratur,
2336 3969 2474 4025 anni
2547 3971 2814 4042 auspicia
2881 3972 3289 4031 benedictione
3337 3994 3446 4032 sua
3492 3980 3584 4033 di-

1937 4065 2168 4131 gnetur.

2009 4147 2097 4202 ll.
2131 4149 2258 4202 .Iam
2291 4162 2422 4202 vero
2455 4147 2594 4202 dum
2647 4153 2988 4216 praesentem
3050 4152 3146 4208 Dei
3193 4159 3408 4210 emtum
3449 4159 3582 4213 edo-

1940 4253 2060 4307 cso,
2093 4235 2269 4292 simul
2301 4235 2580 4292 adhortor
2623 4254 2721 4293 eos
2774 4241 2874 4310 qui
2927 4256 3084 4296 nunc
3127 4244 3319 4299 verbis
3366 4247 3586 4302 nostris

1940 4341 2142 4381 aurem
2183 4326 2460 4397 praebent.
2515 4326 2668 4381 Inter
2715 4326 2876 4398 ipsos
2924 4330 3081 4384 enim
3132 4337 3272 4386 sunt
3316 4332 3586 4390 homines

1940 4413 2063 4484 qui,
2098 4413 2295 4470 nescio
2329 4413 2482 4469 unde
2509 4413 2674 4481 moti,
2711 4431 2838 4484 nos,
2870 4417 3039 4487 quasi
3071 4425 3403 4488 peccatores
3425 4437 3583 4478 esse-

1942 4519 2096 4569 mus,
2131 4502 2204 4557 ad
2238 4503 2455 4558 bonum
2501 4508 2831 4560 convertere
2890 4508 3274 4576 praetendunt,
3338 4509 3584 4581 ideoque

193 4586 338 4669 ἦμῶν
371 4599 461 4652 οἷα
511 4594 858 4673 ἐφαμάρτων,
902 4591 992 4646 καὶ
1041 4588 1130 4646 διὰ
1168 4594 1330 4644 τοῦτο
1382 4590 1472 4645 καὶ
1505 4590 1578 4652 ὡς
1612 4589 1687 4653 εἷς
1749 4586 1820 4644 δι-

1942 4607 2070 4646 sese
2103 4597 2381 4662 tanquam
2417 4590 2732 4662 magistros
2763 4598 2994 4648 nostros
3033 4602 3265 4666 gerunt,
3315 4599 3583 4668 quamvis

197 4683 486 4747 δασκάλους
515 4685 851 4743 καθεστῶτες
880 4683 1040 4753 ἡμῖν,
1103 4677 1452 4741 διδάσκοντας
1516 4680 1613 4752 μὲν
1675 4679 1828 4743 οὐθὲν

198 4776 390 4843 ὁτιοῦν,
437 4771 820 4850 μεμφομένους
878 4771 1036 4840 ἅπαν,
1096 4767 1228 4842 ὅπερ
1259 4766 1318 4822 ἂν
1348 4767 1382 4836 ἢ
1425 4765 1638 4842 δρῶμεν
1669 4767 1704 4837 ἢ
1738 4765 1830 4822 λέ.

195 4884 369 4936 γομεν,
400 4861 492 4916 καὶ
549 4859 714 4928 αὐτὴν
744 4855 822 4928 δὲ,
881 4858 911 4912 ’ὁ
967 4878 1114 4934 φασι,
1163 4857 1263 4925 τὴν
1312 4856 1586 4924 ἀναπνοήν
1645 4858 1830 4928 ἡμῶν.

197 4953 283 5024 Τῷ
306 4952 483 5007 τοίνυν
530 4947 766 5020 τοιούτῳ
814 4945 933 5020 λαῷ
979 4951 1075 5002 τοῦ
1125 4951 1256 5002 Θεοῦ
1295 4946 1480 5024 φωνὴν
1513 4945 1588 5008 εἰς
1648 4966 1830 5002 κοινον

201 5040 425 5119 ἀφιέντες
484 5036 904 5114 παρακαλοῦμεν
965 5037 1040 5100 εἷς
1101 5036 1294 5110 ὅμοιον
1337 5035 1562 5110 ἀγαθὸν,
1619 5037 1680 5090 τὸ
1734 5043 1834 5106 τῆς

203 5129 451 5203 εὐλογίας
504 5123 742 5196 δηλαδὴ,
792 5124 916 5199 περὶ
963 5124 1033 5193 ἧς
1079 5125 1198 5199 ἄρτι
1231 5125 1259 5179 ὁ
1314 5123 1482 5199 λόγος
1509 5125 1663 5196 ἡμῖν.
1734 5124 1830 5178 Καὶ

200 5223 382 5289 πρῶτα
444 5217 536 5289 μὶν
595 5215 1081 5286 ἀναμιμνήσκομεν
1131 5211 1346 5285 αὐτοὺς,
1396 5211 1447 5283 ἐξ
1479 5211 1607 5268 οἵων
1643 5212 1718 5275 εἷς
1751 5213 1836 5266 οἷα

207 5304 515 5380 μετηλλάγη
550 5303 619 5359 τὰ
645 5304 762 5358 καθ’
795 5305 830 5372 ἡ
841 5308 963 5376 μᾶς.

273 5414 361 5487 ιβ’.
397 5412 490 5466 Καὶ
523 5408 693 5480 ἡλίκα
727 5409 821 5480 μὲν
865 5409 934 5463 τὰ
990 5409 1056 5464 ού
1109 5409 1214 5483 πρὸ
1265 5407 1480 5464 πολλοὶ)
1512 5407 1686 5482 ἀγαθὰ
1739 5413 1836 5463 τοῦ

209 5506 354 5570 Θεοῦ,
388 5497 707 5556 ’ἀκαὶτὰίέν
760 5499 888 5572 ὑμῖν
945 5493 1158 5573 βιϐλία,
1216 5499 1269 5552 αἱ
1330 5500 1604 5572 μνήμονες
1663 5498 1837 5573 ψυχαὶ

206 5591 562 5665 περιφερουςι,
593 5589 682 5644 καὶ
709 5588 786 5651 εἷς
818 5587 1113 5644 ἀνάλνωσιν
1145 5594 1260 5651 τοῖς
1317 5587 1554 5649 πολλοῖς
1604 5586 1840 5653 ἐκτίθεν-

207 5688 312 5734 ται⁶
343 5679 431 5734 καὶ
463 5677 589 5736 οὐδὲ
635 5677 743 5755 ιγὼ
791 5679 1008 5752 ἀμαθής
1058 5675 1184 5735 οὐδέ
1237 5683 1346 5736 τῶν
1403 5676 1666 5734 τοιούτων
1724 5677 1839 5754 εἶμι

1941 4679 2086 4735 nihil
2101 4680 2337 4735 omnino
2349 4680 2740 4746 doceant,imo
2753 4681 3036 4753 quidquid
3052 4685 3392 4739 autfecerim
3405 4703 3472 4740 us
3485 4692 3588 4742 aut

1941 4769 2702 4839 dixerimus,etipsam,utin
2719 4773 3017 4840 proverbio
3029 4775 3584 4844 est;respirationem

1944 4865 2202 4914 nostram
2228 4859 2671 4928 vituperent.Ad
2694 4876 3028 4915 universum
3050 4862 3228 4933 igitur
3246 4863 3344 4918 Dei
3368 4872 3584 4921 emtum

1941 4949 2117 5004 verba
2139 4948 2418 5002 facientes
2445 4947 2596 5002 bona
2625 4949 2674 5002 ei
2707 4953 3586 5018 apprecamur,benedictionem

1945 5036 2249 5099 nimirum,
2279 5037 2348 5091 de
2376 5052 2490 5105 qua
2522 5036 2693 5091 modo
2725 5036 3000 5093 diximus.
3054 5039 3123 5094 Et
3169 5042 3424 5111 primum
3453 5043 3587 5111 qui-

1945 5127 2077 5181 dem
2111 5125 2169 5179 in
2202 5123 2546 5181 memoriam
2587 5125 2671 5179 eis
2720 5141 3082 5198 revocamus,
3110 5145 3178 5186 ex
3223 5146 3479 5202 quonam
3525 5133 3585 5187 in

1947 5231 2122 5286 quem
2155 5219 2373 5270 statum
2406 5231 2498 5269 res
2530 5218 2740 5270 nostrae
2771 5215 3037 5273 deductis
3067 5216 3206 5274 sint.

2027 5417 2105 5467 l2.
2140 5413 2367 5476 Quanta
2398 5427 2583 5479 nuper
2614 5410 2771 5465 fuere
2811 5412 2912 5467 Dei
2962 5413 3244 5470 beneficia
3275 5432 3405 5488 quae
3434 5416 3591 5474 velut

1949 5502 2204 5557 inlibris
2237 5499 2520 5555 inhaerent
2549 5498 2765 5552 animis
2794 5502 3023 5566 vestris,
3057 5504 3138 5557 ita
3169 5509 3233 5558 ut
3262 5521 3296 5560 a
3324 5505 3592 5562 multitu-

1951 5593 2084 5646 dine
2115 5590 2222 5657 legi
2248 5588 2502 5660 possint!
2537 5587 2736 5658 Neque
2761 5606 2866 5661 ego
2896 5589 3128 5646 illorum
3162 5593 3404 5664 ignarus
3436 5613 3590 5653 sum.

1950 5686 2166 5752 Fruges
2195 5683 2360 5734 terrae
2391 5676 2774 5734 abundabant
2795 5696 2981 5736 arenis
3011 5679 3197 5738 instar
3226 5700 3239 5751 ;
3274 5685 3444 5756 panis
3467 5703 3591 5744 cor-
