4028 6202
301 323 417 384 54⁸1

1069 319 1489 384 EUSTATHII
1531 321 2303 386 THESSALONIGENSIS
2349 325 2933 391 METROPOLITIE

3566 13 4028 180 an!

3589 338 3720 398 548

299 455 603 523 roborsns,
635 453 835 508 vinum
869 453 1043 509 corda
1085 451 1440 524 exhilarans,
1501 451 1698 526 pluvia
1726 456 1925 526 tempe

2059 455 2336 530 γνώσεων.
2395 456 2564 515 Ἦσαν
2620 457 2689 514 τὰ
2714 461 3024 535 γεννήματα
3051 467 3153 532 τῆς
3181 467 3282 539 γῆς
3315 464 3446 538 ὑπὲρ
3494 463 3709 539 ἄμμον.

299 541 449 598 stiva
479 558 654 614 quam
685 541 774 598 lac
805 541 1032 597 caeleste
1061 539 1147 596 vel
1180 558 1393 596 novum
1444 559 1659 598 manna
1689 542 1940 610 dixeris;

299 637 504 688 ventus
534 636 957 703 attemperatus
989 629 1084 702 qui
1119 647 1350 686 omnem
1384 629 1645 703 plantam
1692 630 1852 688 velut
1884 631 1941 686 in

298 721 601 794 gymnasio
633 720 985 792 exagitaret:
1018 720 1209 775 hiems
1263 725 1586 788 mausueta,
1637 725 1809 777 testas
1857 725 1940 776 te-

297 811 434 882 pida
459 809 619 882 (anni
653 814 917 880 tempore
950 826 1076 881 quae
1110 810 1280 865 modo
1316 809 1496 865 nimio
1530 811 1942 882 frigore,modo

298 899 478 952 nimio
509 903 647 952 metu
685 897 989 952 doloribus
1022 915 1125 952 nos
1172 898 1460 968 afficiunt)
1487 921 1501 964 ;
1533 913 1632 952 ver
1664 898 1847 953 fertile
1878 915 1942 953 ac

297 987 606 1042 fecundum
641 1002 870 1056 suaque
901 986 1181 1058 temperie
1221 987 1578 1057 jucundum,
1623 992 1942 1060 tempestas

294 1093 420 1147 quae
453 1076 522 1130 ad
557 1083 906 1130 autumnum
936 1076 1122 1146 vergit
1151 1079 1206 1130 ct
1238 1075 1464 1130 fruetus
1499 1078 1941 1144 maturat,unde

293 1165 466 1220 etiam
504 1181 709 1220 nomen
745 1163 944 1230 traxit,
977 1173 1024 1218 el
1063 1181 1190 1236 quea
1240 1170 1517 1236 praetcrea
1568 1167 1744 1220 rebus
1791 1167 1939 1239 cpti-

295 1255 406 1310 mis
432 1254 776 1321 aliundat,in
800 1253 1012 1325 quibus
1031 1254 1369 1325 praeeminet
1421 1253 1766 1310 dulcissima
1795 1255 1940 1314 ficus

292 1358 518 1412 uvaque
547 1341 812 1414 pulchra,
846 1341 1090 1396 nutricis
1119 1342 1324 1409 instar,
1361 1347 1424 1397 ut
1456 1343 1534 1398 ita
1565 1343 1777 1407 dicam.
1812 1344 1940 1400 bac-

291 1448 390 1486 cas
423 1429 597 1486 veluti
632 1429 924 1486 mamillae
955 1432 1257 1504 porrigens
1287 1432 1356 1488 ad
1391 1431 1584 1489 cibum
1615 1438 1939 1506 potumque

291 1521 810 1595 suppeditandum.

364 1701 680 1758 i3.Etenim
707 1699 1052 1757 hiemusilla
1075 1700 1244 1757 bonis
1261 1701 1574 1770 futuris,ob
1598 1720 1725 1776 quae
1749 1720 1936 1760 annus

289 1791 484 1847 dictus
513 1795 602 1847 est
625 1791 1046 1859 fertilissimus,
1080 1791 1246 1862 quasi
1291 1791 1609 1864 prospexit,
1645 1793 1933 1864 siquidem

289 1881 547 1937 ﬁndebat
572 1885 785 1935 terram
818 1880 875 1935 in
921 1881 1088 1952 cujus
1139 1879 1269 1935 sinu
1320 1885 1546 1952 segetes
1597 1882 1926 1952 reconditis,

286 1975 568 2043 tanquam
596 1969 846 2024 infantes
880 1985 1010 2024 mox
1039 1969 1097 2024 in
1120 1968 1304 2024 lucem
1331 1969 1928 2040 prodituri,latebant,

288 2076 476 2132 usque
492 2060 566 2114 du
580 2075 632 2113 m
656 2059 1133 2130 adessettempus
1147 2062 1535 2130 Opportunum
1549 2077 1635 2126 ,sc
1655 2064 1930 2132 praeterea

287 2150 356 2204 ad
414 2147 824 2203 bumiditatem
877 2147 1268 2220 recipiendam
1338 2148 1636 2220 aperiebat
1692 2150 1929 2206 arbores

285 2255 502 2310 eaeque
531 2237 600 2292 ad
639 2237 862 2293 fructus
891 2254 998 2293 suo
1030 2242 1289 2310 tempore
1340 2239 1717 2310 proferendos
1766 2245 1930 2312 aptas

285 2329 563 2384 reddebat
593 2325 823 2398 aliaque
871 2326 1163 2399 permulta
1218 2326 1466 2382 faciebat
1515 2328 1698 2399 patris
1743 2327 1932 2385 instar

287 2417 386 2490 qui
435 2416 635 2472 liberis
683 2415 1046 2472 enutriendis
1095 2415 1338 2471 solerter
1385 2417 1664 2488 providet.
1716 2419 1928 2475 Eodem

285 2511 544 2578 tempore
589 2509 645 2560 et
687 2510 916 2576 segetes
962 2510 1018 2561 et
1069 2505 1281 2577 plantae
1345 2505 1522 2561 vitam
1586 2511 1931 2580 acceperunt

285 2596 484 2670 pluvia
507 2594 734 2650 caelitus
760 2594 1117 2661 iminissa,et
1148 2593 1380 2650 nivibus
1414 2595 1625 2667 gelidis
1656 2601 1712 2652 et
1743 2595 1928 2669 glacie

283 2693 340 2742 et
369 2685 600 2759 pruinis
631 2683 1040 2740 convenienter
1057 2683 1439 2738 datie.Pluvia
1470 2684 1625 2746 enim
1659 2688 1821 2739 terra:
1846 2685 1929 2739 in-

281 2775 497 2831 teriora
553 2773 777 2830 emollit
816 2772 1216 2844 panditque,et
1265 2771 1348 2828 sic
1380 2773 1450 2827 ad
1477 2773 1707 2845 frugum
1742 2773 1927 2830 incre-

284 2873 546 2922 mentum
579 2882 643 2920 ac
676 2864 1122 2937 prosperitatem
1155 2869 1366 2919 terram
1403 2864 1680 2936 pinguem
1729 2881 1795 2920 ac
1827 2881 1928 2919 va-

283 2957 464 3013 lidam
500 2955 868 3024 reddit,nives
899 2958 1092 3009 autem
1124 2959 1180 3009 et
1216 2953 1534 3025 reliqua,de
1565 2953 1780 3026 quibus
1805 2971 1925 3009 mo-

281 3046 355 3101 do
387 3045 526 3114 dixi,
558 3042 832 3099 cohibent
861 3043 1152 3115 certisque
1185 3041 1472 3098 limitibus
1517 3043 1929 3116 constringunt

282 3135 478 3207 fruges
502 3133 732 3203 illas,ne
764 3139 1022 3205 tempore
1050 3137 1395 3204 praematuro
1418 3133 1488 3186 ad
1524 3131 1710 3188 lucem
1744 3132 1927 3204 prosi-

277 3204 486 3279 lien'tes
538 3204 1011 3292 corrumpantur,
1062 3221 1216 3292 quod
1265 3221 1321 3276 in
1371 3221 1673 3276 abortibus
1713 3226 1769 3277 et
1799 3239 1924 3294 par-
1955 3204 1997 3273 (ἶ

279 3313 458 3370 tubus
490 3311 844 3384 prmcocibus
872 3311 1132 3367 accidere
1188 3309 1357 3366 solet.
1402 3309 1716 3382 Postquam
1748 3310 1926 3382 igitur

278 3403 470 3460 hiems
503 3401 603 3458 tali
635 3402 807 3457 modo
866 3405 1031 3456 terrae
1081 3399 1242 3456 utilis
1303 3400 1513 3467 fuerat,
1577 3416 1716 3472 erga
1769 3417 1924 3457 mare

277 3509 511 3564 quoque
565 3508 626 3548 se
682 3489 950 3563 praestitit
1004 3492 1403 3558 mansuetam,
1481 3505 1664 3561 neque
1723 3495 1923 3545 contra

277 3581 467 3653 pisces
516 3579 775 3636 marinos
825 3577 1138 3634 crudeliter
1185 3577 1388 3647 saeviit,
1461 3594 1650 3650 neque
1693 3579 1923 3652 navigia

274 3675 600 3744 nautasque
629 3669 862 3742 penitus
893 3667 1213 3725 absorbuit.

345 3780 430 3834 14.
465 3777 621 3834 Talis
651 3777 850 3849 igitur,
886 3781 949 3830 ut
980 3776 1136 3832 brevi
1166 3776 1380 3844 dicam,
1413 3775 1603 3831 hiems
1645 3774 1774 3830 fuit.
1807 3773 1922 3830 Ver

271 3871 487 3935 autem,
521 3867 678 3922 alma
707 3865 1098 3937 agricolarum
1130 3872 1316 3921 mater
1345 3882 1410 3922 ac
1441 3865 1638 3920 nutrix
1694 3868 1916 3931 nostra,

2055 543 2083 599 6
2145 545 2416 619 στηρίζων
2477 547 2662 622 ἅρτος”
2723 549 2750 602 6
2805 546 3027 624 καρδίας
3089 550 3388 630 εὐφραίνων
3446 554 3618 619 οἶνος·
3682 557 3713 611 6

2053 632 2240 708 καίρός
2305 635 2484 704 ὑετὸς,
2519 636 2582 690 τὸ
2613 635 2648 705 ἢ
2699 635 2844 711 γάλα
2875 639 3143 715 οὐράνιον,
3199 641 3235 711 ἢ
3293 644 3466 715 μάννα
3528 643 3716 701 δεύτε-

2054 740 2168 797 ρον⁹
2205 723 2232 776 6
2288 721 2544 799 εὔκρατος
2573 724 2792 800 ἄνεμος,
2827 725 3081 784 διακινῶν
3133 730 3270 786 ἅπαν
3321 734 3484 810 φυτὸν
3518 735 3594 798 ώς
3628 735 3708 799 είς

2051 813 2390 886 γυμνάσιονο
2451 815 2480 872 ὁ
2538 812 2748 892 ἥμερος
2807 819 3042 892 χειμώνο
3101 820 3163 875 τὸ
3219 823 3491 897 προσηνὲς
3552 825 3719 900 θέρος

2053 901 2253 974 (καιροὶ
2303 902 2450 957 οὗτοι
2501 900 2692 959 λυπεῖν
2752 904 3025 969 ἐθέλοντες
3082 911 3151 982 τῇ
3191 909 3474 984 ἆκρότητι,
3527 914 3555 967 6
3600 915 3699 985 μὲν

2049 993 2145 1044 τοῦ
2178 991 2394 1067 ψύχειν,
2430 992 2457 1049 ὁ
2491 990 2568 1062 δὲ,
2625 991 2708 1049 ὅτι
2757 995 3029 1068 θερμαίνει
3075 996 3152 1059 είς
3212 995 3571 1076 ὑπερίδολτιςν)⁸
3637 1004 3705 1058 τὸ

2047 1078 2268 1152 γόνιμον
2302 1077 2415 1157 ἔαρ,
2448 1081 2538 1136 καὶ
2596 1082 2904 1161 πάμφορον,
2960 1085 3162 1158 καὶτῷ
3209 1088 3455 1164 εύκράαῳ
3500 1090 3713 1165 γλυκο-

2051 1172 2160 1236 ζον*
2193 1171 2228 1239 ἡ
2262 1172 2452 1246 φθινας
2483 1170 2599 1248 ὥρα
2625 1171 2692 1228 τά
2720 1193 2779 1248 γε
2810 1173 2885 1236 εἲς
2937 1174 3182 1250 ὀπώραν,
3241 1176 3361 1242 ὅθεν
3419 1178 3552 1255 αὐτῇ
3609 1181 3706 1237 καὶ

2045 1259 2080 1326 ἡ
2117 1260 2460 1334 παρωνυμία,
2489 1260 2566 1323 εἷς
2595 1263 2684 1316 καὶ
2735 1260 2921 1326 ἄλλως
2948 1269 3067 1324 τοῖς
3111 1265 3381 1341 κρείττοσι
3421 1264 3700 1344 βέϐριθεν.

2048 1344 2099 1400 ἐν
2134 1347 2212 1410 οἷς
2248 1347 2590 1424 ὑπερλάμπει
2618 1350 2682 1408 τό
2710 1372 2770 1408 τε
2831 1349 3076 1424 μελιτόεν
3128 1359 3311 1427 σῦκον,
3361 1359 3449 1412 καὶ
3481 1361 3516 1428 ἡ
3550 1359 3705 1430 καλὴ

2047 1434 2326 1514 σταφυλὴ,
2385 1441 2581 1510 τιθηνή
2638 1461 2722 1502 τις
2779 1440 2868 1496 καὶ
2918 1443 3078 1514 αὕτη,
3137 1444 3211 1510 ὡς
3267 1445 3439 1510 οὕτως
3501 1448 3705 1517 εἰπεῖν,

2045 1521 2476 1600 πόοϐαλλομένη
2537 1532 2644 1583 τῶν
2700 1529 2874 1606 ῥαγῶν
2934 1532 3182 1605 ἑκάστην,
3215 1532 3314 1591 ὅσα
3342 1535 3431 1592 καὶ
3487 1537 3704 1611 θηλὴν,

2045 1616 2294 1692 χορηγὸν
2323 1624 2530 1695 τροφῆς
2552 1638 2610 1672 τε
2637 1618 2725 1674 καὶ
2753 1619 2984 1684 πόσεως.

2119 1706 2206 1780 ιγ’.
2240 1705 2336 1760 Καὶ
2389 1706 2456 1775 ἦν
2511 1709 2646 1780 ἡμῖν
2700 1708 2823 1765 τότε
2876 1711 2904 1766 6
2959 1711 3051 1784 μὶν
3104 1713 3318 1788 χειμὼν
3377 1716 3707 1792 προμηθεζις

2046 1793 2157 1849 οῖον
2208 1793 2417 1870 ἀγαθῶν
2464 1801 2572 1851 τῶν
2620 1796 2910 1870 είσέπειτα,
2964 1797 3034 1856 δι’
3085 1798 3157 1855 ὢν
3189 1801 3520 1882 τελεσφόρος
3553 1805 3702 1861 ώνο-

2044 1885 2299 1956 μασταιὸ
2348 1883 2602 1958 ἐνιαυτὸς,
2665 1885 2895 1962 ἄρουραν
2954 1887 3152 1952 ἐκεῖνος
3193 1891 3551 1969 ἀναρρηγνὺς,
3627 1892 3708 1950 δι’

2038 1972 2106 2042 ἧς
2136 1973 2200 2028 τὰ
2255 1973 2499 2050 σπόριμα
2545 1975 2650 2030 ὐπὸ
2702 1974 2899 2051 κόλπῳ
2956 1979 3220 2054 γινόμενα
3269 1988 3372 2056 γῆς
3427 1982 3699 2057 ἐνεκυμο-

2036 2066 2227 2117 νοῦντο
2261 2061 2457 2118 ἐκεῖθεν
2489 2063 2745 2139 γενέσεως
2780 2065 2951 2143 λόγῳ,
2983 2064 3088 2131 ἕως
3119 2067 3209 2124 καὶ
3241 2069 3317 2132 εἰς
3343 2070 3696 2146 τελειότητα,

2037 2149 2126 2205 καὶ
2201 2149 2265 2205 αὗ
2339 2149 2503 2206 πάλιν
2564 2151 2796 2216 λάκκους
2859 2154 3130 2230 βοθρεύων
3191 2163 3369 2234 φυτῶν
3426 2157 3697 2223 ἐνθέσεσιν

2039 2237 2415 2316 ἁδρυνομένων
2468 2241 2542 2304 εἷς
2587 2239 2778 2315 δένδρα
2832 2245 2970 2300 κατὰ
3026 2245 3238 2320 καιρὸν,
3291 2246 3378 2301 καὶ
3429 2245 3580 2303 ἄλλα
3637 2247 3702 2304 δὲ

2039 2330 2234 2400 ποιῶν,
2295 2327 2364 2384 δι’
2421 2332 2494 2385 ὧν
2555 2332 2654 2386 ὅσα
2709 2333 2798 2386 καὶ
2858 2333 3037 2406 πατὴρ
3091 2336 3297 2398 τέκνοις
3351 2343 3469 2399 τοῖς
3528 2339 3700 2408 ζώοις

2039 2416 2296 2493 ἐτημέλει
2352 2419 2418 2474 τὰ
2466 2420 2776 2495 θρέψοντα.
2849 2419 3062 2480 Ἐδίδου
3122 2421 3179 2480 δέ
3239 2426 3382 2494 ζωὴν
3445 2427 3472 2481 ὁ
3531 2427 3702 2492 αὐτὸς

2037 2509 2224 2585 καιρὸς
2256 2514 2371 2571 τοῖς
2431 2508 2578 2564 οὕτω
2627 2511 2716 2565 καὶ
2775 2511 3139 2586 ἀσπαρμένοις
3193 2514 3284 2568 καὶ
3341 2511 3533 2577 ἄλλως
3593 2538 3705 2571 πε-

2039 2597 2390 2676 φυτευμένοις
2443 2599 2531 2652 καὶ
2577 2600 2647 2670 τῇ
2695 2600 2876 2664 θεόθεν
2939 2596 3215 2678 ἐπομϐρίᾳ
3271 2603 3358 2657 καὶ
3391 2604 3602 2679 χιόνων
3637 2603 3704 2660 δὶ

2039 2688 2344 2763 ψυχρότητι
2377 2686 2466 2742 καὶ
2507 2692 2740 2764 παγετοῦ
2797 2688 2887 2742 καὶ
2936 2689 3176 2765 πάχνης.
3227 2694 3320 2746 Ὧν
3375 2693 3532 2747 ὑετοῦ
3597 2694 3699 2765 μὲν

2040 2772 2180 2830 ἴδιον
2239 2775 2646 2832 ἀναπεταννύειν
2723 2776 2818 2840 τὰς
2887 2775 3120 2854 λαγόνας
3189 2778 3416 2844 εὐθέτως
3475 2785 3544 2854 τῇ
3595 2786 3697 2858 γῇ,

2036 2864 2126 2919 καὶ
2185 2863 2453 2919 λιπαίνειν
2491 2865 2566 2928 εἷς
2621 2866 2719 2935 τήν
2781 2867 3016 2922 ἐοικυῖαν
3076 2867 3313 2942 βλάστην
3345 2870 3433 2924 καὶ
3494 2870 3692 2942 αῧξηνο

2037 2948 2226 3028 χιόνος
2277 2949 2334 3008 δὲ
2362 2951 2451 3007 καί
2479 2958 2584 3008 τῶν
2636 2952 2848 3033 ἐφεξῆς,
2909 2955 3124 3031 ἐπέχειν
3182 2958 3272 3012 καὶ
3331 2965 3542 3034 μετρεῖν
3592 2959 3696 3024 τὰς

2034 3041 2288 3104 τοιαύτας
2346 3041 2626 3120 ἐκφύσεις,
2679 3041 2771 3098 ’ίνα
2833 3046 2909 3117 μὴ
2968 3045 3034 3100 τὰ
3086 3045 3224 3124 φυτᾶ
3279 3049 3695 3119 προεκθορόντα

2039 3131 2114 3193 εἷς
2184 3132 2432 3208 γέννησιν
2510 3129 2732 3208 ἄκαιρον
2805 3129 3322 3208 ἐξαμϐλώσκωνται,
3390 3138 3528 3191 καθά
3577 3158 3693 3192 που

2035 3220 2124 3276 καὶ
2153 3220 2469 3294 ἠλιτόμηνα
2498 3222 2532 3291 ἢ
2568 3221 2907 3298 ἐκτρώματα.
2943 3223 3044 3280 Καὶ
3095 3245 3164 3298 τῃ
3197 3229 3270 3299 γῇ
3319 3225 3462 3280 οὕτω
3509 3246 3692 3302 προσ-

2035 3309 2332 3388 φερόμενος
2364 3311 2392 3364 ὁ
2422 3309 2560 3365 κατᾶ
2588 3317 2838 3387 χειμῶνα
2870 3311 3094 3388 χρόνος,
3127 3311 3254 3368 οὐδὲ
3282 3315 3383 3383 τὴν
3414 3313 3693 3370 θάλασσαν

2033 3398 2280 3474 ἀμέτρως
2313 3397 2522 3468 ἐλύπει,
2553 3399 2688 3454 κατά
2714 3421 2775 3477 γε
2802 3405 2907 3455 τῶν
2941 3399 3171 3476 ἐκγόνων
3229 3402 3433 3479 ἰχθύων
3467 3404 3690 3482 ἀφόρη-

2029 3510 2123 3553 τος
2153 3487 2594 3564 ἐκθηριούμενος,
2623 3488 2712 3543 καὶ
2743 3487 2956 3544 πλοίων
2983 3487 3040 3545 δὲ
3068 3491 3157 3545 καὶ
3187 3496 3294 3546 τῶν
3329 3490 3686 3564 ἐμπλεόντων

2031 3577 2244 3654 ἐρήμην
2285 3574 2567 3640 παντελῶς
2590 3579 2759 3648 αὐτὴν
2788 3578 3186 3644 ἁποκαθιστῶν.

2103 3771 2186 3832 ιδ’.
2219 3773 2316 3829 Καὶ
2346 3777 2586 3829 τοιοῦτοι
2617 3775 2734 3847 μὶν,
2767 3773 3137 3852 ἐπιτροχάδην
3189 3775 3382 3846 εἰπεῖν,
3441 3778 3496 3832 οἱ
3557 3799 3683 3854 χει-

2030 3868 2200 3936 μῶνες
2251 3863 2466 3920 ἐκεῖνοι.
2515 3862 2585 3918 Τό
2637 3861 2693 3918 δὶ
2745 3862 2864 3940 ἔαρ,
2913 3867 2948 3935 ἡ
2995 3867 3314 3940 παμμήτωρ
3361 3871 3468 3921 τῶν
3527 3870 3684 3941 ἡμᾶς

276 3957 415 4012 anni
447 3963 679 4026 tempus
711 3955 861 4025 quod
895 3953 1149 4026 primum
1181 3972 1316 4010 cum
1369 3954 1574 4010 mundi
1626 3954 1917 4010 creatione

2040 3950 2378 4008 ςιοικούντων
2413 3951 2547 4026 ὥρα,
2588 3956 2670 4022 ρῆς
2729 3955 2895 4027 ἡμεῖς
2949 3949 3234 4033 τρόφιμοι,
3295 3955 3420 4029 ’ὀτῇ
3471 3977 3683 4030 κοσμο-

265 4045 501 4118 prodiit,
553 4043 1028 4100 vicissitudinum
1081 4043 1916 4114 anniversariarum,utipraa-

2040 4041 2176 4113 τοιίᾳ
2229 4040 2592 4116 συνεξέλαμψε
2648 4046 2888 4118 πρῶτον,
2947 4045 2981 4113 ἡ
3025 4047 3131 4097 τῶν
3179 4043 3358 4119 ὡρῶν,
3409 4047 3552 4099 καθά
3598 4068 3683 4108 τις

269 4133 422 4189 clare
455 4133 695 4204 quidam
727 4133 894 4199 dixit,
923 4133 1143 4203 regina,
1169 4133 1322 4187 inter
1342 4138 1722 4204 tempestates
1754 4133 1913 4204 priu-

2040 4129 2199 4204 iptlc'oc
2259 4128 2647 4207 ἐφιλοσόφησε,
2713 4129 2951 4205 βασιλὶς,
3011 4133 3040 4186 6
3095 4138 3395 4208 κορυφαῖος
3451 4133 3504 4188 ἐν
3560 4141 3683 4198 τοῖς

267 4239 423 4294 cepe,
457 4223 727 4294 frugibus
756 4223 973 4278 teneris
997 4222 1438 4294 jucundissima
1468 4222 1737 4292 aerisque
1765 4227 1910 4276 tem-

2040 4222 2258 4291 ιαιροῖς,
2289 4219 2316 4272 ὁ
2348 4217 2436 4273 καὶ
2465 4221 2568 4288 τὴν
2600 4217 2900 4274 ἀπόλαυσιν
2955 4217 3180 4288 ἥδιστος
3221 4221 3311 4276 καὶ
3360 4223 3459 4290 τὴν
3492 4230 3688 4296 κρᾶσιν

265 4318 606 4385 peramento
637 4312 1060 4379 amoenissima,
1093 4311 1261 4366 nobis
1309 4311 1507 4367 omnia
1550 4310 1714 4366 dedit
1759 4310 1913 4365 bona

2040 4315 2258 4384 ὶριστος,
2312 4306 2489 4362 ἐκεῖνα
2545 4308 2633 4362 καὶ
2689 4306 2827 4381 μόνα
2875 4307 3046 4364 ἐποίει
3109 4307 3159 4364 ἐν
3210 4315 3328 4372 τοῖς
3387 4310 3687 4386 ἡμετέροις

265 4402 483 4473 quibus
535 4402 684 4456 Deus
723 4417 853 4456 eam
920 4401 1206 4472 insignem
1257 4399 1512 4455 reddidit
1557 4407 1615 4455 et
1661 4416 1910 4471 quorum

2040 4398 2231 4468 ίπασιν,
2265 4391 2489 4458 ὁπόσοις
2520 4396 2610 4451 καὶ
2671 4398 2698 4452 6
2729 4397 2861 4462 Θεὸς
2906 4397 3069 4454 αὐτὸν
3127 4397 3416 4472 ἐνέλαμψε,
3475 4401 3566 4455 καὶ
3627 4403 3684 4456 οἱ

259 4491 467 4547 laudes
521 4489 951 4562 quamplurimi
1000 4489 1374 4546 celebrarunt
1425 4489 1758 4562 philosophi
1807 4491 1908 4560 qui

2040 4486 2262 4560 ιοφισταὶ
2309 4483 2496 4560 λόγοις
2551 4483 2860 4558 ἐσέμνυναν,
2895 4487 3082 4560 μυρίοι
3134 4485 3352 4542 ἐκεῖνοι·
3413 4487 3489 4542 ὧν
3545 4489 3680 4553 τοὺς

261 4581 476 4652 partim
525 4580 585 4635 in
633 4578 946 4650 vestibulo,
1000 4579 1214 4650 partim
1262 4578 1320 4634 in
1389 4579 1578 4648 adytis
1635 4577 1905 4634 Ecclesiae

2040 4575 2112 4628 ιὶν
2143 4577 2178 4644 ἡ
2219 4569 2320 4645 ἔξω
2350 4572 2492 4642 αὐλή
2543 4570 2693 4649 ἴσχε,
2723 4575 2850 4638 τοὺς
2893 4571 2951 4631 δὶ
2979 4575 3045 4630 τὰ
3072 4580 3170 4630 τοῦ
3203 4575 3483 4641 θειοτάτου
3515 4575 3676 4635 οἴκου

261 4669 567 4724 constituti
599 4669 779 4724 fuere.

333 4777 418 4830 15.
455 4775 672 4830 Deinde
704 4778 875 4830 aestas
907 4773 1259 4830 immensam
1293 4775 1610 4830 maturavit
1641 4773 1912 4845 pulcher-

258 4866 543 4921 rimarum
573 4866 805 4936 frugum
831 4865 1056 4936 copiam
1083 4881 1197 4935 qua
1220 4880 1408 4936 neque
1439 4864 1706 4935 agricolae
1727 4881 1911 4935 neque

261 4953 360 5024 qui
391 4952 509 5008 illis
532 4954 679 5009 bene
711 4954 959 5024 cupiunt
981 4953 1308 5008 uberiorem
1333 4969 1594 5024 unquam
1619 4953 1912 5010 desidera-

255 5042 466 5098 verint.
494 5043 829 5097 Autumnus
861 5042 988 5114 ipse
1018 5058 1252 5114 quoque
1299 5041 1522 5112 priores
1571 5041 1709 5096 anni
1760 5048 1909 5097 tem-

258 5135 517 5204 pestates
549 5130 812 5185 aemulari
846 5147 949 5201 pro
996 5130 1219 5186 viribus
1265 5129 1512 5185 studuit.
1564 5132 1751 5194 Quare
1791 5147 1906 5190 non

258 5221 454 5278 solum
481 5220 634 5275 bona
665 5219 931 5274 exhibuit
959 5219 1070 5273 sibi
1102 5219 1354 5290 propria,
1399 5219 1459 5273 in
1511 5219 1728 5290 quibus
1775 5235 1908 5290 spo-

258 5310 430 5366 ciosm
463 5309 729 5364 eminent
760 5325 902 5371 uvm,
939 5309 1037 5362 sed
1077 5313 1134 5362 et
1183 5309 1599 5379 praecedentem
1653 5324 1905 5363 messem

258 5398 643 5470 aseequi,imo
676 5413 953 5468 superare
987 5401 1230 5452 conatus
1259 5402 1348 5452 est
1379 5398 1610 5466 frugum
1645 5399 1908 5452 ubertate

255 5492 313 5544 et
346 5487 898 5557 pulchritudine,ita
931 5492 994 5540 ut
1023 5487 1196 5541 etiam
1233 5485 1422 5557 ipsius
1456 5501 1667 5540 nomen
1703 5484 1908 5560 (φθινό-

254 5576 464 5649 πωρον)
498 5576 738 5632 mentiri
768 5575 1368 5632 videretur.Cseterum
1389 5573 1461 5629 de
1491 5573 1565 5629 iis
1595 5589 1723 5646 quas
1745 5573 1907 5647 larga

257 5681 436 5720 manu
472 5669 644 5720 saetae
694 5663 1004 5729 obtulerat.
1063 5665 1325 5720 eumdem
1382 5662 1702 5736 perierunt.
1757 5663 1902 5721 Cum

2023 4660 2208 4719 ἄδυτα.

2097 4772 2174 4827 ιε’.
2209 4770 2284 4828 Τὸ
2317 4767 2375 4824 δὶ
2435 4768 2488 4824 ἐν
2537 4776 2654 4833 τοῖς
2709 4770 2834 4827 τότε
2887 4772 3043 4846 Θέρος
3101 4770 3342 4850 ἐνεφόρει
3399 4773 3468 4827 τὰ
3499 4772 3682 4849 ὡραῖα

2019 4864 2155 4932 ἡμῖν
2185 4859 2532 4934 παγκαρπίας
2588 4861 2823 4930 ἁπάσης,
2884 4859 3076 4915 ὁποίαν
3127 4857 3379 4936 εὔχονται
3438 4861 3493 4916 οἰ
3549 4864 3679 4938 περὶ

2020 4957 2124 5025 γῆν
2153 4969 2213 5002 τε
2241 4947 2596 5021 πονούμενοι,
2627 4949 2716 5003 καὶ
2747 4948 2864 5004 ὅσοι
2899 4946 2957 5004 δέ
2988 4947 3178 5012 ἄλλως
3231 4949 3414 5012 αὐτοῖς
3475 4949 3674 5024 ἐπιμέ-

2021 5036 2229 5093 λονται.
2263 5037 2334 5090 Τὸ
2368 5033 2425 5090 δὲ
2455 5037 2800 5114 φθινόπωρον
2841 5065 2905 5086 ι-
2957 5036 3103 5093 ἀλλὰ
3149 5039 3239 5093 καὶ
3296 5037 3426 5094 αὐτὸ
3485 5039 3682 5113 ἐρίζειν

2021 5124 2188 5202 ᾔθελε
2233 5131 2352 5188 ταῖς
2413 5126 2897 5203 προηγησαμέναις
2955 5123 3147 5202 ὥραις,
3208 5127 3286 5189 είς
3343 5127 3468 5183 ὅσον
3530 5128 3676 5199 ἐξῆν.

2021 5217 2118 5271 Καὶ
2149 5213 2212 5268 ού
2245 5213 2407 5287 μόνον
2458 5215 2520 5270 τὸ
2568 5215 2714 5287 αὐτῷ
2766 5217 2966 5286 ἀνῆκον
3012 5216 3180 5271 καλὸν
3236 5213 3436 5284 ἐδίδου,
3491 5218 3568 5272 ὧν
3614 5219 3677 5273 τὸ

2017 5303 2282 5378 ἐξαίρετον
2315 5305 2369 5358 αἱ
2400 5303 2562 5360 καλαὶ
2594 5303 2879 5383 σταφυλαί·
2917 5303 3064 5360 ἀλλὰ
3091 5305 3182 5360 καὶ
3210 5309 3280 5379 τῇ
3339 5305 3446 5379 πρὸ
3502 5307 3674 5377 αὐτῆς

2022 5393 2214 5468 ὀπώρᾳ
2271 5391 2600 5468 ἐφιλονείκει
2649 5413 2765 5456 πως
2799 5392 3129 5464 ἐξισοῦσθαι,
3187 5393 3533 5469 όπωρίζουσα
3584 5397 3671 5451 καὶ

2015 5483 2177 5550 αὐτὴ,
2236 5482 2327 5536 καὶ
2383 5479 2588 5550 ἡδονὴν
2643 5482 2964 5558 πορίζουσα,
3017 5482 3092 5544 εἷς
3161 5482 3286 5538 ὅσον
3342 5484 3432 5538 καὶ
3486 5480 3666 5539 δοκεῖν

2014 5567 2301 5646 ψεύδεσθαι
2356 5571 2417 5626 τὸ
2449 5570 2820 5649 φθινόπωρον.
2854 5572 3200 5648 Ἐνοσφίζετο
3249 5569 3307 5628 δέ
3332 5593 3384 5627 τι
3437 5573 3527 5628 καὶ
3569 5577 3664 5638 τῆς

2015 5661 2232 5737 θερινῆς
2272 5661 2630 5734 σεμνότητος.
2673 5662 2736 5718 Ἣ
2784 5661 2888 5739 γὰρ
2947 5660 3144 5719 ἐκεῖθεν
3202 5662 3548 5740 πανσπερμία
3600 5662 3662 5720 τὸ
