4028 6202
258 327 380 388 549

1247 316 1542 380 ORATIO
1584 316 1800 377 ANNO
1844 314 2347 380 AUSPICANDO
2392 317 2708 380 HABI'I‘A.

3559 318 3681 377 550

263 454 460 533 μυρίον
517 458 615 510 τοῦ
669 454 789 509 κατ’
841 451 1008 522 αύτήν
1064 449 1316 526 χύματος
1364 447 1788 522 παρεκτείνουσα
1833 445 1913 510 εἷς

2041 451 2184 506 anim
2217 451 2480 508 continui
2510 451 2883 529 acciduerent
2914 449 3154 517 imbres,
3190 451 3425 520 tempus
3472 449 3683 506 messi-

263 543 472 621 μακρόν
517 566 570 599 τι
616 542 844 619 χρόνου,
893 540 1108 602 ἅλωνάς
1159 560 1218 594 τε
1266 537 1532 612 ἐπλήρου,
1565 533 1654 590 καί
1702 539 1772 610 τῇ
1810 539 1918 590 τῶν

263 635 594 712 δραγμάτων
645 625 905 706 συντριϐῇ
954 630 1047 692 τὰς
1100 629 1382 698 ἀποθήκας
1433 626 1626 699 μεστὰς
1659 624 1921 695 ἐποιεῖτο,

266 724 309 782 ἐξ
339 726 484 786 τινὲς
517 743 621 778 που
665 721 753 776 καὶ
803 721 954 795 εἶχον
994 718 1303 790 κενώματα.
1352 718 1482 778 Τοῖς
1527 715 1627 791 γὰρ
1675 713 1920 769 πλείοσιν

266 816 596 888 ἀνηρευνᾶτο
644 810 733 865 καὶ
785 810 995 884 ἀγγεῖα,
1046 804 1336 882 χωροῦντα
1380 804 1442 858 τὸ
1485 811 1585 872 τῆς
1627 811 1730 878 γῆς
1777 802 1922 858 πολὺ

267 901 528 974 δεξίωμα.
588 901 718 976 Εἶχε
775 895 831 952 δὲ
881 919 935 952 τι
987 896 1078 951 καὶ
1135 894 1271 950 κατά
1340 897 1436 948 τοῦ
1491 891 1647 968 ἔαρος
1705 895 1740 961 ἡ
1798 891 1923 946 τότε

266 993 459 1068 φθινας
502 997 603 1058 τῆς
651 989 870 1063 ὀπώρας
917 983 1295 1048 νεανιεύεσθαι.
1328 986 1412 1056 Τῇ
1445 983 1549 1058 γὰρ
1586 981 1660 1043 εἷς
1691 979 1922 1035 διπλοῦν

266 1081 494 1160 εύιρορίᾳ
540 1076 653 1134 ἔνια
707 1082 816 1132 τῶν
875 1080 1055 1154 φυτῶν
1117 1071 1470 1138 ἐπανθοῦντα,
1531 1073 1642 1126 εἶτα
1698 1072 1787 1125 καὶ
1845 1069 1922 1131 εἷς

261 1156 474 1246 καρπὸν
550 1164 1040 1244 παραγγέλλοντα,
1117 1162 1408 1238 ἐνεαρίάιιν
1488 1161 1669 1235 ὥσπερ
1742 1156 1922 1214 ἐδίδου

260 1259 391 1322 τοὺς
451 1257 614 1318 αύτάς
675 1255 996 1330 βλέποντας.
1057 1252 1240 1310 Ἐνίκα
1291 1249 1348 1306 δὲ
1407 1249 1562 1323 ὅμως
1622 1252 1690 1323 τῇ
1749 1246 1921 1322 λοιπῇ

263 1348 491 1420 εύθηνίᾳ
517 1351 586 1420 τῇ
620 1339 943 1421 ὑπερϐλύσει
973 1346 1071 1397 τοῦ
1099 1340 1367 1416 γλεύκους
1398 1337 1571 1412 ὁλκῷ.

339 1545 430 1609 ις’.
455 1543 554 1598 Καὶ
583 1545 810 1598 τοιαῦτα
861 1539 955 1612 μὶν
1003 1541 1142 1612 ἡμῖν
1189 1537 1257 1591 τὰ
1307 1535 1413 1612 πρὸ
1451 1533 1682 1597 τούτων,
1716 1531 1804 1588 ὅτε
1833 1535 1919 1588 καὶ

267 1633 555 1708 εύλογεῖτο
597 1630 686 1686 καὶ
737 1623 950 1702 ιύλόγει
991 1629 1019 1682 ὁ
1066 1627 1215 1694 Θεὸς,
1260 1625 1350 1680 καὶ
1400 1619 1694 1698 λαμϐάνων
1728 1620 1924 1678 ἀντεδί-

268 1721 389 1780 δου.
448 1723 624 1780 Τανῦν
680 1717 737 1774 δὲ
793 1713 1007 1772 ἄναλλα
1052 1716 1252 1783 πάντα,
1306 1714 1336 1768 ’ὁ
1376 1710 1443 1784 δὴ
1495 1711 1729 1788 λέγεταί.
1780 1710 1924 1766 Ψεύ-

2032 539 2143 596 bus
2175 519 2888 596 condendis‘destinatum
2922 538 3144 594 diutius
3194 519 3455 610 protrahi
3515 554 3683 610 opor-

2031 628 2438 684 tuit.ALtamen
2466 630 2624 684 etsic
2645 630 2852 684 horrea
2869 627 3171 700 completa
3207 631 3482 697 eunt,nec
3513 627 3684 682 mini-

2033 734 2195 773 mum
2263 718 2497 790 quidem
2565 719 2969 790 granariorum
3029 718 3139 771 fuit
3195 718 3453 788 spatium
3529 717 3682 789 quod

2030 824 2280 862 vacuum
2349 806 2798 878 relinqueretur.
2862 806 3027 861 Multi
3086 807 3264 860 etiam
3323 807 3686 877 lconquirere

2033 896 2361 950 debuerunt
2415 912 2554 950 vasa
2609 896 2827 966 quibus
2858 900 3020 950 terra:
3053 896 3378 950 ubertatem
3411 895 3685 950 reconde-

2035 988 2181 1040 rent.
2219 985 2494 1040 Praeterea
2529 989 2852 1039 autumnus
2911 983 3007 1038 ille
3061 983 3214 1038 veris
3274 983 3461 1038 instar
3516 982 3686 1055 quasi

2033 1074 2470 1143 rejuvenescere
2525 1076 2719 1144 ccepit.
2779 1072 3033 1127 Arbores
3090 1072 3244 1127 enim
3293 1075 3557 1142 quaedam
3590 1088 3686 1127 se-

2033 1163 2224 1216 cunda
2249 1163 2371 1216 vice
2402 1162 2644 1216 ﬂoribus
2674 1165 2968 1216 tumentes
2999 1161 3223 1216 fructus
3275 1161 3491 1216 iterum
3547 1177 3686 1232 pro-

2033 1251 2341 1318 miserunt,
2397 1252 2476 1306 ita
2525 1255 2589 1305 ut
2639 1254 2996 1322 spectatores
3051 1265 3294 1305 vernum
3336 1256 3570 1322 tempus
3601 1266 3687 1305 re-

2031 1339 2214 1395 diisse
2244 1343 2534 1411 putarent.
2569 1343 2831 1395 Attamen
2867 1339 3190 1394 fecunditas
3219 1342 3558 1411 antegressa
3588 1355 3688 1394 no-

2033 1445 2163 1483 vam
2197 1429 2554 1484 fertilitatem
2588 1427 2868 1483 cohibuit.

2108 1535 2189 1590 16.
2223 1535 2387 1590 Talia
2417 1534 2555 1590 olim
2587 1535 2757 1590 nobis
2797 1534 3189 1606 contigerunt,
3243 1537 3476 1608 quando
3533 1537 3688 1594 Deus

2035 1627 2091 1680 et
2143 1624 2597 1680 benedicehatur
2651 1628 2707 1680 et
2753 1624 3157 1695 benedicehat,
3189 1629 3366 1697 atque
3395 1627 3690 1698 accipiens

2035 1713 2407 1785 rependehat.
2433 1712 2598 1768 Nunc
2623 1729 2755 1769 vero
2787 1729 3030 1784 prorsus
3062 1715 3422 1770 contrarium
3456 1715 3686 1771 accidit.

269 1810 454 1868 δονται
502 1810 603 1885 γὰρ
655 1807 711 1863 αἲ
753 1809 890 1884 ὧραι
941 1807 1008 1860 τὰ
1059 1806 1174 1860 κατ’
1227 1802 1389 1865 αὐτὰς
1429 1801 1787 1878 ἐνεργήματα.
1821 1803 1926 1857 Καὶ

2041 1802 2302 1873 Namque
2333 1802 2470 1858 anni
2501 1806 2766 1875 tempora
2789 1803 2905 1858 vim
2937 1819 3004 1858 ac
3057 1807 3326 1859 naturam
3384 1804 3495 1860 sibi
3551 1822 3692 1877 pro-

269 1903 297 1958 ὁ
334 1901 430 1975 μὶν
463 1899 753 1976 χειμέριος
796 1896 1005 1970 καιρὸς,
1047 1892 1224 1971 ἀφιεὶς
1273 1893 1372 1962 τήν
1421 1892 1536 1946 κατ’
1571 1890 1728 1946 αὐτὸν
1767 1891 1925 1967 ὑγρό-

265 2010 432 2061 τητα,
466 1985 537 2043 δι’
564 1988 624 2056 ἣν
658 1986 735 2048 ὡς
783 1981 1002 2051 πολλὴν
1054 1982 1220 2052 αὐτὴν
1254 2004 1282 2034 ‹‹
1313 1981 1596 2055 καταχὲων
1633 2003 1659 2031 u
1690 1986 1790 2050 τῆς
1821 1987 1927 2056 γῆς

270 2078 589 2152 ὠνόμασται
646 2099 674 2130 α
720 2073 958 2150 χειμὼν,
1002 2095 1030 2123 ››
1083 2071 1158 2134 εἷς
1212 2070 1427 2145 αὐχμὸν
1488 2069 1924 2142 μετεσκεύασται.

268 2169 370 2224 Καὶ
406 2166 524 2222 ἀντὶ
556 2163 751 2235 πηλῶν
782 2162 874 2216 καὶ
918 2159 1231 2234 τελμάτων,
1277 2156 1347 2214 δι’
1395 2159 1470 2212 ὧν
1521 2161 1556 2228 ἡ
1589 2164 1662 2232 γῆ
1707 2177 1929 2232 συνεχο-

273 2258 412 2331 μένη
490 2254 638 2310 κάτω
714 2253 860 2326 μένει
937 2249 1323 2327 βαρυνομένη,
1377 2248 1772 2302 κατακόπτεται
1850 2245 1926 2309 εἷς

268 2345 446 2414 κόνιν,
504 2341 690 2404 καλῶς
747 2339 808 2394 ἃν
865 2338 1007 2394 εἴποι
1063 2360 1172 2409 τις,
1231 2338 1472 2412 θερινὴν,
1522 2338 1556 2406 ἣ
1599 2336 1690 2391 καὶ
1743 2336 1818 2398 ὡς
1851 2335 1926 2397 εἷς

268 2433 512 2505 ἀτόμους
571 2429 1014 2502 λεπτοτομεῐται.
1067 2431 1120 2480 '0
1179 2424 1236 2481 δὲ
1293 2425 1398 2500 ἀήρ
1456 2425 1523 2480 τὰ
1588 2422 1775 2480 πολλά
1831 2425 1923 2497 μὶν

273 2521 535 2600 βούλεται
592 2520 730 2594 πρὸς
803 2516 1020 2593 ἐαρινήν
1079 2516 1113 2586 ἢ
1171 2514 1260 2570 καὶ
1334 2514 1549 2590 θερινὴν
1601 2514 1927 2568 κατάποσιν

272 2613 692 2685 ἑξημεροῦσθαν
725 2606 816 2663 ὅτε
858 2603 916 2660 δὲ
964 2605 1054 2660 καὶ
1107 2603 1430 2678 ἐνθυμηθείη
1493 2603 1708 2679 χειμὼν
1768 2603 1930 2664 αὐτὸς

274 2701 435 2767 εἶναι,
487 2696 634 2753 ἀλλὰ
679 2691 802 2751 τὸτε
854 2692 1241 2770 ὑπερεπιτείνει
1284 2693 1493 2761 ἑαυτὸν,
1526 2691 1616 2746 καὶ
1665 2693 1729 2746 ού
1766 2691 1930 2764 μόνου

277 2788 514 2864 ούρανοῦ
567 2784 774 2862 γίνεται
831 2781 990 2859 ἄχος,
1051 2781 1174 2852 ὂδή
1228 2803 1311 2844 τις
1370 2777 1496 2859 ἔφη,
1553 2778 1817 2836 ἀλλὰκαὶ
1869 2781 1932 2834 τὸ

282 2877 447 2944 μέσον
481 2877 650 2932 αὐτοῦ
680 2873 768 2929 καὶ
811 2880 912 2950 γῆς
965 2872 1101 2926 ἅπαν
1153 2875 1309 2946 χῦμα
1358 2870 1600 2945 συγχέει,
1634 2869 1724 2924 καὶ
1758 2868 1932 2931 οὕτως

278 2966 480 3042 ἀπάγει
532 2969 630 3020 τοῦ
684 2962 886 3024 παντὸς
940 2960 1002 3016 τὸ
1058 2959 1286 3033 κόσμιον
1334 2956 1528 3032 ὄνομα.
1579 2959 1691 3015 Οοῦ
1738 2958 1837 3034 γὰρ
1871 2958 1929 3013 ἃν

278 3053 363 3112 ἔτι
405 3051 615 3127 κόσμος
657 3053 718 3107 τὸ
765 3056 894 3123 πᾶν,
945 3043 1071 3114 ἔνθα
1123 3047 1327 3125 ἐσχάτη
1382 3047 1616 3121 ἀκοσμία
1665 3068 1934 3102 κατακαυ-

274 3152 486 3222 χᾶται;
521 3141 772 3199 Θάλαστα
801 3137 858 3196 δὲ
905 3139 994 3195 καὶ
1045 3137 1180 3206 αύτή
1224 3140 1514 3208 τηνικαῦτα
1559 3136 1622 3191 τὸ
1665 3136 1930 3211 ζωογόνον
1963 3165 2006 3232 C

269 3220 365 3290 καὶ
397 3239 477 3306 τῷ
515 3231 710 3305 κόσμῳ
759 3229 941 3308 φίλιον
999 3226 1351 3302 ἀπολὲγιται,
1409 3221 1772 3281 ἀναϐαίνουσα
1827 3220 1929 3289 ἕως

267 3328 382 3379 τῶν
445 3321 710 3399 ούρανῶν,
766 3319 854 3374 καὶ
913 3322 1034 3381 τοῖς
1081 3316 1376 3392 σχίσμασιν
1424 3313 1782 3371 ὑποδεικνῦσα
1839 3337 1931 3391 γυ-

272 3414 418 3488 μνήν
469 3412 568 3480 τὴν
618 3404 872 3478 ἄϐυσσον,
924 3407 1000 3469 ὡς
1046 3411 1162 3468 τοῖς
1219 3405 1312 3478 μὲν
1371 3404 1635 3481 λαχοῦσιν
1670 3403 1929 3478 ἐμπλέειν

265 3504 365 3558 τὸν
412 3498 587 3572 ⁸’ᾼδην
634 3497 1126 3573 ἀποκληροῦσθαι,
1182 3497 1320 3550 κατά
1370 3496 1434 3550 τὸ
1487 3494 1658 3564 πάντη
1721 3494 1931 3567 ὁμολο-

265 3592 565 3668 γούμενονο
615 3594 731 3650 τοῖς
775 3584 833 3642 δὲ
880 3587 997 3641 κατ’
1045 3585 1212 3654 αὐτὴν
1266 3585 1427 3654 ζώοις
1489 3585 1564 3658 μὴ
1629 3585 1797 3657 μόνον
1855 3585 1929 3657 μή

265 3681 468 3754 ἐξεῖναι
518 3677 643 3752 περὶ
690 3677 858 3745 αὐτὴν
910 3673 1166 3748 ἐλεύθερα
1219 3669 1510 3750 διατρίϐειν
1562 3673 1642 3728 ἐπ’
1689 3670 1932 3748 ὠφελείᾳ

266 3773 459 3843 ἡμῶν,
517 3766 663 3822 ἀλλὰ
713 3762 853 3839 μηδὲ
905 3760 1076 3840 ἔχειν,
1125 3761 1262 3818 ὅπου
1308 3759 1607 3818 καταδύντα
1651 3763 1927 3838 περιέσον-

265 3879 386 3914 ται.
449 3856 548 3912 Καὶ
606 3853 749 3910 οὕτω
811 3855 904 3928 μὲν
963 3853 1052 3908 καὶ
1109 3855 1144 3922 ἡ
1203 3850 1444 3908 Θάλασσα
1504 3853 1929 3929 ὑπερμὲμηνεν,

269 3946 456 4003 οὐκέτι
484 3941 599 4001 οὐδ’
627 3942 762 4014 αὕτη
813 3941 947 3998 οῦσα
1001 3940 1133 4018 ὅπερ
1168 3942 1272 3996 ὑπὸ
1320 3945 1454 3997 Θεοῦ
1493 3943 1739 3997 τέτακται
1772 3942 1927 3997 εἶναι.

266 4031 540 4112 Τῇγῇδὲ
595 4031 741 4088 ἄλλα
796 4031 1131 4110 ἰπιφορεῖται
1192 4029 1360 4099 δεινὰ,
1409 4035 1515 4085 τῶν
1573 4031 1668 4104 μὲν
1721 4031 1930 4107 ἀνθρώ-

269 4147 388 4181 πων
450 4122 754 4179 ὁκνούντων
817 4120 974 4188 εἶναι,
1034 4119 1082 4174 εἲ
1132 4121 1199 4174 τὰ
1255 4121 1461 4184 τοιαῦθ’
1518 4119 1661 4176 οὕτω
1706 4121 1927 4196 γίνεται⁸

269 4219 376 4268 τῶν
413 4211 460 4267 δ’
521 4209 710 4266 ἄλλων
769 4210 921 4279 ζώων
981 4205 1112 4281 μηδ’
1171 4209 1348 4264 αὐτῶν
1382 4208 1656 4284 ,ὲτεροίως
1689 4207 1928 4285 ἐχόντων

272 4302 491 4376 (οὐκοῦν
542 4297 669 4356 οιῖδὶ
712 4297 988 4376 φαίνονται
1041 4303 1160 4359 τοῖς
1211 4319 1269 4352 τε
1327 4302 1602 4369 ζητοῦσιν,
1663 4298 1931 4364 ἀλλὲιτάς

268 4398 373 4447 τῶν
407 4388 638 4446 πολλῶν
695 4383 846 4461 ὄψεις
901 4385 1333 4461 ἀποκρύπτονται
1384 4383 1570 4448 ἄλλως
1601 4383 1788 4460 ἄλλαγ
1822 4391 1929 4441 τῶν

273 4478 328 4536 δὲ
354 4484 564 4559 φυτῶν,
616 4481 722 4531 τῶν
758 4497 817 4530 τε
881 4473 1161 4550 μεγάλων,
1218 4479 1326 4530 τῶν
1373 4496 1432 4530 τε
1479 4476 1676 4549 μέσων,
1707 4473 1799 4530 καῖ
1830 4473 1927 4530 ὅσα

273 4567 329 4626 δὲ
387 4569 463 4630 εἰς
523 4573 623 4644 γῆν
677 4569 1073 4634 ταπεινοῦνται,
1137 4560 1244 4620 εἴτε
1293 4565 1598 4644 αὐτοφυῶς,
1643 4562 1750 4620 εἴτε
1796 4564 1932 4620 κατᾶ

271 4655 499 4732 τέχνην,
552 4651 889 4729 βιαζομένων
946 4649 1237 4706 ἐκσπᾶσθαι
1290 4655 1388 4718 τῆς
1442 4653 1651 4727 μητρὸς
1699 4659 1823 4728 γῆς.
1857 4653 1931 4714 ὡς

273 4742 562 4818 ψεύδεσθαι
611 4742 701 4796 τὸν
749 4744 996 4796 τοιοῦτον
1043 4746 1294 4816 χειμῶνα
1340 4741 1403 4796 τὸ
1463 4739 1671 4816 ἱλαρὸν,
1723 4740 1810 4796 ὅτε
1839 4741 1928 4796 καὶ

275 4835 574 4911 παραφήνῃ
619 4831 740 4885 τινὰ
790 4831 1130 4903 ἡμερότητα,
1180 4830 1268 4885 καὶ
1314 4832 1454 4903 μήτε
1501 4830 1563 4884 τὸ
1614 4831 1928 4907 χειμερινὸν

273 4923 464 4999 ἄγριον
525 4918 825 4995 μετριάζειν
881 4916 1121 4992 ἀληθῶς,
1175 4921 1314 4993 μήτε
1357 4921 1418 4974 τὸ
1463 4923 1633 4995 πρᾶον
1667 4919 1930 4992 ἐπαληθε-

273 5013 474 5081 ζεσθαι.
511 5013 624 5065 Ποῦ
652 5007 753 5086 γὰρ
784 5013 955 5084 πρᾶον
986 5007 1049 5062 τὸ
1080 5007 1154 5070 εἷς
1177 5009 1311 5063 ἅπαν
1341 5006 1626 5085 ὁλὲθριονς

345 5210 428 5278 ιζ’,
507 5201 893 5276 Διαδεξάμενος
956 5199 1015 5257 δὲ
1089 5203 1180 5258 τὸν
1217 5201 1358 5258 οὕτω
1433 5205 1626 5281 πικρὸν
1677 5209 1929 5280 χειμῶνα

272 5298 300 5352 ὁ
353 5301 452 5351 τοῦ
512 5291 672 5367 ἔαρος
726 5291 1068 5367 γλυκασμὸς,
1130 5290 1394 5364 ἐξίσταται
1452 5293 1542 5348 καὶ
1617 5293 1776 5356 αὐτὸς
1833 5297 1929 5348 τοῦ

274 5389 530 5460 καθαρῶς
607 5382 922 5456 γλυκάζειν.
975 5385 1080 5436 Τοῦ
1151 5381 1250 5458 γὰρ
1327 5388 1608 5459 χειμῶνος
1672 5384 1772 5451 τὴν
1827 5390 1926 5459 γῆν

276 5473 676 5548 συμπιὲσαντος
743 5472 832 5526 καὶ
902 5469 1259 5544 πιλήσαντος,
1337 5473 1411 5534 ὡς
1488 5473 1564 5546 μὴ
1634 5469 1926 5543 δυνηθῆναι

276 5564 446 5633 αὐτὴν
491 5559 759 5635 ἀναμύσαι
808 5558 884 5622 εἷς
941 5558 1236 5635 βλάστησιν
1293 5560 1476 5638 χλόης
1503 5605 1516 5632 ,
1567 5561 1667 5617 οὐκ
1709 5559 1826 5638 ἔχει
1865 5564 1928 5618 τὸ

277 5649 750 5728 ἰκτραφησόμινον
805 5645 932 5705 ούδὶ
976 5650 1012 5718 ἡ
1071 5649 1207 5706 κατά
1253 5651 1317 5706 τὸ
1371 5646 1464 5724 ἔαρ
1522 5649 1657 5726 ὥραο
1717 5649 1774 5706 εἷ’
1821 5672 1928 5708 που

2037 1890 2225 1963 priam
2284 1890 2440 1947 haud
2475 1891 2730 1964 amplius
2762 1896 3055 1948 exserunt.
3088 1893 3343 1965 Tempus
3375 1893 3690 1951 hibernum

2037 1983 2262 2035 tantum
2299 1980 2462 2035 abest
2503 1984 2569 2036 ut
2626 1981 2954 2036 naturalem
3015 1981 3451 2050 humiditatem,
3511 1999 3689 2056 quam

2037 2070 2271 2125 abunde
2327 2069 2387 2125 in
2443 2074 2658 2125 terram
2719 2070 3038 2125 demittens
3090 2071 3413 2145 (καταχὲων)
3478 2089 3690 2128 nomen

2040 2156 2296 2231 (χειμὼν)
2328 2157 2561 2230 accipit,
2595 2159 2862 2226 retineat,
2897 2163 2957 2213 ut
3001 2159 3193 2230 potius
3249 2161 3308 2214 in
3369 2160 3690 2216 siccitatem

2036 2251 2496 2303 transmutatum
2559 2247 2655 2302 sit.
2709 2252 2818 2302 Pro
2879 2247 3090 2303 lutosis
3150 2247 3464 2320 paludibus
3493 2254 3550 2304 et
3575 2267 3692 2305 cce-

2039 2337 2202 2392 nosis
2267 2336 2514 2392 eentinis
2585 2336 2806 2407 quibus
2864 2341 3019 2392 terra
3077 2336 3362 2392 inundata
3417 2339 3692 2395 deorsum

2039 2425 2447 2497 comprimitur
2476 2430 2653 2496 atque
2685 2425 2966 2490 subsidet,
3002 2426 3058 2480 in
3096 2425 3394 2498 pulverem
3424 2427 3693 2484 aestivum

2041 2533 2171 2572 eam
2203 2517 2547 2582 comminui,
2585 2521 2686 2572 ant
2717 2517 2773 2571 in
2809 2523 3006 2572 atoma
3038 2516 3274 2572 dissolvi
3295 2519 3426 2585 jure
3457 2518 3693 2574 dixeris.

2040 2611 2218 2662 Porro
2252 2607 2381 2676 ejus
2413 2606 2728 2678 temperies
2756 2611 2876 2661 tam
2915 2606 3076 2662 mitis
3108 2611 3218 2674 est,
3251 2613 3314 2661 ut
3336 2607 3451 2662 veri
3503 2607 3696 2679 potius

2039 2695 2129 2750 vel
2186 2695 2371 2751 aestati
2406 2695 2712 2751 convenire
2739 2695 3022 2750 videatur.
3054 2697 3293 2760 Quando
3324 2700 3518 2753 autem
3553 2698 3696 2754 forte

2041 2784 2252 2840 hiemis
2284 2789 2476 2856 partes
2507 2800 2678 2854 agere
2709 2800 2907 2840 revera
2953 2789 3216 2855 conatur,
3271 2791 3414 2840 tunc
3469 2803 3697 2842 omnem

2042 2873 2280 2928 modum
2313 2873 2560 2937 excedit,
2592 2889 2697 2927 nec
2728 2876 2957 2928 tantum
2990 2873 3248 2940 tristitia,
3274 2877 3338 2930 ut
3368 2874 3452 2929 ira
3481 2874 3697 2946 dicam,

2044 2962 2296 3018 afﬁcitur
2325 2961 2560 3026 cmlum,
2595 2961 2694 3016 sed
2728 2961 2904 3017 etiam
2947 2961 3229 3033 quidquid
3289 2962 3554 3018 humoris
3611 2967 3700 3019 est

2043 3051 2197 3108 inter
2227 3052 2421 3124 ipsum
2453 3066 2517 3107 ac
2549 3055 2764 3106 terram
2797 3051 3063 3119 effundit,
3098 3050 3179 3106 ita
3235 3059 3297 3108 ut
3356 3053 3693 3108 universum

2045 3143 2136 3197 vix
2168 3141 2372 3196 mundi
2405 3157 2618 3196 nomen
2655 3145 2964 3196 mercatur.
2987 3140 3134 3204 Quid
3167 3140 3325 3196 enim
3358 3142 3700 3198 universum

2045 3231 2238 3286 adhuc
2271 3231 2528 3286 mundus
2560 3228 3077 3302 appellabitur,ubi
3110 3245 3346 3285 summa
3376 3231 3700 3288 immundi-

2043 3321 2154 3375 ties
2188 3317 2713 3385 insolescitPQuin
2771 3322 2831 3372 et
2889 3335 3048 3374 mare
3104 3318 3298 3391 ipsum
3358 3319 3473 3375 vim
3530 3337 3700 3376 suam

2044 3407 2333 3463 viviﬁcam
2392 3411 2448 3462 et
2514 3423 2652 3479 erga
2683 3406 2954 3462 homines
2981 3407 3296 3479 benignam
3327 3412 3466 3464 tunc
3525 3409 3705 3480 exuit,

2043 3497 2219 3551 modo
2252 3496 2322 3551 ad
2355 3495 2562 3550 coelum
2598 3495 3022 3562 intumescens,
3054 3496 3226 3551 modo
3260 3497 3330 3551 ad
3384 3502 3704 3555 extremam

2044 3585 2240 3655 abyssi
2301 3583 2757 3656 profunditatem
2819 3584 3152 3653 dehiscens,
3215 3585 3296 3641 ita
3325 3590 3389 3640 ut
3413 3587 3516 3658 qui
3548 3587 3605 3643 in
3639 3605 3706 3646 eo

2043 3673 2321 3745 navigant
2371 3673 2441 3728 ad
2501 3673 2719 3728 inferos
2777 3673 3012 3729 detrudi
3069 3678 3368 3746 putentur,
3427 3675 3708 3733 animalia

2044 3767 2242 3818 autem
2287 3762 2539 3833 marina,
2573 3761 2812 3817 utilitati
2845 3767 3056 3817 nostris
3084 3762 3482 3828 inservieutia,
3517 3782 3704 3837 neque

2044 3852 2302 3924 amplius
2335 3851 2515 3907 libere
2546 3851 2625 3906 ibi
2653 3852 2875 3907 versari
2910 3857 3154 3923 queant,
3209 3869 3400 3925 neque
3459 3853 3704 3911 latibula

2041 3941 2299 3998 habeant
2329 3941 2427 3996 ubi
2461 3957 2665 3996 secure
2698 3940 3001 3996 recondita
3032 3941 3223 3997 vivere
3256 3943 3701 4013 possint.Terrae

2041 4035 2237 4086 autem
2271 4029 2387 4085 alia
2414 4029 2764 4102 inﬂiguntur
2809 4029 2981 4084 mala.
3043 4031 3285 4096 Quando
3344 4032 3499 4086 enim
3560 4030 3702 4088 talia

2041 4119 2612 4187 eveniunt,homines
2631 4119 2836 4174 devita
2865 4135 2974 4174 sua
2999 4120 3518 4189 timent;animalia
3542 4119 3698 4178 idem

2040 4225 2283 4280 prorsus
2343 4207 2629 4278 sentiunt,
2691 4225 2874 4279 quare
2931 4225 3036 4265 nec
3096 4210 3492 4281 quaerentibus
3525 4228 3702 4284 appa-

2039 4302 2190 4368 rent,
2223 4298 2323 4353 sed
2356 4297 2428 4352 ab
2459 4296 2767 4351 hominum
2802 4301 3117 4370 conspectu
3179 4297 3294 4353 alia
3347 4299 3515 4354 aliter
3571 4316 3699 4356 sese

2039 4387 2447 4449 abscondunt;
2482 4384 2693 4459 plantae
2725 4390 2920 4442 autem
2954 4391 3011 4442 et
3043 4404 3267 4460 magnae
3301 4393 3355 4443 et
3389 4387 3590 4443 media:
3643 4393 3700 4445 et

2040 4493 2170 4548 quae
2201 4476 2270 4530 ad
2304 4481 2516 4531 terram
2547 4479 2811 4548 serpunt,
2845 4492 2948 4531 seu
2982 4476 3346 4547 naturaliter,
3379 4493 3478 4532 seu
3514 4476 3695 4532 artiﬁ-

2042 4567 2218 4633 ciose,
2250 4582 2318 4620 ex
2349 4563 2506 4620 alma
2536 4568 2692 4620 terra
2722 4563 3002 4620 violenter
3031 4565 3382 4621 evelluntur.
3419 4566 3699 4622 Mentitur

2040 4653 2334 4709 interdum
2369 4651 2500 4708 talis
2533 4653 2720 4708 hiems
2759 4651 3080 4721 lenitatem,
3141 4655 3280 4709 dum
3347 4653 3568 4725 aliquid
3627 4655 3698 4712 de

2039 4743 2228 4816 rigore
2288 4759 2394 4798 suo
2454 4741 2702 4796 remittit
2733 4758 2746 4796 ε
2783 4758 2978 4797 revera
3027 4747 3222 4798 autem
3256 4760 3359 4798 nec
3392 4743 3597 4814 frigus,
3632 4747 3698 4798 ut

2041 4833 2224 4900 decet,
2293 4831 2606 4887 hibernum
2657 4835 3028 4903 attemperat,
3090 4848 3278 4904 neque
3347 4833 3496 4886 serio
3553 4831 3695 4905 agit,

2039 4923 2275 4997 quando
2331 4921 2845 4977 mansuetudinem
2907 4921 3170 4978 simulat.
3205 4924 3505 4988 Quomodo
3535 4925 3695 4981 enim

2041 5010 2557 5068 mansuetudinem
2591 5009 2806 5066 dixeris
2851 5010 2948 5067 ubi
3005 5012 3203 5068 omnia
3259 5013 3329 5068 ad
3391 5012 3696 5070 interitum

2038 5105 2286 5175 vergunt
2309 5099 2332 5156 Ρ

2110 5210 2194 5265 l7.
2231 5209 2494 5265 Hiemem
2526 5211 2722 5264 autem
2754 5208 3022 5264 acerbam
3082 5209 3309 5281 excepit
3348 5225 3446 5265 ver
3500 5209 3693 5278 dulce,

2041 5299 2193 5370 quod
2256 5303 2447 5353 tamen
2486 5313 2682 5353 revera
2715 5295 2883 5352 dulce
2909 5313 2974 5352 ac
3007 5305 3380 5354 mansuetum
3413 5314 3528 5354 non
3560 5297 3694 5353 fuit.

2039 5389 2182 5445 Cum
2213 5394 2368 5443 enim
2398 5395 2552 5442 terra
2600 5386 2844 5442 hiberno
2903 5391 3164 5459 tempore
3221 5388 3303 5443 ita
3359 5402 3698 5458 compressa

2040 5477 2689 5548 constrictaquejacuit,
2724 5483 2786 5532 ut
2807 5475 2877 5532 ad
2906 5476 3240 5547 plantarum
3265 5478 3693 5534 incrementum

2038 5567 2185 5622 nihil
2219 5583 2460 5637 prorsus
2491 5565 2679 5620 facere
2707 5565 2982 5636 potuerit,
3040 5571 3181 5622 tunc
3231 5582 3374 5622 sane
3432 5581 3537 5621 nec
3594 5582 3694 5622 ver

2037 5654 2278 5713 habebit
2307 5654 2464 5725 quod
2497 5653 2750 5723 nutriat;
2784 5656 2877 5712 sin
2899 5653 3158 5724 habebit,
3199 5654 3439 5712 omnino
3495 5654 3688 5713 debile
