4028 6202
405 315 517 374 551
1186 307 1610 373 EUSTATHII
1659 307 2062 370 THESSALO

2182 307 2429 373 IENSIS
2471 309 2533 372 Μ
2543 312 3061 374 ΕΤΒοΡοιῐΤΑῑ
3677 325 3777 388 552

410 447 524 504 erit
551 449 726 518 atque
756 441 1110 500 exsiccatum
1142 442 1286 498 etad
1313 441 1714 496 maturitatem
1749 441 2062 513 perfectam

2182 437 2238 495 δέ
2290 461 2342 495 τι
2398 441 2487 497 καὶ
2545 442 2736 519 σχοίη,
2789 440 2916 498 ἀλλ’
2976 441 3164 519 ἰσχνὸν
3217 443 3344 500 αὐτὸ
3395 446 3480 502 καὶ
3536 448 3776 525 ὗπέρινον,

410 537 502 592 vix
533 539 866 592 venturum.
896 536 1028 587 Jam
1059 547 1192 587 vero
1226 531 1361 586 licet
1392 531 1463 586 ad
1499 531 1755 586 fructum
1792 530 2062 602 fdenique

2182 530 2264 584 καὶ
2299 531 2418 585 οἷον
2454 531 2530 604 μή
2561 529 3027 606 τελεσφορηθῆναι
3081 531 3158 594 εἷς
3211 532 3420 609 ἀγαθόν.
3465 537 3585 594 Ὅτε
3613 536 3664 594 δὲ
3705 545 3778 598 καὶ

409 627 698 682 edendum
734 622 1076 695 pervenerit,
1111 620 1198 676 vel
1226 621 1667 676 minutissimus
1697 625 1788 676 est
1820 620 2062 688 fructus,

2182 617 2256 681 εἷς
2307 618 2467 682 τέλος
2521 616 2654 694 ἔλθῃ
2731 624 2828 674 τοῦ
2901 621 3331 692 καρπώσασθαι,
3384 622 3419 692 ἢ
3489 624 3776 692 λεπτότατος

409 716 500 771 vel
529 713 786 770 medulla
815 716 992 781 caret,
1027 715 1199 781 atque
1230 710 1314 765 sic
1347 727 1510 782 spem
1545 711 1759 766 bonam
1791 710 1862 765 ab
1921 709 2062 781 agri-

2182 703 2491 763 ἀπεκϐαίνει
2543 711 2571 764 6
2618 710 2844 784 καρπὸς,
2893 709 2927 778 ἢ
2973 711 3128 765 κεκὸν
3183 711 3326 782 μένει
3374 713 3434 766 τὸ
3481 713 3675 789 ἀγγεῖον
3713 719 3784 774 αὐ·

407 805 533 862 cola
591 806 926 873 conceptam
989 801 1199 856 misere
1260 798 1451 868 fallit;
1512 799 1704 871 quid?
1763 799 1917 871 quod
1952 797 2062 871 ipsi

2182 801 2300 866 τοῦ,
2359 800 2555 872 ψεῦσαν
2604 798 2808 873 ἀγαθῆς
2863 799 3076 870 ἁπάσης
3136 797 3352 863 ἐλπίδος
3406 803 3493 856 τὸν
3547 808 3779 881 γεωργὸν,

409 893 640 966 zephyri
675 891 772 946 illo
804 895 1066 962 tempore
1097 891 1395 961 spirantes
1428 888 1777 944 inﬁrmitate
1812 887 2062 960 quadam

2182 886 2256 948 ὡς
2315 884 2490 943 δοκεῖν
2541 886 2630 942 καὶ
2683 889 2812 950 τοὺς
2860 892 3159 958 τηνικαῦτα
3218 889 3470 969 ζειρύρους
3523 891 3776 965 ἐξασθενεῖν

409 984 606 1039 labore
644 981 931 1049 videntur,
993 978 1348 1052 impediente
1411 979 1735 1052 quominus
1794 994 2062 1046 messem,

2183 973 2575 1039 ἀδυνατοῦντας
2605 973 2850 1052 ἀδρύνειν
2875 978 2938 1034 τὸ
2968 976 3152 1050 λήϊον.

408 1078 471 1128 ut
501 1073 686 1138 decet,
723 1069 1124 1126 corroborant.

482 1162 564 1216 18.
599 1160 790 1215 Ᾰέειοε
821 1160 1191 1230 subsequens
1223 1157 1618 1230 agricolarum
1684 1173 1895 1212 manus
1952 1172 2074 1211 ma-

405 1249 625 1323 nipulis
685 1265 899 1304 vacuas
960 1246 1261 1318 relinquit,
1296 1247 1590 1318 siquidem
1628 1246 1929 1302 incassum
1961 1250 2075 1301 ter-

410 1357 534 1396 ram
571 1337 855 1409 calefacit,
889 1335 976 1392 vel
1005 1336 1178 1390 etiam
1239 1340 1543 1408 tantOpere
1599 1336 1795 1391 adurit
1854 1339 1920 1390 ut
1975 1330 2076 1406 qui

407 1446 539 1485 eam
573 1427 795 1493 colunt,
847 1425 1100 1480 tristitiae
1156 1429 1297 1480 aestu
1334 1429 1777 1481 consumantur.
1811 1424 2079 1480 Succedit

417 1520 672 1588 denique
706 1523 1047 1581 autumnus,
1081 1519 1371 1570 consuetae
1423 1513 1881 1586 pulchritudinis
1931 1513 2078 1578 nihil

410 1605 716 1675 exhibens,
777 1604 877 1660 sed
940 1603 1117 1659 levem
1153 1603 1562 1658 tantummodo
1593 1607 1835 1675 gustum
1867 1619 2076 1675 sugge-

403 1713 538 1752 rens
571 1711 635 1750 ac
686 1692 1043 1750 desiderium
1089 1692 1368 1748 excitans.
1430 1693 1562 1748 Abit
1619 1693 1878 1760 tandem,
1937 1709 2075 1759 non,

423 1790 491 1841 ut
520 1784 577 1839 in
612 1782 841 1840 Tantali
873 1781 1070 1837 fabula
1101 1786 1210 1848 est,
1230 1798 1463 1837 sursum
1497 1781 1707 1836 elatus.
1727 1780 1889 1838 Illius
1920 1783 2076 1837 enim

2261 1154 2350 1242 ιη’.
2383 1153 2750 1210 Ἀκολουθοῦν
2807 1153 2864 1211 δὲ
2907 1153 3124 1221 τούτοις
3172 1157 3234 1212 τὸ
3287 1159 3438 1234 θέρος
3478 1180 3620 1223 κενας
3646 1163 3783 1242 ἀφίη-

2187 1263 2239 1295 σι
2288 1238 2610 1319 δραγμάτων
2655 1243 2749 1306 τὰς
2804 1249 2994 1321 χεῖρας
3031 1251 3149 1308 τοῖς
3197 1253 3494 1324 γεωργοῖς,
3543 1250 3613 1310 εἷς
3656 1238 3780 1306 κενὸν

2187 1328 2506 1408 διεκπυροῦν
2551 1334 2616 1387 τὰ
2673 1340 2772 1404 τῆς
2819 1338 2940 1410 γῆς,
2983 1337 3129 1411 τάχα
3178 1333 3235 1391 δὲ
3285 1336 3374 1390 καὶ
3415 1334 3590 1401 ἄλλως
3620 1339 3684 1403 εἷς
3709 1363 3782 1396 το-

2188 1425 2378 1476 σοῦτον
2438 1419 2876 1497 διεκθερμαῖνον,
2905 1424 2980 1487 ὡς
3036 1429 3143 1501 πῦρ
3201 1424 3430 1480 ἐκκαίειν
3485 1425 3650 1498 λύπης
3693 1435 3786 1494 τοῖς

2186 1512 2589 1584 πονησαμένοις
2635 1512 2758 1588 περὶ
2806 1513 2972 1584 αὐτήν
3005 1556 3019 1571 .
3067 1516 3296 1571 Ἕπεται
3359 1512 3415 1570 δὲ
3464 1516 3671 1587 καθεξῆς
3716 1519 3786 1573 καὶ

2185 1601 2252 1655 τὰ
2292 1607 2391 1670 τῆς
2437 1599 2677 1676 ὀπώρας,
2728 1601 2919 1657 οὕκουν
2969 1600 3132 1674 καλὰ,
3182 1605 3259 1668 ὡς
3305 1603 3372 1658 τὰ
3415 1604 3649 1680 πρόσθεν,
3688 1605 3787 1662 ἀλλ’

2190 1689 2265 1752 εἷς
2319 1689 2442 1744 ὅσον
2503 1690 2793 1766 ἀπογεῦσαι
2852 1695 3000 1764 ἡμᾶς
3056 1692 3146 1747 κᾶὶ
3201 1692 3436 1768 ἐρεθίσαι
3484 1694 3579 1763 τὴν
3625 1695 3785 1770 ὄρεξιν.

410 1879 737 1932 autumnus
764 1873 822 1927 in
857 1870 1038 1927 altum
1072 1885 1381 1944 assurgere
1413 1870 1897 1942 conspiciebatur,
1958 1887 2062 1926 no-

408 1964 500 2020 bis
539 1967 736 2018 autem
771 1961 860 2037 vix
891 1959 1331 2032 imaginationis
1361 1959 1685 2031 conceptio,
1719 1960 1934 2015 nedum
1967 1976 2060 2014 as-

409 2057 614 2125 pectus
643 2049 1000 2106 conceditur.
1035 2049 1537 2113 Quemadmodum
1569 2052 1764 2104 autem
1820 2052 2058 2115 caeteras,

407 2141 490 2198 sic
549 2140 724 2195 etiam
775 2154 1020 2194 uvarum
1055 2137 1266 2192 messis
1293 2136 1510 2193 sterilis
1541 2142 1652 2203 est,
1684 2138 1827 2192 adeo
1861 2142 1923 2192 ut
1953 2154 2060 2192 au-

403 2231 605 2286 dactor
636 2227 767 2300 quis
804 2227 1016 2283 dixerit
1045 2226 1426 2282 vinicolarum
1460 2225 1748 2298 lacrymas
1778 2230 1836 2282 et
1880 2227 2059 2282 musti

407 2324 603 2394 guttas
635 2317 960 2390 quantitate
991 2333 1160 2388 pares
1190 2332 1337 2371 esse.
1357 2319 1636 2371 Caeterum
1669 2314 1788 2369 haec
1819 2315 2059 2371 calami-

407 2416 498 2466 tas
531 2409 666 2464 boni
697 2407 840 2479 quid
875 2422 1074 2462 secum
1107 2405 1239 2474 fert,
1272 2404 1563 2474 siquidem
1596 2403 1937 2460 hominibus
1985 2404 2062 2458 vi-

410 2497 666 2556 nolentis
724 2495 1025 2554 ebrietatis
1063 2493 1507 2549 incitamentum
1541 2492 1749 2547 aufert.
1785 2494 2058 2548 Attamen

411 2587 623 2644 melius
658 2586 818 2654 foret,
853 2585 898 2640 si
934 2584 1135 2639 vinum
1169 2582 1239 2638 ad
1271 2581 1682 2638 exhilarandos
1728 2582 2060 2638 sobriorum

412 2677 641 2734 animos
671 2673 1015 2732 abundaret.

489 2855 570 2911 19.
605 2852 753 2918 Quid
775 2852 898 2923 jam
934 2851 1003 2906 de
1029 2849 1216 2905 ventis
1245 2848 1431 2904 dicam
1467 2849 1567 2921 qui
1597 2849 1686 2905 vel
1718 2864 1923 2922 parum
1974 2849 2060 2904 vel

412 2942 556 2999 nihil
617 2959 652 2998 a
704 2939 1066 3013 typhonibus
1122 2938 1532 3010 discreparunt
1567 2938 1595 2993 ?
1652 2938 1888 2994 Exitiosi
1922 2942 2062 2994 sunt

410 3033 512 3088 isti
544 3031 720 3099 venti,
756 3029 912 3085 velut
940 3027 1076 3084 mali
1109 3028 1372 3100 spiritus,
1416 3029 1487 3082 ad
1521 3026 1666 3082 nihil
1723 3027 2060 3083 hominibus

411 3121 606 3189 utiles,
666 3121 803 3186 imo,
855 3118 905 3174 si
959 3116 1350 3172 vertificaliter
1405 3133 1536 3172 cum
1597 3117 1698 3173 tali
1747 3117 1967 3189 impetu
1999 3117 2056 3172 in

2111 1827 2158 1891 Β

2187 1783 2294 1833 Τοῦ
2348 1777 2548 1835 λοιποῦ
2593 1780 2695 1856 γὰρ
2741 1780 3052 1858 ἀφίπταται,
3105 1781 3166 1836 οὐ
3211 1783 3634 1856 μετεωριζομένη
3678 1784 3786 1839 κατὰ

2185 1870 2276 1924 τὸν
2335 1866 2422 1923 ἐπὶ
2479 1868 2742 1943 Ταντάλῳ
2805 1872 3010 1944 μῦθον.
3071 1871 3135 1926 ἹΙ
3209 1871 3318 1948 γὰρ
3386 1871 3578 1927 ἐκείνου
3628 1872 3785 1949 ὀπώρα

2171 1952 2432 2012 ἐϐλέπετο
2498 1958 2634 2032 ὑψοῦ
2683 1958 2948 2034 αἰρομένη
2985 1978 2998 1992 ⁶
3058 1961 3195 2034 ἡμῖν
3256 1957 3316 2015 δὲ
3373 1958 3606 2034 οὐδαμοῦ
3657 1960 3770 2016 ἐστιν

2171 2043 2295 2102 οὐδὲ
2341 2047 2477 2102 κατᾶ
2528 2047 2700 2121 μόνην
2748 2053 2874 2123 γοῦν
2925 2047 3245 2124 δρασιν,ὅτι
3305 2052 3380 2122 μὴ
3414 2047 3512 2126 ἄρα
3554 2049 3634 2105 καὶ
3661 2049 3771 2121 αὕτη

2172 2142 2542 2214 φανταστικῶς
2576 2181 2589 2193 .
2649 2135 2889 2213 Ἀδελφά
2964 2135 3021 2193 δὲ
3085 2144 3206 2203 ταῖς
3287 2135 3506 2201 λοιπαῖς
3565 2139 3773 2216 ὀπώραις

2172 2228 2445 2304 φρονοῦσα
2481 2225 2569 2280 καὶ
2626 2228 2660 2296 ἠ
2718 2227 2852 2282 κατὰ
2905 2228 3003 2296 τήν
3055 2225 3364 2306 σταφυλὴν,
3416 2227 3676 2303 όλιγοῦται
3700 2227 3775 2282 καὶ

2169 2313 2304 2384 αὐτὴ
2346 2361 2360 2382 ,
2419 2315 2493 2377 ὡς
2548 2313 2827 2389 τολμῆσαί
2881 2337 3002 2372 τινα
3054 2317 3222 2372 εἰπεῖν
3297 2317 3683 2391 παρεξισοῦσθαι
3725 2317 3777 2371 τὸ

2170 2402 2253 2458 ἐπ’
2311 2403 2445 2478 αὐτῇ
2505 2401 2733 2478 δάκρυον
2784 2411 2902 2468 τοῖς
2955 2411 3224 2481 γεωργοῖς
3289 2411 3369 2478 τῷ
3417 2411 3508 2460 τοῦ
3551 2404 3776 2482 γλεύκους

2171 2491 2531 2569 σταλάγματι.
2565 2494 2662 2548 Καὶ
2710 2492 2820 2549 ἔστι
2872 2495 2965 2567 μὶν
3012 2495 3076 2550 τὸ
3121 2499 3376 2550 τοιοῦτον
3425 2495 3578 2550 κακὸν
3619 2491 3779 2556 ἄλλως

2169 2579 2358 2636 καλόνο
2394 2579 2664 2656 ἐπιλείψοι
2696 2584 2799 2659 γὰρ
2846 2581 2905 2638 ἂν
2961 2583 3104 2638 οὕτω
3133 2583 3286 2660 τάχα
3331 2589 3446 2647 τοῖς
3493 2582 3778 2662 φιλοπόταις

2167 2671 2230 2726 τὸ
2259 2678 2359 2740 τῆς
2413 2671 2582 2744 μέθης
2632 2669 2973 2746 ἐμπύρευμα.
3005 2673 3105 2729 Ἦν
3159 2669 3214 2726 δὲ
3266 2670 3332 2726 ἂν
3380 2671 3528 2746 ὅμως
3557 2670 3776 2737 κάλλιον,

2171 2757 2216 2813 εί
2248 2757 2581 2830 ἐπληθύνετο
2608 2758 2695 2814 ἐπὶ
2722 2759 3021 2838 εὐφροσύνῃ
3051 2762 3352 2839 σωφρόνων
3379 2759 3625 2839 καρδιῶν.

2245 2848 2327 2904 ιϐ’.
2360 2848 2424 2905 Τί
2461 2869 2556 2922 μοι
2603 2849 2693 2904 καὶ
2722 2847 2848 2913 τοὺς
2903 2849 3135 2923 ἀνέμους
3195 2849 3400 2927 λέγειν,
3449 2848 3498 2905 οἵ
3533 2869 3704 2923 μικρον

2176 2934 2333 2992 οὐδὲν
2368 2934 2717 3013 διενηνόχασι
2768 2943 2875 2992 τῶν
2923 2944 3235 3016 τυφωνικῶν
3275 2936 3574 3014 ;”Ολεθροι
3619 2937 3776 3010 ἄνεμοι

2171 3026 2348 3094 οῦτοι,
2380 3027 2592 3102 πονηρὰ
2636 3026 2724 3081 καὶ
2765 3026 2919 3082 αὐτοὶ
2963 3028 3266 3102 πνεύματα,
3316 3029 3613 3106 ἀνθρώποις
3655 3029 3777 3104 χρή-

2170 3136 2322 3189 σιμοι
2376 3115 2450 3178 εἷς
2507 3113 2683 3185 οὐδὲν,
2729 3115 2972 3189 ἥρπαζον
3033 3116 3092 3172 ἂν
3149 3117 3239 3172 καὶ
3295 3118 3445 3173 αῦτοι
3501 3117 3780 3192 ἀνθρώπους

408 3216 622 3267 terram
655 3207 950 3276 irruerint,
984 3206 1112 3262 sine
1163 3205 1339 3260 dubio
1396 3205 1664 3261 homines
1721 3212 1777 3261 et
1831 3205 2057 3278 reliqua

2182 3203 2256 3259 ιαὶ
2314 3203 2483 3259 λοιπὰ
2541 3209 2652 3273 ζῶα
2706 3205 2797 3259 καὶ
2855 3205 3103 3278 σώματα,
3161 3204 3209 3260 εἲ
3251 3227 3357 3280 περ
3405 3209 3680 3270 καθετικῶς
3716 3203 3780 3264 εἰς

411 3297 735 3356 animantia
789 3300 846 3352 et
904 3311 1144 3367 corpora
1175 3295 1489 3350 auferrent.
1522 3293 1689 3349 Nunc
1719 3311 1871 3365 vero,
1907 3299 2062 3350 recta

410 3391 778 3462 proruentes,
809 3385 983 3440 etiam
1015 3383 1098 3440 sic
1123 3382 1351 3439 obviam
1385 3382 1554 3440 factis
1585 3383 1899 3456 perniciem
1933 3384 2064 3438 all‘e-

419 3484 574 3534 runL

481 3587 572 3640 20.
604 3583 780 3639 Aliud
813 3581 1036 3638 malum
1069 3585 1209 3636 sunt
1236 3579 1553 3653 grandines
1611 3579 1889 3636 omnibus
1944 3584 2060 3635 ter-

410 3693 485 3731 ras
516 3673 786 3746 frugibus
819 3687 1100 3744 perquam
1133 3669 1394 3725 hostiles.
1427 3669 1590 3735 Quod
1623 3669 1776 3724 enim
1812 3669 1870 3724 in
1913 3670 2061 3725 vites

409 3781 543 3820 eum
577 3763 798 3834 impetu
831 3759 1102 3815 decidant
1131 3774 1346 3829 easque
1379 3757 1530 3812 male
1561 3758 1840 3826 afﬁciant,
1903 3759 2058 3830 quod

409 3854 685 3908 arborum
747 3848 1032 3904 fructibus
1099 3846 1404 3902 illidantur
1460 3863 1674 3918 eosque
1732 3851 2056 3916 conterent,

409 3941 563 4013 quod
615 3939 863 4010 denique
923 3953 1144 3992 messes
1186 3935 1510 4002 destruant,
1543 3937 1638 3991 vix
1669 3936 1888 3992 bonum
1918 3937 2057 4008 quid

409 4029 650 4086 dixeris.
682 4027 873 4093 Quid?
900 4025 1053 4097 quod
1086 4025 1261 4080 etiam
1294 4024 1352 4078 in
1391 4024 1562 4080 fortia
1591 4025 1868 4081 animalia
1896 4029 2062 4080 tanta

409 4135 544 4173 cum
576 4116 629 4171 vi
659 4115 958 4181 decidunt,
993 4117 1056 4166 ut
1089 4112 1183 4165 illa
1219 4111 1488 4166 sauciata
1545 4117 1856 4180 corruant;
1917 4113 2060 4184 quin

410 4211 468 4262 et
522 4204 792 4260 homines
847 4201 1007 4274 ipsos
1037 4215 1465 4271 nonnunquam
1497 4199 1775 4255 violenter
1806 4205 2058 4273 proster-

410 4298 577 4350 nunt

475 4401 566 4457 24.
602 4399 764 4455 Unde
791 4400 984 4454 autem
1022 4395 1138 4451 hac
1168 4393 1366 4449 omnia
1396 4395 1566 4450 nobis
1597 4394 1853 4466 obtigere
1884 4395 1996 4452 nisi
2029 4413 2060 4452 e

411 4490 666 4565 peccatis
695 4488 914 4544 nostris
939 4487 966 4540 ?
998 4486 1196 4556 Neque
1224 4484 1377 4539 enim
1439 4499 1638 4538 eorum
1703 4501 1830 4556 quae
1890 4485 2058 4540 nobis

2170 3299 2271 3370 γῆν
2331 3295 2801 3364 κατασκήπτοντες
2859 3293 3164 3350 άνεκλῶντο
3199 3335 3212 3350 .
3270 3297 3379 3351 Νῦν
3439 3293 3496 3350 δὲ
3549 3291 3666 3351 ἀλλ’
3710 3292 3780 3346 εύο

2170 3384 2520 3458 θυωροῦντες,
2580 3382 2667 3438 καὶ
2729 3382 2902 3445 οὕτως
2955 3383 3393 3458 ἐντινασσόμενοι
3429 3429 3442 3454 ,
3499 3382 3582 3439 ἐπὶ
3630 3403 3782 3436 πανω-

2171 3469 2361 3547 λεθρίᾳ
2388 3473 2881 3543 κατασκήπτουσιν,
2915 3473 2996 3534 οἷς
3022 3470 3081 3526 ἂν
3114 3469 3522 3550 προσϐάλωσιν.

2240 3580 2304 3635 κ’.
2341 3578 2407 3634 Δί
2439 3575 2497 3633 δὲ
2543 3577 2781 3655 χάλαζαι
2829 3579 2994 3634 κακὸν
3021 3577 3162 3634 ἄλλο
3204 3587 3297 3634 καί
3349 3578 3501 3634 αὐταὶ
3546 3575 3786 3650 πολέμιον

2169 3671 2236 3742 τῇ
2269 3667 2392 3740 περὶ
2435 3675 2535 3743 γῆν
2577 3669 2754 3742 ἁπάσῃ
2805 3667 3040 3746 ἐκφύσει.
3093 3668 3191 3723 Καὶ
3240 3667 3515 3744 ἀμπέλοις
3568 3667 3656 3741 μὶν
3701 3663 3786 3719 αὖ·

2166 3759 2261 3819 τὰς
2296 3756 2704 3832 ἐπαράσσεσθαι,
2758 3757 2846 3810 καὶ
2908 3753 3056 3810 δεινὰ
3109 3759 3228 3812 κατ’
3277 3757 3452 3813 αὐτῶν
3499 3760 3680 3825 ποιεῖν,
3709 3753 3785 3806 καὶ

2167 3847 2562 3916 κατασκήπτειν
2633 3850 2863 3920 καρποῖς
2939 3843 3175 3921 δένδρων
3231 3890 3248 3913 ,
3311 3846 3401 3902 καὶ
3479 3837 3788 3918 κατατρίϐειν

2169 3934 2323 4004 αὐτὰ,
2372 3933 2460 3988 καὶ
2511 3934 2766 4010 ἀχρειοῦν
2809 3932 2946 4005 λήῖα
2987 3939 3056 4008 τῇ
3108 3934 3426 4004 ἐπιπτώσει,
3469 3935 3564 3990 οὐκ
3610 3932 3663 3987 ἂν
3715 3928 3786 3984 δι-

2167 4022 2294 4094 κοίη
2327 4022 2462 4077 πάνυ
2493 4022 2732 4098 γενναῖόν
2785 4045 2839 4077 τι
2890 4023 3054 4078 κακὸν
3111 4024 3428 4100 τυγχάνειν”
3462 4023 3514 4078 αἱ
3566 4019 3620 4078 δέ
3663 4018 3789 4075 ἀλλὰ

2167 4112 2257 4166 καὶ
2332 4111 2467 4165 κατὰ
2543 4111 2696 4179 ζώων
2777 4108 3171 4189 σφενδονῶνται
3241 4111 3419 4189 ἁδρῶν
3454 4157 3467 4182 ,
3524 4112 3608 4166 καὶ
3674 4107 3789 4163 αὐτά

2174 4199 2442 4276 βληθέντα
2497 4199 2791 4254 πίπτουσι·
2843 4197 3249 4256 καταϐάλλουσι
3308 4200 3367 4257 δέ
3421 4223 3526 4257 που
3579 4197 3664 4255 καὶ
3711 4198 3787 4251 ἆν-

2171 4289 2423 4364 θρώπους
2450 4287 2854 4367 ἐπιφερόμεναι.

2239 4397 2342 4455 κα’.
2373 4395 2542 4459 Πόθεν
2588 4392 2653 4465 δὴ
2698 4399 2868 4451 ταῦτα
2914 4395 3087 4452 πάντα
3133 4399 3294 4471 ἡμῖν,
3345 4397 3381 4468 ἢ
3433 4396 3493 4453 ἐκ
3529 4398 3634 4451 τῶν
3671 4394 3791 4464 ἠμε-

2166 4485 2336 4559 τέρων
2381 4485 2658 4558 ἁμαρτιῶν
2695 4503 2708 4553 ;
2741 4485 2819 4542 Οὐ
2871 4482 3138 4556 δήπουθεν
3188 4486 3293 4562 γὰρ
3345 4483 3468 4541 οὔτε
3518 4479 3793 4558 μεταμεμὲ-

411 4563 819 4644 intulit,Deum
854 4591 1115 4646 unquam
1144 4573 1404 4645 poenitet,
1427 4589 1616 4644 neque
1649 4573 1928 4630 beneficia
1956 4591 2060 4630 no-

2182 4575 2333 4644 ληται
2388 4574 2416 4627 6
2474 4571 2626 4640 Θεός,
2681 4571 2763 4648 ἐφ’
2813 4576 2894 4635 οἷς
2943 4577 3089 4647 ἡμᾶς
3132 4577 3485 4651 παρήγαγεν,
3535 4569 3655 4628 οὐδέ
3699 4568 3791 4642 μὴν

411 4671 503 4725 bis
531 4667 791 4724 conferre
822 4661 1208 4720 obliviscitur.
1242 4659 1589 4715 Existimare
1645 4665 1840 4715 autem
1904 4662 2059 4732 quod

2182 4660 2448 4732 ἐξελάθετο
2494 4665 2592 4716 τοῦ
2641 4660 2955 4737 εὐεργετεῖν.
2999 4662 3197 4718 Γελοῖα
3246 4661 3304 4718 δὲ
3349 4663 3437 4718 καὶ
3470 4661 3529 4717 τὸ
3578 4658 3789 4724 ὑπονοῆ-

407 4759 832 4814 elementorum
892 4766 1189 4807 connexus
1243 4749 1592 4802 immutatus
1624 4750 1721 4814 sit,
1767 4754 1823 4805 et
1854 4754 2062 4806 natura

2182 4772 2280 4820 rut,
2313 4751 2388 4812 ὡς
2418 4751 2446 4804 6
2494 4750 2836 4826 στοιχειακὸς
2883 4751 3074 4826 εἱρμὸς
3125 4750 3481 4824 ἐνήλλακται,
3521 4745 3791 4814 άτονούσης

409 4845 570 4900 velut
600 4843 764 4898 senia
806 4841 1076 4895 hebetata
1104 4837 1222 4905 iam
1254 4835 1477 4889 viribus
1505 4841 1718 4903 careat,
1745 4835 2060 4892 ridiculum

2182 4847 2272 4908 τῆς
2329 4838 2538 4916 φύσεως
2590 4838 2664 4899 ὡς
2725 4839 2840 4893 οἷον
2891 4840 3274 4916 γεγηρακυίας,
3325 4840 3430 4897 Καὶ
3489 4839 3551 4893 τὸ
3615 4833 3791 4909 δεῖγμι

412 4936 581 4990 foret.
613 4933 743 4988 Jam
777 4925 1195 4984 demonstratio
1227 4927 1353 4995 ejus
1385 4925 1538 4995 quod
1572 4925 1850 4993 diximus,
1884 4942 2062 4998 prope

2182 4932 2268 4982 τοῦ
2327 4927 2499 5002 λόγου
2556 4926 2713 5004 ἐγγὺς
2749 4970 2763 4995 ,
2816 4927 2906 4983 ’ίνα
2965 4929 3041 5002 μὴ
3091 4928 3642 5004 πραγματευοίμεθα,
3687 4925 3790 4981 τοῖς

409 5025 595 5090 adest,
630 5025 693 5074 ut
726 5033 911 5089 neque
943 5013 1180 5071 remotis
1207 5013 1610 5080 immorantcs,
1644 5030 1830 5086 neque
1867 5016 2058 5071 aliun-

2182 5016 2363 5093 πόρρω
2422 5011 2849 5092 ἐνδιατρίϐοντες
2881 5062 2894 5088 ,
2954 5018 2990 5087 ἢ
3043 5019 3134 5073 καὶ
3193 5018 3379 5081 ἄλλως
3425 5013 3792 5072 ἀποδεικτικῶς

412 5115 484 5169 de
516 5112 865 5183 argumenta
896 5104 1309 5176 conquirentes
1340 5118 1614 5173 magnam
1648 5119 1886 5174 Operam
1946 5105 2062 5159 im-

2182 5104 2551 5178 πονούμενοι.
2605 5105 2960 5180 Ἐσπείραμέν
3040 5127 3182 5168 τινες
3235 5107 3455 5182 πέρυσιν
3539 5099 3640 5158 ὧδέ
3700 5118 3790 5152 που

410 5202 664 5276 pendere
684 5212 833 5268 opus
855 5194 1198 5249 habeamus.
1214 5192 1594 5247 Gonsevimus
1621 5193 1887 5247 nonnulli
1910 5211 2062 5250 anno

2182 5196 2261 5250 καὶ
2293 5191 2422 5264 ὧδε⁹
2482 5194 2829 5270 πειράζοντες
2883 5195 3027 5251 οὕτω
3061 5197 3160 5266 τὴν
3207 5203 3330 5270 γῆν.
3372 5196 3437 5252 Ἡ
3477 5190 3533 5247 δὲ
3569 5190 3672 5244 ἐκεῖ
3709 5186 3789 5260 μὲν

406 5273 779 5365 praeterlapso
803 5285 896 5339 hic
919 5288 977 5338 et
997 5280 1117 5336 illic
1139 5296 1347 5353 agrum
1371 5285 1435 5334 ut
1459 5279 1686 5336 telluris
1708 5283 2062 5352 experimen-

2182 5281 2487 5339 ἀποδέδωκε
2525 5282 2586 5337 τὸ
2639 5282 2892 5358 ἀρχαῖον,
2932 5283 3024 5338 καὶ
3063 5284 3114 5337 τί
3153 5284 3308 5359 πρός’
3352 5281 3568 5356 ἐτέρωθι
3621 5275 3674 5331 δὲ
3724 5273 3789 5334 είς

409 5360 537 5436 tum
587 5380 933 5434 faceremus.
993 5371 1064 5424 Et
1120 5369 1272 5423 alius
1319 5367 1556 5438 quidem
1615 5384 1754 5439 ager
1811 5372 2062 5427 reddidit

2182 5371 2461 5428 διπλάσιον
2521 5371 2801 5446 παρέτεινε
2854 5373 2946 5427 τὸν
3007 5373 3237 5447 καρπὸν,
3299 5369 3548 5445 ἀλλαχοῦ
3610 5363 3663 5420 δε
3713 5360 3790 5416 καὶ

413 5473 757 5525 consuetum
791 5465 1134 5534 proventum
1175 5464 1232 5513 et
1287 5456 1509 5528 aliquid
1569 5457 1850 5530 insuper;
1913 5461 2062 5518 alius

2182 5461 2250 5522 εἷς
2292 5461 2483 5515 πλεῖον
2537 5457 2993 5538 ἐφιλοτιμήσατο,
3033 5461 3122 5515 καὶ
3163 5461 3272 5536 οὐχ
3307 5457 3520 5528 ἁπλῶς,
3557 5452 3691 5509 ἀλλὰ
3725 5449 3790 5505 εἷς

415 5560 611 5629 fruges
663 5549 1016 5624 duplicavit;
1075 5547 1283 5602 tertius
1322 5544 1454 5616 plus
1485 5545 1662 5616 dedit,
1697 5563 1886 5619 neque
1918 5551 2062 5605 sim-

2182 5550 2317 5605 πολὺ
2355 5549 2544 5605 πλέον.
2589 5550 2806 5624 Ἔμοιγ’
2845 5549 2937 5604 οῦν
2973 5547 3167 5624 γήδιόν
3207 5571 3258 5604 τι
3319 5545 3495 5622 βραχὺ
3539 5539 3787 5629 μεδίμνων

415 5624 665 5719 pliciter,
690 5641 791 5698 sed
826 5636 1074 5694 nimium
1107 5639 1392 5708 quantum
1424 5633 1687 5707 protulit.
1716 5635 1854 5693 Mihi
1887 5639 2062 5713 igitur

2182 5642 2338 5715 τριῶν
2393 5635 2764 5695 ἀνταπέδωκεν
2819 5637 2898 5702 εἷς
2954 5640 3210 5714 ἐξήκοντα
3266 5638 3379 5701 ἐνὸς
3437 5633 3658 5693 δέοντος.
3695 5624 3785 5684 Καὶ
