4028 6202
249 281 276 300 Ο

250 399 368 457 553

1234 393 1536 456 ORATIO
1577 391 1793 454 ANNO
1833 389 2333 454 AUSPICANDO
2378 393 2688 455 HABITA.

3547 400 3669 460 554

249 532 320 601 ἦν
349 529 445 584 καὶ
492 531 530 599 ἡ
585 534 657 606 γῆ
717 525 897 598 ἐκείνη
950 525 1441 600 καταπεπονημίνη
1505 529 1728 602 συχνοῖς
1782 523 1912 601 ἆρό-

2038 545 2239 599 parvus
2294 545 2432 601 ager
2474 528 2655 584 trium
2718 527 3045 585 modiorum
3094 529 3364 587 retribuit
3410 533 3673 604 sexagiss

250 640 402 695 τροις
458 619 550 673 καὶ
607 622 996 692 κατασποραῖς’
1035 617 1100 672 οὗ
1165 618 1273 689 μὴν
1327 615 1621 688 ἀκάματος.
1653 613 1764 669 Οὐκ
1815 612 1917 686 ἄρα

246 711 281 778 ἦ
321 709 445 762 καθ’
492 709 642 780 ἡμᾶς
679 709 751 782 γῆ
805 703 894 760 διὰ
938 709 1128 782 γῆρας
1189 704 1601 779 ἀπεστείρωται,
1645 704 1679 772 ἢ
1727 700 1914 766 ἄλλως

247 799 594 874 πεπήρωται,
628 795 774 851 ἀλλᾶ
802 799 990 870 γεννᾷν
1033 790 1248 870 ἔχουσα
1285 793 1374 849 καὶ
1422 792 1563 848 καλά
1600 791 1688 846 καὶ
1728 788 1917 846 πολλά

249 889 585 962 γεννήματα,
629 884 852 960 στερίφη
896 885 1209 938 καθίσταται
1259 881 1349 937 διὰ
1397 883 1459 937 τὸ
1517 881 1568 936 ἐν
1629 883 1762 953 ἡμῖν
1824 901 1916 935 πε-

253 977 578 1051 ριπόνηρον.
638 975 715 1032 Οὐ
762 977 1241 1050 καρπογονοῦμεν,
1290 970 1438 1027 ἀλλὰ
1513 970 1912 1047 ἆκανθοφοροῦ-

259 1087 373 1138 μεν.
419 1064 536 1122 Οὐκ
580 1063 944 1138 ἁνασχίζομεν
1003 1063 1100 1130 τὴν
1140 1061 1326 1136 ψυχὴν
1383 1055 1740 1128 συνειδήσεων
1790 1057 1914 1130 ἀρό-

253 1175 423 1231 τροις,
476 1151 602 1209 οὔτε
668 1149 747 1215 εἴς
802 1173 853 1208 τι
917 1151 1102 1225 βάθος,
1151 1148 1279 1205 ἀλλ’
1335 1145 1464 1204 οὐδέ
1513 1146 1564 1218 ἐξ
1617 1144 1910 1214 ἐπιπολῆς.

256 1245 378 1302 ΙΙῶν
442 1242 560 1312 οῦν,
619 1238 674 1296 εἷ’
722 1263 773 1295 τι
835 1241 924 1296 καὶ
980 1237 1304 1316 σπεροῦμεν,
1364 1238 1681 1307 σαπήσεται,
1744 1235 1816 1298 ὡς
1873 1237 1908 1304 ἡ

257 1334 412 1409 ᾳόσις
475 1330 587 1387 οἶδε
645 1333 837 1402 σήπειν
892 1330 961 1386 τὰ
1030 1327 1270 1404 ζωογόνα
1322 1326 1623 1400 σπέρματα,
1655 1324 1744 1380 καὶ
1786 1325 1914 1379 ἀνα-

257 1422 515 1492 θηλήσει,
569 1421 658 1475 καὶ
729 1419 936 1495 καρπὸν
1015 1419 1315 1494 προενέγκῃ
1369 1413 1554 1489 ἁδρὸν,
1615 1412 1684 1468 δι’
1744 1414 1907 1486 οὗπερ

254 1509 365 1567 ἔστι
422 1510 747 1589 τρέφεσθαι;
805 1506 1186 1580 Συστὲλλομεν
1272 1508 1436 1578 ἡμεῖς
1504 1504 1570 1558 τὰ
1641 1503 1719 1580 ἐφ’
1777 1505 1910 1575 ἡμῖν

256 1602 454 1676 ἀγαθὰ,
505 1600 596 1654 καὶ
639 1597 974 1673 ἀποκρύπτει
1032 1597 1121 1651 καὶ
1199 1598 1234 1664 ἡ
1283 1597 1353 1671 γῆ
1409 1593 1475 1647 τὰ
1535 1590 1664 1648 ἴδια.
1713 1591 1910 1660 Παίζο-

258 1712 376 1763 μεν,
409 1689 491 1767 ἐφ’
524 1689 605 1744 οἷς
638 1688 700 1742 οὐ
741 1688 877 1763 χρὴ,
911 1685 999 1740 καὶ
1058 1686 1340 1760 πάσχομεν
1412 1680 1577 1753 δεινὰ,
1632 1679 1730 1736 οὒκ
1787 1681 1908 1735 άντ-

253 1780 374 1850 άξια
433 1780 554 1850 μὲν,
632 1777 712 1855 ἐφ’
771 1777 1066 1830 ὁποσονοῦν
1123 1771 1180 1828 δὲ
1235 1773 1408 1846 ὅμως.
1461 1771 1532 1825 Οὐ
1590 1767 1907 1845 προσδοκῶ-

257 1890 378 1943 μεν,
427 1865 552 1922 ἔνθα
623 1867 736 1942 χρή
785 1861 1110 1939 προσδοκᾷν.
1169 1859 1382 1919 Οὐκοῦν
1456 1857 1585 1914 οὐδὲ
1647 1862 1681 1928 ἠ
1731 1861 1904 1937 τροφὴ

255 1956 466 2014 δίδοται
525 1959 660 2028 ἡμῖν
735 1954 812 2016 είς
890 1949 1159 2028 εὔκαιρον,
1216 1953 1468 2025 ’Ἦνοιγεν
1536 1951 1564 2004 6
1622 1949 1748 2010 Θεὸς

254 2053 420 2124 χεῖρα
478 2045 666 2112 αὐτοῦ,
702 2043 791 2098 καὶ
850 2042 916 2111 ἦν
971 2039 1266 2114 ἐμπιπλῶν
1322 2046 1426 2094 πᾶν
1477 2043 1612 2108 ζῶον
1644 2036 1914 2099 εὐδοκίας.

257 2142 366 2192 Νῦν
421 2133 480 2190 δὶ
539 2133 861 2210 εὖχοίμεθα,
914 2133 988 2204 μή
1054 2151 1209 2198 ποτε,
1269 2128 1700 2206 ἀποστρέφοντος
1755 2127 1918 2182 αὐτοῦ

251 2226 315 2280 τὸ
386 2223 705 2300 πρόσωπον,
766 2219 1148 2292 δικαιωθῶμεν
1229 2219 1436 2284 παθεῖν,
1513 2216 1613 2271 ὅσα
1685 2217 1761 2289 μὴ
1849 2213 1920 2270 δι’

265 2314 445 2389 εὐχῆς
499 2315 660 2385 ἡμῖν.
711 2309 962 2364 Φαίνεται
1035 2309 1278 2384 συνέχειν
1329 2309 1464 2379 ἡμῖν
1526 2307 1553 2360 6
1611 2305 1742 2367 Θεὸς
1794 2305 1921 2368 τοὺς

266 2401 594 2476 οἴκτιρμοῦς
654 2399 820 2455 αὐτοῦ
877 2396 930 2453 ἐν
991 2397 1132 2474 ἀργῇ
1185 2395 1366 2452 αὐτοῦ·
1399 2395 1488 2450 καὶ
1535 2393 1618 2457 τίς
1674 2397 1710 2464 ἡ
1778 2395 1918 2470 ὀργὴ

267 2490 475 2547 αὐτοῦί

497 2665 725 2746 Ἀφίημι
789 2665 1036 2727 ἑκάστοις
1092 2661 1410 2735 ἐννοεῖσθαι,
1467 2661 1557 2715 καὶ
1618 2661 1922 2736 ἀνερευνᾷν,

259 2757 359 2814 καὶ
398 2756 880 2831 πολυπραγμονεῖν
936 2752 1069 2827 μετὰ
1109 2749 1488 2814 συνέσεως.Εἷ
1544 2748 1602 2805 δὲ
1665 2771 1746 2812 τις
1804 2749 1924 2804 εαυ-

259 2849 359 2904 τὸν
414 2843 751 2901 δικαιοῦσθαι
792 2840 992 2898 ἐθέλων
1047 2838 1194 2896 εἷ’ποι
1249 2837 1417 2913 μηδὲν
1477 2836 1673 2894 εἰδέναι
1729 2843 1924 2910 ποιεῖν,

262 2933 340 2991 δι’
388 2935 554 3009 οὗπερ
612 2933 1000 3008 παροργίζεται
1051 2929 1078 2984 6
1126 2929 1275 2996 Θεὸς,
1324 2926 1640 3004 παρελθέτω
1694 2927 1771 2989 εἷς
1833 2927 1926 3000 μὲ-

262 3047 386 3081 σον.
439 3024 544 3082 Καὶ
619 3021 728 3096 ἐγὼ
790 3021 909 3095 μὲν,
959 3018 1046 3074 ἐὰν
1107 3017 1250 3073 οὕτω
1304 3017 1475 3093 τόχῃ,
1534 3015 1633 3072 οὐκ
1683 3015 1740 3070 ἂν
1804 3012 1928 3070 οὔτε

264 3112 475 3185 είδείην
537 3112 629 3167 τὸν
719 3108 1025 3186 ἄνθρωπον,
1085 3105 1208 3162 οὔτε
1280 3107 1624 3183 γινώσκοιμι,
1690 3107 1742 3161 τί
1797 3126 1930 3160 ποτε

265 3203 458 3260 πταίει
512 3201 697 3263 αὐτός·
730 3198 1001 3254 πτοείσθω
1060 3194 1116 3252 δὲ
1169 3196 1394 3266 ἐκεῖνος,
1431 3197 1505 3268 μή
1560 3197 1691 3251 ποτε
1735 3216 1820 3256 τις
1852 3193 1926 3248 εἶ-

1859 1907 1904 1964 ς’
1944 1907 1992 1971 Β

1859 1970 1912 2002 ην

2028 617 2223 673 minus
2256 634 2394 673 uno.
2428 619 2566 672 Erat
2596 621 2790 673 autem
2823 633 2964 690 ager
2994 617 3092 675 ille
3121 619 3407 691 frequenti
3459 622 3674 678 oratio-

2025 722 2099 760 ne
2157 710 2514 777 praeparatus
2572 711 2629 762 et
2686 707 2832 762 bene
2877 707 3222 776 semiustus,
3259 711 3526 774 quamvis
3557 727 3675 768 non

2024 795 2375 850 indefessus.
2408 795 2776 868 Haudigitur
2813 801 3100 852 vetustate
3137 798 3353 854 sterilis
3405 800 3558 855 facta
3587 804 3677 856 est

2023 887 2179 939 terra
2212 889 2410 940 nostra
2456 890 2558 940 aut
2588 884 2701 940 alio
2751 886 2922 942 modo
2953 887 3271 958 inﬁrmata,
3322 890 3422 944 sed
3451 907 3583 945 cum
3615 895 3675 946 et

2024 972 2300 1044 pulchros
2349 978 2406 1029 et
2456 973 2675 1030 multos
2733 975 2958 1031 fructus
3017 977 3275 1048 proferre
3328 977 3536 1047 valeat,
3570 994 3674 1050 per

2024 1066 2284 1116 nostram
2337 1061 2623 1118 malitiam
2682 1063 2753 1118 ad
2796 1061 3157 1122 sterilitatem
3217 1066 3522 1142 redigitur.
3553 1068 3672 1127 Nos

2022 1166 2138 1204 non
2163 1150 2518 1218 fructus,sed
2544 1153 2747 1225 spinas
2767 1154 3341 1229 proferimus.Neque
3363 1159 3671 1230 profunde,

2023 1255 2212 1311 neque
2226 1241 2677 1313 superﬁcialiter
2697 1243 3066 1300 conscientiae
3081 1251 3272 1302 aratro
3288 1247 3545 1303 animam
3569 1249 3676 1302 ﬁn-

2021 1329 2236 1383 dimus.
2271 1329 2570 1392 Quomodo
2606 1331 2806 1401 igitur,
2840 1331 3071 1388 etiamsi
3105 1334 3244 1404 quid
3299 1335 3677 1392 seminaveri-

2022 1421 3004 1491 mus,putrescet,quemadmodurn
3020 1423 3297 1478 naturain
3313 1425 3680 1495 putredinem

2021 1506 2181 1562 abire
2212 1507 2347 1562 facit
2379 1508 2625 1575 semina,
2659 1514 2714 1564 et
2754 1511 3077 1566 efﬂorescat
3106 1517 3163 1568 et
3193 1517 3396 1584 aptum
3432 1515 3682 1585 profare;

2021 1596 2272 1650 fructum
2297 1613 2410 1668 quo
2437 1597 2610 1652 homo
2634 1598 2842 1652 nutriri
2868 1601 3084 1670 possit?
3105 1601 3541 1658 Abscondimus
3571 1617 3682 1660 nos

2021 1690 2220 1740 nostra
2251 1686 2424 1753 bona,
2455 1691 2510 1740 et
2541 1703 2648 1742 sua
2677 1705 2909 1760 quoque
2943 1693 3099 1744 terra
3130 1691 3458 1747 abscondit.
3491 1693 3672 1748 Ludi-

2021 1791 2153 1830 mus
2185 1773 2245 1829 in
2293 1775 2508 1846 quibus
2557 1793 2671 1832 non
2724 1777 2906 1845 decet,
2940 1785 2997 1833 et
3049 1779 3202 1835 mala
3251 1781 3530 1851 patimur,
3562 1799 3678 1838 non

2022 1879 2279 1935 congrua
2308 1864 2568 1935 quidem,
2603 1865 2703 1920 sed
2734 1873 2924 1921 Iamen
2965 1865 3162 1938 aliquo
3197 1869 3391 1923 modo.
3425 1870 3549 1925 Non
3581 1887 3682 1926 ex-

2027 1957 2386 2023 spectamus,
2441 1953 2540 2008 ubi
2583 1958 2812 2024 oportet
2857 1960 3211 2025 exspectare.
3265 1958 3466 2028 Itaque
3515 1959 3683 2015 nobis

2030 2056 2135 2096 nec
2167 2041 2513 2097 alimentum
2545 2047 2874 2114 opportuno
2926 2049 3187 2115 tempore
3219 2046 3410 2101 datur.
3448 2047 3686 2118 Aperuit

2029 2134 2181 2184 Deus
2202 2147 2442 2186 manum
2465 2148 2634 2187 suam
2652 2131 2925 2188 utomnia
2945 2133 3268 2189 animantia
3281 2135 3685 2191 benedictione

2030 2217 2316 2290 impleret.
2352 2220 2517 2275 Nunc
2548 2225 2743 2276 autem
2794 2237 3113 2292 precemur,
3148 2239 3221 2278 ne
3253 2240 3536 2296 unquam,
3568 2225 3684 2282 Deo

2032 2307 2255 2364 vultum
2287 2325 2461 2364 suum
2490 2314 2806 2380 avertente,
2831 2312 2899 2366 ad
2932 2327 3000 2367 ea
3030 2311 3304 2384 patienda
3334 2315 3687 2370 condemne-

2032 2413 2183 2464 mur,
2244 2413 2372 2468 qua:
2425 2414 2540 2453 non
2593 2399 2665 2454 ab
2712 2415 2779 2454 eo
2832 2399 3162 2471 petivimus.
3226 2401 3687 2459 Misericordiam

2032 2502 2202 2543 suam
2252 2490 2404 2543 Deus
2434 2487 2704 2544 cohibere
2733 2487 2965 2544 videtur
3016 2488 3074 2544 in
3107 2489 3196 2547 ira
3225 2508 3369 2560 sua;
3403 2496 3460 2546 et
3497 2492 3689 2563 qualis

2032 2575 2154 2632 haec
2183 2575 2271 2631 ira
2297 2575 2310 2630 Ι

2103 2666 2192 2720 22.
2227 2663 2444 2720 Omitto
2491 2663 2728 2738 singula
2777 2666 3111 2723 examinare
3142 2672 3200 2724 et
3249 2669 3602 2743 investigare
3633 2675 3691 2727 et

2035 2752 2262 2809 curiose
2294 2754 2734 2824 perscrutari.Si
2764 2755 2897 2827 quis
2928 2762 3124 2812 autem
3158 2764 3344 2814 semet
3367 2761 3565 2831 ipsum
3589 2762 3688 2831 ju-

2036 2841 2291 2897 stiﬁcare
2319 2840 2522 2897 volens
2570 2843 2800 2914 dixerit,
2834 2860 2894 2900 se
2926 2844 3072 2900 nihil
3124 2847 3309 2902 facere
3359 2848 3509 2904 scire
3558 2849 3688 2920 qui-

2035 2931 2147 2986 bus
2181 2936 2328 2986 Deus
2360 2931 2431 2985 ad
2463 2931 2610 2986 iram
2643 2942 3009 3002 provocatur,
3039 2933 3099 2989 in
3132 2935 3392 2991 medium
3426 2937 3685 3008 prodeat.

2037 3021 2198 3086 Quod
2230 3019 2279 3075 si
2312 3035 2511 3076 revera
2537 3021 2859 3094 contingat,
2893 3038 2999 3094 ego
3033 3023 3270 3096 quidem
3306 3026 3552 3080 fortasse
3584 3041 3689 3082 nec

2038 3108 2335 3165 hominem
2365 3108 2545 3165 istum
2580 3110 2712 3166 novi
2746 3127 2934 3184 neque
2964 3112 3106 3180 scio,
3141 3113 3189 3168 si
3223 3130 3340 3185 qua
3368 3113 3428 3170 in
3461 3130 3521 3170 re
3554 3131 3686 3186 pec.

2037 3200 2270 3266 caverit,
2305 3206 2572 3256 vereatur
2602 3205 2798 3256 autem
2853 3201 2950 3257 ille
2982 3219 3052 3259 ne
3083 3203 3236 3274 quis,
3269 3221 3401 3260 eum
3443 3207 3690 3277 ejusque

266 3292 386 3355 δὼς
417 3292 578 3348 αὐτὸν
628 3289 719 3345 καὶ
767 3289 868 3358 τήν
913 3289 1081 3343 αὐτοῦ
1121 3285 1399 3341 πολιτείαν
1433 3283 1716 3360 ἐκπηδήσῃ
1768 3283 1921 3360 ἐλέγ-

2039 3305 2230 3344 mores
2262 3305 2639 3362 cognoscens,
2687 3290 2953 3362 prosiliat
2982 3307 3236 3364 eumque
3266 3299 3546 3366 coarguat
3573 3311 3689 3350 non

266 3385 383 3455 ξων
419 3382 624 3437 ἐκεῖνον
686 3380 762 3452 μὴ
821 3374 944 3432 ὄντα
997 3373 1202 3432 δίκαιον
1259 3375 1396 3431 κατὰ
1448 3375 1548 3444 τὴν
1605 3374 1770 3430 αὐτοῦ
1810 3369 1929 3443 οίή-

265 3494 384 3544 σιν,
432 3468 560 3526 ἀλλ’
608 3465 971 3546 ἐποφείλοντα
1015 3464 1108 3520 καὶ
1159 3464 1371 3526 ποινάς.
1419 3464 1558 3539 Ἐγὼ
1615 3461 1707 3518 οῦν
1765 3461 1928 3523 αὐτὸς

271 3553 661 3632 ὑπολαμϐάνω
734 3555 924 3611 αὐτίκα
996 3559 1088 3609 νῦν
1138 3554 1488 3629 ἁμαρτάνειν,
1548 3550 1630 3607 ὅτι
1683 3548 1928 3613 πολλοὺς

263 3646 470 3721 οἴομαι
525 3649 824 3721 καταγεΑᾷν
889 3665 992 3718 μου
1043 3650 1144 3713 τῆς
1200 3639 1572 3711 διδασκαλίας,
1622 3639 1672 3696 εἴ
1731 3637 1924 3713 μηδενὶ

260 3738 534 3795 πλουτῶν
565 3736 779 3812 ἀγαθῷ,
810 3734 922 3789 εἶτα
952 3730 1192 3788 διδάσκω
1223 3731 1456 3806 ἑτέρους.

343 3845 446 3919 νγ’.
483 3843 582 3899 Καὶ
616 3840 726 3896 εἷ’θε
775 3841 872 3913 μὲν
905 3840 979 3913 μή
1008 3839 1179 3900 οὕτως
1210 3837 1331 3914 ἔχοι
1378 3839 1569 3894 τοῦτοί
1630 3834 1771 3895 Οὐδὶ
1823 3837 1927 3914 γὰρ

266 3935 398 4010 χρὴ
430 3931 593 4006 ὀρθοῦ
639 3927 970 3984 διδασκάλου
1021 3928 1136 4003 βίον
1186 3928 1629 4002 περιεργάζεσθαι
1687 3925 1814 3988 τούς
1870 3947 1929 3981 τε

260 4021 548 4098 μαθητὰς.
593 4017 739 4075 ἀλλά
782 4019 844 4073 τὸ
895 4015 1284 4088 διδασκόμενον
1345 4015 1789 4087 ἐπισκήπτεσθαι,
1837 4017 1924 4070 καὶ

387 4111 399 4132 ν
499 4109 512 4126 ’
563 4107 578 4126 9
766 4113 788 4122 -
911 4103 938 4128 ν
1093 4105 1120 4159 ὀ
1204 4105 1217 4122 ε
1354 4103 1407 4122 αι
1669 4105 1684 4126 χ

261 4132 381 4169 κατ
458 4129 586 4164 αυτο
640 4128 836 4175 ποιειν,
883 4126 1034 4178 ειπερ
1128 4117 1228 4179 ρθα
1293 4103 1530 4160 διοασκει
1597 4126 1686 4160 και
1745 4105 1928 4160 ἀνεπι-

259 4200 484 4274 σφαλῆ.
519 4197 669 4260 Τέως
728 4217 786 4271 γε
848 4196 954 4268 μὴν
1011 4193 1260 4264 ἐπιδείξω
1316 4193 1406 4248 καὶ
1465 4191 1738 4261 δακτύλω,
1771 4194 1821 4249 εἷ’
1868 4216 1930 4269 γε

266 4287 566 4366 βούλεσθε,
596 4290 790 4341 τοῦτον
843 4286 932 4339 καὶ
985 4282 1169 4359 ἕτερον
1223 4284 1311 4338 καὶ
1375 4283 1576 4338 ὶκεῖνον
1632 4285 1718 4338 καὶ
1754 4282 1926 4338 ἄλλον

266 4378 676 4451 μωκωμὲνους,
732 4374 778 4428 εί
833 4373 921 4428 καὶ
979 4374 1042 4428 τὸ
1094 4371 1272 4444 στόμα
1348 4373 1486 4427 κατᾶ
1550 4373 1644 4427 τὸν
1713 4372 1931 4428 εἰπόντα

266 4465 596 4532 ὑπίλλουσι,
650 4464 736 4518 καὶ
818 4461 1240 4536 μυκτηρίζοντας
1295 4462 1384 4515 καὶ
1441 4461 1762 4538 στρέφοντας
1825 4463 1930 4517 ὑπὸ

258 4563 392 4618 τοῖς
452 4551 634 4609 ὀδοῦσι
689 4551 782 4606 τό’
829 4575 858 4604 ι(
909 4550 968 4604 Τί
1027 4549 1260 4628 φλυαρεῖ
1315 4551 1343 4604 ὁ
1405 4550 1569 4624 μέγας
1627 4555 1851 4618 παπᾶςς
1897 4573 1928 4601 ››

2038 3377 2252 3447 solum,
2284 3377 2420 3433 licet
2448 3377 2573 3446 ipse
2623 3380 2914 3450 opinetur,
2949 3397 3062 3437 non
3088 3382 3344 3452 justum,
3379 3383 3478 3439 sed
3512 3382 3689 3439 etiam

2038 3466 2138 3537 qui
2169 3483 2340 3538 pinna
2368 3467 2584 3538 dignus
2615 3468 2711 3524 sit.
2745 3469 2908 3532 Quod
2941 3475 3138 3525 autem
3187 3472 3258 3526 ad
3317 3486 3409 3526 me
3457 3471 3686 3542 attinet,

2040 3556 2164 3627 ipse
2195 3572 2350 3611 nunc
2399 3571 2639 3627 peccare
2689 3557 2833 3612 mihi
2884 3558 3104 3626 videor,
3139 3559 3279 3631 quia
3323 3559 3495 3615 multi
3542 3576 3689 3617 mete

2038 3643 2313 3700 doctrina:
2344 3644 2992 3718 irridebunt,siquidem
3024 3664 3151 3720 ego,
3187 3648 3346 3705 nullo
3377 3649 3686 3707 abundans

2038 3732 2212 3800 bono,
2245 3737 2440 3788 tamen
2472 3732 2618 3790 alios
2647 3735 2911 3790 doceam.

2106 3839 2196 3894 23.
2257 3838 2491 3895 Utinam
2550 3839 2672 3896 haec
2727 3857 2842 3895 non
2891 3841 2973 3897 ita
3020 3859 3083 3898 se
3131 3843 3416 3900 habeant!
3484 3845 3684 3918 Neque

2037 3928 2193 3983 enim
2225 3928 2360 3984 boni
2395 3929 2661 4000 magistri
2708 3930 2885 3985 vitam
2937 3931 3165 3988 curiose
3197 3935 3549 4004 perscrutari
3579 3936 3680 3990 de-

2037 4017 2178 4073 bent
2205 4017 2502 4088 discipuli,
2529 4019 2631 4074 sed
2663 4019 2857 4090 potius
2887 4021 3211 4077 doctrinam
3243 4022 3439 4080 animo
3470 4040 3685 4097 expen-

2038 4107 2172 4162 dere
2203 4111 2260 4161 et
2287 4107 2611 4162 secundum
2643 4123 2773 4163 eam
2805 4125 2996 4180 agere,
3027 4112 3077 4165 si
3122 4111 3401 4168 nimirum
3434 4119 3588 4170 recte
3618 4131 3685 4169 ac

2038 4196 2186 4253 bene
2237 4196 2421 4251 docet.
2455 4195 2584 4251 Jam
2636 4213 2788 4263 vero,
2823 4198 2872 4252 si
2903 4197 3098 4265 vultis,
3133 4200 3311 4271 digito
3360 4208 3689 4259 monstrare

2042 4301 2281 4356 possum
2315 4284 2470 4340 hunc
2501 4290 2559 4340 et
2586 4285 2752 4340 illum
2787 4287 2885 4357 qui
2920 4288 3063 4342 mihi
3097 4289 3688 4362 illudunt,quamvis,

2040 4375 2124 4429 uti
2155 4374 2389 4438 dicitur,
2422 4373 2636 4443 linguis
2670 4376 2920 4442 faveant,
2954 4376 3053 4447 qui
3107 4378 3353 4434 irrident
3383 4386 3557 4452 atque
3602 4381 3688 4436 in-

2040 4469 2127 4518 ter
2155 4465 2357 4518 dentes
2405 4467 2642 4519 versant
2671 4463 2816 4520 illud
2849 4483 2861 4520 :
2901 4486 2928 4515 ‹‹
2959 4466 3107 4531 Quid
3141 4474 3398 4538 nugatur
3438 4485 3690 4540 magnus

2043 4553 2344 4624 pontifex?
2395 4574 2422 4603 »
2477 4553 2682 4609 Ridete
2731 4555 2926 4619 modo,
2979 4571 3010 4609 ο
3059 4555 3280 4624 miseri,
3324 4556 3586 4622 irridste,
3635 4561 3692 4613 et

263 4647 402 4712 Ναὶ,
455 4644 538 4696 ναὶ
588 4641 676 4696 καὶ
735 4639 952 4715 γελᾶτε,
985 4637 1030 4692 ὦ
1087 4638 1260 4710 οὗτοι,
1313 4639 1399 4692 καὶ
1461 4637 1816 4713 καταγελᾶτε,
1849 4660 1918 4694 κα

2050 4641 2350 4712 indulgete
2377 4641 2743 4708 ludibriis,et
2772 4644 3038 4698 obturate
3068 4660 3260 4710 aures,
3293 4650 3349 4700 et
3379 4645 3598 4718 pergite
3629 4646 3690 4701 in

264 4735 574 4804 σκώπτετε,
624 4729 714 4785 καὶ
778 4728 931 4804 βύετε
982 4729 1076 4788 τὰς
1153 4727 1336 4800 ἀκοὰς,
1385 4727 1475 4782 καὶ
1550 4726 1787 4797 ἰξανύετε
1840 4729 1931 4783 τὸν

264 4824 489 4893 συνήθη
545 4819 861 4894 περίπατον,
915 4817 979 4873 οῦ
1016 4817 1078 4872 τὸ
1130 4815 1291 4881 τέλος
1345 4817 1592 4892 κρημνὸς
1653 4818 1681 4872 6
1736 4817 1790 4880 ἐς
1839 4817 1934 4873 κό-

273 4932 421 4990 ρακα
427 4933 453 4975 ς
459 4955 472 4969 ο

347 5015 452 5073 κδ’.
501 5015 930 5088 Ἀναμιμνήσκω
987 5009 1154 5068 πάλιν
1208 5013 1332 5087 περὶ
1387 5020 1488 5083 τῆς
1546 5012 1597 5069 ἒν
1652 5016 1788 5086 ἡμῖν
1852 5011 1934 5069 δι..

265 5107 554 5184 γλωττίας
609 5103 678 5159 δι’
731 5106 794 5173 ἣν
854 5106 1216 5166 συναντῶν-τες
1273 5100 1571 5174 ἀλλήλοις,
1631 5098 1932 5178 ἔμπροσθεν

269 5199 374 5271 μὲν
460 5193 983 5268 καλιρῥημονοῦμεν
1058 5193 1148 5246 καὶ
1227 5191 1607 5269 εὐπροσήγορα
1701 5193 1936 5271 φθεγγό-

270 5297 441 5360 μεθα.
472 5281 916 5359 παραλλάξαντες
960 5279 1018 5337 δέ
1061 5303 1112 5336 τι
1169 5281 1347 5358 βραχὺ
1397 5281 1776 5355 καταπτύομεν
1834 5281 1934 5337 άλ-

263 5375 467 5445 λήλων
529 5368 834 5450 βορϐόρους
896 5370 1286 5450 βλασφημιῶν.
1335 5375 1395 5425 Τί
1448 5369 1846 5445 εὐκολώτερον,
1891 5373 1936 5426 ὦ

264 5464 550 5539 ἄνθρωπε,
603 5467 702 5518 τοῦ
780 5459 1169 5536 ἀπαλλαγῆναι
1243 5459 1494 5515 τοιούτου
1556 5465 1769 5529 κακοῦ;
1831 5464 1938 5518 Μι-

261 5559 408 5624 σεῖς,
442 5553 531 5608 καὶ
567 5551 777 5628 βαρέως
823 5545 972 5625 ἔχεις
1024 5549 1111 5604 ἐπί
1139 5571 1267 5605 τινι.
1303 5549 1512 5607 Οὐκοῦν
1575 5552 1713 5622 μήτε
1769 5570 1937 5626 προσ.

258 5645 540 5718 κυνήσῃς,
582 5643 722 5715 μήτε
767 5641 828 5695 τὸ
887 5662 914 5694 ε
963 5638 1126 5716 χαῖρε
1174 5662 1204 5692 κ
1235 5641 1558 5716 προσείπῃς·
1597 5637 1744 5696 ἀλλά
1800 5641 1942 5696 ἀντι-

264 5729 564 5807 παρελθὼν
643 5727 996 5805 ἀπαλλάγηθι
1077 5732 1175 5784 τοῦ
1225 5725 1441 5804 ἀνδρός.
1499 5730 1822 5805 Κατακύψας
1881 5729 1940 5788 Si

608 5861 880 5922 PATBOL.
929 5858 1040 5920 Gs.
1087 5857 1380 5922 CXXXV.

2044 4731 2134 4786 via
2163 4735 2440 4786 consueta
2469 4747 2596 4800 qua
2629 4732 2866 4786 tandem
2898 4731 3178 4805 praecipiti
3220 4733 3444 4806 impetu
3473 4735 3533 4790 in
3565 4751 3692 4791 ma-

2042 4819 2158 4876 lam
2192 4835 2314 4874 rem
2347 4835 2448 4874 vos
2478 4819 2748 4874 deducet.

2112 5016 2205 5070 24.
2235 5016 2719 5072 Commemorabo
2750 5017 2922 5073 etiam
2966 5016 3129 5075 illam
3178 5020 3488 5076 verborum
3538 5021 3700 5080 anci-

2045 5106 2225 5177 pitem
2256 5105 2698 5162 simulationem
2729 5123 2844 5178 qua
2877 5109 2943 5162 ﬁt
2972 5112 3057 5177 ut,
3080 5108 3325 5166 invicem
3353 5110 3506 5166 obvii
3537 5111 3697 5181 facti,

2046 5195 2329 5268 speciosis
2353 5195 2546 5250 verbis
2570 5201 2809 5251 utamur
2832 5201 2886 5252 et
2899 5197 3317 5269 gratulationes
3333 5217 3696 5271 premamus,

2045 5284 2352 5356 paululum
2384 5301 2516 5340 vero
2541 5287 2935 5357 praetergressi
2961 5287 3392 5344 calumniarum
3425 5289 3700 5346 sordibus

2045 5374 2290 5429 invicem
2317 5374 2827 5446 polluamusQuid
2855 5375 3105 5431 facillius
3127 5381 3275 5443 εει-,ο
3298 5377 3495 5445 homo,
3519 5394 3700 5450 quam

2049 5466 2154 5520 hoc
2173 5465 2316 5520 vitio
2342 5464 2619 5521 liberari?
2649 5465 2832 5521 Odisti
2857 5467 3112 5538 aliquem
3136 5468 3305 5538 eique
3333 5468 3482 5525 male
3513 5468 3702 5542 cupis.

2047 5555 2245 5626 Neque
2294 5554 2476 5627 igitur
2525 5555 2767 5621 salutes,
2803 5572 2991 5628 neque
3036 5557 3259 5613 salvere
3310 5574 3443 5613 eum
3467 5559 3704 5631 jubeas,

2049 5645 2151 5700 sed
2203 5659 2338 5700 cum
2386 5643 2438 5699 ei
2486 5644 2765 5708 occurrls,
2828 5651 3119 5702 remotum
3176 5650 3233 5702 te
3274 5650 3492 5705 teneas.
3557 5653 3705 5706 Dum

2053 5737 2252 5790 autem
2297 5732 2384 5789 sic
2437 5733 2658 5790 frustra
2705 5750 2842 5790 eum
2891 5737 3121 5792 salutas
3149 5740 3208 5792 et
3234 5742 3414 5809 caput
3454 5737 3706 5795 iuclinal

3311 5865 3387 5926 18
