4114 6200
332 388 458 454 555
1113 388 1533 453 EUSTATHII
1575 383 2357 449 THESSALONICENSIS
2399 383 2988 450 METROPOLlTxE
3632 390 3763 452 556

332 526 410 589 et,
442 522 578 580 licet
604 540 739 580 eum
765 524 898 580 odio
926 522 1166 589 habeas,
1198 519 1635 594 gratulabunda
1671 535 1809 575 voce
1838 517 1963 575 allo«

2095 515 2172 580 εἷς
2225 515 2590 591 προσκύνησιν
2666 518 2812 572 οὕτω
2869 516 3068 592 μάτην,
3111 518 3202 574 καὶ
3264 517 3438 594 χαρὰν
3493 539 3758 598 προσφω-

332 611 552 682 quoris,
585 613 855 668 mentiris
900 612 985 667 uti
1035 627 1149 666 non
1199 613 1445 682 oportet.
1495 611 1771 674 Quanam
1820 607 1978 663 enim

333 701 654 758 necessitas
677 702 706 756 ‘I

401 808 492 864 25.
554 808 728 863 Porro
787 807 1141 861 mentionem
1210 805 1472 876 injiciam
1546 804 1977 860 calumniarum

334 895 550 968 quibus
580 896 713 967 plus
759 911 934 966 quam
985 893 1332 950 dulcissimo
1383 893 1553 949 melle
1599 893 1976 948 delectamur.

331 986 507 1050 Quale
550 985 777 1041 lucrum
829 985 964 1040 inde
1009 984 1352 1041 enascitur?
1401 983 1592 1040 Habes
1645 1000 1749 1038 cur
1797 982 1977 1038 alium

323 1074 582 1132 incuses.
615 1075 721 1130 Adi
752 1091 908 1140 eum,
941 1074 1200 1144 loquere,
1236 1090 1460 1145 perora,
1481 1078 1537 1128 et
1567 1073 1616 1128 si
1647 1072 1976 1128 convictum

321 1165 692 1237 puniendum
725 1180 949 1230 censes,
974 1164 1138 1218 trade
1161 1178 1293 1217 eum
1325 1162 1434 1234 legi
1462 1167 1524 1217 ut
1545 1179 1723 1232 pcenaa
1745 1166 1976 1216 statutae

319 1254 709 1323 subjiciatur;
753 1253 803 1308 si
835 1257 897 1307 tu
931 1252 1059 1324 ipse
1091 1253 1441 1323 redargutus
1491 1250 1839 1316 discessisti,
1873 1267 1977 1322 age

317 1342 641 1398 silentium.
673 1340 1097 1396 Calumniando
1121 1341 1274 1395 enim
1303 1339 1448 1394 nihil
1497 1340 1752 1411 perﬁcis,
1786 1346 1839 1394 et
1868 1339 1980 1396 hoc

315 1430 510 1487 solum
543 1429 815 1502 lucraris,
849 1433 916 1484 ut
969 1429 1356 1502 nugatoribus
1391 1428 1757 1484 acoensearis
1804 1432 1980 1500 atque

315 1535 530 1576 canum
562 1535 723 1574 more
752 1517 965 1572 latrare
993 1517 1265 1572 videaris.
1299 1517 1592 1572 Nimirum
1624 1534 1797 1573 canes
1828 1533 1976 1588 quo-

317 1623 454 1678 que,
485 1607 587 1663 ubi
616 1608 882 1664 mordere
914 1611 1240 1678 nequeunt,
1272 1605 1489 1661 latratu
1523 1623 1630 1661 suo
1662 1622 1857 1662 aerem
1891 1607 1977 1660 fa-

315 1696 524 1768 tigant.

384 1804 474 1858 26.
508 1802 770 1875 Denique
800 1802 1057 1874 impetus
1105 1806 1312 1858 contra
1359 1801 1456 1858 Dei
1501 1800 1820 1857 Ecclesiam
1872 1816 1978 1855 ne-

2088 607 2253 674 νήσας
2309 609 2392 678 τῷ
2452 605 2786 679 μισουμένῳ,
2848 605 3059 682 ἐψεύσω
3118 607 3193 671 εἰς
3249 605 3403 663 οὐδὲν
3461 606 3607 666 δέον.
3643 611 3754 673 Τίς

2087 694 2188 767 γὰρ
2219 696 2254 763 ἡ
2285 693 2491 770 ἀνάγκη
2517 714 2530 764 ;

2159 801 2251 856 κε’.
2311 801 2746 874 Ὑπομιμνήσκω
2803 803 2888 857 καὶ
2951 805 3078 878 περὶ
3131 807 3240 858 τῶν
3300 799 3600 874 διαϐολῶν,
3660 809 3754 870 αἷς

2089 889 2397 967 ἐντυφῶμεν
2459 890 2534 952 ὡς
2593 888 2716 945 οὐδὲ
2744 897 2860 954 τοῖς
2920 892 2980 947 έκ
3029 890 3250 964 μέλιτος
3280 890 3642 968 γλυκασμοῖς.
3677 897 3750 953 Τί

2087 974 2277 1053 κέρδος
2331 981 2466 1051 ἡμῖν
2526 979 2576 1034 έν
2631 981 2879 1050 τούτων;
2936 983 3125 1056 Ἔχεις
3197 980 3366 1036 εἷπεῖν
3413 985 3749 1058 κατηγορίαν

2091 1066 2176 1121 ἐπὶ
2205 1071 2286 1139 τῷ
2333 1066 2590 1138 πλησίον.
2625 1071 2882 1140 ’Ένστηθι
2939 1071 3055 1124 κατ’
3115 1069 3299 1142 αὐτοῦ,
3352 1068 3614 1144 λάλησον,
3665 1071 3752 1128 δί-

2088 1177 2272 1211 κασον.
2333 1158 2430 1210 Καὶ
2481 1157 2516 1225 ἢ
2576 1154 2934 1220 καταδικάσας
2983 1155 3223 1232 παράδος
3289 1163 3366 1232 τῷ
3436 1160 3594 1233 νόμῳ
3652 1163 3750 1216 τὸν

2089 1244 2400 1320 ἐναχθέντα,
2446 1245 2535 1300 καὶ
2595 1247 2850 1323 πασχέτω
2895 1247 2962 1302 τὰ
3004 1248 3360 1321 νενομισμένα
3431 1247 3466 1318 ἢ
3521 1250 3752 1324 ἀπενεγ-

2088 1333 2321 1404 κάμενος
2390 1336 2489 1404 τὴν
2567 1333 2798 1404 ἐλάττω,
2857 1336 3160 1411 ἠρέμησον.
3235 1331 3561 1393 Διαϐάλλων
3640 1341 3749 1415 γὰρ

2094 1421 2269 1484 ἀνύεις
2324 1421 2500 1493 οὐδὲν,
2553 1422 2850 1498 κερδαίνείς
2927 1423 2985 1479 δὲ
3062 1426 3227 1498 μόνον
3295 1427 3358 1481 τὸ
3432 1426 3753 1503 στόμαργος

2095 1511 2249 1577 εἶναι,
2280 1513 2369 1567 καὶ
2429 1510 2605 1567 δοκεῖν
2672 1511 2886 1588 βαΰζειν
2944 1512 3196 1584 κυνηδόν.
3233 1515 3333 1570 Καὶ
3391 1515 3492 1592 γάρ
3522 1538 3607 1572 τοι
3651 1519 3748 1572 καὶ

2089 1598 2244 1663 κύνες
2287 1597 2751 1676 καταδολεσχοῦσι
2813 1601 2988 1674 μάτην
3048 1603 3126 1666 είς
3174 1602 3320 1680 ἀέρα,
3357 1604 3447 1660 ὅτε
3505 1607 3581 1679 μὴ
3642 1603 3748 1660 δά-

2090 1708 2177 1743 κνε
2187 1710 2228 1743 ιν
2262 1683 2502 1765 ἔχουσιν.

2162 1797 2264 1858 κς’.
2321 1797 2652 1870 Ἀνάμνησιν
2721 1792 3023 1852 ὑποϐάλλω
3100 1798 3189 1853 καὶ
3263 1805 3372 1856 τῶν
3443 1803 3579 1857 κατᾶ
3637 1809 3746 1874 τῆς

312 1891 524 1947 fandos
583 1891 815 1946 silentio
876 1890 1172 1962 prasterire
1229 1890 1384 1945 haud
1447 1906 1710 1961 possum.
1759 1887 1963 1943 Paucis

2077 1883 2401 1951 Ἐκκλησίας
2471 1889 2568 1939 τοῦ
2632 1889 2767 1940 Θεοῦ
2844 1883 3032 1940 δεινῶν
3110 1885 3496 1964 ἐγχειρήσεων.
3567 1892 3746 1964 Ἡμέ-

311 1980 525 2036 abhinc
572 1979 804 2048 diebus,
839 1979 979 2034 civis
1025 1979 1272 2051 quidam
1321 1981 1531 2033 nostra:
1588 1977 1754 2032 urbis
1810 1992 1975 2030 num-

309 2067 622 2135 mularius,
675 2069 746 2123 de
806 2085 922 2140 quo
984 2067 1237 2122 breviter
1297 2067 1488 2123 dicam
1552 2065 1760 2137 (impia
1817 2065 1972 2119 enim

306 2157 461 2212 facta
490 2157 652 2229 prius
683 2161 859 2228 atque
889 2159 1024 2210 ante
1057 2155 1315 2210 multum
1365 2159 1602 2225 tempus
1651 2153 1973 2208 commissa

308 2263 425 2301 non
477 2245 996 2315 commemorabo),
1031 2261 1164 2299 cum
1197 2243 1384 2316 ipsius
1436 2260 1640 2299 servus
1693 2242 1874 2297 miser
1911 2241 1970 2295 in

309 2334 584 2406 Magnam
617 2333 921 2390 ecclesiam
978 2334 1073 2389 Dei
1116 2332 1502 2405 confugisset,
1539 2331 1727 2387 hostis
1779 2329 1968 2384 Latini

309 2423 518 2490 instar,
569 2421 773 2494 quales
819 2439 924 2478 nos
971 2438 1226 2494 quoque,
1276 2421 1421 2493 proh
1472 2419 1638 2475 dolor
1681 2420 1691 2474 l
1748 2417 1966 2490 experti

312 2529 544 2578 sumus,
578 2511 835 2566 accurrit
865 2515 920 2566 et
975 2510 1271 2566 infelicem
1323 2508 1490 2564 illum
1542 2507 1968 2564 homunculum

313 2617 429 2656 non
461 2616 531 2655 ex
579 2599 743 2655 atriis
791 2598 1068 2667 ecclesiae,
1103 2615 1217 2653 non
1249 2614 1279 2654 e
1308 2597 1594 2653 vestibulo
1645 2600 1746 2652 aut
1788 2595 1969 2667 pinna

311 2689 538 2761 templi,
600 2690 701 2744 sed
757 2704 788 2744 e
827 2688 1021 2742 media
1070 2686 1316 2743 ecclesia
1358 2686 1664 2758 protraxit,
1713 2689 1770 2740 et
1810 2684 1968 2740 velut

310 2776 489 2848 lupus
521 2792 763 2848 agnum,
796 2775 1047 2847 arripuit
1075 2775 1436 2846 domumque
1475 2773 1736 2828 deduxit.
1768 2773 1966 2843 Neque

313 2864 595 2936 cogitans,
628 2881 690 2920 se
712 2863 880 2918 illum
900 2880 929 2919 e
950 2863 1052 2919 Dei
1085 2862 1359 2918 manibus
1381 2861 1688 2933 eripuisse,
1721 2860 1964 2931 capillos

310 2953 362 3009 ei
395 2951 623 3020 evulsit,
659 2969 772 3007 non
828 2949 1196 3022 simpliciter,
1231 2951 1331 3005 sed
1385 2948 1556 3022 quasi
1604 2948 1819 3004 mentis
1851 2965 1962 3004 usu

310 3057 448 3097 eum
481 3041 707 3113 privare
755 3038 1011 3109 deberet,
1046 3039 1257 3094 deinde
1305 3042 1491 3093 totum
1542 3055 1753 3109 corpus
1801 3037 1962 3094 illius

307 3130 563 3202 pessime
636 3129 908 3185 tractavit
983 3133 1158 3201 atque
1221 3126 1547 3183 innumeris
1622 3125 1960 3182 verberibus

308 3219 542 3274 afﬂixit:
577 3223 634 3274 et
664 3234 977 3288 quemnam
1012 3233 1262 3288 magnus
1294 3216 1403 3271 iste
1432 3216 1605 3271 heros
1632 3214 1959 3287 percussit?

310 3307 545 3364 Scilicet
565 3323 698 3363 eum
725 3306 825 3378 qui
848 3307 919 3360 ob
951 3310 1213 3361 teneram
1237 3309 1469 3360 atatem
1499 3303 1592 3358 vix
1615 3304 1782 3359 firmo
1815 3303 1960 3374 pede

313 3395 581 3452 incedere
612 3400 827 3468 posset.
863 3395 1179 3466 Postquam
1211 3394 1292 3449 ita
1349 3392 1649 3449 servulum
1696 3393 1967 3448 affecerat

312 3485 653 3557 ejusque,ut
672 3484 753 3540 ita
774 3483 1250 3550 dicam,animam
1277 3483 1674 3545 devoraverat,
1693 3482 1762 3536 ad
1788 3481 1964 3552 pedes

313 3574 616 3630 descendit
644 3591 792 3645 quos
826 3590 940 3629 non
972 3573 1169 3629 minus
1217 3576 1406 3638 curat,
1439 3571 1964 3642 (quemadmodum

318 3662 512 3734 ipsum
559 3663 786 3718 utinam
834 3661 986 3717 alius
1036 3661 1168 3734 quis
1214 3659 1436 3728 curet!)
1465 3657 1717 3715 vinculis
1763 3659 1967 3715 ferreis

320 3765 557 3806 ornans.
591 3750 810 3805 Deinde
841 3750 1013 3804 etiam
1063 3749 1375 3819 suspendit
1421 3747 1699 3803 miserum
1747 3748 1966 3802 manci-

317 3838 481 3909 pium
525 3837 776 3894 crudelis
825 3853 1162 3901 conservus,
1193 3837 1275 3891 ita
1322 3841 1386 3890 ut
1435 3853 1505 3890 ne
1553 3838 1677 3891 solo
1726 3835 1963 3906 quidem

313 3925 699 3992 insisteret,et
728 3926 812 3980 sio
835 3942 958 3996 qua
990 3941 1104 3980 non
1138 3924 1274 3980 licet
1305 3923 1676 3996 perpetravit.
1704 3923 1965 3995 Denique

309 4014 479 4069 illum
509 4015 751 4069 involvit
796 4030 988 4084 sacco,
1022 4031 1137 4085 quo
1183 4030 1255 4069 ne
1284 4013 1553 4068 Ninivitaa
1607 4012 1863 4082 quidem,
1897 4029 1966 4068 ex

309 4119 440 4158 mea
470 4104 776 4171 sententia,
809 4103 910 4158 sed
961 4103 1196 4174 gravius
1245 4107 1554 4174 peccantes
1595 4101 1810 4157 involvi
1862 4103 1961 4158 de-

304 4194 594 4250 buissent.
630 4198 696 4249 Et
717 4195 802 4250 sic
824 4193 1062 4265 quidem
1089 4194 1249 4260 inte,
1281 4211 1312 4248 o
1335 4192 1578 4265 puerule
1611 4193 1961 4260 miserande,

303 4285 564 4354 peccavit
610 4283 728 4351 ille,
763 4283 900 4354 quia
949 4283 1019 4338 ad
1053 4282 1235 4337 Deum
1290 4298 1597 4337 accurrere
1647 4298 1828 4336 ausus
1877 4297 1960 4336 es.

304 4371 443 4435 Quis
475 4376 672 4428 autem
705 4377 780 4439 te,
814 4389 846 4427 o
880 4370 1045 4443 pueri
1078 4371 1359 4438 carnifex,
1394 4369 1569 4441 digne
1600 4369 1825 4441 puniat,
1860 4369 1960 4442 qui

299 4464 419 4518 tam
469 4460 865 4534 impudenter,
897 4460 945 4515 si
993 4460 1293 4515 veritatem
1348 4459 1610 4514 conﬁteri
1653 4458 1809 4525 licet,
1843 4463 1956 4513 Deo

299 4549 412 4621 ipsi
443 4550 560 4606 vim
591 4549 892 4604 intulisti?
919 4551 1066 4605 Cum
1111 4548 1266 4604 enim
1301 4548 1389 4602 ira
1421 4552 1521 4601 tua
1554 4547 1760 4602 rabida
1790 4547 1873 4602 ita
1900 4551 1956 4604 te

2086 1993 2172 2047 ραι
2217 1974 2359 2036 τινες
2405 1975 2558 2028 αὗται
2603 1973 2894 2050 ὀλίγισται,
2926 1975 3017 2030 καί
3067 1997 3149 2039 τις
3202 1976 3438 2047 πολίτης
3489 1978 3540 2034 ἐν
3596 1983 3742 2054 ἡμῖν

2083 2057 2516 2136 ἀργυραμοιϐὸς,
2553 2063 2790 2138 βραχέος
2825 2061 2996 2139 λόγου
3029 2061 3176 2135 ἄξιος
3236 2066 3460 2143 (ἀφίημι
3511 2068 3611 2144 γὰρ
3670 2070 3746 2124 τὰ

2081 2150 2186 2224 πρὸ
2235 2154 2427 2224 καιροῦ
2476 2149 2730 2212 πλείονος
2774 2151 2865 2206 καὶ
2904 2152 3202 2227 παλαίτερα
3257 2153 3554 2229 πάνδεινα),
3607 2155 3742 2211 δου-

2082 2236 2273 2314 λάριον
2323 2238 2536 2312 οἷ’κτρὸν
2592 2241 2905 2317 προσφυγὸν
2964 2245 3031 2315 τῇ
3090 2241 3356 2318 καθολικῇ
3416 2251 3513 2300 τοῦ
3565 2248 3740 2321 μεγά-

2081 2323 2180 2381 λου
2238 2331 2370 2382 Θιοῦ
2428 2329 2479 2382 ἐν
2546 2330 2682 2400 ἡμῖν
2772 2328 3057 2402 ἐκκλησίᾳ,
3116 2329 3430 2406 ἐπιδραμὼν
3505 2333 3741 2407 ἐκεῖνος,

2079 2417 2166 2469 οἷα
2223 2415 2314 2470 καί
2368 2437 2448 2477 τις
2508 2420 2739 2478 Λατῖνος
2798 2417 3198 2492 πολιορκητὴς,
3241 2422 3444 2476 ὁποίων
3497 2423 3589 2478 καὶ
3641 2425 3746 2478 αῦ-

2074 2509 2181 2559 τῶν
2233 2500 2387 2577 οἷ’μοι
2444 2506 2832 2581 πεπειράμεθα,
2877 2505 3151 2576 ἐξέσπασεν
3210 2507 3381 2564 ἐκεῖνο
3437 2513 3500 2566 τὸ
3556 2511 3738 2568 Duu-

2075 2593 2167 2647 νὸν
2227 2592 2554 2668 ἀνθρώπιον,
2587 2593 2648 2648 οὗ
2706 2598 2811 2648 τῶν
2872 2593 3337 2665 ἐκκλησιαστικῶν
3384 2600 3742 2674 προαυλίιυν,

2077 2681 2138 2736 οὗ
2191 2687 2297 2737 τῶν
2365 2682 2902 2758 προτεμενισμάτων,
2972 2684 3034 2738 οὗ
3107 2690 3213 2740 τῶν
3279 2689 3576 2762 πτερυγίων
3630 2697 3741 2745 τοῦ

2084 2775 2220 2843 ναοῦ,
2254 2769 2380 2826 ἀλλ’
2426 2771 2588 2826 αὐτοῦ
2640 2771 2846 2827 ἐκείνου
2897 2772 3084 2847 μέσσω
3117 2775 3206 2830 καὶ
3256 2775 3523 2850 ἀράμενος
3578 2779 3742 2851 ἀπή-

2074 2881 2234 2935 γαγεν
2284 2855 2448 2930 οἷ’κοι,
2483 2859 2649 2923 λύκος
2705 2860 2912 2937 ἀρνίον.
2947 2863 3050 2919 Καὶ
3107 2863 3206 2919 οὐκ
3263 2864 3599 2938 ἐνθυμηθεὶς,
3655 2870 3743 2934 ὡς

2073 2949 2133 3004 ἐκ
2169 2953 2302 3004 Θεοῦ
2351 2953 2554 3025 χειρῶν
2605 2949 2734 3005 αὐτὸ
2782 2951 2903 3026 ἦρε,
2933 2953 3035 3022 τήν
3076 2973 3133 3007 τε
3180 2952 3424 3032 κεφαλὴν
3481 2955 3738 3029 ἐψίλωσε

2069 3042 2298 3114 τριχῶν,
2347 3037 2453 3114 οὐχ
2507 3037 2717 3110 ἁπλῶς,
2764 3037 2892 3096 ἀλλ’
2928 3041 3002 3103 ὡς
3050 3041 3096 3096 εί
3150 3043 3236 3097 καὶ
3297 3049 3490 3120 πυριᾷν
3549 3046 3726 3116 αὐτὴν

2069 3124 2175 3182 ἔδει
2244 3122 2399 3205 φόϐῳ
2471 3127 2912 3206 παραφροσύνης,
2975 3129 3063 3184 καὶ
3131 3130 3301 3198 αὐτῆς
3377 3131 3738 3200 ὑποκαταϐὰς

2070 3215 2274 3290 γίνεται
2328 3223 2428 3286 τῆς
2502 3215 2640 3284 ὅλης
2719 3217 2934 3292 σαρκὸς,
2991 3219 3081 3274 καὶ
3148 3219 3370 3297 πληγὰς
3429 3223 3736 3298 ὁλομελεῖς

2073 3303 2369 3374 ἐπιτίθησι,
2399 3304 2517 3359 τίνα
2562 3305 2778 3360 τύπτων
2829 3307 2856 3360 6
2909 3305 3077 3382 μέγας
3126 3307 3416 3384 γεννάδας;
3447 3313 3538 3366 τὸν
3598 3311 3738 3370 οὐδὲ

2075 3392 2267 3469 στερῥὰ
2301 3390 2538 3469 βαδίζειν
2579 3392 2872 3468 δυνάμενον
2906 3393 2994 3450 δίά
3037 3397 3100 3452 τὸ
3153 3397 3288 3453 κατᾶ
3342 3400 3439 3468 τὴν
3499 3399 3734 3470 ἠλικίαν

2073 3481 2409 3540 πανάπαλον.
2458 3485 2911 3558 Προνοησάμενος
2957 3482 3014 3540 δὲ
3059 3485 3202 3542 οὕτω
3265 3486 3364 3542 τοῦ
3407 3487 3733 3560 παιδίσκου,

2072 3572 2161 3626 καὶ
2216 3573 2277 3626 τὸ
2333 3570 2601 3647 ψυχάριον
2655 3572 2839 3646 αὐτοῦ,
2891 3573 2964 3636 ὡς
3013 3573 3187 3638 οὕτως
3239 3575 3426 3645 εἷπεῖν,
3488 3577 3735 3658 ἐκροφή-

2075 3681 2191 3729 σας,
2254 3655 2563 3716 καταϐαίνει
2617 3663 2738 3737 περὶ
2797 3662 2925 3725 τοὺς
2972 3661 3162 3726 πόδας.
3225 3665 3323 3720 Καὶ
3380 3655 3738 3740 ἐπιμελεῖται

2073 3748 2162 3802 καὶ
2221 3749 2415 3819 αὐτῶν,
2451 3750 2524 3813 ὡς
2584 3749 2673 3804 καὶ
2733 3750 2897 3805 αὐτοῦ
2951 3749 3312 3826 ἐπιμεληθείη
3371 3777 3457 3816 τις
3511 3752 3737 3832 ἕτερος,

2073 3839 2355 3909 κοσμήσας
2391 3835 2567 3910 κλοιῷ
2632 3843 2712 3911 τῷ
2775 3838 2834 3893 ἐκ
2901 3837 3167 3916 σιδήρου⁹
3213 3841 3326 3896 εἶτα
3372 3845 3462 3897 καὶ
3523 3865 3741 3918 μετεω-

2076 3924 2225 4001 ρίσας
2267 3926 2329 3980 τὸ
2377 3924 2606 3982 ἐλεεινὸν
2653 3925 3010 4004 ἀνδράποδον,
3057 3933 3147 3984 οἷα
3199 3927 3339 4004 μηδὲ
3380 3939 3481 4008 γῆν
3534 3941 3736 3989 πατεῖν

2075 4013 2203 4068 αὐτὸ
2260 4014 2420 4084 ἀξιῶν
2480 4017 2508 4070 6
2558 4015 2790 4087 ἀνηλεής
2847 4015 3161 4090 σύνδουλος,
3241 4017 3412 4075 ἐποίει
3492 4021 3560 4076 τὰ
3650 4025 3739 4096 μὴ

2070 4103 2400 4172 καθήκοντα.
2439 4103 2604 4166 Τέλος
2681 4102 2738 4159 δὲ
2809 4105 2991 4179 σάκκῳ
3071 4107 3416 4184 περιστέλλει
3502 4109 3736 4181 ἐκεῖνον,

2073 4191 2236 4265 οὗπερ
2295 4189 2408 4246 οὐδ’
2459 4193 2519 4247 ἂν
2579 4193 2730 4266 οἶμαι
2778 4197 3228 4267 Νινευῖται,ἀλλ’
3286 4198 3340 4253 οἱ
3396 4199 3488 4253 καὶ
3547 4199 3737 4256 πλείω

2070 4279 2348 4343 πταίοντες
2390 4277 2550 4351 ἄξιοι.
2584 4283 2680 4337 Καὶ
2725 4283 2883 4346 αὐτὸς
2941 4285 3057 4359 μὲν,
3095 4284 3140 4340 ὦ
3193 4284 3485 4362 παιδάριον
3553 4286 3735 4345 οἷ’κτι-

2069 4389 2212 4439 στον,
2243 4374 2466 4424 τοιαῦτα
2510 4370 2984 4445 πεπλημμέληκεν
3046 4373 3134 4429 ἐπὶ
3197 4374 3304 4443 σοί,
3359 4374 3500 4432 διότι
3535 4376 3735 4433 τετόλ-

2073 4479 2247 4530 μηκας
2305 4456 2529 4536 δραμεῖν
2587 4460 2664 4522 εῗς
2711 4461 2802 4516 τὸν
2857 4461 3008 4519 Θεόν.
3043 4465 3111 4519 Σὲ
3164 4462 3241 4537 δὲ,
3275 4466 3319 4520 ὦ
3375 4470 3473 4520 τοῦ
3528 4466 3731 4532 παιδὸς

2067 4544 2339 4622 ἀλιτήριε,
2369 4550 2453 4610 τίς
2483 4547 2542 4603 ἂν
2577 4550 2738 4620 ἀξίω..
2794 4549 3050 4627 μετέλθῃ,
3083 4552 3257 4616 οὕτως
3307 4552 3541 4617 ἀναιδῶς
3602 4557 3732 4631 βιά-

294 4618 638 4710 impelleret,
673 4656 744 4694 ne
775 4639 891 4693 Deo
923 4638 1160 4709 quidem
1206 4636 1539 4708 pepercisti,
1571 4637 1743 4706 cujus
1775 4653 1954 4690 manu

2077 4635 2292 4708 τάμενον
2321 4637 2450 4692 Θεὸν
2505 4638 2690 4708 αὐτὸν,
2726 4637 2779 4693 εἷ’
2821 4661 2876 4694 τι
2925 4641 3038 4715 χρὴ
3098 4640 3338 4711 λαλῆσαι
3395 4644 3534 4718 πρὸς
3592 4618 3735 4716 άλη-

293 4728 730 4799 apprehensum
756 4727 989 4782 videbas
1013 4724 1669 4797 puerum.Deliquisti,o
1702 4723 1952 4791 servule,

294 4817 449 4887 quod
480 4834 595 4872 non
635 4816 707 4870 ad
739 4821 1048 4888 paternum
1083 4813 1167 4867 tui
1202 4814 1426 4869 domini
1483 4813 1823 4886 sepulcrum
1856 4830 1951 4868 ac-

291 4905 550 4960 curristi.
583 4907 745 4960 Tunc
791 4905 947 4959 enim
997 4919 1198 4958 revera
1248 4903 1355 4959 tibi
1398 4903 1620 4975 impius
1669 4919 1952 4974 parsurus

291 4993 522 5049 fuisset.
555 4995 880 5059 Quemnam
913 4991 1221 5046 hominum
1253 4991 1502 5048 latronis
1545 5008 1705 5046 more
1737 4995 1797 5045 tu
1833 5007 1950 5046 non

291 5083 707 5154 aggredieris,o
729 5080 1268 5154 impudentissime,
1294 5080 1394 5152 qui
1419 5083 1504 5136 sic
1524 5081 1723 5136 divina
1755 5080 1948 5151 impu-

288 5189 438 5246 gnas
460 5171 487 5227 ?
511 5174 837 5237 Quemnam
873 5169 1228 5226 revereberis
1259 5169 1621 5240 mortalium,
1655 5186 1687 5225 o
1721 5168 1948 5225 stultis-

285 5261 459 5327 sime,
492 5261 592 5334 qui
639 5275 745 5315 neo
800 5259 894 5314 Dei
948 5257 1238 5317 rationem
1286 5257 1513 5314 habes?
1561 5258 1947 5314 Securitatem

285 5351 547 5424 praebent
576 5354 918 5406 sanctorum
947 5363 1151 5419 regum
1173 5346 1540 5418 columnm,si
1574 5347 1708 5418 quis
1738 5347 1810 5403 ad
1846 5362 1944 5402 eas

285 5439 632 5513 confugerit.
664 5444 745 5494 Tu
793 5442 994 5494 autem
1048 5436 1145 5492 Dei
1197 5436 1526 5509 supplicem
1577 5437 1630 5492 vi
1682 5436 1946 5508 abripere

284 5529 440 5584 haud
489 5528 799 5595 erubuisti,
830 5544 862 5583 o
894 5526 1194 5598 proterve!
1232 5527 1365 5591 Qum
1417 5531 1614 5583 autem
1661 5526 1944 5583 adversus

285 5617 678 5687 deplorandos
755 5616 1089 5674 sacerdotes
1157 5614 1260 5670 Dei
1317 5616 1652 5687 evomuisti,
1711 5614 1943 5672 etiamsi

285 5703 463 5761 homo
493 5723 711 5777 pravus
740 5705 856 5762 ista
885 5703 1132 5760 audiens
1161 5701 1589 5778 disrumpatur,
1621 5705 1822 5764 dicant
1849 5703 1937 5763 illi

413 5981 946 6092 illi...

2064 4725 2252 4793 θειαν;
2288 4725 2445 4782 Οὕτω
2501 4726 2603 4801 γὰρ
2659 4728 2754 4782 τοῦ
2815 4729 3105 4804 ἀλογίστου
3166 4736 3341 4804 θυμοῦ
3398 4731 3727 4797 ἐλαύνοντός

2063 4834 2142 4880 σε,
2183 4813 2281 4868 οὐκ
2337 4813 2395 4869 ἂν
2448 4812 2562 4870 οὐδ’
2600 4816 2764 4870 αὐτοῦ
2811 4822 2946 4872 Θεοῦ
2993 4818 3210 4896 ἐφείσω,
3262 4819 3306 4874 εί
3349 4821 3449 4889 τὴν
3517 4820 3729 4878 ἐκείνου

2061 4907 2223 4976 χεῖρα
2277 4899 2642 4978 δραττομένην
2703 4899 2931 4970 ἔϐλεπες
2987 4912 3084 4961 τοῦ
3150 4905 3367 4970 παιδός.
3401 4911 3724 4980 Ἐπταισας,

2061 4991 2106 5044 ὦ
2137 4987 2438 5063 δουλίδιον,
2472 4991 2553 5046 ὅτι
2615 4994 2692 5068 μὴ
2725 5000 2804 5066 τῷ
2857 5001 3108 5070 πατρικῷ
3154 4999 3308 5073 τάφῳ
3372 5003 3469 5054 τοῦ
3503 5020 3603 5054 σου
3639 4998 3722 5056 δε-

2061 5077 2261 5134 σπότου
2313 5079 2711 5156 προσέδραμες.
2763 5084 2836 5140 Ἦ
2907 5086 3010 5160 γὰρ
3086 5084 3146 5140 ἂν
3224 5085 3470 5164 ἐφείσατό
3544 5109 3643 5144 σου
3697 5091 3725 5145 6

2060 5168 2293 5230 ἀνόσιος.
2345 5169 2464 5227 Τίνι
2531 5176 2638 5226 τῶν
2729 5172 3028 5248 ἀνθρώπων
3101 5176 3202 5230 οὐκ
3277 5173 3336 5230 ἂν
3416 5173 3726 5252 ἐπιδράμῃς

2058 5254 2390 5332 λῃστρικῶς,
2448 5257 2809 5332 ἀναιδέστατε,
2865 5263 2892 5316 ὁ
2952 5265 3090 5318 κατὰ
3146 5269 3255 5320 τῶν
3316 5265 3474 5330 θείων
3531 5271 3726 5322 τοιοῦ-

2053 5367 2188 5416 τος;
2239 5348 2369 5406 Τίνα
2443 5356 2552 5405 τῶν
2631 5349 2879 5406 ἁπάντων
2931 5351 3270 5430 ἑντραπήσῃ,
3325 5353 3643 5423 ἁπαίδευτε,
3696 5357 3724 5410 6

2052 5437 2148 5491 τοῦ
2199 5443 2333 5493 Θεοῦ
2386 5441 2460 5514 μή
2536 5440 2921 5516 ἐπιστραφείς;
2971 5442 3200 5500 ’Άσυλοι
3263 5446 3316 5500 αἱ
3372 5450 3480 5500 τῶν
3550 5445 3718 5523 ἁγίων

2059 5525 2323 5602 βασιλέων
2386 5527 2607 5598 στῆλαι,
2666 5528 2720 5584 εἷ’
2768 5551 2852 5592 τις
2912 5531 3097 5595 αὐταῖς
3146 5533 3558 5612 προσφεύξεται.
3613 5534 3718 5592 Καὶ

2053 5613 2116 5669 σὺ
2146 5616 2237 5670 τὸν
2286 5622 2382 5672 τοῦ
2433 5623 2566 5674 Θεοῦ
2610 5620 2793 5689 ἱκέτην
2847 5621 3202 5697 ἃπεθρασύνω
3250 5625 3384 5698 πρὸς
3448 5624 3567 5700 βίαν
3620 5624 3716 5700 ἀρ·

2051 5704 2239 5777 πάσαι,
2293 5707 2620 5783 ίταμώτατι.
2681 5710 2744 5764 ’Δ
2803 5706 2862 5766 δὲ
2912 5710 3050 5767 κατᾶ
3121 5717 3230 5770 τῶν
3291 5711 3546 5772 ἐλεεινῶν
3607 5733 3710 5770 πα·
