4114 6200
335 452 454 510 557

1313 451 1620 513 ORATIO
1661 449 1883 512 ANNO
1926 449 2427 512 AUSPICANDO
2469 448 2796 510 HABITA.

3635 452 3758 513 558

330 579 521 637 πάδων
562 581 831 655 ἐξήμεσας
861 586 970 638 τῶν
1017 586 1116 638 τοῦ
1169 587 1324 653 Θεοῦ,
1383 581 1434 638 εἲ
1473 583 1563 638 καὶ
1607 580 1990 660 διαῤῥήγνυται

2107 582 2268 654 quia
2298 585 2531 654 raptore
2577 581 2912 648 audierunt,
2945 581 3017 637 ob
3049 597 3178 654 quae
3228 580 3416 637 sancti
3463 579 3756 656 lacryma-

337 673 365 728 6
409 673 654 747 πονηρὸς
707 671 990 747 ἄνθρωπος
1054 676 1216 726 τοῦτο
1279 672 1513 742 ἀκούων,
1575 670 1878 747 λεγέτωσαν
1933 674 1986 727 οἱ

335 761 657 823 ἀκούσαντες
688 761 748 816 ἐκ
787 765 884 816 τοῦ
938 762 1200 838 ἅρπαγος,
1257 759 1336 838 ἐφ’
1385 761 1464 824 οἷς
1522 763 1574 816 οἱ
1624 763 1717 835 μὲν
1747 764 1990 838 ἱεροπρε-

334 856 452 912 πεῖς
500 849 857 923 κλαύσονται,
899 853 951 904 οἱ
1003 848 1061 905 δὲ
1109 851 1502 928 περιφρονηταὶ
1551 856 1658 906 τῶν
1708 851 1862 905 θείων
1897 871 1988 926 γε⁴

337 937 617 1012 λάσονται,
655 941 873 1013 μήποτε
931 937 988 994 δὲ
1035 937 1127 994 καί
1173 960 1314 1002 τινες
1357 945 1465 994 τῶν
1498 938 1986 1011 έκκλησιαστικῶν,

336 1030 426 1090 οῦς
463 1027 523 1084 ἐκ
570 1035 674 1099 τῆς
726 1029 930 1104 ἀγορᾶς
978 1031 1004 1084 6
1048 1033 1145 1084 τοῦ
1194 1033 1328 1084 Θεοῦ
1377 1030 1502 1091 ναὸς
1535 1027 1824 1102 δεξάμενος
1854 1042 1988 1094 καθ-

339 1119 579 1193 ιέρωσεν,
654 1118 941 1181 ὀκνοῦντας
1021 1118 1113 1192 μὶν
1199 1119 1350 1191 οἶμαι
1426 1120 1690 1195 ἱερᾶσθαι,
1765 1124 1861 1173 τοῦ
1933 1116 1990 1173 δὲ

333 1208 620 1282 ἀγοράζειν
673 1205 990 1282 ἐφιεμένους
1039 1207 1113 1269 ὡς
1164 1203 1453 1284 πρότερον.
1505 1206 1607 1264 Καὲ
1640 1210 1748 1282 μὴν
1784 1209 1812 1263 6
1845 1207 1988 1263 θειό-

328 1318 496 1360 τατος
556 1296 761 1359 ἐκεῖνος
815 1295 1083 1367 τελώνης,
1135 1297 1210 1360 εἷς
1272 1297 1562 1370 μαθητείαν
1623 1299 1845 1368 κληθεὶς
1899 1298 1989 1354 καὶ

331 1384 710 1463 προσληφθείς
752 1389 833 1458 τῷ
876 1388 1037 1458 ἡμῶν
1089 1393 1295 1462 σωτῆρι
1351 1388 1593 1463 Χριστῷ,
1628 1387 1726 1442 οὐκ
1755 1388 1989 1462 ἄνέκαμ-

332 1481 431 1551 ψεν
490 1477 705 1541 ἐσαῦθις
758 1477 842 1532 ἐπὶ
901 1479 969 1532 τὰ
1036 1479 1320 1554 πρότερον.
1403 1477 1608 1532 Οὐκοῦν
1663 1477 1831 1555 ἐχρῆν
1899 1480 1990 1534 καὶ

334 1565 464 1629 τοὺς
539 1568 666 1642 παρ’
735 1569 870 1640 ἡμῖν
947 1566 1130 1643 ἱεροὺς
1188 1567 1412 1629 τούτους
1490 1567 1815 1644 γενομένους
1891 1571 1990 1638 τῆς

334 1655 711 1730 καθαρότητος
773 1655 850 1727 μὴ
911 1656 1278 1728 ἀνακάμπτειν
1340 1654 1427 1710 ἐπὶ
1473 1655 1602 1720 τοὺς
1650 1655 1817 1712 πάλαι
1865 1678 1992 1733 συρ-

339 1743 534 1822 φετοὺς
568 1787 581 1811 ,
644 1747 728 1807 οἷς
786 1743 1172 1821 ένετρπὶφησαν.
1249 1747 1314 1800 Ὦ
1373 1747 1650 1820 ἁγιωτάτῃ
1699 1744 1994 1816 Ἐκκλησία

334 1838 434 1888 τοῦ
465 1837 621 1904 Θεοῦ,
672 1827 903 1906 ἔμελλες
951 1831 1054 1909 ἄρα
1105 1833 1248 1908 παρᾶ
1297 1834 1547 1890 τοιούτου
1597 1833 1790 1910 ἀνδρὸς
1835 1856 1993 1910 περι-

337 1917 686 1998 υϐρισοῆναι.
739 1920 863 1976 Εἴθε
913 1919 970 1976 δὲ
1017 1918 1101 1992 εἶή
1150 1927 1311 1977 τοῦτο
1360 1921 1614 1998 ἔσχατον,
1662 1923 1862 1997 καὶμή
1895 1923 1993 1980 ἄλ-

344 2010 460 2073 λως
493 2012 666 2087 ἀρχὴ,
720 2010 750 2065 6'
795 2011 884 2065 καὶ
942 2009 1180 2082 μάλιστα
1226 2009 1568 2090 πεφόϐημαι.
1621 2013 1742 2067 Έπὶ
1784 2010 1840 2067 δὲ
1868 2013 1996 2068 τού-

333 2121 454 2162 τοις
487 2100 669 2162 οὕτως
729 2099 831 2154 εἰσί
887 2120 1030 2162 τινες
1090 2098 1293 2155 ἁπαλοὶ
1349 2100 1443 2163 τὰς
1493 2100 1672 2177 ψυχὰς
1725 2101 1814 2156 καὶ
1879 2123 1998 2177 γεν-

333 2193 482 2242 ναῖοι
539 2187 720 2264 φέρειν
801 2185 946 2258 ἢθη
1023 2191 1269 2261 τοιαῦτα,
1339 2188 1476 2243 ὥστε
1547 2190 1636 2244 καὶ
1687 2189 1998 2266 πρόσιόντες

339 2277 764 2345 ὑπαικαλλουσι,
840 2277 930 2331 καὶ
989 2275 1198 2352 γλυκέα
1277 2275 1570 2340 λαλοῦντες
1646 2278 1999 2353 παρακαλοῦ-

339 2387 421 2420 σιν
457 2366 534 2428 εἷς
585 2367 648 2420 τὸ
681 2366 813 2441 ὖπὶρ
860 2373 960 2436 τῆς
1009 2364 1116 2421 εἴτε
1179 2367 1418 2441 Σφιγγὸς
1459 2365 1682 2438 ταύτης,
1746 2366 1852 2422 εῗίτε
1908 2368 1998 2422 καὶ

343 2452 630 2524 Σκύλλης,
663 2455 735 2508 ὧν
791 2448 1016 2530 ἕκατέρα
1066 2454 1388 2530 ἀνθρώπους
1440 2452 1706 2531 ἥρπαζον,
1762 2457 1825 2511 ού
1866 2457 2000 2512 κατᾶ

337 2543 435 2607 τὰς
481 2541 877 2617 περιᾳδομέαας
928 2541 1220 2618 Ἀρπυίας,
1276 2541 1403 2599 ἀλλ’
1457 2543 1595 2600 ὥστε
1645 2543 2001 2621 διασπαράξαι

341 2633 418 2695 εἷς
481 2631 732 2706 ἅλεθρον.
789 2631 851 2687 Τί
902 2631 1292 2708 παραλαλεῖτε,
1369 2634 1413 2688 ὧ
1473 2632 1660 2704 οὗτοι;
1722 2634 2000 2709 Εύξαίμην

342 2720 402 2776 ἄν
465 2717 740 2778 Οἰδίποδά
794 2742 919 2776 τινα
978 2721 1070 2776 καὶ
1129 2726 1218 2775 νῦν
1279 2723 1566 2798 εὑρεθῆναι
1631 2722 1667 2793 ἤ
1723 2722 1999 2794 Ὀδυσσέα,

341 2812 400 2873 ’ὀς
433 2809 591 2886 ἔσχεν
625 2809 684 2864 ἃν
737 2809 1043 2887 ἐξαφανίσαι
1097 2814 1346 2865 τοιοῦτον
1398 2813 1588 2868 κακόν.
1647 2811 1872 2868 Σκύλλα
1906 2814 2001 2887 μὶν

336 2901 440 2976 γὰρ
499 2899 762 2968 Σικελικη
812 2899 989 2968 δκείνη
1064 2898 1190 2962 τοὺς
1271 2899 1690 2975 παραπλέοντας
1761 2901 2001 2975 ἀνελάμ-

341 2984 498 3044 ϐανεν
561 2989 724 3061 ὑψοῦ,
800 2987 890 3043 καὶ
944 2988 1120 3064 ἀπῆγε
1187 2993 1286 3043 τοῦ
1347 2993 1441 3063 ζῇν
1478 3009 1489 3022 '
1539 2993 1573 3060 ἡ
1634 2987 1690 3044 δὲ
1750 2987 1999 3062 Θήϐηθεν

335 3077 516 3148 ἐκείνη
579 3077 744 3156 Σφὶγξ
798 3076 925 3139 τους
967 3076 1025 3132 ἐκ
1066 3081 1175 3131 τῶν
1225 3075 1489 3154 ἁμφόδων
1546 3078 1841 3154 ἀνάγουσα,
1893 3078 2003 3134 ἐθι-

336 3172 466 3221 νᾶτο
522 3165 610 3221 ἐπὶ
654 3171 762 3221 τῶν
807 3166 1056 3222 τειχέων.
1091 3167 1205 3242 Θήρ
1256 3163 1314 3220 δὲ
1359 3167 1523 3230 οὗτος
1574 3169 1601 3222 6
1633 3165 2004 3232 Μακεδονικὸς

343 3255 445 3311 οὐκ
501 3254 562 3310 ἐκ
612 3249 866 3328 βεϐήλων
909 3254 1114 3328 τόπων,
1188 3253 1312 3309 ἀλλ’
1364 3254 1422 3310 ἐκ
1493 3257 1814 3329 μεσαιτάτου
1865 3259 2004 3312 θειο-

344 3343 511 3400 τάτου
593 3339 748 3398 οἷ’κου
830 3342 1070 3415 ἁρπάσας
1133 3344 1226 3399 τὸν
1304 3344 1451 3416 αύτῷ
1531 3346 1999 3424 προσπεφευγότα,
2033 3327 2076 3395 C

353 3430 501 3488 δεινᾶ
543 3429 768 3496 διέθετο.
813 3432 1127 3510 Πρόσφατον
1182 3429 1301 3488 ἰδοὺ
1355 3438 1514 3488 τοῦτο
1571 3435 1724 3507 ὑμῖν,
1766 3437 1810 3490 ὦ
1842 3433 2001 3491 ἀδελ-

354 3521 468 3600 φοὶ,
530 3523 913 3597 περιηγσάμην
991 3521 1268 3600 φορτικὸν,
1317 3525 1507 3600 νεαρὰν
1585 3519 1736 3600 ὕϐριν
1797 3523 1996 3594 ἐκκλη-

356 3613 664 3680 σιαστικήν,
720 3611 974 3685 ὑπόγυιον
1034 3610 1290 3682 ἐλεεινὸν,
1337 3613 1526 3688 χθιζὸν
1576 3613 1877 3688 ἀμαρτημα
1925 3612 1999 3675 είς

352 3700 443 3754 τὸν
498 3700 648 3771 Θεὸν,
702 3696 1020 3776 ἀδιαφορίαν
1074 3696 1310 3772 ἔκδικον,
1363 3698 1427 3770 ἤν
1492 3699 1591 3755 οὐκ
1647 3700 1706 3754 ἃν
1757 3701 1995 3777 ἀρνήση-

354 3800 464 3858 σθε,
525 3788 663 3859 πρὸς
721 3787 786 3858 ἤν
846 3789 945 3843 οὐκ
1005 3787 1065 3843 ἂν
1122 3786 1309 3865 ἔχοιτε
1368 3788 1534 3844 εἷ’πεῖν
1593 3790 1696 3846 τό’
1746 3813 1774 3841 ‹‹
1824 3790 1995 3844 Πόθεν

351 3882 511 3932 τοῦτο
543 3875 709 3946 δῆλον
749 3896 763 3946 ;
810 3901 839 3930 ››
888 3877 977 3932 καὶ
1026 3877 1086 3932 τό
1123 3897 1134 3909 ·
1173 3902 1200 3930 ‹‹
1253 3884 1674 3953 Συκοφαντεῖται
1729 3881 1756 3934 6
1788 3877 1993 3954 ἄνθρω-

347 3988 470 4038 πος,
503 3993 532 4019 ›)
564 3967 652 4021 καὶ
685 3965 746 4021 τό
780 3985 794 3999 ·
853 3991 875 4017 ι
928 3965 1365 4038 Ἀποδειχθήτω.
1397 3992 1424 4018 ››
1475 3968 1538 4025 El
1589 3966 1644 4024 δέ
1681 3991 1822 4032 τινες
1853 3969 1993 4043 ἠμέ-

345 4077 428 4132 ραι
477 4056 707 4118 πλείους
753 4061 864 4111 τῶν
921 4055 1085 4132 μέχρι
1133 4063 1234 4126 τῆς
1286 4055 1405 4132 ἄρτι
1461 4057 1762 4133 ἐμέτρησαν
1804 4060 1990 4134 καιρὸν

342 4145 699 4221 μακρότερον,
755 4141 852 4199 οὸκ
912 4141 1028 4221 ἔχω
1087 4145 1570 4221 ἀπισχυρίσασθαι,
1645 4147 1718 4209 ὡς
1776 4148 1874 4203 οὐκ
1931 4149 1990 4203 ἂν

341 4234 727 4309 ἀπαρνήσησθε
799 4233 888 4288 καὶ
975 4234 1073 4302 τὴν
1155 4233 1446 4289 ἐνεστῶσαν
1536 4235 1988 4307 ἐκκλησιαστικήν

345 4323 584 4397 ἀτιμίαν.
649 4326 754 4378 Νῦν
809 4321 868 4378 δὲ
941 4323 1046 4377 οὐκ
1119 4319 1259 4378 ἔστιν
1338 4321 1459 4378 οὔτε
1508 4325 1792 4394 ἀντειπεῖν,
1865 4327 1991 4383 οὐτε

345 4411 568 4489 ἄρνησιν
599 4417 963 4488 προενεγκεῖν.
1013 4419 1098 4482 Ὣ,
1151 4411 1265 4474 οἶος
1319 4409 1604 4489 ἄνθρωπος
1635 4416 1985 4488 κατεξανέστη

343 4500 647 4576 προνομίου
708 4499 1204 4572 ἐκκλησιαστικοῦῑ
1282 4500 1346 4556 Τί
1421 4504 1770 4576 ποιήσομεν,
1830 4503 1883 4558 εἶ’
1934 4525 1986 4559 τι

347 4596 532 4662 μεῖζον
586 4586 737 4645 ἔλθοι
797 4591 1009 4659 ποθέν;
1083 4589 1432 4648 Μεσιτεύεται
1500 4591 1528 4645 ὁ
1599 4596 1848 4654 τοιοῦτος
1897 4591 1986 4670 ὑφ’

2099 674 2342 737 buntur,
2376 676 2808 744 contemptores
2839 675 3036 726 autem
3072 671 3373 743 religionis
3422 672 3756 730 subsanna-

2098 762 2268 829 bunt,
2311 761 2428 816 imo
2476 761 2562 817 vel
2616 759 2884 816 nonnulli
2934 760 3339 828 ecclesiastici,
3373 777 3518 832 quos
3548 779 3578 817 e
3630 763 3754 819 foro

2101 855 2370 922 exceptos
2403 849 2689 922 templum
2723 850 2984 905 divinum
3005 850 3494 922 consecravit,qui
3515 855 3754 907 tantum

2101 939 2267 996 abest
2299 943 2363 994 ut
2404 956 2570 995 sacro
2604 957 2843 994 munere
2875 940 3217 1011 fungantur,
3250 943 3314 994 ut
3364 939 3542 996 veluti
3586 946 3757 997 antea

2103 1027 2350 1100 negotiis
2400 1027 2735 1083 forensibus
2766 1045 2974 1084 vacare
3024 1029 3290 1101 cupiant.
3331 1029 3756 1088 Sanctissimus

2098 1117 2198 1183 ille
2245 1117 2620 1190 vectigalium
2672 1123 2926 1188 exactor,
2975 1117 3078 1192 qui
3126 1134 3158 1174 a
3206 1122 3504 1177 Servatore
3555 1123 3757 1180 nostro

2101 1208 2329 1266 Christo
2361 1212 2606 1264 vocatus
2636 1207 2787 1264 inter
2817 1207 3138 1280 discipulos
3171 1209 3577 1282 recipiebatur,
3606 1227 3759 1268 nun-

2101 1315 2278 1370 quam
2313 1297 2607 1370 prioribus
2650 1297 2858 1353 iterum
2913 1297 3176 1354 inhiavit.
3211 1301 3400 1363 Quare
3453 1316 3558 1355 nec
3589 1301 3628 1354 ii
3659 1301 3760 1372 qui

2103 1390 2260 1443 inter
2280 1404 2385 1442 nos
2408 1388 2479 1442 ad
2504 1387 2819 1459 puritatem
2845 1387 3165 1442 consecrati
3189 1387 3370 1458 fuere,
3405 1389 3474 1443 ad
3495 1389 3753 1460 priorem

2101 1475 2194 1531 cui
2228 1475 2498 1530 innutriti
2532 1480 2700 1531 erant
2731 1475 3169 1532 immunditiem
3194 1476 3490 1532 reﬂectere
3521 1494 3760 1535 cursum

2101 1565 2462 1620 debuissent.
2495 1568 2542 1618 Α
2574 1563 2676 1620 tali
2724 1564 2904 1636 igitur
2937 1565 3168 1620 homine
3199 1570 3283 1633 tu,
3319 1583 3350 1620 ο
3381 1567 3759 1624 sanctissima

2106 1654 2202 1710 Dei
2235 1653 2510 1720 Ecclesia,
2546 1653 2903 1710 contumelia
2950 1671 3081 1710 eras
3129 1654 3474 1710 efficienda!
3523 1656 3754 1713 Utinam

2102 1759 2233 1799 vero
2260 1743 2368 1799 hoc
2391 1743 2527 1798 ﬁnis
2550 1743 2644 1811 sit,
2667 1759 2855 1814 neque
2877 1743 3074 1815 potius
3097 1743 3332 1799 initium
3359 1744 3370 1800 !
3397 1745 3577 1800 Valde
3597 1745 3755 1803 enim

2107 1832 2212 1887 hoc
2239 1832 2438 1887 timeo.
2478 1831 2562 1886 Ad
2587 1832 2705 1887 haec
2731 1837 2925 1888 autem
2977 1833 3216 1903 quidam
3249 1833 3392 1889 adeo
3424 1833 3586 1890 molli
3616 1839 3757 1892 sunt

2105 1922 2302 1977 animo
2337 1926 2393 1976 et
2424 1925 2544 1977 tam
2579 1925 2888 1977 mansuete
2919 1923 3210 1992 ejusmodi
3243 1922 3491 1994 injurias
3541 1924 3758 1997 ferunt,

2107 2016 2170 2065 ut
2195 2010 2539 2066 accedentes
2589 2011 2762 2066 etiam
2787 2009 3020 2082 placare
3064 2016 3119 2066 et
3163 2011 3470 2068 dulcisona
3499 2029 3636 2069 voce
3666 2014 3761 2069 de-

2107 2099 2364 2155 mulcere
2387 2104 2686 2168 conentur,
2719 2104 2773 2155 et
2797 2099 2854 2154 id
2877 2099 3114 2171 quidem
3140 2099 3196 2154 in
3223 2117 3283 2156 re
3306 2117 3432 2172 quae
3455 2101 3760 2158 atrocitate

2107 2193 2350 2260 superat
2408 2189 2670 2244 fabulam
2727 2188 3004 2261 Sphingis
3061 2205 3127 2245 ac
3170 2187 3370 2262 Scyllae
3411 2206 3538 2260 qua:
3588 2191 3761 2248 ambo

2107 2277 2375 2333 homines
2399 2281 2741 2348 rapuerunt,
2776 2293 2891 2332 non
2916 2282 2980 2332 ut
3001 2276 3113 2332 illas
3137 2295 3263 2349 quae
3286 2277 3343 2333 in
3378 2278 3594 2334 fabulis
3625 2283 3765 2336 sunt

2107 2366 2498 2439 Harpyiae,sed
2523 2366 2594 2421 ad
2619 2382 2718 2422 eos
2741 2365 3062 2422 miserabili
3093 2366 3219 2422 neci
3241 2367 3576 2424 tradendos.
3611 2369 3761 2434 Quid

2108 2454 2436 2527 nugamini,
2491 2471 2524 2510 o
2590 2454 2858 2511 miseri?
2915 2455 3266 2528 Magnoperc
3339 2472 3634 2529 cuperem,
3696 2461 3763 2514 ut

2109 2543 2366 2616 OEdipus
2389 2543 2630 2615 quidam
2657 2548 2761 2598 aut
2787 2543 3030 2616 Ulysses
3052 2545 3376 2600 etiamnum
3401 2545 3762 2602 inveniretur

2109 2633 2208 2705 qui
2241 2633 2534 2701 eiusmodi
2585 2632 2805 2688 malum
2839 2633 3030 2688 delere
3078 2639 3335 2705 possent.
3369 2633 3556 2707 Scylla
3601 2635 3759 2691 enim

2107 2721 2209 2776 illa
2237 2720 2433 2777 Sicula
2481 2721 3032 2794 praternavigantes
3065 2723 3123 2777 in
3170 2721 3355 2778 altum
3399 2724 3612 2793 cjectos
3643 2724 3762 2780 vita

2111 2811 2358 2882 privavit
2383 2828 2396 2866 :
2421 2809 2642 2881 Sphinx
2668 2819 2860 2865 autem
2909 2809 3184 2866 Thebana
3231 2811 3498 2868 homines
3529 2827 3559 2867 e
3592 2813 3764 2870 biviis

2111 2898 2351 2955 allectos
2377 2916 2556 2971 super
2579 2899 2742 2956 urbis
2766 2899 3060 2955 mmnibus
3080 2900 3395 2956 devoravit.
3419 2900 3550 2956 Haec
3568 2905 3764 2958 autem

2113 2989 2299 3044 bestia
2323 2988 2701 3044 Macedonica
2717 3006 2832 3044 non
2855 3006 2885 3044 e
2909 2988 3052 3044 locis
3069 2988 3352 3060 profanis.
3385 2989 3486 3044 sed
3511 3005 3540 3044 e
3573 2990 3769 3046 media

2111 3079 2231 3134 aede
2262 3078 2460 3133 divina
2489 3093 2556 3133 eo
2602 3077 2704 3150 qui
2749 3077 2889 3136 illuc
2918 3079 3261 3151 confugerat
3299 3083 3494 3150 erepto
3526 3079 3766 3136 horren-

2113 3168 2253 3222 dum
2287 3165 2584 3238 piaculum
2619 3167 2936 3223 commisit.
2959 3168 3042 3223 En
3075 3172 3366 3224 recentem
3399 3167 3550 3224 hanc
3579 3169 3764 3241 vobis,

2114 3273 2145 3312 0
2178 3258 2408 3326 fratres,
2458 3255 2699 3328 exposui
2745 3257 3044 3328 injuriam,
3091 3273 3297 3312 novam
3347 3257 3764 3313 contumeliam

2113 3344 2588 3413 ecclesiasticam,
2641 3344 2834 3401 scelus
2893 3345 3292 3413 manifestum,
3351 3345 3762 3417 nuperrimum

2112 3433 2390 3488 adversus
2407 3432 2588 3488 Deum
2606 3433 3388 3504 peccatum,inditferentiam
3405 3433 3758 3505 improbam,

2111 3541 2289 3595 quam
2313 3541 2427 3578 non
2452 3523 2946 3592 difﬁtebimini,ad
2965 3539 3136 3593 quam
3163 3539 3275 3577 non
3300 3522 3542 3594 potestis
3574 3538 3757 3594 oppo-

2110 3629 2248 3668 nere
2293 3611 2488 3666 illud:
2537 3611 2701 3666 Unde
2757 3610 2866 3666 hoc
2915 3609 3294 3666 manifestum
3321 3610 3348 3664 ?
3377 3615 3480 3665 aut
3525 3610 3684 3667 istud
3736 3629 3750 3667 :

2108 3699 2474 3756 Calumniam
2505 3699 2680 3755 homo
2712 3700 2950 3771 patitur,
2968 3705 3067 3754 aut
3098 3700 3204 3755 hoc
3238 3716 3250 3754 :
3289 3701 3752 3756 Demonstretur.

2106 3789 2389 3859 Equidem
2425 3794 2485 3844 ut
2507 3789 2625 3844 haec
2649 3805 2740 3844 res
2763 3788 3210 3859 aliquotdiebus
3235 3789 3399 3861 prius
3429 3793 3531 3845 aut
3563 3789 3752 3845 serius

2105 3878 2399 3947 acciderit,
2435 3877 2580 3932 nihil
2627 3894 2940 3949 opponam,
2975 3878 3127 3933 sicut
3155 3895 3255 3933 vos
3303 3877 3403 3933 Dei
3438 3877 3752 3934 Ecclesiam

2104 3967 2546 4024 debonestatam
2580 3983 2708 4022 esse
2739 3983 2853 4022 non
2885 3966 3329 4039 negabitis.Jam
3365 3983 3553 4038 neque
3574 3983 3753 4039 oppo-

2104 4057 2276 4112 nendi
2302 4061 2392 4113 est
2415 4056 2797 4128 loeus,ueque
2823 4057 3095 4128 negandi.
3130 4055 3330 4119 Qualis
3351 4060 3545 4112 autem
3578 4056 3754 4113 homo

2104 4145 2545 4220 praerogativam
2594 4143 3050 4201 ecclesiasticam
3087 4144 3363 4201 violavit!
3397 4145 3544 4209 Quid
3580 4146 3753 4202 facie-

2102 4235 2311 4303 mus,si
2345 4234 2482 4306 quid
2516 4233 2755 4307 gravius
2787 4233 3055 4289 alicunde
3086 4233 3405 4290 acciderit?
3429 4235 3753 4290 Patrocinio

2099 4331 2290 4382 vestro
2325 4323 2537 4378 fruitur
2565 4324 2694 4390 iste,
2729 4339 2760 4378 ο
2793 4323 3037 4378 humani
3073 4323 3445 4388 mediatores,
3480 4323 3750 4393 quamvis

2098 4413 2382 4470 violentia
2432 4413 2693 4477 inimici;
2728 4411 3294 4483 igiturjustiﬁcatus
3337 4409 3432 4465 sit.
3467 4410 3746 4465 Caeterum

2099 4521 2212 4558 non
2247 4519 2487 4576 possum
2521 4501 2664 4573 quin
2689 4501 2797 4556 hac
2819 4500 2889 4556 de
2911 4516 2971 4556 re
2993 4499 3319 4571 saepissime
3343 4497 3632 4572 lacrymas
3655 4515 3748 4554 me

2099 4593 2370 4648 fusurum
2407 4591 2770 4663 promittam.
2803 4589 2984 4644 Nobis
3017 4587 3249 4644 miseris
3297 4604 3412 4643 non
3445 4586 3749 4642 sufﬁciunt

347 4678 520 4749 ὑμῶν,
580 4674 625 4730 ὦ
681 4675 1054 4752 φιλάνθρωποι
1089 4682 1324 4750 μεσῖται,
1375 4679 1449 4752 μή
1509 4699 1614 4732 που
1671 4676 1728 4734 δὲ
1784 4681 1874 4734 καὶ
1906 4701 1990 4758 φι-

2104 4681 2408 4736 innumera
2437 4697 2563 4751 quae
2619 4678 2788 4734 nobis
2837 4677 3083 4732 invicem
3134 4676 3547 4732 machinamur
3572 4674 3746 4741 mala,

344 4763 620 4840 λάρπαγες
653 4783 667 4797 ⁶
719 4767 807 4820 καὶ
865 4760 1002 4820 ἔστω
1053 4763 1494 4839 δεδικαιωμένος.
1544 4767 1878 4832 Ἀποκείσθω
1931 4766 1988 4824 δέ

347 4875 436 4926 μοι
469 4853 658 4930 λόγος,
691 4854 765 4916 ὡς
800 4853 916 4909 ἀντὶ
959 4854 1166 4910 τούτων
1217 4853 1405 4910 πολλᾶ
1450 4855 1797 4931 κλαυσόμεθα
1837 4857 1987 4912 ὕστε-

341 4963 454 5016 ρον.
488 4942 606 5000 Οὐκ
633 4942 788 5017 ἀρκεῖ
827 4949 948 5006 τοῖς
1002 4941 1261 5008 ἐλεεινοῖς
1309 4947 1474 5018 ἡμῖν,
1522 4945 1619 5001 ὅσα
1659 4948 1775 5002 κατ’
1807 4944 1985 5018 ἀλλή-

2097 4770 2195 4826 sed
2221 4771 2346 4841 jam
2379 4768 2555 4824 etiam
2607 4773 2716 4822 Deo
2747 4767 2865 4822 vim
2901 4765 3230 4835 inferimus,
3264 4769 3328 4820 ut
3371 4763 3592 4820 scilicet
3629 4767 3746 4820 ter-

2097 4875 2225 4914 rore
2253 4856 2583 4930 perculsus
2613 4855 2697 4912 vel
2733 4855 2954 4911 invitus
2986 4871 3268 4927 prospera
3314 4853 3454 4910 anni
3484 4852 3750 4927 auspicia

2097 4947 2268 5005 nobis
2297 4944 2613 5003 concedat!

340 5030 448 5086 λων
508 5031 920 5106 τεκταινόμεθα,
997 5031 1070 5088 ὧν
1134 5031 1258 5088 ούδὶ
1328 5029 1468 5090 ἔστιν
1532 5036 1764 5110 ἀριθμός
1801 5055 1814 5070 ’
1849 5035 1976 5092 ἀλλ’
2035 5034 2154 5093 ἰδοὺ
2213 5033 2302 5090 καὶ
2359 5034 2474 5089 κατ’
2532 5031 2696 5086 αὐτοῦ
2749 5034 2880 5087 Θεοῦ
2938 5029 3200 5106 γινόμεθα
3256 5030 3498 5108 ἰσχυροὶ,
3553 5029 3629 5094 ὣς
3686 5029 3746 5086 ἂν

337 5123 510 5195 οἶμαι,
542 5122 800 5193 πτοηθείς
829 5121 1105 5198 έύλογήσῃ
1139 5121 1280 5178 ἄκων
1312 5125 1448 5196 ἡμῖν
1478 5125 1569 5180 τὸν
1605 5127 1862 5204 στέφανον
1893 5130 1991 5181 τοῦ
2021 5124 2291 5182 ἐνιαυτοῦ.

397 5246 496 5314 κζ’.
551 5242 727 5316 Ἀλλ’,
782 5246 828 5300 ὧ
885 5245 1068 5320 Κύριε,
1138 5245 1325 5321 Κύριε,
1391 5243 1633 5323 ὅρθωσον
1690 5253 1862 5323 ῆμᾶς,
1918 5250 1982 5304 οὐ

330 5333 796 5406 προσκόπτοντας,
850 5333 912 5389 ού
979 5333 1418 5410 σφαλλομένους,
1490 5338 1555 5392 ού
1611 5337 1970 5393 καταπίπτον-

330 5440 441 5490 τας,
495 5421 624 5478 ούδὶ
680 5423 1074 5486 καταπεσόντας
1129 5422 1271 5500 ἄρτι,
1325 5423 1453 5482 ἀλλ’
1509 5425 1568 5482 ἐκ
1628 5432 1836 5502 μακροῦ
1884 5427 1974 5482 καὶ

333 5508 634 5583 κειμένους,
691 5514 776 5568 καὶ
831 5514 910 5586 τῷ
961 5513 1215 5585 πτώματι
1278 5514 1342 5568 οὐ
1397 5515 1561 5588 μόνον
1609 5513 1976 5592 ἐμϐραδύνον-

334 5617 453 5670 τας,
502 5599 648 5655 ἁλλά
679 5601 766 5656 καὶ
824 5597 1241 5674 ἐμϐαθύνοντας.
1295 5602 1612 5680 Εύλόγησον
1668 5608 1841 5680 ἡμᾶς,
1888 5603 1980 5660 ’ἱνα

339 5685 533 5760 οὕτως,
594 5690 1006 5766 εὐλογηθέντων
1077 5692 1261 5764 ἡμῶν,
1333 5693 1424 5748 καὶ
1483 5693 1798 5760 ἀκολούθως
1852 5695 1981 5770 ἀρε-

341 5777 578 5836 σκόντων
611 5801 717 5851 σοι,
768 5778 1093 5856 εὖλογηθείη
1147 5779 1235 5836 καὶ
1285 5781 1314 5838 6
1358 5781 1564 5848 κύκλος
1612 5789 1713 5840 τοῦ
1744 5785 1984 5840 ἐνιαυτοῦ

2163 5249 2369 5306 27.Sed
2394 5252 2519 5316 tu,o
2541 5243 2966 5316 Domine,erige
2980 5243 3216 5316 nos,qui
3239 5261 3350 5300 non
3368 5241 3743 5326 offendimus,

2083 5357 2200 5396 non
2233 5337 2522 5405 cadimus,
2548 5352 2661 5391 non
2695 5334 2946 5401 ruimus,
2969 5348 3156 5404 neque
3188 5349 3364 5405 super
3393 5331 3740 5399 cecidimus,

2085 5429 2186 5485 sed
2221 5443 2290 5483 ex
2339 5427 2509 5497 longo
2539 5424 2676 5479 inde
2705 5425 2992 5493 tempore,
3023 5427 3079 5476 et
3123 5423 3413 5492 jacemus,
3449 5425 3505 5475 et
3537 5436 3740 5476 casum

2089 5534 2203 5574 non
2235 5515 2425 5572 solum
2462 5510 2992 5586 protrahimus,sed
3027 5509 3202 5565 etiam
3235 5509 3740 5584 augemus.Bene-

2091 5607 2252 5662 dicas
2286 5603 2474 5676 nobis,
2509 5607 2573 5658 ut
2603 5601 2709 5668 sic,
2745 5600 2840 5655 ubi
2882 5599 3310 5655 benedictionis
3342 5605 3454 5655 ture
3506 5599 3740 5670 partici-

2091 5713 2195 5770 pes
2225 5697 2466 5767 ideoque
2495 5693 2602 5750 tibi
2634 5689 2784 5764 grati.
2817 5689 2949 5746 facti
2981 5689 3221 5756 erimus,
3245 5705 3348 5762 per
3375 5692 3537 5744 tuam
3570 5687 3735 5744 beni-

2096 5786 2377 5859 gnitatem
2406 5784 2582 5841 etiam
2631 5780 2888 5837 circulus
2937 5779 3074 5837 anni
3121 5779 3518 5836 benedicatur.
3552 5776 3734 5834 Aliter
