4114 6200
179 438 300 500 559

953 414 1378 485 EUSTATHII
1420 396 2189 472 THESSALONICENSIS
2233 392 2823 459 METROPOLITE

3475 383 3600 445 560

185 570 343 630 enim
392 568 505 623 boc
552 562 674 620 ﬂeri
716 577 834 617 non
890 569 1060 630 posse
1115 551 1262 608 bene
1309 540 1621 619 perspicio.
1651 535 1869 602 Nobis,

1982 529 2046 630 td—
2087 536 2196 599 τῆσ
2250 534 2351 598 σῆς
2414 524 2821 604 χρηστότητος·
2879 519 3108 583 Ἀλλως
3159 516 3285 594 γὰρ,
3333 515 3471 572 καθὰ
3503 536 3600 570 συν

2232 619 2308 630 .,.
2489 619 2514 630 -
2676 612 2690 630 .
2754 609 2779 630 ρ.
2930 610 2943 630 ι
3032 609 3102 630 Α»
3161 605 3214 630 ιη
3266 605 3382 630 μμ
3438 602 3489 630 ω
3539 605 3600 630 _1

187 627 346 719 enim
375 651 741 728 impossibile
770 627 982 705 hoc-ob
1013 627 1610 714 perversitatem.Tibi
1641 628 1836 682 autem

189 749 301 807 soli
356 719 657 820 possibile,
703 741 908 810 utpote
963 724 1352 801 omnipotenti
1411 719 1838 820 hominumque

192 799 826 894 ain-ic‘d."l‘olerantiam
866 818 1036 876 nobis
1084 799 1312 881 eahibe,
1344 810 1482 865 licet
1530 799 1842 861 tolerantia

189 923 419 998 indigni
475 921 682 976 simus.
713 912 1018 970 Conducas
1048 906 1426 976 impeluosos.
1462 895 1725 952 Reducas
1753 906 1842 946 er-

193 979 411 1073 rantes.
444 1012 655 1065 Rectos
684 1002 896 1063 reddas
939 1009 1265 1074 perversos.
1317 989 1662 1048 Promoveas
1709 979 1845 1038 edo-

194 1117 442 1178 ceasque
472 1097 604 1156 illos
633 1095 733 1170 qui
766 1095 837 1151 ad
872 1089 1150 1165 puerilem
1173 1103 1240 1142 ac
1270 1081 1584 1156 reprobum
1603 1085 1845 1132 sensum

196 1213 326 1257 sese
358 1189 795 1253 converterunt.
829 1164 1152 1239 Cbrrobora
1182 1172 1530 1235 dissolutos,
1563 1164 1849 1222 confirma

197 1281 718 1354 debiles,illumina
737 1269 1276 1340 stolidos,condona
1298 1257 1666 1336 prudentiam
1684 1269 1849 1309 men-

196 1383 254 1434 te
276 1346 739 1447 captis.lnstitue
763 1380 888 1430 nos,
923 1365 988 1415 ut
1034 1373 1150 1414 non
1174 1355 1550 1424 exspetamus
1570 1346 1848 1400 demons-

199 1466 513 1523 trationem
546 1460 617 1514 de
647 1455 864 1528 quibus
895 1444 1389 1512 erudimur.Saape
1419 1436 1571 1493 enim
1603 1434 1852 1488 interro-

203 1521 416 1628 gamus
448 1567 462 1605 :
496 1521 1148 1604 Undddemonstratur,
1174 1549 1281 1588 nos
1312 1523 1594 1602 peccare?
1615 1523 1658 1579 Ο
1688 1521 1852 1593 igno-

205 1607 317 1628 um,

205 1638 497 1700 rantiaml
533 1642 655 1691 Non
699 1631 1062 1704 judicamur,
1096 1641 1126 1679 ο
1159 1623 1388 1688 fratres,
1424 1632 1537 1671 non
1587 1607 1855 1681 coargui-

209 1749 364 1798 mur,
396 1745 513 1784 non
543 1725 774 1780 curiose
804 1711 1287 1788 inquirimur,sed
1319 1701 1727 1762 tantummodo
1759 1714 1860 1770 per

208 1785 642 1877 institutionem
674 1785 1076 1868 admonemur.
1110 1796 1443 1857 Admonitio
1474 1797 1668 1849 autem
1699 1785 1857 1843 baud

215 1922 447 1979 semper
479 1917 717 1959 necesse
748 1903 836 1953 est
864 1899 928 1950 ut
958 1894 1256 1962 peccatum
1289 1883 1640 1942 antecedens
1671 1880 1857 1942 sanet,
1894 1911 1940 1976 Β

217 1997 320 2054 sed
347 1965 672 2048 .interdum
723 1996 1072 2059 praeservare
1129 1977 1321 2045 debet,
1362 1965 1859 2044 quemadmodum

211 2081 496 2142 nonnulla
543 2077 992 2135 medicamenta.
1025 2069 1085 2125 Si
1139 2068 1320 2139 igitur
1370 2078 1461 2117 me
1509 2059 1861 2114 admonente

207 2172 491 2240 etl‘eraris,
523 2187 555 2225 ο
589 2170 785 2230 frater,
817 2177 1008 2234 neque
1039 2156 1265 2230 placide
1314 2167 1486 2208 aures
1519 2145 1662 2203 mihi
1716 2160 1860 2216 pra-.-

206 2265 336 2331 bes,
386 2260 489 2318 sed
548 2233 1076 2313 demonstrationes
1133 2240 1403 2316 requiris,
1468 2233 1862 2307 suspicionem

211 2368 410 2409 moves
441 2347 597 2421 quod
645 2343 810 2418 prius
841 2335 1188 2413 peccaveris.
1230 2337 1341 2386 Cur
1381 2328 1561 2400 igitur
1608 2323 1862 2393 teipsum

213 2439 459 2517 prodis?
486 2442 599 2492 Cur
645 2431 1080 2490 accusationem
1129 2424 1411 2479 adversus
1443 2421 1498 2473 te
1538 2426 1816 2487 provocas
1838 2407 1866 2463 ‘I

214 2502 442 2587 liudisti
492 2522 992 2585 admonitionem;
1026 2515 1207 2571 adora
1248 2514 1304 2565 et
1335 2506 1464 2574 sile,
1497 2509 1562 2560 ut
1608 2502 1692 2558 sic
1741 2513 1869 2571 pec-

217 2618 330 2676 cati
361 2631 564 2688 expers
597 2624 907 2684 appareas.

289 2799 379 2852 28.
410 2800 542 2850 Haec
569 2793 752 2865 igitur
781 2789 866 2845 sic
915 2786 976 2841 in
1028 2781 1221 2849 nobis,
1249 2795 1281 2834 ο
1313 2776 1604 2841 Servator,
1637 2767 1868 2840 perfice,

223 2859 639 2944 contumeliam
671 2877 875 2934 cohibe
922 2871 1181 2930 ecclesiae
1209 2867 1433 2922 illatam
1482 2865 1540 2917 et
1586 2859 1873 2928 impetum

222 2943 392 3032 illum
427 2972 730 3036 audacem,
755 2965 1147 3025 insensatum,
1173 2952 1542 3016 illiberalem,
1559 2943 1874 3018 illegalem,

224 3030 431 3120 multis
458 3030 794 3115 verberibus
814 3041 1670 3124 dignum,sacrilegum.Annon
1694 3032 1786 3088 hic
1804 3030 1876 3086 de

227 3149 532 3221 sacrilegio
568 3145 760 3218 agitur
780 3121 1070 3213 ejusmodi
1100 3133 1256 3207 quod
1277 3129 1368 3186 vel
1396 3128 1688 3184 infaustus
1712 3121 1875 3175 Afra-

225 3247 320 3312 tas
346 3208 658 3310 agnoscere
687 3208 937 3288 debeat?
961 3226 1114 3283 Alias
1133 3223 1290 3280 enim
1322 3214 1694 3288 sacrilegium
1725 3208 1875 3264 clam

1947 623 2080 696 ορῶ,
2131 619 2372 694 γενέσθαι
2417 602 2582 672 τοῦτο
2635 612 2697 668 οὐ
2752 609 2995 667 δυνατόν.
3031 609 3108 667 Οὔ
3158 605 3384 663 δῦνατὸν
3436 602 3493 660 δὲ
3537 605 3604 660 τό

1947 690 2010 784 γε
2046 690 2322 780 εἷς”ἠμᾶς
2363 708 2497 774 ἧκον
2549 702 2608 758 ἐκ
2658 699 3026 781 φαυλότηττς.
3082 695 3178 752 Eoi
3221 693 3277 750 δὲ
3320 694 3476 768 μόνῳ
3509 690 3605 749 δυ-

1948 798 2127 867 νατὸν,
2173 799 2252 868 τῷ
2306 795 2393 849 καὶ
2455 789 2854 866 παντοδυνάμῳ
2908 789 2998 844 καὶ
3056 785 3448 865 φιλανθρώπῳ.
3483 784 3606 841 Ἀν-

1954 888 2089 962 έχου
2171 885 2357 958 ἡμῶν,
2414 882 2458 939 εί
2517 880 2604 938 καὶ
2673 881 2746 955 μή
2807 878 2964 954 ἐσμεν
3026 877 3165 952 ἄξιοι
3218 881 3319 946 τῆς
3367 873 3606 951 ἀνοχῆς.

1950 973 2177 1046 Ὀδήγει
2256 977 2734 1049 παροιστροῢντας.
2818 968 3087 1044 Ἐπάναγε
3167 964 3596 1038 πλανωμένους.

1955 1063 2184 1142 Διόρθου
2241 1059 2696 1136 στεϐλουμένους.
2777 1057 3087 1130 Ἐνηλικίου
3159 1055 3248 1110 καὶ
3301 1054 3608 1132 σωφρόνιζε

1957 1140 2353 1232 στρεφομένους
2411 1152 2485 1214 εἷς
2541 1145 2884 1225 παιδαριώδη
2942 1149 3068 1201 νοῦν
3130 1141 3418 1216 ἀδόκιμον.
3458 1140 3613 1217 Σόρ-

1961 1246 2126 1323 ῥαπτε
2206 1240 2696 1319 παραλυομένους,
2778 1235 3141 1310 ἐκλυομένους
3226 1231 3566 1306 συνάρμοττε
3598 1272 3613 1297 ,

1960 1318 2148 1410 σόφιζε
2204 1318 2667 1402 ἀπονενοημένως
2718 1346 2730 1359 ·
2791 1324 2982 1381 έντίθει
3038 1327 3160 1378 νοῦν
3219 1318 3613 1376 ἀπολωλεκόσι

1958 1407 2052 1485 τὰς
2110 1421 2273 1498 ἆρΘὰς
2323 1420 2539 1496 φρένας.
2591 1414 2809 1487 Δίδαξον
2848 1417 3000 1488 ἡμᾶς
3052 1413 3128 1485 μὴ
3176 1412 3418 1465 ἀπαιτεῖν
3473 1407 3619 1462 ἀπο-

1965 1495 2174 1583 δείξεις,
2234 1495 2444 1588 ἐφ’γοίς
2524 1503 3039 1582 παραγγελλόμεθα.
3128 1500 3340 1576 Συ’χνὸν
3401 1497 3502 1572 γὰρ
3561 1495 3619 1550 ἐν

1965 1606 2099 1676 ἡμῖν
2149 1599 2237 1656 καὶ
2293 1601 2355 1654 τὸ
2388 1619 2400 1630 ·
2462 1623 2488 1650 ‹‹
2548 1596 2716 1654 ΗόΘεν
2775 1592 3064 1665 νηλοῦται,
3097 1592 3179 1646 δτι
3236 1589 3547 1662 πταίομενς
3590 1610 3621 1637 »ι

1965 1673 2032 1746 Ὤ
2081 1697 2181 1760 τῆς
2230 1685 2787 1759 ἀνεπιστημοσύνηςί
2839 1683 2918 1739 Οὐ
2982 1678 3334 1752 δικαζόμεθα,
3384 1675 3428 1731 ὦ
3460 1673 3625 1731 ἀδελ·

1968 1783 2083 1859 φοὶ,
2145 1778 2243 1834 οὐκ
2302 1774 2724 1851 έξελεγχόμεθα,
2804 1770 2866 1826 οὗ
2947 1765 3566 1844 πολυπραγμονούμεθα
3605 1783 3618 1796 '

1974 1870 2133 1944 μόνον
2203 1865 2260 1921 δὲ
2340 1862 2730 1924 διδασκανικῶς
2788 1857 3225 1936 παραινούμεθα.
3300 1855 3625 1929 Παραίνεσις

1971 1957 2029 2014 δὲ
2079 1957 2181 2012 οὐκ
2235 1955 2286 2026 ἐξ
2353 1955 2593 2028 ἀνάγκης
2670 1954 2847 2005 ἅπασα
2904 1946 3263 2022 θεραπευτικὴ
3325 1944 3411 1999 ἰπὶ
3478 1944 3621 2020 φθά-

1971 2068 2119 2102 σαντι
2179 2045 2554 2120 ἁμαρτήματι,
2613 2038 2760 2095 ἄλλα
2815 2059 2922 2093 που
2997 2035 3088 2091 καὶ
3133 2031 3622 2112 προφυλάσσουσαι,

1973 2139 2136 2192 ὁποῖα
2213 2119 2305 2204 δήγ
2353 2152 2474 2186 τινα
2546 2129 2637 2185 καὶ
2700 2128 2766 2182 τὰ
2839 2124 3150 2202 ἱατρευτικᾶ
3205 2123 3490 2202 φάρμακα.
3552 2119 3624 2175 Εἰ
3709 2152 3712 2153 ν

1970 2231 2097 2304 γοῦν
2151 2223 2243 2278 καὶ
2300 2221 2433 2295 ἐμοῦ
2482 2222 2870 2295 παρρινοῦντνς
2921 2214 3252 2304 έξαγριαίνῃ,
3306 2214 3350 2267 ὧ
3399 2209 3628 2288 amet,

1971 2316 2062 2370 καὶ
2095 2313 2157 2369 οὗ
2198 2315 2492 2388 προσηνῶς
2533 2307 2801 2375 ἀκούσεις,
2844 2302 2992 2361 ἀλλὰ
3041 2302 3306 2380 ἔλέγχους
3357 2301 3631 2366 ἀπαιτεῖς,

1975 2404 2230 2460 ὑπόνοιαν
2289 2402 2546 2473 πέμπεις,
2622 2395 2706 2451 ὅτι
2782 2393 2980 2459 σθάσας
3051 2387 3296 2454 ἔπαισας.
3373 2389 3442 2446 Τί
3497 2392 3632 2464 γοῦν

1977 2492 2193 2547 σεαυτὸν
2255 2488 2510 2565 φαίνεις;
2571 2483 2639 2543 Τί
2717 2480 3044 2560 κατηγορίαν
3124 2479 3334 2550 ἐνιστᾷς
3391 2476 3478 2532 ἰπὶ
3541 2473 3636 2530 σοὶ

1977 2579 2471 2651 αὐτῷ;Ἢκουσας
2526 2571 2880 2650 παραίνεσιν·
2940 2568 3344 2645 προσκύνησον,
3399 2563 3490 2620 καὶ
3547 2562 3638 2618 σί-

1976 2689 2169 2745 γησον,
2200 2667 2274 2728 ὡς
2306 2664 2367 2720 ’ἂν
2401 2664 2541 2718 οὕτω
2565 2659 2786 2731 δοκοίης
2819 2659 3225 2734 ἀναμάρτητος.

2050 2757 2156 2826 κη’.
2204 2753 2387 2812 Ταῦτά
2412 2772 2472 2806 τε
2519 2747 2608 2804 οὖν
2665 2747 2837 2810 οὕτως
2883 2745 2939 2801 ἐν
2990 2747 3150 2817 ἡμῖν,
3201 2741 3246 2796 ὦ
3297 2743 3501 2813 Σῶτερ,
3532 2757 3637 2792 κα.-

1978 2845 2251 2920 τάρτισον,
2305 2841 2397 2897 καὶ
2455 2843 2648 2904 στῆσον
2711 2838 2810 2906 τὴν
2879 2832 3001 2889 ίδοί)
3075 2832 3212 2887 κατά
3267 2836 3365 2900 τῆς
3426 2825 3641 2898 ἰκκλη-

1983 2935 2101 2995 σίας
2132 2927 2312 3007 ὕϐριν,
2339 2929 2426 2984 καὶ
2475 2929 2537 2982 τὸ
2589 2925 2705 2980 κατ’
2753 2923 2922 2993 αὐτῆς
2972 2917 3300 2994 ἐμπήδημα,
3338 2919 3401 2973 τὸ
3434 2918 3634 2992 θρασὺ,

1981 3023 2044 3079 τὸ
2095 3005 2398 3094 ἀλόγιστον,
2449 3017 2510 3071 τὸ
2565 3011 2908 3079 ἀπαίδευτον,
2961 3011 3024 3065 τὸ
3081 3005 3335 3082 ἕκνομον,
3380 3008 3441 3063 τὸ
3491 3008 3640 3064 πολ-

1986 3111 2098 3168 λῶν
2153 3107 2381 3182 πληγῶν
2438 3107 2606 3176 ἄξιον,
2663 3103 2726 3157 τὸ
2783 3097 3147 3177 ὶεροσυλικόν.
3203 3097 3306 3154 Καὶ
3369 3098 3478 3170 μὴν
3537 3097 3645 3153 οὐκ

1986 3198 2126 3257 ἔστιν
2187 3197 2411 3254 ἐνταῦθα
2460 3193 2702 3266 σύλημα,
2745 3187 2837 3244 ’ίνα
2884 3188 2973 3244 καὶ
3026 3185 3327 3263 ἱεροσυλεῖν
3380 3183 3572 3256 δοκοιη
3611 3187 3642 3240 6

231 3275 320 3312 me
346 3275 658 3310 αδμυουυιν
688 3275 896 3288 υυυνυ-
918 3275 930 3283 -
961 3275 1112 3283 ----~~
1138 3275 1289 3280 ν-ηη
1334 3275 1341 3276 κ
1532 3275 1566 3288 υ

229 3335 287 3386 et
317 3330 377 3384 in
409 3324 636 3383 occulto
668 3316 989 3394 perpetrari
1019 3314 1185 3371 solet.
1222 3311 1322 3366 Hic
1356 3312 1553 3364 autem
1601 3299 1750 3374 nihil
1780 3313 1869 3352 oc-

1991 3284 2283 3366 ἆπόφημος
2340 3287 2660 3362 Ἀφρατᾶςς
2742 3277 2934 3394 Συλᾷὲ
2976 3277 3068 3351 μὲν
3141 3277 3244 3351 γὰρ
3306 3275 3554 3330 ὁπωσοῦν
3617 3276 3646 3330 ὁ

2324 3373 2335 3394 Ι
2589 3372 2850 3394 ’ΠΗ---πλη
2937 3367 2961 3394 λ
3024 3361 3175 3394 -.ἶέιίη
3236 3385 3283 3394 ρ.
3351 3369 3621 3394 ..Α-...ητΑη

236 3418 378 3476 culti
408 3420 498 3473 est
529 3417 630 3470 aut
659 3386 1008 3474 absconditi,
1043 3405 1162 3459 imo
1196 3400 1370 3472 plena
1415 3396 1545 3451 luce
1575 3393 1636 3446 in
1686 3386 1876 3444 homi-

230 3521 492 3578 numque
521 3503 839 3572 conspectu
867 3495 963 3552 ille
980 3494 1051 3549 ad
1070 3493 1253 3548 Deum
1274 3501 1476 3562 preces
1505 3481 1726 3538 faciens
1743 3491 1878 3532 cum

228 3564 506 3653 violentia
528 3564 774 3649 abactus
793 3586 898 3654 esi,
919 3582 1197 3651 sacrilege
1215 3581 1450 3649 ereptus
1470 3573 1523 3645 (e
1542 3567 1760 3640 templo
1790 3564 1880 3620 ni-

227 3683 470 3755 mirum)
503 3687 559 3737 et
609 3678 896 3734 deductus
945 3670 1123 3728 veluti
1154 3685 1186 3724 a
1213 3665 1402 3723 bestia
1440 3663 1564 3718 fera
1605 3655 1882 3714 dentibus

226 3742 532 3830 frendente
564 3774 620 3824 et
667 3765 793 3837 apri
823 3764 1010 3818 instar
1053 3759 1390 3830 spumante.
1422 3747 1621 3807 Oculis
1650 3742 1881 3818 .nostris

228 3863 420 3920 adhuc
479 3858 862 3914 observantur
910 3848 1066 3905 mala
1112 3847 1172 3901 in
1236 3842 1400 3899 urbis
1451 3834 1882 3911 expugnatione

231 3950 402 4007 nobis
432 3947 614 4012 illata,
663 3957 914 4016 quarum
949 3941 1218 3993 auctores
1261 3933 1321 3987 in
1355 3929 1561 4003 primis
1591 3924 1710 3981 Afri
1740 3940 1771 3979 e
1799 3921 1882 3977 Si-

229 4039 366 4095 cilia
397 4014 785 4106 adventantes
811 4030 988 4085 fuere.
1023 4026 1155 4082 Jam
1183 4039 1313 4078 vero
1342 4019 1475 4074 vilis
1513 4018 1626 4072 iste
1657 4014 1885 4068 Afratas

237 4127 382 4183 mihi
412 4125 642 4179 videtur
673 4104 828 4174 unus
859 4132 988 4173 esse
1018 4131 1086 4170 ex
1115 4112 1231 4168 illis
1277 4108 1436 4165 Afris
1467 4107 1565 4178 qui
1594 4103 1684 4160 vel
1717 4117 1885 4158 sanc-

237 4218 316 4274 tis
349 4210 611 4270 ecclesiis
645 4222 854 4264 manus
883 4205 1232 4275 injecerunt.
1269 4197 1402 4253 Illos
1433 4200 1626 4250 autem
1661 4191 1887 4246 utinam

235 4317 545 4374 nunquam
577 4299 634 4353 in
671 4300 968 4368 posterum
1001 4291 1365 4356 videamus,o
1394 4287 1662 4340 Servator
1691 4283 1893 4336 noster

239 4367 400 4450 Deus
446 4393 502 4444 et
549 4367 884 4454 redemptor
933 4385 990 4438 et
1020 4375 1333 4434 liberator!
1362 4378 1529 4428 Hunc
1577 4374 1772 4427 autem
1803 4367 1890 4422 vi-

237 4485 503 4549 deamus,
535 4481 592 4533 et
621 4477 816 4546 ipsum
870 4470 1168 4526 meliorem
1202 4466 1442 4531 factum,
1473 4465 1531 4517 et
1578 4459 1725 4515 alios
1769 4471 1891 4512 me-

235 4572 415 4628 liores
455 4567 819 4623 reddentem.
853 4561 940 4616 Tu
974 4558 1032 4613 in
1084 4551 1492 4611 misericordia
1519 4555 1576 4604 et
1603 4545 1891 4618 vituperio

1985 3361 2526 3453 παρακρυπτόμενος,
2589 3372 2852 3432 Ἐνταῦθα
2906 3364 2964 3422 δὲ
3022 3361 3175 3420 οὐδέν
3235 3385 3287 3418 τι
3351 3369 3647 3441 κρυφαῖον,

1987 3451 2112 3522 οὐδὲ
2150 3451 2410 3539 λαθραῖον
2440 3481 2453 3494 °
2511 3457 2655 3515 ἀλλὰ
2703 3453 2897 3527 ἀνέδην
2951 3455 3056 3510 ὑπὸ
3105 3455 3248 3529 φωτί
3298 3451 3638 3521 αἴθριάζοντι

1988 3557 2077 3611 καὶ
2135 3547 2585 3632 όφθαλμοιρανείᾳ
2641 3548 2669 3602 6
2728 3545 2803 3608 είς
2859 3544 2988 3600 Θεὸν
3047 3539 3321 3603 ἱκετεύσας
3379 3540 3641 3616 ἀπήχθη,

1988 3626 2245 3715 συληθεὶς
2297 3626 2655 3715 μὶνν(οὔκοῦν
2714 3634 2774 3689 ἐκ
2826 3637 2929 3688 τοῦ
2985 3631 3182 3706 ἲεροῦ),
3213 3629 3548 3709 ἀφαρπαγεὶς
3586 3626 3650 3684 δὶ

1990 3735 2064 3797 ὡς
2123 3732 2226 3787 ὑπὸ
2281 3729 2470 3806 θηρὸς,
2545 3723 2855 3802 τιτριγότος
2931 3719 3158 3784 ὀδόντας
3234 3720 3325 3775 καὶ
3379 3715 3645 3781 σιελῶδες

1991 3821 2410 3898 ἁπαφρίζοντος.
2470 3817 2585 3871 Ἔτι
2640 3813 2747 3887 πρὸ
2806 3809 3104 3889 ὀφθαλμῶν
3151 3810 3265 3864 οἷον
3315 3810 3448 3880 ἡμῖν
3488 3807 3556 3862 τὰ
3589 3806 3646 3864 ἰν

1990 3917 2058 3988 τῇ
2117 3912 2318 3966 ἁλώσει
2364 3906 2523 3974 κακὰ,
2582 3905 2656 3958 ὧν
2717 3898 3032 3977 συνεργάται
3085 3895 3415 3970 ὁτιμάλιστα
3471 3893 3522 3950 οί
3584 3894 3648 3950 ἐκ

1995 3984 2251 4060 Σικελίας
2307 4000 2520 4073 ’Ᾱφροι.
2570 3997 2749 4047 Ἔστω
2803 3987 2869 4058 δὴ
2946 3988 3033 4042 καὶ
3097 3987 3124 4041 6
3181 3984 3429 4060 πιτυρίας
3485 3985 3647 4047 οὗτος

1993 4093 2277 4170 Ἀφρανᾶς,
2337 4071 2410 4146 ὡς
2458 4081 2546 4138 οἷά
2599 4103 2683 4144 τις
2732 4081 2809 4140 εἷς
2860 4076 3080 4133 ἐκείνων
3126 4080 3235 4130 τῶν
3287 4075 3536 4152 Ἀφρων,
3591 4071 3649 4128 ο¹ί

1995 4180 2085 4236 καὶ
2144 4177 2294 4233 αὐτοὶ
2352 4179 2459 4229 τῶν
2540 4170 2700 4246 ἁγίων
2767 4165 3228 4241 κατεπεχείρησαν
3309 4161 3646 4232 ὶκκλησιῶν.

1999 4266 2157 4325 Ἀλλ’
2205 4264 2443 4324 ἐκείνους
2500 4262 2594 4334 μὶν
2654 4255 2845 4332 μηκέτι
2902 4252 3139 4328 ἴδοιμεν,
3173 4254 3445 4326 ὥ-Σῶτερ
3476 4253 3644 4323 ἡμῶν

1999 4361 2114 4429 Θεέ,
2171 4355 2260 4411 καὶ
2310 4353 2474 4430 ῥῦστα
2514 4349 2604 4405 καὶ
2653 4345 3006 4420 ἐλευθερωτά.
3056 4347 3260 4399 Τοῦτον
3309 4338 3365 4396 δὲ
3409 4337 3649 4413 ἴδοιμεν,

2000 4447 2158 4504 αὐτόν
2210 4465 2269 4500 τε
2343 4438 2792 4518 σωφρονισθέντα,
2867 4433 2956 4489 καὶ
3053 4433 3266 4508 ἑτέρους
3333 4428 3390 4485 δὲ
3439 4450 3653 4507 σωφρο-

1999 4539 2238 4593 νίσαντα.
2298 4517 2466 4592 Οἶδας
2538 4525 2811 4583 παιδεύειν
2887 4521 2938 4578 ἐν
3021 4519 3159 4576 ἐλέει
3255 4519 3344 4574 καὶ
3403 4517 3650 4594 ἐλέγχῳ.

235 4607 415 4628 “mea
456 4607 819 4623 ...υυωηνηη
865 4607 940 4616 -_
974 4607 1032 4613 -_

223 4660 551 4716 informare
584 4651 742 4709 nosti
779 4667 792 4705 :
827 4655 888 4704 tu
918 4647 1096 4702 variis
1129 4642 1320 4700 modis
1352 4639 1504 4696 nosti
1535 4641 1866 4693 convertere

1998 4625 2165 4688 Οἶδας
2219 4621 2554 4698 ἐπιστρέφειν
2601 4609 3002 4688 πολκμεθόδως
3037 4629 3049 4641 ·
3097 4610 3193 4680 ὠς,
3228 4607 3280 4663 εἷ’
3312 4629 3374 4683 γε
3404 4608 3430 4662 6
3459 4611 3652 4661 τοιοῦ-

2505 4705 2518 4716 ι
2742 4702 2752 4716 ο
2909 4706 2932 4716 υ
3020 4711 3035 4716 Α
3083 4698 3092 4716 Ι
3297 4698 3311 4716 ε
3382 4692 3393 4710 Ῐ
3472 4697 3497 4716 Λ
3628 4695 3644 4716 \

227 4750 336 4816 Ita,
369 4747 419 4803 si
451 4745 552 4801 ille
588 4742 826 4797 tandem
858 4738 931 4794 ad
964 4752 1057 4792 res
1087 4733 1316 4790 divinas
1345 4727 1675 4801 diligendas
1706 4723 1890 4780 addu-

228 4813 420 4902 catur,
459 4831 844 4897 discedimus,
875 4826 1012 4881 licet
1061 4819 1498 4879 calamitatibus
1549 4813 1809 4886 oppressi
1842 4815 1900 4867 et

229 4923 461 4981 stolidis
502 4918 846 4976 hominibus
877 4913 960 4969 illi
1010 4911 1325 4976 similibus,
1360 4907 1409 4963 si
1442 4907 1542 4978 qui
1571 4903 1764 4959 adhuc
1795 4902 1882 4956 in-

226 5013 559 5073 veniantur.
593 5012 708 5079 Ego
739 5006 895 5062 enim
928 5018 1151 5074 precor,
1184 5003 1249 5054 ut
1287 5012 1458 5054 nemo
1491 4993 1641 5051 alius
1670 4991 1766 5048 isti
1797 4990 1880 5046 si-

233 5102 396 5162 milis
424 5101 546 5166 fiat,
579 5101 637 5154 et
668 5095 1118 5167 comprecantur
1160 5102 1392 5144 mecum
1421 5086 1576 5141 idem
1605 5081 1802 5139 cuncti
1835 5084 1892 5136 te

229 5191 509 5259 colentes,
553 5200 804 5260 quorum
856 5197 1058 5255 preces
1104 5176 1385 5237 exaudias
1433 5171 1779 5232 benedictus
1834 5169 1895 5224 in

231 5280 446 5340 uacula
473 5275 847 5337 saeculorum.
881 5275 1087 5328 Amen.

1999 4736 2093 4776 τος
2151 4713 2225 4774 εἰς
2283 4692 2463 4770 τέλος⁷
2503 4702 2788 4781 έπιχαρείη
2842 4706 2959 4762 τοῖς
3015 4698 3203 4764 Θείοις.
3266 4692 3557 4772 οἱχόμεθα,
3587 4695 3653 4749 τὸ

2013 4807 2106 4879 μὲν
2139 4802 2376 4874 θλίψεσι,
2405 4798 2468 4852 τὸ
2500 4794 2557 4850 δὲ
2585 4793 2674 4848 καὶ
2706 4791 2810 4847 ὑπὸ
2858 4794 2964 4845 τῶν
3023 4787 3230 4861 ὁμοίως
3284 4785 3429 4857 αὐτῷ
3479 4785 3651 4862 ἀφραο

2009 4890 2167 4963 δέων,
2221 4886 2276 4945 εἷ’
2323 4887 2460 4948 τινές
2516 4905 2622 4939 που
2678 4879 2768 4936 καί
2825 4879 2982 4935 εἰσιν.
3032 4876 3174 4951 Ἐγὼ
3227 4875 3329 4950 γὰρ
3390 4871 3653 4949 εὔχομαι,

2015 4979 2226 5058 μηδένα
2278 4973 2457 5051 ἕτερον
2529 4975 2774 5028 τοιοῦτον
2853 4962 3077 5037 ἐκϐῆναι
3111 4983 3123 4995 °
3198 4963 3548 5039 συνεύχονται
3601 4958 3658 5016 δὲ

2021 5076 2184 5129 τοῦτο
2241 5065 2333 5122 καὶ
2391 5065 2442 5119 οἱ
2474 5063 2559 5117 σοὶ
2616 5061 2934 5133 θεράηοντες
2987 5054 3234 5116 ἅπαντες.
3294 5053 3365 5108 ῶν
3427 5051 3517 5107 καὶ
3569 5051 3661 5107 ἱπ-

2007 5159 2249 5227 ακούοις,
2307 5152 2603 5228 εὐλογητὸς
2684 5148 2762 5212 είς
2837 5146 2964 5212 τοὺς
3009 5145 3209 5206 αἰῶνας
3257 5146 3365 5198 τῶν
3417 5140 3658 5209 αἰὼνων,

2006 5250 2211 5326 ’Δμὴν.
