4114 6200
399 386 513 447 561

1464 387 1542 448 ΙΝ
1591 388 1658 448 S.
1707 383 2388 459 QUADRAGESIMAM
2434 386 2725 449 ORATIO
2769 388 2820 448 Ῑ.

3698 387 3820 448 562

1685 723 2548 888 EJUSDEM

855 1002 1011 1130 ΙΝ
1111 1000 1860 1136 SANC’I’AM
1960 998 3382 1165 QUADBAGESIMAM

1826 1233 2252 1328 ORATIO
2316 1237 2388 1325 Ι.

395 1593 504 1645 Τοῦ
571 1587 620 1668 ἓν
683 1589 862 1666 ἁγίοις
928 1591 1138 1668 llatae;
1213 1596 1373 1668 ἡμῷν
1446 1592 1774 1668 Εὖσξταθίου,
1839 1611 2042 1668 μητρο-

2167 1593 2340 1668 Sancti
2385 1597 2569 1650 Patris
2597 1596 2772 1651 nostri
2801 1594 3102 1662 Eustathii,
3138 1593 3546 1668 metropolitani
3589 1593 3809 1668 Thessa-

469 1662 749 1739 πολίτουᾴ
783 1662 1205 1732 Θεσσαλονίκης,
1228 1662 1439 1739 ξλόγος
1523 1662 1867 1739 προεισόδιος

466 1733 621 1814 ἁγίας
704 1731 1173 1814 Ἰῖεσοαρακοστῆς,
1224 1731 1478 1812 διορίζων
1552 1731 1868 1814 προσευχην
1954 1731 2050 1809 ἔμ-

468 1801 637 1882 φοϐον
669 1807 757 1860 καὶ
791 1801 1187 1880 ἀμνησίκακον.

469 1967 535 2022 α’.
569 1969 841 2042 Ἔναγχος
890 1967 978 2022 ἐπὶ
1029 1968 1289 2044 γλώσσης
1341 1970 1541 2045 φὲρων,
1595 1971 1639 2024 ὦ
1688 1967 1936 2048 ἀδελφοὶ,
1971 1967 2048 2025 δι-

402 2051 750 2118 δασκαλικῶς
809 2057 1131 2134 περίφρασιν
1182 2058 1335 2132 ἁγίαν
1387 2058 1448 2114 οὐ
1503 2059 1842 2137 Θυμοσόφου,
1900 2056 2048 2114 ἀλλὰ

393 2146 577 2210 θεόθεν
633 2148 995 2221 σεσοισμὲνου
1038 2149 1247 2222 (καθότι
1299 2150 1388 2204 καὶ
1429 2153 1498 2224 τῇ
1548 2145 1767 2223 ἀϐύσσῳ
1818 2156 1920 2220 τῆς
1951 2171 2043 2204 σο-

398 2235 522 2312 φίας
578 2234 658 2308 τῷ
713 2241 828 2308 Θεῷ
885 2236 1054 2300 πέλας
1107 2239 1238 2292 εἶναι
1288 2237 1502 2314 λαχὼν,
1553 2238 1750 2294 ἐκεῖθεν
1797 2240 1912 2314 εἶχε
1948 2240 2044 2301 τὰς

390 2331 495 2394 τῆς
530 2324 719 2402 σοφίας
774 2323 1077 2401 ἐπιῤῥοὰς),
1128 2327 1217 2381 καὶ
1276 2323 1564 2403 διατρίϐων
1619 2327 1700 2382 ἐπ’
1749 2326 2043 2398 ἐκκλησίας

391 2414 516 2488 περί
547 2415 609 2467 τὸ
655 2419 902 2469 τοιοῦτον
954 2414 1145 2486 καλὸν,
1196 2417 1284 2471 καὶ
1338 2417 1672 2492 καταρτίζων
1711 2416 1910 2482 ἐκεῖθεν
1940 2419 2041 2486 τήν

398 2502 552 2575 ὑμῶν
613 2500 981 2581 ἀδελφότητα,
1038 2503 1296 2580 βραχείας
1338 2505 1547 2581 ἡμέρας
1590 2503 1855 2564 διέλιπον.
1887 2512 2045 2581 Τρεῖς

392 2593 501 2666 γὰρ
534 2590 716 2646 ἔκτοτε
747 2592 882 2661 ἦσαν
927 2592 1148 2662 ἐκεῖναι,
1198 2595 1287 2648 καὶ
1333 2596 1703 2670 προσεπόρισα
1761 2595 2042 2674 ὠφελῆσαί

388 2701 444 2735 τι
482 2680 534 2743 ἐς
567 2679 740 2736 πλέον
787 2683 926 2755 ὑμᾶς
975 2679 1044 2737 δι’
1092 2683 1507 2757 ἐπενθυμησεως
1560 2683 1764 2763 ἐκεῖφεν
1814 2705 2042 2758 πεπορι-

393 2769 624 2842 σμὲνης,
658 2771 745 2824 οἷα
793 2769 1230 2846 ἐπεισρεῦσαντος
1266 2777 1348 2846 τῷ
1390 2768 1629 2847 λιϐαδίῳ
1657 2781 1757 2844 τῆς
1787 2773 2040 2830 διδασκα-

394 2857 521 2920 λίας
551 2857 762 2929 ἐκείνης
794 2859 846 2914 ἐν
909 2860 1116 2935 ὑστέρῳ
1173 2861 1263 2916 καὶ
1320 2859 1542 2918 ὑδατίου
1583 2860 1800 2919 τοιοῦδε
1845 2863 2044 2939 γλυκά-

397 2954 610 3016 ζοντος.
673 2946 966 3024 Ἐλέγομεν
1022 2949 1386 3026 εὐαγγελικῶς
1440 2951 1584 3021 τότε,
1634 2977 1663 3006 ‹‹

399 3038 480 3110 μὴ
530 3041 724 3091 ποιοῦν
767 3036 934 3092 καλὸν
986 3039 1211 3114 καρπὸν,
1273 3040 1420 3114 ἀξίνῃ
1473 3041 1780 3114 τέμνεσθαι,
1833 3043 1922 3097 καὶ
1972 3043 2047 3106 εἰς

393 3131 506 3199 πῦρ
562 3124 882 3202 βάλλεσθαι,
960 3128 1050 3181 καὶ
1121 3128 1363 3183 καίεσθαι
1398 3147 1411 3162 '
1465 3153 1494 3183 κ
1545 3131 1634 3185 καὶ
1709 3129 2046 3207 ἐθεωροῦμεν

397 3214 798 3276 ἐπελευπικῶς
847 3212 1042 3291 δένδρα
1091 3215 1232 3272 οὕτω
1282 3220 1583 3293 πάσχοντα.
1633 3222 1731 3277 Ἦν
1775 3217 1832 3276 δὲ
1862 3221 1889 3275 ὁ
1924 3243 2050 3297 φρι-

394 3305 528 3368 me;
588 3306 1026 3382 παραφραστικὸς
1081 3305 1286 3370 ἐκεῖνος
1329 3305 1512 3383 λόγος,
1561 3309 1636 3372 ὡς
1681 3309 1771 3364 καὶ
1796 3309 1872 3372 εἷς
1903 3309 2048 3366 πλά-

391 3414 490 3454 τος
548 3389 976 3466 διεσκευάζομεν,
1023 3394 1125 3448 ὑπὸ
1182 3399 1278 3450 τοῦ
1355 3397 1656 3472 ἁγιωτατου
1719 3394 2048 3476 Προδρὸμου

403 3481 807 3558 βροντώμενος,
855 3482 918 3537 τὸ
971 3480 1028 3536 δὲ
1078 3483 1414 3558 ἆντρώπινον
1479 3487 1699 3561 φράσαι,
1751 3486 2050 3564 ῥητορευό-

402 3591 566 3643 μενος
603 3588 615 3600 ·
681 3571 1046 3647 παραφράζων
1106 3571 1267 3636 αὐτὸς
1323 3576 1410 3629 καὶ
1475 3574 1619 3631 ἄλλα
1676 3577 1769 3650 μὲν
1800 3598 1921 3631 τινα
1950 3580 2050 3642 τῆς

397 3657 775 3728 παλαιοτάτης
824 3659 973 3735 ἁγίας
1035 3666 1252 3739 Γραφῆς
1301 3660 1450 3738 ἅγια,
1517 3664 1932 3740 γρηγορώτερον
1991 3662 2048 3719 δὶ

398 3747 489 3801 καὶ
538 3747 870 3826 προφητείαν
926 3746 1254 3826 φιλοσοφίας
1310 3758 1622 3823 Δαυϊτικῆς,
1679 3751 1731 3807 ἐν
1777 3752 2046 3827 ᾖπάντας

397 3836 527 3899 τοὺς
574 3835 940 3911 ἁμαρτωλοὺς
985 3844 1084 3907 τῆς
1130 3845 1236 3914 γῆς
1309 3839 1851 3918 ἔξολοθρευθήσεσθαι
1914 3863 2047 3916 μαν-

403 3927 659 4000 θάνομεν.
687 3927 756 3984 Ὀ
787 3923 854 3995 δὴ
886 3929 1332 4006 παραπεφράσθαι
1366 3928 1513 4005 λέγω
1547 3931 1650 3985 ὑπὸ
1679 3935 1776 3985 τοῦ
1810 3931 2049 4008 μεγάλου

401 4014 492 4069 καὶ
525 4015 746 4090 πρώτου
783 4018 1091 4072 Βαπτιστοῦ
1122 4017 1209 4072 ἐπὶ
1240 4017 1308 4073 π)
1325 4023 1548 4092 ατυσμῷ
1575 4041 1633 4074 τε
1677 4017 2050 4099 διασαφοῦντι,

409 4104 543 4177 μετὰ
596 4105 686 4158 καὶ
765 4103 931 4180 ὕψους
995 4103 1308 4180 διδασκάλῳ
1385 4109 1688 4182 πρέποντος
1760 4108 2048 4188 γλαφυρῷ,

405 4193 544 4255 τὶτες
589 4192 648 4248 τὲ
698 4192 828 4248 εἰσιν
882 4195 933 4248 οἱ
983 4193 1325 4270 ἁμαρτωλοὶ,
1381 4197 1474 4259 οὕς
1523 4197 1855 4275 ὁθεοπάτωρ
1889 4195 2051 4253 Δαυΐδ

405 4280 703 4353 ἔξολεῖσθαι
753 4281 1099 4358 ἀποφαίνεται
1153 4286 1236 4340 ὅτι
1283 4281 1447 4357 δῆλα,
1479 4287 1672 4342 ὁπόσοι
1724 4287 1799 4360 μὴ
1840 4307 2051 4363 καρπο-

407 4369 634 4446 φοροῦσι
676 4372 743 4426 τὰ
788 4377 866 4444 τῷ
915 4377 1031 4445 Θεῷ
1084 4372 1375 4448 πρέποντα,
1434 4375 1521 4429 καὶ
1573 4377 1817 4438 ποταπὸς
1873 4377 1900 4430 ὁ
1933 4375 2055 4431 ὅλε-

408 4461 558 4533 θρος,
608 4461 666 4515 ’ὀν
723 4461 751 4514 ὁ
807 4460 1124 4534 Θεοψάλτης
1176 4459 1508 4539 ἐμϐριμᾶται
1552 4463 1734 4526 αὐτοῖς
1783 4463 1864 4520 ἐπ’
1910 4463 2051 4519 εἷ’σο-

407 4569 598 4622 πτρον,
641 4550 857 4612 πάντως
890 4551 966 4612 εἷς
1011 4550 1394 4626 ἕπαραίτητον,
1450 4553 1684 4623 ὁπηνίκα
1737 4551 2051 4616 ἐκκοπέντες

406 4642 501 4692 τοῦ
563 4638 708 4713 βίου,
761 4638 873 4694 εἶτα
921 4642 1464 4714 σπσργανωθήσονται
1522 4643 1651 4717 πυρὶ
1711 4642 1786 4705 εἷς
1830 4642 2050 4697 αἰώνιον

411 4746 753 4783 κατακαυσιν.

2234 1666 2548 1732 loniaensis,
2574 1669 2758 1738 oratio
2784 1668 3188 1738 praeparatoria
3219 1667 3276 1720 in
3295 1663 3539 1720 sanctam
3558 1663 3811 1738 Quadra-

2227 1741 2518 1809 gesimam,
2551 1735 2816 1808 deﬁniens
2862 1735 2980 1810 qua
3038 1741 3112 1794 sit
3158 1739 3398 1810 precatio
3455 1735 3814 1792 tremebunda

2226 1811 2469 1882 malique
2497 1813 2801 1866 immemor.

2229 1973 2279 2026 1.
2314 1971 2396 2026 Ex
2423 1987 2538 2043 quo
2568 1986 2757 2042 nuper
2785 1969 2843 2024 in
2877 1985 2974 2025 ore
3007 1968 3211 2037 habui,
3244 1969 3476 2034 fratres,
3525 1966 3813 2038 interpre-

2157 2061 2436 2116 tationem
2495 2066 2761 2116 sanctum
2795 2058 2986 2131 qualis
3018 2059 3313 2114 doctorem
3347 2058 3532 2125 decet,
3563 2073 3678 2112 non
3713 2072 3816 2128 per

2157 2167 2242 2218 se,
2271 2151 2374 2206 sed
2405 2166 2505 2222 per
2535 2149 2720 2205 Deum
2752 2147 3097 2220 sapientem,
3131 2163 3293 2202 more
3349 2145 3510 2200 illius
3568 2145 3695 2216 qui,
3749 2145 3811 2199 in

2155 2238 2384 2310 abyssis
2441 2237 2739 2309 sapientia
2789 2252 2967 2308 prope
2997 2236 3181 2293 Deum
3218 2251 3346 2291 esse
3377 2233 3642 2300 sortitus,
3672 2233 3812 2288 inde

2155 2327 2453 2400 sapientiae
2485 2327 2676 2382 ﬂuxus
2705 2325 3067 2398 excipiebat;
3098 2330 3155 2381 et
3174 2329 3488 2397 postquam
3521 2323 3580 2378 in
3621 2321 3808 2378 eccle-

2153 2418 2262 2488 sia,
2295 2417 2448 2473 circa
2481 2417 2597 2472 hac
2621 2415 2868 2488 pulchra
2925 2418 3214 2481 versatus,
3271 2430 3373 2470 vos
3430 2413 3489 2468 in
3552 2412 3810 2467 fraterno

2154 2523 2352 2562 amore
2407 2503 2734 2577 composui,
2801 2503 2967 2575 pauci
3025 2502 3152 2559 dies
3208 2502 3621 2558 interfuerunt.
3670 2501 3811 2560 Tres

2153 2596 2308 2652 enim
2337 2593 2521 2666 elapsi
2550 2598 2712 2659 sunt,
2733 2609 2834 2665 per
2862 2608 3012 2664 quos
3036 2592 3120 2648 ita
3149 2608 3242 2647 me
3278 2589 3528 2647 instruxi
3560 2592 3626 2644 ut
3645 2587 3811 2643 vobis

2157 2684 2341 2757 magis
2363 2700 2537 2756 quam
2567 2682 2731 2755 prius
2761 2682 3120 2754 prodessem.
3155 2681 3378 2753 Quippe
3411 2695 3540 2750 quas
3573 2679 3657 2734 sic
3688 2693 3809 2732 me-

2152 2774 2392 2832 ditando
2423 2776 2594 2828 antea
2623 2770 2976 2843 collegerim,
3013 2785 3191 2841 quum
3218 2769 3278 2824 in
3331 2769 3579 2839 hujusce
3638 2763 3812 2820 insti-

2152 2865 2395 2922 tutionis
2454 2863 2626 2935 quasi
2680 2868 2913 2934 pratum
2971 2861 3183 2917 deinde
3222 2860 3530 2926 induxere,
3565 2857 3674 2912 hoc
3705 2854 3811 2911 tali

1717 2959 1819 3008 πᾶν
1861 2952 2048 3026 ξύλον,
2080 2968 2128 3033 Β
2160 2957 2345 3013 imbre
2369 2953 2561 3010 laetius
2593 2952 2865 3009 efficiam.
2926 2951 3273 3007 Dicebamus
3325 2965 3394 3004 ex
3450 2945 3764 3017 Exangelio
3796 2960 3809 2999 :

2161 3065 2189 3094 α
2221 3043 2426 3099 Omnis
2480 3043 2672 3108 arbor,
2733 3057 2864 3113 quae
2919 3057 3035 3096 non
3089 3039 3227 3096 facit
3285 3039 3541 3095 fructum
3568 3037 3813 3102 bonum,

2158 3133 2351 3189 securi
2382 3131 2700 3196 excidatur,
2754 3135 2812 3185 et
2869 3129 2928 3184 in
2988 3129 3184 3200 ignem
3243 3129 3514 3183 mittetur
3571 3123 3812 3180 combu-

2158 3223 2339 3278 renda
2399 3223 2439 3290 ι,
2500 3243 2529 3271 ι)
2573 3225 2631 3276 et
2660 3217 3202 3290 contemplabamur
3231 3217 3468 3272 arbores
3499 3217 3700 3286 repnte
3726 3211 3812 3268 sic

2158 3310 2412 3367 habitas.
2447 3310 2586 3364 Erat
2613 3313 2810 3364 autem
2861 3305 3143 3363 terribilis
3195 3304 3298 3360 illa
3352 3301 3726 3377 paraphrasis
3778 3317 3812 3355 ο.

2156 3397 2969 3462 sanctissimol’raacursore,
3025 3395 3273 3467 figurate
3327 3409 3430 3464 per
3485 3389 3812 3462 amplifica-

2155 3489 2374 3544 tionem
2431 3486 2659 3558 loquar,
2710 3486 2994 3552 intonata,
3029 3490 3094 3539 ut
3121 3499 3252 3539 vero
3282 3481 3508 3553 vulgari
3537 3493 3808 3536 sermons
3917 3474 3919 3476 ’

2158 3586 2308 3642 utar,
2342 3575 2688 3647 praedicata:
2722 3574 2781 3628 in
2835 3589 2955 3644 qua
3011 3571 3455 3644 explicabantur
3497 3584 3632 3623 cum
3690 3565 3806 3622 alia

2156 3664 2568 3737 antiquissima.
2618 3667 2955 3719 sanctarum
3011 3660 3446 3732 Scripturarum
3503 3657 3648 3720 loca,
3683 3659 3806 3710 tum

2155 3753 2406 3811 vividius
2434 3752 2538 3808 illa
2566 3750 2850 3807 Davidica:
2880 3749 3262 3823 philosOpbim
3301 3745 3657 3811 vaticinatio,
3707 3758 3812 3816 per

2158 3860 2338 3917 quam
2367 3841 2766 3914 cognovimus,
2799 3841 3064 3895 futurum
3087 3855 3217 3895 esse
3248 3841 3313 3893 ut
3341 3852 3546 3893 omnes
3577 3849 3608 3889 e
3652 3837 3810 3888 terra

2157 3937 2491 4006 peccatores
2519 3930 3002 3987 exterminentur.
3034 3932 3212 3983 Porro
3240 3926 3362 3981 hinc
3393 3929 3532 3980 sunt
3561 3937 3712 3994 quae,
3745 3923 3812 3975 ut

2158 4022 2383 4094 opinor,
2417 4019 2697 4092 explicuit
2723 4019 2822 4074 ille
2854 4017 3276 4090 baptizatorum
3320 4018 3378 4071 et
3428 4027 3700 4069 summus
3755 4011 3814 4065 et

2159 4111 2452 4182 princeps,
2488 4126 2602 4164 non
2630 4109 2804 4164 modo
2835 4107 3002 4179 copia
3033 4104 3362 4178 perspicua,
3396 4103 3496 4159 sed
3530 4100 3707 4157 etiam
3745 4113 3814 4153 ea

2160 4197 2524 4254 sublimitate
2556 4215 2681 4268 quae
2714 4197 2997 4269 magistro
3029 4193 3248 4250 illustri
3275 4190 3545 4248 convenit
3575 4206 3589 4245 :
3624 4190 3813 4262 primo

2164 4287 2263 4360 qui
2293 4286 2414 4343 sint
2444 4286 2482 4340 ii
2511 4290 2862 4357 peccatores,
2894 4301 3042 4356 quos
3073 4299 3325 4354 proavus
3357 4281 3454 4336 Dei
3484 4277 3665 4335 David
3713 4291 3811 4348 pe-

2164 4377 2378 4431 rituros
2437 4374 2692 4430 declarat
2747 4375 2808 4438 ²ς
2867 4390 3001 4428 cum
3043 4372 3120 4427 sit
3149 4371 3529 4427 manifestum
3561 4383 3659 4423 eos
3684 4380 3814 4420 esse

2164 4466 2502 4537 quicunque
2569 4481 2683 4520 non
2753 4462 2978 4518 fructus
3037 4461 3231 4516 ferunt
3287 4459 3403 4515 Deo
3458 4453 3809 4530 probabiles.

2165 4555 2383 4610 Deinde
2415 4553 2589 4625 quale
2616 4553 2694 4609 sit
2723 4551 2870 4607 illud
2901 4551 3145 4607 exitium
3175 4549 3331 4621 quod
3365 4550 3604 4602 sanctus
3655 4540 3812 4598 Psal-

2163 4643 2341 4700 mista
2406 4643 2716 4712 minatur,
2785 4658 2919 4697 cum
2987 4642 3342 4712 (Prascursor
3410 4631 3813 4708 peccatoribus

2164 4732 2478 4803 ostendat),
2510 4731 2568 4784 in
2601 4729 2836 4802 speculo
2868 4736 3129 4802 'prorsus
3187 4722 3568 4798 implacabili,
3627 4720 3815 4794 ipsos,

409 4821 724 4889 postquam
781 4819 1045 4878 vivorum
1105 4838 1348 4880 numero
1404 4824 1696 4881 exturbati
1754 4824 2014 4895 fuerunt,
2071 4822 2130 4878 in
2182 4823 2384 4895 ignem
2441 4819 2765 4893 projectum
2818 4819 2912 4886 iri,
2967 4818 3040 4876 ad
3097 4821 3439 4890 perpetuam
3492 4811 3816 4884 conﬂagra-

410 4906 647 4964 tionem.

583 4995 680 5050 Καὶ
721 5001 970 5062 τοιοῦτος
1025 5000 1118 5074 μὲν
1169 5001 1196 5056 ὁ
1247 5005 1566 5079 παραποιῶν
1625 5001 1676 5059 ἂν
1736 5003 1898 5083 σοφίᾳ
1925 5005 2050 5066 νοῦς

412 5081 846 5163 προδρομενικὺς
877 5089 938 5143 τὸ
987 5088 1154 5146 καλὸν
1208 5089 1380 5147 ἐκεῖνο
1440 5094 1720 5149 Δαυϊτικὸν
1749 5081 2057 5168 κομμάτιον

420 5180 886 5253 μεταφραστικῶς,
919 5176 1026 5251 ἤδη
1063 5177 1120 5235 δὲ
1166 5180 1258 5236 καὶ
1307 5180 1700 5258 ὰλληγορικῶς
1739 5185 1837 5258 (ὡς
1870 5184 1969 5238 οὑκ
1998 5181 2057 5238 ἃν

415 5260 534 5340 ἔχοι
591 5285 675 5328 τις
732 5268 1023 5342 ἀντειπεὶν,
1066 5269 1420 5347 τεχνολογῶν
1466 5271 1542 5335 εἷς
1591 5273 1790 5344 ταύτην
1838 5274 1936 5344 τὴν
1975 5269 2060 5328 ἕν-

414 5361 603 5427 νοιαν),
642 5357 743 5412 οὐκ
801 5356 1257 5434 ἒπιτηδευόμενος
1306 5360 1465 5423 αὐτὸς
1520 5364 1929 5438 κοσμικώτερον
1959 5381 2062 5438 χυ-

418 5438 550 5517 δαίῳ
612 5445 767 5519 ζήλῳ
825 5447 1124 5525 ῥητορικῷ,
1178 5447 1323 5506 ἀλλὰ
1366 5449 1510 5509 πολὺ
1552 5451 1772 5525 ἀμαθῶς
1805 5453 2062 5527 [κρήνης]

414 5529 624 5605 ἐκείνης
678 5535 1070 5610 ἆπαντληθιὶς,
1099 5539 1190 5620 ἀφ’
1234 5541 1301 5611 ἧς
1337 5539 1429 5596 καὶ
1469 5542 1498 5597 ὁ
1529 5538 1693 5597 Δαυῒδ
1725 5540 2061 5620 ἀρυσάμενος

489 5712 741 5773 ‘Matth.
770 5733 858 5791 in,
890 5718 994 5791 10;
1020 5735 1122 5790 vn,
1155 5718 1242 5778 19.
1317 5719 1340 5758 ³
1366 5711 1521 5780 Psal.
1554 5737 1744 5796 xxxvi,
1774 5722 1865 5779 20.

2229 5003 2286 5060 2.
2345 5000 2427 5060 Ea
2483 5003 2679 5060 autem
2737 5000 2848 5062 fuit
2895 4997 3292 5076 praecursoria
3342 4997 3560 5056 mentis
3589 4993 3820 5070 peritia,

2171 5110 2327 5166 cum,
2360 5092 2649 5166 sapientia
2680 5094 2843 5163 duce,
2881 5093 3190 5166 pulchrum
3218 5090 3386 5146 illum
3443 5086 3680 5145 Davidis
3735 5083 3821 5139 lo-

2170 5201 2304 5240 cum
2361 5183 2716 5251 imitaretur,
2774 5187 2832 5239 et
2885 5183 2944 5237 in
2994 5182 3168 5238 aliam
3203 5179 3730 5241 dicendiformam,
3764 5172 3824 5227 id

2171 5273 2347 5331 estin
2381 5271 2718 5346 allegoriam
2785 5275 3054 5342 verteret,
3111 5275 3178 5327 ut
3233 5265 3617 5341 grammatice
3672 5263 3826 5319 hanc

2173 5362 2526 5426 sententiam
2559 5361 2893 5434 dispicienti
2924 5360 3091 5416 nulla
3132 5360 3463 5415 occurreret
3519 5351 3828 5426 reprehen-

2173 5453 2294 5521 sio;
2350 5468 2466 5508 non
2525 5451 2679 5523 quod
2715 5449 3036 5522 susceperit
3061 5448 3338 5513 Joannes,
3368 5443 3596 5516 vulgari
3636 5440 3829 5497 rheto-

2171 5557 2306 5599 rum
2335 5538 2456 5598 zelo
2487 5537 2772 5613 percitus,
2801 5537 3156 5597 ornatiorem
3186 5532 3651 5604 sermonem,sed
3672 5529 3829 5605 quod
