4114 6200
158 347 275 407 563

933 343 1357 407 EUSTATHII
1401 343 2173 408 THESSALONICENSIS
2219 344 2805 408 METROPOLITIE

3447 346 3571 405 564

156 477 396 534 omnino
429 476 748 547 inscius,ex
778 493 844 534 eo
877 477 1032 534 fonte
1061 478 1440 550 snmpserit,e
1463 494 1576 550 quo
1608 476 1811 546 David,

1943 473 2084 531 ίδοτο
2114 477 2284 532 πίνειν
2315 481 2434 541 τοῖς
2491 479 2690 554 μέροψι
2743 481 2860 540 τοῖς
2921 474 3119 551 διψῶσι
3167 475 3234 530 τὰ
3281 480 3382 530 τοῦ
3412 481 3569 531 Θεοῦ.

156 584 291 622 eum
323 567 448 640 ipse
480 583 713 639 quoque
745 566 1061 635 hausisset,
1112 568 1184 623 iis
1244 567 1592 624 mortalibus
1651 567 1810 623 dedit

155 657 355 713 bibere
387 657 484 727 qui
519 673 610 714 res
639 657 740 713 Dei
773 657 1000 714 sitiunt.
1033 657 1195 724 Quod
1229 673 1381 714 vero.
1420 673 1451 714 a
1491 658 1810 714 novissima

158 746 436 818 oratione,
499 765 601 819 pro
655 747 804 803 virili
863 752 1025 819 parte
1079 747 1415 804 meditando
1469 747 1806 820 excogitavi,

158 836 336 893 hocce
390 840 497 893 est.
559 837 913 910 Adimplevit
974 837 1319 894 Februarius
1365 853 1555 910 nuper
1585 843 1810 894 vertens

161 929 425 981 octavam
487 928 544 981 et
597 942 811 982 nonam
874 925 1026 980 diem
1055 944 1068 994 ;
1103 929 1160 980 at
1190 941 1412 998 vesper,
1445 926 1546 999 qui
1580 926 1810 981 hodier-

162 1029 298 1068 nam
354 1014 651 1086 produxit,
709 1014 1024 1071 celebravit
1079 1029 1253 1087 quem
1312 1015 1665 1087 nuncupabo
1721 1013 1811 1071 vel

162 1101 586 1175 interpolatum
649 1108 706 1160 et
762 1103 1169 1160 intercalarem
1227 1103 1440 1160 Christi
1474 1108 1810 1177 martyrem,

161 1190 250 1247 vel
307 1191 795 1264 triumphatorem
852 1193 906 1248 vi
954 1194 1206 1265 potitum
1261 1209 1438 1266 regno
1511 1193 1812 1264 calorum,

162 1279 575 1353 Nicephorum,
633 1282 721 1338 vel
761 1282 955 1355 potius
985 1282 1175 1338 virum
1207 1283 1298 1338 cui
1327 1283 1533 1339 otianti
1562 1287 1620 1338 et
1646 1282 1815 1354 quasi

161 1371 490 1426 transeunti
543 1371 751 1428 salutis
809 1372 1120 1427 thesaurus
1176 1372 1406 1428 obviam
1463 1373 1592 1427 fuit.
1657 1373 1814 1428 Idem

164 1475 393 1530 quoque
449 1459 671 1515 exstitit
730 1461 1083 1532 injuriarum
1167 1461 1465 1516 memoriae
1525 1459 1816 1532 (μνησίκαο

161 1547 298 1617 κίας)
358 1549 716 1620 redargutor,
775 1549 1196 1620 resipiscentim
1227 1567 1359 1607 vero
1386 1554 1663 1606 actuosus
1697 1567 1818 1606 ma-

166 1637 369 1709 gister,
403 1642 460 1692 et
485 1637 702 1694 amoris
731 1637 790 1692 in
823 1638 938 1694 Deo
986 1655 1172 1710 praeco
1225 1637 1611 1695 clarissimus.
1673 1639 1819 1695 Cum

170 1726 326 1781 enim
362 1726 644 1781 miserum
675 1726 1002 1798 Sapricium
1032 1727 1286 1783 victoriae
1315 1728 1611 1798 auspicem
1643 1733 1720 1795 et,
1757 1733 1822 1784 ut

175 1815 399 1882 dicunt,
429 1814 710 1888 triumphi
739 1833 770 1872 e
801 1817 1100 1872 communi
1145 1815 1311 1872 hoste
1366 1817 1597 1872 diabolo
1655 1818 1820 1873 relati

176 1904 663 1977 proclamatorem
697 1905 1034 1970 invenisset,
1065 1905 1405 1976 intereaque
1434 1905 1680 1968 vidisset
1721 1922 1820 1961 co-

173 2009 377 2050 ronam
391 1993 641 2049 victoria
663 1998 838 2064 caput
854 1993 1098 2065 Sapricii
1119 1993 1823 2066 supervolitantem(quod

173 2082 339 2138 vobis
396 2087 598 2138 notum
657 2089 747 2136 est
802 2081 902 2154 qui
958 2086 1190 2138 sanctas
1249 2082 1524 2138 historias
1579 2083 1825 2156 perlegi-

175 2172 490 2243 stis),ipse,
523 2171 726 2226 eodem
759 2177 1077 2240 momento,
1112 2171 1478 2244 propositum
1509 2188 1542 2226 a
1569 2172 1683 2227 Deo
1715 2172 1824 2227 sub

174 2260 359 2316 oculis
389 2259 630 2332 Sapricii
663 2261 971 2331 praemium
1003 2261 1277 2326 obtinuit,
1309 2277 1442 2316 cum
1493 2277 1628 2316 eum
1681 2277 1827 2332 prae-

172 2349 463 2418 vertisset,
523 2355 589 2404 ut
642 2350 709 2404 fit
765 2349 826 2404 in
884 2349 1237 2406 athletarum
1287 2350 1626 2416 certamine,
1657 2355 1715 2405 et
1740 2367 1828 2405 re-

172 2437 444 2510 liquisset
481 2438 715 2494 insidiis
773 2439 990 2494 diaboli
1041 2439 1370 2512 delapsum.
1431 2439 1639 2494 Mirum
1701 2443 1826 2494 tum

177 2531 323 2594 erat,
383 2532 608 2598 quanta
635 2526 881 2598 spiritus
910 2526 1104 2583 malus
1137 2528 1508 2583 machinatus
1539 2532 1696 2583 esset
1727 2528 1828 2582 ad-

176 2633 382 2672 versus
416 2616 569 2671 hunc
598 2615 1082 2687 Sapricium.Qui
1133 2633 1266 2672 cum
1327 2617 1442 2672 Deo
1499 2633 1629 2672 sese
1686 2617 1830 2672 ami-

181 2722 315 2762 cum
375 2705 676 2776 professus
729 2709 907 2771 esset,
968 2705 1350 2776 animamque
1381 2721 1572 2775 suam,
1604 2721 1671 2762 ex
1705 2722 1832 2777 pro-

182 2793 394 2866 posito,
464 2793 791 2849 secundum
850 2793 1178 2864 evangelica
1230 2793 1417 2863 dicta,
1476 2809 1742 2849 seorsum
1801 2811 1834 2849 a

185 2888 428 2955 tyranno
488 2882 800 2952 posuisset,
849 2881 1118 2937 diabolus
1148 2882 1285 2937 inde
1316 2882 1490 2946 hunc,
1523 2882 1677 2937 horae
1709 2898 1835 2936 mo-

184 2970 700 3039 mento,extraxit,
734 2971 956 3026 retibus
1008 2970 1106 3024 irae
1166 2970 1482 3042 pertinacis
1539 2970 1832 3027 avulsum.

183 3061 308 3118 Non
365 3059 728 3132 praeviderat,
792 3059 850 3114 in
883 3058 1077 3114 locum
1111 3060 1355 3131 delapsi,
1391 3059 1572 3116 alium
1607 3076 1837 3116 succes-

1917 568 1985 623 Ὅ
2042 563 2099 620 δὲ
2159 567 2292 639 μετά
2336 568 2434 636 τήν
2487 563 2836 622 διδασκαλίαν
2895 564 3104 637 ἐκείνην
3155 565 3570 638 ἐπενεθυμήθην

1917 656 2055 719 καθά
2097 655 2424 734 ἐφάμιλλος,
2475 654 2688 712 τοιόνδε
2739 656 2873 714 ἐστί.
2927 653 3181 732 Παρῆλνε
3228 655 3327 723 τὴν
3361 651 3567 730 ὀγδόην

1919 745 2009 799 καὶ
2041 743 2258 816 ἐννάτην
2311 747 2339 800 6
2395 746 2606 821 τρέχων
2663 743 2780 822 ἄρτι
2812 739 3207 820 Φεϐρουάριος,
3233 742 3324 798 καὶ
3355 745 3390 813 ἡ
3432 742 3570 798 ταῦ-

1919 854 2020 904 την
2075 836 2390 910 προάγουσα
2443 834 2640 910 ἑσπέρα
2685 834 3044 910 ἐπανηγύριζε
3088 834 3182 889 τὸν
3228 829 3336 888 εἷίτε
3367 853 3568 908 παρεν-

1923 922 2077 988 θὲντα
2105 923 2192 979 καὶ
2227 919 2534 998 ἐμϐόλιμον
2595 927 2839 1002 μάρτυρα
2883 928 2979 979 τοῦ
3028 921 3282 1001 Χριστοῦ,
3315 921 3422 978 εἴτε
3450 943 3573 984 πως

1929 1013 2157 1089 βιαστὴν
2184 1019 2287 1082 τῆς
2339 1011 2616 1089 βασιλείας
2667 1018 2776 1069 τῶν
2824 1012 3066 1089 οὐρανῶν
3090 1010 3428 1090 Νικηφόρον,
3465 1012 3574 1085 μά-

1924 1099 2082 1157 λιστα
2116 1102 2209 1175 μὶν
2243 1102 2333 1156 οῦν
2383 1102 2474 1157 τὸν
2522 1103 2596 1165 ὡς
2651 1100 2711 1158 ἐκ
2757 1099 3000 1178 παρόδου
3048 1101 3136 1157 καὶ
3186 1099 3578 1179 ἀπραγματού-

1921 1211 2029 1252 τως
2075 1189 2165 1245 καὶ
2214 1190 2549 1256 ἀνελπίστως
2618 1189 3016 1266 ἐντετυχηκότα
3062 1189 3320 1268 σωτηρίῳ
3377 1202 3580 1261 θησαυο

1927 1280 2029 1357 ρῷ,
2058 1280 2149 1335 τὸν
2204 1283 2302 1349 τῆς
2351 1305 2380 1332 ‹‹
2430 1278 2789 1353 μνησικακίας
2831 1304 2860 1331 ››
2915 1280 3008 1354 μὶν
3061 1277 3315 1356 ἔλεγχον,
3367 1286 3470 1350 τῆς
3517 1275 3579 1334 δὶ

1930 1369 2212 1441 μετανοίας
2271 1365 2594 1424 διδάσκαλον
2656 1367 2985 1444 ἔμπρακτον,
3039 1369 3128 1422 καὶ
3184 1375 3284 1437 τῆς
3343 1366 3398 1422 ἰν
3457 1372 3579 1438 Θεῷ

1927 1457 2143 1532 ἀγάπης
2175 1457 2434 1533 λαμπφὸν
2490 1459 2700 1532 κήρυκα
2729 1477 2741 1490 °
2803 1458 2862 1520 ὃς
2909 1459 3002 1513 τὸν
3055 1456 3240 1512 ἄθλιον
3275 1456 3575 1531 Σαπρίκιον

1929 1546 2174 1621 εὑρηκὼς
2217 1548 2474 1621 ὁρμῶντα
2531 1547 2710 1618 νίκην,
2773 1545 2804 1601 6'
2875 1567 3056 1624 φασιν,
3115 1543 3380 1616 ἀλαλάξαι
3435 1546 3579 1600 κατά

1927 1640 2024 1690 τοῦ
2081 1641 2266 1691 κοινοῦ
2315 1634 2588 1710 πολεμίου
2649 1633 2930 1709 δαίμονος,
2979 1636 3068 1690 καὶ
3124 1636 3214 1691 τὸν
3266 1641 3367 1705 τῆς
3414 1635 3576 1706 νίκης

1933 1727 2190 1801 στέφανον
2237 1725 2561 1798 θεασάμενος
2617 1724 3049 1801 ὑπερπετόμενον
3097 1731 3196 1795 τῆς
3246 1723 3447 1780 ἐκείνου
3485 1745 3578 1780 κε-

1932 1811 2114 1891 φαλῆς
2177 1814 2272 1885 (ὡς
2325 1811 2508 1870 οἷ’δατε
2565 1813 2652 1869 καὶ
2735 1814 2913 1887 ὑμεῖς,
2981 1821 3082 1882 τῆς
3141 1813 3285 1889 ἱερᾶς
3339 1813 3580 1888 ἱστορίας

1934 1901 2420 1976 ἐναλλαξάμενοι),
2471 1902 2630 1967 ἅῦτὸς
2689 1903 2781 1976 μὲν
2838 1902 3282 1977 ἐκληρονόμησεν
3335 1902 3585 1978 αὐθωρὸν

1931 1995 2030 2046 τοῦ
2062 1991 2113 2046 ἐν
2161 1991 2470 2070 ὀφταλμοῖς
2519 1991 2830 2064 ἐκκειμένου
2890 1993 3069 2046 Θεόθεν
3119 1988 3384 2060 κάλλους,
3443 2011 3583 2067 προ-

1935 2079 2155 2155 δραμὼν
2225 2083 2339 2136 οἷον
2394 2082 2468 2144 ὡς
2529 2080 2580 2135 ἐν
2635 2083 2806 2157 ἀγῶνε
2857 2079 3204 2152 ἀεθλευτικῷ,
3264 2080 3464 2136 ὲκεινον
3528 2077 3591 2136 δὶ

1935 2169 2108 2247 ἀφῆκε
2160 2168 2485 2224 πεπνωκότα
2529 2176 2976 2239 καταπατηθῆναι
3023 2174 3102 2242 τῷ
3149 2167 3388 2242 δαίμονι.
3455 2172 3585 2228 “Ou

1934 2258 2025 2313 καὶ
2063 2259 2130 2326 ἦν
2179 2259 2470 2332 θαυμάσαι,
2517 2255 2718 2329 ἡλίκαν
2767 2256 3241 2335 ἐδραμοτοῦργησε
3285 2259 3422 2314 κατᾶ
3485 2263 3586 2314 τοῦ

1940 2346 2242 2422 Σαπρικίου
2274 2347 2302 2400 6
2333 2342 2596 2422 πονηρός.
2648 2345 2820 2402 Φίλον
2861 2347 2963 2423 γὰρ
3012 2345 3215 2401 ἐκεῖνον
3242 2347 3587 2425 προφανέντα

1935 2440 2016 2508 τῷ
2059 2441 2195 2508 Θεῷ,
2244 2436 2334 2490 καὶ
2379 2435 2448 2511 τῇ
2493 2438 2744 2509 προθέσει
2791 2437 2889 2504 τήν
2933 2436 3120 2512 ψυχὴν
3169 2437 3394 2509 θέμενον
3448 2437 3585 2511 ὑπὲρ

1939 2529 2036 2579 τοῦ
2097 2524 2368 2580 Δεσπότου
2441 2523 2830 2600 εὐαηελικῶς,
2913 2524 3213 2580 ἀπέσπασεν
3287 2524 3338 2580 ἰν
3393 2525 3588 2600 ἀκαρεῖ

1941 2613 2150 2690 χρόνῳ,
2199 2613 2430 2690 σχοινίῳ
2479 2638 2507 2665 ‹‹
2541 2613 2900 2687 μνησικακίας
2931 2637 2960 2666 n
3017 2613 3485 2689 ἀφελκυσάμενος,
3521 2613 3586 2669 οὗ

1941 2701 2409 2778 προνοησάμενος,
2449 2703 2531 2757 ὅτι
2584 2700 2946 2777 ἀντάλλαγμα
2985 2707 3082 2757 τοῦ
3114 2701 3588 2779 προαπωσαμὲνου

1941 2787 2126 2865 ἕτερός
2165 2789 2275 2845 ἐστι
2331 2793 2533 2866 μάρτυς
2570 2795 2704 2846 Θεοῦ
2737 2807 2752 2822 ⁸
2803 2789 2948 2846 ἀλλά
2978 2788 3218 2861 σπουδῆς
3253 2789 3472 2864 θέμενος
3507 2793 3588 2866 μὴ

1947 2876 2042 2934 δύο
2072 2877 2277 2941 καλοὺς
2330 2880 2648 2953 ἀνθρώπους
2697 2880 3046 2950 οἳκειωθῆναι
3103 2884 3184 2953 τῷ
3225 2875 3592 2954 παμϐασιλεῖ,

1945 2964 2033 3023 ἕνα
2065 2969 2160 3042 μὶν
2191 2969 2284 3022 τὸν
2318 2967 2465 3040 αὖτῷ
2513 2970 2992 3045 μεμαρτυρηκότα,
3036 2965 3219 3046 ἓτερον
3271 2967 3328 3024 δὶ
3367 2970 3460 3025 τὸν
3492 2977 3596 3040 τῆς

1945 3056 2108 3112 αὐτοῦ
2128 3055 2476 3134 κληρονόμον
2509 3055 2701 3133 εὐχῆς.

185 3165 387 3204 surum
418 3147 518 3203 Dei
553 3151 871 3220 martyrem
899 3164 912 3215 ;
946 3147 1046 3202 sed
1073 3146 1131 3202 id
1163 3137 1405 3202 curabat
1435 3165 1506 3203 ne
1531 3148 1646 3204 duo
1677 3145 1893 3220 egregii
1924 3147 2034 3202 viri
2066 3146 2372 3202 domestici
2404 3146 2662 3203 universi
2695 3147 2846 3220 regis
2869 3146 3092 3216 fierent,
3146 3164 3302 3203 unus
3354 3147 3599 3220 quidem

185 3256 288 3312 pro
320 3239 436 3294 Deo
469 3236 810 3310 martyrium
839 3253 1074 3308 passus,
1105 3237 1251 3292 alter
1279 3253 1412 3292 vero
1440 3237 1714 3310 martyris
1744 3252 1983 3308 precum
2019 3234 2223 3291 haeres.

255 3365 310 3420 3.
343 3364 528 3419 Erunt
555 3366 736 3418 acutae
769 3362 982 3418 mentis
1012 3361 1118 3417 viri
1174 3363 1274 3433 qui
1331 3362 1454 3418 illic
1511 3363 1832 3432 haarebunt,

2023 3359 2092 3432 γ’.
2125 3356 2230 3414 Καὶ
2279 3353 2418 3413 ἔστιν
2470 3359 2807 3432 ἐπαπορῆσαι
2862 3357 2990 3422 τοῦς
3046 3357 3298 3433 εὐμαθεῖς
3349 3359 3599 3428 ἐνταῦθα,

186 3471 292 3508 cur
348 3452 630 3508 Dominus
690 3452 995 3508 recesserit
1049 3469 1082 3507 a
1133 3453 1412 3524 Sapricio,
1473 3452 1750 3526 quoniam
1783 3456 1841 3507 et

185 3542 483 3614 Sapricius
517 3543 628 3597 Deo
676 3541 1006 3614 proximum
1066 3558 1131 3596 ac
1186 3541 1519 3597 devinctum
1580 3559 1708 3598 sese
1762 3545 1842 3597 te-

188 3637 419 3697 nuerat,
453 3636 510 3686 et
538 3631 691 3687 Deus
724 3647 1026 3702 nunquam
1055 3630 1137 3685 ita
1167 3647 1229 3687 se
1258 3631 1484 3688 habuit.
1517 3632 1643 3687 Non
1683 3631 1839 3687 enim

190 3721 299 3777 hos
329 3721 568 3787 deserit,
599 3726 663 3776 ut
719 3719 952 3774 Davidis
1009 3719 1185 3775 verba
1241 3737 1544 3793 usurpem,
1605 3719 1706 3793 qui
1751 3719 1838 3786 ip-

194 3827 326 3866 sum
387 3814 689 3882 quierunt;
749 3808 820 3864 iis
858 3809 1036 3864 etiam
1068 3809 1168 3880 qui
1201 3808 1396 3881 ipsum
1427 3813 1635 3864 vocant
1666 3823 1844 3880 prope

195 3904 385 3966 astat;
418 3899 574 3968 quod
605 3903 801 3953 autem
833 3897 967 3969 plus
997 3901 1107 3964 est,
1135 3913 1201 3952 ac
1233 3897 1451 3952 mirum
1501 3895 1710 3969 magis,
1771 3896 1840 3950 ab

190 3989 264 4044 iis
294 3989 461 4060 ipsis,
493 3986 594 4058 qui
625 4003 759 4041 eum
794 4001 908 4041 non
942 3990 1230 4056 quaerunt,
1265 3985 1322 4040 in
1357 4001 1604 4041 occursu
1636 3986 1843 4041 obvius

191 4077 507 4132 invenitur.
541 4076 702 4130 Hanc
732 4073 1116 4146 quaestionem
1169 4074 1270 4146 qui
1329 4075 1688 4146 suscepisset
1743 4073 1844 4130 tali

193 4167 418 4222 ratione
475 4163 866 4219 dirimendam
925 4162 1209 4218 haberet.
1278 4166 1498 4235 Nempe
1563 4163 1844 4220 molestus

196 4256 294 4310 ille
351 4253 649 4325 Sapricius
707 4251 852 4307 mihi
909 4253 1170 4319 vedetur,
1232 4251 1473 4321 fratres,
1533 4252 1844 4309 consilium

199 4342 452 4398 adeundi
487 4341 750 4413 martyrii
783 4357 896 4413 prae
927 4357 989 4396 se
1018 4340 1226 4397 tulisse
1258 4343 1458 4397 fictum
1520 4347 1694 4414 atque
1750 4358 1846 4398 ex-

198 4431 403 4498 terius,
464 4447 578 4486 non
637 4446 706 4485 ex
764 4430 971 4485 intimo
1027 4433 1146 4486 toto
1213 4431 1386 4486 corde
1450 4435 1678 4501 ortum,
1746 4433 1846 4488 sed

201 4521 611 4588 cunctantius;
671 4523 1027 4591 quapropter
1059 4536 1170 4574 non
1203 4537 1271 4575 ea
1301 4523 1498 4576 mente
1529 4536 1644 4592 qua
1674 4537 1848 4593 Opor-

202 4611 364 4666 tebat
395 4627 515 4665 rem
547 4612 812 4664 sanctam
843 4608 1086 4664 adortus
1115 4613 1223 4677 est;
1261 4625 1372 4664 non
1405 4609 1560 4664 enim
1591 4609 1662 4665 ad
1693 4625 1852 4664 amo-

205 4716 328 4754 rem
361 4699 460 4754 Dei
491 4699 776 4753 duntaxat
805 4696 1146 4768 respiciens,
1191 4698 1292 4752 sed
1345 4714 1555 4753 vanam
1614 4698 1850 4754 intuens
1883 4729 1927 4795 Β

204 4788 451 4861 gloriam
480 4787 551 4843 ad
585 4791 872 4843 certamen
907 4787 1170 4857 martyrii
1231 4789 1526 4854 cucurrit;
1584 4787 1848 4860 opperie-

204 4879 383 4933 batur
410 4878 591 4932 donec
622 4875 842 4930 circum
872 4891 934 4930 se
965 4875 1389 4947 obstrepereret
1418 4877 1636 4948 inclyta
1668 4876 1850 4932 futilis

202 4965 396 5022 laudis
428 4965 603 5034 fama,
635 4968 836 5036 utpote
868 4968 1090 5036 martyr
1144 4965 1238 5020 cui
1298 4965 1461 5021 nulla
1513 4965 1702 5022 inerat
1756 4983 1850 5022 co-

203 5054 402 5122 mitas,
462 5051 624 5107 nulla
681 5053 739 5107 in
797 5069 858 5108 se
907 5053 1280 5109 confidentia.
1312 5054 1433 5109 Tali
1465 5060 1673 5126 captus
1706 5072 1848 5126 prae-

201 5144 344 5207 mio,
372 5147 500 5212 (nec
531 5141 686 5198 enim
721 5141 768 5196 is
801 5145 924 5196 erat
955 5159 1128 5213 quem
1154 5143 1278 5197 sola
1323 5144 1535 5199 veritas
1585 5143 1852 5215 pellexis-

204 5233 335 5304 set),
370 5233 442 5287 ad
503 5230 849 5303 martyrium
911 5231 1208 5302 vitamque
1267 5233 1599 5303 ponendum
1659 5233 1849 5287 irruit.

204 5321 375 5379 Aliud
435 5321 690 5391 insuper
734 5319 946 5373 addam
979 5335 991 5373 :
1052 5321 1550 5391 quemadmodum
1581 5321 1733 5375 enim
1766 5320 1855 5375 vir

207 5411 448 5483 quidam
481 5409 810 5464 testimonio
844 5407 1094 5463 alterum
1152 5407 1451 5464 hominem
1511 5415 1854 5481 prosecutus

207 5503 275 5556 ut
304 5498 414 5555 sibi
444 5497 559 5570 ipsi
591 5496 798 5568 prosit,
832 5513 945 5551 non
969 5496 1106 5567 jure
1134 5497 1206 5553 ab
1236 5497 1336 5553 illo
1366 5502 1559 5570 grates
1609 5501 1852 5570 repetat,

210 5587 493 5659 eumipsa
521 5584 785 5642 beneﬁcii
807 5585 934 5657 jam
965 5584 1176 5642 habeat
1232 5585 1508 5659 pretium,
1564 5603 1668 5644 seu
1724 5603 1855 5643 ma-

213 5693 356 5738 num
405 5690 576 5734 suam
630 5674 807 5732 vetita
862 5673 1196 5747 impleverit
1239 5676 1509 5749 pecunia,
1539 5676 1663 5736 sive
1693 5674 1852 5734 aliud

1946 3453 2066 3510 πῶς
2094 3451 2192 3502 τοῦ
2226 3447 2523 3520 Σαπρικίου
2573 3449 2776 3520 ἀπέστη
2827 3449 2855 3503 6
2909 3447 3127 3524 Κύριος,
3159 3447 3472 3525 ἐγγίσαντος
3503 3449 3600 3504 καὶ

1947 3533 2454 3613 προσκολλωμὲνου
2521 3537 2688 3610 αὐτῷ,
2742 3534 3016 3610 μηδέποτε
3060 3537 3203 3592 οὕτω
3252 3538 3600 3607 πεποιηκώς.

1950 3627 2029 3683 Οὐ
2089 3627 2191 3701 γὰρ
2252 3624 2652 3700 ἐγκαταλείπει,
2713 3631 3013 3690 Δαυϊτικῶς
3063 3625 3254 3694 εἰπεῖν,
3313 3625 3440 3689 τοὺς
3502 3633 3604 3697 ζη-

1947 3719 2172 3776 τοῦντας
2207 3714 2366 3769 αὐτὸν
2399 3716 2426 3769 6
2464 3715 2555 3769 καὶ
2603 3713 2681 3770 ἔτι
2733 3712 3050 3771 λαλούντων
3102 3714 3261 3792 ἐγγὺς
3293 3711 3602 3791 παραγινό-

1957 3824 2114 3876 μενος
2149 3804 2248 3871 ,τὸ
2279 3801 2336 3858 δὲ
2383 3805 2846 3881 Θαυμασιώτερον,
2901 3805 2992 3859 καὶ
3036 3810 3154 3868 τοῖς
3205 3806 3280 3878 μή
3346 3809 3604 3875 ζητοῦσιν

1953 3890 2109 3945 αὐτὸν
2141 3891 2526 3966 εὑρισκόμενος
2567 3893 2656 3947 καὶ
2705 3892 3107 3969 παριστάμενος
3164 3892 3242 3955 εἷς
3284 3892 3607 3967 ἀντίληψιν.

1953 3979 2115 4036 Ἕχοι
2150 3977 2207 4034 δὲ
2263 3982 2322 4034 ἅν
2368 3983 2396 4036 6
2442 3981 2699 4053 τοιαύτην
2746 3977 3031 4038 ἀναλαϐὼν
3091 3979 3296 4038 ἔννοιαν
3349 3979 3613 4037 ἐπιλύσα-

1955 4070 2073 4123 σθαι
2107 4066 2213 4124 ὧδὲ
2244 4091 2359 4132 πως
2402 4070 2464 4125 τὸ
2515 4067 2717 4147 ἄπορον
2767 4069 2937 4146 (δοκῶ
2971 4073 3108 4145 μοι),
3153 4069 3198 4125 ὦ
3228 4069 3479 4150 ἀδελφοὶ,
3510 4071 3610 4126 τὸν

1955 4158 2210 4236 φορτικὸν
2251 4159 2576 4235 Σαπρίκιον,
2625 4157 2955 4215 ἐπίπλαστον
2998 4159 3350 4233 ἑξεπιπολῆς,
3396 4159 3457 4215 οὐ
3494 4160 3608 4234 μὴν

1956 4245 2262 4324 ἒνδόμυχον
2299 4250 2388 4303 καὶ
2434 4248 2740 4326 ὁλόψυχον,
2791 4251 2891 4319 τήν
2924 4249 3011 4305 ἐπὶ
3040 4255 3120 4323 τῷ
3155 4249 3436 4325 μαρτυρίῳ
3465 4251 3610 4327 πρό-

1958 4348 2097 4402 θεσιν
2131 4334 2478 4410 ἐνδείξασθαι,
2527 4337 2672 4394 ἀλλά
2724 4337 3141 4414 μαλακώτερον,
3189 4339 3278 4394 καὶ
3337 4337 3510 4402 οὕτως
3541 4338 3607 4394 οὗ

1958 4423 2188 4488 δεόντως
2239 4421 2521 4482 ἐπιϐαλεῖν
2570 4427 2709 4502 ἀγίῳ
2754 4427 3052 4504 πράγματι,
3087 4428 3222 4502 πρὸς
3267 4427 3440 4501 μόνην
3490 4429 3612 4482 Θεο-

1959 4513 2144 4594 φιλίας
2178 4513 2398 4586 δόκησιν
2449 4516 2538 4571 καὶ
2585 4513 2744 4588 δόξης
2794 4523 2954 4586 κενῆς
3002 4514 3156 4592 λόγῳ
3195 4518 3264 4590 τῇ
3299 4519 3610 4591 μαρτυρικῇ

1959 4603 2185 4675 ἀθλήσει
2213 4602 2554 4680 ἐπιδραμεῖν,
2588 4602 2644 4661 εἶ’
2683 4627 2801 4668 πως
2850 4604 3096 4678 δοξάριόν
3137 4626 3190 4660 τι
3221 4606 3370 4678 αὐτῷ
3402 4604 3610 4684 ἆπιφη-

1965 4693 2180 4766 μισθείη
2215 4692 2562 4771 περίκλυτον,
2611 4695 2684 4758 ὡς
2736 4693 2821 4750 ἐὰν
2872 4695 2959 4750 καὶ
3017 4694 3221 4771 μάρτυς
3269 4694 3368 4749 οὐκ
3417 4693 3614 4750 εὐσυν-

1961 4780 2256 4853 ἀλλακτος,
2307 4784 2395 4838 καὶ
2445 4781 2512 4853 δὴ
2559 4783 2704 4856 σύτῷ
2757 4785 2821 4839 οὐ
2863 4784 3080 4853 πιστὸς,
3113 4781 3291 4860 δώρου
3323 4803 3484 4860 χαριν
3521 4782 3610 4858 (οῦ

1965 4874 2070 4944 μὴν
2128 4869 2185 4926 δὲ
2241 4872 2378 4948 πρὸς
2430 4874 2597 4942 αὐτὴν
2673 4875 2773 4943 τήν
2844 4871 3103 4943 ἀλήθειαν
3161 4874 3469 4949 παραγάγοι
3522 4872 3611 4946 ἂν)

1960 4959 2248 5036 ἑπιρῥίψας
2304 4960 2379 5022 εἰς
2433 4961 2728 5038 μαρτύριον
2783 4962 3270 5038 βιωτικόν.“οπου
3321 4961 3412 5016 καὶ
3465 4957 3612 5016 ἔστιν

1961 5048 2154 5120 εἰπεῖν,
2188 5050 2292 5119 ὅτι,
2324 5051 2461 5112 καθά
2503 5051 2531 5104 6
2584 5052 3021 5127 μεμαρτυρηκώς
3069 5071 3176 5104 που
3226 5050 3358 5124 ὑπὲρ
3399 5050 3613 5125 ἀνθρώ-

1959 5159 2087 5206 που,
2117 5139 2203 5193 καὶ
2251 5134 2568 5211 διαθέμενος
2622 5139 2822 5194 ἆκεῖνον
2878 5137 3083 5210 καλῶς,
3138 5138 3238 5194 οὐκ
3285 5136 3344 5193 ἃν
3386 5135 3616 5204 δικαίως

1961 5227 2189 5303 χάριτας
2245 5223 2504 5305 ὅφλεσθαι
2554 5227 2808 5300 ἀπαιτοίη
2861 5227 2912 5299 ἐξ
2963 5227 3166 5284 ἐκείνου
3215 5229 3429 5304 (ἀπέχει
3509 5228 3612 5305 γὰρ

1960 5315 2068 5387 ἤδη
2100 5317 2191 5372 τὸν
2231 5318 2420 5389 μισθὸν
2453 5325 2551 5388 τῆς
2581 5317 2833 5393 χάριτος,
2883 5321 2973 5372 οἷα
3018 5317 3236 5389 πλήσας
3283 5320 3382 5386 τὴν
3427 5322 3611 5393 χεῖρα,

1962 5406 2036 5460 ὦν
2070 5406 2171 5460 οὐκ
2216 5403 2411 5482 ἐχρῆν,
2461 5406 2550 5462 καὶ
2603 5405 2790 5470 ἄλλως
2841 5407 3089 5462 ὁπωσοῦν
3145 5405 3613 5484 ἐκθεραπευσάμε-

1961 5497 2098 5568 νος),
2131 5493 2302 5558 οὕτως
2336 5493 2460 5551 οὐδὲ
2485 5498 2514 5551 6
2563 5497 2882 5573 Σαπρίκιος,
2933 5495 3058 5552 οὐδὲ
3102 5493 3156 5552 εἷ’
3177 5517 3258 5560 τις
3291 5493 3464 5560 ἄλλος
3493 5498 3617 5551 κατ’

1964 5585 2164 5640 ικεῖνον
2225 5584 2301 5647 εἷς
2364 5586 2658 5661 μαρτυρίαν
2710 5584 2912 5662 δράμοι
2969 5587 3070 5657 τήν
3128 5586 3252 5664 περὶ
3305 5589 3402 5640 τοῦ
3451 5589 3608 5656 Θεοῦ,

1964 5679 2204 5752 φθαρτῆς
2245 5670 2491 5740 εὐκλείας
2539 5669 2712 5734 ἕνεκεν
2767 5675 2855 5735 καὶ
2903 5677 3003 5732 τοῦ
3033 5671 3182 5747 δοξαι
3229 5679 3609 5756 φανητιασμοῦ
