4114 6200
318 382 444 441 565

1360 378 1439 438 ΙΝ
1487 378 1548 438 S.
1598 375 2284 450 QUADRAGESIMAM
2330 377 2624 439 ORATIO
2668 377 2716 438 Ῑ.

3631 375 3747 435 566

315 511 520 584 τρόπῳ
546 507 872 583 θεόμαρτυς,
914 505 1004 561 καὶ
1065 503 1210 562 οὕτω
1273 508 1496 580 μνήμην
1556 502 1702 583 ἔχειν
1757 506 1968 580 τιμίαν,

2097 508 2227 580 quid
2261 506 2406 564 lucri
2441 508 2552 565 sibi
2585 507 2908 580 paraverit;
2943 504 3049 562 tali
3083 506 3257 561 modo
3308 509 3365 561 et
3419 503 3746 576 Sapricius.

321 597 717 670 συναντίληψιν
751 594 872 672 ἔχοι
903 593 962 649 ἃν
997 596 1102 651 ἀπὸ
1130 599 1226 650 τοῦ
1256 600 1411 668 Θεοῦ,
1465 594 1554 650 διὰ
1581 597 1644 650 τὸ
1700 597 1838 651 κατὰ
1875 595 1977 664 τὴν

328 685 632 764 μαρτυρίαν
665 683 1156 759 ψευδεπίπλαστον·
1218 684 1365 740 ἀλλά
1412 683 1776 762 ἀπρόσδεκτος
1807 680 1976 756 ἔσται,

327 778 403 839 ὡς
439 776 515 840 εἰς
540 775 709 830 τόπον
737 773 1045 846 τεθειμένος
1081 774 1398 849 ὑποκριτοῦ,
1457 775 1516 836 ’ὸς
1545 773 1684 829 πάνυ
1746 779 1981 847 μισεῖται

325 871 409 938 τῷ
433 872 534 934 τῆς
562 862 822 934 ἀληθείας
870 867 1005 935 Θεῷ.

2089 604 2147 655 et
2201 599 2251 656 si
2309 601 2442 672 quis
2503 599 2655 656 alius
2708 604 2947 656 secutus
2997 597 3260 654 divinum
3291 593 3361 653 ad
3397 596 3748 669 martyrium

2089 690 2400 760 procurrit,
2444 690 2675 746 caducae
2729 688 2925 762 gloria:
2985 703 3184 753 causa,
3247 691 3429 759 utque
3489 689 3747 742 ostenta-

2087 779 2308 834 tatione
2339 780 2590 850 quadam
2628 779 2724 835 Dei
2759 782 3076 850 martyrem
3107 792 3236 832 sese
3283 777 3584 847 professus
3636 775 3751 830 cla-

2091 883 2215 922 ram
2275 867 2388 924 sibi
2444 867 2691 939 gloriam
2751 871 3057 938 quaereret,
3101 867 3154 920 is
3184 865 3382 920 divino
3413 863 3606 920 caruit
3637 880 3747 918 au-

323 959 486 1026 xilio,
516 963 574 1013 et
603 957 664 1013 in
696 971 940 1012 numero
996 956 1224 1028 positus
1266 959 1355 1013 est
1408 955 1870 1029 hypocritarum,
1931 972 2079 1023 quos
2130 957 2303 1014 habet
2344 975 2587 1031 prorsus
2638 957 3062 1015 abominationi
3120 957 3277 1014 Deus
3334 956 3528 1014 omnis
3585 954 3742 1011 veri-

321 1048 491 1104 tatis.

397 1168 461 1226 δ’.
494 1169 592 1225 Καὶ
624 1166 768 1225 οὕτω
804 1168 898 1241 μὲν
958 1167 987 1222 ὁ
1047 1167 1347 1244 Σαπρίκιος
1397 1167 1681 1241 νομίζοιτο
1722 1164 1781 1224 ἂν
1840 1167 1978 1224 ἀπο-

317 1261 585 1337 τρόπαιος
621 1258 861 1330 εἶναιτῷ
892 1260 1030 1330 6εῷ,
1062 1254 1150 1311 διὰ
1186 1257 1249 1312 τὸ
1302 1258 1378 1330 μὴ
1430 1256 1734 1334 ἐπιτρέπειν
1788 1257 1978 1330 ἐκείνῳ

320 1350 401 1412 είς
446 1349 682 1424 καθαρὰν
740 1345 947 1417 θυσίαν,
1007 1344 1150 1401 ἀλλὰ
1192 1350 1584 1425 μεμορφῶσθαι
1645 1346 1719 1408 εἷς
1778 1347 1978 1422 φάντα-

321 1459 438 1511 σμα
495 1437 914 1510 σκηνικώτερον·
974 1433 1046 1489 Οὖ
1098 1435 1195 1510 γὰρ
1258 1432 1316 1489 ἂν
1378 1435 1579 1512 ἀφῆκεν
1640 1437 1668 1490 6
1735 1436 1863 1498 Θεὸς
1923 1434 1974 1490 ἐν

320 1526 472 1598 αὑτῷ
497 1531 673 1600 καιρῷ
712 1524 987 1598 σωτηρίας
1044 1518 1304 1593 ἀναϐῆναι
1364 1523 1438 1586 εἷς
1489 1522 1709 1598 καρδίαν
1763 1522 1976 1598 ὑψηλοῦ

321 1616 622 1690 ἀνθρώπου
671 1614 820 1685 αὑτῷ
844 1613 1282 1689 προσανέχοντος
1312 1611 1822 1688 ἀναῤῥιχησάμενον
1874 1635 1974 1667 πο-

319 1705 496 1779 νηρὸν
557 1700 937 1779 διαλογισμόν’
996 1699 1143 1756 ἀλλά
1190 1698 1502 1755 ἀπέκλεισεν
1556 1700 1614 1755 ἂν
1649 1703 1740 1756 ἀπ’
1786 1703 1976 1774 αὑτοῦ,

323 1794 407 1856 ὡς
440 1790 582 1866 μηδὲ
610 1790 710 1862 ἔξω
740 1811 846 1845 που
891 1791 1308 1866 θυροκρουστεῖν
1360 1783 1530 1865 ἔχειν,
1584 1796 1754 1844 πᾶσαν
1811 1812 1979 1860 πονη-

321 1883 423 1956 ρὰν
459 1880 723 1937 διάνοιαν.
757 1878 862 1936 Καὶ
895 1878 1070 1940 οὕτως
1102 1879 1166 1933 οὑ
1202 1879 1367 1953 μόνον
1400 1878 1497 1933 οὐκ
1553 1877 1612 1934 ἂν
1674 1880 1701 1934 ὁ
1732 1879 1977 1949 ἀθλητὴς

324 1970 589 2041 ὑπεξέστη
642 1973 738 2024 τοῦ
791 1971 1129 2043 μαρτυρικοῦ
1190 1967 1450 2045 στεφάνου
1496 1972 1575 2040 τῷ
1621 1966 1977 2041 μεμισημένῳ

317 2027 648 2135 Νικῆφόριρ,
710 2027 878 2113 ἀλλὰΙ
912 2027 1002 2112 καὶ
1038 2056 1236 2112 ἐκεῖνον
1294 2027 1702 2134 ⁸προαέλόιῦετο¹
1733 2027 1980 2132 συμμάρ-
2008 2027 2057 2092 Β

312 2169 498 2221 τυρα,
553 2147 643 2202 καὶ
704 2145 782 2208 εἷς
840 2144 1084 2221 ποδηγὸν
1148 2151 1292 2215 ζωῆς
1351 2145 1574 2200 αἰωνίου
1631 2144 1978 2222 χρηματίσας

318 2237 616 2294 ἑδίπλασεν
646 2234 707 2290 ἂν
739 2236 801 2290 τὸ
831 2234 1021 2293 καλόν.
1055 2235 1216 2297 Εἰκὸς
1247 2235 1369 2312 γὰρ,
1420 2232 1528 2306 ἤδη
1581 2232 1639 2290 δὶ
1677 2236 1765 2290 καί
1822 2234 1980 2311 ἐγγὺς

317 2328 641 2404 ἀναγκαίου,
693 2322 1079 2403 συλληφθῆναι
1130 2324 1232 2379 ὑπὸ
1275 2329 1383 2379 τῶν
1428 2325 1551 2379 τότε
1607 2323 1980 2380 σπεκουλατό-

322 2438 438 2491 ρων
479 2415 570 2470 καὶ
599 2416 690 2470 τὸν
723 2411 893 2477 ὅντως
923 2413 1307 2492 φιλάνθρωπον
1341 2413 1430 2468 καὶ
1479 2412 1828 2489 φιλάλληλον
1889 2413 1978 2469 καὶ

324 2510 468 2562 Θεοῦ
516 2503 866 2582 ἐπίστροφον,
917 2502 1008 2558 καὶ
1067 2499 1156 2557 διὰ
1211 2507 1372 2558 τοῦτο
1422 2501 1754 2582 φιλάδελφον
1823 2505 1976 2579 ἅγιον

323 2593 670 2672 Νικηφόρον,
728 2591 816 2647 καὶ
864 2593 1175 2667 ἀηαχθῆναι
1228 2591 1304 2654 εἰς
1341 2593 1405 2647 τὸ
1449 2592 1709 2668 τύραννον
1756 2595 1983 2668 στρατή-

321 2703 471 2758 γιον·
525 2681 614 2737 ὅτε
665 2681 779 2751 καὶ,
832 2680 1123 2758 σφαγέντος
1183 2681 1350 2736 αὑτοῦ
1406 2682 1458 2752 εξ
1518 2677 1980 2755 ἀπότελέσματος,

320 2776 400 2846 τῇ
459 2773 549 2827 καὶ
581 2771 658 2833 εἷς
713 2774 960 2826 τοιοῦτον
1019 2769 1186 2826 καλὸν
1253 2771 1541 2844 ἑτοιμασίᾳ
1590 2769 1870 2827 ἐδίπλασεν
1917 2771 1978 2826 ἂν

319 2863 469 2937 πρὸς
517 2858 920 2934 κερδαλεότητα
969 2867 1242 2936 θεοπρεπῆ
1300 2860 1361 2914 τὸ
1413 2866 1554 2924 θεῖον
1611 2860 1906 2935 κειμήλιον
1951 2862 1978 2915 6

324 2952 654 3027 Σαπρίκιος,
687 2953 784 3004 τοῦ
833 2953 966 3004 Θεοῦ
1014 2948 1128 3004 ἀντῖ
1175 2949 1292 3011 ἑνὸς
1342 2947 1543 3004 ἐκείνου
1589 2947 1684 3005 δύο
1715 2970 1978 3026 προσενη-

317 3039 562 3115 νεγμένα
594 3035 884 3112 δεξαμένου
914 3036 1149 3093 τάλαντα
1180 3039 1553 3112 πολυτίμητα,
1596 3038 1682 3094 καὶ
1731 3039 1894 3094 αὐτοῦ
1921 3060 1982 3094 τε

320 3127 672 3191 εἷσελθόντος
703 3127 776 3188 εἲς
807 3127 904 3195 τὴν
938 3126 1186 3201 οόράνιον
1217 3125 1491 3201 βασιλείαν
1523 3129 1613 3183 καὶ
1629 3129 1720 3183 τὸν
1735 3127 1978 3205 Νικηφόο

326 3238 428 3295 ρον
459 3210 928 3291 συνεισαγαγὸντος
977 3216 1384 3291 προθυμότατα.

2159 1173 2211 1229 4.
2247 1173 2711 1246 Supponendum
2745 1177 2834 1228 est
2891 1172 3074 1245 igitur
3129 1187 3195 1228 eo
3249 1169 3572 1243 Sapricium
3629 1168 3748 1225 Deo

2089 1261 2359 1318 odiosum
2420 1262 2640 1318 factum
2698 1279 2847 1330 esse,
2909 1262 3060 1332 quod
3123 1277 3237 1316 non
3265 1277 3328 1316 se
3356 1258 3440 1314 illi
3471 1257 3751 1314 obtulerit

2088 1368 2304 1424 purum
2338 1352 2411 1407 ad
2443 1352 2822 1420 sacrificium,
2857 1351 2957 1407 sed
2991 1350 3310 1422 quamdam
3339 1348 3599 1403 induerit
3626 1347 3752 1402 the-

2087 1440 2331 1496 atralem
2365 1441 2836 1512 personam.Non
2868 1441 3020 1496 enim
3043 1439 3198 1495 Deus
3229 1437 3524 1494 omisisset
3556 1453 3752 1492 ascen-

2087 1529 2224 1584 dere
2254 1528 2313 1584 in
2342 1534 2599 1585 mentem
2632 1528 2949 1584 sublimem
2980 1527 3214 1599 sibique
3243 1526 3496 1582 dicatam
3519 1549 3534 1592 ;
3556 1527 3752 1580 errata

2089 1617 2266 1676 etiam
2327 1617 2755 1674 sententiarum
2815 1616 3351 1690 suprascandisset,
3413 1613 3530 1668 imo
3595 1613 3746 1668 hanc

2088 1712 2346 1762 mentem
2407 1707 2599 1779 pravis
2656 1706 2962 1762 sententiis
3010 1705 3094 1761 ita
3128 1702 3547 1777 praeclusisset,
3581 1711 3644 1755 ut
3674 1717 3748 1756 ne

2086 1796 2240 1850 fores
2304 1795 2542 1867 quidem
2612 1796 2846 1867 pulsare
2913 1793 3291 1866 potuissent.
3355 1790 3449 1846 Sic
3526 1788 3746 1845 athleta

2088 1885 2231 1940 adeo
2288 1901 2402 1939 non
2466 1884 2731 1957 martyrii
2782 1900 3058 1939 coronam
3090 1880 3416 1953 Nicephoro
3444 1879 3743 1947 cessisset,

2088 1989 2260 2045 quem
2296 1974 2520 2039 oderat,
2553 1977 2618 2028 ut
2643 1977 2844 2029 contra
2873 1988 3004 2028 eum
3033 1974 3481 2042 commartyrem
3541 1983 3740 2024 susce-

2088 2062 2545 2134 pisset,ejusque
2576 2063 2694 2117 dux
2727 2062 2914 2117 factus
2945 2062 3014 2115 ad
3051 2060 3226 2114 vitam
3258 2063 3741 2124 eternam,suum

2090 2152 2198 2208 hoc
2228 2152 2464 2206 nomine
2492 2151 2852 2223 duplicasset
2873 2149 3321 2222 praemium.Par
3339 2151 3463 2202 erat
3479 2163 3545 2202 ac
3564 2162 3743 2218 prope

2090 2240 2496 2296 necessarium
2530 2245 2800 2296 sanctum
2830 2239 3225 2310 Nicephorum
3256 2235 3562 2291 hominum
3611 2249 3746 2289 vere

2089 2335 2404 2398 amantem,
2439 2329 2645 2386 alienis
2676 2328 3076 2386 consulentem
3106 2324 3746 2390 commodis,intentum

2089 2421 2158 2474 ad
2219 2419 2403 2475 Deum
2464 2423 2637 2490 atque
2693 2420 2940 2474 fratrum
3000 2431 3244 2472 suorum
3303 2413 3662 2485 diligentem,
3716 2428 3750 2468 ο.

2089 2507 2374 2564 militibus
2405 2509 2654 2580 hujusce
2684 2506 2964 2579 temporis
2995 2503 3483 2576 comprehensum
3544 2501 3744 2568 fuisse,

2089 2604 2266 2670 atque
2296 2598 2353 2652 in
2386 2597 2724 2670 praetorium
2766 2595 3138 2669 imperatoris
3196 2593 3538 2648 deductum.
3601 2592 3747 2646 Cum

2089 2704 2224 2760 ergo
2281 2688 2477 2760 reipsa
2524 2690 2818 2742 mactatus
2848 2685 3074 2756 Liuerit,
3107 2683 3154 2737 si
3186 2681 3482 2752 Sapricius
3511 2695 3746 2753 quoque

2089 2778 2160 2833 ad
2195 2776 2504 2848 praemium
2556 2776 2714 2830 idem
2772 2773 3154 2830 obtinendum
3216 2775 3456 2843 paratus
3513 2768 3740 2838 fuisset,

2089 2865 2305 2938 duplici
2337 2881 2572 2937 gemma
2602 2864 2863 2920 divinum
2897 2863 3154 2918 auxisset
3183 2860 3550 2926 thesaurum;
3574 2872 3742 2911 nam-

2082 2964 2204 3028 que
2237 2956 2385 3010 Deus
2419 2971 2520 3024 pro
2554 2971 2671 3010 uno
2703 2953 2802 3009 illo
2834 2953 2949 3008 duo
3009 2950 3332 3022 accepisset
3385 2945 3742 3021 pretiosissi-

2089 3061 2186 3099 ma
2215 3043 2454 3114 talenta,
2487 3059 2621 3098 cum
2652 3043 2779 3114 ipse
2807 3039 3126 3111 Sapricius,
3159 3052 3403 3110 regnum
3463 3034 3740 3091 caelorum

2089 3132 2416 3204 ingressus,
2441 3131 2854 3204 iNicephorum
2883 3129 3061 3186 etiam
3093 3143 3293 3184 secum
3325 3142 3458 3182 cum
3489 3123 3744 3181 maximo

2090 3221 2286 3278 studio
2318 3220 2676 3277 adduxisset.

410 3401 468 3450 ε’.
504 3393 600 3449 Καὶ
633 3392 775 3448 οὕτω
809 3393 903 3467 μὶν
938 3390 1021 3465 εἴη
1073 3392 1132 3449 ἂν
1181 3393 1497 3459 λελύσεσθαι
1550 3397 1612 3450 τὸ
1666 3390 1982 3472 προϐεϐλη-

2163 3400 2310 3454 5.Ita
2340 3397 2519 3470 igitur
2548 3395 2793 3470 quaestio
2823 3411 3002 3468 supra
3031 3391 3353 3450 constituta
3369 3390 3512 3448 solvi
3531 3393 3752 3463 posset.

341 3483 507 3558 μένον
541 3481 824 3558 ἀπόρημα,
856 3483 1011 3556 Ἐμοί
1045 3481 1101 3538 δὲ
1146 3481 1351 3538 ἔπεισιν
1409 3483 1632 3539 ἐνταῦθα
1686 3483 1986 3557 διασκοπή-

338 3585 556 3640 σασθαι,
588 3573 679 3626 καὶ
708 3570 946 3642 πηλίκον
1000 3573 1164 3628 κακὸν
1213 3575 1248 3643 ἡ
1312 3598 1339 3625 ‹‹
1394 3575 1720 3645 μνησικακία
1771 3599 1798 3626 ››
1853 3573 1984 3644 ἐστὶ,

329 3663 426 3717 καὶ
489 3661 678 3717 ὁποῖόν
745 3683 797 3716 τι
855 3664 990 3716 κατά
1047 3660 1228 3716 οὐσίαν
1305 3661 1541 3738 ὁρίζεται
1603 3665 1990 3736 ηροσηκόντως

335 3753 476 3806 εἶναι
511 3749 669 3820 αὑτή-
703 3749 792 3805 καί
844 3771 935 3822 μοι
966 3749 1176 3824 ἀρέσκει
1223 3749 1402 3829 φάναι,
1465 3751 1539 3813 ὡς
1605 3753 1638 3820 ἡ
1695 3776 1722 3802 ‹‹
1789 3773 1989 3824 μοησι-

334 3839 498 3894 κακία
530 3862 558 3890 n
593 3839 694 3894 οὐκ
715 3836 854 3893 ἔστιν
885 3838 1121 3912 ἐπιμονή
1179 3838 1370 3903 κακίας
1427 3840 1510 3894 ἐπὶ
1571 3839 1762 3902 ἀπλῶς
1813 3841 1990 3916 ἀμύνῃ

333 3928 404 4000 τῇ
429 3927 703 4004 τυχούσῃ,
731 3928 760 3982 ’ὀ
792 3925 858 3998 δὴ
905 3928 994 3983 καὶ
1026 3934 1130 3992 πᾶς
1162 3929 1332 4002 θυμὸς
1365 3923 1510 4004 ἔχειν
1561 3927 1757 3998 ἐθέλει,
1818 3926 1990 4006 ὄρεξις

337 4013 413 4069 ὢν
446 4015 536 4070 καὶ
584 4013 783 4077 ἰκεῖνος
832 4015 1264 4087 ἀντιλυπήσεως,
1314 4016 1449 4071 καθά
1492 4038 1646 4093 φασιν
1708 4019 1759 4072 οἱ
1817 4017 1989 4073 πάλαι

336 4104 520 4182 σοφοί·
581 4101 728 4158 ἀλλά
787 4127 816 4155 ‹‹
876 4105 1200 4178 μνησικακία
1258 4129 1286 4158 »
1344 4105 1646 4179 ἰκφαίνεται
1703 4109 1989 4183 τυγχάνειν

344 4193 576 4266 μόνιμος
609 4193 802 4266 θυμὸς,
861 4191 956 4248 εἴτ’
987 4194 1076 4249 οὗν
1109 4193 1270 4256 κότος
1319 4193 1607 4268 δαιμόνιος
1656 4195 1740 4250 ἐπὶ
1798 4195 1992 4272 ὀρέξει,

342 4279 538 4337 οὔκουν
572 4280 1003 4353 ἀντιλυπήσεως,
1037 4283 1066 4337 ’ὁ
1099 4279 1164 4351 δὴ
1200 4281 1438 4359 λέγεται,
1472 4282 1638 4362 ἀλγά,
1690 4286 1763 4347 ὡς
1813 4285 1996 4361 φαίνε-

339 4392 448 4442 ται,
481 4370 571 4425 καὶ
604 4372 831 4426 θανάτου
863 4371 1254 4448 ἀπαραιτήτου,
1287 4374 1403 4446 μεθ’
1434 4373 1494 4428 ’ὀν
1543 4373 1642 4428 οὐκ
1692 4371 1754 4429 ἃν
1813 4373 1994 4446 λυπή-

341 4481 485 4515 σεται
521 4461 549 4514 ὁ
579 4461 772 4515 θανών.
832 4461 1054 4517 Ὀποῖον
1088 4458 1152 4531 δὴ
1185 4460 1354 4525 πάθος
1386 4456 1530 4538 ἔχων
1572 4464 1785 4526 πάντως
1843 4465 1929 4519 καὶ
1966 4465 1994 4519 ὁ

344 4549 642 4623 Σαπρίκιος
699 4547 787 4604 ἐπὶ
840 4554 918 4622 τῷ
973 4550 1240 4626 ἀγαπητῷ
1288 4552 1613 4629 Νικηφὸρῳ,
1671 4552 1761 4607 καὶ
1819 4555 1991 4624 πάντη

343 4638 559 4700 πάντως
636 4637 687 4708 ἐξ
737 4639 929 4694 εαυτοῦ
991 4639 1237 4714 κυρώσας
1284 4639 1560 4695 ἀποικίσαι
1619 4642 1682 4696 τὸ
1731 4639 1992 4720 φιλάδελ-

344 4748 482 4804 φον,
551 4722 728 4782 ἓοικεν
783 4727 864 4783 ἀεὶ
911 4728 1004 4802 μὲν
1060 4727 1296 4805 ἐφίεσθαι
1359 4729 1565 4805 βλάψαι
1620 4730 1709 4784 τὸν
1763 4730 1991 4808 θεοφιλῆ

343 4817 683 4893 Νικηφόρον,
733 4817 809 4880 ὡς
858 4816 949 4871 καὶ
1000 4815 1050 4888 ἐξ
1100 4816 1393 4892 ἀνθρώπων
1440 4817 1600 4874 αὑτὸν
1634 4821 1832 4887 θέσθαι,
1892 4821 1994 4875 οὐκ

346 4905 396 4960 ἐν
425 4911 508 4979 τῷ
539 4903 740 4982 λέγειν’
795 4930 824 4959 ‹‹
872 4907 1014 4964 Πότε
1063 4908 1408 4972 ἀποθανεῖται
1461 4908 1550 4963 καὶ
1609 4909 1894 4965 ἀπολεῖται
1938 4908 2001 4965 τὸ

349 4995 526 5070 ὄνομα
547 4997 748 5069 αὐτοῦς
788 5021 815 5049 ››
846 4995 973 5055 ἀλλ’
1009 4996 1058 5054 ἐν
1088 5003 1168 5074 τῷ
1216 4999 1301 5055 κσὶ
1357 4997 1584 5074 μελετᾷν
1631 4999 1721 5056 καὶ
1749 4995 2000 5079 είίχεσθαι

347 5086 433 5142 καὶ
477 5085 718 5142 καίεσθαι
766 5089 863 5159 τὴν
911 5087 1140 5165 καρδίαν
1187 5088 1350 5146 αὐτου
1400 5091 1820 5169 προορωμένην,
1873 5092 2002 5149 πότε

345 5173 404 5230 ἂν
505 5177 720 5251 εὑρήσει
775 5178 1157 5256 ὀρωρυγμένον
1211 5181 1503 5256 βάραθρον,
1548 5181 1602 5236 ἐν
1651 5183 1697 5249 ᾧ
1743 5181 2001 5260 καταρρί-

345 5269 446 5340 ψας
479 5265 782 5345 ἀφαντώσει
813 5268 904 5323 τὸν
965 5266 1316 5344 μισούμενον,
1371 5267 1458 5325 καὶ
1508 5265 1696 5334 ἄλλως
1746 5269 2002 5349 αὐτοχει-

347 5356 437 5430 ρίᾳ
494 5361 772 5433 θανατηρᾷ
837 5357 921 5412 ἐπ’
982 5356 1142 5413 αὐτὸν
1215 5358 1502 5436 χρήσεται.
1555 5360 1651 5414 Καὶ
1710 5360 1769 5414 ἂν
1831 5359 2000 5418 πάλαι

343 5445 593 5500 τοιοῦτόν
624 5467 676 5500 τι
708 5446 1032 5518 πεποίηκεν,
1088 5446 1236 5521 εἷ’περ
1285 5445 1542 5518 ἠδύνατο.
1595 5449 1743 5504 Ἐπεὶ
1794 5449 1852 5505 δὲ
1900 5451 2003 5505 οὐκ

349 5534 492 5610 εἶχεν
537 5533 716 5610 ἰσχὺν,
778 5535 866 5590 οἷα
923 5539 1019 5591 τοῦ
1077 5535 1128 5591 ἰν
1179 5541 1296 5610 Θεῷ
1349 5536 1626 5612 εἷρηνικοῦ
1683 5539 1999 5619 Νικηφόρου

348 5621 456 5678 εἴτε
485 5621 778 5700 ῒσχύοντος
807 5625 882 5691 εις
915 5623 1083 5682 πλέον
1121 5626 1212 5682 καὶ
1257 5625 1696 5701 ὑπερπετομὲνου
1752 5630 2001 5708 εὐμηχά-

347 5732 456 5774 νως
484 5713 579 5775 τὰς
610 5711 814 5772 ἑκείνου
859 5711 1117 5792 παγίδας,
1157 5710 1344 5772 ἔπεττε
1388 5715 1479 5771 τὸν
1530 5713 1703 5793 χόλον
1754 5717 1995 5798 ἀποκρυ-

2095 3487 2233 3542 Mihi
2263 3491 2457 3542 autem
2485 3486 2544 3541 in
2579 3489 2842 3540 mentem
2872 3483 3030 3539 venit
3057 3498 3213 3537 nunc
3240 3481 3525 3552 dispicere
3570 3494 3759 3551 quan-

2099 3581 2221 3632 tum
2253 3576 2331 3632 sit
2360 3575 2579 3630 malum
2606 3573 2806 3629 odium
2824 3569 3551 3644 pertinax,quaequesit,ex
3569 3567 3760 3639 ipsius

2097 3669 2328 3734 natura,
2359 3663 2713 3719 conveniens
2745 3662 2796 3716 ei
2828 3660 3112 3716 deﬁnitio.
3146 3659 3359 3713 Odium
3419 3655 3758 3713 istiusmodi

2097 3770 2212 3810 non
2243 3769 2312 3808 ea
2343 3742 2432 3808 est
2461 3751 2781 3824 pertinacia
2799 3767 2923 3821 quas
2944 3747 3228 3804 ultionem
3245 3745 3569 3818 quamlibet
3587 3745 3760 3801 modo

2097 3841 2280 3915 petit:
2314 3858 2449 3896 nam
2483 3855 2842 3911 quaecunque
2891 3837 2978 3892 ira
3034 3836 3189 3892 idem
3246 3834 3361 3890 sibi
3420 3832 3566 3899 vult,
3621 3849 3759 3888 cum

2098 3933 2175 3989 sit
2231 3932 2318 3988 ira
2378 3934 2573 3985 motus
2626 3926 2809 3984 animi
2866 3925 3086 3982 malum
3121 3941 3226 3997 pro
3256 3922 3410 3978 malo
3443 3923 3760 3993 rependere

2098 4021 2416 4094 cupientis,
2448 4019 2603 4091 quod
2637 4021 2861 4074 veteres
2893 4013 3229 4088 philosophi
3278 4013 3509 4069 docent.
3565 4011 3756 4066 Habe-

2097 4116 2194 4168 tur
2249 4110 2450 4168 odium
2508 4106 2772 4179 pertinax
2801 4105 2917 4177 {ira
2949 4105 3216 4177 quaedam
3249 4118 3622 4174 permanens,
3657 4117 3761 4156 ne-

2099 4201 2432 4271 fandusque
2483 4197 2646 4252 furor
2703 4212 2818 4268 quo
2878 4198 3248 4266 exoptamus,
3298 4209 3414 4247 non
3475 4190 3648 4246 modo
3700 4189 3762 4244 id

2099 4289 2250 4360 quod
2313 4287 2533 4341 dictum
2593 4289 2701 4350 est,
2754 4300 2860 4356 par
2888 4282 3012 4354 pari
3044 4281 3440 4350 referendum,
3472 4280 3572 4334 sed
3607 4295 3762 4334 mor-

2100 4383 2217 4433 tem
2251 4376 2426 4432 etiam
2456 4372 2914 4447 implacabilem,
2947 4371 3005 4426 in
3053 4387 3170 4443 qua
3228 4369 3355 4426 sola
3411 4367 3498 4422 vir
3556 4368 3763 4423 defun-

2102 4472 2230 4523 ctus
2263 4481 2566 4539 paenarum
2600 4463 2777 4519 ﬁnem
2807 4459 3235 4517 inveniat.Cum
3269 4454 3765 4530 igiturSapricius

2100 4555 2235 4612 talis
2270 4572 2507 4627 prorsus
2539 4553 2735 4608 animo
2766 4549 2994 4607 essetin
3013 4547 3325 4604 amabilem
3361 4543 3765 4617 Necephorum

2104 4651 2276 4718 atque
2303 4644 2454 4716 apud
2491 4660 2553 4699 se
2600 4641 2879 4698 omnibus
2937 4637 3126 4694 modis
3183 4633 3501 4691 consilium
3561 4633 3760 4687 ﬁrma-

2102 4735 2284 4789 visset
2307 4733 2574 4788 fraterna:
2606 4729 2866 4785 caritatis
2899 4723 3473 4800 projiciendsafvisus
3505 4725 3594 4778 est
3618 4737 3762 4776 con-

2101 4823 2265 4879 tinuo
2283 4824 2578 4893 expertere
2597 4818 2884 4890 quidquid
2905 4816 2999 4889 pio
3017 4813 3340 4886 Nicephoro
3355 4811 3593 4868 noxium
3608 4813 3764 4867 esset

2110 4917 2286 4983 atque
2315 4910 2494 4966 etiam
2522 4907 2672 4965 velle
2701 4923 2836 4964 eum
2869 4923 2937 4964 ex
2991 4903 3304 4960 hominum
3361 4918 3606 4962 numero
3665 4917 3764 4958 se-

2110 5007 2413 5079 gregatum
2474 5018 2487 5059 :
2551 5017 2667 5060 non
2726 4998 2879 5074 quod
2916 4995 3061 5056 nihil
3095 4995 3254 5054 aliud
3285 5014 3462 5070 quam
3496 4995 3713 5052 diceret
3745 5009 3761 5052 :

2111 5119 2139 5146 ‹‹
2171 5096 2412 5163 Quando
2444 5093 2728 5150 morietur
2756 5097 2812 5149 et
2844 5091 3053 5164 peribit
3085 5104 3295 5144 nomen
3357 5085 3525 5159 ejus?
3570 5107 3597 5136 »
3661 5084 3765 5140 sed

2111 5185 2266 5257 quod
2325 5189 2381 5240 et
2427 5183 2866 5240 machinaretur
2922 5182 3254 5250 exoptatam
3316 5175 3653 5248 perniciem,
3710 5176 3768 5229 et

2113 5274 2306 5330 animo
2361 5273 2797 5338 incenderetur,
2857 5269 2905 5325 si
2960 5268 3104 5323 forte
3163 5266 3424 5320 hiantem
3475 5263 3768 5337 gurgitem

2112 5363 2505 5437 prospexisset
2535 5379 2648 5434 quo
2691 5361 2985 5431 dejectum
3044 5355 3347 5410 inimicum
3405 5354 3765 5424 reconderet,

2111 5459 2168 5509 et
2223 5458 2498 5510 caeterum
2548 5451 2598 5506 is
2630 5455 2786 5506 esset
2817 5447 2916 5521 qui
2950 5447 3073 5518 ipse
3105 5445 3164 5499 in
3196 5459 3328 5499 eum
3361 5442 3644 5498 violentas
3675 5441 3766 5497 in-

2109 5543 2284 5598 ferret
2309 5540 2705 5612 manus;quod
2731 5540 2856 5610 jam
2883 5536 3107 5609 pridem
3128 5533 3435 5604 fecisset,si
3453 5532 3766 5605 potuisset.

2108 5635 2184 5686 At
2213 5630 2488 5703 quoniam
2531 5645 2647 5686 non
2707 5630 2957 5700 poterat,
3014 5622 3104 5680 vel
3164 5622 3318 5695 quod
3375 5621 3762 5694 Nicephorus,

2108 5718 2317 5778 divina
2369 5717 2532 5792 pacis
2588 5733 2818 5786 amans,
2874 5713 3099 5772 viribus
3126 5714 3450 5786 prastaret,
3493 5710 3582 5770 vel
3613 5725 3764 5784 quo-
