4114 6200
358 330 473 389 56⁵7

1131 326 1555 389 EUSTATHII
1597 323 2363 386 THESSALONIGENSIS
2409 324 2994 387 METROPOLITE

3648 330 3777 390 568

344 463 519 522 facile
550 457 979 532 praetervolant
999 458 1123 528 ejus
1154 458 1413 530 laqueos,
1437 459 1586 514 iram
1613 456 1909 530 Sapricius
1937 454 1997 512 in

2140 453 2376 528 ιτόμενον
2402 455 2456 510 ἐν
2501 451 2718 530 καρδίᾳ,
2765 453 2855 508 καὶ
2907 452 3164 508 ἐλάνθανε
3219 453 3366 530 τάχα
3417 454 3636 518 πάντας.
3664 457 3772 512 Καὶ

352 552 524 610 corde
550 547 1146 618 reconditam,insciis
1178 548 1440 603 forsitam
1471 547 2003 613 omnibus,exerce-

355 640 762 704 bat.Quamvis
793 654 928 710 ergo
960 655 1072 708 prae
1103 654 1164 692 se
1195 638 1340 692 feret
1368 636 1474 691 viri
1509 637 1695 692 sancti
1725 634 2004 707 speciem,

355 731 789 801 videreturque,
822 732 1020 796 utpote
1051 743 1251 782 ramus
1281 743 1350 782 ex
1374 727 1578 781 arbore
1608 741 1880 797 surgens,
1903 724 2005 778 bo-

358 837 505 877 num
571 819 758 874 facere
825 817 1102 884 fructum,
1153 816 1400 887 ideoque
1448 813 1711 870 delectus
1753 818 1908 870 esset
1935 813 2006 867 ad

360 907 720 964 offerendum
751 905 866 961 Deo
899 904 1252 960 sacrificium
1298 905 1772 974 edocendamque
1820 901 2010 957 chari-

358 1001 566 1063 tatem,
621 996 746 1067 ipse
802 994 1181 1050 manifestum
1213 994 1374 1049 dedit
1402 1011 1464 1049 se
1493 1009 1622 1048 esse
1652 1009 1767 1048 non
1799 991 2012 1047 marci-

361 1088 502 1142 dum
532 1101 788 1156 ramum,
823 1084 925 1139 sed
955 1083 1274 1139 acanthum
1305 1081 1620 1138 infelieem.

428 1176 484 1232 6.
517 1178 660 1230 Cum
719 1173 900 1244 igitur
951 1171 1290 1228 istiusmodi
1350 1175 1503 1226 esset
1557 1169 1854 1242 Sapricius
1915 1168 2013 1240 qui

360 1264 600 1320 fratrem
634 1267 938 1334 tantopere
969 1260 1208 1329 odisset,
1230 1259 1329 1333 qui
1362 1259 1538 1315 vitam
1569 1260 1696 1330 ejus
1728 1263 2014 1330 quantum

361 1353 494 1408 odio
525 1352 737 1406 licebat
765 1349 1138 1421 opprimeret,
1185 1349 1284 1420 qui
1341 1348 1394 1403 ei
1449 1347 1654 1403 saltem
1710 1347 2016 1402 insidiare-

363 1445 479 1511 tur,
514 1440 732 1512 quique
782 1438 931 1494 elam
994 1438 1094 1492 Dei
1150 1437 1476 1493 ministerio
1532 1435 1822 1501 illuderet,
1883 1435 2017 1506 quis

367 1528 724 1585 existimabit
775 1532 953 1582 Deum
1014 1527 1072 1580 in
1133 1543 1199 1581 eo
1252 1520 1631 1593 habitavisse,
1689 1542 1792 1580 nec
1822 1524 2017 1595 potius

370 1618 671 1674 diabolum
706 1617 862 1672 hunc
892 1633 995 1688 pro
1028 1616 1199 1670 domo
1231 1611 1548 1670 habuisse?
1580 1614 1834 1669 Profecto
1886 1613 2019 1684 qui-

367 1707 456 1762 vis
511 1707 688 1763 homo
739 1723 892 1761 sanaa
952 1705 1184 1774 mentis,
1243 1703 1294 1758 si
1342 1704 1495 1774 quod
1528 1704 1738 1758 attinet
1767 1704 1837 1758 ad
1864 1703 2018 1758 hunc

2115 541 2286 598 δοκῶν
2329 544 2388 599 ἐκ
2435 547 2533 600 τοῦ
2581 543 3026 620 προφαινομένου
3073 543 3218 618 ἱερὸς
3269 541 3556 618 ἅνθρωπος
3612 546 3774 615 εἶναι,

2114 633 2202 686 καὶ
2235 633 2312 694 εἰς
2344 630 2559 705 δίνδρον
2587 631 2924 699 ἀνεστάσθαι,
2955 631 3092 686 κατὰ
3115 633 3176 686 τὸ
3207 658 3235 684 ‹‹
3286 631 3479 688 ποιοῦν
3529 633 3702 690 καλὸν
3740 659 3773 687 υ

2115 716 2183 795 (ὦ
2211 722 2310 797 γὰρ
2343 723 2423 777 ὅτι
2454 722 2542 776 καὶ
2577 721 2652 782 εἷς
2686 721 2850 791 θύτην
2872 725 2951 792 τῷ
2978 725 3094 792 Θεῷ
3115 720 3408 798 ἐγέγραπτο
3439 725 3529 777 καί
3554 724 3776 800 ἀγάπης

2118 807 2463 884 διδάσκαλον)
2493 844 2560 852 -
2592 811 2620 864 ὁ
2652 808 2708 865 δὲ
2739 811 2984 886 ἐξέφηνεν
3019 811 3206 866 ἐαυτὸν
3243 809 3371 868 οὐδὲ
3418 814 3771 889 σαπροφόρον

2119 898 2346 974 θάμνον,
2374 899 2520 955 ἀλλὰ
2564 896 2827 975 δυςτυχές
2854 899 3123 965 ἀκάνθιον.

2194 1168 2258 1232 ς’.
2301 1167 2552 1240 Τοιούτῳ
2599 1171 2730 1242 γοῦν
2779 1167 3075 1241 ἀνθρώπῳ,
3115 1167 3202 1222 καὶ
3256 1165 3398 1224 οὕτω
3451 1165 3784 1247 μισαδέλφῳ

2122 1257 2212 1311 καὶ
2245 1261 2448 1334 φονικῷ
2477 1255 2544 1311 τὰ
2573 1254 2627 1318 ἐς
2679 1255 2878 1333 ἔχθραν
2939 1258 3146 1332 ψυχῆς,
3193 1256 3282 1311 καὶ
3337 1252 3644 1331 ἐπιϐοόλῳ,
3689 1261 3781 1314 καὶ

2121 1345 2504 1414 καταπαίζοντι
2537 1344 2716 1422 κρύφα
2753 1352 2850 1415 τῆς
2899 1349 3000 1399 τοῦ
3049 1349 3184 1400 Θεοῦ
3221 1345 3524 1422 θεραπείας,
3583 1347 3670 1408 τίς
3720 1346 3782 1402 ἂν

2125 1432 2367 1504 οἲίήσεται
2395 1435 2489 1489 τὸν
2519 1433 2646 1488 Θεὸν
2677 1432 3033 1507 ἐγκατοικεῖν,
3060 1433 3149 1488 καὶ
3181 1436 3256 1506 μή
3300 1433 3559 1508 δαίμονος
3614 1436 3784 1506 οἴκη-

2121 1525 2313 1599 τήριον
2358 1523 2492 1577 είναι
2545 1522 2744 1591 αὐτόν;
2794 1525 2862 1576 ’Ἡ
2920 1522 3134 1585 πάντως
3164 1521 3340 1586 οὐδεὶς
3371 1524 3619 1602 ἐχέφρων
3679 1523 3786 1580 ἀλ-

2126 1610 2279 1666 λοῖόν
2311 1633 2361 1665 τι
2395 1612 2518 1687 περὶ
2546 1615 2643 1666 τοῦ
2671 1611 2926 1666 τοιούτου
2961 1613 3260 1685 Σαπρικίου
3293 1612 3585 1688 λογιεῖται,
3637 1616 3783 1688 πρὸς

2128 1695 2400 1774 ἀκρίϐειαν
2481 1699 2889 1774 διανοούμενος,
2967 1703 3175 1778 μακρὰν
3254 1702 3359 1757 ἀπὸ
3430 1703 3785 1779 ἁμαρτωλῶν

370 1795 696 1869 Sapricium
753 1793 1062 1864 diligenter
1115 1791 1501 1864 pcrpenderit,
1534 1792 1614 1846 ita
1645 1792 1874 1861 colliget
1907 1810 1920 1859 ;
1957 1795 2020 1847 ut

2140 1789 2307 1862 ὥσπερ
2338 1791 2437 1858 τὴν
2465 1794 2560 1844 τοῦ
2592 1793 2726 1844 Θεοῦ
2773 1790 3062 1866 σωτηρίαν,
3097 1791 3238 1845 οὕτω
3269 1792 3358 1845 καὶ
3426 1791 3587 1848 αὐτὸν
3647 1792 3789 1846 ἐκεῖ·

370 1885 573 1960 procul
607 1902 639 1938 a
670 1883 1074 1956 peccatoribus
1106 1881 1272 1936 abest
1302 1880 1403 1936 Dei
1434 1881 1618 1949 salus,
1672 1881 1754 1936 sic
1813 1881 2017 1936 abesse

372 1981 428 2032 et
482 1974 678 2046 ipsum
715 1972 922 2040 Deum,
954 1986 1288 2041 quanquam
1321 1974 1594 2024 caeterum
1628 1970 1844 2040 ubique
1875 1987 2020 2041 prae-

369 2068 617 2120 sentem.
651 2059 898 2115 Proinde
929 2062 1120 2114 ratum
1154 2058 1478 2113 habeamus
1510 2074 1615 2113 nec
1673 2058 1857 2114 Deum
1916 2059 2019 2113 Sa-

369 2151 621 2224 pricium
678 2147 1024 2218 martyrium
1076 2147 1376 2202 ineuntem
1409 2147 1726 2217 adjuvisse,
1760 2164 1863 2202 nec
1893 2147 2021 2218 ejus

373 2239 622 2309 gratiam
652 2237 704 2293 ei
735 2237 1096 2309 praeluxisse,
1151 2252 1256 2292 nec
1304 2241 1419 2290 Deo
1478 2239 1781 2308 acceptum
1841 2236 2024 2291 fuisse

370 2327 613 2401 Sapricii
644 2331 960 2382 certamen.
985 2325 1184 2380 Fiebat
1213 2325 1368 2380 enim
1401 2329 1467 2378 ut
1497 2326 1596 2396 qui
1630 2342 1807 2397 prope
1839 2325 2021 2380 Deum

375 2418 612 2474 stabant
669 2417 790 2470 haec
843 2415 914 2471 ab
970 2416 1096 2485 ejus
1152 2431 1250 2469 ore
1307 2413 1585 2470 distincta
1637 2413 2023 2486 exciperent:

380 2527 409 2558 «
467 2507 568 2561 llic
626 2505 802 2560 homo
851 2521 944 2559 me
974 2503 1154 2558 labris
1184 2508 1412 2558 tantum
1448 2502 1605 2571 colit,
1642 2504 1742 2558 sed
1773 2520 1870 2558 cor
1899 2504 2028 2574 ejus

378 2595 551 2668 longe
582 2601 670 2650 est
700 2612 733 2648 a
765 2609 856 2648 me
887 2595 928 2648 ³.
959 2611 984 2641 ο
1022 2593 1170 2663 Ergo
1219 2591 1539 2663 Sapricius,
1599 2592 1698 2662 qui
1757 2592 1858 2646 uni
1915 2591 2029 2648 sibi

377 2685 633 2752 vivebat,
687 2683 784 2754 qui
844 2699 1029 2737 unum
1079 2681 1318 2752 quidem
1353 2698 1435 2747 se,
1471 2697 1584 2736 non
1619 2685 1811 2736 autem
1850 2686 2028 2736 Deum

379 2773 699 2845 diligebatt,
761 2772 833 2826 ob
890 2770 946 2825 id
1006 2770 1201 2842 ipsum
1260 2769 1492 2825 carnale
1549 2770 1794 2841 quodvis
1843 2769 2030 2826 factus

378 2867 467 2918 est
496 2860 833 2932 animalque
866 2876 1042 2915 sensu
1075 2875 1379 2929 carens,ne
1408 2858 1739 2930 gregarium
1768 2859 2028 2930 quidem,

380 2951 482 3006 sed
515 2949 661 3021 ipsis
695 2949 859 3020 pejus
905 2947 1210 3020 gregariis,
1267 2951 1464 3017 utpote
1521 2965 1635 3002 non
1697 2949 2031 3004 mansuefa-

382 3045 578 3106 ctum;
640 3038 858 3110 quippe
887 3054 957 3092 ex
987 3053 1100 3108 quo
1133 3036 1177 3091 si
1209 3052 1427 3091 cornua
1459 3037 1743 3092 miraculo
1775 3039 2031 3108 quodam

381 3144 679 3201 unguesve
709 3126 921 3181 adunci
979 3125 1313 3196 exivissent,
1376 3130 1615 3197 paratus
1671 3126 1879 3181 fuisset
1933 3143 2033 3182 eos

382 3215 790 3289 impingere'in
825 3219 1225 3270 occurrentem
1258 3213 1562 3269 inimicum
1621 3215 2031 3286 Nicephorum,

384 3323 558 3378 quem
610 3305 954 3360 dilaceraret
1000 3309 1102 3360 aut
1130 3309 1376 3368 voraret,
1409 3310 1484 3374 et,
1517 3303 1568 3358 si
1599 3321 1731 3359 cum
1766 3305 1908 3360 forte
1940 3322 2035 3360 so-

382 3394 507 3455 lum
537 3391 878 3461 invenisset,
911 3407 1050 3448 ense
1089 3392 1294 3447 stricto
1351 3392 1521 3446 morti
1580 3392 1830 3448 tradere.
1891 3393 2034 3448 Cum

387 3486 581 3538 autem
615 3481 760 3535 vidit
818 3480 974 3535 hunc
1024 3497 1195 3550 quem
1255 3481 1457 3535 oderat
1515 3481 1748 3536 beatum
1800 3481 1870 3536 ad
1931 3483 2034 3537 bo-

386 3587 530 3625 num
588 3569 760 3624 finem
794 3567 1024 3638 abduci,
1058 3572 1115 3623 et
1143 3569 1406 3639 suspexit
1433 3584 1603 3624 enses
1634 3569 1906 3637 nudatos,
1937 3587 2035 3624 vo-

386 3659 518 3729 luit,
551 3662 616 3713 ut
646 3674 780 3712 eum
811 3657 946 3712 inde
994 3656 1287 3721 evelleret,
1343 3657 1578 3728 propria
1634 3675 1812 3712 manu
1871 3675 2036 3713 arma

386 3749 534 3804 ferre
590 3747 874 3803 adversus
919 3745 1085 3800 illum
1119 3763 1249 3802 vere
1279 3745 1670 3817 Nicephorum
1703 3747 1828 3818 ipse
1859 3746 2035 3802 homo

386 3835 841 3907 abjectissimus,
873 3835 1154 3890 adversus
1207 3840 1580 3890 mansuetam
1641 3840 1814 3906 atque
1865 3836 2036 3890 inno-

386 3941 557 3980 cnam
589 3940 752 3979 ovem
785 3923 910 3994 ipse
941 3922 1270 3979 ferissimus
1302 3922 1500 3996 lupus,
1533 3925 1814 3980 adversus
1846 3925 2034 3979 virum

390 4016 502 4068 Deo
535 4012 963 4068 amicissimum
996 4012 1121 4083 ipse
1174 4017 1286 4068 Deo
1335 4029 1578 4084 prorsus
1635 4013 1881 4084 invisus,
1932 4015 2037 4069 ad-

385 4118 592 4156 versus
648 4099 1172 4172 diligentissimum
1205 4101 1453 4156 fratrum
1486 4101 1726 4157 Abelem
1760 4101 1886 4173 ipse
1912 4119 2038 4158 om-

387 4190 528 4246 nino
557 4188 933 4245 exsecrabilis
963 4188 1198 4245 Cainus.
1233 4190 1374 4244 Cum
1417 4195 1610 4245 autem
1671 4207 1785 4246 non
1844 4195 2042 4262 posset

386 4296 696 4352 percussor
738 4279 864 4351 ipse
895 4279 1041 4346 ﬁeri;
1074 4279 1146 4334 ad
1178 4279 1436 4351 pessima
1466 4296 1780 4336 conversus
1810 4280 1893 4336 sic
1924 4281 2041 4336 fere

385 4368 1095 4441 Nicephoroimprecatus
1127 4374 1217 4423 est
1276 4385 1289 4422 :
1350 4391 1378 4417 «
1435 4368 1538 4422 Hic
1594 4369 1752 4435 ades,
1814 4370 2039 4425 daemon

381 4457 838 4522 homicidarum,
871 4457 1108 4512 nomine
1133 4457 1305 4512 amici
1340 4457 1423 4511 tui
1455 4457 1719 4528 Sapricii,
1781 4463 1838 4512 et
1889 4456 2039 4513 clam

2127 1899 2214 1932 vov
2264 1879 2414 1949 εἶναι,
2448 1879 2490 1932 εἰ
2522 1877 2610 1933 καὶ
2638 1874 2827 1940 ἄλλως
2874 1884 3152 1954 πανταχοῦ
3203 1881 3447 1952 πάρεστι.
3503 1882 3596 1936 Διὸ
3647 1903 3786 1952 νοη-

2123 1966 2266 2039 τίον,
2300 1968 2375 2031 ὡς
2419 1968 2528 2036 καὶ,
2579 1965 2668 2022 ὅτε
2711 1970 2810 2036 τῆς
2857 1968 3152 2044 μαρτυρίας
3200 1971 3226 2024 ὁ
3261 1971 3561 2044 Σαπρίκιος
3618 1969 3789 2045 ἐνήρ-

2129 2056 2275 2127 ξατο,
2307 2055 2405 2110 οὐκ
2428 2055 2494 2124 ἧν
2527 2059 2638 2128 μετ’
2671 2055 2834 2110 αὐτοῦ
2867 2057 2893 2110 ὁ
2925 2057 3076 2128 Θεὸς,
3135 2055 3260 2112 ούδέ
3288 2061 3323 2128 ἡ
3359 2057 3566 2114 ἐκείνου
3616 2060 3788 2136 χάρις

2130 2145 2276 2218 αὐτῷ
2300 2143 2626 2218 ἀνέλαμπεν,
2658 2141 2782 2199 ούδὶ
2829 2143 3125 2221 ἀπεδέχετο
3175 2147 3264 2201 τὸν
3319 2147 3523 2204 ἐκείνου
3579 2149 3787 2225 ἀγῶνα·

2131 2235 2198 2303 ἦν
2254 2231 2311 2288 δὲ
2339 2233 2466 2296 τοὺς
2498 2234 2814 2308 ἐγγίζοντας
2840 2239 2918 2307 τῷ
2948 2240 3066 2307 Θεῷ
3098 2235 3312 2291 ἀκούειν
3349 2236 3400 2308 ἐξ
3431 2237 3599 2293 αὐτοῦ
3649 2237 3793 2294 ἐκεί-

2133 2346 2227 2378 νου
2258 2321 2739 2391 ἀποκαλυπτικῶς,
2794 2323 2875 2376 ὅτι
2936 2348 2964 2375 ‹‹
2997 2325 3057 2380 Ὁ
3105 2323 3391 2399 ἅνθρωπος
3451 2327 3610 2389 οὗτος
3673 2333 3793 2389 τοῖς

2135 2412 2347 2488 χείλεσί
2399 2433 2465 2484 με
2511 2416 2664 2484 τιμᾷ,
2699 2414 2733 2481 ἡ
2762 2408 2820 2466 δὲ
2870 2409 3066 2487 καρδία
3123 2413 3286 2468 αὐτοῦ
3327 2414 3516 2490 πορῥω
3548 2416 3790 2493 ἀφέστη-

2135 2523 2223 2556 κεν
2258 2501 2348 2555 ἀπ’
2379 2500 2540 2573 ἐμοῦ,
2578 2500 2740 2556 »Καὶ
2787 2501 2968 2556 τοίνυν
3016 2502 3322 2575 καταμόνας
3379 2505 3666 2579 ἄνθρωπος
3714 2502 3791 2559 ὣν

2139 2591 2166 2644 ὁ
2200 2596 2519 2665 Σαπρικιος,
2547 2589 2637 2643 καὶ
2665 2588 2942 2667 φίλαυτος,
3014 2591 3074 2645 ού
3111 2592 3220 2664 μὴν
3272 2589 3551 2668 φιλόθεος,
3599 2595 3690 2648 καὶ
3723 2591 3793 2648 δι’

2138 2677 2267 2732 αὐτὸ
2297 2679 2422 2752 σὰρξ
2453 2680 2487 2747 ἡ
2536 2682 2798 2753 τυχοῦσα,
2847 2678 2936 2732 καὶ
2987 2678 3276 2754 ἀλόγιστον
3331 2685 3468 2750 ζῶον
3523 2683 3612 2736 καὶ
3667 2681 3795 2738 οὐδὲ

2140 2764 2414 2841 ἀγελαῖον,
2471 2771 2657 2841 χεῖρον
2717 2763 2774 2819 δέ
2797 2787 2850 2820 τι
2880 2765 2969 2820 καὶ
2997 2772 3103 2822 τῶν
3135 2767 3399 2823 τοιούτων
3435 2767 3522 2824 διὰ
3550 2771 3616 2826 τὸ
3666 2771 3800 2842 ἀνή-

2145 2875 2330 2928 μερον,
2393 2853 2627 2928 ἑτοίμως
2701 2855 2869 2930 εἶχεν,
2937 2853 3085 2932 εἶ’περ
3146 2855 3305 2932 κέρας
3369 2857 3589 2935 ἐκφύσει
3645 2881 3803 2932 τερα-

2143 2944 2331 3014 στίως,
2389 2942 2423 3011 ἢ
2481 2943 2807 3018 γαμψωθείη
2866 2943 2993 3005 τοὺς
3051 2944 3290 3022 ὄνυχας,
3349 2945 3627 3012 ἐπιθέσθαι
3686 2971 3800 3004 πα-

2146 3032 2431 3106 ραπεσόντι
2485 3035 2562 3103 τῷ
2618 3030 2801 3108 ἐχθρῷ
2853 3032 3157 3111 Νικηφόρῳ
3221 3036 3308 3089 καὶ
3391 3036 3650 3114 ἐμφῦναι,
3731 3040 3806 3100 ὡς

2147 3117 2501 3194 διασπαράξαι
2559 3119 2741 3190 αὐτὸν,
2795 3122 2830 3192 ἢ
2883 3128 3229 3197 καταφαγεῖν,
3287 3125 3374 3178 καὶ
3432 3123 3584 3202 ξίφος
3637 3123 3698 3181 δὲ
3752 3126 3805 3182 εἷ’

2145 3230 2250 3262 που
2302 3210 2686 3284 χειρισάμενος
2740 3208 3080 3285 ἐρημάζοντα
3137 3212 3338 3267 ἐκεῖνον
3396 3214 3524 3290 εὕρῃ
3555 3259 3569 3282 ,
3631 3237 3802 3270 κατα.-

2144 3303 2388 3374 σφαγεῖν.
2441 3298 2529 3359 Ὠς
2559 3295 2625 3367 δὴ
2658 3297 3006 3374 ἀπαγόμενον
3040 3298 3094 3360 ἐς
3127 3299 3320 3375 ἀγαθὰν
3347 3300 3508 3365 τέλος
3542 3301 3651 3359 εἶδε
3704 3307 3798 3360 τὸν

2148 3385 2499 3459 μισούμενον,
2530 3382 2792 3459 ἀνέϐλεψε
2822 3384 2878 3441 δὲ
2925 3387 3012 3442 καὶ
3064 3387 3140 3451 εἷς
3190 3391 3315 3468 ξίφη
3368 3393 3563 3467 γυμνὰ,
3626 3391 3796 3463 ἤθελε

2149 3477 2242 3548 μὲν
2304 3472 2588 3550 ἁρπάγδην
2638 3475 2833 3530 ἐκεῖθεν
2912 3476 3170 3553 αὐτόχειρ
3225 3479 3607 3556 ὁπλοφορῆσαι
3657 3483 3796 3538 κατά

2142 3571 2239 3620 τοῦ
2270 3565 2602 3642 φερωνύμως
2660 3564 2975 3642 Νικηφόρου
3014 3567 3042 3620 ὁ
3079 3566 3475 3643 ἀγεννὲστατος,
3532 3573 3670 3626 κατὰ
3699 3576 3795 3627 τοῦ

2144 3655 2473 3730 χειροήθους
2523 3655 2621 3722 τήν
2668 3652 2889 3708 ἀκακίαν
2959 3653 3148 3710 κτίλου
3190 3657 3218 3710 ὁ
3281 3657 3610 3731 μονόλυκος,
3662 3660 3798 3716 κατᾶ

2145 3747 2239 3798 τοῦ
2271 3739 2607 3820 φιλαδὲλφου
2657 3737 2828 3797 Ἀϐελ
2882 3743 2909 3797 ὁ
2952 3744 3308 3818 παμμίσητος
3362 3749 3515 3803 Κάϊν.
3564 3751 3696 3807 Ὀτι
3744 3748 3799 3804 δὲ

2147 3834 2246 3886 ούκ
2297 3833 2439 3906 εἶχεν
2517 3829 2773 3901 αὐθέντης
2847 3833 3090 3908 γενέσθαι
3153 3834 3333 3907 αὐτὸς,
3386 3838 3640 3909 τρέπεται
3699 3841 3797 3908 τήν

2145 3920 2450 3995 χειρίστην,
2497 3919 2585 3973 καὶ
2635 3919 2710 3983 ὡς
2759 3920 2869 3974 οῖον
2916 3919 3355 3996 ἐπαρασάμενος·
3406 3948 3434 3976 ‹‹
3483 3930 3656 4002 Δεῦρο
3708 3925 3798 4000 δή,

2149 4006 2192 4062 ὦ
2225 4007 2375 4085 φόνιε
2435 4005 2649 4080 δαῖμον,
2708 4008 2843 4082 πρὸς
2892 4014 2988 4064 τοῦ
3037 4008 3201 4086 φίλου
3236 4014 3538 4088 Σαπρικίου
3572 4015 3804 4090 γενόμε-

2146 4118 2258 4169 νος,
2324 4097 2545 4168 ὑπεξελε
2599 4096 2659 4150 τὸ
2716 4103 2816 4167 τῆς
2874 4097 3162 4176 Θεοφιλοὺς
3221 4101 3438 4176 ἀγάπης
3469 4104 3788 4179 Νικηφόρον

2147 4189 2242 4240 τοῦ
2301 4189 2418 4259 ζῇν·
2469 4185 2542 4247 ὡς
2592 4183 2651 4238 ἃν
2717 4186 2878 4253 μάθοι
2936 4185 3034 4241 οὐκ
3061 4184 3320 4243 ἀδύνατον
3351 4189 3485 4245 εἶναί
3517 4213 3574 4246 σε
3633 4214 3800 4248 κακο-

2148 4279 2345 4342 ποιεῖν,
2407 4274 2480 4336 ὡς
2535 4270 2818 4347 ψεύδεσθαι
2861 4274 2953 4329 τὸν
3002 4274 3328 4351 ἀρχέκακον.
3376 4303 3403 4331 ››
3455 4279 3636 4345 Αὐτὸς
3698 4283 3792 4354 μὶν

2150 4363 2359 4442 ἀφίεται
2426 4361 2670 4439 θεράπων
2738 4361 2980 4440 γενέσθαι
3046 4365 3306 4442 τυράννου
3380 4363 3800 4443 δεδουλωμένοι)

2148 4457 2227 4524 τῷ
2259 4450 2498 4525 δαίμονι,
2531 4451 2622 4506 τὸν
2657 4449 2714 4506 δὲ
2737 4454 3182 4530 νικηφορήσαντα
3237 4457 3353 4510 κατ’
3390 4457 3598 4534 ἀμφοῖν
3635 4481 3803 4537 παρα-

383 4546 569 4604 exime
624 4546 743 4601 vita
787 4545 945 4600 hunc
974 4543 1368 4616 Nicephorum
1392 4544 1486 4599 cui
1518 4545 1697 4600 cessit
1727 4545 1923 4617 palma
1952 4546 2026 4601 di-

2151 4541 2354 4616 πέμπει
2408 4539 2764 4617 ἀντάλλαγμα
2814 4539 3102 4616 κερδαλὲον
3154 4549 3236 4617 τῷ
3290 4547 3504 4601 πάντων
3561 4535 3802 4623 βασιλεῖ,

384 4637 544 4693 lectae
577 4641 688 4691 Deo
721 4633 1050 4700 charitatis,
1083 4637 1148 4688 ut
1173 4634 1322 4689 sciat
1352 4640 1406 4688 te
1438 4651 1553 4689 non
1603 4650 1732 4690 esse
1780 4636 2038 4691 nocendo

381 4724 692 4796 imparem,
754 4723 856 4794 qui
913 4721 974 4776 in
1021 4721 1362 4793 decipienda
1394 4723 1666 4795 princeps
1698 4723 1800 4779 sis.
1835 4745 1862 4773 »
1895 4723 2041 4780 Hinc

385 4829 599 4886 passus
629 4817 718 4868 est
749 4828 812 4867 se
857 4810 1095 4882 quidem
1158 4826 1391 4866 servum
1451 4811 1576 4866 ﬁeri
1633 4815 1881 4885 tyranno
1940 4813 2040 4885 qui

383 4903 512 4974 ipse
565 4906 782 4956 satanze
836 4900 1212 4970 ineerviebat,
1272 4900 1666 4972 Nicephorum
1726 4906 1923 4958 autem
1971 4903 2042 4958 de

386 4989 616 5047 duobus
647 4989 1102 5060 triumphantem
1127 4987 1284 5044 mitti
1301 4990 1370 5044 ad
1393 5005 1589 5062 regem
1609 4990 2040 5058 universorum,

386 5079 480 5137 cui
511 5081 915 5148 compensaret
945 5077 1195 5133 incolam
1229 5094 1332 5148 pro
1363 5079 1678 5134 deterrimo
1729 5080 2040 5151 optimum,

2152 4631 2395 4687 οἷ’κέτονυ
2450 4629 2660 4709 φαύλου
2723 4631 2964 4706 χρηστὸν
3028 4631 3337 4707 ἀντίσηκον,
3388 4634 3648 4707 ἀλήθειαν
3686 4639 3802 4694 ἀντὶ

2153 4721 2509 4794 ὑποκρίσεως,
2571 4721 2756 4799 φιλίας
2804 4723 3076 4802 τρόφιμον
3135 4724 3253 4781 ἀντὶ
3313 4728 3545 4801 Θρεπτοῦ
3601 4733 3674 4804 τῇ
3711 4730 3805 4807 ἐχ.

2150 4814 2269 4888 θρᾳ,
2304 4809 2510 4866 ἁπλοῦν
2545 4810 2661 4866 ἀντὶ
2715 4809 2954 4882 ἐλικτοῦ,
3015 4814 3273 4892 φωτεινὸν
3325 4815 3440 4871 ἀντὶ
3497 4823 3802 4892 σκοτεινοῦ,

2152 4899 2383 4978 ἀδελφὸν
2411 4901 2474 4956 οὐ
2511 4899 2643 4975 μετᾶ
2674 4897 2841 4954 δόλου
2876 4895 3114 4958 λαϐόντα
3164 4903 3420 4981 εὒΛογίαν
3479 4903 3802 4987 ἀδελφικὴν,

2151 4987 2296 5046 ἀλλὰ
2325 4990 2458 5064 πρὸς
2493 4989 2748 5066 μεγίστην
2782 4989 3066 5066 θεραπείαν
3091 4991 3294 5069 πατρὸς
3325 4993 3413 5050 καὶ
3472 4995 3802 5075 ἀντέλλογον

2154 5077 2381 5135 δίκαιον.

384 5189 490 5247 pro
521 5175 750 5227 versuto
782 5171 1098 5240 sincerum,
1132 5185 1234 5241 pro
1265 5169 1489 5224 fovente
1520 5170 1720 5226 odium
1754 5172 2058 5228 charitatis
2089 5176 2406 5240 amantem,
2443 5188 2545 5244 pro
2595 5171 2866 5244 perplexo
2924 5172 3276 5246 simplicem,
3335 5193 3439 5250 pro
3496 5178 3806 5236 tenebroso

386 5261 716 5329 lucentem;
751 5259 987 5314 fratrem
1021 5257 1271 5329 denique
1301 5258 1401 5329 qui
1434 5259 1758 5314 fraternum
1790 5277 1997 5316 nomen
2034 5262 2175 5318 adeo
2209 5279 2324 5317 non
2353 5277 2456 5334 per
2484 5260 2651 5318 dolos
2673 5266 2957 5336 carperet,
2989 5267 3055 5319 ut
3081 5269 3304 5334 contra,
3336 5283 3514 5338 quam
3555 5268 3808 5325 maxime

385 5368 608 5426 pronus
659 5349 716 5404 in
751 5346 1102 5420 obsequium
1133 5346 1337 5419 patris,
1365 5347 1685 5404 maledicos
1717 5349 1893 5405 etiam
1927 5351 2271 5408 confutaret.

456 5443 512 5498 7.
538 5439 806 5514 Oportuit
835 5453 972 5512 ergo
998 5437 1157 5495 hunc
1186 5437 1380 5495 virum
1411 5437 1512 5510 qui
1533 5455 1662 5496 sese
1691 5439 2009 5513 myrrhinis

466 5659 627 5715 διεδ.
658 5670 735 5726 v1,
764 5656 832 5728 5;
863 5657 1069 5718 Matth.
1099 5673 1193 5730 xv,
1225 5657 1279 5719 8.

2225 5440 2284 5509 ζ’.
2317 5438 2524 5516 Ἐχρῆν
2559 5434 2616 5494 δὶ
2666 5435 2770 5515 ἄρα
2811 5438 2903 5497 τὸν
2957 5439 3032 5506 είς
3084 5444 3386 5520 μυρεψικὴν
3439 5442 3619 5519 ὀδμὴν
3667 5447 3802 5523 πρὸς
