4114 6200
1256 381 1336 442 ΙΝ
1381 381 1444 442 S.
1493 381 1859 453 QUADRAG

1976 380 2179 442 lMAM
2225 381 2518 442 ORATIO
2558 382 2607 442 Ῑ.
3516 388 3637 447 570

270 510 411 586 χάριν
475 513 602 563 Θεοῦ
672 508 996 564 σκευάσαντα
1047 510 1233 566 ἑαυτὸν
1300 518 1730 588 προσενεχθῆναι
1795 515 1859 584 τᾷ

1988 514 2266 570 odoribus
2297 517 2603 570 ornaverat
2623 516 2687 569 ut
2704 517 2816 569 Deo
2849 513 3120 586 placeret,
3143 513 3305 570 evehi
3327 515 3400 570 ad
3425 516 3634 585 Deum,

267 605 366 670 Θεῷ
415 600 872 674 προτετιμημένον
931 596 1312 678 δυσαποφόρου
1367 605 1572 678 σαπρᾶς
1629 620 1859 675 προσφο·

1989 608 2049 658 at
2102 602 2270 659 illum
2325 604 2660 675 posthaberi
2721 603 2875 660 unde
2934 603 3203 674 pertinax
3260 603 3414 660 tabis
3467 606 3636 661 fcetor

265 687 472 764 ρᾶς,καὶ
513 687 601 742 τὸν
649 689 740 760 μὲν
794 689 1088 764 κρυψίνουν
1149 689 1236 744 ἐπὶ
1316 691 1415 745 οὐκ
1467 689 1685 766 ἀγαθοῖς
1738 689 1859 744 ἀπό-

1986 692 2340 761 afﬂaretur;
2395 693 2653 766 oportuit
2714 693 2892 748 alium
2953 693 3052 764 qui
3115 699 3372 749 mentem
3433 701 3633 767 utpote

263 772 442 847 ϐλητον
489 773 804 848 διεκπεσεῖν,
856 780 1181 853 προτεθῆναι
1233 777 1289 834 δὲ
1346 780 1550 835 ἑκείνου
1614 781 1704 834 τὸν
1764 778 1859 834 ἐναι

1985 781 2307 854 improbam
2356 782 2663 849 celaverat,
2713 781 3000 846 decidere,
3042 781 3222 836 alium
3272 783 3373 853 qui
3423 788 3488 838 ut
3520 784 3631 840 vir-

261 867 407 943 ρὲτως
436 864 900 924 ἀκατακάλυπτον.
933 867 996 924 Εἰ
1056 867 1114 923 δὲ
1169 869 1260 924 καὶ
1316 869 1384 924 τὰ
1441 870 1600 942 μωρᾶ
1653 872 1749 923 τοῦ
1781 868 1859 923 κό-

1982 872 2128 926 tutis
2175 877 2372 928 custos
2421 871 2565 926 nihil
2616 875 2837 926 texerat.
2877 871 3011 926 huic
3057 872 3336 942 praeponi.
3381 873 3543 937 Quod
3577 875 3626 930 si

257 976 377 1028 σμου
404 953 671 1026 ἐπίλεκτα,
704 957 780 1018 ὡς
810 955 1102 1030 ἐμάθομεν,
1133 958 1280 1033 παρὰ
1307 963 1384 1031 τῷ
1423 959 1681 1034 πανσόφῳ
1734 962 1859 1030 Θεῷ,

1982 977 2183 1015 verum
2228 965 2337 1028 est,
2383 968 2446 1016 ut
2495 960 2846 1029 audivimus,
2899 961 3162 1016 eamdem
3221 978 3344 1031 quas
3406 965 3626 1019 mundo

253 1049 353 1106 πῶς
384 1046 453 1113 μὴ
483 1043 609 1120 οὖχῖ
641 1045 734 1100 τὸν
766 1047 1032 1123 φρόνιμον
1064 1046 1118 1102 ἐν
1159 1049 1377 1123 Χριστῷ
1427 1042 1720 1103 ἀνελάϐετο
1774 1046 1859 1102 αὖ·

1982 1049 2236 1106 stultitia
2280 1055 2389 1115 est,
2439 1049 2818 1105 lectissimam
2863 1049 3061 1104 haberi
3111 1051 3478 1121 prudentiam
3511 1052 3627 1107 Deo

277 380 377 440 569

248 1135 326 1196 τὸς
353 1132 546 1196 ὶκεῖνος
594 1135 1025 1212 προκεκριμένον
1068 1140 1166 1192 τοῦ
1216 1137 1590 1214 μωρανθὲντος
1628 1142 1709 1209 τῷ
1766 1134 1876 1193 δαί.

249 1244 379 1296 μονι,
407 1221 782 1300 ίπιλεγομὲνῳ
812 1225 896 1280 ἀεὶ
943 1224 1070 1288 τοὺς
1122 1227 1212 1281 οἵα
1251 1231 1479 1305 σοφιστῇ
1525 1235 1628 1298 τῆς
1680 1230 1871 1294 κακίας

249 1313 374 1384 αὐτῷ
417 1313 857 1388 προσανέχοντας
905 1314 994 1370 καὶ
1041 1318 1456 1393 προσήκοντας;
1490 1322 1612 1379 Πῶς
1667 1316 1724 1374 δὲ
1773 1321 1873 1376 οὐκ

245 1400 294 1456 ἃν
321 1402 377 1454 τὸ
403 1399 665 1470 ἀληθινὸν
699 1407 815 1477 φῶς
841 1404 870 1458 ὁ
905 1406 1035 1467 Θεὸς
1077 1405 1170 1461 τὸν
1220 1408 1507 1484 ἡμεροφαῆ
1559 1410 1868 1485 Νικηφόρον

241 1487 476 1564 προέθετο
505 1495 604 1545 τοῦ
635 1489 935 1564 δαιμονίως
989 1497 1247 1570 νυκτὲρου
1291 1495 1380 1550 καὶ
1429 1495 1504 1558 εἰς
1563 1497 1697 1571 βαθὺ
1743 1519 1867 1552 σκο-

238 1579 465 1646 τόεντοςς
508 1577 658 1635 Ἔδει
713 1579 771 1636 δὲ
829 1581 1044 1644 πάντως
1097 1585 1187 1638 τὸν
1247 1583 1300 1639 ἐν
1358 1589 1436 1657 τῷ
1493 1587 1868 1661 θεοφορεῖσθαι

1982 1134 2442 1212 sapientissimo,
2476 1140 2770 1211 quomodo
2814 1140 2962 1194 Deus
2994 1155 3108 1193 non
3139 1155 3272 1194 eum
3304 1140 3630 1211 excepisset

1981 1230 2075 1302 qui
2128 1230 2186 1284 in
2235 1229 2462 1286 Christo
2510 1228 2794 1300 sapiebat,
2827 1232 2926 1283 aut
2971 1243 3085 1282 non
3135 1228 3488 1299 praetulisset
3525 1231 3624 1286 isti

1982 1319 2082 1390 qui
2113 1317 2435 1390 desipiebat
2468 1318 2524 1372 in
2549 1317 2832 1385 daemone,
2863 1321 2920 1370 et
2948 1316 3019 1370 iis
3050 1316 3339 1386 utebatur,
3372 1317 3474 1388 qui
3501 1335 3625 1373 ma-

1981 1407 2118 1462 litia:
2169 1407 2475 1479 impostori
2527 1405 2729 1461 sedulo
2785 1405 3160 1460 adhmrebant
3198 1410 3371 1476 atque
3409 1407 3625 1461 addicti

1979 1499 2190 1552 erant?
2245 1496 2544 1562 Quomodo
2611 1495 2760 1550 hanc
2814 1493 3072 1548 veritatis
3131 1493 3312 1549 facem
3370 1494 3626 1551 interdiu

1981 1589 2298 1651 lucentem,
2367 1584 2592 1640 scilicet
2656 1583 3072 1654 Nicephorum,
3131 1599 3246 1637 non
3313 1582 3408 1638 isti
3475 1599 3623 1654 pre-

242 1671 305 1740 μή
381 1667 717 1738 ὶνθεάζοντα,
777 1668 922 1726 ἀλλὰ
1001 1671 1381 1748 ἐνεργούμενον
1466 1680 1547 1746 τῷ
1626 1671 1859 1748 δαίμονι,

1979 1676 2273 1746 posuisset
2324 1675 2419 1746 qui
2467 1673 2682 1728 diaboli
2733 1673 2849 1727 alta
2903 1673 3014 1726 sub
3065 1676 3234 1726 nocte
3292 1672 3624 1743 caligabat?

238 1753 510 1812 διεκπεσεῖν
541 1759 641 1812 τοῦ
673 1763 828 1829 Θεοῦ,
862 1758 941 1814 ὅτι
989 1758 1130 1832 μηδὶ
1180 1764 1245 1830 ἦν
1291 1763 1379 1816 τὸν
1430 1762 1588 1818 αὐτὸν
1649 1764 1737 1819 καὶ
1789 1770 1859 1837 τῷ

1977 1769 2226 1820 Necesse
2269 1763 2508 1818 omnino
2557 1779 2691 1817 eum
2741 1762 3004 1816 excidere
3055 1778 3089 1816 ο.
3119 1761 3232 1815 Deo
3266 1761 3377 1814 fuit
3406 1762 3526 1832 qui,
3561 1766 3627 1816 ut

235 1849 348 1948 Θεῷ,
396 1845 702 1948 αγακεῖσθαι
753 1849 840 1902 καὶ
893 1853 973 1920 τῷ
1026 1855 1257 1922 Σατανᾷ,
1322 1850 1556 1923 μάλιστα
1616 1853 1713 1926 μὲν
1773 1851 1859 1909 οὖν

1978 1853 2269 1925 particeps
2318 1853 2416 1907 Dei
2472 1854 2653 1914 fieret.
2687 1867 2802 1906 non
2853 1865 2954 1921 per
2984 1855 3186 1916 Deum,
3221 1851 3318 1904 sed
3351 1866 3451 1921 per
3502 1851 3623 1904 dae-

235 1932 609 2010 φαυλοῤῥεπῶς
683 1937 786 2005 τὴν
862 1937 1002 2007 ὅλην
1063 1937 1376 2015 πλάστιγγα
1442 1946 1540 1996 τοῦ
1597 1941 1859 2018 λογισμοῦ

1976 1958 2208 1997 monem
2240 1941 2610 2013 operabatur.
2647 1939 2872 1994 Etenim
2895 1938 3048 1992 idem
3082 1937 3256 1993 homo
3289 1955 3402 1992 non
3435 1943 3624 2009 potest

231 2022 351 2095 πρὸς
405 2027 482 2094 τῷ
546 2021 772 2097 δαίμονι
842 2024 1135 2082 κλίναντα’
1183 2029 1300 2084 ὅθεν
1379 2031 1468 2085 καὶ
1543 2030 1782 2106 ἥρπασεν
1835 2035 1859 2088 ὁ

1973 2048 2102 2087 esse
2147 2031 2244 2086 Dei
2294 2037 2352 2086 et
2393 2031 2640 2097 Satanae,
2678 2028 2998 2100 praesertim
3049 2028 3098 2082 si
3150 2027 3364 2082 mentis
3411 2026 3622 2083 libram

233 2107 636 2174 σπουδαιότατος
694 2114 1008 2188 Νικηφόρος
1060 2116 1124 2171 τὸ
1177 2117 1228 2172 ἄν
1285 2119 1441 2192 χερσὶ
1486 2124 1581 2175 τοῦ
1614 2145 1642 2173 ‹‹
1677 2142 1866 2194 μνησι-

232 2201 381 2254 κάκου
411 2223 438 2251 ››
463 2200 662 2272 καλὸν,
693 2202 786 2256 καὶ
819 2202 962 2258 οὕτω
992 2202 1396 2278 πλεονεκτήσας
1427 2207 1674 2284 ἡγίαστο.

287 2485 533 2552 η’,Ἔστι
587 2482 656 2540 δὲ
713 2485 880 2542 εἰπεῖν
937 2489 1026 2544 καὶ
1081 2489 1294 2560 ὅτι,ὠς
1351 2491 1402 2548 ἔν
1455 2513 1560 2549 τινι
1618 2493 1864 2571 προδοκῆ

229 2574 520 2644 καθιζήσας,
601 2576 693 2629 καὶ
761 2578 853 2631 τὸν
923 2576 1342 2656 ψευδομάρτυρα
1422 2580 1704 2653 δοκεύσας,
1761 2587 1860 2655 τήν

230 2659 411 2717 ἰκείνου
467 2663 678 2738 ἀγαθὴν
735 2664 998 2742 ἐμπορίαν
1066 2669 1166 2724 οὐκ
1212 2668 1501 2744 ἐλῄστευσε
1562 2675 1673 2746 μὶν,
1735 2673 1863 2731 οὐδὲ

227 2750 566 2840 ᾇπεσύλησεν,
625 2751 877 2830 ἐμφανῶς
935 2754 992 2812 δὲ
1053 2758 1480 2836 παραρῥιφεῖσαν
1557 2765 1691 2840 πρὸς
1767 2763 1863 2820 τοῦ⁹

229 2837 438 2916 ἄφρονος
510 2841 726 2897 ἐκεῖνου
803 2843 1067 2920 ἐμπόρου,
1119 2847 1406 2922 ἁρπαλέως
1483 2837 1697 2923 ἐδέξατο
1775 2853 1861 2930 ἔρ-

234 2951 372 3017 μαιον
431 2930 613 2987 ἐκεῖνο
669 2930 1010 3008 πολύολϐον,
1061 2936 1414 3014 αὐτοσχέδιον
1499 2941 1863 3017 πλουτισμὸν,

231 3015 289 3070 δι’
318 3019 375 3073 οὗ
431 3020 714 3096 βασιλείαν
774 3018 912 3078 ἔστιν
971 3025 1258 3102 εὖκληρεῖν
1313 3027 1583 3104 οὐράνιον,
1617 3015 1860 3087 εὐκταῖον

231 3107 554 3198 συγκύρημα,
598 3135 625 3162 ‹‹
659 3108 833 3188 δῶρον
893 3113 1092 3190 ἐχθρού
1143 3139 1172 3168 ››
1216 3117 1478 3173 ἀναπαλιν
1536 3124 1615 3192 τῷ
1671 3142 1864 3198 παροι-

234 3202 416 3269 μιακῷ,
470 3197 717 3275 εὕδωρον
775 3202 868 3256 καῖ
905 3202 1260 3281 ὠφελήσιμον
1316 3206 1368 3261 ἂν
1426 3213 1542 3270 τοῖς
1602 3197 1861 3283 μάλιστα,

230 3285 281 3339 ού
313 3289 415 3358 μὴν
442 3284 752 3363 δύσδωρον,
785 3293 874 3344 οἶα
908 3290 1048 3364 μηδὲ
1091 3293 1376 3368 ὀνήσιμον,
1409 3299 1570 3373 χάριν
1615 3296 1859 3376 εὔχαριν,

232 3378 482 3465 σωτήριον
514 3376 754 3450 ἄμυναν,
786 3380 860 3465 ὡς
909 3380 1008 3436 οὐκ
1057 3383 1200 3458 εἶχεν
1252 3385 1286 3438 ὁ
1331 3385 1489 3448 ἄνους
1543 3385 1862 3465 φαυλόμαρ-

225 3483 304 3526 τυς
349 3462 650 3538 δάκρῖναιο
691 3464 882 3541 ὅμοιόν
931 3491 985 3524 τι
1041 3476 1215 3526 ποιῶν
1275 3473 1325 3528 ἓν
1384 3479 1465 3547 τῷ
1515 3462 1606 3530 τόν
1663 3462 1863 3552 ἐχθρὸν

227 3552 522 3626 ἀμύνεσθαι,
587 3557 714 3611 ὡσεὶ
770 3558 858 3612 καὶ
936 3557 1102 3636 ἄνδρα
1156 3569 1398 3636 γενναῖον
1457 3562 1859 3638 λαγαρούμενον

228 3640 364 3716 λιμῷ
417 3646 702 3722 ἒφόρτιζεν
763 3645 1059 3722 ἐδωδίμοις
1117 3650 1360 3725 ἀγαθοῖς,
1422 3653 1497 3714 ὡς
1555 3652 1642 3707 ἐπὶ
1699 3675 1860 3709 κατα-

222 3732 405 3806 κᾶμψει
459 3737 745 3808 σώματος,
789 3737 825 3806 ἢ
882 3738 970 3792 καὶ
1028 3737 1215 3796 ἄλλως
1270 3741 1564 3815 πενόμενον
1626 3738 1858 3812 ὥλϐιζεν

227 3817 520 3897 ίπιχθῗζων
600 3826 906 3899 χρήμασιν,
981 3828 1064 3888 οἷς
1154 3828 1513 3903 βαρυνόμενοι
1598 3829 1864 3905 χαίρομεν

226 3906 505 3995 ἄνθρωποι.
545 3914 654 3968 Καὶ
709 3914 776 3983 ἦν
826 3919 1124 3985 τηνικαῦτα
1163 3918 1254 3972 τὸν
1295 3919 1443 3992 ἅγιον
1503 3919 1665 3995 χάριν
1725 3920 1861 3992 ὁμο-

224 3994 387 4074 λογεῖν
439 4002 596 4077 τάχα
649 4005 718 4076 τῇ
792 3997 982 4081 ἔχθρᾳ,
1043 4005 1094 4062 εἶ’
1145 4011 1395 4062 τοιοῦτον
1475 3994 1626 4081 αὐτῷ
1696 4007 1862 4064 καλὸν

220 4085 378 4158 ἐκείνη
434 4091 787 4166 προεξὲνησε,
845 4093 936 4148 καὶ
998 4099 1157 4168 μῖσος
1209 4097 1271 4150 τὸ
1327 4094 1522 4152 ἐκεῖθεν
1595 4097 1670 4161 εἰς
1731 4099 1856 4155 Θεὸν

218 4173 360 4231 αὐτὸν
392 4181 706 4256 προήγαγε,
738 4181 828 4236 καὶ
887 4183 965 4245 ὡς
1023 4181 1111 4239 διὰ
1163 4182 1434 4258 κλίμακος
1463 4187 1632 4242 αὐτοῦ
1665 4187 1855 4261 ὑψώθη

217 4261 263 4324 ἐς
312 4267 400 4321 τὸν
454 4269 696 4342 Κύριονο
755 4271 844 4325 καὶ
902 4272 1044 4328 εἶπεν
1099 4273 1156 4328 ἂν
1214 4273 1343 4350 οὐχὶ
1393 4275 1567 4348 ἑαυτῷ
1623 4284 1854 4347 πονῆσαι

219 4353 299 4406 τὸν
349 4355 618 4432 ἆπάρατον
679 4359 927 4434 ἀρητῆρα
960 4361 1278 4438 Σαπρίκιον,
1312 4361 1458 4419 ἀλλὰ
1505 4369 1584 4436 τῷ
1643 4368 1720 4438 μὴ
1781 4364 1857 4421 δι·

216 4442 370 4506 καίως
404 4446 724 4520 μισουμένῳ
780 4449 1097 4527 Νικηφόσῳ,
1128 4452 1216 4506 καὶ
1275 4451 1351 4516 ὡς
1407 4451 1612 4508 ἐκείνου
1668 4456 1859 4510 κοπιά-

218 4548 387 4596 σπντος
417 4534 584 4596 αὐτὸς
615 4535 690 4599 εἷς
733 4537 826 4592 τὸν
883 4539 1072 4611 μισθὸν
1116 4545 1214 4596 τοῦ
1265 4539 1443 4597 κόπου
1501 4541 1851 4614 εἷσελήλυθεν

1974 2121 2044 2174 ad
2079 2121 2355 2176 Satanam
2408 2119 2607 2174 dolose
2656 2116 2934 2183 inclinet;
2985 2121 3336 2188 quapropter
3366 2116 3623 2188 optimus

1971 2210 2375 2282 Nicephorus,
2439 2224 2570 2262 cum
2639 2207 2934 2278 rapuisset
2997 2223 3028 2260 e
3103 2205 3375 2260 manibus
3441 2197 3623 2258 invidi

1969 2299 2214 2372 Sapricii
2244 2297 2570 2369 praemium,
2607 2301 2781 2367 atque
2813 2295 2894 2351 ita
2926 2294 3349 2367 praevaluisset,
3384 2302 3623 2350 sanctus

1970 2388 2175 2444 evasit.

2041 2496 2094 2550 8.
2130 2494 2290 2549 Adde
2343 2494 2495 2566 quod
2548 2491 2909 2565 Nicephorus
2959 2492 3016 2546 in
3067 2491 3417 2561 quibusdam
3450 2491 3618 2561 quasi

1969 2584 2204 2640 insidiis
2259 2601 2389 2639 cum
2449 2583 2808 2639 consedisset
2864 2586 3036 2652 atque
3091 2581 3228 2636 inde
3279 2579 3617 2652 speculatus

1971 2679 2124 2730 esset
2185 2672 2392 2728 falsum
2449 2678 2786 2745 martyrem,
2841 2689 2952 2726 non
3011 2669 3373 2726 transeuntis
3427 2669 3617 2724 lautas

1973 2780 2193 2819 merces
2227 2763 2512 2834 pradatus
2545 2769 2635 2818 est
2663 2767 2765 2817 aut
2811 2760 3090 2832 abripuit,
3125 2760 3225 2815 sed
3260 2759 3450 2831 palam
3484 2775 3614 2829 pro-

1963 2853 2155 2924 jectas
2202 2853 2272 2907 ab
2307 2852 2418 2907 isto
2449 2851 2655 2906 insano
2711 2857 3030 2904 mercatore
3078 2864 3321 2921 propere
3352 2846 3616 2915 sustulit,

1973 2943 2056 2997 uti
2091 2940 2431 2997 Mercuriale
2477 2939 2770 3013 quoddam
2824 2955 2888 2994 ac
2936 2937 3466 3009 locupletissimum
3519 2937 3621 2990 do-

1975 3047 2139 3099 num,
2174 3031 2480 3104 pecuniam
2512 3029 2810 3084 l‘ortuitam
2846 3044 2947 3100 pro
2979 3044 3092 3098 qua
3120 3027 3356 3081 veniret
3376 3040 3619 3097 regnum

1974 3119 2272 3186 caelorum,
2340 3120 2684 3174 thesaurum
2753 3117 2990 3172 inventu
3050 3115 3396 3187 optabilem,
3455 3114 3622 3168 deni-

1975 3227 2086 3283 que
2135 3226 2348 3264 munus
2397 3209 2552 3280 quod
2602 3207 2739 3262 licet
2789 3221 2858 3261 ex
2887 3205 3054 3261 hoste
3102 3204 3423 3276 profectum
3473 3219 3618 3274 prae-

1975 3303 2273 3372 posterum
2334 3304 2527 3353 tamen
2586 3301 2712 3352 erat
2775 3296 2848 3350 iis
2906 3293 3371 3366 proverbialibus
3427 3291 3616 3346 donis.

1971 3390 2189 3462 Nempe
2217 3405 2347 3444 vere
2377 3404 2592 3443 munus
2643 3386 2753 3440 fuit
2781 3389 2956 3456 atque
2986 3382 3279 3454 imprimis
3322 3388 3618 3452 quaestuo-

1973 3495 2130 3546 sum,
2155 3495 2268 3532 non
2300 3476 2536 3548 aliquod
2558 3492 2624 3530 ex
2647 3474 2739 3528 his
2769 3473 2940 3528 donis
2972 3489 3098 3543 qua:
3131 3487 3245 3526 non
3275 3471 3430 3524 dona
3455 3473 3617 3534 sunt,

1973 3571 2174 3638 utpote
2233 3565 2484 3631 inutilia,
2536 3565 2635 3619 sed
2689 3563 3036 3618 beneficium
3085 3577 3216 3616 vere
3268 3559 3614 3628 beneficum,

1970 3656 2152 3711 tutela
2199 3671 2329 3710 vere
2368 3659 2514 3721 tuta,
2573 3653 2725 3723 quod
2783 3653 3029 3706 insanus
3086 3650 3180 3706 ille
3238 3649 3616 3721 pseudomar-

1972 3751 2063 3817 tyr
2105 3745 2436 3800 discernere
2479 3743 2836 3814 nequiverat.
2871 3739 3027 3795 Idem
3061 3740 3195 3795 fecit
3245 3755 3311 3793 ac
3342 3738 3390 3792 si
3425 3736 3616 3791 virum

1971 3835 2282 3908 quemdam
2315 3848 2687 3905 generosum,
2719 3832 2818 3887 sed
2845 3829 3206 3885 exinanitum
3240 3828 3413 3893 fame,
3445 3826 3616 3880 bonis

1969 3925 2219 3996 dapibus
2265 3922 2621 3979 oneravisset
2669 3922 2812 3976 adeo
2843 3925 2908 3975 ut
2949 3918 3046 3975 ille
3077 3917 3318 3989 ponderi
3363 3916 3613 3982 cederet,

1969 4017 2071 4068 aut
2100 4013 2148 4068 si
2183 4028 2496 4085 pauperem
2547 4009 2869 4075 ditavisset,
2902 4006 3315 4080 praegravando
3343 4019 3474 4060 eum
3511 4017 3617 4074 pe-

1968 4101 2142 4158 cunia
2172 4117 2288 4173 qua
2338 4101 2608 4156 homines
2658 4113 3019 4171 praegravare
3067 4095 3414 4168 gaudemus.
3447 4092 3612 4147 Tunc

1968 4191 2211 4246 forsitan
2261 4190 2426 4246 locus
2479 4193 2604 4245 erat
2654 4194 2854 4245 sancto
2912 4185 3132 4260 gratias
3189 4200 3360 4256 agere
3407 4182 3612 4238 inimi-

1967 4278 2114 4334 citias
2147 4297 2272 4351 quae
2301 4279 2494 4350 ipsum
2527 4277 2745 4334 talibus
2777 4277 2946 4332 donis
2975 4276 3320 4348 excepisset,
3351 4289 3478 4345 qua:
3510 4289 3612 4344 per

1966 4369 2230 4425 invidum
2279 4369 2600 4441 Sapricium
2653 4368 2724 4423 ad
2778 4356 2954 4422 Deum
3008 4363 3381 4438 provexisset,
3415 4379 3480 4418 ac
3512 4379 3614 4434 per

1965 4475 2143 4530 quam
2177 4459 2262 4514 uti
2289 4458 2509 4515 scalam
2542 4457 2904 4513 ascendisset
2952 4473 3140 4526 usque
3170 4455 3240 4508 ad
3273 4452 3608 4509 Dominum.

1964 4549 2257 4605 Potuisset
2303 4549 2478 4604 etiam
2531 4548 2720 4602 dicere
2769 4547 3180 4600 detestatorem
3227 4541 3500 4597 eumdem
3546 4556 3612 4595 ac

218 4615 434 4695 ὶργάτης
483 4625 612 4699 περὶ
668 4623 978 4699 ἑνδεκάτην,
1011 4627 1099 4684 καὶ
1156 4630 1220 4684 τὸ
1280 4629 1482 4687 οἰκεῖον
1526 4627 1708 4687 λαϐὼν
1769 4631 1852 4688 ἐν·

1972 4639 2374 4694 detestandum
2407 4637 2734 4709 Sapricium
2760 4652 2872 4690 non
2905 4635 3016 4688 sibi
3050 4649 3169 4688 rem
3202 4631 3473 4702 gessisse,
3508 4629 3607 4684 sed

218 4709 402 4784 τελῶς,
442 4716 586 4771 καθᾶ
634 4715 828 4793 ἐχρῆν,
883 4717 1161 4793 μίσθωμα,
1193 4721 1280 4777 καὶ
1341 4723 1405 4778 τὸ
1458 4727 1555 4778 τοῦ
1612 4725 1850 4802 φθάσαν-

217 4817 296 4863 τος
349 4807 808 4882 παρεργάσασθαι,
864 4808 1050 4873 καθότι
1110 4808 1314 4874 ἐκεῖνος
1390 4812 1452 4867 τὸ
1521 4811 1704 4876 καλῶς
1765 4815 1854 4869 ὑπ’

217 4888 365 4946 αὐτοῦ
428 4896 633 4972 φθάσαν
704 4895 1019 4973 ἐργασθῆναι
1087 4901 1322 4975 συγχέας
1393 4905 1570 4962 κακῶς
1645 4899 1851 4957 εὐδοκι-

220 4985 372 5048 μῆσαι
443 4984 537 5038 τὸν
612 4985 935 5063 ὑστεροῦντα
986 4988 1075 5042 καὶ
1147 4990 1265 5044 κατ’
1309 4988 1483 5045 ἐκεῖνο
1555 4991 1844 5066 πεποίηκε,

215 5066 542 5139 βαστάσαντα
593 5074 656 5128 τὸ
707 5074 993 5132 ἐπίλοιπον
1043 5078 1229 5155 βάρος,
1261 5080 1348 5134 καὶ
1409 5077 1640 5143 διπλοῦς
1697 5081 1840 5136 οὕτω

215 5159 424 5225 μισθοὺς
458 5161 802 5238 ἰξαράμενον.

1964 4727 2047 4781 illi
2081 4743 2252 4799 quem
2285 4727 2581 4782 immerito
2611 4726 2830 4794 oderat,
2863 4722 3226 4794 Nicephoro;
3260 4720 3476 4791 quippe
3507 4717 3609 4790 qui

1963 4816 2210 4872 subierit
2239 4816 2297 4870 in
2344 4815 2669 4871 mercedem
2721 4813 2912 4886 operis
2959 4812 3115 4884 quod
3163 4809 3458 4882 Sapricius
3480 4810 3608 4879 jam

1960 4904 2301 4978 perfecerat,
2333 4903 2460 4974 ipse
2488 4902 2787 4975 cperarius
2835 4901 2989 4956 horae
3022 4899 3366 4967 undecimae,
3389 4903 3446 4954 et
3475 4914 3606 4953 sus-
3680 4938 3696 4954 .

1956 4992 2174 5066 ceperit
2223 4997 2288 5048 ut
2317 4991 2609 5064 reliquum
2659 5009 2808 5064 opus
2840 4991 2921 5047 ita
2968 4991 3261 5059 integrum
3309 4987 3604 5060 pretium;

1953 5086 2105 5155 quod
2142 5081 2267 5138 fieri
2297 5081 2469 5138 aliter
2500 5099 2613 5138 non
2647 5085 2896 5154 poterat.
2929 5080 3075 5136 Nam
3105 5078 3425 5151 Sapricius,
3453 5093 3610 5133 com-

1951 5173 2254 5229 miscendo
2286 5172 2573 5246 quidquid
2605 5171 2740 5228 boni
2770 5175 2968 5243 egerat
2999 5170 3169 5224 fama:
3220 5168 3370 5224 male
3403 5174 3604 5238 partae:

209 5259 269 5301 eo
322 5267 721 5312 successorem
778 5256 1119 5329 adduxerat,
1183 5262 1248 5316 ut
1303 5257 1404 5316 ille
1461 5265 1772 5334 postquam
1831 5261 2173 5318 sustulisset
2221 5261 2512 5334 reliquum
2571 5278 2740 5332 onu,
2789 5259 3034 5332 duplam
3081 5259 3218 5314 inde
3275 5257 3602 5312 mercedem

213 5346 450 5408 caperet.

276 5444 332 5498 θ’.
367 5445 678 5523 Ἐφύτευσεν
733 5448 1053 5524 ἀμπελῶνα,
1099 5453 1188 5508 οἷα
1239 5452 1500 5532 γεωργὸς,
1561 5454 1588 5511 ὁ
1644 5458 1850 5532 νωθρὸς

209 5533 514 5624 φυτηκύμος
564 5537 875 5615 Σαπρίκως,
925 5540 1015 5596 καὶ
1083 5539 1363 5618 ἐρριζοῦτο
1441 5543 1504 5600 τὸ
1559 5544 1848 5624 φυτευθὲν,

209 5621 292 5708 καὶ
348 5621 558 5702 ἐξέφυσε
614 5626 819 5705 φύλλα,
845 5628 936 5685 καὶ
991 5631 1268 5708 προὲφηνε
1325 5621 1702 5708 καρπόνίκαὶ
1760 5635 1851 5692 an?»

210 5707 295 5772 τὸς
319 5709 411 5766 τὸν
446 5713 718 5793 ὀμφακίαν
762 5707 1150 5797 παρηλλαχὼς
1205 5718 1314 5796 ἤδη
1375 5707 1485 5800 οὐχ
1541 5723 1849 5799 ὑποπερκά-

2030 5460 2084 5514 9.
2115 5456 2360 5517 Vineam
2386 5458 2765 5534 plantaverat,
2786 5457 3175 5532 agricolarum
3200 5456 3407 5525 instar,
3439 5457 3606 5530 piger

1961 5546 2057 5604 ille
2087 5549 2384 5606 viticultor
2412 5550 2732 5623 Sapricius.
2783 5550 3055 5606 Exierant
3104 5565 3133 5604 e
3165 5547 3420 5604 surculis
3450 5545 3604 5602 radi-

1961 5655 2077 5708 ces,
2146 5637 2302 5708 folia,
2362 5640 2606 5711 fructus,
2660 5639 2896 5712 jamque
2951 5655 3076 5696 uvm
3131 5641 3409 5711 superata
3472 5655 3604 5697 cru-

1959 5727 2141 5786 ditate
2195 5727 2341 5786 satis
2386 5731 2554 5786 erant
2581 5733 2830 5788 matura
2871 5728 3300 5788 vindemiatori.
3345 5731 3420 5787 At
3465 5745 3601 5786 cum
