4114 6200
182 383 279 444 573

1135 375 1215 437 ΙΝ
1262 373 1327 434 S.
1374 369 2061 442 QUADBAGESIMAM
2105 367 2400 432 ORATIO
2443 369 2490 430 Ι.

3398 377 3520 437 5‘“

180 508 459 582 συμπάθειαν
490 538 555 548 -
579 506 663 570 τίς
689 503 888 580 ἀνάγκη
923 502 1137 581 θαῤῥεῖν
1165 505 1314 576 ἡμᾶς
1347 500 1611 557 δυσωπεῖν
1662 501 1754 556 τὸν

1872 500 1971 556 ubi
2004 499 2236 556 invidus
2267 499 2414 556 clam
2465 499 2728 557 insidens
2758 504 2884 558 tum
2937 502 3190 560 maxime
3246 505 3318 561 de
3375 523 3516 565 nece

177 600 291 653 οὕτω
316 622 340 646 «
372 599 810 668 μνησικακοῦντα,
836 620 858 648 ι
894 594 983 648 καὶ
1017 594 1094 667 μὴ
1140 591 1436 666 ἡσυχάζειν
1495 588 1756 659 δεδιότας,

177 687 237 758 μὴ
262 685 338 738 καὶ
366 684 608 739 ἀποθάνοι
639 685 668 739 ὁ
699 687 873 756 ζητῶν
909 683 1093 762 ἂιρεσιν
1130 681 1220 736 καὶ
1277 680 1611 756 συμπάθειαν
1670 680 1759 735 καὶ

174 773 474 850 σδγχώρησιν
497 790 512 843 ;

225 1042 297 1098 ια’.
340 1035 676 1112 Εύλαϐητέον
735 1039 852 1116 οῦν,
908 1041 999 1097 καὶ
1055 1041 1227 1104 οὕτως
1285 1038 1465 1095 ἐατέον
1515 1037 1606 1092 τὸν
1668 1058 1759 1111 μι-

168 1133 342 1201 σοῦντα,
381 1128 466 1184 καὶ
516 1129 763 1204 μενετέον
823 1129 875 1185 έν
921 1126 1160 1205 συστολῇ
1210 1133 1412 1206 χειρῶν
1467 1127 1557 1182 καὶ
1595 1147 1758 1182 κατα-

161 1219 327 1292 ιᾶμψει
357 1219 621 1292 σώματος,
652 1219 742 1274 καὶ
774 1220 1138 1297 ἠσυχαστέον,
1181 1218 1270 1275 καὶ
1325 1218 1402 1281 εἷς
1455 1218 1618 1290 μόνον
1665 1216 1756 1270 τὸν

159 1309 235 1374 τῆς
272 1306 467 1382 ἀγάπης
514 1307 645 1363 Θεὸν
692 1306 995 1377 ἐλπιστέον,
1027 1309 1116 1362 καὶ
1149 1307 1322 1370 οὕτως
1348 1303 1550 1370 ἄνωθεν
1601 1301 1761 1358 ἑλκυ-

160 1395 276 1450 στέον
299 1397 382 1450 τὸν
429 1395 634 1474 φίλιον,
683 1397 775 1452 καὶ
831 1395 1020 1460 ἄλλως
1075 1394 1133 1452 δὲ
1182 1395 1244 1450 τὸ
1292 1395 1421 1450 αὐτὸ
1480 1392 1763 1469 ἰπεξεργά-

161 1486 310 1538 σασθαι
372 1487 468 1554 τὴν
541 1484 895 1560 τελςιοτέραν
973 1488 1286 1563 σαφήνειαν.
1346 1483 1442 1545 Τίς
1495 1482 1552 1537 ἂν
1609 1478 1764 1556 ἀνδρὶ

158 1573 365 1646 φθάσαντι
414 1569 714 1646 ἔμϐαθύναι
773 1574 850 1637 είς
929 1579 1088 1647 μῖσος
1163 1571 1253 1629 καί
1323 1571 1763 1646 έμπλατύνεσθαι

155 1664 227 1730 τὴν
253 1660 453 1737 ἔχθραν,
508 1664 623 1718 εἶτα
685 1663 992 1741 φαινομένῳ
1050 1663 1468 1736 μεταμέλεσθαι,
1515 1661 1760 1716 πιστεύοι

155 1750 197 1804 Et
239 1751 546 1823 σπείσεσθαι,
599 1750 692 1807 καί
746 1754 820 1826 μή
871 1750 1368 1831 καιροφυλακήσειν
1417 1750 1492 1814 ε”ς
1539 1749 1759 1824 ἄμεινον

153 1836 436 1912 δραστικήν;
471 1840 548 1898 Οὐ
598 1841 703 1916 γὰρ
763 1838 903 1896 ἔστιν
962 1841 1183 1896 αὐτόθεν
1242 1839 1436 1896 εἰδέναι
1489 1843 1638 1913 ἡμᾶς
1693 1859 1757 1914 γε

1871 589 2104 660 cogitat,
2137 607 2270 646 cum
2304 590 2583 646 inimicus
2609 590 2768 646 venit
2795 592 3107 662 quaesitum
3141 596 3513 652 concordiam

1871 679 2056 744 Quam
2105 679 2288 752 igitur
2334 696 2572 736 necesse
2616 680 2784 736 nobis
2834 686 2922 736 est
2969 683 3230 739 studiose
3279 685 3421 740 eniti
3456 689 3522 741 ut

1870 769 2196 840 pertinaces
2229 769 2286 823 in
2321 770 2453 824 odio
2488 769 2815 836 ﬂectamus,
2865 774 3042 842 utque
3089 790 3392 845 nunquam
3455 776 3524 830 ti-

1869 874 2029 913 more
2059 858 2426 927 desinamus,
2459 875 2530 914 ne
2561 859 2611 914 is
2638 861 2946 927 moriatur,
2983 861 3084 932 qui
3117 863 3526 930 veniam,con~

1869 947 2130 1002 cordiam
2163 948 2641 1019 consortiumque
2671 948 2931 1020 postulat
2956 949 2968 1003 ί

1941 1035 2029 1091 ii.
2081 1037 2196 1092 Isto
2247 1037 2418 1092 modo
2467 1041 2693 1108 oportet
2732 1055 2838 1093 nos
2903 1039 3200 1096 hominem
3251 1041 3515 1098 invidum

1870 1141 2072 1181 cavere
2103 1129 2277 1196 atque
2307 1125 2594 1193 deserere,
2624 1131 2679 1181 et
2711 1143 3076 1198 perseverare
3107 1129 3165 1184 in
3195 1145 3516 1186 conseren-

1870 1214 1963 1270 dis
2023 1213 2319 1282 manibus,
2375 1215 2434 1269 in
2496 1214 2798 1270 ﬂectendis
2867 1217 3140 1287 genibus,
3198 1218 3257 1273 in
3317 1219 3514 1292 quieta

1869 1303 2008 1370 vita,
2042 1303 2122 1358 ita
2150 1307 2213 1358 ut
2243 1320 2548 1374 speremus
2580 1321 2695 1358 uno
2726 1304 2784 1359 in
2816 1304 2930 1360 Deo
2980 1305 3302 1375 charitatis,
3339 1313 3513 1380 utque

1873 1394 2127 1447 amicum
2159 1409 2190 1447 e
2220 1391 2459 1448 sublimi
2509 1393 2890 1460 asciscamus,
2934 1394 3156 1466 talique
3205 1398 3430 1452 ratione
3462 1403 3519 1453 et

1874 1480 2005 1536 aliis
2035 1480 2335 1536 similibus
2366 1487 2638 1536 aeternam
2665 1482 2852 1538 lucem
2895 1499 3325 1556 comparemus.
3361 1489 3518 1541 Prm-

1873 1573 2030 1624 terea
2059 1568 2189 1639 quis
2220 1570 2456 1625 audebit
2482 1571 2668 1625 redire
2701 1571 2755 1625 in
2807 1573 3056 1644 gratiam
3105 1591 3239 1628 cum
3282 1574 3520 1630 homine

1875 1658 1974 1728 qui
2003 1664 2315 1730 postquam
2347 1659 2460 1715 alte
2490 1660 2686 1716 odium
2739 1660 2970 1732 lateque
3011 1661 3127 1718 iras
3176 1663 3517 1732 exercuerit,

1873 1746 2218 1818 resipiscere
2280 1748 2554 1804 videtur?
2599 1749 2702 1820 qui
2745 1754 2948 1806 contra
3007 1767 3120 1805 non
3181 1757 3516 1823 suspectam

1873 1835 2111 1890 habebit
2139 1836 2318 1891 vitam
2349 1836 2409 1891 in
2444 1837 2676 1902 melius,
2707 1839 2806 1893 sed
2842 1840 2912 1894 ad
2969 1839 3138 1894 breve
3187 1846 3470 1896 mutatam
3491 1840 3519 1895 'I

150 1891 445 2004 τὲδτοέτξρδὲ
478 1891 814 2004 ὶζψίἐᾶυΪ
834 1891 930 2004 ⁷ρὴ
964 1891 1176 1986 ζιζὲέᾶ
1204 1934 1337 1985 Θεοῦ
1393 1891 1752 2007 πληὲοφᾏρτέ.

1870 1923 1981 1980 Nec
2013 1929 2102 1980 est
2130 1925 2284 1980 enim
2319 1930 2381 1981 ut
2421 1943 2524 1998 per
2554 1944 2658 1982 nos
2689 1927 2982 2000 explorate
3029 1928 3307 1996 sciamus,
3361 1934 3520 2000 ante-

153 2038 300 2080 σαντσς
363 2018 711 2094 ἀποκάλυψιν
741 2063 754 2089 ,
814 2015 936 2074 ἔνθα
993 2021 1021 2074 ὁ
1084 2021 1406 2094 μεμισηκὼς
1461 2018 1522 2074 οὐ
1585 2017 1748 2091 μόνον

150 2103 450 2180 παραδείσου,
493 2106 647 2164 ἀλλᾶ
691 2109 781 2163 καὶ
838 2113 970 2165 Θεοῦ
1001 2107 1164 2163 αὐτοῦ
1212 2108 1384 2172 ἐθέλει
1416 2107 1552 2162 ἑκὼν
1583 2105 1751 2162 ύπεκ-

151 2201 318 2266 στῆναι,
365 2196 406 2250 εί
467 2198 640 2270 μόνον
670 2197 939 2273 έξισχύσει
998 2194 1225 2273 βλάψειν
1269 2197 1360 2252 τὸν
1401 2195 1748 2269 μισούμενον.

148 2286 246 2339 Ὀτε
282 2284 362 2338 καὶ
417 2290 534 2348 πῶς
600 2284 664 2341 ἂν
724 2288 816 2342 τὸν
869 2285 1015 2341 οὕτω
1067 2290 1164 2341 τοῦ
1215 2285 1409 2359 μίσους
1467 2284 1750 2359 ἄνθρωπον

148 2372 377 2514 πισὲεύσοι
405 2395 486 2440 τις
534 2373 703 2454 φίλον
735 2374 1036 2452 προσιέναι,
1069 2374 1159 2430 καὶ
1190 2376 1266 2449 μή
1307 2373 1628 2452 ἐπέρχεσθαι
1677 2375 1752 2436 ὡς

151 2459 213 2513 ἐπί
247 2459 392 2516 ουλον
417 2482 430 2516 :

151 2459 333 2516 ἑπίόουλ
341 2483 392 2516 ον
417 2482 430 2532 ;

207 2568 278 2642 ιβ’.
310 2571 629 2645 Μιμοῦμαι,
683 2573 728 2626 ὦ
780 2570 952 2650 φίλοι,
1011 2571 1149 2647 πρός
1204 2594 1374 2643 τινος,
1433 2572 1492 2627 ὃν
1554 2572 1748 2626 ὑποθε-

151 2655 242 2710 τέον
280 2658 398 2712 εἶναι
456 2661 789 2736 Σαπρίκιον.
858 2665 1112 2735 Φανερῶς
1167 2659 1336 2717 έθέλω
1391 2659 1748 2739 φιλώσασθαι·

155 2747 299 2821 τρέχω
325 2749 455 2823 πρὸς
508 2749 677 2804 αὐτὸν
724 2750 833 2826 ἑγὼ
884 2752 1195 2830 Νικηφόρος
1247 2751 1321 2813 ὡς
1375 2751 1425 2805 ἐν
1482 2751 1749 2814 ὑποθέσει·

153 2839 405 2909 γουνοῦμαι
461 2837 539 2900 εἰς
604 2839 940 2913 γνησιότητα
992 2837 1217 2918 φιλικὴν
1278 2839 1633 2918 ἰγγραςρῆναι.
1691 2839 1753 2896 Ὀ

154 2918 194 2976 δέ
219 2921 328 2985 ἴσως
356 2926 419 2980 ού
468 2925 642 3000 μόνον
681 2925 742 2982 ού
791 2930 1142 3006 προσήσεται,
1192 2925 1338 2984 ἀλλὰ
1372 2929 1484 2998 καὶ,
1545 2927 1598 2982 εἷ’
1647 2949 1752 2983 που

153 3016 462 3088 παρευρεθείη
516 3014 698 3086 λίθος,
748 3016 784 3086 ἢ
843 3015 1026 3090 ξύλον,
1086 3018 1309 3091 ἁρπάζει
1358 3017 1474 3071 κατ’
1527 3015 1662 3089 ἐμοῦ
1688 3017 1751 3071 τὸ

153 3103 534 3178 παρευρημένον·
609 3100 919 3181 παραϐαλεῖ
988 3103 1044 3161 δὶ
1098 3106 1186 3161 καὶ
1239 3105 1462 3183 ξίφεσιν,
1523 3103 1577 3160 εἷ’
1614 3127 1754 3168 τινες

152 3190 467 3267 παρατύχοιεν
523 3193 676 3249 οὕτω
729 3197 1032 3257 θανοῦντες.
1092 3197 1216 3258 Πῶς
1249 3194 1339 3250 οὖν
1371 3194 1468 3250 ούκ
1515 3189 1751 3266 εὐλαϐή-

1863 2029 2038 2084 quam
2076 2017 2226 2068 Deus
2259 2014 2485 2070 detecta
2534 2032 2593 2070 re
2639 2016 2912 2071 certiores
2947 2033 3050 2072 nos
3095 2017 3319 2084 fecerit,
3374 2037 3516 2075 num

1861 2100 2102 2158 invidus
2134 2119 2263 2158 sese
2292 2120 2360 2159 ex
2388 2104 2681 2174 paradiso,
2704 2105 2822 2161 imo
2853 2122 2920 2160 ex
2952 2105 3067 2161 Deo
3091 2107 3216 2178 jam
3251 2123 3526 2179 segrega—

1861 2195 1988 2246 tum
2025 2191 2214 2262 malit,
2247 2194 2570 2249 dummodo
2601 2193 2772 2251 liceat
2802 2211 3008 2250 nocere
3039 2195 3090 2251 ei
3143 2212 3318 2266 quem
3368 2213 3524 2252 exse-

1863 2285 2080 2335 cratur.
2115 2282 2237 2346 Qua
2268 2298 2404 2354 ergo
2435 2281 2526 2338 via
2583 2283 2714 2354 quis
2773 2283 2989 2355 poterit
3044 2283 3347 2339 hominem
3385 2284 3520 2340 odio

1861 2371 1982 2422 tam
2016 2368 2328 2440 proclivem
2355 2375 2418 2425 ut
2448 2371 2703 2426 amicum
2737 2372 2921 2440 adire,
2956 2389 3060 2428 nec
3109 2373 3306 2444 potius
3346 2378 3515 2430 caute

1863 2457 2173 2514 convenire
2206 2464 2271 2513 ut
2295 2459 2543 2516 insidias
2577 2461 2962 2516 molientem?

1939 2564 2024 2619 12.
2055 2567 2248 2620 Prono
2277 2581 2390 2633 me,
2419 2566 2817 2636 amici,coram
2849 2567 3085 2624 homine
3115 2585 3288 2640 quem
3326 2568 3510 2641 ﬁnge-

1864 2667 1999 2708 mus
2027 2668 2157 2708 esse
2187 2654 2537 2726 Sapricium.
2569 2655 2712 2712 Volo
2742 2655 2912 2728 plane
2943 2658 3000 2712 in
3033 2659 3161 2728 ejus
3188 2657 3508 2713 amicitiam

1863 2740 2062 2813 recipi.
2098 2747 2350 2799 Accurro
2381 2744 2451 2798 ad
2478 2760 2612 2799 eum
2645 2761 2774 2817 ego,
2830 2750 2895 2801 ut
2953 2747 3288 2818 posuimus,
3348 2747 3519 2803 Nice-

1863 2829 2104 2900 phorus.
2136 2834 2338 2887 Genua
2368 2833 2690 2905 amplector
2735 2839 2804 2889 ut
2854 2835 3055 2891 ﬁdeles
3099 2836 3249 2892 inter
3295 2836 3521 2892 amicos

1861 2934 1954 2974 me
1983 2921 2336 2977 conscribat.
2371 2923 2424 2978 Is
2451 2927 2644 2980 autem
2680 2923 2920 2980 forsitan
2953 2925 3096 2980 adeo
3129 2943 3242 2980 non
3267 2924 3522 2981 delecta-

1863 3007 2020 3064 bitur
2050 3015 2340 3066 utcontra
2371 3029 2473 3068 seu
2505 3012 2895 3086 lapidem,seu
2930 3014 3177 3087 lignum,
3215 3031 3314 3071 seu
3343 3015 3513 3086 quid-

1863 3098 2004 3169 quid
2029 3099 2315 3157 invenerit
2343 3102 2623 3159 adversus
2656 3121 2748 3160 me
2779 3103 3039 3176 arripiat.
3092 3105 3212 3160 [mo
3244 3122 3383 3161 ense
3413 3121 3514 3176 ag-

1861 3188 2178 3260 gredietur,
2240 3189 2289 3244 si
2349 3191 2441 3246 cui
2503 3193 2583 3247 ita
2649 3192 2796 3248 mori
2854 3193 2914 3247 in
2985 3199 3263 3264 promptu
3315 3193 3512 3248 fuerit.

153 3258 474 3350 σομαι;ηπῶς
527 3281 597 3338 οὗ
646 3277 996 3361 φοϐήσομαι;
1047 3283 1206 3339 πόθεν
1243 3305 1336 3358 μοι
1369 3282 1566 3360 θάῤῥος
1615 3258 1754 3338 ἔσται

1873 3277 2172 3341 Qucmodo
2205 3279 2385 3352 igitur
2441 3298 2556 3337 non
2617 3298 2848 3337 caveam
2870 3282 2898 3337 ?
2925 3298 3030 3337 cur
3061 3298 3175 3337 non
3225 3281 3465 3338 timeam
3490 3281 3518 3336 ?

153 3369 400 3440 προσμίξαι
449 3375 532 3445 τῷ
599 3371 881 3447 Σαπρικίῳ
938 3371 1017 3435 εἲς
1076 3371 1339 3446 ὁμιλίαν,
1400 3372 1481 3428 ὅτι
1545 3374 1618 3446 μὴ
1676 3369 1765 3427 διὰ

156 3453 290 3525 μόνου
317 3464 407 3513 τοῦ
433 3464 598 3526 Θεοῦ,
637 3459 950 3532 ὠθήσαντός
1004 3483 1088 3535 με,
1145 3462 1218 3524 ὡς
1267 3460 1468 3524 ἐκεῖνος
1516 3459 1626 3517 οἶδε
1672 3461 1762 3516 καὶ

151 3545 418 3603 τὰτοιαῦτα
447 3549 806 3622 οἷκονομεῖν;
861 3551 1095 3618 Οὐκοῦν,
1147 3549 1201 3606 εἷ’
1233 3572 1315 3614 τις
1362 3551 1494 3625 ὀρθὰ
1545 3557 1759 3629 φρονεῖν

153 3633 294 3698 θεοθεν
339 3635 561 3715 ἔλαχεν,
617 3640 836 3711 όκνήσοι
896 3638 957 3694 ἂν
998 3637 1336 3718 προδραμεῖν
1384 3641 1472 3696 καὶ
1525 3641 1760 3716 ἁρπάσαι

153 3722 221 3775 τὸν
245 3724 452 3797 ἱκέσιον,
497 3727 593 3783 καὶ
633 3725 1037 3801 έκμειλίξασθαι
1085 3731 1175 3785 τὸν
1209 3729 1486 3809 πεφηνότα
1538 3728 1757 3806 έχθρόν,

153 3810 199 3864 οὗ
228 3816 349 3870 κατὰ
378 3816 671 3892 συγκυρίαν
702 3817 916 3891 ἁπλῶς,
950 3817 1096 3875 ἀλλὰ
1147 3817 1383 3893 μελέτην
1430 3818 1759 3896 ένδόμυχον,

150 3900 216 3953 καὶ
242 3901 392 3973 αὐτην
422 3900 764 3982 ἔμπρακτον,
795 3907 886 3962 καί
912 3929 973 3984 γε
1003 3907 1276 3984 ὀλεθρίαν,
1309 3908 1359 3964 εἴ
1393 3911 1466 3983 μὴ
1516 3910 1615 3979 τήν
1659 3910 1761 3964 ἀκ-

150 3989 235 4058 μὴν
259 3997 344 4047 τοῦ
371 3993 755 4072 αῗχμάσοντος
776 3991 1055 4070 ἤμϐλυνεν
1090 3998 1118 4053 ὃ
1149 3996 1297 4061 Θεόςο

203 4192 275 4259 ιγ”
306 4185 425 4245 Δέον
491 4189 697 4260 τοίνυν,
746 4189 800 4246 εἷ’
837 4213 919 4255 τις
963 4191 1149 4269 ἰχθρῷ
1185 4193 1421 4267 τοιούτῳ
1450 4195 1755 4268 περιπέσοι,

149 4270 472 4351 ἀναποδίζειν,
533 4277 589 4333 εἷ’
639 4300 744 4334 που
803 4279 946 4353 αὐτῷ
981 4282 1277 4358 περιτύχῃ,
1337 4284 1426 4337 καὶ
1482 4281 1752 4358 πρύμναν,

148 4359 205 4421 ὡς
232 4363 382 4429 οὕτως
422 4366 617 4436 εἲπεῖν,
667 4369 974 4444 κρούεσθαι,
1014 4370 1103 4426 καὶ
1153 4371 1519 4447 ἀνακωχεύειν
1567 4370 1616 4426 έν
1674 4375 1754 4444 τῷ

146 4446 480 4529 εὐλαϐεῖσθαι,
541 4455 619 4528 μὴ
670 4456 783 4526 καὶ,
840 4456 1034 4531 λιμένα
1091 4456 1262 4514 δοκῶν
1323 4446 1522 4536 εὑρεῖν,
1579 4479 1754 4537 προσ-

148 4543 480 4616 αραχθήσεται
527 4544 695 4621 ῥαχίᾳ
751 4545 826 4610 είς
886 4545 1181 4603 ἀπώλειαν·
1239 4549 1327 4604 καὶ
1391 4548 1490 4604 ούκ
1545 4548 1605 4603 ’ἂν
1666 4547 1749 4622 εἶή

1874 3369 2029 3424 unde
2055 3369 2300 3424 audeam
2333 3370 2481 3426 inire
2512 3387 2643 3426 cum
2678 3371 2939 3442 Sapricio
2991 3371 3351 3436 societatem,
3401 3370 3514 3426 nisi

1875 3457 2133 3530 impulsu
2167 3477 2200 3514 α
2232 3458 2356 3514 solo
2387 3459 2526 3530 Deo,
2571 3465 2633 3514 ut
2664 3460 2789 3531 ipse
2841 3460 3224 3531 Nicephorus,
3259 3460 3316 3514 id
3348 3475 3517 3530 pera-

1872 3547 2128 3618 gendum
2151 3548 2504 3619 susceperim
2524 3548 2552 3603 ?
2586 3550 2730 3619 Ergo
2749 3548 3085 3620 quicunque
3112 3565 3145 3604 a
3177 3553 3290 3604 Deo
3311 3564 3515 3603 sanam

1872 3636 2092 3708 accepit
2122 3640 2373 3691 mentem
2407 3653 2520 3692 non
2553 3637 2609 3692 id
2643 3638 2969 3692 committet
2998 3641 3063 3692 ut
3092 3637 3250 3709 prior
3274 3639 3517 3708 occupet

1871 3731 1970 3780 aut
2001 3725 2298 3798 pracipiat
2327 3730 2429 3782 aut
2460 3726 2884 3782 mansuefaciat
2932 3728 3263 3798 professum
3314 3725 3384 3781 de
3415 3741 3512 3797 ge-

1870 3829 2006 3868 nere
2053 3812 2161 3868 hoc
2209 3813 2555 3881 inimicum;
2591 3830 2694 3870 nec
2741 3816 2870 3886 ejus
2939 3831 3245 3870 occursum
3317 3812 3510 3870 solum

1868 3901 2114 3968 cavebit,
2145 3903 2244 3958 sed
2279 3902 2504 3958 occulta
2535 3903 2708 3958 etiam
2741 3904 2990 3976 incepta,
3011 3919 3141 3975 quae
3171 3918 3284 3958 non
3317 3901 3512 3969 irrita,

1865 3989 1984 4047 imo
2015 3995 2072 4047 et
2098 3991 2356 4064 lethalia,
2386 3992 2501 4048 Deo
2534 4009 2647 4049 non
2677 3993 3038 4049 obtundente
3113 3992 3296 4049 aciem
3327 4033 3341 4060 ,
3391 4007 3521 4048 esse

1866 4086 2130 4152 possent.

1940 4188 2024 4243 13.
2060 4187 2318 4260 Oportet,
2351 4188 2400 4245 si
2434 4189 2567 4261 quis
2600 4189 2657 4245 in
2690 4190 2866 4247 talem
2888 4190 3196 4246 inimicum
3220 4190 3516 4263 inciderit,

1865 4277 2070 4350 pedem
2105 4278 2334 4346 referat,
2370 4279 2419 4334 si
2451 4279 2589 4335 data
2618 4279 2694 4335 sit
2723 4281 2912 4352 copia,
2944 4297 3290 4353 navemque,
3331 4286 3398 4336 ut
3427 4281 3507 4338 ita

1865 4367 2077 4434 dicam,
2109 4371 2262 4422 retro
2285 4373 2438 4439 agat,
2472 4369 2800 4440 condatque
2832 4368 3201 4431 celeriterjn
3254 4371 3505 4426 statione

1863 4455 2209 4528 prudentiae,
2259 4473 2331 4512 ne
2375 4457 2540 4523 forte,
2587 4457 2636 4512 si
2691 4458 3004 4514 cessaverit
3051 4459 3110 4513 in
3155 4458 3504 4514 inveniendo

1863 4549 2058 4618 portu,
2093 4563 2126 4600 a
2156 4550 2313 4616 tergo
2336 4548 2593 4602 caedatur
2627 4565 2808 4618 usque
2839 4548 2908 4602 ad
2945 4563 3165 4603 necem.
3198 4547 3311 4604 Nec
3341 4547 3505 4603 locus

148 4633 406 4704 μεμπτέος,
489 4633 667 4707 οἶμαι,
743 4636 771 4691 ὁ
826 4641 1094 4706 τοιοῦτος,
1154 4635 1278 4693 ούδὶ
1335 4637 1626 4701 πτοιαλέος
1675 4637 1750 4701 εἲς

1870 4642 2038 4703 esset,
2086 4638 2279 4708 credo,
2326 4653 2431 4692 cur
2491 4637 2626 4693 talis
2674 4639 2762 4693 vir
2823 4638 3134 4711 culpetur;
3204 4638 3370 4693 nulla
3416 4643 3506 4694 est

148 4713 437 4793 ἀνένδεκτον,
497 4721 646 4798 εἷ’περ
707 4722 866 4779 αὐτὸν
917 4724 1119 4780 ἐκεῖνον
1166 4726 1256 4781 τὸν
1296 4725 1592 4802 βαρύτατον
1655 4723 1756 4802 έχ-

145 4801 244 4877 θρὸν
283 4811 570 4885 προσιόντα
629 4809 868 4887 βλέπων,
919 4813 1009 4868 καὶ
1062 4801 1431 4877 ἀϐασανίστως
1483 4801 1754 4870 λαλοῦντα

145 4893 560 4981 καταλλακτικὸν,
602 4901 864 4978 παρέλθοι
911 4900 1396 4976 ἀναστελλόμενος,
1431 4905 1595 4960 Πόθεν
1649 4905 1751 4981 γὰρ

147 4975 389 5052 δυνήσεται
445 4975 824 5065 θαῤῥύνασθαι,
883 4993 957 5054 ὡς
1020 4993 1096 5065 μὴ
1150 4975 1544 5065 δυσελπιστεῖν,
1597 4975 1748 5064 ἥκειν

144 5065 308 5129 ἰκτῖνον
366 5076 453 5133 ἰπὶ
514 5076 746 5154 σπονδῇ,
807 5081 870 5136 ού
924 5081 1032 5154 μὴν
1083 5080 1170 5137 ἐπὶ
1221 5079 1456 5157 σπουδῇ,
1506 5082 1752 5160 μεγάλου

140 5167 309 5233 κακοῦ;
367 5169 463 5222 Καὶ
512 5162 623 5224 ἔστι
675 5169 737 5224 τὸ
787 5175 1012 5247 πρᾶγμα
1068 5170 1276 5226 εἰκάσαι
1331 5171 1526 5236 οὕτως’
1588 5169 1752 5253 φοϐε-

140 5247 278 5338 Ρῆςὸ
325 5255 462 5312 λέων
517 5257 824 5328 έξάπαντος,
879 5260 996 5324 ὅθεν
1052 5262 1140 5316 καὶ
1191 5259 1513 5338 προσελθεῖν
1563 5247 1751 5336 ἰκτίνῳ

140 5337 249 5394 πάνυ
297 5364 346 5398 τι
419 5347 665 5421 ἆθαρσὶς,
734 5348 780 5403 εἰ
843 5350 935 5404 καὶ
1005 5337 1242 5406 ἁλύσεσι
1288 5350 1749 5426 κατακλειόμενος

134 5426 451 5519 περιδέδεται·
500 5439 590 5492 καὶ
649 5435 1016 5515 ἐπερχόμενον
1061 5437 1118 5495 δὶ
1167 5438 1298 5496 ῗδὼν
1360 5440 1516 5519 φύνοι
1574 5441 1634 5496 ’ἀν
1665 5462 1748 5505 τις

139 5509 182 5574 ές
227 5521 410 5597 τάχος,
463 5525 510 5581 εὶ
573 5528 649 5599 μὴ
705 5509 1062 5591 τὸδξπὸδπ
1119 5509 1432 5587 ἀποκωλύει
1489 5532 1552 5586 τὸ
1608 5528 1744 5594 δέος.

135 5600 325 5698 Ὀμοίῳ
373 5608 432 5684 δὴ
486 5613 643 5692 λὸγῳ
689 5617 916 5697 φευκτέα
961 5618 1051 5674 καὶ
1095 5621 1130 5690 ἡ
1189 5619 1512 5698 βαθῦῤῥιζος
1554 5614 1746 5697 ἔχθρα,

137 5694 209 5748 καὶ
251 5698 277 5754 ὁ
329 5707 444 5761 κατ’
492 5705 658 5778 αὐτὴν
702 5694 1026 5780 ’λεοντώδης
1084 5694 1302 5787 δχθρός.
1330 5694 1522 5788 ’ίΈχοι
1565 5694 1744 5768 τθίνυν

1863 4725 2019 4782 enim
2047 4725 2332 4782 timiditas
2371 4725 2774 4783 ineluctabilia
2820 4727 3187 4784 dctrectanti.
3235 4727 3375 4784 Jure
3404 4726 3510 4798 igi-

1862 4822 1960 4874 tur
1989 4817 2165 4873 homo
2196 4821 2412 4888 noster,
2447 4817 2495 4872 si
2528 4817 2943 4890 gravissimum
2997 4818 3152 4874 hunc
3200 4817 3507 4874 inimicum

1865 4905 2232 4978 prospexerit
2261 4905 2332 4960 ad
2365 4922 2426 4960 se
2457 4906 2787 4962 venientem
2817 4913 2874 4962 et
2899 4907 3234 4964 inconsulto
3269 4907 3338 4962 de
3371 4923 3512 4962 con-

1863 4992 2393 5068 cordialoquentem
2404 5012 2716 5054 conversus
2730 4999 2787 5053 in
2803 4998 2995 5071 fugam
3007 4997 3078 5053 ab
3091 5013 3157 5052 eo
3171 4995 3513 5056 declinabit.

1861 5087 2023 5144 Unde
2052 5087 2207 5143 enim
2260 5087 2474 5159 poterit
2510 5087 2654 5143 satis
2690 5088 3001 5144 conﬁdenti
3053 5104 3182 5144 esse
3214 5087 3410 5143 animo
3445 5093 3509 5143 ut

1861 5183 2055 5250 speret
2083 5177 2389 5233 inimicum
2435 5177 2708 5233 accedere
2738 5177 2806 5233 ad
2853 5176 3344 5244 conciliationem,
3390 5193 3508 5232 non

1861 5283 2173 5339 properare
2204 5267 2274 5322 ad
2345 5283 2625 5339 magnum
2673 5265 2948 5321 facinus?
2999 5265 3079 5321 Re
3126 5264 3512 5322 similitudine

1860 5357 2246 5412 adumbrabo.
2295 5357 2596 5412 Terribilis
2653 5359 2742 5412 est
2797 5355 2885 5411 leo
2937 5372 3069 5411 cum
3127 5353 3398 5411 occurrit.
3433 5353 3506 5410 Ut

1857 5461 1992 5501 vero
2024 5444 2185 5501 nulla
2217 5461 2364 5518 Opus
2396 5450 2551 5502 esset
2581 5445 2824 5502 audacia
2863 5445 2912 5500 si
2944 5445 3077 5517 quis
3122 5460 3256 5500 eum
3288 5443 3344 5497 in
3378 5460 3504 5498 car-

1861 5550 1989 5591 cere
2018 5534 2340 5591 cohibitum
2373 5541 2428 5591 et
2450 5535 2673 5592 catenis
2711 5535 3095 5592 constrictum
3151 5532 3504 5603 conveniret,

1859 5623 1945 5681 sic
1991 5624 2349 5697 [liberatum]
2396 5629 2453 5682 et
2515 5629 2916 5684 occurrentem
2966 5623 3158 5698 quivis
3203 5637 3379 5696 quam
3419 5621 3498 5678 ci-

1858 5714 2088 5772 tissime
2119 5715 2363 5788 fugcrst,
2397 5717 2570 5774 modo
2600 5733 2715 5774 non
2746 5716 2923 5790 pedes
2970 5729 3183 5788 pavore
3230 5711 3501 5772 constite-
