4114 6200
478 406 602 465 5'15
1265 403 1685 466 EUS'I‘A'I‘HII
1728 399 2498 464 THESSALONICENSIS
2543 402 3131 464 METROPOLITE
3801 404 3925 465 576

475 531 827 588 rint.Simili
859 532 1033 588 modo
1058 530 1402 604 fugiendum
1425 534 1515 586 est
1534 529 1735 587 odium
1767 527 1901 584 altis
1931 528 2138 585 radici-

2264 528 2444 599 ἑπίσης
2473 533 2701 597 ποιῆσαι
2732 525 2938 604 ὥσπερ,
2978 526 3111 606 πυρὶ
3170 531 3441 605 προσᾶραι
3494 526 3639 585 πόδα
3677 528 3918 605 γυμνόν·

474 621 590 677 bns
613 621 1310 693 beerens,fugiendusque
1326 618 1603 675 inimicus
1631 633 1734 691 per
1758 618 1917 674 istud
1935 618 2138 675 odium

2264 616 2395 673 ιῦτω
2451 617 2544 673 καὶ
2599 615 2837 691 τοιούτῳ
2889 616 3078 694 ἰχθρῷ
3151 618 3448 695 προσμίξαι
3520 618 3598 682 εἰς
3652 640 3918 696 πραγμα-

478 709 634 767 leoni
666 709 901 766 similis.
954 710 1165 766 Pedem
1211 710 1437 765 nudum
1487 710 1546 764 in
1598 708 1764 780 ignes
1816 723 1957 763 sane
2004 724 2144 780 pro-

2264 726 2392 762 ιειαν
2453 704 2640 785 φιλίας
2680 713 2782 777 τῆς
2831 706 2972 783 πρὸς
3019 705 3310 784 ὀρθότητα,
3352 707 3444 763 καὶ
3494 707 3918 785 προερχόμενον

477 798 679 868 ferret,
712 799 812 871 qui
845 815 908 855 se
934 798 1037 855 tali
1067 800 1317 855 sociaret
1345 797 1608 865 inimico,
1652 796 1972 853 amicitiam
2006 813 2140 852 cum

476 903 544 944 eo
573 888 895 944 secundum
934 887 1232 959 justitiam
1262 886 1704 943 conciliaturus.
1739 885 1976 957 Oportet
2004 901 2139 941 eum

476 976 667 1050 fugiat
706 981 1109 1032 occurrentem
1158 976 1327 1049 quasi
1387 976 1459 1030 ad
1508 974 1732 1046 oscula,
1782 991 1899 1031 non
1950 990 2123 1030 secus

476 1081 545 1122 ac
575 1064 624 1120 si
657 1069 794 1120 ante
824 1064 1172 1138 pedesignis
1191 1064 1625 1121 accenderetur.
1654 1064 1817 1127 Quod
1864 1063 2020 1119 enim
2067 1063 2141 1119 ad

478 1153 951 1226 perturbationes
983 1154 1201 1210 mentis
1228 1154 1456 1220 attinet,
1488 1153 1586 1225 qui
1618 1153 1690 1208 ad
1748 1167 1819 1207 ea
1874 1151 2137 1224 pericula

481 1242 758 1298 incautus
789 1242 908 1298 ruit
938 1258 1069 1315 quae
1090 1246 1292 1314 postea
1310 1248 1583 1314 expertus
1616 1239 2141 1308 reformidat,idem

477 1330 619 1388 facit
646 1347 714 1387 ac
743 1331 795 1386 si
826 1347 941 1387 non
972 1330 1196 1387 videret
1225 1330 1382 1403 quod
1415 1334 1549 1386 ante
1579 1330 1781 1402 pedes.

554 1437 640 1492 14.
663 1435 911 1493 Necesse
940 1442 1030 1494 est
1058 1453 1217 1510 ergo,
1250 1441 1316 1492 ut
1366 1444 1602 1509 apparet
1635 1452 1704 1492 ex
1749 1435 1846 1493 his
1876 1453 2003 1509 quas
2033 1452 2139 1491 nu-

481 1542 587 1599 per
614 1524 1063 1597 diximus,orare
1095 1543 1167 1582 ne
1197 1526 1333 1598 quis
1368 1527 1527 1597 prior
1554 1542 1659 1582 vos
1690 1525 1823 1582 odio
1854 1523 2141 1597 pertinaci

486 1622 749 1687 occupet.
787 1615 885 1670 Sin
931 1620 1128 1671 autem
1177 1615 1238 1670 in
1288 1615 1435 1671 tales
1481 1615 1747 1671 miserias
1794 1613 2138 1680 incideritis,

485 1703 779 1760 demittite
809 1709 1006 1776 caput,
1053 1710 1229 1775 atque
1262 1719 1331 1759 ex
1374 1702 1477 1759 illa
1525 1703 1822 1759 communi
1852 1703 2139 1759 malorum

483 1793 720 1866 abysso,
751 1792 901 1847 clam
948 1792 1212 1848 invocata
1265 1797 1487 1859 Deum;
1537 1797 1664 1847 tum
1713 1791 1962 1865 genibus
2004 1807 2140 1863 pro-

482 1881 666 1937 voluti
698 1881 993 1938 extendite
1024 1882 1103 1936 ad-
1123 1899 1257 1937 eum
1288 1898 1537 1949 manus;
1575 1881 1829 1952 denique
1850 1886 2047 1935 cavete
2068 1897 2140 1935 ne

487 1971 589 2043 qui
621 1971 779 2044 prior
807 1970 1046 2037 leserit,
1074 1970 1223 2026 iram
1257 1970 1564 2026 occasione
1616 1970 1755 2025 data
1803 1969 2053 2041 expleat,
2088 1969 2137 2025 si

488 2059 655 2116 vobis
689 2058 899 2115 obvius
945 2059 1140 2115 fuerit.
1195 2059 1559 2131 Quapropter
1606 2058 2002 2130 colligendum
2053 2061 2143 2113 est

486 2164 555 2205 ex
584 2148 657 2205 iis
688 2164 815 2221 qua
846 2151 1020 2204 antea
1051 2148 1578 2213 consideravimus,
1613 2151 1839 2202 remota
1867 2146 2139 2203 odiorum

486 2236 765 2295 scandala
788 2237 1294 2309 compositamque
1326 2253 1527 2310 pacem
1578 2252 1884 2291 summum
1914 2251 2045 2291 esse
2075 2251 2141 2290 ac

488 2343 834 2400 supremum
860 2328 1079 2383 bonum
1103 2327 1379 2382 omnibus
1401 2324 1827 2393 hominibus,et
1847 2323 2141 2396 imprimis

492 2416 865 2482 Christianis,
897 2432 931 2471 a
962 2416 1178 2489 quibus
1224 2415 1380 2471 Deus
1424 2430 1615 2486 neque
1668 2415 1890 2469 donum
1950 2428 2140 2484 neque

492 2505 652 2563 aliud
703 2504 1026 2577 quidquam
1081 2504 1291 2576 accipit
1337 2503 1454 2559 nisi
1515 2503 1861 2559 cbaritatem
1910 2501 2139 2569 colant;

489 2599 618 2652 tum
654 2594 885 2650 cunctis
915 2593 990 2649 iis
1022 2610 1147 2665 quis
1181 2594 1251 2649 ad
1283 2594 1463 2648 vitam
1498 2596 1783 2664 spectant.

563 2702 651 2757 15.
703 2700 868 2765 Quod
927 2699 976 2756 si
1012 2699 1169 2773 quis,
1219 2704 1532 2772 postquam
1581 2697 2034 2772 perseveraverit
2079 2697 2140 2753 in

494 2790 650 2859 odio,
692 2794 749 2845 et
793 2788 1157 2845 lacessiverit
1204 2792 1261 2843 et
1322 2787 1599 2844 terruerit
1647 2793 1704 2843 et
1753 2788 2034 2856 nocuerit,
2084 2789 2143 2842 et

492 2877 724 2933 nullum
770 2876 941 2949 plane
989 2875 1261 2933 amicitias
1308 2876 1594 2932 indicium
1658 2893 1772 2948 pra:
1815 2892 1876 2932 se
1923 2874 2139 2945 tulerit,

489 2969 694 3040 postea
715 2966 1023 3021 nuntietur
1042 2981 1105 3021 se
1120 2965 1525 3037 composuisse
1547 2965 1604 3020 in
1632 2964 1885 3020 amicum
1909 2962 2136 3019 fidelem

493 3056 594 3127 qui
629 3071 829 3127 pacem
863 3059 1198 3127 promoveat
1226 3060 1284 3110 et
1326 3054 1635 3128 paciﬁcum
1687 3070 1751 3110 se
1796 3054 2030 3110 dextere
2060 3052 2139 3108 si-

495 3144 682 3201 mulet
712 3161 727 3213 ;
762 3144 865 3200 sed
908 3143 1233 3200 cavendum
1289 3149 1381 3199 est
1430 3160 1502 3199 ne
1553 3159 1685 3198 cum
1754 3141 1857 3198 tali
1904 3142 2141 3198 homine

495 3233 685 3290 amica
714 3232 962 3290 societas
1008 3232 1260 3304 ineatur,
1309 3233 1493 3288 donec
1532 3231 1707 3287 ﬁdem
1738 3230 1797 3286 in
1830 3247 1892 3286 se
1922 3229 2139 3301 fecerit,

495 3338 721 3395 ponens
753 3322 813 3377 in
845 3321 1037 3377 medio
1069 3322 1278 3393 pignus
1309 3321 1607 3389 idoneum,
1639 3321 1741 3393 per
1788 3321 1945 3394 quod
1994 3319 2143 3375 alter

494 3430 631 3471 cum
677 3412 858 3470 altero
911 3413 1323 3485 conjungatur,
1377 3430 1442 3468 ac
1486 3414 1600 3468 duo
1651 3412 1901 3484 sejuncti
1945 3411 2053 3467 viri
2083 3411 2143 3468 in

494 3501 773 3559 unionem
798 3502 986 3557 sancti
1017 3501 1269 3572 Spiritus
1292 3500 1905 3573 ingrediantur.A1iter
1919 3502 2053 3573 jure
2076 3500 2146 3555 ti-

496 3592 779 3647 mendum
811 3589 888 3645 sit
917 3607 989 3646 ne
1018 3590 1358 3662 importuno
1392 3591 1449 3645 in
1479 3606 1821 3664 congressu,
1867 3590 1967 3663 qui
2000 3590 2146 3645 ami-

499 3680 702 3736 citiam
752 3678 1129 3750 respiscentis
1178 3696 1338 3735 more
1387 3686 1680 3752 precatur,
1728 3681 2147 3735 detrimentum

498 3773 702 3825 contra
731 3768 897 3837 ferat,
931 3768 1087 3841 quod
1120 3767 1362 3824 minime
1409 3768 1656 3841 patienti
1705 3768 1942 3825 salubre
1990 3767 2147 3825 futu-

498 3874 630 3914 rum
664 3861 842 3914 esset.

573 3947 661 4002 16.
692 3946 855 4002 Idem
889 3962 1131 4018 prorsus
1159 3945 1208 4002 is
1248 3946 1653 4003 reformidabit
1697 3946 1799 4019 qui
1845 3947 1917 4003 ad
1948 3945 2149 4002 inimi-

502 4052 639 4092 cum
687 4034 995 4091 revertitur
1041 4052 1155 4091 non
1205 4036 1379 4108 plane
1440 4037 1790 4109 simplicem,
1849 4038 1949 4094 sed
2015 4036 2151 4110 plus

503 4140 672 4196 aequo
704 4125 1003 4180 acerbum.
1035 4123 1157 4188 Quo
1180 4125 1336 4181 enim
1370 4124 1657 4181 satisdato
1683 4125 1895 4181 certior
1923 4126 1999 4181 sit
2028 4126 2150 4196 qui,

505 4217 745 4270 auctore
761 4212 1067 4283 Deo,tuam
1082 4216 1294 4285 repetit
1316 4215 1616 4271 studiosus
1634 4231 1810 4287 quam
1829 4216 2155 4287 projecerat

506 4301 850 4369 amicitiam,
898 4301 1019 4357 fore
1065 4309 1126 4357 ut
1173 4302 1298 4374 ipse
1348 4303 1653 4359 conveniat
1701 4303 2007 4358 inimicum
2038 4303 2155 4358 cito

505 4389 986 4466 placabilem,qui
1013 4391 1453 4461 resipiscentem
1479 4392 1737 4447 amicum
1770 4391 2158 4465 amplectatur

506 4484 564 4538 et
590 4479 912 4548 osculetur,
947 4497 1060 4535 non
1092 4481 1319 4537 occidat
1348 4486 1406 4537 et
1442 4482 1677 4537 devoret
1721 4482 1933 4537 misere
1975 4480 2156 4537 truci-

2250 792 2309 851 δὶ
2337 796 2412 858 ὡς
2441 797 2719 871 ἀγαπῆσαι
2768 796 2984 873 φεύγειν
3029 797 3159 852 ὡσεὶ
3206 797 3298 851 καὶ
3343 800 3476 873 πῦρ,
3526 797 3555 852 ὃ
3596 798 3793 874 φλέγει
3851 800 3922 854 τὰ

2250 882 2303 938 ἐν
2362 883 2542 942 ποσίν.
2601 886 2828 957 Ὅμοιον
2873 885 3003 961 γὰρ,
3045 885 3115 940 τά
3160 905 3225 961 γε
3269 883 3351 948 εἲς
3398 886 3586 961 ψυχῆς
3628 887 3912 962 τάραχον,

2250 971 2553 1049 ἔπιτρᾶχειν
2602 993 2661 1029 τε
2707 972 3033 1053 ἀφυλάκτως
3078 972 3384 1051 πράγματι,
3433 974 3464 1028 ὃ
3524 973 3661 1049 μετὰ
3709 979 3909 1052 πεῖραν

2248 1062 2600 1136 πτοούμεθα,
2679 1062 2771 1118 καὶ
2857 1061 3077 1140 βλέπειν
3164 1062 3340 1120 ἰκεῖνο
3434 1065 3754 1143 προφθάνον
3844 1062 3922 1125 εἷς

2248 1152 2421 1223 ἡμᾶς·

2324 1432 2407 1495 ιδ’.
2440 1437 2562 1512 Χρή
2596 1432 2693 1490 οὑν
2723 1431 3005 1511 εὔχεσθαι,
3038 1436 3115 1498 ὡς
3142 1431 3316 1492 ἔοικεν
3370 1434 3424 1492 ἰν
3467 1440 3588 1499 τοῖς
3636 1433 3792 1512 ἄρτι,
3846 1438 3924 1511 μὴ

2250 1524 2492 1600 εὑρέσθαι
2573 1526 2701 1598 ὑμῖν
2777 1525 2954 1601 ἀρχὴν
3036 1529 3399 1598 πεισματικοῦ
3469 1525 3689 1599 μίσους·
3763 1525 3818 1582 εί
3868 1524 3924 1583 δὲ

2246 1636 2328 1677 τις
2380 1612 2605 1688 ἐμπέσοι
2662 1618 2815 1687 κακῷ
2853 1613 3111 1687 τοιούτῳ,
3172 1613 3319 1671 ἀλλὰ
3361 1615 3487 1671 τότε
3525 1614 3919 1688 κατακάμπτε-

2250 1716 2369 1768 σθαι
2442 1704 2533 1758 καὶ
2608 1705 2794 1779 ἡσυχῆ
2874 1702 3267 1772 ωτακλᾶσθαι,
3344 1702 3761 1781 προσπίπτοντα
3842 1709 3922 1777 τῷ

2249 1797 2417 1864 κοινῷ
2474 1792 2644 1868 βυθῷ,
2705 1795 2859 1863 Θεῷ,
2916 1792 3008 1847 καὶ
3065 1793 3427 1868 γουνούμενον
3490 1790 3917 1863 συστέλλεσθαι,

2169 1908 2217 1973 Β
2248 1882 2338 1936 καὶ
2399 1879 2719 1936 ὑποπτεύειν
2758 1880 2851 1935 τὸν
2892 1881 3243 1955 κατάρξαντα,
3305 1884 3522 1955 μήποτε
3577 1881 3773 1957 καιρὸν
3842 1883 3925 1936 εὑ-

2249 1972 2433 2047 ρηκὼς
2461 1968 2760 2043 ἀποπλήσῃ
2812 1971 2905 2024 τὸν
2958 1971 3128 2045 θυμὸν
3182 1969 3349 2025 αὑτοῦ
3404 1971 3455 2026 ἐν
3506 1975 3589 2044 τῷ
3620 1976 3922 2048 συντυχεῖν

2248 2060 2352 2115 ὑπὸ
2379 2060 2583 2133 τουτῳῒ
2629 2063 2708 2132 τῷ
2760 2060 3094 2133 μισουμένῳ.
3155 2060 3254 2114 Καὶ
3292 2060 3479 2115 τοίνυν
3505 2059 3809 2135 ποριστέον
3862 2059 3922 2116 ἐκ

2243 2154 2352 2204 τῶν
2414 2147 2532 2222 ἄρτι
2593 2147 3032 2222 ίπεσκεμμὲνων,
3094 2146 3179 2203 ὅτι
3242 2154 3543 2226 περιαιρεῖν
3606 2150 3703 2222 μὶν
3758 2149 3921 2205 σκάν-

2247 2235 2388 2294 δαλα
2432 2237 2803 2314 ἐχθροποιῶν,
2851 2237 2942 2292 καὶ
2989 2237 3459 2314 πραγματεύεσθαι
3495 2237 3723 2311 εἰρήνην
3792 2237 3916 2314 ἄρι-

2248 2325 2369 2381 στόν
2430 2326 2540 2381 ἐστι
2595 2326 2769 2396 πάντη
2828 2325 2918 2380 καὶ
2976 2324 3194 2387 πάντως
3250 2324 3697 2402 ἀνθρώποις,μή
3727 2324 3824 2379 ὅτι
3857 2345 3917 2400 γε

2246 2417 2614 2491 Χριστιανοῖς,
2693 2415 2766 2468 ὧν
2817 2410 2942 2469 οὔτε
3007 2411 3154 2490 δῶρα
3202 2412 3417 2490 δέχεται
3478 2416 3507 2469 6
3559 2414 3716 2485 Θεὸς,
3782 2412 3915 2469 οὔτε

2246 2503 2552 2581 προσένεξιν
2584 2502 2847 2579 ἒτεροίαν,
2882 2503 2926 2557 εἰ
2962 2504 3036 2577 μὴ
3072 2503 3243 2566 οὕτως
3285 2504 3644 2580 ἀγαπητικῶς
3705 2507 3912 2559 ποιοῦ-

2248 2616 2352 2664 σιν,
2385 2592 2530 2649 ἀλλὰ
2556 2594 2646 2648 καὶ
2676 2593 2839 2647 ἅπασι
2868 2597 2982 2655 τοῖς
3013 2590 3067 2647 ἐν
3119 2591 3247 2668 βίῳ.

2321 2706 2398 2755 ιε’.
2457 2700 2585 2758 ⁶Οτε
2616 2695 2673 2754 δέ
2701 2720 2784 2761 τις
2816 2698 2954 2776 πρὸς
2985 2695 3226 2753 ἔνστασιν
3262 2698 3585 2772 μεμισηκὼς
3623 2698 3715 2754 καὶ
3751 2695 3911 2771 ἐπεξ-

2249 2789 2420 2853 ελθὼν
2465 2788 2554 2843 καὶ
2585 2784 2892 2863 ἐκφοϐήσας
2930 2787 3019 2842 καὶ
3073 2786 3285 2863 βλάψας
3326 2787 3417 2842 καὶ
3465 2783 3633 2860 μηδὲν
3688 2808 3745 2841 τι
3806 2809 3916 2860 μη-

2251 2877 2432 2939 δόλως
2480 2874 2848 2949 ἐνδειξάμενος
2907 2877 3120 2951 ἀγάπης
3162 2877 3488 2953 τεκμήριον,
3545 2877 3657 2931 εἶτα
3706 2875 3917 2932 εἰκονί-

2254 2973 2360 3037 ζειν
2435 2962 2825 3043 ἐπαγγέλλεται
2892 2962 3053 3040 φίλον
3107 2961 3333 3040 ἀκριϐῆ,
3393 2968 3707 3041 προκεντῶν
3756 2963 3919 3039 εἰρη-

2252 3060 2376 3112 ναῖά
2422 3075 2545 3111 τινα
2580 3052 2669 3109 καί
2727 3057 3068 3132 σκιαγραφῶν
3133 3051 3343 3127 δεξιῶς,
3393 3051 3520 3109 ἀλλ’
3578 3052 3772 3125 ἐκείνῳ
3838 3057 3917 3125 τῷ

2253 3145 2524 3220 ἀνθρώπῳ
2603 3137 2935 3214 εὐλαϐητέον
3008 3143 3083 3206 εἷς
3161 3143 3355 3198 ταυτὸν
3426 3140 3652 3214 ὁμιλίας
3726 3140 3915 3206 ἐλθεῖν

2252 3233 2497 3312 φιλικῆς,
2521 3229 2627 3295 ἵως
2657 3231 2715 3286 ἂν
2756 3232 3202 3308 τεκμηριώσηται
3250 3229 3458 3287 κόλλαν
3517 3230 3571 3286 ἐν
3620 3235 3700 3301 τῷ
3756 3231 3919 3304 μέσῳ

2251 3328 2519 3388 τεθεῖσθαι
2570 3320 2880 3397 ἀξιόλογον,
2922 3318 2996 3375 δι’
3040 3324 3107 3390 ἧς
3135 3319 3411 3392 ἀλλήλοις
3465 3317 3916 3396 προσκολληθή-

2253 3433 2457 3481 σονται,
2510 3410 2600 3466 καὶ
2659 3410 2735 3474 εἷς
2787 3411 3156 3484 πνευματικὴν
3217 3411 3269 3465 οἱ
3329 3408 3613 3471 διεστῶτες
3669 3402 3912 3473 ἔλθωσιν

2254 3498 2466 3557 ἕνωσιν.
2501 3501 2630 3562 Δὲος
2660 3500 2764 3574 γὰρ
2796 3498 2899 3554 οὑκ
2926 3498 3250 3574 ἆνὲλλογον,
3303 3501 3378 3573 μή
3412 3518 3546 3554 ποτε
3571 3501 3641 3572 τῇ
3693 3498 3914 3574 ἀκαίρῳ

2257 3589 2559 3646 συνελεύσει
2593 3590 2621 3643 6
2652 3587 2967 3663 προςελθὼν
3014 3588 3197 3666 βλάψῃ
3255 3585 3471 3662 μεθόδῳ
3531 3585 3757 3659 ὑπούλῳ
3823 3588 3914 3641 τὸν

2256 3678 2445 3757 ἄνδρα,
2480 3677 2540 3734 οὗ
2561 3678 2661 3747 τὴν
2691 3677 2876 3756 φιλίαν
2912 3683 3066 3748 ζητεῖ
3090 3679 3504 3753 ἀνακαμπικῶς,
3533 3676 3624 3732 καὶ
3652 3678 3690 3747 ἡ
3723 3669 3914 3752 βλάϐη

2259 3768 2408 3824 ἔσται
2441 3768 2517 3832 εἰς
2550 3765 2702 3822 οὐδὲν
2737 3766 2884 3842 ὑγιὶς
2911 3772 2990 3838 τῷ
3022 3766 3265 3824 παθόντι.

2335 3948 2419 4011 ις’.
2468 3945 2546 4003 Τὸ
2578 3943 2636 4001 δὲ
2666 3943 2857 4020 ὅμοιον
2905 3947 3200 4017 πτοήοεται
3247 3942 3465 4007 πάντως
3516 3943 3606 3999 καὶ
3655 3943 3685 3997 6
3742 3962 3918 4018 προσ-

2263 4035 2619 4114 ρυϊσκόμευος
2649 4035 2854 4111 ἐχθρῷ,
2888 4034 2948 4090 ού
2977 4039 3058 4107 τῷ
3089 4032 3279 4096 ἁπλῶς
3315 4032 3368 4089 ἐν
3425 4029 3721 4103 ἁπλότητι,
3772 4028 3923 4087 ἀλλὰ

2261 4126 2396 4197 πρὸς
2441 4118 2912 4197 ὖπερϐεόληκυῖαν
2955 4120 3326 4199 σγληρότητα.
3377 4122 3545 4178 Πόθεν
3588 4121 3694 4197 γὰρ
3742 4117 3919 4195 ἐγγύη

2264 4212 2573 4284 δοθήσεται,
2602 4212 2678 4276 ὡς
2721 4213 2748 4266 6
2794 4210 2932 4266 κατὰ
2979 4211 3107 4266 Θεὸν
3154 4210 3596 4289 φιλυπόστροφος
3656 4208 3737 4270 εἷς
3786 4206 3922 4283 ἀγά-

2262 4325 2371 4375 πην
2437 4302 2813 4378 ἀποιχομένην
2896 4303 3142 4376 στρεπτῷ
3207 4300 3407 4362 εὐθέως
3486 4295 3786 4372 ἐντεύεεται
3841 4298 3922 4366 τῷ

2265 4393 2450 4470 ἰχθρῷ
2494 4390 2585 4446 καὶ
2642 4388 2849 4463 ἑτοίμῳ
2906 4388 3357 4466 ἱγκολπώσασθαι
3430 4388 3518 4444 καὶ
3581 4383 3918 4441 ἀσπάσασθαι

2266 4485 2357 4538 τὸν
2405 4479 2793 4554 ἀνακάμψαντα
2841 4475 3027 4554 φίλον,
3076 4477 3138 4533 οὑ
3193 4480 3301 4552 μὴν
3357 4474 3816 4552 διαχειρίσασθαι,
3846 4472 3921 4533 ὡς

507 4570 711 4627 datum
732 4569 761 4623 ?
786 4569 1041 4642 Contigit
1070 4568 1127 4624 in
1161 4572 1425 4643 exemplo
1469 4587 1650 4642 supra
1694 4569 1930 4626 laudato
1963 4577 2026 4626 ut
2056 4571 2147 4643 qui

2266 4570 2357 4627 καὶ
2410 4572 2733 4648 καταφαγεῖν
2786 4565 3105 4639 ἐξολωλότα
3151 4570 3372 4636 κακῶς;
3431 4564 3507 4623 Οὑ
3567 4561 3751 4636 δήπου
3794 4562 3919 4638 γὰρ,

508 4657 766 4715 reditum
797 4656 855 4712 in
887 4658 1208 4714 amicitiam
1239 4658 1604 4729 quaesivisset
1640 4658 1916 4733 martyrio
1968 4660 2147 4716 salva-

2270 4662 2343 4722 ὼς
2374 4658 2460 4714 ἐπὶ
2496 4634 2594 4713 τοῖ’)
2624 4634 2988 4734 προκειμένου
3015 4657 3043 4711 6
3091 4656 3186 4729 μὲν
3235 4634 3471 4726 ζητήσας
3500 4634 3767 4710 ἐπάνοδον
3799 4634 3925 4725 ἀγάο

509 4751 691 4819 retur,
724 4745 943 4818 quique
976 4747 1315 4803 redeuntem
1350 4752 1654 4803 aversatus
1679 4755 1832 4803 esset
1863 4765 1965 4820 per
1994 4749 2163 4805 Sata—

512 4851 651 4892 nam
682 4834 920 4908 periret.
948 4836 1134 4907 Atque
1184 4851 1416 4908 semper
1473 4836 1677 4892 eodem
1731 4837 1903 4894 modo
1961 4853 2023 4894 se
2072 4854 2165 4894 res

512 4923 710 4992 habet,
745 4940 850 4980 nec
900 4927 1130 4998 oportet
1164 4924 1458 4982 conﬁdere
1507 4941 1614 4981 nos
1645 4924 1727 4982 ita
1779 4926 2052 5000 delapsos
2083 4927 2167 4984 ita

515 5012 805 5071 salvatum
850 5013 944 5069 iri.
999 5014 1267 5087 Namque
1318 5013 1463 5070 illud
1510 5029 1747 5087 perraro
1792 5016 2004 5087 evenit,
2063 5033 2168 5074 nec

518 5099 659 5158 alibi
687 5101 803 5158 tale
833 5104 1156 5177 quidquam
1206 5103 1552 5177 reperiatur.
1616 5104 1833 5163 Omitto
1889 5106 2078 5163 dicere
2108 5106 2168 5162 id

515 5191 862 5250 naturaliter
890 5210 955 5249 ac
983 5193 1157 5268 vulgo
1189 5194 1312 5249 ﬁeri
1341 5199 1403 5249 ut
1425 5195 1598 5250 ambo
1631 5211 1744 5250 una
1773 5195 1998 5269 delapsi
2048 5214 2169 5255 una

512 5287 777 5357 pereant,
811 5299 930 5355 qua
956 5300 1027 5341 ex
1057 5300 1120 5340 re
1151 5284 1345 5356 majus
1376 5283 1603 5340 damon
1654 5285 1938 5356 gaudium
1989 5287 2173 5344 susci.

515 5372 667 5446 piat.

588 5460 676 5519 17.
740 5461 1079 5520 Cavendum
1118 5467 1209 5520 est
1271 5462 1455 5536 igitur
1506 5462 1568 5518 in
1617 5479 1679 5520 re
1737 5463 1842 5522 tali
1888 5470 1946 5523 et
1994 5483 2172 5541 quam

522 5549 779 5608 maxime
806 5551 1433 5611 attendendum.Multi
1462 5552 1618 5609 enim
1650 5553 1809 5613 mala
1832 5556 2173 5615 machinan-

2271 4770 2380 4821 πης
2412 4747 2588 4818 ἐσώθη
2626 4744 3082 4823 μεμαρτυρηκὼς,
3116 4746 3145 4800 6
3178 4742 3236 4799 δὲ
3279 4741 3624 4814 δυσωπηθεὶς
3671 4739 3923 4797 ἀπώλετο

2275 4840 2595 4911 σατανικῶς,
2630 4834 2801 4898 οὕτως
2835 4831 2982 4891 ἔσται
3011 4835 3101 4890 καὶ
3132 4833 3219 4890 ἐπὶ
3249 4833 3461 4889 πάντων
3509 4831 3774 4909 γίνεσθαι·
3805 4825 3925 4884 οὑδὶ

2275 4925 2593 5004 θαρρητέον,
2626 4924 2700 4987 ὡς
2732 4925 2944 4996 πάντες,
2979 4922 3024 4979 εἷ
3057 4922 3198 4979 οὕτω
3229 4921 3559 4996 πεσούμεθα,
3608 4916 3926 4992 σωθησόμε-

2276 5017 2359 5071 θα.
2393 5018 2517 5073 Τῶν
2548 5014 2649 5091 γὰρ
2683 5015 2822 5069 πάνυ
2852 5012 3089 5069 σπανίων
3116 5011 3206 5068 καὶ
3241 5010 3536 5089 ἀνευρέτων
3570 5008 3748 5066 ἐκεῖνο
3770 5007 3921 5063 ἐστιν’

2277 5104 2350 5161 ἐῶ
2379 5102 2579 5180 λέγειν,
2613 5103 2686 5166 ὡς
2717 5102 2861 5169 εἰκός
2889 5124 3023 5160 ποτε
3050 5102 3140 5158 καὶ
3173 5099 3514 5181 ἀμφοτέρους
3562 5098 3645 5163 εἷς
3692 5094 3744 5154 ἔν
3797 5116 3928 5168 συμ-

2278 5194 2538 5259 πετόντας
2567 5191 2889 5270 ἀπολέσθαι,
2922 5195 2997 5258 ὡς
3027 5190 3218 5250 πλεῖον
3253 5190 3395 5248 οὕτω
3423 5189 3675 5268 γενέσθαι
3702 5188 3765 5247 τὸ
3808 5182 3921 5240 δαι-

2285 5285 2507 5361 μονικὸν
2536 5282 2735 5363 ὲπίχαρ
2744 5306 2839 5361 μα.

2357 5467 2440 5538 ιζ’.
2529 5465 2738 5525 Οὐκοῦν
2799 5460 3127 5538 εὐλαϐητέον
3201 5460 3254 5518 ἐν
3311 5465 3429 5524 τοῖς
3495 5459 3785 5526 τοιούτοις,
3832 5446 3925 5509 καὶ

2283 5556 2608 5635 προσεκτέον
2642 5554 2725 5612 ὅτι
2760 5555 3016 5631 μάλιστα.
3067 5550 3282 5611 Πολλοὶ
3326 5551 3427 5629 γὰρ
3478 5574 3511 5605 ιι
3560 5549 3699 5606 κακὰ
3745 5562 3925 5622 μηχα-

525 5644 646 5706 tur,
679 5640 907 5699 scilicet
934 5643 976 5698 ii
1009 5659 1261 5717 quorum
1294 5642 1367 5698 ad
1406 5645 1621 5699 nutum
1649 5661 1744 5703 res
1786 5662 1903 5703 non
1943 5650 2147 5705 coeunt

2283 5649 2483 5702 νῶνται
2538 5668 2568 5699 »
2624 5646 2762 5703 κατᾶ
2806 5644 2898 5701 τὸν
2931 5642 3104 5706 οὕτως
3161 5639 3404 5712 εἰπόντα,
3464 5641 3548 5703 οἷς
3579 5638 3643 5697 οὑ
3697 5637 3825 5693 πάνυ
3870 5648 3925 5719 τι

531 5726 603 5784 de
630 5727 847 5799 quibus
878 5730 1105 5790 dictum
1135 5734 1226 5789 est
1262 5746 1277 5789 :
1312 5750 1343 5784 ιι
1368 5728 1499 5789 Non
1528 5735 1711 5793 estut
1738 5734 2035 5797 dormiant
2063 5736 2147 5797 nis

2286 5734 2720 5813 προσαρμόττειν
2765 5732 2961 5810 ιθίνλει,
3016 5733 3081 5789 τὸ
3145 5753 3173 5788 ιι
3227 5728 3306 5789 Οὔ
3365 5730 3442 5806 μὴ
3500 5729 3829 5795 ὑπνώσωσιν,
3876 5718 3925 5775 tl

4086 2630 4095 2683 ἱ

4086 2736 4095 2751 I

4086 2760 4093 2793 Ι

4086 2812 4093 2861 Ε

4086 2890 4095 2961 ἱ

4086 2964 4093 3001 Ι

4086 3034 4093 3053 Ῐ

4086 3076 4093 3103 ἶ
