4114 6200
508 411 627 470 579
1278 393 1701 460 EUSTATHII
1741 391 2521 456 THESSALONICENSIS
2564 393 2621 454 Μ
2627 393 3154 461 ETROPOLITE
3813 408 3940 469 580

510 545 567 599 in
601 539 849 614 pistrino
881 534 1216 607 fuisse,vite
1249 530 1403 587 mola
1431 533 1749 600 utrumque
1769 525 1975 581 tritum
2003 540 2134 580 esse

2317 522 2428 578 ὐτοῗ
2474 523 2597 600 περῖ
2650 525 2774 600 βίου
2819 529 3026 604 τροχὸν
3085 530 3419 608 εἱλούμενοι,
3467 535 3559 590 τὸν
3613 538 3712 610 μὲν
3761 558 3942 614 παρα.

508 651 578 689 ex
601 610 700 687 his
747 633 939 685 autem
972 626 1242 693 alterum,
1275 621 1494 678 scilicet
1540 616 1932 689 Nicephorum
1961 631 2132 686 accep

2311 619 2562 691 ηφθῆναι,
2621 613 2715 669 τὸν
2800 618 3141 695 Νικηφόρον,
3190 619 3633 698 ἀλειλημμὲνον,
3705 627 3802 681 τὸν
3845 610 3936 684 *δὲ

510 727 634 778 tum
661 720 835 776 fuisse
866 715 1203 790 pistrinario
1233 716 1289 768 et
1320 710 1641 777 sublatum,
1677 705 1928 762 alterum
1958 710 2135 759 auten

2310 703 2526 779 φεΘῆναι
2580 707 2924 761 κατακεῖσθαι
3011 709 3298 786 τάρτάριον
3334 730 3348 744 ⁸
3407 713 3482 775 ὡς
3557 713 3736 779 οὕτως
3794 716 3935 772 εἶναί

498 812 758 885 jacuisse
788 811 1031 864 Tartaro
1063 803 1351 860 relictum.
1373 800 1537 856 Unde
1566 797 1723 853 aliud
1752 797 1927 851 etiam
1959 793 2123 867 collig

2309 813 2381 885 ως
2422 791 2677 885 ῥηρῆναι,
2721 791 2945 872 δένδρου
3000 798 3196 855 τούτου
3243 799 3600 865 ἀλυσιτελοῦς
3656 805 3934 879 ἐκκεκομ-

506 881 699 973 queat.
734 899 879 954 Cum
910 896 1066 951 enim
1099 895 1157 948 in
1193 892 1383 948 locum
1416 889 1641 945 arboris
1695 885 1898 941 excissa
1957 888 2131 955 utpoh

2303 881 2430 936 ἑνου
2504 882 2820 973 ἀντιφυῆναι
2890 886 2981 941 τὸν
3061 888 3221 965 μέγαν
3296 891 3628 970 Νικηφόρον,
3703 891 3928 972 δένδρον

506 969 757 1056 inutilis,
792 999 1042 1054 magnus
1092 980 1186 1035 ille
1219 977 1600 1050 Nicephorus,
1635 974 1764 1029 vitae
1795 973 1987 1038 arbor,
2021 972 2131 1028 sub

2307 974 2436 1038 ωῆς,
2469 969 2640 1027 αἴτιον
2675 971 2733 1028 δὲ
2763 979 2843 1047 τῷ
2874 977 3183 1052 Σαπρικίῳ,
3216 976 3423 1057 δένδρῳ
3457 969 3548 1055 ⁷τῷ
3595 969 3932 1047 ἀπευκταίας

503 1077 656 1145 ierit,
717 1076 1125 1145 argumentum
1183 1069 1292 1124 fuit
1348 1066 1702 1138 Sapricium,
1785 1061 2128 1118 maledictan

2304 1063 2524 1149 ιτομῆς,
2557 1062 2639 1116 δτι
2702 1064 2777 1136 μὴ
2837 1064 2996 1134 ξύλον
3044 1067 3112 1136 ἧν
3173 1071 3574 1144 πεφυτευμένον
3629 1074 3780 1149 παρά
3830 1073 3929 1138 τὰς

504 1172 678 1238 atque
708 1163 963 1220 excisam
997 1160 1286 1228 arborem,
1339 1172 1454 1211 non
1486 1154 1580 1209 hic
1611 1153 1939 1226 plantatum
1975 1150 2129 1206 fuissi

2305 1146 2538 1218 ιεξόδους
2569 1154 2676 1205 τῶν
2707 1156 2805 1206 τοῦ
2835 1158 2968 1208 Θεοῦ
3003 1152 3236 1228 ὑδάτων,
3271 1160 3361 1213 οἷα
3411 1157 3554 1232 μηδὲ
3604 1145 3720 1230 ζῶν*
3763 1161 3929 1233 ἀξίως

503 1237 601 1310 ubi
636 1251 1302 1326 praeterlabunturaquaa
1337 1243 1678 1316 Dei,quippe
1710 1241 1809 1313 qui
1829 1257 1944 1296 non
1977 1241 2128 1294 vitau

2304 1241 2360 1291 οῦ
2416 1237 2724 1314 ἀγιωτάτου
2781 1241 3174 1318 βαπτίσματος,
3228 1243 3297 1300 δι’
3354 1247 3416 1302 οὗ
3473 1243 3678 1322 ἔμελλε
3739 1247 3929 1308 δοῦναι

503 1343 686 1416 egerit
717 1342 955 1413 dignam
987 1336 1364 1395 sanctissimo
1425 1333 1798 1405 baptismate,
1847 1331 2018 1400 cujus
2047 1345 2128 1400 ορι

2304 1326 2354 1380 ὸν
2395 1328 2600 1401 καρπὸν
2651 1329 2812 1386 αὐτνῦ
2862 1330 2914 1387 ἐν
2958 1338 3156 1410 καῖρῷ,
3187 1336 3308 1400 καθ’
3339 1336 3397 1392 ’ὃν
3448 1339 3537 1394 καὶ
3595 1338 3772 1417 ἐχρῆν
3836 1341 3929 1397 καὶ

505 1415 590 1488 tot
621 1433 847 1486 fructus
881 1431 1130 1485 daturus
1159 1429 1283 1482 erat
1338 1425 1396 1479 in
1428 1428 1688 1495 tempore
1749 1435 1862 1491 quo
1911 1418 2158 1474 debebat
2267 1415 2411 1486 ἐξῆν.

503 1527 561 1577 et
591 1524 838 1594 poterat.

571 1629 661 1682 22.
695 1627 897 1699 Itaque
925 1625 1036 1680 hoc
1084 1639 1114 1679 ο
1163 1638 1342 1693 supra
1380 1619 1552 1676 dictis
1601 1615 1995 1689 colligendum
2041 1618 2153 1688 est,

2335 1611 2442 1687 κβ“.
2475 1614 2632 1670 ’Ὀθεν
2664 1615 2952 1692 ποριστέον
2994 1617 3055 1675 ἐκ
3101 1625 3209 1676 τῶν
3269 1622 3596 1698 εἰρημένων,
3629 1625 3715 1682 ὅτι
3777 1628 3930 1684 συνέ-

502 1733 736 1773 summa
767 1713 936 1770 nobis
966 1729 1116 1785 opus
1149 1727 1275 1768 esse
1295 1707 1625 1781 prudentia,
1659 1723 1793 1761 cum
1826 1703 2124 1760 dirimenti

2302 1721 2400 1762 εως
2472 1700 2639 1776 ἄκρας
2713 1701 2869 1780 ἔργον
2947 1708 3082 1782 ἐστὶ,
3158 1708 3305 1766 λύειν
3369 1713 3462 1786 μὲν
3519 1715 3587 1769 τὰ
3641 1714 3927 1773 σκάνδαλα

499 1808 613 1860 bus
637 1807 808 1876 juxta
838 1801 1216 1874 Evangelium
1248 1795 1678 1865 scandala,tum
1712 1792 2052 1850 caventibus
2085 1809 2116 1845 n

2301 1788 2652 1878 ὐαγγελικῶς,
2707 1790 3055 1851 εὐλαϐεῖσθαι
3133 1795 3211 1870 δὲ,
3272 1801 3349 1874 μή
3582 1805 3724 1878 πρὸς
3792 1807 3926 1869 τοὺς

501 1875 799 1966 congressi
832 1908 966 1947 cum
1000 1887 1411 1946 scandalizatis
1444 1887 1646 1956 iniquo
1675 1879 2119 1952 tempore,detri

2301 1876 2782 1981 ἶκανδαλισμένους
2894 1885 3106 1959 ἀκαίρῳ
3219 1875 3524 1965 προσενέξήεῖ
3732 1895 3926 1950 ἑαυτὸν

503 1965 764 2041 mentum
791 1982 876 2038 vel
907 1981 1019 2054 ipsi
1045 1981 1356 2052 patiamur,
1407 1975 1493 2031 vel
1542 1974 1673 2030 aliis
1718 1973 2042 2027 inferamus
2081 1988 2128 2025 ai

2307 1965 2454 2060 λάψῃ
2493 1990 2576 2032 τις
2630 1970 2665 2039 ἢ
2723 1968 2926 2048 ἕτερον,
2976 1975 3134 2048 ᾧτινι
3189 1975 3277 2032 ἐπὶ
3336 1981 3605 2054 άγιασμοῦ
3663 2003 3927 2060 πραγμαο

500 2091 646 2146 quos
667 2077 880 2129 sanctae
914 2071 1075 2144 pacis
1109 2085 1288 2125 causa
1320 2083 1424 2122 nos
1451 2060 2038 2120 contulerimus.Non
2067 2076 2125 2115 es

2298 2056 2393 2148 etq-
2444 2060 2829 2131 προσήνεκται.
2880 2061 2957 2120 Uti
3035 2062 3214 2131 δήπου
3283 2067 3383 2143 γὰρ
3442 2070 3661 2135 πάντως
3713 2056 3923 2148 ἶχομεν

497 2143 656 2219 enim
688 2166 752 2216 ut
781 2143 1446 2236 omninopconlidamus
1504 2170 1628 2220 nos,
1682 2151 1732 2207 si
1789 2149 2122 2206 delabamur

2336 2143 2501 2236 pri-civ,
2559 2147 2656 2217 ὡς,
2716 2149 2762 2203 εί
2810 2151 3139 2226 πεσούμεθα,
3171 2155 3555 2228 σωθησόμεθα.
3585 2165 3652 2218 ‘0
3713 2143 3787 2231 δῆ
3830 2143 3961 2234 ’τῴλ

495 2251 688 2308 salvos
717 2250 934 2306 factum
962 2231 1054 2303 iri;
1088 2247 1252 2312 Quod
1285 2243 1531 2316 contigit
1563 2257 1774 2314 magno
1799 2240 2037 2310 martyri
2054 2237 2119 2292 Ni

2309 2231 2760 2324 EYa'XtP‘tLépt'Jpl
2818 2243 3121 2317 Νικηφόρῳ
3171 2243 3233 2298 οὐ
3262 2243 3441 2320 τύχης
3498 2246 3648 2324 λόγῳ
3710 2231 3929 2306 cibaria-e-

496 2341 893 2412 cepboro,non
925 2337 1194 2405 casu,sed
1209 2334 1396 2408 gratia
1423 2332 1645 2403 Dei,qui
1677 2345 1808 2385 cum
1836 2327 2121 2384 amovisse

2301 2341 2368 2412 εν,
2428 2320 2575 2412 ἀλλά
2653 2328 3085 2402 πεφιλοτίμηται
3144 2333 3280 2407 πρὸς
3341 2339 3498 2403 Θεοῦ,
3555 2320 3926 2411 ἀπωσαμένου

495 2411 981 2486 molestissimum
1011 2443 1189 2482 suum
1215 2423 1682 2490 sacerdotem,ut
1713 2417 2023 2490 indignum
2056 2432 2120 2471 re

2300 2411 2357 2464 ὲν
2385 2411 2476 2466 τὸν
2523 2413 2969 2494 φαυλεπίφαυλον
3013 2416 3399 2497 πρεσϐύτερον,
3439 2423 3516 2486 ὡς
3567 2426 3645 2498 μὴ
3705 2425 3925 2498 ἐπάξιον

495 2537 610 2592 gno
671 2517 970 2584 cmlorum,
1033 2514 1277 2570 comiter
1348 2511 1559 2582 accipit
1601 2512 1874 2564 sanctum
1930 2505 2120 2560 laicun

2298 2503 2657 2592 ιεγνωσμένον
2703 2512 2802 2575 τῆς
2861 2506 3143 2582 βασιλείας
3195 2495 3304 2565 τῶν
3338 2495 3605 2586 οὐρανῶν,
3653 2495 3923 2588 δεξιωσα-

493 2587 786 2664 hisredem
820 2611 993 2661 tanta
1027 2603 1344 2659 felicitatis.
1377 2601 1577 2672 Neque
1608 2598 1758 2653 hanc
1789 2596 1885 2651 ille
1917 2593 2116 2666 neglec

2296 2588 2422 2642 ,ένου
2455 2587 2511 2644 δὲ
2540 2592 2634 2647 τὸν
2666 2593 2820 2668 ἅγιον
2851 2593 3044 2652 λαϊκὸν
3103 2597 3179 2660 εἷς
3229 2597 3606 2674 κληρονομίαν
3657 2587 3921 2661 τοιούτου

493 2704 634 2762 tam,
665 2700 730 2752 ut
761 2696 947 2762 aiunt,
972 2693 1223 2765 reperit;
1261 2707 1396 2745 nam
1453 2688 1666 2744 salutis
1713 2703 1861 2757 opus
1914 2689 2038 2739 arte
2079 2699 2118 2737 at

2295 2678 2476 2768 γαθοῦ·
2511 2680 2568 2742 ὃς
2602 2681 2663 2736 οὐ
2694 2685 2982 2760 πάρεργον,
3011 2686 3085 2748 ὡς
3135 2687 3194 2742 ἂν
3244 2685 3388 2744 εἷ’ποι
3438 2711 3543 2760 τις,
3592 2693 3694 2760 τήν
3765 2695 3920 2768 βασι-

495 2785 772 2842 methodo
803 2761 1236 2856 procuraverat.
1279 2779 1508 2836 Scilicet
1562 2792 1679 2831 non
1713 2790 1848 2830 eum
1882 2771 2118 2844 fugieba

2294 2765 2432 2856 elavi
2492 2768 2742 2844 εὕρηκεν,
2817 2772 2944 2829 ἀλλ’
3015 2778 3550 2852 προετοιμασάμενος
3629 2761 3919 2853 ἐπιδεξίως

493 2875 650 2942 se,ei
683 2855 842 2930 haud
891 2872 1096 2926 insciis
1144 2871 1374 2925 Satanas
1422 2865 1729 2930 ministris,
1777 2862 1837 2918 in
1890 2859 2118 2934 gratiam

2294 2855 2340 2908 αὶ
2386 2855 2696 2929 εὐμεθόδως
2751 2862 2825 2924 είς
2881 2861 3036 2940 ἔργον
3096 2867 3388 2941 σωτήριον.
3451 2867 3529 2928 οὐ
3584 2869 3688 2945 γὰρ
3759 2867 3919 2927 ἔλαθε

498 2939 632 3018 cum
667 2966 919 3032 martyre
946 2959 1180 3024 rediret,
1213 2960 1546 3028 correptum
1576 2958 1634 3009 et
1666 2952 1986 3008 abductum
2013 2963 2123 3019 gra'

2290 2945 2431 3013 ήπου
2484 2945 2708 3018 ἐκεῖνον,
2742 2949 2826 3005 ὅτι
2861 2939 3091 3027 μάρτυρι
3124 2939 3493 3030 σπενδόμενος
3541 2939 3620 3020 εἷς
3657 2939 3915 3029 ⁷έπῆκοον

495 3069 592 3107 ves
613 3067 714 3122 pro
735 3049 1067 3104 Christiana
1099 3047 1211 3102 ﬁde
1241 3062 1440 3118 paenae
1497 3045 1792 3099 daturum.
1845 3038 1952 3094 Sed
2005 3053 2120 3093 eun

2288 3041 2587 3107 εραπευτῶν
2632 3035 2951 3113 δαιμονίων,
3001 3041 3448 3122 συλληφθήσεται
3505 3046 3596 3101 καὶ
3652 3045 3913 3124 ἀπαχθῆ-

493 3140 636 3196 talia
668 3137 1052 3212 praevidisset,
1082 3152 1281 3191 secum
1315 3132 1605 3206 reputavit
1635 3127 1966 3186 necessario
1998 3124 2118 3181 alte

2284 3141 2415 3191 εται,
2475 3125 2796 3200 πεισόμενος
2855 3127 3002 3185 δεινά
3049 3131 3181 3208 ὑπὲρ
3237 3140 3336 3203 τῆς
3383 3134 3458 3196 εἰς
3515 3136 3750 3210 Χριστὸν
3816 3137 3909 3192 πί-

491 3235 720 3285 rutrum
743 3227 963 3282 factum
999 3226 1091 3291 iri,
1123 3225 1209 3280 vel
1242 3229 1304 3278 ut
1351 3221 1669 3278 amicitiam
1697 3219 1810 3276 sibi
1833 3232 2110 3288 compara

2281 3230 2435 3274 τεως·
2465 3213 2608 3271 ἀλλά
2664 3215 2934 3292 προειδὼς
2985 3221 3074 3275 καὶ
3128 3222 3260 3276 αὐτὸ
3314 3222 3719 3300 συνελογίσατο,
3753 3223 3906 3282 δυοῖν

481 3324 894 3386 pet,converso
945 3315 1002 3369 in
1055 3313 1308 3369 amicum
1366 3311 1628 3380 inimico,
1687 3309 1889 3380 sicque
1939 3321 2105 3380 prece

2279 3301 2473 3376 μάτερον
2533 3304 2682 3378 αὐτῷ
2708 3279 3061 3382 ’γενήσεσθαιο
3101 3311 3135 3379 ἢ
3197 3308 3383 3388 φιλίαν
3434 3279 3904 3386 εὐρίέσθαινιιατα-ζ

481 3407 784 3480 martyris,
835 3404 1084 3460 heredis
1133 3402 1393 3470 nomine,
1454 3399 1778 3456 obtineret:
1812 3396 1900 3454 vel
1944 3401 2009 3452 ut
2038 3412 2106 3466 sp

2275 3391 2615 3480 τραξάμενον,
2662 3395 2901 3470 γενέσθαι
2958 3398 3048 3453 τὸν
3109 3398 3306 3475 ἐχθρὸν
3368 3403 3504 3477 πρὸς
3563 3402 3754 3472 αὐτοῦ,
3813 3405 3900 3459 καί

480 3478 797 3553 destitutus
829 3493 943 3550 alio
978 3493 1150 3548 modo
1183 3492 1366 3546 missa
1388 3508 1420 3544 a
1440 3489 1556 3544 Deo
1587 3486 1829 3544 subiret.
1856 3485 2105 3557 Nicepbc

2278 3478 2396 3534 ιὸτω
2442 3487 2859 3557 κληρονομῆσαι
2913 3495 3249 3563 μαρτυρικῆς
3306 3488 3478 3565 εὐχῆς
3533 3490 3624 3545 καὶ
3671 3512 3903 3567 περισωο

482 3603 546 3642 ro
579 3586 762 3657 igitur
793 3585 864 3640 ad
899 3598 1102 3654 pacem
1140 3580 1221 3636 ita
1251 3584 1586 3649 comparato
1617 3591 1898 3648 magnum
1931 3573 2107 3646 obtigi

2267 3569 2428 3636 ιῆναι·
2531 3569 2795 3629 διαπεσὼν
2825 3582 2924 3644 τῆς
2957 3575 3184 3639 ἐλπίδος
3233 3579 3407 3649 στέξαι
3455 3579 3545 3634 καὶ
3604 3581 3665 3635 τὸ
3709 3579 3892 3644 ἄλλως

480 3691 551 3730 ex
577 3679 689 3730 Deo
721 3672 1096 3736 beneficium,
1122 3685 1331 3740 nempe
1372 3683 1645 3722 coronam
1697 3663 1939 3735 Sapricii
1975 3668 2102 3718 tran

2262 3654 2759 3734 ἒπισυμϐησόμενον
2792 3662 2844 3717 ἐν
2891 3664 3028 3736 Θεῷ.
3057 3665 3156 3719 Καὶ
3213 3662 3280 3734 δὴ
3331 3666 3546 3741 γέγονεν
3607 3667 3684 3731 είς
3730 3671 3887 3725 αὐτὸν

482 3763 706 3819 eeundo
738 3761 1020 3832 suscepit,
1079 3759 1217 3831 quia
1251 3756 1432 3829 pluris
1464 3771 1642 3827 quam
1698 3753 1808 3810 iste
1855 3753 2098 3825 indignu

2261 3744 2420 3810 ιῦτως
2502 3747 2888 3822 ἐτοιμασθέντα
2944 3752 3020 3814 είς
3076 3753 3352 3830 ἀτάραχον
3407 3756 3469 3810 τὸ
3528 3755 3665 3832 μέγα
3714 3759 3886 3813 Θεόθεν

480 3852 570 3906 vir
592 3852 779 3906 factus
801 3854 944 3904 erat.

2266 3835 2433 3921 ιαλὸν,
2463 3837 2553 3892 καὶ
2580 3839 2671 3893 τὸν
2720 3839 2818 3894 τοῦ
2874 3841 3174 3916 Σαπρικίου
3227 3844 3486 3921 στέφανον
3546 3843 3755 3909 ἐνόδιος
3812 3849 3891 3902 ἀν-

2243 3920 2467 3981 ελάϐετο
2496 3926 3115 4004 παρευδοκιμησάμενος
3141 3931 3233 3986 τὸν
3264 3920 3498 4004 ἀνάξιον.

540 4046 630 4100 23.
666 4044 1054 4110 Quamobrem
1089 4041 1456 4113 Nicephorus
1515 4039 1810 4112 duplicem
1852 4054 2129 4094 coronam

2309 4039 2405 4106 κγ’.
2440 4036 2648 4090 Μενοῦν
2701 4057 2763 4110 γε
2811 4033 2905 4091 δύο
2960 4039 3274 4115 στεφάνους,
3325 4036 3418 4094 ἕνα
3477 4042 3573 4114 μὲν
3626 4044 3718 4098 τὸν
3781 4040 3882 4099 ἕνε-

470 4133 730 4198 sustulit,
793 4131 1035 4187 alteram
1085 4147 1187 4202 pro
1237 4128 1539 4194 cbaritate,
1593 4129 1734 4200 quia
1764 4128 1880 4184 odii
1913 4126 2093 4183 oblitu

2258 4143 2326 4177 ιεν
2386 4123 2621 4198 ἀγάπης,
2669 4125 2726 4178 ὃν
2785 4126 2930 4201 εἶχεν
2985 4124 3044 4180 ἂν
3105 4150 3134 4179 (ι
3185 4128 3581 4201 ἀμνησικακίας
3629 4155 3658 4184 ››
3705 4134 3883 4208 χάριν,

469 4226 614 4290 erat,
649 4220 892 4277 alteram
918 4237 1020 4292 pro
1055 4218 1352 4291 martyrio.
1387 4218 1641 4290 Utraque
1701 4222 1895 4273 autem
1953 4216 2094 4289 capit

2261 4208 2416 4286 ’τερον
2460 4209 2518 4266 δὲ
2556 4209 2646 4267 διὰ
2687 4213 2750 4268 τὸ
2811 4213 3130 4289 μαρτύριον,
3161 4215 3419 4291 ἥρπασεν,
3454 4219 3567 4293 ἅμα
3619 4225 3699 4292 τῷ
3737 4207 3886 4299 ίξίφει

472 4311 711 4379 institit,
745 4327 861 4382 quo
892 4315 1156 4381 tempore
1181 4308 1338 4364 ensis
1364 4308 1574 4379 jugulo
1623 4308 1968 4378 suppositus
2015 4310 2097 4361 est

2258 4302 2335 4356 ιὲν
2388 4302 2479 4357 τὸν
2540 4299 2852 4377 τράχηλον,
2892 4309 3009 4364 τοῖς
3058 4301 3116 4358 δὲ
3164 4304 3442 4383 στεφάνοις
3497 4308 3598 4377 τὴν
3645 4309 3883 4388 κεφαλὴν

473 4400 698 4456 Etenim
733 4400 946 4455 Christi
979 4414 1211 4454 crucem
1245 4396 1586 4465 sustulerat,
1611 4396 1781 4466 juxta
1827 4395 2098 4467 Evangeli

2262 4390 2592 4465 ιποθέμενος,
2644 4391 2734 4445 καὶ
2812 4388 2943 4468 ἄρας
3013 4393 3107 4448 τὸν
3179 4396 3404 4470 σταυρὸν
3467 4401 3564 4451 τοῦ
3630 4399 3887 4474 Χριστοῦ,

468 4495 777 4562 praecepta,
811 4488 964 4559 quod
997 4488 1105 4543 iste
1125 4487 1310 4542 facere
1344 4484 1550 4554 no‘luit,
1579 4486 1678 4556 qui
1711 4486 1985 4540 virtutem
2031 4501 2093 4540 ne

2262 4481 2421 4534 ιαθότι
2480 4479 2569 4535 καὶ
2628 4479 3003 4552 ἠκολούθησεν
3072 4481 3219 4556 αὐτῷ
3299 4483 3700 4560 εὐαγγελικῶςο
3761 4488 3887 4564 ὅπερ

466 4579 609 4634 tarie
641 4577 890 4643 colebat,
947 4575 1269 4647 Sapricius.
1320 4575 1561 4630 Crucem
1613 4573 1722 4627 iste
1755 4577 2091 4642 portaverat

2264 4570 2548 4640 ιπηνήνατο
2579 4577 2806 4640 ποιῆσαι
2866 4571 2894 4624 ὁ
2939 4571 3001 4624 τὸ
3055 4570 3223 4627 καλὸν
3253 4577 3436 4635 κακῶς
3475 4579 3649 4630 ποιῶν
3687 4577 3889 4652 Σαπρί-

461 4673 679 4723 rectam
714 4667 954 4738 quidem
991 4665 1297 4736 ingressus
1328 4663 1504 4729 viam,
1563 4661 1864 4718 Christum
1924 4665 2086 4716 auter

2260 4677 2370 4725 ιιος,
2403 4657 2671 4734 ἀράμενος
2703 4659 2796 4730 μὲν
2840 4659 3066 4735 σταυρὸν
3115 4659 3188 4722 ὡς
3236 4659 3290 4715 ἐν
3342 4660 3620 4736 ὀρθότητι,
3655 4662 3718 4718 οὐ
3782 4650 3885 4737 μὴν

465 4755 768 4812 charitatis
799 4757 976 4810 Deum
1007 4770 1119 4809 non
1156 4770 1304 4824 pone
1334 4757 1592 4817 secutus,
1617 4750 1835 4822 quippe
1865 4749 1964 4822 qui
1995 4755 2090 4806 tun

2261 4745 2459 4801 ,ατόπιν
2529 4751 2626 4801 τοῦ
2694 4753 2956 4824 Σωτῆρος
3027 4749 3288 4818 Χριστοῦ,
3345 4753 3443 4805 τοῦ
3497 4758 3597 4820 τῆς
3675 4753 3886 4829 ἀγάπης

465 4845 798 4916 proximum
833 4860 1007 4899 suum
1042 4859 1158 4897 non
1184 4842 1486 4907 amaverit,
1524 4856 1655 4895 cum
1689 4839 1945 4894 charitas
1975 4839 2024 4894 ei
2058 4855 2086 4895 s

2262 4839 2386 4905 ιεοῦ,
2419 4834 2589 4891 ἐλθὼν
2624 4834 3022 4906 ἀκολουθικῶς,
3055 4837 3137 4892 ὅτι
3173 4835 3314 4910 μηδὲ
3365 4838 3552 4914 ἠγάπα
3602 4840 3696 4895 τὸν
3745 4841 3887 4912 πλη-

464 4931 746 5002 praeberet
770 4947 1140 5004 nequaquam
1167 4928 1594 4985 intolerabilem
1619 4927 2089 4984 autinaccessam

2258 4924 2362 4993 'iov,
2403 4928 2492 4979 καὶ
2543 4929 2712 4980 ταῦτα
2769 4925 2868 4980 οὐκ
2921 4923 3012 4980 ἐπὶ
3064 4927 3417 5004 φορτικότητι
3467 4929 3557 4983 καὶ
3610 4927 3883 5005 ἀδυναμίᾳ

464 5021 566 5075 sed
599 5024 801 5076 contra
831 5036 1116 5092 perquam
1169 5018 1420 5085 facilem,
1472 5019 1732 5089 adeoque
1761 5017 2018 5090 perviam
2054 5035 2086 5072 u

2263 5015 2371 5076 ινὸς
2432 5011 2896 5088 ἀποτελέσματος,
2950 5013 3096 5071 ἀλλά
3169 5015 3410 5088 εὐκολίᾳ,
3457 5020 3524 5088 ἧς
3595 5016 3753 5074 οὐδὲν
3827 5021 3883 5075 ἃν

461 5107 609 5165 nihil
631 5109 826 5165 minus
853 5125 1125 5182 asperum
1153 5112 1326 5164 esset.
1357 5107 1773 5163 Verumtamen
1798 5106 1942 5161 satis
1972 5107 2086 5162 tuis

2254 5103 2436 5159 ’ένοιτο
2497 5103 2873 5182 ἀφελέστερον.
2933 5104 3141 5180 Ἐχρῆν
3219 5105 3324 5182 γὰρ
3390 5107 3481 5162 τὸν
3540 5112 3641 5162 τοῦ
3693 5108 3879 5182 μίσους

460 5202 551 5255 eet
583 5198 738 5254 hunc
769 5198 961 5253 virum
993 5197 1124 5254 odio
1155 5198 1474 5262 imbutum,
1525 5212 1710 5268 eoque
1765 5196 2085 5252 servientem

2254 5190 2506 5268 ἶνθρωπον
2557 5191 2778 5261 ἐκεῖνον,
2826 5193 2917 5248 καὶ
2975 5191 3045 5248 δι’
3077 5193 3208 5250 αὐτὸ
3269 5197 3568 5272 θεράποντα
3622 5202 3725 5252 τοῦ
3785 5200 3879 5274 ἀρ-

462 5288 714 5345 deamoni
766 5286 1002 5342 malitiae
1057 5286 1324 5359 principi,
1377 5287 1485 5342 hoc
1530 5302 1712 5340 unum
1780 5303 1848 5342 ex
1904 5285 2087 5340 intimi

2253 5283 2484 5358 ίεκάκου,
2518 5281 2684 5338 εἰπεῖν
2739 5283 2905 5356 μόνον
2951 5281 3035 5338 τό·
3071 5307 3100 5335 ‹‹
3149 5284 3212 5342 Ὁ
3258 5285 3389 5347 Θεὸς
3438 5283 3662 5356 ἐλεῆσαι
3726 5309 3806 5358 σε,
3837 5285 3878 5342 ὦ

462 5379 634 5434 corde
660 5376 942 5433 dicere:«
969 5381 1120 5432 Deus
1161 5375 1508 5432 misereatur
1563 5375 1670 5442 tui,
1726 5375 1924 5440 frater,
1979 5397 2006 5424 »
2047 5393 2082 5430 u

2248 5369 2445 5450 ιδελφὲ,
2507 5395 2534 5423 ››
2591 5373 2710 5428 κατ’
2768 5369 3097 5440 ἐνδιάθετον,
3153 5375 3245 5428 καὶ
3302 5372 3494 5429 αὐτίκα
3557 5377 3873 5455 στεφανίτην

461 5468 660 5523 statim
699 5468 808 5522 Deo
831 5466 1368 5537 assisteret,corona
1399 5465 1726 5521 redimitus.
1762 5465 1886 5521 Non
1913 5469 2086 5520 auten

2244 5469 2558 5536 ιαραστῆναι
2617 5466 2694 5534 τῷ
2759 5466 2894 5534 Θεῷ,
2957 5460 3018 5517 οὐ
3079 5463 3186 5535 μὴν
3238 5462 3640 5540 ἀγωνισάμενον
3694 5468 3869 5542 μακρᾶ

462 5573 596 5611 eum
629 5557 891 5628 oportuit
920 5555 1016 5610 diu
1039 5554 1323 5610 luctatum
1358 5559 1547 5627 utprae
1574 5571 1634 5610 se
1658 5554 1830 5610 ferret
1852 5571 2087 5611 amoreu

2237 5552 2356 5605 ιατὰ
2400 5552 2665 5629 πρόφασιν
2717 5551 2929 5625 ἀγάπης
2984 5570 3083 5620 της
3140 5551 3277 5627 πρὸς
3317 5551 3408 5606 τὸν
3455 5552 3609 5620 Θεὸν,
3641 5553 3702 5608 ὃν
3751 5553 3862 5608 κατ’

462 5645 559 5698 Dei
595 5662 764 5716 quem
801 5661 903 5717 pro
935 5645 1120 5700 nihilo
1152 5644 1421 5712 ducebat,
1455 5660 1586 5700 cum
1613 5644 1736 5715 jam
1788 5643 1857 5700 ad
1887 5645 2087 5700 exitur:

2230 5638 2431 5713 οὐδένα,
2481 5642 2557 5703 ὡς
2605 5637 2768 5709 ἔοικε,
2816 5637 2976 5714 λόγον
3034 5638 3294 5717 ἑώρακεν,
3348 5640 3460 5696 εἶτα
3514 5641 3606 5696 καὶ
3663 5638 3855 5717 ἀπαγό-

461 5732 774 5787 duceretur
799 5733 1036 5787 horrere
1067 5732 1303 5804 quidem
1326 5748 1399 5786 ne
1424 5732 1600 5787 frater
1629 5732 2086 5806 pcenitens,genit

2224 5752 2379 5806 μενον
2425 5729 2503 5792 εἰς
2556 5727 3108 5803 τελείωσιν,ὂκνῆσαι
3160 5729 3256 5804 μὶν
3309 5730 3476 5797 αὐτῆς
3537 5727 3849 5806 μεταδοῦναι
