4114 6200
282 387 382 449 581

1271 377 1355 440 ΙΝ
1398 377 1466 440 S.
1509 373 2204 449 QUADRAGESIMAM
2246 374 2545 437 ORATIO
2586 373 2641 435 Ι.

3537 377 3662 438 582

279 515 477 593 ἀδελφῷ
515 512 843 568 δυσωποῦντι
904 512 995 566 καὶ
1058 509 1469 588 γονυκλιτοῦντι
1519 510 1610 565 καὶ
1657 505 1887 564 κατακύ-

2013 508 2126 564 bus
2147 508 2310 564 ﬂexis
2331 507 2767 580 inclinatusque
2788 509 2858 563 ad
2891 506 3092 564 oscula
3106 507 3288 579 hujus
3318 508 3509 564 exitus
3527 527 3664 582 par-

276 626 445 662 πτοντι
499 603 550 664 ές
603 600 990 677 προσκύνησιν,
1051 601 1351 655 ὑπακοῦσαι
1429 597 1486 653 δὲ
1539 603 1619 670 τῷ
1679 595 1899 670 δαίμονι

277 693 549 768 ἑρεθίσαντι
597 689 742 766 λόγῳ
792 684 1098 757 ὑποϐολῆς,
1147 688 1332 763 καιρὸν
1385 689 1518 742 εἶναι
1570 687 1764 742 αὐτίκα
1807 691 1901 741 νῦν

273 785 546 855 ἀπαγαγεῖν
601 777 698 833 τοῦ
752 779 960 853 ἐχθροῦ
1009 779 1107 845 τήν
1157 777 1425 854 κεφαλὴν,
1475 776 1566 831 καὶ
1614 776 1757 830 οὕτω
1803 783 1906 844 τῆς

271 871 370 927 έκεῖ
399 876 534 938 ζωῆς
584 868 850 943 ἐπάρατον
897 865 1213 930 ἀνθελέσθαι
1261 867 1360 934 τήν
1411 864 1640 929 ἐνταῦθα
1690 865 1905 946 βιοτὴν,

268 961 345 1016 καὶ
397 959 526 1034 πρὸς
572 963 650 1028 τῷ
705 957 888 1028 λιμένι
947 963 1278 1032 ναυαγῆσαι,
1329 955 1419 1009 καὶ
1483 953 1574 1009 ὅτε
1635 960 1753 1016 ταῖς
1810 957 1906 1007 τοῦ

266 1046 569 1122 παραδείσου
623 1045 823 1110 πύλαις
881 1043 1096 1120 ἔγγισε,
1154 1045 1300 1120 παρά
1358 1043 1546 1119 θύρας,
1605 1044 1635 1098 ὅ
1693 1063 1851 1121 φασιν
1888 1087 1903 1113 ,

263 1138 451 1208 ἐλθεῖν,
504 1135 772 1210 ἀφέμενον
825 1139 905 1206 τῷ
962 1135 1146 1209 ἐχθρῷ
1201 1134 1526 1209 Νικηφόρῳ,
1589 1130 1900 1207 εἷσδραμεῖν

263 1225 355 1280 ἔσω
378 1225 591 1293 καὶτήν
649 1227 748 1279 τοῦ
795 1227 929 1278 Θεοῦ
981 1219 1134 1295 δόξαν
1186 1221 1512 1285 Θεάσασθαι·
1570 1223 1903 1277 ὑπεκστάντα

263 1316 344 1388 μὶν
413 1320 508 1382 τῆς
600 1307 1049 1387 οὖρανοϐάμονος
1119 1311 1400 1384 κλίμακος
1476 1313 1556 1384 τῷ
1633 1309 1906 1383 Θεοφιλῶς

259 1402 466 1477 ὑψιπέτῃ
526 1401 671 1473 ἀετῷ
727 1401 1043 1478 Νικηφόρῳ
1079 1444 1093 1469 ,
1154 1401 1331 1472 ἑαυτῷ
1391 1397 1450 1454 δὲ
1508 1400 1582 1460 ὡς
1633 1419 1907 1474 γεωχαρεῖ

257 1492 332 1546 καὶ
370 1493 499 1565 (οἷον
553 1490 755 1561 εἰπεῖν)
805 1489 1095 1564 βουγαίῳ,
1148 1485 1246 1542 εἴτ’
1296 1489 1387 1542 οὖν
1433 1489 1747 1564 βοσκήματι
1798 1495 1904 1562 γῆς

255 1580 630 1654 ἀνακυψαμένῳ
687 1580 752 1633 τὸ
803 1579 1123 1653 κατάγαιον,
1175 1578 1264 1632 καὶ
1321 1582 1437 1638 τοῖς
1497 1577 1647 1632 κάτω
1707 1576 1904 1631 ἐναπο-

257 1669 536 1742 μείναντα,
599 1669 679 1741 μὴ
727 1664 926 1743 ἔχοντα
987 1664 1127 1739 μηδὲ
1185 1661 1514 1720 ἀναϐλέπειν
1573 1665 1770 1727 ἀτενῶς
1827 1665 1903 1727 εἷς

254 1759 334 1812 τὸν
386 1756 637 1832 οὐρανόν·
686 1756 922 1826 ὁπηνίκα
962 1755 1052 1810 καὶ
1075 1756 1126 1810 οἱ
1161 1752 1354 1827 δήμιοι
1405 1754 1504 1809 οὐκ
1535 1753 1593 1809 ἂν
1627 1749 1788 1830 ἔσχον
1826 1755 1902 1828 μὴ

254 1847 310 1900 οὗ
361 1846 632 1919 θαυμάσαι
675 1892 692 1918 ,
747 1843 896 1908 ὅπως
949 1843 1076 1920 οὐχὶ
1153 1842 1512 1919 ἀντάλλαγμα
1581 1843 1906 1919 λυτρώσεως

253 1938 421 2011 ψυχῆς
451 1932 694 2001 δικαίας,
732 1933 879 1989 ἀλλὰ
938 1931 1215 2007 ὀλεθρίου,
1267 1932 1359 1987 τὸν
1416 1927 1780 2008 φιλόχριστον
1811 1939 1907 1988 Νι-

247 2020 468 2100 κηφόρον
501 2020 894 2095 παρᾳδόμενος
944 2022 971 2075 ὁ
1025 2019 1324 2096 Σαπρίκιος
1375 2020 1562 2097 ἐφόνα,
1618 2017 1900 2093 δαιμόνων

251 2111 505 2184 ἄντικρυς.
556 2106 964 2184 Ἐϐαρύνθησάν
1025 2107 1082 2164 δέ
1132 2108 1190 2163 ἂν
1249 2108 1466 2178 ἐκεῖνοι,
1500 2110 1590 2163 καὶ
1643 2111 1725 2164 ὅτι
1763 2109 1904 2183 βλα-

248 2201 494 2279 σφημίαις
550 2201 580 2254 ὁ
638 2200 804 2262 κακὸς
860 2195 1151 2274 ἅνθρωπος
1203 2198 1299 2261 τὰς
1355 2196 1579 2268 φιλικὰς
1641 2196 1899 2272 εὐλογίας

249 2284 512 2362 ἠμείϐετο,
571 2288 805 2349 καὶτὰς
864 2285 1070 2348 ἱκεσίας
1130 2283 1336 2360 ὕϐρεσι,
1398 2287 1487 2340 καὶ
1547 2287 1664 2358 ὡς,
1722 2285 1899 2363 φιλεῖν

249 2375 406 2432 δοκῶν
435 2379 529 2432 τὸν
588 2373 862 2447 δεσπότην
915 2375 1067 2442 Θεὸν,
1099 2375 1193 2430 τὸν
1235 2372 1529 2429 σύνδουλον
1562 2374 1615 2438 ἐς
1641 2380 1899 2429 τοσοῦτον

252 2471 405 2537 μισεῖ,
449 2466 541 2520 καὶ
596 2465 857 2539 τύραννος
909 2459 1188 2518 ἀποϐαίνει
1220 2506 1234 2531 ,
1289 2462 1536 2538 μετάγων
1585 2465 1702 2517 κατ’
1759 2461 1898 2518 ἐκεί-

252 2576 334 2608 νου
385 2557 485 2624 τὴν
537 2555 682 2609 κατὰ
733 2561 835 2623 τῆς
908 2550 1154 2629 κεφαλῆς
1204 2551 1471 2629 ἀπόφασιν
1507 2598 1520 2622 ,
1585 2557 1778 2624 μενοῦν
1835 2574 1899 2627 γε

247 2642 502 2718 πυρκαίου
550 2643 820 2716 ἐξανάψας
872 2643 1072 2715 θυμοῦ,
1130 2642 1406 2709 σώζουσαν
1469 2642 1564 2713 μὶν
1615 2641 1707 2694 τὸν
1768 2661 1898 2714 προ-

247 2729 522 2804 δεδομένον
553 2737 759 2803 θανεῖν,
804 2732 894 2785 τὸν
945 2728 1002 2785 δὲ
1045 2726 1318 2807 προδόντα
1370 2724 1784 2798 διαϐιϐάζουσαν
1821 2730 1896 2792 εἷς

248 2819 456 2874 αἲώνιον
491 2825 628 2896 πῦρ.

305 3121 398 3181 κδ.
448 3124 815 3199 Παραπήξατε
863 3122 1040 3176 τοίνυν
1090 3122 1135 3175 ὦ
1180 3118 1430 3199 ἀδελφοὶ,
1475 3125 1543 3195 τῇ
1591 3123 1706 3176 καθ’
1752 3122 1890 3195 ὑμᾶς

247 3215 425 3288 μνήμῃ
484 3211 582 3267 καὶ
665 3208 881 3285 δένδρον
955 3214 1117 3265 τοῦτο
1190 3207 1495 3283 παράδοξον
1529 3253 1544 3281 ,
1603 3212 1888 3286 ἐκριζωθὲν

244 3300 522 3374 ξυλοκόπῳ
555 3298 785 3363 δικαίως
832 3299 982 3373 ἀξίνῃ
1018 3303 1116 3354 τοῦ
1168 3297 1314 3353 θείου
1359 3301 1561 3369 κήπου,
1613 3299 1704 3354 καὶ
1760 3300 1894 3355 ἀπο-

241 3388 523 3467 κληρωθὲν
574 3389 784 3462 αἰωνίῳ
835 3389 986 3464 πυρὶ,
1037 3387 1169 3464 ὅπερ
1218 3387 1364 3459 αὐτῴ
1400 3392 1480 3460 τῷ
1528 3384 1750 3461 δαίμονι
1803 3389 1895 3443 καὶ

236 3484 344 3540 τοῖς
404 3479 626 3535 ἐκείνου
684 3476 1054 3550 ἡτοίμασται.
1119 3476 1220 3533 Καὶ
1277 3477 1339 3530 τὸ
1392 3480 1638 3530 τοιοῦτον
1699 3478 1897 3554 φάκτον

245 3570 480 3642 μνήμασι
547 3565 762 3629 δέλτοις
816 3570 1021 3644 φρενῶν
1085 3563 1534 3642 ἐγγραψάμενοι,
1593 3563 1901 3642 παραδέχε-

238 3659 318 3712 σθε
371 3659 466 3731 μὲν
557 3657 766 3711 ἅπαντα
841 3653 1125 3729 ἄνθρωπον
1207 3658 1472 3724 ζητοῦντα
1522 3653 1733 3730 εὐχὴν,
1807 3654 1899 3710 καὶ

245 3745 601 3820 καταλλαγὴν
633 3789 649 3817 ,
706 3745 795 3799 καὶ
851 3741 1042 3799 ἕνωσιν
1112 3743 1462 3817 ἀνθρωπικην
1521 3738 1850 3818 ἀτύρϐαστον
1884 3784 1898 3810 ,

236 3836 316 3890 καὶ
352 3836 639 3915 φιλότητα
685 3835 1036 3904 κοινωνικὴν,
1087 3833 1177 3887 καὶ
1224 3829 1535 3908 συνδρομὴν
1582 3831 1900 3920 πολιτικὴν,

234 3925 314 3979 καὶ
360 3927 610 4003 ἀγάπην,
667 3925 756 3978 καὶ
811 3915 1230 3998 συγκατάϐασιν,
1290 3921 1381 3976 καὶ
1438 3920 1751 3993 ἐπιείκειαν,
1807 3915 1899 3976 καῖ

235 4015 602 4091 ἡμερότητα,
655 4013 744 4068 καὶ
799 4012 1140 4088 ἱλαρότητα,
1201 4010 1291 4064 καὶ
1350 4009 1575 4065 ἀσυλίαν
1611 4053 1625 4078 ,
1690 4009 1779 4064 καὶ
1837 4011 1900 4065 τὸ

235 4103 588 4171 ἀνεπίθετον,
649 4101 738 4157 καὶ
796 4095 1247 4156 ἀνεπιϐούλευτον
1288 4145 1302 4167 ,
1360 4100 1450 4152 καὶ
1506 4099 1605 4167 τὴν
1663 4099 1717 4163 ἐς
1780 4099 1897 4174 βίον

238 4195 616 4267 συγκρότησιν,
665 4190 746 4268 ἐφ’
793 4193 877 4252 οἷς
924 4187 1166 4260 δυνατὸν,
1216 4187 1306 4242 καὶ
1358 4185 1719 4264 ἐνδεχομένην
1773 4210 1899 4242 συν-

237 4280 552 4355 αντίληψιν,
602 4279 691 4334 καὶ
740 4275 911 4350 ἔλεον,
956 4277 1046 4332 καὶ
1099 4273 1412 4349 μετάδοσιν,
1463 4271 1631 4331 ἔτιδὲ
1676 4297 1902 4330 συνανα-

237 4372 465 4447 στροφὴν
533 4367 840 4443 εἰρηκικήν,
900 4365 1142 4436 δεξίωσιν
1198 4365 1541 4441 ἀπάνουργον
1578 4409 1593 4436 ,
1651 4363 1897 4443 κεφαλῆς

237 4462 402 4513 νεῦσιν
457 4457 820 4533 εὐλόγιστον,
881 4453 1080 4510 λαλιὰν
1163 4452 1510 4509 εὐπαίδευτον
1547 4499 1560 4525 ,
1636 4454 1900 4525 συνένεξιν

238 4547 484 4621 ἀπικήν,
546 4544 856 4620 συνδρομὴν
915 4542 1234 4600 ἀσκέλιστον
1273 4589 1287 4613 ,
1347 4543 1616 4598 συνοικίαν
1671 4543 1896 4617 ἀτάρα-

1935 1891 1982 1956 Β

2015 597 2200 669 ticeps
2232 598 2433 666 ﬁeret;
2468 614 2668 654 aurem
2696 615 2828 652 vero
2860 597 3116 668 praebere
3147 597 3396 652 daemoni
3425 598 3666 653 insidio-

2017 702 2079 741 se
2109 686 2382 742 suadenti
2413 704 2568 742 nunc
2615 702 2744 742 esse
2793 691 3026 758 tempus
3068 685 3300 742 inimico
3329 687 3400 741 ab
3429 687 3665 742 homine

2017 773 2369 829 declinandi.
2403 777 2592 841 Quum
2609 777 2765 830 enim
2788 775 2964 829 hacce
2986 775 3081 828 via
3108 775 3164 828 in
3190 774 3662 831 maledictionem

2019 865 2385 930 incurrisset,
2427 865 2562 920 huic
2609 864 2734 919 vitae
2777 869 3052 918 aeternam
3085 863 3262 918 vitam
3298 863 3663 936 posthabuit,

2019 954 2394 1024 naufragium
2430 955 2500 1009 ad
2535 959 2766 1024 portum
2811 951 2966 1017 fecit,
3017 951 3357 1023 foribusque
3406 953 3665 1023 paradisi

2016 1043 2142 1112 jam
2176 1043 2498 1115 proximus,
2524 1060 2556 1099 a
2581 1042 2826 1112 foribus,
2845 1046 2910 1098 ut
2931 1041 3115 1115 aiunt,
3141 1041 3666 1117 deerravit,passus

2017 1131 2322 1188 inimicum
2368 1151 2544 1188 suum
2594 1134 2986 1206 Nicephorum
3035 1134 3353 1190 introrsum
3403 1151 3662 1206 praecur-

2018 1237 2162 1288 rere,
2198 1227 2373 1292 atque
2402 1222 2480 1276 ibi
2513 1223 2759 1294 gloriam
2793 1223 2895 1277 Dei
2927 1223 3331 1294 contemplari.
3366 1223 3601 1279 Scilicet
3630 1240 3661 1279 e

2016 1310 2175 1366 scala
2205 1312 2533 1382 pertinente
2565 1313 2634 1366 ad
2669 1312 2876 1367 coelum
2909 1311 3178 1378 excessit,
3213 1313 3368 1383 quia,
3402 1319 3465 1366 ut
3494 1313 3661 1368 Nice-

2019 1399 2240 1470 phorus
2262 1416 2367 1471 per
2383 1400 2645 1456 divinum
2671 1417 2929 1456 amorem
2953 1399 3012 1454 in
3035 1399 3294 1470 aquilam
3326 1399 3443 1455 alta
3464 1406 3662 1472 peten-

2017 1493 2134 1544 tem
2168 1505 2485 1544 conversus
2514 1494 2656 1555 erat,
2710 1490 2794 1544 sic
2849 1489 2976 1561 ipse
3024 1487 3399 1545 terrestribus
3428 1489 3662 1544 deditus

2017 1582 2190 1649 atque
2211 1579 2643 1648 quodammodo
2661 1578 2954 1634 terrestris
2985 1578 3058 1632 ad
3093 1577 3475 1633 subterranea
3491 1591 3662 1648 quasi

2015 1667 2088 1721 ad
2116 1672 2349 1737 pastum
2383 1667 2526 1722 adeo
2579 1668 2877 1736 tendebat,
2911 1667 2984 1722 iis
3030 1671 3259 1721 tantum
3307 1666 3661 1735 adhaerebat,

2016 1761 2079 1810 ut
2110 1773 2182 1811 ne
2212 1755 2422 1811 caelum
2454 1755 2690 1827 quidem
2726 1761 2882 1811 recta
2903 1755 3114 1811 intueri
3150 1755 3488 1811 sustineret.
3523 1759 3659 1812 Car-

2016 1845 2218 1900 niﬁces
2244 1846 2418 1900 etiam
2452 1830 2867 1916 non'poterant
2898 1862 3011 1900 non
3053 1844 3333 1899 admirari
3364 1846 3659 1915 quomodo

2013 1933 2314 2004 Sapricius
2330 1935 2455 2004 jam
2489 1932 2778 2004 supplicio
2797 1933 3048 1988 traditus
3089 1937 3500 2004 compensaret
3523 1932 3666 1989 ami-

2014 2022 2160 2077 citiae
2192 2022 2458 2094 pignora,
2494 2039 2608 2077 non
2643 2022 2948 2093 probi,sed
2984 2021 3240 2093 pestiferi
3261 2022 3661 2078 hominisins-

2012 2115 2121 2180 tar,
2142 2112 2212 2164 ad
2236 2112 2687 2182 exemplumque
2710 2111 3068 2179 daemonum,
3100 2111 3427 2182 exoptanda
3459 2127 3659 2166 necem

2010 2199 2320 2270 Nicephori
2368 2200 2467 2271 qui
2518 2199 2817 2255 Christum
2861 2199 3162 2271 diligebat.
3195 2200 3363 2272 {Egre
3396 2200 3661 2255 ferebant

2011 2289 2165 2358 quod
2201 2288 2312 2343 iste
2344 2288 2432 2343 vir
2458 2305 2710 2360 nequam
2746 2287 3073 2344 maledictis
3123 2288 3307 2343 amice
3337 2287 3493 2342 dicta
3525 2305 3658 2359 pro-

2010 2377 2248 2447 brisque
2273 2394 2470 2448 preces
2486 2377 2851 2449 rependerat,
2869 2378 3164 2447 quodque,
3182 2393 3318 2430 cum
3346 2377 3657 2432 Dominum

2007 2468 2188 2519 Deum
2220 2483 2419 2521 amare
2439 2466 2754 2533 videretur,
2787 2482 3132 2521 conservum
3164 2470 3470 2538 tantopere
3502 2467 3659 2521 odis-

2009 2559 2116 2608 set.
2153 2554 2268 2609 Rex
2299 2559 2496 2609 autem
2543 2554 2692 2620 coeli,
2722 2555 2820 2626 qui
2855 2572 2924 2610 ex
2956 2555 3037 2610 ira
3067 2555 3152 2610 sic
3185 2555 3427 2610 incensa
3457 2556 3656 2628 ignem

2006 2642 2129 2713 ipse
2182 2648 2536 2714 susceperat,
2562 2644 2688 2714 jam
2724 2662 2756 2699 a
2786 2644 3047 2715 Sapricio
3079 2643 3341 2710 recessit,
3373 2660 3649 2716 eumque,

2006 2730 2063 2785 in
2095 2730 2289 2786 locum
2320 2731 2651 2803 Nicephori,
2685 2737 2957 2804 quatiens
2988 2738 3162 2804 caput
3183 2733 3655 2805 repudiavit,quo

2006 2824 2154 2874 nutu
2187 2821 2286 2891 qui
2321 2821 2492 2875 morti
2541 2822 2783 2876 devotus
2805 2825 2930 2876 erat
2967 2821 3161 2876 salvus
3185 2821 3376 2875 factus
3414 2826 3523 2887 est,
3553 2821 3655 2893 qui

2004 2916 2202 2965 autem
2234 2910 2540 2966 devoverat
2571 2909 2890 2966 translatus
2922 2911 2979 2964 in
3012 2911 3208 2982 ignem
3233 2914 3539 2965 aeternum.

2068 3123 2158 3178 24.
2195 3123 2434 3196 Defigite
2463 3123 2663 3195 igitur,
2717 3124 2945 3195 fratres,
2976 3129 3172 3182 vestra
3225 3128 3284 3182 in
3345 3130 3650 3197 memoria,

1929 3255 1971 3322 Ο
2009 3213 2274 3268 arborem
2354 3213 2528 3268 istam
2584 3213 2887 3284 indignam
2935 3214 3141 3269 merito
3176 3218 3364 3272 securi
3399 3219 3655 3276 excisam

2012 3299 2188 3322 1---2---
2228 3302 2292 3322 __‘I
2326 3301 2550 3322 _-_l_"-_
2606 3302 2846 3322 _'___.__,___
2895 3303 3199 3322 _-_--!1,,,,
3372 3306 3384 3322 I
3486 3312 3495 3322 .
3581 3309 3620 3322 υ

2012 3299 2194 3356 fuisse
2225 3302 2292 3356 ad
2326 3301 2574 3368 radices,
2598 3302 2852 3374 jureque
2892 3303 3210 3373 sepositam
3252 3322 3321 3360 ex
3372 3306 3538 3362 horto
3565 3309 3655 3362 di-

2008 3389 2141 3444 vino
2166 3389 2226 3443 in
2260 3389 2454 3460 ignem
2483 3390 2906 3461 mternum,qui
2938 3392 3262 3447 damoniet
3285 3394 3653 3465 angelisejus

2010 3483 2251 3549 paratus
2305 3483 2414 3534 est.
2472 3480 2633 3543 Quod
2703 3496 2835 3534 cum
2896 3481 2954 3534 in
3016 3481 3379 3536 memoribus
3438 3484 3656 3538 mentis

2009 3570 2211 3621 vestrae
2241 3566 2457 3622 tabulis
2503 3567 2857 3639 impressum
2909 3569 3040 3636 erit,
3088 3569 3278 3624 virum
3324 3572 3656 3642 acceptabi-

2011 3654 2125 3710 lem
2158 3655 2355 3710 ducite
2412 3657 2750 3727 quicunque
2808 3657 3062 3727 requiret
3119 3659 3465 3730 orationem,
3513 3677 3657 3716 con-

2011 3745 2288 3812 cordiam,
2323 3746 2794 3801 communionem
2828 3747 3051 3818 absque
3077 3747 3358 3812 tumultu,
3394 3765 3652 3805 amorem

2011 3833 2166 3889 unde
2223 3835 2580 3901 communio,
2632 3851 2986 3890 consensum
3045 3836 3102 3890 in
3156 3837 3409 3907 publicis
3457 3839 3652 3908 rebus,

2012 3922 2376 3988 charitatem,
2427 3924 2798 3994 obsequium,
2863 3926 3233 3996 modestiam,
3294 3927 3656 3998 comitatem,

2011 4010 2365 4066 hilaritatem
2396 4017 2451 4068 et
2475 4013 2849 4068 securitatem
2878 4029 2891 4079 ;
2949 4014 3048 4084 qui
3093 4030 3198 4069 nec
3230 4015 3656 4086 dissimulabit,

2012 4116 2118 4154 nec
2146 4099 2529 4156 insidiabitur
2555 4127 2569 4166 ς
2621 4101 2718 4173 qui
2753 4118 2843 4156 res
2873 4102 3002 4157 vita:
3036 4110 3345 4175 componet
3367 4111 3656 4176 quantum

2010 4189 2244 4261 poterit;
2279 4189 2666 4257 opitulabitur
2692 4191 2741 4244 si
2787 4207 2936 4261 opus
2985 4192 3116 4257 erit,
3184 4191 3566 4248 miserebitur
3594 4199 3651 4250 et

2011 4278 2082 4332 de
2114 4294 2220 4332 suo
2247 4277 2413 4332 dabit
2445 4296 2458 4345 ;
2495 4279 2596 4350 qui
2626 4278 2964 4334 societatem
2997 4296 3130 4334 cum
3166 4281 3448 4336 fratribus
3478 4283 3656 4338 inibit

2012 4367 2340 4438 pacificum,
2373 4368 2632 4422 dextram
2697 4369 2952 4439 porriget
2982 4368 3304 4439 innoxiam,
3336 4370 3464 4440 ipso
3497 4371 3656 4443 capi-

2010 4455 2088 4510 tis
2120 4461 2265 4510 nutu
2298 4456 2564 4512 sincerus
2613 4456 2742 4512 erit.
2789 4457 2896 4520 Qui
2951 4457 3009 4511 in
3060 4473 3327 4513 sermone
3359 4459 3653 4530 ingenuus

2011 4549 2068 4600 et
2113 4544 2172 4598 in
2222 4545 2575 4600 commercio
2634 4545 2896 4600 urbanus
2949 4545 3266 4609 videbitur,
3301 4562 3489 4616 neque
3519 4563 3656 4602 con-

238 4655 356 4711 χον,
402 4619 686 4711 εὐλογίαν
717 4633 1120 4710 χριστιανικήν,
1175 4632 1238 4687 τὸ
1290 4630 1651 4708 ἀπανούργως
1712 4631 1895 4704 εὐόμι-

2011 4637 2336 4689 currentem
2426 4633 2852 4705 supplantabit,
2939 4649 3129 4704 neque
3208 4635 3655 4691 contubernales

239 4722 348 4793 λον,
379 4727 444 4779 τὸ
480 4749 509 4776 ‹‹
543 4724 629 4778 ναὶ
664 4748 692 4774 ››
717 4722 806 4777 καὶ
853 4723 916 4778 τὸ
951 4746 971 4774 ι
1009 4721 1092 4791 οὒ,
1122 4745 1152 4772 ››
1179 4721 1240 4774 τὸ
1286 4721 1426 4795 πρὸς
1472 4719 1730 4790 ἀλήθειαν
1761 4720 1893 4794 ἀρᾳ-

239 4809 592 4889 διούργητον,
635 4814 698 4868 τὸ
740 4811 1091 4888 ἀνθρωπίνως
1139 4811 1482 4878 κοινωνικὸν,
1527 4811 1591 4864 τὸ
1634 4811 1897 4886 ἀκακοὺρ-

236 4923 339 4975 γως
368 4903 779 4969 πολιτευτικὸν,
807 4902 870 4956 τὸ
900 4900 952 4956 ὲν
987 4899 1430 4974 συναλλάγμασιν
1466 4896 1690 4967 ἄδολον,
1721 4899 1784 4953 τὸ
1839 4898 1890 4952 ἐν

242 4990 598 5068 ὑποσχέσεσιν
642 4990 879 5063 ἀτρεκὲς,
938 4990 1000 5044 τὸ
1058 4988 1111 5044 έν
1149 4986 1496 5061 δανείσμασιν
1556 4987 1592 5057 ἢ
1651 4985 1892 5064 ἀκερδὲς,

240 5077 274 5147 ἢ
305 5077 453 5134 ἀλλὰ
484 5077 718 5154 δευτέρῳ
769 5079 922 5155 λόγῳ
970 5075 1327 5154 εὖδιακρίτως
1373 5074 1748 5153 ὀλιγοκερδὶς,
1800 5076 1892 5132 καὶ

243 5167 464 5230 ὁπόσοις
495 5166 689 5229 ἄλλοις
725 5169 844 5244 βίος
877 5167 1180 5244 ἐξαρτύεται
1210 5166 1440 5241 ἥμερος,
1472 5165 1562 5220 καὶ
1597 5168 1672 5238 μὴ
1706 5166 1896 5241 αἰσχύ-

240 5278 341 5311 νων
389 5256 484 5312 τὸν
536 5262 635 5312 τοῦ
693 5258 826 5313 Θεοῦ
878 5255 1182 5332 ἄνθρωπον,
1231 5257 1323 5311 καὶ
1375 5255 1452 5319 εἷς
1513 5260 1647 5311 Θεοῦ
1703 5253 1893 5329 δένδρα

242 5344 412 5407 οὕτως
487 5345 771 5418 αὖξάνεσθε
852 5346 942 5402 καὶ
1016 5345 1357 5415 πληθύνεσθε
1431 5341 1720 5422 πολυφόρα
1799 5342 1890 5398 καὶ

238 5431 614 5513 ἀγλαόκαρπα,
647 5436 737 5491 καὶ
788 5437 878 5491 οἷα
923 5435 1208 5512 γλυκάζειν
1253 5435 1342 5488 καὶ
1388 5433 1602 5508 τέρπειν
1637 5431 1728 5487 διὰ
1757 5433 1891 5506 ἀγά-

241 5543 372 5595 πης,
418 5527 532 5590 καθ’
576 5527 637 5596 ἣν
685 5524 1020 5600 ήγαπημένα
1066 5524 1301 5602 νεόφυσα
1345 5531 1427 5589 τῖ)
1471 5527 1586 5595 Θεῷ
1617 5523 1892 5594 έξοσιοῦν-

240 5632 327 5666 ται
359 5612 438 5677 εἰς
466 5613 619 5686 δόξαν
668 5614 835 5670 αὐτοῦ
877 5614 1015 5688 ὑψοῦ
1065 5612 1450 5689 ἀνατρέχοντα.
1501 5613 1600 5666 Καὶ
1648 5615 1894 5666 τοιοῦτοι

246 5701 341 5774 μὲν
396 5703 545 5780 ὑμεῖς
596 5699 914 5761 ἀποϐαίνετε
958 5702 1112 5782 λόγῳ
1159 5701 1520 5776 τελειώσεως,
1573 5703 1647 5766 ὡς
1677 5698 1889 5776 ἅνθρωιι

2002 4722 2258 4791 vexabit,
2292 4723 2416 4788 sed,
2450 4727 2512 4776 ut
2543 4722 2936 4777 Christianum
2963 4723 3148 4787 decet,
3182 4723 3240 4777 in
3274 4723 3655 4793 colloquendo

2007 4809 2322 4875 affabilem,
2349 4810 2406 4865 in
2441 4811 2839 4866 conversando
2872 4810 3202 4882 simplicem
3235 4828 3296 4866 se
3320 4814 3651 4882 praestabit;

2005 4899 2102 4971 qui
2139 4904 2346 4970 praeter
2374 4901 2454 4954 ita
2485 4898 2571 4953 vel
2593 4915 2702 4954 non
2728 4898 2873 4953 nihil
2907 4899 3161 4968 adjiciet,
3197 4903 3254 4954 et
3285 4917 3317 4953 a
3349 4899 3484 4956 laesa
3506 4903 3654 4957 veri-

2003 4993 2122 5044 tate
2153 5004 2397 5060 prorsus
2439 4987 2817 5054 abhorrebit;
2879 4987 2978 5060 qui
3037 4988 3096 5042 in
3157 4989 3426 5045 civilibus
3479 4993 3655 5046 rebus

2003 5076 2320 5144 officiosus,
2355 5077 2413 5131 in
2448 5075 2703 5149 publicis
2729 5076 3040 5148 innocuus,
3073 5075 3133 5132 in
3161 5079 3481 5134 exercenda
3500 5096 3654 5135 mer-

2004 5170 2210 5222 catura
2261 5166 2487 5221 fraudis
2535 5165 2867 5221 invenietur
2911 5181 3167 5236 expers;
3237 5166 3338 5237 qui
3396 5167 3656 5223 fenerata

2004 5272 2067 5310 ex
2106 5255 2356 5326 pecunia
2385 5256 2714 5310 mercedem
2762 5253 2850 5309 vel
2882 5253 3108 5310 nullam
3138 5255 3226 5310 vel
3259 5255 3469 5312 saltem
3503 5257 3653 5312 bene

2003 5345 2294 5400 modicam
2376 5344 2586 5417 exiget,
2663 5344 2746 5398 ita
2839 5347 2904 5397 ut
2989 5343 3086 5414 qui
3162 5347 3467 5399 mutuatus
3542 5345 3655 5400 erit

2003 5434 2113 5490 sibi
2176 5437 2475 5505 comparet
2538 5450 2606 5488 ex
2678 5430 2920 5503 reliquis
2977 5434 3196 5488 victum
3255 5431 3486 5488 facilem
3546 5449 3653 5488 nec

2003 5523 2122 5578 ﬁlio
2155 5522 2252 5578 Dei
2307 5523 2672 5579 indecorum.
2706 5521 2900 5577 Simili
2931 5521 3104 5576 modo
3137 5525 3194 5576 et
3224 5536 3347 5591 vos,
3384 5525 3449 5578 ut
3478 5522 3654 5578 arbo-

2002 5629 2094 5668 res
2125 5609 2249 5680 Dei,
2297 5611 2540 5668 crescite
2569 5616 2627 5666 et
2655 5610 2968 5666 exuberate
2999 5609 3294 5665 fructibus
3325 5613 3390 5666 ut
3421 5609 3650 5681 multis,

2003 5699 2413 5772 itajucundis,
2455 5701 2856 5772 suavibusque
2903 5703 2963 5756 et
3015 5697 3288 5756 dulcibus
3338 5716 3441 5772 per
3487 5717 3652 5759 amo-
