4114 6200
501 372 620 435 583
1278 369 1707 433 EUSTA’I‘HII
1747 367 2518 434 THESSALONICENSIS
2560 373 3140 440 METROPOLITE
3763 395 3867 457 εει

503 523 650 562 rem.
684 507 866 561 Amor
897 504 1053 561 enim
1087 520 1266 560 causa
1292 507 1383 559 est
1410 519 1517 559 cur
1546 502 1820 575 neophyti
1851 519 1885 558 a
1914 502 2031 558 Deo
2061 502 2128 557 di

2262 507 2483 599 Fonteii
2531 508 2685 599 Θεοῦ,
2740 507 2968 599 ὁποίους
3019 509 3379 599 δᾷγιώτατος
3425 519 3710 589 Burrieni},-
3736 524 3864 599 φιλεῖ

502 596 636 652 lecti
667 597 852 652 sancti
887 595 1050 665 ﬁant,
1084 599 1140 650 et
1193 609 1430 648 sursum
1479 592 1538 648 in
1570 592 1818 665 gloriam
1861 593 1990 663 ejus
2021 608 2122 648 evo

1927 609 1990 648 us
2021 608 2152 648 evo-
2263 592 2490 666 ἐγγίζειν
2521 597 2598 666 τῷ
2626 599 2743 666 Θεῷ
2775 595 2850 658 εἰς
2881 594 3209 672 παραδείσου
3241 600 3552 663 ἀπόλαυσιν,

496 685 641 742 lent.
694 686 859 743 Nunc
917 690 1111 739 autem
1171 682 1474 750 discedite,
1524 683 1651 754 jam
1708 686 1908 739 exacto
1965 697 2254 754 sermone,
2291 684 2495 756 quales
2544 684 2628 740 illi
2678 686 2779 742 Dei
2827 687 2939 742 viri
2988 706 3136 760 quos
3175 701 3411 750 sanctus
3457 697 3707 768 Baptista
3740 703 3863 761 solet

501 775 781 832 collocare
805 774 957 845 apud
989 773 1195 838 Deum,
1228 777 1294 826 ut
1325 772 1598 844 paradiso
1623 773 1751 840 eius
1782 773 2071 827 fruantur.

569 866 659 918 25.
693 863 853 927 Quod
887 861 937 916 si
968 861 1123 932 quis,
1159 865 1360 931 utpote
1409 860 1591 915 futuri
1623 860 2040 928 inscius,cavet
2071 876 2143 916 ne

2251 945 2266 950 _
2323 861 2416 917 κε’.
2450 859 2601 950 Εἴδὲ
2639 883 2732 950 τις
2780 863 3066 940 ἅνθρωπος
3111 863 3187 921 ὢν
3246 868 3580 946 ἀπροόρατος
3616 878 3705 929 τοῦ
3749 877 3858 950 μᾶλ.

499 952 644 1009 alter
676 951 972 1024 Sapricins
991 949 1100 1005 sibi
1129 950 1394 1006 infensus
1418 949 1630 1005 alicubi
1653 949 2124 1022 lateat,timelqu¢

2251 945 2443 1011 λοντος
2493 945 2826 1020 εὐλαϐεῖται,
2889 955 2966 1026 μή
3028 974 3134 1009 που
3188 957 3488 1032 Σαπρίκιόν
3513 981 3628 1016 τινα
3656 945 3857 1031 ὑποκαθ-

499 1043 570 1098 de
601 1055 952 1113 congressus
985 1056 1120 1095 cum
1179 1039 1280 1094 illo
1339 1040 1484 1094 adeo
1539 1056 1651 1094 non
1694 1039 1820 1112 ipse
1849 1039 1906 1094 in
1932 1038 2124 1095 ccslurr

2249 1039 2452 1131 ἥμενον
2483 1037 2876 1131 ,ἔχῃ-ἐχθρὸν,
2936 1043 3026 1131 καὶ
3087 1041 3250 1117 δέδιε,
3313 1050 3390 1120 μή
3443 1050 3531 1104 καὶ
3584 1056 3857 1131 περιτυχὼν

495 1132 830 1198 advocatur,
878 1133 944 1184 ut
976 1133 1181 1184 contra
1210 1128 1268 1182 in
1301 1127 1504 1183 inferis
1538 1128 1680 1200 pede
1715 1128 1914 1198 lapsus
1946 1128 2120 1199 dispe‘

2248 1124 2393 1215 αὐτῷ
2442 1125 2504 1181 οὐ
2555 1129 2692 1204 πρὸς
2749 1131 2877 1186 Θεὸν
2927 1130 3438 1211 ἀναπεμφθήσεται,
3489 1137 3610 1196 ἀλλ’
3639 1124 3710 1205 εἰς
3753 1124 3857 1215 ᾅδου

493 1225 637 1288 reat,
701 1218 880 1274 nolite
933 1218 1058 1273 viro
1109 1218 1367 1289 ineptam
1401 1221 1456 1272 et
1485 1217 1814 1272 dementem
1846 1217 2118 1289 ignaviam

2245 1213 2646 1286 κατολισθήσας
2694 1217 2981 1291 ἐξολεῖται,
3033 1219 3192 1300 ἄφετε
3246 1225 3546 1300 μέμφεσθαι
3589 1231 3676 1286 τὸν
3703 1213 3857 1290 τοιοῦ-

493 1309 767 1379 objicere,
799 1309 900 1364 sed
934 1313 1135 1362 contra
1176 1311 1295 1362 toto
1347 1307 1518 1362 corde
1550 1312 1707 1361 orate
1739 1313 1801 1360 ut
1832 1309 2114 1362 occumba

2243 1324 2334 1358 τον
2395 1302 2679 1380 ἄνθρωπον
2732 1315 2831 1378 τῆς
2891 1308 3120 1386 ἐκλόγου
3182 1315 3272 1368 καὶ
3332 1315 3583 1372 ἀσυνέτου
3639 1317 3853 1385 δειλίας·

494 1397 792 1469 Sapricius
835 1413 1020 1452 novus
1061 1395 1153 1450 his
1184 1395 1494 1467 Nicephori
1529 1394 1753 1449 artibus
1785 1412 1931 1466 quas
1965 1397 2119 1450 modt

2247 1389 2468 1481 εὔχεσθε
2499 1392 2556 1450 δὲ
2586 1394 2883 1473 ὁλοψύχως
2932 1398 3210 1472 ἐξολέσθαι
3260 1405 3428 1458 πάΛιν
3471 1407 3564 1462 τὸν
3602 1411 3856 1481 Σαπρίκιον

491 1488 755 1557 exposui.
790 1486 849 1541 Si
882 1485 1019 1540 inde
1050 1485 1338 1554 contingit
1371 1489 1457 1552 ut,
1515 1500 1582 1538 ex
1641 1485 1912 1539 universa
1969 1485 2113 1540 bene

2245 1478 2334 1575 διὰ
2386 1490 2486 1552 τῆς
2544 1485 2857 1564 Νικηφόρου
2919 1486 3175 1561 μεθόδου,
3233 1494 3294 1562 ἦν
3356 1494 3408 1548 ἐν
3467 1502 3582 1558 τοῖς
3635 1478 3857 1575 παροῦσιν

491 1575 745 1630 dictione
777 1591 903 1644 quas
953 1579 1084 1646 post
1129 1574 1419 1628 Adamum
1452 1577 1707 1628 creatum
1757 1574 2116 1643 pronuntiat:

2241 1569 2540 1666 εξεθὲμεθα.
2575 1574 2733 1630 Οὕτω
2762 1576 2862 1666 γὰρ
2914 1578 3012 1666 [εἰ]
3074 1581 3178 1635 ἀπὸ
3235 1589 3338 1652 τῆς
3385 1569 3714 1658 Ἀδαμιαίας.
3741 1591 3855 1666 παρ-

489 1671 600 1733 est,
633 1670 691 1719 et
722 1663 1033 1736 paradisus
1074 1662 1279 1717 incolis
1307 1663 1711 1732 frequentetur
1746 1663 1843 1732 (1),
1877 1667 1934 1716 et
1963 1663 2114 1718 arbo«

2243 1658 2646 1750 ﬁpstacapévnc
2707 1665 3029 1742 [εὐλογίας],
3091 1666 3160 1723 δι’
3216 1671 3285 1740 ἧς
3348 1673 3438 1726 καὶ
3497 1676 3525 1728 6
3570 1658 3855 1750 παράδεισος

489 1754 656 1809 ribus
687 1753 902 1808 divinis
936 1757 1201 1808 crescant
1231 1769 1363 1806 cum
1399 1752 1634 1820 frondes
1666 1757 1986 1818 comantes,
2008 1757 2114 1806 tun

2243 1748 2499 1819 οἰκίζεται
2533 1793 2550 1818 ,
2603 1753 2690 1807 καὶ
2749 1755 2813 1808 τὰ
2890 1762 3005 1820 θεῖα
3066 1755 3258 1834 δένδρα
3318 1748 3740 1838 φυτηκομοῦνται
3792 1769 3852 1834 εἰς

489 1845 715 1898 fructus
742 1841 855 1897 Deo
879 1842 1152 1912 jucundi,
1183 1841 1380 1894 omnia
1408 1856 1584 1910 penes
1616 1857 1723 1895 nos
1752 1844 1926 1894 erunt
1957 1847 2107 1895 bona

2241 1838 2328 1892 καὶ
2387 1841 2766 1921 καρποτρόφον
2828 1844 2992 1915 αὔξην
3049 1847 3137 1902 καὶ
3199 1847 3459 1928 θεοφιλῆ,
3517 1853 3677 1928 ἀγαθά
3726 1852 3849 1912 ἔσται

489 1946 781 2002 superque
837 1931 1074 1985 accedet
1122 1929 1407 1983 auxilium
1469 1928 1565 1983 Dei
1611 1927 1712 1999 qui
1762 1931 2037 1984 continuo
2069 1930 2114 1984 ir

2237 1927 2305 1981 τὰ
2333 1927 2524 1996 πάντα,
2557 1931 2645 1984 καὶ
2677 1935 2711 2002 ἡ
2759 1932 2856 1987 τοῦ
2905 1939 3039 1990 Θεοῦ
3086 1937 3314 2012 βοήθεια
3365 1941 3502 2016 πρὸς
3549 1927 3674 2014 ἡμῖν
3717 1949 3851 2018 γενή-

485 2019 737 2091 singulis
795 2018 1200 2073 convertendis
1258 2022 1486 2071 tantum
1547 2015 1804 2072 elaborat
1837 2023 1898 2072 ut
1928 2017 2110 2089 saepis

2239 2036 2383 2070 σεται
2420 2037 2432 2048 ⁸
2495 2018 2554 2082 ὃς
2599 2021 2696 2088 τήν
2758 2021 2994 2077 ἑκάστων
3072 2023 3410 2106 ἐπιστροφήν
3485 2015 3763 2107 ἐνδελεχῶς
3810 2015 3853 2098 ἒς

484 2108 633 2163 sime
683 2106 767 2162 vel
799 2106 1010 2162 invitos
1055 2110 1244 2161 servet
1275 2110 1443 2175 atque
1475 2105 1535 2160 in
1583 2105 1829 2177 gloriam
1864 2105 2102 2177 recipiat

2235 2110 2494 2160 τοσοῦτον
2544 2110 3018 2185 πραγματεύεται,
3077 2114 3151 2176 ὡς
3210 2105 3322 2170 καὶν
3367 2118 3589 2181 ἄκοντας
3644 2105 3772 2194 ἡμᾶς
3807 2122 3849 2178 ἐν

483 2195 701 2268 quippe
732 2196 832 2266 qui
883 2195 961 2250 sit
1009 2194 1248 2249 omnino
1283 2195 1492 2261 bonus,
1526 2199 1868 2265 amatorque
1901 2193 2108 2250 animat

2235 2194 2471 2286 πολλοῖς
2541 2206 2858 2275 περισώζειν
2927 2203 3005 2266 εἷς
3065 2202 3218 2278 δόξαν
3300 2209 3473 2264 αὐτοῦ
3507 2256 3520 2280 ,
3580 2216 3849 2286 παναγάθου

480 2301 610 2340 rum
643 2288 701 2341 et
730 2284 946 2340 idcirco
980 2283 1150 2339 laude
1176 2283 1392 2355 dignus
1416 2283 1471 2338 in
1505 2288 1810 2338 mternum.
1844 2288 2052 2339 Amen.

2236 2280 2409 2354 ὄντος,
2439 2288 2528 2342 καὶ
2579 2288 2916 2367 φιλοψῦχου,
2975 2294 3066 2348 καὶ
3123 2291 3195 2348 δι’
3252 2297 3392 2352 αὐτὸ
3455 2280 3740 2374 εὐλογητοῦ
3787 2301 3849 2365 είς

2235 2373 2458 2438 αἰῶνας.
2488 2379 2691 2450 Ἀμήν.

547 2555 623 2623 (1)
661 2552 893 2609 Scilicet
927 2571 939 2608 :
985 2552 1220 2609 Crescite
1247 2561 1302 2608 et
1329 2551 1789 2625 multiplicamini
1811 2553 2006 2626 (Gen.,
2040 2572 2078 2624 ι,
2110 2555 2172 2609 28

927 2571 939 2608 :
985 2552 1220 2609 Crescite
1247 2561 1302 2608 et
1329 2551 1789 2625 multiplicamini
1811 2553 2006 2626 (Gen.,
2040 2572 2078 2624 ι,
2110 2555 2179 2609 28
2207 2573 2220 2626 ;
2254 2574 2376 2626 vm,
2414 2558 2521 2631 17).

1749 2889 2604 3051 EJUSDEM

917 3187 1065 3317 ΙΝ
1175 3188 1918 3319 SANCTAM
2016 3191 3440 3352 QUADRAGESIMAM

1866 3461 2299 3551 ORATIO
2357 3466 2468 3550 II.

465 3829 723 3899 Eiusdem
754 3829 1124 3911 Tliessalonici
1175 3829 1533 3911 metrOpolitw
1578 3829 1646 3911 in.
1683 3833 1939 3911 sanctam
1969 3829 2090 3899 Qua

2104 3860 2112 3872 -
2143 3831 2186 3900 C
2356 3835 2462 3886 Τοῦ
2491 3830 2656 3886 αὐτοῦ
2679 3832 3108 3911 ’μητροπολ-ίτου
3138 3835 3545 3907 Θεσσαλονίκης
3577 3833 3729 3911 λόγος

771 3903 1139 3970 drageszmam
1166 3903 1348 3957 oratio
1366 3903 1793 3973 prwparatoria.

2469 3903 2816 3980 προεισόδιος
2841 3913 2942 3976 τῆς
2971 3908 3128 3981 ἁγίας
3159 3903 3618 3983 Τεσσαρακοστῆς.

535 4011 586 4064 1.
619 4010 772 4064 Bene
797 4007 916 4063 scio
945 4024 1068 4074 vos,
1105 4009 1330 4073 fratres,
1365 4007 1690 4078 spiritualis
1716 4025 1896 4064 causa
1931 4026 2107 4082 nego-

2288 4016 2352 4065 α’.
2388 4008 2462 4066 Εῦ
2507 4008 2651 4077 οἶδα,
2703 4010 2786 4065 ὅτι
2837 4010 3104 4085 ἐμπορίας
3155 4014 3318 4089 χάριν
3388 4015 3762 4087 πνευματικῆς,
3803 4011 3839 4064 ὧ

462 4099 553 4165 tii,
589 4103 942 4169 propterque
993 4095 1224 4151 lucrum
1277 4097 1348 4152 ad
1406 4097 1588 4152 Deum
1637 4097 1842 4152 exinde
1903 4115 2087 4170 prove

2218 4096 2467 4176 ἀδελφοὶ,
2513 4101 2600 4154 καὶ
2651 4095 2806 4173 νὸμῳ
2852 4105 2949 4155 τοῦ
3001 4101 3236 4157 ἐντεῦθεν
3290 4104 3428 4159 κατὰ
3468 4104 3595 4158 Θεὸν
3625 4099 3837 4176 κέρδους,

463 4187 655 4250 niens,
690 4185 1032 4240 festinantes
1062 4190 1119 4240 et
1149 4202 1303 4240 nunc
1348 4187 1417 4241 ad
1452 4186 1601 4241 hanc
1631 4186 1887 4242 divinam
1923 4187 2088 4241 virtu

2219 4193 2440 4265 φοιτᾶτε
2475 4187 2566 4242 καὶ
2612 4193 2700 4242 νῦν
2753 4188 2830 4251 εἷς
2874 4191 2936 4244 τὸ
2982 4197 3124 4253 θεῖον
3177 4196 3340 4246 τοῦτο
3389 4199 3491 4260 τῆς
3539 4191 3723 4267 ἀρετῆς
3767 4187 3838 4262 Ep-

460 4276 538 4332 tis
571 4275 866 4331 ofﬁcinam
893 4291 1224 4346 properare,
1260 4279 1610 4339 mutaturos,
1640 4275 1759 4330 sive
1782 4282 2082 4330 commota

2218 4279 2540 4352 γαστήριον,
2591 4277 2948 4350 ἆλΛάξοντες,
2983 4276 3080 4334 εἴτ’
3129 4279 3220 4334 οῦν
3272 4279 3686 4351 συναλλάξοντες
3713 4277 3837 4350 ἀγώ-

460 4371 624 4421 turos
656 4380 901 4430 merces,
937 4364 1143 4436 quales
1175 4369 1331 4420 amat
1362 4365 1460 4434 qui
1521 4364 1618 4418 Dei
1679 4365 1912 4436 negotia
1959 4365 2078 4436 geri

2217 4387 2377 4440 γιμα,
2429 4367 2592 4420 ὁποῖα
2641 4364 2792 4443 φιλεῖ
2841 4369 2868 4422 ὁ
2915 4367 2984 4421 τὰ
3026 4372 3124 4422 τοῦ
3171 4373 3306 4423 Θεοῦ
3362 4366 3840 4445 πραγματευόμενος

460 4455 657 4519 homo,
690 4455 860 4525 cujus
922 4471 1058 4526 pars
1109 4459 1199 4509 est
1245 4453 1462 4510 zelotes
1485 4460 1541 4508 et
1571 4454 1848 4522 imitator,
1884 4471 2085 4510 necnon

2219 4457 2526 4530 ἄνθρωπος,
2560 4456 2620 4510 οὗ
2651 4455 2741 4509 καὶ
2796 4455 2957 4532 μέρος
3008 4456 3096 4512 καὶ
3157 4455 3416 4527 ζηλωτής
3463 4460 3553 4513 καὶ
3597 4455 3835 4530 μιμητής.

459 4546 815 4617 discipulus,
842 4544 1165 4617 praesertim
1183 4549 1377 4598 autem
1409 4543 1709 4614 magister,
1733 4543 2084 4615 evangelicu:

2218 4543 2409 4620 ῥητέον
2462 4541 2530 4611 δ’,
2583 4541 2665 4597 ὅτι
2715 4543 2803 4597 καὶ
2863 4545 3130 4617 μαθητὴς,
3185 4544 3375 4609 ἄλλως
3425 4544 3481 4602 δὲ
3533 4547 3632 4617 ἄρα
3665 4544 3746 4599 καὶ
3775 4539 3839 4595 δι-

457 4634 898 4706 paterfamilias,
931 4633 1054 4704 qui,
1097 4633 1352 4686 venditis
1409 4633 1683 4686 omnibus
1739 4649 1868 4703 quas
1917 4633 2076 4704 possi

2218 4629 2488 4693 δάσκαλος
2541 4633 2569 4687 6
2623 4631 2973 4708 εὐαγγελικὸς
3025 4631 3421 4705 οἰκοδεσπότης
3477 4635 3536 4697 ὃς
3586 4629 3839 4698 διαπωλή·

457 4723 977 4792 debat,pretiosam
1015 4720 1394 4791 margaritam
1427 4721 1590 4776 emit.
1624 4720 1690 4775 Et
1722 4721 1805 4776 sic
1843 4722 2077 4793 quidem

2215 4742 2310 4783 σας
2344 4722 2572 4792 ἅπαντα,
2618 4720 2716 4776 ὅσα
2764 4721 3010 4798 ὑπῆρχεν
3049 4723 3223 4796 αὐτῷ,
3269 4724 3364 4779 τὸν
3395 4723 3693 4795 πολύτιμον
3725 4739 3839 4794 μαρ-

459 4818 694 4884 propter
724 4812 852 4879 hoc,
913 4813 985 4868 ad
1045 4811 1303 4866 divinam
1335 4812 1516 4865 eadem
1549 4809 1782 4881 venitis,
1833 4809 2040 4866 exinde
2071 4827 2084 4866 ι

2211 4810 2437 4885 γαρίτην
2497 4808 2718 4886 ἐπρίατο
2753 4854 2768 4867 .
2828 4810 2934 4866 Καὶ
3009 4809 3153 4866 οὕτω
3223 4813 3316 4885 μὶν
3399 4813 3488 4868 καὶ
3548 4809 3633 4866 διὰ
3694 4811 3834 4864 τοῦτο

460 4901 652 4970 nobis,
685 4901 856 4972 quasi
915 4899 1219 4969 divitibus,
1272 4899 1566 4972 accepturi
1624 4915 1751 4971 quts
1803 4899 1970 4955 vobis
2029 4900 2085 4955 ad

2215 4899 2370 4971 ὑμεῖς
2401 4897 2561 4968 ἥκετε
2597 4897 2674 4961 εἷς
2716 4899 2778 4953 τὸ
2825 4900 2968 4954 θεῖον
2999 4905 3160 4955 τοῦτο
3197 4899 3516 4977 ἀνάκτορον,
3550 4897 3829 4972 ληψόμενοι

457 4994 786 5065 expeditam
849 4993 1305 5065 negotiationem
1347 4993 1518 5048 utilia
1565 4997 1724 5060 sunt,
1766 4995 1830 5048 ut
1860 4992 2078 5049 talibus

2213 4987 2444 5043 ἐντεῦθεν
2504 4987 2554 5060 ἐξ
2612 4990 2798 5061 ἡμῶν,
2855 4988 2932 5050 ὡς
2989 4991 3078 5043 οἷα
3142 4987 3558 5063 βαρυπλούτων,
3612 4987 3672 5042 τὰ
3719 4986 3829 5057 ὑμῖν

455 5087 740 5153 tanquam
785 5082 1053 5150 fenerati,
1086 5081 1426 5154 locupletes,
1479 5081 1840 5154 spiritualem
1873 5098 2080 5138 merca-

2213 5077 2289 5139 εἷς
2343 5085 2443 5146 τήν
2498 5077 2865 5153 προκειμένην
2916 5076 3192 5140 εὐσταλῶς
3250 5077 3516 5156 ἐμπορίαν
3557 5078 3827 5153 χρήσιμα,

456 5177 648 5227 turam
680 5171 884 5228 sedulo
916 5171 1318 5242 exerceatis,et
1349 5187 1414 5225 ea
1445 5187 1571 5242 quea
1598 5172 1709 5226 Deo
1740 5170 1958 5242 Deique
1975 5189 2081 5228 ser-

2206 5165 2294 5221 ’ίνα
2324 5164 2411 5221 διὰ
2439 5171 2548 5221 τῶν
2578 5167 2842 5222 τοιούτων
2888 5167 2964 5229 ὡς
3011 5168 3100 5223 οία
3146 5167 3235 5223 καὶ
3286 5166 3650 5241 δανεισμάτων
3701 5163 3831 5235 μεθο-

2217 5254 2240 5270 κ
2315 5267 2325 5270 _
2376 5256 2386 5270 .
2568 5256 2581 5270 .
2713 5256 2727 5270 ς
2807 5259 2817 5270 .
2979 5256 2992 5270 ι
3095 5256 3109 5270 .
3221 5255 3232 5270 .
3560 5257 3573 5270 .
3669 5253 3687 5270 ς

452 5262 538 5318 vis
572 5266 712 5317 sunt
743 5261 1354 5333 cbara,cOpiosissime
1385 5260 1757 5332 comparatis.
1801 5265 1916 5333 Ego
1947 5279 2077 5318 vero

2213 5254 2488 5327 δευθείητε
2539 5256 2615 5318 είς
2671 5256 2736 5311 τὸ
2795 5256 3030 5330 ψυχικὸν
3091 5255 3432 5334 ἐμπόρευμα,
3488 5257 3574 5311 καὶ
3629 5253 3828 5309 πλουτι-

450 5357 507 5408 et
541 5352 590 5406 si
621 5351 836 5407 divinis
895 5367 1010 5408 non
1067 5351 1398 5421 abundans,
1451 5351 1550 5405 sed
1609 5355 1894 5421 quantum
1930 5352 2075 5406 decc

2209 5347 2423 5417 σθείητε
2477 5345 2545 5401 τὰ
2596 5345 2729 5423 φίλα
2777 5345 2866 5400 καὶ
2914 5350 2995 5418 τῷ
3045 5352 3160 5420 Θεῷ
3207 5348 3295 5402 καὶ
3333 5353 3452 5410 τοῖς
3497 5345 3649 5400 αὐτὸν
3699 5343 3828 5411 Θερα⁴

449 5440 596 5498 lucri
631 5440 903 5514 cupidus,
937 5455 1170 5497 sacrum
1228 5439 1515 5495 talentum
1575 5438 1756 5511 pratis
1809 5439 2074 5511 deponert

2208 5435 2487 5491 πεύουσιν.
2522 5435 2665 5510 Ἐγὼ
2709 5431 2788 5502 δὶ,
2837 5433 2887 5489 εἴ
2934 5435 3021 5490 καὶ
3079 5436 3155 5509 μή
3205 5438 3271 5491 τὰ
3319 5441 3436 5500 θεῖα
3491 5427 3823 5508 εὖπεριουσία-

450 5529 679 5596 nolens,
713 5532 815 5586 sed
849 5529 1018 5600 illud,
1071 5529 1207 5584 boni
1245 5528 1628 5584 nummularii
1658 5527 2075 5594 instar,utilite:

2209 5545 2353 5593 στος,
2382 5523 2508 5580 ἀλλ’
2541 5523 2635 5580 οῦν
2662 5521 2994 5602 φιλοκερδὴς
3029 5524 3102 5579 ὢν
3154 5525 3206 5581 ἐν
3257 5523 3453 5595 δέοντι,
3483 5525 3569 5579 καὶ
3617 5521 3672 5577 τὸ
3699 5516 3822 5591 ἱερὸν

451 5619 891 5686 administrare,
941 5619 1318 5690 fructumque
1372 5618 1519 5673 mihi
1565 5616 2004 5674 convenientem
2029 5634 2076 5674 οι

2205 5613 2466 5669 τάλαντον
2549 5612 2980 5686 ἀπαναινόμενος
3069 5611 3274 5689 δωρεὰν
3354 5608 3817 5673 καταϐάλλεσθαι,

453 5705 573 5779 pilo
604 5707 901 5778 percipere
920 5723 1211 5779 quaerens,
1233 5711 1520 5778 tanquam
1551 5723 1668 5763 non
1694 5723 1901 5764 verens
1923 5707 2072 5764 ratio

2213 5706 2389 5773 ζητῶν
2450 5700 2508 5758 δὲ
2555 5702 2761 5778 ἀγαθοῦ
2815 5701 3140 5776 τραπεζίτου
3189 5701 3345 5775 δίκην
3404 5702 3532 5760 αὐτὸ
3586 5692 3816 5775 διαχειρί-
