4114 6200
259 393 351 454 585

1185 378 1266 439 ΙΝ
1310 380 1378 441 S.
1424 375 2108 452 QUADRAGESIMAM
2153 377 2446 438 ORATIO
2489 376 2566 436 Il.

3463 379 3582 439 586

256 532 414 595 ζεσθαι,
480 516 559 573 καὶ
615 513 769 570 τόκον
841 513 1006 568 αὐτοῦ
1057 507 1474 586 ἀπολαμϐάνεεν
1525 510 1650 584 ἐμοὶ
1708 508 1826 585 ἀρε·

1953 527 2079 566 ium
2112 510 2668 583 inquisitorem,nisi
2699 511 3046 568 centesimas
3076 514 3178 568 aut
3206 511 3585 586 duplum,sed

249 631 420 678 σκοντα,
462 609 536 663 οἷα
592 605 664 679 μὴ
719 597 1126 675 εὐλαϐούμενος
1164 602 1256 656 τὸν
1315 600 1721 676 λογιστεύοντα,
1781 599 1824 653 εἰ

252 705 310 778 μὴ
337 695 586 757 ὲκατοστᾶς
613 694 646 762 ἢ
677 691 966 766 ἡμιολίας,
1019 690 1165 747 ἀλλᾶ
1212 689 1414 764 πολλῷ
1475 689 1659 778 πλείω
1701 688 1830 744 τού-

245 813 330 847 των
375 789 561 843 ἆπαιτῶ
615 783 690 845 εἷς
737 779 952 854 κέρδος,
1004 779 1102 836 οὐκ
1140 779 1200 835 7m
1250 779 1393 834 οὕτω
1453 777 1652 855 ῥᾳδίως
1713 799 1830 833 πει-

249 879 397 946 σθείην
463 871 701 930 ἐκδοῦναι
775 871 838 925 τὸ
897 870 1254 943 ζητούμενον.
1315 864 1723 944 Ἀκριϐώσομαι
1775 865 1832 922 δὶ

244 968 347 1023 αὐτό
371 986 421 1020 τε
443 957 638 1032 λαῦεῖν,
682 960 728 1014 εί
775 958 864 1014 καὶ
923 958 998 1032 μή
1053 959 1269 1027 αὐτίκα,
1315 956 1468 1030 ὅμως
1515 954 1560 1011 δ’
1591 958 1680 1012 οὖν
1718 956 1833 1029 μετ’

244 1056 391 1130 ὀλίγον
430 1051 510 1107 καὶ
564 1045 828 1124 ὠφέλειάν
891 1069 984 1120 μοι
1028 1051 1110 1120 τῷ
1168 1047 1388 1123 ἀρχαίῳ
1436 1043 1835 1122 προσεπιδοθῆ-

239 1166 322 1216 ναι,
350 1144 463 1216 ὅπερ
492 1140 596 1195 ἐστὶ
624 1138 715 1192 καὶ
744 1136 904 1192 τόκον
933 1136 1021 1192 ἐπὶ
1051 1140 1132 1209 τῷ
1161 1135 1443 1211 κεφαλαίῳ
1499 1140 1596 1190 τοῦ
1628 1133 1831 1190 δανείσ-

240 1252 393 1306 ματος,
422 1224 746 1303 ἐπιϐαρύνων
784 1226 921 1299 ὑμᾶς
948 1223 1038 1280 καὶ
1073 1225 1274 1300 ἀνάγκῃ
1308 1225 1586 1300 ἐπαχθοῦς
1617 1222 1835 1302 προστί-

1941 604 1998 655 et
2019 598 2204 655 multo
2238 600 2461 671 majora
2489 604 2747 672 repetam
2781 601 2852 656 ad
2883 600 3136 670 lucrum,
3172 618 3286 657 non
3309 602 3391 658 ita
3420 603 3589 660 facile

1943 689 2334 745 consentirem
2357 690 2584 745 tradere
2610 689 3204 763 quasitumﬂperam
3221 696 3419 748 autem
3439 693 3590 750 dabo

1942 783 2009 832 ut
2039 778 2208 842 illud,
2235 779 2284 833 si
2316 795 2428 834 non
2462 779 2761 846 continuo,
2797 779 3007 835 saltem
3066 785 3195 851 post
3239 781 3412 837 breve
3442 787 3591 838 tem-

1943 868 2392 940 pus,accipiam,
2423 872 2481 922 et
2507 871 2883 924 commodum
2909 869 3078 936 mihi,
3110 870 3283 941 capiti
3317 872 3594 928 fmnerato

1943 957 2396 1028 superaddatur,
2430 956 2596 1029 quasi
2626 962 2801 1028 caput
2829 974 3078 1013 summae
3111 959 3594 1033 fmnerata,gravi

1944 1046 2275 1102 necessario
2331 1063 2433 1100 vos
2463 1062 2712 1101 onerans
2747 1045 2954 1116 multa,
2988 1045 3103 1102 nisi
3144 1047 3253 1103 hoc
3283 1048 3592 1121 pra'stetis.

1944 1136 2015 1191 Et
2049 1135 2153 1190 hoc
2209 1138 2300 1190 est
2359 1135 2501 1189 mihi
2564 1139 2942 1208 praeceptum,
2975 1139 3130 1207 quod
3181 1141 3499 1194 assumunt
3530 1139 3589 1194 in

1947 1241 2009 1280 se
2039 1225 2138 1296 qui
2169 1223 2396 1279 divinas
2426 1224 2857 1280 exhortationes
2889 1241 2991 1296 pro
3026 1223 3210 1281 nihilo
3240 1227 3479 1284 habent.

237 1342 336 1395 μου,
373 1319 415 1374 εἷ
445 1319 515 1392 μὴ
549 1317 690 1371 οὕτω
721 1317 996 1386 ποιήσετε.
1041 1314 1140 1368 Καὶ
1192 1311 1301 1370 ἔστι
1351 1335 1443 1387 μοι
1502 1313 1672 1369 ἐκεῖνο
1703 1316 1737 1384 ἡ
1772 1311 1988 1386 ἐντολὴ,
2021 1313 2087 1381 ἢν
2122 1310 2556 1390 ἐηιφορτίζονται
2593 1313 2643 1366 οἱ
2672 1313 2769 1375 τὰς
2829 1311 2970 1376 θείας
2998 1315 3334 1389 παραινέσεις
3374 1315 3592 1390 τιθέμε-

232 1431 297 1465 νοι
321 1414 430 1481 παρ’
473 1403 647 1462 οῦδὲν.

287 1500 343 1574 β’.
395 1497 448 1552 El
492 1495 668 1551 τοίνυν
725 1492 898 1556 οὕτως
957 1492 1330 1563 ἓκουσιάζεσθε
1388 1488 1598 1562 λαϐεῖν,
1658 1491 1692 1546 ἃ
1743 1497 1836 1563 ζη-

227 1593 354 1656 τεῖτε,
381 1584 556 1647 καλῶς
603 1585 693 1640 καὶ
757 1582 1033 1659 ἐπιτυχῶς
1093 1584 1221 1656 ὑμῖν
1278 1583 1346 1637 τὰ
1391 1589 1492 1652 τῆς
1524 1580 1654 1638 ὁδοῦ
1703 1580 1834 1652 ἤνυ-

227 1698 338 1732 παι·
368 1675 408 1729 εί
437 1673 491 1730 δὲ
545 1672 736 1736 ἄλλως
797 1672 1138 1748 ὀχλήσαντες
1181 1670 1380 1742 ἤλθετε
1426 1673 1486 1726 τὸ
1537 1693 1834 1744 πνευματι-

223 1767 298 1821 κὸν
336 1768 592 1837 ταμιεῖον,
650 1762 724 1823 εἷς
771 1763 944 1834 μάτην
986 1763 1450 1836 θυροκρουστεῖτε.
1498 1761 1593 1814 Καὶ
1638 1757 1758 1814 ἰδοὺ
1808 1761 1836 1814 ὁ

225 1857 335 1909 κατά
390 1857 596 1926 πνεῦμα
628 1855 954 1925 ταμιουχῶν
1005 1850 1110 1926 ἐγὼ
1159 1848 1307 1924 λέγω
1356 1850 1508 1922 ύμῖν,
1541 1849 1615 1910 ὡς
1660 1872 1686 1903 α
1727 1847 1841 1906 Ούκ

2012 1494 2067 1546 2.
2099 1493 2155 1548 Si
2190 1508 2327 1565 ergo
2367 1493 2451 1548 sic
2480 1492 2731 1548 libenter
2755 1492 2938 1548 vultis
2983 1493 3244 1565 accipere
3275 1511 3403 1566 qua;
3435 1513 3594 1568 quin-

1945 1582 2096 1648 ritis,
2127 1583 2277 1638 bene
2310 1581 2666 1652 feliciterque
2695 1582 2858 1638 vobis
2905 1583 3016 1638 iter
3049 1588 3352 1655 paractum
3386 1589 3511 1655 est;
3545 1586 3597 1643 si

1945 1688 2083 1727 vero
2115 1672 2440 1726 turbulenti
2473 1671 2543 1727 ad
2577 1671 2951 1744 spiritualem
2985 1672 3332 1729 thesaurum
3363 1675 3595 1746 venitis,

1949 1764 2179 1832 portam
2213 1761 2434 1816 frustra
2491 1760 2767 1832 pulsatis.
2814 1764 2954 1816 Ecce
2981 1777 3088 1833 ego
3128 1761 3414 1834 spiritalis
3472 1765 3598 1822 the-

1950 1850 2110 1906 sauri
2142 1849 2590 1906 administrator
2636 1849 2801 1905 vobis
2852 1849 2981 1906 dico
3016 1868 3029 1906 :
3064 1873 3091 1901 «
3125 1851 3332 1908 Nescio
3362 1869 3462 1909 vos
3492 1856 3532 1922 ί,
3565 1877 3596 1907 ι)

221 1941 318 2017 οζδα
345 1942 495 2017 ὑμᾶς.
525 1922 558 1993 ν»
586 1922 771 1996 Ἀλλὰ
974 1922 1302 2012 αῗσθάνομαι
1352 1939 1503 2010 ὑμῶν
1553 1950 1832 2001 κατατιθεο

1953 1939 2055 1994 Sed
2088 1939 2491 1996 animadverto
2523 1956 2626 1995 vos
2681 1955 2812 1997 esse
2870 1945 3128 2012 paratos,
3172 1941 3224 1996 si
3282 1942 3598 2013 quasitum

223 2033 388 2105 μένων,
419 2029 566 2105 εἴπερ
614 2026 931 2102 ἐκδανεισθῇ
961 2028 1025 2083 τὸ
1075 2027 1201 2100 ὑμῖν
1238 2025 1588 2100 ζητούμενον,
1621 2027 1751 2082 αύτό
1779 2047 1838 2082 τε

219 2122 313 2193 μετ’
339 2121 398 2175 ού
426 2117 569 2175 πολὺ
599 2122 977 2194 προσενεγκεῖν
1003 2116 1067 2171 τὸ
1097 2114 1392 2194 κεφάλαιον
1425 2110 1644 2191 ἀκριϐεῖ
1672 2120 1837 2192 ζυγῷ,

213 2214 276 2281 τῷ
298 2211 421 2264 κατά
449 2206 827 2278 δικαιοσύνην,
859 2206 947 2262 καὶ
975 2209 1073 2262 τοῦ
1104 2204 1299 2262 ἐκεῖθεν
1343 2206 1710 2282 καρπώματος
1741 2204 1839 2260 οὐκ

214 2297 374 2374 ὀλίγον
403 2299 762 2371 περίσσευμα.

266 2388 323 2463 γ’.
368 2389 562 2459 Μήπου
623 2384 683 2442 δὶ
729 2385 820 2440 καὶ
871 2383 1291 2441 πολλαπλάσιον
1339 2385 1430 2439 καὶ
1478 2383 1566 2439 ἐπὶ
1622 2382 1836 2446 τούτοις

212 2475 387 2551 ἀνοίγω
424 2477 486 2532 τὸ
535 2476 671 2550 παρ’
732 2473 854 2547 ἐμοὶ
929 2471 1358 2549 γλωσσόκομον,
1421 2472 1510 2528 καὶ
1579 2474 1839 2552 προφέρω

209 2567 422 2641 κέρματα
449 2563 573 2620 οὔτε
628 2557 894 2634 κίϐδηλα,
947 2560 1072 2618 οὔτε
1130 2561 1296 2617 εἶ’κόνι
1349 2563 1708 2638 γεγραμμένα
1761 2564 1836 2635 μή

211 2653 472 2728 βασιλικῷ,
535 2654 634 2709 καὶ
695 2651 753 2707 εὖ
814 2649 870 2707 δὲ
942 2649 1416 2726 κεκωδωνισμὲνα,
1465 2651 1554 2706 καὶ
1599 2651 1840 2726 λήψεσθε

208 2742 320 2798 αὐτὰ
345 2745 431 2798 καὶ
461 2741 857 2816 ἐμπωλοῦντες
884 2739 1196 2815 κερδήσετε,
1229 2740 1292 2795 ού
1341 2741 1434 2795 τὸν
1480 2740 1539 2795 ἐκ
1587 2737 1839 2817 Σάρδεων

206 2830 469 2908 ὃλέγεται
520 2830 824 2906 ἤλεκτρον,
889 2828 1017 2885 ούδὶ
1072 2831 1140 2884 τὰ
1195 2826 1398 2886 Ἰνδικὰ
1455 2831 1675 2905 χρυσία,
1725 2829 1840 2885 οὐδ’

204 2922 286 2976 ’όσα
311 2928 405 2991 τῆς
451 2919 607 2977 κάτω
639 2916 872 2995 τύρϐης,
900 2919 1025 2992 περὶ
1073 2920 1133 2988 ἣν
1174 2913 1454 2994 τρίϐονται
1509 2920 1560 2973 0i
1607 2922 1707 2985 τῆς
1741 2923 1842 2994 γῆς

204 3007 475 3086 ἄνθρωποι,
506 3008 645 3066 ἀλλ’
703 3009 876 3078 αὐτὴν
930 3005 1210 3082 βασιλείαν
1257 3006 1518 3083 οὐρανῶν.
1553 3006 1840 3080 Ἐντίθημι

202 3096 249 3153 δὲ
275 3100 392 3170 ὑμῖν
438 3099 517 3162 εἷς
561 3102 696 3152 νοῦν
749 3098 840 3153 καὶ
888 3097 962 3159 ὡς
1008 3096 1107 3152 οὐκ
1135 3097 1266 3170 ἐμὸν
1297 3095 1359 3151 τὰ
1389 3092 1842 3171 προϐεϐλημένον

202 3188 402 3262 χρυσίον
456 3188 550 3244 καὶ
608 3186 896 3264 ἀργύριον,
949 3186 1040 3241 καὶ
1087 3185 1233 3249 ὅλως
1279 3185 1447 3242 εἰπεῖν
1496 3187 1558 3241 τὸ
1606 3183 1839 3241 ἐκδανει-

198 3277 426 3350 ζόμενον,
485 3275 624 3334 ἀλλ’
669 3275 833 3331 αὐτοῦ
879 3279 976 3331 τοῦ
1029 3275 1274 3351 μεγάλου
1307 3280 1459 3348 Θεοῦ,
1492 3275 1550 3337 ὅς
1597 3280 1694 3330 τοῦ
1723 3276 1838 3330 κατ’

196 3365 336 3422 αὐτὸν
365 3367 651 3442 θησαυροῦ
681 3369 848 3421 ταῦτα
878 3365 1013 3420 εἶναί
1045 3387 1226 3443 φησιν,
1279 3389 1306 3417 ‹‹
1350 3364 1514 3439 Ἐμόν
1566 3363 1706 3420 ἐστιν
1759 3363 1838 3418 εἷ-

193 3455 314 3522 πὼν,
342 3458 403 3512 τὸ
435 3455 700 3533 χρυσίον,
735 3455 825 3510 καὶ
873 3454 1004 3528 ἐμὸν
1053 3455 1116 3510 τὸ
1147 3453 1426 3531 ἀγρύριον,
1463 3479 1489 3506 ι»
1520 3453 1840 3518 ἀκολούθως

194 3542 242 3599 δὶ
266 3545 350 3600 καὶ
382 3552 485 3617 ηᾶν
518 3544 669 3601 ἄλλο
719 3542 1007 3620 σύστοιχον
1060 3543 1293 3605 τούτοις.
1349 3543 1448 3597 Καὶ
1495 3548 1656 3598 τοῦτο
1708 3543 1835 3615 ὑμῖν

192 3633 258 3696 εἰς
308 3640 429 3690 νοῦν
503 3636 760 3708 θέμενος,
834 3632 1156 3708 παρακαλῶ,
1233 3634 1308 3707 μὴ
1374 3631 1564 3704 ψεῦσαί
1621 3653 1688 3706 με
1737 3639 1837 3702 τῆς

191 3723 373 3798 ἀγαθῆς
432 3721 696 3796 ἐλπίδος,
753 3719 895 3795 μηδὲ
947 3722 1216 3792 ἀπατῆσαι
1273 3722 1364 3777 τὸν
1424 3721 1566 3777 οὕτω
1624 3721 1838 3797 μεγάλα

187 3808 499 3884 δανείζοντα,
551 3810 653 3866 ἵνα
687 3813 762 3884 μὴ
795 3811 884 3866 καὶ
945 3810 1044 3884 ἐμὲ
1085 3816 1164 3884 τῷ
1192 3811 1558 3886 παμμεγίστῳ
1588 3808 1830 3886 Δεσπότῃ

181 3899 356 3978 ἔνοχον
387 3905 697 3974 ποιήσητε,
733 3901 807 3963 ὡς
837 3901 903 3956 τὰ
935 3898 1162 3968 ἐκείνου,
1224 3902 1373 3965 ὅπως
1405 3901 1468 3956 ἃν
1506 3901 1593 3956 καὶ
1642 3900 1828 3976 τύχοι,

180 3993 664 4067 καταπροὶὲμενον,
737 3986 866 4044 οὐδὲ
930 3989 1087 4064 ὑμεῖς
1157 3990 1557 4067 ἀκατάγνωστοι
1623 3997 1832 4064 μενεῖτε

176 4082 253 4134 καὶ
285 4077 580 4144 ἀϐλαϐεῖς.
633 4078 778 4136 Πάνυ
833 4080 934 4155 γὰρ
967 4077 1300 4157 φιλοκερδής
1340 4079 1540 4142 ἐκεῖνος
1602 4077 1828 4154 διέγνω-

180 4189 304 4240 σται,
335 4172 427 4226 καὶ
462 4169 562 4226 διὰ
588 4173 754 4224 τοῦτο
811 4173 1096 4244 πανταχοῦ
1144 4169 1376 4250 σπείρων
1437 4170 1527 4223 καὶ
1577 4169 1653 4232 εἷς
1698 4168 1830 4224 πολ-

178 4257 317 4328 λοὺς,
368 4261 463 4316 καὶ
532 4260 616 4334 μή
675 4257 874 4313 ἐθέλων
937 4255 1078 4330 μηδὲ
1130 4260 1325 4334 ψῆγμα
1369 4263 1468 4314 τοῦ
1506 4259 1623 4313 κατ’
1669 4257 1828 4313 αὐτὸν

177 4344 380 4404 δανείου
411 4351 724 4405 διεκπεσεῖν
756 4346 833 4410 εἷς
857 4347 1008 4402 κενὸν
1069 4344 1209 4421 μηδὲ
1255 4348 1470 4423 κεραίαν
1521 4347 1644 4420 μίαν
1703 4351 1829 4422 γοῦν

174 4458 286 4492 τινα
307 4438 735 4516 καταργηθῆναι
787 4437 896 4490 τῶν
931 4440 1280 4514 συμφωνιῶν,
1342 4435 1460 4491 δσαι
1521 4436 1832 4492 ἀποτείνον-

175 4546 253 4579 ται
278 4529 418 4602 πρὸς
452 4527 629 4582 αὐτὸν
660 4523 990 4592 δανείζοντα.

241 4613 302 4672 δ’.
344 4617 472 4674 Ὀτι
536 4618 668 4690 γοῦν
727 4611 1007 4689 ἅρέπιεσθε
1062 4613 1352 4683 κάνταῦθα,
1412 4614 1500 4670 καὶ
1560 4613 1832 4678 ἀναιτίους

175 4706 260 4758 καὶ
305 4706 452 4778 ὑμᾶς
505 4703 604 4758 καὶ
651 4701 748 4776 ἐμὲ
793 4708 1032 4778 τηρῆσαι
1077 4699 1416 4772 διατείνεσθε,
1477 4704 1568 4758 ὅτε
1616 4703 1680 4758 τὸ
1740 4705 1838 4776 με·

174 4804 351 4869 γισθον
410 4791 705 4869 λογοθὲιον
737 4791 828 4845 καὶ
877 4793 904 4845 ὁ
966 4791 1322 4869 φρῖκτότατος
1361 4791 1685 4867 ἐκλογιςμὸς
1732 4797 1839 4848 τῶν

176 4881 521 4937 δεσποτικῶν
582 4878 948 4954 δανεισμάτων
1022 4879 1243 4955 γίνεται,
1320 4881 1410 4935 καὶ
1468 4889 1570 4951 τῆς
1638 4881 1689 4936 ἐν
1765 4887 1845 4955 τῷ

179 4969 280 5045 βίῳ
336 4968 726 5047 πραγματείας
784 4972 942 5042 ἡμῶν
1018 4968 1106 5023 κοὶ
1165 4970 1339 5040 πάσης
1391 4968 1568 5040 ἄλλης
1628 4970 1846 5025 οἷ’κονο-

181 5060 322 5132 μίας,
389 5058 526 5115 ἰδοὺ
588 5053 895 5131 λαμϐάνετε
947 5058 1016 5112 τὰ
1073 5057 1395 5131 ζητούμενιο.
1455 5059 1576 5115 Εἰσὶ
1625 5057 1681 5114 δὶ
1713 5058 1847 5114 αὐτὰ

177 5147 480 5223 βασιλικοῦ
540 5149 892 5224 χαράγματος
952 5146 1335 5221 ὲκτυπώματα,
1394 5147 1754 5218 είκονίζοντος
1785 5148 1848 5204 ού

175 5240 376 5310 θνητάς
439 5259 604 5300 τινας
635 5235 898 5315 κεφαλὰς,
929 5236 1119 5300 ὁποίας
1151 5238 1218 5292 τὰ
1240 5241 1348 5292 τῶν
1400 5236 1460 5292 ἐκ
1504 5245 1605 5315 γῆς
1658 5237 1850 5312 μετάλ-

175 5323 284 5381 λων
318 5328 517 5384 πλείω
544 5329 862 5405 γράφουσιν,
923 5325 1050 5383 ἀλλ’
1082 5326 1244 5381 αὐτοῦ
1302 5332 1458 5396 Θεοῦ,
1503 5333 1600 5382 τοῦ
1632 5330 1846 5383 πάντων

172 5418 606 5495 ὑπερκειμένου,
663 5418 709 5490 ᾧ
767 5413 832 5487 δῆ
892 5423 1198 5493 χαρακτῆρι
1257 5419 1621 5494 προσέχοντες
1661 5417 1850 5491 ἐκματ-

169 5507 383 5580 τόμεθα
413 5507 487 5562 τὸ
540 5506 794 5580 τύπωμα,
842 5506 930 5561 καὶ
977 5507 1093 5561 κατ’
1148 5506 1329 5563 εἰκόνα
1359 5512 1456 5564 τοῦ
1487 5506 1849 5583 πρωτοτύπου

165 5598 500 5676 γινόμεθα.
561 5596 701 5673 Ἱερὰ
741 5600 907 5652 ταῦτα
964 5597 1054 5650 καὶ
1111 5598 1373 5672 χρήματα
1430 5597 1519 5653 καὶ
1573 5600 1849 5672 κτήματα,

247 5731 268 5766 ί
301 5723 537 5782 Matth.
565 5740 691 5781 xxv.
728 5725 814 5780 12.
892 5723 914 5759 ³
940 5721 1066 5779 Joel
1093 5739 1176 5792 ιιι,
1205 5725 1261 5780 5.

527 5855 790 5918 Pax-son.
836 5853 947 5916 Gs.
993 5847 1289 5918 CXXXV.

1945 2027 2111 2084 vobis
2159 2030 2494 2095 foeneretur,
2527 2029 2747 2102 ipsum,
2799 2045 2915 2084 non
2975 2029 3162 2085 multo
3220 2035 3374 2101 post,
3428 2048 3592 2104 aequo

1946 2118 2225 2190 pondere,
2251 2119 2405 2190 quod
2429 2121 2520 2173 est
2548 2118 2876 2174 secundum
2896 2118 3213 2189 justitiam,
3241 2120 3591 2178 fosneratum

1947 2210 2144 2278 caput,
2174 2210 2232 2262 et
2262 2206 2499 2262 faenoris
2538 2207 2745 2262 exinde
2775 2207 2927 2279 parti
2960 2224 3076 2263 non
3107 2225 3345 2280 parvam
3377 2210 3592 2267 exube-

1946 2294 2200 2350 rantiam
2231 2295 2458 2351 atl'erre.

2018 2386 2071 2439 3.
2103 2384 2328 2440 Nedum
2387 2388 2585 2440 autem
2620 2384 2928 2458 multiplex
2958 2403 3136 2458 super
3183 2386 3277 2443 his
3333 2388 3593 2460 aperiam

1950 2474 2104 2546 quod
2129 2474 2414 2544 estjuxta
2445 2491 2538 2530 me
2568 2475 3006 2547 repositorium,
3039 2476 3271 2548 profero
3319 2494 3594 2536 nummos

1949 2579 2056 2619 nec
2086 2561 2467 2631 adulteratos,
2503 2579 2610 2619 nec
2663 2563 2778 2620 alia
2834 2581 3012 2636 quam
3047 2565 3209 2638 regia
3239 2566 3494 2641 imagine
3524 2568 3598 2624 si-

1949 2655 2181 2724 gnatos,
2241 2652 2344 2706 sed
2406 2651 2552 2707 bene
2609 2652 2909 2724 probatos,
2967 2657 3025 2709 et
3054 2655 3356 2726 accipietis
3386 2672 3506 2725 eos,
3540 2659 3598 2713 et

1950 2741 2319 2813 negotiantes
2348 2739 2725 2797 lucrifacietis
2757 2759 2871 2798 non
2913 2743 3194 2800 electrum
3246 2746 3399 2817 quod
3453 2746 3598 2803 dici-

1947 2835 2046 2887 tur
2075 2830 2405 2898 Sardicum,
2436 2847 2626 2904 neque
2658 2831 2923 2887 Indicum
2955 2849 3190 2902 aurum,
3222 2849 3413 2907 neque
3435 2835 3596 2893 aliud

1950 2919 2089 2992 quid
2125 2920 2196 2974 de
2225 2920 2403 2975 turba
2444 2920 2741 2990 .terrestri,
2777 2921 2932 2977 circa
2991 2930 3168 2994 quam
3227 2924 3599 2998 exagitantur

1950 3008 2219 3065 homines
2249 3008 2428 3079 hujus
2461 3010 2756 3077 terras,sed
2786 3010 2983 3082 ipsum
3017 3011 3296 3069 caelorum
3326 3031 3592 3086 regnum.

1949 3098 2154 3165 Iniicio
2184 3103 2382 3154 autem
2405 3098 2569 3154 vobis
2602 3100 2662 3153 in
2694 3104 2972 3168 mentem,
3005 3117 3120 3158 non
3152 3102 3322 3174 quasi
3367 3120 3590 3174 meum,

1950 3187 2318 3259 propositum
2374 3204 2585 3242 aurum
2617 3191 2674 3244 et
2702 3193 3035 3261 argentum,
3093 3195 3170 3259 et,
3230 3208 3346 3248 uno
3394 3195 3592 3261 verbo,

1957 3275 2433 3342 fmneratum,sed
2467 3276 2653 3347 ipsius
2684 3279 2885 3348 magni
2919 3279 3040 3346 Dei,
3073 3280 3174 3351 qui
3205 3281 3297 3336 sui
3330 3280 3596 3337 thesauri

1953 3363 2096 3420 dicit
2125 3364 2248 3419 haec
2297 3380 2427 3420 esse
2461 3382 2474 3420 ε
2508 3388 2535 3414 ‹‹
2597 3365 2791 3421 Meum
2845 3371 2953 3438 est,
3011 3368 3305 3440 inquiens,
3361 3386 3595 3441 aurum,

1949 3457 2007 3508 et
2061 3469 2257 3509 meum
2317 3458 2624 3526 argentum
2672 3456 2714 3521 ³,
2750 3477 2780 3505 ››
2834 3473 2901 3512 ac
2958 3460 3162 3513 cratera
3207 3473 3334 3529 quas
3391 3474 3598 3514 conse-

1950 3545 2196 3614 quenter
2225 3542 2316 3599 his
2350 3543 2628 3614 adjuncta
2661 3548 2821 3600 sunt.
2873 3549 2941 3599 Et
2992 3545 3100 3601 hoc
3157 3545 3318 3602 vobis
3348 3546 3408 3602 in
3440 3562 3597 3602 men-

1946 3637 2065 3687 tem
2098 3632 2390 3704 ingerens,
2424 3632 2645 3701 hortor,
2679 3637 2746 3688 ut
2790 3650 2906 3690 non
2968 3651 3061 3690 me
3092 3635 3246 3691 bona
3299 3653 3402 3708 spe
3441 3636 3597 3692 frau-

1947 3721 2118 3791 detis,
2181 3738 2374 3794 neque
2448 3725 2570 3777 tam
2629 3739 2844 3795 magna
2899 3723 3282 3780 faenerantem
3342 3725 3594 3798 decipia-

1944 3809 2020 3865 tis
2047 3827 2117 3866 ne
2147 3827 2242 3866 me
2275 3810 2531 3866 maximo
2562 3812 2926 3868 Dominatori
2960 3813 3187 3870 faciatis
3243 3814 3585 3885 obnoxium,

1943 3903 2226 3971 tanquam
2260 3917 2352 3955 res
2374 3900 2657 3972 ipsius,ut
2686 3901 2786 3973 qui
2814 3902 3587 3976 putarit,abjicientem,neo

1939 4006 2040 4045 vos
2072 3990 2409 4046 innocentes
2439 3989 2778 4062 innoxiique
2809 3991 3116 4048 maneatis.
3151 3993 3399 4050 Prorsus
3427 3995 3586 4051 enim

1941 4077 2086 4134 lucri
2117 4079 2364 4150 cupidus
2396 4079 2492 4136 ille
2549 4081 2938 4153 dignoscitur,
2969 4086 3026 4139 et
3080 4083 3209 4139 ideo
3268 4084 3486 4155 passim
3527 4089 3586 4142 et

1939 4169 2094 4238 apud
2127 4168 2347 4224 multos
2375 4169 2647 4239 seminat,
2668 4187 2857 4243 neque
2888 4171 3008 4227 vult
3027 4171 3113 4228 vel
3145 4172 3453 4230 minimam
3484 4174 3584 4230 fm-

1940 4257 2129 4312 nerati
2156 4257 2509 4330 particulam
2543 4259 2765 4316 frustra
2785 4261 3012 4333 cadere,
3039 4261 3126 4317 vel
3175 4278 3360 4318 unum
3399 4279 3585 4334 punc-

1940 4350 2066 4402 tum
2117 4347 2388 4420 abrogari
2428 4354 2877 4420 conventorum,
2909 4367 3036 4423 quae
3069 4352 3142 4408 ad
3175 4351 3374 4425 ipsum
3403 4353 3586 4409 foene-

1941 4440 2169 4493 rantem
2202 4442 2492 4508 spectant.

2021 4615 2072 4670 4.
2103 4616 2182 4671 Eo
2215 4617 2369 4687 quod
2393 4616 2576 4689 igitur
2603 4617 3076 4683 assentientes,et
3108 4636 3208 4675 vos
3240 4622 3297 4675 et
3323 4633 3416 4675 me
3448 4634 3593 4674 con-

1951 4704 2192 4760 tenditis
2224 4704 2492 4760 innoxios
2551 4707 2809 4776 reddere,
2864 4725 2998 4762 cum
3049 4724 3266 4780 magna
3296 4707 3594 4763 rationum

1954 4793 2260 4864 inquisitio
2291 4793 2690 4866 terribilisque
2741 4796 2838 4851 ﬁet
2867 4797 3213 4868 supputatio
3262 4796 3596 4853 Dominico-

1956 4899 2085 4937 rum
2117 4882 2402 4938 fcenorum
2455 4888 2512 4938 et
2567 4888 2776 4939 nostras
2809 4885 3171 4956 operationis
3214 4888 3273 4941 in
3302 4886 3424 4941 vita
3452 4903 3596 4941 cun-

1955 4976 2178 5042 ctaeque
2233 4970 2386 5026 alius
2444 4973 2801 5042 oeconomiae,
2834 4991 2984 5046 ecce,
3025 4991 3153 5046 qua:
3187 4975 3470 5047 quaeritis,
3503 4992 3598 5031 ac-

1958 5060 2152 5132 cipite.
2215 5060 2367 5115 Sunt
2416 5066 2613 5118 autem
2672 5062 2813 5135 ipsas
2869 5064 3082 5136 regalis
3139 5064 3494 5121 cliaracteris
3524 5065 3604 5120 ef-

1958 5151 2146 5222 figies,
2181 5167 2296 5206 non
2329 5152 2618 5223 quasdam
2660 5153 2880 5224 ﬁguras
2915 5154 3214 5222 mortales,
3248 5154 3452 5226 quales
3482 5153 3604 5226 ple-

1959 5256 2137 5310 raque
2167 5244 2333 5295 terra:
2365 5240 2740 5297 metallorum
2784 5243 3094 5315 effingunt,
3127 5244 3229 5301 sed
3261 5243 3450 5315 ipsius
3481 5241 3602 5312 Dei,

1961 5346 2138 5400 super
2169 5329 2368 5386 omnia
2421 5330 2776 5402 prestantis,
2833 5332 3084 5389 formam
3142 5330 3605 5405 experimentis:

1963 5419 2056 5474 cui
2113 5420 2434 5476 characteri
2467 5421 2578 5493 ipsi
2613 5420 2998 5490 adhaerentes,
3033 5428 3236 5495 typum
3270 5421 3608 5489 ediscimus,

1962 5513 2018 5563 et
2062 5509 2384 5565 secundum
2442 5509 2761 5581 imaginem
2808 5512 3106 5583 prototypi
3162 5511 3362 5566 timus.
3421 5509 3608 5565 Sacra:

1965 5599 2258 5656 suntistée
2307 5597 2520 5655 αἰνὶιὶω
2579 5599 3119 5674 possessionesque,
3150 5599 3238 5657 vel
3299 5604 3362 5657 ut
3389 5600 3612 5673 absque

3218 5855 3293 5918 l9
