4114 6200
416 348 536 409 587
1190 349 1612 411 EUSTATHII
1657 348 2426 411 THESSALONICENSlS
2474 350 3060 412 METROPOLITAE
3714 354 3836 418 588

413 488 583 557 tropo
617 481 1009 539 communiter
1039 481 1255 551 dicam,
1287 481 1521 554 negotia
1579 498 1746 538 sacra
1808 499 1821 538 :
1853 480 2060 538 divinas

2182 483 2366 543 κοινῶς
2397 477 2454 536 δὲ
2495 479 2587 536 καὶ
2641 487 2852 556 τροπῆς
2899 479 3029 558 δίχα
3079 481 3273 551 εἰπεῖν,
3331 483 3646 559 πράγματα·
3713 490 3834 549 θεῖα

416 588 661 648 gemmis
691 576 832 628 sunt
860 571 979 627 haec
1040 571 1342 640 fcenerata,
1391 589 1516 642 quas
1563 572 1613 627 si
1668 571 2064 628 ecclesiastica

419 663 673 718 dicimus
707 662 1084 729 numismata,
1118 659 1168 716 si
1198 661 1415 716 bonum
1446 666 1534 718 est
1565 663 1635 717 ad
1668 667 1925 718 exactam
1951 661 2066 718 elo-

420 751 862 818 cutionem,non
881 755 1078 805 tamen
1099 751 1241 805 satis
1258 751 1516 807 clarum:
1542 751 1688 825 legis
1706 757 1902 808 autem
1930 769 2070 824 pras-

421 842 638 912 scripta
667 840 863 912 potius
903 839 1168 908 dicenda,
1202 841 1356 911 quod
1402 840 1729 898 evidentius
1759 841 2071 914 magisque

422 929 746 1004 proprium.
777 927 1075 984 Salutares
1125 929 1509 999 characteres,
1544 936 1600 987 et
1653 949 1768 988 non
1818 947 1960 988 sane
1989 931 2067 986 si-

423 1023 522 1074 cut
550 1018 648 1073 isti
680 1017 1070 1085 damnabiles,
1096 1019 1165 1072 de
1196 1019 1411 1091 quibus
1443 1021 1878 1092 pronuntiatur,
1913 1021 2068 1092 quod

425 1108 604 1163 aDeo
658 1111 923 1162 avertant
980 1107 1387 1180 applicantque
1445 1110 1709 1165 daemoni.
1771 1110 1917 1177 Quid
1953 1127 2068 1165 non

424 1197 579 1269 quod
611 1213 790 1269 super
819 1212 992 1252 omne
1021 1199 1418 1253 venerandum
1455 1203 1546 1254 est
1576 1199 1704 1255 dico
1727 1199 1750 1254 Ρ
1770 1199 1924 1254 Dcus
1972 1197 2072 1254 illa

425 1285 615 1352 ﬁnxit,
646 1284 802 1340 Deus
834 1285 1105 1340 formavit
1139 1304 1152 1344 :
1186 1289 1358 1358 cujus
1391 1288 1566 1344 etiam
1602 1306 1749 1360 opus
1783 1292 1924 1344 sunt
1960 1287 2070 1344 illa

422 1375 634 1431 tabulae
665 1373 848 1446 digito
896 1375 990 1430 Dei
1019 1376 1380 1448 conscriptae,
1416 1378 1486 1433 de
1518 1378 1730 1450 quibus
1762 1378 2073 1435 observan-

425 1465 566 1520 dum
598 1467 706 1528 est,
741 1464 923 1535 quod,
955 1464 1004 1520 si
1028 1465 1319 1536 judicavit
1347 1465 1479 1522 illas
1512 1468 1570 1522 in
1604 1485 1738 1525 arca
1777 1469 2072 1540 deponen-

425 1554 553 1623 das,
589 1553 660 1608 ad
693 1554 979 1625 profunde
1012 1554 1466 1626 significandum
1497 1573 1626 1612 esse
1659 1561 1794 1613 tunc
1825 1559 2070 1614 abscon-

425 1641 548 1698 dita
608 1641 950 1714 posterioris
1020 1643 1228 1699 divinae
1281 1645 1776 1702 manifestationis
1834 1647 2070 1719 placita,

425 1730 548 1787 haec
577 1735 775 1786 tamen
843 1731 902 1786 in
962 1733 1276 1788 manifesto
1328 1734 1658 1805 proposuit,
1687 1751 1752 1790 eo
1810 1737 1966 1806 quod
1998 1737 2070 1791 ab

425 1819 530 1876 illa
569 1818 812 1890 antiqua
846 1821 1070 1888 umbra,
1099 1820 1308 1877 ultimo
1339 1822 1426 1878 sol
1459 1823 1722 1880 veritatis
1752 1823 1961 1880 illuxit.

496 1927 552 1982 5.
584 1926 746 1982 Illius
796 1942 968 1997 porro
1029 1927 1294 1983 foenerati
1355 1928 1642 2001 quidquid
1698 1947 1769 1986 ex
1797 1931 1911 1987 Deo
1944 1931 2070 2002 ipso

427 2020 515 2073 est
553 2017 612 2071 in
644 2015 769 2088 lege
800 2019 856 2071 et
890 2015 949 2070 in
996 2016 1323 2088 Evangeliis
1354 2016 1649 2089 loquente,
1679 2023 1736 2075 et
1783 2021 2072 2092 quidquid

427 2124 457 2163 e
488 2105 669 2162 servis
691 2106 838 2176 ejus,
894 2105 1123 2172 multis,
1173 2106 1580 2180 sapientiaque
1620 2125 1686 2164 ac
1717 2109 1870 2164 dono
1901 2110 2072 2181 spiri-

425 2194 529 2251 tali
561 2193 762 2262 variis,
797 2193 857 2248 in
912 2211 1123 2250 aurum
1171 2196 1511 2267 ponendum
1539 2200 1628 2252 est
1657 2197 1804 2253 bene
1834 2214 2070 2267 sonans,

428 2283 523 2339 cui
576 2282 736 2338 nulla
769 2282 959 2339 scoria
1006 2285 1444 2340 commiscetur.
1487 2286 1716 2342 Etenim
1749 2287 1849 2358 qui
1890 2288 2072 2360 scrip-

427 2371 579 2429 toria
611 2370 839 2428 fodiunt
894 2371 1322 2444 inveniuntque
1381 2373 1642 2444 metalla,
1689 2392 1925 2432 auream
1955 2377 2072 2432 Deo

426 2466 773 2519 consecrant
830 2462 1365 2535 participationem,
1427 2480 1492 2519 eo
1524 2465 1679 2536 quod
1739 2465 2072 2537 rubiginem

427 2568 542 2607 non
574 2551 782 2622 recipit
836 2555 892 2606 et
922 2550 1049 2606 ideo
1107 2550 1343 2607 difﬁcile
1398 2553 1833 2625 corrumpitur;
1866 2571 2073 2627 argen-

424 2645 553 2696 tum
613 2645 809 2695 autem
853 2639 912 2694 in
971 2641 1315 2709 secundam,
1348 2641 1483 2698 licet
1540 2643 1730 2715 ipsam
1792 2642 2071 2715 divinam,

427 2729 735 2786 materiam
766 2728 1128 2801 ablegarunt.
1161 2731 1536 2803 Quaecunque
1565 2748 1697 2788 vero
1715 2732 1858 2788 artis
1876 2749 2071 2805 opera,

426 2819 538 2890 vel,
573 2823 638 2874 ut
673 2819 750 2875 ita
783 2819 997 2890 dicam,
1030 2819 1262 2875 numuli
1293 2819 1497 2877 aliene
1554 2821 1690 2876 licet
1742 2826 1906 2878 recte:
1953 2839 2077 2879 sec-

428 2909 631 2978 tionis,
665 2925 770 2966 nec
799 2925 973 2965 aureo
1010 2925 1197 2982 neque
1223 2909 1492 2967 flammeo
1545 2909 1795 2967 lucentis
1825 2910 2074 2983 fulgore,

431 3016 538 3056 nec
569 2999 792 3071 argenti
828 2999 1140 3071 praebentis
1170 3000 1506 3072 candorem,
1540 3017 1713 3072 quem
1745 3001 1880 3072 Deo,
1915 3002 2074 3058 Patri

432 3089 751 3157 luminum,
785 3088 1126 3159 tribuimus,
1189 3091 1306 3146 haec
1355 3089 1496 3145 talia
1553 3090 1719 3147 vobis
1777 3094 1836 3145 in
1869 3096 2076 3147 caetera

435 3177 671 3234 metalla
700 3184 840 3234 sunt
893 3179 1255 3250 accipienda,
1310 3196 1413 3235 nec
1443 3179 1573 3251 ipsa
1603 3181 1675 3236 ad
1706 3181 1890 3236 Deum
1940 3181 2072 3237 inu-

431 3267 560 3324 tilia
589 3283 854 3338 vanaque
912 3268 1164 3339 negotia,
1198 3268 1350 3324 sicut
1402 3268 1462 3323 in
1521 3269 1735 3326 divinis
1777 3270 2072 3342 sapientes

427 3361 871 3430 perspexerunt,
903 3357 1003 3428 qui
1034 3357 1148 3429 ipsi
1177 3358 1248 3413 de
1269 3357 1487 3414 talibus
1518 3357 1791 3426 metallis,
1815 3375 1883 3414 ea
1905 3358 2074 3416 bonis

429 3445 858 3503 mercatoribus
889 3446 1230 3512 vendentes,
1262 3445 1510 3503 multam
1539 3451 1928 3519 perceperunt
1958 3447 2072 3503 uti-

426 3535 677 3592 litatem.

494 3718 550 3774 6.
581 3715 839 3789 Accipite
867 3732 1004 3789 ergo
1035 3732 1169 3772 cum
1201 3716 1520 3773 attentione
1547 3715 1752 3772 sedula
1777 3733 1878 3788 pro
1899 3717 2072 3774 faene-

428 3810 554 3862 rato
577 3806 932 3877 imuoreque,
965 3805 1342 3878 supradictis,
1377 3823 1444 3862 ea
1474 3823 1599 3879 quas
1633 3824 1666 3862 a
1701 3807 1812 3863 Deo
1843 3825 1950 3863 nos
1981 3807 2068 3878 ip-

427 3895 552 3952 sius
580 3912 732 3967 gazas
780 3895 1052 3950 custodes
1084 3895 1499 3966 dispensamus
1531 3896 1836 3964 fmnerata;
1863 3899 1920 3952 et
1951 3898 2069 3967 pri-

427 4001 592 4040 mum
645 3983 854 4038 habete
880 3982 1182 4039 obaritatis
1239 3984 1549 4049 talentum,
1580 4001 1694 4055 quo
1725 4002 1877 4056 saepe
1905 3985 2070 4042 vobis

426 4071 664 4142 tradito,
691 4071 886 4126 nescio
913 4088 986 4126 an
1008 4087 1074 4126 ex
1095 4071 1244 4142 ipso,
1268 4088 1479 4144 nempe
1502 4073 1726 4129 infosso
1748 4077 1806 4128 et
1825 4074 2070 4130 abscon-

425 4160 546 4216 dito
576 4168 630 4215 et
660 4159 740 4215 ita
791 4159 1150 4216 mendaciter
1199 4177 1409 4217 aurum
1442 4161 1778 4230 simulante,
1812 4163 2066 4218 fructum

424 4249 767 4320 acceperim;
796 4249 1100 4305 cbaritatis
1131 4249 1258 4307 dico
1291 4268 1405 4306 non
1457 4251 1773 4319 fabricatae,
1805 4251 2065 4319 sincerae,

422 4338 666 4404 veracis,
700 4355 814 4395 non
849 4339 1111 4407 curiosa,
1147 4357 1261 4396 non
1290 4339 1650 4411 adulterata,
1675 4358 1802 4413 qua:
1835 4358 1948 4397 non
1979 4345 2068 4398 est

420 4428 481 4484 in
512 4427 706 4501 specie
736 4445 840 4485 nec
871 4429 928 4483 in
955 4430 1319 4500 apparentia,
1353 4431 1454 4485 sed
1485 4429 1735 4494 interna,
1778 4435 1836 4486 et
1864 4430 1923 4485 in
1949 4431 2069 4486 ani-

417 4533 516 4573 ma
539 4516 814 4586 radicata,
849 4517 930 4572 ita
960 4522 1025 4571 ut
1057 4517 1219 4572 nulla
1250 4517 1525 4573 violentia
1547 4519 1916 4589 tempestatis
1937 4536 2065 4575 eam

2175 570 2443 644 κειμήλια
2501 570 2569 625 τὰ
2625 567 2807 626 δάνεια
2861 574 3049 628 ταῦτα.
3130 568 3592 642 Ἐκκλησιαστικά
3667 574 3833 648 νομί·

2177 680 2354 733 σματα
2390 661 2482 733 μὲν
2517 661 2698 738 φάναι,
2734 661 2779 715 εἰ
2812 663 2898 716 καὶ
2950 660 3115 716 καλὸν
3160 661 3238 724 εἷς
3291 661 3625 739 ὀρθολεξίαν,
3677 666 3834 738 ὅμως

2179 749 2238 804 ού
2271 750 2441 820 πάντη
2475 748 2752 825 λαμπρόν.
2785 752 3218 825 Νομοτεθήματα
3267 749 3325 806 δὲ
3376 751 3588 826 μᾶλλον
3642 757 3831 834 φάναι,

2178 840 2499 916 σαφέστερόν
2542 860 2598 894 τε
2649 840 2736 895 καὶ
2805 842 3253 919 προσφυέστερον.
3323 844 3600 916 Σωτήριοι
3654 864 3833 921 χαρα-

2176 935 2374 1006 κτῆρες
2445 930 2534 984 καὶ
2599 929 2664 984 οὐ
2732 927 2910 1002 δήπου
2967 931 3102 985 κατά
3155 929 3282 993 τοὺς
3337 930 3686 1008 ἐπιρῥήτους,
3742 937 3834 996 οἶς

2179 1016 2473 1094 ἐπαγγελία
2497 1023 2631 1073 Θεοῦ
2683 1019 2778 1092 μὲν
2808 1020 3056 1096 ἀφιστᾷν,
3090 1013 3297 1090 κολλᾷν
3341 1017 3400 1075 δὲ
3452 1025 3534 1093 τῷ
3583 1018 3834 1094 δαίμονι.

2177 1105 2238 1159 Τί
2269 1108 2347 1178 μῆ
2379 1105 2520 1181 λέγω
2547 1107 2609 1161 τὸ
2658 1109 2873 1163 πάντων
2923 1107 3244 1184 σεμνότερον
3275 1129 3288 1177 ;
3337 1110 3398 1166 Ὁ
3444 1111 3572 1172 Θεὸς
3603 1109 3838 1186 ἐχάραξε

2177 1198 2364 1268 ταῦτα,
2441 1197 2470 1249 ὁ
2527 1196 2654 1258 Θεὸς
2729 1197 3062 1252 ἐτυπώσατοο
3133 1194 3194 1250 οὗ
3254 1193 3408 1274 ἔργον
3478 1199 3568 1254 καὶ
3626 1199 3837 1264 πλάκες

2179 1283 2375 1340 ἐκεῖναι
2409 1284 2718 1363 θεόγραφοι,
2765 1285 2844 1364 ἐφ’
2893 1287 2965 1340 ὧν
3017 1286 3129 1341 ἐστι
3181 1287 3476 1361 θεωρῆσαι,
3527 1289 3604 1353 ὡς
3652 1290 3700 1344 εἰ
3745 1290 3839 1344 καὶ

2179 1372 2230 1427 έν
2297 1368 2520 1446 κιϐωτῷ
2599 1371 2908 1430 ἐδικαίωσεν
2963 1374 3169 1440 ἐκείνας
3245 1375 3637 1448 ἐποτεθεῖσθαι,
3697 1381 3839 1435 κατὰ

2181 1457 2461 1536 σύμϐολον
2528 1463 2700 1519 έκεῖνο
2772 1463 2904 1539 βαθὺ
2975 1469 3073 1520 τοῦ
3121 1465 3469 1540 κεκρυμμένα
3527 1467 3662 1522 εἶναι
3709 1469 3836 1524 τότε

2178 1551 2245 1606 τά
2308 1559 2408 1622 τῆς
2467 1551 2686 1629 ὕστερον
2754 1553 2900 1618 θείας
2947 1552 3277 1632 ἐπιφανείας,
3327 1552 3470 1611 ἀλλὰ
3515 1560 3684 1612 ταῦτα
3737 1559 3836 1632 μὶν

2180 1639 2257 1704 εἷς
2335 1640 2567 1714 ἐμφανὲς
2638 1644 2920 1720 προέθετο,
2997 1644 3086 1698 διὰ
3152 1644 3214 1698 τὸ
3279 1644 3384 1699 ἀπὸ
3445 1645 3686 1709 παλαιᾶς
3733 1654 3836 1718 τῆς

2179 1728 2303 1784 τότε
2380 1735 2532 1792 σκιᾶς
2601 1730 2818 1806 ὕστερον
2883 1731 3198 1808 ἀναλάμψαι
3271 1735 3334 1789 τὸ
3409 1740 3510 1805 τῆς
3567 1735 3838 1807 ἀληθείας

2186 1818 2372 1888 ἥλιον.

2254 1927 2310 1984 ε’.
2342 1924 2545 1981 Τούτου
2604 1923 2671 1997 δὴ
2717 1931 2816 1982 τοῦ
2874 1925 3085 1983 δανείου
3143 1928 3242 1984 ὅσα
3301 1931 3396 2004 μὲν
3452 1936 3586 1987 Θεοῦ
3645 1932 3838 2001 αὐτοῦ,

2181 2019 2277 2070 τοῦ
2308 2015 2397 2070 καὶ
2429 2014 2480 2070 ἐν
2509 2015 2664 2089 νόμῳ
2707 2017 2797 2072 καὶ
2847 2016 2898 2071 έν
2948 2019 3313 2094 Εὐαγγελίοις
3369 2019 3700 2095 λαλοῦντος,
3746 2024 3838 2078 καὶ

2183 2102 2282 2159 ὅσα
2325 2108 2433 2159 τῶν
2488 2105 2656 2159 αὐτοῦ
2713 2107 3077 2181 Θεραπόντων,
3133 2113 3243 2164 τῶν
3293 2109 3381 2163 καὶ
3440 2109 3669 2166 πολλῶν
3746 2113 3837 2167 καὶ

2181 2191 2488 2250 πολυειδῶν
2529 2195 2628 2263 τὴν
2681 2195 2872 2272 σοφίαν
2923 2196 3012 2251 καὶ
3059 2197 3158 2265 τὴν
3229 2201 3598 2272 πνευματικὴν
3648 2200 3839 2277 χάριν,

2184 2285 2260 2345 εἷς
2309 2281 2536 2359 χρυσίον
2582 2285 2759 2339 Θετέον
2810 2282 3075 2360 εὕροιζον,
3125 2287 3171 2359 ᾧ
3231 2285 3399 2362 ῥύπος
3453 2286 3634 2352 οὐδεὶς
3680 2289 3838 2365 ἐγκα-

2181 2372 2534 2447 ταμέμικται.
2585 2372 2690 2430 Καὶ
2730 2375 2832 2450 γάρ
2881 2395 2965 2429 τοι
3005 2376 3095 2429 καὶ
3161 2376 3213 2430 οἱ
3261 2376 3326 2431 τὰ
3383 2378 3626 2456 γράφικά
3674 2378 3841 2435 σκάλ-

2184 2462 2371 2525 λοντες
2429 2462 2519 2517 καὶ
2579 2463 2981 2538 ἀνευρίσκοντες
3035 2462 3281 2536 μέταλλα
3349 2471 3465 2538 Θεῷ
3519 2469 3838 2532 καθοσιοῦσι

2179 2552 2279 2620 τήν
2338 2551 2572 2626 χρυσέαν
2614 2551 2940 2627 μετάληψιν,
2973 2550 3060 2608 διὰ
3081 2554 3145 2609 τὸ
3175 2554 3292 2609 κατ’
3346 2555 3514 2624 αὐτὴν
3546 2557 3612 2611 ού
3662 2554 3841 2612 δεκτιο

2181 2639 2274 2694 κὸν
2311 2639 2395 2694 lo?)
2449 2661 2620 2711 τινος,
2679 2641 2768 2695 καὶ
2823 2638 2912 2696 διὰ
2965 2646 3126 2697 τοῦτο
3185 2644 3386 2718 φθορᾶς
3433 2641 3836 2702 δυσέντευκτον·

2181 2729 2270 2784 τὸν
2305 2727 2490 2801 μέντοι
2537 2725 2770 2804 ἄργυρον
2822 2730 2898 2793 εἰς
2959 2728 3392 2807 δευτερεύουσαν,
3447 2733 3590 2788 θείαν
3649 2735 3837 2807 μέντοι

2181 2818 2490 2886 καὶαύτὴν,
2525 2815 2662 2888 ὕλην
2712 2817 2994 2888 ἀπέταξαν.
3042 2822 3178 2874 Ὅσα
3229 2817 3286 2875 δὲ
3340 2825 3515 2887 κοπῆς
3572 2823 3834 2898 ἑτεροίας,

2185 2905 2351 2979 ὀρθῆς
2411 2908 2604 2980 μήντοι
2655 2907 3020 2983 τεχνάσματα,
3086 2908 3199 2980 καὶ,
3269 2909 3342 2972 ὡς
3403 2909 3577 2973 οὕτως
3637 2912 3832 2985 εἰπεῖν,

2181 2997 2444 3070 κέρματα,
2535 2997 2673 3068 μήτε
2729 2995 2963 3071 χρύσεον
3019 2992 3310 3069 στιϐούσης
3361 2999 3451 3053 καὶ
3509 2997 3634 3055 οὔτε
3695 3003 3829 3078 φλό-

2181 3104 2324 3160 γεον,
2390 3085 2528 3157 μήτε
2583 3084 2882 3159 φαινούσης
2935 3085 3071 3161 πρὸς
3107 3085 3342 3162 ἀργύρου
3391 3086 3719 3160 λευκότητα,
3768 3093 3824 3159 ἦν

2184 3178 2300 3246 Θεῷ
2353 3173 2724 3245 άνατιθέαμεν,
2783 3179 2862 3246 τῷ
2914 3179 3022 3229 τῶν
3082 3179 3275 3253 φῶτων
3336 3177 3526 3251 Πατρὶ,
3581 3176 3732 3234 ἀλλὰ
3766 3181 3830 3234 τά

2181 3266 2405 3319 τοιαῦτα
2436 3261 2512 3324 εἷς
2561 3261 2729 3317 λοιπὰ
2762 3261 3008 3335 μέταλλα
3038 3263 3313 3319 ἐκδεκτέον
3351 3266 3514 3339 ὑμᾶς,
3547 3265 3667 3322 οὐδ’
3699 3267 3829 3324 αὐτὰ

2179 3357 2248 3427 τῇ
2273 3352 2408 3407 κατᾶ
2441 3351 2566 3406 Θεὸν
2615 3350 2904 3426 ἀσύμφορα
2933 3354 3230 3427 πράγματα
3260 3353 3350 3408 καὶ
3397 3349 3706 3427 ἀξύμϐολα,
3756 3357 3825 3418 ὡς

2181 3443 2234 3497 οἱ
2268 3441 2336 3496 τὰ
2389 3442 2508 3496 Θεῖα
2557 3439 2715 3517 σοφοὶ
2771 3441 3199 3516 τεθεωρήκασιν,
3249 3439 3300 3496 ο⁹ί
3329 3441 3418 3497 καί
3448 3442 3602 3498 αὐτοὶ
3641 3443 3827 3500 πολλά

2179 3535 2285 3586 τῶν
2312 3529 2578 3586 τοιούτων
2614 3526 2901 3603 μετάλλων
2935 3529 3244 3603 ἀπώναντο,
3299 3531 3518 3608 ἀγαθοῖς
3564 3530 3825 3608 ἐμπύροις

2183 3620 2317 3676 αὐτὰ
2345 3618 2698 3695 χειρίσαντες.

2253 3711 2316 3774 ς’.
2351 3703 2810 3783 Παραλαμϐάνετε
2854 3705 2920 3778 δὴ
2972 3710 3105 3782 μετὰ
3153 3709 3392 3784 σκέψεως
3437 3705 3701 3787 ἀκριϐοῦς
3745 3711 3826 3766 ἐπί

2177 3819 2236 3854 τε
2265 3795 2460 3870 δανείῳ
2489 3796 2579 3852 καὶ
2610 3797 2696 3851 ἐπὶ
2750 3795 2917 3870 τόκῳ,
2975 3802 3092 3859 τοῖς
3141 3797 3614 3873 ἀνατεταγμένοις,
3673 3799 3741 3855 τά
3769 3799 3823 3854 ἐκ

2175 3891 2273 3943 τοῦ
2303 3891 2437 3943 Θεοῦ
2474 3883 2543 3942 δι’
2591 3888 2751 3960 ἡμῶν
2795 3890 2902 3941 τῶν
2952 3885 3116 3942 αὐτοῦ
3160 3885 3557 3966 γαζοφυλάκων
3621 3885 3824 3957 δάνεια,

2177 3977 2266 4032 καὶ
2323 3971 2476 4052 ἔχετε
2506 3980 2722 4046 πρῶτον
2773 3973 2891 4030 ἰδοὺ
2919 3976 2982 4031 τὸ
3039 3998 3064 4030 ι
3122 3982 3223 4046 τῆς
3283 3976 3496 4051 ἀγάπης
3551 4001 3582 4029 ››
3639 3977 3829 4034 τάλαν.

2175 4087 2292 4138 τον,
2324 4067 2352 4121 ’ὀ
2410 4063 2686 4126 πολλάκις
2746 4062 2934 4127 ἐκδοὺς
2968 4066 3096 4138 ὑμῖν
3128 4065 3234 4121 οὐκ
3262 4063 3402 4139 οἶδα,
3445 4065 3494 4121 εἴ
3522 4067 3827 4141 ἀπωνάμην

2177 4157 2362 4224 αὑτοῦ,
2416 4154 2490 4217 ὠς
2538 4155 2626 4209 οἶα
2679 4154 3124 4231 καταχωσθέντος
3172 4154 3263 4210 καί
3313 4156 3700 4228 ἀφανισθέντος
3743 4156 3827 4212 καὶ

2177 4244 2321 4301 οὕτω
2377 4242 2712 4318 ψευσαμένου
2740 4263 2802 4296 το
2828 4241 3083 4319 χρύσεον,
3120 4268 3147 4296 α
3179 4243 3420 4319 ἀγάπης,
3455 4268 3476 4295 ι
3513 4241 3687 4320 λέγω,
3735 4253 3831 4315 τῆς

2177 4333 2648 4409 ἀπραγματεύτου,
2680 4339 2780 4402 τῆς
2809 4331 3192 4406 ἀνυποκρίτου,
3245 4341 3344 4404 τῆς
3384 4331 3677 4408 ἀψευδοῦς,
3732 4342 3832 4405 τῆς

2178 4424 2518 4499 ἀπεριέργου,
2548 4429 2650 4491 τῆς
2698 4421 3136 4496 ἀπαραποὶήτου,
3185 4428 3292 4492 τῆς
3345 4424 3421 4496 μὴ
3471 4422 3524 4478 ἐν
3578 4426 3832 4501 προσχή-

2181 4534 2311 4587 ματι
2361 4511 2451 4566 καὶ
2509 4507 2860 4581 ἐξεπιπολῆς,
2915 4507 3044 4564 ἀλλ’
3093 4507 3407 4585 ἑνδομύχου
3455 4511 3545 4566 καὶ
3595 4511 3828 4589 ἐρῥιζω-

419 4606 627 4662 laedere
659 4606 866 4678 possit,
897 4622 966 4661 ex
999 4606 1166 4662 horto
1223 4606 1418 4662 divino
1480 4607 1578 4678 qui
1638 4607 1694 4661 in
1756 4607 1927 4664 nobis
1957 4613 2064 4674 est,

2182 4603 2346 4676 μένης
2397 4600 2448 4655 έν
2500 4603 2695 4674 ψυχῇ,
2755 4598 2828 4660 ὠς
2879 4596 3019 4673 μηδὲ
3078 4598 3206 4672 μίαν
3262 4598 3496 4676 ἀνάγκην
3558 4598 3832 4664 λαίλαπος

419 4695 724 4762 avulsam;
757 4694 1081 4763 cbaritatis,
1116 4712 1229 4750 non
1254 4694 1412 4750 illius
1435 4711 1562 4766 quae
1595 4697 1852 4751 exterius
1879 4696 2069 4752 subri-

422 4785 521 4838 det
548 4788 606 4839 et
659 4783 719 4838 in
777 4785 951 4839 corde
1008 4785 1336 4840 ditacerare
1391 4784 1713 4839 meditatur
1760 4785 2064 4853 amicum;

421 4871 743 4942 cbaritatis,
777 4889 954 4944 quam
989 4872 1142 4928 Deus
1173 4872 1382 4928 tribuit
1405 4887 1471 4929 ac
1494 4872 1706 4944 diligit,
1740 4891 1864 4944 quae
1889 4877 1978 4930 est
2000 4891 2068 4930 ex

417 4965 542 5016 tota
574 4966 787 5032 mente,
819 4962 991 5017 corde
1020 4969 1076 5017 et
1117 4961 1313 5017 anima
1341 4979 1354 5028 ;
1415 4979 1519 5034 per
1549 4979 1726 5034 quam
1760 4967 1975 5020 cuncta
2007 4964 2067 5018 in

417 5051 640 5106 mundo
671 5051 986 5122 produxit;
1046 5066 1149 5122 per
1205 5067 1382 5121 quam
1445 5051 1648 5106 unitur
1704 5052 1896 5117 nobis,
1957 5070 2066 5109 nos

413 5139 630 5195 docens
683 5139 769 5194 sic
826 5140 898 5195 ad
929 5140 1175 5196 invicem
1238 5140 1416 5210 uniri,
1451 5145 1735 5211 tanquam
1785 5146 1980 5211 partes
2011 5147 2069 5198 et

411 5229 676 5284 membra
706 5228 831 5295 Dei,
865 5228 922 5283 in
958 5245 1136 5284 unam
1168 5228 1577 5284 cohaerentiam
1609 5229 2065 5300 societatemque

409 5322 700 5391 coaptata.

487 5518 542 5572 7.
571 5517 732 5573 Hanc
761 5515 926 5573 vobis
984 5516 1363 5589 operantibus
1414 5518 1539 5571 tota
1567 5513 1850 5570 virtutum
1884 5518 2064 5571 cater-

419 5622 491 5662 va
516 5609 727 5677 praesto
759 5606 887 5676 erit,
919 5611 984 5660 ut
1039 5604 1177 5660 alibi
1230 5604 1484 5676 propriis
1543 5604 2060 5660 demonstrationi-

412 5694 525 5749 bus
553 5693 858 5749 evidenter
886 5693 1276 5751 ostendimus.
1299 5697 1450 5765 Ipsa,
1479 5708 1594 5749 non
1621 5707 1790 5750 secus
1814 5709 1880 5750 ac
1901 5692 2062 5766 prin-

2176 4687 2322 4766 ἕχειν
2371 4693 2812 4764 κατακαυχᾶσθαι
2870 4686 3060 4757 αὐτῆς,
3139 4689 3536 4762 ἀνασπωμένης
3613 4692 3712 4746 τοῦ
3780 4690 3830 4745 έν

2176 4783 2310 4852 ἡμῖν
2370 4777 2515 4833 θείου
2558 4779 2761 4848 κήπου·
2829 4797 2850 4827 ι
2909 4776 3146 4853 ἀγάπης,
3183 4802 3204 4830 ι
3265 4781 3365 4842 τῆς
3425 4778 3502 4851 μὴ
3547 4781 3832 4852 προσώπῳ

2181 4871 2275 4942 μὲν
2330 4865 2606 4944 γελώσης,
2638 4870 2706 4940 τῇ
2739 4864 2796 4921 δὲ
2844 4865 3041 4940 καρδίᾳ
3084 4863 3404 4939 μελετώσης
3458 4865 3691 4940 διασπᾷν
3737 4872 3826 4924 τὸν

2177 4955 2528 5032 φιλούμενονο
2589 4979 2617 5007 ‹‹
2659 4955 2893 5030 ἀγάπης,
2945 4978 2974 5008 »
3005 4957 3071 5024 ἤν
3105 4955 3132 5009 ὁ
3186 4956 3315 5017 Θεὸς
3364 4956 3453 5010 καὶ
3483 4954 3829 5031 παραδίδωσι

2174 5047 2264 5102 καὶ
2319 5045 2488 5124 φιλεῖ,
2519 5046 2619 5114 τὴν
2674 5043 2724 5115 ἐξ
2758 5041 2891 5110 ὅλης
2924 5041 3164 5109 διανοίας
3211 5045 3300 5100 καὶ
3349 5043 3577 5121 καρδίας
3609 5047 3699 5102 καὶ
3730 5051 3829 5121 ψυ-

2176 5141 2305 5212 χῆς,
2360 5133 2428 5190 δι’
2458 5137 2517 5204 ἢν
2550 5134 2642 5190 καὶ
2689 5135 2757 5188 τὰ
2781 5131 2916 5208 τῇδε
2944 5134 3117 5189 πάντα
3146 5136 3455 5210 παρήγαγε,
3489 5133 3561 5190 δι’
3590 5138 3653 5206 ἢν
3681 5137 3823 5206 ἧνω.

2172 5247 2260 5281 ται
2291 5228 2450 5298 ἡμῖν,
2480 5221 2750 5279 διδάσκων
2782 5222 2928 5277 οὕτω
2967 5224 3067 5292 τήν
3119 5223 3257 5298 πρὸς
3301 5222 3588 5294 ἀλλήλους
3640 5223 3826 5280 ἕνωσιν

2176 5315 2250 5378 ὠς
2285 5316 2422 5390 μέρη
2456 5314 2543 5369 καὶ
2581 5309 2722 5386 μέλη
2755 5315 2886 5367 Θεοῦ
2912 5307 3088 5380 ὄντας,
3106 5311 3182 5375 εἰς
3217 5311 3341 5386 μίαν
3372 5312 3826 5388 συναρμολογού-

2179 5426 2310 5480 μενα
2367 5401 2635 5482 συμφυΐαν
2667 5423 2726 5456 τε
2753 5401 2842 5457 καὶ
2875 5402 3180 5480 συνάφειαν.

2247 5518 2306 5582 ζ.
2367 5510 2574 5581 Ταύτην
2649 5509 3230 5584 πραγματευσαμένοις
3317 5510 3444 5582 ὑμῖν
3521 5510 3551 5565 ὁ
3612 5511 3824 5584 σύμπας

2175 5600 2373 5676 ὅμιλος
2403 5605 2511 5656 τῶν
2545 5601 2748 5675 ἀρετῶν
2782 5597 3051 5676 ἐφέψεται,
3081 5598 3155 5661 ὥς
3212 5595 3416 5654 ἄλλοτε
3455 5605 3640 5680 σαφῶς
3685 5599 3821 5655 ἐδεί-

2175 5693 2336 5766 ξαμεν
2369 5688 2866 5763 διασκευασάμενοι.
2901 5686 3073 5759 Αὕτη,
3107 5689 3206 5744 ὅσα
3241 5688 3332 5745 καὶ
3391 5689 3565 5766 ἀρχὴ,
3616 5693 3817 5746 ἅπασαν

4033 5187 4067 6027 ί
