4114 6200
285 379 378 438 589

1220 366 1301 425 IN
1345 367 1410 426 Β.
1457 362 2140 436 QUADRAGESl-MAM
2187 366 2485 429 ORATIO
2529 367 2605 426 ll.

3499 376 3618 438 590

282 499 612 582 ἀγαθοπραξίαν
661 497 712 553 ἐν
771 497 898 570 ὑμῖν
959 495 1196 574 ἐκφανεῖ.
1253 493 1463 565 Ταύτην
1522 494 1549 548 ὁ
1575 490 1736 582 ἔχων
1772 490 1851 555 εἴς

1985 495 2203 569 :ipium,
2229 512 2402 554 omne
2423 498 2712 555 bonorum
2736 515 2977 572 operum
3012 501 3070 556 in
3115 502 3278 558 vobis
3331 505 3618 576 producet

277 579 442 654 ἐντελὲς
485 591 732 668 φορτηγεῖ
783 585 850 640 τὰ
898 584 1343 662 τιμαλφὲστατα.
1399 582 1514 638 Οὐκ
1571 579 1707 660 ἔφθη
1768 601 1853 643 τις

276 686 447 760 ἀγάπην
492 678 664 748 εἰπεῖν,
713 676 803 730 καὶ
851 674 1258 750 συνεξεφωνήθη
1318 672 1453 746 αὐτῇ
1495 671 1704 744 ξύμπαν
1759 691 1855 726 κα-

276 769 368 829 λόν.
420 767 630 843 ’Δγάπης
678 761 1140 840 παρεισδυομένης
1186 761 1264 824 εἷς
1320 762 1528 836 ψυχὴν,
1588 760 1858 835 συνεισέρ-

274 881 397 937 χιται
433 856 511 912 καὶ
559 853 746 910 λοιπὸς
806 854 945 915 ἅπας
1006 850 1203 924 ὅμιλος
1257 850 1484 937 ἀρετῶν.
1521 848 1582 906 Εἰ
1614 847 1672 903 δὲ
1721 848 1854 918 αὐτὴ

272 933 434 1005 ἐκεῖθεν
483 942 836 1000 ὶκκὲκλεισται
871 985 886 1011 ,
948 938 1117 1010 δῆλον
1193 938 1276 994 ὅτι
1345 933 1552 1015 ἔρημος
1606 940 1641 1006 ἡ
1701 938 1855 1013 ψυχὴ

273 1037 415 1106 ἐκείνη
440 1033 622 1096 παντὸς
647 1031 872 1107 ἀγαθοῦ.

322 1216 380 1285 η’.
402 1215 616 1274 Ἕνωσις
662 1211 802 1286 πρὸς
847 1209 940 1264 τὸν
993 1209 1114 1263 Υἱὸν
1160 1210 1195 1277 ἡ
1244 1205 1450 1280 ἀγάπη,
1485 1205 1600 1261 ἐπεὶ
1628 1203 1717 1259 καὶ
1747 1207 1854 1258 τῶν

267 1304 398 1358 αὐτοῦ
424 1301 644 1358 ἐντολῶν
690 1297 1106 1375 ἐκπληρωτική.
1142 1321 1170 1349 (ι
1204 1296 1262 1351 Εἰ
1303 1297 1406 1371 γὰρ
1439 1293 1679 1370 ἀγαπᾶτὲ
1713 1314 1798 1367 με,
1830 1315 1858 1343 ››

263 1393 385 1470 φησί,
435 1417 460 1444 ‹‹
507 1391 597 1452 τὰς
658 1386 884 1450 ἐντολάς
943 1388 1002 1442 ἂν
1062 1387 1299 1440 ἐποιεῖτε
1355 1386 1448 1446 τὰς
1505 1383 1658 1456 ἐμάς.
1697 1406 1718 1433 ιι
1761 1381 1856 1439 Οἷ-

260 1480 436 1543 κείωσίς
465 1478 568 1535 ἐστι
611 1479 752 1554 πρὸς
792 1479 883 1532 τὸν
929 1477 1139 1552 Πατὲρα
1185 1476 1321 1530 κατά
1360 1475 1444 1529 τό·
1481 1498 1509 1526 ‹‹
1543 1473 1860 1549 Ἀγαπηθή-

257 1592 375 1626 σεται
428 1570 523 1624 ὑπὸ
577 1572 678 1623 τοῦ
733 1565 943 1642 Πατρός
1005 1587 1154 1639 μου.
1216 1588 1245 1617 »
1303 1561 1663 1639 ’Λγαλλίασίς
1721 1561 1860 1615 ἐστιν

255 1658 404 1723 ἔνθεος
440 1659 524 1713 καὶ
579 1656 800 1727 ἀληθής
853 1657 1000 1732 χαρὰ
1046 1654 1182 1709 κατά
1207 1653 1290 1709 τό’
1317 1677 1346 1705 ‹‹
1377 1652 1438 1708 Εἰ
1489 1650 1736 1727 ἠγαπᾶτέ
1772 1671 1856 1722 με,

253 1747 454 1824 ἐχάρητε
481 1747 562 1804 ἄν.
594 1769 628 1798 ››
658 1747 862 1821 Μήτηρ
912 1743 1046 1814 αὕτη
1092 1742 1291 1818 ἀρετῆς
1339 1741 1574 1812 ἀπάσης,
1623 1740 1698 1802 ὡς
1743 1736 1860 1794 ἓτε-

253 1859 326 1912 ρος
364 1840 492 1909 ἡμῖν
537 1834 731 1910 καίρὸς
778 1833 878 1889 οὐκ
922 1832 1228 1910 ἠγωνίσατο
1269 1831 1345 1894 εἷς
1392 1827 1684 1899 ἀπόδειξιν,
1717 1827 1862 1883 ἀλλά

249 1924 323 1981 καί
370 1923 573 1986 ἀπόνως
638 1922 727 1978 καὶ
786 1926 969 2000 σαφῶς
1041 1922 1131 1976 καὶ
1207 1918 1615 1994 άναντιῤῥήτως
1673 1912 1860 1989 ἔδειξε,

248 2014 452 2088 Χρυσέας
488 2015 696 2090 ἀρετῶν
757 2010 1000 2072 ἁλύσεως
1056 2009 1246 2084 κρίκος
1294 2010 1321 2063 ὁ
1361 2012 1601 2082 πρῶτος,
1665 2001 1862 2082 βαλϐὶε

248 2101 427 2179 δρόμου
471 2107 568 2158 τοῦ
621 2101 700 2164 είς
761 2102 978 2176 ἀρετὴν,
1035 2099 1235 2173 βαθμὶς
1286 2099 1600 2175 προέχουσα
1628 2103 1729 2165 τῆς
1784 2096 1861 2156 εὶς

245 2193 440 2268 οὐρανὸν
472 2189 674 2247 ἀνόδου
704 2233 719 2262 ,
761 2189 986 2264 είρήνης
1025 2185 1280 2261 θεμέλιος
1301 2233 1314 2260 ,
1348 2185 1605 2263 ἀταραξία
1652 2189 1861 2260 ψυχῆς,

242 2281 472 2355 πολέμων
527 2279 818 2353 διώκτρια,
867 2278 956 2333 καὶ
1013 2282 1293 2350 τοσοῦτον,
1348 2275 1487 2332 ὥστε
1537 2275 1684 2348 εἷ’περ
1726 2273 1860 2344 αὕτη

242 2369 316 2426 διὰ
363 2379 458 2441 τῆς
514 2368 853 2441 οίκουμίνης
913 2365 1278 2436 ἐπολιτεύετο,
1337 2365 1436 2421 ούκ
1501 2363 1559 2419 ἂν
1621 2361 1864 2436 οὖδαμοῦ

239 2455 351 2536 ἔρις,
404 2463 438 2530 ἡ
487 2464 583 2515 τοῦ
638 2456 888 2531 πολεμου
949 2459 1163 2533 μήτηρ,
1213 2454 1637 2532 ἐπαρρησιάζετο
1672 2497 1685 2524 ,
1739 2450 1864 2507 ἀλλ’

238 2549 333 2605 ἀντὶ
367 2554 458 2604 τοῦ
492 2548 545 2604 ἐν
587 2546 794 2610 ὅπλοις
830 2545 1159 2618 πληθυσμοῦ
1201 2544 1452 2620 ὰρότροις
1491 2541 1549 2597 ἂν
1599 2542 1666 2611 ἦν
1725 2543 1862 2614 ἡμῖν

237 2638 684 2714 περιουσίάζεσθαι
735 2635 825 2690 καὶ
899 2633 1018 2690 οὐδ’
1097 2633 1156 2688 ἂν
1228 2629 1728 2710 ἐσμικρολογοῦντο
1814 2630 1866 2684 οἱ

235 2725 596 2802 χαλκεύοντες,
637 2725 1106 2798 λεπτοτομοῦντες
1139 2721 1226 2778 ἐπὶ
1277 2722 1467 2800 φόνοις
1495 2722 1586 2776 τὸν
1621 2717 1865 2795 σίδηρον.

234 2816 352 2890 Εἶχε
405 2813 462 2871 δὲ
517 2817 606 2885 ἂν,
647 2815 723 2876 ὡς
776 2813 919 2869 οὕτω
967 2813 1150 2890 φάναι,
1179 2812 1269 2867 καὶ
1318 2812 1478 2888 ’χάριν
1510 2816 1626 2872 τοῖς
1656 2808 1867 2870 τὲκνοις

233 2906 262 2973 ἡ
295 2906 469 2978 μήτηρ
499 2912 598 2979 γῆ,
641 2905 725 2958 ὅτι
759 2904 834 2976 μὴ
864 2902 1040 2977 συχνά
1093 2900 1297 2971 ἐκείνην
1349 2900 1868 2975 πολυπραγμονοῦσι

236 2991 313 3046 καί
354 2993 744 3069 ἇνασχίζουσιν
787 2991 876 3046 ἐπὶ
925 2988 1198 3066 σιδηρὲοις
1243 2988 1560 3062 μετάλλοις,
1623 2990 1704 3050 οἷς
1736 2989 1787 3042 οἱ
1820 2985 1870 3056 ἐξ

234 3082 386 3153 αὐτῆς
447 3079 858 3162 διαφθείρονται
894 3125 908 3150 ,
968 3079 1183 3155 ἀγάπης
1240 3078 1328 3132 καὶ
1389 3079 1564 3151 μόνης
1631 3077 1683 3131 οἱ
1739 3076 1875 3131 κατά

241 3171 343 3245 βίον
393 3171 546 3247 ὀρθοὶ
615 3170 837 3238 σκοποὶ,
894 3169 986 3224 καὶ
1042 3169 1110 3223 τὰ
1165 3167 1248 3222 ἐπ’
1295 3169 1483 3229 αὐτοῖς
1515 3162 1664 3242 ἔργα,
1699 3163 1769 3220 δι’
1799 3162 1874 3218 ὧν

1966 587 2442 655 exercitium.Qui
2459 587 2619 643 illam
2639 588 2947 645 habetrem
2967 608 3108 647 sane
3128 592 3616 664 pretiosissimam

1966 676 2306 746 possidebit.
2364 677 2486 732 Non
2519 677 2692 732 citius
2724 678 2934 749 aliquis
2994 680 3341 739 charitatem
3386 685 3614 757 dixerit,

1967 778 2142 833 quam
2176 780 2310 819 cum
2341 764 2473 835 ipsa
2528 765 2905 821 consonuerit
2959 785 3131 825 omne
3176 771 3420 828 bonum.
3472 773 3618 830 Cha-

1967 852 2138 907 ritate
2163 853 2220 906 in
2251 853 2802 921 animamintrante,
2827 855 3158 928 ingreditur
3194 861 3370 916 etiam
3419 864 3616 921 omnis

1969 939 2198 1012 reliqua
2225 941 2512 996 virtutum
2542 947 2790 997 caterva.
2823 945 2877 998 Si
2910 962 3042 1001 vero
3072 947 3204 1018 ipsa
3261 949 3470 1007 exinde
3519 967 3614 1008 ex-

1969 1028 2246 1099 cluditur,
2279 1031 2534 1086 animam
2564 1030 2727 1086 illam
2757 1032 2916 1089 omni
2947 1034 3097 1091 bono
3142 1037 3430 1109 privatam
3489 1057 3618 1099 esse

1970 1118 2125 1173 mani
2137 1119 2349 1174 festum
2378 1123 2486 1176 est.

2039 1208 2092 1262 8.
2148 1209 2232 1262 Ad
2286 1209 2562 1264 unionem
2622 1227 2756 1265 cum
2815 1210 2959 1267 Filio
3019 1215 3283 1285 perducit
3341 1217 3618 1291 Charitas,

1969 1296 2261 1368 siquidem
2283 1298 2412 1368 ejus
2439 1300 2851 1354 mandatorum
2874 1303 3305 1360 exsecutionem
3337 1307 3619 1364 continet.

1970 1407 1999 1436 «
2022 1385 2078 1440 Si
2111 1387 2267 1441 enim
2305 1386 2546 1459 diligitis
2579 1405 2692 1458 me,
2725 1390 2942 1460 inquit,
2963 1392 3236 1448 mandata
3267 1411 3397 1451 mea
3427 1401 3618 1453 custo-

1971 1474 2143 1530 dietis
2164 1475 2202 1528 3.
2227 1497 2254 1525 n
2275 1475 2755 1533 Familiaritatem
2788 1495 2922 1534 cum
2947 1484 3113 1536 Patre
3144 1482 3435 1555 conciliat,
3483 1486 3618 1556 jux-

1969 1569 2031 1619 ta
2061 1563 2242 1620 illud:
2304 1587 2332 1615 «
2359 1565 2642 1634 Diligetur
2663 1584 2696 1622 a
2745 1571 2915 1624 Patre
2969 1586 3098 1626 meo
3125 1571 3164 1626 ‘.
3191 1594 3218 1620 »
3291 1573 3618 1630 Exsultatio

1972 1651 2170 1709 divina
2196 1670 2522 1726 verumque
2551 1656 2835 1728 gaudium
2853 1662 2960 1729 est,
2992 1661 3318 1717 secundum
3349 1662 3458 1718 hoc
3484 1667 3497 1717 ε
3523 1662 3620 1719 «Si

1972 1741 2291 1809 diligeretis
2323 1759 2437 1810 me,
2476 1745 2808 1816 gauderetis
2829 1747 2916 1800 ⁵.»
2956 1747 3085 1803 Haec
3133 1750 3334 1806 omnia
3388 1751 3622 1809 virtutis

1973 1835 2178 1899 mater,
2211 1831 2364 1887 sicut
2393 1831 2511 1888 alia
2552 1833 2720 1889 nobis
2752 1837 2979 1891 occasio
3011 1854 3127 1893 non
3160 1839 3347 1895 caruit
3380 1842 3621 1898 demon-

1974 1920 2382 1991 strationibus,
2433 1921 2550 1978 imo
2622 1922 2787 1979 facile
2869 1926 3178 1983 manifeste
3251 1929 3626 1988 inconcusse-

1974 2027 2085 2082 que
2116 2011 2392 2066 ostendit.
2425 2012 2625 2067 Aureae
2656 2011 2936 2068 virtutum
2969 2019 3184 2071 catenas
3216 2018 3477 2076 annulus
3506 2021 3626 2094 pri-

1975 2117 2131 2169 mus,
2153 2099 2427 2155 curriculi
2456 2101 2527 2156 ad
2557 2101 2830 2157 virtutem
2866 2103 3073 2175 janua,
3133 2107 3493 2166 ascensionis
3551 2111 3626 2167 ad

1974 2189 2184 2245 coelum
2237 2189 2562 2259 exordium,
2628 2191 2789 2262 pacis
2870 2193 3338 2266 fundamentum,
3420 2199 3628 2256 animm

1975 2279 2281 2346 securitas,
2315 2278 2603 2334 bellorum
2635 2280 2909 2352 fugatrix,
2941 2287 3118 2356 atque
3139 2286 3302 2355 adeo,
3339 2290 3403 2344 ut
3434 2288 3484 2345 si
3525 2307 3630 2361 per

1975 2369 2175 2424 orbem
2208 2377 2490 2424 terrarum
2530 2374 2821 2441 regnaret,
2863 2371 3072 2428 nullibi
3113 2373 3428 2448 discordia,
3485 2378 3627 2436 belli

1976 2462 2183 2526 mater;
2215 2473 2412 2513 vocem
2445 2457 2668 2514 elevare
2698 2465 2918 2532 posset,
2964 2465 3039 2532 et,
3084 2480 3384 2522 armorum
3437 2468 3624 2524 abun-

1977 2546 2189 2602 dantiae
2222 2547 2364 2614 loco,
2398 2547 2570 2603 nobis
2601 2552 2930 2606 aratrorum
2961 2551 3323 2610 abundantia
3365 2555 3622 2628 daretur,

1976 2653 2084 2692 nec
2108 2636 2254 2691 fabri
2286 2653 2458 2707 parce
2489 2644 2832 2708 praestarent
2855 2639 3095 2713 ferrum,
3128 2642 3273 2699 illud
3313 2645 3386 2701 ad
3439 2647 3625 2704 cedes

1979 2725 2207 2781 minute
2238 2726 2611 2781 excudentes.
2627 2726 2894 2800 Haberet,
2916 2735 2978 2785 ut
3000 2731 3081 2786 ita
3102 2732 3470 2802 dicam,ﬁliis
3494 2753 3628 2809 gra-

1977 2815 2124 2870 tiam
2154 2818 2309 2870 terra
2339 2817 2707 2888 mater,quod
2728 2833 2841 2872 non
2868 2835 3020 2891 saepe
3049 2822 3478 2895 exagitarentet
3506 2826 3627 2883 dis-

1981 2907 2247 2960 secarent
2267 2920 2396 2959 eam
2421 2904 2491 2958 ad
2524 2904 2874 2962 invenienda
2904 2908 3109 2980 ferrea,
3137 2911 3393 2982 metalla,
3418 2914 3632 2984 quibus

1982 2993 2171 3065 ipsius
2205 2993 2350 3048 fines
2382 2997 2861 3064 corrumpuntur,
2895 2996 3079 3053 solius
3127 2999 3432 3058 charitatis
3490 3004 3633 3060 recti

1985 3082 2132 3137 ﬁnes
2157 3082 2227 3136 ad
2276 3081 2479 3148 vitam,
2538 3099 2832 3156 operaque
2881 3087 3205 3143 conformis
3251 3089 3468 3162 quibus
3514 3091 3634 3150 vita

1985 3169 2659 3233 sustentatur.0uzenam
2691 3175 2884 3227 autem
2904 3173 3016 3228 ista
3039 3174 3067 3228 ’ἶ
3095 3174 3293 3232 Civilis
3322 3177 3630 3237 hominum

223 3261 513 3318 συνίσταται
569 3261 716 3339 βίος,
761 3265 898 3314 Ποῖα
957 3257 1024 3328 δὴ
1080 3263 1247 3314 ταῦτα
1281 3279 1294 3327 ;
1327 3259 1388 3313 Ἣ
1434 3259 1549 3312 κατ’
1581 3259 1864 3332 ἄνθρωπον

1985 3260 2250 3326 societas,
2308 3258 2577 3328 concilia,
2626 3259 2806 3332 leges,
2864 3261 3098 3331 scholae,
3157 3265 3348 3322 omnis
3428 3285 3524 3324 ars
3570 3273 3628 3325 et

223 3350 467 3421 πολιτική
528 3345 868 3424 συμϐίωσις,
922 3349 990 3403 τὰ
1049 3347 1434 3424 βουλευτήρια,
1485 3348 1537 3401 o't
1584 3347 1769 3420 νόμοι,
1798 3345 1866 3399 τὰ

219 3437 590 3517 παιδευτήρια,
650 3437 820 3515 τέχνη
864 3442 1008 3492 πᾶσα
1049 3435 1138 3492 καὶ
1181 3435 1480 3510 ἐπιστήμη,
1529 3435 1720 3512 γάμοι,
1767 3433 1864 3508 ἐμ-

217 3529 409 3601 πορίαι,
459 3529 828 3606 πανηγύρεις,
866 3529 983 3582 δσαι
1025 3547 1082 3582 τε
1131 3525 1318 3589 ἄλλως
1358 3523 1616 3603 κερδῷαι,
1667 3523 1757 3580 καὶ
1789 3524 1862 3578 ὧν

217 3613 363 3682 σέϐας
395 3625 541 3685 θεῖον
574 3623 932 3694 προηγεῖται.

277 3711 339 3764 θ’.
373 3710 612 3772 Φύσεως
643 3705 820 3784 δῶρον
881 3709 916 3776 ἡ
969 3705 1174 3782 ἀγάπη,
1234 3705 1322 3760 καὶ
1381 3705 1436 3760 ἑν
1488 3703 1624 3779 αὐτῇ
1675 3703 1868 3778 πρώτῃ

217 3798 341 3870 μετὰ
394 3799 528 3854 Θεὸν
589 3800 902 3871 θεωρεῖται,
935 3793 1006 3851 δι’
1053 3796 1121 3864 ἧς
1177 3795 1246 3850 τὰ
1300 3796 1491 3869 νεογνά
1521 3793 1582 3849 ού
1619 3793 1780 3868 μόνον
1814 3791 1864 3847 ἐν

215 3887 540 3964 ἀνθρώποις,
575 3885 730 3943 ἀλλὰ
756 3885 844 3941 καὶ
905 3886 1066 3955 ζώοις
1114 3889 1230 3944 τοῖς
1269 3881 1464 3946 ἄλλοις
1516 3881 1869 3956 περιὲπονται

219 3975 380 4040 οὕτως
412 3979 802 4054 ἂγαπητικῶς,
835 3975 910 4037 ὠς
940 3975 1028 4029 καὶ
1080 3973 1301 4038 θάνατον
1350 3973 1704 4050 αἶ’ρετώτερον
1738 3972 1870 4026 εἶναι

214 4072 323 4128 τοῖς
378 4065 760 4142 γειναμένοις,
821 4062 962 4140 ἤπερ
1018 4063 1454 4139 ἀποστερηθῆναι
1509 4063 1618 4116 τῶν
1678 4059 1872 4122 φιλτά-

216 4175 338 4212 των.
384 4153 736 4212 ἰνδάλλεταί
793 4174 876 4216 τις
919 4151 1102 4228 ἀγάπη
1158 4153 1246 4206 καὶ
1299 4151 1350 4207 ἐν
1405 4157 1619 4230 φυτοῖς,
1673 4149 1763 4206 καί
1794 4147 1876 4205 οἷ’-

215 4243 359 4301 δασιν
395 4245 536 4301 αὐτὸ
571 4245 629 4300 οἱ
657 4245 722 4298 τὸ
775 4241 826 4297 ἰν
885 4241 1079 4320 φοίνιξι
1135 4247 1253 4303 τοῖς
1309 4247 1496 4318 φυτοῖς
1551 4242 1878 4316 καθιστορή-

229 4357 435 4404 σαντες,
494 4336 578 4397 ὡς
637 4331 810 4394 οὕτως
871 4331 1062 4399 εἰπεῖν,
1124 4330 1478 4408 ἀρρενόθηλυ.
1541 4331 1880 4407 Ἐνεωρεῖται

211 4425 396 4500 καῖτῇ
427 4426 558 4480 κατ’
624 4423 909 4498 ἄνθρωπον
963 4420 1158 4476 πλάσει
1217 4421 1398 4496 χυμὸς
1455 4419 1639 4499 φίλιος
1688 4421 1715 4474 ὁ
1746 4422 1881 4475 κατά

214 4517 365 4585 αἷμα,
401 4513 584 4589 οὗπερ
640 4509 1029 4586 ἀναδιδομένου
1079 4510 1407 4587 φοινίσσεται
1458 4515 1577 4572 τοῖς
1625 4508 1882 4584 αἰδουμέ-

1976 3348 2245 3419 scientia,
2270 3347 2664 3417 matrimonia,
2692 3350 3063 3420 commercia,
3087 3357 3300 3425 cretus,
3331 3372 3458 3427 qua:
3484 3362 3625 3414 sunt

1975 3435 2120 3493 alias
2142 3436 2306 3493 utilis
2327 3436 2664 3511 quibusque
2693 3441 2991 3496 veneratio
3024 3441 3219 3499 divina
3243 3449 3477 3516 praeest.

2047 3704 2100 3758 9.
2134 3703 2366 3759 Naturae
2415 3703 2636 3760 donum
2675 3707 2764 3760 est
2798 3704 3054 3776 claritas,
3101 3713 3158 3764 et
3213 3709 3275 3765 in
3326 3726 3394 3767 ea
3437 3713 3632 3786 prima

1980 3797 2113 3866 post
2142 3793 2326 3849 Deum
2357 3793 2738 3864 conspicitur,
2772 3810 2877 3867 per
2906 3811 3084 3867 quam
3109 3814 3310 3855 recens
3343 3806 3480 3857 nata
3511 3820 3628 3861 non

1982 3882 2173 3938 solum
2198 3883 2256 3936 in
2279 3881 2644 3952 hominibus,
2667 3883 2767 3938 sed
2801 3884 2976 3939 etiam
3011 3884 3070 3941 in
3097 3888 3322 3945 caeteris
3361 3891 3634 3948 animali-

1983 3973 2116 4042 bus,
2139 3987 2336 4027 amore
2365 3988 2430 4026 ac
2457 3970 2850 4029 sollicitudine
2880 3973 3343 4051 circumdantur,
3377 3983 3446 4036 ut
3478 3997 3639 4039 mors

1985 4062 2180 4134 potius
2193 4060 3112 4135 eligereturaparentibus,quam
3127 4065 3487 4124 charissima:
3500 4087 3641 4143 pro-

1987 4151 2058 4206 lis
2100 4151 2345 4206 orbatio.
2379 4151 2632 4222 Apparet
2659 4151 2833 4208 etiam
2850 4153 2906 4208 in
2929 4153 3150 4226 plantis
3167 4157 3434 4228 quasdam
3450 4159 3644 4218 chari-

1987 4245 2099 4306 tas,
2127 4245 2183 4294 et
2215 4239 2318 4295 hoc
2349 4244 2636 4295 noverunt
2676 4241 2776 4312 qui
2807 4241 2863 4296 in
2911 4242 3148 4315 palmis,
3208 4251 3272 4301 ut
3303 4247 3384 4302 ita
3425 4248 3640 4318 dicam,

1991 4335 2308 4402 utrumque
2324 4345 2525 4384 sexum
2545 4331 3179 4402 agnoverunt.Videtur
3190 4340 3247 4390 et
3260 4335 3317 4390 in
3330 4335 3640 4394 hominum

1991 4418 2336 4476 formatione
2368 4418 2695 4476 dilectionis
2726 4420 2940 4478 humor
2991 4423 3063 4478 ad
3119 4425 3466 4496 sanguinem
3520 4443 3642 4499 per-

1992 4510 2213 4575 tinens,
2239 4525 2354 4580 quo
2388 4507 2632 4564 saliente
2689 4509 3056 4580 pudibundis
3103 4513 3161 4566 in
3203 4513 3470 4570 decorem
3520 4515 3646 4571 vul-

211 4624 320 4666 νοις
377 4603 445 4658 τὸ
510 4600 817 4676 πρόσωπον
903 4601 976 4662 εἷς
1041 4599 1361 4676 ὡραϊσμόν.
1423 4601 1646 4663 Πάντως
1708 4598 1766 4654 δὲ
1822 4600 1869 4654 τὶ

1994 4601 2091 4654 tus
2122 4599 2399 4653 rubescit.
2448 4597 2698 4653 Omnino
2741 4615 2877 4654 vero
2927 4599 3160 4660 dilectio
3211 4601 3346 4658 talis
3393 4603 3651 4660 adhaeret

212 4697 462 4748 τοιοῦτον
502 4689 700 4768 φίλιον
761 4688 1053 4765 σύστοιχον
1115 4688 1290 4764 ἀγάπῃ
1341 4687 1474 4758 ἐστὶ,
1504 4687 1638 4743 καθά
1671 4709 1883 4742 συστοι-

216 4783 374 4856 χοῦσι
451 4780 552 4836 καὶ
635 4781 670 4848 ἡ
748 4778 925 4856 ἀγάπη
991 4778 1080 4834 καὶ
1137 4779 1203 4832 τά
1269 4777 1480 4841 φίλικά’
1541 4778 1629 4832 καὶ
1683 4777 1773 4832 ὅτε
1829 4775 1886 4832 δὲ

215 4869 291 4940 τῷ
323 4870 520 4943 ὁμοίῳ
549 4868 768 4944 χαίρειν
821 4867 994 4946 φαμὲν
1048 4867 1109 4922 τὸ
1159 4865 1351 4940 ὅμοιον
1411 4865 1559 4942 λόγῳ
1587 4865 1885 4938 καθολικῷ,

217 4959 440 5033 ἀγάπην
479 4959 648 5032 οἴμαι
677 4958 944 5021 κάνταῦθά
961 4957 1081 5011 τινά
1100 4976 1221 5010 τινα
1252 4953 1658 5028 ὑπολαλοῦμεν.
1683 4957 1751 5011 Ἥ
1784 4954 1887 5030 γὰρ

217 5049 319 5103 οὐκ
379 5047 682 5125 ἀγαπητὸν
738 5049 774 5116 ἡ
838 5047 1034 5121 χαράς
1085 5045 1184 5102 Καὶ
1245 5045 1273 5099 ὁ
1329 5041 1604 5120 παραδοὺς
1665 5041 1721 5099 δὲ
1777 5045 1840 5099 τό
1873 5062 1886 5076 ⁶

219 5156 242 5188 ι
275 5139 466 5192 Πάντα
497 5139 608 5191 τοῦ
656 5135 789 5190 εἶναι
847 5133 1108 5214 ἐφίεσθαι,
1143 5157 1171 5186 ››
1205 5133 1417 5211 ἀγάπην
1477 5135 1597 5188 τινὰ
1651 5130 1886 5210 παρελά-

209 5224 349 5296 λησε
377 5224 480 5281 διὰ
513 5232 626 5294 τῆς
656 5223 904 5302 ἐφέσεως.

282 5316 336 5373 ι’.
373 5315 482 5379 Τίς
552 5312 647 5368 οὖν
730 5313 873 5369 οὕτω
933 5311 1216 5390 Θηριώδης
1255 5359 1270 5386 ,
1331 5314 1404 5375 ὡς
1476 5313 1538 5367 τὸ
1601 5311 1890 5386 πάγκοινον

1995 4686 2294 4754 charitati,
2322 4691 2612 4758 quatenus
2645 4687 3086 4760 conjunguntur
3132 4690 3390 4748 charitas
3428 4696 3485 4748 et
3507 4692 3650 4749 deli-

1995 4777 2130 4845 ciae;
2159 4783 2213 4831 et
2269 4791 2426 4843 cum,
2475 4775 2743 4831 universe
2784 4776 3096 4848 loquendo,
3155 4778 3407 4838 dicimus
3454 4781 3649 4839 simile

1998 4863 2179 4921 simili
2211 4864 2480 4937 gaudere,
2515 4863 2608 4919 hic
2652 4880 2884 4936 quoque
2933 4865 3301 4939 charitatem,
3342 4873 3507 4941 puto,
3559 4871 3650 4927 in-

1997 4954 2314 5012 tendimus.
2336 4952 2636 5026 Numquid
2655 4955 2810 5010 enim
2843 4955 2914 5010 ad
2947 4954 3315 5013 dilectionem
3341 4975 3456 5015 non
3513 4978 3649 5032 per-

1999 5044 2147 5101 tinet
2177 5042 2507 5115 gaudium?
2558 5043 2625 5098 Et
2683 5044 2782 5116 qui
2833 5044 3078 5100 tradidit
3143 5045 3327 5104 illud:
3383 5049 3650 5107 «Omnia

2001 5151 2130 5192 esse
2164 5131 2325 5202 velle,
2354 5157 2374 5183 -
2403 5133 2749 5190 charitatem
2774 5133 3076 5207 quandum
3130 5151 3232 5208 per
3289 5138 3649 5196 desiderium

2002 5224 2266 5282 elocutus
2297 5227 2406 5279 est.

2079 5314 2162 5368 10.
2200 5313 2337 5378 Quis
2368 5311 2547 5384 igitur
2576 5312 2718 5368 adeo
2739 5315 2825 5368 est
2857 5311 3034 5382 ferus,
3060 5317 3123 5368 ut
3178 5313 3288 5370 hoc
3345 5331 3655 5374 commune

201 5409 374 5460 τοῦτο
407 5402 603 5459 καλὸν
661 5404 854 5460 ἑαυτοῦ
903 5405 1152 5479 ἁπάγειν,
1213 5403 1301 5458 καὶ
1357 5402 1555 5468 ἐθέλειν
1624 5401 1891 5476 μονάζειν,

208 5492 286 5556 εἷς
340 5493 608 5569 ἔλεγχον
650 5499 748 5550 τοῦ
809 5496 948 5568 μήτε
996 5490 1282 5556 πολιτικὸς
1331 5494 1419 5548 καὶ
1469 5493 1784 5555 κοινωνικὸς
1826 5493 1895 5548 εἴ·

2004 5405 2226 5460 bonum
2264 5419 2296 5457 a
2327 5418 2388 5457 se
2419 5401 2684 5472 projiciat
2713 5405 2770 5456 et
2799 5400 2962 5457 solus
2993 5418 3122 5458 esse
3153 5402 3306 5472 velit,
3355 5405 3428 5460 ad
3458 5410 3654 5462 osten-

2009 5493 2266 5550 dendum
2300 5509 2361 5548 se
2391 5507 2505 5547 non
2537 5490 2768 5546 civilem
2794 5507 2898 5547 nec
2955 5490 3233 5550 socialem
3280 5509 3410 5551 esse
3467 5511 3658 5570 neque

285 5708 311 5746 ⁸
341 5708 516 5766 Joan
551 5723 666 5782 xxv,
698 5710 788 5768 45.
863 5708 1056 5769 ‘ibid.
1086 5711 1178 5767 21.
1255 5707 1277 5743 ⁸
1305 5706 1448 5766 ibid.
1469 5708 1561 5767 28.
