4114 6200
438 347 557 408 591

1216 347 1639 408 EUSTATHII
1685 342 2463 407 THESSALONICENSIS
2508 343 3098 406 METROPOLITIE

3743 352 3844 413 593

439 496 568 538 esse
594 478 939 536 hominem?
969 477 1372 546 Civilitatisest
1401 495 1599 536 amare
1642 478 1726 535 sic
1758 495 1868 550 que
1927 478 2090 535 reda-

2215 495 2322 545 ναι,
2377 475 2467 530 καὶ
2525 472 2650 531 οὐδὲ
2703 474 3033 550 ἅνθρωπος;
3091 475 3464 551 Ἡμερὸτητος
3542 475 3602 534 δὲ
3657 479 3720 535 τὸ
3773 483 3846 538 καὶ

439 569 629 627 mari:
664 568 819 624 unde
851 569 1256 634 manifestum,
1289 567 1442 640 quod
1481 567 1579 639 qui
1614 585 1729 624 non
1763 572 1945 636 amat,
1978 584 2092 623 non

440 657 630 716 civilis
650 661 757 714 est.
785 657 844 713 Si
879 675 992 712 non
1021 661 1214 712 autem
1238 657 1368 728 hoc,
1410 659 1696 728 quomodo
1727 662 1880 714 esset
1919 657 2092 713 homo

439 749 691 822 proprie,
726 751 782 802 et
807 765 920 802 non
954 750 1184 802 tantum
1216 747 1541 802 secundum
1567 748 1837 813 formam,
1893 763 2089 818 quam,

442 854 512 894 ex
541 836 681 892 anili
711 835 941 904 fabella,
968 834 1146 906 jocosi
1172 835 1328 891 simii
1363 840 1574 891 natura
1596 835 1840 908 cupiens
1865 835 2090 890 obtine-

441 943 524 998 re,
558 927 786 997 incepto
817 923 1063 980 cecidit?
1087 924 1321 996 Aliquid
1373 924 1584 980 sociale
1623 925 1840 981 habent
1887 942 2090 980 aman-

440 1019 567 1082 tes;
603 1014 701 1086 qui
734 1029 865 1069 vero
902 1011 1036 1069 talis
1059 1030 1175 1068 non
1225 1019 1336 1081 est,
1383 1015 1430 1069 is
1489 1015 1636 1070 bene
1694 1014 1895 1086 utique
1955 1012 2089 1070 dici-

437 1104 789 1176 turquidem
818 1102 1160 1175 solivagus:
1209 1119 1323 1157 non
1386 1107 1580 1159 autem
1636 1103 1788 1158 male
1835 1103 2090 1174 jocando

438 1195 799 1250 asseroretur
820 1192 974 1264 quod
999 1191 1300 1247 solitarius
1330 1195 1419 1247 est
1450 1193 1718 1265 agrestis.
1752 1191 2093 1248 Cicuranlur

435 1286 494 1337 et
545 1285 864 1352 serpentes,
920 1285 976 1337 et
1032 1280 1203 1336 multi
1255 1280 1401 1336 tales
1436 1281 1495 1336 in
1554 1280 1783 1337 biblicis
1832 1279 2091 1336 historiis

429 1374 786 1428 occurrunt:
840 1387 957 1425 non
1008 1370 1179 1442 pauci
1258 1374 1455 1426 autem
1535 1371 1842 1442 hucusque
1917 1387 2086 1426 man-

429 1459 676 1516 suefacti
709 1463 1050 1515 cernuntur.
1078 1459 1218 1525 Quis
1250 1460 1394 1515 adeo
1425 1459 1790 1516 inhumanus
1820 1458 1996 1516 fuerit
2029 1464 2091 1517 ut

425 1548 564 1606 velit
592 1563 720 1606 esse
744 1547 1113 1620 serpentibus
1149 1548 1294 1618 ipsis
1321 1550 1485 1620 pejor
1510 1549 1538 1604 ?

509 1746 596 1800 11.
655 1742 891 1800 Zelatur
931 1742 1189 1799 oharitas
1247 1748 1303 1800 et
1348 1744 1419 1799 ab
1469 1744 1616 1816 ipsis
1666 1745 1985 1814 sceleratis,
2027 1746 2087 1802 in

2204 564 2410 640 ἀγαπᾷν
2445 611 2461 638 ,
2530 565 2621 620 καὶ
2705 563 2877 627 οὕτως
2975 564 3369 641 ἀνταγαπᾶσθαι
3397 584 3409 597 ·
3500 568 3621 632 ὅθεν
3709 591 3848 648 φανε.

2203 652 2320 728 ρὸν,
2355 654 2481 715 ὡςὸ
2517 655 2593 727 μή
2646 652 2865 729 ἀγαπῶν
2922 650 3047 708 οὐδὲ
3089 653 3298 730 ἥμερός
3356 653 3520 713 ἐστιν.
3554 656 3619 714 Εἰ
3675 655 3734 714 δὲ
3785 662 3846 733 μὴ

2199 739 2381 814 τοῦτο,
2413 747 2530 805 πῶς
2579 740 2638 796 ἃν
2697 741 2781 812 εἷή
2842 743 3129 818 ἄνθρωπος
3187 744 3215 798 6
3269 744 3491 819 κυρίως,
3526 746 3608 800 ὅτι
3645 749 3721 820 μὴ
3762 751 3847 821 μό-

2200 851 2290 886 νον
2325 832 2460 886 κατά
2491 852 2554 906 γε
2585 837 2800 907 σχῆμα,
2843 831 3008 906 οὗπερ
3057 837 3244 908 τυχεῖν
3293 831 3569 888 κατὰ-τὸν
3630 834 3845 910 γραώδῃ

2205 924 2372 992 μῦθον
2437 919 2526 974 καὶ
2579 923 2614 990 ἡ
2674 923 2769 974 τοῦ
2820 917 3042 995 γελοίου
3073 923 3313 991 πιθήκου
3344 921 3648 994 ἐθελήσασα
3678 925 3845 1002 φύσις,

2201 1004 2527 1082 ὲξήμϐλωσε
2570 1009 2668 1077 τήν
2717 1008 3073 1084 ἐγχείρησινς
3126 1010 3596 1086 Συναγελαστικόν
3655 1035 3706 1068 τι
3767 1019 3848 1070 καὶ

2201 1097 2253 1151 οἱ
2301 1097 2634 1173 ἀγαπῶντες.
2665 1099 2723 1154 Ὁ
2783 1095 2840 1152 δὲ
2901 1099 2975 1170 μὴ
3006 1102 3254 1162 τοιοῦτος
3289 1099 3507 1176 λέγεται
3559 1104 3654 1176 μὲν
3716 1107 3851 1180 παρᾶ

2197 1190 2314 1250 τοῖς
2345 1187 2520 1262 ὀρθῶς
2575 1187 3027 1260 ὀνοματοθετοῦσι
3084 1189 3297 1261 μονίας·
3331 1188 3432 1244 οὐκ
3486 1188 3546 1245 ἂν
3606 1190 3665 1247 δὲ
3712 1195 3851 1249 σκώ-

2197 1295 2390 1332 πτοιτο
2451 1275 2656 1353 ἀφυῶς,
2717 1274 2800 1330 ὅτι
2855 1277 3040 1348 μονιός
3083 1275 3238 1356 ,ἐστιν
3289 1275 3496 1353 ἄγριος.
3555 1282 3854 1358 Ἠμεροῦν-

2195 1387 2283 1420 ται
2343 1364 2432 1419 καὶ
2485 1363 2660 1442 ὄφεις,
2713 1363 2804 1419 καὶ
2843 1364 3162 1444 ἐμφωλοῦσι
3222 1365 3427 1423 πολλοὶ
3466 1373 3709 1426 τοιοῦτοι
3740 1379 3855 1438 ταῖς

2203 1451 2516 1532 βιϐλιακαῖς
2577 1456 2864 1530 ἱστορίαις·
2909 1455 3008 1512 οὐκ
3055 1456 3233 1533 ὀλίγοι
3285 1457 3343 1513 δὲ
3382 1459 3472 1514 καὶ
3535 1462 3704 1538 μέχρι
3768 1468 3854 1518 νῦν

2198 1543 2625 1622 ἐξημερούμενοι
2662 1544 2974 1620 βλέπονται.
3004 1546 3099 1608 Τίς
3129 1546 3188 1601 ἂν
3223 1546 3398 1610 οὕτως
3443 1545 3528 1620 εἷή
3589 1550 3856 1629 ἐξάνορω.

2197 1654 2322 1704 πος,
2354 1635 2428 1695 ὡς
2458 1634 2668 1710 ἀγαπᾷν
2721 1634 2852 1690 εἶναι
2909 1634 3000 1690 καὶ
3057 1633 3231 1692 αὐτῶν
3281 1632 3573 1715 ἀϐέλτερος
3631 1635 3857 1718 ὄφεων;

2272 1741 2358 1797 ια’.
2416 1739 2671 1810 Ζηλωτὸν
2730 1743 2765 1810 ἡ
2826 1741 3008 1816 ἀγάπη
3082 1742 3172 1796 καὶ
3245 1742 3436 1807 αὐτοῖς
3516 1743 3858 1822 ἀλιτηρίοις,

437 1833 654 1908 quibus
672 1847 938 1905 perverse
969 1836 1167 1905 agunt.
1190 1838 1408 1888 Amant
1430 1832 1611 1905 igitur
1669 1833 1774 1903 illi,
1823 1835 2088 1891 lubricus

2202 1827 2392 1903 ἐφὀἴς
2448 1833 2857 1905 κακουργοῦσιν·
2920 1831 3169 1905 ἀγαπῶσι
3224 1837 3351 1906 γοῦν
3410 1832 3612 1890 ἐκεῖνοι
3670 1838 3700 1891 6
3762 1839 3859 1910 μὲν

437 1921 677 1996 quidem
706 1921 1030 1989 lasciviam,
1077 1922 1290 1977 caedem
1339 1925 1539 1977 autem
1591 1921 1688 1978 ille
1747 1923 1848 1995 qui
1906 1923 2088 1979 semel

435 2013 611 2068 homo
641 2009 952 2084 sanguinis
974 2026 1102 2066 esse
1132 2008 1314 2065 voluit
1338 2028 1352 2078 ;
1388 2011 1611 2066 furtum
1641 2028 1797 2080 vero,
1829 2012 1930 2084 qui
1982 2012 2090 2068 cir-

433 2099 736 2157 oafurtum
777 2103 1044 2155 versatus
1102 2102 1224 2167 est;
1285 2104 1343 2154 et
1400 2099 1499 2154 alii
1558 2098 1673 2155 alia
1723 2117 1920 2172 prava,
1967 2117 2090 2156 sex-

429 2189 876 2246 centisexcenta
905 2187 1066 2244 talia.
1108 2186 1249 2243 Dico
1308 2192 1504 2244 autem
1564 2188 1659 2244 hic
1715 2189 2090 2247 dilectionem

430 2295 548 2336 non
579 2276 960 2350 peculiarem,
994 2293 1108 2332 non
1132 2281 1246 2332 Deo
1278 2278 1552 2347 amicam,
1584 2295 1700 2334 non
1749 2279 2086 2350 perfectam,

434 2367 539 2424 sed
569 2382 904 2440 perversam
942 2369 999 2420 et
1025 2364 1226 2420 virtuti
1257 2365 1632 2423 contrariam.
1669 2367 1892 2439 Duplex
1933 2370 2091 2424 enim

433 2456 590 2512 sicut
619 2454 901 2525 charitas,
934 2455 1016 2510 ita
1072 2454 1325 2510 dilectio.
1389 2454 1552 2510 Unus
1612 2456 1849 2527 quidem
1897 2455 2091 2527 diligit

425 2544 600 2617 juxta
634 2543 825 2617 legem
871 2560 1050 2616 quam
1110 2544 1261 2600 Deus
1316 2543 1477 2599 dedit
1531 2548 1589 2599 et
1634 2543 1743 2598 hoc
1796 2560 1928 2599 cum
1977 2546 2088 2600 Deo

437 2651 545 2691 nos
576 2634 897 2701 docemus;
929 2632 1082 2690 alius
1116 2637 1312 2688 autem
1354 2632 1566 2704 diligit,
1628 2631 1782 2687 sicut
1829 2634 2091 2704 suggerit

440 2722 834 2793 adversarius,
857 2722 1191 2794 oppositam
1248 2721 1364 2777 Deo
1414 2720 1603 2792 legem
1656 2725 1942 2776 statuens.
1993 2721 2090 2776 Sic

439 2811 618 2867 etiam
652 2813 856 2882 praeter
901 2810 1058 2866 dicta
1098 2809 1310 2882 diligit,
1368 2809 1470 2880 qui
1527 2809 1877 2881 simpliciter
1934 2809 2090 2865 hunc

441 2915 686 2956 sensum
710 2899 1052 2971 corrumpit.
1113 2899 1231 2956 Hoc
1292 2902 1489 2954 autem
1546 2914 1662 2954 non
1717 2901 1805 2954 est
1859 2898 2090 2971 proprie

438 2988 702 3045 charitas
737 3006 749 3044 :
780 3005 892 3043 non
926 2989 1080 3044 enim
1116 2987 1660 3059 reprehenderetur.
1687 2987 1888 3059 Diligit
1913 2989 2089 3044 etiam

431 3078 629 3151 legum
652 3082 1055 3150 transgressor
1113 3076 1460 3148 hujusmodi
1517 3076 2086 3148 transgressionem:

435 3168 537 3225 sed
577 3184 691 3223 non
725 3167 957 3238 proprie
987 3166 1282 3222 diceretur
1309 3165 1526 3221 habere
1555 3164 1937 3222 charitatem:
1989 3182 2086 3238 ge-

434 3220 1227 3313 sti'cu—latmali‘tiadeformis
1276 3258 1410 3309 ante
1460 3220 2085 3322 formosum,nomi’ne
2118 3220 2160 3288 Ο

431 3344 751 3403 venerabili
776 3361 947 3400 suam
980 3343 1427 3398 circumducens
1457 3341 1828 3414 pravitatem,
1881 3348 1939 3399 et
1980 3344 2089 3400 hoc

437 3435 678 3492 nomine
709 3432 1114 3489 contradicens
1145 3431 1284 3499 Deo,
1313 3431 1435 3504 qui,
1459 3431 1630 3502 juxta
1658 3448 1938 3504 magnum
1958 3433 2088 3493 ,Da-

438 3523 557 3591 vid,
586 3521 781 3594 diligit
811 3520 1375 3592 quidemjustitiam,
1408 3521 1530 3575 odit
1550 3527 1746 3577 autem
1806 3522 2091 3594 iniquita-

441 3617 584 3681 tem,
616 3617 769 3668 certe
797 3628 912 3666 non
943 3609 1153 3682 diligit.
1185 3613 1460 3665 Attamen
1521 3610 1635 3666 ista
1690 3610 2094 3666 demonstrant

445 3701 791 3757 charitatem
822 3716 945 3755 rem
975 3715 1104 3755 esse
1136 3715 1376 3770 prorsus
1423 3698 1757 3768 amabilem,
1800 3698 2092 3771 siquidem

447 3790 728 3863 perversi,
761 3805 864 3845 suo
886 3787 1122 3844 nomine
1151 3786 1501 3858 pudibundi,
1526 3787 1634 3842 sub
1656 3786 1957 3843 charitatis
1991 3805 2094 3843 no-

449 3880 608 3936 mine
634 3893 696 3935 se
728 3878 1005 3946 condant,
1037 3881 1094 3931 et
1113 3877 1185 3930 ad
1218 3891 1281 3931 se
1319 3892 1471 3946 eam,
1519 3873 1657 3931 licet
1702 3893 1817 3932 non
1867 3876 2096 3949 possint

445 3967 738 4024 attrahere
763 3969 1068 4022 conentur.
1102 3963 1253 4019 Felis
1281 3964 1475 4035 imago
1517 3970 1606 4020 est
1647 3980 1848 4022 eorum
1905 3983 2094 4021 unus-

445 4058 698 4128 quisque
729 4058 1018 4111 erocotam
1051 4051 1165 4108 sibi
1195 4069 1311 4108 non
1371 4053 1813 4110 convenientem
1870 4054 2090 4122 ferens;

441 4146 799 4216 autjocosus
821 4141 1049 4210 simius,
1079 4141 1328 4198 illustris
1364 4159 1490 4198 esse
1540 4142 1760 4215 volens,
1812 4161 1948 4201 cum
1997 4149 2092 4199 tu-

437 4233 568 4289 nica
598 4231 842 4288 ﬂoribus
862 4232 1023 4288 varia
1043 4231 1480 4299 circumdatur;
1523 4233 1700 4301 unde,
1758 4237 1901 4305 puto
1957 4247 2092 4304 pro-

432 4321 766 4380 verbialiter
785 4319 1151 4392 blandiloqui
1209 4337 1343 4377 eum
1391 4320 1758 4394 «pulchrum
1790 4343 1820 4372 »
1877 4338 2090 4392 cogno-

434 4412 685 4468 minant.

503 4519 589 4574 12.
626 4517 833 4574 Adhuc
864 4516 1058 4573 divine
1088 4515 1327 4588 quidem
1388 4515 1715 4588 diligimus,
1769 4516 2088 4572 salubriter

2197 1919 2505 1994 καταφερὴς
2534 1918 2634 1986 τὴν
2668 1917 2942 1993 λαγνείαν,
2974 1919 3138 1996 φόνον
3188 1917 3249 1975 δὲ
3297 1923 3326 1976 ὁ
3385 1923 3629 1996 καθάπαξ
3682 1924 3859 2003 φιλή-

2198 2028 2294 2068 σας
2343 2007 2477 2082 ἀνήρ
2520 2008 2767 2079 αἱμάτων
2817 2008 2973 2062 εἶναι·
3002 2008 3093 2064 καὶ
3147 2010 3248 2079 τήν
3280 2008 3581 2084 κλεπτικήν
3642 2016 3672 2068 6
3733 2016 3863 2090 περὶ

2198 2094 2363 2164 αὐτὴν
2398 2093 2590 2158 δεινός·
2635 2095 2726 2150 καὶ
2779 2095 2942 2152 ἄλλοι
3003 2095 3149 2152 ἄλλα
3205 2098 3406 2176 φαῦλα,
3461 2101 3648 2177 μυρίοι
3702 2104 3864 2160 αὐτοὶ

2203 2185 2371 2260 μυρία
2423 2182 2522 2238 ὅσα
2579 2183 2775 2240 ἐκεῖνα.
2809 2183 2965 2261 Λέγω
3023 2182 3081 2240 δὲ
3137 2187 3344 2262 ἀγαπᾷν
3403 2187 3632 2255 ἐνταῦθα
3689 2193 3756 2247 οὐ
3799 2195 3866 2249 τὸ

2199 2272 2412 2347 κύριον,
2472 2272 2535 2327 οὗ
2581 2273 2644 2328 τὸ
2705 2272 2862 2351 φίλον
2921 2279 3060 2346 Θεῷ,
3123 2275 3186 2330 οὐ
3242 2277 3306 2331 τὸ
3362 2279 3499 2352 πρὸς
3559 2276 3864 2356 ἀκρίϐειαν,

2201 2359 2348 2417 ἀλλά
2414 2363 2476 2417 τὸ
2535 2360 2860 2441 διάστροφον
2905 2363 2996 2418 καὶ
3053 2363 3117 2418 τὸ
3175 2363 3411 2441 ἐναρὲτῳ
3477 2369 3865 2447 ἀντίστροφον.

2201 2449 2436 2506 Διπλοῦν
2519 2452 2646 2526 γὰρ,
2734 2451 2916 2526 ὥσπερ
2991 2453 3025 2522 ἠ
3106 2453 3314 2528 ἀγάπη,

2198 2541 2432 2615 ἀγαπᾷν.
2466 2541 2684 2614 Ἀγαπᾷ
2736 2561 2840 2608 τις,
2875 2541 2949 2603 ὡς
2996 2541 3024 2596 6
3075 2542 3204 2603 Θεὸς
3252 2538 3399 2599 ἔθετο
3452 2544 3645 2620 νόμον,
3678 2549 3710 2602 ’ὀ
3768 2553 3863 2603 νῦν

2197 2627 2288 2683 σὺν
2319 2632 2435 2700 Θεῷ
2491 2630 2657 2702 ἡμεῖς
2705 2625 3051 2703 διδάσκομεν·
3087 2628 3261 2694 ἄλλος
3309 2629 3368 2687 δέ
3413 2655 3498 2695 τις
3554 2634 3760 2709 ἀγαπᾷ,
3788 2639 3866 2702 ὡς

2199 2718 2228 2771 6
2285 2716 2657 2790 ἀντικείμενος
2719 2717 3052 2788 ὑποτίθεται,
3100 2718 3529 2793 ἀντινομοθετῶν
3587 2728 3668 2794 τῷ
3721 2731 3861 2797 Θεῷ.

2199 2804 2360 2862 Οὕτω
2420 2807 2557 2878 πρὸς
2628 2811 2743 2868 τοῖς
2804 2806 3115 2881 εἰρημένοις
3189 2809 3369 2884 ἀγαπᾷ
3424 2811 3514 2865 καὶ
3573 2812 3602 2865 ὀ
3661 2813 3862 2877 ἁπλῶς

2200 2891 2398 2950 ἀδικῶν
2457 2895 2555 2963 την
2607 2894 2865 2966 τοιαύτην
2927 2893 3183 2951 διάθεσιν.
3241 2903 3338 2954 Ἢν
3411 2896 3470 2954 δὲ
3542 2897 3669 2955 οὐδὲ
3730 2902 3862 2959 αὐτὸ

2197 2983 2399 3048 κυρίως
2459 2983 2662 3059 ἀγάπη·
2724 2983 2790 3038 οὐ
2843 2985 2945 3061 γὰρ
3004 2985 3062 3039 ἃν
3124 2986 3366 3061 ἐψὲγετο.
3427 2990 3640 3063 Ἀγαπᾷ
3687 2992 3782 3046 καὶ
3833 2995 3862 3047 6

2197 3071 2391 3145 νόμοις
2443 3067 2785 3145 ἰπεμϐαίνων
2843 3074 2942 3142 τὴν
3015 3074 3272 3146 τοιαύτην
3331 3072 3694 3151 παραϐασίαν.
3747 3081 3866 3138 Οὐκ

2200 3160 2258 3214 ἂν
2327 3158 2384 3216 δὶ
2460 3156 2546 3231 εἷή
2605 3159 3032 3235 κυριολεκτικῶς
3084 3163 3327 3240 ἀγαπῶν·
3380 3163 3527 3222 ἀλλά
3589 3172 3864 3246 μορφάζει

2197 3248 2260 3304 τὸ
2316 3249 2454 3305 κατά
2507 3249 2695 3305 κακίαν
2748 3248 2992 3326 εἰδεχθὲς
3055 3251 3133 3314 εἷς
3187 3252 3564 3326 εὐπρόσωπον,
3628 3257 3860 3332 ὀνόματι

2197 3343 2380 3412 σεμνῷ
2437 3337 2771 3414 περιπέττων
2829 3341 2930 3409 τὴν
2979 3342 3096 3396 κατ’
3153 3340 3316 3396 αὐτὸν
3375 3345 3717 3420 μοχθηρίαν,
3767 3349 3857 3402 καὶ

2195 3431 2276 3499 τῷ
2331 3431 2447 3500 Θεῷ
2493 3427 2900 3502 ἀντονομάζων,
2941 3429 3000 3493 ὃς
3059 3430 3209 3503 παρά
3261 3435 3343 3502 τῷ
3397 3431 3627 3508 μεγάλῳ
3687 3434 3854 3491 Δαυϊδ

2199 3515 2382 3591 ἀγαπᾷ
2441 3515 2537 3589 μὲν
2594 3516 2693 3585 τὴν
2748 3513 3116 3589 δικαιοσύνην,
3147 3519 3249 3588 τήν
3308 3517 3365 3575 δὲ
3419 3520 3648 3594 ἀνομίαν
3681 3530 3853 3597 μισεῖ,

2200 3604 2262 3660 οὐ
2311 3606 2418 3677 μὴν
2486 3606 2680 3681 ἀγαπᾷ.
2733 3607 2839 3661 Καὶ
2886 3606 3038 3680 ὅμως
3098 3605 3332 3679 δηλοῦσι
3387 3609 3478 3665 καὶ
3533 3615 3709 3667 ταῦτα
3751 3615 3854 3684 τήν

2200 3694 2411 3770 ἀγάπην
2453 3693 2586 3749 εἶναι
2634 3699 2864 3770 πρᾶγμα
2911 3696 3294 3775 παμφίλητον,
3326 3694 3441 3774 εἴγε
3492 3701 3581 3755 καὶ
3645 3703 3700 3756 οἳ
3759 3725 3855 3758 πο-

2199 3782 2360 3858 νηροὶ
2416 3783 2515 3852 τήν
2573 3785 2689 3839 κατ’
2747 3783 2944 3848 αὐτοὺς
3005 3784 3322 3860 αἰδούμενοι
3360 3785 3555 3858 κλῆσιν
3618 3789 3853 3867 ὑποτρέ-

2201 3889 2366 3946 χουσι
2417 3873 2516 3941 τὴν
2548 3872 2784 3947 ἀγάπην,
2815 3873 2906 3928 καὶ
2951 3875 3086 3950 πρὸς
3141 3875 3365 3938 ἑαυτοὺς
3410 3875 3697 3933 τάττουσιν
3759 3879 3851 3935 αὐ-

2199 3960 2326 4030 τὴν,
2358 3960 2404 4016 εί
2447 3959 2536 4016 καὶ
2571 3963 2646 4031 μὴ
2681 3959 2952 4022 δύνανται.
2984 3962 3135 4033 Γαλῆ
3187 3986 3274 4028 τις
3328 3962 3551 4030 ἕκαστος
3609 3967 3850 4040 ἐκείνων,

2200 4051 2477 4124 κροκωτὸν
2532 4055 2777 4128 φοροῦσα
2837 4053 2914 4126 μὴ
2957 4052 3267 4127 πρέποντα·
3305 4056 3340 4125 ἢ
3393 4055 3631 4127 πίθηκος
3685 4059 3714 4112 6
3764 4079 3848 4133 γε·

2202 4137 2376 4207 λοῖος,
2449 4137 2648 4195 ἐθέλων
2727 4141 2856 4196 εἶναι
2939 4137 3327 4218 περίϐλεπτος,
3383 4143 3473 4200 ὅτε
3537 4147 3610 4200 τά
3665 4145 3852 4211 ἃνθινα

2200 4221 2615 4303 περιϐέϐληται,
2665 4227 2754 4306 ἀφ’
2803 4230 2878 4285 ὧν
2937 4231 3090 4304 οἶμαι
3147 4232 3237 4288 καὶ
3302 4258 3325 4285 ι
3381 4231 3550 4291 καλὸν
3605 4259 3635 4288 ››
3692 4236 3852 4292 αὐτὸν

2199 4318 2701 4392 προσονομάζουσιν
2737 4319 2789 4374 οἱ
2819 4326 3202 4396 παροιμιακῶς
3227 4324 3722 4401 ὑποκοριζόμενοιρ

3406 2455 3550 2512 οὕτω
3624 2458 3717 2514 καὶ
3798 2461 3864 2515 τὸ

2273 4514 2363 4589 ιβ’.
2396 4519 2516 4569 "Eri.
2565 4513 2721 4579 θείως
2773 4517 2866 4588 μὲν
2912 4518 3205 4593 ἀγαπῶμεν
3254 4520 3305 4574 οὶ
3365 4525 3478 4576 σῶα
3527 4526 3856 4598 φρονοῦντες

428 4608 818 4680 recogitantes
865 4605 1310 4662 matrimonium
1369 4607 1525 4676 quod
1577 4604 1732 4660 Deus
1761 4605 1822 4660 in
1871 4606 2079 4677 primis

2202 4600 2278 4656 τὸν
2309 4603 2510 4677 γάμον,
2542 4603 2599 4658 ὃν
2652 4605 2680 4658 6
2732 4605 2859 4667 Θεὸς
2911 4591 2967 4659 ἐν
3013 4608 3255 4681 πρώτοις
3308 4591 3723 4686 ἔφηνενίάὖτὸς
3775 4613 3854 4666 ἱε-

425 4697 705 4767 instituit,
735 4697 863 4767 ipse
921 4695 1296 4751 sanctissime
1345 4693 1669 4764 conjunxit,
1721 4695 1847 4765 ipse
1907 4695 2080 4750 bene-

2202 4692 2432 4746 οώτατον
2486 4692 2688 4762 ζεύξας,
2752 4692 2913 4757 αὐτὸς
2963 4693 3302 4771 εὐλογήσας·
3356 4698 3444 4753 ὅτε
3510 4698 3602 4753 καὶ
3681 4699 3851 4776 παρὲ-

424 4787 606 4842 dixit:
635 4802 890 4856 cumque
904 4783 1228 4855 permansit
1250 4784 1394 4838 illud
1421 4783 1914 4854 protoplastorum
1946 4801 2080 4840 oon-

2202 4799 2369 4850 μεινεν
2411 4779 2613 4843 ἐκεῖνος
2661 4786 2730 4856 τῇ
2775 4783 3193 4857 πρωτοπλάστῷ
3250 4786 3477 4862 συζυγίᾳ
3537 4787 3706 4866 μάχρι
3759 4790 3851 4845 καὶ

413 4873 918 4947 junctioniusque
949 4873 1021 4928 ad
1056 4877 1324 4937 mortem,
1348 4876 1406 4926 et
1448 4888 1564 4926 non
1623 4871 1928 4944 illegitime
1983 4889 2078 4928 co-

2202 4867 2266 4932 εἷς
2292 4867 2541 4940 θάνατον,
2574 4872 2662 4925 καὶ
2699 4871 2796 4925 οὐκ
2839 4869 3067 4942 ἐδυάσθη
3103 4873 3355 4948 ἀθέσμως
3402 4877 3430 4930 6
3485 4875 3656 4938 καλὸς
3709 4878 3853 4934 ἐκεῖ·

418 4962 662 5036 pulatus
687 4968 777 5017 est
806 4961 904 5017 ille
935 4961 1179 5032 pulcher
1209 4959 1423 5026 dualis,
1456 4977 1526 5015 ex
1557 4977 1670 5032 quo
1693 4977 1879 5031 usque
1920 4979 2076 5018 nunc

2202 4977 2276 5018 νος
2327 4954 2682 5031 συνδυασμὸς,
2717 4959 2768 5030 ἐξ
2801 4960 2864 5014 οὗ
2900 4959 3064 5036 μέχρι
3118 4961 3210 5016 καί
3267 4967 3355 5019 νῦν
3401 4965 3461 5018 τὸ
3517 4967 3636 5020 κατ’
3689 4965 3854 5023 ἀδελο

418 5050 804 5108 fraternitatis
840 5050 1250 5122 prOpinquitas
1272 5055 1539 5104 servatur
1567 5050 1720 5104 inter
1768 5067 1874 5106 nos
1915 5056 1974 5106 et
2018 5053 2075 5106 in

2202 5046 2392 5121 ρότητα
2417 5050 2638 5121 γνήσιον
2691 5049 2780 5103 καὶ
2841 5050 3069 5119 σώζεται
3129 5049 3181 5106 ἐν
3235 5054 3396 5125 ἡμῖν,
3453 5053 3541 5108 καὶ
3603 5053 3849 5130 ἐντίμως

417 5143 637 5199 honore
666 5138 934 5195 habetur.
965 5139 1151 5195 Aliter
1171 5144 1365 5194 autem
1400 5137 1738 5208 diligunt,et
1763 5155 1877 5194 non
1902 5141 2074 5210 juxta

2202 5133 2627 5210 παρρησιάζεται.
2671 5137 2894 5200 Ἀλλως
2971 5136 3030 5193 δὲ
3106 5143 3377 5216 ἀγαπῶσι,
3429 5142 3519 5197 καὶ
3585 5143 3650 5199 οὗ
3709 5146 3849 5201 κατά

414 5230 532 5287 tale
551 5228 1016 5294 matrimonium,
1050 5229 1147 5299 qui
1185 5244 1300 5282 non
1334 5227 1653 5297 prudentes
1675 5227 1865 5282 aliena
1907 5228 2066 5282 clau-

2202 5228 2425 5278 τοιοῦτον
2491 5224 2690 5300 γάμον,
2738 5228 2786 5280 o‘
2859 5228 2959 5282 οὐκ
3015 5227 3278 5308 ἔμφρονες
3336 5232 3627 5309 φραγμοὺς
3686 5234 3843 5290 αὐτοὶ

414 5325 540 5377 stra
569 5319 1101 5388 transgrediuntur,
1133 5315 1250 5370 imo
1303 5321 1712 5386 perrumpunt,
1766 5316 1852 5371 vel
1902 5315 2070 5372 aliter

2202 5311 2505 5384 ιλλοτρίους
2563 5311 2996 5389 ὑπερϐαίνοντες,
3034 5320 3222 5390 μήπου
3254 5318 3310 5375 δὲ
3369 5321 3458 5375 καὶ
3515 5323 3838 5378 κατακλῶν-

412 5409 525 5466 sibi
556 5407 786 5464 ruinam
819 5405 1121 5462 ell‘odiunt.
1159 5403 1261 5458 Ille
1293 5404 1531 5474 quidem
1556 5411 1644 5456 est
1669 5420 1834 5459 amor
1885 5405 2065 5460 bene-

2207 5422 2278 5470 ες,
2310 5401 2346 5471 ἢ
2380 5401 2570 5467 ἄλλως
2605 5405 2950 5481 βοθρεύοντες
2999 5407 3212 5472 ἑαυτοῖς
3269 5405 3517 5486 ὄλεθρον.
3548 5412 3648 5468 Καὶ
3696 5410 3840 5468 ἔστιν

412 5498 626 5562 dictus,
659 5495 859 5550 etideo
883 5500 1144 5562 sanctus,
1176 5499 1234 5549 et
1283 5493 1420 5547 linis
1469 5493 1596 5562 ejus
1656 5494 1770 5548 Deo
1827 5493 2060 5565 charus,

2202 5496 2346 5546 κεῖνο
2399 5493 2494 5566 μὲν
2541 5495 2603 5549 τὸ
2651 5496 2860 5570 ἀγαπᾷν
2891 5495 3218 5570 εὐλογητὸν,
3249 5500 3340 5554 καὶ
3399 5499 3574 5562 οὕτως
3634 5505 3833 5578 ἡγιασ-

414 5583 879 5640 fructusvcntris
918 5584 1238 5654 jucundus,
1289 5598 1474 5653 genus
1523 5579 1812 5653 lucidum,
1845 5581 2058 5639 nobilis

2202 5579 2351 5650 ιὲνον,
2400 5582 2489 5635 καὶ
2533 5584 2595 5637 τὸ
2635 5583 2794 5646 τέλος
2842 5583 3007 5639 αὐτοῦ
3054 5587 3170 5658 Θεῷ
3220 5585 3401 5664 φίλον,
3454 5590 3666 5664 καρπὸς
3722 5613 3828 5666 γα-

412 5672 740 5746 progenies.
771 5672 1074 5728 Secundus
1103 5676 1323 5739 autem,
1352 5668 1452 5741 qui
1487 5686 1614 5725 non-
1635 5671 1905 5742 estjuxta
1935 5689 2052 5730 ma.

2202 5669 2326 5744 τρὸς
2376 5668 2536 5740 ἡδὺς,
2582 5673 2735 5748 γένος
2797 5674 3074 5751 φωτιινὸν,
3121 5675 3276 5751 γόνος
3333 5677 3820 5755 εὖπαῤῥησίαστος·
