4114 6200
303 416 399 476 593

1257 412 1335 471 ΙΝ
1381 414 1445 474 S.
1494 412 2181 485 QUADRAGESIMAM
2229 417 2521 478 ORATIO
2566 418 2642 478 ll.

3546 421 3662 483 594

298 545 351 600 τὸ
375 540 423 598 δὶ
446 538 691 615 δεύτερον,
720 541 783 596 τὸ
818 541 894 616 μὴ
924 541 1061 596 κατᾶ
1116 540 1318 616 γάμον,
1351 540 1397 597 εί
1455 540 1544 598 καὶ
1588 542 1663 606 εἷς
1718 539 1889 617 ὄνομα

2006 545 2373 618 trimonium,
2398 547 2536 605 licet
2574 548 2633 605 in
2696 548 2935 606 nomine
2998 548 3358 607 matrimonii
3411 549 3661 616 dicatur,

299 629 644 708 παραλαλεῖται
690 631 893 707 γάμου,
938 627 1067 685 ἀλλ’
1116 629 1208 685 οὗν
1257 630 1510 706 ἑτεροίως
1570 628 1899 703 διεκπίπτει,

298 721 404 785 τοὺς
425 719 597 785 νόθους
643 724 966 798 προφαῖνον,
998 717 1089 774 καὶ
1137 717 1267 782 τοὺς
1316 719 1592 792 σκοτίους,
1624 720 1715 776 καὶ
1769 721 1897 785 τοὺς

294 809 586 885 παρθενίους,
635 809 721 864 καὶ
779 808 910 872 τοὺς
968 802 1427 884 ὑποϐολιμαίους,
1485 810 1575 865 καὶ
1630 810 1729 866 ὅσα
1781 832 1897 866 τοι-

294 904 405 954 αὔτα
450 902 537 953 τοῦ
601 900 675 972 μή
744 897 991 973 νομίμου
1074 898 1255 975 γάμου
1323 897 1735 975 ἀποτελέσματα
1806 901 1898 956 καὶ

292 988 515 1062 ὀνόματα.
545 988 714 1052 Οὗτος
762 990 792 1045 6
832 990 1009 1066 γάμος
1039 989 1067 1045 6
1100 989 1266 1067 ἱερὸς.
1326 990 1355 1045 6
1420 991 1558 1046 κατὰ
1611 989 1835 1064 νόμους,
1868 992 1897 1047 6

288 1077 556 1149 πολιτικὸς,
583 1078 610 1133 6
639 1083 720 1151 τῷ
744 1082 863 1152 Θεῷ
895 1076 1079 1157 φίλος.

345 1168 420 1243 ιγ’.
456 1166 642 1243 Καιρὸς
678 1164 793 1239 ἤδη
846 1166 1024 1233 πολὺς
1073 1167 1227 1244 (ὑπὲρ
1275 1166 1554 1233 ἐνιαυτοὺς
1611 1169 1715 1246 γὰρ
1773 1168 1898 1226 τού-

283 1277 389 1321 τους
410 1256 459 1327 ’ἐξ
487 1251 658 1322 θλίϐει
720 1276 789 1331 με
814 1257 1332 1335 παρανομούμενος,
1363 1264 1442 1329 πῆ
1493 1258 1588 1333 μὲν
1638 1260 1739 1329 τήν
1779 1269 1901 1316 κατ’

282 1344 453 1422 ἀρχὴν,
481 1347 558 1416 πῆ
608 1343 667 1402 δὲ
721 1347 789 1402 τὰ
844 1348 959 1421 μετ’
990 1346 1150 1404 αὐτὸν
1203 1344 1296 1403 διὰ
1324 1348 1649 1425 ἀνθρώπων,
1680 1350 1733 1404 οἳ
1765 1350 1898 1425 ἀγα-

281 1438 455 1496 πῶντες
498 1435 560 1490 τὸ
612 1436 732 1491 κατ’
795 1432 1077 1514 ἄνθρωπον
1122 1436 1462 1513 ἐξωτερικὸν,
1524 1442 1745 1511 μῖσοῦσι
1794 1439 1895 1508 τήν

279 1523 454 1579 ὶαυτῶν
496 1525 705 1600 ψυχὴν,
747 1523 1124 1598 ἐξοκέλλοντες
1172 1524 1687 1600 ἁποτελεσματικῶς
1739 1528 1777 1597 ἢ
1824 1526 1899 1590 είς

276 1612 357 1680 τήν
386 1610 629 1687 ἀγελαίαν
658 1610 955 1691 ἀδιάφορον
1015 1612 1239 1687 μίξιν,ἢ
1295 1613 1372 1676 εἷς
1423 1615 1486 1669 τὸ
1545 1613 1894 1672 Πλατωνικὸν

276 1701 518 1776 παίγνιον,
540 1702 710 1777 οὗπερ
747 1700 1009 1777 βούλημα
1063 1703 1220 1759 κοινὰ
1275 1703 1410 1758 εἶναι
1462 1703 1530 1759 τὰ
1557 1707 1752 1777 πάντα,
1783 1702 1893 1777 ἤδη

277 1786 323 1845 δέ
347 1811 441 1845 που
491 1790 579 1846 καὶ
642 1790 719 1854 είς
774 1791 839 1848 τὸ
896 1791 1068 1848 πάλαι
1121 1792 1256 1849 ποτὶ
1314 1792 1600 1858 Σκυθικόν.
1660 1794 1894 1859 Σκύθαις

271 1880 376 1954 γὰρ,
405 1879 571 1959 φασὶν,
604 1878 763 1936 οὐδὲν
805 1880 1171 1957 ἐπεχωρίαζεν
1200 1878 1360 1938 ἴδιον.
1390 1881 1475 1937 ὅτι
1513 1883 1589 1957 μή
1623 1882 1775 1961 ξίφος
1804 1882 1894 1939 καὶ

271 1967 562 2047 ardeae)—
623 1969 724 2026 οὐκ
773 1963 915 2025 ἔστιν
974 1968 1066 2025 οὖν
1118 1971 1301 2048 ἡμέρα
1351 1969 1469 2045 μία,
1495 1972 1610 2026 καθ’
1655 1973 1723 2042 ἢν
1792 1972 1895 2028 οὐκ

269 2056 333 2119 εἷς
360 2057 447 2132 ὶμὲ
491 2056 784 2135 τρὶχουσιν
840 2058 1030 2134 ἄνδρες
1083 2081 1143 2115 τε
1192 2058 1283 2114 καὶ
1319 2064 1591 2136 γυναῖκες,
1623 2057 1889 2117 ἀποκλαι-

198 2172 201 2175 π
268 2143 429 2219 όμενοι
462 2148 806 2224 ζυγομαχίας
851 2147 1030 2205 αὐτῶν
1076 2148 1168 2204 καὶ
1216 2150 1651 2226 παροιστρησεις,
1685 2149 1887 2227 γάμου,

266 2236 365 2290 καθ’
391 2236 444 2291 ὃν
498 2236 705 2300 αὐτοὺς
751 2238 780 2293 ὁ
836 2239 966 2301 Θεὸς
1021 2238 1314 2310 συνέζευξε.
1374 2239 1647 2294 Διίσταται
1698 2260 1887 2316 γυναι-

264 2325 343 2387 κὸς
370 2326 518 2402 ἀνὴρ,
548 2328 645 2383 καὶ
676 2326 714 2397 ἢ
745 2328 916 2404 πόρνῃ
964 2324 1254 2398 κολλᾶται,
1285 2325 1321 2397 ἢ
1376 2324 1523 2384 ἀλλὰ
1577 2327 1887 2404 χρεμετίζει

262 2413 377 2470 κατὰ
426 2415 662 2490 ἐννόμου
718 2418 911 2489 κοίτης
959 2414 1273 2494 ἀλλοτρίας
1332 2416 1424 2473 καὶ
1472 2416 1577 2493 ἐγὼ
1637 2417 1887 2491 μανθάνω

260 2503 335 2559 καὶ
384 2502 534 2562 λαλῶ
567 2504 942 2584 μελαγχολῶν
971 2506 1041 2563 τὰ
1069 2504 1276 2580 πολλὰ,
1305 2508 1393 2563 καὶ
1442 2508 1471 2563 6
1513 2506 1715 2580 ἀπόζυξ
1761 2528 1885 2584 κερ-

256 2599 396 2668 τομεῖ
454 2595 541 2651 καὶ
612 2595 929 2666 καταπαίζει
1013 2600 1139 2670 μοῦ,
1199 2598 1680 2675 στνειραπτομένων
1738 2596 1887 2671 αὐτῷ

256 2689 341 2753 τῆς
392 2685 601 2758 μωκίας
650 2686 740 2742 καὶ
786 2690 895 2742 τῶν
939 2686 1475 2765 συμφατριαζόντων.
1507 2687 1611 2745 Καὶ
1667 2689 1696 2744 6
1749 2708 1885 2762 σεμ-

255 2772 331 2836 νὸς
374 2773 798 2847 Θεσσαλονίκης,
832 2776 861 2831 6
918 2773 1464 2851 πολυπροσκύνητος,
1523 2776 1748 2832 ἐνταῦθα
1791 2798 1882 2851 μι-

254 2866 371 2937 κροῦ
419 2863 507 2920 καὶ
553 2864 946 2935 καταπτύεται,
997 2864 1087 2920 καὶ
1161 2864 1378 2922 παίεται
1449 2865 1586 2921 κατᾶ
1653 2864 1878 2944 κόῤῥης.

253 2952 360 3022 Καὶ,
414 2952 509 3010 οὐκ
579 2953 768 3028 οἶμαι,
825 2959 1127 3026 τηνικαῦτα
1196 2954 1267 3029 (εἰ
1330 2956 1406 3030 μὴ
1464 2956 1494 3010 6
1546 2958 1645 3011 τοῦ
1700 2954 1881 3032 γάμου

253 3043 553 3115 θεσμοθέτης
616 3042 812 3119 Κύριος
865 3042 1081 3120 ὶγγελᾷ,
1137 3043 1265 3108 τοὺς
1343 3042 1625 3108 τοιούτους
1685 3038 1878 3118 ἐμϐρι-

251 3131 503 3206 μώμενος)
542 3132 707 3195 αὗθις
738 3131 992 3209 ἒτᾶρωθεν
1042 3132 1179 3209 ἀνὴρ
1240 3131 1583 3211 ἀναφαίνεται
1639 3128 1879 3189 καταϐο-

248 3217 433 3291 ώμενος
482 3228 585 3291 τῆς
646 3221 920 3297 γυναικὸς,
950 3221 1026 3285 ὡς
1081 3221 1455 3299 άποζυγείσης,
1498 3222 1587 3277 καὶ
1644 3222 1709 3277 οὐ
1779 3222 1875 3295 μό-

2009 638 2110 692 sed
2144 636 2256 694 alio
2289 637 2560 707 declinet,
2592 640 2868 712 praesagit
2906 639 3140 708 nothos,
3188 643 3245 696 et
3292 641 3659 707 tenebrosos,

2007 729 2064 781 et
2090 721 2403 799 virgineos,
2427 730 2484 783 et
2513 726 2897 800 adulterinos,
2930 733 2987 785 et
3017 746 3404 803 quascumque
3441 748 3559 787 non
3590 746 3659 787 ex

2005 813 2270 887 legitimo
2288 815 2663 873 matrimonio
2682 817 3029 890 proveniunt
3045 819 3654 893 origenesetnomina.

2008 902 2155 960 Illud
2187 908 2383 962 autem
2416 905 2860 963 matrimonium
2890 913 2980 964 est
3011 925 3266 978 sacrum,
3302 910 3458 982 quod
3484 910 3655 982 juxta

2006 991 2187 1067 leges,
2219 994 2376 1067 quod
2408 993 2594 1066 civile,
2627 997 2782 1069 quod
2813 1001 2927 1055 Deo
2958 1001 3190 1071 gratum
3223 1002 3329 1055 est.

2079 1172 2169 1229 13.
2215 1172 2463 1229 Multum
2505 1174 2633 1245 jam
2682 1177 2917 1246 tempus
2985 1179 3074 1232 est
3119 1174 3297 1246 (ultra
3344 1174 3501 1233 enim
3552 1191 3655 1233 sex

2001 1261 2123 1333 jam
2154 1278 2341 1318 annos
2371 1261 2617 1319 tribulat
2646 1278 2740 1319 me
2767 1264 2919 1335 quod
2962 1268 3126 1320 extra
3170 1263 3360 1338 legem
3409 1264 3498 1338 ﬁt,
3524 1268 3654 1323 tum

2008 1351 2199 1424 quoad
2230 1350 2610 1423 principium,
2639 1355 2767 1407 tum
2801 1353 2993 1426 quoad
3024 1369 3093 1410 ea
3144 1369 3273 1426 quae
3322 1359 3657 1427 sequuntur

2006 1439 2148 1495 illud
2181 1456 2282 1513 per
2310 1439 2600 1508 homines,
2634 1440 2735 1514 qui
2765 1440 3076 1515 diligentes
3123 1444 3181 1499 in
3230 1442 3470 1499 homine
3498 1442 3654 1514 quod

2005 1528 2283 1597 exterius,
2315 1545 2483 1586 suam
2521 1530 2770 1586 oderunt
2815 1531 3098 1599 animam,
3146 1530 3379 1587 funesta
3406 1530 3656 1587 inclina-

2004 1618 2165 1675 tione
2195 1618 2492 1676 deviantes
2523 1619 2643 1675 sive
2672 1619 2731 1674 in
2762 1619 3089 1693 gregariam
3128 1619 3655 1692 indistinctamque

1976 1732 1981 1737 ι
2006 1703 2708 1777 mistionem,sivejooum~
2729 1704 3115 1775 Platonicum,
3135 1707 3307 1779 cujus
3340 1706 3651 1764 consilium

2004 1797 2129 1849 erat
2154 1793 2351 1850 omnia
2379 1809 2508 1851 esse
2537 1795 2896 1863 communia,
2948 1796 3069 1852 sive
3117 1796 3295 1853 etiam
3337 1796 3648 1869 antiquum

2005 1881 2352 1955 Scytharum
2387 1900 2606 1940 morem
2640 1888 2973 1956 sequentes.
2997 1884 3225 1959 Scythis
3257 1885 3413 1942 enim
3444 1885 3650 1941 dicunt

2001 1969 2151 2025 nihil
2194 1988 2264 2027 ex
2316 1987 2477 2029 more
2523 1972 2706 2029 fuisse
2744 1972 3072 2047 proprium,
3123 1974 3239 2031 nisi
3280 1973 3555 2048 poculum
3589 1977 3647 2031 et

1961 2061 2245 2133 \ensem),
2277 2092 2347 2103 --
2377 2078 2495 2117 non
2532 2066 2622 2118 est
2651 2061 2828 2134 igitur
2857 2080 2975 2118 una
3004 2063 3150 2132 dies,
3182 2062 3242 2119 in
3276 2080 3392 2137 qua
3422 2079 3536 2119 non
3569 2063 3645 2118 ad

1999 2165 2094 2205 me
2121 2154 2362 2207 currant
2392 2150 2496 2205 viri
2530 2167 2596 2206 ac
2627 2149 2924 2219 mulieres,
2971 2167 3108 2208 suas
3155 2151 3441 2209 lamentes
3487 2151 3644 2206 rixas

1998 2242 2174 2310 atque
2204 2238 2357 2295 bella
2388 2239 2770 2308 matrimonii,
2816 2250 2983 2314 cujus
3031 2240 3262 2298 vinculo
3309 2241 3464 2297 Deus
3511 2239 3646 2296 illos

1997 2327 2671 2401 coqjugavitﬁeparatur
2699 2328 2788 2384 vir
2815 2330 2887 2386 ab
2918 2334 3183 2399 uxore,et
3210 2330 3296 2386 vel
3330 2328 3522 2403 pellici
3547 2329 3647 2386 ad-

1996 2415 2196 2485 hmret,
2228 2418 2315 2473 vel
2348 2418 2405 2473 in
2436 2417 2768 2491 legitimum
2798 2418 3049 2475 aliorum
3080 2417 3299 2476 lectum
3329 2418 3526 2474 hinnit
3552 2435 3566 2488 ;
3590 2418 3648 2473 et

1995 2522 2102 2579 ego
2132 2507 2307 2563 audio
2336 2506 2663 2580 loquorque
2692 2507 3042 2582 plerumque
3071 2507 3558 2577 melancholicus,
3588 2510 3646 2563 et

1994 2597 2206 2669 conjux
2223 2600 2531 2669 separatus
2562 2613 2655 2653 me
2705 2596 2859 2654 ludit
2882 2597 3189 2670 acirridet,
3227 2596 3646 2655 auxiliantibus

1994 2684 2080 2741 illi
2125 2687 2198 2742 ad
2248 2686 2618 2743 illudendum
2669 2686 3123 2743 contribulibus.
3178 2688 3246 2743 Et
3292 2684 3644 2743 venerabilis

1990 2774 2547 2848 Thessalonicaeﬁlle
2576 2775 2670 2831 cui
2700 2776 2987 2833 debentur
3014 2774 3404 2833 salutationes
3422 2774 3637 2845 multa,

1990 2863 2072 2919 ibi
2104 2864 2222 2921 fere
2251 2865 2598 2937 conspuitur
2633 2869 2691 2922 et
2745 2865 2808 2921 in
2866 2864 3102 2923 maxilla
3155 2864 3518 2939 percutitur!
3546 2865 3633 2934 Et,

1990 2969 2105 3010 non
2134 2957 2301 3025 puto,
2331 2958 2473 3012 tunc
2504 2954 2641 3028 (nisi
2686 2954 3046 3011 matrimonii
3093 2954 3394 3028 legislator
3438 2953 3636 3010 Domi-

1988 3058 2102 3098 nus
2134 3058 2239 3115 pro
2286 3040 2540 3102 ludibrio
2596 3043 2737 3100 talia
2793 3043 3076 3118 minatur)
3132 3060 3372 3101 rursum
3402 3060 3473 3101 ex
3517 3042 3635 3101 alia

1986 3135 2151 3203 parte
2199 3131 2288 3188 vir
2339 3137 2584 3206 apparet
2642 3133 3002 3191 clamoribus
3068 3133 3431 3207 insequendo
3490 3148 3634 3189 uxo-

1984 3236 2130 3287 rem,
2161 3221 2339 3278 veluti
2378 3226 2731 3294 separatam,
2785 3228 2842 3278 et
2889 3240 3006 3279 non
3052 3227 3282 3279 tantum
3318 3239 3633 3291 seorsum,

242 3290 322 3362 νον
371 3290 687 3384 καταμόνας
713 3305 815 3384 ἔξω
847 3309 1010 3366 αὐτοῦ
1040 3290 1337 3388 γενομένης
1385 3310 1460 3374 εἰς
1499 3310 1665 3367 τόπον
1693 3290 1875 3388 χλόης

2001 3310 2195 3384 procul
2225 3313 2296 3366 ab
2319 3290 2741 3377 illo,diversam
2763 3311 3039 3369 inlocum
3079 3329 3314 3384 pascuae
3334 3290 3638 3369 mortifera

241 3397 522 3473 θανασίμου
586 3400 711 3474 μὶν,
743 3398 919 3476 ἐκείνῃ
971 3396 1030 3455 δὲ
1077 3398 1353 3477 γλυκείας,
1379 3400 1469 3456 καὶ
1518 3400 1605 3456 ἐπὶ
1663 3398 1881 3471 ὕδατος,

244 3483 330 3554 τῆς
381 3487 516 3563 αὐτῇ
589 3485 865 3560 δοκούσης
908 3488 1283 3559 ἀναπαύσεως,
1316 3488 1463 3546 άλλά
1508 3490 1600 3545 καὶ
1651 3484 1882 3567 προσϐι-

248 3569 539 3650 ϐασθείσης,
591 3572 722 3644 ἔνθα
771 3579 854 3652 μή
909 3577 1193 3655 ἐπέτρεψεν
1248 3580 1277 3634 6
1329 3577 1480 3642 Θεός.
1511 3578 1616 3637 Καὶ
1674 3582 1886 3652 θυμοῦ-

246 3685 334 3737 μαι
384 3667 662 3723 κᾶνταῦθα
713 3666 845 3743 ἐγὼ,
887 3668 977 3723 καὶ
1040 3666 1200 3744 ὀχλῶ
1253 3667 1331 3731 εἷς
1387 3664 1540 3724 οὐδὲν
1591 3666 1787 3744 ἀγαθὸν
1804 3669 1886 3723 τὲ-

243 3751 357 3818 λος·
394 3756 512 3822 ὅθεν
548 3758 920 3834 ἀμηχανήσας
949 3758 1040 3813 καὶ
1082 3755 1346 3835 ἀπογνοὺς
1393 3757 1492 3827 τήν
1517 3761 1627 3812 τῶν
1658 3754 1885 3813 πολλῶν

240 3840 541 3922 διόρθωσιν,
602 3851 830 3923 χρῶμαι
886 3846 1022 3903 κατᾶ
1076 3853 1176 3917 τῆς
1226 3845 1485 3919 τοιαύτης
1540 3846 1704 3902 νόσου
1748 3866 1884 3925 φαρ-

242 3933 423 4006 μάκοις
454 3958 520 3993 ου
554 3936 726 4011 μόνον
753 3940 1161 4010 πνευματικοῖς,
1202 3932 1349 3992 ἄλλά
1384 3956 1490 3992 που
1542 3935 1631 3992 καὶ
1688 3957 1887 4011 κοσμι-

240 4026 507 4103 κωτὲροις,
540 4024 638 4083 καὶ
670 4022 815 4082 δοκῶ
846 4025 1104 4104 φορτικὸς
1133 4021 1223 4081 διὰ
1242 4025 1479 4081 πάντων.

308 4128 389 4190 ιδ’.
421 4133 523 4189 Διὰ
546 4131 629 4201 τί,
661 4129 754 4187 διὰ
794 4130 850 4188 τί
906 4130 1006 4187 οὐκ
1063 4132 1261 4209 ὀρθῶς,
1296 4132 1341 4187 ὦ
1390 4128 1640 4211 ἀδελφοὶ,
1672 4132 1888 4209 ἀγαπῶ·

243 4239 329 4291 μεν
401 4219 529 4278 οὕτε
606 4224 758 4295 ἡμᾶς
834 4219 1051 4291 αὐτοὺς,
1112 4216 1236 4276 οὔτε
1286 4220 1378 4276 τὸν
1433 4221 1612 4296 ἀγάπῃ
1669 4220 1886 4277 ἐπιστα-

240 4313 427 4366 τοῦντα
456 4310 636 4380 Θεόν;
670 4309 768 4366 Καὶ
824 4307 968 4366 ἔστιν
1024 4308 1247 4366 ἐνταῦθα
1301 4310 1364 4365 τὸ
1417 4313 1516 4366 τοῦ
1566 4313 1737 4366 κακοῦ
1766 4310 1889 4388 χεί-

239 4416 437 4472 ριστον.
488 4404 680 4458 “Eo-ta)
719 4399 846 4477 γὰρ,
894 4396 977 4454 ὅτι
1018 4398 1447 4476 περιφρονητέον
1494 4398 1595 4468 τήν
1652 4397 1888 4471 Ἐκκλη-

240 4486 369 4544 σίαν.
401 4489 465 4545 Τί
525 4486 598 4560 δὴ
663 4489 739 4563 μὴ
806 4488 1099 4564 ἀγαπῶμεν
1147 4484 1372 4552 ἕκαστος
1428 4488 1614 4544 ἑαυτὸν
1662 4487 1819 4565 γοῦν,
1858 4488 1888 4544 ὃ

240 4571 302 4646 δὴ
351 4578 443 4633 καὶ
501 4582 627 4635 τοῖς
708 4576 931 4653 ἀλόγοις
1003 4576 1339 4653 ἐμφαίνεται,
1396 4579 1532 4652 ἅπερ
1606 4578 1887 4654 ἀγαπῶσιν

1993 3399 2254 3471 quidem,
2299 3399 2400 3456 sed
2459 3416 2586 3472 quas
2640 3400 2877 3457 videtur
2930 3400 3016 3456 illi
3074 3400 3287 3468 dulcis,
3346 3405 3404 3457 et
3464 3415 3643 3472 super

1992 3504 2224 3559 aquam,
2259 3505 2385 3561 quas
2414 3489 2646 3545 videtur
2672 3488 2759 3545 illi
2788 3488 3145 3562 refectionis,
3196 3490 3298 3546 sed
3342 3494 3399 3546 et
3426 3489 3645 3562 produ-

1992 3580 2171 3643 ctam,
2203 3593 2319 3648 quo
2350 3594 2465 3634 non
2497 3576 2771 3650 permisit
2803 3578 3054 3635 Deus.Et
3084 3578 3178 3635 hic
3208 3579 3387 3636 etiam
3418 3578 3643 3635 irascor

1995 3670 2051 3721 et
2080 3664 2460 3738 importunus
2494 3682 2625 3723 sum
2644 3666 2717 3723 ad
2737 3665 2965 3722 nullum
2988 3667 3208 3723 bonum
3240 3666 3416 3724 ﬁnem
3455 3685 3469 3724 :
3495 3668 3652 3725 unde

1992 3754 2267 3812 infirmus
2324 3758 2381 3811 et
2454 3757 2775 3828 desperans
2831 3754 3151 3812 multorum
3209 3757 3649 3826 correctionem,

1996 3844 2276 3901 adversus
2295 3842 2473 3901 talem
2505 3845 2777 3902 morbum
2803 3848 2937 3901 utor
2956 3846 3234 3904 remediis
3260 3863 3376 3903 non
3405 3850 3646 3903 tantum

1994 3931 2423 4005 spiritualibus,
2455 3934 2556 3990 sed
2588 3942 2644 3990 et
2675 3933 3146 4006 humanioribus,
3189 3939 3248 3993 et
3274 3934 3336 3992 in
3367 3935 3646 3993 omnibus

1992 4021 2193 4079 videor
2218 4025 2315 4079 vix
2341 4023 2703 4080 tolerandus.

2067 4129 2154 4186 14.
2196 4131 2406 4199 Quare,
2465 4132 2698 4203 fratres,
2752 4147 2932 4204 quare
2976 4148 3093 4189 non
3141 4135 3296 4189 recte
3339 4130 3646 4205 diligimus

1997 4236 2103 4276 nec
2132 4237 2241 4277 nos
2270 4220 2433 4292 ipsos
2463 4237 2569 4277 nec
2600 4220 2906 4277 charitatis
2944 4222 3254 4294 presidem
3289 4223 3470 4279 Deum
3490 4221 3518 4277 ?
3546 4222 3650 4278 Est

1996 4307 2108 4364 hoc
2138 4309 2429 4367 malorum
2473 4310 2821 4383 pessimum.
2875 4311 3010 4368 Esto
3056 4312 3212 4368 enim
3264 4312 3417 4384 quod
3448 4311 3649 4383 despi-

1999 4398 2205 4455 cienda
2235 4398 2312 4455 sit
2340 4398 2598 4457 Ecclesia
2630 4417 2643 4455 :
2676 4417 2783 4457 cur
2826 4404 3026 4457 autem
3079 4402 3494 4473 unusquisque
3529 4414 3651 4456 non

1999 4486 2386 4560 semetipsum
2432 4488 2648 4562 diligit,
2698 4489 2853 4561 quod
2896 4488 2986 4545 vel
3034 4489 3094 4545 in
3157 4490 3348 4545 brutis
3413 4488 3647 4560 conspi-

1998 4577 2151 4633 citur
2179 4577 2561 4645 animalibus,
2607 4595 2734 4650 qusa
2785 4577 2984 4650 seipsa
3040 4577 3319 4651 diligunt,
3379 4582 3445 4634 ut
3501 4593 3649 4650 quo-

239 4664 414 4737 ὶαυτὰ,
445 4668 524 4731 ὡς
554 4665 618 4723 ἐκ
644 4668 753 4723 τῶν
787 4667 1090 4743 ὁρωμένων
1136 4665 1418 4745 φαίνεταις
1473 4663 1743 4741 Φεύγουσι
1786 4667 1889 4743 γὰρ

2001 4668 2140 4725 tidie
2203 4669 2514 4742 apparet?
2579 4669 2982 4726 Persecutores
3067 4687 3324 4742 namque
3391 4669 3646 4742 fugiunt,

240 4750 573 4829 διωκόμενα,
602 4755 695 4811 καὶ
743 4755 839 4819 τὰς
875 4754 1096 4831 πληγὰς
1146 4754 1475 4826 ἐκκλίνουσι,
1514 4755 1606 4811 καὶ
1666 4754 1893 4835 σφαττό-

243 4864 368 4915 μενα
410 4839 733 4921 θορυϐοῦσι.
757 4848 934 4900 Ταῦτα
979 4840 1039 4900 δὲ
1082 4845 1258 4900 πάντα
1304 4842 1706 4923 φιλοσωμάτων
1754 4842 1888 4921 ἴδια,

237 4933 323 4987 καὶ
349 4937 701 5013 χαρακτῆρες
727 4938 825 4991 τοῦ
856 4934 1067 5010 ἀγαπᾷν
1096 4937 1215 5009 ζῇν.

272 5068 277 5071 ι
309 5044 386 5101 ιε’.
418 5046 569 5119 ’Ἄγε
621 5039 688 5112 δή
740 5043 832 5097 καὶ
890 5040 976 5111 σὺ,
1008 5042 1052 5096 ὦ
1093 5041 1195 5110 τὴς
1224 5041 1482 5116 γυναικὸς
1531 5036 1676 5115 ἄνερ,
1709 5039 1892 5117 ἀγάπα

238 5130 299 5184 τὸ
330 5131 597 5208 συμφυὲς,
631 5130 721 5186 καὶ
784 5131 884 5205 μή,
911 5129 1087 5208 ἀφιεὶς
1134 5130 1234 5200 τὴν
1267 5130 1535 5205 ὁμόζυγα,
1568 5131 1656 5185 καὶ
1717 5126 1893 5193 οὕτως

242 5219 669 5293 ἡμισευόμενος,
728 5214 933 5298 ῥὲμϐου
1005 5215 1386 5292 πλανώμενος,
1448 5218 1584 5273 ὅπου
1658 5219 1722 5273 τὸ
1789 5225 1891 5289 τῆς

242 5309 427 5384 ψυχῆς
461 5307 762 5382 ἐπιθυμοῦν
810 5308 1086 5386 περιὲλκει
1143 5327 1223 5379 σε,
1242 5303 1336 5362 ’ίνα
1382 5307 1459 5380 μὴ
1497 5311 1685 5369 κακοῖς
1738 5328 1893 5383 περι-

240 5396 446 5473 κύρσῃς
503 5396 863 5475 άπροόπτοις,
916 5397 1051 5470 ἅπερ
1109 5395 1208 5451 ούκ
1271 5393 1383 5451 ἔστι
1441 5392 1740 5474 διαφυγεῖν.
1796 5397 1895 5451 Καὶ

242 5484 302 5539 σὺ
334 5483 416 5554 δὲ,
445 5486 699 5561 ὧγύναι,
729 5490 765 5557 ἡ
813 5487 906 5542 τὸν
958 5484 1097 5541 ἴδιον
1138 5483 1528 5560 ἀποστέρξασα,
1588 5485 1727 5561 πρὸς
1780 5482 1893 5541 ἓτε-

241 5594 331 5650 ρον
390 5573 454 5631 δὲ
512 5574 879 5649 ἀπονεύσασα,
940 5572 1196 5631 διδάσκου
1275 5575 1351 5648 μὴ
1422 5572 1746 5649 ἀποτέμνειν
1799 5576 1893 5649 μὲν

237 5663 334 5734 τήν
390 5667 659 5741 κυριακὴν
724 5664 970 5746 κεφαλὴν
1018 5670 1265 5736 σεαυτῆς,
1306 5663 1490 5740 ὲτέραν
1538 5660 1597 5719 δὲ
1654 5661 1892 5740 ἐφιστᾷν,

224 5749 504 5828 ’ἀσυμφυῆ
575 5755 667 5812 καὶ
716 5752 1173 5831 ἀπροσκόλλητον
1241 5750 1331 5809 διὰ
1390 5752 1455 5809 τὸ
1509 5750 1894 5828 ἆνευλόγητον.

1999 4757 2242 4815 vulnera
2270 4757 2549 4825 devitant,
2583 4764 2641 4813 ot
2670 4757 2941 4813 nocentia
2960 4758 3416 4830 repelluntllaec
3449 4762 3649 4815 autem

1999 4845 2200 4903 omnia
2255 4861 2384 4902 sese
2448 4844 2820 4919 diligentium
2881 4852 3020 4903 sunt
3094 4847 3350 4921 propria,
3399 4848 3649 4921 vitaeque

2000 4950 2222 4992 amoris
2251 4950 2442 5007 signa.

2073 5042 2159 5097 15.
2193 5040 2291 5097 Eia
2324 5056 2460 5113 ergo
2492 5044 2577 5113 tu,
2611 5041 2809 5098 uxoris
2852 5041 2961 5113 vir,
3017 5046 3173 5116 quod
3221 5044 3328 5101 tibi
3386 5044 3653 5102 naturale

2001 5135 2090 5187 est
2120 5128 2318 5202 dilige,
2369 5145 2559 5203 neque
2588 5133 2755 5186 tuam
2787 5130 3062 5188 deserens
3094 5134 3428 5206 conjugem,
3461 5138 3517 5190 et
3545 5133 3638 5189 sio

2001 5219 2245 5276 dimidio
2277 5220 2565 5292 minutus,
2598 5219 2888 5290 divageris
2919 5222 3164 5293 passim,
3214 5239 3330 5295 quo
3380 5220 3655 5296 propellit

2002 5308 2212 5366 animae
2242 5307 2623 5378 desiderium,
2657 5323 2730 5364 ne
2753 5307 2929 5364 malis
2972 5310 3242 5368 incurras
3290 5310 3648 5384 improvisis,

2004 5414 2131 5470 quae
2164 5397 2361 5468 fugere
2392 5413 2508 5453 non
2538 5397 2730 5453 datur.
2764 5397 2851 5453 Tu
2910 5414 3145 5472 quoque
3202 5400 3433 5471 mulier,
3485 5403 3653 5455 tuum

2006 5491 2271 5543 aversata
2302 5487 2611 5557 conjugem
2644 5488 2700 5541 et
2729 5486 2801 5542 ad
2835 5485 3017 5543 alium
3050 5487 3522 5560 inclinata,disce
3540 5503 3657 5543 non

2005 5575 2305 5631 abscidere
2337 5574 2423 5631 tui
2450 5573 2637 5647 ipsius
2668 5575 3033 5633 dominicum
3084 5581 3281 5650 caput,
3327 5577 3399 5634 ad
3430 5593 3656 5650 praepo-

2004 5664 2264 5722 nendum
2308 5663 2488 5734 aliud,
2534 5664 2714 5737 quod,
2767 5664 3194 5724 benedictionis
3244 5666 3501 5737 defectu,
3546 5682 3651 5723 nec

2004 5753 2265 5826 cooptari
2297 5769 2404 5811 nec
2434 5753 2758 5812 consociari
2807 5757 3022 5829 potest.
3070 5756 3197 5814 Non
3226 5756 3385 5815 enim
3436 5754 3654 5829 aliquis
