4114 6200
297 391 402 452 597

1283 385 1360 444 ΙΝ
1408 387 1473 446 S.
1523 384 2205 457 QUADRAGESIMAM
2254 390 2543 454 ORATIO
2586 395 2664 454 ΙΙ.

3560 401 3678 465 598

362 521 444 589 ιη’.
475 517 567 572 Καὶ
597 515 658 572 τὸ
689 515 876 592 ἐφεξῆς
930 516 1075 572 ὀκνῶ
1108 512 1307 593 λέγειν.
1362 517 1424 574 Ὁ
1481 513 1539 572 δέ
1601 539 1666 590 με
1714 521 1907 593 μικροῦ

2102 523 2186 579 18.
2216 523 2347 582 Jam
2380 526 2660 583 ulteriora
2689 543 2782 584 me
2812 527 2968 600 piget
3002 527 3213 585 dicere.
3271 529 3436 598 Quod
3479 537 3676 591 autem

291 606 628 684 παρέδραμεν
687 604 1045 682 έκεγχόμενος
1103 606 1130 661 6
1202 604 1256 660 ἐν
1332 608 1412 678 τῷ
1469 605 1704 678 τοιούτῳ
1761 611 1912 679 κακῷ

292 698 592 772 θερμότερος
649 700 743 751 τοῦ
793 696 1004 770 κόσμου
1079 695 1384 771 ἄνθρωπος,
1455 695 1545 750 καὶ
1622 696 1725 750 ὑπὸ
1800 700 1906 750 τῶν

288 786 638 864 περιεστώτων
704 792 804 854 τῆς
881 782 1170 852 ἐκκλησίας
1219 785 1417 840 τέκνων
1468 785 1782 861 ἀγγόμενος
1834 786 1911 848 εἰς

287 877 499 952 ποίγμα,
559 873 868 950 διαλογικὸν
921 874 1178 952 έξανοίγει
1234 875 1295 929 τὸ
1355 874 1529 948 στόμα
1586 873 1662 936 εἷς
1724 873 1912 950 χάσμα

283 967 361 1022 καὶ
409 963 581 1021 πλατὺ
612 966 697 1020 καὶ
739 963 893 1039 βαθύ.
931 966 1029 1020 Καὶ
1059 967 1194 1020 κατά
1225 963 1578 1040 θυμομαχίαν
1631 963 1908 1027 ἀνατείνας

282 1058 351 1112 τὼ
379 1061 545 1132 χεῖρε,
578 1055 668 1110 καὶ
715 1058 785 1128 τῇ
842 1056 935 1128 μὲν
985 1051 1237 1128 δακτύλῳ
1305 1053 1578 1128 ἁψάμενος
1626 1057 1721 1108 τοῦ
1763 1053 1910 1109 κάτω

281 1144 535 1221 στοιχείου
565 1148 674 1199 τῶν
733 1141 992 1216 οδόντων,
1037 1147 1106 1218 τῇ
1158 1141 1214 1198 δὲ
1261 1143 1415 1219 ἑτέρᾳ
1460 1147 1557 1198 τοῦ
1589 1143 1910 1218 ὑπερκειμέ-

277 1256 390 1304 νου,
444 1235 532 1288 καὶ
596 1233 778 1308 μόζων
839 1233 996 1310 βαρὺ,
1051 1231 1378 1289 ἐνεδείκνυτο
1437 1231 1640 1298 ἐθέλειν
1701 1231 1909 1308 σχίσαι,

274 1323 352 1378 καὶ
399 1321 568 1386 οὕτως
619 1323 900 1398 ἀνευρῦναι
947 1324 1038 1378 τὸν
1070 1324 1181 1378 ἄνω
1211 1321 1413 1378 λάκκον
1465 1322 1540 1384 εἷς
1589 1318 1756 1376 πλέον
1813 1325 1910 1406 τρῦ

275 1417 505 1491 φυσικοῦ,
575 1410 672 1468 ἵνα
743 1408 848 1489 ἔχη
928 1412 1210 1486 ποταμοὺς
1286 1411 1484 1467 ἐκεῖθεν
1544 1410 1907 1486 ἐξερεύγεσθαι

273 1502 669 1576 ἁμαρτημάτων
725 1499 1083 1558 παπαδικῶν.
1140 1501 1237 1556 Καὶ
1292 1501 1367 1563 εἰς
1425 1504 1680 1555 τοσοῦτον
1737 1497 1908 1554 ἐνδει-

270 1596 456 1652 κτικῶς
511 1590 876 1664 αἰνιξάμενος,
955 1592 1067 1645 εἶτα
1143 1589 1450 1646 συνέκλεισε
1523 1589 1616 1662 μὲν
1658 1588 1753 1650 τὰς
1805 1591 1908 1653 τῆς

274 1679 615 1758 βλασφημίας
647 1678 842 1742 πυλας.
875 1678 1230 1753 Έξουδένωσε
1281 1677 1339 1734 δὲ
1397 1679 1426 1733 6
1487 1679 1649 1755 μέγας
1707 1675 1908 1753 ἄνθρω-

268 1791 359 1832 πος
405 1769 466 1824 τὸ
495 1770 754 1824 ταπεινὸν
807 1773 904 1824 τοῦ
960 1773 1093 1825 Θεοῦ
1151 1766 1351 1844 λάχος,
1409 1767 1909 1840 ἀλαζονευσάμενος

269 1856 580 1935 διαρρήδην,
620 1859 686 1929 ὠ,
740 1861 786 1915 εἴ
836 1860 912 1932 μὴ
970 1861 998 1914 6
1058 1855 1182 1932 δοῦξ
1231 1855 1483 1934 ἤθροισεν
1545 1855 1644 1912 οὐκ
1691 1855 1749 1910 ἀν
1784 1853 1910 1910 οὐδὲ

2025 628 2117 668 me
2148 613 2266 670 fere
2306 616 2623 686 praeteriit:
2675 617 3000 684 convictus,
3061 617 3156 674 hic
3213 619 3272 674 in
3331 619 3676 692 hujusmodi

2023 701 2176 758 malo
2209 703 2453 760 calidior
2483 722 2661 776 quam
2694 707 2860 762 decet
2883 707 3269 778 hominem,et
3293 725 3326 763 a
3350 710 3546 781 pueris
3578 727 3671 766 ec—

2021 790 2259 847 clesiam
2275 793 2787 852 circumstantibus
2800 797 2870 852 ad
2887 797 3330 853 sull‘ocationem
3345 815 3511 870 paene
3525 816 3649 856 com
3663 830 3678 842 -

2021 896 2282 952 pressus,
2305 897 2368 938 os
2391 883 2738 940 rationabile
2764 883 3050 941 dilatabat
3084 886 3143 940 in
3181 892 3521 958 aperturam
3555 887 3671 944 lar-

2020 986 2151 1039 gam
2171 987 2235 1025 ac
2269 971 2621 1042 profundam
2649 991 2662 1041 ;
2704 978 2761 1029 et
2785 975 3052 1030 certatim
3083 992 3293 1032 manus
3327 977 3672 1050 extendens,

2023 1074 2139 1113 una
2170 1059 2408 1131 quidem
2443 1078 2577 1117 cum
2607 1063 2790 1134 digito
2821 1063 3158 1121 inferiorem
3191 1065 3459 1122 dentium
3518 1066 3672 1123 ordi-

2021 1164 2177 1218 nem,
2195 1148 2309 1206 alia
2340 1167 2472 1206 vero
2506 1151 2872 1223 superiorem
2912 1156 3187 1226 tangens,
3222 1156 3589 1212 monstrabat
3610 1172 3674 1212 se

2021 1235 2242 1294 ﬁndere
2273 1237 2414 1295 velle
2444 1238 2647 1310 sicque
2677 1239 2992 1313 plusquam
3019 1242 3382 1313 naturaliter,
3407 1245 3672 1317 superio-

2021 1343 2142 1381 rem
2177 1327 2459 1399 ampliare
2495 1328 2715 1398 lacum,
2775 1334 2840 1386 ut
2897 1331 3230 1387 enormium
3290 1339 3666 1405 peccatorum

2019 1415 2228 1471 exinde
2267 1416 2477 1472 ﬂuvios
2509 1433 2776 1475 evomere
2809 1424 3026 1490 posset.
3085 1421 3150 1475 Et
3199 1421 3284 1476 sic
3341 1423 3671 1494 aenigmatis

2018 1504 2498 1576 interpretatione
2527 1507 2699 1574 facta,
2731 1507 3000 1578 protinus
3028 1509 3268 1580 quidem
3291 1509 3670 1583 blasphemia;

2011 1592 2227 1662 januas
2242 1594 2879 1668 occlusit.Contempsit
2898 1601 3089 1653 autem
3106 1597 3199 1653 hic
3220 1615 3473 1670 magnus
3491 1600 3668 1656 homo

2020 1682 2303 1739 humilem
2335 1683 2433 1740 Dei
2464 1689 2705 1756 sortem,
2749 1685 3056 1742 manifeste
3105 1687 3388 1758 jactitans
3441 1706 3503 1746 se
3553 1689 3673 1746 nisi

2020 1772 2139 1827 dux
2169 1772 2475 1846 coegisset,
2507 1790 2704 1829 coram
2736 1773 3152 1831 ecclesiasticis
3184 1776 3393 1833 sistere
3425 1777 3518 1833 vix
3577 1777 3670 1833 di-

2021 1866 2340 1933 gnaturum
2373 1862 2575 1919 fuisse.
2600 1864 2692 1919 Sic
2715 1867 2998 1920 adversus
3023 1864 3342 1921 Ecclesiam
3375 1867 3664 1936 excelsus,

269 1911 591 2020 λαζηξίωάεθ
656 1949 730 2011 είς
788 1911 913 2023 ὅιίκιν
975 1953 1092 2010 τοῖς
1160 1911 1648 2018 έκκλῖησιαστικοῖς
1708 1943 1904 2002 ἐλθεῖν.

2022 1911 2223 1933 ο--ηη
2244 1911 2340 1918 -—-
2373 1911 2575 1919 -----v-
2600 1911 2690 1919 νη
2716 1911 2786 1919 ν’*-
2805 1911 2998 1920 ν--ν-ν
3023 1911 3342 1921 --ν-ν-ηυ-ὀ
3377 1911 3664 1936 νην-’νυν

2022 1949 2114 2006 hic
2144 1968 2260 2008 non
2291 1956 2562 2008 accurate
2594 1952 2822 2024 pulchri
2854 1953 3112 2010 nominis
3144 1955 3255 2010 fuit
3302 1955 3479 2013 homo
3507 1973 3520 2026 ;
3582 1955 3668 2014 sio

265 2039 410 2096 Οὑτω
434 2037 572 2094 κατά
603 2041 706 2108 τῆς
737 2035 1065 2106 Ἐκκλησίας
1096 2034 1333 2112 ὑψηλὸς,
1367 2037 1395 2092 6
1440 2036 1576 2112 πρὸς
1637 2030 1909 2112 ἀκρίϐειαν

265 2126 355 2182 οὐκ
383 2126 666 2202 εὐώνυμος
700 2125 1006 2205 ἅνθρωπος,
1039 2125 1182 2182 οὕτω
1211 2126 1511 2203 περιφανὴς
1543 2126 1572 2182 6
1597 2123 1762 2201 μέχρι
1786 2124 1908 2181 τότε

267 2217 390 2290 ἢμῖν
423 2217 665 2296 ἀφανής.

328 2305 418 2382 ιθ’ῤ
448 2306 648 2370 Οὕτως
692 2307 745 2362 οἱ
794 2309 890 2362 τοῦ
949 2309 1082 2362 Θεοῦ
1142 2302 1420 2368 δοκοῦντες
1475 2305 1610 2361 εἶναι
1659 2303 1905 2380 ἀγαπῶσι

258 2397 373 2461 τοὺς
403 2396 638 2469 ἀληθῶς
693 2402 790 2454 τοῦ
847 2401 1000 2454 Θεοῦ’
1053 2395 1225 2460 οὕτως
1277 2399 1312 2467 ἡ
1372 2397 1550 2473 ἀγάπη
1611 2395 1904 2470 νοθεύεται,

259 2487 418 2550 οὕτως
475 2490 512 2558 ἡ
604 2484 905 2558 Ἐκκλησία
979 2493 1205 2561 τιμᾶται
1281 2486 1429 2560 παρά
1480 2490 1598 2549 τοῖς
1657 2483 1711 2540 έν
1766 2487 1902 2558 ἡμῖν

259 2573 632 2651 ὃογματικοῖς,
688 2574 742 2630 ο’ί
790 2576 890 2644 τὴν
951 2576 1049 2648 μὲν
1087 2574 1412 2644 Ἐκκλησίαν
1444 2578 1610 2648 τιμᾷν
1667 2572 1902 2648 αὐχοῦσι

258 2665 338 2720 καὶ
394 2659 673 2735 σέϐεσθαι,
731 2664 820 2720 καὶ
887 2665 1023 2740 πρὸς
1080 2665 1252 2733 αὐτῆς
1307 2663 1462 2733 εἶναι,
1520 2664 1608 2718 καὶ
1669 2661 1905 2735 ετοίμως

256 2750 392 2830 ἔχειν
475 2755 981 2828 ὑπεραποθνήσκειν
1059 2752 1247 2820 αὐτῆς,
1285 2750 1438 2830 ,τοὺς
1497 2749 1554 2805 δὲ
1612 2749 1902 2818 ἐκκλησια-

256 2842 461 2906 στικοὺς
545 2846 954 2917 παρανοοῦντες
1027 2840 1152 2896 ὥσεὶ
1213 2819 1310 2895 καί
1360 2840 1540 2910 οὐθὲν,
1597 2839 1906 2910 συνεξουθε-

257 2936 396 2987 νοῦσι
470 2931 567 2987 καὶ
646 2933 712 2986 τὰ
784 2929 1226 3001 έκκλησιαστικά,
1305 2927 1752 3008 φιλοσοφοῦντες,
1829 2928 1904 2989 ὡς

257 3019 544 3098 ἀπροσδεὲς
587 3022 681 3094 μὲν
740 3019 950 3075 πάντων
995 3023 1100 3074 τῶν
1154 3017 1241 3074 ἰπὶ
1281 3025 1405 3093 γῆς·
1440 3017 1526 3073 ἐπὶ
1567 3025 1670 3094 γῆς
1704 3013 1761 3072 δὲ
1814 3015 1905 3072 καὶ

258 3111 304 3166 οἱ
360 3109 822 3183 εκκλησιαστικοὶ
896 3108 986 3164 καὶ
1064 3109 1128 3164 τὰ
1202 3109 1318 3163 κατ’
1384 3106 1599 3170 αὐτούς.
1659 3106 1722 3162 Τί
1776 3109 1903 3182 γοῦν

255 3199 504 3270 ἀξιωτέον
571 3198 772 3276 λόγου,
832 3198 1032 3277 φασὶν,
1091 3197 1412 3270 ἀνθρώπους
1469 3196 1560 3251 καὶ
1612 3197 1908 3272 πράγματα

2020 2040 2400 2113 conspicuus,
2432 2041 2527 2098 hic
2557 2041 2728 2098 nobis
2753 2041 3062 2114 hucusque
3092 2043 3404 2100 obscurus.

2090 2307 2175 2362 19.
2208 2307 2300 2363 Sic
2332 2307 2432 2380 qui
2462 2307 2565 2366 Dei
2593 2307 2868 2365 videntur
2895 2325 3045 2378 esse,
3096 2309 3355 2383 diligunt
3412 2326 3512 2366 eos
3561 2308 3664 2383 qui

2015 2395 2115 2453 Dei
2147 2412 2276 2453 vere
2298 2401 2474 2465 sunt;
2507 2397 2593 2454 sic
2623 2396 2990 2454 adulteratur
3015 2398 3308 2465 charitas;
3343 2400 3427 2457 sic
3470 2399 3662 2456 Eccle-

2016 2485 2104 2541 sia
2125 2485 2449 2542 honoratur
2479 2503 2513 2542 a
2544 2486 2762 2544 nostris
2795 2487 3163 2558 dogmaticis,
3195 2490 3296 2562 qui
3335 2504 3397 2545 se
3412 2487 3664 2560 glorian-

2015 2578 2113 2631 tur
2142 2575 2380 2647 quidem
2409 2575 2729 2632 Ecolesiam
2757 2577 3043 2634 honorare
3074 2593 3141 2634 ac
3171 2577 3458 2644 venerari,
3491 2581 3547 2633 et
3585 2578 3660 2634 ad

2015 2681 2142 2720 eam
2173 2665 2481 2736 pertinere,
2511 2670 2570 2721 et
2608 2667 2676 2720 ad
2739 2666 3105 2722 moriendum
3148 2684 3252 2739 pro
3302 2685 3372 2723 ea
3420 2670 3659 2739 paratos

2015 2771 2165 2826 esse,
2199 2755 2630 2811 ecclesiasticos
2651 2760 2845 2811 autem
2871 2773 2974 2827 pro
3005 2755 3187 2812 nihilo
3230 2756 3656 2828 existimantes,

2015 2843 2192 2898 etiam
2223 2843 2621 2900 ecclesiastica
2652 2843 2821 2899 nihili
2853 2845 3076 2900 ducunt
3105 2845 3663 2918 philosophicejaoo

2014 2932 2255 2989 titantes
2287 2933 2565 2990 omnibus
2596 2951 2722 3006 qum
2753 2939 2894 2990 sunt
2922 2949 3100 3007 super
3128 2940 3343 2992 terram
3375 2951 3524 3008 opus
3546 2950 3663 2992 non

2016 3037 2184 3078 esse:
2219 3040 2398 3095 super
2428 3027 2644 3078 terram
2677 3026 2872 3079 autem
2903 3039 3033 3079 esse
3064 3029 3120 3079 et
3147 3024 3575 3082 ecclesiasticos
3606 3026 3664 3080 et

2016 3110 2433 3167 ecclesiastica.
2469 3111 2616 3178 Quid
2651 3111 2850 3184 igitur,
2885 3111 3180 3184 inquiunt,
3215 3114 3531 3171 haberetur
3573 3131 3664 3171 ra-

2018 3201 2096 3256 tio
2123 3201 2193 3255 de
2224 3199 2566 3256 hominibus
2599 3205 2656 3256 et
2683 3202 2752 3256 de
2778 3202 2953 3257 rebus
2983 3202 3389 3274 ecclesiarum,
3447 3203 3667 3275 quibus

255 3289 589 3361 ἐκκλησιῶν,
670 3290 744 3344 ὧν
822 3288 1121 3362 ἀνθρώπων
1177 3288 1264 3342 καὶ
1323 3287 1398 3341 ὧν
1454 3285 1785 3362 πραγμάτων
1841 3285 1903 3339 οὐ

2022 3289 2359 3345 hominibus
2393 3289 2725 3360 quibusque
2752 3290 2927 3346 rebus
2961 3307 3075 3346 non
3124 3291 3351 3361 indiget
3398 3291 3603 3347 Deus?
3633 3305 3666 3346 ο

253 3375 569 3452 προσδέεται
631 3378 660 3432 6
717 3378 846 3440 Θεός
874 3396 888 3446 ;
921 3383 988 3432 ’Ώ
1019 3374 1301 3452 χθαμαλοὶ
1333 3377 1480 3430 οὗτοι
1513 3373 1825 3453 φιλόσοφοι,
1859 3369 1904 3427 ὤ

254 3465 485 3539 ἰδιῶται,
522 3465 574 3522 ὣ
606 3466 829 3537 ἀνόητοι
855 3465 943 3521 καὶ
983 3463 1200 3542 βραδεῖς
1233 3469 1301 3540 τῇ
1325 3462 1537 3541 καρδίᾳ,
1592 3463 1681 3518 καὶ
1735 3461 1904 3537 μηδὲν

257 3557 432 3630 ὖγιέςί
495 3557 638 3614 Εἶτα
686 3553 878 3617 πόλεις
933 3555 1028 3628 μὲν
1051 3553 1140 3609 καὶ
1189 3561 1316 3624 νῆες
1362 3553 1498 3608 κατά
1545 3553 1635 3608 τὸν
1687 3551 1908 3606 εἰπόντα

256 3643 398 3700 οὐδέν
433 3644 602 3715 εἶσιν,
635 3643 836 3720 ἔρημοι
866 3640 1075 3719 ἀνδρῶν
1109 3641 1261 3698 οὖσαι
1292 3647 1398 3697 τῶν
1429 3642 1545 3697 κατ’
1565 3640 1745 3703 αὐτάς·
1777 3641 1904 3702 ναὸς

253 3735 337 3790 καὶ
364 3733 674 3805 Ἐκκλησία
703 3737 834 3789 Θεοῦ
863 3730 1270 3810 ἀπροσλόγιστα
1295 3732 1433 3787 κατά
1465 3731 1560 3787 τὸν
1593 3732 1735 3786 θεῖον
1765 3727 1906 3795 κλῆ-

255 3843 341 3899 ρον
371 3826 462 3880 καὶ
485 3823 559 3879 τὰ
589 3829 705 3878 κατ’
733 3821 926 3885 αὐτοὺς
949 3822 1264 3899 πράγματα.

319 3935 385 3988 κ’.
419 3933 526 3990 Καὶ
568 3931 632 3985 σὺ
685 3931 800 4003 μὶν,
851 3927 896 3984 ὦ
941 3930 1310 4007 κατασοφιστὰ
1362 3932 1460 3984 τοῦ
1505 3929 1685 4005 γάμου
1732 3945 1908 4002 προσ-

259 4017 448 4096 λογίζη
494 4019 720 4075 σεαυτὸν
774 4024 856 4091 τῷ
903 4016 1040 4091 οἷ’κῳ
1088 4039 1214 4087 σου,
1262 4018 1352 4073 καὶ
1399 4019 1461 4072 τὸ
1503 4023 1607 4072 πᾶν
1657 4015 1707 4072 έν
1759 4016 1908 4088 αὖτῷ

257 4107 541 4184 συλλέγεις
599 4107 771 4162 εἶναι’
828 4107 919 4162 καὶ
976 4106 1202 4176 ἀληθῶς
1248 4104 1443 4183 λέγεις.
1504 4105 1607 4162 Καὶ
1669 4105 1760 4160 τὸν
1811 4105 1904 4178 μὶν

259 4197 494 4272 βαλόντα
528 4195 686 4252 λίθον
714 4196 850 4251 κατά
875 4200 972 4250 τοῦ
1000 4194 1216 4271 τοίχου,
1265 4200 1361 4250 τοῦ
1393 4195 1477 4249 σοὶ
1536 4191 1906 4270 διαφέροντος,

256 4285 409 4362 ὀλίγα
453 4287 678 4362 μέμφῃ·
703 4285 796 4340 τὸν
829 4281 886 4339 δὲ
917 4283 1053 4339 κατὰ
1079 4288 1176 4338 σοῦ
1200 4285 1300 4352 τήν
1358 4281 1530 4357 βολήν
1558 4281 1910 4355 τολμήσαντα

251 4376 444 4450 κρίνεις
469 4375 566 4430 καὶ
624 4375 990 4450 κατακρίνεις.
1051 4374 1224 4446 Ἡμᾶς
1275 4369 1353 4441 δὲ,
1400 4373 1498 4441 τήν
1558 4369 1906 4443 Ἐκκλησίαν,

253 4466 340 4519 τὸν
374 4466 510 4521 Θεὸν
550 4463 869 4539 ἀποστερεῖς
916 4466 1014 4518 τοῦ
1064 4462 1314 4517 τοιούτου
1376 4458 1607 4516 δικαίου·
1670 4460 1760 4515 καὶ
1806 4461 1905 4529 τὴν

253 4552 583 4626 Ἐκκλησίαν
654 4551 930 4625 σεμνύνων
1007 4552 1086 4614 οἷς
1140 4549 1343 4626 λέγεις,
1395 4544 1759 4625 περιυϐρίζεις
1806 4550 1905 4620 τήν

2014 3378 2226 3450 abjecti
2283 3377 2654 3450 philosophi!
2685 3395 2716 3434 ο
2748 3378 2938 3435 idiotas
2969 3379 2982 3434 ι
3014 3397 3046 3436 o
3098 3379 3380 3436 insentati
3427 3394 3666 3451 graves-

2015 3482 2126 3535 que
2159 3465 2350 3533 corde,
2385 3464 2530 3520 nihil
2561 3466 2690 3521 sani
2721 3466 3005 3522 habentes
3035 3467 3047 3522 l
3084 3467 3366 3539 Deinceps
3395 3467 3572 3524 urbes
3604 3469 3663 3523 et

2017 3571 2191 3610 naves
2215 3554 2385 3623 juxta
2414 3553 2752 3626 loquentem
2783 3554 2928 3610 nihil
2958 3559 3118 3624 sunt,
3152 3555 3373 3627 absque
3403 3553 3661 3612 homini-

2017 3643 2126 3698 bus
2159 3643 2218 3698 in
2252 3641 2337 3698 eis
2369 3641 2820 3700 exsistentibus:
2857 3644 3144 3716 templum
3176 3649 3235 3700 et
3255 3643 3512 3701 Ecclesia
3535 3643 3662 3714 Dei,

2016 3733 2210 3804 quoad
2242 3731 2508 3788 divinum
2541 3731 2762 3788 clerum
2795 3737 2852 3790 et
2883 3751 2952 3790 ea
2979 3749 3106 3805 qua
3137 3738 3407 3806 spectant
3437 3733 3508 3790 ad
3561 3747 3666 3790 eos

2016 3839 2110 3879 res
2140 3826 2284 3878 sunt
2313 3837 2686 3894 supervacuae
2711 3819 2724 3876 ι

2085 3930 2176 3984 20.
2210 3929 2280 3985 Et
2307 3933 2370 3985 tu
2404 3929 2666 4001 quidem,
2701 3929 3044 4002 nuptiarum
3091 3929 3350 4001 inimice,
3403 3929 3664 4003 teipsum

2017 4034 2374 4074 annumeras
2405 4033 2541 4073 cum
2582 4019 2755 4074 domo
2785 4024 2907 4089 tua,
2956 4023 3267 4091 totumque
3305 4020 3365 4074 in
3413 4036 3482 4076 ea
3531 4033 3666 4075 esse

2017 4105 2351 4174 concludis;
2384 4111 2442 4162 et
2467 4123 2672 4162 verum
2721 4107 2888 4163 dicis.
2939 4108 3009 4163 Et
3057 4107 3226 4164 illum
3275 4108 3511 4180 quidem
3560 4105 3668 4179 qui

2009 4194 2156 4266 jacit
2184 4194 2408 4267 lapides
2441 4199 2644 4251 contra
2702 4213 2962 4267 murum,
3022 4197 3094 4252 ad
3140 4201 3197 4253 te
3246 4197 3665 4270 pertinentem,

2018 4283 2326 4357 paululum
2357 4283 2662 4355 inerepas:
2696 4283 2864 4340 illum
2896 4301 3026 4342 vero
3057 4287 3374 4356 quicontra
3398 4286 3666 4358 teipsum

2009 4373 2285 4444 jacuerit,
2309 4373 2544 4444 judicas
2567 4376 2625 4428 et
2655 4374 3035 4430 condemnas.
3069 4375 3186 4430 Nos
3217 4379 3434 4441 autem,
3468 4373 3667 4429 Eccle-

2019 4463 2192 4529 siam,
2229 4463 2408 4518 Deum
2439 4461 2542 4518 tali
2567 4463 2805 4533 justitia
2836 4463 3070 4534 privas:
3103 4469 3162 4518 et
3192 4463 3511 4519 Ecclesiam
3569 4462 3668 4518 ho-

2020 4568 2234 4607 norans
2261 4551 2478 4619 verbis,
2513 4552 2744 4608 actibus
2778 4552 3083 4623 injuriosis
3140 4556 3377 4617 tractas,
3426 4566 3669 4607 venere-

256 4643 424 4713 αὖτὴν
483 4643 565 4704 οῖς
624 4641 910 4717 πράττεις,
962 4641 1153 4695 σεπτὸν
1212 4641 1308 4712 μὶν
1335 4641 1470 4694 εἶναι
1512 4641 1614 4708 τήν
1672 4637 1904 4708 Ἐκκλη-

2022 4639 2197 4696 bilem
2251 4656 2379 4696 esse
2437 4640 2675 4711 quidem
2759 4639 3036 4696 dictitans
3121 4639 3467 4710 Ecclesiam,
3549 4656 3666 4696 non

257 4732 370 4786 σίαν
423 4731 760 4810 ῥητορεόων,
812 4729 873 4785 οὐ
919 4733 1166 4785 τοιοῦτον
1225 4726 1282 4784 δὲ
1337 4727 1401 4784 τὸ
1458 4725 1908 4798 ἐκκλησιαστικὸν

258 4819 450 4891 φῦλον.
512 4823 761 4896 Ἀγνοεῖς
821 4821 945 4896 ἄρα,
1000 4819 1030 4874 6'
1084 4819 1136 4874 τί
1195 4818 1326 4873 ποτέ
1383 4817 1526 4873 ἐστιν
1587 4815 1907 4886 Ἐκκλησία.

259 4912 336 4968 Οὔ
363 4916 514 4966 νοεῖν
553 4931 648 4983 μοι
679 4907 880 4981 δοκεῖς,
930 4909 1004 4973 ὡς
1061 4904 1242 4982 ἕτερον
1296 4908 1390 4980 μέν
1418 4927 1505 4962 τοι
1564 4907 1591 4961 6
1617 4907 1743 4970 ναὸς
1775 4906 1911 4982 πρός

256 5021 315 5076 γε
343 4994 760 5077 ἀκριϐολογίαν,
791 4995 972 5073 ἓτερον
1007 4994 1065 5052 δὲ
1094 4999 1129 5067 ἡ
1164 4994 1482 5067 Ἐκκλησία.
1551 4997 1612 5053 Ὁ
1668 4995 1760 5068 μὶν
1808 4997 1909 5070 γὰρ

257 5088 458 5162 κτίσμα
514 5089 791 5164 τεχνικὸν,
850 5085 1229 5161 ἀφωρισμένον
1287 5089 1366 5156 τῷ
1417 5089 1550 5157 Θεῷ·
1609 5087 1643 5154 ἡ
1679 5082 1736 5139 δὲ
1791 5084 1912 5161 σόγ-

256 5176 458 5249 κλητος
486 5178 606 5254 ἱερὰ
632 5176 830 5249 κλητοὶ
861 5180 977 5248 Θεῷ
1031 5172 1248 5250 ἄνδρες,
1294 5169 1542 5250 πρόϐατα
1599 5173 1910 5247 καλούμενα

257 5273 371 5339 Θεῷ
417 5270 536 5322 κατ’
589 5262 785 5340 ὄνομα.
848 5265 1140 5338 Ἐλεοῦμεν
1192 5261 1320 5324 τοὺς
1367 5262 1505 5317 κατά
1551 5263 1609 5317 σε
1655 5263 1910 5325 νοοῦντας

262 5353 536 5431 ἄνθρωπε,
565 5355 900 5432 οίκτείρομεν
959 5360 1059 5424 τῆς
1119 5349 1401 5429 έλαφρίας,
1436 5350 1781 5424 θαυμάζομεν
1813 5353 1910 5420 τῆς

261 5445 486 5521 ἀκαίρου
566 5451 838 5520 πεισμονῆ
850 5466 896 5516 ς,

266 5536 420 5593 Θεόν.

332 5647 437 5698 κα¹.
488 5641 562 5702 Οὔ
624 5643 730 5717 μὴν
788 5638 936 5698 ἀλλᾶ
1001 5637 1172 5702 οὕτως
1241 5638 1294 5692 οἱ
1340 5635 1566 5710 ἀμαθεὶς
1620 5636 1719 5706 τὴν
1779 5635 1912 5712 ἀγα·

251 5747 362 5799 πην
425 5728 742 5810 ψεύδονται,
800 5728 962 5789 Ἀλλ’
1017 5731 1182 5804 ἡμεῖς
1210 5730 1328 5791 τοῖς
1387 5721 1605 5796 εἰδόσιν,
1638 5723 1828 5782 ὁποῖόν
1858 5745 1912 5783 τι

1553 5439 1741 5503 λυπεῖς
1815 5441 1906 5496 τὸν

978 5441 1307 5518 μεμφόμεθα
1389 5439 1472 5502 οἷς

2018 4735 2213 4784 autem
2247 4727 2520 4784 similiter
2548 4728 3007 4785 ecclesiasticam
3040 4730 3280 4784 tribum.
3307 4730 3548 4800 Ignoras
3572 4745 3664 4784 er-

2020 4834 2092 4890 go
2122 4817 2260 4887 quid
2290 4817 2530 4872 tandem
2564 4817 2644 4872 sit
2672 4816 2951 4873 Ecclesia.
2985 4817 3150 4873 Haud
3208 4817 3464 4890 cogitare
3517 4817 3664 4873 mihi

2020 4905 2254 4972 videris,
2289 4905 2447 4960 aliud
2477 4904 2737 4976 quidem,
2770 4910 2834 4961 ut
2865 4905 3095 4978 proprie
3124 4905 3460 4979 loquamur,
3511 4911 3662 4963 tem-

2020 4994 2205 5067 plum,
2238 4993 2398 5050 aliud
2431 4998 2626 5049 autem
2660 4993 3004 5050 Ecclesiam.
3039 4995 3185 5052 Illud
3220 4997 3459 5067 quidem
3509 4997 3667 5053 enim

2018 5087 2108 5140 est
2137 5082 2454 5138 artiﬁciosa
2484 5083 2860 5152 constructio,
2895 5084 3011 5140 Deo
3048 5089 3360 5158 separata;
3396 5085 3496 5142 illa
3532 5103 3668 5142 vero

2019 5189 2184 5228 sacer
2213 5177 2414 5238 cretus,
2449 5172 2719 5228 homines
2747 5173 2841 5228 Dei
2874 5173 3084 5239 vocati,
3115 5191 3250 5230 oves
3283 5173 3380 5229 Dei
3429 5174 3665 5230 nomine

2021 5262 2206 5317 dictas.
2231 5261 2348 5317 Nos
2372 5261 2722 5318 miseremus
2751 5265 2809 5317 et
2830 5262 3064 5319 illorum
3105 5264 3201 5335 qui
3238 5264 3409 5335 juxta
3439 5267 3497 5318 te
3528 5279 3664 5319 sen-

2019 5353 2196 5421 tiunt,
2231 5351 2407 5408 homo
2437 5377 2450 5420 ;
2482 5351 2836 5408 miseremur
2864 5351 3139 5422 levitatis,
3174 5353 3462 5409 miramur
3497 5353 3664 5426 inop-

2019 5445 2328 5513 portunam
2366 5441 2920 5514 praesumptionem;
2963 5457 3030 5498 ea
3086 5442 3302 5514 quibus
3350 5441 3666 5500 contristes

2019 5531 2230 5598 Deum,
2259 5531 2679 5602 vituperamus.

2090 5638 2181 5693 21.
2215 5636 2341 5695 Non
2399 5653 2567 5695 secus
2622 5637 2814 5712 ignari
2869 5638 3215 5696 charitatem
3273 5639 3664 5697 mentiuntur.

2021 5727 2132 5785 Sed
2156 5741 2264 5785 nos
2295 5726 2617 5786 scientibus
2648 5727 2820 5801 quale
2850 5727 2929 5787 sit
2977 5729 3217 5789 bonum.
3273 5745 3405 5788 ecce
3451 5746 3667 5804 propo-
