4114 6200
433 354 553 416 599

1207 355 1629 419 EUSTATHII
1672 357 2439 420 THESSALONICENSIS
2483 357 3067 418 METROPOLITE

3737 357 3863 416 600

434 485 667 543 suimus
696 501 825 542 eam
857 487 1268 560 negotiationis
1300 490 1470 545 modo
1503 490 1963 559 commodantes,
2013 493 2077 545 ut

2204 486 2386 564 ἱγαθόν
2420 485 2584 554 ἐστιν,
2619 482 2739 540 ἴδοὺ
2770 487 3168 562 παρατιθέαμεν
3231 487 3399 555 αὐτὴν
3445 483 3858 556 ἐκδανείζοντες

436 579 608 632 antea
640 575 865 631 dictum
903 576 1030 647 fuit,
1066 582 1127 632 ut
1156 594 1258 649 per
1284 576 1448 632 illam
1498 582 1554 633 et
1599 595 1700 634 vos
1752 577 2072 652 locuplete-

434 663 581 719 mini
614 665 895 734 nobisque
924 666 1298 722 commodum
1328 666 1604 736 atferatis,
1653 684 1780 722 eam
1831 684 1958 738 quae
2008 683 2076 722 ex

437 757 550 809 Deo
581 758 671 810 est
701 753 1102 811 examinantes
1119 761 1176 811 et
1200 755 1358 812 velut
1389 756 1576 829 ipsius
1609 757 1745 812 boni
1799 756 2077 813 mensarii

436 843 772 915 probantes,
805 843 1016 899 deinde
1063 861 1197 900 eum
1237 863 1300 902 ea
1358 863 1484 919 quae
1545 864 1614 902 ex
1671 848 1934 902 demone
1989 849 2080 902 est

432 936 856 1004 comparantes,
875 937 930 988 et
957 932 1110 990 hanc
1133 934 1371 1006 quidem
1395 934 1780 1007 declinantes,
1815 935 2076 991 divinam

436 1036 570 1076 vero
619 1021 954 1092 probantes.
1016 1024 1528 1090 Quemadmodum
1571 1025 1728 1081 enim
1777 1023 1944 1082 nulla
1990 1028 2082 1081 est

439 1103 774 1166 communio
803 1109 922 1167 luci
952 1113 1024 1168 ad
1049 1113 1342 1184 tenebras,
1373 1114 1456 1170 ita
1484 1131 1589 1172 nec
1631 1114 1896 1172 charitati
1953 1131 2079 1186 quae

440 1199 767 1255 secundum
797 1201 1086 1278 optimum
1119 1203 1434 1260 Dominum
1465 1210 1574 1276 est,
1607 1206 1681 1260 ad
1711 1221 1840 1261 eam
1865 1223 1992 1278 qua:
2015 1221 2084 1261 ex

440 1288 701 1362 pessimo
732 1277 994 1346 daemone
1022 1291 1196 1350 venit.

510 1394 601 1448 22.
635 1394 936 1466 Proposito
978 1414 1115 1469 ergo
1172 1398 1335 1455 vobis
1390 1401 1463 1456 ad
1522 1401 1711 1458 fcsnus
1757 1401 2082 1470 oharitatis,

441 1482 594 1538 bono
623 1499 822 1553 aureo,
851 1501 1017 1556 paene
1042 1486 1308 1557 dixerim,
1333 1489 1475 1545 solis
1493 1489 1693 1558 simili,
1717 1491 1988 1563 adjiciam
2026 1491 2084 1546 in

442 1588 642 1643 parem
660 1571 971 1630 utilitatem
987 1575 1162 1632 etiam
1179 1583 1417 1633 caeteras
1433 1579 1531 1650 huj
1543 1581 1771 1636 usmodi
1787 1580 2082 1648 materias,

445 1677 595 1732 quas
616 1661 674 1716 in
693 1661 826 1718 sinu
854 1663 1203 1722 eollocantes
1225 1672 1282 1722 et
1302 1667 1455 1723 sicut
1477 1669 1564 1724 fas
1602 1675 1692 1725 est
1718 1676 2086 1726 commutan-

447 1753 560 1820 tes,
581 1749 864 1808 salutaria
881 1769 982 1825 per
997 1770 1095 1811 eas
1115 1755 1292 1811 etiam
1319 1757 1717 1814 lucrifacietis.
1751 1759 1876 1814 Non
1903 1759 2088 1814 habeo

2181 579 2689 652 πραγματευτικῶς,
2724 575 2795 636 ὡς
2830 573 3020 630 ἀνόπιν
3057 574 3388 647 λελάλητατ,
3419 573 3514 629 *ἱνα
3565 573 3638 630 δι’
3683 575 3860 645 αὐτῆς

2181 666 2271 720 καὶ
2333 666 2488 738 ὑμεῖς
2534 662 2924 737 πλουτισθῆτε,
2997 665 3085 719 καὶ
3153 667 3302 738 ἡμᾶς
3363 663 3856 743 προσοφελήσητε,

2188 753 2564 830 βασανίσαντες
2593 753 2793 824 ταύτην
2823 754 2923 822 τὴν
2979 757 3076 809 τοῦ
3103 755 3258 823 Θεοῦ,
3291 754 3382 809 καὶ
3415 753 3490 816 ὡς
3526 753 3699 810 αὐτοῦ
3729 775 3860 829 τρα-

2184 849 2398 914 πεζῖται
2473 843 2663 920 ἀγαθοὶ
2736 840 3150 916 δοκιμάσαντες,
3210 843 3325 898 εἶτα
3401 841 3492 897 xui
3551 841 3859 919 ἀντιπαρα-

2187 933 2360 998 θὲντες
2410 933 2472 987 τὸ
2548 929 2922 1006 δαιμονιώδει,
3001 931 3093 987 xui
3165 932 3337 1001 αὐτὴν
3404 931 3502 1005 μὶν
3557 929 3864 1007 παρεκκλί-

2185 1043 2383 1094 ναντες,
2435 1023 2534 1092 τήν
2578 1019 2634 1076 δὲ
2689 1021 2828 1076 θείαν
2889 1020 3401 1097 ἐγκολπωσάμενοιο
3463 1019 3549 1077 ὅτι
3609 1017 3864 1094 μηδεμία

2187 1111 2467 1185 κοινωνία,
2519 1111 2698 1187 ὥσπερ
2759 1108 2884 1166 οὐδὲ
2910 1112 3048 1188 φωτὶ
3077 1111 3216 1188 πρὸς
3249 1111 3464 1182 σκότος,
3517 1109 3700 1172 οὕτως
3735 1106 3864 1164 οὐδὲ

2191 1200 2388 1278 ἀγάπῃ,
2417 1204 2486 1275 τῇ
2519 1201 2652 1256 κατᾶ
2678 1201 2769 1256 τὸν
2802 1199 3116 1276 πανάγαθον
3175 1199 3398 1276 Κύριον,
3432 1201 3572 1277 πρὸς
3603 1199 3709 1268 τὴν
3763 1197 3861 1254 τοῦ

2190 1291 2470 1366 παγκάκου
2503 1287 2785 1364 δαίμονος.

2263 1392 2364 1454 κδ’.
2427 1391 2890 1472 Προϐεϐλημὲνου
2962 1401 3094 1471 γοῦν
3174 1398 3302 1470 ὑμῖν
3367 1395 3444 1460 εἷς
3525 1393 3692 1460 δάνος
3765 1401 3864 1453 τοῦ

2192 1486 2332 1541 κατὰ
2375 1487 2475 1555 τήν
2552 1487 2764 1561 ἀγάπην
2842 1489 3038 1556 καλοῦ,
3112 1491 3212 1541 τοῦ
3269 1487 3530 1561 χρυσὲου,
3591 1486 3756 1562 ἔγγὺς
3814 1485 3868 1542 δὶ

2197 1574 2364 1630 εἰπεῖν
2395 1573 2463 1630 δι’
2520 1577 2678 1630 αυτὸν
2735 1573 2827 1629 καὶ
2857 1572 3160 1645 ήλιώδους,
3221 1577 3518 1650 προσθήσω
3549 1574 3627 1638 εἷς
3664 1577 3867 1650 ὁμοιον

2197 1662 2362 1740 χρὲος
2387 1664 2472 1719 xui
2509 1661 2704 1726 λοιπὰς
2734 1665 2986 1725 τοιαύτας
3019 1663 3176 1735 ὕλας,
3211 1663 3274 1726 ἃς
3300 1663 3405 1718 ὐπὸ
3448 1661 3651 1736 κόλπῳ
3703 1664 3868 1737 θέμε-

2197 1774 2282 1807 νοι
2336 1754 2424 1808 καὶ
2481 1751 2931 1824 καταλλάξαντες.
3006 1753 3083 1816 ὡς
3140 1753 3344 1828 χρεὼν,
3407 1750 3726 1826 κερδανεῖτε
3777 1753 3868 1808 καὶ

449 1853 586 1895 vero
615 1842 985 1909 contendere,
1018 1860 1123 1899 nec
1154 1861 1244 1901 me
1278 1847 1531 1917 praebere
1560 1848 1914 1915 cautionem,
1935 1848 2089 1918 quod

2204 1839 2266 1896 δι’
2325 1842 2501 1897 αὐτῶν
2553 1842 2621 1896 τὰ
2649 1843 2912 1917 σωτήρια.
2943 1841 3062 1899 Οὐκ
3105 1837 3222 1916 ἔχω
3279 1838 3338 1896 δὲ
3367 1840 3866 1917 ἀπισχυρίσασθαι,

453 1927 702 1984 habeam
733 1931 1033 1986 numisma
1059 1933 1223 1988 vobis
1253 1935 1458 1990 oﬂerre
1491 1936 1848 1992 numismate
1903 1935 2091 1991 chari-

452 2016 591 2073 tatis
622 2019 956 2091 septuplum
987 2028 1234 2094 purgato
1282 2026 1599 2094 pretiosius
1655 2043 1722 2082 ac
1764 2025 2089 2097 pulchrius.

451 2105 662 2163 Omnia
688 2107 867 2177 enim,
898 2112 1314 2184 iquaacumque
1359 2114 1522 2169 vobis
1573 2115 1643 2169 ad
1688 2114 2094 2186 accipiendum

449 2211 772 2266 proponam
805 2196 908 2252 tali
939 2215 1080 2255 auro
1111 2202 1425 2257 eommista
1449 2207 1605 2258 sunt.
1637 2203 1794 2258 Licet
1823 2220 1980 2259 aenea
2009 2202 2092 2258 vi-

449 2284 701 2340 deantur
728 2302 856 2350 esse
907 2290 1168 2358 quaedam
1220 2292 1676 2362 prepositorum,
1731 2297 1986 2348 attamen
2034 2296 2094 2348 et

446 2371 579 2444 ipsa
608 2373 910 2431 charitatis
937 2393 1079 2433 auro
1111 2379 1586 2450 commiscentur,
1620 2385 1678 2437 et
1701 2380 1834 2437 ideo
1891 2380 2094 2453 splen-

449 2460 652 2518 didam
683 2461 904 2520 habent
930 2465 1302 2537 dignitatem.

519 2639 611 2695 23.
642 2640 882 2700 Habetis
909 2643 1043 2700 dein
1073 2661 1108 2700 a
1136 2645 1306 2702 nobis
1337 2651 1394 2702 et
1419 2646 1582 2703 aliud
1616 2647 1900 2704 talentum
1958 2664 2093 2704 con-

453 2728 675 2786 ducens
704 2730 778 2786 ad
811 2731 1295 2802 misericordiam,
1329 2740 1386 2791 et
1408 2735 1559 2792 hanc
1588 2741 1723 2792 ante
1754 2737 1900 2793 alios
1957 2753 2096 2810 erga

453 2833 568 2874 me.
600 2817 726 2874 Non
779 2821 934 2877 enim
992 2823 1203 2881 essetis
1260 2824 1689 2896 misericordes,
1747 2828 1798 2881 si
1855 2827 2094 2898 quidem

453 2907 767 2976 seniorem,
786 2909 1002 2967 alicubi
1021 2917 1338 2984 repertum,
1361 2930 1632 2986 egenum,
1663 2917 2095 2973 mendicantem

453 2995 840 3067 miseremini,
876 3018 993 3057 non
1024 3006 1256 3059 tantum
1288 3003 1654 3076 simpliciter,
1685 3006 1787 3062 sed
1819 3007 1888 3061 ad
1937 3023 2094 3063 com-

455 3084 938 3154 municationem,
971 3106 1214 3164 eamque
1235 3092 1480 3165 largam,
1511 3109 1636 3149 cum
1667 3094 1875 3150 anima;
1894 3094 2098 3150 volun-

453 3177 546 3242 tas
575 3185 922 3248 compuncla
951 3184 1076 3249 est;
1110 3197 1203 3236 me
1243 3186 1436 3238 autem
1488 3183 1851 3256 decrepitum
1908 3185 2098 3241 senio-

453 3279 600 3330 rem,
633 3266 827 3323 omnis
856 3269 1092 3339 quidem
1125 3269 1360 3327 virtutis
1392 3277 1708 3344 expertem,
1736 3291 1850 3329 non
1899 3278 2094 3331 autem

454 3351 554 3423 qui
587 3353 1047 3414 misericordiam
1099 3365 1492 3433 consequatur
1523 3361 1854 3434 indignum,
1905 3363 2096 3420 modis

454 3442 731 3501 omnibus
789 3446 1108 3518 tribulatis,
1174 3467 1290 3506 non
1366 3456 1732 3523 reputantes,
1808 3453 1962 3524 quod
2037 3453 2096 3510 in

454 3538 746 3605 quantum
772 3537 918 3593 mihi
951 3539 1196 3596 minimo
1247 3558 1361 3597 non
1413 3541 1606 3598 facitis
1663 3541 1885 3613 aliquid
1937 3543 2096 3615 boni,

454 3639 562 3679 nec
592 3624 709 3681 Deo
743 3626 950 3684 tacitis.
979 3629 1049 3684 Et
1077 3630 1160 3686 sic
1217 3631 1454 3702 quidem
1518 3631 1914 3688 miserandum
1962 3633 2097 3705 mei,

453 3713 630 3769 vestri
661 3716 969 3789 supplicis,
1001 3724 1059 3775 et
1089 3720 1332 3791 gratuiti
1363 3720 1642 3787 ministri,
1675 3721 1734 3776 in
1768 3721 1851 3776 eis
1909 3721 2098 3794 primo

458 3803 677 3873 quibus
733 3812 982 3879 oportet,
1014 3808 1149 3865 licet
1207 3809 1350 3865 alias
1423 3810 1802 3877 incommodi,
1887 3811 1948 3866 in
2005 3810 2100 3868 his

459 3892 673 3964 quibus
697 3911 729 3948 a
752 3911 844 3951 me
865 3913 979 3953 non
996 3897 1302 3969 possibilia
1323 3898 1649 3955 ministeria
1695 3899 2098 3972 requiruntur.

457 3980 670 4039 Deinde
701 3989 939 4044 caeteros
969 4003 1202 4059 quoque
1234 3987 1589 4044 miseremini
1624 3989 1853 4057 fratres,
1911 4007 2099 4061 quan-

457 4074 584 4127 tum
612 4073 888 4144 possibile
908 4079 1016 4144 est,
1040 4080 1277 4148 propter
1297 4077 1392 4132 Dei
1419 4094 1699 4134 amorem.
1737 4078 1878 4134 Hine
1923 4078 2097 4134 etiam

457 4158 676 4217 talento
695 4163 1185 4236 superimponens
1207 4165 1482 4222 solatium
1505 4166 1564 4224 in
1589 4166 1940 4224 mmrorihus
1963 4183 2098 4223 cum

458 4248 674 4322 aliquis
701 4252 884 4308 frater
913 4252 1240 4311 insolabilis
1270 4259 1378 4323 est,
1438 4256 1496 4310 in
1555 4255 1639 4313 eis
1688 4274 1815 4329 quis
1859 4273 1952 4312 me
2009 4272 2100 4312 re-

457 4338 718 4411 spiciunt
747 4340 969 4414 aliquid
1002 4341 1213 4399 similis
1244 4344 1532 4416 efﬂagito;
1575 4350 1630 4401 et
1681 4362 1786 4418 ego
1838 4345 2097 4418 quidem,

459 4429 572 4486 Deo
595 4433 929 4503 praestante,
960 4430 1180 4490 talibus
1211 4433 1438 4490 solatiis
1469 4434 1626 4491 dives
1660 4452 1814 4491 sum.

527 4537 618 4594 24.
646 4541 793 4594 Sunt
821 4543 1019 4596 tamen
1051 4539 1234 4614 aliqui
1266 4542 1715 4611 mensurabiles,
1739 4543 1810 4598 de
1833 4541 2048 4615 quibus
2070 4557 2102 4598 θ

2201 1928 2326 1986 οὐδὲ
2384 1930 2741 2006 ἐγγυήσασθαι
2791 1929 3049 2002 ἐμαυτὸν,
3109 1929 3184 1993 ὡς
3245 1931 3467 2002 εὐπορῶ
3515 1929 3756 1986 κάλλιόν
3818 1951 3869 1986 τι

2199 2020 2288 2074 xui
2347 2017 2714 2094 δοκιμώτερον
2775 2019 3046 2083 ἀναθεῖναι
3102 2018 3346 2092 νόμισμα
3396 2019 3525 2091 ὑμῖν
3573 2023 3674 2074 τοῦ
3722 2020 3865 2074 κατὰ

2197 2111 2296 2178 τὴν
2332 2110 2543 2184 ἀγάπην
2577 2106 2962 2170 ἑπταπλασίως
2989 2106 3473 2184 κεκαθαρισμωου.
3513 2108 3701 2164 Πάντα
3755 2109 3862 2184 γὰρ

2200 2197 2374 2272 οπόσα
2403 2199 2529 2270 ύμῖν
2559 2202 2889 2272 παραθῶμαι
2919 2196 2997 2259 εἷς
3045 2194 3338 2271 ἀνάληψιν,
3387 2201 3581 2272 χρυσῷ
3618 2198 3865 2270 τοιούτῳ

2201 2287 2700 2362 συνανακὲκρανται·
2733 2285 2830 2341 κᾶν
2865 2285 2910 2340 εὶ
2935 2285 3026 2340 καὶ
3055 2284 3269 2362 χάλκεα
3296 2282 3501 2340 δοκεῖεν
3552 2283 3696 2341 είναί
3741 2306 3869 2340 τινα

2199 2381 2305 2432 τῶν
2339 2373 2889 2452 παρατεθησομὲνων,
2921 2371 3069 2430 ἀλλὰ
3096 2373 3187 2430 καὶ
3236 2373 3372 2432 αὐτὰ
3412 2378 3606 2449 χρυσῷ
3653 2372 3870 2447 ἀναμὲο

2207 2485 2392 2538 μικται
2423 2465 2764 2541 άγαπητικῷ,
2795 2464 2887 2519 καὶ
2917 2460 3007 2518 διὰ
3033 2467 3196 2519 τοῦτο
3230 2461 3539 2537 σεμνότητα
3570 2459 3692 2539 ἔχει
3723 2483 3869 2539 προ-

2203 2550 2544 2626 λάμπουσαν.

2273 2643 2380 2717 κγ’.
2409 2643 2605 2717 Ἔχετε
2635 2638 2702 2709 δὴ
2735 2639 2784 2714 ἐξ
2815 2641 2979 2714 ἡμῶν
3019 2639 3110 2697 καὶ
3141 2637 3284 2696 ἄλλο
3313 2638 3588 2696 τάλαντον
3645 2660 3872 2715 παραγ-

2200 2729 2401 2807 γὲλλον
2452 2729 2526 2793 εἷς
2581 2728 2732 2785 ἔλεον
2749 2775 2782 2824 J
2841 2729 2931 2784 xui
2994 2728 3152 2784 αὐτὸν
3220 2728 3329 2802 πρό
3387 2750 3448 2805 γε
3502 2733 3609 2783 τῶν
3672 2727 3872 2785 ἄλλων

2205 2821 2282 2884 εἰς
2326 2820 2441 2894 ἐμὲ.
2476 2817 2644 2890 Εἷήτε
2683 2816 2786 2895 γάρ
2831 2816 2890 2874 ἂν
2939 2819 3038 2875 οὐκ
3084 2817 3404 2892 ἐλεήμονες,
3449 2818 3602 2894 εἴπερ
3629 2817 3871 2895 γέροντα

2208 2911 2325 2984 μὶν,
2359 2907 2414 2966 εἷ’
2436 2931 2542 2965 που
2565 2908 2750 2985 τύχοι,
2799 2909 3046 2984 πτωχὸν,
3096 2911 3491 2981 μεταιτήςαντα
3537 2907 3867 2984 οἱκτείρετε,

2202 2999 2291 3054 xui
2323 2998 2431 3074 οὐχ
2461 2999 2673 3064 ἁπλῶς,
2731 2995 2878 3053 ἀλλὰ
2917 2997 3007 3052 καὶ
3058 2997 3134 3059 εἷς
3176 2994 3487 3070 μετάδοσιν,
3545 2997 3637 3052 xui
3688 2996 3865 3068 αὐτὴν

2205 3075 2388 3165 ἁδρὰν,
2420 3088 2509 3149 ὅτε
2554 3089 2824 3162 κατανυγῇ
2873 3087 2936 3141 τὸ
2971 3085 3306 3163 βουλόμενον
3337 3092 3437 3157 τῆς
3469 3089 3678 3161 ψυχῆς.
3724 3087 3870 3159 Ἐμὶ

2206 3177 2264 3234 δὲ
2291 3178 2491 3254 σαπρὸν
2524 3178 2773 3253 γέροντα,
2810 3174 3167 3252 πτωχεύοντα
3225 3176 3320 3248 μὲν
3363 3175 3561 3250 ἀρετῆς
3619 3174 3866 3246 ἁπάσης,

2207 3267 2306 3323 οὐκ
2333 3268 2544 3339 ἀνάξιον
2589 3264 2648 3321 δὲ
2705 3264 2890 3321 οἷ’κτου
2945 3265 3257 3341 τυγχάνειν,
3317 3259 3532 3330 θλίϐετε
3589 3263 3872 3341 πολυτρό-

2205 3380 2345 3432 πως,
2379 3358 2477 3414 οὐκ
2505 3355 2922 3429 ἐνθυμούμενοι,
2953 3353 3060 3425 δτι,
3090 3353 3173 3430 ἐφ’
3220 3352 3343 3409 ὅσον
3405 3353 3529 3426 ἐμοὶ
3581 3351 3870 3430 ἐλαχίστῳ

2209 3446 2325 3504 ὄντί
2356 3447 2417 3503 οὐ
2449 3445 2655 3502 ποιεῖτὲ
2681 3467 2735 3501 τι
2767 3444 2989 3520 ἀγαθὸν,
3044 3441 3170 3498 οὐδὲ
3198 3441 3277 3515 τῷ
3306 3446 3425 3514 Θεῷ
3483 3447 3711 3500 ποιεῖτε.
3762 3444 3869 3498 Καὶ

2208 3537 2351 3593 οὕτω
2432 3537 2525 3611 μὲν
2603 3533 2856 3605 ἐλεητὲον
2931 3536 3149 3608 πρῶτον
3235 3530 3352 3605 ἐμὲ,
3421 3532 3516 3589 τὸν
3597 3533 3869 3607 ὑμέτερον

2207 3626 2434 3703 εὐχὲτην
2465 3627 2555 3681 καὶ
2586 3624 2815 3699 ἄμισθον
2877 3623 3172 3699 ὑπουργὸν,
3231 3620 3313 3697 ἐφ’
3369 3622 3448 3684 οἷς
3510 3621 3622 3677 ἐστι
3653 3623 3867 3697 χρεὼν,

2206 3716 2252 3772 εἰ
2308 3715 2396 3771 καὶ
2455 3713 2641 3778 ἄλλως
2674 3711 3038 3788 δύσχρηστον,
3087 3711 3141 3766 ἐν
3190 3711 3273 3774 οἷς
3305 3711 3640 3784 άπαιτοῦμαι
3673 3711 3742 3765 τά
3783 3712 3864 3783 μή

2205 3807 2342 3882 πρὸς
2374 3803 2564 3882 ἰσχύος
2624 3801 3008 3875 δουΑιύματα·
3068 3800 3181 3856 εἶτα
3237 3798 3533 3855 συνελεείτε
3578 3799 3670 3854 καὶ
3727 3799 3866 3862 τοὺς

2208 3894 2437 3958 λοιποὺς
2469 3891 2757 3970 ἀδελφοὺς,
2807 3891 2883 3954 εἷς
2933 3887 3061 3947 ὅσον
3099 3889 3212 3946 ἐστὶ
3269 3885 3518 3965 δύναμις,
3580 3885 3671 3943 διὰ
3726 3890 3867 3965 ἀγά-

2207 4007 2316 4056 πην
2352 3988 2504 4041 Θεοῦ.
2555 3983 2748 4055 Τούτῳ
2794 3985 2874 4054 τῷ
2919 3980 3172 4053 ταλάντῳ
3201 3977 3713 4056 προσεπιφορτίζων
3768 3979 3861 4032 καὶ

2211 4097 2240 4127 ‹‹
2269 4073 2330 4128 τὸ
2351 4073 2404 4128 ἐν
2434 4071 2634 4134 λύπαις
2681 4072 3021 4146 παρήγορον,
3071 4093 3101 4124 ››
3155 4066 3245 4124 ὅτε
3275 4088 3360 4132 τις
3389 4063 3626 4144 ἀδελφὸς
3657 4066 3868 4140 ἀπαράο

2208 4163 2418 4234 κλητυς
2445 4160 2552 4235 εἴη,
2575 4164 2882 4233 ποτνιῶμαι
2917 4155 2994 4221 εἵς
3021 4179 3072 4213 τι
3103 4156 3296 4231 ὅμοιον
3330 4156 3417 4212 xui
3455 4154 3586 4231 ὑπὲρ
3612 4160 3720 4212 τῶν
3744 4157 3867 4212 κατ’

2208 4253 2324 4328 ἐμὲ·
2352 4251 2443 4307 xui
2473 4249 2699 4308 πλουτῶ
2731 4250 2824 4324 μὶν
2851 4247 2984 4324 ἐγὼ,
3017 4251 3150 4305 Θεοῦ
3182 4244 3450 4317 διδόντος,
3487 4246 3865 4323 παρηγορίαις

2205 4363 2505 4406 τοιαυταις.

2281 4535 2379 4596 κδ’.
2417 4535 2533 4595 Εἰσὶ
2566 4534 2624 4592 δὲ
2649 4537 2802 4609 ὅμως
2829 4533 2973 4598 τινὲς
3007 4531 3291 4608 μετρητοὶ,
3339 4531 3418 4604 ἐφ’
3467 4532 3551 4593 οἷς
3604 4527 3858 4607 δυστυχῶ

459 4631 663 4684 contra
691 4627 844 4684 male
872 4628 1080 4700 habeo,
1104 4630 1386 4703 spinaeilli
1405 4632 1576 4687 nobis
1606 4636 1811 4701 acutaa,
1840 4631 2092 4687 divinum

2207 4629 2270 4684 τὸ
2299 4624 2590 4694 ἀνάπαλιν,
2640 4622 2864 4688 ἄκανθαι
2910 4624 3046 4695 ἡμῖν
3096 4621 3248 4676 αὐτοὶ
3295 4619 3484 4691 ὀξεῖαι,
3537 4621 3854 4695 ἁχρειοῦσαι

457 4720 691 4789 pratum
741 4718 938 4774 sterile
984 4721 1314 4793 reddentes,
1345 4721 1678 4778 amaritudo
1705 4720 1864 4776 melli
1896 4737 2104 4778 conso-

460 4806 631 4875 ciata,
665 4813 894 4866 acetum
923 4826 1039 4881 quo
1070 4810 1396 4882 spiritualis
1428 4811 1644 4868 humor
1675 4811 1964 4868 fructibus
1989 4811 2101 4866 sibi

459 4899 930 4968 competentibus
960 4900 1218 4956 orbatur.
1253 4900 1318 4955 Hi
1353 4917 1482 4956 sese
1515 4901 1711 4957 felices
1741 4918 1870 4958 esse
1901 4901 2100 4956 crede-

456 4990 606 5054 rent,
641 4987 690 5042 si
721 5005 828 5044 nos
861 5005 1244 5059 moreremur,
1275 4991 1507 5063 ipsique
1551 4991 1694 5047 coelo
1744 5008 1806 5046 se
1858 4990 2098 5062 propin-

456 5091 672 5146 quasse
701 5076 891 5133 volatu
927 5083 1220 5150 putarent,
1252 5079 1301 5136 si
1354 5097 1460 5136 nos
1509 5084 1786 5135 Tartarus
1836 5079 2097 5135 haberet.

449 5165 538 5219 Ad
571 5182 716 5236 quos
748 5165 872 5238 ipse
905 5168 1180 5234 dicerem,
1243 5186 1357 5224 non
1413 5169 1558 5239 ipsis
1605 5169 1725 5224 fore
1774 5167 1990 5232 lausta,
2048 5168 2098 5222 si

451 5271 580 5326 quae
619 5259 826 5311 contra
879 5273 986 5312 nos
1043 5263 1252 5313 vovent
1309 5259 1750 5329 perficerentur.
1815 5257 2100 5312 Ardenter

451 5344 610 5400 enim
643 5350 919 5417 exoptant
948 5346 1171 5403 malum
1207 5347 1401 5404 videre
1434 5364 1611 5418 super
1640 5363 1746 5402 nos
1781 5346 2010 5402 irruens
2042 5351 2100 5402 et

451 5435 655 5490 statim
685 5435 845 5506 ipsos
876 5440 1063 5492 morte
1111 5437 1600 5510 praecipitandos:
1659 5435 1815 5508 quod
1873 5436 2096 5492 utinam

453 5541 572 5581 non
604 5525 876 5582 videant!
909 5527 1010 5582 sed
1043 5526 1211 5584 detur
1243 5532 1300 5584 et
1329 5544 1436 5584 nos
1466 5532 1524 5583 et
1565 5527 1725 5599 ipsos
1773 5525 1982 5593 vivere,
2033 5529 2098 5582 ut

452 5614 570 5686 ipsi
593 5614 832 5687 quidem
865 5617 1196 5690 percutiant
1236 5635 1302 5676 ac
1333 5617 1660 5686 vulnerent,
1703 5620 1770 5673 ut
1815 5632 1973 5672 nunc
2004 5615 2096 5671 lse-

459 5704 649 5761 tanter
679 5704 924 5779 faciunt,
956 5706 1017 5764 in
1045 5722 1288 5777 vanum,
1316 5723 1423 5766 nos
1451 5723 1586 5766 cum
1613 5711 1810 5767 autem
1841 5705 2097 5764 admira-

2211 4723 2354 4783 θεῖον
2380 4718 2640 4788 λειμῶνα,
2666 4713 2857 4789 πικρία
2907 4710 3431 4787 παρεγχυμιζομένη
3463 4706 3670 4782 μέλιτι,
3698 4708 3856 4780 ὀξαλ-

2163 4849 2168 4854 .
2215 4829 2312 4881 μη,
2347 4803 2417 4860 δι’
2446 4806 2516 4874 ἧς
2544 4804 2607 4858 τὸ
2631 4799 2992 4874 πνευματικὸν
3029 4799 3188 4874 ὑγρὸν
3222 4797 3638 4873 άποστειροῦται
3687 4798 3755 4854 τά
3784 4797 3854 4862 εἷς

2207 4896 2572 4972 καρπογονίαν
2624 4892 2771 4964 αὐτῷ
2827 4889 3166 4964 πρέπουσαν
3245 4884 3298 4941 οτί
3357 4887 3444 4941 καὶ
3511 4883 3850 4960 εὐδαιμονεῖν

2209 4984 2413 5056 δόξαιεν
2443 4983 2526 5054 ἃν,
2555 4980 2704 5057 εἷ’περ
2736 4983 2899 5053 ἡμεῖς
2934 4977 3260 5051 θανούμεθα,
3307 4975 3396 5032 καὶ
3444 4975 3597 5046 αὐτῷ
3645 4976 3853 5051 οὐρανῷ

2207 5073 2438 5130 πελάσαι
2507 5074 2790 5144 νομιοῦσιν
2857 5066 3250 5140 ἀναπτάμενοι,
3328 5063 3414 5120 ἐὰν
3487 5065 3516 5120 ὁ
3578 5066 3854 5140 Τάρταρος

2206 5167 2354 5236 ἡμᾶς
2403 5159 2527 5232 ἕξει.
2581 5158 2726 5236 Πρὸς
2774 5156 2866 5220 οῦς
2899 5152 3114 5228 εἷ’ποιμι
3147 5154 3206 5208 ’ἀν
3241 5153 3425 5220 αὐτὸς,
3456 5150 3518 5208 οὐ
3572 5151 3718 5210 καλᾶ
3767 5173 3852 5226 γε·

2204 5253 2384 5308 νέσθαι
2416 5249 2615 5330 σφίσιν,
2657 5247 2743 5304 ἐὰν
2779 5248 2833 5302 αἱ
2873 5247 2989 5310 καθ’
3034 5245 3195 5318 ἡμῶν
3242 5242 3424 5303 αὐτοῖς
3481 5241 3851 5330 ἀποτελεσθῶ·

2208 5365 2288 5398 σιν
2343 5327 2520 5417 εὐχαί.
2558 5341 2822 5412 Ἀρῶνται
2869 5335 2969 5412 γάρ
3019 5355 3129 5390 που
3184 5332 3458 5408 ἑνθὲρμως
3508 5327 3644 5387 ἰδεῖν
3688 5331 3842 5386 κακὸν

2205 5433 2364 5498 ἐλθὸν
2419 5431 2500 5499 ἐφ’
2565 5432 2749 5502 ἡμᾶς,
2812 5425 2902 5481 καὶ
2959 5424 3147 5480 αὐτίκα
3204 5423 3418 5494 θανάτῳ
3462 5427 3843 5496 κατενεχθῆναι

2206 5521 2420 5585 αὐτούς⁸
2480 5518 2610 5594 ὅπερ
2661 5518 2737 5591 μή
2771 5513 2960 5574 ἴδοιεν.
3010 5511 3181 5572 Ἀλλὰ
3207 5512 3419 5588 γένοιτο
3448 5512 3542 5583 ζῇν
3585 5509 3677 5566 καὶ
3703 5511 3842 5583 ἡμᾶς

2203 5614 2293 5670 καὶ
2319 5608 2536 5681 αὐτοὺς,
2557 5605 2649 5662 τίνα
2677 5604 2925 5686 βάλλωσι
2971 5605 3066 5678 μὲν
3120 5600 3275 5658 αὐτοὶ
3304 5599 3393 5656 xui
3446 5599 3833 5675 τιτρώσκωσιν,

2205 5703 2282 5767 ὠς
2308 5706 2396 5758 νῦν
2450 5701 2666 5756 ποιοῦσι
2706 5695 3010 5772 χαίροντες,
3050 5692 3100 5749 ἐν
3155 5695 3356 5760 κενοῖς,
3399 5691 3562 5764 ἡμεῖς
3607 5685 3664 5745 δὲ
3710 5690 3831 5744 θαυ-
