4114 6200
339 371 433 430 601

1311 367 1391 426 ΙΝ
1435 368 1502 428 8.
1548 366 2235 439 QUADRAGESIMAM
2282 373 2572 434 ORATIO
2617 374 2694 434 ΙΙ.

3567 375 3703 437 .602

341 496 625 573 μαζώμεθα,
657 496 737 558 οἷς
762 515 821 549 τε
850 489 1084 566 ἄϐλητος.
1120 495 1347 571 μένομεν
1391 498 1480 552 καὶ
1513 497 1817 566 ἀνούτατοι,
1851 497 1940 552 καὶ

2070 501 2214 558 tione
2246 504 2604 576 aspiciamur
2633 504 2927 577 quomodo
2961 520 3307 561 maneamus
3335 503 3701 561 inviolabiles

337 590 408 648 οἷς
449 582 781 659 κερδαίνομεν
842 581 911 638 δι’
963 585 1273 658 ὑπομονῆς.
1308 588 1612 663 ΙΙροσθήσω
1640 585 1710 642 δι’
1740 587 1821 641 ὅτι
1853 585 1941 641 καὶ

335 670 780 750 παρεμυθούμεθα,
841 677 1166 746 θεωροῦντες
1217 675 1314 744 τὴν
1361 677 1477 730 κατ’
1535 675 1731 738 αὐτοὺς
1778 673 1942 749 ἁδρά-

333 784 478 830 νειαν,
509 758 582 816 ἔτι
612 758 667 815 δὲ
695 760 784 815 καὶ
817 759 871 816 εἷ’
893 766 1008 824 πῶς
1041 761 1139 837 ὀψὲ
1171 785 1301 819 ποτε
1347 766 1548 840 χρόνου
1599 767 1627 820 6
1689 766 1943 840 μέγιστος

332 850 424 906 τῶν
474 853 655 926 ψυχῶν
711 849 891 926 ἰατρὸς
950 848 1070 922 δοίη
1129 851 1500 930 ἀναφρονῆσαι
1551 853 1786 922 αὐτοὺς,
1853 853 1943 908 καὶ

332 940 484 1002 οὕτως
531 939 962 1009 ἀποκαταστῆναι
1010 940 1085 1004 εἷς
1134 941 1428 1018 σωτηρίαν·
1479 943 1547 1012 ἧς
1573 941 1721 1020 ε’ίπερ
1750 939 1946 998 ἐλπίδα

329 1033 582 1108 φοροῦσιν,
614 1027 757 1084 οὕτω
788 1033 1005 1100 ζῶντες,
1053 1029 1127 1088 ὠς
1178 1031 1298 1106 ἄρτι
1355 1033 1558 1107 βιοῦσι,
1621 1035 1946 1106 ματαιάζου-

328 1140 398 1174 σιν
448 1119 497 1173 οἱ
546 1117 786 1194 πτωχοὶ,
817 1119 906 1173 καὶ
942 1118 1017 1182 εἰς
1062 1121 1214 1175 κενὸν
1261 1119 1792 1196 ἐλπιδοκοπούμενοι
1849 1141 1943 1176 πε-

325 1208 550 1272 ποίθασιν
583 1207 659 1270 εἷς
689 1202 928 1272 ἀϐολοὺς
961 1207 1380 1281 μεταδόσεως,εἷ¹
1401 1212 1521 1266 τινά
1539 1231 1645 1267 που
1676 1212 1764 1266 καὶ
1795 1207 1949 1282 ἐλεή-

325 1294 478 1370 σοῦσί,
509 1295 580 1358 ὥς
613 1295 813 1361 ἐκεῖθεν
845 1295 1202 1373 κερδησαθτες
1221 1300 1288 1354 τὰ
1317 1303 1580 1377 σωτήρια.

380 1405 466 1461 κε’.
497 1402 592 1458 Καὶ
626 1401 787 1458 τοῦτο
824 1403 918 1478 μὶν
975 1403 1117 1461 οὕτω
1165 1427 1260 1480 μοι
1302 1411 1382 1480 τῷ
1431 1409 1567 1472 τὲως
1615 1407 1944 1485 προκείσθω.

319 1490 444 1550 Ἰδοὺ
472 1490 526 1547 δὲ
553 1495 646 1547 καὶ
679 1491 819 1548 ἀλλο
847 1492 1112 1550 τάλαντον
1145 1493 1448 1572 εὔχρηστον
1480 1499 1572 1552 καὶ
1627 1496 1787 1572 φίλον
1820 1499 1951 1572 Χρι-

319 1587 418 1654 στῷ
442 1586 519 1654 τῷ
549 1586 669 1655 θεῷ
699 1581 1125 1659 προχειρίζομαι
1155 1585 1302 1658 ὑμῖν·
1359 1586 1423 1640 τὸ
1480 1583 1536 1642 δὲ
1593 1585 1703 1642 ἐστι
1735 1612 1762 1638 ί(
1796 1587 1858 1640 τὸ
1898 1585 1950 1640 ἐν

319 1675 379 1746 τῇ
411 1672 539 1725 κατά
567 1671 662 1726 τὸν
699 1671 820 1747 βίον
879 1673 1189 1751 ἀναστροφῇ
1249 1673 1602 1751 εὖδιάκριτον,
1645 1701 1673 1727 ››
1731 1676 1777 1748 ᾧ
1839 1695 1952 1731 συν-

320 1759 646 1839 αναιραίνεται
723 1760 918 1816 αὐτίκα
1001 1762 1090 1817 καὶ
1157 1764 1220 1817 τὸ
1287 1789 1315 1816 ‹‹
1385 1764 1847 1840 συγγνωμονικόν.
1921 1787 1951 1816 ››

2053 595 2111 646 et
2134 592 2505 662 invulnerati,
2533 595 2822 666 quomodo
2854 599 2910 649 et
2938 595 3194 650 fructum
3229 611 3330 666 per
3360 593 3697 666 patientiam

2056 679 2234 736 feram
2246 683 2619 754 us.Adjiciam
2635 689 2831 739 autem
2857 684 3009 755 quod
3028 683 3699 750 consolamur,conside-

2054 773 2248 826 rantes
2281 787 2480 827 eorum
2504 772 2882 845 fragilitatem
2907 778 3329 844 sperantesque
3371 777 3434 828 ut
3463 772 3512 828 si
3549 775 3697 828 Deus

2054 857 2392 930 aliquando,
2426 862 2719 917 maximus
2777 864 3110 917 animarum
3161 861 3446 930 medicus,
3481 877 3580 916 eos
3614 877 3701 916 re-

2052 947 2330 1020 sipiscere
2359 952 2656 1019 concedat,
2683 954 2761 1006 ita
2772 951 3155 1008 restituantur
3167 951 3238 1006 ad
3250 950 3597 1006 salutemch
3598 950 3622 1021 j
3635 967 3702 1006 us

2054 1037 2163 1094 etsi
2196 1055 2358 1110 spem
2391 1039 2448 1094 in
2481 1056 2544 1096 se
2576 1040 2872 1111 ferant,sic
2903 1040 3159 1096 viventes
3190 1044 3255 1095 ut
3285 1056 3442 1095 nunc
3473 1039 3700 1107 vivunt,

2056 1142 2184 1183 eam
2219 1129 2474 1184 reddunt
2503 1129 2769 1185 inutilem
2801 1128 3096 1197 miseri,et
3114 1146 3260 1185 vana
3285 1145 3420 1200 spes
3450 1128 3701 1200 decepti,

2056 1216 2276 1274 frustra
2307 1217 2707 1275 retributionis
2720 1218 2990 1274 denarios
3012 1217 3330 1289 sperant,si
3353 1218 3524 1288 cujus
3552 1218 3701 1273 forte

2056 1305 2470 1379 misereantur,
2493 1313 2777 1379 tanquam
2812 1307 3019 1363 exinde
3070 1305 3351 1362 salutaria
3377 1305 3700 1362 lucrantes.

2125 1413 2216 1468 25.
2247 1413 2495 1468 Etistud
2519 1413 2758 1484 quidem
2777 1412 2862 1468 sic
2894 1413 3039 1468 mihi
3069 1428 3257 1482 usque
3290 1412 3404 1466 huc
3427 1412 3697 1467 obverse-

2056 1501 2320 1556 tur.Ecce
2351 1519 2484 1558 vero
2508 1503 2750 1573 insuper
2782 1502 3064 1556 talentum
3082 1501 3237 1555 aliud
3271 1501 3414 1556 utile
3436 1499 3702 1555 charum-

2059 1607 2173 1661 que
2202 1590 2432 1648 Christo
2462 1597 2576 1646 Deo
2607 1590 2772 1647 vobis
2823 1606 3101 1662 propono.
3151 1589 3271 1644 Hoc
3309 1594 3399 1644 est
3431 1611 3460 1640 ι(
3489 1588 3547 1644 in
3575 1589 3702 1643 vitae

2060 1680 2500 1735 conversatione
2531 1681 2683 1736 bono
2714 1696 2843 1735 esse
2865 1680 3111 1750 judicio,
3144 1700 3174 1727 »
3207 1678 3301 1733 cui
3332 1678 3533 1732 statim
3565 1695 3700 1733 con-

2063 1784 2273 1824 nexum
2296 1773 2538 1840 apparet
2557 1785 2686 1824 esse
2702 1765 3502 1839 indulgentemepossibile
3534 1782 3704 1821 nam-

316 1851 623 1925 Ἀμήχανον
675 1849 805 1937 γάρᾼ
834 1849 1050 1926 θάτερον
1107 1853 1331 1930 θατέρου
1389 1851 1522 1929 δίχα
1571 1854 1950 1909 συνίστασθαι.

2070 1874 2176 1929 que
2195 1863 2283 1914 est
2305 1875 2485 1914 unum
2516 1860 2737 1930 absque
2767 1856 2880 1912 alio
2923 1858 3264 1912 subsistere.
3323 1859 3452 1911 Haec
3509 1860 3704 1910 autem

317 1938 758 2015 Μεταχειρίσεσθε
789 1935 847 1994 δὲ
882 1940 974 1994 καὶ
1025 1940 1158 1995 αύτά
1185 1946 1453 2018 τεχνικῶς
1481 1942 1716 2016 τοιούτῳ
1746 1943 1948 1999 κανόνι.

319 2027 628 2103 Λογίσασθε,
661 2028 706 2082 ὧ
753 2025 1003 2108 ἀδελφοὶ,
1050 2029 1132 2085 ὅτι
1183 2031 1244 2086 ού
1293 2037 1397 2094 πᾶς
1448 2033 1476 2086 6
1504 2032 1864 2108 προσκύπτων
1897 2032 1949 2087 ἐν

316 2113 418 2188 6δῷ
447 2115 693 2192 ψέγεται.
748 2115 908 2172 Ἀλλ’
939 2120 967 2173 6
1000 2119 1096 2191 μὲν
1127 2118 1382 2196 ἀλλαχοῦ
1430 2119 1788 2194 πλανώμενος
1833 2125 1953 2182 τοῖς

317 2205 641 2283 ὀφθαλμοῖς,
697 2207 784 2261 καὶ
835 2204 1063 2282 πάσχων
1112 2205 1200 2263 διὰ
1227 2213 1387 2264 τοῦτο
1425 2209 1778 2285 πρόσκομμα,
1812 2209 1955 2265 σκώ-

314 2313 506 2349 πτεται’
541 2296 570 2350 6
626 2293 685 2350 δὲ
739 2291 828 2350 διὰ
871 2296 934 2350 τὸ
980 2293 1274 2375 ἀρισφαλὶς
1319 2305 1421 2368 τῆς
1452 2296 1582 2354 ὁδοῦ
1613 2293 1953 2371 σκαμϐεύσας

316 2383 371 2437 ού
399 2383 532 2439 πάνυ
562 2383 632 2438 ἃν
664 2384 916 2460 ψεχθείη,
971 2383 1116 2441 ἀλλὰ
1165 2388 1654 2462 συγγνωμονηθείη
1705 2387 1850 2464 παρά
1895 2409 1957 2464 γε

313 2477 418 2534 τοῖς
445 2473 578 2549 ὀρθά
609 2470 993 2549 διακρίνουσιν.
1025 2473 1196 2536 Οὗτος
1223 2476 1250 2530 6
1282 2474 1444 2553 λόγος
1477 2477 1504 2530 6
1539 2476 1771 2552 βραχὺς,
1819 2474 1953 2547 αὕτη

313 2563 346 2631 ἡ
375 2560 703 2626 εὐσύνοπτος
729 2558 1042 2639 παραϐολὴ,
1067 2568 1231 2619 τοῦτο
1259 2565 1322 2620 τὸ
1370 2564 1794 2642 εύπερίγραπτον
1835 2564 1957 2620 ἐπι-
2001 2606 2003 2609 -

312 2649 545 2727 χείρημα
577 2648 700 2728 ἔχει
759 2649 975 2728 ὁδηγεῖν
1027 2654 1166 2726 ὑμᾶς
1214 2653 1290 2719 εἷς
1335 2654 1398 2709 τὸ
1431 2653 1487 2710 εὖ
1527 2653 1816 2731 διακρίνειν
1865 2655 1955 2710 καὶ

311 2738 492 2796 αὐτίκα
524 2746 957 2818 συγγνωμονεῖν,
989 2741 1113 2798 ὅποι
1146 2743 1346 2819 χρεών.
1391 2743 1594 2818 Ὁμοίῳ
1617 2744 1716 2819 γὰρ
1765 2743 1956 2820 τρόπῳ

311 2829 451 2886 καὶὸ
497 2831 644 2886 κατά
703 2830 817 2906 βίον
870 2829 1150 2908 ἄνθρωπος
1195 2832 1295 2887 ούκ
1346 2832 1425 2888 ἀεὶ
1478 2834 1744 2910 μακάριος
1785 2833 1952 2901 ἔσται,

313 2918 382 2982 ὡς
447 2917 690 2994 ἄμωμος
731 2919 782 2974 ἐν
831 2917 962 2992 ὁδῷ,
1008 2921 1097 2976 καὶ
1143 2921 1278 2978 κατά
1323 2923 1492 2995 νόμον
1536 2924 1626 2978 τὸν
1686 2923 1958 2998 Κυριακὸν

312 3009 708 3084 πορευόμενος
739 3009 863 3066 ἀλλ’
911 3008 1055 3066 ἔστιν
1111 3009 1174 3065 οὗ
1220 3010 1310 3066 καὶ
1343 3010 1564 3090 σφαλεὶς
1591 3011 1831 3082 ὀκλάσει,
1863 3011 1956 3066 καὶ

311 3099 637 3174 προσκόψει,
690 3099 780 3153 καί
829 3120 935 3154 που
976 3099 1066 3154 καὶ
1115 3105 1376 3156 πεσεῖται.
1428 3101 1527 3156 Καὶ
1571 3101 1673 3156 οὐκ
1724 3100 1876 3163 εὐθὺς
1927 3101 1955 3154 ὁ

311 3184 678 3265 διακρικτικὸς
711 3184 993 3264 ἅνθρωπος
1036 3189 1125 3243 καὶ
1169 3186 1314 3244 οὕτω
1362 3190 1577 3252 συνετὸς
1627 3186 1956 3264 ἐπεμπηδά-

309 3297 382 3332 σει
411 3283 492 3350 τῷ
522 3276 866 3347 πεπτωκότι,
891 3277 980 3333 καὶ
1028 3275 1164 3350 ὕλην
1216 3277 1583 3353 ἐπιτιμήσεων
1635 3279 1954 3357 ἐπιφορήσει

308 3365 559 3439 κειμένῳ,
625 3365 713 3420 καὶ
789 3366 1082 3442 καταθάψει
1163 3366 1345 3422 αὐτόν·
1414 3365 1677 3439 διαιτήσει
1746 3366 1823 3438 δὲ,
1882 3372 1961 3438 τῷ

308 3456 595 3528 παθήματι
649 3455 949 3530 κανονίσας,
1003 3454 1269 3529 πνεύματι
1317 3455 1506 3534 σοφίας
1554 3457 1642 3512 καὶ
1679 3455 1957 3518 συνέσεως·

309 3543 393 3597 καὶ
470 3541 877 3619 διερευνήσεται
948 3546 1012 3600 τὸ
1082 3543 1278 3618 αἷίτιον,
1352 3548 1776 3623 παραμετρήσας
1831 3545 1961 3600 αὐτὸ

310 3634 564 3706 ποιότητι
593 3635 892 3707 προσώπου
922 3635 1012 3690 καὶ
1047 3634 1166 3712 βίου
1194 3639 1290 3690 τοῦ
1319 3636 1434 3689 κατ’
1465 3635 1648 3707 αὐτὸν,
1679 3635 1766 3690 καὶ
1794 3633 1960 3710 τύχῃ,

308 3722 393 3776 καὶ
425 3722 744 3800 περιπετείᾳ
791 3728 1004 3800 καιροῦ,
1063 3725 1151 3779 καὶ
1207 3723 1353 3787 ὅλως
1399 3728 1518 3787 ταῖς
1565 3723 1742 3797 ὕλαις,
1799 3724 1882 3786 αἶς
1933 3724 1962 3778 6

316 3811 576 3886 βιωτικὸς
635 3811 915 3868 ύπόκειται
965 3811 1271 3890 ἄνθρωπος’
1333 3813 1426 3868 καὶ
1479 3814 1961 3887 σταθμωσάμενος,

311 3901 354 3956 εἰ
387 3902 483 3976 μὲν
515 3905 621 3956 τοῦ
649 3901 858 3974 κόσμου
891 3902 997 3958 ἐστὶ
1031 3902 1120 3958 καὶ
1152 3899 1309 3974 δίκης
1339 3900 1660 3980 προΐσταται
1715 3923 1966 3977 μεταχει-

314 3997 506 4068 ριεῖται
545 3992 644 4065 μὲν
675 3991 737 4046 τὸ
768 3996 1010 4068 πρᾶγμα,
1043 3991 1118 4054 ώς
1151 3993 1179 4047 6
1226 3991 1399 4065 νόμος
1429 3991 1656 4058 εὐθύνει.
1690 3991 1806 4050 Οὐκ
1851 3989 1965 4047 ἔστι

311 4078 367 4137 δὶ
396 4080 554 4146 ὅπως
613 4079 712 4136 οὐκ
745 4079 1128 4136 ἐπιεικεύσεται
1156 4082 1244 4136 καὶ
1279 4081 1440 4144 αὐτὸς
1473 4081 1545 4145 ὡς
1575 4081 1686 4137 οἷόν
1719 4102 1798 4152 τε,
1830 4078 1966 4158 εἷ’γε

310 4169 636 4245 Χριστιανός
685 4170 817 4242 ἐστι,
867 4169 957 4224 καὶ
1006 4168 1282 4241 ἒλληνίζει
1313 4171 1381 4226 τὰ
1412 4171 1487 4234 εἷς
1520 4168 1869 4242 καλοήθειαν,
1903 4169 1965 4226 ού

314 4261 419 4333 μὴν
453 4261 598 4336 πρὸς
625 4254 960 4336 βαρϐαρικὴν
993 4257 1287 4335 θηριωδίαν
1314 4257 1644 4318 πέπλασται.

379 4370 483 4433 κζ’.
518 4367 622 4424 Καὶ
654 4366 795 4423 οὕτω
847 4367 966 4440 μὶν,
1012 4365 1098 4422 ἐὰν
1149 4369 1185 4438 ἡ
1219 4364 1400 4423 δίαιτα
1451 4363 1719 4442 προϐαίνῃ
1767 4388 1964 4441 κοσμι-

311 4458 578 4532 κώτερονο
640 4453 729 4513 ἐὰν
791 4456 849 4512 δὲ
893 4458 1030 4512 κατά
1075 4461 1292 4531 πνεῦμα
1323 4499 1338 4526 ,
1389 4457 1488 4514 οὐκ
1541 4457 1601 4512 ἃν
1652 4459 1818 4533 ἰγωγ³
1871 4457 1963 4512 οὗν

313 4544 549 4619 ἐμαυτὸν
595 4545 788 4615 πείσω,
819 4547 894 4620 μὴ
942 4545 1070 4622 οὐχὶ
1119 4547 1209 4602 τὸν
1245 4551 1490 4603 τοιοῦτον
1542 4553 1745 4623 ’χρῆναι
1798 4544 1967 4602 πλεο-

312 4635 489 4706 νάζειν
569 4635 622 4691 ἐν
693 4640 772 4708 τῷ
838 4633 1124 4710 διακρίνειν
1182 4636 1271 4691 καὶ
1329 4642 1750 4713 συγγνωμονεῖν,
1813 4610 2046 4709 μεθο-Ῑ)

317 4722 542 4782 δεύοντα
593 4725 655 4780 τὸ
684 4728 915 4800 πρᾶγμα
946 4724 1327 4800 ἐπιστημόνως
1387 4725 1461 4788 ὡς
1496 4727 1524 4782 ὁ
1583 4727 1711 4787 Θεὸς
1765 4725 1971 4796 ὑποθή-

314 4835 504 4870 σεται⁹
583 4815 627 4869 εἰ
702 4815 777 4887 μὴ
853 4812 955 4889 ἄρα
1014 4816 1130 4869 κατ’
1189 4814 1352 4869 αὐτοῦ
1421 4819 1555 4871 Θεοῦ
1608 4815 1672 4870 τὸ
1727 4820 1972 4887 πταῖσμα

312 4904 545 4982 πέφηνε.
604 4902 742 4960 Τότε
791 4903 891 4979 γὰρ
941 4900 1064 4958 οὔτε
1095 4901 1404 4979 διακρίνειν,
1465 4899 1588 4959 οὕτε
1645 4923 1970 4980 συγγνωμο-

313 4998 423 5048 νεῖν
487 4989 722 5050 δέδοται.
775 4991 881 5048 Καὶ
936 4993 1043 5065 μὴν
1101 4992 1192 5047 καὶ
1242 4991 1293 5047 ἐν
1351 4998 1468 5056 τοῖς
1524 4992 1797 5057 τοιούτοις
1853 4989 1969 5067 ἔχει

315 5080 628 5158 παρρησίαν
663 5083 736 5145 ὡς
788 5081 855 5136 τὰ
909 5079 1096 5138 πολλά
1135 5080 1225 5137 καί
1268 5085 1304 5153 ἡ
1351 5080 1616 5158 διάκρισις
1662 5085 1752 5139 καὶ
1805 5085 1839 5154 ἡ
1887 5079 1971 5137 ἐπ’

315 5170 456 5246 αὐτῇ
490 5171 811 5247 συγγνώμη,
844 5171 918 5233 ὡς
953 5171 980 5225 ὁ
1037 5171 1172 5226 κατὰ
1215 5177 1426 5246 πνεῦμα
1473 5171 1968 5247 ἐπιστημοναρχῶν

315 5257 630 5334 εύμεθὸδως
660 5264 937 5337 τεχνᾶται.
969 5265 1042 5317 "II
1071 5260 1122 5316 τί
1170 5258 1311 5318 ἄλλο
1357 5262 1420 5317 τὸ
1469 5257 1754 5334 Ἐϐραῖκὸν
1794 5259 1966 5340 φῦλον

313 5349 498 5427 ἀφῆκε
550 5351 620 5422 τῇ
674 5351 1031 5425 Χριστιανικῇ
1088 5349 1360 5423 πολιτείᾳ,
1409 5350 1500 5406 καὶ
1551 5356 1968 5426 συμπαροικεῖν,

311 5439 406 5494 καὶ
469 5437 652 5502 ἐλέους
695 5440 1012 5515 τυγχάνειν,
1059 5440 1145 5494 καὶ
1205 5441 1408 5516 τρόπον
1455 5441 1574 5497 τινὰ
1621 5443 1827 5515 συζῇν;
1887 5440 1968 5503 οἷς

313 5527 630 5602 θρησκεύειν
661 5528 896 5607 ἀφίεται,
931 5528 1006 5591 ὡς
1065 5529 1216 5603 αὐτῷ
1271 5529 1452 5609 φίλον,
1503 5530 1593 5586 καὶ
1636 5534 1744 5585 τῶν
1805 5530 1971 5605 ἀναγ-

312 5615 493 5674 καίων
546 5620 760 5675 πάντων
820 5617 1087 5694 μετέχειν,
1143 5623 1254 5674 τῶν
1305 5619 1400 5694 μὲν
1432 5617 1704 5697 ἀφθόνως,
1762 5622 1869 5674 τῶν
1911 5616 1971 5674 δὲ

307 5706 397 5785 ἐφ’
429 5705 559 5765 ὅσον
587 5707 777 5781 ἔξεστι.
810 5707 910 5765 Καὶ
943 5708 1051 5784 μὴν
1097 5704 1415 5784 διακρίσεως
1473 5711 1550 5786 μὴ
1590 5706 1966 5786 προϋπούσης,
2029 5768 2045 5785 ,

2063 1947 2376 2003 artiﬁciose
2397 1947 2499 2002 tali
2521 1947 2722 2018 regula
2737 1945 3244 2017 comprehendetis
3267 1962 3280 2001 :
3309 1944 3706 2012 Considerate,

2062 2038 2456 2108 fratres,quod
2483 2054 2597 2093 non
2629 2036 2821 2092 omnis
2843 2035 2943 2106 qui
2975 2034 3132 2090 cadit
3159 2035 3214 2089 in
3244 2034 3356 2101 via,
3391 2033 3705 2104 reprehen-

2065 2125 2357 2180 ditur.Sed
2390 2124 2489 2180 ille
2519 2124 2759 2196 quidem
2784 2122 3007 2194 passim
3038 2120 3224 2177 oculis
3244 2123 3518 2176 erranset
3534 2135 3704 2177 scan-

2065 2214 2267 2270 dalum
2299 2215 2426 2270 ideo
2459 2230 2669 2284 passus
2699 2211 3011 2268 irridetur:
3038 2209 3138 2265 ille
3162 2226 3293 2266 vero
3342 2209 3442 2280 qui
3470 2211 3708 2280 propter

2065 2303 2167 2358 via:
2193 2303 2486 2358 lubricum
2518 2301 2990 2371 vacillasset,non
3023 2315 3265 2371 prorsus
3285 2297 3705 2368 increparetur,

2066 2392 2168 2449 sed
2200 2409 2234 2447 a
2255 2397 2411 2447 recte
2431 2389 2840 2462 judicantibus
2867 2405 3002 2444 cum
3025 2386 3393 2459 indulgentia
3414 2385 3709 2456 judicare-

2067 2486 2181 2536 tur.
2209 2483 2322 2536 lste
2352 2479 2540 2536 brevis
2571 2495 2786 2544 sermo,
2821 2479 2934 2534 ista
2957 2475 3502 2549 comprehensibilis
3535 2490 3711 2546 para-

2069 2570 2220 2635 bola,
2252 2570 2371 2624 haec
2393 2568 2742 2624 circumcisa
2769 2565 3198 2638 argumentatio
3217 2582 3319 2620 vos
3349 2565 3420 2620 ad
3453 2565 3599 2620 bene
3617 2563 3714 2634 ju—

2067 2659 2468 2722 dicandum,et
2495 2655 2695 2713 statim
2721 2656 2819 2710 ubi
2834 2653 3508 2726 oportet,ignoscendum
3541 2650 3712 2708 facile

2067 2749 2258 2806 ducet.
2290 2745 2479 2802 Simili
2511 2761 2766 2816 namque
2797 2744 2968 2800 modo
3000 2759 3106 2815 per
3161 2745 3340 2798 vitam
3371 2741 3547 2797 homo
3594 2757 3711 2796 non

2066 2853 2300 2910 semper
2328 2835 2462 2892 felix
2483 2835 2612 2900 erit,
2631 2838 2916 2905 tanquam
2952 2830 3482 2904 irreprehensibilis
3513 2829 3573 2884 in
3594 2828 3709 2896 via,

2057 2927 2344 2998 juxtaque
2367 2924 2730 2980 Dominicam
2759 2922 2948 2994 legem
2981 2919 3314 2989 ambulans,
3347 2919 3447 2976 sed
3471 2918 3582 2976 erit
3610 2917 3713 2972 ubi

2067 3020 2386 3088 quassatus
2417 3014 2630 3081 ﬂectet,
2652 3017 2709 3068 et
2738 3011 3011 3078 offendet,
3045 3011 3164 3065 imo
3194 3009 3380 3065 cadet.
3433 3012 3504 3062 Et
3530 3007 3707 3062 homo

2065 3105 2204 3160 boni
2225 3103 2438 3175 judicii
2489 3103 2691 3174 sicque
2721 3101 2982 3173 prudens
3013 3116 3128 3155 non
3159 3099 3276 3155 cito
3305 3097 3540 3168 lapsum
3571 3111 3707 3152 con-

2069 3193 2323 3250 culcabit
2353 3196 2410 3248 et
2431 3192 2737 3247 materiam
2751 3189 3194 3246 accusationum
3218 3188 3481 3258 imponet
3487 3183 3712 3256 jacenti

2071 3288 2128 3339 et
2156 3283 2363 3338 obruet
2382 3279 2690 3346 illum,sed
2726 3279 3021 3334 moderate
3043 3275 3354 3348 judicabit,
3389 3273 3597 3345 spiritu
3621 3289 3714 3328 sa-

2072 3371 2304 3444 pientiae
2323 3375 2381 3426 et
2408 3368 2843 3434 intellectus,de
2855 3366 3126 3439 passione
3152 3360 3717 3432 discernens,inqui-

2072 3464 2274 3531 retque
2304 3475 2544 3514 causam
2576 3473 2703 3512 eam
2735 3456 3050 3511 dimetiens
3089 3470 3224 3509 cum
3269 3451 3551 3523 qualitate
3582 3466 3718 3520 per-

2072 3565 2229 3604 sonis
2260 3547 2506 3617 vitisque
2538 3539 2873 3612 illius,cum
2905 3544 3138 3600 fortuna
3159 3537 3723 3608 oircumstantiaque

2070 3636 2499 3709 temporis,uno
2529 3635 2867 3700 verbo,cum
2901 3631 3178 3688 omnibus
3208 3629 3426 3701 quibus
3455 3627 3722 3696 subjacet

2073 3726 2247 3782 homo
2277 3726 2496 3793 vivens,
2516 3729 2594 3795 et,
2628 3721 2965 3796 ponderatis
2993 3720 3291 3784 omnibus,
3324 3733 3446 3773 rem
3479 3716 3718 3788 quidem

2065 3817 2238 3888 juxta
2267 3809 3085 3884 directionemlegis,siordini
3101 3807 3469 3880 justitiaaque
3496 3803 3716 3878 pressit,

2073 3903 2531 3960 administrabit.
2553 3903 2678 3958 Non
2710 3906 2799 3958 est
2833 3905 3030 3956 autem
3061 3915 3165 3954 cur
3196 3914 3310 3952 non
3344 3896 3720 3951 moderanter

2073 3996 2520 4062 tractaretur,eo
2545 3991 2700 4062 quod
2733 3989 2859 4062 ipse
2888 3988 2965 4045 sit
2995 3985 3501 4050 Christianus,aut
3525 3983 3720 4054 quoad

2073 4085 2351 4139 venustos
2391 4097 2584 4137 mores
2633 4079 2889 4150 Graecus,
2934 4081 3037 4134 aut
3082 4076 3142 4132 in
3179 4075 3391 4147 agresti
3451 4069 3724 4129 barbarie

2074 4171 2383 4229 formatus.

2145 4369 2234 4423 26.
2268 4367 2337 4423 Et
2360 4365 2442 4422 ita
2473 4365 2710 4438 quidem
2760 4368 2848 4421 est
2901 4363 3136 4435 quando
3181 4359 3476 4434 judicium
3507 4374 3722 4417 secun-

2077 4459 2220 4515 dum
2252 4457 2544 4514 mundum
2576 4455 2839 4528 procedit
2863 4479 2877 4521 ;
2900 4453 3092 4510 sivero
3109 4451 3432 4508 secundum
3446 4448 3722 4520 spiritum

2077 4550 2180 4604 tiat
2209 4564 2323 4603 non
2343 4545 2512 4602 facile
2537 4546 2833 4601 crederem
2852 4559 2964 4598 non
2989 4542 3199 4596 debere
3221 4538 3398 4595 talem
3423 4537 3724 4592 abundare

2077 4639 2265 4709 magis
2295 4637 2353 4691 in
2378 4635 2763 4691 discernendo
2791 4631 2880 4687 vel
2909 4631 3264 4703 ignoscendo
3287 4627 3387 4700 qui
3410 4623 3530 4682 rem
3551 4625 3724 4696 juxta

2078 4726 2382 4784 scientiam
2424 4723 2720 4789 tractabit,
2754 4726 2927 4794 prout
2969 4725 3116 4774 Deus
3150 4721 3446 4790 suggeret,
3474 4713 3586 4771 nisi
3629 4718 3722 4770 ta-

2079 4831 2213 4872 men
2233 4816 2511 4871 adversus
2538 4814 2716 4867 Deum
2767 4810 2942 4882 culpa
2983 4809 3188 4864 adesse
3235 4806 3522 4862 videatur.
3561 4808 3723 4859 Tunc

2079 4905 2236 4961 enim
2295 4919 2400 4958 nec
2456 4903 2789 4956 discernere
2853 4915 2957 4952 nec
3010 4899 3315 4968 ignoscere
3359 4896 3562 4950 datum
3613 4897 3722 4948 est.

2077 4991 2348 5050 Attamen
2372 4993 2429 5046 in
2453 4991 2548 5046 his
2569 4988 2866 5044 similibus
2889 4987 3240 5059 plerumque
3279 4987 3507 5056 ecpiam
3551 4981 3730 5038 habet

2080 5083 2357 5138 discretio
2379 5085 2436 5136 et
2456 5096 2582 5152 quaa
2632 5077 2944 5134 comitatur
2982 5093 3109 5132 eam
3142 5074 3528 5145 indulgentia,
3553 5075 3728 5143 prout

2080 5172 2179 5244 qui
2207 5171 2531 5228 secundum
2557 5167 2830 5240 spiritum
2863 5167 2922 5220 in
2943 5165 3191 5221 scientia
3206 5165 3517 5235 primatum
3546 5163 3725 5226 tenet,

2079 5261 2408 5318 methodice
2430 5261 2814 5314 demonstrat.
2871 5257 2959 5310 An
3009 5259 3098 5310 est
3157 5254 3339 5322 aliud,
3367 5251 3521 5323 quod
3581 5265 3722 5320 gen-

2079 5355 2198 5407 tem
2222 5349 2564 5406 Hebraicam
2577 5344 2934 5402 concesserit
2953 5343 3314 5400 Christianos
3331 5337 3600 5411 regimini
3627 5353 3723 5392 co-

2079 5439 2368 5506 habitare,
2389 5435 2850 5494 misericordiam
2883 5433 3166 5500 obtinere,
3199 5436 3258 5488 et
3288 5428 3724 5503 quodammodo

2079 5529 2402 5600 convivere,
2425 5544 2493 5586 eo
2517 5525 2672 5598 quod
2705 5523 2932 5581 cultum
2962 5538 3226 5580 exercere
3258 5517 3639 5592 permittitur,
3661 5519 3728 5571 ut

2077 5619 2192 5690 ipsi
2208 5617 2490 5692 placitum
2503 5618 2561 5670 et
2571 5613 2836 5682 omnium
2851 5611 3316 5680 necessariorum
3332 5607 3544 5664 habere
3559 5605 3730 5677 parti,

2079 5705 2669 5785 cipationem,horum
2683 5702 2925 5775 quidem
2936 5698 3579 5770 abundantenistorum
3589 5711 3726 5752 vero
