4114 6200
388 404 506 465 603
1162 410 1583 472 EUS’I‘ATHII
1627 410 2052 473 THESSAIDI

2166 409 2397 470 .ENSIS
2445 407 3030 469 METROPOLszE
3671 410 3802 472 604

390 537 933 606 quantumlicet?Et
953 543 1147 596 tamen
1171 540 1297 597 sine
1311 543 1660 599 discretione
1677 543 2032 614 praecedente

2166 537 2289 610 ιηδὶ
2356 538 2687 615 συγγνώμης
2741 537 3124 615 ἐφεπομένης,
3199 539 3298 594 οὐκ
3353 537 3413 594 ἃν
3472 540 3610 610 ἦσαν
3672 543 3809 617 παρ’

391 631 450 681 et
481 626 850 698 indulgentia
879 635 1156 700 sequente
1178 648 1290 686 non
1314 638 1509 686 essent
1533 634 1687 703 apud
1714 633 2038 688 nosJudai-

394 731 472 770 cae
517 716 730 781 tribus,
773 733 876 772 nec
924 717 1064 773 mali
1111 719 1449 783 Christiani,
1483 721 1785 793 multoque
1840 724 2038 778 minus

397 804 634 860 athei.Si
653 822 790 878 ergo
802 807 949 861 tales
972 808 1136 878 (quot
1149 813 1340 863 autem
1368 809 1552 865 millia
1573 827 1638 865 su
1651 818 1713 865 nt
1730 811 1932 881 !)haud
1955 813 2041 866 in-

397 892 626 962 quietos
659 893 843 963 pascit
885 893 1157 949 discretio
1183 895 1664 970 indulgentiaque
1693 899 2036 970 christiana,

398 997 501 1034 cur
523 981 757 1035 tandem
783 982 967 1037 bonos
998 982 1151 1039 inter
1181 1002 1286 1041 nos
1319 987 1742 1052 fratres,rectos
1773 987 2036 1044 christia-

396 1069 602 1137 nos,ab
632 1069 970 1139 huiusmodi
993 1074 1144 1128 bono
1171 1074 1466 1139 duali,hac
1488 1077 1583 1147 pia
1609 1078 2038 1149 conjugatione,

394 1155 504 1212 hac
526 1157 586 1210 in
603 1156 831 1214 Christo
862 1161 1377 1232 fraternitate,eam
1410 1164 1678 1236 dicoque
1711 1166 2038 1220 secundum

396 1246 810 1310 discretionem
843 1254 1018 1320 atque
1039 1250 1465 1323 indulgentiam
1497 1260 1606 1319 est,
1629 1253 2042 1310 excludimus?

466 1442 558 1495 27.
583 1441 909 1498 Inebriatus
929 1449 1019 1500 est
1045 1445 1183 1502 olim
1218 1448 1554 1519 posterioris
1603 1450 1809 1506 mundi
1833 1455 2041 1522 proto-

397 1547 610 1602 parens
641 1531 778 1599 Noe,
803 1533 1232 1607 sobrietateque
1263 1538 1488 1608 abjecta
1518 1544 1574 1593 et
1603 1540 1693 1594 sui
1728 1556 1844 1594 non
1875 1556 2039 1595 com-

399 1636 506 1691 pos
527 1619 642 1675 alto
683 1637 889 1677 somno
938 1623 1226 1695 sepultus,
1288 1629 1412 1682 sine
1459 1628 1664 1684 decore
1737 1627 1901 1683 humi
1947 1629 2038 1699 ja-

399 1707 539 1762 cuit.
573 1709 741 1776 Hinc,
772 1711 1015 1766 detectis
1059 1729 1184 1784 qua:
1242 1730 1356 1774 non
1403 1721 1649 1787 oportet,
1701 1716 1908 1772 irrisus
1953 1721 2042 1772 est

403 1813 516 1851 non
549 1814 583 1851 a
613 1797 838 1864 multis,
871 1801 970 1854 sed
1005 1801 1077 1855 ab
1111 1819 1225 1857 uno
1256 1805 1534 1873 quodam,
1570 1805 1662 1859 cui
1689 1821 1800 1860 non
1834 1821 2039 1860 conve-

2147 631 2282 700 ἡμῖν
2318 625 2439 682 οὐτε
2468 626 2739 684 Ἰουδαϊκὰ
2789 627 2954 705 φῦλα,
3014 625 3138 684 οὐδέ
3198 629 3304 701 μὴν
3353 628 3420 683 τά
3474 634 3583 684 τῶν
3613 635 3800 685 κακῶν

2148 722 2506 793 Χριστιανῶν,
2563 715 2625 772 τὸ
2684 715 2740 772 δὲ
2800 721 2984 789 μεῖζον
3042 715 3165 772 οὐδὲ
3210 719 3278 772 τὰ
3306 723 3412 772 τῶν
3471 717 3671 782 ἀθέων.
3733 717 3812 774 Εἴ

2145 806 2322 860 τοίνυν
2354 806 2478 867 τοὺς
2506 804 2789 867 τοιούτους
2817 806 3027 880 (μυρίοι
3061 803 3118 860 δὲ
3148 807 3264 860 ὅσοι
3297 806 3469 878 αὐτοὶ)
3529 804 3810 884 διάκρισις

2153 896 2334 970 βόσκει
2389 893 2689 956 ἀσκύλτους
2741 894 2830 948 καὶ
2891 895 3189 970 συγγνώμη
3266 897 3669 970 Χριστιανική,
3748 895 3807 950 τί

2149 981 2353 1054 δήποτε
2381 983 2508 1046 τοὺς
2553 985 2782 1059 ἀγαθοὺς
2834 983 2887 1039 ἐν
2936 986 3070 1056 ἡμῖν
3109 981 3399 1062 ἀδελφοὺς,
3437 984 3566 1047 τοὺς
3603 984 3806 1061 ὀρθοὺς

2150 1073 2522 1148 Χριστιανοὺς,
2568 1071 2848 1146 ἀπάγομεν
2899 1079 3002 1142 τῆς
3052 1072 3311 1143 τοιαύτης
3338 1074 3542 1147 ἀγαθῆς
3574 1071 3798 1144 δυάδος,

2147 1167 2249 1230 τῆς
2330 1159 2589 1238 φιλοθέου
2657 1160 2928 1236 συζυγίας,
3010 1167 3110 1232 τῆς
3195 1159 3559 1239 φιλοχρίστου
3646 1159 3811 1218 ἀδελ-

2149 1250 2417 1329 φότητος,
2506 1249 2650 1326 λέγω
2709 1247 2777 1319 δὴ
2836 1257 2935 1320 τῆς
2996 1250 3130 1306 κατά
3189 1247 3456 1326 διάκρισιν
3515 1250 3608 1305 καὶ
3670 1272 3808 1327 συγ-

2149 1339 2377 1416 γνώμην
2405 1358 2419 1408 ;

2219 1447 2319 1514 κζ’.
2353 1445 2657 1518 Ἐμεθύσθη
2709 1446 2841 1501 ποτὶ
2887 1447 2916 1500 6
2975 1450 3072 1501 τοῦ
3122 1442 3373 1521 δευτέρου
3421 1447 3634 1521 κόσμου
3665 1469 3808 1525 προσ

2149 1533 2338 1610 πάτωρ
2370 1539 2509 1604 Νῶε,
2542 1535 2631 1590 καὶ
2679 1533 3008 1611 παραλυθείς
3050 1539 3148 1590 τοῦ
3177 1537 3366 1612 νήφειν
3399 1535 3574 1592 ἔκειτο
3631 1538 3808 1612 ἀκρα-

2148 1624 2250 1692 τὴς
2279 1623 2491 1691 ἑαυτοῦ,
2524 1622 2613 1676 καὶ
2672 1621 2820 1696 ὕπνῳ
2882 1624 3037 1697 βαθεῖ
3094 1623 3288 1693 θανὼν,
3346 1624 3457 1700 σύχ
3505 1623 3652 1699 εἶχεν
3688 1620 3809 1677 οὐδ’

2150 1711 2449 1787 εὐσχήμως
2503 1716 2732 1784 κεῖσθαι,
2793 1709 2874 1765 δτι
2929 1708 3070 1784 μηδέ
3111 1710 3405 1779 κατεκλίθη
3454 1713 3591 1788 πρὸς
3653 1711 3809 1765 θέσιν

2150 1797 2411 1878 ἔμφρονα.
2472 1799 2765 1856 Κάντεῦθεν
2808 1803 3153 1878 παραφήνας,
3215 1799 3248 1854 ’ἀ
3300 1803 3374 1874 μή
3427 1801 3631 1876 χρεὼν,
3689 1799 3810 1876 ἐγε-

405 1886 620 1954 niebat,
651 1891 708 1941 et
737 1887 866 1957 ipso
892 1889 1271 1961 imprudenti.
1304 1892 1410 1956 Qui
1459 1909 1592 1948 vero
1645 1894 1890 1961 sensati,
1925 1912 2036 1950 non

2166 1891 2325 1960 ικάσθη
2360 1889 2421 1944 οὐ
2451 1887 2844 1960 πολλοῖς,ἀλλ’
2875 1889 3092 1966 ὑφ’ἐνός
3121 1910 3291 1962 τινος,
3323 1888 3385 1944 οὗ
3421 1892 3496 1963 μὴ
3529 1893 3809 1966 προσῆκε,

403 1973 632 2029 curiose
657 1981 960 2031 tentarunt
989 1979 1182 2034 videre
1207 1997 1335 2052 quas
1367 1997 1480 2036 non
1514 1981 1649 2038 licet
1682 1999 1694 2036 :
1729 1984 1830 2038 sed
1861 1983 2038 2039 etiam

2166 1980 2236 2033 ιαὶ
2285 1978 2449 2033 αὐτοῦ
2525 1976 2782 2054 ἄφρονος.
2863 1979 2930 2036 Οἱ
3017 1979 3199 2052 μέντοι
3255 1983 3462 2057 φρενῶν
3521 1976 3626 2033 ἕσῶ
3678 1975 3818 2033 οὔτε

403 2062 462 2116 in
503 2080 616 2118 non
665 2064 861 2120 debito
911 2067 1204 2122 detectum
1250 2070 1702 2128 absconderunt.
1753 2077 1828 2127 At
1887 2077 2040 2128 certe

2166 2068 2593 2144 περιειργάσαντο
2626 2065 2782 2139 ἰδεῖν,
2815 2067 2848 2122 ἃ
2897 2069 2973 2140 μὴ
3018 2067 3196 2142 θέμις·
3248 2065 3394 2123 ἀλλά
3421 2068 3511 2122 καὶ
3562 2062 3809 2144 ἔκρυψαν

407 2151 644 2222 quidem
677 2154 1132 2224 ajacente,cum
1181 2174 1214 2212 a
1257 2159 1390 2214 vino
1447 2159 1732 2216 liberatus
1781 2165 1868 2216 est
1914 2166 1971 2216 et
2008 2179 2044 2218 a

2166 2157 2240 2212 τὸν
2284 2155 2337 2211 ἐν
2380 2155 2442 2211 οὐ
2491 2153 2664 2211 δέοντι
2713 2155 3176 2213 ἀκατακάλυπτον.
3229 2155 3452 2230 Ἀμέλει
3506 2155 3596 2211 καὶ
3645 2155 3812 2210 αὐτοὶ

403 2245 520 2296 Deo
547 2240 674 2312 ipso
705 2241 804 2314 qui
826 2244 1232 2314 justissimum
1255 2251 1344 2303 est
1365 2247 1423 2302 hi
1456 2247 1740 2305 benedicti
1774 2254 1932 2306 sunt.

476 2509 568 2564 28.
600 2511 730 2566 .Iam
755 2511 897 2567 mihi
919 2515 1413 2572 considerandum
1433 2521 1523 2572 est
1545 2515 1760 2573 factum
1792 2519 1904 2574 isto
1927 2535 2048 2574 mo-

406 2597 500 2653 do.
527 2599 854 2657 Inebriatus
873 2608 963 2657 est
984 2620 1234 2676 magnus
1255 2605 1352 2661 ille
1380 2606 1500 2675 vir;
1533 2607 1803 2664 indecore
1832 2608 2045 2680 jacuit,

407 2703 440 2742 a
471 2688 725 2759 quodam
768 2689 980 2748 irrisus
1027 2698 1134 2749 est.
1191 2695 1487 2750 Excitatus
1541 2713 1574 2751 ο.
1613 2713 1845 2764 somno,
1876 2697 2046 2753 illum

403 2777 643 2847 quidem
667 2781 935 2851 cognovit
957 2797 1023 2837 ac
1051 2781 1369 2850 maledixit,
1403 2802 1518 2840 non
1551 2791 1745 2841 autem
1767 2785 1853 2840 illi
1881 2785 2047 2841 simi-

405 2865 490 2922 les
521 2867 835 2924 benedixit.
859 2874 925 2924 Et
959 2871 1284 2928 benedictio
1317 2873 1504 2929 multa
1555 2875 1662 2929 fuit
1681 2891 1747 2930 ac
1780 2875 2046 2947 pulchra,

406 2959 464 3010 et
493 2955 646 3011 Deus
678 2958 930 3030 desuper
966 2977 1256 3027 annuens,
1306 2961 1473 3017 illum
1545 2963 1778 3034 quidem
1842 2982 2046 3020 rursus

405 3061 683 3115 magnum
717 3063 845 3103 esse
875 3049 1355 3122 permis’it,usque
1385 3053 1456 3106 ad
1482 3069 1638 3108 nunc
1668 3053 1955 3109 illustrem
1987 3059 2046 3110 et

406 3133 467 3187 in
497 3139 844 3205 perpetuum
869 3137 950 3193 ita
979 3138 1634 3197 futurum.Czeterorum
1667 3146 1861 3198 autem
1898 3159 2046 3214 quos

408 3221 643 3292 quidem
675 3223 771 3280 ille
794 3242 1045 3298 magnus
1076 3228 1392 3297 benedixit,
1425 3229 1618 3286 sanxit
1646 3229 1778 3286 illos
1809 3248 2046 3288 manere

2156 2247 2250 2319 μὲν
2282 2243 2661 2321 εὐλογήθησαν
2711 2245 2814 2301 ὑπό
2863 2267 2924 2301 τε
2965 2249 3062 2302 τοῦ
3099 2246 3371 2320 κειμένου,
3431 2243 3522 2300 ὅτε
3576 2243 3808 2321 γέγονεν

2153 2333 2253 2405 ἔξω
2311 2331 2484 2402 oi’vou,
2531 2335 2616 2388 καὶ
2679 2334 2767 2389 ὑπ’
2823 2333 2989 2390 αὐτοῦ
3048 2339 3182 2390 Θεοῦ
3235 2339 3332 2390 τοῦ
3391 2331 3819 2408 διακριτικωτά-

2151 2443 2270 2478 του.

2224 2518 2324 2577 κη’.
2385 2511 2483 2566 Καί
2536 2532 2628 2586 μοι
2690 2513 2991 2588 θεωρητέον
3063 2514 3126 2568 τὸ
3180 2516 3404 2589 πρᾶγμα
3458 2512 3547 2567 καὶ
3605 2513 3818 2574 οὕτως’

2156 2601 2443 2673 Ἐμέθυσεν
2507 2601 2789 2676 άιθρωπος
2852 2601 3016 2678 μέγας
3083 2602 3284 2665 ἐκεῖνος
3319 2646 3334 2671 ,
3390 2602 3822 2678 ἠσχημόνησεν,

2156 2689 2416 2764 ἐγελάσθη
2505 2691 2640 2764 πρός
2715 2712 2904 2754 τινος.
2984 2693 3364 2770 Ἀφυπνισθεὶς
3425 2690 3624 2746 ἐκείνου
3710 2692 3819 2764 μὲν

2154 2781 2394 2856 κατέγνω
2447 2779 2537 2834 καὶ
2591 2779 2922 2856 ἐπηράσατο,
2969 2780 3095 2843 τοὺς
3153 2779 3211 2837 δέ
3267 2781 3569 2855 ἀνομοίους
3617 2778 3824 2852 ἐκείνῳ

2157 2867 2439 2944 εὐλόγησε.
2492 2869 2591 2923 Καὶ
2649 2871 2683 2939 ἡ
2739 2869 2958 2946 εὐλογία
3008 2867 3195 2941 πολλή
3254 2871 3343 2926 καὶ
3402 2869 3568 2941 καλή·
3627 2869 3720 2924 καὶ
3787 2871 3821 2924 6

2157 2958 2285 3019 Θεὸς
2341 2955 2618 3021 ἐπινεύσας
2694 2956 2919 3032 ἄνωθεν,
2995 2957 3195 3014 ἐκεῖνον
3255 2959 3350 3033 μὶν
3408 2959 3581 3038 ἀφῆκε
3638 2957 3819 3012 πάλιν

2157 3046 2290 3101 εἶναι
2357 3048 2542 3123 μέγαν,
2596 3048 2894 3124 περίοπτον
2952 3045 3056 3112 ἓως
3089 3049 3178 3104 καὶ
3236 3053 3350 3121 νῦν,
3395 3048 3484 3104 καὶ
3525 3047 3602 3110 είς
3635 3047 3825 3102 αἰῶνα

2158 3133 2214 3190 δὲ
2243 3140 2488 3191 τοιοῦτον
2523 3137 2796 3211 ἐσόμενον·
2854 3142 2962 3193 τῶν
3019 3135 3077 3193 δὲ
3129 3137 3339 3195 λοιπῶν
3374 3137 3465 3200 οὕς
3520 3139 3614 3211 μὲν
3647 3139 3674 3191 6
3711 3137 3824 3209 μὲ-

2162 3247 2260 3301 γας
2317 3224 2516 3289 ἐκεῖνος
2573 3225 2890 3303 εὐλόγησεν,
2938 3227 3202 3303 ἐκύρωσεν
3249 3225 3580 3303 εὐλογητοὺς
3630 3225 3825 3300 μένειν

406 3291 743 3369 benedictus
766 3291 1089 3387 dign'osque
1104 3317 1262 3372 bona;
1281 3291 1572 3374 memoria
1588 3319 1645 3373 in
1661 3324 1900 3392 perpetu
1913 3337 2048 3390 um;

2166 3291 2253 3369 καί
2306 3316 2527 3388 μνήμης
2585 3291 2791 3392 ἀγαθῆς
2832 3291 3139 3389 ἀξίουςῑεῖς
3193 3315 3256 3372 τὸ
3311 3291 3553 3387 διηνεκές
3605 3319 3702 3370 τοῦ
3757 3312 3828 3370 δὲ

409 3401 689 3458 adversus
719 3407 913 3459 autem
946 3405 1322 3462 maledictum
1347 3407 1474 3480 ipse
1523 3407 1881 3481 suffragatus
1938 3413 2049 3466 est.

482 3508 571 3564 29.
606 3510 1088 3584 Curitajudicas,
1121 3513 1365 3570 Domine
1410 3514 1439 3569 ?
1479 3515 1717 3571 Ebrium
1767 3516 2055 3589 castigare

415 3597 685 3671 negligis.
717 3600 841 3656 Non
872 3605 1067 3658 autem
1116 3603 1223 3658 hoc
1265 3602 1477 3671 solum,
1538 3606 1639 3661 sed
1701 3606 1878 3661 etiam
1925 3607 2055 3678 ejus

415 3685 631 3757 placita
661 3689 956 3761 comples;
987 3691 1284 3748 benedicis
1313 3693 1550 3764 quidem
1600 3711 1749 3766 quos
1797 3695 1924 3768 ipse
1955 3696 2056 3752 be-

416 3777 673 3846 nedixit;
717 3778 1184 3836 maledicendum
1243 3797 1373 3838 esse
1423 3783 1690 3839 decernis
1749 3784 2054 3853 miserum,

415 3865 474 3920 in
509 3883 682 3939 quem
716 3867 812 3924 ille
845 3868 1316 3926 maledictionem
1377 3871 1595 3942 injecit.
1625 3877 1808 3942 Certe,
1842 3873 2056 3946 inquit,

417 3958 474 4010 et
503 3955 611 4010 feci
635 3955 740 4026 sic,
773 3961 831 4012 et
886 3957 1325 4028 sapientissimo
1346 3960 1574 4030 judicio
1607 3961 1737 4028 feci,
1783 3979 1899 4018 non
1931 3966 2060 4018 tan-

418 4047 546 4098 tum
578 4044 714 4099 huic
738 4062 955 4116 magnae
985 4046 1290 4103 adhaerens
1311 4065 1594 4121 personas,
1628 4051 1731 4106 sed
1785 4055 1843 4107 et
1870 4051 2060 4124 ipsius

422 4132 584 4187 bonae
607 4132 789 4189 indoli
821 4135 1161 4207 ceterisque
1207 4136 1466 4202 dotibus,
1499 4156 1622 4208 quae
1654 4139 1819 4195 illum
1869 4141 2060 4198 virum

414 4220 646 4289 justum
681 4224 1096 4293 praestiterunt.
1132 4227 1626 4283 Consuetudinem
1658 4229 1777 4286 vini
1812 4247 1926 4286 non
1954 4231 2060 4287 ha-

422 4309 596 4365 bebat
619 4310 833 4369 homo:
867 4313 968 4369 sed
995 4318 1134 4370 tunc
1164 4315 1421 4387 primum
1483 4318 1552 4372 ad
1586 4316 1742 4374 hune
1773 4317 2061 4390 liquorem

421 4415 488 4454 ex
520 4405 951 4474 uva,tanquam
975 4419 1044 4459 ex
1077 4405 1332 4477 quodam
1367 4405 1523 4461 fonte
1555 4405 2064 4477 salientem,velut

418 4489 489 4544 ad
523 4505 736 4562 squam
771 4492 1047 4548 accessit:
1081 4500 1136 4549 et
1159 4494 1364 4550 bibens
1395 4494 1618 4564 vinum,
1654 4500 1938 4568 tanquam
1974 4497 2064 4553 in-

419 4595 673 4635 nocuum
725 4585 950 4653 potum,
1000 4583 1156 4654 quod
1203 4585 1406 4638 vinum
1467 4588 1669 4640 natum
1720 4589 1810 4640 est
1857 4585 2062 4658 facere,

2159 3405 2540 3479 κατηραμένου
2570 3404 2973 3484 κατεψηφίσατο
3002 3407 3089 3460 καὶ
3123 3404 3306 3468 αὐτός.

2232 3512 2332 3574 κθ’.
2389 3511 2457 3568 Τί
2490 3509 2632 3566 οὕτω
2678 3511 2900 3584 κρίνεις,
2956 3513 3001 3566 ὦ
3042 3512 3242 3588 Κύριε;
3298 3513 3538 3590 Ἀφῆκας
3582 3509 3831 3566 κολάσαι

2161 3600 2253 3654 τὸν
2285 3603 2575 3672 μεθυστήν.
2608 3600 2710 3656 Καὶ
2743 3601 2806 3655 οὐ
2843 3599 3007 3674 μόνον
3037 3599 3187 3656 αὐτό·
3237 3598 3384 3656 ἀλλά
3428 3601 3516 3654 καὶ
3571 3599 3828 3674 πλρροῖς

2166 3688 2375 3743 ἐκείνου
2407 3687 2712 3761 θελήματα,
2762 3689 2851 3744 καὶ
2901 3689 3146 3766 εὐλογεῖς
3193 3690 3312 3763 μὶν,
3362 3687 3456 3751 οὕς
3486 3688 3547 3743 ἃν
3604 3687 3832 3751 ἐκεῖνος

2166 3776 2386 3853 εὐλογῇ·
2420 3779 2746 3853 καταρᾶσθαι
2778 3775 2836 3832 δὶ
2879 3777 3080 3855 κρίνεις
3132 3778 3222 3834 τὸν
3275 3777 3528 3848 ἐλεεινὸν,
3569 3778 3614 3849 ᾧ
3671 3777 3829 3831 ἐκεῖ-

2165 3887 2258 3930 τος
2288 3865 2540 3943 ἐπέρῥιψε
2567 3867 2665 3936 τὴν
2697 3866 2852 3943 ἀράν.
2887 3891 2916 3920 ι(
2949 3866 3071 3935 Ναὶ,
3105 3891 3134 3919 ››
3166 3867 3321 3944 φησὶ,
3377 3891 3406 3920 α
3459 3866 3549 3921 καὶ
3580 3865 3833 3936 ἐποίησα

2169 3953 2332 4026 οὕτω,
2363 3953 2451 4009 καὶ
2485 3956 2772 4032 σοφωτάτῃ
2802 3955 2977 4032 κρίσει
3009 3954 3260 4026 ἐποίησα,
3293 3955 3358 4011 οὐ
3421 3955 3584 4029 μόνον
3642 3975 3832 4030 προσ-

2170 4045 2421 4120 εσχηκὼς
2478 4045 2757 4118 προσώπῳ
2815 4043 3001 4118 ἐκείνῳ
3062 4043 3282 4120 μεγάλῳ
3313 4090 3328 4118 ,
3406 4041 3552 4100 ἀλλὰ
3600 4043 3690 4099 καὶ
3744 4049 3830 4118 τῇ

2169 4134 2286 4188 κατ’
2336 4132 2494 4188 αὐτὸν
2551 4132 2725 4208 ἀγαθῇ
2783 4132 3037 4204 ποιότητι
3087 4133 3176 4188 καὶ
3239 4137 3359 4197 τοῖς
3413 4130 3658 4200 λοιποῖς,
3715 4131 3834 4188 ὅσα

2171 4222 2371 4277 ἐκεῖνον
2419 4223 2511 4276 τὸν
2558 4219 2765 4278 δίκαιον
2805 4219 2971 4298 ἄνδρα
2999 4223 3375 4298 περιέστησαν.
3437 4221 3548 4277 Οὐκ
3575 4222 3640 4290 ἦν
3693 4221 3830 4286 ἐθὰς

2172 4310 2320 4367 οἷίου
2378 4313 2406 4367 6
2465 4309 2768 4386 ἄνθρωπος’
2827 4310 2971 4367 ἀλλὰ
3025 4311 3148 4367 τότε
3201 4312 3434 4388 πρώτως
3496 4306 3830 4367 ἐκϐλύσαντι

2170 4404 2250 4472 τῷ
2283 4400 2429 4476 ὑγρῷ
2477 4398 2676 4472 τούτῳ,
2735 4399 2834 4454 ’ὀσα
2886 4399 2976 4454 καί
3025 4421 3173 4462 τινος
3231 4406 3433 4474 πηγῆς,
3474 4407 3575 4469 τῆς
3626 4421 3836 4478 σταφυ-

2174 4487 2302 4558 λῆς,
2358 4489 2707 4564 προσηνέχθη
2765 4489 2902 4544 καθά
2954 4489 3043 4544 καὶ
3101 4486 3274 4544 ὅδατι·
3325 4487 3414 4544 καὶ
3464 4487 3676 4562 ἐμπιὼν
3723 4494 3832 4544 τοῦ

2175 4576 2348 4646 οἷ’νου,
2379 4575 2470 4632 ἅτε
2497 4576 2767 4656 νηφαλίου
2798 4577 3064 4651 πόματος,
3097 4575 3314 4646 ἐπαθεν,
3347 4577 3478 4654 ὅπερ
3509 4578 3655 4640 οἶνος
3706 4576 3832 4634 οἶδε

419 4674 694 4741 expertus
750 4676 858 4726 est.
910 4674 1029 4726 Hoc
1085 4676 1278 4728 autem
1303 4689 1435 4728 cum
1459 4689 1563 4745 per
1587 4673 1968 4747 aesophagum
2003 4655 2052 4731 in

2170 4671 2368 4723 ποιεῖν.
2403 4671 2556 4721 Ποιεῖ
2585 4663 2644 4720 δὲ
2691 4665 2908 4729 πάντως
2947 4665 3150 4729 ἐκεῖνος
3206 4663 3426 4741 καρδίας
3489 4667 3585 4740 μὲν
3631 4666 3832 4744 εὐφρο-

419 4775 697 4815 mensura
726 4760 1049 4828 descendit,
1083 4759 1254 4832 plane
1293 4761 1530 4832 quidem
1565 4762 1756 4818 cordis
1796 4763 2061 4821 laetitiam

418 4846 590 4917 parit,
623 4849 1022 4905 debilitantem
1066 4865 1200 4904 vero
1249 4853 1537 4922 torporem
1589 4851 1880 4922 producit,
1929 4870 2062 4909 cum

419 4941 732 5008 postquam
781 4944 942 4995 extra
991 4955 1330 4995 mensuram
1386 4939 1709 5012 descendit,
1741 4942 2065 5015 exindeque

423 5042 628 5083 rursus
650 5029 930 5096 ascendit,
965 5033 1250 5099 occupata
1279 5027 1538 5084 hominis
1587 5046 1736 5098 arce,
1763 5031 2064 5103 tyrannice

420 5121 646 5188 regnat.
673 5117 873 5190 Itaque
906 5119 1092 5174 factus
1114 5123 1204 5174 est
1234 5117 1433 5174 ebrius
1464 5118 1640 5175 homo
1673 5121 1755 5176 sic
1788 5121 1968 5178 semel
1997 5139 2067 5178 ex

418 5205 553 5262 vino
577 5224 783 5278 sopore
831 5208 1221 5280 captus;sed,
1277 5207 1412 5264 licet
1457 5207 1784 5266 inebriatus
1830 5211 1926 5278 sit,
1970 5228 2065 5267 co-

419 5313 669 5367 gnomen
703 5313 769 5354 ex
800 5297 1078 5354 ebrietate
1104 5297 1468 5370 proveniens,
1531 5313 1646 5353 non
1697 5297 1811 5370 ipsi
1867 5303 2065 5357 tamen

421 5385 686 5442 adhaesit.
721 5387 813 5443 Sic
845 5404 876 5443 e
905 5387 1198 5443 contrario
1257 5385 1359 5458 qui
1406 5387 1589 5442 semel
1650 5385 1872 5459 aliquid
1922 5405 2066 5460 pru-

421 5475 627 5532 denter
652 5476 806 5548 fecit,
837 5494 954 5533 non
1002 5476 1329 5533 secundum
1381 5475 1711 5545 scientiam,
1756 5477 1858 5532 sed
1897 5494 2068 5550 pror-

423 5581 527 5622 sus
548 5565 788 5638 invitus,
823 5584 928 5624 nec
958 5566 1219 5639 prudens
1250 5582 1284 5622 a
1331 5569 1485 5622 recte
1518 5565 1934 5637 judicantibus
1979 5567 2068 5622 di-

427 5654 611 5724 citur;
635 5671 824 5727 neque
844 5660 1020 5725 certe,
1041 5655 1142 5728 qui
1173 5652 1355 5712 semel
1407 5653 1723 5726 aliquando
1770 5668 1876 5726 per
1917 5655 2069 5712 acci-

429 5740 575 5798 dens
604 5743 827 5816 aliquid
853 5745 1012 5802 ausit
1035 5742 1225 5813 virile,
1250 5741 1362 5799 viri
1389 5741 1556 5800 fortis
1585 5758 1800 5802 nomen
1823 5744 2070 5821 accepit,

2174 4754 2361 4827 σύνην,
2412 4753 2502 4810 ὅτε
2541 4754 2602 4810 ἂν
2650 4750 2920 4826 καταϐαίη
2971 4752 3060 4810 διὰ
3099 4759 3197 4810 τοῦ
3245 4754 3544 4832 οἷσοφάγου
3602 4755 3828 4829 σύμμε-

2171 4864 2320 4920 τρος·
2380 4845 2544 4921 κάρον
2611 4843 2669 4900 δὲ
2733 4844 3124 4920 παραλυτικὸν,
3183 4844 3272 4900 ὅτε
3325 4839 3561 4906 καταϐὰς
3621 4843 3826 4920 μέτρου

2172 4933 2362 5010 πέραν,
2421 4934 2534 4989 εἶτα
2592 4931 2815 5003 ἀναϐὰς,
2864 4935 3204 5010 τυραννήσει,
3263 4933 3550 5008 κατασχὼν
3606 4935 3709 5004 τήν
3773 4934 3824 4990 ἐν

2173 5023 2445 5099 ἀνθρώπῳ
2489 5022 2812 5099 ἀκρόπολιν.
2872 5021 3082 5081 Οὔκουν
3149 5024 3418 5096 μεθυστὴς
3462 5020 3750 5098 ἅνθρωπος
3797 5025 3825 5080 6

2175 5115 2349 5176 οὕτως
2409 5113 2544 5184 ἅπαξ
2597 5112 2856 5176 ἑαλωκὼς
2914 5117 2983 5187 τῇ
3036 5112 3085 5186 ἐξ
3118 5109 3268 5168 οἷ’νου
3328 5117 3627 5190 καταφορᾷ·
3699 5111 3827 5170 ἀλλ’

2177 5202 2444 5278 ἐμεθύσθη
2503 5204 2620 5276 μὲν,
2680 5203 2782 5257 οὐκ
2833 5201 3100 5257 ἐνεκάθισε
3148 5199 3206 5256 δὲ
3262 5200 3409 5274 αὐτῷ
3461 5201 3744 5258 ἐντακεῖσα
3787 5205 3822 5274 ἠ

2177 5291 2236 5348 ἐκ
2296 5291 2464 5366 μέθης
2513 5291 2796 5366 ὀνομασία.
2857 5289 3045 5354 Οὕτως
3093 5289 3154 5346 ἐκ
3199 5295 3297 5346 τοῦ
3338 5289 3583 5346 ἐναντίου
3611 5290 3741 5349 οὐδὲ
3795 5293 3822 5348 6

2177 5381 2396 5455 εἰσάπαξ
2465 5381 2730 5460 φρόνιμόν
2780 5402 2832 5436 τι
2883 5383 3118 5453 ποιήσας
3172 5381 3247 5455 μὴ
3300 5383 3433 5436 κατά
3480 5379 3812 5455 ἐπιστήμην,

2178 5471 2303 5526 ἀλλ’
2335 5470 2410 5534 εἷς
2437 5471 2500 5526 τὸ
2538 5476 2640 5526 πᾶν
2692 5469 2858 5544 ἄκων,
2909 5469 3176 5550 φρόνιμος
3228 5475 3346 5533 τοῖς
3394 5469 3526 5546 ὀρθὰ
3579 5472 3821 5545 κρίνουσι

2179 5560 2414 5636 λέγεται’
2466 5558 2592 5617 οὐδὲ
2639 5562 2746 5637 μὴν
2797 5561 2826 5616 6
2866 5561 2920 5625 ἐς
2971 5559 3094 5634 μίαν
3144 5559 3270 5615 ποιὶ
3317 5557 3572 5634 ἀνδρικόν
3603 5580 3655 5616 τι
3685 5559 3816 5617 τολ-

2182 5652 2358 5725 μήσας
2402 5652 2538 5707 κατά
2585 5671 2639 5706 τι
2689 5649 2997 5729 παραπεσὸν
3047 5649 3146 5721 τὴν
3197 5651 3292 5704 τοῦ
3331 5646 3578 5726 ἀνδρείον
3626 5647 3816 5722 κλῆσιν

2179 5741 2534 5818 ἀπηνέγκατο.
2607 5740 2710 5803 Καὶ
2776 5737 2972 5816 δικαίῳ
3040 5735 3098 5796 δὲ
3145 5737 3334 5819 φάκτῳ
3386 5733 3641 5798 ἐπιϐαλεῖ
3691 5760 3816 5798 ποτε
