4114 6200
331 409 445 468 605

1344 405 1424 464 ΙΝ
1470 405 1535 466 S.
1583 401 2259 475 QUADRAGESIMAM
2304 405 2594 466 ORATIO
2639 405 2714 466 Il.

3614 399 3734 461 606

399 536 414 554 \
969 533 980 553 1
1253 531 1267 550 9
1361 531 1387 552 τ’
1555 531 1568 554 Ι
1736 538 1760 557 II
1952 533 1966 548 ‘

329 535 477 590 καιὸ
529 532 745 589 πάντων
795 530 1174 601 έκδικωτατος,
1222 553 1270 587 ει
1327 552 1469 587 ουτω
1509 552 1694 609 τυχοι.
1761 537 1888 588 Εστι
1921 529 1973 586 δε

2091 533 2263 606 Operi
2286 551 2418 590 vero
2442 535 2627 606 jueto,
2661 534 2710 590 si
2741 550 2912 590 casus
2951 531 3224 600 occurrit,
3255 530 3432 587 etiam
3464 530 3730 586 omnium

328 624 412 678 καὶ
447 621 615 677 παλιν
661 619 870 692 ἄδικος,
905 621 955 677 εἰ
1005 621 1139 695 μετά
1183 621 1246 675 τὸ
1298 620 1353 675 ἓν
1398 620 1568 675 ἐκεῖνο
1617 626 1733 683 τοῖς
1784 622 1978 696 προτέ-

331 733 445 787 ροις
489 711 763 784 ἐπιμένειν
823 711 1258 786 ἀπισχυρίζεται.
1305 711 1408 766 Καὶ
1461 711 1489 763 6
1541 709 1673 782 ἐμὸς
1721 708 1788 778 δὴ
1820 710 1980 772 οὗτος

327 803 451 858 Νῶε
502 803 604 870 τήν
653 801 833 876 ἀρχὴν
887 805 967 872 τῷ
1010 796 1139 872 οἷ’νῳ
1189 796 1506 862 διασεισθεὶς
1551 799 1640 853 καὶ
1687 799 1980 875 ταραχθεὶς

333 891 524 963 μικρὸν
579 889 728 958 ὅσον,
801 889 892 944 καὶ
967 885 1258 965 ἀνέσφηλε,
1333 887 1425 942 καὶ
1482 887 1832 952 κατασταθεὶς
1908 889 1982 950 ὡς

325 979 499 1054 πέτρα
573 978 788 1054 στεῤῥᾶ,
870 977 1048 1033 οὐκέτι
1123 976 1382 1052 ἐτινάχθη
1461 975 1586 1033 οὐδὲ
1644 978 1928 1032 κατέπεσεν
1964 994 1976 1008 ’

327 1064 452 1122 οὔδε
505 1069 952 1142 κατεκαυχήσατο
1028 1065 1190 1122 αὐτοῦ
1258 1067 1286 1120 6
1344 1066 1482 1142 πρὸς
1538 1069 1680 1141 ὥραν
1731 1063 1980 1141 ἀνδρικὸς

325 1155 529 1218 ἐκεῖνος
585 1159 731 1218 οἴνος
765 1174 777 1187 '
840 1155 985 1212 ἀλλὰ
1038 1155 1320 1230 θραυσθεὶς
1361 1154 1595 1231 έναρέτῳ
1654 1155 1980 1230 συμμετρίᾳ,

325 1245 425 1300 οὐκ
481 1245 558 1306 εἰς
615 1242 863 1320 δεύτερον
935 1243 1262 1308 Βλαπτικῶς
1335 1243 1482 1317 αὐτῷ
1551 1244 1777 1315 ἀνεφόη,
1835 1241 1982 1298 ἀλλὰ

327 1332 683 1402 συπατικῶς,
733 1334 808 1397 ὡς
867 1336 903 1404 ἡ
955 1332 1120 1388 αὐτοῦ
1176 1333 1332 1412 φύσις
1381 1331 1440 1388 ἐκ
1486 1334 1710 1410 πρώτης
1754 1327 1983 1388 καταϐο-

343 1420 450 1493 λῆς
479 1422 828 1478 κελευσθεῖσα
896 1424 1166 1478 τέτακται.
1219 1423 1311 1478 Διὸ
1355 1420 1478 1478 οὔτε
1507 1422 1583 1487 εἰς
1608 1422 1836 1496 μέθυσον
1868 1421 1976 1477 ἐνε-

324 1514 537 1590 γράφη,
565 1513 653 1566 καὶ
685 1514 787 1581 τήν
838 1511 1253 1585 ἑμπνευσθεῖσαν
1306 1509 1363 1567 δὲ
1418 1511 1614 1567 ἄνωθεν
1663 1512 1810 1584 αὐτῷ
1841 1532 1979 1586 προ-

329 1601 554 1676 φητείαν
607 1599 861 1678 ἐφύλαξεν
905 1598 1010 1664 ἓως
1061 1601 1150 1656 καὶ
1208 1601 1284 1664 εἷς
1330 1601 1507 1670 τέλος,
1540 1600 1631 1656 καὶ
1679 1607 1796 1665 τοῖς
1825 1601 1979 1675 ἆμοῖς

330 1691 704 1766 προπάτορσιν
733 1690 1106 1766 ἐγγέγραπται.
1132 1714 1161 1742 ››

401 1778 475 1836 λ’.
506 1780 718 1856 Ὁρᾶτε,
750 1781 794 1833 ὦ
819 1777 1070 1854 ἀδελφοὶ,
1125 1775 1273 1842 ὅπως
1327 1779 1488 1843 αὐτὸς
1537 1781 1564 1835 6
1595 1781 1747 1848 Θεὸς,
1781 1781 1808 1836 6
1845 1781 1975 1855 ὑπὲρ

2087 622 2519 694 injustissimus
2541 641 2782 680 manum
2805 623 3268 678 admovebit.Est
3298 626 3492 676 autem
3525 619 3734 674 iterum

2089 712 2350 784 iniquus,
2385 714 2434 768 si
2466 721 2597 786 post
2625 714 2770 768 illud
2805 730 2988 768 unum
3037 714 3278 781 factum,
3315 709 3610 782 prioribus
3641 709 3735 764 in-

2090 802 2307 857 hairere
2337 804 2661 858 continuat.
2697 807 2761 858 Et
2789 807 2945 858 certe
2991 817 3157 856 meus
3189 801 3287 856 ille
3317 799 3434 854 Noe
3464 797 3738 868 aliquan-

2089 890 2281 946 tulum
2312 891 2371 946 in
2405 892 2689 964 principio
2721 891 2854 947 vino
2911 907 3232 946 concussus
3264 905 3332 944 ac
3379 887 3676 954 turbatus,
3703 903 3738 942 a

2089 979 2260 1051 lapsu
2292 983 2630 1045 resurrexit,
2663 987 2720 1037 et
2777 982 2932 1036 sicut
2961 980 3149 1036 solida
3201 983 3367 1050 petra
3414 975 3732 1043 stabilitus,

2089 1085 2205 1124 non
2238 1067 2494 1141 amplius
2522 1069 2819 1125 vacillavit
2840 1087 3028 1140 neque
3057 1068 3287 1135 cecidit,
3320 1083 3423 1123 nec
3449 1066 3733 1122 adversus

2089 1175 2224 1214 eum
2251 1159 2436 1230 gloria
2459 1166 2583 1214 tum
2607 1165 2696 1215 est
2718 1158 2858 1214 illud
2885 1161 2956 1214 ad
2988 1158 3189 1214 horam
3213 1155 3380 1212 virile
3399 1153 3730 1223 vinum,sed

2089 1248 2546 1304 commendabili
2577 1265 2852 1304 mensura
2881 1247 3316 1314 devictum,non
3343 1244 3599 1300 secundo
3623 1242 3733 1299 fuit

2088 1338 2160 1392 ad
2193 1335 2447 1408 lapsum,
2479 1339 2581 1392 sed
2611 1339 2680 1392 ad
2713 1335 3203 1406 sustentaculum,
3234 1335 3386 1390 sicut
3405 1332 3591 1404 ipsius
3623 1349 3730 1388 na-

2087 1430 2221 1480 tura
2247 1426 2417 1496 juxta
2448 1427 2699 1498 primam
2731 1425 3016 1498 originem
3050 1425 3223 1494 jussa
3269 1422 3586 1477 constituta
3619 1423 3727 1475 est.

2088 1512 2219 1567 Ideo
2251 1529 2366 1568 non
2397 1513 2548 1568 inter
2567 1513 2761 1568 ebrios
2783 1513 3102 1583 inscriptus
3133 1509 3352 1577 est,sed
3381 1506 3727 1578 inspiratum

2086 1601 2138 1657 ei
2169 1602 2423 1674 desuper
2453 1601 2766 1673 prophetiae
2814 1601 3034 1656 donum
3075 1597 3407 1667 custodivit,
3441 1611 3628 1667 usque
3657 1593 3730 1650 ad

2084 1691 2285 1760 finem,
2317 1708 2384 1748 ac
2415 1692 2562 1748 meis
2593 1708 2727 1747 cum
2759 1691 2882 1746 avis
2913 1692 3334 1746 annumeratus
3363 1690 3471 1742 est.
3503 1707 3532 1736 »

326 1870 530 1931 πάντας
587 1869 806 1943 κριτὴς,
861 1870 944 1924 ὅτι
993 1869 1080 1924 καὶ
1145 1867 1423 1945 ὑπέρθεος,
1479 1869 1673 1944 κρίνει,
1725 1869 1815 1924 καὶ
1866 1867 1973 1925 δια-

2155 1870 2243 1925 30.
2303 1869 2551 1938 Videtis,
2605 1871 2836 1938 fratres,
2894 1869 3188 1941 quomodo
3246 1867 3399 1922 Deus
3451 1863 3596 1966 ipse,
3630 1861 3729 1934 qui

325 1959 517 2034 κρίνει,
567 1959 655 2012 καὶ
719 1957 861 2012 οὕτω
922 1955 1286 2034 διαγινώσκει,
1346 1957 1408 2012 οὐ
1458 1959 1593 2033 πρὸς
1651 1959 1975 2032 ἀποτομίαν,

2088 1977 2266 2031 super
2314 1977 2518 2016 omnes
2544 1962 2727 2031 judex
2783 1965 2890 2027 est,
2924 1959 3064 2030 quia
3113 1973 3289 2030 super
3323 1954 3523 2010 omnia
3551 1953 3727 2020 Deus,

325 2045 472 2102 ἀλλά
502 2045 914 2125 φιλανθρωπίαν
947 2046 998 2118 ἐξ
1047 2047 1264 2122 ἀγάπης
1305 2046 1539 2110 πάντως.
1573 2046 1641 2105 Τί
1673 2045 1741 2117 δὴ
1770 2047 1861 2103 οὖν
1899 2051 1973 2122 μὴ

2085 2049 2310 2119 judicet
2341 2091 2354 2116 ,
2387 2055 2444 2105 et
2473 2049 2753 2116 dicernat,
2785 2053 2843 2106 et
2890 2049 2972 2103 ita
3002 2047 3171 2119 plene
3227 2046 3562 2118 cognoscat,
3613 2057 3728 2096 non

323 2137 410 2191 καὶ
441 2139 633 2208 ἡμεῖς,
665 2135 744 2198 εἰς
791 2134 917 2192 ὅσον
967 2135 1207 2215 ἐφικτὸν,
1250 2136 1646 2210 έξομοιοόμεθα
1697 2141 1776 2209 τῷ
1802 2137 1980 2192 τοιού-

321 2248 402 2299 τῳ
458 2228 643 2300 κριτῇ,
703 2223 850 2280 ἀλλὰ
904 2226 1038 2300 πρὸς
1095 2224 1350 2296 ἀπήνειαν
1405 2225 1494 2280 καὶ
1542 2222 1834 2298 δικάζομεν
1886 2226 1978 2280 καὶ

325 2314 760 2390 ἀποφαινόμεθα,
816 2314 904 2369 καὶ
963 2314 1031 2368 τὰ
1085 2312 1282 2384 πλείω,
1346 2313 1428 2390 ὶφ’
1481 2315 1564 2378 οἷς
1617 2311 1740 2369 οὕτε
1785 2313 1977 2392 πρέπει

327 2403 449 2458 οὕτε
505 2401 696 2466 ἄλλως
751 2403 887 2479 χρὴ,
945 2404 1209 2476 πταίομεν
1263 2401 1536 2465 πολλάκις
1581 2429 1596 2473 ;
1654 2402 1831 2460 Ἀλλά
1892 2424 1977 2467 τις

329 2492 642 2564 περίστασις
696 2491 1015 2565 παρίσταται
1067 2493 1344 2564 βοηθοῦσα
1394 2493 1556 2565 ἡμῖν,
1606 2491 1682 2554 είς
1731 2493 1796 2564 ἢν
1840 2491 1976 2548 ἀπο-

333 2574 553 2636 ϐλέπων
587 2582 615 2636 6
645 2580 841 2656 κρίνων
895 2579 1111 2636 δύναται
1171 2583 1247 2654 μὴ
1297 2581 1655 2659 καταφάσκειν
1707 2578 1853 2636 δεινὰ
1880 2586 1976 2636 τοῦ

332 2667 593 2748 ἀδελφοῦ,
657 2667 798 2743 μηδὲ
853 2669 1173 2746 ἀπηλεγέως
1230 2669 1394 2724 αὐτοῦ
1449 2671 1862 2748 καταφέρεσθαι.
1911 2669 1976 2728 Τί

330 2757 428 2813 οὐκ
480 2757 859 2831 ἐνθυμούμεθα
915 2760 967 2814 οἱ
1018 2757 1190 2831 μάτην
1257 2759 1394 2814 κατὰ
1436 2763 1544 2813 τῶν
1596 2759 1846 2814 ἀναιτίων
1881 2779 1975 2814 πε-

327 2843 746 2923 τροϐολοῦντες,
792 2847 882 2902 καὶ
929 2847 1057 2912 τοῦς
1106 2847 1320 2912 ἀθώους
1367 2845 1699 2918 λιθάζοντες,
1732 2848 1823 2903 τὸν
1856 2847 1978 2927 φιλ-

326 2937 742 3013 ανθρωπότατον
798 2935 1000 2992 ἐκεῖνον
1053 2934 1214 3011 λόγον
1265 2941 1360 2991 τοῦ
1404 2936 1651 2999 εἰπόντος
1685 2957 1698 2971 ο
1733 2962 1760 2989 ‹‹
1792 2941 1977 3001 ’Ὀστις

329 3027 436 3102 οὐχ
464 3026 700 3102 ἥμαρτε,
736 3023 949 3102 βαλέτω
998 3022 1150 3090 λίθον
1200 3023 1288 3080 ἐπὶ
1341 3025 1404 3080 τὸ
1453 3026 1776 3100 ἡμαρτηκὸς
1803 3025 1975 3101 πρόσο

327 3133 582 3184 ωπον;»
634 3112 858 3172 Μᾶλλον
911 3114 1005 3188 μὶν
1058 3114 1148 3170 οὗν
1196 3113 1248 3169 τί
1304 3114 1429 3176 τοὺς
1492 3113 1660 3188 μηδὲν
1715 3112 1979 3188 μηδόλως

327 3206 463 3276 ἡμῖν
515 3202 981 3280 ἐξαμαρτάνοντας
1030 3202 1290 3277 ἐθέλομεν
1337 3203 1738 3279 καταχωννύειν
1772 3203 1970 3274 λίθοις,

330 3292 448 3347 οὕτε
509 3292 843 3368 βλάπτοντες
920 3293 1160 3355 ἐκείνους
1238 3289 1416 3365 οὐδὲν,
1495 3290 1642 3347 ἀλλά
1697 3295 1974 3372 στεφάνοις

327 3379 716 3455 καλλύνοντες,
792 3379 899 3437 εἷ’τε
969 3381 1252 3454 ὑπομονῆς
1327 3376 1522 3450 ἕνεκεν,
1582 3380 1689 3436 εἴτε
1744 3383 1833 3436 καὶ
1891 3382 1974 3438 ὅτι

327 3491 600 3547 πασχουσι
658 3471 750 3525 καὶ
807 3468 1148 3542 ὀνειδισμοὺς
1195 3471 1282 3524 καὶ
1335 3472 1403 3524 τά
1469 3468 1634 3538 ἄλλα,
1670 3467 1741 3524 δι’
1770 3472 1842 3525 ὧν
1867 3492 1976 3544 μα-

327 3560 594 3635 καρίζεται
646 3560 793 3634 παρὰ
842 3565 958 3623 τοῖς
1003 3560 1173 3635 ἱεροῖς
1212 3557 1565 3636 Εὖαγγελίοις
1595 3563 1842 3622 τοιοῦτος
1884 3561 1974 3615 ἄν·

327 3649 540 3724 θρωπος
572 3667 586 3718 ;

396 3735 497 3794 λα’.
559 3732 930 3811 Ἐμϐαθύνατε
976 3737 1029 3792 οἱ
1087 3734 1176 3791 διὰ
1223 3734 1320 3791 τοῦ
1370 3736 1770 3813 ἱερογρωφικοῦ
1813 3733 1976 3791 πελά-

326 3847 452 3901 γους
485 3825 754 3904 ἐντέχνως
805 3827 1130 3903 νηχόμενοι,
1185 3827 1274 3880 καὶ
1307 3823 1565 3902 δράξασθε
1597 3823 1974 3902 διορατικώτε-

327 3935 416 3990 ρον
471 3918 572 3985 τῆς
648 3915 852 3980 ἐννοίας
924 3919 1022 3970 τοῦ
1105 3913 1465 3991 εὐαγγελικοῦ
1525 3913 1769 3990 ῥήματος
1826 3913 1922 3970 τοῦ
1957 3933 1970 3948 ο

254 3991 260 3995 ί
324 4029 352 4056 ιι
383 4007 565 4067 Ὅστις
615 4004 726 4080 οὐχ
772 4003 1007 4079 ἥμαρτε,
1062 4001 1278 4079 βαλέτω
1318 4002 1470 4067 λίθον
1505 4001 1591 4058 ἐπὶ
1623 4003 1683 4058 τὸ
1714 4005 1971 4080 ἁμαρτω-

323 4089 416 4148 λὸν
449 4093 761 4169 πρόσωπον.
797 4117 826 4144 υ
875 4094 1190 4168 Μυστήριον
1243 4092 1304 4147 τὸ
1352 4098 1582 4167 πρᾶγμά
1606 4089 1969 4162 ἐκπληκτικὸν

322 4180 564 4256 ἀληθῶς,
614 4183 704 4238 καὶ
764 4181 861 4237 οὐκ
913 4181 1052 4237 ἔστιν
1112 4181 1428 4253 ἐξισωθῆναι
1477 4179 1744 4257 διάκρισιν
1791 4180 1968 4252 ἄλλην

319 4273 454 4347 πρὸς
525 4273 627 4341 τὴν
698 4270 922 4328 ἐνταῦθα
997 4272 1466 4347 προφαινομένην.
1543 4269 1640 4326 Καὶ
1722 4270 1969 4334 εἰκότως.

318 4361 446 4424 Θεός
499 4383 558 4418 τε
612 4361 714 4438 γὰρ
778 4362 911 4438 ὑπὲρ
961 4359 1167 4416 ἅπαντα
1221 4361 1310 4415 καὶ
1360 4364 1486 4416 νοῦν
1527 4359 1616 4414 καὶ
1655 4361 1967 4437 πράγματα,

314 4452 400 4505 καὶ
434 4455 570 4506 Θεοῦ
619 4449 886 4527 διάκρισις
941 4451 1074 4526 ὑπὲρ
1135 4447 1361 4507 ἅπασαν.
1428 4446 1678 4519 Ἐδέζατο
1726 4447 1814 4504 ἒπὶ
1872 4455 1970 4505 τοῦ

319 4540 478 4612 ὤμου
523 4539 789 4617 ἁμαρτίαν
842 4541 1111 4595 κάνταῦθα
1159 4541 1187 4596 6
1228 4538 1393 4616 ai'puw
1437 4541 1531 4602 τὰς
1577 4539 1844 4614 ἁμαρτίας
1873 4537 1969 4595 τοῦ

2088 2139 2161 2193 ad
2192 2138 2490 2206 duritiem,
2516 2139 2617 2194 sed
2647 2155 2715 2194 ex
2757 2136 3041 2194 charitate
3071 2151 3312 2209 prorsus
3357 2133 3424 2189 ad
3454 2128 3729 2186 humani-

2087 2231 2290 2282 tatem.
2323 2229 2437 2282 Cur
2461 2227 2642 2299 igitur
2669 2231 2728 2282 et
2747 2231 3170 2298 nos,quantum
3201 2228 3290 2280 est
3309 2217 3730 2294 possibile,non

2085 2315 2426 2388 elﬁngimur
2453 2316 2554 2371 tali
2577 2315 2765 2387 judici
2797 2314 3045 2384 similes,
3076 2313 3176 2370 sed
3218 2313 3290 2368 ad
3324 2308 3729 2366 crudelitatem

2086 2405 2502 2477 etjudicamus
2533 2410 2590 2461 et
2613 2421 2988 2477 apparemus,
3021 2408 3079 2460 et
3114 2401 3481 2475 plerumque,
3513 2397 3572 2452 in
3603 2411 3727 2467 quas

2087 2511 2192 2550 nec
2223 2495 2386 2550 decet
2415 2510 2520 2550 nec
2553 2511 2794 2566 prorsus
2823 2497 3069 2563 oportet,
3101 2508 3253 2564 saepe
3295 2485 3680 2561 impingimus
3701 2483 3730 2538 7

2083 2586 2353 2640 Attamen
2386 2584 2650 2654 quasdam
2704 2583 2874 2638 nobis
2904 2581 3195 2638 auxiliaris
3253 2582 3463 2651 praesto
3493 2579 3585 2632 est
3613 2573 3724 2629 cir-

2085 2671 2462 2740 cumstantia,
2493 2673 2564 2728 ad
2593 2689 2766 2743 quam
2792 2671 3026 2726 intuens
3049 2669 3148 2742 qui
3170 2668 3399 2740 judicat
3429 2681 3542 2721 non
3574 2663 3726 2718 valet

2085 2761 2232 2817 dura
2285 2759 2445 2832 loqui
2503 2767 2703 2816 contra
2734 2761 2971 2815 fratrem
3022 2774 3210 2830 neque
3249 2773 3394 2812 saeve
3447 2755 3728 2810 adversus

2085 2866 2218 2905 eum
2254 2850 2411 2905 ferri.
2456 2849 2573 2905 Cur
2601 2867 2717 2905 non
2750 2849 2807 2904 in
2842 2853 3036 2904 mente
3092 2845 3462 2912 revolvimus,
3493 2860 3597 2899 nos
3626 2841 3728 2913 qui

2084 2939 2304 2994 frustra
2333 2943 2535 2995 contra
2581 2939 2844 2994 insontes
2873 2937 3129 3009 lapidem
3163 2935 3442 3006 jacimus,
3474 2937 3531 2988 et
3560 2931 3730 2987 inno-

2085 3032 2283 3084 centes
2312 3027 2667 3100 lapidamus,
2714 3025 3244 3083 clementissimum
3294 3022 3437 3078 illud
3483 3022 3726 3077 verbum

2085 3115 2371 3172 dicentis:
2406 3140 2434 3167 ‹‹
2467 3117 2571 3180 Qui
2619 3118 2746 3173 sine
2792 3121 3028 3188 peccato
3076 3119 3165 3171 est
3213 3119 3472 3169 vestrum
3506 3112 3731 3184 primus

2086 3205 2144 3260 in
2177 3205 2338 3262 illam
2372 3205 2626 3279 lapidem
2652 3207 2848 3262 mittat
2867 3205 2933 3260 αἲ
2964 3227 2992 3254 n
3014 3203 3116 3260 Vel
3149 3201 3344 3275 potius
3370 3218 3475 3257 cur
3505 3217 3604 3256 eos
3627 3199 3729 3272 qui

2087 3295 2548 3368 haudquaquam
2566 3297 2624 3351 in
2644 3313 2748 3352 nos
2767 3298 3150 3368 peccaverunt
3169 3292 3466 3365 lapidibus
3486 3292 3731 3346 obruere

2083 3384 2377 3452 volumus,
2411 3385 2558 3440 nihil
2613 3386 2773 3456 ipsos
2823 3385 3120 3453 laedentes,
3153 3383 3254 3438 sed
3303 3379 3532 3436 coronis
3564 3395 3726 3434 exor-

2085 3478 2314 3542 nantes,
2374 3475 2496 3530 sive
2554 3479 2791 3546 prepter
2848 3472 3212 3546 patientiam,
3271 3469 3390 3526 siVe
3443 3466 3582 3540 quia
3629 3483 3731 3538 pa-

2084 3562 2315 3618 tiuntur
2344 3563 2658 3634 opprobria
2706 3568 3048 3634 ceteraque,
3080 3575 3332 3633 quorum
3376 3557 3565 3631 gratia
3593 3555 3730 3612 talis

2083 3653 2258 3709 homo
2290 3653 2511 3710 sanctis
2541 3655 2599 3709 in
2632 3651 2958 3726 Evangeliis
2991 3651 3341 3724 predicatur
3370 3646 3623 3704 beatus?

2155 3744 2244 3798 31.
2296 3743 2488 3799 Altius
2537 3747 2859 3826 penetrate,
2907 3742 3007 3814 qui
3059 3757 3162 3813 per
3216 3734 3727 3826 hierographicum

2085 3847 2246 3887 mare
2278 3831 2460 3904 perite
2489 3823 2797 3903 navigatis,
2829 3835 2886 3886 et
2936 3829 3158 3901 aliquid
3189 3825 3474 3884 assumite
3505 3823 3729 3897 perspi~

2085 3919 2281 3976 cacius
2311 3938 2380 3977 ex
2410 3921 2588 3992 hujus
2632 3920 2947 3993 evangelici
3005 3919 3299 3976 sententia
3326 3916 3522 3973 verbi:
3559 3936 3586 3965 ‹‹
3618 3913 3726 3979 Qui

2083 4009 2211 4065 sine
2241 4015 2476 4082 peccato
2505 4015 2595 4066 est
2624 4015 2883 4066 vestrum
2917 4009 3142 4082 primus
3187 4009 3246 4063 in
3277 4007 3438 4062 illam
3471 4003 3727 4077 lapidem

2084 4099 2300 4154 mittat.
2348 4121 2376 4151 »
2427 4101 2546 4155 Hoc
2605 4116 2736 4155 vere
2792 4099 3148 4171 stupendum
3206 4102 3297 4153 est
3354 4094 3724 4168 mysterium,

2083 4202 2188 4242 nec
2219 4203 2350 4242 cum
2383 4187 2478 4244 hic
2517 4186 2813 4244 relucente
2863 4186 3258 4257 comparanda
3312 4188 3402 4240 est
3430 4183 3545 4240 alia
3574 4181 3727 4251 diju-

2081 4273 2313 4330 dicatio.
2346 4279 2420 4332 Et
2446 4276 2602 4332 enim
2663 4276 2869 4332 merito
2900 4275 3054 4331 Deus
3110 4291 3288 4346 super
3315 4272 3533 4338 omnia,
3562 4287 3727 4326 men-

2082 4366 2198 4420 tem
2260 4381 2326 4420 so
2385 4382 2500 4434 res,
2556 4370 2668 4433 est,
2724 4365 2942 4438 Deique
2981 4364 3276 4436 judicium
3330 4378 3507 4434 super
3553 4375 3728 4414 omne

2080 4459 2336 4526 prastat.
2374 4455 2476 4511 llic
2505 4456 2681 4511 etiam
2709 4471 2886 4528 super
2928 4454 3241 4509 humerum
3293 4453 3596 4524 peccatum
3628 4464 3727 4502 ac-

2081 4542 2442 4614 ceperat,qui
2476 4543 2630 4599 tollit
2671 4547 2906 4616 peccata
2936 4541 3165 4605 mundi,
3213 4539 3311 4611 qui
3346 4536 3725 4610 purissimus,

312 4629 546 4702 κόσμου,
585 4629 612 4684 6
659 4629 1052 4705 ὗπερκάθαρος,
1104 4629 1132 4684 6
1184 4628 1519 4706 ὑπέρφωτος,
1556 4625 1648 4682 ἵνα
1678 4625 1878 4702 ἒλεηθῇ
1906 4628 1969 4683 τὸ

2085 4629 2180 4702 qui
2213 4630 2613 4687 luoidiseimus
2639 4636 2748 4700 est,
2781 4635 2845 4686 ut
2875 4631 3033 4685 illius
3071 4645 3328 4702 persona;
3359 4643 3461 4698 pro
3493 4641 3610 4696 qua
3640 4622 3724 4678 lo-

313 4717 627 4792 ηρόσωπον,
690 4718 823 4793 ὑπὲρ
883 4715 944 4772 οῦ
1003 4715 1293 4788 ἔλάλησεν.
1346 4741 1375 4771 ι(
1428 4717 1491 4774 Ὀ
1552 4718 1626 4790 μή
1686 4717 1968 4792 ἁμαρτὼν,

312 4806 470 4882 φησὶ,
508 4803 722 4882 βαλέτω
783 4803 935 4861 λίθον
985 4804 1071 4861 ἔπ’
1117 4805 1306 4877 αὐτήν.
1342 4830 1371 4858 ››
1420 4806 1526 4861 Καὶ
1565 4806 1780 4868 πάντως
1813 4805 1966 4882 εἶχον

313 4891 371 4949 ἅν
404 4895 574 4950 εἰπεῖν
605 4896 656 4949 οἱ
707 4894 995 4959 ἀκούοντες
1041 4896 1356 4950 αὐθέκαστοι
1403 4893 1599 4950 ἔκέῖνοι
1646 4895 1851 4971 κριταὶ,
1885 4894 1967 4950 ὅτι

312 5007 340 5036 ι(
373 4985 496 5039 Ἐὰν
532 4985 560 5040 6
595 4984 670 5057 μὴ
715 4983 972 5060 ἁμαρτὼν
1020 4982 1170 5048 λίθον
1214 4979 1561 5059 ἔγκελεῦηται
1619 4981 1803 5060 βαλεῖν
1833 4984 1970 5039 κατὰ

307 5077 406 5128 τοῦ
438 5073 782 5142 πταίσαντος,
815 5073 876 5128 σὺ
915 5072 972 5128 δὲ
1019 5073 1093 5136 ὡς
1143 5077 1276 5128 Θεοῦ
1320 5073 1437 5135 υἱὸς
1486 5071 1866 5150 ἀναμάρτητος
1900 5073 1963 5142 εἴ,

308 5162 467 5238 ῥίψον
531 5161 592 5216 σὺ
651 5167 868 5237 πρῶτος
917 5162 1092 5232 λίθον,
1141 5163 1230 5217 καὶ
1279 5163 1536 5238 φόνευσον
1581 5163 1681 5231 τήν
1729 5161 1967 5237 παράνο-

312 5272 436 5325 μον.
468 5277 495 5304 )›
530 5249 749 5314 Είδότες
771 5248 848 5321 δὶ,
883 5253 956 5314 ὡς
986 5251 1241 5330 ἔμφράξεί
1272 5252 1457 5314 αὐτοῖς
1484 5251 1546 5306 τὸ
1580 5250 1774 5326 στόμα,
1801 5251 1966 5305 ὑπαν-

305 5342 476 5413 τήσας
507 5339 698 5397 αὒτίκα
749 5340 986 5419 στεῤῥῶς
1038 5337 1092 5396 ἔν
1148 5346 1227 5415 τῷ
1290 5337 1458 5398 εἷ’πεν.
1511 5339 1592 5396 ὅτι
1654 5363 1684 5393 ‹‹
1715 5340 1812 5395 Καὶ
1846 5337 1965 5394 ἰδοῦ

306 5430 414 5508 ἐγὼ
473 5432 604 5496 Θεὸς
663 5425 738 5486 ὤν
809 5431 1212 5509 ἀναμάρτητος,
1285 5430 1386 5486 οὐκ
1452 5428 1753 5507 ἒπιῤῥίπτω
1810 5427 1965 5484 λίθον

307 5516 397 5576 ἰπὶ
441 5519 611 5600 φόνῳ,
669 5521 810 5577 καθὰ
858 5517 983 5576 οὐδε
1033 5517 1229 5578 ὀδόντα
1285 5514 1505 5577 ἶκὸαλῶ
1556 5517 1674 5575 ἀντὶ
1724 5510 1961 5582 ὀδόντος.

380 5739 402 5777 ⁸
431 5741 603 5800 Joan.
633 5753 754 5812 vni,
783 5740 840 5796 7.

2082 4724 2252 4774 cutus
2281 4725 2390 4788 est,
2419 4720 2738 4776 misereret.
2763 4742 2790 4768 «
2815 4719 2920 4786 Qui
2944 4720 3069 4774 sine
3093 4721 3325 4791 peccato
3345 4719 3436 4770 est
3462 4717 3724 4770 vestrum

2079 4807 2307 4880 primus
2326 4808 2382 4862 in
2407 4807 2568 4864 illam
2592 4808 2844 4880 lapidem
2870 4808 3115 4863 mittat.»
3137 4805 3387 4863 Omnino
3410 4803 3600 4859 dicere
3623 4818 3726 4874 po-

2078 4897 2334 4952 tuissent
2364 4895 2449 4952 illi
2479 4897 2581 4969 qui
2613 4897 2929 4952 audiebant
2958 4895 3141 4952 severi
3165 4895 3392 4967 judices
3419 4911 3430 4950 :
3456 4915 3483 4943 «
3517 4892 3596 4958 Si,
3621 4889 3725 4963 qui

2079 5002 2193 5040 non
2227 4986 2504 5057 peccavit,
2555 4985 2808 5058 lapidem
2846 4988 3041 5058 jacere
3079 4985 3324 5056 jubetur
3352 4983 3410 5038 in
3458 4987 3726 5055 peccato-

2077 5091 2226 5142 rem,
2257 5078 2314 5130 et
2344 5080 2429 5145 tu,
2469 5074 2630 5131 velut
2658 5075 2760 5132 Dei
2784 5075 2986 5145 Filius,
3019 5075 3146 5132 sine
3195 5078 3431 5147 peccato
3465 5088 3526 5127 es
3551 5087 3564 5138 ;
3590 5071 3723 5141 jace

2076 5167 2138 5219 tu
2175 5164 2401 5237 primus
2435 5163 2710 5238 lapidem,
2745 5170 2802 5220 et
2846 5164 3107 5237 iniquam
3149 5164 3367 5220 occide.
3404 5161 3722 5241 »_Scientes

2075 5257 2270 5308 autem
2303 5253 2473 5310 illum
2522 5271 2588 5310 os
2637 5254 2781 5326 ipsis
2830 5255 3237 5310 obturaturum
3293 5268 3439 5318 esse,
3478 5249 3724 5304 ﬁrmiter

2074 5342 2363 5416 extemplo
2387 5345 2835 5416 respondentem
2862 5360 2874 5399 :
2896 5367 2923 5393 ‹‹
2947 5344 3029 5398 En
3049 5359 3150 5413 ego
3172 5342 3573 5411 Deus,absquc
3595 5353 3724 5409 pec-

2075 5436 2225 5501 cato,
2257 5448 2370 5488 non
2396 5432 2552 5505 jacio
2602 5432 2858 5506 lapidem
2889 5433 2961 5488 ad
3018 5431 3392 5496 occisionem,
3427 5431 3720 5500 quatenus

2075 5536 2180 5578 nec
2211 5522 2447 5579 dentem
2503 5537 2643 5579 eruo
2675 5538 2778 5595 pro
2839 5522 3029 5594 dente,
3079 5536 3185 5578 nec
3241 5517 3476 5575 oculum
3509 5515 3719 5574 etl‘odio
