4114 6200
356 389 472 451 607

1126 391 1540 454 EUSTATHII
1587 389 2352 454 THESSALONICENSIS
2401 393 2983 458 METaopou'm

3658 411 3786 472 608

357 541 461 597 pro
485 524 677 594 oculo,
707 527 811 582 sed
862 526 1035 582 modo
1066 524 1270 581 leniori
1318 525 1533 580 curabo
1567 523 1835 579 morbum
1868 523 1996 594 ejus

2113 519 2237 578 ossi
2290 495 2573 600 ὀιρθαλμὸν
2625 524 2854 603 ἰξορῦξω
2911 527 3030 586 ἀντὶ
3094 531 3433 610 ὀφθαλμοῦ·
3497 537 3690 604 ἄλλως
3720 540 3788 598 δι

357 614 460 686 qui
493 615 912 687 peecavit,quia
942 633 1055 670 non
1089 615 1159 669 ad
1196 613 1462 669 umbram
1496 613 1707 669 similis
1737 631 1870 670 sum
1901 630 1998 668 vo-

356 703 470 769 bis,
508 726 529 754 »
566 703 875 771 siluerunt,
925 709 981 759 et
1021 703 1237 774 incepti
1294 703 1524 774 pondus
1554 703 1708 759 sicut
1764 709 1820 759 et
1847 703 1999 774 lapis

2108 612 2414 685 ἠπιώτερον
2476 614 2787 689 θεραπεύσω
2845 618 2945 686 τὴν
3021 620 3182 677 νόσον
3262 628 3360 679 τοῦ
3417 628 3782 704 πταίσαντος,

2109 699 2191 794 ὅτι
2228 698 2368 794 μηδὲ
2405 706 2521 794 τῆς
2554 708 2708 767 σκιᾶς
2753 704 2858 782 ἐγώ
2907 707 3024 780 εἶμι
3072 712 3191 765 καθ’
3241 714 3401 787 ὑμᾶς,
3442 741 3464 768 ι
3518 698 3783 794 ἐσίγησαν

361 791 418 846 in
451 792 610 864 ipsos
642 794 865 848 recidit.
898 794 966 848 Et
995 808 1126 848 ecce
1167 793 1332 847 vobis
1362 792 1653 863 Evangelii
1693 792 1842 864 lapis
1873 793 2000 864 ipsa

2113 789 2195 890 και
2245 789 2308 890 τό
2354 799 2453 890 τῆς
2501 793 2815 890 ἀμηχανίας
2869 797 3035 890 βάρος
3077 799 3177 890 δσα
3231 803 3321 857 καὶ
3375 802 3531 870 λίθος
3579 789 3784 890 ἐρρίφη

361 881 694 952 margarita,
729 898 904 953 quam
959 887 1023 936 ut
1051 880 1348 954 Evangelii
1406 881 1747 953 pretiosam,
1778 883 1850 938 ad
1908 881 1997 936 lu-

358 987 522 1025 crum
555 970 1016 1040 negotiabimini.

2107 878 2189 932 ἐπ’
2247 879 2465 941 αὐτούς.
2527 882 2624 936 Καὶ
2684 881 2803 938 ἰδοὺ
2883 885 3010 957 ὑμῖν
3091 886 3249 952 λίθος
3317 891 3476 957 οὗτος
3535 878 3791 975 Eii-aqvas-

2108 967 2266 1064 Hoc,
2337 967 2661 1064 (ξοιῤῥίἱκδὲ⁸
2706 971 2864 1050 φάναι
2932 973 3225 1064 ,ἀσφαλῶς
3303 981 3397 1036 καὶ
3472 967 3788 1064 μάργαρος,

360 1057 474 1112 ἐπεὶ
529 1058 616 1113 καὶ
679 1057 835 1124 λίθου
893 1056 1034 1121 εἶδός
1089 1079 1142 1113 τι
1196 1056 1286 1113 καὶ
1346 1058 1374 1113 6
1434 1077 1746 1133 μαργαρος,
1805 1057 1862 1113 ’ὸν
1917 1057 1994 1120 ὡς
2049 1053 2402 1132 εὖαγγελικὸν
2461 1057 2838 1134 πολυτίμητον
2902 1063 2979 1126 εἷς
3037 1053 3788 1154 κερδαλεότητανέμπορεύλ

360 1158 533 1211 σεσθι.

427 1257 515 1315 32.
550 1257 687 1312 Erat
718 1261 915 1314 autem
975 1257 1055 1312 ibi
1108 1256 1486 1312 victoriosum
1543 1255 1858 1311 Salvatoris
1898 1257 2001 1311 ad-

354 1362 559 1400 versus
590 1345 722 1401 illos
747 1361 977 1401 severos
991 1345 1222 1417 judices
1254 1351 1666 1416 argumentum
1690 1361 1724 1399 a
1755 1343 2000 1399 fortiori.

2322 1251 2513 1345 Ἦνδέ
2566 1253 2667 1332 ἄρα
2717 1256 2942 1325 ἐνταῦθα
2987 1262 3050 1317 τὸ
3099 1268 3384 1336 νικητικὸν
3429 1274 3530 1325 τοῦ
3580 1278 3788 1345 Σωτῆ-

2112 1361 2206 1438 ρος
2252 1342 2591 1438 ἆπιχείρημα
2636 1347 2771 1438 κατᾷ
2819 1354 2926 1438 τῶν
2977 1351 3263 1428 αὖστηρῶν
3314 1355 3535 1415 ἐκείνων
3568 1342 3787 1438 κριτῶν

356 1455 384 1484 ‹‹
419 1434 478 1489 Si
509 1433 688 1498 enim,
720 1433 930 1505 inquit,
965 1450 1071 1504 ego
1127 1433 1228 1506 qui
1260 1433 1388 1488 sine
1434 1440 1666 1505 peccato
1697 1450 1852 1502 sum,
1885 1449 1999 1487 non

2113 1429 2168 1484 ἰκ
2195 1435 2292 1485 τοῦ
2327 1432 2596 1525 μείζονος.
2626 1459 2655 1486 ‹‹
2688 1434 2895 1525 ῌῗγὰρ,
2931 1461 2960 1490 ››
3003 1462 3190 1518 φησιν,
3225 1468 3254 1495 ι(
3301 1443 3412 1521 ἐγὼ
3462 1449 3490 1503 6
3526 1429 3791 1525 ἀναμάρ-

347 1522 505 1593 jacio
536 1521 786 1593 lapidem
822 1523 880 1577 in
913 1523 1312 1594 peccatricem,
1348 1539 1536 1593 neque
1565 1538 1666 1577 vos
1705 1538 1860 1592 ergo,
1895 1537 2000 1576 nec

2113 1540 2272 1612 Euros
2331 1519 2392 1575 οὐ
2455 1521 2648 1612 βάλλω
2709 1523 2864 1589 λίθον
2920 1529 3056 1584 κατὰ
3110 1532 3213 1600 τῆς
3254 1519 3794 1612 ἁμαρτωλοῦίοῦἓ

359 1611 457 1682 qui
488 1611 650 1666 vobis
681 1616 820 1666 sunt
849 1611 1349 1682 similes,quorum
1377 1610 1523 1665 nulli
1555 1615 1693 1666 sunt
1722 1610 1875 1666 sicut
1893 1626 1999 1680 ego

2113 1605 2210 1703 ᾅρα
2245 1609 2399 1703 {ipsis
2432 1609 2547 1703 ’καὶ
2592 1612 2645 1703 οἱ
2691 1615 2823 1703 ,καθ’
2886 1616 3043 1689 ὑμᾶς.
3096 1620 3148 1674 οἱ
3200 1605 3430 1694 μηδένες
3482 1605 3623 1702 πρὸς
3681 1628 3793 1703 ἐμὲ

356 1707 592 1770 propter
640 1704 941 1770 peccatum
993 1701 1144 1771 quod
1206 1699 1267 1754 in
1323 1700 1487 1754 vobis
1544 1704 1655 1765 est,
1689 1699 1999 1770 lapidatio-

2113 1693 2197 1793 διὰ
2225 1697 2286 1750 τὸ
2317 1696 2368 1751 ἐν
2425 1697 2552 1770 ὑμῖν
2603 1698 2935 1793 ἐφάμᾳρτον,
2961 1709 3247 1793 ,ποιήσετε
3290 1712 3354 1766 τὸ
3385 1711 3437 1767 ἐν
3469 1693 3646 1793 {cp-sesc
3683 1693 3785 1772 λ’ἔ-

357 1804 489 1843 nem
524 1789 844 1843 excusabit.
880 1788 1193 1858 Ignoscetis
1232 1793 1430 1843 autem
1478 1789 1536 1842 in
1561 1788 1882 1859 judicando
1919 1788 1996 1842 si-

2113 1786 2287 1874 θασμα
2321 1805 2345 1874 '7
2405 1792 2886 1863 συγγνωμονήσετε
2955 1791 3013 1849 δὲ
3070 1793 3328 1868 δηλονότι
3409 1786 3792 1874 εὖεπηϐόλως

355 1881 455 1930 cut
486 1893 640 1931 nunc
671 1893 772 1946 ego
804 1877 1040 1947 quidem
1076 1877 1199 1947 ipse
1243 1877 1550 1932 manifeste
1605 1893 1799 1932 coram
1832 1876 1998 1931 vobis

2113 1874 2241 1928 κατά
2267 1871 2554 1949 διάκρισιν,
2617 1879 2691 1940 ὡς
2737 1883 2829 1935 νῦν
2890 1883 2985 1954 μὶν
3047 1882 3158 1960 ἐγὼ
3211 1887 3372 1952 αὐτὸς
3411 1871 3791 1970 ὀφθαλμοφα-

353 1964 567 2035 incipio
599 1965 738 2019 dare
793 1964 998 2035 legem,
1050 1981 1150 2034 ego
1211 1982 1344 2020 caro
1394 1967 1600 2036 factus,
1633 1981 1738 2036 ego
1795 1966 1892 2035 qui
1923 1965 1994 2020 ab

2113 1967 2210 2026 νῶς
2257 1961 2485 2018 ἐνώπιον
2538 1966 2689 2039 ὑμῶν
2745 1970 3095 2048 κατάρχομαι
3155 1976 3501 2052 νομοδοτεῖν,
3563 1957 3786 2058 σαρκο-

355 2058 571 2109 aeterno
602 2071 705 2125 pro
753 2053 1053 2108 communi
1103 2053 1292 2108 salute
1323 2052 1426 2108 tali
1474 2054 1823 2109 discretione
1855 2069 1998 2110 usus

2113 2051 2272 2144 φόρος
2305 2047 2398 2120 ὧν,
2433 2055 2461 2108 6
2507 2055 2596 2108 καὶ
2747 2047 2953 2122 αἰῶνος
2986 2061 3154 2137 ταύτῃ
3196 2047 3499 2144 χξρώμενος,
3538 2047 3785 2128 ἐπὶ-σω-

355 2158 509 2207 sum,
545 2144 658 2196 mei
689 2159 822 2197 vero
868 2141 1117 2213 apostoli
1149 2159 1216 2197 ac
1249 2158 1563 2214 pmoones,
1621 2160 1655 2198 a
1685 2159 1777 2198 me
1807 2142 1998 2199 susci-

356 2231 582 2302 pientes
629 2229 815 2300 legem
845 2236 1078 2302 ponent.
1115 2253 1142 2279 »
1201 2231 1551 2301 Hujusmodi
1595 2232 1859 2286 divinum
1905 2237 1997 2286 ta-

354 2318 604 2385 lentum,
639 2319 712 2374 ad
759 2319 1048 2388 judicium
1083 2325 1140 2374 et
1196 2320 1625 2391 indulgentiam
1679 2321 1999 2392 pertinens,

355 2424 458 2480 per
487 2409 638 2479 quod
697 2407 862 2463 vobis
920 2408 1174 2463 multum
1232 2409 1344 2464 erit
1372 2409 1623 2480 lucrum,
1665 2409 1882 2482 aliquis
1912 2409 1999 2465 di-

355 2501 531 2564 ceret,
557 2496 1172 2568 superimmensum,si
1199 2497 1330 2568 quis
1361 2499 1712 2571 forte"_super
1739 2500 1891 2570 quod
1912 2503 2003 2555 est

353 2585 717 2641 immensum
749 2585 994 2641 inveniri
1028 2591 1246 2658 posset.

429 2693 517 2747 33.
547 2693 658 2748 Sed
687 2692 830 2747 mihi
863 2693 1092 2748 videtur
1121 2694 1296 2762 quod,
1330 2697 1395 2749 ut
1439 2711 1508 2750 ex
1536 2694 1606 2750 iis
1635 2712 1761 2767 quas
1793 2695 1902 2750 sub
1934 2711 2001 2750 o-

341 2781 508 2838 -culis
537 2787 676 2838 sunt
725 2782 1144 2854 animadverto,
1179 2785 1434 2854 plerique
1464 2802 1672 2840 sumus
1711 2784 2002 2842 inhabiles

360 2871 431 2926 ad
451 2871 984 2927 administrandum
1007 2872 1345 2943 hujusmodi
1363 2874 1684 2942 bonum,ob
1703 2873 2004 2945 pusillani-

359 2960 625 3016 mitatem
656 2977 779 3030 quae
808 2961 977 3015 nobis
1007 2960 1181 3028 inest,
1216 2961 1360 3017 alias
1389 2967 1581 3018 autem
1615 2963 1687 3018 ob
1717 2963 2002 3020 examinis

357 3049 646 3104 defectum
676 3065 731 3103 1n
765 3050 1187 3115 accidentibus,
1223 3067 1446 3106 necnon
1496 3053 1568 3106 ob
1609 3052 2001 3122 suspicionem

359 3154 425 3192 ac
457 3137 744 3192 levitatem
775 3155 787 3204 ;
819 3143 1063 3193 cunctor
1091 3139 1242 3193 enim
1267 3140 1479 3208 dicere,
1513 3144 1569 3196 et
1597 3141 1668 3196 ob
1700 3141 1998 3198 invidiam.

2103 2141 2454 2235 τηφίᾳᾲκοινῇ
2493 2163 2505 2176 ο
2553 2145 2604 2198 οἱ
2655 2143 2713 2200 δὲ
2759 2146 2885 2220 ἐμοὶ
2934 2141 3249 2209 ἀπόστολοι*
3286 2159 3376 2212 καὶ
3405 2161 3641 2235 κήρυκες
3673 2162 3784 2218 ἀπ’

2107 2231 2246 2304 ἐμοῦ
2291 2229 2550 2297 λαϐόντες
2593 2240 3046 2310 νομοθετήσουσι,
3081 2267 3110 2295 ››
3161 2251 3413 2303 τοιοῦτον
3472 2251 3560 2306 καὶ
3599 2257 3780 2308 τοῦτο

2107 2323 2249 2376 Θεῖον
2297 2323 2578 2394 τάλοντον,
2632 2327 2693 2380 τὸ
2750 2329 2885 2383 κατᾶ
2942 2328 3208 2408 διάκρισιν
3265 2337 3356 2391 καὶ
3410 2340 3784 2417 συγγνώμην,

2111 2407 2181 2464 δι’
2208 2413 2270 2466 οὗ
2300 2411 2448 2469 πολὺ
2476 2415 2539 2468 τὸ
2568 2413 2758 2488 κέρδος
2809 2419 2935 2491 ὑμῖν
2987 2416 3154 2495 ἔσται,
3206 2424 3350 2482 εἶ’ποι
3381 2425 3430 2482 δ’
3461 2407 3659 2502 ἄζυξ,

2107 2500 2197 2558 καὶ
2257 2502 2639 2578 ὑπεράπειρον,
2703 2503 2758 2559 εἷ’
2821 2505 2874 2561 τί
2943 2531 3050 2564 που
3127 2507 3237 2570 ἔστι
3314 2500 3780 2592 Λογιστεύσασθαι

2115 2592 2247 2668 ὑπὲρ
2277 2593 2338 2647 τὸ
2372 2593 2611 2668 ἄπειρον.

2182 2696 2284 2774 λγ¹.
2318 2696 2492 2792 Ἀλλᾶ
2524 2697 2668 2792 δοκῶ
2701 2723 2815 2792 μοι,
2869 2705 2961 2779 ὡς,
3014 2705 3072 2776 ἐζ
3119 2709 3195 2764 ὧν
3243 2707 3461 2788 βλέπων
3487 2721 3782 2792 κατανοῶ,

2113 2784 2331 2862 ἅτεχνοί
2366 2786 2522 2861 ἐσμεν
2573 2790 2624 2843 οἱ
2671 2790 2877 2847 πολλοὶ
2933 2784 3350 2872 μεταχειζεσθαι
3399 2803 3463 2858 τὸ
3511 2784 3781 2862 τοιοῦτον

2109 2875 2276 2931 καλὸν
2327 2874 2416 2931 διὰ
2466 2881 2835 2956 μικροψυχίαν
2880 2884 2980 2952 τήν
3031 2883 3084 2939 ἐν
3131 2889 3290 2962 ἡμῖν,
3339 2886 3450 2948 ἔστι
3484 2890 3541 2948 δὲ
3570 2895 3634 2949 οὗ
3673 2897 3784 2951 καὶ

2113 2963 2201 3019 διὰ
2229 2966 2290 3020 τὸ
2325 2963 2374 3020 ἐν
2401 2971 2518 3029 τοῖς
2579 2968 2975 3041 συμπίπτουσιν
3020 2972 3384 3048 ἀνεξέταστον,
3433 2981 3495 3036 οὗ
3543 2985 3651 3056 μὴν
3709 2983 3786 3041 δὲ

2110 3052 2257 3109 ἀλλὰ
2285 3053 2374 3109 καὶ
2407 3052 2493 3108 διὰ
2533 3057 2596 3110 τὸ
2643 3057 3000 3134 καχύποπτον
3047 3064 3137 3118 καὶ
3189 3065 3438 3145 ἐλαθρὸν,
3488 3052 3632 3127 ὀκνῶ
3659 3074 3782 3152 γᾶρ

2111 3143 2300 3213 εἰπεῖν,
2353 3145 2428 3206 ὡς
2479 3145 2568 3199 καὶ
2619 3143 2707 3200 διὰ
2756 3149 2818 3203 τὸ
2863 3151 3143 3228 φθονερόν.
3201 3156 3293 3212 Ἐκ
3323 3143 3604 3216 τοιούτων
3658 3143 3782 3240 γάρ

358 3227 400 3281 Ε
425 3225 644 3281 talibus
677 3226 831 3281 enim
864 3227 1218 3298 quibusdam
1253 3227 1586 3300 plerumque
1614 3229 1808 3285 causis
1830 3230 2000 3301 perfi-

2113 3254 2268 3289 τινων
2302 3233 2378 3296 ὡς
2428 3235 2494 3288 τὰ
2540 3233 2728 3291 πολλᾶ
2775 3237 2965 3295 αἰτιῶν
3014 3242 3360 3302 ἀποτελεῖται
3408 3249 3469 3304 τὸ
3517 3225 3784 3328 ἀδιάκρί-

357 3315 512 3371 citur
543 3315 1148 3387 praejudicium,cujus
1179 3317 1419 3372 effectus
1441 3324 1530 3375 est
1550 3317 2000 3390 implacabilitas

355 3405 414 3459 in
447 3404 529 3459 eis
562 3403 661 3476 qui
692 3420 804 3459 non
836 3403 1027 3460 solent
1052 3405 1227 3462 etiam
1262 3407 1360 3462 ubi
1393 3425 1509 3462 non
1541 3413 1788 3480 oportet,
1822 3409 2002 3480 spiri-

355 3493 596 3549 tualiter
635 3494 1009 3566 patrocinari,
1044 3497 1144 3550 sed
1195 3513 1329 3552 cum
1381 3497 1596 3553 severis
1643 3498 1999 3554 accusatori-

357 3583 466 3638 bus
497 3582 762 3638 inveniri.
796 3583 865 3638 Hi
925 3583 1240 3640 crudeliter
1283 3585 1609 3657 exasperati
1667 3585 1869 3658 iraque
1899 3587 2000 3642 ob-

356 3672 570 3736 cacati,
603 3676 660 3727 et
689 3672 816 3728 ideo
867 3671 1019 3728 male
1071 3673 1354 3740 videntes,
1405 3691 1521 3729 non
1573 3673 1764 3730 solum
1808 3676 2000 3732 trabes

357 3761 586 3817 curiose
617 3760 932 3834 plusquam
966 3767 1191 3833 oportet
1219 3763 1542 3833 inquirunt,
1577 3765 1673 3820 sed
1719 3766 1915 3832 etiam,
1951 3765 2002 3820 si

357 3868 482 3923 qua
515 3851 660 3906 forte
703 3851 781 3906 sit
812 3851 978 3922 palea
1027 3853 1299 3918 fraterna,
1334 3858 1616 3925 tanquam
1648 3855 1705 3909 in
1741 3861 2001 3911 montem

356 3938 724 4010 Olympicum
776 3956 905 3995 eam
935 3947 1306 4012 exaggerant.
1359 3944 1426 3998 Et
1456 3943 1554 3998 ubi
1603 3943 1686 3998 sic
1708 3944 1999 4017 judicent,

359 4044 495 4083 eum
527 4027 626 4098 qui
655 4028 1096 4098 quomodolibet
1125 4033 1362 4100 propter
1410 4030 1666 4103 aliquam
1698 4049 1766 4088 ex
1798 4039 2004 4092 natura

357 4116 770 4171 necesitatem
804 4117 979 4186 spuit,
1012 4117 1295 4188 injuriose
1343 4135 1664 4191 conspuere
1695 4125 1912 4191 tenent,
1946 4129 2005 4181 et

357 4203 459 4275 qui
490 4203 839 4274 simpliciter
868 4205 1381 4274 screat,hostiliter
1409 4225 1655 4280 screare,
1686 4211 2004 4269 indiscrete

355 4291 472 4364 ipsi
502 4291 808 4363 judicant;
870 4298 1304 4365 unguentorum
1354 4301 1550 4353 autem
1599 4298 2002 4359 inunctionem

357 4397 461 4454 pro
493 4380 641 4436 caani
676 4380 959 4438 effusione
1015 4382 1254 4438 habent.
1288 4383 1412 4440 Non
1471 4386 1742 4444 salutavit
1773 4406 1878 4446 nos
1909 4390 2004 4448 ille

354 4469 597 4541 quidam
629 4472 923 4526 transiens
951 4489 964 4526 :
997 4487 1135 4543 ergo
1167 4473 1301 4528 fecit
1330 4474 1629 4545 injuriam,
1663 4484 1764 4533 aut
1794 4479 2003 4536 saltem

353 4562 720 4630 contemptor
748 4564 854 4615 est.
889 4556 1126 4616 Obviam
1172 4563 1379 4630 factus,
1414 4581 1529 4620 non
1563 4565 1851 4644 allocutus
1889 4575 1999 4641 est,

353 4665 470 4705 non
494 4648 645 4720 risit,
679 4665 784 4704 nec
814 4649 992 4705 etiam
1027 4651 1272 4706 subrisit
1299 4670 1313 4708 :
1347 4669 1483 4726 ergo
1515 4657 1684 4712 nobis
1706 4631 2004 4716 inimicus
2034 4631 2082 4698 D

355 4745 464 4796 est.
498 4739 652 4795 Talis
679 4739 836 4796 hunc
863 4746 921 4796 et
950 4740 1116 4797 illum
1151 4742 1399 4815 benigne
1421 4747 1679 4818 suscepit
1703 4751 1760 4803 et
1789 4749 2006 4821 ample-

353 4847 466 4884 xus
497 4834 587 4884 est
613 4847 626 4884 :
662 4831 846 4886 nostri
868 4848 1002 4888 vero
1025 4849 1138 4888 non
1169 4833 1469 4889 meminit:
1503 4851 1638 4908 ergo
1661 4835 2004 4907 hujusmodi

354 4917 608 4984 hostilis,
638 4936 744 4976 nec
803 4921 1133 4992 hospitalis,
1167 4939 1272 4978 nec
1320 4923 1570 4980 affabilis
1614 4931 1721 4982 est.
1753 4926 2002 4990 Quidam

357 5024 390 5061 a
414 5006 582 5062 nobis
605 5007 909 5079 paululum
930 5011 1187 5066 offensus
1206 5017 1408 5068 contra
1426 5030 1529 5068 nos
1547 5013 1840 5086 loquitur:
1866 5034 2002 5090 ergo

355 5095 679 5152 maledicus
711 5103 766 5152 et
796 5098 1089 5171 litigiosus
1118 5105 1175 5156 et
1211 5103 1634 5159 contentiosus.
1661 5104 1846 5176 Papas
1877 5106 2000 5162 heri

353 5203 718 5260 percussusa
742 5188 909 5244 nobis
936 5190 993 5243 in
1019 5189 1555 5257 maxillam,deinde
1579 5194 1724 5266 fugae
1745 5195 1998 5266 deditus,

353 5282 408 5333 et
439 5276 610 5332 hodie
641 5281 880 5348 rogatus
913 5284 978 5334 ut
1007 5279 1305 5336 maxillam
1330 5285 1516 5337 vertat
1545 5281 2000 5353 alteram,retro-

354 5367 508 5422 cedit
539 5371 596 5422 et
628 5367 822 5422 renuit
865 5368 1118 5439 praebere
1170 5370 1439 5427 maxillas
1471 5372 1540 5427 ad
1573 5372 1999 5450 accipiendam,

354 5455 524 5511 nobis
555 5456 969 5528 plaudentibus
1019 5463 1076 5514 et
1131 5459 1466 5517 laetantibus
1526 5477 1591 5516 ac
1646 5462 1996 5534 ridentibus,

354 5561 625 5600 sonoram
658 5545 925 5618 alapam:
969 5564 1105 5621 ergo
1137 5549 1274 5606 talis
1318 5549 1490 5608 homo
1539 5552 1999 5625 praescriptionis

354 5634 694 5702 evangelicae
721 5641 1124 5709 transgressor
1151 5642 1240 5694 est
1269 5655 1335 5695 ac
1366 5656 1591 5696 memor
1617 5641 1994 5713 injuriarum.

356 5720 695 5792 Loquimur,
719 5726 776 5778 et
804 5723 1006 5780 audit:
1038 5740 1174 5797 ergo
1203 5725 1462 5797 dolosus,
1493 5730 1551 5782 et
1578 5727 1708 5783 ideo
1737 5733 1997 5790 attentus

2108 3344 2221 3391 τον,
2281 3320 2342 3377 οὗ
2391 3322 2738 3400 ἀποτέλεσμα
2783 3328 2846 3382 τὸ
2900 3329 3281 3406 ἀσόγγνωστον
3332 3340 3481 3414 παρά
3533 3362 3593 3417 γε
3648 3320 3786 3406 τοῖς

2113 3413 2189 3486 μὴ
2238 3413 2499 3491 πεφυκόσι
2547 3415 2638 3469 καὶ
2686 3424 3027 3494 συνηγορεῖν,
3080 3417 3206 3487 ἔνθα
3252 3427 3327 3498 μὴ
3369 3413 3571 3503 χρεὼν,
3599 3451 3787 3486 πνευ-

2113 3507 2375 3575 ματικῶς,
2436 3500 2562 3592 ἀλλ’
2620 3502 2672 3560 ἐν
2750 3507 3052 3582 ἀποτόμοις
3116 3500 3443 3592 κατηγόροις
3503 3517 3582 3573 ἀεὶ
3641 3522 3786 3576 τάτ-

2108 3602 2288 3655 τεσθαι
2325 3611 2338 3624 ⁸
2401 3593 2454 3647 οἳ
2503 3590 2692 3657 δεινῶς
2736 3593 3243 3677 ἐμπικραινόμενοι,
3274 3590 3382 3660 καὶ
3427 3608 3583 3681 Θυμῷ
3640 3630 3787 3666 σκο-

2108 3680 2387 3755 τοῦμενοι,
2417 3682 2510 3737 καὶ
2548 3683 2691 3738 οὕτω
2739 3681 3204 3762 παρα6)ἑποντες,
3258 3694 3320 3749 οὗ
3372 3680 3536 3768 μόνον
3559 3680 3784 3764 δοκοὺς

2110 3768 2278 3824 πλέον
2333 3775 2431 3826 τοῦ
2479 3768 2693 3835 δέοντος
2741 3779 3208 3853 περιεργάζονται,
3259 3779 3405 3839 ἀλλὰ
3447 3785 3559 3855 καὶ,
3611 3786 3665 3842 εἷ’
3715 3789 3783 3843 τί

2110 3879 2216 3913 που
2272 3858 2476 3936 κάρφος
2526 3858 2842 3939 ἀδελφικὸν,
2895 3866 2969 3929 ὡς
3009 3866 3086 3930 εἷς
3116 3864 3244 3944 ὅρος
3278 3871 3526 3949 ὀγκοῦσιν
3559 3873 3783 3950 Ὀλύμ-

2111 3969 2258 4005 πιον.
2291 3949 2389 4004 Καί
2419 3971 2524 4006 που
2569 3948 2721 4026 δοξαν
2773 3953 2937 4027 οὕτω,
2975 3957 3068 4012 τὸν
3122 3960 3216 4033 μὲν
3246 3948 3494 4019 ὁπωσοῦν
3529 3948 3784 4023 πτύοντα

2111 4038 2245 4093 κατά
2301 4059 2355 4093 τι
2413 4038 2783 4117 ἐπαναγκάζον
2839 4043 2900 4100 ἐκ
2967 4046 3179 4121 φύσεῶς
3237 4047 3544 4128 λογίζονται
3599 4075 3781 4111 κατα-

2112 4126 2295 4182 πτύειν
2334 4124 2768 4220 -ὶφυϐριστικῶς,
2824 4134 2917 4189 τὸν
2997 4133 3054 4192 δὲ
3121 4124 3330 4203 ἁπλῶς⁷
3370 4143 3776 4220 χρεμψάμενον

2110 4218 2641 4292 καταχρὲμπτεσοαι,
2691 4218 3020 4297 ἀδιακρίτως
3062 4225 3218 4282 αὐτοὶ
3253 4218 3578 4307 κρίνοντες·
3620 4235 3682 4288 τὸ
3715 4231 3783 4288 3‘s

2110 4304 2602 4376 κατασταλάζεσθαι
2662 4316 2911 4376 στακτοῖς
2965 4313 3162 4390 μύροις
3216 4304 3299 4380 εἷς
3342 4315 3620 4396 βορϐόρου
3652 4321 3782 4376 ἐπί-

2111 4412 2270 4487 χυσιν
2299 4394 2584 4487 τίθενται,Δ
2611 4396 2688 4454 Οὐ
2737 4402 3138 4476 προσεκύνησεν
3189 4394 3350 4479 ἡμᾶς
3388 4408 3416 4462 6
3457 4394 3608 4465 δεῖνα
3635 4431 3780 4487 παρ-

2113 4482 2456 4576 ερχόμενοςο
2517 4480 2731 4563 ὕϐρισεν
2793 4487 2916 4563 ἄρα,
2974 4489 3012 4562 ἤ
3085 4491 3232 4550 ἀλλᾶ
3286 4480 3780 4576 καταφρονητικέὺς

2114 4567 2394 4629 διάκειται.
2457 4577 2817 4647 Συνηντηκὼς
2873 4580 2936 4635 οὐ
3000 4567 3600 4661 προσφθέγξατο,μούκ
3655 4589 3778 4666 ἒγὲ-

2114 4659 2478 4754 λασεν,-οὐδὲ
2530 4669 2659 4740 γοῦν
2728 4664 3044 4754 ,ἐμειδίασεν
3078 4689 3092 4705 ⁸
3182 4659 3381 4751 ἐχθρὸς
3457 4677 3561 4754 ἄρα
3632 4659 3775 4736 ἐστὶν

2113 4752 2274 4843 ἡμῖν.
2304 4752 2371 4843 ,Ὁ
2432 4750 2578 4808 δεῖνα
2623 4753 2779 4810 τόνδε
2825 4757 2914 4812 καὶ
2964 4758 3166 4816 ἐκεῖνον
3223 4750 3776 4843 φιλοφρονησάμενος

2111 4840 2203 4894 καὶ
2237 4837 2652 4916 δεξιωσάμενος,
2705 4847 2866 4919 ἡμῶν
2917 4847 3015 4905 οὐκ
3060 4837 3334 4924 ἐμνήσατο
3369 4837 3408 4887 ί*
3441 4837 3643 4936 ἄφιλος
3673 4856 3774 4936 ἄρα

2113 4929 2141 4983 6
2172 4934 2421 4994 τοιοῦτος
2453 4933 2541 4987 καὶ
2573 4931 2754 5004 ἄξενος
2804 4936 2894 4991 καὶ
2945 4939 3049 4994 οὐκ
3095 4940 3500 5014 εὐυπόληπτος.
3527 4947 3591 5004 Ὁ
3625 4945 3773 5003 δεῖνα

2113 5018 2298 5114 ἠρέμα
2351 5022 2478 5114 παρ’
2534 5025 2694 5114 ᾗμῶν
2747 5019 3102 5114 ὑϐριζόμενος
3152 5031 3470 5090 ἀντιλαλεῖ·
3527 5035 3774 5114 βλάσφηγ

2117 5129 2218 5182 μος
2270 5109 2373 5185 ἄρα
2446 5110 2554 5167 ἐστὶ
2613 5112 2702 5168 καὶ
2779 5113 3106 5189 ἐριθευτικὸς
3171 5121 3262 5177 καὶ
3319 5109 3774 5202 φιλόνεικος-Ὁ

2113 5204 2294 5262 παπᾶς
2318 5202 2537 5279 τυφθεὶς
2568 5205 2694 5278 παρ’
2739 5206 2901 5279 ἡμῶν
2957 5204 3186 5286 ἔναγχος
3233 5213 3332 5282 τὴν
3379 5215 3632 5290 παρειὰν,
3665 5217 3772 5272 εἶτα

2113 5285 2421 5364 ἐκδραμὼν,
2468 5291 2558 5346 καὶ
2609 5295 2850 5372 σήμερον
2899 5285 3300 5376 ἀπαιτοόμενος
3355 5302 3443 5357 καὶ
3503 5305 3605 5374 τήν
3658 5306 3772 5361 ἑτέ-

2113 5397 2208 5453 ραν
2268 5378 2513 5457 στρέψαι,
2564 5383 2664 5437 ἀνᾶ
2718 5381 2862 5439 πόδα
2930 5393 3128 5464 χωρεῖ,
3213 5390 3386 5447 ὀκνῶν
3448 5398 3620 5470 φυσᾷν
3675 5397 3768 5457 τὰς

2108 5465 2335 5557 γνᾴθους
2395 5469 2472 5534 εἰς
2539 5469 2820 5548 ὑποδοχὴν
2886 5475 3188 5552 ψοφώδους
3254 5465 3621 5557 ῥαπίσματος,
3681 5483 3764 5539 Eni

2106 5556 2286 5649 κρότῳ
2342 5558 2460 5649 καὶ,
2490 5561 2731 5649 ἡμετέρᾳ
2777 5569 2925 5640 χαρᾷ
2981 5566 3072 5622 καὶ
3129 5556 3332 5645 γέλωτι
3368 5588 3381 5602 ’
3442 5567 3759 5649 παραϐάτης

2109 5641 2210 5719 ἄρα
2263 5653 2367 5738 τῆς
2414 5647 2767 5738 εὐαγγε-λικῆς
2824 5641 3196 5732 παραγγελίας
3244 5660 3271 5715 6
3325 5641 3617 5738 ἄνθρωπος
3674 5641 3757 5718 καὶ

2110 5733 2466 5807 μνησίκακος.
2512 5736 2824 5816 Λαλοῦμεν,
2876 5745 2966 5801 καὶ
3016 5745 3199 5804 ἀκούει
3232 5768 3248 5783 ο
3296 5733 3488 5817 δόλιος
3509 5748 3635 5828 ἄρα,
3670 5751 3757 5808 καὶ

4077 2875 4095 3230 Ξ

4063 3593 4109 6161 γ
