4114 6200
1260 329 1342 390 ιΝ
1383 327 1448 389 S.
1495 324 1920 400 QUADRAGE

2039 326 2174 387 [AM
2222 328 2514 389 ORATIO
2557 328 2637 390 ΙΙ.
3532 331 3653 391 610

256 468 330 526 διὰ
377 471 543 525 τοῦτο
598 459 978 542 προσατικὸς.
1039 463 1428 539 Ἑγχειροῢμεν
1489 459 1720 531 ζημιοῦν
1778 457 1896 514 Ἐκ-

2039 458 2327 516 lcclesiam
2351 459 2557 516 laedere
2578 476 2863 517 conamur
2881 462 3357 534 (supponendum
3381 467 3470 518 est
3485 465 3574 518 eni
3596 480 3652 518 m

250 559 466 630 κλησίαν
500 555 703 629 (θετέον
732 554 833 630 γὰρ
865 551 1008 609 οὕτω
1040 550 1257 624 εἰπεῖν),
1288 550 1316 604 ὁ
1367 546 1423 603 δὲ
1471 548 1752 623 ἀντέχεται
1796 547 1883 601 καὶ

2039 547 2308 621 eloqui),
2371 549 2468 606 ille
2517 567 2653 606 vero
2702 551 2934 607 obsistit
2971 556 3026 607 et
3083 552 3468 607 adversatur:
3515 568 3652 624 ergo

250 648 560 712 ἀνθίσταται·
615 644 739 714 ὀξὺς
783 644 886 718 ἄρα
929 641 1019 696 καὶ
1069 637 1438 717 ἀφιλάδελφος
1487 637 1576 692 καὶ
1622 633 1747 691 οὐδὲ
1803 635 1882 690 εύσ

2039 637 2311 707 iolentus,
2361 651 2416 694 et
2466 640 2713 694 fratrum
2767 657 2879 695 non
2931 645 3179 710 amator,
3238 645 3296 696 et
3341 641 3652 713 Evangelio

252 737 530 814 αγγελικός
579 735 755 790 ἔστιν.
803 734 874 788 Ἧ
924 731 1031 806 γὰρ
1081 729 1141 782 ὦ
1190 731 1268 799 τῷ
1319 725 1538 814 θέλοντι
1582 720 1769 780 λαϐεῖν
1825 724 1889 780 τὸ

2039 728 2324 783 ontrarius
2348 732 2452 783 est.
2492 728 2671 785 Aliter
2700 729 2857 785 enim
2891 730 3108 785 volenti
3146 746 3350 802 rapere
3403 730 3649 802 pallium

252 813 406 883 αύτοῦ
437 825 656 898 ἱμάτιον
705 821 798 877 καὶ
844 820 938 874 τὸν
979 822 1190 894 χιτῶνα
1236 813 1700 893 προσαπεδύσατο.
1745 816 1891 871 Καθ-

2039 817 2207 886 )εἰυε,
2233 833 2448 873 exuens
2482 834 2712 889 quoque
2746 818 3026 887 tunicam,
3079 820 3328 874 cederet.
3393 820 3643 875 Insidias

256 918 428 989 ίζομεν
480 913 710 988 λόχους·
771 911 800 965 ὁ
858 907 916 964 δὲ
973 912 1273 984 προορᾶται
1327 903 1548 972 αὐτοὺς,
1601 905 1690 959 καὶ
1748 904 1890 959 οὕτω

2043 907 2298 972 onimus,
2334 907 2457 979 ipse
2489 923 2618 963 vero
2643 908 2919 979 praevidet
2949 925 3048 964 eas
3078 912 3131 964 et
3164 909 3244 963 ita
3278 909 3426 981 fugit
3448 909 3648 963 interi-

2001 999 2129 1050 tum
2164 1011 2176 1049 :
2215 1010 2350 1066 ergo
2403 995 2668 1051 curiosus
2698 1000 2753 1052 et
2781 997 2960 1053 nimis
3018 997 3482 1068 circumspectus
3541 1001 3654 1054 est.

2004 1085 2324 1149 Minamus,
2363 1084 2850 1156 expavefacimus,
2911 1088 3301 1142 terriﬁcamus
3339 1087 3478 1155 ;ille
3522 1104 3655 1142 vero

2002 1173 2252 1247 despicit
2281 1178 2381 1228 aut
2411 1174 2555 1230 forte
2587 1175 2776 1230 minas
2801 1174 2976 1230 minis
3029 1176 3289 1248 opponit:
3323 1193 3460 1248 ergo
3489 1177 3645 1233 ferox

2005 1267 2111 1320 est.
2141 1267 2360 1319 Arcum
2382 1263 2701 1333 tendimus,
2738 1263 2980 1318 fundam
3015 1264 3651 1336 torquemus,jaculum

2006 1357 2064 1409 et
2092 1351 2366 1424 sagittam
2400 1353 2767 1424 projicimus,
2789 1352 2914 1425 ipse
2947 1370 3080 1409 vero
3137 1353 3405 1410 tbrorace
3463 1355 3658 1410 muni-

2004 1446 2103 1498 tur
2125 1447 2182 1498 et
2214 1441 2357 1496 forte
2389 1443 2703 1514 quemdam
2737 1443 2980 1498 advocat
3002 1443 3429 1499 auxilliatorem
3455 1461 3468 1500 :
3517 1459 3654 1516 ergo

2007 1531 2200 1587 audax
2223 1547 2288 1585 ac
2313 1531 2954 1587 turbulentus.Judicio
2981 1532 3282 1588 contendit
3297 1532 3655 1588 calumniam

253 1626 657 1708 φαντούμενος·
708 1621 1054 1698 άντιλογικὸς
1102 1618 1205 1696 ἄρα
1249 1618 1433 1708 λέστίν.
1493 1619 1895 1708 ᾌστρ-άπτομεν

2039 1637 2258 1676 lassus:
2311 1636 2447 1692 ergo
2513 1621 2907 1676 contradictor
2947 1625 3056 1677 est.
3115 1621 3507 1694 Fulguramus
3555 1621 3660 1676 ad-

251 1700 362 1775 κατ’
393 1700 644 1772 αὐτοῦοδ
677 1711 734 1768 δὲ
767 1711 920 1786 μύων
947 1710 1074 1772 τοὺς
1107 1706 1427 1786 ὀφθαλμοὺς
1471 1707 1532 1762 ού
1582 1705 1898 1778 δεδίττεται,

2039 1726 2212 1766 ’61⁸8ϋὸ
2241 1707 2408 1764 illum
2442 1726 2456 1764 :
2489 1708 2766 1765 ille.vero
2811 1709 3090 1765 claudens
3129 1711 3332 1766 oculos
3380 1728 3496 1766 non
3538 1715 3662 1766 ter-

253 1805 396 1864 ἀλλὰ
439 1804 531 1860 καὶ
586 1803 725 1877 μετὰ
777 1803 874 1870 τήν
934 1799 1212 1872 ἀστραπὴν
1271 1797 1584 1871 μηχανᾶταί
1637 1818 1690 1851 τι
1742 1797 1902 1858 αὐτὸς

256 1897 369 1907 -.
897 1889 917 1907 κ
1129 1885 1850 1907 κνιντεκννι

2039 1807 2191 1865 ἐιυιι,
2249 1799 2350 1853 sed
2394 1802 2452 1852 et
2507 1803 2640 1869 post
2689 1799 3142 1870 futgurationem
3233 1799 3460 1856 invenit
3535 1799 3662 1870 ipse

253 1897 566 1970 θεράπευμα
594 1890 790 1965 ὅψεωςο
827 1886 1184 1963 μελετητικὸς
1216 1887 1318 1958 ἄρα
1347 1885 1458 1940 ἐστὶ
1479 1886 1567 1940 καὶ
1599 1885 1905 1947 σκεπτικός.

2039 1888 2314 1959 [uoddam
2347 1888 2675 1945 remedium
2706 1888 2868 1944 visus
2895 1906 2908 1945 :
2941 1905 3078 1962 ergo
3107 1889 3568 1946 meditabundus
3599 1892 3656 1945 et

255 1983 496 2042 Ἀκούων
534 1979 682 2038 δεινά
711 1977 1006 2046 πολλάκις,
1047 1975 1261 2031 τίσταται
1304 1974 1466 2037 ἐνεός·
1518 1973 1759 2037 ὕπουλος
1809 1974 1911 2048 ἄρα

2039 1975 2413 2048 ιρθουιοῐὶνυε
2444 1978 2716 2048 est.Saape
2745 1978 2894 2033 dura
2925 1979 3404 2049 audiens,mutus
3435 1993 3661 2050 perma-

254 2073 362 2129 ἐστὶ
392 2072 486 2127 καὶ
518 2066 640 2126 Md
651 2087 829 2143 μυχος
840 2111 854 2124 .

2039 2070 2280 2137 1et:ergo
2311 2065 2601 2122 subdolus
2632 2071 2722 2122 est
2751 2071 2930 2138 atque
2959 2066 3392 2123 dissimulatus.

255 339 359 403 609

251 1003 597 1083 διαφυγγάνει
627 1001 719 1056 τὸν
751 996 1001 1073 ὄλεθρον.
1064 995 1346 1071 Περίεργος
1393 992 1495 1070 ἄρα
1540 994 1630 1083 καὶ
1679 1013 1892 1068 περινε-

249 1095 516 1168 νοημὲνος
561 1090 724 1146 ἐστίν.
776 1086 1166 1159 Ἀπειλοῦμεν,
1225 1082 1750 1160 μορμολυττόμεθα,
1804 1083 1890 1138 ἐκ·

250 1178 546 1260 φοὸοῢμενο
603 1181 632 1234 ὁ
665 1176 722 1233 δὲ
751 1179 1089 1255 περιφρονεῖ,
1121 1172 1210 1228 καί
1253 1194 1359 1228 που
1405 1172 1495 1227 καὶ
1552 1168 1891 1227 ἀνταπειλεῖ-

249 1255 351 1328 1st.
413 1268 624 1345 Θρασὺς
683 1255 797 1344 ἄρα
842 1264 973 1320 ἐστί.
1024 1257 1531 1334 Κατατοξαζόμεθα,
1589 1258 1891 1336 σφενδονῶ-

255 1383 365 1436 μεν,
398 1358 695 1435 ἐπαφίεμιν
723 1355 977 1431 αἲγανὲας
1006 1353 1096 1409 καὶ
1129 1350 1354 1428 δόρατα·
1396 1353 1424 1406 ὁ
1464 1349 1521 1406 δὲ
1568 1350 1658 1406 καὶ
1717 1352 1896 1426 θωρα-

249 1453 470 1522 κίζεται,
527 1448 618 1503 καί
671 1468 777 1501 που
835 1444 925 1499 καὶ
992 1443 1287 1517 σύμμαχον
1344 1439 1701 1514 προκαλεῖταί
1756 1459 1895 1495 τινα.

249 1538 354 1598 Τολ
367 1538 569 1612 μητίας
603 1538 706 1611 ἄρα
737 1533 849 1589 ἐστὶ
876 1533 967 1588 καὶ
996 1527 1704 1607 όχληρός.Δικαιολογεῖται
1737 1549 1897 1582 συκο-

323 2174 430 2232 λδ’.
464 2175 527 2230 Τί
575 2195 727 2252 φατε,
777 2170 822 2226 ὦ
867 2176 1109 2227 τοιοῦτοι
1155 2167 1373 2245 κριταί;
1424 2168 1538 2226 Ούκ
1585 2166 1788 2240 οἴδατε,
1838 2169 1913 2231 ὡς

254 2263 546 2335 ἀδιάκριτά
574 2263 686 2318 ἐστι
733 2266 901 2317 ταῦτα
953 2259 1144 2328 πάντα,
1192 2259 1280 2314 καὶ
1328 2256 1600 2331 λογισμοῦ
1646 2257 1912 2313 ἀσκᾶπτου

249 2352 712 2432 γνωματεύματα,
744 2351 796 2404 ἐν
857 2350 938 2413 οἷς
987 2346 1217 2422 οὐδεμία
1271 2346 1383 2402 ἐστὶ
1438 2352 1641 2422 γνῶσις
1699 2345 1915 2418 ἐπιστη-

256 2444 486 2518 μονική.
517 2443 652 2514 ’Ἄγε
682 2437 773 2509 δὴ,
829 2437 1089 2514 ἐρωτήσω
1147 2436 1297 2504 τοὺς,
1355 2437 1430 2499 ὡς
1481 2434 1714 2512 εἷ’ρηται,
1769 2457 1915 2511 γνω-

257 2530 691 2606 ματευομένους·
767 2528 885 2594 καὶ,
967 2526 1016 2580 εἷ’
1092 2522 1364 2596 δύνανται,
1443 2526 1914 2600 ἀποκριθήτωσαν,

254 2623 346 2676 καὶ
414 2615 826 2674 ἀθωωσάτωσαν
876 2621 1012 2691 σφᾶς
1064 2613 1282 2686 αὐτοὺς,
1345 2614 1424 2692 ἐφ’
1474 2617 1539 2682 ἧς
1582 2611 1916 2682 ἀδιακρισίας

260 2707 611 2764 ἁλίσκονται.
645 2707 847 2776 Ἔστιν,
907 2704 952 2758 ὦ
1000 2701 1237 2778 ’χρηστοὶ
1285 2703 1383 2772 τὴν
1413 2703 1613 2777 κρίσιν,
1670 2701 1768 2757 εἴτ’
1821 2700 1916 2756 οὖν

264 2797 611 2872 κατάκρισιν,
671 2791 1025 2848 ἀποκωλῦσαι
1079 2792 1179 2860 τήν
1239 2790 1394 2868 φύσιν
1447 2795 1544 2846 τοῦ
1605 2793 1679 2864 μὴ
1738 2797 1920 2845 ποιεῖν

272 2889 366 2942 τὸν
397 2883 690 2960 ἄνθρωπον
733 2883 769 2952 ἢ
816 2880 1000 2937 πτύειν
1058 2880 1095 2950 ἢ
1154 2881 1564 2956 χρὲμπτεσθαι;
1627 2881 1687 2936 Ei
1743 2878 1800 2934 δὲ
1858 2879 1919 2934 σὺ

268 2975 408 3031 κατὰ
440 2977 538 3028 σοῦ
565 2973 628 3028 τὸ
657 2971 852 3039 πάθος,
913 2969 958 3024 ὦ
1016 2968 1191 3040 οὗτος,
1222 2971 1463 3044 γίνεσθαι
1507 2968 1731 3044 κρίνεις,
1761 2968 1922 3024 τοῦτό

272 3064 387 3119 ἐστι
418 3064 484 3118 τὸ
510 3061 658 3135 παρὰ
709 3060 794 3115 σοὶ
837 3057 1170 3135 ἀδιάκριτον,
1231 3059 1410 3134 ὥσπερ
1455 3059 1546 3114 καὶ
1587 3060 1648 3114 τὸ
1710 3058 1926 3132 μυρίζε-

264 3156 385 3208 σθαι
420 3151 518 3224 μὶν
567 3148 656 3205 διά
708 3170 875 3216 τινος,
936 3147 1115 3204 δοκεῖν
1168 3146 1226 3203 δὲ
1275 3143 1528 3224 βορϐόρῳ
1583 3147 1920 3224 χραίνεσθαι,

258 3241 449 3298 καὶτὸ
485 3240 562 3314 μή
614 3243 1030 3313 προσκυνεῖσθαι
1080 3238 1173 3310 μὲν
1223 3237 1362 3312 πρός
1403 3258 1550 3302 τινος
1595 3237 1920 3293 ἀπλοῖκευο-

274 3330 468 3405 μένου,
498 3327 756 3403 ἐγκρίνειν
807 3324 865 3381 δὶ
891 3323 1021 3380 αύτϐ
1067 3325 1143 3388 εἷς
1195 3321 1350 3401 ὕϐριν
1397 3327 1488 3381 καὶ
1539 3325 1807 3402 παίγνιον.
1859 3325 1926 3384 Τί

276 3417 336 3474 δε
397 3416 548 3473 ἀλλά
602 3416 811 3490 ἀνάγκη
858 3419 939 3487 τῷ
995 3413 1266 3490 ἀνθρώπῳ
1323 3411 1555 3490 ἔγκειταί
1584 3417 1744 3471 ποθεν
1799 3415 1928 3477 τοὺς

277 3510 656 3568 συναντῶντας
690 3504 808 3574 εἰκῆ
862 3504 951 3559 καὶ
1005 3503 1179 3576 μάτην
1233 3502 1568 3580 προσλαλεῖν
1618 3504 1708 3559 καὶ
1761 3525 1930 3579 προσ-

277 3595 446 3671 γελᾷν
479 3591 709 3667 ἅκαιρας
745 3594 806 3648 Ὀ
839 3589 897 3647 δὲ
943 3588 1090 3666 δώτῃ
1135 3592 1229 3664 μὲν
1288 3590 1493 3661 διδοὺς,
1551 3590 1732 3667 ἀδώτῃ
1764 3590 1822 3648 δὲ
1856 3593 1929 3664 μή

279 3681 494 3752 διδοὺς,
528 3678 650 3757 ἔχοι
681 3680 742 3735 ’ἀν
792 3692 955 3745 ποθεν
1000 3681 1165 3758 ψόγον
1219 3679 1448 3752 δίκαιον,
1491 3681 1553 3737 ού
1587 3684 1799 3755 μενοῦν,
1853 3681 1935 3737 εἴ-

279 3794 382 3848 περ
419 3768 759 3846 εύδιάκριτον
787 3766 903 3846 ἔχει
935 3767 1271 3844 διαγνώμην.
1306 3769 1554 3826 Μάλιστα
1587 3772 1681 3843 μὲν
1723 3769 1813 3825 οὖν
1844 3769 1935 3826 καὶ

282 3860 473 3923 διδούς
501 3881 586 3922 τις
617 3859 831 3927 ἁπλῶς,
864 3859 954 3914 καὶ
985 3861 1058 3922 ὡς
1093 3854 1274 3935 ἔτυχε,
1322 3858 1614 3936 γελασθείη
1664 3859 1749 3926 ἃν,
1795 3859 1868 3922 ὡς
1897 3859 1932 3928 ἢ

275 3951 430 4026 παρὰ
455 3950 519 4004 τὸ
550 3947 668 4004 δὲον
703 3947 1023 4024 φιλότιμος,
1058 3947 1093 4017 ἢ
1135 3950 1608 4024 μεταχειριστικὸς
1637 3948 1726 4003 καὶ
1759 3969 1934 4024 πραγ-

282 4038 650 4114 ματευτικός.
707 4035 806 4099 Τίς
856 4035 913 4092 δὲ
976 4033 1332 4110 ὑϐριζόμενος
1392 4039 1456 4094 ού
1515 4036 1747 4110 λαλήσει
1803 4038 1940 4113 πρὸς

267 4127 670 4208 σωφροσύνην,
711 4127 799 4182 ἐὰν
834 4129 1049 4204 φρονῇ;

353 4413 454 4471 λε’.
491 4410 672 4468 Ἀλλὰ
702 4411 814 4486 χρή
866 4408 1080 4473 πάντως
1134 4409 1422 4485 ἀνέχεσθαι
1470 4413 1555 4466 καὶ
1590 4417 1804 4484 σιωπᾷν
1853 4415 1944 4469 τὸν

279 4498 796 4581 περιυϐριζόμενον,
883 4499 973 4554 καὶ
1057 4497 1294 4572 μάλιστα
1369 4501 1460 4554 τὸν
1538 4507 1716 4556 παπᾶν
1785 4501 1941 4575 (Θεοῦ

278 4578 462 4669 λὲγεις
540 4591 798 4666 ἀνοχὴν),
877 4587 1058 4665 ὥσπερ
1127 4587 1217 4644 καὶ
1285 4590 1376 4645 τὸν
1434 4589 1796 4666 ῥαπιζόμενον
1851 4593 1939 4647 καὶ
1974 4578 2019 4643 D

277 4682 564 4758 ἀλγοῦντα
597 4681 672 4752 μή
733 4675 996 4732 ἐκκλίνειν
1025 4677 1117 4732 τὸν
1151 4675 1228 4740 εἷς
1259 4677 1417 4733 αὐτὸν
1477 4678 1590 4750 πλη
1603 4680 1939 4754 μμελοῦντα.

282 4773 602 4848 Φράξομεν,
630 4769 704 4830 ὡς
731 4769 783 4822 οἱ
829 4763 1134 4840 ἀδιάκριτοι
1173 4765 1484 4843 βούλονται,
1537 4775 1653 4831 τοῖς
1712 4768 1944 4827 λαλοῦσι

277 4861 377 4924 τὰς
415 4859 606 4929 ἀκοὰς,
652 4860 738 4921 αἷς
785 4859 820 4926 ἠ
872 4857 1028 4935 φύσις
1086 4857 1261 4918 πύλας
1309 4857 1410 4912 οὐκ
1467 4857 1744 4929 ἐπέθηκενο
1797 4859 1944 4916 ἀλλὰ

282 4949 652 5024 ζημιούμενοι
683 4945 1046 5022 χαρισόμεθα,
1106 4943 1489 5022 ἰλλοχώμενοι
1533 4946 1590 5002 δὲ
1619 4951 1940 5022 περιπεσού-

282 5052 425 5115 μεθα
495 5043 612 5100 τοῖς
667 5035 1016 5110 ὀλοθρευταῖς
1073 5034 1312 5090 ἑκούσιοι
1397 5036 1448 5099 ἐς
1528 5033 1777 5114 ὄλεθρον.
1839 5039 1941 5095 Καὶ

272 5129 472 5203 ε’ίημεν
529 5127 591 5181 ’ἂν
651 5124 850 5201 μωροὶ,
911 5123 1054 5180 οὕτω
1088 5129 1389 5198 ποιοῦντες,
1423 5125 1511 5181 καὶ
1549 5129 1818 5201 μεμπτέοι
1846 5129 1939 5183 καὶ

268 5225 398 5281 τοῖς
427 5214 770 5289 ἀδιακρίτοις
821 5212 1026 5283 αὐτοῖς,
1089 5212 1176 5267 ἐὰν
1207 5219 1447 5270 τοιοῦτοι
1506 5212 1942 5290 ἀπεκϐαίνωμεν,

267 5309 357 5370 ὡς
411 5307 448 5375 ἢ
504 5303 821 5374 ἀναίσθητοι
879 5301 914 5372 ἢ
969 5300 1200 5372 ἠλίθιοι.
1256 5305 1564 5382 Πάσχοντες
1608 5303 1665 5361 δὲ
1714 5305 1940 5369 ἀπειλὰς

266 5399 370 5454 καὶ
432 5394 742 5470 πολέμους,
800 5391 862 5448 οὐ
932 5393 1366 5468 θωρακισόμεθα,
1441 5396 1501 5450 ού
1568 5397 1939 5474 κατάφρακτοι

265 5487 585 5563 γενώμεθα,
648 5482 710 5538 ού
756 5475 1200 5559 προσλαϐώμεθα
1247 5485 1336 5539 καὶ
1377 5487 1474 5556 τὴν
1538 5483 1770 5554 δυνατὴν
1826 5485 1940 5541 ἐπι-

268 5575 544 5653 κουρίαν⁸
596 5570 742 5629 ἀλλὰ
794 5573 890 5633 τὰς
950 5576 1141 5648 χεῖρας
1212 5571 1512 5646 δήσαντες,
1569 5575 1658 5630 καὶ
1707 5575 1938 5631 κατακύ-

270 5664 564 5742 ψαντες,’ὸ
623 5660 689 5733 δὴ
752 5662 995 5738 λέγεται,
1041 5659 1116 5724 εὶς
1175 5663 1508 5743 καμάρωμα,
1574 5664 1942 5740 ἔκπεσούμεθα

2093 2172 2182 2226 34.
2217 2172 2364 2236 Quid
2401 2171 2617 2240 dicitis,
2641 2172 3388 2244 bujusmodijudicesPNon
3436 2171 3670 2244 videtis,

2023 2263 2175 2333 quod
2203 2261 2523 2316 indiscreta
2579 2266 2720 2316 sunt
2784 2262 2906 2317 haec
2951 2263 3169 2330 omnia,
3222 2262 3661 2334 temerarieque

2025 2349 2394 2420 cogitationis
2425 2351 2749 2421 sententiae,
2781 2351 2839 2404 in
2889 2352 3107 2421 quibus
3137 2351 3302 2406 nulla
3366 2356 3455 2406 est
3499 2352 3671 2422 juxta

2024 2437 2328 2494 scientiam
2364 2438 2640 2510 cognitio.
2692 2444 2810 2510 Age
2860 2455 3018 2511 ergo,
3069 2439 3442 2511 interrogabo
3499 2439 3668 2504 istos,

2026 2531 2092 2581 ut
2121 2527 2357 2594 dicitur,
2399 2528 2796 2583 sententiosos
2824 2568 2837 2581 .
2889 2533 2963 2598 et,
3015 2529 3066 2584 si
3116 2533 3386 2600 possunt,
3431 2543 3669 2600 respon-

2026 2617 2224 2685 deant,
2258 2619 2313 2671 et
2344 2616 2416 2671 ab
2448 2616 3026 2688 indiscretojudicio,
3058 2634 3172 2689 quo
3220 2617 3668 2684 convincuntur,

2028 2722 2090 2761 se
2121 2705 2388 2760 liberent.
2423 2704 2746 2777 Numquid,
2779 2723 2811 2760 ο
2835 2706 2966 2762 boni
3003 2707 3071 2760 ad
3115 2705 3528 2776 judicandum,
3552 2707 3672 2761 sive

2028 2794 2222 2867 potius
2255 2795 2322 2848 ad
2359 2794 2892 2861 condemnandum,
2928 2799 3131 2849 natura
3167 2795 3461 2866 prohiberi
3486 2797 3677 2866 potest

2030 2899 2103 2940 ne
2135 2882 2309 2938 faciat
2329 2883 2629 2939 hominem
2661 2882 2749 2938 vel
2783 2900 3064 2955 exspuere
3093 2883 3183 2939 vel
3214 2900 3511 2939 exscreare
3532 2884 3560 2938 ?
3617 2883 3672 2938 Si

2028 2989 2163 3028 vero
2195 2977 2395 3028 contra
2415 2977 2490 3038 te,
2525 2989 2556 3027 ο
2584 2972 3126 3043 hujusmodi,'hanc
3156 2973 3519 3029 affectionem
3553 2971 3676 3028 fieri

2029 3061 2281 3134 judicas,
2315 3061 2422 3117 hoc
2453 3065 2542 3116 est
2572 3079 2606 3116 a
2635 3066 2691 3117 te
2723 3062 3097 3118 discretionis
3129 3063 3411 3129 defectus,
3467 3077 3675 3134 quem-

2034 3151 2353 3206 admodum
2386 3151 2434 3206 si
2469 3153 2602 3222 quis
2635 3157 2933 3220 unguenta
2967 3151 3438 3221 perfunderetur,
3473 3151 3675 3206 crede-

2037 3243 2198 3294 retur
2224 3244 2418 3295 autem
2453 3239 2656 3312 inungi
2691 3256 2893 3308 coeno;
2925 3239 3010 3294 vel
3036 3239 3085 3294 si
3142 3240 3275 3311 quis
3330 3239 3679 3310 simpliciter

2038 3345 2152 3384 non
2184 3327 2552 3397 salutaret,et
2574 3328 2941 3399 judicaretur
2959 3329 3028 3382 ad
3063 3328 3339 3399 injuriam
3390 3333 3447 3382 et
3471 3327 3677 3383 ludum

2041 3417 2152 3473 hoc
2183 3418 2389 3474 facere.
2432 3419 2705 3482 Quisnam
2763 3423 2955 3473 autem
3007 3419 3078 3472 dc
3111 3423 3315 3473 caetero
3365 3419 3687 3473 necessitas

2045 3506 2289 3572 homini,
2323 3507 2566 3562 sicunde
2623 3507 2816 3577 fuerit,
2866 3523 2998 3562 cum
3059 3505 3429 3562 obviantibus
3469 3507 3689 3562 frustra

2049 3611 2310 3664 vaneque
2337 3594 2639 3666 loquendi,
2686 3599 2741 3651 et
2790 3595 3194 3666 intempestive
3243 3595 3521 3650 ridendi?
3578 3593 3688 3659 Qui

2042 3701 2177 3740 vero
2200 3684 2383 3739 datori
2416 3685 2516 3738 dat
2545 3691 2602 3738 et
2631 3701 2745 3738 non
2779 3684 2938 3739 danti
2965 3701 3079 3740 non
3111 3685 3212 3740 dat
3271 3685 3690 3756 ,undejustam

2047 3773 2290 3828 haberet
2319 3763 2864 3845 reprehensionem?
2892 3790 3006 3828 non
3040 3778 3212 3840 certe,
3247 3773 3536 3846 siquidem
3571 3773 3692 3828 dis-

2051 3862 2324 3918 cretivam
2358 3862 2534 3918 habet
2562 3862 3062 3919 deliberationem.
3117 3855 3420 3920 Potissime
3452 3863 3692 3936 quidem

2049 3952 2230 4023 igitur
2258 3951 2354 4007 ille
2384 3952 2483 4024 qui
2515 3953 2678 4008 daret
2707 3953 3046 4025 simpliciter
3075 3959 3132 4008 et
3162 3958 3226 4008 ut
3282 3953 3512 4022 accidit,
3562 3951 3696 4006 irri-

2050 4042 2243 4107 detur,
2276 4045 2558 4112 tanquam
2588 4043 2673 4098 vel
2708 4042 2863 4097 ultra
2906 4058 3144 4098 necesse
3193 4041 3570 4114 magniﬁcus,
3610 4038 3698 4096 vel

2051 4129 2581 4196 administrativus,
2613 4131 2698 4186 vel
2725 4131 3085 4202 negotiosus.
3121 4131 3264 4197 Quis
3298 4135 3496 4186 autem
3521 4130 3539 4185 i
3562 4131 3702 4201 nju—

2051 4219 2198 4274 riam
2231 4236 2464 4291 passus,
2515 4237 2629 4276 non
2687 4219 3026 4293 loqueretur
3081 4237 3212 4276 cum
3275 4221 3589 4293 sapientia,
3649 4218 3699 4275 si

2053 4308 2256 4381 sapit?

2122 4417 2211 4472 35.
2245 4419 2463 4472 Verum
2495 4419 2722 4489 oportet
2771 4416 3011 4474 omnino
3070 4415 3359 4489 patienter
3405 4415 3698 4471 sustinere

2055 4504 2604 4578 silerequeinjuriis
2635 4511 2940 4571 onustum,
2999 4509 3056 4560 et
3103 4504 3424 4577 praesertim
3486 4519 3697 4574 papam

2051 4596 2172 4667 (Dei
2207 4595 2353 4651 dicis
2384 4595 2796 4668 tolerantiam),
2831 4595 3325 4666 quemadmodum
3361 4592 3412 4647 ei
3464 4607 3700 4663 percus-

2053 4702 2186 4740 sum
2209 4690 2265 4739 et
2297 4684 2724 4750 at'tlictnm,non
2759 4684 3012 4756 effugere
3030 4687 3363 4755 peccantem
3395 4681 3452 4735 in
3476 4679 3696 4752 ipsum,

2052 4773 2490 4838 Obserabimus,
2524 4778 2587 4828 ut
2655 4773 2950 4829 temerarii
3009 4772 3230 4839 volunt,
3322 4769 3700 4842 loquentibus

2053 4879 2245 4932 aures,
2282 4861 2499 4932 quibus
2537 4866 2746 4916 natura
2788 4866 2983 4932 portas
3047 4877 3158 4916 non
3215 4859 3536 4931 imposuit,
3597 4857 3698 4912 sed

2055 4949 2176 5005 lassi
2207 4950 2428 5023 gratias
2461 4949 3070 5019 habebimus;insidiis
3104 4954 3295 5004 autem
3331 4946 3701 5014 circumdati,

2053 5041 2111 5095 in
2129 5056 2338 5095 manus
2353 5039 2873 5096 exterminatorum
2896 5038 3394 5094 ultroincidemus
3428 5038 3499 5092 ad
3542 5036 3701 5091 inte-

2052 5131 2255 5186 ritum.
2289 5132 2360 5185 At
2405 5145 2672 5186 essemus
2724 5128 2910 5198 stulti,
2964 5127 3047 5182 sic
3115 5128 3414 5195 facientes,
3474 5129 3531 5181 et
3583 5124 3704 5179 illis

2052 5220 2226 5274 etiam
2253 5219 2529 5275 irridendi
2575 5217 2920 5288 temerariis,
2973 5217 3022 5272 si
3065 5217 3213 5272 tales
3271 5233 3379 5272 nos
3429 5214 3708 5288 praebere-

2053 5326 2210 5377 mus,
2245 5314 2310 5364 ut
2341 5309 2562 5381 stupidi
2596 5307 2685 5362 vel
2714 5307 2930 5362 insani.
2961 5307 3331 5362 Sustinentes
3365 5310 3559 5361 autem
3594 5302 3706 5356 mi-

2053 5417 2161 5455 nas
2209 5404 2267 5456 et
2319 5399 2492 5470 bella,
2552 5414 2666 5452 non
2721 5397 2959 5452 thorace
2993 5395 3350 5463 muniemur,
3384 5385 3500 5450 non
3559 5395 3703 5447 cata-

2053 5487 2281 5560 phracti
2315 5487 2554 5556 erimus,
2589 5501 2704 5540 non
2738 5489 2944 5554 potens
2985 5500 3359 5540 assumemus
3392 5481 3702 5550 auxilium,

2050 5577 2151 5633 sed
2175 5575 2447 5632 manibus
2477 5573 2697 5648 ligatis,
2731 5579 2812 5641 et,
2843 5578 2907 5629 ut
2933 5575 3167 5643 dicitur,
3220 5574 3280 5630 in
3338 5571 3708 5629 testudinem

2049 5665 2339 5741 inclinati,
2375 5665 2563 5739 capite
2592 5663 2952 5723 excidemus.
2987 5666 3062 5722 At
3083 5667 3495 5738 reputaremus
3555 5660 3708 5719 occi-
