4114 6200
3657 13 4114 172 τι

386 353 502 412 6H
1162 350 1582 414 EUSTATHII
1626 347 2394 411 THESSALONICENSIS
2439 349 3027 412 METROPOLITE
3682 358 3812 418 612

386 503 549 544 sores
577 487 787 555 nostri,
834 485 921 542 vel
972 485 1180 542 saltem
1240 485 1311 540 de
1359 487 1558 540 nostra
1591 483 1766 539 ruina
1795 486 2011 540 senten«

2184 487 2241 551 ῆς
2266 479 2530 560 κεφαλῆς.
2570 482 2674 539 Καὶ
2731 480 3119 559 λογισθείημεν
3175 482 3239 540 ἂν
3287 485 3326 555 ἢ
3386 485 3714 566 αὖτοφόντα,
3768 489 3809 559 ἢ

385 578 527 632 tiam
563 577 812 632 ferentes
836 593 849 642 ;
880 575 1276 630 calumniator
1297 578 1491 628 autem
1516 578 1583 627 ut
1609 590 1743 629 vera
1783 572 2010 644 loquen:

2186 570 2289 626 λλα
2309 571 2707 646 κατεγνωκότες
2735 574 2770 640 ἡ
2781 577 2898 644 μῶν
2927 574 3104 628 αὐτῶν
3137 574 3440 631 ἀπώλειαν·
3474 579 3502 631 ὁ
3550 575 3611 632 δὲ
3640 599 3811 633 συκο-

382 666 702 721 honoriiice
732 663 1226 719 salutaretur.Res
1251 679 1364 716 non
1392 666 1478 716 est
1507 662 1784 718 omnibus
1816 660 2007 716 facilis

2185 681 2355 714 αντων
2386 662 2886 736 προηυνηθῆσεται
2921 661 2997 724 ὠς
3029 663 3212 733 ἀληθῆ
3247 663 3456 721 λαλῶν.
3490 666 3606 721 Οὐκ
3656 664 3810 723 εὔκο-

381 756 505 811 Non
540 759 732 810 autem
766 753 910 808 alias
941 768 1005 806 ex
1037 751 1516 822 aggredientibus
1548 751 1887 806 omnimodo
1929 765 2000 804 cu

2181 770 2239 803 ον
2269 746 2430 804 ἅπασι
2462 750 2524 804 τὸ
2577 754 2822 824 πρᾶγμα.
2854 749 2931 807 Οὐ
2969 750 3315 825 φυλαξόμεθα
3364 750 3422 808 δὲ
3468 757 3560 809 καὶ
3611 752 3806 819 ἄλλως

383 843 710 900 stodiemus
735 858 747 895 :
783 842 882 897 sed
918 839 1068 894 male
1090 839 1421 904 audientes,
1447 855 1517 894 ex
1540 840 1890 895 necessitate
1929 855 2008 910 pel

2178 837 2416 900 avroimc
2447 837 2506 893 ἐκ
2542 843 2650 900 τῶς
2679 840 3232 914 κατεπιχειρούντων⁸
3292 847 3472 906 κακῶς
3523 842 3584 898 δὲ
3633 845 3803 899 ἀκού-

379 932 845 988 maledictionem
878 929 1385 999 respondebimus,
1418 933 1475 984 et
1522 928 1866 995 meretricie,
1899 944 2004 999 qua

2174 948 2289 991 ντες
2318 922 2913 1002 ἀντιϐλασφημήσομεν
2948 927 3008 982 ἐκ
3046 929 3304 1005 ἀνάγκης,
3367 932 3458 986 καὶ
3515 938 3799 1009 πορνικῶς

381 1038 495 1076 non
531 1019 702 1074 licent
727 1035 830 1074 nec
861 1017 1236 1087 conveniunt,
1270 1017 1619 1088 garriemus.
1657 1017 2006 1089 Sapientiun

2178 1016 2548 1090 λυαρήσομεν,
2581 1015 2614 1070 ἃ
2648 1017 2723 1089 μὴ
2756 1016 2948 1091 πρέπει
2979 1016 3068 1071 καὶ
3118 1017 3218 1073 οὐκ
3271 1017 3464 1092 ἔξεστι.
3520 1022 3803 1096 Φρονοῦν-

379 1125 482 1166 nec
514 1109 669 1164 istud
703 1111 810 1174 est,
843 1112 1001 1162 recta
1032 1105 1259 1162 ratione
1289 1106 1430 1160 dum
1472 1105 1687 1177 aliquis
1729 1105 2004 1178 dirigitur

2018 1148 2024 1162 .
2135 1127 2244 1160 των
2277 1103 2401 1160 οὗδὶ
2427 1109 2610 1176 τοῦτο,
2636 1102 2741 1166 ἳως
2773 1104 2920 1181 όρθῷ
2953 1103 3202 1181 λογισμῷ
3231 1128 3313 1169 τις
3345 1105 3643 1178 διοικῆται.

447 1217 536 1270 36.
560 1215 769 1271 Hortor
797 1213 981 1286 igitur
1034 1230 1132 1270 eos
1187 1214 1284 1284 qui
1332 1213 1459 1268 sine
1490 1212 1842 1269 discretione
1885 1218 2026 1269 sunt

2209 1211 2308 1282 λζ’.
2338 1210 2645 1288 Παρακαλῶ
2684 1211 2775 1267 οὗν
2826 1211 3052 1288 ἀφέσθαι
3113 1213 3208 1286 μὲν
3262 1214 3389 1277 τοὺς
3440 1213 3796 1291 ἁδιακρίτους

376 1309 442 1362 ut
471 1323 504 1361 a
535 1303 842 1360 scribendo
865 1301 1491 1373 judicandoque,sicut
1520 1302 1665 1374 ipsis
1697 1301 1908 1374 placet,
1933 1304 2001 1359 de

2172 1305 2250 1373 οὗ,
2300 1302 2372 1363 ὡς
2424 1299 2608 1362 αὐτοῖς
2662 1298 2831 1372 δοκεῖ,
2873 1301 3095 1380 γράφειν
3171 1302 3259 1356 καὶ
3327 1303 3542 1378 κρίνειν
3621 1304 3797 1377 ἁμιλ-

376 1396 1109 1459 sistant,conenturautem
1149 1391 1366 1446 imitari
1393 1390 1753 1462 pictoresqui
1796 1392 1994 1463 fingun

2174 1395 2330 1453 ἇσθαι
2361 1387 2418 1444 δὲ
2449 1389 2523 1452 εἲς
2555 1389 2670 1443 ῗ’σον
2704 1386 2958 1464 ἔρχεσθαι
2987 1391 3074 1444 καὶ
3128 1392 3436 1469 ζωγράφοις
3492 1392 3795 1468 βάπτουσιν

376 1483 435 1538 in
469 1485 773 1538 accuratos
803 1480 1345 1552 characteres,quos
1377 1497 1488 1534 non
1523 1496 1653 1536 esse
1686 1479 1862 1536 falsos
1893 1497 2001 1534 cer«

2176 1501 2211 1540 ης
2261 1473 2503 1555 ἀκριϐεῖς
2547 1485 2920 1554 χαρακτῆρας,
2984 1478 3076 1540 οῧς
3109 1479 3209 1534 οὐκ
3266 1478 3378 1534 ἔστι
3427 1479 3801 1558 ψευδεπιγρά-

376 1575 502 1628 tum
535 1574 872 1637 est,necnon
898 1569 1133 1639 judices
1164 1567 1400 1625 sedulos
1425 1585 1490 1623 ac
1541 1569 1782 1640 proinde
1812 1573 1998 1624 rectos

2175 1588 2265 1629 ους
2336 1569 2488 1637 εἶναι,
2562 1567 2651 1622 καὶ
2725 1573 2936 1641 κριταῖς
3013 1567 3369 1640 ἔξεταστικοῖς
3444 1572 3535 1624 καὶ
3615 1573 3800 1636 οὕτως

378 1665 443 1717 ut
490 1675 724 1732 quoque
784 1660 932 1714 Deus
983 1657 1278 1714 similibus
1329 1674 1426 1713 eos
1475 1657 1716 1728 objiciat
1750 1657 1996 1729 judiciis

2174 1661 2337 1729 οθοῖς,
2372 1653 2466 1710 Ἕνα
2520 1655 2610 1710 καὶ
2658 1656 2686 1709 ὁ
2737 1656 2868 1718 Θεὸς
2919 1655 3116 1718 αὐτοὺς
3171 1652 3505 1734 παραϐάλλῃ
3567 1659 3799 1733 ὁμοίαις

374 1749 537 1815 Quod
567 1748 614 1803 si
665 1745 1153 1818 conjecturaliter,
1205 1749 1262 1800 et
1304 1745 1625 1801 secundum
1704 1747 1999 1818 quamdam

2171 1748 2384 1819 ρίσεσιν.
2416 1745 2502 1806 Ὠς
2535 1742 2588 1798 εἷ’
2609 1764 2669 1820 γε
2726 1749 3105 1820 στοχαπικῶς
3162 1746 3256 1801 καῖ
3302 1747 3437 1802 κατά
3464 1769 3587 1803 τινα
3646 1748 3796 1804 εῗκοο

372 1836 966 1904 verisimilitudinem,
1029 1840 1085 1891 et
1129 1835 1538 1891 deductionem
1592 1851 1661 1891 ex
1715 1835 1997 1908 principii:

2168 1831 2383 1908 ολογίαν
2414 1833 2502 1886 καὶ
2536 1832 2788 1887 ὑπόνοιαν
2832 1833 2891 1888 ἐκ
2946 1835 3402 1910 παρακούσματος
3457 1831 3793 1892 ἐπιϐαλλειν

376 1927 528 1984 male
559 1925 826 1998 cognitis,
855 1924 1268 1996 dispositiones
1301 1940 1502 1980 eorum
1535 1925 1635 1996 qui
1669 1925 1837 1981 nobis
1895 1929 1994 1980 not

2168 1921 2383 1994 )έλομεν
2410 1927 2529 1984 ταῖς
2585 1925 2691 1976 τῶν
2735 1922 3024 1999 γνωρίμων
3081 1925 3216 1996 ἡμῖν
3262 1921 3548 1994 διαθέσεσι,
3603 1927 3695 1980 καὶ
3729 1926 3793 1982 οὗ

375 2021 534 2085 sunt,
587 2014 908 2071 modificari
961 2013 1252 2085 volumus,
1329 2019 1384 2069 et
1459 2014 1875 2070 discretionem
1941 2016 2000 2070 ad

2168 2011 2495 2085 ιακρίνομεν,
2557 2011 2629 2073 ὡς
2710 2013 2801 2066 καὶ
2877 2018 3297 2088 συγγνωμονεῖν,
3358 2014 3647 2090 οἰχήσεται
3701 2017 3793 2093 ἀφ’

371 2105 796 2178 ignoscendum
829 2120 944 2158 non
979 2103 1540 2174 aﬁ‘erimus,recedet
1571 2121 1602 2157 a
1634 2103 1804 2158 nobis
1838 2103 1996 2175 quid.

2173 2106 2285 2173 μῶν
2317 2101 2377 2154 τὸ
2407 2101 2746 2172 κοινωνικὸν,
2777 2100 2866 2155 καὶ
2923 2102 3067 2157 οὕτω
3096 2101 3404 2174 πολιτικὸν,
3456 2103 3546 2158 καὶ
3582 2101 3792 2180 φιλάλ-

369 2195 512 2268 quid
543 2193 755 2249 sociale
785 2192 1190 2264 est,quidquid
1227 2191 1472 2263 proinde
1504 2190 1994 2263 politicum,quid

2167 2189 2326 2260 ηλον·
2377 2189 2468 2244 καὶ
2499 2189 2610 2264 χρὴ
2641 2194 2736 2243 τοῖ’)
2768 2188 2968 2244 λοιποῦ
2996 2187 3221 2246 ἕκαστον
3253 2194 3413 2265 ἡμῶν
3456 2190 3786 2266 ἐρημάζειν,

370 2284 507 2356 quid
539 2297 739 2340 amore
773 2287 976 2337 mutuo
1010 2282 1319 2336 fundatum
1359 2285 1454 2348 ;et
1502 2282 1740 2336 tandem
1791 2286 1992 2353 Oporte

2163 2300 2204 2339 ›ς
2258 2280 2332 2350 μή
2388 2280 2502 2351 μετ’
2549 2278 2848 2353 ἀνθρώπων
2875 2280 3031 2347 εἶναι,
3063 2277 3210 2336 ἀλλὰ
3234 2302 3338 2336 που
3368 2281 3503 2336 κατὰ
3531 2281 3788 2354 κοράκων

369 2387 853 2444 unumquemque
885 2374 1264 2433 nostrum,ut
1314 2387 1447 2424 cum
1497 2369 1842 2426 hominibus
1902 2387 1994 2426 n01

2168 2369 2630 2440 ποπλανᾶσθαι,ἢ
2677 2368 2822 2426 ἀλλᾶ
2883 2367 3023 2443 μηδὶ
3080 2369 3132 2426 ἐν
3191 2369 3385 2447 κόσμῳ
3443 2373 3601 2441 εἶναι,
3659 2371 3792 2429 ἀλλ’

373 2463 470 2534 sit,
489 2468 682 2535 petere
713 2459 1117 2528 solitudinem,
1143 2475 1272 2514 cum
1298 2458 1484 2514 corvis
1506 2475 1700 2514 errare
1721 2459 1992 2531 quopiam

963 2474 1117 2528 nem,
1143 2475 1272 2514 cum
1298 2458 1484 2514 corvis
1506 2475 1700 2514 errare
1721 2459 2016 2531 quopiam,
2130 2457 2583 2530 ἐξωκεανὶςεσθαι.

374 2557 477 2608 aut
507 2550 711 2606 saltem
746 2549 804 2604 in
835 2548 1054 2604 mundo
1087 2563 1201 2602 non
1233 2547 1492 2615 esse,sed
1530 2551 1694 2604 trans
1724 2545 2018 2603 Oceanum

373 2641 652 2713 migrare.

436 2730 526 2786 37.
561 2730 630 2784 Et
654 2728 773 2783 haec
798 2725 1034 2798 quidem
1069 2725 1138 2780 de
1170 2724 1501 2781 notioribus
1559 2725 1657 2796 qui
1707 2741 2021 2781 commune

2202 2725 2303 2798 λζ’.
2362 2727 2460 2782 Καὶ
2514 2730 2682 2782 ταῦτα
2738 2727 2832 2800 μὶν
2879 2725 3004 2802 περὶ
3053 2729 3163 2782 τῶν
3209 2728 3675 2806 γνωριμωτέρων,
3731 2730 3785 2786 οἳ

371 2817 459 2876 sal
509 2819 894 2892 gustaverunt
950 2818 1008 2870 et
1060 2818 1255 2869 tamen
1317 2813 1493 2869 simul
1546 2813 1724 2870 nimis
1755 2818 1996 2870 cxtrane

2161 2817 2219 2871 ,αὶ
2249 2820 2437 2871 κοινοῦ
2487 2813 2621 2877 ἁλὸς
2678 2814 2979 2890 ἰγεύσαντο,
3031 2817 3122 2870 καὶ
3171 2813 3359 2879 ἄλλως
3407 2818 3552 2890 ὁμοῦ
3611 2818 3786 2888 ἦλθον

366 2909 746 2965 devenerunt.
783 2904 842 2961 Si
869 2921 1000 2960 vero
1059 2903 1194 2975 quis
1243 2902 1470 2958 nullum
1522 2903 1878 2975 principium
1928 2920 1991 2958 ve

2163 2905 2505 2980 ενικώτερον.
2565 2904 2628 2960 Εἰ
2679 2901 2736 2960 δέ
2780 2926 2864 2966 τις
2922 2902 3193 2979 μηδεμίαν
3243 2902 3388 2981 ἔχων
3443 2905 3706 2984 ἀφορμὴν
3749 2908 3784 2977 ἢ

365 2998 600 3054 initium
634 2992 984 3067 cognitionis
1014 2993 1260 3060 habens,
1291 3008 1394 3048 nec
1425 2992 1682 3049 hominis
1713 2992 1893 3048 vitam
1925 3009 1990 3048 au

2160 2997 2311 3071 ιρχήν
2341 2993 2777 3070 γνωριμὼτητος,
2841 2991 2982 3067 μηδὲ
3024 2991 3182 3056 εἲδὼς
3232 2994 3520 3072 ἀνθρώπου
3570 2996 3606 3065 ἢ
3666 2995 3785 3071 βίον

361 3089 610 3145 virtutes
633 3102 736 3140 aut
765 3099 942 3156 opera
975 3082 1129 3137 mala
1160 3082 1350 3138 sciens
1372 3125 1386 3151 ,
1437 3081 1736 3136 hominem
1771 3081 1986 3152 judica1

2158 3085 2167 3155 Ξ
2228 3082 2620 3159 ἀγαθοπραξίας
2677 3083 2712 3152 ἢ
2770 3083 2935 3145 κακὰς
2990 3081 3289 3158 ἑνεργιιας,
3343 3084 3511 3158 κρίνει
3570 3082 3783 3162 ἅνθρω-

361 3174 803 3247 inquisitionem
835 3169 1477 3244 negligit,condemnat,
1497 3175 1553 3224 et
1585 3172 1851 3242 protinus
1885 3168 1980 3223 vul

2150 3195 2254 3241 τον,
2305 3170 2418 3227 οὐδ’
2465 3167 2835 3245 ἠκριϐώσατο,
2903 3173 2994 3226 καὶ
3054 3172 3382 3248 κάνακρίνει,
3434 3174 3525 3228 καὶ
3578 3175 3775 3230 αὐτίκα

363 3221 803 3247 ...γαπ-νπ-
837 3221 1477 3244 -νο--ο--ν---ς---ημι
1503 3221 1550 3224 -τ
1585 3221 1638 3242 τ-
1662 3221 1847 3225 mn-

363 3265 476 3338 ipsi
509 3263 794 3319 rationem
829 3262 1146 3332 imponere,
1183 3261 1250 3315 ad
1308 3258 1648 3330 hujusmodi
1711 3259 1988 3314 hominen

2143 3221 2254 3241 .--.,
2309 3221 2397 3227 ---
2472 3221 2835 3245 παρη-.-Νη
2907 3221 2994 3226 --η
3057 3221 3382 3248 --ηψπ-η,
3437 3221 3525 3228 .-_-
3579 3221 3768 3230 ..-νη-

2145 3260 2288 3317 θέλει
2336 3263 2423 3316 καὶ
2475 3262 2698 3325 εὐθύνας
2750 3261 2896 3334 αὖτῷ
2945 3261 3234 3338 ἐπιφέρειν,
3265 3259 3445 3325 οὐδείς
3499 3283 3595 3336 μοι
3627 3265 3768 3340 πρὸς

365 3354 592 3410 nullum
623 3351 808 3406 habeo
856 3366 1208 3416 sermonem,
1259 3365 1362 3404 nec
1415 3349 1586 3404 modo
1639 3347 1990 3420 propositum

2140 3352 2203 3405 sv
2233 3355 2477 3406 τοιοῦτον
2527 3349 2713 3426 λόγος,
2744 3348 2874 3406 οὐδὲ
2921 3351 2982 3406 τὸ
3040 3351 3296 3427 προτεθὶν
3346 3351 3465 3426 ἄρτι
3494 3351 3765 3408 ταλαντον

362 3442 645 3500 talentum
680 3439 904 3496 homini
937 3437 1034 3494 tali
1064 3437 1337 3510 subjicio.
1375 3439 1501 3510 Ipse
1553 3438 1710 3493 enim
1764 3453 1987 3510 prorsui

2148 3444 2192 3511 ᾦ
2219 3438 2452 3512 τοιούτῳ
2482 3440 2752 3514 ἀνθρώπῳ
2791 3435 3205 3516 προϐάλλομαι.
3252 3439 3425 3502 Αὐτὸς
3479 3442 3584 3516 γάρ
3633 3463 3768 3496 παν-

361 3537 450 3590 est
480 3533 720 3606 ignarus
748 3528 1134 3600 dijudicandi,
1169 3545 1272 3584 nec
1303 3544 1478 3584 sensu
1513 3530 1856 3584 sanus.ldeo
1889 3543 1986 3582 nor

2136 3529 2288 3590 τελῶς
2337 3529 2550 3602 ἀμαθὴς
2583 3525 2899 3604 διακρίνειν,
2928 3529 3019 3583 καὶ
3050 3526 3176 3584 οὐδὲ
3224 3531 3457 3604 καθαρὸς
3486 3528 3761 3607 ἐχέφρων·

359 3622 580 3694 aliquid
615 3619 762 3676 lucri
796 3620 1010 3675 faceret
1040 3617 1314 3687 mihi,nec
1348 3634 1450 3690 per
1475 3633 1727 3682 me,meo
1755 3615 1984 3672 Domini

2141 3617 2200 3672 ἲιὸ
2251 3615 2375 3673 οὐδὲ
2403 3617 2886 3694 πραγματεύσηται
2918 3617 2978 3672 ἃν
3017 3638 3069 3673 τι
3122 3615 3312 3695 κέρδος
3358 3617 3504 3692 ἐμοὶ,
3554 3620 3646 3674 καὶ
3697 3617 3766 3675 δι’

359 3713 531 3783 cujus
560 3727 690 3767 sum
723 3707 1372 3765 thesaurarius.Verum
1405 3707 1529 3779 ipse
1551 3707 1791 3778 quidem
1819 3707 1984 3762 aliut:

2142 3711 2246 3780 μοῦ
2275 3712 2354 3779 τῷ
2385 3708 2505 3780 ὶμῷ
2536 3707 2799 3780 Δεσπότῃ,
2846 3705 2908 3761 οὗ
2953 3705 3370 3782 Θησαυροφύλαε
3417 3705 3550 3782 ἐγώ.
3603 3707 3764 3765 Ἀλλ’

356 3801 616 3872 inquirat
673 3796 1124 3854 numularium:
1171 3793 1466 3868 ego'vero
1497 3795 1598 3852 Dei
1653 3795 1981 3851 thesaurun

2133 3795 2269 3857 ιύτὸς
2330 3797 2424 3869 μὲν
2481 3793 2747 3870 ἐρευνάτω
2804 3792 3085 3866 δανειστήν
3139 3792 3345 3871 ἕτερον’
3409 3795 3515 3870 ἐγὼ
3571 3792 3630 3851 δὶ
3660 3799 3758 3866 τήν

356 3889 700 3946 exhauriam
731 3887 791 3942 in
813 3885 1024 3941 manus
1037 3884 1336 3941 hominem
1355 3884 1666 3941 scientium
1693 3883 1773 3939 illi
1799 3884 1981 3940 adhae-

2135 3885 2272 3954 ’ἀζαν
2301 3889 2398 3940 τοῦ
2430 3889 2562 3940 Θεοῦ
2591 3883 2872 3939 ἐκκενώσω
2903 3884 3210 3959 ἀνθρώποις
3260 3881 3458 3940 εἰδόσιν
3516 3883 3760 3961 ἐπιστρέ-

357 3993 482 4032 rere
544 3976 850 4048 ipsiusque
908 3974 1269 4028 voluntatem
1348 3973 1573 4042 facere,
1625 3990 1740 4029 non
1799 3979 1982 4030 autem

2134 3976 2293 4029 ›εσΘαι
2324 3973 2488 4028 αὐτοῦ
2515 3974 2604 4028 καὶ
2630 3978 2804 4027 ποιεῖν
2831 3974 2893 4028 τὸ
2922 3974 3086 4029 αὑτοῦ
3117 3972 3356 4046 Θέλημα,
3386 3973 3448 4028 οὐ
3483 3976 3594 4046 μήν
3640 3973 3759 4029 ἀτε-

347 4064 572 4120 intente
606 4062 876 4136 prosequi
903 4060 1197 4132 judicium
1233 4060 1545 4129 malum,ut
1574 4063 1749 4118 etiam
1776 4063 1972 4118 donun

2139 4069 2211 4125 ὣς
2263 4063 2581 4139 ἀντέχεσθαι
2635 4067 2734 4117 τοῦ
2789 4069 3251 4138 καταγνωμονεῖν,
3321 4063 3396 4124 ὡς
3445 4063 3536 4117 καὶ
3586 4060 3759 4140 δῶρον

345 4153 668 4210 aestimetur
689 4149 835 4207 illud
860 4149 1124 4205 divinum
1149 4149 1396 4222 ideoque
1419 4167 1532 4206 non
1565 4151 1965 4222 abjiciendum

1838 4152 1988 4207 ium.
2104 4155 2354 4229 ἡγεῖσθαι
2394 4151 2522 4208 αὐτὸ
2555 4157 2695 4216 θεῖον
2727 4153 2818 4206 καὶ
2851 4153 3022 4216 οὕτως
3055 4147 3463 4222 ἀναπόϐλητον.

420 4259 510 4314 38.
543 4258 765 4313 Habere
790 4257 1322 4312 commendandum
1345 4258 1509 4314 vobis
1532 4263 1589 4314 et
1619 4257 1775 4313 aliud
1808 4258 1992 4314 talen-
2043 4297 2045 4300 ι

2176 4257 2284 4330 λη’.
2314 4261 2470 4336 Ἐχω
2499 4261 2814 4336 παραθεῖναι
2849 4259 2974 4332 ὑμῖν
3006 4258 3095 4312 καὶ
3153 4257 3294 4314 ἄλλο
3336 4257 3631 4330 τάλαντον,
3663 4260 3752 4315 τὸν

347 4352 494 4419 tum,
527 4349 637 4404 hoc
669 4354 759 4403 est
780 4346 1018 4418 jejunii,
1078 4348 1232 4418 quod
1286 4352 1554 4402 nostrum
1615 4347 1972 4420 auspicamm

2128 4374 2132 4400 ι
2184 4357 2285 4418 τῆς
2341 4349 2614 4420 νηστείας,
2671 4373 2699 4400 ››
2751 4349 2819 4418 ἧς
2883 4347 3227 4423 ἐναρχόμεθα
3282 4354 3384 4418 τῆς
3445 4349 3753 4424 ἁρχεγόνου

347 4437 711 4512 primitivum
749 4435 1116 4506 nutritorem,
1149 4435 1490 4508 praeclarum
1523 4452 1788 4509 germen,
1833 4440 1972 4508 quot

2124 4443 2260 4511 λμῶν
2300 4442 2548 4506 τιθηνοῦ,
2595 4441 2690 4492 τοῦ
2719 4437 2892 4493 καλοῦ
2935 4436 3344 4513 βλαστήματος,
3404 4437 3432 4492 ὃ
3463 4443 3688 4511 πρῶτος
3723 4441 3749 4494 ὁ

342 4527 570 4602 primus
602 4525 912 4598 paradisus
959 4525 1164 4590 edidit,
1216 4523 1309 4580 cui
1359 4524 1584 4580 fortiter
1641 4524 1967 4581 inhazrenle:

2128 4521 2424 4600 παράδεισος
2475 4523 2739 4602 ἐξέφυσεν,
2789 4522 2959 4601 οὗπερ
3013 4525 3065 4578 o't
3102 4526 3360 4601 γενάρχαι
3393 4526 3753 4601 ἀντεχόμενοι

343 4617 576 4691 generis
616 4620 885 4672 auctores
921 4631 1032 4670 non
1069 4614 1274 4669 exinde
1305 4613 1536 4685 expulsi
1571 4615 1838 4679 fuissent.
1891 4632 1968 4686 pe:

2131 4594 2380 4690 γκρατῶς
2427 4613 2525 4668 οὐκ
2569 4594 2635 4667 ἀν
2685 4613 2885 4677 ἰκεῖθεν
2931 4594 3321 4692 άφωρίσθησαν
3355 4660 3369 4683 ,
3420 4611 3492 4670 δι’
3665 4616 3753 4671 καὶ

341 4706 496 4778 quod
531 4721 716 4776 genus
748 4704 1095 4770 humanum,
1129 4703 1178 4757 si
1210 4702 1364 4772 velit,
1389 4703 1503 4758 huc
1533 4703 1966 4759 revertiturJlo:

2125 4701 2260 4758 πάλιν
2290 4704 2350 4757 τὸ
2381 4703 2717 4778 ἀνθρώπινον
2767 4701 2936 4778 φῦλον
2981 4702 3335 4778 ἐπανέρχεται
3389 4703 3469 4766 εἷς
3517 4702 3750 4774 ἐκεῖνον,

338 4795 494 4850 enim
544 4799 701 4850 amat
745 4793 805 4848 in
840 4793 1017 4848 Edem
1069 4792 1348 4848 reducere
1375 4791 1524 4848 ﬁlios
1554 4793 1761 4860 Adam,
1794 4797 1858 4846 ut
1905 4792 1963 4847 ib

2130 4790 2245 4868 ἱ¹περ
2303 4791 2499 4856 ἐθέλει.
2546 4791 2859 4847 Φιλονεικεῖ
2903 4793 3004 4867 γὰρ
3057 4788 3194 4862 αὕτη
3257 4789 3544 4868 ἐπανάγειν
3601 4793 3755 4858 αὖθις

342 4898 477 4938 cum
510 4883 625 4938 illis
657 4883 848 4954 degat,
911 4881 1008 4937 ubi
1042 4880 1298 4952 primum
1330 4881 1632 4938 constituti
1680 4887 1854 4948 sunt;
1883 4897 1967 4936 set

2129 4880 2171 4942 ἱς
2219 4881 2315 4949 τὴν
2369 4877 2534 4954 Ἐδὶμ
2576 4879 2703 4942 τοὺς
2756 4879 2855 4934 τοῦ
2923 4878 3123 4953 Ἀδὰμ,
3178 4878 3271 4935 ’ίνα
3329 4881 3440 4936 ἰκεῖ
3494 4879 3754 4959 συνδιάγῃ

345 4972 666 5043 praesrtim
697 4971 757 5026 in
789 4971 985 5042 ipsum
1017 4970 1249 5039 caelum,
1285 4970 1380 5024 ubi
1413 4969 1733 5042 plurimum
1757 4975 1845 5025 est
1875 4969 1970 5041 ips

2124 4969 2306 5037 ιῦτοῖς,
2365 4966 2486 5024 ἔνθα
2539 4971 2639 5039 τήν
2698 4969 2874 5045 ἀρχὴν
2938 4969 3272 5045 ἐτάχθησαν
3337 4969 3578 5043 μάλιστά
3655 4973 3749 5046 μὲν

344 5060 831 5133 participationis,
864 5061 921 5115 in
953 5061 1108 5132 quod
1139 5058 1356 5115 exaltat
1384 5075 1483 5115 eos
1513 5059 1634 5131 qui,
1671 5075 1774 5131 per
1799 5059 1969 5133 ipsiui

2119 5059 2188 5113 νῦν
2222 5059 2297 5122 εἷς
2349 5053 2575 5133 οὐρανὸν
2605 5059 2792 5130 αὐτὸν,
2827 5061 2964 5113 ὅπου
2995 5060 3084 5113 καὶ
3113 5059 3177 5114 τὸ
3224 5057 3416 5114 πλεῖον
3471 5067 3573 5130 τῆς
3619 5082 3744 5134 μετ.

343 5164 626 5220 amorem,
677 5148 1056 5206 elevationem
1111 5146 1224 5220 ipsi
1263 5148 1725 5219 convenientem,
1756 5149 1814 5204 id
1875 5153 1963 5204 est

2120 5148 2279 5210 νυσίας
2337 5147 2475 5204 ἐστὶν
2536 5147 2696 5222 αὐτῇ,
2750 5148 2826 5210 εἷς
2875 5149 2933 5203 ’ὀν
2983 5148 3166 5224 ἀνάγει
3217 5147 3344 5210 τοὺς
3375 5147 3428 5204 ἔν
3456 5153 3537 5221 τῷ
3568 5149 3745 5228 φιλεῖν

343 5237 663 5304 scelestam,
697 5239 986 5295 ambiunt.

2118 5235 2254 5292 ιύτὸν
2315 5237 2628 5316 ἐφιεμένους
2687 5241 2783 5292 τοῦ
2839 5237 2976 5311 αὐτῇ
3024 5237 3330 5312 πρέποντος
3360 5239 3743 5312 ἁνυψώματος,

2094 5331 2192 5382 τοῦ
2216 5327 2352 5382 κατὰ
2390 5325 2640 5403 οὐρανόν.

411 5420 499 5475 39.
530 5419 633 5475 Ubi
668 5419 824 5476 enim
859 5419 997 5475 alibi
1029 5419 1355 5491 spiritualis
1386 5419 1840 5491 apathia,quam
1874 5419 1988 5475 sibi

2168 5415 2266 5472 λο’,
2311 5414 2409 5470 Καί
2465 5420 2570 5471 ποῦ
2625 5413 2726 5492 γὰρ
2781 5413 2980 5480 ἄλλοθι
3040 5415 3266 5470 ἀπάθεια
3320 5417 3506 5492 νοερὰ,
3555 5419 3590 5486 ἡ
3646 5423 3741 5485 τῆς

341 5509 614 5580 proponit
653 5509 975 5580 jejunium,
1034 5508 1147 5564 nisi
1181 5509 1239 5565 in
1272 5508 1416 5565 coelo
1473 5508 1966 5579 sanctissimisqui

2120 5505 2342 5576 ιηστείας
2372 5505 2648 5580 πρόθεσις,
2709 5503 2836 5561 ἀλλ’
2883 5505 2920 5575 ἢ
2964 5505 3015 5560 ἐν
3068 5503 3283 5580 οὐρανῷ
3331 5505 3423 5561 καὶ
3467 5512 3585 5568 τοῖς
3636 5504 3745 5562 ἐκεῖ

342 5597 646 5654 ordinibus
677 5597 764 5652 illi
797 5597 1192 5669 degentibus?
1221 5599 1304 5653 An
1354 5597 1512 5652 enim
1563 5596 1779 5668 aliquis
1819 5603 1967 5669 puta‘

2115 5596 2418 5670 ἱγιωτάτοις
2477 5593 2784 5670 τάγμασινς
2850 5599 2920 5651 Ἦ
2978 5595 3078 5670 γὰρ
3147 5591 3319 5650 οἷέταί
3374 5616 3458 5658 τις
3515 5597 3740 5672 ἑτεροῖον

345 5685 528 5740 alium
559 5701 690 5742 esse
713 5687 922 5757 jejunii
953 5703 1220 5758 scopum,
1253 5691 1640 5757 praeterquam
1673 5686 1735 5743 in
1793 5691 1970 5744 menti

2110 5687 2236 5740 εἶναι
2285 5688 2354 5759 τῇ
2411 5683 2634 5758 νηστείᾳ
2680 5682 2905 5757 σκοπὸν,
2956 5683 3040 5740 ὅτι
3073 5683 3148 5757 μὴ
3178 5683 3242 5740 τὸ
3273 5682 3351 5749 εἰς
3378 5684 3506 5750 νόας
3550 5682 3735 5742 ἄπολι-
