4114 6200
282 349 382 412 613

1243 343 1323 404 IN
1367 341 1434 402 S.
1478 339 2160 411 QUADRAGESIMAM
2209 339 2500 403 ORATIO
2545 340 2626 402 II.

3515 346 3636 406 6H

274 481 437 533 πτῦναι
505 473 624 535 τοὺς
691 472 1000 543 νηστευτᾶς,
1064 471 1155 527 καὶ
1214 471 1290 534 εἰς
1340 471 1595 535 ἀπάθειαν
1659 468 1866 525 ἀποκα-

2010 471 2280 544 ικρεᾶὶιοε
2307 473 2550 529 reddere
2597 474 2961 546 jejunantes,
3018 479 3077 531 et
3131 477 3352 548 absque
3408 478 3640 549 passio-

269 572 518 635 ταστῆσαι,
549 563 592 618 εἰ
623 562 710 616 xui
742 561 795 616 οἱ
823 559 874 615 ἐν
908 563 1044 634 ἡμῖν
1099 562 1257 636 μόγις
1293 561 1392 629 τὴν
1455 558 1872 634 μετόιοπάθειαν

272 657 629 726 κατορθοῦσινς
678 649 1068 726 Ἀγγελοποιὸν
1134 651 1239 725 γὰρ
1306 651 1340 719 ἡ
1401 649 1624 720 νηστεία
1677 648 1878 724 τρόπον

271 742 402 809 τινὰ,
457 741 529 801 οἷς
577 737 665 794 διά
712 737 1000 814 ἰσαγγέλου
1067 739 1191 814 βίου
1241 737 1316 800 είς
1366 736 1696 812 αὐτόχρημα
1755 740 1880 790 νοῦν

270 829 624 886 ἀπολεπτύνειν
696 828 1013 903 προτίθεται
1085 828 1178 882 τὸν
1253 826 1600 898 νηστεύοντα,
1660 826 1735 888 εἷς
1793 824 1882 880 καὶ

268 919 446 980 ἐκεῖνος
489 918 560 978 ὡς
602 915 838 972 ἐπιπολὺ
879 913 969 972 διὰ
1012 917 1075 971 τὸ
1104 915 1253 971 κάτω
1283 917 1470 992 βρίθον
1501 919 1598 970 τοῦ
1631 915 1886 987 σώματος

266 1007 340 1062 καὶ
368 1003 551 1081 γεῶδες
596 1005 922 1082 ἀπροσφυῶς
971 999 1087 1081 ἔχει
1127 1003 1195 1079 τῇ
1226 1004 1450 1078 τοιαύτῃ
1499 1011 1600 1074 τῆς
1629 1003 1885 1073 νηστείας

264 1095 504 1172 προθέσει.
555 1093 743 1151 Οἶκεία
793 1093 970 1149 τοίνυν
1018 1093 1109 1148 καὶ
1167 1091 1479 1170 παραδείσῳ
1531 1093 1621 1147 καὶ
1670 1091 1884 1166 ούρανῷ

261 1188 290 1254 ἡ
348 1181 576 1253 νηστεία,
626 1182 718 1237 καὶ
775 1180 871 1237 δύο
921 1181 1074 1238 οὗτοι
1140 1183 1300 1238 τόποι
1371 1186 1674 1258 πατριῶται
1747 1180 1884 1255 αὐτῇ

259 1271 584 1347 καταγωγαὶ,
674 1268 830 1348 φίλαι
914 1277 994 1342 τῷ
1071 1277 1186 1344 Θεῷ
1263 1275 1457 1346 ψυχῶν
1542 1268 1889 1338 ἀναπαύσεις,

258 1355 564 1436 ἀπρόσϐατοι
600 1357 846 1433 δαίμων
914 1358 998 1415 διὸ
1053 1361 1144 1415 καὶ
1202 1363 1403 1439 ἀμφοῖν
1460 1361 1675 1415 τούτοιν
1730 1359 1890 1434 ἐγκα-

258 1453 417 1520 θιστᾷν
447 1451 480 1518 ἡ
511 1448 735 1520 νηστείᾳ
769 1447 1032 1523 βούλεται
1063 1448 1191 1513 τοὺς
1221 1448 1404 1512 καλῶς
1434 1447 1569 1523 αὐτῇ
1601 1449 1890 1525 χαίροντας

258 1539 332 1594 καὶ
386 1537 516 1593 κατὰ
571 1538 776 1592 σκοπὸν
850 1537 1044 1614 ὀρθὸν,
1120 1539 1181 1600 ’ὸς
1253 1537 1532 1593 εὐοδοῦται
1586 1535 1675 1592 διὰ
1723 1537 1893 1610 μόνης

265 1626 424 1702 ἀγάπη
434 1649 457 1688 ς
466 1670 476 1682 .

326 1736 391 1807 μ’.
423 1730 560 1792 Οὐδὲ
592 1734 702 1809 γὰρ
735 1731 860 1788 οὐδὲ
883 1733 946 1788 τὸ
973 1740 1074 1804 τῆς
1129 1732 1374 1804 νηστείας
1405 1732 1571 1789 καλὸν
1621 1728 1892 1805 μέταλλον

1991 562 2164 617 nibus
2190 561 2436 628 efﬁcere,
2468 563 2602 619 licet
2631 564 2727 636 qui
2761 568 2902 620 sunt
2928 565 2986 618 in
3020 565 3191 620 nobis
3220 565 3311 619 vix
3341 565 3397 620 in
3423 568 3644 638 passio-

1992 651 2166 706 nibus
2197 652 2616 707 moderantiam
2651 659 3090 725 consequantur
3112 653 3140 708 7
3168 655 3432 726 Namque
3488 657 3640 727 jeju-

1994 739 2155 794 nium
2187 739 2384 811 aliquo
2418 743 2589 796 modo
2620 743 2880 797 similare
2913 742 3051 797 facit
3079 743 3318 812 angelis,
3353 751 3641 814 quantum

1995 845 2098 900 per
2126 829 2300 883 vitam
2333 830 2652 901 angelicam
2681 833 2750 886 ad
2790 848 2983 886 veram
3035 833 3248 886 mentis
3294 834 3643 890 tenuitatem

1996 917 2269 972 conducit
2290 917 2679 988 jejunantem,
2711 919 2845 974 licet
2873 919 2970 975 ille
3003 919 3351 992 plerumque
3381 937 3485 992 per
3541 924 3640 978 de-

1996 1005 2138 1061 clive
2196 1023 2263 1061 ac
2319 1009 2594 1062 terrestre
2650 1009 2930 1078 corporis,
2978 1008 3080 1063 tali
3101 1010 3312 1080 jejunii
3348 1012 3646 1080 proposito

1998 1094 2325 1150 naturalem
2375 1095 2590 1150 habeat
2644 1096 3133 1152 contrarietatem.
3193 1099 3500 1170 Proprium
3559 1106 3651 1156 est

1999 1199 2134 1255 ergo
2167 1184 2438 1255 paradiso
2467 1184 2728 1256 coeloque
2751 1185 3068 1256 jejunium,
3099 1190 3156 1240 et
3186 1186 3299 1241 ista
3355 1188 3472 1244 duo
3523 1188 3649 1244 loca

2001 1276 2139 1327 sunt
2189 1272 2300 1343 ipsi
2359 1272 2534 1343 patrii
2579 1277 2804 1345 portus,
2839 1274 3116 1330 amabiles
3146 1274 3283 1342 Deo,
3316 1277 3648 1334 animarum

2000 1360 2544 1432 requies,inaccessi
2576 1361 2962 1430 daemonibus;
2993 1363 3239 1434 ideoque
3271 1365 3501 1420 duobus
3531 1366 3649 1422 illis

1993 1445 2286 1521 jejunium
2320 1451 2673 1506 constituere
2701 1449 2828 1505 vult
2856 1467 2955 1506 eos
2986 1451 3085 1522 qui
3137 1451 3401 1523 pulchre,
3452 1455 3650 1523 juxta-

2003 1554 2117 1611 que
2149 1545 2367 1594 reclum
2395 1555 2658 1610 scopum,
2692 1539 2792 1610 qui
2823 1540 2949 1595 sola
2977 1540 3121 1596 bene
3150 1542 3426 1614 dirigitur
3463 1543 3654 1600 chari-

2003 1632 2144 1690 tate,
2173 1626 2302 1699 ipso
2334 1628 2623 1684 laetantur.

2077 1734 2164 1787 40.
2197 1733 2310 1788 Nec
2340 1733 2496 1789 enim
2529 1734 2841 1805 pulchrum
2881 1736 3094 1807 jejunii
3154 1736 3456 1794 metallum
3516 1756 3651 1796 eum

259 1821 584 1894 ἀνεπίμικτόν
656 1820 768 1876 ἐστι
832 1825 952 1883 τοῖς
995 1821 1352 1897 ἀγαπητικοῖς
1404 1821 1660 1896 χρυσέοις
1721 1820 1894 1894 εύρήο

2011 1821 2312 1877 cbaritatis
2369 1823 2560 1877 aureis
2618 1839 2732 1878 non
2782 1825 3198 1880 commiscetur
3226 1826 3519 1895 inventis;
3551 1829 3652 1883 sed

261 1929 420 1982 μασιν*
479 1908 627 1966 ἀλλά
659 1911 751 1965 xui
802 1911 940 1984 αὑτῇ
989 1911 1054 1965 τὸ
1104 1911 1300 1987 ἀγαθὸν
1348 1915 1509 1965 τοῦτο
1542 1909 1893 1983 ἀνακέκραται

255 1999 373 2063 καθὰ
441 2000 528 2054 καὶ
601 2005 726 2062 τοῖς
804 1999 910 2075 πρὸ
983 1999 1173 2068 αὐτῆς.
1245 1997 1344 2052 Καὶ
1404 1995 1627 2072 οἴδαμεν
1675 1999 1893 2067 πάντες,

257 2089 388 2150 ὅσοις
439 2090 653 2162 μέτεστι
711 2093 808 2142 τοῦ
871 2085 1092 2156 εἰδέναι,
1147 2087 1228 2142 ὅτι
1288 2085 1377 2142 διὰ
1424 2087 1672 2157 νηστείας
1713 2087 1892 2162 ἀγάπη

254 2176 566 2251 περεγίνεται
627 2178 804 2248 ἡμῖν,
865 2177 929 2230 οὐ
993 2177 1158 2248 μόνον
1219 2178 1278 2244 ἡ,
1339 2176 1414 2237 ὡς
1474 2176 1534 2230 ἂν
1587 2197 1671 2237 τις
1727 2172 1895 2244 εἷ’ποι,

255 2263 534 2339 έγκάθετος,
595 2263 748 2320 ἀλλὰ
801 2265 892 2319 καὶ
953 2267 988 2333 ἡ
1046 2259 1403 2336 μεταϐατική,
1465 2264 1499 2332 ἢ
1561 2264 1652 2318 καὶ
1711 2262 1899 2327 ἄλλως

260 2354 458 2430 φράσαι,
527 2356 562 2422 ἡ
643 2352 958 2421 αὐτοπαθής
1018 2353 1105 2407 καὶ
1183 2351 1530 2424 ἀλλοπαθής.
1606 2354 1766 2427 Λέγω
1843 2349 1902 2406 δὲ

263 2442 522 2518 έγκάθετον
587 2444 688 2517 μὲν
747 2444 838 2498 καὶ
895 2442 1172 2511 αὐτοπαθῆ
1207 2444 1418 2519 ἀγάπην
1475 2444 1574 2512 τὴν
1626 2442 1898 2515 ἐμπεριω-

266 2533 505 2606 ρισμένην
574 2535 660 2604 τῷ
730 2534 995 2604 νηστευτῇ
1073 2530 1221 2603 αύτῷ
1289 2529 1480 2603 ἐκείνῳ
1553 2530 1643 2585 καὶ
1727 2530 1898 2603 μόνῳ.

266 2626 505 2684 Τοιοῧτος
563 2619 624 2676 δὲ
685 2623 712 2676 ὁ
787 2621 1098 2694 καταμόνας
1169 2619 1250 2675 ἐπ’
1310 2617 1490 2676 ἐλπίδι
1545 2623 1614 2693 τῇ
1675 2617 1726 2674 ἰν
1786 2620 1902 2691 Θεῴ

266 2717 535 2781 κατοικῶν,
581 2713 681 2766 καὶ
725 2710 777 2766 ἐν
827 2710 1032 2785 ἐρημίᾳ
1081 2707 1302 2784 διάγων,
1353 2709 1468 2784 ὶνῇ
1530 2710 1691 2783 μόνος
1748 2708 1906 2764 αὐτὸν

267 2800 504 2876 ὁΚύριος
563 2799 969 2856 ἐπισκέπτεται.
1028 2800 1090 2856 Ὁ
1131 2803 1378 2861 τοιοῦτος
1435 2798 1536 2874 γὰρ
1595 2799 1768 2870 ἑαυτῷ
1801 2818 1904 2871 μο-

263 2893 420 2964 ναχοῦ
451 2887 652 2966 ἐγκαθη
667 2886 832 2960 μένην
867 2886 986 2964 ἔχει
1011 2889 1110 2958 τὴν
1141 2889 1376 2964 ἀγάπην,
1416 2887 1506 2942 καὶ
1537 2887 1700 2950 αὐτὸς
1735 2888 1906 2960 μόνος

257 2979 438 3053 πάσχει
465 2979 528 3033 τὸ
557 2977 910 3033 τελειοποιὸν
937 2981 1098 3032 τοῦτο
1125 2977 1317 3044 πάθος,
1369 2976 1471 3031 οὐκ
1517 2974 1766 3046 ἐξαπλῶν
1811 2978 1907 3037 τὰς

251 3067 338 3128 τῆς
362 3065 554 3140 ἀρετῆς
601 3065 817 3127 ἀκτῖνας
854 3064 931 3126 εἲς
963 3063 1170 3138 λάμψιν
1202 3065 1292 3118 καὶ
1324 3062 1539 3132 ἄλλοις,
1590 3064 1664 3127 ὠς
1720 3062 1846 3120 οὐδὲ
1878 3066 1907 3120 ὁ

257 3151 424 3222 ⁴ἥλιος,
458 3154 508 3208 ἐν
542 3151 670 3226 ὅσῳ
699 3151 992 3228 κρύπτεται
1024 3153 1124 3207 ὑπὸ
1156 3159 1283 3228 γῆν.

2011 1917 2068 1967 et
2095 1909 2254 1965 istud
2289 1911 2505 1966 bonum
2536 1910 2674 1983 ipsi,
2705 1912 2857 1967 sicut
2911 1916 2969 1968 et
3023 1913 3217 1986 ipsum
3277 1916 3652 1986 praecedenti-

2002 1999 2136 2066 bus,
2191 1999 2568 2055 admiscetur.
2629 2001 2860 2056 Scimus
2917 2018 3142 2066 omnes,
3205 2004 3656 2078 quibuscumque

2005 2089 2181 2144 datur
2209 2088 2376 2154 scire,
2401 2089 2744 2145 charitatem
2769 2090 2829 2144 in
2860 2091 3029 2146 nobis
3060 2093 3338 2162 ajejunio
3368 2095 3655 2164 generari,

2006 2194 2123 2231 non
2155 2177 2343 2232 solum
2377 2194 2528 2246 eam,
2561 2194 2708 2248 quae,
2743 2179 2914 2234 ut'ita
2944 2179 3156 2250 dicam,
3191 2181 3484 2238 inhaerens
3526 2187 3658 2251 est;

2006 2267 2107 2322 sed
2166 2271 2222 2321 et
2269 2268 2822 2338 transgredientem,
2879 2267 2989 2334 vel,
3037 2275 3100 2324 ut
3128 2270 3296 2324 aliter
3323 2270 3657 2342 loquamur,

2008 2370 2136 2409 eam
2169 2371 2296 2425 quae
2330 2355 2400 2409 ad
2429 2371 2492 2409 se
2512 2355 2698 2410 tendit
2727 2360 2784 2411 et
2807 2372 2934 2412 eam
2969 2358 3136 2427 quaid
3162 2359 3232 2412 ad
3266 2358 3411 2414 alios
3459 2364 3658 2415 exten-

2009 2443 2188 2497 ditur.
2222 2441 2360 2498 Dico
2391 2448 2584 2498 autem
2617 2443 2972 2500 insidentem
2999 2451 3057 2500 et
3085 2447 3156 2501 ad
3202 2463 3265 2501 se
3320 2449 3657 2504 tendentem

2011 2530 2356 2586 charitatem
2389 2547 2516 2602 qua
2545 2532 2617 2586 ad
2643 2532 3037 2601 jejunantem,
3062 2549 3308 2604 eumque
3337 2536 3666 2606 solum,cir-

2013 2619 2448 2674 cumscribitur.
2468 2619 2627 2675 Talis
2656 2625 2746 2676 est
2773 2620 2870 2676 ille
2900 2623 2998 2692 qui
3029 2638 3292 2679 seorsum
3324 2624 3382 2679 in
3415 2641 3518 2697 spe
3553 2627 3664 2682 Deo

2012 2708 2332 2764 inhaerente
2363 2709 2762 2776 constituitur,
2789 2714 2846 2764 et
2874 2711 2935 2766 in
2968 2726 3162 2767 eremo
3192 2713 3370 2768 vitam
3402 2716 3540 2786 agit,
3563 2715 3664 2770 ubi

2015 2798 2178 2854 solus
2207 2815 2341 2853 eum
2378 2799 2659 2854 Dominus
2689 2800 3040 2856 considerat.
3074 2802 3176 2857 Hic
3206 2803 3364 2859 enim
3405 2803 3665 2862 solitario

2014 2888 2361 2942 charitatem
2393 2888 2571 2942 habet
2601 2890 2659 2942 in
2691 2905 2754 2944 se
2785 2889 3162 2957 insidentem,
3212 2896 3271 2946 et
3325 2893 3450 2964 ipse
3507 2893 3664 2950 solus

2014 2976 2175 3031 illam
2211 2976 2605 3048 perﬁcientem
2635 2978 2812 3033 sentit
2845 2979 3208 3035 affectionem
3229 2981 3410 3050 hujus
3432 2983 3666 3039 virtutis

2017 3066 2210 3121 radios
2244 3066 2314 3120 ad
2347 3064 2664 3120 lucendum
2696 3067 2828 3123 aliis
2860 3085 2972 3122 non
3005 3071 3542 3141 expandens,sicuti
3566 3088 3670 3127 nec

2017 3155 2123 3224 soi,
2158 3160 2444 3226 quantum
2481 3157 2589 3211 sub
2621 3161 2772 3211 terra
2796 3157 3145 3228 contegitur.

317 3261 415 3332 μα’.
449 3263 546 3316 Καὶ
621 3260 846 3330 τοιαύτη
910 3261 1006 3333 μὲν
1062 3262 1097 3330 ἡ
1148 3259 1432 3337 ἐγκάθετος
1461 3261 1548 3316 καὶ
1583 3259 1896 3330 αύτοπαθὴς

2083 3219 2360 3316 lit-Talis
2389 3265 2480 3316 est
2509 3261 2745 3332 quidem
2778 3261 3056 3329 charitas,
3089 3267 3154 3318 ut
3179 3265 3369 3336 typice
3391 3265 3670 3320 breviter-

254 3348 439 3425 ἀγάπη,
497 3352 588 3413 ὡς
627 3349 782 3422 τύπῳ
838 3351 996 3428 φάναι
1056 3347 1144 3404 καὶ
1195 3347 1486 3424 παχυλῶς·
1539 3351 1573 3418 ἡ
1629 3346 1686 3404 δὲ
1740 3369 1902 3422 μετα-

256 3433 433 3510 ϐατική
479 3439 581 3495 καὶ
613 3437 933 3508 ἀλλοπαθής
966 3437 1028 3492 ού
1059 3439 1376 3515 περιγράφει
1409 3438 1468 3492 τὸ
1516 3437 1683 3507 αὐτῆς
1733 3436 1898 3492 καλὸν

257 3524 326 3590 εἵς
353 3550 468 3584 τινα
493 3526 620 3595 ἕνα,
654 3525 917 3582 πλατύνει
967 3525 1025 3581 δὲ
1080 3526 1510 3602 αύτομερίζουσα
1568 3525 1645 3588 εἷς
1696 3525 1896 3598 κοινὸν,

254 3620 362 3672 καθ’
414 3619 537 3674 ὅσον
611 3617 723 3672 οἶόν
780 3617 838 3672 τέ
895 3616 1034 3672 ἐστιν
1063 3658 1077 3672 .
1137 3617 1198 3673 Ὀ
1269 3620 1400 3692 γοῦν
1471 3617 1547 3689 μή
1621 3614 1897 3679 λανθάνων

254 3707 565 3783 ἀνθρώπους
623 3707 963 3777 τηστειιτής,
1027 3702 1170 3779 μηδὲ
1223 3703 1559 3780 προθέμενος
1612 3705 1901 3780 ἀναχωρη-

252 3801 404 3858 τικῶς
433 3799 621 3873 βιοῦν,
679 3794 943 3850 καὶοῦτω
996 3795 1073 3869 μὴ
1131 3794 1296 3867 μόνον
1353 3794 1692 3868 ἀνθρώπους,
1748 3791 1897 3863 ἀλλ’,

253 3885 295 3940 si
347 3885 596 3954 δυνατὸν,
628 3885 718 3940 καὶ
750 3884 907 3940 αὐτὸν
958 3882 1120 3954 ἥλιον
1170 3882 1628 3954 ἀποκρύπτεσθαι,
1690 3882 1894 3961 φαίνειν

255 3973 304 4030 δὲ
326 3978 410 4032 καὶ
442 3976 637 4032 ἑαυτὸν
669 3975 760 4030 xui
805 3973 870 4030 τὰ
917 3976 1034 4029 κατ’
1085 3974 1244 4029 αὐτὸν
1297 3978 1410 4052 φῶς
1451 3973 1503 4028 ἐν
1533 3977 1601 4048 τῇ
1631 3978 1728 4028 τοῦ
1776 3972 1895 4048 βίου

254 4067 446 4139 σκοτίᾳ,
478 4068 576 4122 καὶ
613 4065 755 4120 οὕτω
787 4060 1154 4140 περίϐλεπτος
1185 4066 1341 4130 εἶναι,
1403 4061 1480 4124 εἷς
1509 4064 1573 4118 τὸ
1629 4063 1896 4139 θειότερον

252 4158 338 4223 τῆς
367 4157 592 4232 ἀγάπης
651 4153 923 4224 ἆπονεύει,
973 4153 1060 4208 καὶ
1119 4152 1196 4214 εἷς
1221 4151 1386 4206 πλέον
1423 4151 1764 4224 ἐξομοιοῦται
1818 4157 1897 4224 τῷ

252 4250 376 4317 Θεῷ.
412 4245 512 4300 Καί
542 4245 647 4321 γάρ
677 4263 762 4298 τοι
814 4243 902 4297 καὶ
935 4242 963 4296 ὁ
995 4242 1123 4303 Θεὸς
1156 4241 1259 4296 οὐκ
1304 4240 1548 4316 ἀρκεῖται
1594 4239 1896 4316 στρογγυλ-

254 4329 476 4405 λὸμενος
506 4332 588 4394 εἷς
620 4331 804 4387 ἑαυτὸν
863 4329 954 4384 καὶ
1003 4329 1243 4407 σφίγγων
1289 4328 1377 4383 καὶ
1426 4335 1784 4405 στενοχωρῶν
1834 4330 1895 4386 τὸ

252 4422 582 4498 αύτάγαθον,
665 4419 792 4476 ἀλλ’
863 4418 1090 4492 έξαπλοῖ
1159 4417 1518 4472 έπεκτείνων·
1593 4420 1683 4473 καὶ
1753 4419 1895 4474 οὕτω

253 4509 510 4581 πληθύνει
562 4509 630 4564 τὰ
677 4506 1104 4583 εὐεργετούμενα
1151 4507 1225 4567 ὡς
1285 4506 1557 4561 ἑκάστοτε
1619 4505 1701 4560 ὅτι
1757 4505 1896 4580 μηδὲ

252 4599 533 4669 ἐπαύσατο,
569 4601 659 4654 οἶα
715 4582 955 4668 καθάπαξ
988 4596 1300 4673 ἐνεργήσας,
1331 4594 1478 4651 ἀλλὰ
1506 4597 1594 4651 καὶ
1641 4595 1747 4658 ἕως
1781 4595 1900 4674 ἄρτι
1931 4582 1979 4647 D

257 4689 550 4766 ἐργάζεται.

326 4863 431 4940 μῧπ
494 4866 618 4935 Καὶ,
691 4865 836 4922 οὕτω
918 4867 1011 4939 μὲν
1070 4868 1104 4935 ἡ
1159 4864 1382 4937 νηστεία
1431 4869 1616 4941 κρᾶμα
1671 4864 1905 4940 χρύσεον

261 4955 498 5012 ἀλλοίων
554 4957 613 5012 τέ
653 4955 793 5012 ἔστιν
845 4957 1048 5027 ἀρετῶν
1098 4956 1186 5010 καὶ
1242 4954 1453 5031 ἀγάπης
1507 4955 1700 5023 αὐτῆς,
1735 4951 1806 5009 δι’
1835 4955 1902 5024 ἧς

257 5048 435 5101 καὶτὸ
481 5048 684 5110 ἀπαθὲς
745 5047 838 5119 μὲν
888 5049 995 5100 τῶν
1041 5066 1149 5100 τισι
1193 5049 1498 5115 νηστευτῶν
1549 5044 1902 5121 περιγίνεται,

260 5134 332 5196 εἰς
360 5134 533 5191 πλέον
581 5134 637 5191 δέ
684 5158 745 5211 γε
798 5135 862 5190 τὸ
914 5133 1286 5211 μετριοπαθές.
1320 5135 1426 5190 Καὶ
1458 5134 1568 5188 ἐστι
1623 5135 1902 5210 μακαριώ-

255 5245 409 5279 τατον
467 5225 561 5297 μὶν
615 5223 788 5294 ἐκελνο
834 5223 1284 5297 κατορθούμενον,
1322 5223 1410 5276 ὅτε
1456 5243 1539 5283 τις
1585 5219 1802 5292 δηλαδή
1854 5223 1906 5282 ἐς

257 5315 515 5366 τοσοῦτον
545 5309 790 5385 ἀνδρεῖος
819 5311 1038 5387 γένηται
1088 5310 1223 5365 καθά
1253 5314 1437 5374 παθῶν
1486 5309 1576 5364 καὶ
1624 5309 1905 5384 ἀπρόσμα-

261 5419 386 5474 χος,
419 5401 497 5463 ὡς
527 5398 666 5474 μηδὲ
695 5397 909 5472 τολμᾷν
945 5398 1160 5472 ἐμπαθῆ
1215 5396 1484 5474 λογισμὸν
1535 5392 1905 5473 προσϐάλλειν

261 5488 429 5560 αὐτῷ,
496 5487 632 5562 μηὸὶ
688 5493 1078 5564 κατορχεῖσθαι
1152 5489 1302 5560 αύτῷ
1355 5488 1449 5542 τὸν
1521 5485 1909 5542 ἐπιστατοῦντα

263 5581 380 5639 τοῖς
439 5581 682 5640 τοιούτος
739 5575 994 5651 δαίμονα.
1073 5576 1341 5632 Διάκειται
1417 5576 1522 5652 γάρ
1579 5575 1608 5629 ὁ
1659 5580 1909 5639 τοιοῦτος

269 5662 549 5742 ἅνθρωπος
579 5666 718 5743 πρὸς
745 5667 814 5722 τὰ
841 5664 1010 5740 πάθη,
1043 5664 1117 5728 ὡς
1165 5665 1211 5720 εί
1259 5664 1348 5720 καὶ
1405 5663 1618 5742 ἠγνόει,
1673 5662 1726 5720 τί
1778 5665 1910 5721 ποτέ

2012 3349 2369 3422 queloquar,
2417 3350 2684 3405 insidens
2742 3359 2795 3404 et
2852 3351 2962 3407 sibi
3025 3352 3310 3408 sentiens.
3373 3351 3475 3408 illa
3531 3369 3665 3408 vero

2007 3439 2448 3511 transgrediens
2471 3443 2527 3494 et
2557 3439 2627 3494 ad
2660 3437 2806 3494 alios
2839 3440 3130 3511 aspirans,
3164 3440 3255 3496 sui
3291 3443 3507 3496 bonum
3551 3458 3665 3496 non

2010 3527 2440 3584 circumscribit
2460 3528 2529 3582 ad
2556 3545 2739 3582 unum
2763 3530 3207 3600 quemdam,sed
3231 3530 3300 3585 ad
3325 3546 3661 3601 commune,

2008 3616 2396 3688 quodcunque
2427 3616 2502 3672 sit
2525 3624 2578 3671 et
2603 3616 3410 3688 qualecunque,distributiva
3441 3635 3660 3692 expan-

2007 3706 2114 3761 dit.
2147 3707 2251 3761 Hic
2274 3723 2411 3779 ergo
2447 3706 2548 3778 qui
2581 3723 2694 3762 non
2728 3706 2998 3764 homines
3031 3708 3170 3764 latet
3193 3710 3496 3780 jejunans,
3556 3727 3662 3766 nec

2009 3795 2120 3850 sibi
2154 3795 2462 3867 proposuit
2495 3795 2897 3852 anachoretice
2924 3797 3136 3865 vivere,
3171 3803 3228 3853 et
3260 3799 3365 3866 ita,
3388 3817 3503 3855 non
3531 3803 3664 3855 tan-

2005 3897 2131 3949 tum
2168 3883 2526 3951 hominibus,
2562 3885 2660 3940 sed
2695 3886 2892 3953 etiam,
2946 3886 2994 3942 si
3047 3886 3327 3958 possibile
3383 3888 3550 3956 foret,
3608 3893 3668 3945 et

2005 3973 2115 4045 ipsi
2149 3971 2260 4028 soli
2293 3973 2678 4030 absconditus
2713 3991 2862 4042 esse,
2895 3976 3271 4032 manifestare
3292 3993 3426 4032 vero
3458 3994 3666 4048 propo-

2001 4062 2122 4117 suit
2152 4069 2275 4118 tum
2306 4063 2712 4135 semetipsum,
2742 4068 2870 4119 tum
2907 4066 3062 4136 quod
3097 4065 3154 4120 in
3192 4082 3254 4121 se
3295 4071 3384 4121 est
3443 4067 3665 4135 lumen,

2005 4142 2064 4204 in
2097 4152 2226 4206 vitae
2255 4151 2532 4218 tenebris,
2551 4157 2610 4206 et
2641 4152 2720 4208 ita
2742 4153 3097 4224 conspicuus
3127 4171 3276 4221 esse,
3303 4157 3374 4210 ad
3404 4155 3486 4222 id,
3512 4157 3668 4228 quod

2004 4239 2243 4294 virtutis
2274 4245 2364 4294 est
2392 4239 2672 4310 divinius,
2704 4245 2760 4295 et
2801 4243 2962 4312 quod
3009 4246 3122 4298 Deo
3181 4245 3372 4316 magis
3430 4246 3669 4318 propin-

2007 4333 2170 4400 quat,
2228 4329 2433 4384 tendit.
2483 4329 2707 4384 Etenim
2737 4329 2892 4386 Deus
2925 4347 3039 4386 non
3073 4336 3383 4388 contentus
3415 4339 3504 4389 est
3533 4351 3670 4404 pro-

2007 4418 2200 4489 prium
2236 4417 2478 4482 bonum,
2515 4419 2912 4490 comprimens
2942 4425 2998 4474 et
3025 4422 3423 4488 coarctans,in
3457 4427 3668 4478 semet-

2004 4507 2198 4579 ipsum
2234 4508 2710 4580 conglobare,sed
2746 4510 3083 4580 expandens
3112 4510 3568 4578 evolvitillud;et
3584 4513 3667 4567 sic

2013 4597 2184 4670 quasi
2245 4603 2522 4670 perpetuo
2580 4599 2882 4654 benefacta
2915 4599 3264 4671 multiplicat
3295 4615 3308 4653 :
3341 4617 3474 4655 nam
3512 4601 3665 4656 haud

2013 4686 2231 4758 quievit
2261 4687 2400 4758 quia
2424 4687 2603 4742 semel
2629 4693 2905 4758 operatus
2952 4693 3060 4758 est,
3122 4689 3223 4743 sed
3275 4705 3462 4760 usque
3510 4706 3666 4746 nunc

2014 4775 2189 4830 etiam
2218 4779 2513 4846 operatur.

2085 4864 2174 4918 42.
2198 4864 2268 4917 Et
2297 4863 2379 4918 ita
2409 4861 2646 4933 quidem
2675 4863 2966 4934 jejunium
3026 4881 3202 4921 aurea
3258 4865 3418 4922 scala
3467 4871 3557 4922 est
3611 4871 3665 4922 et

2016 4956 2356 5006 caeterarum
2417 4950 2702 5006 virtutum
2734 4957 2788 5007 et
2820 4953 3008 5024 ipsius
3037 4954 3361 5016 cbaritatis.
3395 4973 3512 5028 qua
3537 4955 3667 5027 qui-

2018 5041 2148 5096 dem
2175 5040 2573 5110 jejunantium
2600 5039 2896 5112 aliquibus
2927 5042 3164 5114 apathia
3194 5050 3527 5114 generatur,
3559 5062 3664 5100 see-

2016 5133 2154 5200 ptus
2185 5133 2380 5182 autem
2415 5128 2756 5200 passionum
2790 5131 3128 5187 moderatio.
3161 5134 3232 5188 Et
3285 5138 3375 5188 est
3431 5134 3666 5204 quidem

2017 5218 2114 5272 ille
2144 5216 2521 5272 felicissimus
2553 5234 2886 5285 successus,
2918 5221 3153 5292 quando
3183 5223 3317 5293 quis
3347 5223 3490 5277 adeo
3529 5239 3668 5277 eon-

2016 5312 2108 5362 tra
2136 5307 2438 5378 passiones
2470 5306 2545 5361 sit
2575 5311 2633 5361 et
2662 5307 2937 5376 invictus,
2971 5314 3037 5364 ut
3072 5327 3186 5364 non
3241 5311 3453 5366 audeat
3499 5311 3668 5366 illum

2014 5394 2302 5451 lacessere
2332 5395 2563 5450 turbata
2596 5397 2742 5451 ratio
2777 5397 2941 5453 fortis
2975 5413 3080 5453 nec
3112 5398 3196 5452 illi
3228 5399 3512 5455 insultare
3569 5400 3668 5470 qui

2018 5485 2241 5540 talibus
2297 5488 2526 5556 praeest,
2565 5483 2854 5540 diabolus.
2891 5487 2975 5541 Ad
3009 5489 3316 5559 passiones
3347 5489 3504 5544 enim
3535 5488 3671 5546 talis

2020 5575 2196 5630 homo
2227 5589 2289 5630 se
2319 5573 2511 5643 habet,
2570 5575 2739 5645 quasi
2797 5592 2913 5632 non
2971 5581 3348 5648 cognosceret
3395 5579 3534 5651 quid
3597 5580 3676 5635 sit

2021 5662 2268 5732 malum,
2287 5666 2344 5719 et
2371 5663 2541 5734 quasi
2573 5680 2688 5720 non
2721 5669 2876 5722 esset
2903 5665 3080 5724 homo
3109 5667 3420 5740 subjacens
3451 5670 3676 5743 passio-
