4114 6200
393 373 511 433 615

1172 369 1600 434 EUSTATBII
1645 366 2416 431 THESSALONICENSIS
2464 366 3045 431 METBOPOLITJE

3690 374 3804 437 6l6

391 503 588 563 nibus.
621 506 692 562 Et
722 505 805 563 ita
836 505 1076 578 quidem
1110 504 1230 562 illis
1261 520 1459 560 revera
1490 502 1870 560 felicissimus
1913 508 2002 558 est
2033 521 2048 558 :

2165 499 2275 555 ἔστι
2305 501 2368 555 τὸ
2397 499 2586 572 κακὸν,
2631 500 2719 554 καὶ
2750 501 2828 562 ὡς
2876 501 2922 556 εί
2958 499 3099 574 μηδὶ
3128 500 3411 577 ἅνθρωπός
3454 507 3621 575 ἐστιν,
3675 508 3803 563 ὑπο-

388 594 525 652 felix
553 599 747 652 autem
781 595 956 651 etiam
989 598 1079 650 est
1108 593 1519 666 posterior,qui
1540 593 1795 648 luctatur
1810 593 2050 664 quidem

391 689 450 741 et
509 685 720 755 agitur,
789 685 888 740 sed
959 701 1073 738 non
1141 682 1448 753 dejicitur;
1519 687 1743 754 pugnat
1809 681 2047 753 quidem

393 774 680 829 adversus
725 773 930 827 anima:
976 771 1294 836 turbinem,
1330 771 1429 826 sed
1462 775 1732 842 superest
1770 776 1827 826 et
1855 775 2049 826 stran-

391 863 557 934 gulat
589 862 763 917 veluti
797 863 1040 917 Samson
1076 861 1324 927 leonem,
1358 865 1414 915 et
1447 860 1616 931 quasi
1674 877 1852 932 super
1899 859 2049 930 aspi-

391 951 522 1006 dem
551 953 608 1006 et
630 950 969 1005 basiliscum
1005 949 1292 1015 ambulat,
1318 955 1374 1005 et
1402 966 1515 1005 non
1547 950 1829 1004 mentitur
1857 949 2049 1003 homi-

387 1056 519 1095 nem
553 1055 682 1095 vere
715 1040 944 1109 fortem,
965 1039 1297 1110 ipse,juxla
1321 1039 1711 1110 proverbium,
1740 1037 2049 1102 violentus,

384 1129 620 1200 rapiens
651 1129 950 1197 virtutem,
993 1128 1328 1200 pancratice
1355 1128 1591 1196 quidem
1625 1126 1948 1196 debellans,
1969 1128 2050 1182 vi-

387 1221 515 1272 ctus
548 1221 746 1271 autem
779 1233 1092 1287 nunquam
1126 1215 1423 1271 decidens.
1459 1216 1622 1270 Prior
1653 1216 1892 1288 quidem
1923 1231 2053 1271 vere

390 1323 486 1361 rex
511 1307 792 1362 adversus
825 1306 1132 1377 passiones
1164 1309 1272 1373 est,
1307 1304 1594 1376 posterior
1623 1311 1816 1359 autem
1848 1306 2052 1360 subre-

389 1394 586 1467 gulus.
621 1394 756 1449 Ideo
815 1398 872 1449 et
919 1393 1016 1448 ille
1076 1394 1361 1449 rationem
1419 1411 1532 1448 non
1593 1393 1767 1448 habet
1813 1393 2056 1452 redden-

391 1483 528 1539 dam
565 1499 578 1538 :
615 1483 684 1538 de
715 1499 832 1554 quo
857 1481 1013 1537 enim
1048 1483 1118 1538 ab
1151 1481 1248 1537 illo
1278 1482 1426 1537 ratio
1481 1482 1901 1553 requireretur,
1952 1483 2053 1553 qui

391 1569 540 1626 nihil
572 1576 685 1626 Deo
717 1569 1035 1641 displicens
1066 1572 1186 1639 agit
1211 1573 1237 1624 ?
1267 1571 1371 1626 Hic
1403 1576 1600 1626 autem
1630 1571 1871 1626 haberet
1909 1569 2055 1626 forte

392 1660 674 1730 rationes,
701 1665 764 1715 ut
795 1659 1042 1730 videtur,
1075 1659 1173 1714 tali
1211 1659 1330 1731 regi
1363 1661 1709 1728 reddendas,
1737 1660 1907 1731 quasi
1939 1677 2053 1715 non

389 1749 508 1805 cito
541 1749 762 1821 potitus
794 1747 1070 1815 victoriae,
1101 1747 1187 1803 vel
1215 1748 1399 1820 legem
1435 1749 1722 1804 athletice:
1754 1756 2053 1821 transgre-

385 1837 575 1908 diens,
611 1837 848 1910 quando
882 1853 994 1893 non
1039 1837 1208 1908 juxta
1263 1837 1680 1892 discretionem
1740 1846 2048 1916 operatur;
2085 1873 2128 1936 Β

385 1928 558 1998 cujus
589 1926 964 1983 discretionis
1031 1927 1179 1981 fines
1241 1930 1381 1980 sunt
1411 1926 1509 1996 qui
1545 1943 1658 1982 non
1690 1933 1845 1982 recte
1875 1927 2050 1981 attin-

385 2019 695 2089 gunt,cum
721 2015 1062 2086 jejunantes
1095 2032 1126 2070 a
1157 2015 1486 2070 canonibus
1516 2015 2047 2087 diriguntur.Perii-

388 2105 467 2160 cit
495 2109 692 2160 autem
725 2112 778 2160 et
810 2104 868 2158 in
907 2104 1053 2176 ipsis
1103 2103 1279 2159 talem
1327 2105 1745 2160 discretionem
1797 2104 2050 2160 cbaritas

388 2210 528 2268 erga
587 2195 818 2250 fratres.
872 2195 986 2250 Hac
1015 2194 1196 2265 :enim
1231 2194 1616 2265 semetipsum
1647 2193 1920 2266 regularis
1950 2211 2051 2276 qui

388 2282 853 2340 moderationem
885 2299 1028 2354 erga
1059 2299 1121 2338 se
1151 2287 1207 2338 et
1238 2283 1690 2338 circumstantes
1711 2299 1772 2338 se
1788 2281 2049 2365 adhibet,

383 2373 636 2428 invictus
664 2371 995 2443 egredietur
1024 2370 1264 2442 athleta,
1294 2371 1503 2442 partim
1545 2373 1779 2442 quidem
1841 2371 2052 2443 paulu-

383 2460 506 2516 lum
539 2461 773 2527 cedens,
809 2459 1023 2533 partim
1065 2475 1199 2515 vero
1228 2460 1344 2514 vim
1379 2459 1664 2516 adhibens
1690 2479 1703 2529 ;
1726 2465 1783 2516 et
1812 2460 1896 2516 sic
1927 2460 2052 2532 ipse

385 2566 617 2623 quoque
647 2549 867 2604 bonum
897 2549 1132 2620 rapiens
1166 2567 1179 2616 ;
1215 2549 1296 2603 ita
1327 2556 1391 2603 ut
1439 2549 1536 2621 qui
1597 2549 1723 2605 sine
1782 2550 2053 2621 passione

384 2644 493 2708 est,
514 2640 762 2710 ignoret,
798 2638 1205 2710 simplicitatis
1236 2639 1582 2710 causa,quid
1615 2645 1918 2711 peccatum
1953 2650 2053 2699 aut

387 2744 629 2800 peccare
659 2727 769 2794 sit;
793 2727 891 2799 qui
927 2743 1059 2782 vero
1094 2727 1552 2782 moderationem
1587 2728 1643 2782 in
1677 2727 2050 2799 passionibus

389 2817 586 2887 habet,
619 2817 871 2872 scienter
900 2816 1140 2888 quidem
1174 2833 1242 2872 ex
1273 2817 1476 2888 regula
1513 2816 1670 2883 boni,
1734 2817 1874 2887 quid
1935 2833 2048 2871 non

389 2907 468 2962 sit
524 2908 746 2962 bonum
807 2905 988 2961 etiam
1022 2911 1357 2979 cognoscat,
1390 2907 1492 2962 sed
1522 2907 1577 2962 vi
1607 2922 1852 2977 regnum
1885 2905 2052 2962 ccelo-

393 3013 528 3051 rum
561 2995 769 3067 rapiat.

453 3103 550 3157 43.
585 3101 677 3156 Sic
709 3100 1025 3158 constituto
1058 3101 1232 3158 nobis
1264 3105 1321 3157 et
1377 3101 1488 3156 isto
1545 3102 1796 3173 negotio,
1852 3116 2052 3171 super-

387 3190 599 3263 adjicio
655 3192 726 3246 de
785 3192 1116 3261 precatione
1173 3189 1486 3254 talentum,
1518 3196 1694 3262 atque
1726 3190 1796 3244 de
1824 3188 2045 3260 plenis-

387 3281 536 3336 sima
565 3280 854 3336 talentum
888 3279 1308 3334 misericordia.
1333 3279 1612 3350 Superius
1638 3278 1792 3334 enim
1818 3276 2042 3348 aliquid

384 3371 553 3426 breve
573 3370 644 3425 de
663 3370 840 3439 hujus
861 3386 935 3423 nu
947 3368 1166 3423 mmulo
1187 3368 1844 3440 proposuimus.Horum
1861 3372 2051 3422 autem

390 3460 643 3514 duorum
675 3458 1031 3514 talentorum
1066 3457 1215 3512 illud
1247 3458 1484 3528 quidem
1518 3457 1709 3512 tendit
1738 3457 1807 3511 ad
1851 3456 2048 3527 ipsum

388 3548 596 3615 Deum,
631 3549 701 3603 ad
734 3563 912 3619 quem
943 3547 1256 3602 ascendere
1288 3547 1451 3601 bonae
1487 3562 1685 3617 preces
1709 3546 2047 3619 ostendunt;

387 3637 495 3692 hoc
525 3642 717 3693 autem
748 3637 819 3692 ad
853 3635 1365 3707 illiusfratres,qui
1400 3635 1570 3690 nobis
1605 3634 2052 3690 minimividen-

383 3729 500 3796 tur,
533 3727 634 3781 sed
663 3725 834 3781 aliter
860 3724 1016 3794 apud
1051 3728 1230 3779 Deum
1261 3724 1520 3793 adstant,
1552 3741 1584 3778 a
1615 3724 1834 3795 quibus
1866 3723 2044 3779 etiam

391 3821 608 3871 nostrai
637 3829 841 3886 preces
871 3814 944 3868 ad
975 3813 1145 3869 illum
1180 3812 1572 3884 trajiciuntur.

461 3994 548 4049 44.
587 3991 929 4065 Mysterium
961 3990 1223 4062 exprimo
1253 3991 1418 4046 vobis
1451 3989 1899 4055 sacerdotale,in
1933 4005 2046 4061 quo

389 4099 658 4140 seorsum
693 4086 1021 4153 peccantes,
1057 4095 1191 4134 cum
1219 4095 1384 4135 sacra
1443 4079 1712 4146 facimus,
1775 4095 2049 4150 rogamus

393 4176 460 4227 ut
489 4169 774 4227 Dominus
806 4173 1070 4240 protegat
1100 4184 1200 4224 eos
1229 4169 1329 4240 qui
1363 4185 1683 4240 pauperum
1710 4185 1943 4240 quoque
1965 4185 2050 4224 re-

391 4261 728 4323 cordantur,
759 4259 840 4314 ita
871 4263 934 4313 ut
965 4257 1319 4330 precationis
1350 4257 1495 4313 hora
1527 4257 1657 4313 illos
1715 4274 2050 4326 assumens,

392 4351 680 4422 quotquot
709 4348 954 4403 fratrum
986 4347 1115 4415 ejus
1132 4346 1628 4417 meminerunt,ad
1649 4351 1828 4401 Deum
1854 4362 2052 4402 coram

389 4439 579 4512 ipsius
608 4435 982 4494 sanctissimo
1014 4438 1225 4491 throno
1259 4436 1565 4500 sistat.Qui
1595 4452 1726 4490 vero
1759 4435 1904 4491 tales
1935 4452 2052 4491 non

391 4531 532 4585 sunt
562 4545 676 4583 non
711 4525 831 4581 illic
863 4525 1357 4598 appropinquant.
1389 4526 1678 4580 Janitores
1724 4541 1861 4596 ergo
1916 4528 2055 4580 sunt

2156 590 2406 662 κείμενος
2480 592 2692 653 πάθεσι.
2766 593 2872 646 Καὶ
2941 592 3084 647 οὕτω
3163 596 3255 666 μὲν
3334 597 3496 658 αὐτὸς
3554 601 3632 669 τῷ
3695 595 3801 654 ὄντι

2162 680 2594 752 μακαριώτατος·
2687 680 2954 753 μακάριος
3031 678 3088 736 δὲ
3163 683 3251 736 καὶ
3333 684 3361 738 6
3418 682 3688 760 δεύτερος,
3746 689 3803 749 ’ὸς

2158 767 2377 822 παλαίει
2437 768 2531 839 μὲν
2589 769 2676 822 καὶ
2740 765 3084 842 στροϐεἷται,
3146 770 3206 825 οὖ
3263 772 3678 849 καταρρίπτεται
3728 773 3797 832 δὲ·

2157 856 2246 910 κάὶ
2305 861 2587 930 πυγμαχεῖ
2641 857 2736 928 μὲν
2785 858 2920 912 κατά
2975 863 3070 912 τοῦ
3129 857 3405 931 ἐμπαθοῦς
3441 869 3544 930 τῆς
3599 867 3802 939 ψυχῆς,

2158 945 2484 1020 περιγίνεται
2515 943 2572 999 δὲ
2600 947 2688 999 καὶ
2749 943 2929 1021 ἄρχει,
2963 947 3038 1010 ὡς
3063 950 3152 1002 οἷα
3198 949 3287 1002 καέ
3323 953 3568 1023 Σαμψὼν
3595 949 3799 1026 λὲοντα,

2158 1034 2249 1089 καὶ
2281 1035 2354 1096 ὡς
2397 1033 2486 1089 ἐπὶ
2543 1033 2739 1089 ἀσπίδα
2782 1036 2872 1089 καὶ
2928 1035 3244 1110 βασιλίσκον
3280 1034 3571 1108 ἐπιϐαίνει,
3601 1041 3688 1094 καὶ
3738 1044 3799 1098 οὗ

2159 1121 2409 1197 ψεύδεται
2467 1125 2556 1178 τὸν
2615 1118 2784 1187 ὅντως
2844 1123 3093 1202 ἀνδρεῖον
3154 1125 3462 1202 ἄνθρωπον,
3507 1130 3642 1205 πρὸς
3691 1130 3799 1206 βίαν

2159 1217 2298 1270 κατά
2342 1217 2432 1270 τὸν
2493 1215 2713 1270 εἰπόντα
2761 1217 3042 1289 κτώμενος
3088 1219 3188 1285 τήν
3248 1220 3469 1295 ἀρετήν,
3521 1220 3615 1274 καὶ
3672 1243 3802 1296 παγ-

2160 1305 2460 1380 κρατιάζων
2520 1307 2614 1378 μὶν
2664 1304 3026 1370 ἀεθλευτικως
3078 1306 3178 1362 οὐκ
3229 1307 3511 1363 ἐκπίπτων
3569 1307 3627 1364 δὲ
3682 1331 3802 1366 ποτε

2163 1392 2430 1468 δεύτερος.
2463 1395 2566 1449 Καὶ
2598 1392 2737 1449 ἔστιν
2788 1396 2817 1449 6
2868 1397 2962 1468 μὲν
3012 1401 3231 1470 πρῶτος
3280 1397 3538 1472 βασιλεὺς
3567 1403 3646 1470 τῷ
3698 1397 3801 1454 ὄντι

2161 1484 2298 1538 κατά
2327 1488 2433 1538 τῶν
2466 1485 2674 1552 παθῶν,
2707 1485 2734 1539 6
2762 1481 2819 1538 δὶ
2863 1483 3110 1560 δεύτερος
3147 1480 3534 1548 ὑποϐασιλεῦς.
3587 1489 3678 1542 Διὸ
3721 1491 3804 1543 καὶ

2163 1572 2365 1633 ἐκεῖνος
2424 1573 2518 1645 μὲν
2568 1571 2952 1648 ἀνεκλόγιστός
3009 1574 3190 1631 ἐστιν.
3246 1576 3365 1629 Ἐπὶ
3426 1576 3535 1630 τίνι
3590 1579 3690 1652 γὰρ
3746 1579 3801 1633 ἃν

2162 1660 2252 1714 καὶ
2329 1657 2800 1733 λογιστευθήσεται
2871 1662 2899 1714 6
2975 1659 3144 1733 μηδὲν
3200 1683 3251 1716 τι
3307 1661 3452 1737 δρῶν
3514 1662 3800 1739 ἀπαρέσκον

2165 1752 2314 1818 Θεῷ;
2350 1748 2413 1805 Ὀ
2449 1744 2507 1801 δε
2538 1746 2838 1822 ὑπόσχοιτο
2870 1747 2929 1801 ’ἀν
2957 1768 3089 1802 ποτε
3119 1746 3345 1824 λόγους,
3403 1750 3482 1811 ὡς
3541 1750 3703 1819 εἰκὸς,
3730 1756 3802 1824 τῷ

2158 1835 2398 1907 τοιούτῳ
2439 1835 2675 1912 βασιλεῖ,
2707 1836 2782 1897 ὡς
2808 1837 2842 1904 ἢ
2881 1837 2957 1908 μή
2988 1835 3132 1912 ταχὺ
3175 1838 3442 1912 κυριεύων
3488 1846 3587 1908 τῆς
3634 1839 3800 1910 νίκης,

2158 1926 2192 1994 ἢ
2226 1926 2314 1980 καὶ
2343 1921 2677 1999 ὑπερϐαίνων
2717 1923 2808 1979 τὸν
2863 1933 2961 1994 τῆς
3012 1925 3299 1995 ἀθλήσεως
3350 1926 3551 2000 νόμον,
3598 1927 3684 1984 ὅτε
3729 1930 3798 2002 μή

2158 2016 2295 2068 κατά
2351 2011 2614 2087 διάκρισιν
2673 2013 2894 2088 ἐνεργεῖο
2974 2015 3041 2082 ἧς
3096 2011 3422 2090 διακρίσεως
3476 2016 3579 2071 οὐκ
3629 2017 3799 2071 εὐστο-

2159 2108 2384 2178 χοῦντες
2429 2099 2568 2157 ἔστιν
2628 2101 2717 2156 ὅτε
2774 2103 2827 2156 οἱ
2884 2103 3167 2172 νηστευταὶ
3222 2105 3357 2178 πρὸς
3413 2109 3527 2159 τῶν
3574 2106 3799 2161 κανόνων

2161 2186 2488 2248 εὖθῦνονται.
2523 2190 2803 2248 Ἀποτελεῖ
2833 2188 2891 2245 δὲ
2920 2192 3007 2246 καὶ
3060 2189 3113 2245 ἐν
3160 2193 3355 2254 αὐτοῖς
3401 2194 3508 2261 τήν
3557 2194 3800 2264 τοιαύτην

2162 2279 2427 2355 διάκρισιν
2487 2283 2522 2349 ἡ
2572 2281 2708 2354 πρὸς
2751 2279 2880 2342 τοὺς
2941 2277 3210 2358 ἀδελφοὺς
3240 2282 3454 2356 ἀγάπη.
3485 2282 3667 2355 Ταύτῃ
3711 2283 3800 2357 γὰρ

2161 2372 2346 2426 ἑαυτὸν
2397 2370 2692 2439 κανονίζων
2747 2370 2775 2423 ὁ
2830 2369 3291 2445 ἐγκρατευόμενος
3351 2370 3444 2426 ἐπί
3516 2393 3577 2427 τε
3640 2373 3802 2444 ἑαυτῷ

2158 2460 2248 2516 καὶ
2286 2464 2404 2521 τοῖς
2459 2459 2594 2537 ἀμφ’
2650 2458 2829 2526 αὐτὸν,
2889 2458 3160 2529 ἀήττητος
3210 2458 3512 2529 ἀεθλευτὴς
3571 2455 3800 2530 ἀπεκϐή-

2426 2555 2454 2565 .-
2546 2549 2562 2566 \
2663 2548 2678 2568 α
2853 2544 2876 2564 ἢ
2918 2547 2929 2564 \
3103 2551 3129 2561 -ι-
3220 2548 3234 2564 \
3445 2549 3456 2566 1
3786 2549 3798 2565 ς

2161 2569 2328 2614 σεται,
2377 2569 2454 2618 πη
2506 2567 2603 2620 μεν
2658 2545 2998 2618 υπενδιοους,
3055 2569 3133 2612 πη
3189 2544 3246 2602 δε
3298 2547 3646 2622 βιαζομενος.
3703 2556 3802 2605 Και

2160 2638 2303 2694 οὕτω
2332 2639 2420 2693 καὶ
2452 2637 2610 2699 αὐτὸς
2641 2637 2890 2713 ἁρπάζων
2921 2637 2984 2692 τὸ
3014 2637 3207 2704 καλὸν,
3237 2637 3312 2700 ὡς
3341 2640 3440 2693 τὸν
3492 2640 3587 2712 μὲν
3633 2639 3800 2708 ἀπαθῆ

2161 2729 2373 2803 ἀγνοεῖν
2407 2727 2716 2798 ἁπλότητος
2749 2725 2922 2802 λόγῳ,
2956 2727 3001 2781 εἰ
3052 2729 3138 2782 καὶ
3174 2724 3315 2782 ἔστιν
3360 2729 3602 2802 ἁμαρτία
3630 2731 3664 2800 ἢ
3695 2729 3799 2802 ἐξα-

2163 2819 2474 2892 μαρτάνειν,
2503 2817 2594 2871 τὸν
2629 2813 2686 2871 δὲ
2719 2817 3055 2890 μετριοπαθῆ
3089 2813 3288 2871 εἲδέναι
3325 2817 3423 2890 μὲν
3455 2816 3804 2888 ἐπιστημονι-

2158 2911 2268 2968 κῶς
2300 2905 2481 2960 κανόνι
2512 2908 2608 2960 τοῦ
2638 2904 2812 2958 καλοῦ
2839 2905 2930 2958 καὶ
2962 2905 3020 2959 τὸ
3054 2905 3130 2978 μή
3179 2903 3371 2973 καλὸν,
3429 2905 3704 2980 βιάζεσθαι
3751 2903 3803 2960 δὶ

2157 2997 2256 3065 τήν
2295 2993 2570 3071 βασιλείαν
2601 2998 2709 3047 τῶν
2734 2992 3000 3068 οὐρανῶν.

2235 3102 2344 3176 μγ’.
2378 3101 2535 3158 Οὕτω
2565 3100 2961 3171 καθεσταμένου
2987 3102 3122 3174 ἡμῖν
3153 3099 3242 3154 καὶ
3285 3097 3451 3156 τοῦδε
3497 3105 3596 3156 τοῦ
3643 3121 3801 3176 πραγ-

2165 3192 2526 3264 ματεύματος,
2622 3188 3050 3264 προσεπιτίοημι
3143 3189 3233 3244 καὶ
3326 3192 3388 3244 τὸ
3487 3195 3624 3247 κατᾶ
3707 3195 3798 3261 τήν

2167 3301 2188 3328 ι
2218 3280 2532 3353 προσευχὴν
2558 3301 2586 3328 ››
2633 3277 2916 3346 τάλαντον,
2964 3279 3054 3332 καὶ
3096 3278 3159 3332 τὸ
3205 3279 3344 3333 κατὰ
3385 3280 3484 3334 τὸν
3540 3305 3570 3332 ‹‹
3600 3277 3744 3336 ἔλεον
3776 3305 3801 3332 ιο

2159 3369 2252 3423 τὸν
2293 3367 2694 3442 πληρὲστατον.
2751 3367 2970 3421 Ἀνόπιν
3029 3369 3133 3442 γάρ
3187 3367 3367 3442 βραχύ
3434 3390 3490 3424 τι
3555 3375 3650 3424 τοῦ
3697 3371 3802 3424 κατ’

2158 3457 2319 3512 αὐτὸν
2377 3451 2804 3530 προεϐαλὸμεθα
2851 3455 3142 3530 κέρματος.
3195 3457 3422 3513 Τούτων
3476 3456 3534 3513 δὲ
3562 3464 3668 3513 τῶν
3714 3455 3799 3513 δύο

2157 3547 2434 3602 ταλάντων
2492 3547 2555 3601 τὸ
2617 3546 2714 3619 μὲν
2763 3545 3010 3601 ἀπονεόει
3053 3546 3188 3621 πρὸς
3236 3546 3362 3602 Θεὸν
3420 3547 3605 3614 αὐτὸν,
3646 3547 3718 3610 εἷς
3746 3549 3797 3603 ’ὀν

2159 3631 2456 3691 ἀναϐαίνειν
2513 3635 2568 3689 αἱ
2627 3635 2820 3709 ἀγαθαὶ
2878 3632 3136 3704 δηλοῦσιν
3197 3635 3374 3711 εὐχαί·
3437 3638 3503 3692 τὸ
3568 3635 3625 3692 δὲ
3673 3637 3798 3712 πρὸς

2154 3725 2280 3787 τοὺς
2340 3722 2546 3780 ἐκείνου
2605 3721 2894 3800 ἀδελφοὺς,
2951 3724 3078 3786 τοὺς
3137 3727 3273 3796 ἡμῖν
3325 3725 3424 3797 μὲν
3487 3725 3798 3802 ἐλαχίστους

2156 3813 2624 3892 προφαινομένους
2681 3817 3153 3888 παραστατοῦντας
3206 3811 3263 3868 δὶ
3320 3811 3514 3877 ἄλλως
3567 3821 3646 3887 τῷ
3675 3819 3801 3886 Θεῷ,

2160 3905 2243 3982 ὑφ’
2270 3905 2343 3958 ὦν
2374 3902 2462 3957 καὶ
2490 3903 2545 3956 αἱ
2577 3901 2734 3977 εὐχαὶ
2766 3902 2901 3976 πρὸς
2936 3901 3138 3956 ἐκεῖνον
3173 3899 3692 3979 διαπορθμεύονται.

2233 3990 2338 4066 μδ’.
2401 3993 2720 4064 Μυστήριον
2780 3989 2998 4046 ἐκλαλῶ
3061 3992 3188 4064 ὑμῖν
3265 3993 3566 4068 ἱερατικὸν,
3643 3992 3691 4048 ἐν
3763 3993 3804 4064 ᾧ

2157 4076 2466 4152 καταμόνας
2526 4080 2840 4155 εὐχόμενοι,
2897 4078 2986 4135 ὅτε
3041 4079 3466 4156 λειτουργοῦμεν
3544 4087 3611 4136 τὰ
3677 4087 3803 4152 θεῖα,

2159 4168 2556 4242 Θεοκλυτοῦμεν
2591 4166 2680 4223 διὰ
2713 4170 2937 4242 μνήμης
2986 4167 3118 4223 εἶναι
3150 4191 3232 4242 τῳ
3266 4169 3602 4246 ὑπεραγάθῳ
3632 4169 3805 4243 Κυρίῳ

2158 4259 2248 4315 καὶ
2296 4258 2420 4320 τοὺς
2473 4257 2853 4331 μεμνημένους
2915 4262 3024 4312 τῶν
3077 4259 3349 4330 μενήτων,
3427 4259 3568 4316 ὥστε
3614 4263 3648 4328 ἡ
3697 4259 3802 4333 ὥρα

2163 4347 2340 4418 ἐκείνη
2371 4354 2470 4418 τῆς
2530 4346 2698 4422 εὐχῆς
2729 4345 2962 4408 ἐκείνους
2990 4341 3534 4420 προσλαμϐανομένη
3585 4350 3803 4423 παριστᾷ

2159 4443 2241 4510 τῷ
2310 4441 2426 4509 Θεῷ
2473 4434 2769 4512 ἐμπροέθεν
2819 4440 2916 4491 τοῦ
2969 4435 3086 4490 κατ’
3141 4435 3300 4490 αὐτὸν
3353 4436 3660 4510 ἁγιωτάτου
3711 4435 3803 4510 βή-

2169 4547 2357 4602 ματος,
2399 4524 2518 4580 ὅσοι
2566 4529 2674 4579 τῶν
2721 4521 2972 4602 ἀδελφῶν
3033 4522 3199 4578 αὐτοῦ
3262 4525 3587 4597 μέμνηνται.
3638 4525 3702 4581 Ol
3752 4519 3803 4575 δέ

391 4623 449 4673 et
479 4617 841 4673 confidentes
874 4613 1232 4686 patroni,Dei
1252 4615 1399 4668 servi
1433 4613 1580 4668 tales
1601 4613 1789 4684 ipsius
1822 4615 2051 4670 fratres.

2165 4638 2223 4694 γε
2275 4617 2350 4688 μὴ
2380 4618 2621 4669 τοιοῦτοι
2653 4614 2756 4668 οὐκ
2783 4611 3084 4688 ἐγγίζουσιν
3135 4611 3262 4669 ἐκεῖ.
3306 4614 3559 4688 Θυρωροὶ
3591 4614 3680 4668 οὖν
3720 4610 3800 4666 καὶ

394 4707 688 4763 Utendum
719 4711 808 4761 est
836 4704 1014 4774 igitur
1030 4703 1122 4758 his
1140 4702 1566 4758 mediatoribus
1583 4702 1641 4756 in
1661 4701 1753 4757 his
1771 4719 1898 4773 quae
1917 4708 2057 4758 sunt

403 4798 474 4852 ad
508 4797 793 4861 salutem;
827 4811 939 4849 non
972 4792 1357 4862 gratuito,sed
1382 4793 1554 4862 juxta
1585 4791 2054 4855 retributionem,

400 4902 527 4956 qua:
577 4903 611 4939 a
644 4885 756 4939 Deo
787 4882 963 4938 venit.
996 4884 1365 4952 Quaecunque
1422 4881 1577 4936 enim
1639 4882 1848 4935 fratres
1903 4879 2055 4936 acci-

397 4974 604 5046 piunt;
637 4972 809 5028 etiam
839 4988 973 5027 cum
1005 4971 1120 5026 Deo
1154 4971 1524 5041 partiuntur;
1557 4969 1764 5025 exinde
1805 4970 2055 5042 gratiam

398 5062 496 5117 ille
523 5061 816 5129 retribuit,
851 5060 1086 5132 propria
1114 5059 1241 5130 lege
1271 5063 1509 5114 coactus
1539 5058 1611 5113 ad
1648 5057 2058 5114 remuneratio-

394 5167 549 5207 nem.
575 5149 948 5205 Manifestum
981 5153 1070 5203 est
1100 5153 1296 5203 autem
1324 5147 1696 5211 charitatem,
1729 5165 1860 5218 quae
1916 5147 2057 5203 talia

394 5241 550 5296 bona
580 5239 822 5311 perﬁcit,
858 5237 916 5292 in
948 5238 1040 5293 his
1071 5253 1303 5308 quoque
1335 5245 1556 5308 partem
1589 5237 1827 5292 habere.

467 5437 562 5491 45.
595 5435 710 5490 Nec
739 5434 920 5506 igitur
949 5430 1285 5502 aliquorum
1342 5431 1554 5502 gratia,
1613 5429 1868 5502 precatio
1921 5448 2059 5486 sau-

403 5525 695 5581 ctillcatur
749 5523 822 5578 iis
879 5520 977 5592 qui
1033 5536 1148 5575 non
1191 5519 1464 5590 diligunt,
1499 5535 1606 5574 nec
1638 5519 2056 5575 misericordia.

404 5612 906 5669 Considerandum
967 5614 1164 5665 autem
1222 5614 1334 5677 est,
1387 5610 1624 5678 fratres,
1681 5611 1836 5680 quod
1894 5610 2060 5667 vobis

408 5699 866 5757 misericordiam
926 5713 1210 5769 propono,
1261 5713 1375 5751 non
1409 5695 1926 5770 qualemcumque,
1957 5703 2059 5757 sed

2163 4705 2616 4781 εὗπαρῥησίαστοι
2701 4704 3064 4778 καραστάται,
3140 4709 3275 4759 Θεοῦ
3361 4705 3682 4778 θεράποντες
3752 4701 3800 4755 οἱ

2160 4795 2399 4845 τοιοῦτοι
2434 4789 2598 4844 αὐτοῦ
2636 4786 2883 4868 ἀδελφοί.
2935 4788 3032 4843 Καὶ
3076 4789 3256 4844 τοίνυν
3308 4789 3578 4865 χρηστέον
3632 4787 3801 4846 αότοῖς

2167 4880 2352 4953 μέσοις
2391 4877 2458 4934 τά
2501 4899 2561 4954 γε
2619 4878 2696 4939 εἷς
2746 4877 3042 4952 σωτηρίαν·
3089 4877 3152 4932 οὐ
3197 4875 3424 4954 δωρεὰν,
3480 4875 3624 4932 ἀλλὰ
3673 4875 3798 4950 πρὸς

2166 4965 2452 5035 ἀντίδοσιν,
2483 4969 2584 5034 τήν
2614 4967 2673 5021 ἐκ
2701 4970 2856 5022 Θεοῦ.
2882 4969 2945 5022 ’Ἀ
2977 4965 3081 5041 γὰρ
3114 4967 3166 5020 οἱ
3197 4964 3426 5044 ἀδελφοὶ
3451 4961 3797 5039 Λαμϐἀνουσι,

2164 5057 2252 5112 καὶ
2283 5060 2362 5126 τῷ
2393 5058 2507 5125 Θεῷ
2540 5052 2872 5130 μερίζονται,
2905 5052 3184 5116 κάντεῦθεν
3230 5052 3431 5116 ἐκεῖνος
3477 5050 3800 5127 ἀντιχαρίζε-

2163 5167 2273 5215 ται,
2323 5143 2479 5216 νόμῳ
2529 5140 2652 5215 ἰδίῳ
2704 5142 3021 5217 βιαζόμενος
3063 5142 3200 5218 πρὸς
3249 5143 3591 5216 ἀνταμειψιν.
3634 5137 3798 5208 Δῆλον

2167 5231 2245 5299 δὲ,
2278 5234 2352 5295 ὡς
2383 5233 2656 5287 κάνταῦθα
2684 5235 2718 5302 ἡ
2751 5232 2932 5307 ἀγάπη
2967 5229 3476 5308 συμπαρεισδύεται,
3512 5230 3648 5298 αὐτή
3677 5228 3800 5282 ἀπυ-

2165 5323 2397 5379 τελοῦσα
2421 5322 2512 5376 καὶ
2539 5322 2606 5376 τά
2633 5325 2857 5377 τοιαῦτα
2887 5319 3050 5376 καλά.

2243 5428 2343 5502 με’.
2395 5424 2534 5484 Οὔτε
2579 5431 2707 5504 γοῦν
2763 5427 2904 5502 εὐχὴ
2955 5428 3200 5482 ὁσιοῦται
3249 5427 3380 5505 ὑπὲρ
3406 5448 3566 5482 τινων
3593 5429 3704 5487 τοῖς
3744 5441 3798 5496 γε

2174 5518 2249 5591 μή
2283 5517 2586 5592 ἀγαπῶσιν,
2638 5512 2765 5570 οὐδὲ
2815 5517 2922 5588 μὴν
2975 5513 3152 5579 ἕλεος.
3195 5518 3312 5592 Χρή
3347 5514 3402 5571 δὲ
3432 5515 3725 5584 ἐπιστῆσαι,
3755 5511 3794 5564 ὧ

2169 5606 2416 5687 ἀδελφοὶ,
2451 5608 2534 5662 ὅτι
2566 5604 2716 5662 ἔλεον
2781 5608 2909 5681 ὑμῖν
2961 5609 3308 5682 ὑποτίθεμαι,
3359 5607 3415 5663 οὐ
3468 5608 3561 5664 τὸν
3600 5603 3793 5671 ἁπλῶς,

2171 5697 2319 5755 ἀλλὰ
2344 5699 2437 5754 τὸν
2468 5695 2777 5768 κακονικὸν,
2809 5698 2899 5752 τὸν
2934 5698 3039 5752 ἀπὸ
3089 5695 3302 5753 δικαίου
3360 5699 3686 5773 πονήματος,
3714 5691 3791 5747 καὶ
