4114 6200
290 333 386 394 61⁵1

1237 328 1319 389 ΙΝ
1361 330 1429 391 S.
1476 328 2156 402 QUADRAGESIMAM
2200 328 2496 392 ORATIO
2538 328 2618 389 II.

3516 323 3638 387 618

283 463 450 519 λοιποῦ
498 457 550 515 δὲ
597 457 690 514 ούκ
736 458 1221 533 ἆποτετραμμένου
1277 465 1729 535 περιουσιασμοῦ,
1776 460 1871 517 τὸν

1985 462 2362 530 canonicam,
2431 462 2505 517 ab
2589 476 2763 533 opere
2848 459 2998 517 bono
3062 461 3473 526 constantem,‘
3518 474 3634 515 non

280 554 341 627 μή
371 551 464 607 ἀπὸ
485 547 825 621 κλεμμάτων,
858 544 950 602 τόν
989 549 1063 620 μή
1099 547 1151 618 ἐξ
1194 549 1468 624 ἁρπαγῆς,
1499 551 1590 604 τὸν
1650 552 1726 624 μή
1772 549 1879 605 ἀπὸ

273 643 591 718 συκοφαντιῶν
627 636 712 692 καὶ
763 631 1064 705 διαϐολῶν,
1111 639 1325 709 μήποτε
1387 636 1444 694 δὲ
1500 636 1623 694 οὐδὲ
1671 640 1762 695 τὸν
1821 639 1880 694 ἐκ

271 731 407 785 τόκου
481 726 727 799 ἀθέσμου.
790 724 1166 799 Ἐλεημοσύνη
1250 727 1350 801 γὰρ
1412 730 1448 798 ἡ
1534 726 1593 784 ἐκ
1669 728 1880 785 τούτων

270 813 590 892 ἀπρόσδεκτος
643 817 723 887 τῷ
753 819 892 886 Θεῷ,
923 815 1060 878 καθά
1090 814 1177 868 καὶ
1210 817 1244 885 ἡ
1280 814 1339 870 ἐκ
1391 818 1586 889 μισθοῦ
1642 818 1875 893 πόρνης.

270 908 318 962 Ὁ
341 906 531 980 γάρτοι
561 903 717 979 ὀρθὸς
751 904 840 958 καὶ
894 898 1352 979 ἀπηκριϐωμένος
1404 900 1556 968 ἕλεος
1617 905 1874 983 ὑπερλίαν

266 993 470 1069 φιλεῖται
518 986 593 1064 τῶ
641 992 903 1066 ἐλεήμονι
961 998 1098 1066 Θεῷ,
1158 988 1308 1049 ἔλεον
1368 992 1631 1067 ἐθέλοντι,
1663 994 1755 1050 καὶ
1813 995 1875 1050 οὐ

267 1081 436 1153 θυσίαν,
462 1082 554 1152 τήν
602 1101 660 1135 τε
702 1077 910 1151 ἄλλην,
939 1081 1027 1135 καὶ
1082 1080 1190 1157 οὐχ
1236 1080 1406 1144 οὕτως
1451 1080 1575 1137 οὐδὲ
1617 1085 1720 1153 τὴν
1777 1087 1875 1153 τῆς

261 1169 491 1241 αἰνέσεως,
537 1168 682 1244 εἷ’περ
730 1167 870 1242 ἐλέῳ
925 1170 1018 1243 μὶν
1080 1170 1171 1225 καὶ
1214 1168 1414 1233 αἶ’νεσις
1463 1172 1692 1227 παντοία
1745 1172 1872 1228 ἐπα-

258 1257 494 1315 κολουθεῖ.
525 1258 766 1320 Αἷνὲσεις
819 1255 876 1313 δὲ
922 1257 1140 1322 πολλὰς
1196 1260 1248 1315 οἱ
1302 1258 1509 1316 πολλοὶ
1568 1259 1875 1335 ποιούμεθα

257 1346 374 1421 ἐλέῳ
399 1346 796 1421 ἀνεπιμίκτους.

312 1526 406 1598 μς’.
437 1522 605 1581 ’Δλλά
652 1524 706 1580 τί
757 1546 850 1599 μοι
881 1525 1139 1602 παράγειν
1197 1526 1273 1589 εἷς
1331 1527 1675 1603 προχείρισιν
1739 1530 1868 1602 ὑμῖν

252 1611 663 1689 σμικρολογικῶς
734 1619 916 1686 τοῦτο,
974 1615 1064 1670 καὶ
1142 1614 1339 1686 ἐκεῖνο,
1393 1617 1481 1671 καὶ
1559 1615 1724 1685 ἄλλο,
1779 1618 1868 1672 καὶ

253 1699 398 1756 λοιπά
446 1723 561 1757 τινα
614 1701 701 1758 ἔπ’
758 1702 942 1766 αὐτοῖς
1017 1708 1150 1759 Θεοῦ
1204 1704 1442 1760 τάλαντα
1490 1704 1866 1781 εὖαρίθμητας

252 1791 369 1865 Φέρε
416 1788 498 1899 δὴ,
532 1792 633 1861 τὴν
689 1790 826 1863 ὅλην
881 1793 1047 1867 γάζαν
1107 1798 1203 1848 τοῦ
1281 1794 1538 1868 μεγίστου
1597 1795 1865 1871 βασιλέως
1900 1836 1946 1902 Β

248 1881 403 1948 ἡυῶν,
443 1879 603 1935 αὐτοῦ
649 1884 748 1935 τοῦ
804 1885 958 1953 Θεοῦ,
1006 1882 1070 1936 τὸ
1130 1882 1656 1961 θησαυροφυλάκιον,
1706 1884 1757 1938 ἐν
1817 1886 1863 1957 ᾧ

246 1971 332 2021 πᾶν
390 1968 525 2039 ἱερὸν
590 1968 889 2042 κειμήλιον
951 1969 1355 2046 συνεσπείραται
1419 1971 1511 2026 καὶ
1566 1975 1863 2050 κατεσφρά-

246 2057 416 2130 γισταὶ,
458 2056 699 2111 πιστεύω
761 2057 909 2130 ὑμῖνο
954 2056 1005 2128 ἐξ
1052 2058 1114 2112 οὗ
1174 2054 1320 2113 ἔσται
1380 2059 1729 2131 ἀναλέξασθαι
1788 2063 1862 2125 ὡς

244 2142 439 2207 πιστοὺς
484 2145 625 2218 ὑμᾶς
693 2147 1046 2220 θεράποντας,
1097 2146 1271 2202 ὁπόσα
1328 2148 1403 2211 εἷς
1463 2147 1673 2205 δάνειον
1734 2150 1863 2227 βού-

244 2230 394 2297 λισθε·
435 2234 522 2312 ἀφ’
570 2234 637 2290 οῦ
700 2229 979 2308 λαϐόντες,
1037 2236 1193 2291 αὐτοί
1247 2257 1307 2293 τε
1362 2236 1711 2309 ἀποπλήσετε
1761 2241 1860 2309 τήν

243 2325 340 2394 Θεῷ
388 2323 611 2398 ἀρεστὴν
664 2323 984 2397 ἀπληστίαν,
1016 2327 1106 2380 καὶ
1154 2327 1243 2381 τὸν
1301 2330 1398 2381 τοῦ
1454 2332 1586 2382 Θεοῦ
1643 2323 1861 2403 κορϐω-

239 2413 316 2464 νᾶν
345 2411 565 2489 ἀφήσετε
625 2410 796 2467 πάλιν
858 2415 1053 2485 μεστὸν
1109 2415 1248 2469 καθὰ
1303 2416 1392 2470 καὶ
1449 2416 1735 2491 πρότερον.
1787 2417 1862 2475 Τὸ

236 2498 321 2575 γάρ
365 2497 800 2575 παραδοξότατον
837 2521 848 2534 ·
897 2502 1126 2567 ἅπαντες
1183 2505 1279 2576 μὲν
1356 2504 1553 2568 ἐκεῖθεν
1609 2504 1861 2581 ἀρύονται

240 2587 282 2641 οἱ
318 2590 378 2643 τὰ
431 2594 546 2652 θεῖα
604 2587 897 2663 διψῶντες,
945 2590 1036 2645 καὶ
1094 2592 1386 2661 σιτίζονται
1443 2594 1495 2647 ol
1551 2595 1687 2649 κατὰ
1734 2595 1861 2649 Θεὸν

237 2682 514 2740 πεινῶντες⁶
552 2680 588 2748 ἠ
655 2676 714 2733 Si
770 2682 867 2732 τοῦ
924 2679 1197 2755 θησαυροῦ
1248 2680 1498 2753 ἀποθήκη
1551 2681 1635 2755 ἀεὶ
1693 2682 1864 2756 ἐμπε-

237 2763 471 2837 πλησται,
500 2768 742 2829 καὶτοῖς
793 2764 1068 2822 ἐθέλουσιν
1103 2768 1154 2840 ἐξ
1210 2768 1375 2825 αὐτοῦ
1429 2766 1722 2845 λαμϐάνειν
1770 2792 1863 2845 με-

240 2856 530 2928 μεστωμένη
591 2856 905 2931 πρόκειται.
957 2857 1142 2928 Φύλαξ
1201 2855 1259 2913 δὶ
1329 2861 1417 2914 καὶ
1488 2861 1691 2933 ταμίας
1763 2867 1863 2930 τῆς

232 2944 463 3015 τοιαύτης
494 2944 922 3016 πλουσιωτάτης
980 2949 1174 3021 γάζης,
1232 2955 1332 3018 τῆς
1388 2949 1479 3003 καὶ
1528 2946 1867 3005 παντοδαπα-

231 3035 373 3103 νήτου
424 3034 511 3088 καὶ
583 3033 940 3103 ἀνιλλιποῦς,
1002 3035 1220 3111 ὕστερον
1299 3036 1392 3109 μὶν
1453 3038 1482 3092 6
1527 3042 1635 3092 τῶν
1711 3037 1867 3093 θείων

228 3121 615 3197 εὖαγγελιστιῖιν
675 3122 767 3178 καὶ
827 3123 1035 3179 λοιπῶν
1072 3125 1364 3189 θειοτάτων
1409 3125 1755 3195 ἀποστόλων,
1788 3123 1865 3183 ἔτι

1990 556 2188 609 autem
2231 551 2303 606 ab
2352 551 2555 606 odiosa
2599 549 2792 621 copia,
2828 565 2941 604 non
2990 565 3026 604 a
3055 547 3252 615 furtis,
3285 563 3401 603 non
3462 564 3496 603 a
3543 563 3637 603 ra-

1989 641 2168 712 pinis,
2201 657 2316 696 non
2363 657 2396 695 a
2451 638 2851 694 delationibus
2895 642 2950 693 et
2999 635 3335 703 calumniis,
3367 652 3472 692 nec
3522 652 3636 691 un-

1988 745 2167 800 quam
2201 729 2274 784 ab
2303 727 2509 783 illicita
2539 744 2738 783 usura.
2774 728 2853 781 Ex
2904 726 3122 781 talibus
3185 725 3345 781 enim
3385 725 3636 781 eleemo-

1988 834 2155 890 syna,
2187 817 2340 873 sicut
2371 832 2439 871 ex
2485 816 2747 871 mercede
2783 815 3207 886 fornicationis,
3253 819 3490 886 accepta
3514 814 3633 871 Deo

1986 923 2103 962 non
2136 912 2244 962 est.
2297 909 2474 961 ltecta
2521 909 2578 959 et
2626 906 2780 960 enim
2831 921 2896 960 ac
2946 905 3199 977 perfecta
3231 904 3633 961 misericordia

1988 1011 2339 1068 magnopere
2390 998 2506 1049 Deo
2564 993 2758 1066 placet
2815 992 3203 1064 misericordi,
3235 993 3332 1063 qui
3367 994 3493 1049 vult
3523 994 3633 1049 mi-

1987 1084 2389 1155 sericordiam,
2436 1087 2493 1139 et
2540 1100 2655 1139 non
2707 1083 3086 1153 sacriﬁcium,
3120 1083 3243 1139 sive
3294 1082 3478 1149 aliud,
3511 1083 3633 1141 sive

1985 1173 2162 1229 etiam
2220 1172 2579 1228 sacrificium
2655 1171 2873 1239 laudis,
2932 1171 3227 1243 siquidem
3298 1171 3634 1227 miSericor-

1984 1263 2140 1319 diam
2176 1262 2304 1317 laus
2331 1261 2508 1317 etiam
2540 1260 2881 1316 omnimoda
2911 1260 3250 1315 comitatur.
3284 1260 3513 1315 Laudes
3536 1277 3634 1316 au-

1982 1355 2101 1407 tem
2147 1350 2366 1406 multas
2421 1349 2841 1406 misericordiae
2896 1348 3119 1405 alienas
3169 1347 3432 1421 plerique
3481 1348 3628 1404 faci-

1983 1456 2140 1583 ng:
2208 1528 2317 1584 Sed
2381 1526 2522 1600 quid
2597 1526 2991 1583 ministrando
3055 1524 3220 1581 vobis
3287 1523 3626 1581 minutatim

1978 1620 2153 1673 verbo
2212 1617 2504 1688 proferam
2572 1616 2682 1672 hoc
2747 1615 2836 1670 vel
2903 1615 3084 1681 istud,
3141 1613 3230 1671 vel
3297 1614 3481 1683 aliud,
3538 1614 3628 1670 vel

1978 1709 2166 1761 totum
2227 1706 2563 1761 divinorum
2622 1703 2978 1760 talentorum
3040 1701 3409 1759 numerum?
3454 1704 3621 1773 Age!

1977 1799 2171 1850 totum
2200 1794 2546 1851 thesaurum
2580 1793 2819 1849 maximi
2851 1792 3005 1864 regis
3030 1793 3236 1856 nostri,
3274 1791 3466 1864 ipsius
3498 1792 3625 1862 Dei,

1974 1883 2480 1957 gazophylacium,
2539 1883 2599 1938 in
2680 1899 2797 1954 quo
2855 1882 3050 1938 omnis
3118 1898 3288 1937 sacra
3355 1879 3627 1954 supellex

1982 1972 2241 2045 reposita
2308 1972 2771 2044 consignataque
2821 1974 2932 2037 est,
2991 1971 3157 2027 vobis
3217 1970 3497 2026 credam:
3557 1986 3626 2026 ex

1973 2077 2088 2133 quo
2118 2061 2283 2117 vobis
2305 2066 2587 2133 tanquam
2612 2058 2886 2116 ﬁdelibus
2908 2058 3093 2115 servis
3106 2058 3434 2133 colligenda
3454 2062 3616 2126 sunt,

1973 2165 2360 2221 quascumque
2405 2148 2598 2205 velitis
2654 2149 2726 2204 ad
2769 2152 3042 2204 mutuum
3091 2163 3357 2219 promere
3390 2172 3406 2215 ;
3437 2164 3471 2202 a
3501 2162 3617 2218 quo

1972 2238 2428 2309 sumentes,ipse
2458 2237 2840 2309 cupiditatem
2876 2240 2987 2291 Deo
3015 2234 3431 2307 acceptabilem
3457 2251 3615 2291 com-

1972 2326 2451 2399 plebitis,Deique
2469 2327 2783 2383 corbonam
2809 2326 3043 2398 plenam
3075 2324 3228 2380 sicut
3259 2325 3423 2397 prius
3444 2323 3616 2381 relin-

1972 2415 2180 2486 quetis.
2214 2415 2332 2471 Hoc
2362 2415 2523 2470 enim
2578 2418 2711 2470 ante
2742 2413 2942 2470 omnia
2994 2414 3330 2469 mirandum
3361 2430 3372 2470 :
3407 2429 3615 2470 omnes

1974 2503 2210 2576 quidem
2267 2503 2476 2560 exinde
2527 2504 2725 2559 divina
2782 2502 3050 2559 sitientes
3083 2501 3384 2571 hauriunt,
3416 2507 3474 2559 et
3507 2520 3616 2559 nu-

1972 2594 2251 2659 triuntur,
2280 2593 2380 2665 qui
2420 2593 2749 2650 secundum
2784 2592 2965 2648 Deum
3025 2592 3620 2649 esuriuntzthesauri

1971 2702 2105 2740 vero
2132 2685 2605 2757 promptuarium
2666 2700 2899 2756 semper
2938 2683 3227 2754 repletum
3276 2688 3386 2753 est,
3417 2689 3476 2740 et
3521 2700 3621 2739 vo-

1974 2772 2231 2829 lentibus
2290 2789 2359 2829 ex
2418 2770 2516 2829 illo
2592 2787 2826 2828 sumere
2894 2770 3134 2844 plenum
3190 2772 3452 2828 otl'ertur.
3512 2778 3621 2827 Cu-

1974 2867 2100 2918 stos
2139 2867 2335 2918 autem
2396 2866 2453 2918 el.
2507 2861 2881 2934 dispensator
2939 2860 3281 2931 hujusmodi
3339 2860 3621 2916 ditissimi

1974 2952 2260 3018 thesauri,
2295 2951 2395 3023 qui
2446 2956 2688 3007 cunctas
2736 2950 2990 3023 perfecte
3021 2948 3431 3023 complectitur
3461 2967 3624 3022 opes,

1977 3039 2185 3096 ultimo
2252 3039 2490 3112 quidem
2576 3043 2665 3095 est
2729 3039 3063 3095 divinorum
3131 3038 3625 3111 evangelistarum

1976 3135 2437 3203 czeterorumque
2492 3127 2995 3185 divinissimorum
3055 3127 3459 3200 apostolorum
3492 3144 3626 3185 nec-

228 3205 275 3264 δὲ
320 3211 403 3265 καὶ
448 3212 622 3287 ἱερῶν
678 3211 933 3289 κηρύκων
985 3210 1329 3287 πληθυσμὸς,
1363 3215 1498 3290 πρὸς
1531 3212 1589 3270 δὲ
1618 3214 1793 3271 αὐτῶν
1839 3217 1867 3271 6

1982 3235 2099 3274 non
2152 3234 2453 3274 sacrorum
2522 3233 2857 3288 praeconum
2917 3217 3114 3287 turba,
3174 3216 3276 3272 sed
3335 3220 3469 3273 ante
3526 3232 3627 3273 eos

231 3298 372 3376 μέγας
405 3300 674 3377 βασιλεὺς
705 3300 794 3357 καὶ
843 3301 1124 3378 θεοπάτωρ
1180 3300 1365 3376 Δαυῗδ,
1400 3304 1428 3358 6
1479 3303 1538 3360 ἐκ
1583 3302 1680 3359 τοῦ
1729 3310 1867 3362 Θεοῦ

225 3388 303 3442 τὸν
377 3394 636 3446 τοιοῦτον
715 3390 1026 3469 ἀπόκρυφον
1105 3390 1344 3448 πλοῦτον
1417 3394 1865 3468 πεπιστευμένος,

225 3475 316 3553 ούχ
342 3477 475 3534 ὥστε
502 3485 843 3554 ταμιουχεῖν
878 3479 1038 3535 αὐτὸν
1088 3478 1238 3553 ἡλίῳ
1298 3482 1729 3554 ἀνεπισκόπητον
1781 3482 1872 3539 διὰ

224 3565 278 3619 τὸ
303 3565 665 3640 ἀμετάδοτον,
694 3566 821 3624 ἀλλ’
846 3566 939 3623 ’ἶνα
978 3567 1030 3623 ἐν
1077 3568 1310 3648 ἀσφαλεῖ
1358 3569 1642 3649 φυλάττων
1708 3572 1868 3629 αὐτὸν

226 3656 442 3726 παθητὸν
492 3677 731 3726 ποιηται
788 3662 906 3718 τοῖς
960 3658 1253 3734 χρῄζουσι.
1311 3659 1588 3734 Χρῄζουσι
1647 3658 1705 3715 δὲ
1733 3661 1869 3716 πάν-

225 3763 319 3805 τως
371 3745 533 3800 αὐτοῦ
601 3746 654 3800 οἱ
709 3750 805 3801 τοῦ
850 3742 1246 3820 παμϐασιλέως
1292 3753 1426 3804 Θεοῦ
1483 3748 1779 3826 ἅνθρωποι,
1816 3753 1869 3807 οἱ

225 3832 303 3887 καί
331 3834 415 3889 τὸν
448 3830 625 3891 Δαυῒδ
655 3836 943 3897 ποθοῦντες
971 3835 1061 3890 καὶ
1109 3836 1200 3892 τὸν
1253 3837 1413 3893 αὐτὸν
1477 3838 1870 3913 βασιλεύσαντα

223 3920 425 3998 Κύριον.

284 4014 385 4083 μζ.
418 4011 605 4070 Ἀλλά
651 4012 730 4075 τίς
755 4014 783 4067 6
816 4013 1085 4089 θησαυρὸς
1135 4015 1311 4083 οὗτος,
1341 4017 1382 4071 ὁ·
1426 4017 1517 4072 καὶ
1558 4016 1751 4093 ὀλίγος
1777 4020 1867 4075 καὶ

220 4099 526 4174 πάμπολυς,
571 4103 599 4156 6
630 4100 720 4157 καὶ
756 4101 967 4178 βραχὺς
995 4103 1083 4157 καί
1136 4102 1532 4180 ἀναρίθμητος,
1562 4108 1590 4161 6
1641 4111 1709 4182 τῇ
1764 4130 1868 4164 πο-

220 4188 390 4258 σότητι
462 4210 568 4263 μεν
623 4190 885 4268 σφιγκτός
939 4211 999 4246 τι
1052 4192 1143 4247 καὶ
1204 4192 1629 4270 εὐπερίληπτος,
1682 4201 1751 4272 τῇ
1812 4196 1869 4253 δὲ

215 4277 457 4348 ποιότητι
490 4278 795 4355 πάμμεγας
851 4281 942 4335 καὶ
1001 4279 1174 4336 πάντα
1203 4281 1410 4356 κόσμον
1471 4279 1708 4354 ὀλϐίζων
1750 4292 1868 4349 ταῖς

221 4362 265 4437 ἐξ
315 4368 482 4423 αὐτοῦ
547 4366 1142 4445 ἀγαθοχυσίαις;Ἰδοὺ
1196 4376 1454 4445 συνορᾶτε
1507 4374 1639 4445 μετὰ
1697 4394 1865 4450 προσ-

216 4460 343 4528 οχῆς
396 4457 488 4511 καὶ
559 4454 876 4518 ἐπιστασίας
936 4451 1425 4530 ἀπηκριϐωμένης,
1467 4460 1605 4516 ὥστε
1662 4461 1866 4519 συλλα-

1979 3323 2232 3380 magnus
2265 3323 2364 3362 rex
2396 3311 2452 3362 et
2481 3306 2744 3379 deipater
2804 3305 3002 3377 David,
3055 3305 3150 3360 cui
3198 3304 3343 3360 tales
3378 3306 3624 3360 abscon-

1980 3397 2113 3453 dita:
2175 3396 2520 3451 concreditae
2580 3399 2721 3451 sunt
2785 3412 2819 3450 a
2888 3396 2997 3451 Deo
3082 3393 3318 3460 divitiae,
3377 3411 3495 3449 non
3562 3396 3627 3449 ut

1981 3484 2342 3541 ministraret
2385 3482 2516 3539 illas
2575 3483 2647 3539 ad
2702 3483 2884 3538 solem
2914 3481 3238 3556 pellucidae
3272 3486 3508 3555 propter
3534 3481 3626 3536 in-

1981 3571 2494 3644 communicatﬁle,
2529 3573 2633 3628 sed
2664 3578 2727 3627 ut
2774 3576 2900 3628 tuto
2935 3572 3270 3628 custodiens
3307 3570 3442 3627 illas
3471 3572 3632 3627 desi-

1982 3664 2272 3720 derabites
2356 3663 2572 3718 faceret
2635 3660 2987 3717 volentibus.
3056 3659 3352 3715 Anhelant
3427 3665 3627 3716 autem

1980 3769 2227 3824 prorsus
2273 3751 2346 3806 ad
2397 3749 2531 3806 illas
2587 3750 2782 3822 magni
2834 3748 2987 3820 regis
3048 3749 3143 3805 Dei
3202 3748 3493 3816 homines,
3525 3750 3630 3821 qui

1979 3840 2158 3897 David
2191 3844 2248 3897 et
2305 3840 2620 3896 Dominum
2679 3838 2780 3911 qui
2839 3838 2977 3894 fecit
3031 3837 3196 3894 illum
3256 3854 3501 3911 regnare
3529 3839 3629 3896 de-

1981 3929 2264 3987 siderant.

2051 4019 2139 4074 47.
2171 4017 2387 4074 Verum
2440 4016 2574 4089 quis
2631 4016 2730 4073 ille
2785 4016 3100 4073 thesaurus
3149 4020 3259 4084 est,
3320 4033 3539 4089 parvus
3569 4020 3627 4073 et

1982 4106 2225 4175 multus,
2260 4106 2455 4163 tenuis
2485 4110 2542 4161 et
2597 4105 2819 4177 largus,
2858 4104 3184 4177 quantitate
3213 4105 3451 4177 quidem
3486 4122 3625 4162 con-

1978 4202 2204 4252 tractus
2235 4200 2291 4252 et
2357 4194 2866 4266 circumscriptus,
2918 4194 3201 4267 qualitate
3253 4212 3387 4250 vero
3441 4195 3624 4251 maxi-

1980 4302 2114 4341 mus
2167 4289 2223 4342 et
2277 4285 2561 4340 bonorum
2616 4300 2685 4339 ex
2731 4281 2831 4339 illo
2864 4282 3282 4355 proﬂuentium
3316 4282 3626 4356 largitione

1978 4379 2168 4431 totum
2227 4374 2569 4429 beatiﬁcans
2618 4372 2952 4428 mundum?
3007 4372 3092 4429 En
3142 4371 3448 4444 intelligile
3487 4388 3623 4427 cum

1979 4462 2137 4519 omni
2195 4462 2514 4518 attentione
2565 4478 2630 4517 ac
2687 4460 3014 4533 diligentia,
3059 4464 3123 4516 ut
3178 4460 3336 4516 brevi
3367 4459 3626 4533 concipi-

218 4533 320 4639 ξεῖ-ν
370 4543 533 4639 αὑτὸν
593 4542 926 4639 ἐνλβραχεῖ,
958 4544 1049 4599 καὶ
1100 4545 1519 4622 εὖπεριλήπτως
1577 4546 1865 4626 δράξασθαι

1985 4554 2096 4608 atis
2152 4569 2310 4623 eum,
2367 4556 2425 4606 et
2482 4551 2737 4623 perfecte
2787 4548 3263 4622 complectamini
3321 4564 3424 4620 pro
3457 4548 3618 4606 lucro

222 4626 506 4707 ιπῖκέρδει
544 4629 826 4709 βασιλείας
874 4631 1045 4704 αὐτῆς
1102 4641 1203 4703 τῆς
1254 4638 1352 4689 τοῦ
1407 4642 1561 4691 Θεοῦ·
1609 4639 1696 4693 καὶ
1748 4661 1873 4695 συν-

219 4721 464 4791 αχθέντες
504 4719 587 4783 εἷς
629 4725 775 4789 νοῦν,
808 4720 899 4776 καὶ
944 4723 1041 4784 τὰς
1094 4721 1169 4786 ὡς
1219 4726 1334 4778 οἷον
1397 4724 1566 4781 εἰπεῖν
1625 4748 1878 4803 γραμμι-

218 4807 308 4870 κάς
360 4817 463 4880 τῆς
517 4812 703 4886 ψυχῆς
755 4809 1043 4873 ἀποτάσεις
1110 4811 1189 4874 εἷς
1258 4811 1461 4869 κύκλον
1536 4814 1874 4891 πρὲψαντες,

221 4891 451 4960 ἰντεῦθεν
510 4895 571 4952 δὲ
650 4900 739 4953 καὶ
814 4898 1327 4977 ἆποσφαιρώσαντες
1415 4901 1726 4976 εὐμεθόδως
1803 4906 1878 4970 ὡς

222 4983 351 5056 πρὸς
408 4985 648 5059 μίμησιν
717 4986 972 5063 ούρανοῦ,
1030 4987 1085 5043 ἐν
1145 4989 1191 5061 ᾧ
1239 4991 1370 5055 Θεὸς
1429 4991 1876 5068 ὑπερκαθήμενος

221 5070 406 5142 πάντα,
450 5074 555 5129 ὅσα
593 5073 790 5143 ἐθέλει,
840 5081 1007 5147 ποιεῖ,
1040 5072 1355 5152 ἐμϐλέψατε
1411 5081 1645 5155 ταμιείῳ
1703 5082 1875 5139 πολυ-

220 5162 557 5235 popvlum“
591 5164 729 5236 ᾧτὸ
786 5169 893 5220 τῶν
953 5166 1157 5242 ἀρετῶν
1212 5168 1434 5223 ἁπασῶν
1491 5171 1882 5244 κειμηλιοῦται

216 5248 519 5337 πλήρωμα.
548 5253 701 5309 Ἔστι
753 5251 811 5308 δὲ
851 5255 915 5310 τὸ
964 5253 1369 5330 πολυτίμητον,
1405 5259 1564 5337 φάναι
1617 5258 1674 5316 δὲ
1733 5262 1879 5335 μᾶλ-

215 5333 307 5391 λον
337 5338 608 5413 πάντιμον
641 5342 789 5397 τουτὶ
826 5339 1049 5419 δοχεῖον
1090 5348 1198 5401 τῶν
1240 5346 1551 5420 κειμηλίων
1605 5333 1877 5408 τοιοῦτον·

211 5426 508 5484 Ἐκκλινον
554 5430 662 5487 ἀπὸ
707 5436 898 5505 κακοῦ,
948 5431 1041 5488 καὶ
1088 5433 1319 5506 ποίησον
1390 5437 1613 5514 ἀγαθόν.
1667 5444 1883 5517 Σμικρά

287 5646 310 5679 ⁸
350 5645 517 5706 Psal.
543 5667 732 5721 mvx,
762 5652 853 5709 27.

539 5778 803 5841 ΡΑτιιοι..
849 5780 961 5843 Ga.
1011 5779 1307 5846 CXXXV.

1986 4658 2231 4716 regnum
2264 4642 2461 4712 ipsum
2500 4639 2635 4708 Dei;
2664 4643 2721 4695 et
2770 4638 2831 4694 in
2865 4631 3120 4693 mentem
3151 4636 3396 4705 collecti,
3429 4641 3621 4709 atque,

1986 4736 2054 4786 ut
2111 4730 2196 4784 ita
2262 4729 2481 4797 dicam,
2544 4727 2795 4782 lineares
2862 4727 3071 4783 animai
3136 4726 3500 4783 extensiones
3565 4728 3625 4782 in

1986 4818 2273 4877 circulum
2322 4820 2632 4885 vertentes,
2689 4815 2896 4872 exinde
2943 4831 3076 4870 vero
3136 4814 3465 4873 methodice
3494 4833 3632 4874 con-

1987 4908 2293 4981 globantes
2352 4911 2636 4977 tanquam
2694 4904 2765 4960 ad
2812 4904 3205 4960 imitationem
3239 4904 3390 4974 cceli,
3422 4905 3483 4961 in
3516 4923 3632 4978 quo

1987 4999 2143 5055 Deus
2172 4995 2562 5069 supersedens
2615 4993 2834 5061 omnia,
2892 5010 3277 5066 quaacumque
3306 4994 3450 5063 vult,
3488 4996 3630 5068 agit,

1986 5086 2259 5159 inSpicite
2339 5085 2398 5139 in
2476 5100 2759 5157 magnum
2830 5081 3320 5154 promptuarium,
3389 5084 3448 5139 in
3517 5101 3632 5156 quo

1990 5176 2245 5249 pretiose
2274 5177 2610 5230 asservatur
2653 5172 2938 5228 virtutum
2992 5172 3258 5227 omnium
3309 5171 3629 5244 plenitudo.

1988 5270 2090 5321 Est
2146 5269 2342 5320 autem
2393 5263 2551 5318 istud
2610 5279 2806 5317 rerum
2860 5261 3249 5333 pretiosarum
3292 5261 3632 5318 bonorabile

1991 5353 2078 5410 vel
2109 5354 2305 5426 potius
2335 5349 2905 5407 venerandissimum
2959 5350 3228 5406 aerarium
3277 5349 3429 5406 tale:
3469 5370 3491 5398 ι
3524 5351 3635 5407 De-

1992 5444 2148 5501 clina
2194 5459 2228 5499 a
2278 5440 2451 5507 malo,
2498 5443 2556 5495 et
2600 5438 2692 5496 fac
2739 5440 2962 5496 bonum
2992 5440 3035 5493 ο.
3073 5461 3094 5491 ι
3130 5443 3315 5496 Parva
3340 5439 3522 5511 hujus
3550 5444 3642 5497 est

3243 5784 3324 5844 20
