4114 6200
477 356 597 418 619

1253 353 1676 416 EUSTATHII
1719 351 2481 415 THESSALONICENSIS
2527 351 3108 415 METROPOLITZE

3725 357 3827 417 620

476 486 957 546 circumlocutio:
991 487 1090 541 sed
1123 483 1535 540 inenarrabilis
1567 488 1658 540 est
1697 482 2100 556 complexioni:

2235 481 2430 538 τούτου
2456 484 2490 552 ἠ
2514 483 2842 560 περιγραφή,
2874 479 3001 536 ἀλλ’
3029 479 3310 554 ἀμύθητος
3363 483 3397 551 ἡ
3451 489 3544 552 τῆς
3590 493 3825 561 περιοχῆς

479 577 758 651 potentia.
819 575 1010 631 Unum
1069 575 1304 646 aliquod
1362 574 1598 628 videtur
1665 587 1794 628 esse
1854 572 2121 628 divinum

478 670 832 741 praeceptum
859 681 871 719 :
907 664 1014 718 hoc
1046 669 1237 718 autem
1266 666 1354 718 est
1382 661 1648 717 omnium
1673 663 1878 716 instar.
1910 661 1996 717 Ab
2021 661 2121 717 illo

476 757 669 812 omnis
697 755 884 808 virtus
915 753 1158 823 pendet:
1192 751 1551 817 vallis,utita
1581 751 1979 817 dicam,est,in
2003 767 2122 822 qua

478 845 781 900 confluunt
809 843 1000 897 omnis
1031 840 1166 895 boni
1199 840 1436 906 ﬂuenta,
1469 840 1579 896 hoc
1611 841 1901 913 chrysiten
1927 839 2119 896 dicere

475 934 642 990 volo:
677 931 822 987 nihil
863 936 1056 986 autem
1108 930 1193 986 sic
1242 931 1494 986 dicerem
1540 930 1772 985 excelsi.
1809 931 1909 985 Est
1939 929 2122 1002 igitur

475 1021 670 1078 omnis
699 1019 985 1092 graphice:
1038 1019 1376 1092 chrysitidis
1435 1019 1755 1091 purissima
1809 1035 1975 1084 vena,
2013 1034 2118 1073 nec

475 1112 695 1184 ignem,
730 1107 1054 1179 necfolles,
1087 1125 1192 1163 nec
1231 1108 1527 1164 fornacem
1561 1108 1842 1164 fusoriam
1875 1109 1944 1162 ad
1980 1124 2117 1180 pro-

475 1201 771 1257 bationem
831 1198 1046 1254 volens.
1109 1197 1485 1252 Dominicum
1561 1196 1994 1268 receptaculum
2057 1196 2117 1252 in

472 1305 536 1345 se
566 1292 776 1344 cuncta
832 1287 987 1343 bona
1041 1285 1210 1360 gerit,
1245 1285 1548 1358 divinique
1606 1285 1924 1356 cujuslibet
1969 1302 2116 1356 prae-

473 1378 624 1451 cepti
653 1395 754 1434 vas
803 1380 940 1433 est:
1003 1374 1389 1431 seminarium
1429 1375 1557 1431 vita:
1617 1374 1945 1447 spiritualis
1987 1373 2118 1430 uni-

469 1466 715 1524 versale.

543 1557 633 1611 48.
663 1555 921 1611 Breviter
975 1557 1170 1609 autem
1222 1552 1404 1618 vobis,
1441 1551 1707 1607 homines
1760 1551 1881 1618 Dei,
1915 1551 2117 1622 explo-

471 1645 724 1701 randum
753 1647 842 1699 est
865 1643 1128 1711 verbum,
1163 1659 1281 1713 qua
1321 1641 1544 1696 ratione
1575 1641 1730 1696 Deus
1762 1640 2068 1711 inspiravit
2099 1656 2115 1697 :

474 1756 502 1784 «
533 1733 776 1790 Declina
806 1749 839 1786 a
863 1730 1100 1798 malo,et
1131 1731 1218 1785 fac
1241 1731 1484 1786 bonum.
1515 1734 1874 1802 nEcce,gens
1897 1729 2114 1795 divina,

469 1823 684 1879 divitiae.
714 1820 1077 1888 ineffabiles;
1104 1825 1378 1875 mutuum
1405 1818 1640 1874 sumite.
1664 1820 1747 1873 En
1783 1835 1974 1874 mare:
2010 1835 2114 1872 na-

467 1912 664 1986 vigate
715 1928 817 1984 per
865 1909 1006 1965 illud
1044 1909 1144 1981 qui
1201 1909 1432 1964 lucrum
1466 1908 1524 1962 in
1584 1907 1798 1962 divinis
1829 1907 2111 1979 quaaritis.

469 2005 553 2056 En
613 2000 947 2073 scaturigo:
1009 1997 1258 2054 haurite.
1322 1997 1381 2053 Si
1434 2013 1568 2052 vero
1627 2014 1803 2068 parva
1851 2000 2112 2068 apparet,

468 2105 535 2146 eo
594 2090 750 2161 quod
810 2086 1002 2144 brevis
1060 2085 1422 2152 enuntiatur,
1479 2089 1710 2157 gustata
1770 2090 1991 2152 tamen,
2052 2088 2116 2138 ut

467 2178 843 2251 comperistis
895 2193 1000 2232 vos
1059 2176 1233 2231 citius
1290 2191 1418 2231 esse
1457 2174 1790 2247 fatigandos
1823 2174 2111 2242 bibentes,

475 2285 651 2341 quam
683 2268 798 2322 ista
825 2284 839 2334 ;
874 2282 986 2321 non
1011 2270 1236 2320 tantum
1277 2265 1431 2320 enim
1463 2281 1578 2318 non
1606 2262 1851 2332 deﬁciet,
1884 2263 1984 2317 sed
2007 2278 2114 2316 nec

471 2358 791 2412 minuetur.
827 2354 1061 2412 Declina
1119 2371 1152 2408 a
1208 2355 1382 2420 malo,
1441 2351 1660 2424 inquit,
1722 2368 1837 2407 non
1884 2352 1993 2406 hoc
2025 2350 2111 2405 vel

465 2444 590 2513 illo,
623 2461 761 2515 uno,
795 2442 1046 2510 duobus,
1090 2441 1302 2507 tribus,
1354 2445 1627 2512 quatuor,
1663 2439 1953 2512 pluribus,
1989 2439 2113 2508 sed,

465 2550 582 2590 uno
645 2533 843 2600 verbo,
912 2531 1161 2586 cunctis.
1231 2531 1287 2585 Si
1353 2545 1487 2585 vero
1553 2528 1767 2585 locutio
1823 2527 2108 2598 laconica,

462 2621 746 2678 brevitate
793 2624 1120 2687 attenuata,
1155 2618 1415 2691 locuples
1474 2617 1680 2673 dividit
1721 2633 1958 2684 nomen,
1988 2633 2106 2672 non

461 2715 552 2766 est
581 2711 675 2766 hic
729 2708 1102 2781 praedicanda
1154 2706 1561 2780 philosophica
1617 2705 2106 2777 breviloquentia,

462 2815 580 2871 qua
637 2797 964 2870 concipitur
1018 2797 1300 2865 inﬁnitas,
1333 2795 1390 2850 in
1449 2793 1792 2866 huiusmodi
1826 2793 2105 2866 prolatio-

460 2887 638 2942 nibus
669 2891 860 2941 totum
892 2885 1176 2941 dividens.
1209 2884 1313 2940 Hic
1346 2883 1617 2940 similiter
1646 2883 1866 2938 dicitur
1894 2899 1906 2937 :
1947 2902 1967 2929 α
1996 2882 2102 2937 De-

460 2974 613 3030 clina
642 2991 676 3030 a
713 2974 886 3043 malo,
919 2973 1148 3030 declina
1179 2996 1208 3023 ››
1257 2975 1328 3029 ab
1370 2973 1529 3029 omni
1580 2973 1884 3044 pravitate.
1914 2971 2101 3027 Unius

459 3064 622 3120 enim
653 3064 791 3119 mali
822 3065 958 3136 fuga
979 3080 1093 3120 non
1115 3063 1288 3119 habet
1315 3061 1678 3127 laudem,ubi
1710 3059 1925 3116 similia
1945 3060 2103 3116 mala

459 3153 926 3226 ingruunt,sicut
948 3169 1052 3208 nec
1073 3153 1376 3208 exhaustio
1403 3152 1720 3217 cmni,cum
1746 3167 1962 3205 novum
1994 3149 2101 3204 ali-

459 3242 613 3314 quod
641 3240 834 3296 irruit.
868 3240 1143 3311 Declina;
1199 3241 1342 3297 dicit
1388 3240 1496 3296 boc
1545 3245 1828 3310 tanquam
1887 3239 1957 3294 de
1989 3239 2096 3306 via,

457 3347 576 3404 qua
604 3330 792 3386 viator
839 3346 954 3386 non
1015 3331 1214 3398 habet,
1269 3330 1370 3384 ubi
1419 3329 1577 3399 velit,
1636 3329 1829 3384 locum
1882 3327 2097 3400 quietis

456 3419 716 3475 obvium.
763 3419 1010 3476 Gradior
1052 3435 1210 3492 ergo,
1266 3435 1380 3473 non
1422 3418 1595 3489 juxta
1644 3417 1934 3484 virtutem,
1994 3417 2094 3472 sed

453 3524 558 3580 per
604 3509 759 3564 viam
813 3509 1202 3563 abducentem
1251 3508 1322 3562 ad
1369 3506 1611 3562 malum.
1645 3505 1904 3573 Declina,
1937 3507 2092 3578 quod

450 3601 564 3665 est,
614 3596 885 3670 dirumpe
917 3595 1130 3652 lineam
1182 3597 1355 3652 istam
1397 3600 1615 3652 rectam
1650 3600 1707 3650 et
1737 3599 2094 3666 accuratam,

455 3689 513 3741 et
562 3689 717 3741 retro
775 3702 982 3741 versus
1040 3702 1282 3758 sequere
1344 3685 1501 3741 viam
1568 3685 1956 3740 abducentem
2019 3683 2091 3738 ad

447 3774 692 3830 bonum.
731 3775 796 3831 Et
827 3775 907 3830 ita
936 3791 1075 3830 sane
1105 3773 1302 3831 salvus
1333 3773 1471 3830 eris.

521 4041 608 4096 49.
639 4041 796 4096 Hanc
827 4045 1021 4097 autem
1046 4039 1496 4097 declinationem
1533 4043 1810 4114 operatur
1831 4041 2092 4098 efficacia

446 4129 703 4196 virtutis,
738 4130 999 4185 efﬁcacia
1053 4131 1354 4186 charitatis
1412 4131 1526 4186 Deo
1576 4130 1981 4187 convenientis
2035 4136 2092 4188 et

444 4223 717 4290 acceptas,
774 4218 1034 4275 efﬁcacia
1101 4220 1406 4290 justorum
1487 4235 1753 4291 operum,
1831 4220 2091 4275 efﬁcacia

443 4307 842 4380 simplicitatis
897 4312 952 4362 et
1011 4307 1361 4379 prudentiae,
1413 4307 1672 4378 justitia,
1728 4307 1916 4363 virilia
1961 4309 2088 4363 ani-

440 4413 578 4452 mus
609 4397 890 4451 adversus
935 4395 1154 4452 bellum
1205 4396 1584 4464 diabolicum,
1634 4397 1939 4464 veracitas,
1972 4399 2086 4452 mi-

437 4485 780 4553 sericordia,
829 4485 1099 4558 aequitas,
1159 4485 1443 4541 auxilium
1497 4485 1806 4558 egentibus
1856 4486 2083 4558 praesti-

2233 569 2477 644 δύναμις.
2510 575 2606 629 Ἔν
2650 593 2704 626 τι
2754 569 2906 626 δοκεῖ
2950 568 3314 646 παράγγελμα
3340 575 3473 634 θεῖον
3520 571 3639 628 αὐτὸ
3695 576 3824 630 εἶναι·

2230 661 2292 715 τὸ
2351 657 2408 714 δὲ
2449 660 2560 715 ἐστι
2604 661 2670 715 τὰ
2717 661 2908 716 πάντα.
2964 660 3149 732 Τούτῳ
3198 659 3359 733 ἀρετή
3407 665 3543 714 πᾶσα
3594 660 3827 736 ἐγκρέμα.

2229 767 2354 803 ται’
2415 747 2732 825 μισγάγκειά
2813 769 2896 802 τις
2955 745 3114 818 αὕτη,
3173 745 3225 801 ἐν
3378 747 3589 823 σύρροια
3659 754 3827 815 παντὸς

2231 838 2448 914 ἀγαθοῦ.
2495 837 2698 902 Ἐθέλω
2765 836 3028 913 χρυσίτην
3084 835 3252 890 εἰπεῖν
3323 835 3484 890 αὐτό·
3535 834 3729 911 εἷ’ποιμι
3777 840 3824 895 ἃν

2229 927 2401 988 οὕτως
2458 925 2614 982 οὐδὲν
2679 926 2911 1000 ὑψηλόν,
2962 927 3113 980 Ἐστι
3186 929 3316 1001 γοῦν
3375 924 3544 996 πάσης
3597 937 3826 1003 γραφικῆς

2228 1013 2545 1092 χρυσίτιδος
2603 1014 2898 1089 μεταλλεία
2966 1013 3359 1090 ὑπερκάθαρος,
3416 1012 3660 1078 ἐθέλουσα
3727 1015 3826 1073 οῧτι

2227 1110 2356 1182 πῦρ,
2418 1102 2539 1160 οὔτε
2615 1103 2805 1183 φύσας,
2865 1101 2990 1159 οὔτε
3045 1102 3220 1180 χόανα
3288 1103 3424 1178 πρὸς
3498 1102 3823 1179 ἀναχώνευσιν

2228 1196 2404 1270 Δεχάς
2453 1196 2696 1271 Κυριακή
2741 1193 2876 1263 αὕτη
2909 1192 2997 1248 καὶ
3051 1190 3312 1265 δεξαμενὴ
3361 1189 3539 1246 καλῶν
3595 1192 3827 1264 ἁπάντων,

2228 1281 2444 1360 δοχεῖον
2479 1282 2707 1353 ἐντολῆς
2733 1282 2946 1352 ἀπάσης
2995 1281 3162 1350 θείας,
3197 1281 3390 1336 ὁποίαν
3449 1278 3506 1335 ἂν
3564 1278 3695 1337 εἷ’ποι
3737 1303 3824 1345 τις·

2226 1371 2573 1449 πανσπερμία
2601 1373 2964 1445 πνευματική.

2301 1551 2412 1622 μη’.
2447 1549 2548 1606 Καὶ
2578 1547 2688 1604 ἔστι
2748 1546 2838 1603 διὰ
2884 1549 3132 1625 βραχέων
3181 1547 3334 1622 ὑμῖν,
3367 1545 3410 1602 ὦ
3459 1544 3709 1622 ἅνθρωποι
3749 1553 3822 1603 τοῦ

2226 1645 2378 1712 Geo-3,
2430 1641 2783 1716 πειράσασθαι
2830 1645 2928 1694 τοῦ
2971 1639 3296 1716 λεγομένου,
3331 1639 3405 1701 ὡς
3461 1640 3488 1694 ὁ
3543 1640 3663 1701 Θεὸς
3714 1638 3825 1695 οἶδεν

2225 1728 2496 1801 ἐμπνέειν·
2527 1754 2554 1781 ‹‹
2591 1728 2879 1787 Ἐκκλινον
2930 1730 3036 1784 ἀπὸ
3082 1733 3274 1795 κακοῦ,
3314 1728 3408 1783 καὶ
3462 1727 3676 1800 ποίησον
3724 1730 3828 1803 ἀγα-

2225 1818 2339 1880 θόν.
2375 1842 2402 1869 ››
2444 1815 2583 1872 ἰδοὺ
2630 1816 2870 1882 πλοῦτος
2921 1819 3098 1884 οὗτος,
3131 1817 3175 1871 ὦ
3223 1819 3334 1872 θεῖε
3385 1816 3502 1885 λαὲ,
3543 1815 3828 1891 ἀνεκδιήγη-

2222 1926 2337 1970 τοςο
2392 1905 2775 1978 ἐκδανείζεσθε.
2835 1905 2976 1963 Ἰδοὺ
3053 1905 3319 1978 θάλασσα,
3370 1908 3459 1962 καὶ
3534 1905 3708 1963 πλὲετι
3771 1906 3827 1963 δι’

2223 1996 2410 2066 αὐτῆς,
2471 1998 2522 2050 οἱ
2577 1997 2644 2050 τὰ
2720 2003 2838 2060 θεῖα
2916 1994 3280 2075 φιλοκερδεῖς.
3346 1994 3484 2053 Ἰδοὺ
3546 2000 3703 2073 πηγὴ,
3754 1998 3825 2052 καὶ

2223 2083 2468 2160 ἀρύεσθε.
2503 2084 2561 2139 Εἰ
2613 2083 2670 2140 δὲ
2717 2086 2950 2162 βραχεῖα
2995 2085 3374 2164 προφαίνεται,
3425 2085 3506 2140 ὅτι
3562 2087 3642 2140 καὶ
3694 2085 3826 2161 ὀλίγη

2222 2174 2570 2251 προφέρεται,
2619 2173 2766 2229 ἀλλὰ
2822 2175 3101 2249 γεύσασθε,
3145 2172 3237 2228 ⁹ίνα
3291 2180 3490 2250 γνῶτε,
3541 2176 3610 2237 ὡς
3671 2177 3828 2230 θᾶττον

2223 2259 2282 2316 ἃν
2314 2264 2635 2336 ἀποκάμητε
2670 2264 2822 2337 ὑμεῖς
2877 2264 3147 2332 πίνοντες,
3196 2260 3343 2338 ἤπερ
3402 2263 3534 2332 αὐτή
3583 2263 3643 2318 οὐ
3690 2264 3824 2336 μόνον

2223 2350 2322 2406 οὐκ
2371 2350 2661 2426 ἐπιλείψει,
2713 2350 2837 2406 ἀλλ’
2896 2351 3024 2407 οὐδὲ
3079 2351 3536 2423 ἐλαττωθήσεται.
3580 2349 3824 2407 Ἕκκλινον

2223 2441 2327 2494 ἀπὸ
2384 2445 2573 2513 κακοῦ,
2627 2441 2812 2519 φησὶν,
2873 2443 2936 2496 ού
2993 2439 3154 2496 τοῦδε
3202 2441 3238 2510 ἢ
3294 2440 3531 2511 ἐκείνου,
3572 2446 3661 2495 τοῦ
3711 2442 3826 2509 ἑνὸς,

2219 2529 2324 2582 τῶν
2376 2527 2494 2596 δύο,
2524 2535 2632 2584 τῶν
2680 2535 2870 2605 τριῶν,
2917 2535 3022 2585 τῶν
3063 2532 3366 2605 τεσσάρων,
3415 2532 3518 2585 τῶν
3573 2529 3825 2599 πλειόνων,

2218 2615 2365 2672 ἀλλὰ
2395 2617 2470 2680 εἷς
2501 2617 2554 2672 ’ἐν
2605 2618 2795 2686 εἰπεῖν,
2829 2617 3100 2674 ἁπάντων.
3134 2619 3194 2673 Εἰ
3228 2616 3286 2674 δὲ
3341 2623 3376 2688 ἡ
3417 2620 3604 2698 φράσις
3649 2618 3828 2694 ἴσχναι·

2215 2709 2416 2780 νομὲνη
2493 2713 2559 2782 τῇ
2643 2708 2987 2785 βραχυλογίᾳ
3055 2709 3329 2784 μερικεύει
3390 2712 3452 2766 τὸ
3505 2709 3828 2764 πλουτοποιὸν

2217 2791 2412 2870 ὄνομα,
2471 2796 2569 2852 οὐκ
2627 2796 2766 2853 ἔστιν
2821 2797 3044 2853 ἐνταῦθα
3097 2798 3569 2874 παρρησιάσασθαι
3626 2819 3827 2873 σμικρο-

2215 2882 2408 2959 λογίαν
2460 2884 2782 2965 φιλόσοιρον,
2832 2885 2902 2941 δι’
2949 2890 3014 2956 ἧς
3061 2891 3096 2956 ἡ
3140 2888 3398 2962 ἁοριστία
3451 2886 3826 2955 ὑπονοεῖται,ίν

2211 2980 2329 3030 ταῖς
2361 2975 2635 3038 τοιαύταις
2694 2974 2996 3054 προφοραῖς
3039 2975 3406 3050 μερικεύουσα
3451 2979 3546 3045 τήν
3602 2974 3824 3045 ὁλότητα.

2211 3063 2445 3136 ’Όμοιόν
2495 3062 2635 3118 ἐστιν
2677 3064 2903 3128 ἐνταῦθα
2945 3064 3134 3120 εἰπεῖν.
3168 3064 3468 3121 ’Ἐκκλινον
3518 3065 3617 3119 ἀπὸ
3668 3067 3826 3131 κακοῦ,

2212 3147 2458 3205 ἔκκλινον
2514 3153 2619 3206 ἀπὸ
2674 3153 2854 3221 πάσης
2912 3150 3276 3230 φαυλότητος.
3344 3153 3499 3215 Ἑνὸς
3555 3154 3652 3227 γὰρ
3716 3154 3825 3206 diro-

2131 3226 2174 3293 C
2212 3242 2352 3317 φυγὴ
2410 3245 2578 3295 κακοῦ
2636 3241 2735 3296 ούκ
2784 3239 2844 3296 ἃν
2903 3236 3028 3317 ἔχοι
3087 3235 3336 3307 ἔπαινον,
3376 3240 3466 3296 ὅτε
3519 3242 3584 3296 τὰ
3632 3245 3825 3315 συγγενῆ

2207 3331 2627 3405 ἁντεισέρχεται,
2673 3331 2808 3385 καθα
2861 3329 2986 3386 οὐδὲ
3045 3329 3367 3402 ἐξάντλησις
3429 3326 3709 3407 βορϐόρου,
3754 3328 3826 3382 ὅτε

2203 3414 2385 3492 ἕτερος
2445 3418 2725 3493 ἐπεισρέει.
2790 3417 3103 3488 Ἕκκλινοι,
3172 3419 3334 3496 φησὶ,
3392 3424 3572 3488 τοῦτο,
3634 3419 3701 3480 ὡς
3755 3416 3827 3471 ἐπὶ

2205 3502 2356 3578 ὁδοῦ,
2414 3508 2476 3576 ἣν
2529 3507 2556 3561 ὁ
2617 3504 2854 3582 βαδίζων
2906 3507 3005 3563 οὐκ
3051 3507 3441 3582 ἐπιτυγχάνειν
3470 3504 3586 3582 ἔχει
3616 3508 3674 3562 οὗ
3704 3505 3825 3570 θὲλει

2203 3595 2608 3670 καταλύματος.
2669 3595 2878 3667 Βαδίζω
2933 3596 3048 3664 οὖν,
3094 3598 3280 3676 φησὶν,
3336 3598 3399 3652 ού
3460 3599 3592 3653 κατᾶ
3636 3597 3825 3672 ἀρετὴν,

2203 3683 2349 3740 ἀλλὰ
2375 3686 2473 3755 τὴν
2522 3682 2829 3761 ἀπάγουσαν
2884 3685 2971 3740 ἐπὶ
3025 3687 3087 3741 τὸ
3143 3686 3331 3743 κακόν.
3383 3684 3826 3759 Ἕκκλινον,8περ

2201 3771 2335 3842 ἐστὶ,
2369 3773 2902 3845 κατακλάσθητιτῆς
2948 3774 3203 3845 τοιαύτης
3254 3774 3429 3850 ὀρθῆς
3479 3777 3566 3830 καὶ
3619 3774 3823 3840 εὐθείας,

2201 3863 2291 3918 καὶ
2349 3862 2654 3938 πλαγιάσας
2696 3869 2853 3940 γενοῦ
2898 3872 2998 3934 τῆς
3042 3863 3364 3938 ἁπαγούσης
3412 3865 3488 3928 εἷς
3518 3865 3581 3920 τὸ
3639 3863 3826 3940 ἀγαθόν.

2201 3952 2302 4006 Καὶ
2333 3952 2476 4006 οὕτω
2507 3949 2718 4021 δηλαδή
2755 3955 2999 4028 σωθήσῃ.

2276 4042 2378 4114 μΘ’.
2414 4047 2569 4097 Ποιεῖ
2599 4039 2655 4096 δὲ
2685 4042 2782 4110 τήν
2811 4041 3067 4113 τοιαύτην
3120 4039 3364 4098 ἔκκλισιν
3398 4045 3433 4112 ἡ
3489 4043 3623 4098 κατὰ
3662 4039 3829 4117 ἀρετὴν

2201 4129 2532 4206 ἒνὲργεια,ἡ
2588 4131 2722 4186 κατὰ
2774 4133 2988 4206 ἀγάπην
3049 4137 3165 4204 Θεῷ
3223 4133 3537 4205 πρέπουσαν
3592 4131 3677 4186 καὶ
3723 4127 3827 4202 ἀρε·

2198 4241 2448 4288 σκουσαν,
2481 4223 2516 4290 ἡ
2573 4222 2709 4275 κατὰ
2765 4218 3202 4296 δικαιοπραγίαν,
3235 4224 3270 4291 ἡ
3332 4223 3473 4278 κατὰ
3522 4223 3583 4277 τὸ
3641 4220 3829 4286 ἀπονή-

2198 4311 2464 4385 ρευτον,ἡ
2497 4309 2633 4364 κατὰ
2681 4309 2743 4364 τὸ
2803 4315 3042 4388 σῶφρον,
3072 4313 3106 4380 ἠ
3169 4308 3516 4382 δικαιοσύνη,
3564 4311 3623 4365 τὸ
3671 4306 3827 4381 ὁῑνδρί⁹

2199 4400 2373 4467 ζεσθαι
2429 4399 2563 4453 κατᾶ
2619 4397 2868 4472 πολέμου
2943 4397 3289 4473 δαιμονικοῦ,
3343 4403 3408 4457 τὸ
3477 4401 3824 4471 ἀληθίζεσθαι,

2191 4488 2254 4542 τὸ
2286 4486 2476 4556 ἆλειῖν,
2509 4488 2571 4543 τὸ
2628 4485 3059 4564 δικαιοπραγεῖν,
3101 4492 3162 4545 τὸ
3235 4491 3459 4565 βοηθεῖν
3514 4497 3628 4551 τοῖς
3673 4486 3823 4543 ἐνδεέ-

435 4578 588 4642 tum,
649 4576 804 4648 quod
865 4575 1042 4630 etiam
1101 4579 1190 4630 est
1241 4574 1652 4630 misericordiae
1702 4590 1925 4646 genus;
1969 4591 2080 4628 non

2209 4597 2297 4647 rw,
2329 4576 2356 4630 ὃ
2382 4577 2471 4630 καὶ
2528 4577 2658 4630 αὐτὸ
2715 4574 2873 4632 ἐλὲου
2929 4576 3067 4639 εἶδός
3128 4579 3260 4634 ἐστι’
3292 4581 3357 4634 τὸ
3392 4580 3472 4652 μή
3503 4576 3822 4654 περιεργάζει

432 4663 690 4720 inaniter
725 4670 782 4720 et
813 4664 1040 4719 curiose
1097 4669 1383 4735 satagere,
1440 4679 1574 4720 cum
1633 4680 1782 4735 opus
1813 4668 1902 4718 est
1937 4663 2079 4718 sim-

435 4752 718 4825 plicitate,
772 4753 1186 4809 conventiones
1246 4753 1306 4808 in
1369 4753 1610 4807 veritate
1662 4751 1834 4807 sicuti
1883 4768 2078 4808 coram

432 4841 550 4897 Deo
618 4843 892 4914 signare;
958 4841 1256 4898 custodire
1342 4839 1677 4896 indelebilis
1755 4842 1812 4895 in
1887 4842 2080 4898 veraci

432 4929 652 4998 anima,
705 4947 1066 5004 quaecunque
1127 4931 1488 4997 scribuntur,
1537 4935 1595 4985 et
1640 4930 1724 4985 sic
1778 4945 1891 4984 non
1952 4930 2077 4984 fru-

431 5022 556 5074 stra
613 5020 805 5075 crucis
863 5035 1154 5092 apponere
1212 5027 1436 5092 typum,
1504 5024 1560 5073 et
1643 5017 1844 5090 aliquo
1905 5019 2076 5074 modo

429 5107 623 5164 dicere
685 5107 847 5164 velut
905 5108 1084 5164 olim:
1152 5131 1180 5158 «
1238 5107 1423 5175 Tolle,
1477 5108 1752 5179 cruciﬁge
1790 5108 1810 5142 ⁷
1872 5128 1900 5156 n
1960 5107 2072 5162 fra-

425 5201 566 5264 tres,
638 5214 785 5270 quos
873 5198 1204 5252 venerando
1291 5198 1484 5253 crucis
1551 5195 1849 5266 signaculo
1919 5197 2074 5252 deci-

423 5285 671 5357 pimus;
733 5303 848 5342 non
900 5286 1114 5341 inferre
1179 5286 1464 5341 damnum
1524 5285 1645 5340 sive
1705 5301 1807 5357 per
1862 5302 2070 5340 novam

420 5374 798 5446 injustitiam,
868 5375 990 5430 sive
1074 5392 1188 5430 non
1274 5375 1583 5431 reddentes
1651 5373 2069 5441 concreditum,

419 5461 538 5519 sive
569 5463 760 5520 mutui
820 5463 939 5520 sive
994 5462 1245 5536 depositi
1303 5462 1489 5535 titulo,
1521 5463 1641 5519 sive
1694 5462 1765 5518 ad
1812 5461 2070 5534 aliquem

489 5675 509 5713 ¹¹
544 5674 710 5733 Joan.
734 5693 855 5748 nx,
894 5678 978 5734 15.

2193 4677 2334 4734 σθαι,
2397 4666 2534 4720 ὅπου
2580 4667 2768 4740 καιρὸς
2827 4663 3160 4736 ἁπλότητος,
3191 4668 3253 4722 τὸ
3301 4663 3820 4742 συμϐολαιογραφεῖν

2189 4755 2325 4826 πρὸς
2376 4751 2634 4824 ἀλήθειαν
2691 4754 2763 4815 ὡς
2813 4753 3043 4809 ἐνώπιον
3092 4760 3246 4824 Θεοῦ,
3279 4756 3371 4810 καὶ
3415 4754 3696 4835 φυλάττειν
3750 4754 3825 4806 ἁνο

2189 4841 2476 4912 εξάλειπτα
2525 4841 2602 4923 ἐν,
2638 4841 2977 4917 ἁληθιυούσῃ
3019 4847 3198 4920 ψυχῇ,
3267 4842 3368 4898 ὅσα
3415 4847 3699 4923 γράφεται,
3745 4841 3820 4923 καί

2192 4923 2266 4995 μὴ
2316 4923 2490 4994 μάτην
2543 4922 2686 4977 οὕτω
2739 4925 3021 4996 σταυρικὸν
3071 4923 3238 4979 τύπον
3284 4919 3820 5000 προϐάλλεσθαι,καῖ

2187 5008 2329 5064 οὕτω
2380 5009 2580 5085 τρόπον
2636 5011 2754 5066 τινὰ
2811 5009 2985 5087 λέγειν
3046 5013 3136 5068 καὶ
3192 5015 3339 5088 ἡμᾶς
3375 5031 3388 5046 ·
3448 5019 3630 5090 Ἀρον,
3685 5014 3820 5087 ἆρον,

2186 5099 2495 5174 σταύρωσον
2531 5099 2658 5164 τοὺς
2702 5098 2992 5180 ἀδελφοὺς,
3041 5103 3135 5166 οὓς
3186 5105 3479 5177 ἁπατῶμεν
3536 5108 3614 5174 τῷ
3663 5100 3817 5173 τιμίῳ

2184 5194 2460 5264 σταυρικῷ
2505 5185 2884 5264 προϐλήματιο
2928 5190 2990 5246 τὸ
3042 5193 3116 5264 μὴ
3173 5195 3490 5269 ἀποστερεῖν
3543 5191 3643 5248 εἷ’τε
3698 5188 3816 5244 κατᾶ

2184 5279 2418 5355 ἑτεροίαν
2481 5277 2849 5350 ἁδικίανμιῖίτε
2884 5283 2959 5355 μὴ
3015 5280 3374 5346 ἀποδιδόντας
3435 5285 3496 5339 τὸ
3558 5277 3814 5356 λαμϐανό-

2187 5391 2365 5444 μενον,
2427 5367 2534 5423 sifts
2590 5370 2725 5446 πρὸς
2779 5367 3008 5440 δάνειον,
3070 5370 3176 5427 εἶ’τε
3256 5374 3588 5448 παραθήκης
3661 5370 3811 5443 λόγῷ,

2182 5457 2289 5514 εἴτε
2369 5458 2504 5535 πρὸς
2585 5458 2774 5535 χρείαν
2833 5462 2993 5515 τινάο
3047 5461 3111 5517 τὸ
3173 5463 3246 5536 μὴ
3294 5462 3671 5536 παρασπᾶσθαι
3721 5463 3810 5532 γῆν
