4114 6200
241 411 342 471 621

237 539 540 616 ἀλλοτρίαν,
572 540 657 594 καὶ
716 539 888 608 αὐτὴν
940 540 1081 612 μήτε
1113 537 1418 608 ἰδιωτικὴν,
1467 540 1546 610 τῷ
1591 535 1751 590 παντί
1809 531 1859 588 δὲ

1978 553 2192 605 usum;
2225 554 2340 594 non
2372 538 2622 594 alienam
2671 536 2927 609 arripere
2981 538 3197 592 terram
3248 533 3368 590 sive
3430 533 3625 605 priva-

236 632 411 700 πλέον,
446 628 583 705 μηδὲ
612 628 994 708 ἀφωρισμένην
1023 630 1140 690 τοὶς
1173 629 1366 705 ἱεροῖς.

297 811 355 868 ν’.
389 813 563 867 Τοῦτο
621 805 686 876 δὴ
747 809 810 862 τὸ
866 805 1230 880 ἱεροσυΛικόν.
1278 808 1394 882 Χρὴ
1447 807 1552 881 γὰρ
1614 803 1862 877 ἐνθυμεῖ.

236 903 341 954 σθαι
369 899 434 953 τὰ
489 897 634 974 παρὰ
690 903 808 958 τοῖς
863 895 1102 967 Ἕλλησι
1161 897 1382 970 τεμένη,
1437 894 1610 949 ὁπόσα
1675 893 1866 949 ἐκεῖνοι

236 989 320 1062 μὲν
349 983 598 1064 ἀφιέρουν
649 983 926 1059 δαίμοσιν
987 987 1038 1040 οἱ
1083 983 1140 1040 δὲ
1201 986 1326 1040 αὐτὸ
1371 983 1593 1050 εἰδότες,
1645 980 1868 1057 ὄμματα

234 1072 383 1149 μὸνον
443 1075 756 1153 ἕπαφιέντες
810 1074 1036 1143 αὐτοῖς,
1091 1076 1164 1138 ὡς
1224 1075 1298 1137 εἷς
1355 1074 1474 1138 θέαν
1534 1073 1712 1138 ἁπλῆν
1762 1073 1868 1130 εἷίτε

229 1166 308 1220 καὶ
365 1170 562 1238 θαῦμα,
612 1162 784 1227 πόδας
833 1164 931 1218 οὐκ
973 1159 1299 1236 ἐπέϐαλλον,
1352 1163 1498 1219 ἀλλᾶ
1527 1165 1864 1240 παρέτρεχον

229 1252 480 1324 εὐλαϐῶς,
544 1257 632 1310 γαῖ
699 1256 772 1317 ὡς
840 1255 997 1310 αὐτοὶ
1044 1254 1321 1328 ἐνόμιζον,
1379 1255 1740 1330 ἱεροπρεπῶς.
1802 1256 1864 1311 Εἰ

229 1345 278 1401 δέ
304 1367 360 1422 γε
389 1343 573 1407 ἄλλως
607 1343 890 1413 ἐποίησαν,
951 1343 1098 1420 εἶχεν
1157 1343 1217 1397 ἃν
1250 1343 1444 1404 αὑτοὺς
1485 1343 1720 1416 νόμιμος
1751 1350 1866 1406 τοῖς

226 1439 333 1491 τότε
361 1438 610 1499 θάνατος.
646 1435 716 1488 Τὸ
745 1435 802 1488 δὲ
836 1438 1044 1505 μεῖζον·
1079 1434 1171 1487 καὶ
1227 1430 1410 1487 ἄνετον
1467 1434 1618 1502 ζώων
1672 1433 1866 1508 ἀγέλαι

225 1531 328 1586 τοῖς
355 1523 631 1586 τοιοὺτοις
661 1523 1007 1598 ἐνετρέφοντο
1027 1523 1496 1595 τεμενίσμασι,καὶ
1525 1526 1658 1592 ἦσαν
1693 1521 1865 1579 ἄσυλα

225 1616 304 1670 καὶ
341 1614 490 1670 αὑτά·
524 1614 620 1668 καὶ
647 1615 909 1690 πρότερον
944 1613 1003 1666 ἃν
1035 1611 1304 1689 κατέφαγέ
1347 1634 1428 1675 τις
1472 1610 1611 1667 ἰδίαν
1671 1615 1862 1688 σάρκα,

227 1707 352 1782 ἤπερ
383 1705 606 1760 ἐκείνων
637 1703 839 1778 ἥψατο.

1228 407 1310 468 ΙΝ
1351 405 1416 468 S.
1459 402 2149 476 QUADRAGESIMAM
2193 403 2491 467 ORATIO
2533 406 2612 466 Π.

3506 401 3629 461 622

1978 633 2120 697 tam,
2151 629 2291 698 sive,
2323 631 2478 701 quod
2518 629 2759 686 omnino
2812 629 3044 700 gravius
3100 631 3207 694 est,
3251 624 3436 682 sacris
3464 625 3626 682 dica-

1976 722 2120 774 tam.

2048 810 2136 863 50.
2171 809 2287 864 Hoc
2319 825 2458 864 sane
2507 808 2879 880 sacrilegium
2940 810 3049 862 est.
3109 806 3350 878 Oportet
3376 804 3532 860 enim
3563 803 3626 860 in

1979 910 2172 960 mente
2203 907 2416 962 habere
2446 907 2600 978 quod
2634 906 2787 977 apud
2821 905 3049 960 Grecos
3081 921 3148 959 ea
3187 903 3311 959 loca
3343 907 3484 958 sunt
3531 920 3624 958 sa-

1979 1011 2230 1066 cra,quae
2247 995 2601 1065 ubicumque
2631 994 2996 1048 daemonibus
3029 991 3520 1047 dedicabant.Hoc
3535 1008 3629 1048 ve-

1978 1100 2039 1139 ro
2069 1083 2340 1151 scientes,
2374 1083 2573 1138 oculos
2604 1087 2926 1149 tantum,ut
2958 1083 3027 1136 ad
3052 1081 3381 1154 simplicem
3425 1082 3621 1137 visum

1978 1177 2078 1228 aut
2118 1173 2597 1240 admirationem,
2621 1173 2678 1226 in
2701 1189 2768 1226 ea
2789 1170 3184 1241 conjicientes,
3206 1171 3381 1242 pedes
3402 1169 3481 1225 ibi
3506 1187 3624 1225 non

1977 1263 2292 1334 ponebant,
2323 1265 2420 1319 sed
2449 1261 2736 1334 religiose,
2784 1265 2859 1329 et,
2885 1260 3038 1316 sicut
3060 1260 3171 1330 ipsi
3200 1259 3508 1330 putabant,
3535 1275 3625 1314 re-

1975 1351 2087 1406 bus
2118 1351 2299 1407 sacris
2331 1356 2721 1423 congruenter
2749 1349 3102 1404 transibant.
3135 1347 3315 1402 Aliter
3344 1352 3541 1403 autem
3573 1349 3626 1403 si

1975 1440 2270 1508 fecissent,
2305 1442 2478 1496 morti
2510 1445 2649 1494 tunc
2693 1439 2921 1511 legibus
2953 1437 3206 1510 probatae
3240 1436 3489 1492 fuissent
3519 1438 3625 1492 ob-

1977 1530 2152 1584 noxii.
2187 1530 2304 1586 Hoc
2335 1534 2528 1585 autem
2581 1530 2812 1597 majus:
2875 1533 3137 1582 errantes
3195 1525 3376 1580 libere
3421 1542 3628 1598 greges

1977 1618 2324 1673 animalium
2353 1619 2412 1674 in
2448 1618 2666 1673 talibus
2704 1617 3150 1672 enutriebantur
3178 1615 3540 1681 nemoribus,
3572 1620 3631 1671 et

1975 1707 2103 1778 ipsa
2134 1711 2299 1762 erant
2329 1705 3028 1777 inviolabiliazpotiusque
3058 1703 3354 1776 propriam
3413 1702 3628 1774 aliqui

1975 1795 2389 1850 manducasset
2406 1811 2662 1861 carnem,
2683 1809 2857 1866 quam
2878 1793 2934 1846 in
2958 1791 3057 1847 illa
3070 1808 3310 1847 manum
3336 1791 3625 1862 injeciset.

287 1884 375 1937 να’.
408 1883 518 1938 Νῦν
578 1879 635 1936 δὲ
685 1881 1047 1945 ἀποθεοῦσθαι
1105 1878 1396 1954 δοκοῦμεν,
1456 1883 1501 1935 εί
1560 1883 1626 1936 τὰ
1655 1879 1859 1952 ἐκκλη-

2043 1884 2133 1938 51.
2167 1883 2332 1938 Nunc
2354 1888 2548 1938 autem
2574 1883 2937 1955 apotheosim
2965 1881 3314 1953 participare
3333 1880 3625 1950 videmur,

227 1972 453 2026 σιαστικᾶ
503 1970 897 2047 νοσφιζόμεθα.
961 1969 1140 2032 Πολὺς
1197 1969 1250 2024 ἐν
1302 1973 1437 2042 ἡμῖν
1489 1971 1516 2024 ὁ
1558 1969 1719 2046 λόγος
1774 1969 1858 2025 τό·

226 2061 316 2116 Καὶ
369 2061 420 2114 τί
482 2057 706 2130 δήποτα
758 2061 786 2113 ὁ
831 2059 962 2120 Θεὸς
1017 2059 1107 2112 καὶ
1139 2059 1191 2113 οἱ
1238 2063 1334 2113 τοῦ
1365 2063 1498 2114 Θεοῦ
1557 2060 1705 2134 ἅγιοι
1755 2063 1862 2113 τῶν

223 2149 464 2205 τοιούτων
499 2146 740 2214 δέονται,
793 2149 843 2202 οἳ
896 2149 1034 2220 μήτε
1076 2148 1403 2223 σπείροντες,
1454 2149 1592 2221 μήτε
1621 2149 1863 2222 θερίζον-

223 2251 317 2298 τες,
377 2232 514 2302 μήτε
569 2228 893 2304 τρώγοντες,
957 2229 1096 2300 μήτε
1142 2229 1430 2297 πίνοντες;
1472 2228 1535 2283 Εἰ
1584 2225 1641 2282 δὲ
1697 2229 1859 2303 χάριν

225 2317 389 2374 ἄλλων
421 2325 619 2390 ταῦτα,
647 2317 740 2373 ’ίνα
770 2319 820 2372 οἱ
848 2318 1099 2388 πένητες,
1157 2320 1336 2396 φασὶν,
1397 2318 1456 2373 ἐκ
1512 2323 1620 2373 τῶν
1675 2317 1862 2372 τοιοὺ-

222 2429 317 2462 των
344 2407 786 2486 ἄποτρέιρωνται,
835 2403 954 2461 ἰδοὺ
1002 2409 1166 2479 ἡμεῖς
1198 2409 1439 2482 πτωχοὶ,
1472 2407 1534 2462 οὑ
1570 2407 1862 2479 καθέξομεν

223 2496 340 2550 αὑτὰ
368 2496 454 2551 καὶ
514 2495 869 2570 θρεψόμεθα;
929 2500 995 2549 Ὦ
1032 2494 1258 2550 ἐλεεινοὶ
1316 2501 1556 2550 τοιοῦτοι
1607 2493 1858 2573 ἀδελφοί’

225 2586 309 2642 οὑκ
378 2584 591 2654 οἴδατε,
661 2591 794 2642 Θεοῦ
868 2585 956 2641 καὶ
1024 2591 1134 2640 τῶν
1204 2588 1360 2641 θείων
1418 2588 1857 2658 κατα-παίζοντες’

225 2673 338 2730 οὐδὲ
394 2675 736 2749 ἐνθυμεῖσθε,
809 2675 1062 2747 μείζονας
1119 2673 1339 2736 ἑαυτοὺς
1395 2680 1491 2729 τοῦ
1548 2681 1682 2730 Θεοῦ
1739 2688 1864 2739 καθ-

229 2770 478 2835 ιστῶντες,
541 2763 694 2838 εἷ’πιρ
732 2763 886 2834 ὑμεῖς
932 2764 1026 2835 μὶν
1078 2763 1546 2837 ἀποχαρισάμενοι
1588 2764 1656 2818 τὰ
1701 2762 1860 2830 δῆθεν

227 2852 438 2929 ὑμέτερα
463 2852 662 2931 φίλοις
701 2850 737 2920 ἢ
793 2851 1098 2926 συγγενέσιν
1127 2851 1161 2920 ἢ
1221 2849 1409 2914 ἄλλως
1468 2851 1712 2924 οἰκείοις,
1741 2851 1863 2908 οὔτε

226 2941 406 3015 θέλετε,
453 2940 588 2998 οὔτε
645 2939 872 3004 δύνασθε
920 2940 1072 3004 αὖθις
1127 2939 1260 2994 αὐτὰ
1305 2943 1598 3010 κτήσασθαι
1660 2939 1864 2996 ἀναλα-

227 3025 449 3103 ϐόμενοιο
479 3031 547 3085 τὸ
589 3029 708 3102 μὲν,
756 3030 847 3083 ’ἱνα
880 3031 954 3101 μή
998 3025 1212 3103 ψευδεῖς
1244 3029 1495 3103 φανείητε
1547 3031 1634 3084 καὶ
1697 3028 1865 3086 ἄστα-

223 3141 294 3175 τοι
321 3122 404 3176 καὶ
432 3119 544 3176 παλ
560 3114 804 3193 ίμϐολει,
834 3119 896 3174 τὸ
928 3117 1006 3188 δὲ,
1039 3117 1121 3172 ὅτι
1153 3119 1405 3172 πτοεῖσθε
1459 3119 1549 3172 τὸν
1582 3121 1649 3174 τὰ
1677 3125 1862 3174 τοιαῦ-

225 3230 279 3264 τα
303 3209 607 3279 κολάζοντα
634 3207 802 3281 νόμον
852 3208 939 3262 καὶ
971 3209 1036 3261 τά
1078 3207 1129 3278 ἐξ
1180 3205 1343 3261 αὑτοῦ
1397 3207 1678 3280 τίμηὴμα·
1711 3209 1778 3263 τὰ
1808 3206 1864 3263 δὲ

225 3304 290 3370 τῷ
316 3305 423 3372 Θεῷ
450 3302 543 3356 καὶ
582 3305 701 3360 τοῖς
750 3297 919 3373 ἁγίοις
961 3297 1125 3352 αὑτοῦ
1174 3299 1611 3373 ἁποχαρισθέντα
1659 3311 1862 3374 καθαρ-

225 3391 478 3459 πάζοντες,
550 3389 622 3444 οὑ
692 3387 972 3462 λογίζεσθε
1023 3388 1366 3462 παροργίζειν
1427 3387 1688 3456 ἐκείνους,
1738 3387 1864 3444 οὐδὲ

230 3476 520 3544 εὐλαϐεῖσθε
589 3475 932 3548 δικαιοτάτην
993 3475 1220 3550 ἄμυναν·
1283 3475 1429 3531 ἀλλὰ
1455 3478 1554 3545 τὴν
1587 3482 1683 3532 τοῦ
1728 3483 1862 3533 Θεοῦ

229 3567 779 3645 σιλανθρωπίαν,δσα
826 3565 913 3620 καὶ
974 3563 1170 3619 ἀσπίδα
1247 3565 1467 3641 στερρὰν
1545 3563 1858 3638 ὑποδύντες,

227 3658 482 3727 τοξάζεσθε
509 3657 655 3713 κατὰ
683 3661 788 3710 τῶν
840 3655 1008 3709 αὑτοῦ
1057 3655 1245 3729 ἱερέων
1296 3655 1385 3708 καὶ
1437 3655 1620 3728 ἱερῶν.
1653 3655 1859 3730 Εὑχοί-

223 3747 358 3815 μεθα,
394 3747 466 3819 μὴ
509 3743 684 3801 πάλιν
745 3742 1152 3816 ἐκθυμώσωμεν
1212 3741 1394 3800 αὐτόν.
1455 3743 1518 3800 Εἰ
1569 3745 1670 3818 γάρ
1729 3743 1857 3799 αὑτὸ

220 3833 462 3906 γένηται,
522 3833 654 3889 τότε
725 3833 1027 3905 μαθήσεσθε
1104 3833 1194 3886 ἀπ’
1251 3831 1426 3887 αὑτῶν
1485 3829 1677 3907 ἔργων,
1741 3834 1856 3894 οἷος

217 3923 391 3989 ἐκεῖνος
421 3929 520 3996 τήν
589 3923 973 4001 ἀγανάκτησιν·
1031 3923 1090 3985 ’ὸς
1122 3925 1359 4000 καθάπερ
1413 3923 1472 3979 οὑ
1523 3923 1674 4002 φιλεῖ
1727 3922 1856 3978 κλε-

219 4014 485 4086 πτόμενος,
520 4013 702 4075 οὕτως
738 4010 864 4067 οὐδὲ
893 4012 1292 4088 ἁρπαζόμενος.
1325 4017 1428 4067 Τοῦ
1470 4013 1672 4085 Κυρίου
1705 4015 1738 4083 ἡ
1783 4021 1850 4089 γῆ

224 4102 299 4155 καὶ
325 4105 382 4158 τὸ
410 4103 701 4178 πλήρωμα
731 4101 917 4170 αὐτῆς·
951 4100 1123 4177 ἐχέτω
1154 4102 1244 4156 οῦν
1273 4098 1646 4170 ἓκάστοςβσον
1675 4103 1852 4157 θεόθεν

222 4185 411 4260 ἔλαϐεν,
437 4191 535 4246 ’ίνα
575 4190 652 4262 μὴ
684 4187 883 4245 ἀδικῶν
918 4189 979 4244 οὐ
1010 4189 1168 4244 πάθοι
1203 4188 1474 4264 εὐλογίαν.

283 4273 366 4335 νϐ’.
419 4279 580 4338 Ἀλλ’
631 4279 761 4354 ὅπερ
816 4278 1103 4355 ὶλέγομεν,
1169 4284 1338 4349 ποιεῖ,
1391 4277 1628 4334 ἔκκλισιν
1686 4287 1854 4336 κακοῦ

225 4367 297 4418 καὶ
349 4369 407 4422 τὸ
429 4367 895 4445 ἀσυκοφάντητον,
952 4366 1040 4421 καὶ
1070 4366 1131 4420 τὸ
1188 4362 1438 4444 ἀδλάσερη
1453 4388 1576 4439 μον,
1608 4368 1697 4422 καὶ
1737 4371 1771 4438 ἡ
1801 4369 1853 4425 ἐν

227 4449 378 4510 δέοντι
407 4456 655 4532 εὐλογία,
705 4456 794 4511 καὶ
851 4457 913 4510 τὸ
970 4457 1044 4529 μὴ
1097 4461 1527 4531 καταμαρτυρεῖν
1578 4456 1664 4512 ἰπὶ
1721 4458 1850 4533 ψεύ-

230 4539 346 4612 δεσι,
376 4548 458 4600 καὶ
488 4547 553 4600 τὸ
582 4547 793 4621 χαίρειν
829 4545 964 4618 μετὰ
992 4549 1097 4599 τῶν
1129 4544 1212 4599 ἐπ’
1262 4545 1484 4618 ἀγαθοῖς
1518 4547 1850 4621 χαιρόντων,

1977 1972 2026 2026 si
2055 1970 2448 2028 ecclesiastica
2480 1971 2898 2043 subripiamus.
2935 1969 3157 2024 Multus
3190 1969 3343 2024 inter
3370 1985 3477 2024 nos
3510 1969 3626 2024 hu-

1969 2062 2228 2133 jusmodi
2257 2077 2486 2117 sermo:
2521 2060 2736 2130 Ecquid
2796 2060 2912 2114 Deo
2973 2059 3188 2130 Deique
3247 2057 3488 2123 sanctis,
3523 2058 3626 2128 qui

1975 2166 2163 2222 neque
2195 2157 2418 2216 serunt,
2451 2166 2641 2220 neque
2700 2152 2952 2217 metunt,
3004 2161 3193 2218 neque
3242 2147 3623 2216 manducent,

1977 2255 2167 2310 neque
2198 2239 2428 2308 bibunt,
2489 2237 2707 2293 talibus
2739 2253 2886 2308 opus
2913 2235 3040 2290 est?
3095 2234 3150 2288 Si
3211 2240 3446 2306 propter
3475 2233 3619 2290 alios

1973 2331 2164 2382 autem
2196 2328 2311 2382 ista
2341 2334 2499 2393 sunt,
2535 2331 2598 2381 ut
2629 2331 2886 2397 egentes,
2922 2324 3219 2398 inquiunt,
3265 2340 3332 2378 ex
3364 2323 3480 2378 illis
3512 2341 3621 2378 nu-

1972 2416 2246 2481 triantur,
2279 2431 2412 2471 ecce
2444 2432 2548 2471 nos
2580 2430 2889 2487 pauperes,
2921 2430 3036 2469 non
3072 2413 3170 2467 illa
3192 2412 3550 2484 accipiemus
3568 2419 3627 2468 et

1975 2505 2354 2560 nutriemur?
2386 2505 2429 2560 Ο
2463 2503 2778 2559 miserandi
2819 2501 3158 2572 bujusmodi
3199 2503 3442 2557 fratres!
3500 2501 3625 2556 Non

1973 2595 2184 2650 videtis
2217 2595 2369 2666 quod
2404 2594 2583 2649 Deum
2619 2597 2675 2647 et
2706 2609 2796 2648 res
2828 2592 3058 2646 divinas
3084 2591 3328 2646 luditis?
3353 2591 3475 2645 Non
3507 2590 3631 2645 ani-

1974 2683 2360 2750 madvertitis,
2393 2681 2548 2753 quod
2580 2681 2968 2753 vosmetipsos
2995 2683 3106 2737 Deo
3139 2681 3390 2750 majores
3417 2681 3630 2735 consti-

1971 2773 2160 2838 tuitis,
2187 2771 2479 2843 siquidem
2497 2786 2757 2839 vos,cum
2784 2770 2852 2824 de
2875 2768 3382 2840 vestris,aliquam
3418 2777 3626 2824 contu-

1972 2861 2126 2918 listis
2147 2861 2397 2933 gratiam
2424 2858 2746 2925 amicis,vel
2771 2857 3148 2929 cognatis,vel
3173 2857 3628 2930 quibuscunque

1973 2950 2385 3015 familiaribus,
2419 2965 2608 3020 neque
2636 2947 2836 3016 vultis,
2861 2963 3050 3019 neque
3082 2946 3323 3018 potestis
3346 2963 3413 3002 ea
3435 2947 3625 3002 denuo

1973 3044 2339 3096 resumentes
2373 3037 2708 3110 possidere;
2741 3041 2894 3103 tum,
2917 3053 2987 3092 ne
3021 3035 3256 3090 fallaces
3290 3041 3344 3091 et
3375 3035 3625 3092 mobiles

1971 3134 2028 3185 et
2056 3128 2358 3185 versatiles
2415 3126 2766 3198 appareatis,
2825 3129 2952 3181 tum
2985 3124 3122 3196 quia
3178 3124 3401 3180 timetis
3434 3123 3619 3196 legem

1974 3217 2117 3272 talia
2143 3216 2481 3290 punientem
2529 3215 2836 3286 ipsiusque
2881 3212 3196 3280 mulctam;
3229 3229 3297 3267 ea
3326 3229 3461 3268 vero
3494 3230 3621 3284 quas

1977 3312 2089 3362 Deo
2120 3311 2176 3361 et
2207 3303 2426 3360 sanctis
2470 3305 2600 3375 ejus
2657 3305 2872 3358 donata
2923 3306 3084 3370 sunt,
3135 3301 3450 3374 rapientes,
3506 3318 3621 3356 non

1973 3394 2193 3450 timetis
2242 3393 2369 3449 illos
2428 3393 2498 3448 ad
2553 3391 2701 3446 iram
2757 3391 3031 3456 excitare,
3088 3406 3191 3445 nec
3223 3389 3621 3460 justissimam

1972 3483 2312 3542 reveremini
2343 3483 2681 3551 vindictam,
2714 3482 2811 3536 sed
2846 3480 2944 3536 Dei
2972 3479 3412 3552 benignitatem,
3445 3480 3624 3536 veluti

1971 3579 2202 3630 scutum
2234 3571 2588 3637 inviolabile,
2617 3571 2959 3638 subeuntes,
2989 3570 3270 3624 adversus
3289 3571 3626 3628 sacerdotes

1969 3665 2097 3732 ejus
2128 3667 2184 3716 et
2210 3677 2377 3717 sacra
2405 3659 2521 3715 tela
2545 3659 2764 3730 jacitis.
2814 3663 3224 3730 Deprecamur,
3285 3675 3357 3714 ne
3415 3677 3624 3716 rursus

1970 3752 2136 3806 illum
2167 3751 2506 3806 irritemus:
2563 3748 2611 3803 si
2659 3747 2813 3804 enim
2850 3747 3006 3801 istud
3069 3748 3253 3815 fieret,
3305 3752 3446 3803 tunc
3475 3747 3623 3820 ipsis

1966 3841 2242 3912 operibus
2265 3839 2526 3907 discetis,
2557 3836 2818 3910 qualisin
2840 3837 3246 3908 indignatione
3269 3836 3365 3892 ille
3384 3837 3480 3902 sit,
3497 3838 3618 3907 qui,

1967 3929 2138 3986 sicuti
2170 3945 2273 3984 nec
2303 3929 2482 3992 fures,
2515 3927 2595 3981 ita
2652 3941 2758 3980 nec
2790 3930 3052 3997 raptores
3112 3930 3289 3980 amat.
3326 3949 3352 3975 ‹‹
3383 3927 3614 3982 Domini

1967 4023 2055 4074 est
2086 4023 2241 4073 terra
2269 4022 2325 4072 et
2356 4015 2660 4088 plenitudo
2691 4015 2872 4085 ejus“,
2911 4037 2938 4063 ››
2973 4015 3192 4070 Habeat
3229 4015 3406 4085 igitur
3435 4033 3617 4071 unus-

1966 4107 2219 4179 quisque
2250 4107 2403 4178 quod
2435 4123 2469 4160 a
2521 4105 2638 4160 Deo
2697 4103 2962 4176 accepit;
3023 4121 3095 4160 ne
3144 4121 3280 4160 reus
3310 4105 3615 4176 injustitim

1965 4197 2433 4252 benedictionem
2469 4211 2584 4249 non
2620 4193 2854 4250 sentiat.

2033 4286 2122 4340 52.
2169 4285 2382 4339 Verum
2441 4284 2596 4354 quod
2659 4283 3027 4347 dicebamus,
3087 4282 3536 4339 declinationem
3587 4303 3620 4341 a

1963 4374 2118 4430 malo
2189 4372 2326 4427 facit
2389 4372 2565 4426 etiam
2644 4370 3181 4442 irreprehensibilis
3231 4376 3622 4443 conversatio,

1960 4463 2309 4530 immunitas
2340 4479 2370 4515 a
2402 4460 2707 4529 conviciis,
2751 4460 2810 4514 in
2866 4459 3212 4515 necessitate
3271 4461 3620 4530 benedictio,

1959 4551 2172 4607 falsum
2207 4568 2320 4606 non
2379 4551 2528 4604 ferre
2587 4549 3020 4613 testimonium,
3079 4549 3333 4621 gaudere
3390 4566 3522 4605 cum
3554 4551 3624 4607 de

229 4632 303 4684 καὶ
343 4631 547 4689 κλαίειν
601 4635 733 4707 μετὰ
785 4639 894 4689 τῶν
953 4633 1034 4710 ἐφ’
1065 4636 1148 4695 οἷς
1177 4633 1288 4708 χρὴ
1320 4632 1644 4700 κλαιόντων,
1675 4636 1764 4689 καὶ
1789 4638 1850 4691 τὸ

1975 4641 2128 4696 )onis
2153 4639 2568 4713 gaudentibus,
2632 4638 2767 4693 flere
2808 4654 2940 4692 cum
2993 4639 3063 4692 de
3109 4638 3403 4694 ﬂebilibus
3461 4639 3624 4710 plan-

235 4722 343 4796 [μὴ]
379 4722 665 4800 θηριωδῶς
722 4723 1096 4800 ἐπεξέρχεσθαι
1155 4722 1243 4777 καὶ
1296 4720 1548 4791 κολάζειν
1610 4716 1857 4802 ἀφόρητα

231 4811 338 4873 τοὺς
365 4815 670 4876 πταίοντας·
715 4812 790 4869 ἔτι
852 4811 908 4868 δὲ
957 4814 1045 4868 καὶ
1101 4815 1162 4868 τὸ
1228 4811 1624 4889 ἀπορουμένοις
1678 4814 1743 4868 τά
1793 4837 1856 4890 γε

234 4899 296 4960 εἷς
346 4897 659 4974 συμϐουλὴν
711 4899 1020 4966 ὑποτιθέναι
1079 4903 1147 4956 τὰ
1217 4902 1488 4977 ξύμφορα,
1539 4902 1628 4956 καὶ
1682 4903 1853 4966 οὕτως

235 4986 483 5066 ὑπεξάγειν
515 4991 708 5052 αὑτοὺς
744 4991 875 5066 βόθρ
897 5014 945 5046 ,υ
976 4988 1269 5052 ἀπωλείας.
1300 4989 1373 5052 εἷς
1427 4989 1484 5044 ὅν
1545 4990 1853 5065 ἐμπίπτου-

235 5096 300 5128 σιν
329 5081 376 5132 οἱ
404 5081 892 5156 ἀπρομηθέστεροι.

289 5169 682 5240 νγ’.“Ἐκκλισις
735 5173 906 5223 κακοῦ
948 5167 1324 5240 ἐπισημοτάτη
1377 5169 1464 5224 καὶ
1518 5171 1553 5239 ἡ
1603 5174 1701 5224 τοῦ
1761 5167 1854 5224 δα-

236 5252 358 5308 νείου
389 5254 632 5327 μέθοδος,
693 5261 885 5332 πρῶτα
938 5259 1030 5330 μὲν
1081 5259 1116 5326 ἢ
1174 5255 1596 5331 θεοπαράδοτος,
1647 5261 1770 5324 καθ’
1793 5260 1854 5328 ἣν

239 5339 505 5400 ἐπαινεῖται
537 5349 624 5401 καὶ
675 5349 702 5402 ὁ
758 5345 821 5401 τὸ
877 5345 1133 5421 ἀργύριον
1193 5347 1356 5401 αὑτοῦ
1391 5351 1465 5420 μή
1527 5346 1709 5412 διδοὺς
1763 5347 1851 5403 ἐπὶ

235 5429 376 5503 τόκῳ·
435 5433 666 5512 δευτέρῳ
727 5434 784 5491 δε
841 5434 995 5511 λόγῳ
1051 5439 1085 5506 ἡ
1150 5439 1374 5509 νομική.
1429 5439 1484 5491 Ὀ
1540 5441 1680 5510 μήτε
1734 5439 1853 5491 κατ’

237 5517 446 5592 ἐκείνην,
498 5527 632 5597 μήτε
685 5526 822 5580 κατᾶ
878 5526 1078 5596 ταύτην
1111 5523 1391 5598 δανείζων,
1453 5527 1496 5581 εί
1544 5527 1628 5581 καὶ
1683 5526 1848 5602 βαρὺς

299 5735 317 5770 ⁸
344 5738 494 5797 Psal.
526 5757 680 5813 nm,
718 5745 768 5800 1.

1966 4730 2261 4801 gentibus,
2295 4745 2410 4783 non
2445 4727 2643 4781 saevire
2674 4727 3000 4798 punireque
3041 4726 3359 4782 crudeliter
3387 4743 3486 4783 eos
3519 4727 3618 4800 qui

1966 4817 2225 4872 facinora
2252 4815 2697 4885 commiserunt,
2751 4831 2976 4869 necnon
3021 4815 3262 4869 consilio
3309 4817 3618 4889 egentibus

1967 4906 2190 4961 utiliter
2219 4905 2512 4973 auxiliari,
2546 4908 2602 4958 et
2658 4905 2739 4958 ita
2786 4904 3010 4975 eripere
3066 4920 3164 4960 eos
3196 4921 3262 4959 ex
3295 4907 3618 4977 perditonis

1965 4997 2197 5068 abysso,
2215 4994 2274 5048 in
2293 5009 2468 5065 quam
2485 4991 2762 5047 decidunt
2777 4991 2875 5062 qui
2901 4993 3098 5048 minus
3112 4998 3249 5049 sunt
3271 4996 3610 5066 prudentes.

2033 5172 2120 5227 53.
2157 5170 2611 5226 Praeclarissima
2671 5185 2905 5241 quoque
2958 5170 3272 5226 declinatio
3329 5171 3467 5227 mali
3527 5177 3618 5230 est

1961 5261 2153 5317 mutui
2189 5261 2604 5326 commodatio,
2642 5259 2832 5331 primo
2865 5260 3101 5328 quidem
3156 5276 3222 5315 ea
3281 5277 3407 5332 quas
3438 5279 3471 5315 a
3502 5261 3617 5316 Deo

1962 5351 2178 5406 tradita
2205 5355 2313 5415 est,
2357 5351 2529 5420 juxta
2559 5366 2735 5420 quam
2771 5348 3047 5404 laudatur
3076 5353 3131 5403 et
3161 5348 3258 5404 ille
3291 5351 3391 5422 qui
3439 5367 3622 5422 pecu-

1961 5441 2117 5494 niam
2144 5457 2314 5495 suam
2356 5456 2469 5494 non
2495 5439 2656 5493 dedit
2687 5438 2758 5492 ad
2791 5454 3078 5505 usuram;
3111 5440 3371 5494 secundo
3402 5444 3619 5509 autem,

1961 5545 2089 5600 qua:
2124 5545 2156 5584 a
2185 5527 2311 5600 lege
2334 5527 2666 5600 praestituta
2687 5533 2794 5583 est.
2820 5527 2926 5590 Qui
2954 5543 3059 5583 nec
3083 5528 3408 5585 secundum
3433 5527 3618 5602 illam,
