4114 6200
525 408 646 468 623

1294 403 1718 466 EUSTATHII
1759 400 2520 463 THESSALONICENSIS
2564 401 3150 466 METBOPOLITJE

3781 410 3931 471 ’624

524 558 631 598 neo
662 541 985 598 secundum
1019 539 1193 594 istam
1244 538 1504 606 fenerat,
1537 535 1647 590 etsi
1671 551 1842 607 grave
1871 534 1950 590 sit
1980 534 2122 589 dicti

2237 589 2248 609 Β
2279 535 2306 588 6
2340 531 2528 609 λόγος,
2561 531 2690 588 ἀλλ’
2718 533 2872 608 ὅμως
2930 534 3093 612 λὲγω,
3127 537 3406 599 πεπὸιθὼς
3434 541 3502 611 τῇ
3533 537 3784 610 ἀληθείᾳ,
3839 539 3929 595 8τί

521 634 718 686 tamen
749 630 974 686 veritati
1033 644 1264 700 parens,
1316 627 1469 691 dico,
1503 625 1659 697 quod
1711 623 2168 696 reprehensihiis

2282 621 2546 698 ἐπαρατός
2577 622 2684 677 ἐστι
2732 624 2823 678 καὶ
2855 623 3170 700 ἐπίρρητος.
3221 626 3360 700 Ἐγὼ
3420 623 3476 681 δὲ
3528 629 3925 700 συννοούμενος

518 724 576 776 et
604 710 975 775 exsecrabilis
997 721 1108 772 est.
1139 717 1254 788 Ego
1286 731 1418 770 vero
1470 718 1672 785 reputo
1706 713 1958 786 qualiter
1987 729 2122 785 agar

2272 711 2362 764 καὶ
2394 710 2540 773 ὅπως
2573 713 2626 765 οὶ
2665 711 3019 788 τοκογλύφοι,
3079 712 3305 768 πολλῶν
3361 713 3530 769 ὅντων
3587 716 3765 770 τόκων
3823 718 3928 789 (τίς

517 808 714 879 cupidi
766 807 1026 874 faenoris,
1057 822 1189 860 cum
1244 805 1430 859 multa
1472 803 1589 858 sint
1620 804 1837 858 fcenora
1864 802 1952 856 vel
1989 803 2160 857 fetus.

514 897 742 969 (Fctum
759 895 912 951 enim
930 896 1123 950 ferunt
1139 911 1251 949 non
1267 899 1494 948 tantum
1508 892 1906 961 homines,sed
1921 897 1974 947 et
1988 906 2162 946 omne

512 985 751 1051 animal,
769 990 975 1058 praeter
995 983 1294 1039 vulturum
1318 1000 1534 1053 genus;
1559 983 1774 1038 dicitur
1797 998 1966 1054 porro
1980 981 2158 1036 etiam

510 1079 666 1131 terra
709 1090 988 1145 mareque
1023 1074 1202 1127 fetum
1238 1073 1594 1144 producere;
1626 1072 1804 1125 fetum
1839 1087 1973 1128 vero
1993 1085 2160 1124 mens

509 1165 639 1237 ipsa
661 1165 896 1236 praebet,
931 1162 1232 1218 naturales
1261 1179 1401 1218 suos
1443 1162 1704 1226 (ructus;
1739 1165 1795 1216 et
1825 1176 2035 1232 porsus
2066 1175 2157 1214 ex-

507 1260 745 1310 tensum
779 1259 868 1308 est
896 1268 1108 1308 nomen
1136 1252 1290 1306 fetus
1313 1267 1413 1306 seu
1450 1251 1686 1321 fumus.)
1719 1249 1800 1304 Illi
1824 1254 2017 1305 autem
2045 1248 2159 1320 pri-

506 1344 683 1398 vatim
707 1343 864 1398 istud
897 1346 1210 1398 assumunt
1230 1341 1299 1395 ad
1327 1339 1548 1411 aliquid
1574 1338 1924 1412 particulare
1944 1339 2015 1392 de
2047 1355 2152 1394 suo

506 1431 724 1487 misero
757 1431 897 1498 fetu,
928 1431 1082 1502 quod
1118 1444 1305 1500 neque
1337 1433 1548 1484 natura
1602 1442 1790 1498 neque
1840 1426 2149 1482 hominum

501 1521 811 1592 integritas
842 1523 1020 1588 novit,
1067 1525 1220 1575 Deus
1272 1517 1468 1575 autem
1532 1517 1851 1590 prohibuit.
1898 1517 2149 1588 Largum

499 1610 682 1682 igitur
710 1610 906 1666 illiset
937 1609 1189 1664 multum
1225 1613 1280 1663 et
1310 1608 1532 1663 clarum
1568 1608 1706 1662 hoc:
1763 1607 1846 1661 Da
1880 1605 2021 1660 mihi
2066 1605 2142 1660 fe-

495 1703 624 1755 tum
646 1699 756 1771 (vel
789 1700 997 1768 fanus)
1031 1715 1243 1753 meum.
1282 1697 1538 1764 Qualem,
1591 1695 1934 1751 faenerator?
1963 1699 2143 1761 Quem

498 1791 558 1843 tu
607 1787 885 1860 genuisti,
956 1786 1043 1842 vel
1125 1803 1298 1858 quem
1349 1785 1564 1842 ancilla
1619 1790 1722 1840 tua
1777 1785 1999 1855 genuit,
2057 1783 2143 1838 vel

2272 821 2455 853 κτουσι
2489 801 2592 874 γὰρ
2626 800 2686 854 ού
2720 801 2886 873 μόνον
2916 799 3219 876 ἅνθρωποι,
3277 801 3423 857 ἀλλᾶ
3452 803 3541 858 καὶ
3575 808 3713 872 ζῶον
3758 806 3922 875 ἅπαν,

2273 884 2403 962 δίχα
2431 911 2490 962 γε
2517 893 2614 943 τοῦ
2642 889 2776 944 κατὰ
2804 889 2930 951 τοῦς
2970 894 3141 965 γῦπας
3191 890 3388 963 φύλου²
3450 891 3660 967 λέγεται
3723 889 3782 946 δὲ
3830 894 3923 946 καὶ

2267 983 2334 1051 γῆ
2367 977 2563 1031 τίκτειν
2614 978 2701 1032 καὶ
2763 977 3027 1041 θάλασσα’
3073 978 3241 1033 τίκτει
3297 977 3354 1034 δὲ
3408 980 3498 1034 καὶ
3555 985 3679 1042 νοῦς
3735 984 3924 1056 γεννή·

2272 1087 2412 1137 ματα
2441 1070 2716 1144 προσφυῆ·
2745 1066 2835 1121 καὶ
2887 1066 3031 1128 ὅλως
3079 1067 3446 1123 πεπλάτυνται
3474 1070 3534 1123 τὸ
3590 1067 3765 1142 ὄνομα
3822 1075 3920 1124 τοῦ

2264 1154 2449 1227 τόκου)
2481 1189 2549 1196 -
2581 1157 2632 1209 οἱ
2691 1153 2747 1210 δὲ
2805 1154 3010 1211 ἱδίασαν
3057 1156 3185 1211 αὐτὸ
3227 1159 3363 1212 κατά
3410 1181 3457 1214 τι
3505 1158 3773 1235 ἐξαίρετον
3830 1160 3919 1214 ἐπὶ

2261 1249 2359 1298 τοῦ
2408 1246 2526 1299 κατ’
2594 1243 2788 1306 αὐτοὺς
2837 1244 3092 1300 δύστὲκου
3166 1248 3351 1304 τόκου.
3437 1246 3577 1306 Οὔτε
3643 1251 3678 1318 ἠ
3758 1249 3919 1326 φύσις

2264 1331 2426 1404 οἶδεν,
2485 1331 2608 1388 οὕτε
2664 1336 2698 1403 ἡ
2749 1337 2866 1389 κατ’
2895 1332 3175 1411 ἄνθρωπον
3208 1337 3462 1410 ὀρθότης,
3521 1336 3611 1393 καὶ
3635 1340 3662 1393 6
3694 1340 3831 1402 Θεὸς
3861 1337 3918 1395 δὲ

2263 1423 2617 1498 ἀπηγόρευσε.
2653 1423 2836 1479 Πλατῦ
2891 1429 3016 1499 γοῦν
3074 1425 3258 1487 αὐτοῖς
3310 1428 3398 1481 καὶ
3459 1424 3603 1482 πολὺ
3641 1428 3732 1482 καὶ
3784 1449 3917 1503 τρα-

2259 1513 2343 1574 νές
2399 1511 2479 1566 τό·
2539 1512 2639 1574 Δός
2676 1534 2766 1586 μοι
2801 1514 2891 1568 τὸν
2922 1513 3079 1568 τόκον
3117 1536 3244 1586 μου.
3307 1521 3492 1585 Ποῖον,
3543 1515 3587 1570 ὦ
3633 1514 3917 1580 δανειστάς

2258 1600 2316 1654 ὃν
2349 1600 2410 1654 σὺ
2443 1599 2751 1676 ἐγέννησας,
2810 1602 2868 1656 ’ὀν
2929 1598 2985 1656 δὲ
3042 1605 3077 1671 ἡ
3138 1601 3396 1674 παιδίσκη
3428 1625 3543 1673 σου,
3579 1606 3636 1660 ’ὸν
3673 1603 3730 1660 δὲ
3760 1609 3799 1677 ἡ
3832 1619 3917 1670 θυ-

2255 1689 2429 1764 γάτηρ
2459 1711 2553 1744 σου
2582 1693 2615 1743 '6
2651 1691 2678 1744 6
2715 1691 2843 1764 βοῦς
2875 1712 2970 1745 σου
3017 1692 3051 1759 ἢ
3087 1689 3260 1754 ’ίππος
3291 1712 3304 1761 ;
3365 1693 3458 1761 Οὕ,
3523 1695 3711 1768 φησὶν,
3760 1694 3913 1751 ἀλλα

2253 1777 2316 1832 τὸ
2345 1783 2442 1832 τοῦ
2485 1779 2746 1854 ἀργυρίου
2804 1801 2930 1852 μου.
2990 1781 3220 1851 Θητικὸν
3276 1778 3352 1851 δὶ,
3413 1779 3458 1836 ὣ
3513 1781 3787 1858 ἄνθρωπε,
3849 1785 3910 1839 τὸ

495 1893 668 1948 quem
702 1876 924 1948 peperit
980 1875 1099 1930 tilia
1156 1881 1279 1945 tua,
1336 1873 1426 1930 vel
1469 1874 1595 1939 bos,
1627 1874 1715 1928 vel
1748 1871 1947 1944 equa?
1994 1871 2117 1926 Non

2253 1866 2509 1940 ἀργύριόν
2571 1888 2686 1936 σου,
2751 1869 2888 1922 ὥστε
2937 1871 3024 1923 καὶ
3099 1875 3308 1945 γεννᾷν.
3383 1871 3694 1946 Καταγελᾷν
3776 1895 3907 1945 μου,

2261 1955 2421 1980 μμ-ὶ..
2476 1953 2658 1980 z'____-_-
2746 1953 2778 1980 Ἀ
2816 1961 2954 1980 -._-,~
2980 1978 3063 1980 ,_,,
3155 1957 3211 1980 ιπι
3290 1956 3337 1980 1“
3377 1957 3432 1980 ιι
3659 1961 3673 1976 ε
3788 1958 3815 1978 v

491 1965 704 2038 inquit,
747 1965 847 2020 sed
881 1964 1104 2037 argenti
1151 1964 1264 2018 mei
1296 1963 1502 2018 fetum.
1561 1961 1986 2018 Mercenarium
2039 1977 2140 2016 au-

487 2059 630 2122 tem,
667 2055 862 2123 sodes,
908 2059 1076 2109 tuum
1135 2056 1443 2124 argentum
1486 2056 1595 2121 est,
1642 2057 1705 2106 ut
1737 2051 1910 2106 etiam
1969 2065 2148 2122 gene-

489 2158 621 2198 rare
648 2141 855 2197 valeat.
889 2141 1143 2210 Videris,
1177 2140 1391 2212 inquit,
1426 2140 1672 2209 debitor,
1701 2138 1941 2193 irridere
1977 2137 2145 2204 mihi,

494 2233 596 2288 sed
625 2231 700 2287 da
730 2229 875 2286 mihi
911 2231 1103 2286 fumus
1135 2245 1347 2285 meum.
1380 2228 1484 2284 Hic
1540 2230 1733 2283 autem
1793 2227 1840 2281 si
1875 2243 1987 2281 non
2020 2243 2147 2298 gra-

487 2320 632 2390 vior,
664 2323 726 2375 at
785 2325 940 2375 certe
997 2317 1282 2373 risibilior
1337 2321 1427 2373 est
1483 2332 1698 2381 sermo,
1753 2315 2142 2382 fameratoris,

479 2409 600 2464 illis
627 2423 790 2481 equm
821 2407 1029 2480 quierit
1056 2407 1243 2463 orbati
1277 2405 1531 2462 scilicet:
1578 2405 1752 2460 Fetus
1783 2404 2137 2476 perdiderun

479 2513 574 2553 me
617 2515 733 2554 non
791 2495 992 2552 soluti.
1062 2500 1210 2569 Ergo
1270 2495 1528 2563 tandem,
1618 2494 1949 2559 fcenerator,
2021 2508 2134 2546 non

475 2592 565 2642 est
592 2587 698 2641 tibi
743 2584 1104 2640 dominicum
1145 2584 1287 2640 illud
1335 2584 1576 2639 bonum.
1639 2581 1922 2636 Dominus
1973 2581 2130 2636 enim

474 2677 659 2731 fetum
689 2691 804 2729 non
833 2674 1046 2746 perdit,
1079 2673 1179 2728 sed
1210 2671 1359 2727 ditat
1406 2670 1728 2741 majoribus
1777 2668 2133 2725 accessioni-

478 2765 612 2834 bus,
646 2768 704 2818 et
733 2764 968 2819 beatum
1028 2761 1498 2831 honoratamque
1560 2759 1737 2827 facit;
1809 2759 1908 2814 sed
1979 2759 2131 2812 tctus

473 2851 585 2906 ista
606 2851 818 2922 perdit,
852 2856 917 2906 ut
940 2854 1001 2906 tu
1025 2849 1192 2905 dicis.
1239 2850 1437 2904 Perdit
1497 2848 1659 2904 enim
1718 2852 1776 2902 te
1834 2851 2130 2917 quatenus

480 2941 551 2996 ad
584 2939 863 3009 animam,
896 2939 1063 2994 illum
1099 2944 1296 2994 autem
1329 2938 1428 3009 qui
1471 2937 1577 2992 tibi
1628 2935 1939 3007 subjicitur
1979 2953 2129 3007 qua-

472 3031 651 3084 tenus
681 3029 753 3082 ad
787 3027 1000 3084 vitam:
1033 3027 1188 3098 quod
1219 3026 1408 3082 absit!
1463 3025 1573 3082 Sed
1615 3031 1672 3080 et
1728 3040 1857 3080 cum
1890 3023 2126 3096 aliquis,

473 3135 548 3174 ne
579 3119 762 3173 fetum
817 3119 940 3186 (aut
995 3116 1204 3186 fumus)
1270 3115 1444 3184 dicat,
1503 3114 1723 3186 pudore
1771 3113 2124 3185 prohibitus,

473 3207 632 3263 hunc
659 3207 1034 3262 commodum
1089 3209 1274 3276 vocat,
1335 3202 1739 3275 ambiguitatis
1798 3201 1991 3256 locum
2050 3201 2125 3257 is-

2259 1955 2441 2031 φησὶν,
2475 1953 2681 2022 ἔοικας,
2741 1953 2786 2010 ὢ
2815 1961 3087 2032 χρεῶστα.
3153 1957 3228 2012 Σῦ
3287 1956 3344 2013 δὲ
3373 1957 3464 2021 δός
3497 1981 3590 2032 μοι
3619 1961 3712 2014 τὸν
3744 1958 3910 2016 τόκον

2261 2065 2388 2117 μου.
2416 2045 2624 2102 Τούτου
2657 2043 2712 2100 δὲ
2743 2045 2788 2100 εί
2823 2047 2899 2119 μή
2937 2047 3250 2123 βαρύτερον,
3305 2047 3431 2104 ἀλλ’
3474 2048 3564 2104 οῦν
3621 2048 3910 2124 γελοιότε-

2256 2153 2347 2208 ρον
2379 2133 2563 2208 νόημα
2615 2131 2912 2205 δανειστοῦ,
2972 2137 3294 2212 στερομένου
3346 2139 3421 2192 ὧν
3484 2144 3634 2208 ζητεῖ
3688 2140 3777 2194 τό’
3839 2143 3903 2198 Οἱ

2254 2222 2409 2277 τόκοι
2441 2223 2728 2278 ἀπὼλεσάν
2780 2245 2868 2297 με,
2929 2227 3005 2298 μή
3065 2223 3344 2298 διδόμενοι
3401 2224 3639 2297 δηλαδή.
3696 2230 3906 2284 Λοιπὸν

2254 2308 2378 2384 ἄρα,
2435 2312 2480 2365 ὦ
2535 2313 2778 2382 τοκιστά,
2841 2313 2940 2368 οὐκ
2992 2310 3102 2368 ἔστι
3161 2336 3245 2368 σοι
3303 2317 3557 2390 κυριακὸν
3620 2321 3789 2372 τοῦτο
3847 2319 3906 2372 τὸ

2253 2400 2561 2473 ἀγαθόν.Ὀ
2620 2400 2822 2477 Κύριος
2859 2403 2953 2475 μὲν
3006 2403 3107 2478 γὰρ
3167 2403 3266 2458 οὐκ
3322 2402 3578 2471 ἀπόλλει,
3628 2403 3782 2460 ἀλλὰ
3819 2407 3904 2460 καὶ

2250 2486 2535 2557 πλουτίζει
2597 2489 2834 2561 μείζοσιν
2889 2490 3198 2560 ἐπιθήκαις,
3248 2491 3335 2545 καὶ
3397 2489 3769 2564 εὐδαιμονίζει
3821 2493 3907 2548 καὶ

2243 2583 2414 2650 τιμᾷ·
2474 2580 2501 2632 ὁ
2554 2576 2610 2633 δὲ
2656 2579 2815 2640 τόκος
2872 2579 3031 2642 οῦτος
3083 2579 3392 2649 ἀπόλλυσι,
3452 2583 3588 2637 καθὰ
3644 2583 3708 2637 σὺ
3767 2588 3897 2661 φῄς.

2240 2665 2544 2723 Ἀπόλλυσι
2577 2665 2634 2722 δὲ
2665 2689 2720 2722 σε
2752 2669 2846 2740 μὶν
2876 2669 2942 2722 τὰ
2971 2667 3024 2730 ἐς
3055 2671 3263 2744 ψυχὴν,
3297 2670 3387 2724 τὸν
3438 2667 3494 2725 δὲ
3542 2668 3896 2728 καταϐαλλό-

2247 2757 2406 2829 μενόν
2437 2777 2520 2810 σοι
2553 2755 2712 2810 αὐτὸν
2735 2757 2800 2811 τὰ
2838 2755 2892 2819 ἐς
2952 2759 3118 2830 ζωὴν,
3174 2759 3246 2820 ὡς
3308 2761 3383 2831 μή
3446 2759 3676 2828 ὤφελεν.
3734 2760 3898 2817 Ἀλλ’

2241 2843 2330 2898 ὅτε
2385 2843 2474 2898 καὶ
2533 2841 2855 2917 αἷδούμενὸς
2883 2866 2968 2907 τις
2995 2845 3156 2900 τόκον
3211 2846 3402 2918 εἰπεῖν,
3429 2849 3699 2924 ὠφέλειαν
3735 2850 3893 2905 αὐτὸν

2242 2931 2483 3001 καλέσει,
2539 2930 2928 3006 πολυωνυμίας
2979 2935 3146 2988 τόπον
3199 2939 3392 2990 τοῦτον
3429 2936 3587 2998 αὐτὸς
3645 2937 3894 3014 ἐξευρὼν,

2239 3022 2364 3076 τότε
2397 3019 2461 3090 δὴ
2494 3019 2724 3097 γελάσας
2752 3043 2834 3083 τις
2866 3022 3000 3098 πρὸς
3061 3022 3358 3097 βαρύτητα,
3417 3023 3530 3078 εἶτα
3585 3025 3677 3080 καὶ
3723 3048 3894 3102 παρα-

2240 3113 2446 3188 φράσας
2506 3111 2565 3166 ἐκ
2614 3117 2721 3166 τῶν
2780 3117 2877 3166 τοῦ
2908 3114 3208 3187 άγιωτάτου
3241 3112 3405 3169 Δαυΐδ
3437 3114 3568 3190 ipsi.
3618 3117 3711 3181 Τίς
3759 3119 3891 3196 ὡιρέο

2237 3201 2356 3257 λεια
2384 3202 2434 3258 ἐν
2467 3209 2547 3276 τῷ
2603 3202 2845 3279 ἀγρυρίῳ
2903 3224 3021 3276 σου,
3067 3202 3118 3258 ἑν
3159 3208 3238 3278 τῷ
3269 3201 3650 3276 καταϐιϐάζειν
3703 3230 3762 3263 σε
3818 3210 3890 3270 εἷς

464 3309 595 3362 tum
668 3295 795 3368 ipse
851 3294 1172 3367 reperiens,
1218 3298 1359 3349 tunc
1435 3293 1669 3364 aliquis,
1730 3293 1946 3347 emisso
2004 3292 2122 3347 risu

2241 3290 2532 3370 διαφθοράν
2561 3313 2574 3362 ;
2626 3295 2690 3347 Ὠ
2723 3289 2876 3347 δόλιε
2903 3292 3209 3370 τοκογλύφε
3234 3291 3504 3370 ἄνθρωπε,
3543 3298 3710 3372 μέχρι
3745 3297 3884 3359 sive:

462 3390 618 3442 certe
691 3384 1062 3456 gravissimo,
1131 3384 1388 3454 deinque
1443 3381 1799 3453 quibusdam
1858 3380 2031 3435 dictis
2088 3398 2122 3436 a

459 3473 837 3531 sanctissimo
861 3472 1038 3528 David
1072 3471 1415 3543 assumptis,
1451 3471 1641 3525 dicet:
1667 3470 1827 3536 Quod
1861 3485 2118 3524 commo-

455 3563 597 3618 dum
630 3562 690 3616 in
724 3566 964 3634 argento
1014 3565 1138 3628 tuo,
1199 3561 1355 3632 quod
1416 3564 1476 3615 te
1509 3559 1767 3614 demittit
1811 3558 1881 3613 ad
1920 3557 2114 3630 perdi-

455 3650 677 3706 tionem
699 3651 727 3706 ?
757 3649 800 3706 Ο
827 3649 1028 3705 dolose
1057 3648 1393 3718 faenerator,
1427 3663 1737 3719 usquequo
1770 3645 1904 3702 talis
1956 3646 2114 3703 eris?

453 3738 730 3796 Dolosum
763 3738 917 3794 enim
940 3737 1168 3810 appello
1199 3741 1255 3792 te
1288 3741 1462 3807 recte,
1496 3753 1719 3791 necnon
1753 3752 2115 3808 consequen-

452 3833 544 3886 ter
572 3827 869 3900 copulanti
901 3827 1043 3882 talia
1074 3843 1285 3898 magno
1331 3826 1628 3898 prophetis
1682 3843 1748 3881 ac
1808 3827 1950 3897 regi,
2011 3828 2112 3899 qui

453 3922 605 3984 loco,
637 3916 734 3971 ubi
761 3917 830 3972 de
862 3915 1079 3971 foenore
1109 3915 1322 3986 agitur,
1358 3915 1442 3970 sic
1471 3915 1813 3986 exprobrat:
1848 3932 2028 3972 usura
2058 3921 2116 3971 et

458 4005 628 4061 dolus
659 4004 924 4061 maifeste
953 4009 1297 4060 exercentur
1343 4004 1401 4058 in
1453 4003 1679 4075 plateis,
1737 4007 1938 4076 utpote
1971 4005 2106 4062 dolo

2233 3384 2480 3446 τοιοῦτος
2509 3381 2601 3458 ἔσῃ
2627 3404 2642 3436 ι
2701 3381 2876 3438 Δόλον
2932 3382 3032 3458 γάρ
3061 3403 3117 3437 σε
3148 3384 3411 3438 ἀποκαλεῖ)
3442 3381 3756 3448 εύθυϐόλως
3793 3390 3875 3442 καὶ

2233 3468 2548 3532 ἀκολούθως
2605 3474 2684 3540 τῷ
2741 3467 3086 3538 συνδυάζοντι
3144 3471 3212 3525 τά
3239 3475 3459 3526 τοιαῦτα
3492 3473 3716 3548 μεγαλῳ
3749 3495 3879 3547 προ-

2232 3561 2375 3637 φήτῃ
2431 3561 2523 3612 καί
2579 3555 2816 3633 βασιλεῖ,
2877 3557 2936 3620 ’ὸς
2994 3555 3242 3627 ὀνειδίζει
3273 3560 3459 3628 τόπον,
3521 3557 3646 3624 ἔνθα
3697 3564 3874 3622 τόκος.

2228 3649 2316 3703 καὶ
2363 3649 2522 3708 τόκος
2578 3646 2667 3701 καὶ
2724 3644 2888 3708 δόλος
2945 3646 3408 3723 παρῤησιάζεσθον
3466 3649 3701 3706 ἐπὶτῶν
3734 3650 3872 3706 πλα-

2225 3742 2404 3808 τειῶν,
2465 3737 2540 3799 ὡς
2599 3735 3102 3799 ἐπακολουθοῦντος
3159 3738 3372 3800 πάντως
3431 3740 3522 3794 καὶ
3568 3737 3872 3812 δούλουτῷ

2222 3825 2392 3898 τόκῳ.
2452 3821 2752 3878 Ψεύδονται
2783 3824 2882 3900 γὰρ
2938 3825 3402 3900 ὁμολογουμένως
3432 3829 3499 3881 τά
3523 3849 3581 3882 τε
3612 3825 3758 3884 ἄλλά
3783 3831 3869 3884 καὶ

2221 3915 2318 3983 τήν
2352 3913 2487 3968 κατὰ
2542 3913 2670 3969 Θεὸν
2729 3915 2938 3989 ἀγάπην
3001 3915 3052 3968 οἱ
3108 3912 3197 3968 ἐπὶ
3263 3915 3485 3989 άθὲσμῳ
3514 3919 3662 3990 τόκῳ
3691 3915 3867 3974 δανεί-

2219 4010 2421 4074 ζοντες.

456 4094 676 4166 ubique
731 4094 921 4148 fanus
976 4093 1312 4149 comitante.
1372 4091 1562 4147 Simili
1621 4108 1874 4164 namque
1926 4095 2096 4151 modo
2129 4100 2187 4152 et
2234 4095 2293 4150 in
2325 4093 2550 4150 caeteris
2581 4093 2841 4149 divinam
2874 4092 3219 4149 charitatem
3255 4094 3623 4153 mentiuntur
3654 4097 3856 4154 illicito

455 4179 672 4236 fanore
697 4196 818 4236 com
831 4181 1155 4237 modantes.

522 4288 612 4342 54.
653 4287 760 4342 Sed
813 4287 1090 4359 quoniam
1131 4291 1190 4344 et
1214 4287 1359 4343 alias
1419 4286 1606 4342 multa
1663 4287 1736 4342 de
1783 4287 1886 4343 tali
1945 4287 2097 4345 malo

445 4376 740 4444 hortatus,
765 4375 910 4430 nihil
952 4377 1187 4448 profeci,
1222 4376 1362 4448 quin
1396 4375 1575 4431 etiam
1606 4376 1816 4430 adauxi
1850 4375 2094 4447 malum,

445 4471 502 4523 et
525 4466 819 4537 pratuales
839 4465 1047 4521 animas
1071 4481 1211 4521 mea:
1232 4463 1463 4520 dolores
1496 4463 1665 4520 {enus
1697 4465 2096 4536 magistralem

444 4554 818 4610 utinfornem
867 4553 1071 4620 fetum,
1130 4554 1534 4625 produxerunt
1590 4554 1660 4607 ad
1717 4552 1952 4621 lucem;
1989 4554 2094 4608 tibi

2278 4283 2376 4343 νδ’.
2413 4283 2570 4343 Ἀλλ’
2603 4283 2789 4355 ἐπειδή
2846 4284 2935 4340 καὶ
2964 4283 3164 4341 ἄλλοτε
3193 4283 3378 4341 πολλὰ
3408 4289 3734 4360 παραινέσας
3774 4289 3856 4343 ἐπὶ

2204 4381 2283 4448 τῷ
2341 4375 2576 4448 τοιούτῳ
2626 4380 2798 4446 κακῷ.
2861 4374 3052 4437 ἀνύσας
3081 4370 3196 4451 ἔχω
3229 4373 3399 4445 οὐδὲν,
3463 4375 3609 4432 ἀλλὰ
3640 4399 3743 4432 που
3770 4379 3856 4432 καὶ

2204 4465 2627 4540 προσεπηύξησα
2655 4464 2716 4518 τὸ
2750 4461 2944 4532 δεινὸν,
3003 4463 3094 4516 καί
3155 4485 3247 4536 μοι
3300 4465 3354 4517 αἱ
3384 4471 3486 4533 τῆς
3516 4468 3702 4540 ψυχῆς
3730 4464 3854 4520 (bai-

2204 4574 2289 4615 νες
2337 4554 2496 4608 τόκον
2557 4551 2943 4608 διδασκαλικὸν
3002 4551 3276 4630 ἐξέφηναν,
3336 4556 3425 4607 οἶα
3474 4554 3565 4607 καί
3607 4576 3722 4608 τινα
3755 4554 3848 4627 μύ-

441 4639 573 4708 soli,
608 4640 709 4712 qui
742 4646 1300 4712 maguacunctaque
1358 4645 1545 4711 potes,
1608 4640 1882 4706 Domine,
1942 4658 2102 4697 com-

2237 4662 2339 4713 mw
2399 4643 2483 4697 σοὶ
2544 4642 2714 4715 μόνῳ,
2751 4639 3164 4716 μεγαλοδύναμε
3210 4643 3298 4696 καὶ
3356 4640 3732 4716 παντοδύναμε
3764 4643 3832 4697 Κύ

442 4729 635 4796 mitto,
676 4736 741 4783 ut
779 4729 1019 4784 abortiri
1055 4728 1234 4784 facias
1293 4728 1518 4784 huncce
1569 4728 1827 4784 validum
1885 4731 2092 4800 fetum,

439 4816 792 4872 diabolicam
816 4817 1282 4888 productionem,
1316 4818 1661 4890 cupiditatis
1699 4823 1957 4890 partum,
1991 4818 2092 4890 qui

439 4905 652 4961 fratres
676 4905 891 4961 rustice
920 4905 1064 4972 odit,
1089 4905 1189 4976 qui
1241 4905 1518 4962 inimicus
1572 4911 1664 4962 est
1715 4907 1813 4962 Dei
1855 4907 2089 4979 Deoque

438 4993 700 5050 odiosus.

505 5101 597 5156 55.
634 5101 845 5157 Praeter
865 5101 991 5172 jam
1026 5100 1180 5155 dicta
1210 5099 1434 5156 malum
1491 5101 1666 5157 etiam
1699 5102 1956 5159 declinat
1983 5103 2084 5175 qui

431 5189 788 5246 maledicum
813 5190 1226 5261 difﬁtetur,qui
1249 5189 1690 5246 calumiatorem
1726 5191 2082 5264 repellit,qui

426 5295 545 5335 non
575 5283 875 5335 scrutatur
908 5278 1216 5334 hominum
1256 5279 1400 5334 vitas
1456 5280 1679 5350 absque
1737 5281 2085 5337 necessitate

425 5383 533 5424 nec
566 5384 690 5424 rem
722 5368 794 5423 ad
843 5384 905 5423 se
959 5384 1074 5424 non
1132 5368 1522 5439 pertinentem
1575 5369 1697 5424 sive
1751 5371 2080 5426 secundum

425 5457 730 5530 spiritum,
780 5458 903 5512 sive
933 5457 1263 5512 secundum
1295 5474 1528 5512 carnem
1558 5483 1572 5526 ;
1631 5459 1732 5530 qui
1762 5458 1962 5514 dolum
2018 5459 2079 5515 in

427 5545 672 5615 negotiis
702 5562 817 5600 non
840 5552 1084 5612 exercet,
1109 5547 1206 5616 qui
1233 5545 1495 5617 regulam
1519 5547 1576 5601 in
1598 5547 1935 5603 servitutem
1963 5566 2077 5604 non

425 5633 673 5705 redigit;
705 5634 804 5705 qui
829 5651 944 5689 non
968 5633 1122 5704 leges
1143 5635 1328 5690 calcat
1354 5652 1367 5701 ;
1401 5635 1500 5706 qui
1520 5637 1808 5692 seniorem
1831 5638 2077 5694 honora-

421 5720 804 5792 bilioremque
821 5738 883 5777 se
904 5738 1020 5785 non
1041 5722 1234 5779 solum
1258 5723 1479 5794 primas
1507 5729 1708 5781 tenere
1730 5725 1892 5798 sinit,
1910 5727 2074 5784 etilli

2205 4751 2308 4803 ριε,
2343 4730 2632 4802 ἀνατίθημι
2666 4724 3012 4802 ἐξαμὸλώσαι
3067 4730 3158 4784 τὸν
3216 4727 3374 4805 ἁδρὸν
3433 4735 3626 4786 τοῦτον
3664 4732 3840 4796 τόκον,

2200 4820 2262 4873 τὸ
2295 4817 2612 4891 δαιμονικὸν
2652 4821 2914 4894 γέννημα,
2963 4819 3024 4873 τὸ
3081 4825 3181 4888 τῆς
3238 4818 3551 4890 πλεονεξίας
3613 4819 3843 4889 ἁποκύηυ

2208 4927 2304 4979 μα,
2334 4907 2398 4961 τὸ
2458 4904 2670 4982 ἄγριον,
2702 4908 2764 4961 τὸ
2797 4904 3152 4985 μισάδελφον,
3184 4907 3247 4961 τὸ
3299 4908 3387 4961 καὶ
3451 4907 3701 4980 μισόθεον
3756 4907 3836 4961 καὶ

2204 4997 2479 5070 θεομισές.

2265 5105 2352 5157 νε’.
2385 5106 2505 5161 Ἔτι
2535 5104 2671 5175 πρὸς
2707 5109 2826 5166 τοῖς
2884 5103 3192 5179 εἰρημένοις
3251 5103 3484 5160 ἐκκλίνει
3542 5107 3702 5160 κακὸν
3747 5103 3829 5158 καὶ

2194 5192 2223 5246 6
2252 5192 2340 5246 τὸν
2372 5194 2705 5270 συκοφάντην
2749 5191 3357 5268 άποπροσποιούμενος,
3415 5193 3504 5248 καὶ
3564 5195 3592 5248 6
3621 5195 3708 5250 τὸν
3748 5192 3826 5248 ἑν-

2193 5277 2565 5338 διαϐάλλοντα
2594 5282 3048 5357 παρωθούμενος,
3100 5283 3190 5337 καὶ
3249 5284 3277 5338 6
3339 5285 3414 5355 μή
3468 5282 3694 5359 ἐρευνῶν
3748 5284 3828 5336 ἆν-

2193 5372 2426 5448 θρώπων
2491 5372 2641 5446 βίους
2696 5371 2771 5434 εἷς
2825 5369 2976 5426 οὐδὲν
3029 5369 3146 5426 δέον
3179 5373 3264 5426 καὶ
3304 5369 3474 5444 μηδὲν
3507 5372 3653 5445 αὐτῷ
3681 5391 3826 5445 προσ-

2190 5467 2324 5530 ῆκον
2386 5458 2508 5516 οὔτε
2558 5459 2694 5515 κατά
2736 5464 2967 5532 πνεῦμα,
3025 5457 3148 5515 οὔτε
3203 5461 3339 5516 κατὰ
3395 5463 3598 5535 σάρκα·
3657 5463 3683 5516 ὁ
3730 5460 3818 5526 τὴν

2189 5550 2556 5626 πραγματείαν
2614 5546 2948 5610 ἁδολίευτος·
3019 5551 3047 5603 6
3110 5551 3186 5622 μή
3235 5551 3324 5604 τὸν
3356 5550 3554 5605 κανόνα
3583 5545 3820 5604 καταδουο

2189 5639 2476 5712 λούμενος·
2511 5641 2539 5694 6
2573 5641 2648 5711 μή
2679 5637 2806 5700 τοῦς
2850 5639 3048 5712 νόμους
3103 5645 3444 5694 καταπατῶν·
3503 5641 3530 5694 6
3587 5644 3660 5710 τῷ
3701 5656 3814 5711 πρε-

2187 5723 2432 5801 σϐυτὲρῳ
2480 5727 2644 5783 αὐτοῦ
2676 5728 2765 5783 καὶ
2829 5729 3145 5802 τιμιωτέρῳ
3180 5730 3255 5802 μὴ
3305 5729 3470 5802 μόνον
3502 5727 3628 5784 ὁδοῦ
3656 5745 3811 5800 παραο
