  <div class='ocr_page' id='page_1' title='image "/cluster/home/n/w/nwhite01/storage/ocr_20150623/135/hvd.32044073502528/318.png"; bbox 0 0 4114 6200; ppageno 0'>
   <div class='ocr_carea' id='block_1_1' title="bbox 270 369 372 430">
    <p class='ocr_par' dir='ltr' id='par_1_1' title="bbox 270 369 372 430">
     <span class='ocr_line' id='line_1_1' title="bbox 270 369 372 430; baseline -0.02 -1"><span class='ocrx_word' id='word_1_1' title='bbox 270 369 372 430; x_wconf 77' lang='lat'>625</span> 
     </span>
    </p>
   </div>
   <div class='ocr_carea' id='block_1_2' title="bbox 1245 372 2621 443">
    <p class='ocr_par' dir='ltr' id='par_1_2' title="bbox 1245 372 2621 443">
     <span class='ocr_line' id='line_1_2' title="bbox 1245 372 2621 443; baseline 0.001 -13"><span class='ocrx_word' id='word_1_2' title='bbox 1245 372 1323 431; x_wconf 90' lang='lat' dir='ltr'><strong>IN</strong></span> <span class='ocrx_word' id='word_1_3' title='bbox 1371 373 1436 434; x_wconf 94' lang='lat' dir='ltr'>S.</span> <span class='ocrx_word' id='word_1_4' title='bbox 1485 372 2163 443; x_wconf 78' lang='lat' dir='ltr'>QUADRAGESIMAM</span> <span class='ocrx_word' id='word_1_5' title='bbox 2211 375 2501 435; x_wconf 79' lang='lat' dir='ltr'>ORATIO</span> <span class='ocrx_word' id='word_1_6' title='bbox 2543 373 2621 435; x_wconf 85' lang='lat' dir='ltr'>II.</span> 
     </span>
    </p>
   </div>
   <div class='ocr_carea' id='block_1_3' title="bbox 3522 373 3637 436">
    <p class='ocr_par' dir='ltr' id='par_1_3' title="bbox 3522 373 3637 436">
     <span class='ocr_line' id='line_1_3' title="bbox 3522 373 3637 436; baseline 0.052 -5"><span class='ocrx_word' id='word_1_7' title='bbox 3522 373 3637 436; x_wconf 76' lang='grc'>626</span> 
     </span>
    </p>
   </div>
   <div class='ocr_carea' id='block_1_4' title="bbox 269 493 1874 577">
    <p class='ocr_par' dir='ltr' id='par_1_4' title="bbox 269 493 1874 575">
     <span class='ocr_line' id='line_1_4' title="bbox 269 493 1874 575; baseline 0.003 -25"><span class='ocrx_word' id='word_1_8' title='bbox 269 500 446 574; x_wconf 88' lang='grc' dir='ltr'>χωρῶν</span> <span class='ocrx_word' id='word_1_9' title='bbox 493 496 576 548; x_wconf 79' lang='grc' dir='ltr'>καὶ</span> <span class='ocrx_word' id='word_1_10' title='bbox 623 493 880 570; x_wconf 64' lang='grc' dir='ltr'>καθέδρας</span> <span class='ocrx_word' id='word_1_11' title='bbox 925 497 1358 573; x_wconf 80' lang='grc' dir='ltr'>ὑπεξιστάμενος,</span> <span class='ocrx_word' id='word_1_12' title='bbox 1393 500 1594 575; x_wconf 79' lang='grc' dir='ltr'>πολλῷ</span> <span class='ocrx_word' id='word_1_13' title='bbox 1625 501 1681 558; x_wconf 75' lang='grc' dir='ltr'>δὲ</span> <span class='ocrx_word' id='word_1_14' title='bbox 1709 501 1874 557; x_wconf 97' lang='grc' dir='ltr'>πλέον</span> 
     </span>
    </p>
   </div>
   <div class='ocr_carea' id='block_1_5' title="bbox 1989 493 3634 577">
    <p class='ocr_par' dir='ltr' id='par_1_5' title="bbox 1994 502 3634 577">
     <span class='ocr_line' id='line_1_5' title="bbox 1994 502 3634 577; baseline 0 -17"><span class='ocrx_word' id='word_1_15' title='bbox 1994 505 2064 560; x_wconf 90' lang='lat' dir='ltr'>de</span> <span class='ocrx_word' id='word_1_16' title='bbox 2094 504 2264 561; x_wconf 87' lang='lat' dir='ltr'>sedili</span> <span class='ocrx_word' id='word_1_17' title='bbox 2294 505 2468 571; x_wconf 86' lang='lat' dir='ltr'>cedit,</span> <span class='ocrx_word' id='word_1_18' title='bbox 2501 507 2598 562; x_wconf 90' lang='lat' dir='ltr'>sed</span> <span class='ocrx_word' id='word_1_19' title='bbox 2634 505 2788 577; x_wconf 91' lang='lat' dir='ltr'>quod</span> <span class='ocrx_word' id='word_1_20' title='bbox 2838 503 3022 561; x_wconf 87' lang='lat' dir='ltr'>multo</span> <span class='ocrx_word' id='word_1_21' title='bbox 3064 507 3294 577; x_wconf 60' lang='lat' dir='ltr'>praestat</span> <span class='ocrx_word' id='word_1_22' title='bbox 3325 502 3470 560; x_wconf 84' lang='lat' dir='ltr'><strong>nihil</strong></span> <span class='ocrx_word' id='word_1_23' title='bbox 3519 522 3634 562; x_wconf 93' lang='lat' dir='ltr'>non</span> 
     </span>
    </p>
   </div>
   <div class='ocr_carea' id='block_1_6' title="bbox 268 582 1880 659">
    <p class='ocr_par' dir='ltr' id='par_1_6' title="bbox 268 582 1880 659">
     <span class='ocr_line' id='line_1_6' title="bbox 268 582 1880 659; baseline 0.004 -20"><span class='ocrx_word' id='word_1_24' title='bbox 268 583 390 659; x_wconf 69' lang='grc' dir='ltr'>μηδὲ</span> <span class='ocrx_word' id='word_1_25' title='bbox 437 582 947 658; x_wconf 82' lang='grc' dir='ltr'>καταναιδευόμενος</span> <span class='ocrx_word' id='word_1_26' title='bbox 997 592 1093 641; x_wconf 84' lang='grc' dir='ltr'>τοῦ</span> <span class='ocrx_word' id='word_1_27' title='bbox 1145 591 1420 658; x_wconf 70' lang='grc' dir='ltr'>τοιούτου,</span> <span class='ocrx_word' id='word_1_28' title='bbox 1475 589 1622 646; x_wconf 73' lang='grc' dir='ltr'>ἀλλὰ</span> <span class='ocrx_word' id='word_1_29' title='bbox 1665 592 1754 648; x_wconf 79' lang='grc' dir='ltr'>καὶ</span> <span class='ocrx_word' id='word_1_30' title='bbox 1787 592 1880 647; x_wconf 91' lang='grc' dir='ltr'>λα-</span> 
     </span>
    </p>
   </div>
   <div class='ocr_carea' id='block_1_7' title="bbox 266 673 1879 753">
    <p class='ocr_par' dir='ltr' id='par_1_7' title="bbox 266 673 1879 753">
     <span class='ocr_line' id='line_1_7' title="bbox 266 673 1879 753; baseline 0.003 -23"><span class='ocrx_word' id='word_1_31' title='bbox 266 675 464 735; x_wconf 83' lang='grc' dir='ltr'>λοῦντος</span> <span class='ocrx_word' id='word_1_32' title='bbox 510 673 672 728; x_wconf 67' lang='grc' dir='ltr'>αὐτοῦ</span> <span class='ocrx_word' id='word_1_33' title='bbox 715 680 959 743; x_wconf 94' lang='grc' dir='ltr'>σιωπῶν,</span> <span class='ocrx_word' id='word_1_34' title='bbox 991 677 1078 730; x_wconf 79' lang='grc' dir='ltr'>καὶ</span> <span class='ocrx_word' id='word_1_35' title='bbox 1132 679 1307 744; x_wconf 79' lang='grc' dir='ltr'>ἁγαθᾶ</span> <span class='ocrx_word' id='word_1_36' title='bbox 1358 681 1451 753; x_wconf 75' lang='grc' dir='ltr'>μὲν</span> <span class='ocrx_word' id='word_1_37' title='bbox 1488 681 1734 746; x_wconf 73' lang='grc' dir='ltr'>εἷ’πόντος</span> <span class='ocrx_word' id='word_1_38' title='bbox 1761 704 1879 737; x_wconf 89' lang='grc' dir='ltr'>πει-</span> 
     </span>
    </p>
   </div>
   <div class='ocr_carea' id='block_1_8' title="bbox 264 764 1874 851">
    <p class='ocr_par' dir='ltr' id='par_1_8' title="bbox 264 764 1874 851">
     <span class='ocr_line' id='line_1_8' title="bbox 264 764 1874 851; baseline 0.007 -33"><span class='ocrx_word' id='word_1_39' title='bbox 264 765 486 838; x_wconf 78' lang='grc' dir='ltr'>θόμενος,</span> <span class='ocrx_word' id='word_1_40' title='bbox 519 764 795 819; x_wconf 74' lang='grc' dir='ltr'>πταίσαντι</span> <span class='ocrx_word' id='word_1_41' title='bbox 855 764 911 820; x_wconf 86' lang='grc' dir='ltr'>δέ</span> <span class='ocrx_word' id='word_1_42' title='bbox 953 790 1002 822; x_wconf 90' lang='grc' dir='ltr'>τι</span> <span class='ocrx_word' id='word_1_43' title='bbox 1055 777 1450 846; x_wconf 85' lang='grc' dir='ltr'>συγγνωμονῶν</span> <span class='ocrx_word' id='word_1_44' title='bbox 1505 771 1874 851; x_wconf 79' lang='grc' dir='ltr'>διακριτικῶς“</span> 
     </span>
    </p>
   </div>
   <div class='ocr_carea' id='block_1_9' title="bbox 259 853 1879 942">
    <p class='ocr_par' dir='ltr' id='par_1_9' title="bbox 259 853 1879 942">
     <span class='ocr_line' id='line_1_9' title="bbox 259 853 1879 942; baseline 0.006 -32"><span class='ocrx_word' id='word_1_45' title='bbox 259 853 323 910; x_wconf 78' lang='grc' dir='ltr'>ἔτι</span> <span class='ocrx_word' id='word_1_46' title='bbox 351 854 432 908; x_wconf 83' lang='grc' dir='ltr'>καὶ</span> <span class='ocrx_word' id='word_1_47' title='bbox 472 855 498 908; x_wconf 99' lang='lat'>6</span> <span class='ocrx_word' id='word_1_48' title='bbox 549 855 638 908; x_wconf 74' lang='grc' dir='ltr'>τὸν</span> <span class='ocrx_word' id='word_1_49' title='bbox 691 856 938 910; x_wconf 86' lang='grc' dir='ltr'>ὁπωσοῦν</span> <span class='ocrx_word' id='word_1_50' title='bbox 992 855 1351 931; x_wconf 76' lang='grc' dir='ltr'>πλανώμενον</span> <span class='ocrx_word' id='word_1_51' title='bbox 1407 861 1739 942; x_wconf 72' lang='grc' dir='ltr'>ἐπιστρέφων</span> <span class='ocrx_word' id='word_1_52' title='bbox 1798 863 1879 942; x_wconf 71' lang='grc' dir='ltr'>ἐφ’</span> 
     </span>
    </p>
   </div>
   <div class='ocr_carea' id='block_1_10' title="bbox 259 942 1880 1027">
    <p class='ocr_par' dir='ltr' id='par_1_10' title="bbox 259 942 1880 1027">
     <span class='ocr_line' id='line_1_10' title="bbox 259 942 1880 1027; baseline 0.007 -29"><span class='ocrx_word' id='word_1_53' title='bbox 259 945 547 1010; x_wconf 72' lang='grc' dir='ltr'>ὁποσονοῦν,</span> <span class='ocrx_word' id='word_1_54' title='bbox 601 943 688 996; x_wconf 83' lang='grc' dir='ltr'>καὶ</span> <span class='ocrx_word' id='word_1_55' title='bbox 745 942 947 1021; x_wconf 70' lang='grc' dir='ltr'>ἰνάγων</span> <span class='ocrx_word' id='word_1_56' title='bbox 1001 947 1077 1010; x_wconf 82' lang='grc' dir='ltr'>είς</span> <span class='ocrx_word' id='word_1_57' title='bbox 1123 950 1222 1016; x_wconf 78' lang='grc' dir='ltr'>τήν</span> <span class='ocrx_word' id='word_1_58' title='bbox 1277 949 1464 1023; x_wconf 75' lang='grc' dir='ltr'>ὀρθήν·</span> <span class='ocrx_word' id='word_1_59' title='bbox 1519 953 1605 1007; x_wconf 86' lang='grc' dir='ltr'>καὶ</span> <span class='ocrx_word' id='word_1_60' title='bbox 1664 955 1691 1007; x_wconf 91' lang='lat'>6</span> <span class='ocrx_word' id='word_1_61' title='bbox 1743 953 1880 1027; x_wconf 79' lang='grc' dir='ltr'>πρός</span> 
     </span>
    </p>
   </div>
   <div class='ocr_carea' id='block_1_11' title="bbox 253 1031 1878 1115">
    <p class='ocr_par' dir='ltr' id='par_1_11' title="bbox 253 1031 1878 1115">
     <span class='ocr_line' id='line_1_11' title="bbox 253 1031 1878 1115; baseline 0.007 -28"><span class='ocrx_word' id='word_1_62' title='bbox 253 1035 306 1087; x_wconf 85' lang='grc' dir='ltr'>τὸ</span> <span class='ocrx_word' id='word_1_63' title='bbox 349 1031 693 1106; x_wconf 83' lang='grc' dir='ltr'>ἐρωτώμενον</span> <span class='ocrx_word' id='word_1_64' title='bbox 744 1032 918 1108; x_wconf 81' lang='grc' dir='ltr'>ὀρθῶς</span> <span class='ocrx_word' id='word_1_65' title='bbox 974 1037 1420 1111; x_wconf 78' lang='grc' dir='ltr'>ἀποκρινόμενος,</span> <span class='ocrx_word' id='word_1_66' title='bbox 1475 1043 1563 1096; x_wconf 89' lang='grc' dir='ltr'>καὶ</span> <span class='ocrx_word' id='word_1_67' title='bbox 1614 1045 1690 1115; x_wconf 79' lang='grc' dir='ltr'><strong>μή</strong></span> <span class='ocrx_word' id='word_1_68' title='bbox 1745 1046 1878 1098; x_wconf 83' lang='grc' dir='ltr'>κατά</span> 
     </span>
    </p>
   </div>
   <div class='ocr_carea' id='block_1_12' title="bbox 257 1122 1874 1202">
    <p class='ocr_par' dir='ltr' id='par_1_12' title="bbox 257 1122 1874 1202">
     <span class='ocr_line' id='line_1_12' title="bbox 257 1122 1874 1202; baseline 0.006 -26"><span class='ocrx_word' id='word_1_69' title='bbox 257 1122 538 1192; x_wconf 78' lang='grc' dir='ltr'>ὑπόκρισιν,</span> <span class='ocrx_word' id='word_1_70' title='bbox 568 1122 629 1190; x_wconf 76' lang='grc' dir='ltr'>ἣν</span> <span class='ocrx_word' id='word_1_71' title='bbox 681 1122 744 1176; x_wconf 87' lang='grc' dir='ltr'>τὸ</span> <span class='ocrx_word' id='word_1_72' title='bbox 804 1124 899 1195; x_wconf 78' lang='grc' dir='ltr'>μὲν</span> <span class='ocrx_word' id='word_1_73' title='bbox 934 1123 1195 1195; x_wconf 86' lang='grc' dir='ltr'>ἀληθινὸν</span> <span class='ocrx_word' id='word_1_74' title='bbox 1252 1132 1384 1200; x_wconf 84' lang='grc' dir='ltr'>φῶς,</span> <span class='ocrx_word' id='word_1_75' title='bbox 1420 1132 1453 1198; x_wconf 81' lang='grc' dir='ltr'>ἡ</span> <span class='ocrx_word' id='word_1_76' title='bbox 1486 1129 1874 1202; x_wconf 71' lang='grc' dir='ltr'>αὐτοαλήθεια,</span> 
     </span>
    </p>
   </div>
   <div class='ocr_carea' id='block_1_13' title="bbox 253 1207 1875 1297">
    <p class='ocr_par' dir='ltr' id='par_1_13' title="bbox 253 1207 1875 1297">
     <span class='ocr_line' id='line_1_13' title="bbox 253 1207 1875 1297; baseline 0.007 -33"><span class='ocrx_word' id='word_1_77' title='bbox 253 1210 276 1264; x_wconf 79' lang='lat'>6</span> <span class='ocrx_word' id='word_1_78' title='bbox 303 1208 419 1270; x_wconf 82' lang='grc' dir='ltr'>Θεὸς</span> <span class='ocrx_word' id='word_1_79' title='bbox 445 1214 619 1297; x_wconf 57' lang='grc' dir='ltr'>μισεῖ,</span> <span class='ocrx_word' id='word_1_80' title='bbox 655 1210 683 1263; x_wconf 98' lang='lat'>6</span> <span class='ocrx_word' id='word_1_81' title='bbox 716 1207 774 1265; x_wconf 73' lang='grc' dir='ltr'>δὲ</span> <span class='ocrx_word' id='word_1_82' title='bbox 798 1216 894 1266; x_wconf 91' lang='grc' dir='ltr'>τοῦ</span> <span class='ocrx_word' id='word_1_83' title='bbox 920 1213 1148 1277; x_wconf 77' lang='grc' dir='ltr'>σκότους</span> <span class='ocrx_word' id='word_1_84' title='bbox 1175 1213 1360 1292; x_wconf 81' lang='grc' dir='ltr'>ἄρχων</span> <span class='ocrx_word' id='word_1_85' title='bbox 1396 1217 1682 1297; x_wconf 79' lang='grc' dir='ltr'>ὑπερφιλεῖ</span> <span class='ocrx_word' id='word_1_86' title='bbox 1706 1218 1795 1274; x_wconf 77' lang='grc' dir='ltr'>διὰ</span> <span class='ocrx_word' id='word_1_87' title='bbox 1813 1221 1875 1275; x_wconf 86' lang='grc' dir='ltr'>τὸ</span> 
     </span>
    </p>
   </div>
   <div class='ocr_carea' id='block_1_14' title="bbox 250 1295 808 1370">
    <p class='ocr_par' dir='ltr' id='par_1_14' title="bbox 250 1295 808 1370">
     <span class='ocr_line' id='line_1_14' title="bbox 250 1295 808 1370; baseline 0.007 -21"><span class='ocrx_word' id='word_1_88' title='bbox 250 1297 367 1370; x_wconf 84' lang='grc' dir='ltr'>πρὸς</span> <span class='ocrx_word' id='word_1_89' title='bbox 400 1295 556 1351; x_wconf 73' lang='grc' dir='ltr'>αὐτὸν</span> <span class='ocrx_word' id='word_1_90' title='bbox 586 1296 786 1370; x_wconf 80' lang='grc' dir='ltr'>ὅμοιον</span> <span class='ocrx_word' id='word_1_91' title='bbox 798 1342 808 1354; x_wconf 92' lang='grc'><strong>.</strong></span> 
     </span>
    </p>
   </div>
   <div class='ocr_carea' id='block_1_15' title="bbox 309 1405 1877 1492">
    <p class='ocr_par' dir='ltr' id='par_1_15' title="bbox 309 1405 1877 1492">
     <span class='ocr_line' id='line_1_15' title="bbox 309 1405 1877 1492; baseline 0.01 -37"><span class='ocrx_word' id='word_1_92' title='bbox 309 1405 394 1465; x_wconf 82' lang='grc' dir='ltr'>νς’.</span> <span class='ocrx_word' id='word_1_93' title='bbox 456 1405 522 1457; x_wconf 85' lang='grc' dir='ltr'><strong>Ἦ</strong></span> <span class='ocrx_word' id='word_1_94' title='bbox 569 1405 673 1480; x_wconf 72' lang='grc' dir='ltr'>γὰρ</span> <span class='ocrx_word' id='word_1_95' title='bbox 730 1405 790 1460; x_wconf 81' lang='grc' dir='ltr'>οὗ</span> <span class='ocrx_word' id='word_1_96' title='bbox 847 1410 1117 1464; x_wconf 85' lang='grc' dir='ltr'>σκοτεινὸν</span> <span class='ocrx_word' id='word_1_97' title='bbox 1167 1417 1311 1467; x_wconf 83' lang='grc' dir='ltr'>πᾶσα</span> <span class='ocrx_word' id='word_1_98' title='bbox 1372 1414 1689 1489; x_wconf 83' lang='grc' dir='ltr'>ὑπόκρισις,</span> <span class='ocrx_word' id='word_1_99' title='bbox 1745 1414 1877 1492; x_wconf 89' lang='grc' dir='ltr'>δίχα</span> 
     </span>
    </p>
   </div>
   <div class='ocr_carea' id='block_1_16' title="bbox 246 1491 1870 1578">
    <p class='ocr_par' dir='ltr' id='par_1_16' title="bbox 246 1491 1870 1578">
     <span class='ocr_line' id='line_1_16' title="bbox 246 1491 1870 1578; baseline 0.01 -35"><span class='ocrx_word' id='word_1_100' title='bbox 246 1511 296 1566; x_wconf 84' lang='grc' dir='ltr'>γε</span> <span class='ocrx_word' id='word_1_101' title='bbox 340 1493 431 1559; x_wconf 72' lang='grc' dir='ltr'>τῆς</span> <span class='ocrx_word' id='word_1_102' title='bbox 488 1491 736 1566; x_wconf 76' lang='grc' dir='ltr'>λογικῶς</span> <span class='ocrx_word' id='word_1_103' title='bbox 788 1493 1282 1570; x_wconf 76' lang='grc' dir='ltr'>παραδεδομένηςς</span> <span class='ocrx_word' id='word_1_104' title='bbox 1337 1501 1398 1556; x_wconf 82' lang='grc' dir='ltr'>οὐ</span> <span class='ocrx_word' id='word_1_105' title='bbox 1457 1503 1688 1576; x_wconf 76' lang='grc' dir='ltr'>μίμησ.ς</span> <span class='ocrx_word' id='word_1_106' title='bbox 1734 1491 1870 1578; x_wconf 80' lang='grc' dir='ltr'>ψιλὴ</span> 
     </span>
    </p>
   </div>
   <div class='ocr_carea' id='block_1_17' title="bbox 248 1580 1872 1665">
    <p class='ocr_par' dir='ltr' id='par_1_17' title="bbox 248 1580 1872 1665">
     <span class='ocr_line' id='line_1_17' title="bbox 248 1580 1872 1665; baseline 0.01 -32"><span class='ocrx_word' id='word_1_107' title='bbox 248 1580 448 1655; x_wconf 77' lang='grc' dir='ltr'>ἀγαθοῦ,</span> <span class='ocrx_word' id='word_1_108' title='bbox 498 1582 589 1634; x_wconf 77' lang='grc' dir='ltr'>καὶ</span> <span class='ocrx_word' id='word_1_109' title='bbox 645 1580 814 1638; x_wconf 86' lang='grc' dir='ltr'>πλέον</span> <span class='ocrx_word' id='word_1_110' title='bbox 870 1583 1024 1640; x_wconf 83' lang='grc' dir='ltr'>οὐδέν</span> <span class='ocrx_word' id='word_1_111' title='bbox 1055 1606 1069 1656; x_wconf 88' lang='grc'><strong>;</strong></span> <span class='ocrx_word' id='word_1_112' title='bbox 1102 1589 1365 1663; x_wconf 85' lang='grc' dir='ltr'>Ὀργανον</span> <span class='ocrx_word' id='word_1_113' title='bbox 1422 1590 1630 1662; x_wconf 81' lang='grc' dir='ltr'>ἀπάτης</span> <span class='ocrx_word' id='word_1_114' title='bbox 1688 1593 1820 1665; x_wconf 75' lang='grc' dir='ltr'>αῦτη</span> <span class='ocrx_word' id='word_1_115' title='bbox 1857 1639 1872 1665; x_wconf 90' lang='grc'>,</span> 
     </span>
    </p>
   </div>
   <div class='ocr_carea' id='block_1_18' title="bbox 247 1667 1875 1757">
    <p class='ocr_par' dir='ltr' id='par_1_18' title="bbox 247 1667 1875 1757">
     <span class='ocr_line' id='line_1_18' title="bbox 247 1667 1875 1757; baseline 0.01 -35"><span class='ocrx_word' id='word_1_116' title='bbox 247 1667 492 1757; x_wconf 59' lang='grc' dir='ltr'>ὑπόξυλος</span> <span class='ocrx_word' id='word_1_117' title='bbox 550 1669 826 1742; x_wconf 71' lang='grc' dir='ltr'>καλλονή,</span> <span class='ocrx_word' id='word_1_118' title='bbox 884 1673 1102 1748; x_wconf 72' lang='grc' dir='ltr'>ἄγαλμα</span> <span class='ocrx_word' id='word_1_119' title='bbox 1151 1679 1434 1753; x_wconf 74' lang='grc' dir='ltr'>πονηρίας,</span> <span class='ocrx_word' id='word_1_120' title='bbox 1489 1680 1726 1757; x_wconf 83' lang='grc' dir='ltr'>ῥυπαρὸν</span> <span class='ocrx_word' id='word_1_121' title='bbox 1781 1684 1875 1755; x_wconf 76' lang='grc' dir='ltr'>μὶν</span> 
     </span>
    </p>
   </div>
   <div class='ocr_carea' id='block_1_19' title="bbox 242 1755 1873 1845">
    <p class='ocr_par' dir='ltr' id='par_1_19' title="bbox 242 1755 1873 1845">
     <span class='ocr_line' id='line_1_19' title="bbox 242 1755 1873 1845; baseline 0.01 -36"><span class='ocrx_word' id='word_1_122' title='bbox 242 1758 298 1810; x_wconf 73' lang='grc' dir='ltr'>τὰ</span> <span class='ocrx_word' id='word_1_123' title='bbox 324 1755 465 1811; x_wconf 85' lang='grc' dir='ltr'>ἔνδον</span> <span class='ocrx_word' id='word_1_124' title='bbox 497 1758 587 1812; x_wconf 69' lang='grc' dir='ltr'>καὶ</span> <span class='ocrx_word' id='word_1_125' title='bbox 625 1759 1025 1839; x_wconf 77' lang='grc' dir='ltr'>ὑπομόχθηρον</span> <span class='ocrx_word' id='word_1_126' title='bbox 1075 1765 1162 1819; x_wconf 83' lang='grc' dir='ltr'>καὶ</span> <span class='ocrx_word' id='word_1_127' title='bbox 1213 1755 1502 1837; x_wconf 87' lang='grc' dir='ltr'>κίϐδηλον,</span> <span class='ocrx_word' id='word_1_128' title='bbox 1533 1769 1600 1824; x_wconf 81' lang='grc' dir='ltr'>τὰ</span> <span class='ocrx_word' id='word_1_129' title='bbox 1637 1755 1708 1824; x_wconf 71' lang='grc' dir='ltr'>δὲ</span> <span class='ocrx_word' id='word_1_130' title='bbox 1737 1791 1873 1845; x_wconf 82' lang='grc' dir='ltr'>προ-</span> 
     </span>
    </p>
   </div>
   <div class='ocr_carea' id='block_1_20' title="bbox 1988 592 3634 666">
    <p class='ocr_par' dir='ltr' id='par_1_20' title="bbox 1988 592 3634 666">
     <span class='ocr_line' id='line_1_20' title="bbox 1988 592 3634 666; baseline 0.001 -17"><span class='ocrx_word' id='word_1_131' title='bbox 1988 599 2330 650; x_wconf 86' lang='lat' dir='ltr'>veneranter</span> <span class='ocrx_word' id='word_1_132' title='bbox 2358 595 2478 666; x_wconf 86' lang='lat' dir='ltr'>agit</span> <span class='ocrx_word' id='word_1_133' title='bbox 2498 595 2556 650; x_wconf 91' lang='lat' dir='ltr'>in</span> <span class='ocrx_word' id='word_1_134' title='bbox 2581 595 2770 665; x_wconf 92' lang='lat' dir='ltr'>illum,</span> <span class='ocrx_word' id='word_1_135' title='bbox 2793 612 2990 650; x_wconf 88' lang='lat' dir='ltr'>verum</span> <span class='ocrx_word' id='word_1_136' title='bbox 3023 593 3333 659; x_wconf 89' lang='lat' dir='ltr'>etiam,illo</span> <span class='ocrx_word' id='word_1_137' title='bbox 3361 592 3634 664; x_wconf 84' lang='lat' dir='ltr'>loquente</span> 
     </span>
    </p>
   </div>
   <div class='ocr_carea' id='block_1_21' title="bbox 1988 684 3630 754">
    <p class='ocr_par' dir='ltr' id='par_1_21' title="bbox 1988 684 3630 754">
     <span class='ocr_line' id='line_1_21' title="bbox 1988 684 3630 754; baseline 0 -15"><span class='ocrx_word' id='word_1_138' title='bbox 1988 687 2162 754; x_wconf 87' lang='lat' dir='ltr'>tacet,</span> <span class='ocrx_word' id='word_1_139' title='bbox 2186 689 2244 739; x_wconf 90' lang='lat' dir='ltr'>et</span> <span class='ocrx_word' id='word_1_140' title='bbox 2273 686 2424 739; x_wconf 91' lang='lat' dir='ltr'>bona</span> <span class='ocrx_word' id='word_1_141' title='bbox 2445 685 2678 754; x_wconf 88' lang='lat' dir='ltr'>quidem</span> <span class='ocrx_word' id='word_1_142' title='bbox 2711 684 2928 740; x_wconf 83' lang='lat' dir='ltr'>dicenti</span> <span class='ocrx_word' id='word_1_143' title='bbox 2951 684 3167 754; x_wconf 81' lang='lat' dir='ltr'>obedit,</span> <span class='ocrx_word' id='word_1_144' title='bbox 3198 684 3414 754; x_wconf 89' lang='lat' dir='ltr'>aliquid</span> <span class='ocrx_word' id='word_1_145' title='bbox 3435 688 3630 739; x_wconf 89' lang='lat' dir='ltr'>autem</span> 
     </span>
    </p>
   </div>
   <div class='ocr_carea' id='block_1_22' title="bbox 1988 773 3630 847">
    <p class='ocr_par' dir='ltr' id='par_1_22' title="bbox 1988 773 3630 847">
     <span class='ocr_line' id='line_1_22' title="bbox 1988 773 3630 847; baseline 0 -18"><span class='ocrx_word' id='word_1_146' title='bbox 1988 773 2250 845; x_wconf 86' lang='lat' dir='ltr'>peccanti</span> <span class='ocrx_word' id='word_1_147' title='bbox 2308 773 2573 847; x_wconf 83' lang='lat' dir='ltr'>indulget</span> <span class='ocrx_word' id='word_1_148' title='bbox 2630 776 2978 844; x_wconf 74' lang='lat' dir='ltr'>prudenter;</span> <span class='ocrx_word' id='word_1_149' title='bbox 3036 773 3137 846; x_wconf 90' lang='lat' dir='ltr'>qui</span> <span class='ocrx_word' id='word_1_150' title='bbox 3175 773 3350 828; x_wconf 91' lang='lat' dir='ltr'>etiam</span> <span class='ocrx_word' id='word_1_151' title='bbox 3385 790 3630 845; x_wconf 90' lang='lat' dir='ltr'>quomo-</span> 
     </span>
    </p>
   </div>
   <div class='ocr_carea' id='block_1_23' title="bbox 1987 861 3631 935">
    <p class='ocr_par' dir='ltr' id='par_1_23' title="bbox 1987 861 3631 935">
     <span class='ocr_line' id='line_1_23' title="bbox 1987 861 3631 935; baseline -0.001 -18"><span class='ocrx_word' id='word_1_152' title='bbox 1987 863 2296 934; x_wconf 90' lang='lat' dir='ltr'>docunque</span> <span class='ocrx_word' id='word_1_153' title='bbox 2325 871 2638 927; x_wconf 88' lang='lat' dir='ltr'>errantem,</span> <span class='ocrx_word' id='word_1_154' title='bbox 2673 869 2846 935; x_wconf 90' lang='lat' dir='ltr'>prout</span> <span class='ocrx_word' id='word_1_155' title='bbox 2876 879 2967 918; x_wconf 90' lang='lat' dir='ltr'>res</span> <span class='ocrx_word' id='word_1_156' title='bbox 2995 863 3199 918; x_wconf 89' lang='lat' dir='ltr'>volunt</span> <span class='ocrx_word' id='word_1_157' title='bbox 3228 863 3454 918; x_wconf 80' lang='lat' dir='ltr'>reducit</span> <span class='ocrx_word' id='word_1_158' title='bbox 3484 866 3542 918; x_wconf 89' lang='lat' dir='ltr'>et</span> <span class='ocrx_word' id='word_1_159' title='bbox 3572 861 3631 916; x_wconf 91' lang='lat' dir='ltr'>in</span> 
     </span>
    </p>
   </div>
   <div class='ocr_carea' id='block_1_24' title="bbox 1985 951 3628 1025">
    <p class='ocr_par' dir='ltr' id='par_1_24' title="bbox 1985 951 3628 1025">
     <span class='ocr_line' id='line_1_24' title="bbox 1985 951 3628 1025; baseline -0.001 -17"><span class='ocrx_word' id='word_1_160' title='bbox 1985 952 2139 1008; x_wconf 86' lang='lat' dir='ltr'>viam</span> <span class='ocrx_word' id='word_1_161' title='bbox 2174 958 2386 1008; x_wconf 89' lang='lat' dir='ltr'>rectam</span> <span class='ocrx_word' id='word_1_162' title='bbox 2416 951 2650 1023; x_wconf 80' lang='lat' dir='ltr'>dirigit;</span> <span class='ocrx_word' id='word_1_163' title='bbox 2685 952 2824 1025; x_wconf 88' lang='lat' dir='ltr'>quid</span> <span class='ocrx_word' id='word_1_164' title='bbox 2847 953 2915 1007; x_wconf 94' lang='lat' dir='ltr'>ad</span> <span class='ocrx_word' id='word_1_165' title='bbox 2947 952 3308 1024; x_wconf 87' lang='lat' dir='ltr'>interrogata</span> <span class='ocrx_word' id='word_1_166' title='bbox 3332 957 3488 1008; x_wconf 87' lang='lat' dir='ltr'>recte</span> <span class='ocrx_word' id='word_1_167' title='bbox 3513 967 3628 1008; x_wconf 80' lang='lat' dir='ltr'>res-</span> 
     </span>
    </p>
   </div>
   <div class='ocr_carea' id='block_1_25' title="bbox 1987 1039 3630 1114">
    <p class='ocr_par' dir='ltr' id='par_1_25' title="bbox 1987 1039 3630 1114">
     <span class='ocr_line' id='line_1_25' title="bbox 1987 1039 3630 1114; baseline -0.002 -17"><span class='ocrx_word' id='word_1_168' title='bbox 1987 1043 2206 1113; x_wconf 89' lang='lat' dir='ltr'>pondet</span> <span class='ocrx_word' id='word_1_169' title='bbox 2243 1046 2301 1097; x_wconf 92' lang='lat' dir='ltr'>et</span> <span class='ocrx_word' id='word_1_170' title='bbox 2356 1059 2471 1097; x_wconf 94' lang='lat' dir='ltr'>non</span> <span class='ocrx_word' id='word_1_171' title='bbox 2506 1057 2607 1114; x_wconf 92' lang='lat' dir='ltr'>per</span> <span class='ocrx_word' id='word_1_172' title='bbox 2636 1040 3013 1114; x_wconf 81' lang='lat' dir='ltr'>hypocrisim,</span> <span class='ocrx_word' id='word_1_173' title='bbox 3049 1057 3225 1112; x_wconf 90' lang='lat' dir='ltr'>quam</span> <span class='ocrx_word' id='word_1_174' title='bbox 3257 1041 3496 1112; x_wconf 89' lang='lat' dir='ltr'>quidem</span> <span class='ocrx_word' id='word_1_175' title='bbox 3529 1039 3630 1094; x_wconf 82' lang='lat' dir='ltr'>lux</span> 
     </span>
    </p>
   </div>
   <div class='ocr_carea' id='block_1_26' title="bbox 1986 1130 3628 1204">
    <p class='ocr_par' dir='ltr' id='par_1_26' title="bbox 1986 1130 3628 1204">
     <span class='ocr_line' id='line_1_26' title="bbox 1986 1130 3628 1204; baseline -0.001 -19"><span class='ocrx_word' id='word_1_176' title='bbox 1986 1147 2146 1200; x_wconf 89' lang='lat' dir='ltr'>vera,</span> <span class='ocrx_word' id='word_1_177' title='bbox 2205 1131 2336 1204; x_wconf 91' lang='lat' dir='ltr'>ipsa</span> <span class='ocrx_word' id='word_1_178' title='bbox 2394 1131 2628 1198; x_wconf 89' lang='lat' dir='ltr'>veritas,</span> <span class='ocrx_word' id='word_1_179' title='bbox 2687 1131 2840 1186; x_wconf 91' lang='lat' dir='ltr'>Deus</span> <span class='ocrx_word' id='word_1_180' title='bbox 2899 1130 3046 1197; x_wconf 90' lang='lat' dir='ltr'>odit,</span> <span class='ocrx_word' id='word_1_181' title='bbox 3103 1130 3377 1203; x_wconf 82' lang='lat' dir='ltr'>princeps</span> <span class='ocrx_word' id='word_1_182' title='bbox 3433 1133 3628 1185; x_wconf 90' lang='lat' dir='ltr'>autem</span> 
     </span>
    </p>
   </div>
   <div class='ocr_carea' id='block_1_27' title="bbox 1986 1219 3630 1292">
    <p class='ocr_par' dir='ltr' id='par_1_27' title="bbox 1986 1219 3630 1292">
     <span class='ocr_line' id='line_1_27' title="bbox 1986 1219 3630 1292; baseline 0 -18"><span class='ocrx_word' id='word_1_183' title='bbox 1986 1221 2361 1276; x_wconf 81' lang='lat' dir='ltr'>tenebrarum</span> <span class='ocrx_word' id='word_1_184' title='bbox 2389 1221 2461 1276; x_wconf 93' lang='lat' dir='ltr'>ob</span> <span class='ocrx_word' id='word_1_185' title='bbox 2492 1219 2944 1276; x_wconf 81' lang='lat' dir='ltr'>similitudinem</span> <span class='ocrx_word' id='word_1_186' title='bbox 2992 1219 3084 1276; x_wconf 90' lang='lat' dir='ltr'>sui</span> <span class='ocrx_word' id='word_1_187' title='bbox 3116 1219 3513 1292; x_wconf 83' lang='lat' dir='ltr'>maximopere</span> <span class='ocrx_word' id='word_1_188' title='bbox 3543 1219 3630 1274; x_wconf 88' lang='lat' dir='ltr'>di-</span> 
     </span>
    </p>
   </div>
   <div class='ocr_carea' id='block_1_28' title="bbox 1985 1307 2137 1382">
    <p class='ocr_par' dir='ltr' id='par_1_28' title="bbox 1985 1307 2137 1382">
     <span class='ocr_line' id='line_1_28' title="bbox 1985 1307 2137 1382; baseline 0.007 -19"><span class='ocrx_word' id='word_1_189' title='bbox 1985 1307 2137 1382; x_wconf 88' lang='lat' dir='ltr'>ligit.</span> 
     </span>
    </p>
   </div>
   <div class='ocr_carea' id='block_1_29' title="bbox 2055 1415 3626 1488">
    <p class='ocr_par' dir='ltr' id='par_1_29' title="bbox 2055 1415 3626 1488">
     <span class='ocr_line' id='line_1_29' title="bbox 2055 1415 3626 1488; baseline 0.001 -18"><span class='ocrx_word' id='word_1_190' title='bbox 2055 1418 2126 1471; x_wconf 88' lang='lat'>56</span> <span class='ocrx_word' id='word_1_191' title='bbox 2203 1417 2503 1488; x_wconf 89' lang='lat' dir='ltr'>Numquid</span> <span class='ocrx_word' id='word_1_192' title='bbox 2552 1416 2708 1472; x_wconf 92' lang='lat' dir='ltr'>enim</span> <span class='ocrx_word' id='word_1_193' title='bbox 2767 1416 3144 1472; x_wconf 90' lang='lat' dir='ltr'>tenebrosum</span> <span class='ocrx_word' id='word_1_194' title='bbox 3203 1415 3345 1487; x_wconf 90' lang='lat' dir='ltr'>quid</span> <span class='ocrx_word' id='word_1_195' title='bbox 3386 1431 3502 1471; x_wconf 90' lang='lat' dir='ltr'>non</span> <span class='ocrx_word' id='word_1_196' title='bbox 3536 1419 3626 1472; x_wconf 90' lang='lat' dir='ltr'>est</span> 
     </span>
    </p>
   </div>
   <div class='ocr_carea' id='block_1_30' title="bbox 1984 1504 3628 1577">
    <p class='ocr_par' dir='ltr' id='par_1_30' title="bbox 1984 1504 3628 1577">
     <span class='ocr_line' id='line_1_30' title="bbox 1984 1504 3628 1577; baseline 0.002 -20"><span class='ocrx_word' id='word_1_197' title='bbox 1984 1505 2180 1560; x_wconf 85' lang='lat' dir='ltr'>omnis</span> <span class='ocrx_word' id='word_1_198' title='bbox 2208 1504 2532 1577; x_wconf 85' lang='lat' dir='ltr'>hypocrisis</span> <span class='ocrx_word' id='word_1_199' title='bbox 2564 1509 2772 1577; x_wconf 72' lang='lat' dir='ltr'>praeter</span> <span class='ocrx_word' id='word_1_200' title='bbox 2803 1521 2932 1560; x_wconf 87' lang='lat' dir='ltr'>eam</span> <span class='ocrx_word' id='word_1_201' title='bbox 2990 1521 3117 1576; x_wconf 61' lang='lat' dir='ltr'>quae</span> <span class='ocrx_word' id='word_1_202' title='bbox 3168 1504 3353 1576; x_wconf 85' lang='lat' dir='ltr'>logice</span> <span class='ocrx_word' id='word_1_203' title='bbox 3409 1504 3628 1560; x_wconf 88' lang='lat' dir='ltr'>tradita</span> 
     </span>
    </p>
   </div>
   <div class='ocr_carea' id='block_1_31' title="bbox 1984 1592 3623 1664">
    <p class='ocr_par' dir='ltr' id='par_1_31' title="bbox 1984 1592 3623 1664">
     <span class='ocr_line' id='line_1_31' title="bbox 1984 1592 3623 1664; baseline -0.001 -16"><span class='ocrx_word' id='word_1_204' title='bbox 1984 1593 2110 1648; x_wconf 86' lang='lat' dir='ltr'>est?</span> <span class='ocrx_word' id='word_1_205' title='bbox 2141 1610 2335 1648; x_wconf 91' lang='lat' dir='ltr'>annon</span> <span class='ocrx_word' id='word_1_206' title='bbox 2394 1611 2542 1650; x_wconf 90' lang='lat' dir='ltr'>vana</span> <span class='ocrx_word' id='word_1_207' title='bbox 2570 1593 2707 1649; x_wconf 90' lang='lat' dir='ltr'>boni</span> <span class='ocrx_word' id='word_1_208' title='bbox 2757 1593 3057 1648; x_wconf 79' lang='lat' dir='ltr'>simulatio</span> <span class='ocrx_word' id='word_1_209' title='bbox 3110 1597 3499 1664; x_wconf 62' lang='lat' dir='ltr'>praetereaque</span> <span class='ocrx_word' id='word_1_210' title='bbox 3529 1592 3623 1647; x_wconf 80' lang='lat' dir='ltr'>ni-</span> 
     </span>
    </p>
   </div>
   <div class='ocr_carea' id='block_1_32' title="bbox 1982 1680 3623 1754">
    <p class='ocr_par' dir='ltr' id='par_1_32' title="bbox 1982 1680 3623 1754">
     <span class='ocr_line' id='line_1_32' title="bbox 1982 1680 3623 1754; baseline -0.001 -18"><span class='ocrx_word' id='word_1_211' title='bbox 1982 1680 2114 1736; x_wconf 84' lang='lat' dir='ltr'>hil?</span> <span class='ocrx_word' id='word_1_212' title='bbox 2145 1681 2274 1736; x_wconf 63' lang='lat' dir='ltr'>Hec</span> <span class='ocrx_word' id='word_1_213' title='bbox 2305 1681 2666 1753; x_wconf 88' lang='lat' dir='ltr'>deceptionis</span> <span class='ocrx_word' id='word_1_214' title='bbox 2698 1683 3182 1750; x_wconf 82' lang='lat' dir='ltr'>instrumentum;</span> <span class='ocrx_word' id='word_1_215' title='bbox 3215 1682 3462 1738; x_wconf 86' lang='lat' dir='ltr'>conﬁcta</span> <span class='ocrx_word' id='word_1_216' title='bbox 3494 1685 3623 1754; x_wconf 87' lang='lat' dir='ltr'>pul-</span> 
     </span>
    </p>
   </div>
   <div class='ocr_carea' id='block_1_33' title="bbox 1983 1773 3621 1846">
    <p class='ocr_par' dir='ltr' id='par_1_33' title="bbox 1983 1773 3621 1846">
     <span class='ocr_line' id='line_1_33' title="bbox 1983 1773 3621 1846; baseline -0.001 -18"><span class='ocrx_word' id='word_1_217' title='bbox 1983 1773 2277 1843; x_wconf 88' lang='lat' dir='ltr'>chritudo,</span> <span class='ocrx_word' id='word_1_218' title='bbox 2309 1773 2544 1829; x_wconf 66' lang='lat' dir='ltr'>malitiae</span> <span class='ocrx_word' id='word_1_219' title='bbox 2602 1774 3012 1841; x_wconf 86' lang='lat' dir='ltr'>simulacrum,</span> <span class='ocrx_word' id='word_1_220' title='bbox 3048 1774 3351 1829; x_wconf 89' lang='lat' dir='ltr'>sordidum</span> <span class='ocrx_word' id='word_1_221' title='bbox 3383 1773 3621 1846; x_wconf 87' lang='lat' dir='ltr'>quidem</span> 
     </span>
    </p>
   </div>
   <div class='ocr_carea' id='block_1_34' title="bbox 245 1845 1874 1945">
    <p class='ocr_par' dir='ltr' id='par_1_34' title="bbox 245 1845 1871 1936">
     <span class='ocr_line' id='line_1_34' title="bbox 245 1845 1871 1936; baseline 0.01 -38"><span class='ocrx_word' id='word_1_222' title='bbox 245 1845 522 1922; x_wconf 62' lang='grc' dir='ltr'>Ῡαινόμενα</span> <span class='ocrx_word' id='word_1_223' title='bbox 575 1847 932 1919; x_wconf 75' lang='grc' dir='ltr'>πεόικαλλὲς,</span> <span class='ocrx_word' id='word_1_224' title='bbox 983 1853 1074 1906; x_wconf 84' lang='grc' dir='ltr'>καὶ</span> <span class='ocrx_word' id='word_1_225' title='bbox 1107 1853 1168 1907; x_wconf 77' lang='grc' dir='ltr'>οὐ</span> <span class='ocrx_word' id='word_1_226' title='bbox 1198 1857 1333 1910; x_wconf 89' lang='grc' dir='ltr'>κατά</span> <span class='ocrx_word' id='word_1_227' title='bbox 1382 1878 1432 1910; x_wconf 92' lang='grc' dir='ltr'>τι</span> <span class='ocrx_word' id='word_1_228' title='bbox 1477 1854 1871 1936; x_wconf 75' lang='grc' dir='ltr'>χολοϐάιρινον,</span> 
     </span>
    </p>
   </div>
   <div class='ocr_carea' id='block_1_35' title="bbox 1989 1845 3624 1945">
    <p class='ocr_par' dir='ltr' id='par_1_35' title="bbox 1989 1845 3624 1934">
     <span class='ocr_line' id='line_1_35' title="bbox 1989 1845 3624 1934; baseline 0.001 -19"><span class='ocrx_word' id='word_1_229' title='bbox 1989 1861 2234 1918; x_wconf 89' lang='lat' dir='ltr'>interius</span> <span class='ocrx_word' id='word_1_230' title='bbox 2263 1867 2320 1918; x_wconf 84' lang='lat' dir='ltr'>et</span> <span class='ocrx_word' id='word_1_231' title='bbox 2350 1879 2592 1934; x_wconf 87' lang='lat' dir='ltr'>parvum</span> <span class='ocrx_word' id='word_1_232' title='bbox 2622 1867 2679 1918; x_wconf 89' lang='lat' dir='ltr'>et</span> <span class='ocrx_word' id='word_1_233' title='bbox 2727 1862 3144 1930; x_wconf 87' lang='lat' dir='ltr'>adulteratum,</span> <span class='ocrx_word' id='word_1_234' title='bbox 3179 1845 3436 1918; x_wconf 86' lang='lat' dir='ltr'>exterius</span> <span class='ocrx_word' id='word_1_235' title='bbox 3492 1878 3624 1917; x_wconf 87' lang='lat' dir='ltr'>vero</span> 
     </span>
    </p>
   </div>
   <div class='ocr_carea' id='block_1_36' title="bbox 248 1933 1869 2020">
    <p class='ocr_par' dir='ltr' id='par_1_36' title="bbox 248 1933 1869 2020">
     <span class='ocr_line' id='line_1_36' title="bbox 248 1933 1869 2020; baseline 0.012 -33"><span class='ocrx_word' id='word_1_236' title='bbox 248 1933 373 1988; x_wconf 74' lang='grc' dir='ltr'>ἀλλὰ</span> <span class='ocrx_word' id='word_1_237' title='bbox 433 1933 681 2009; x_wconf 75' lang='grc' dir='ltr'>ἀμυδρόν</span> <span class='ocrx_word' id='word_1_238' title='bbox 736 1959 786 1991; x_wconf 91' lang='grc' dir='ltr'>τι</span> <span class='ocrx_word' id='word_1_239' title='bbox 844 1937 1174 2014; x_wconf 86' lang='grc' dir='ltr'>προλάμπον</span> <span class='ocrx_word' id='word_1_240' title='bbox 1235 1945 1440 2020; x_wconf 76' lang='grc' dir='ltr'>χρυσέᾳ</span> <span class='ocrx_word' id='word_1_241' title='bbox 1494 1933 1869 2020; x_wconf 87' lang='grc' dir='ltr'>στιλπνότητι.</span> 
     </span>
    </p>
   </div>
   <div class='ocr_carea' id='block_1_37' title="bbox 246 2024 1874 2112">
    <p class='ocr_par' dir='ltr' id='par_1_37' title="bbox 246 2024 1874 2112">
     <span class='ocr_line' id='line_1_37' title="bbox 246 2024 1874 2112; baseline 0.01 -35"><span class='ocrx_word' id='word_1_242' title='bbox 246 2024 438 2086; x_wconf 85' lang='grc' dir='ltr'>Λάκκος</span> <span class='ocrx_word' id='word_1_243' title='bbox 488 2024 627 2096; x_wconf 77' lang='grc' dir='ltr'>αὕτη</span> <span class='ocrx_word' id='word_1_244' title='bbox 687 2030 1112 2103; x_wconf 87' lang='grc' dir='ltr'>κατηνθισμένος</span> <span class='ocrx_word' id='word_1_245' title='bbox 1155 2031 1243 2086; x_wconf 79' lang='grc' dir='ltr'>ἐπὶ</span> <span class='ocrx_word' id='word_1_246' title='bbox 1289 2033 1534 2106; x_wconf 82' lang='grc' dir='ltr'>ἀπωλείᾳ</span> <span class='ocrx_word' id='word_1_247' title='bbox 1583 2041 1690 2091; x_wconf 91' lang='grc' dir='ltr'>τῶν</span> <span class='ocrx_word' id='word_1_248' title='bbox 1723 2058 1874 2112; x_wconf 84' lang='grc' dir='ltr'>περι-</span> 
     </span>
    </p>
   </div>
   <div class='ocr_carea' id='block_1_38' title="bbox 246 2111 1874 2202">
    <p class='ocr_par' dir='ltr' id='par_1_38' title="bbox 246 2111 1874 2202">
     <span class='ocr_line' id='line_1_38' title="bbox 246 2111 1874 2202; baseline 0.012 -39"><span class='ocrx_word' id='word_1_249' title='bbox 246 2111 594 2185; x_wconf 78' lang='grc' dir='ltr'>πεσουμένωνο</span> <span class='ocrx_word' id='word_1_250' title='bbox 651 2119 839 2191; x_wconf 78' lang='grc' dir='ltr'>ψυχῆς</span> <span class='ocrx_word' id='word_1_251' title='bbox 895 2116 1327 2193; x_wconf 76' lang='grc' dir='ltr'>ἒκπορνευούσης</span> <span class='ocrx_word' id='word_1_252' title='bbox 1385 2119 1678 2202; x_wconf 75' lang='grc' dir='ltr'>μόρφασμα</span> <span class='ocrx_word' id='word_1_253' title='bbox 1711 2144 1725 2162; x_wconf 79' lang='grc' dir='ltr'><strong>ο</strong></span> <span class='ocrx_word' id='word_1_254' title='bbox 1779 2111 1874 2181; x_wconf 78' lang='grc' dir='ltr'>κα-</span> 
     </span>
    </p>
   </div>
   <div class='ocr_carea' id='block_1_39' title="bbox 244 2200 1875 2286">
    <p class='ocr_par' dir='ltr' id='par_1_39' title="bbox 244 2200 1875 2286">
     <span class='ocr_line' id='line_1_39' title="bbox 244 2200 1875 2286; baseline 0.012 -34"><span class='ocrx_word' id='word_1_255' title='bbox 244 2200 322 2253; x_wconf 84' lang='grc' dir='ltr'>κία</span> <span class='ocrx_word' id='word_1_256' title='bbox 369 2200 634 2271; x_wconf 75' lang='grc' dir='ltr'>ὕπουλος,</span> <span class='ocrx_word' id='word_1_257' title='bbox 692 2205 888 2278; x_wconf 74' lang='grc' dir='ltr'>ἀρετὴν</span> <span class='ocrx_word' id='word_1_258' title='bbox 947 2206 1300 2282; x_wconf 73' lang='grc' dir='ltr'>ἐπιφαίνουσα</span> <span class='ocrx_word' id='word_1_259' title='bbox 1353 2200 1596 2286; x_wconf 86' lang='grc' dir='ltr'>διαϐόλῳ</span> <span class='ocrx_word' id='word_1_260' title='bbox 1636 2215 1875 2270; x_wconf 86' lang='grc' dir='ltr'>αὑτείκε-</span> 
     </span>
    </p>
   </div>
   <div class='ocr_carea' id='block_1_40' title="bbox 243 2286 1872 2376">
    <p class='ocr_par' dir='ltr' id='par_1_40' title="bbox 243 2286 1872 2376">
     <span class='ocr_line' id='line_1_40' title="bbox 243 2286 1872 2376; baseline 0.011 -34"><span class='ocrx_word' id='word_1_261' title='bbox 243 2286 345 2344; x_wconf 87' lang='grc' dir='ltr'>λον·</span> <span class='ocrx_word' id='word_1_262' title='bbox 398 2289 594 2364; x_wconf 74' lang='grc' dir='ltr'>ψεῦδος</span> <span class='ocrx_word' id='word_1_263' title='bbox 654 2291 932 2369; x_wconf 76' lang='grc' dir='ltr'>ἔνσαρκον·</span> <span class='ocrx_word' id='word_1_264' title='bbox 989 2295 1159 2369; x_wconf 74' lang='grc' dir='ltr'>λιμὴν</span> <span class='ocrx_word' id='word_1_265' title='bbox 1190 2299 1427 2376; x_wconf 70' lang='grc' dir='ltr'>φρίσσων</span> <span class='ocrx_word' id='word_1_266' title='bbox 1483 2299 1658 2366; x_wconf 80' lang='grc' dir='ltr'>λίθοις</span> <span class='ocrx_word' id='word_1_267' title='bbox 1701 2303 1872 2375; x_wconf 79' lang='grc' dir='ltr'>ὀξέσιν</span> 
     </span>
    </p>
   </div>
   <div class='ocr_carea' id='block_1_41' title="bbox 246 2378 1874 2468">
    <p class='ocr_par' dir='ltr' id='par_1_41' title="bbox 246 2378 1874 2468">
     <span class='ocr_line' id='line_1_41' title="bbox 246 2378 1874 2468; baseline 0.011 -37"><span class='ocrx_word' id='word_1_268' title='bbox 246 2378 508 2468; x_wconf 54' lang='grc' dir='ltr'>ὑφάλοιςί</span> <span class='ocrx_word' id='word_1_269' title='bbox 551 2381 722 2458; x_wconf 82' lang='grc' dir='ltr'>παγίς</span> <span class='ocrx_word' id='word_1_270' title='bbox 778 2382 1149 2458; x_wconf 79' lang='grc' dir='ltr'>εὐπρόσωπος·</span> <span class='ocrx_word' id='word_1_271' title='bbox 1212 2391 1458 2464; x_wconf 87' lang='grc' dir='ltr'>χαροπὸν</span> <span class='ocrx_word' id='word_1_272' title='bbox 1518 2392 1704 2468; x_wconf 79' lang='grc' dir='ltr'>θηρίον</span> <span class='ocrx_word' id='word_1_273' title='bbox 1740 2440 1755 2466; x_wconf 90' lang='grc'>,</span> <span class='ocrx_word' id='word_1_274' title='bbox 1812 2394 1874 2449; x_wconf 82' lang='grc' dir='ltr'>οῦ</span> 
     </span>
    </p>
   </div>
   <div class='ocr_carea' id='block_1_42' title="bbox 239 2465 1874 2559">
    <p class='ocr_par' dir='ltr' id='par_1_42' title="bbox 239 2465 1874 2559">
     <span class='ocr_line' id='line_1_42' title="bbox 239 2465 1874 2559; baseline 0.01 -39"><span class='ocrx_word' id='word_1_275' title='bbox 239 2470 429 2540; x_wconf 74' lang='grc' dir='ltr'>τῇκατ⁹</span> <span class='ocrx_word' id='word_1_276' title='bbox 480 2465 608 2542; x_wconf 74' lang='grc' dir='ltr'>ὄψιν</span> <span class='ocrx_word' id='word_1_277' title='bbox 667 2478 813 2548; x_wconf 82' lang='grc' dir='ltr'>χαρᾷ</span> <span class='ocrx_word' id='word_1_278' title='bbox 858 2474 920 2528; x_wconf 88' lang='grc' dir='ltr'>τὸ</span> <span class='ocrx_word' id='word_1_279' title='bbox 971 2480 1079 2530; x_wconf 90' lang='grc' dir='ltr'>τῶν</span> <span class='ocrx_word' id='word_1_280' title='bbox 1139 2474 1372 2532; x_wconf 83' lang='grc' dir='ltr'>ὀδόντων</span> <span class='ocrx_word' id='word_1_281' title='bbox 1422 2465 1713 2559; x_wconf 68' lang='grc' dir='ltr'>ἀντιφωνεῖ</span> <span class='ocrx_word' id='word_1_282' title='bbox 1741 2465 1874 2558; x_wconf 84' lang='grc' dir='ltr'>κάρ-</span> 
     </span>
    </p>
   </div>
   <div class='ocr_carea' id='block_1_43' title="bbox 238 2559 1870 2640">
    <p class='ocr_par' dir='ltr' id='par_1_43' title="bbox 238 2559 1870 2640">
     <span class='ocr_line' id='line_1_43' title="bbox 238 2559 1870 2640; baseline 0.012 -32"><span class='ocrx_word' id='word_1_283' title='bbox 238 2575 408 2630; x_wconf 87' lang='grc' dir='ltr'>χαρον.</span> <span class='ocrx_word' id='word_1_284' title='bbox 457 2559 802 2633; x_wconf 78' lang='grc' dir='ltr'>Ὀρθότητος</span> <span class='ocrx_word' id='word_1_285' title='bbox 856 2561 990 2632; x_wconf 73' lang='grc' dir='ltr'>αὕτη</span> <span class='ocrx_word' id='word_1_286' title='bbox 1041 2563 1403 2640; x_wconf 81' lang='grc' dir='ltr'>έμπαίκτρια,</span> <span class='ocrx_word' id='word_1_287' title='bbox 1461 2571 1542 2632; x_wconf 82' lang='grc' dir='ltr'>οἷς</span> <span class='ocrx_word' id='word_1_288' title='bbox 1595 2570 1676 2624; x_wconf 74' lang='grc' dir='ltr'>ἀεὶ</span> <span class='ocrx_word' id='word_1_289' title='bbox 1729 2571 1870 2626; x_wconf 86' lang='grc' dir='ltr'>πλα-</span> 
     </span>
    </p>
   </div>
   <div class='ocr_carea' id='block_1_44' title="bbox 237 2647 1870 2730">
    <p class='ocr_par' dir='ltr' id='par_1_44' title="bbox 237 2647 1870 2730">
     <span class='ocr_line' id='line_1_44' title="bbox 237 2647 1870 2730; baseline 0.011 -32"><span class='ocrx_word' id='word_1_290' title='bbox 237 2647 412 2719; x_wconf 79' lang='grc' dir='ltr'>γιάζει,</span> <span class='ocrx_word' id='word_1_291' title='bbox 460 2649 525 2702; x_wconf 78' lang='grc' dir='ltr'>τὰ</span> <span class='ocrx_word' id='word_1_292' title='bbox 583 2647 780 2704; x_wconf 83' lang='grc' dir='ltr'>πολλὰ</span> <span class='ocrx_word' id='word_1_293' title='bbox 838 2648 894 2705; x_wconf 74' lang='grc' dir='ltr'>δὲ</span> <span class='ocrx_word' id='word_1_294' title='bbox 951 2653 1040 2707; x_wconf 83' lang='grc' dir='ltr'>καὶ</span> <span class='ocrx_word' id='word_1_295' title='bbox 1097 2651 1284 2726; x_wconf 77' lang='grc' dir='ltr'>κύκλῳ</span> <span class='ocrx_word' id='word_1_296' title='bbox 1331 2664 1615 2730; x_wconf 84' lang='grc' dir='ltr'>περιπατεῖ</span> <span class='ocrx_word' id='word_1_297' title='bbox 1663 2656 1870 2716; x_wconf 83' lang='grc' dir='ltr'>ἀσεϐῶν</span> 
     </span>
    </p>
   </div>
   <div class='ocr_carea' id='block_1_45' title="bbox 240 2730 1871 2823">
    <p class='ocr_par' dir='ltr' id='par_1_45' title="bbox 240 2730 1871 2823">
     <span class='ocr_line' id='line_1_45' title="bbox 240 2730 1871 2823; baseline 0.011 -36"><span class='ocrx_word' id='word_1_298' title='bbox 240 2730 395 2823; x_wconf 69' lang='grc' dir='ltr'>δίκην,</span> <span class='ocrx_word' id='word_1_299' title='bbox 448 2739 586 2792; x_wconf 82' lang='grc' dir='ltr'>κατά</span> <span class='ocrx_word' id='word_1_300' title='bbox 635 2739 732 2793; x_wconf 85' lang='grc' dir='ltr'>τὸν</span> <span class='ocrx_word' id='word_1_301' title='bbox 784 2739 1120 2814; x_wconf 86' lang='grc' dir='ltr'>Ψαλμῳδόν.</span> <span class='ocrx_word' id='word_1_302' title='bbox 1175 2745 1423 2818; x_wconf 82' lang='grc' dir='ltr'>Ἀγάπης</span> <span class='ocrx_word' id='word_1_303' title='bbox 1469 2750 1704 2823; x_wconf 89' lang='grc' dir='ltr'>κρυπτὸς</span> <span class='ocrx_word' id='word_1_304' title='bbox 1755 2751 1871 2805; x_wconf 77' lang='grc' dir='ltr'>ἐπί-</span> 
     </span>
    </p>
   </div>
   <div class='ocr_carea' id='block_1_46' title="bbox 240 2817 1873 2915">
    <p class='ocr_par' dir='ltr' id='par_1_46' title="bbox 240 2817 1873 2915">
     <span class='ocr_line' id='line_1_46' title="bbox 240 2817 1873 2915; baseline 0.012 -39"><span class='ocrx_word' id='word_1_305' title='bbox 240 2817 438 2892; x_wconf 67' lang='grc' dir='ltr'>ϐουλος,</span> <span class='ocrx_word' id='word_1_306' title='bbox 493 2827 577 2888; x_wconf 80' lang='grc' dir='ltr'>οἷς</span> <span class='ocrx_word' id='word_1_307' title='bbox 632 2827 922 2902; x_wconf 74' lang='grc' dir='ltr'>ὑφειμένη,</span> <span class='ocrx_word' id='word_1_308' title='bbox 971 2833 1107 2885; x_wconf 83' lang='grc' dir='ltr'>κατὰ</span> <span class='ocrx_word' id='word_1_309' title='bbox 1151 2832 1244 2886; x_wconf 88' lang='grc' dir='ltr'>τὸν</span> <span class='ocrx_word' id='word_1_310' title='bbox 1295 2833 1529 2906; x_wconf 80' lang='grc' dir='ltr'>εἰπόντα,</span> <span class='ocrx_word' id='word_1_311' title='bbox 1560 2837 1633 2900; x_wconf 86' lang='grc' dir='ltr'>ὠς</span> <span class='ocrx_word' id='word_1_312' title='bbox 1683 2836 1873 2915; x_wconf 79' lang='grc' dir='ltr'>ἔχιδνα</span> 
     </span>
    </p>
   </div>
   <div class='ocr_carea' id='block_1_47' title="bbox 240 2907 1870 3000">
    <p class='ocr_par' dir='ltr' id='par_1_47' title="bbox 240 2907 1870 3000">
     <span class='ocr_line' id='line_1_47' title="bbox 240 2907 1870 3000; baseline 0.013 -36"><span class='ocrx_word' id='word_1_313' title='bbox 240 2907 556 2976; x_wconf 73' lang='grc' dir='ltr'>λανθάνουσα</span> <span class='ocrx_word' id='word_1_314' title='bbox 585 2962 598 2985; x_wconf 92' lang='grc'>,</span> <span class='ocrx_word' id='word_1_315' title='bbox 659 2915 860 2972; x_wconf 80' lang='grc' dir='ltr'>ἐκπίνει</span> <span class='ocrx_word' id='word_1_316' title='bbox 910 2920 1000 2973; x_wconf 87' lang='grc' dir='ltr'>τὸν</span> <span class='ocrx_word' id='word_1_317' title='bbox 1049 2921 1355 2997; x_wconf 78' lang='grc' dir='ltr'>ἄνθρωπον.</span> <span class='ocrx_word' id='word_1_318' title='bbox 1416 2923 1672 2998; x_wconf 82' lang='grc' dir='ltr'>Ἀλώπηξ</span> <span class='ocrx_word' id='word_1_319' title='bbox 1715 2907 1870 3000; x_wconf 42' lang='grc' dir='ltr'>’πλή-</span> 
     </span>
    </p>
   </div>
   <div class='ocr_carea' id='block_1_48' title="bbox 235 3001 1871 3082">
    <p class='ocr_par' dir='ltr' id='par_1_48' title="bbox 235 3001 1871 3082">
     <span class='ocr_line' id='line_1_48' title="bbox 235 3001 1871 3082; baseline 0.012 -28"><span class='ocrx_word' id='word_1_320' title='bbox 235 3019 320 3070; x_wconf 84' lang='grc' dir='ltr'>ρης</span> <span class='ocrx_word' id='word_1_321' title='bbox 353 3003 447 3074; x_wconf 78' lang='grc' dir='ltr'>μὲν</span> <span class='ocrx_word' id='word_1_322' title='bbox 493 3001 697 3071; x_wconf 86' lang='grc' dir='ltr'>δόλου,</span> <span class='ocrx_word' id='word_1_323' title='bbox 749 3007 1007 3064; x_wconf 83' lang='grc' dir='ltr'>ἀπατῶσα</span> <span class='ocrx_word' id='word_1_324' title='bbox 1059 3007 1116 3064; x_wconf 69' lang='grc' dir='ltr'>δὲ</span> <span class='ocrx_word' id='word_1_325' title='bbox 1166 3010 1294 3074; x_wconf 82' lang='grc' dir='ltr'>τοὺς</span> <span class='ocrx_word' id='word_1_326' title='bbox 1342 3013 1570 3082; x_wconf 86' lang='grc' dir='ltr'>ἁπλοῦς,</span> <span class='ocrx_word' id='word_1_327' title='bbox 1601 3017 1668 3070; x_wconf 75' lang='grc' dir='ltr'>τὰ</span> <span class='ocrx_word' id='word_1_328' title='bbox 1696 3015 1871 3072; x_wconf 83' lang='grc' dir='ltr'>πλείω</span> 
     </span>
    </p>
   </div>
   <div class='ocr_carea' id='block_1_49' title="bbox 233 3085 1870 3174">
    <p class='ocr_par' dir='ltr' id='par_1_49' title="bbox 233 3085 1870 3174">
     <span class='ocr_line' id='line_1_49' title="bbox 233 3085 1870 3174; baseline 0.011 -30"><span class='ocrx_word' id='word_1_329' title='bbox 233 3085 280 3143; x_wconf 72' lang='grc' dir='ltr'>δὲ</span> <span class='ocrx_word' id='word_1_330' title='bbox 319 3092 438 3156; x_wconf 78' lang='grc' dir='ltr'>τοὺς</span> <span class='ocrx_word' id='word_1_331' title='bbox 485 3093 962 3172; x_wconf 75' lang='grc' dir='ltr'>εὖηθικωτέρους,</span> <span class='ocrx_word' id='word_1_332' title='bbox 996 3101 1076 3161; x_wconf 80' lang='grc' dir='ltr'>οἷς</span> <span class='ocrx_word' id='word_1_333' title='bbox 1123 3106 1381 3174; x_wconf 87' lang='grc' dir='ltr'>νεκρικῶς</span> <span class='ocrx_word' id='word_1_334' title='bbox 1435 3103 1627 3174; x_wconf 71' lang='grc' dir='ltr'>ἑαυτὴν</span> <span class='ocrx_word' id='word_1_335' title='bbox 1681 3127 1870 3162; x_wconf 83' lang='grc' dir='ltr'>κατευ-</span> 
     </span>
    </p>
   </div>
   <div class='ocr_carea' id='block_1_50' title="bbox 231 3180 1865 3266">
    <p class='ocr_par' dir='ltr' id='par_1_50' title="bbox 231 3180 1865 3266">
     <span class='ocr_line' id='line_1_50' title="bbox 231 3180 1865 3266; baseline 0.013 -36"><span class='ocrx_word' id='word_1_336' title='bbox 231 3180 376 3248; x_wconf 83' lang='grc' dir='ltr'>νάζει.</span> <span class='ocrx_word' id='word_1_337' title='bbox 427 3182 617 3254; x_wconf 71' lang='grc' dir='ltr'>Αὕτη,</span> <span class='ocrx_word' id='word_1_338' title='bbox 667 3185 805 3260; x_wconf 88' lang='grc' dir='ltr'>πρὸς</span> <span class='ocrx_word' id='word_1_339' title='bbox 852 3185 1078 3262; x_wconf 72' lang='grc' dir='ltr'>αἴνιγμα</span> <span class='ocrx_word' id='word_1_340' title='bbox 1131 3191 1351 3266; x_wconf 77' lang='grc' dir='ltr'>φράσαι,</span> <span class='ocrx_word' id='word_1_341' title='bbox 1399 3193 1460 3247; x_wconf 89' lang='grc' dir='ltr'>τὸ</span> <span class='ocrx_word' id='word_1_342' title='bbox 1504 3201 1606 3248; x_wconf 80' lang='grc' dir='ltr'>πᾶν</span> <span class='ocrx_word' id='word_1_343' title='bbox 1637 3193 1745 3250; x_wconf 77' lang='grc' dir='ltr'>ἐστι</span> <span class='ocrx_word' id='word_1_344' title='bbox 1776 3196 1865 3252; x_wconf 85' lang='grc' dir='ltr'>καὶ</span> 
     </span>
    </p>
   </div>
   <div class='ocr_carea' id='block_1_51' title="bbox 229 3267 1865 3360">
    <p class='ocr_par' dir='ltr' id='par_1_51' title="bbox 229 3267 1865 3360">
     <span class='ocr_line' id='line_1_51' title="bbox 229 3267 1865 3360; baseline 0.012 -38"><span class='ocrx_word' id='word_1_345' title='bbox 229 3269 284 3360; x_wconf 27' lang='grc' dir='ltr'>τὸ.</span> <span class='ocrx_word' id='word_1_346' title='bbox 308 3267 487 3342; x_wconf 84' lang='grc' dir='ltr'>μηδέν’</span> <span class='ocrx_word' id='word_1_347' title='bbox 522 3272 710 3327; x_wconf 76' lang='grc' dir='ltr'>ὲκεῖνο</span> <span class='ocrx_word' id='word_1_348' title='bbox 764 3274 881 3347; x_wconf 76' lang='grc' dir='ltr'>μὲν,</span> <span class='ocrx_word' id='word_1_349' title='bbox 916 3276 996 3338; x_wconf 80' lang='grc' dir='ltr'>οἷς</span> <span class='ocrx_word' id='word_1_350' title='bbox 1051 3281 1386 3354; x_wconf 80' lang='grc' dir='ltr'>τεχνάζεται,</span> <span class='ocrx_word' id='word_1_351' title='bbox 1436 3282 1497 3337; x_wconf 90' lang='grc' dir='ltr'>τὸ</span> <span class='ocrx_word' id='word_1_352' title='bbox 1552 3281 1627 3355; x_wconf 76' lang='grc' dir='ltr'>δὲ,</span> <span class='ocrx_word' id='word_1_353' title='bbox 1663 3285 1743 3347; x_wconf 69' lang='grc' dir='ltr'>οἷς</span> <span class='ocrx_word' id='word_1_354' title='bbox 1776 3284 1865 3360; x_wconf 79' lang='grc' dir='ltr'>έρ-</span> 
     </span>
    </p>
   </div>
   <div class='ocr_carea' id='block_1_52' title="bbox 229 3358 1864 3443">
    <p class='ocr_par' dir='ltr' id='par_1_52' title="bbox 229 3358 1864 3443">
     <span class='ocr_line' id='line_1_52' title="bbox 229 3358 1864 3443; baseline 0.012 -34"><span class='ocrx_word' id='word_1_355' title='bbox 229 3358 446 3429; x_wconf 77' lang='grc' dir='ltr'>γάζεται.</span> <span class='ocrx_word' id='word_1_356' title='bbox 502 3360 781 3416; x_wconf 67' lang='grc' dir='ltr'>Βούλεται</span> <span class='ocrx_word' id='word_1_357' title='bbox 842 3364 934 3436; x_wconf 76' lang='grc' dir='ltr'>μὲν</span> <span class='ocrx_word' id='word_1_358' title='bbox 997 3366 1100 3441; x_wconf 79' lang='grc' dir='ltr'>γὰρ</span> <span class='ocrx_word' id='word_1_359' title='bbox 1159 3368 1300 3423; x_wconf 89' lang='grc' dir='ltr'>θεῖόν</span> <span class='ocrx_word' id='word_1_360' title='bbox 1353 3391 1403 3424; x_wconf 89' lang='grc' dir='ltr'>τι</span> <span class='ocrx_word' id='word_1_361' title='bbox 1456 3371 1622 3443; x_wconf 75' lang='grc' dir='ltr'>εἶναι,</span> <span class='ocrx_word' id='word_1_362' title='bbox 1676 3358 1864 3429; x_wconf 79' lang='grc' dir='ltr'>καθότι</span> 
     </span>
    </p>
   </div>
   <div class='ocr_carea' id='block_1_53' title="bbox 229 3446 1862 3529">
    <p class='ocr_par' dir='ltr' id='par_1_53' title="bbox 229 3446 1862 3529">
     <span class='ocr_line' id='line_1_53' title="bbox 229 3446 1862 3529; baseline 0.01 -29"><span class='ocrx_word' id='word_1_363' title='bbox 229 3447 302 3500; x_wconf 81' lang='grc' dir='ltr'>καὶ</span> <span class='ocrx_word' id='word_1_364' title='bbox 333 3448 506 3522; x_wconf 76' lang='grc' dir='ltr'>ἅγιον,</span> <span class='ocrx_word' id='word_1_365' title='bbox 570 3446 879 3506; x_wconf 82' lang='grc' dir='ltr'>ἀπεκϐαίνει</span> <span class='ocrx_word' id='word_1_366' title='bbox 927 3451 984 3508; x_wconf 75' lang='grc' dir='ltr'>δὲ</span> <span class='ocrx_word' id='word_1_367' title='bbox 1035 3455 1111 3520; x_wconf 77' lang='grc' dir='ltr'>εἷς</span> <span class='ocrx_word' id='word_1_368' title='bbox 1156 3456 1356 3529; x_wconf 82' lang='grc' dir='ltr'>αίμονα</span> <span class='ocrx_word' id='word_1_369' title='bbox 1429 3462 1725 3517; x_wconf 87' lang='grc' dir='ltr'>κακοποιὸν</span> <span class='ocrx_word' id='word_1_370' title='bbox 1772 3464 1862 3518; x_wconf 80' lang='grc' dir='ltr'>καὶ</span> 
     </span>
    </p>
   </div>
   <div class='ocr_carea' id='block_1_54' title="bbox 1984 1949 3627 2023">
    <p class='ocr_par' dir='ltr' id='par_1_54' title="bbox 1984 1949 3627 2023">
     <span class='ocr_line' id='line_1_54' title="bbox 1984 1949 3627 2023; baseline -0.001 -17"><span class='ocrx_word' id='word_1_371' title='bbox 1984 1950 2426 2022; x_wconf 86' lang='lat' dir='ltr'>perpulchrum,</span> <span class='ocrx_word' id='word_1_372' title='bbox 2479 1957 2537 2008; x_wconf 89' lang='lat' dir='ltr'>et</span> <span class='ocrx_word' id='word_1_373' title='bbox 2593 1969 2707 2006; x_wconf 90' lang='lat' dir='ltr'>non</span> <span class='ocrx_word' id='word_1_374' title='bbox 2739 1953 3064 2008; x_wconf 89' lang='lat' dir='ltr'>secundum</span> <span class='ocrx_word' id='word_1_375' title='bbox 3096 1952 3238 2023; x_wconf 89' lang='lat' dir='ltr'>quid</span> <span class='ocrx_word' id='word_1_376' title='bbox 3271 1951 3407 2006; x_wconf 88' lang='lat' dir='ltr'>bilis</span> <span class='ocrx_word' id='word_1_377' title='bbox 3437 1949 3627 2006; x_wconf 89' lang='lat' dir='ltr'>colore</span> 
     </span>
    </p>
   </div>
   <div class='ocr_carea' id='block_1_55' title="bbox 1985 2039 3632 2112">
    <p class='ocr_par' dir='ltr' id='par_1_55' title="bbox 1985 2039 3632 2112">
     <span class='ocr_line' id='line_1_55' title="bbox 1985 2039 3632 2112; baseline 0.001 -20"><span class='ocrx_word' id='word_1_378' title='bbox 1985 2039 2226 2108; x_wconf 90' lang='lat' dir='ltr'>ﬂavum,</span> <span class='ocrx_word' id='word_1_379' title='bbox 2282 2042 2380 2096; x_wconf 88' lang='lat' dir='ltr'>sed</span> <span class='ocrx_word' id='word_1_380' title='bbox 2442 2041 2876 2097; x_wconf 91' lang='lat' dir='ltr'>subobscurum</span> <span class='ocrx_word' id='word_1_381' title='bbox 2935 2040 3076 2112; x_wconf 89' lang='lat' dir='ltr'>quid</span> <span class='ocrx_word' id='word_1_382' title='bbox 3134 2057 3311 2095; x_wconf 82' lang='lat' dir='ltr'>aurea</span> <span class='ocrx_word' id='word_1_383' title='bbox 3367 2039 3632 2095; x_wconf 80' lang='lat' dir='ltr'>claritate</span> 
     </span>
    </p>
   </div>
   <div class='ocr_carea' id='block_1_56' title="bbox 1987 2128 3629 2202">
    <p class='ocr_par' dir='ltr' id='par_1_56' title="bbox 1987 2128 3629 2202">
     <span class='ocr_line' id='line_1_56' title="bbox 1987 2128 3629 2202; baseline -0.001 -19"><span class='ocrx_word' id='word_1_384' title='bbox 1987 2130 2335 2200; x_wconf 66' lang='lat' dir='ltr'>praelucens.</span> <span class='ocrx_word' id='word_1_385' title='bbox 2381 2130 2512 2186; x_wconf 68' lang='lat' dir='ltr'>Hec</span> <span class='ocrx_word' id='word_1_386' title='bbox 2568 2130 2818 2202; x_wconf 84' lang='lat' dir='ltr'>laqueus</span> <span class='ocrx_word' id='word_1_387' title='bbox 2880 2129 3126 2185; x_wconf 87' lang='lat' dir='ltr'>ﬂoribus</span> <span class='ocrx_word' id='word_1_388' title='bbox 3185 2133 3498 2184; x_wconf 83' lang='lat' dir='ltr'>exornatus</span> <span class='ocrx_word' id='word_1_389' title='bbox 3555 2128 3629 2182; x_wconf 89' lang='lat' dir='ltr'>ad</span> 
     </span>
    </p>
   </div>
   <div class='ocr_carea' id='block_1_57' title="bbox 1986 2217 3630 2290">
    <p class='ocr_par' dir='ltr' id='par_1_57' title="bbox 1986 2217 3630 2290">
     <span class='ocr_line' id='line_1_57' title="bbox 1986 2217 3630 2290; baseline 0 -18"><span class='ocrx_word' id='word_1_390' title='bbox 1986 2218 2372 2288; x_wconf 89' lang='lat' dir='ltr'>perditionem</span> <span class='ocrx_word' id='word_1_391' title='bbox 2405 2219 2938 2290; x_wconf 88' lang='lat' dir='ltr'>supervenienlium</span> <span class='ocrx_word' id='word_1_392' title='bbox 2971 2237 2986 2287; x_wconf 89' lang='lat'>;</span> <span class='ocrx_word' id='word_1_393' title='bbox 3019 2218 3225 2275; x_wconf 71' lang='lat' dir='ltr'>anima:</span> <span class='ocrx_word' id='word_1_394' title='bbox 3286 2217 3630 2274; x_wconf 82' lang='lat' dir='ltr'>fornicantis</span> 
     </span>
    </p>
   </div>
   <div class='ocr_carea' id='block_1_58' title="bbox 1985 2304 3628 2380">
    <p class='ocr_par' dir='ltr' id='par_1_58' title="bbox 1985 2304 3628 2380">
     <span class='ocr_line' id='line_1_58' title="bbox 1985 2304 3628 2380; baseline -0.001 -19"><span class='ocrx_word' id='word_1_395' title='bbox 1985 2307 2216 2379; x_wconf 86' lang='lat' dir='ltr'>imago;</span> <span class='ocrx_word' id='word_1_396' title='bbox 2277 2309 2532 2380; x_wconf 85' lang='lat' dir='ltr'>pravitas</span> <span class='ocrx_word' id='word_1_397' title='bbox 2563 2307 2979 2376; x_wconf 84' lang='lat' dir='ltr'>dissimulata;</span> <span class='ocrx_word' id='word_1_398' title='bbox 3039 2307 3340 2379; x_wconf 90' lang='lat' dir='ltr'>ingenium</span> <span class='ocrx_word' id='word_1_399' title='bbox 3399 2304 3628 2360; x_wconf 88' lang='lat' dir='ltr'>diabolo</span> 
     </span>
    </p>
   </div>
   <div class='ocr_carea' id='block_1_59' title="bbox 1985 2393 3626 2466">
    <p class='ocr_par' dir='ltr' id='par_1_59' title="bbox 1985 2393 3626 2466">
     <span class='ocr_line' id='line_1_59' title="bbox 1985 2393 3626 2466; baseline -0.001 -16"><span class='ocrx_word' id='word_1_400' title='bbox 1985 2412 2227 2466; x_wconf 86' lang='lat' dir='ltr'>prorsus</span> <span class='ocrx_word' id='word_1_401' title='bbox 2267 2397 2463 2453; x_wconf 87' lang='lat' dir='ltr'>simile</span> <span class='ocrx_word' id='word_1_402' title='bbox 2511 2398 2866 2464; x_wconf 81' lang='lat' dir='ltr'>ostendens;</span> <span class='ocrx_word' id='word_1_403' title='bbox 2925 2395 3298 2451; x_wconf 88' lang='lat' dir='ltr'>mendacium</span> <span class='ocrx_word' id='word_1_404' title='bbox 3356 2393 3626 2448; x_wconf 88' lang='lat' dir='ltr'>incarna-</span> 
     </span>
    </p>
   </div>
   <div class='ocr_carea' id='block_1_60' title="bbox 1987 2481 3626 2558">
    <p class='ocr_par' dir='ltr' id='par_1_60' title="bbox 1987 2481 3626 2558">
     <span class='ocr_line' id='line_1_60' title="bbox 1987 2481 3626 2558; baseline -0.001 -19"><span class='ocrx_word' id='word_1_405' title='bbox 1987 2491 2152 2554; x_wconf 86' lang='lat' dir='ltr'>tum;</span> <span class='ocrx_word' id='word_1_406' title='bbox 2185 2492 2389 2556; x_wconf 90' lang='lat' dir='ltr'>portus</span> <span class='ocrx_word' id='word_1_407' title='bbox 2439 2485 2684 2558; x_wconf 89' lang='lat' dir='ltr'>rupibus</span> <span class='ocrx_word' id='word_1_408' title='bbox 2739 2486 2929 2542; x_wconf 89' lang='lat' dir='ltr'>acutis</span> <span class='ocrx_word' id='word_1_409' title='bbox 2986 2485 3045 2540; x_wconf 91' lang='lat' dir='ltr'>in</span> <span class='ocrx_word' id='word_1_410' title='bbox 3106 2483 3252 2539; x_wconf 89' lang='lat' dir='ltr'>mari</span> <span class='ocrx_word' id='word_1_411' title='bbox 3311 2481 3626 2538; x_wconf 85' lang='lat' dir='ltr'>latentibus</span> 
     </span>
    </p>
   </div>
   <div class='ocr_carea' id='block_1_61' title="bbox 1985 2571 3625 2647">
    <p class='ocr_par' dir='ltr' id='par_1_61' title="bbox 1985 2571 3625 2647">
     <span class='ocr_line' id='line_1_61' title="bbox 1985 2571 3625 2647; baseline -0.002 -19"><span class='ocrx_word' id='word_1_412' title='bbox 1985 2573 2328 2630; x_wconf 83' lang='lat' dir='ltr'>horrescens</span> <span class='ocrx_word' id='word_1_413' title='bbox 2358 2593 2372 2633; x_wconf 70' lang='grc' dir='ltr'>ι</span> <span class='ocrx_word' id='word_1_414' title='bbox 2407 2574 2654 2647; x_wconf 85' lang='lat' dir='ltr'>laqueus</span> <span class='ocrx_word' id='word_1_415' title='bbox 2683 2575 3018 2646; x_wconf 88' lang='lat' dir='ltr'>speciosus;</span> <span class='ocrx_word' id='word_1_416' title='bbox 3049 2572 3212 2628; x_wconf 87' lang='lat' dir='ltr'>vultu</span> <span class='ocrx_word' id='word_1_417' title='bbox 3249 2571 3459 2626; x_wconf 88' lang='lat' dir='ltr'>ridenti</span> <span class='ocrx_word' id='word_1_418' title='bbox 3483 2571 3625 2641; x_wconf 88' lang='lat' dir='ltr'>fera,</span> 
     </span>
    </p>
   </div>
   <div class='ocr_carea' id='block_1_62' title="bbox 1983 2659 3626 2733">
    <p class='ocr_par' dir='ltr' id='par_1_62' title="bbox 1983 2659 3626 2733">
     <span class='ocr_line' id='line_1_62' title="bbox 1983 2659 3626 2733; baseline -0.001 -16"><span class='ocrx_word' id='word_1_419' title='bbox 1983 2663 2154 2733; x_wconf 88' lang='lat' dir='ltr'>cujus</span> <span class='ocrx_word' id='word_1_420' title='bbox 2187 2664 2350 2718; x_wconf 83' lang='lat' dir='ltr'>faciei</span> <span class='ocrx_word' id='word_1_421' title='bbox 2408 2665 2569 2720; x_wconf 89' lang='lat' dir='ltr'>visus</span> <span class='ocrx_word' id='word_1_422' title='bbox 2623 2663 2918 2719; x_wconf 82' lang='lat' dir='ltr'>hilaritate</span> <span class='ocrx_word' id='word_1_423' title='bbox 2973 2662 3238 2718; x_wconf 89' lang='lat' dir='ltr'>dentium</span> <span class='ocrx_word' id='word_1_424' title='bbox 3287 2659 3440 2715; x_wconf 88' lang='lat' dir='ltr'>acris</span> <span class='ocrx_word' id='word_1_425' title='bbox 3470 2659 3626 2715; x_wconf 83' lang='lat' dir='ltr'>acies</span> 
     </span>
    </p>
   </div>
   <div class='ocr_carea' id='block_1_63' title="bbox 1984 2752 3626 2824">
    <p class='ocr_par' dir='ltr' id='par_1_63' title="bbox 1984 2752 3626 2824">
     <span class='ocr_line' id='line_1_63' title="bbox 1984 2752 3626 2824; baseline -0.002 -18"><span class='ocrx_word' id='word_1_426' title='bbox 1984 2758 2226 2824; x_wconf 85' lang='lat' dir='ltr'>pugnat.</span> <span class='ocrx_word' id='word_1_427' title='bbox 2262 2753 2617 2809; x_wconf 82' lang='lat' dir='ltr'>Rectitudini</span> <span class='ocrx_word' id='word_1_428' title='bbox 2650 2753 2768 2808; x_wconf 68' lang='lat' dir='ltr'>haec</span> <span class='ocrx_word' id='word_1_429' title='bbox 2800 2752 3022 2822; x_wconf 87' lang='lat' dir='ltr'>irridet,</span> <span class='ocrx_word' id='word_1_430' title='bbox 3057 2752 3274 2822; x_wconf 89' lang='lat' dir='ltr'>quippe</span> <span class='ocrx_word' id='word_1_431' title='bbox 3304 2766 3431 2821; x_wconf 58' lang='lat' dir='ltr'>quas</span> <span class='ocrx_word' id='word_1_432' title='bbox 3469 2765 3626 2804; x_wconf 89' lang='lat' dir='ltr'>sem-</span> 
     </span>
    </p>
   </div>
   <div class='ocr_carea' id='block_1_64' title="bbox 1983 2840 3629 2914">
    <p class='ocr_par' dir='ltr' id='par_1_64' title="bbox 1983 2840 3629 2914">
     <span class='ocr_line' id='line_1_64' title="bbox 1983 2840 3629 2914; baseline -0.004 -17"><span class='ocrx_word' id='word_1_433' title='bbox 1983 2857 2087 2912; x_wconf 87' lang='lat' dir='ltr'>per</span> <span class='ocrx_word' id='word_1_434' title='bbox 2115 2842 2352 2914; x_wconf 93' lang='lat' dir='ltr'>obliquo</span> <span class='ocrx_word' id='word_1_435' title='bbox 2385 2843 2568 2898; x_wconf 83' lang='lat' dir='ltr'>utitur</span> <span class='ocrx_word' id='word_1_436' title='bbox 2598 2843 2838 2914; x_wconf 91' lang='lat' dir='ltr'>quidem</span> <span class='ocrx_word' id='word_1_437' title='bbox 2872 2846 3054 2909; x_wconf 90' lang='lat' dir='ltr'>motu,</span> <span class='ocrx_word' id='word_1_438' title='bbox 3108 2840 3458 2912; x_wconf 87' lang='lat' dir='ltr'>plerumque</span> <span class='ocrx_word' id='word_1_439' title='bbox 3495 2852 3629 2892; x_wconf 90' lang='lat' dir='ltr'>vero</span> 
     </span>
    </p>
   </div>
   <div class='ocr_carea' id='block_1_65' title="bbox 1981 2927 3626 3003">
    <p class='ocr_par' dir='ltr' id='par_1_65' title="bbox 1981 2927 3626 3003">
     <span class='ocr_line' id='line_1_65' title="bbox 1981 2927 3626 3003; baseline -0.003 -18"><span class='ocrx_word' id='word_1_440' title='bbox 1981 2931 2252 2996; x_wconf 88' lang='lat' dir='ltr'>circuitu,</span> <span class='ocrx_word' id='word_1_441' title='bbox 2286 2932 2604 3003; x_wconf 91' lang='lat' dir='ltr'>impiorum</span> <span class='ocrx_word' id='word_1_442' title='bbox 2652 2931 2862 2997; x_wconf 89' lang='lat' dir='ltr'>instar,</span> <span class='ocrx_word' id='word_1_443' title='bbox 2886 2932 3058 3002; x_wconf 86' lang='lat' dir='ltr'>juxta</span> <span class='ocrx_word' id='word_1_444' title='bbox 3091 2927 3489 2994; x_wconf 88' lang='lat' dir='ltr'>Psalmistam,</span> <span class='ocrx_word' id='word_1_445' title='bbox 3525 2927 3626 2981; x_wconf 89' lang='lat' dir='ltr'>ob-</span> 
     </span>
    </p>
   </div>
   <div class='ocr_carea' id='block_1_66' title="bbox 1981 3017 3629 3088">
    <p class='ocr_par' dir='ltr' id='par_1_66' title="bbox 1981 3017 3629 3088">
     <span class='ocr_line' id='line_1_66' title="bbox 1981 3017 3629 3088; baseline -0.003 -13"><span class='ocrx_word' id='word_1_446' title='bbox 1981 3020 2267 3076; x_wconf 88' lang='lat' dir='ltr'>ambulat.</span> <span class='ocrx_word' id='word_1_447' title='bbox 2299 3020 2613 3076; x_wconf 87' lang='lat' dir='ltr'>Charitatis</span> <span class='ocrx_word' id='word_1_448' title='bbox 2671 3020 2862 3076; x_wconf 86' lang='lat' dir='ltr'>latens</span> <span class='ocrx_word' id='word_1_449' title='bbox 2916 3017 3272 3082; x_wconf 85' lang='lat' dir='ltr'>insidiatrix,</span> <span class='ocrx_word' id='word_1_450' title='bbox 3334 3021 3629 3088; x_wconf 88' lang='lat' dir='ltr'>quatenus</span> 
     </span>
    </p>
   </div>
   <div class='ocr_carea' id='block_1_67' title="bbox 1981 3105 3632 3182">
    <p class='ocr_par' dir='ltr' id='par_1_67' title="bbox 1981 3105 3632 3182">
     <span class='ocr_line' id='line_1_67' title="bbox 1981 3105 3632 3182; baseline -0.003 -19"><span class='ocrx_word' id='word_1_451' title='bbox 1981 3108 2420 3180; x_wconf 86' lang='lat' dir='ltr'>humilis,juxta</span> <span class='ocrx_word' id='word_1_452' title='bbox 2450 3107 3013 3182; x_wconf 89' lang='lat' dir='ltr'>proverbium,sicut</span> <span class='ocrx_word' id='word_1_453' title='bbox 3042 3108 3242 3179; x_wconf 86' lang='lat' dir='ltr'>vipera</span> <span class='ocrx_word' id='word_1_454' title='bbox 3263 3105 3502 3160; x_wconf 82' lang='lat' dir='ltr'>latitans</span> <span class='ocrx_word' id='word_1_455' title='bbox 3535 3120 3632 3159; x_wconf 82' lang='lat' dir='ltr'>ex-</span> 
     </span>
    </p>
   </div>
   <div class='ocr_carea' id='block_1_68' title="bbox 1899 3191 3626 3306">
    <p class='ocr_par' dir='ltr' id='par_1_68' title="bbox 1899 3191 3626 3306">
     <span class='ocr_line' id='line_1_68' title="bbox 1899 3191 3626 3306; baseline -0.005 -52"><span class='ocrx_word' id='word_1_456' title='bbox 1899 3239 1940 3306; x_wconf 75' lang='lat' dir='ltr'>C</span> <span class='ocrx_word' id='word_1_457' title='bbox 1982 3198 2141 3269; x_wconf 89' lang='lat' dir='ltr'>sugit</span> <span class='ocrx_word' id='word_1_458' title='bbox 2170 3198 2479 3254; x_wconf 89' lang='lat' dir='ltr'>hominem.</span> <span class='ocrx_word' id='word_1_459' title='bbox 2522 3198 2737 3268; x_wconf 88' lang='lat' dir='ltr'>Vulpes</span> <span class='ocrx_word' id='word_1_460' title='bbox 2772 3197 2992 3270; x_wconf 89' lang='lat' dir='ltr'>repleta</span> <span class='ocrx_word' id='word_1_461' title='bbox 3049 3195 3203 3263; x_wconf 90' lang='lat' dir='ltr'>dolo,</span> <span class='ocrx_word' id='word_1_462' title='bbox 3236 3191 3626 3306; x_wconf 43' lang='lat' dir='ltr'>etjsimplices</span> 
     </span>
    </p>
   </div>
   <div class='ocr_carea' id='block_1_69' title="bbox 1979 3283 3624 3359">
    <p class='ocr_par' dir='ltr' id='par_1_69' title="bbox 1979 3283 3624 3359">
     <span class='ocr_line' id='line_1_69' title="bbox 1979 3283 3624 3359; baseline -0.004 -17"><span class='ocrx_word' id='word_1_463' title='bbox 1979 3293 2038 3342; x_wconf 88' lang='lat' dir='ltr'>et</span> <span class='ocrx_word' id='word_1_464' title='bbox 2069 3286 2417 3359; x_wconf 88' lang='lat' dir='ltr'>plerumque</span> <span class='ocrx_word' id='word_1_465' title='bbox 2466 3287 2942 3359; x_wconf 89' lang='lat' dir='ltr'>simplicissimos</span> <span class='ocrx_word' id='word_1_466' title='bbox 2975 3301 3242 3358; x_wconf 88' lang='lat' dir='ltr'>quosque</span> <span class='ocrx_word' id='word_1_467' title='bbox 3298 3283 3624 3354; x_wconf 90' lang='lat' dir='ltr'>decipiens,</span> 
     </span>
    </p>
   </div>
   <div class='ocr_carea' id='block_1_70' title="bbox 1974 3368 3622 3448">
    <p class='ocr_par' dir='ltr' id='par_1_70' title="bbox 1974 3368 3622 3448">
     <span class='ocr_line' id='line_1_70' title="bbox 1974 3368 3622 3448; baseline -0.006 -17"><span class='ocrx_word' id='word_1_468' title='bbox 1974 3377 2470 3448; x_wconf 88' lang='lat' dir='ltr'>quamdoquidem</span> <span class='ocrx_word' id='word_1_469' title='bbox 2484 3374 3436 3445; x_wconf 85' lang='lat' dir='ltr'>se,velutcadavrer,quiescentem</span> <span class='ocrx_word' id='word_1_470' title='bbox 3451 3368 3622 3440; x_wconf 85' lang='lat' dir='ltr'>ﬁngit</span> 
     </span>
    </p>
   </div>
   <div class='ocr_carea' id='block_1_71' title="bbox 1973 3456 3618 3536">
    <p class='ocr_par' dir='ltr' id='par_1_71' title="bbox 1973 3456 3618 3536">
     <span class='ocr_line' id='line_1_71' title="bbox 1973 3456 3618 3536; baseline -0.006 -17"><span class='ocrx_word' id='word_1_471' title='bbox 1973 3464 2127 3531; x_wconf 66' lang='lat' dir='ltr'>Haec,</span> <span class='ocrx_word' id='word_1_472' title='bbox 2162 3475 2222 3520; x_wconf 83' lang='lat' dir='ltr'>ut</span> <span class='ocrx_word' id='word_1_473' title='bbox 2271 3481 2432 3520; x_wconf 90' lang='lat' dir='ltr'>more</span> <span class='ocrx_word' id='word_1_474' title='bbox 2487 3465 2711 3536; x_wconf 91' lang='lat' dir='ltr'>vulgari</span> <span class='ocrx_word' id='word_1_475' title='bbox 2769 3463 2998 3535; x_wconf 89' lang='lat' dir='ltr'>loquar,</span> <span class='ocrx_word' id='word_1_476' title='bbox 3049 3467 3240 3517; x_wconf 91' lang='lat' dir='ltr'>totum</span> <span class='ocrx_word' id='word_1_477' title='bbox 3294 3463 3384 3515; x_wconf 90' lang='lat' dir='ltr'>est</span> <span class='ocrx_word' id='word_1_478' title='bbox 3439 3462 3497 3512; x_wconf 87' lang='lat' dir='ltr'>et</span> <span class='ocrx_word' id='word_1_479' title='bbox 3527 3456 3618 3510; x_wconf 91' lang='lat' dir='ltr'>ni-</span> 
     </span>
    </p>
   </div>
   <div class='ocr_carea' id='block_1_72' title="bbox 232 3535 1874 3626">
    <p class='ocr_par' dir='ltr' id='par_1_72' title="bbox 232 3535 1860 3623">
     <span class='ocr_line' id='line_1_72' title="bbox 232 3535 1860 3623; baseline 0.01 -34"><span class='ocrx_word' id='word_1_480' title='bbox 232 3537 296 3606; x_wconf 79' lang='grc' dir='ltr'>μὴ</span> <span class='ocrx_word' id='word_1_481' title='bbox 326 3535 521 3608; x_wconf 75' lang='grc' dir='ltr'>εἰδότα,</span> <span class='ocrx_word' id='word_1_482' title='bbox 567 3539 597 3592; x_wconf 82' lang='grc' dir='ltr'>ὅ</span> <span class='ocrx_word' id='word_1_483' title='bbox 624 3539 675 3592; x_wconf 88' lang='grc' dir='ltr'>τί</span> <span class='ocrx_word' id='word_1_484' title='bbox 705 3539 836 3595; x_wconf 79' lang='grc' dir='ltr'>ποτέ</span> <span class='ocrx_word' id='word_1_485' title='bbox 883 3541 992 3596; x_wconf 82' lang='grc' dir='ltr'>ἐστι</span> <span class='ocrx_word' id='word_1_486' title='bbox 1025 3544 1087 3598; x_wconf 86' lang='grc' dir='ltr'>τὸ</span> <span class='ocrx_word' id='word_1_487' title='bbox 1118 3545 1312 3619; x_wconf 85' lang='grc' dir='ltr'>ἀγαθὸν</span> <span class='ocrx_word' id='word_1_488' title='bbox 1339 3554 1439 3616; x_wconf 75' lang='grc' dir='ltr'>τῆς</span> <span class='ocrx_word' id='word_1_489' title='bbox 1475 3549 1790 3623; x_wconf 82' lang='grc' dir='ltr'>ὀρθότητος·</span> <span class='ocrx_word' id='word_1_490' title='bbox 1824 3551 1860 3620; x_wconf 72' lang='grc' dir='ltr'><strong>ἢ</strong></span> 
     </span>
    </p>
   </div>
   <div class='ocr_carea' id='block_1_73' title="bbox 1989 3535 3613 3626">
    <p class='ocr_par' dir='ltr' id='par_1_73' title="bbox 1989 3535 3613 3626">
     <span class='ocr_line' id='line_1_73' title="bbox 1989 3535 3613 3626; baseline -0.004 -19"><span class='ocrx_word' id='word_1_491' title='bbox 1989 3553 2092 3608; x_wconf 81' lang='lat' dir='ltr'>1il:</span> <span class='ocrx_word' id='word_1_492' title='bbox 2129 3553 2271 3608; x_wconf 91' lang='lat' dir='ltr'>illud</span> <span class='ocrx_word' id='word_1_493' title='bbox 2303 3555 2560 3625; x_wconf 90' lang='lat' dir='ltr'>quidem,</span> <span class='ocrx_word' id='word_1_494' title='bbox 2595 3535 2882 3626; x_wconf 78' lang='lat' dir='ltr'>quantum</span> <span class='ocrx_word' id='word_1_495' title='bbox 2940 3552 3011 3607; x_wconf 92' lang='lat' dir='ltr'>ad</span> <span class='ocrx_word' id='word_1_496' title='bbox 3044 3558 3220 3621; x_wconf 86' lang='lat' dir='ltr'>artes,</span> <span class='ocrx_word' id='word_1_497' title='bbox 3253 3548 3361 3604; x_wconf 89' lang='lat' dir='ltr'>hoc</span> <span class='ocrx_word' id='word_1_498' title='bbox 3417 3550 3613 3602; x_wconf 89' lang='lat' dir='ltr'>autem</span> 
     </span>
    </p>
   </div>
   <div class='ocr_carea' id='block_1_74' title="bbox 229 3623 1750 3712">
    <p class='ocr_par' dir='ltr' id='par_1_74' title="bbox 229 3623 1750 3712">
     <span class='ocr_line' id='line_1_74' title="bbox 229 3623 1750 3712; baseline 0.012 -35"><span class='ocrx_word' id='word_1_499' title='bbox 229 3625 305 3678; x_wconf 83' lang='grc' dir='ltr'>καὶ</span> <span class='ocrx_word' id='word_1_500' title='bbox 335 3624 546 3697; x_wconf 79' lang='grc' dir='ltr'>ἄλλως,</span> <span class='ocrx_word' id='word_1_501' title='bbox 582 3623 760 3682; x_wconf 73' lang='grc' dir='ltr'>εἷδότα</span> <span class='ocrx_word' id='word_1_502' title='bbox 789 3631 906 3702; x_wconf 78' lang='grc' dir='ltr'>μὲν,</span> <span class='ocrx_word' id='word_1_503' title='bbox 940 3631 1199 3688; x_wconf 81' lang='grc' dir='ltr'>ὀκνοῦντα</span> <span class='ocrx_word' id='word_1_504' title='bbox 1231 3631 1287 3689; x_wconf 73' lang='grc' dir='ltr'>δὲ</span> <span class='ocrx_word' id='word_1_505' title='bbox 1317 3638 1556 3710; x_wconf 79' lang='grc' dir='ltr'>χρῆσθαι</span> <span class='ocrx_word' id='word_1_506' title='bbox 1589 3639 1750 3712; x_wconf 78' lang='grc' dir='ltr'>αὐτῇ.</span> 
     </span>
    </p>
   </div>
   <div class='ocr_carea' id='block_1_75' title="bbox 1971 3636 3625 3716">
    <p class='ocr_par' dir='ltr' id='par_1_75' title="bbox 1971 3636 3625 3716">
     <span class='ocr_line' id='line_1_75' title="bbox 1971 3636 3625 3716; baseline -0.004 -18"><span class='ocrx_word' id='word_1_507' title='bbox 1971 3649 2258 3715; x_wconf 86' lang='lat' dir='ltr'>quantum</span> <span class='ocrx_word' id='word_1_508' title='bbox 2292 3645 2362 3699; x_wconf 91' lang='lat' dir='ltr'>ad</span> <span class='ocrx_word' id='word_1_509' title='bbox 2397 3661 2590 3716; x_wconf 88' lang='lat' dir='ltr'>opera.</span> <span class='ocrx_word' id='word_1_510' title='bbox 2625 3644 2855 3700; x_wconf 86' lang='lat' dir='ltr'>Etenim</span> <span class='ocrx_word' id='word_1_511' title='bbox 2892 3642 3014 3698; x_wconf 90' lang='lat' dir='ltr'>vult</span> <span class='ocrx_word' id='word_1_512' title='bbox 3065 3641 3304 3714; x_wconf 90' lang='lat' dir='ltr'>quidem</span> <span class='ocrx_word' id='word_1_513' title='bbox 3336 3653 3464 3694; x_wconf 90' lang='lat' dir='ltr'>esse</span> <span class='ocrx_word' id='word_1_514' title='bbox 3517 3636 3625 3692; x_wconf 86' lang='lat' dir='ltr'>ali-</span> 
     </span>
    </p>
   </div>
   <div class='ocr_carea' id='block_1_76' title="bbox 232 3715 3626 3804">
    <p class='ocr_par' dir='ltr' id='par_1_76' title="bbox 232 3715 3626 3804">
     <span class='ocr_line' id='line_1_76' title="bbox 232 3715 3626 3804; baseline 0.004 -37"><span class='ocrx_word' id='word_1_515' title='bbox 232 3715 354 3804; x_wconf 88' lang='lat' dir='ltr'>quid</span> <span class='ocrx_word' id='word_1_516' title='bbox 403 3717 676 3772; x_wconf 87' lang='lat' dir='ltr'>divinum</span> <span class='ocrx_word' id='word_1_517' title='bbox 728 3722 785 3774; x_wconf 89' lang='lat' dir='ltr'>et</span> <span class='ocrx_word' id='word_1_518' title='bbox 841 3727 1156 3779; x_wconf 90' lang='lat' dir='ltr'>sanctum:</span> <span class='ocrx_word' id='word_1_519' title='bbox 1191 3725 1412 3781; x_wconf 88' lang='lat' dir='ltr'>desinit</span> <span class='ocrx_word' id='word_1_520' title='bbox 1477 3733 1674 3784; x_wconf 87' lang='lat' dir='ltr'>autem</span> <span class='ocrx_word' id='word_1_521' title='bbox 1731 3730 1791 3784; x_wconf 87' lang='lat' dir='ltr'>in</span> <span class='ocrx_word' id='word_1_522' title='bbox 1849 3731 2173 3788; x_wconf 62' lang='lat' dir='ltr'>daemonem</span> <span class='ocrx_word' id='word_1_523' title='bbox 2231 3715 2472 3804; x_wconf 87' lang='lat' dir='ltr'>pravum</span> <span class='ocrx_word' id='word_1_524' title='bbox 2505 3750 2571 3788; x_wconf 92' lang='lat' dir='ltr'>ac</span> <span class='ocrx_word' id='word_1_525' title='bbox 2615 3733 2878 3788; x_wconf 90' lang='lat' dir='ltr'>nescium</span> <span class='ocrx_word' id='word_1_526' title='bbox 2921 3731 3063 3802; x_wconf 89' lang='lat' dir='ltr'>quid</span> <span class='ocrx_word' id='word_1_527' title='bbox 3123 3731 3200 3785; x_wconf 90' lang='lat' dir='ltr'>sit</span> <span class='ocrx_word' id='word_1_528' title='bbox 3255 3725 3626 3784; x_wconf 88' lang='lat' dir='ltr'>rectitudinis</span> 
     </span>
    </p>
   </div>
   <div class='ocr_carea' id='block_1_77' title="bbox 232 3803 2299 3885">
    <p class='ocr_par' dir='ltr' id='par_1_77' title="bbox 232 3803 2299 3885">
     <span class='ocr_line' id='line_1_77' title="bbox 232 3803 2299 3885; baseline 0.009 -29"><span class='ocrx_word' id='word_1_529' title='bbox 232 3803 435 3860; x_wconf 84' lang='lat' dir='ltr'>bonum</span> <span class='ocrx_word' id='word_1_530' title='bbox 465 3824 479 3874; x_wconf 93' lang='lat'>;</span> <span class='ocrx_word' id='word_1_531' title='bbox 513 3812 628 3862; x_wconf 83' lang='lat' dir='ltr'>aut</span> <span class='ocrx_word' id='word_1_532' title='bbox 663 3813 819 3863; x_wconf 88' lang='lat' dir='ltr'>certe</span> <span class='ocrx_word' id='word_1_533' title='bbox 868 3811 1150 3868; x_wconf 82' lang='lat' dir='ltr'>scientem</span> <span class='ocrx_word' id='word_1_534' title='bbox 1209 3815 1472 3885; x_wconf 89' lang='lat' dir='ltr'>quidem,</span> <span class='ocrx_word' id='word_1_535' title='bbox 1507 3834 1621 3873; x_wconf 92' lang='lat' dir='ltr'>non</span> <span class='ocrx_word' id='word_1_536' title='bbox 1679 3825 1875 3875; x_wconf 89' lang='lat' dir='ltr'>autem</span> <span class='ocrx_word' id='word_1_537' title='bbox 1914 3803 2299 3878; x_wconf 83' lang='lat' dir='ltr'>exercentem.</span> 
     </span>
    </p>
   </div>
   <div class='ocr_carea' id='block_1_78' title="bbox 291 3905 1875 3994">
    <p class='ocr_par' dir='ltr' id='par_1_78' title="bbox 291 3905 1875 3994">
     <span class='ocr_line' id='line_1_78' title="bbox 291 3905 1875 3994; baseline 0.011 -34"><span class='ocrx_word' id='word_1_538' title='bbox 291 3905 855 3994; x_wconf 53' lang='lat' dir='ltr'>vz&#39;.WsuBiv09w1toc</span> <span class='ocrx_word' id='word_1_539' title='bbox 899 3910 1183 3988; x_wconf 81' lang='grc' dir='ltr'>ἅνθρωπος</span> <span class='ocrx_word' id='word_1_540' title='bbox 1235 3917 1264 3970; x_wconf 93' lang='lat'>6</span> <span class='ocrx_word' id='word_1_541' title='bbox 1322 3919 1638 3994; x_wconf 77' lang='grc' dir='ltr'>ὑποκριτὴς,</span> <span class='ocrx_word' id='word_1_542' title='bbox 1690 3921 1765 3984; x_wconf 83' lang='grc' dir='ltr'>ὡς</span> <span class='ocrx_word' id='word_1_543' title='bbox 1816 3920 1875 3978; x_wconf 83' lang='grc' dir='ltr'>δὶ</span> 
     </span>
    </p>
   </div>
   <div class='ocr_carea' id='block_1_79' title="bbox 231 3992 1873 4084">
    <p class='ocr_par' dir='ltr' id='par_1_79' title="bbox 231 3992 1873 4084">
     <span class='ocr_line' id='line_1_79' title="bbox 231 3992 1873 4084; baseline 0.012 -39"><span class='ocrx_word' id='word_1_544' title='bbox 231 3993 309 4084; x_wconf 73' lang='grc' dir='ltr'>καὶ</span> <span class='ocrx_word' id='word_1_545' title='bbox 363 3992 646 4070; x_wconf 84' lang='grc' dir='ltr'>δαιμονῶν</span> <span class='ocrx_word' id='word_1_546' title='bbox 703 3996 927 4075; x_wconf 84' lang='grc' dir='ltr'>λεχθείη</span> <span class='ocrx_word' id='word_1_547' title='bbox 977 3999 1038 4056; x_wconf 78' lang='grc' dir='ltr'>ἂν</span> <span class='ocrx_word' id='word_1_548' title='bbox 1081 4004 1169 4058; x_wconf 88' lang='grc' dir='ltr'>καὶ</span> <span class='ocrx_word' id='word_1_549' title='bbox 1214 3992 1722 4084; x_wconf 82' lang='grc' dir='ltr'>δαιμονάνθρωπος.</span> <span class='ocrx_word' id='word_1_550' title='bbox 1770 4012 1873 4068; x_wconf 84' lang='grc' dir='ltr'>Καὶ</span> 
     </span>
    </p>
   </div>
   <div class='ocr_carea' id='block_1_80' title="bbox 231 4083 1874 4172">
    <p class='ocr_par' dir='ltr' id='par_1_80' title="bbox 231 4083 1874 4172">
     <span class='ocr_line' id='line_1_80' title="bbox 231 4083 1874 4172; baseline 0.01 -34"><span class='ocrx_word' id='word_1_551' title='bbox 231 4083 412 4172; x_wconf 67' lang='grc' dir='ltr'>¹ᾌργος</span> <span class='ocrx_word' id='word_1_552' title='bbox 470 4086 576 4158; x_wconf 71' lang='grc' dir='ltr'>μὲν</span> <span class='ocrx_word' id='word_1_553' title='bbox 627 4087 654 4140; x_wconf 90' lang='lat'>6</span> <span class='ocrx_word' id='word_1_554' title='bbox 704 4086 1137 4162; x_wconf 77' lang='grc' dir='ltr'>θρυλλοῦμενος,</span> <span class='ocrx_word' id='word_1_555' title='bbox 1193 4097 1281 4149; x_wconf 86' lang='grc' dir='ltr'>οἷα</span> <span class='ocrx_word' id='word_1_556' title='bbox 1311 4083 1616 4168; x_wconf 85' lang='grc' dir='ltr'>πανόπτης,</span> <span class='ocrx_word' id='word_1_557' title='bbox 1648 4097 1874 4172; x_wconf 70' lang='grc' dir='ltr'>οἴδαμεν</span> 
     </span>
    </p>
   </div>
   <div class='ocr_carea' id='block_1_81' title="bbox 232 4171 1877 4263">
    <p class='ocr_par' dir='ltr' id='par_1_81' title="bbox 232 4171 1877 4263">
     <span class='ocr_line' id='line_1_81' title="bbox 232 4171 1877 4263; baseline 0.012 -38"><span class='ocrx_word' id='word_1_558' title='bbox 232 4171 394 4246; x_wconf 82' lang='grc' dir='ltr'>ὁποίῳ</span> <span class='ocrx_word' id='word_1_559' title='bbox 425 4173 591 4249; x_wconf 86' lang='grc' dir='ltr'>λόγῳ</span> <span class='ocrx_word' id='word_1_560' title='bbox 643 4181 889 4239; x_wconf 86' lang='grc' dir='ltr'>τοιοῦτος</span> <span class='ocrx_word' id='word_1_561' title='bbox 944 4181 1073 4235; x_wconf 76' lang='grc' dir='ltr'>εἶναι</span> <span class='ocrx_word' id='word_1_562' title='bbox 1127 4180 1444 4239; x_wconf 70' lang='grc' dir='ltr'>πλάττεταιο</span> <span class='ocrx_word' id='word_1_563' title='bbox 1505 4188 1533 4241; x_wconf 92' lang='grc' dir='ltr'>ὁ</span> <span class='ocrx_word' id='word_1_564' title='bbox 1565 4184 1622 4242; x_wconf 79' lang='grc' dir='ltr'>δὲ</span> <span class='ocrx_word' id='word_1_565' title='bbox 1655 4171 1877 4263; x_wconf 78' lang='grc' dir='ltr'>ὑποκρι-</span> 
     </span>
    </p>
   </div>
   <div class='ocr_carea' id='block_1_82' title="bbox 228 4259 1876 4350">
    <p class='ocr_par' dir='ltr' id='par_1_82' title="bbox 228 4259 1876 4350">
     <span class='ocr_line' id='line_1_82' title="bbox 228 4259 1876 4350; baseline 0.012 -38"><span class='ocrx_word' id='word_1_566' title='bbox 228 4261 316 4327; x_wconf 72' lang='grc' dir='ltr'>τὴς</span> <span class='ocrx_word' id='word_1_567' title='bbox 349 4259 490 4318; x_wconf 79' lang='grc' dir='ltr'>ἄλλο</span> <span class='ocrx_word' id='word_1_568' title='bbox 524 4284 578 4317; x_wconf 91' lang='grc' dir='ltr'>τι</span> <span class='ocrx_word' id='word_1_569' title='bbox 613 4265 760 4341; x_wconf 78' lang='grc' dir='ltr'>φέρει</span> <span class='ocrx_word' id='word_1_570' title='bbox 810 4267 1032 4339; x_wconf 77' lang='grc' dir='ltr'>ξενίζον.</span> <span class='ocrx_word' id='word_1_571' title='bbox 1067 4269 1332 4328; x_wconf 78' lang='grc' dir='ltr'>Ψεύδεται</span> <span class='ocrx_word' id='word_1_572' title='bbox 1362 4275 1462 4350; x_wconf 76' lang='grc' dir='ltr'>γὰρ</span> <span class='ocrx_word' id='word_1_573' title='bbox 1516 4274 1630 4350; x_wconf 82' lang='grc' dir='ltr'>ὅλῳ</span> <span class='ocrx_word' id='word_1_574' title='bbox 1659 4281 1738 4349; x_wconf 83' lang='grc' dir='ltr'>τῷ</span> <span class='ocrx_word' id='word_1_575' title='bbox 1769 4259 1876 4332; x_wconf 76' lang='grc' dir='ltr'>σῶ-</span> 
     </span>
    </p>
   </div>
   <div class='ocr_carea' id='block_1_83' title="bbox 235 4351 1879 4437">
    <p class='ocr_par' dir='ltr' id='par_1_83' title="bbox 235 4351 1879 4437">
     <span class='ocr_line' id='line_1_83' title="bbox 235 4351 1879 4437; baseline 0.013 -37"><span class='ocrx_word' id='word_1_576' title='bbox 235 4367 351 4437; x_wconf 70' lang='grc' dir='ltr'>ματι</span> <span class='ocrx_word' id='word_1_577' title='bbox 381 4393 395 4418; x_wconf 95' lang='grc'>,</span> <span class='ocrx_word' id='word_1_578' title='bbox 449 4353 522 4425; x_wconf 73' lang='grc' dir='ltr'>τῇ</span> <span class='ocrx_word' id='word_1_579' title='bbox 586 4351 834 4427; x_wconf 77' lang='grc' dir='ltr'>ἐπικύψει</span> <span class='ocrx_word' id='word_1_580' title='bbox 881 4359 980 4425; x_wconf 77' lang='grc' dir='ltr'>τῆς</span> <span class='ocrx_word' id='word_1_581' title='bbox 1023 4359 1267 4437; x_wconf 78' lang='grc' dir='ltr'>κεφαλῆς</span> <span class='ocrx_word' id='word_1_582' title='bbox 1298 4407 1313 4432; x_wconf 91' lang='grc'>,</span> <span class='ocrx_word' id='word_1_583' title='bbox 1370 4365 1440 4436; x_wconf 80' lang='grc' dir='ltr'>τῇ</span> <span class='ocrx_word' id='word_1_584' title='bbox 1499 4362 1728 4418; x_wconf 68' lang='grc' dir='ltr'>ἐννεῦσει</span> <span class='ocrx_word' id='word_1_585' title='bbox 1779 4372 1879 4436; x_wconf 81' lang='grc' dir='ltr'>τῆς</span> 
     </span>
    </p>
   </div>
   <div class='ocr_carea' id='block_1_84' title="bbox 230 4431 1876 4530">
    <p class='ocr_par' dir='ltr' id='par_1_84' title="bbox 230 4431 1876 4530">
     <span class='ocr_line' id='line_1_84' title="bbox 230 4431 1876 4530; baseline 0.005 -43"><span class='ocrx_word' id='word_1_586' title='bbox 230 4431 536 4530; x_wconf 35' lang='lat' dir='ltr'>Superbam]:</span> <span class='ocrx_word' id='word_1_587' title='bbox 589 4438 925 4516; x_wconf 80' lang='grc' dir='ltr'>μειδιάματι,</span> <span class='ocrx_word' id='word_1_588' title='bbox 981 4451 1061 4518; x_wconf 80' lang='grc' dir='ltr'>τῷ</span> <span class='ocrx_word' id='word_1_589' title='bbox 1098 4431 1430 4523; x_wconf 27' lang='grc' dir='ltr'>τγελάσματι,</span> <span class='ocrx_word' id='word_1_590' title='bbox 1461 4456 1539 4524; x_wconf 77' lang='grc' dir='ltr'>τῷ</span> <span class='ocrx_word' id='word_1_591' title='bbox 1582 4431 1876 4530; x_wconf 46' lang='grc' dir='ltr'>φιλήματὶ,</span> 
     </span>
    </p>
   </div>
   <div class='ocr_carea' id='block_1_85' title="bbox 228 4527 1881 4608">
    <p class='ocr_par' dir='ltr' id='par_1_85' title="bbox 228 4527 1881 4608">
     <span class='ocr_line' id='line_1_85' title="bbox 228 4527 1881 4608; baseline 0.013 -31"><span class='ocrx_word' id='word_1_592' title='bbox 228 4528 289 4598; x_wconf 78' lang='grc' dir='ltr'>τῇ</span> <span class='ocrx_word' id='word_1_593' title='bbox 345 4527 535 4600; x_wconf 83' lang='grc' dir='ltr'>λαλιᾷ,</span> <span class='ocrx_word' id='word_1_594' title='bbox 587 4535 667 4603; x_wconf 81' lang='grc' dir='ltr'>τῷ</span> <span class='ocrx_word' id='word_1_595' title='bbox 725 4531 998 4608; x_wconf 84' lang='grc' dir='ltr'>πτύσματι</span> <span class='ocrx_word' id='word_1_596' title='bbox 1068 4538 1096 4592; x_wconf 90' lang='lat'>6</span> <span class='ocrx_word' id='word_1_597' title='bbox 1153 4540 1524 4604; x_wconf 79' lang='grc' dir='ltr'>κατάπτυστος</span> <span class='ocrx_word' id='word_1_598' title='bbox 1561 4527 1602 4574; x_wconf 25' lang='grc'>’1</span> <span class='ocrx_word' id='word_1_599' title='bbox 1636 4543 1881 4606; x_wconf 81' lang='grc' dir='ltr'>συνόλως</span> 
     </span>
    </p>
   </div>
   <div class='ocr_carea' id='block_1_86' title="bbox 232 4612 1877 4707">
    <p class='ocr_par' dir='ltr' id='par_1_86' title="bbox 232 4612 1877 4707">
     <span class='ocr_line' id='line_1_86' title="bbox 232 4612 1877 4707; baseline 0.012 -40"><span class='ocrx_word' id='word_1_600' title='bbox 232 4612 413 4707; x_wconf 62' lang='grc' dir='ltr'>εἰπεῖν,</span> <span class='ocrx_word' id='word_1_601' title='bbox 463 4621 549 4689; x_wconf 76' lang='grc' dir='ltr'>τῷ</span> <span class='ocrx_word' id='word_1_602' title='bbox 598 4621 759 4676; x_wconf 79' lang='grc' dir='ltr'>παντὶ</span> <span class='ocrx_word' id='word_1_603' title='bbox 802 4625 1104 4699; x_wconf 86' lang='grc' dir='ltr'>προσώπῳ,</span> <span class='ocrx_word' id='word_1_604' title='bbox 1152 4631 1222 4702; x_wconf 79' lang='grc' dir='ltr'>τῇ</span> <span class='ocrx_word' id='word_1_605' title='bbox 1279 4629 1462 4702; x_wconf 84' lang='grc' dir='ltr'>βαθείᾳ</span> <span class='ocrx_word' id='word_1_606' title='bbox 1491 4635 1877 4707; x_wconf 75' lang='grc' dir='ltr'>προσκυνήσει,</span> 
     </span>
    </p>
   </div>
   <div class='ocr_carea' id='block_1_87' title="bbox 232 4702 1877 4797">
    <p class='ocr_par' dir='ltr' id='par_1_87' title="bbox 232 4702 1877 4797">
     <span class='ocr_line' id='line_1_87' title="bbox 232 4702 1877 4797; baseline 0.015 -41"><span class='ocrx_word' id='word_1_607' title='bbox 232 4702 297 4797; x_wconf 13' lang='grc' dir='ltr'>τῇγ</span> <span class='ocrx_word' id='word_1_608' title='bbox 322 4710 414 4760; x_wconf 90' lang='grc' dir='ltr'>τοῦ</span> <span class='ocrx_word' id='word_1_609' title='bbox 468 4708 760 4783; x_wconf 77' lang='grc' dir='ltr'>ἀσπασμοῦ</span> <span class='ocrx_word' id='word_1_610' title='bbox 813 4711 1092 4789; x_wconf 72' lang='grc' dir='ltr'>ίμπλοκῇ,</span> <span class='ocrx_word' id='word_1_611' title='bbox 1123 4716 1192 4791; x_wconf 74' lang='grc' dir='ltr'>τῇ</span> <span class='ocrx_word' id='word_1_612' title='bbox 1240 4723 1346 4773; x_wconf 90' lang='grc' dir='ltr'>τῶν</span> <span class='ocrx_word' id='word_1_613' title='bbox 1397 4702 1598 4796; x_wconf 78' lang='grc' dir='ltr'>’χειρῶν</span> <span class='ocrx_word' id='word_1_614' title='bbox 1634 4702 1877 4797; x_wconf 66' lang='grc' dir='ltr'>ἐμϐολῇ,</span> 
     </span>
    </p>
   </div>
   <div class='ocr_carea' id='block_1_88' title="bbox 239 4796 1880 4880">
    <p class='ocr_par' dir='ltr' id='par_1_88' title="bbox 239 4796 1880 4880">
     <span class='ocr_line' id='line_1_88' title="bbox 239 4796 1880 4880; baseline 0.012 -34"><span class='ocrx_word' id='word_1_615' title='bbox 239 4796 301 4857; x_wconf 83' lang='grc' dir='ltr'>τῆ</span> <span class='ocrx_word' id='word_1_616' title='bbox 351 4799 458 4849; x_wconf 90' lang='grc' dir='ltr'>τῶν</span> <span class='ocrx_word' id='word_1_617' title='bbox 517 4798 781 4874; x_wconf 86' lang='grc' dir='ltr'>τριχίνων</span> <span class='ocrx_word' id='word_1_618' title='bbox 823 4799 1118 4879; x_wconf 83' lang='grc' dir='ltr'>περιϐολῇ,</span> <span class='ocrx_word' id='word_1_619' title='bbox 1160 4810 1227 4880; x_wconf 84' lang='grc' dir='ltr'>τῇ</span> <span class='ocrx_word' id='word_1_620' title='bbox 1283 4806 1584 4880; x_wconf 85' lang='grc' dir='ltr'>μεταδόσει,</span> <span class='ocrx_word' id='word_1_621' title='bbox 1642 4811 1731 4867; x_wconf 76' lang='grc' dir='ltr'>ὅτε</span> <span class='ocrx_word' id='word_1_622' title='bbox 1774 4833 1880 4866; x_wconf 89' lang='grc' dir='ltr'>που</span> 
     </span>
    </p>
   </div>
   <div class='ocr_carea' id='block_1_89' title="bbox 232 4881 1876 4975">
    <p class='ocr_par' dir='ltr' id='par_1_89' title="bbox 232 4881 1876 4975">
     <span class='ocr_line' id='line_1_89' title="bbox 232 4881 1876 4975; baseline 0.013 -41"><span class='ocrx_word' id='word_1_623' title='bbox 232 4881 313 4935; x_wconf 83' lang='grc' dir='ltr'>καὶ</span> <span class='ocrx_word' id='word_1_624' title='bbox 367 4883 581 4956; x_wconf 75' lang='grc' dir='ltr'>ἐλεήσει</span> <span class='ocrx_word' id='word_1_625' title='bbox 634 4889 726 4944; x_wconf 85' lang='grc' dir='ltr'>τὸν</span> <span class='ocrx_word' id='word_1_626' title='bbox 783 4890 1124 4949; x_wconf 72' lang='grc' dir='ltr'>ἰπαιτοῦντα·</span> <span class='ocrx_word' id='word_1_627' title='bbox 1176 4901 1244 4970; x_wconf 82' lang='grc' dir='ltr'>τῇ</span> <span class='ocrx_word' id='word_1_628' title='bbox 1270 4903 1379 4952; x_wconf 90' lang='grc' dir='ltr'>τῶν</span> <span class='ocrx_word' id='word_1_629' title='bbox 1434 4899 1673 4975; x_wconf 87' lang='grc' dir='ltr'>γονάτων</span> <span class='ocrx_word' id='word_1_630' title='bbox 1701 4900 1876 4956; x_wconf 84' lang='grc' dir='ltr'>κλίσει</span> 
     </span>
    </p>
   </div>
   <div class='ocr_carea' id='block_1_90' title="bbox 234 4969 1870 5064">
    <p class='ocr_par' dir='ltr' id='par_1_90' title="bbox 234 4969 1870 5064">
     <span class='ocr_line' id='line_1_90' title="bbox 234 4969 1870 5064; baseline 0.014 -40"><span class='ocrx_word' id='word_1_631' title='bbox 234 4969 305 5064; x_wconf 58' lang='grc' dir='ltr'>ῶς</span> <span class='ocrx_word' id='word_1_632' title='bbox 331 4973 405 5036; x_wconf 79' lang='grc' dir='ltr'>εἱς</span> <span class='ocrx_word' id='word_1_633' title='bbox 450 4980 786 5052; x_wconf 75' lang='grc' dir='ltr'>προσευχὴν·</span> <span class='ocrx_word' id='word_1_634' title='bbox 832 4985 912 5053; x_wconf 80' lang='grc' dir='ltr'>τῷ</span> <span class='ocrx_word' id='word_1_635' title='bbox 968 4969 1300 5059; x_wconf 79' lang='grc' dir='ltr'>παντοδαπῷ</span> <span class='ocrx_word' id='word_1_636' title='bbox 1355 4969 1457 5042; x_wconf 78' lang='grc' dir='ltr'>τοῦ</span> <span class='ocrx_word' id='word_1_637' title='bbox 1511 4988 1870 5064; x_wconf 86' lang='grc' dir='ltr'>βαδίσματος,</span> 
     </span>
    </p>
   </div>
   <div class='ocr_carea' id='block_1_91' title="bbox 233 5057 1879 5151">
    <p class='ocr_par' dir='ltr' id='par_1_91' title="bbox 233 5057 1879 5151">
     <span class='ocr_line' id='line_1_91' title="bbox 233 5057 1879 5151; baseline 0.013 -36"><span class='ocrx_word' id='word_1_638' title='bbox 233 5057 364 5116; x_wconf 72' lang='grc' dir='ltr'>Οὔτε</span> <span class='ocrx_word' id='word_1_639' title='bbox 431 5065 533 5139; x_wconf 73' lang='grc' dir='ltr'>γάρ</span> <span class='ocrx_word' id='word_1_640' title='bbox 615 5072 822 5139; x_wconf 80' lang='grc' dir='ltr'>σεμνῶς</span> <span class='ocrx_word' id='word_1_641' title='bbox 883 5069 1120 5146; x_wconf 82' lang='grc' dir='ltr'>βαδίζων</span> <span class='ocrx_word' id='word_1_642' title='bbox 1156 5120 1170 5145; x_wconf 96' lang='grc'>,</span> <span class='ocrx_word' id='word_1_643' title='bbox 1223 5057 1358 5151; x_wconf 86' lang='grc' dir='ltr'>πρὸς</span> <span class='ocrx_word' id='word_1_644' title='bbox 1409 5057 1686 5149; x_wconf 31' lang='grc' dir='ltr'>ἀληθειαν.</span> <span class='ocrx_word' id='word_1_645' title='bbox 1748 5080 1879 5135; x_wconf 78' lang='grc' dir='ltr'>αὐτὸ</span> 
     </span>
    </p>
   </div>
   <div class='ocr_carea' id='block_1_92' title="bbox 231 5151 1882 5246">
    <p class='ocr_par' dir='ltr' id='par_1_92' title="bbox 231 5151 1882 5246">
     <span class='ocr_line' id='line_1_92' title="bbox 231 5151 1882 5246; baseline 0.015 -45"><span class='ocrx_word' id='word_1_646' title='bbox 231 5156 393 5219; x_wconf 85' lang='grc' dir='ltr'>ποιεῖ,</span> <span class='ocrx_word' id='word_1_647' title='bbox 454 5151 580 5209; x_wconf 76' lang='grc' dir='ltr'>οὐδὲ</span> <span class='ocrx_word' id='word_1_648' title='bbox 643 5157 748 5229; x_wconf 73' lang='grc' dir='ltr'>μὴν</span> <span class='ocrx_word' id='word_1_649' title='bbox 810 5159 1078 5232; x_wconf 70' lang='grc' dir='ltr'>σπεύδων,</span> <span class='ocrx_word' id='word_1_650' title='bbox 1136 5165 1226 5219; x_wconf 77' lang='grc' dir='ltr'>ὅτε</span> <span class='ocrx_word' id='word_1_651' title='bbox 1277 5166 1385 5219; x_wconf 88' lang='grc' dir='ltr'>τινὶ</span> <span class='ocrx_word' id='word_1_652' title='bbox 1449 5168 1669 5242; x_wconf 82' lang='grc' dir='ltr'>βοηθεῖν</span> <span class='ocrx_word' id='word_1_653' title='bbox 1719 5191 1882 5246; x_wconf 86' lang='grc' dir='ltr'>προσ-</span> 
     </span>
    </p>
   </div>
   <div class='ocr_carea' id='block_1_93' title="bbox 233 5245 1884 5333">
    <p class='ocr_par' dir='ltr' id='par_1_93' title="bbox 233 5245 1884 5333">
     <span class='ocr_line' id='line_1_93' title="bbox 233 5245 1884 5333; baseline 0.014 -43"><span class='ocrx_word' id='word_1_654' title='bbox 233 5245 488 5297; x_wconf 86' lang='grc' dir='ltr'>ποιεῖται.</span> <span class='ocrx_word' id='word_1_655' title='bbox 536 5245 613 5298; x_wconf 83' lang='grc' dir='ltr'>Τὰ</span> <span class='ocrx_word' id='word_1_656' title='bbox 669 5247 853 5318; x_wconf 73' lang='grc' dir='ltr'>μέντοι</span> <span class='ocrx_word' id='word_1_657' title='bbox 907 5251 1031 5325; x_wconf 87' lang='grc' dir='ltr'>περὶ</span> <span class='ocrx_word' id='word_1_658' title='bbox 1081 5253 1334 5330; x_wconf 85' lang='grc' dir='ltr'>γαστέρα,</span> <span class='ocrx_word' id='word_1_659' title='bbox 1366 5255 1455 5309; x_wconf 83' lang='grc' dir='ltr'>καὶ</span> <span class='ocrx_word' id='word_1_660' title='bbox 1508 5255 1562 5310; x_wconf 75' lang='grc' dir='ltr'>εἶ’</span> <span class='ocrx_word' id='word_1_661' title='bbox 1600 5278 1650 5311; x_wconf 91' lang='grc' dir='ltr'>τι</span> <span class='ocrx_word' id='word_1_662' title='bbox 1688 5245 1884 5333; x_wconf 78' lang='grc' dir='ltr'>ὶχόμε-</span> 
     </span>
    </p>
   </div>
   <div class='ocr_carea' id='block_1_94' title="bbox 234 5329 1882 5426">
    <p class='ocr_par' dir='ltr' id='par_1_94' title="bbox 234 5329 1882 5426">
     <span class='ocr_line' id='line_1_94' title="bbox 234 5329 1882 5426; baseline 0.015 -48"><span class='ocrx_word' id='word_1_663' title='bbox 234 5345 341 5426; x_wconf 69' lang='grc' dir='ltr'>νον,</span> <span class='ocrx_word' id='word_1_664' title='bbox 399 5329 736 5410; x_wconf 67' lang='grc' dir='ltr'>πεφυλάχθω</span> <span class='ocrx_word' id='word_1_665' title='bbox 793 5343 944 5413; x_wconf 79' lang='grc' dir='ltr'>σιγῇ,</span> <span class='ocrx_word' id='word_1_666' title='bbox 1007 5340 1051 5395; x_wconf 82' lang='grc' dir='ltr'>ὡ</span> <span class='ocrx_word' id='word_1_667' title='bbox 1102 5329 1290 5419; x_wconf 64' lang='grc' dir='ltr'>ψυχὴ,</span> <span class='ocrx_word' id='word_1_668' title='bbox 1349 5343 1492 5400; x_wconf 76' lang='grc' dir='ltr'>οὕτω</span> <span class='ocrx_word' id='word_1_669' title='bbox 1547 5347 1648 5414; x_wconf 71' lang='grc' dir='ltr'>τὴν</span> <span class='ocrx_word' id='word_1_670' title='bbox 1706 5329 1882 5416; x_wconf 77' lang='grc' dir='ltr'>καλὴν</span> 
     </span>
    </p>
   </div>
   <div class='ocr_carea' id='block_1_95' title="bbox 234 5421 1877 5518">
    <p class='ocr_par' dir='ltr' id='par_1_95' title="bbox 234 5421 1877 5518">
     <span class='ocr_line' id='line_1_95' title="bbox 234 5421 1877 5518; baseline 0.014 -49"><span class='ocrx_word' id='word_1_671' title='bbox 234 5421 520 5518; x_wconf 44' lang='grc' dir='ltr'>ἐχρειοῦσα</span> <span class='ocrx_word' id='word_1_672' title='bbox 572 5421 769 5481; x_wconf 84' lang='grc' dir='ltr'>πλάσιν</span> <span class='ocrx_word' id='word_1_673' title='bbox 807 5473 821 5500; x_wconf 86' lang='grc'>,</span> <span class='ocrx_word' id='word_1_674' title='bbox 880 5429 970 5484; x_wconf 83' lang='grc' dir='ltr'>καὶ</span> <span class='ocrx_word' id='word_1_675' title='bbox 1026 5431 1115 5485; x_wconf 86' lang='grc' dir='ltr'>τὸν</span> <span class='ocrx_word' id='word_1_676' title='bbox 1176 5432 1344 5488; x_wconf 86' lang='grc' dir='ltr'>καλὸν</span> <span class='ocrx_word' id='word_1_677' title='bbox 1401 5435 1685 5512; x_wconf 79' lang='grc' dir='ltr'>ἄνθρωπον</span> <span class='ocrx_word' id='word_1_678' title='bbox 1752 5437 1877 5511; x_wconf 76' lang='grc' dir='ltr'>ψεύ-</span> 
     </span>
    </p>
   </div>
   <div class='ocr_carea' id='block_1_96' title="bbox 238 5515 424 5565">
    <p class='ocr_par' dir='ltr' id='par_1_96' title="bbox 238 5515 424 5565">
     <span class='ocr_line' id='line_1_96' title="bbox 238 5515 424 5565; baseline 0.038 -7"><span class='ocrx_word' id='word_1_679' title='bbox 238 5515 424 5565; x_wconf 77' lang='grc' dir='ltr'>δουσα.</span> 
     </span>
    </p>
   </div>
   <div class='ocr_carea' id='block_1_97' title="bbox 296 5598 1882 5690">
    <p class='ocr_par' dir='ltr' id='par_1_97' title="bbox 296 5598 1882 5690">
     <span class='ocr_line' id='line_1_97' title="bbox 296 5598 1882 5690; baseline 0.017 -40"><span class='ocrx_word' id='word_1_680' title='bbox 296 5598 395 5667; x_wconf 85' lang='grc' dir='ltr'>νη’.</span> <span class='ocrx_word' id='word_1_681' title='bbox 428 5599 579 5690; x_wconf 81' lang='grc' dir='ltr'>’Έχω</span> <span class='ocrx_word' id='word_1_682' title='bbox 631 5601 802 5678; x_wconf 79' lang='grc' dir='ltr'>δείξας</span> <span class='ocrx_word' id='word_1_683' title='bbox 848 5606 956 5683; x_wconf 70' lang='grc' dir='ltr'>ἤδη</span> <span class='ocrx_word' id='word_1_684' title='bbox 1013 5617 1239 5688; x_wconf 81' lang='grc' dir='ltr'>τρανῶς,</span> <span class='ocrx_word' id='word_1_685' title='bbox 1290 5616 1477 5690; x_wconf 76' lang='grc' dir='ltr'>οἶμαι,</span> <span class='ocrx_word' id='word_1_686' title='bbox 1534 5617 1617 5673; x_wconf 78' lang='grc' dir='ltr'>ὅτι</span> <span class='ocrx_word' id='word_1_687' title='bbox 1648 5616 1882 5676; x_wconf 70' lang='grc' dir='ltr'>ἐκκλίνει</span> 
     </span>
    </p>
   </div>
   <div class='ocr_carea' id='block_1_98' title="bbox 237 5684 1880 5780">
    <p class='ocr_par' dir='ltr' id='par_1_98' title="bbox 237 5684 1880 5780">
     <span class='ocr_line' id='line_1_98' title="bbox 237 5684 1880 5780; baseline 0.018 -42"><span class='ocrx_word' id='word_1_688' title='bbox 237 5684 336 5754; x_wconf 81' lang='grc' dir='ltr'>τήν</span> <span class='ocrx_word' id='word_1_689' title='bbox 395 5689 524 5746; x_wconf 79' lang='grc' dir='ltr'>κατὰ</span> <span class='ocrx_word' id='word_1_690' title='bbox 575 5695 759 5770; x_wconf 80' lang='grc' dir='ltr'>ψυχὴν</span> <span class='ocrx_word' id='word_1_691' title='bbox 818 5684 1096 5773; x_wconf 79' lang='grc' dir='ltr'>κακότητα</span> <span class='ocrx_word' id='word_1_692' title='bbox 1151 5684 1242 5760; x_wconf 57' lang='grc' dir='ltr'>καὶ</span> <span class='ocrx_word' id='word_1_693' title='bbox 1302 5684 1550 5780; x_wconf 48' lang='grc' dir='ltr'>δμηδέν</span> <span class='ocrx_word' id='word_1_694' title='bbox 1607 5729 1660 5765; x_wconf 91' lang='grc' dir='ltr'>τι</span> <span class='ocrx_word' id='word_1_695' title='bbox 1708 5714 1880 5766; x_wconf 89' lang='grc' dir='ltr'>ποιῶν</span> 
     </span>
    </p>
   </div>
   <div class='ocr_carea' id='block_1_99' title="bbox 2055 3921 3628 3998">
    <p class='ocr_par' dir='ltr' id='par_1_99' title="bbox 2055 3921 3628 3998">
     <span class='ocr_line' id='line_1_99' title="bbox 2055 3921 3628 3998; baseline -0.005 -16"><span class='ocrx_word' id='word_1_696' title='bbox 2055 3928 2145 3983; x_wconf 88' lang='grc'>57.</span> <span class='ocrx_word' id='word_1_697' title='bbox 2179 3928 2363 3983; x_wconf 86' lang='lat' dir='ltr'>Homo</span> <span class='ocrx_word' id='word_1_698' title='bbox 2425 3928 2675 3984; x_wconf 80' lang='lat' dir='ltr'>mendax</span> <span class='ocrx_word' id='word_1_699' title='bbox 2731 3931 2820 3982; x_wconf 90' lang='lat' dir='ltr'>est</span> <span class='ocrx_word' id='word_1_700' title='bbox 2875 3924 3226 3998; x_wconf 82' lang='lat' dir='ltr'>hypocrita;</span> <span class='ocrx_word' id='word_1_701' title='bbox 3285 3921 3454 3994; x_wconf 91' lang='lat' dir='ltr'>quasi</span> <span class='ocrx_word' id='word_1_702' title='bbox 3494 3935 3628 3975; x_wconf 90' lang='lat' dir='ltr'>vero</span> 
     </span>
    </p>
   </div>
   <div class='ocr_carea' id='block_1_100' title="bbox 1984 4007 3630 4088">
    <p class='ocr_par' dir='ltr' id='par_1_100' title="bbox 1984 4007 3630 4088">
     <span class='ocr_line' id='line_1_100' title="bbox 1984 4007 3630 4088; baseline -0.004 -19"><span class='ocrx_word' id='word_1_703' title='bbox 1984 4016 2377 4072; x_wconf 69' lang='lat' dir='ltr'>daemoniacus</span> <span class='ocrx_word' id='word_1_704' title='bbox 2434 4017 2548 4072; x_wconf 87' lang='lat' dir='ltr'>dici</span> <span class='ocrx_word' id='word_1_705' title='bbox 2611 4021 2802 4088; x_wconf 87' lang='lat' dir='ltr'>potest</span> <span class='ocrx_word' id='word_1_706' title='bbox 2829 4019 2887 4070; x_wconf 89' lang='lat' dir='ltr'>et</span> <span class='ocrx_word' id='word_1_707' title='bbox 2918 4013 3372 4070; x_wconf 57' lang='lat' dir='ltr'>homo-damon.</span> <span class='ocrx_word' id='word_1_708' title='bbox 3405 4009 3476 4065; x_wconf 90' lang='lat' dir='ltr'>Et</span> <span class='ocrx_word' id='word_1_709' title='bbox 3503 4007 3630 4080; x_wconf 90' lang='lat' dir='ltr'>qui-</span> 
     </span>
    </p>
   </div>
   <div class='ocr_carea' id='block_1_101' title="bbox 1985 4095 3632 4176">
    <p class='ocr_par' dir='ltr' id='par_1_101' title="bbox 1985 4095 3632 4176">
     <span class='ocr_line' id='line_1_101' title="bbox 1985 4095 3632 4176; baseline -0.005 -18"><span class='ocrx_word' id='word_1_710' title='bbox 1985 4104 2116 4158; x_wconf 91' lang='lat' dir='ltr'>dem</span> <span class='ocrx_word' id='word_1_711' title='bbox 2142 4107 2325 4176; x_wconf 80' lang='lat' dir='ltr'>Argus</span> <span class='ocrx_word' id='word_1_712' title='bbox 2351 4101 3209 4175; x_wconf 88' lang='lat' dir='ltr'>celebratissimus,quaomnia</span> <span class='ocrx_word' id='word_1_713' title='bbox 3235 4095 3632 4169; x_wconf 89' lang='lat' dir='ltr'>videns,quali</span> 
     </span>
    </p>
   </div>
   <div class='ocr_carea' id='block_1_102' title="bbox 1987 4188 3630 4266">
    <p class='ocr_par' dir='ltr' id='par_1_102' title="bbox 1987 4188 3630 4266">
     <span class='ocr_line' id='line_1_102' title="bbox 1987 4188 3630 4266; baseline -0.003 -20"><span class='ocrx_word' id='word_1_714' title='bbox 1987 4193 2160 4248; x_wconf 89' lang='lat' dir='ltr'>modo</span> <span class='ocrx_word' id='word_1_715' title='bbox 2191 4193 2325 4248; x_wconf 90' lang='lat' dir='ltr'>talis</span> <span class='ocrx_word' id='word_1_716' title='bbox 2355 4209 2485 4249; x_wconf 89' lang='lat' dir='ltr'>esse</span> <span class='ocrx_word' id='word_1_717' title='bbox 2511 4194 2789 4266; x_wconf 85' lang='lat' dir='ltr'>ﬁngatur,</span> <span class='ocrx_word' id='word_1_718' title='bbox 2823 4191 3094 4246; x_wconf 89' lang='lat' dir='ltr'>novimus</span> <span class='ocrx_word' id='word_1_719' title='bbox 3128 4188 3468 4262; x_wconf 82' lang='lat' dir='ltr'>:hypocrita</span> <span class='ocrx_word' id='word_1_720' title='bbox 3497 4202 3630 4242; x_wconf 89' lang='lat' dir='ltr'>vero</span> 
     </span>
    </p>
   </div>
   <div class='ocr_carea' id='block_1_103' title="bbox 1987 4277 3630 4354">
    <p class='ocr_par' dir='ltr' id='par_1_103' title="bbox 1987 4277 3630 4354">
     <span class='ocr_line' id='line_1_103' title="bbox 1987 4277 3630 4354; baseline -0.003 -19"><span class='ocrx_word' id='word_1_721' title='bbox 1987 4280 2146 4336; x_wconf 91' lang='lat' dir='ltr'>aliud</span> <span class='ocrx_word' id='word_1_722' title='bbox 2178 4281 2319 4353; x_wconf 89' lang='lat' dir='ltr'>quid</span> <span class='ocrx_word' id='word_1_723' title='bbox 2352 4282 2501 4354; x_wconf 89' lang='lat' dir='ltr'>gerit</span> <span class='ocrx_word' id='word_1_724' title='bbox 2528 4287 2867 4336; x_wconf 84' lang='lat' dir='ltr'>extraneum</span> <span class='ocrx_word' id='word_1_725' title='bbox 2895 4297 2909 4334; x_wconf 88' lang='lat'>:</span> <span class='ocrx_word' id='word_1_726' title='bbox 2962 4279 3243 4335; x_wconf 87' lang='lat' dir='ltr'>mentitur</span> <span class='ocrx_word' id='word_1_727' title='bbox 3295 4277 3452 4333; x_wconf 92' lang='lat' dir='ltr'>enim</span> <span class='ocrx_word' id='word_1_728' title='bbox 3509 4280 3630 4331; x_wconf 87' lang='lat' dir='ltr'>toto</span> 
     </span>
    </p>
   </div>
   <div class='ocr_carea' id='block_1_104' title="bbox 1988 4363 3627 4442">
    <p class='ocr_par' dir='ltr' id='par_1_104' title="bbox 1988 4363 3627 4442">
     <span class='ocr_line' id='line_1_104' title="bbox 1988 4363 3627 4442; baseline -0.005 -18"><span class='ocrx_word' id='word_1_729' title='bbox 1988 4385 2251 4440; x_wconf 90' lang='lat' dir='ltr'>corpore,</span> <span class='ocrx_word' id='word_1_730' title='bbox 2283 4369 2491 4442; x_wconf 87' lang='lat' dir='ltr'>capitis</span> <span class='ocrx_word' id='word_1_731' title='bbox 2523 4374 2692 4437; x_wconf 89' lang='lat' dir='ltr'>nutu,</span> <span class='ocrx_word' id='word_1_732' title='bbox 2725 4369 3032 4425; x_wconf 90' lang='lat' dir='ltr'>oculorum</span> <span class='ocrx_word' id='word_1_733' title='bbox 3064 4364 3459 4431; x_wconf 90' lang='lat' dir='ltr'>obtutu,dulci</span> <span class='ocrx_word' id='word_1_734' title='bbox 3481 4363 3627 4432; x_wconf 88' lang='lat' dir='ltr'>risu,</span> 
     </span>
    </p>
   </div>
   <div class='ocr_carea' id='block_1_105' title="bbox 1989 4452 3630 4530">
    <p class='ocr_par' dir='ltr' id='par_1_105' title="bbox 1989 4452 3630 4530">
     <span class='ocr_line' id='line_1_105' title="bbox 1989 4452 3630 4530; baseline -0.005 -16"><span class='ocrx_word' id='word_1_735' title='bbox 1989 4459 2295 4529; x_wconf 90' lang='lat' dir='ltr'>cachinno,</span> <span class='ocrx_word' id='word_1_736' title='bbox 2348 4459 2572 4527; x_wconf 90' lang='lat' dir='ltr'>osculo,</span> <span class='ocrx_word' id='word_1_737' title='bbox 2633 4457 2886 4530; x_wconf 91' lang='lat' dir='ltr'>loquela,</span> <span class='ocrx_word' id='word_1_738' title='bbox 2959 4461 3156 4528; x_wconf 89' lang='lat' dir='ltr'>sputo,</span> <span class='ocrx_word' id='word_1_739' title='bbox 3216 4452 3630 4524; x_wconf 87' lang='lat' dir='ltr'>conspuendus</span> 
     </span>
    </p>
   </div>
   <div class='ocr_carea' id='block_1_106' title="bbox 1989 4540 3630 4620">
    <p class='ocr_par' dir='ltr' id='par_1_106' title="bbox 1989 4540 3630 4620">
     <span class='ocr_line' id='line_1_106' title="bbox 1989 4540 3630 4620; baseline -0.004 -19"><span class='ocrx_word' id='word_1_740' title='bbox 1989 4548 2146 4620; x_wconf 91' lang='lat' dir='ltr'>ipse;</span> <span class='ocrx_word' id='word_1_741' title='bbox 2180 4566 2296 4604; x_wconf 93' lang='lat' dir='ltr'>uno</span> <span class='ocrx_word' id='word_1_742' title='bbox 2328 4550 2522 4616; x_wconf 88' lang='lat' dir='ltr'>verbo,</span> <span class='ocrx_word' id='word_1_743' title='bbox 2581 4553 2704 4603; x_wconf 91' lang='lat' dir='ltr'>tota</span> <span class='ocrx_word' id='word_1_744' title='bbox 2736 4547 2902 4613; x_wconf 84' lang='lat' dir='ltr'>facie,</span> <span class='ocrx_word' id='word_1_745' title='bbox 2937 4544 3227 4618; x_wconf 89' lang='lat' dir='ltr'>profunda</span> <span class='ocrx_word' id='word_1_746' title='bbox 3255 4540 3630 4607; x_wconf 88' lang='lat' dir='ltr'>salutatione,</span> 
     </span>
    </p>
   </div>
   <div class='ocr_carea' id='block_1_107' title="bbox 1990 4627 3637 4706">
    <p class='ocr_par' dir='ltr' id='par_1_107' title="bbox 1990 4627 3637 4706">
     <span class='ocr_line' id='line_1_107' title="bbox 1990 4627 3637 4706; baseline -0.006 -15"><span class='ocrx_word' id='word_1_747' title='bbox 1990 4637 2326 4693; x_wconf 88' lang='lat' dir='ltr'>osculorum</span> <span class='ocrx_word' id='word_1_748' title='bbox 2379 4635 2796 4706; x_wconf 84' lang='lat' dir='ltr'>implicatione,</span> <span class='ocrx_word' id='word_1_749' title='bbox 2830 4648 3112 4690; x_wconf 91' lang='lat' dir='ltr'>manuum</span> <span class='ocrx_word' id='word_1_750' title='bbox 3165 4631 3496 4699; x_wconf 80' lang='lat' dir='ltr'>iniectione,</span> <span class='ocrx_word' id='word_1_751' title='bbox 3530 4627 3637 4682; x_wconf 87' lang='lat' dir='ltr'>cri-</span> 
     </span>
    </p>
   </div>
   <div class='ocr_carea' id='block_1_108' title="bbox 1991 4716 3637 4797">
    <p class='ocr_par' dir='ltr' id='par_1_108' title="bbox 1991 4716 3637 4797">
     <span class='ocr_line' id='line_1_108' title="bbox 1991 4716 3637 4797; baseline -0.005 -17"><span class='ocrx_word' id='word_1_752' title='bbox 1991 4725 2154 4781; x_wconf 91' lang='lat' dir='ltr'>nium</span> <span class='ocrx_word' id='word_1_753' title='bbox 2230 4725 2486 4795; x_wconf 89' lang='lat' dir='ltr'>circulis,</span> <span class='ocrx_word' id='word_1_754' title='bbox 2546 4725 2877 4797; x_wconf 90' lang='lat' dir='ltr'>largitione,</span> <span class='ocrx_word' id='word_1_755' title='bbox 2932 4723 2982 4778; x_wconf 90' lang='lat' dir='ltr'>si</span> <span class='ocrx_word' id='word_1_756' title='bbox 3041 4723 3185 4776; x_wconf 87' lang='lat' dir='ltr'>forte</span> <span class='ocrx_word' id='word_1_757' title='bbox 3243 4716 3637 4774; x_wconf 85' lang='lat' dir='ltr'>mendicantis</span> 
     </span>
    </p>
   </div>
   <div class='ocr_carea' id='block_1_109' title="bbox 1990 4805 3634 4886">
    <p class='ocr_par' dir='ltr' id='par_1_109' title="bbox 1990 4805 3634 4886">
     <span class='ocr_line' id='line_1_109' title="bbox 1990 4805 3634 4886; baseline -0.005 -16"><span class='ocrx_word' id='word_1_758' title='bbox 1990 4816 2344 4881; x_wconf 88' lang='lat' dir='ltr'>miseretur;</span> <span class='ocrx_word' id='word_1_759' title='bbox 2377 4830 2638 4886; x_wconf 88' lang='lat' dir='ltr'>genuum</span> <span class='ocrx_word' id='word_1_760' title='bbox 2671 4812 2830 4868; x_wconf 84' lang='lat' dir='ltr'>velut</span> <span class='ocrx_word' id='word_1_761' title='bbox 2879 4812 2948 4868; x_wconf 91' lang='lat' dir='ltr'>ad</span> <span class='ocrx_word' id='word_1_762' title='bbox 2983 4808 3307 4867; x_wconf 90' lang='lat' dir='ltr'>orationem</span> <span class='ocrx_word' id='word_1_763' title='bbox 3366 4805 3634 4875; x_wconf 76' lang='lat' dir='ltr'>ﬂexione,</span> 
     </span>
    </p>
   </div>
   <div class='ocr_carea' id='block_1_110' title="bbox 1987 4895 3640 4976">
    <p class='ocr_par' dir='ltr' id='par_1_110' title="bbox 1987 4895 3640 4976">
     <span class='ocr_line' id='line_1_110' title="bbox 1987 4895 3640 4976; baseline -0.005 -17"><span class='ocrx_word' id='word_1_764' title='bbox 1987 4909 2111 4960; x_wconf 90' lang='lat' dir='ltr'>toto</span> <span class='ocrx_word' id='word_1_765' title='bbox 2147 4920 2386 4976; x_wconf 89' lang='lat' dir='ltr'>gressus</span> <span class='ocrx_word' id='word_1_766' title='bbox 2408 4903 2636 4958; x_wconf 89' lang='lat' dir='ltr'>habitu.</span> <span class='ocrx_word' id='word_1_767' title='bbox 2666 4902 2782 4959; x_wconf 87' lang='lat' dir='ltr'>Nec</span> <span class='ocrx_word' id='word_1_768' title='bbox 2813 4903 2968 4958; x_wconf 90' lang='lat' dir='ltr'>enim</span> <span class='ocrx_word' id='word_1_769' title='bbox 3001 4915 3134 4955; x_wconf 91' lang='lat' dir='ltr'>cum</span> <span class='ocrx_word' id='word_1_770' title='bbox 3157 4895 3640 4968; x_wconf 86' lang='lat' dir='ltr'>decentergradi-</span> 
     </span>
    </p>
   </div>
   <div class='ocr_carea' id='block_1_111' title="bbox 1987 4991 3637 5064">
    <p class='ocr_par' dir='ltr' id='par_1_111' title="bbox 1987 4991 3637 5064">
     <span class='ocr_line' id='line_1_111' title="bbox 1987 4991 3637 5064; baseline -0.004 -16"><span class='ocrx_word' id='word_1_771' title='bbox 1987 4999 2218 5061; x_wconf 90' lang='lat' dir='ltr'>tur,uec</span> <span class='ocrx_word' id='word_1_772' title='bbox 2249 4993 2485 5064; x_wconf 73' lang='lat' dir='ltr'>quando</span> <span class='ocrx_word' id='word_1_773' title='bbox 2518 4991 2803 5054; x_wconf 87' lang='lat' dir='ltr'>frestinat,</span> <span class='ocrx_word' id='word_1_774' title='bbox 2832 4991 3009 5047; x_wconf 91' lang='lat' dir='ltr'>alicui</span> <span class='ocrx_word' id='word_1_775' title='bbox 3043 5003 3386 5044; x_wconf 89' lang='lat' dir='ltr'>succurrere</span> <span class='ocrx_word' id='word_1_776' title='bbox 3426 5003 3542 5058; x_wconf 64' lang='lat' dir='ltr'>pres</span> <span class='ocrx_word' id='word_1_777' title='bbox 3574 5001 3637 5041; x_wconf 86' lang='lat' dir='ltr'>se</span> 
     </span>
    </p>
   </div>
   <div class='ocr_carea' id='block_1_112' title="bbox 1988 5075 3640 5153">
    <p class='ocr_par' dir='ltr' id='par_1_112' title="bbox 1988 5075 3640 5153">
     <span class='ocr_line' id='line_1_112' title="bbox 1988 5075 3640 5153; baseline -0.005 -16"><span class='ocrx_word' id='word_1_778' title='bbox 1988 5083 2202 5146; x_wconf 90' lang='lat' dir='ltr'>ferens,</span> <span class='ocrx_word' id='word_1_779' title='bbox 2251 5083 2423 5153; x_wconf 82' lang='lat' dir='ltr'>juxta</span> <span class='ocrx_word' id='word_1_780' title='bbox 2453 5081 2757 5136; x_wconf 89' lang='lat' dir='ltr'>veritatem</span> <span class='ocrx_word' id='word_1_781' title='bbox 2811 5079 2968 5135; x_wconf 82' lang='lat' dir='ltr'>facit.</span> <span class='ocrx_word' id='word_1_782' title='bbox 3003 5078 3164 5142; x_wconf 87' lang='lat' dir='ltr'>Quod</span> <span class='ocrx_word' id='word_1_783' title='bbox 3199 5082 3397 5133; x_wconf 88' lang='lat' dir='ltr'>autem</span> <span class='ocrx_word' id='word_1_784' title='bbox 3428 5075 3640 5131; x_wconf 87' lang='lat' dir='ltr'>attinet</span> 
     </span>
    </p>
   </div>
   <div class='ocr_carea' id='block_1_113' title="bbox 1989 5163 3638 5243">
    <p class='ocr_par' dir='ltr' id='par_1_113' title="bbox 1989 5163 3638 5243">
     <span class='ocr_line' id='line_1_113' title="bbox 1989 5163 3638 5243; baseline -0.005 -17"><span class='ocrx_word' id='word_1_785' title='bbox 1989 5172 2059 5226; x_wconf 89' lang='lat' dir='ltr'>ad</span> <span class='ocrx_word' id='word_1_786' title='bbox 2091 5177 2351 5227; x_wconf 87' lang='lat' dir='ltr'>ventrem</span> <span class='ocrx_word' id='word_1_787' title='bbox 2383 5177 2440 5226; x_wconf 89' lang='lat' dir='ltr'>et</span> <span class='ocrx_word' id='word_1_788' title='bbox 2465 5178 2662 5243; x_wconf 82' lang='lat' dir='ltr'>partes</span> <span class='ocrx_word' id='word_1_789' title='bbox 2684 5185 2961 5234; x_wconf 81' lang='lat' dir='ltr'>annexas,</span> <span class='ocrx_word' id='word_1_790' title='bbox 2987 5172 3363 5239; x_wconf 69' lang='lat' dir='ltr'>praetereatur</span> <span class='ocrx_word' id='word_1_791' title='bbox 3383 5163 3638 5230; x_wconf 90' lang='lat' dir='ltr'>silentio,</span> 
     </span>
    </p>
   </div>
   <div class='ocr_carea' id='block_1_114' title="bbox 1991 5254 3638 5332">
    <p class='ocr_par' dir='ltr' id='par_1_114' title="bbox 1991 5254 3638 5332">
     <span class='ocr_line' id='line_1_114' title="bbox 1991 5254 3638 5332; baseline -0.006 -16"><span class='ocrx_word' id='word_1_792' title='bbox 1991 5279 2022 5316; x_wconf 98' lang='lat' dir='ltr'>o</span> <span class='ocrx_word' id='word_1_793' title='bbox 2054 5261 2270 5332; x_wconf 80' lang='lat' dir='ltr'>anima,</span> <span class='ocrx_word' id='word_1_794' title='bbox 2295 5260 2380 5316; x_wconf 91' lang='lat' dir='ltr'>sic</span> <span class='ocrx_word' id='word_1_795' title='bbox 2440 5259 2750 5332; x_wconf 91' lang='lat' dir='ltr'>pulchram</span> <span class='ocrx_word' id='word_1_796' title='bbox 2811 5259 3133 5329; x_wconf 89' lang='lat' dir='ltr'>deturpans</span> <span class='ocrx_word' id='word_1_797' title='bbox 3165 5254 3638 5328; x_wconf 85' lang='lat' dir='ltr'>plasmationem,</span> 
     </span>
    </p>
   </div>
   <div class='ocr_carea' id='block_1_115' title="bbox 1991 5347 3066 5422">
    <p class='ocr_par' dir='ltr' id='par_1_115' title="bbox 1991 5347 3066 5422">
     <span class='ocr_line' id='line_1_115' title="bbox 1991 5347 3066 5422; baseline -0.004 -16"><span class='ocrx_word' id='word_1_798' title='bbox 1991 5355 2048 5406; x_wconf 90' lang='lat' dir='ltr'>et</span> <span class='ocrx_word' id='word_1_799' title='bbox 2076 5349 2391 5422; x_wconf 91' lang='lat' dir='ltr'>pulchrum</span> <span class='ocrx_word' id='word_1_800' title='bbox 2419 5348 2718 5406; x_wconf 89' lang='lat' dir='ltr'>hominem</span> <span class='ocrx_word' id='word_1_801' title='bbox 2753 5347 3066 5405; x_wconf 88' lang='lat' dir='ltr'>mentiens.</span> 
     </span>
    </p>
   </div>
   <div class='ocr_carea' id='block_1_116' title="bbox 2063 5611 3642 5678">
    <p class='ocr_par' dir='ltr' id='par_1_116' title="bbox 2063 5611 3642 5678">
     <span class='ocr_line' id='line_1_116' title="bbox 2063 5611 3642 5678; baseline -0.004 -1"><span class='ocrx_word' id='word_1_802' title='bbox 2063 5620 2289 5678; x_wconf 87' lang='lat' dir='ltr'>58.Jam</span> <span class='ocrx_word' id='word_1_803' title='bbox 2321 5618 2617 5677; x_wconf 86' lang='lat' dir='ltr'>evidenter</span> <span class='ocrx_word' id='word_1_804' title='bbox 2636 5617 3072 5676; x_wconf 88' lang='lat' dir='ltr'>demonstrasse</span> <span class='ocrx_word' id='word_1_805' title='bbox 3093 5615 3238 5672; x_wconf 91' lang='lat' dir='ltr'>mihi</span> <span class='ocrx_word' id='word_1_806' title='bbox 3258 5611 3642 5670; x_wconf 87' lang='lat' dir='ltr'>videorillum</span> 
     </span>
    </p>
   </div>
   <div class='ocr_carea' id='block_1_117' title="bbox 1994 5703 3640 5780">
    <p class='ocr_par' dir='ltr' id='par_1_117' title="bbox 1994 5703 3640 5780">
     <span class='ocr_line' id='line_1_117' title="bbox 1994 5703 3640 5780; baseline -0.007 -11"><span class='ocrx_word' id='word_1_807' title='bbox 1994 5710 2203 5769; x_wconf 80' lang='lat' dir='ltr'>animas</span> <span class='ocrx_word' id='word_1_808' title='bbox 2234 5709 2516 5769; x_wconf 84' lang='lat' dir='ltr'>malitiam</span> <span class='ocrx_word' id='word_1_809' title='bbox 2561 5708 2816 5767; x_wconf 76' lang='lat' dir='ltr'>devitarc</span> <span class='ocrx_word' id='word_1_810' title='bbox 2846 5707 2948 5780; x_wconf 89' lang='lat' dir='ltr'>qui</span> <span class='ocrx_word' id='word_1_811' title='bbox 3004 5705 3152 5765; x_wconf 87' lang='lat' dir='ltr'>nihil</span> <span class='ocrx_word' id='word_1_812' title='bbox 3198 5723 3269 5764; x_wconf 90' lang='lat' dir='ltr'>ex</span> <span class='ocrx_word' id='word_1_813' title='bbox 3321 5703 3640 5778; x_wconf 85' lang='lat' dir='ltr'>hypocrisi,</span> 
     </span>
    </p>
   </div>
  </div>
