4114 6200
361 401 479 461 627

1136 401 1560 463 EUSTATllIl
1607 397 2379 461 THESSALONICENSIS
2425 398 2479 457 M
2494 397 2694 458 ΕΤΒο
2705 398 2797 456 ΡΟ
2809 396 3008 456 [ΙΤᾹΞ

3661 399 3780 458 628

361 535 464 589 sed
491 534 661 605 juxta
688 532 991 588 veritatem
1048 533 1186 605 agit.
1248 534 1362 589 Nec
1409 533 1567 588 enim
1602 532 1824 604 aliquid
1857 547 2011 586 com-

2151 531 2516 600 υποκριτικῶς,
2573 525 2718 582 ἀλλὰ
2775 525 2911 601 πρὸς
2971 524 3253 594 ἀλήθειαν.
3315 521 3448 579 Οῧτε
3498 525 3598 601 γὰρ
3632 524 3781 599 ἡλίῳ

364 639 543 678 mune
571 628 659 678 est
685 623 790 677 soli
825 639 962 677 cum
995 622 1272 687 tenebris,
1308 639 1411 678 nec
1450 623 1676 678 veritati
1726 639 1860 676 cum
1920 621 2022 692 hy-

365 713 620 784 pocrisi;
655 713 768 784 ipsi
798 716 995 766 autem
1029 717 1120 765 est
1165 712 1456 783 oppositio
1489 729 1617 784 quae
1678 711 1937 766 medium
1970 715 2026 765 et

367 799 739 856 concordiam
781 799 986 854 nescit.
1045 798 1148 854 Ille
1200 801 1376 856 etiam
1436 801 1636 872 procul
1694 799 1947 855 declinat
1994 817 2026 854 a

367 887 650 958 malo,qui
683 904 798 942 non
829 887 1035 942 dividit
1068 888 1309 959 amicos,
1343 889 1494 945 inter
1520 889 1796 944 inimicos
1828 893 2023 943 autem

370 994 572 1050 pacem
608 979 804 1030 nectit.
839 975 985 1031 Illud
1014 978 1172 1032 enim
1205 979 1422 1033 factum
1447 996 1596 1051 opus
1626 983 1715 1034 est
1745 977 2024 1042 hominis,

364 1070 568 1138 postea
589 1070 786 1120 autem
821 1067 939 1132 Dei,
973 1065 1075 1138 qui
1105 1067 1380 1135 vivificat,
1412 1069 1512 1139 qui
1545 1069 1698 1123 Deus
1718 1072 1809 1122 est
1831 1067 2024 1122 unita-

364 1154 445 1208 tis
480 1171 492 1207 :
531 1153 591 1208 in
624 1153 830 1209 eodem
860 1152 987 1209 loco
1020 1155 1376 1212 statuendus
1408 1162 1496 1211 est
1535 1156 1637 1228 qui
1670 1173 1782 1211 non
1815 1155 2028 1211 excitat

364 1241 765 1311 inimicitiam,
801 1260 906 1298 nec
964 1243 1279 1300 scintillam
1335 1246 1559 1301 animat
1613 1250 1669 1301 et
1697 1245 2029 1300 inﬂammat

369 1331 532 1389 velut
563 1333 635 1387 ad
667 1333 1031 1409 incendium.

441 1509 532 1564 59.
567 1508 755 1572 Quare
784 1524 918 1563 vero
953 1509 1065 1563 mei
1125 1525 1386 1580 meaeque
1433 1509 1739 1582 potestatis
1787 1509 2027 1578 oblitus,

374 1615 553 1655 conor
579 1597 828 1668 subjecti
864 1596 1125 1652 thesauri
1182 1599 1508 1654 describere
1550 1599 1788 1667 selecta,
1815 1599 2029 1669 quibus

373 1687 678 1741 vitandum
713 1689 802 1740 est
846 1684 1162 1740 malitiam?
1189 1687 1414 1742 Sumite
1442 1703 1542 1742 vos
1573 1703 1796 1759 gazam,
1829 1693 1884 1742 et
1913 1687 2030 1742 cir-

376 1778 722 1831 cumeuntes
779 1789 907 1828 eam
969 1781 1184 1846 augete
1225 1779 1282 1831 et
1343 1792 1472 1846 qua:
1503 1776 1667 1831 vobis
1699 1775 1866 1831 utilia
1895 1781 2032 1831 sunt

377 1863 801 1935 quaerite.Nihil
833 1863 1142 1918 invenietis
1173 1880 1238 1918 ex
1302 1865 1578 1920 omnibus
1619 1865 1774 1936 quod
1810 1881 1923 1919 non
1955 1865 2033 1919 sit

379 1954 450 2009 ad
484 1956 740 2008 vestrum
767 1952 1247 2022 commodum,ad
1279 1953 1598 2008 utilitatem
1641 1953 2028 2024 spiritualem,

377 2043 450 2098 ad
482 2058 653 2096 omne
683 2041 927 2095 bonum.
956 2041 1306 2113 Conjungite
1338 2059 1472 2097 vero
1504 2059 1636 2097 cum
1691 2043 1801 2098 hoc
1825 2058 1838 2096 :
1865 2064 1893 2093 ‹‹
1928 2045 2032 2096 De-

374 2130 530 2186 clina
560 2149 593 2186 a
625 2129 801 2196 malo,
858 2154 884 2179 ››
917 2134 971 2184 et
1031 2130 1189 2185 istud
1240 2147 1568 2187 connexum
1599 2131 1908 2197 talentum,
1941 2129 2033 2185 cui

373 2219 640 2274 divinum
676 2236 742 2274 ac
774 2234 906 2273 vere
950 2218 1173 2290 regium
1208 2224 1297 2274 est
1342 2219 1713 2292 signaculum
1750 2237 1762 2274 :
1797 2241 1827 2269 «
1861 2224 1917 2273 et
1947 2218 2034 2273 fac

373 2308 618 2363 bonum.
654 2330 682 2356 »
719 2307 841 2364 Non
877 2307 1058 2376 enim,
1085 2308 1256 2378 juxta
1283 2325 1507 2364 sacram
1543 2307 2034 2381 explanationem,

373 2395 595 2452 sufficit
625 2413 659 2450 a
689 2395 843 2450 malo
875 2394 1191 2465 declinare,
1227 2396 1340 2453 nisi
1372 2397 1504 2469 quis
1535 2398 1596 2452 in
1647 2397 1814 2453 bonis
1843 2395 2035 2468 operi-

375 2483 486 2542 bus
515 2489 867 2541 exerceatur.

449 2681 539 2735 60.
573 2680 690 2735 Hoc
722 2695 892 2750 porro
923 2680 1008 2736 ita
1045 2681 1174 2736 dico
1208 2698 1322 2736 non
1373 2687 1442 2737 ut
1498 2682 1826 2754 simplicem
1859 2684 1916 2735 et
1947 2679 2035 2733 in-

377 2768 624 2824 divisam
648 2769 1026 2834 sententiam;
1053 2769 1138 2824 sic
1168 2770 1324 2825 enim
1346 2770 1644 2842 distinguo
1672 2787 1684 2824 :
1710 2769 1817 2833 Qui
1847 2768 2038 2822 virtu-

376 2857 538 2912 tibus
571 2856 810 2927 quidem
869 2857 1104 2913 dsditus
1161 2862 1268 2927 est,
1326 2864 1381 2914 et
1431 2860 1708 2914 omnibus
1736 2857 1905 2914 bonis
1945 2871 2036 2910 re-

378 2945 694 3011 fertus,sed
725 2949 922 3000 tamen
972 2945 1149 3001 habet
1196 2951 1261 3001 ut
1316 2947 1491 3002 homo
1539 2947 1834 3019 quoddam
1869 2944 2036 3000 mali-

375 3033 471 3089 tia
503 3049 874 3105 parapegma,
908 3038 964 3088 et
992 3052 1025 3088 a
1078 3035 1180 3090 tali
1214 3035 1366 3092 malo
1416 3036 1689 3101 declinat,
1745 3035 2041 3090 sufficeret

379 3121 434 3178 ei
464 3122 549 3177 sic
579 3138 788 3193 agere;
819 3127 957 3176 tunc
1015 3139 1129 3178 non
1189 3123 1364 3179 hasce
1395 3141 1564 3180 voces
1597 3125 1824 3180 audiret
1862 3140 1874 3178 :
1909 3145 1934 3172 «
1971 3121 2040 3175 Et

377 3209 470 3265 fac
506 3209 749 3265 bonum.
787 3231 815 3259 ››
848 3210 979 3265 Jam
1037 3211 1192 3266 enim
1229 3214 1360 3268 fecit
1394 3231 1406 3267 :
1441 3221 1498 3270 et
1548 3231 1679 3270 cum
1734 3215 1858 3282 jam
1892 3213 2041 3266 fece-

2132 617 2312 671 κοινόν
2340 639 2393 671 τι
2425 617 2561 692 πρὸς
2607 616 2668 669 τὸ
2721 616 2934 683 σκότος,
2986 610 3108 668 οὔτε
3154 617 3223 687 τῇ
3256 614 3489 684 ἀληθείᾳ
3517 615 3653 689 πρὸς
3678 617 3780 683 τὴν

2137 707 2441 780 ὑπόκρισιν·
2497 704 2640 761 ἀλλᾶ
2688 699 3106 778 ἀμεσολάϐητος
3155 703 3338 766 αὐτοῖς
3390 705 3530 758 ἐστιν
3565 706 3600 774 ἡ
3635 703 3782 758 ἀντί-

2135 808 2299 867 θεσις,
2356 795 2418 850 οὐ
2477 796 2817 870 γινώσκουσα
2877 788 3184 866 σύμϐασιν.
3242 796 3362 850 Ἔτι
3425 794 3634 868 μακρὰν
3689 793 3786 849 ὲκ-

2133 883 2307 940 κλίνει
2360 889 2526 939 κακοῦ
2578 885 2664 938 καὶ
2715 885 2742 937 ὁ
2795 885 2934 956 μήτε
2981 881 3174 956 φίλους
3220 879 3484 954 διασπῶν,
3533 883 3620 936 καὶ
3667 887 3788 945 τοῖς

2134 972 2355 1048 ἐχθροῖς
2413 971 2468 1027 δὲ
2520 969 2754 1033 σπονδὰς
2810 970 3362 1047 πραγματευόμενος.
3417 972 3624 1027 Ἐκεῖνο
3688 972 3785 1043 μὲν

2135 1063 2238 1136 γὰρ
2272 1061 2472 1138 φάκτον
2527 1058 2684 1135 ἔργον
2740 1056 2952 1134 ἀνδρὸς,
3003 1059 3065 1113 τὸ
3108 1055 3166 1113 δὲ
3215 1055 3460 1132 δεύτερον
3501 1063 3659 1129 Θεοῦ,
3689 1064 3790 1113 τοῦ

2139 1147 2432 1222 ζωοδότου,
2481 1153 2578 1203 τοῦ
2620 1155 2720 1218 τῆς
2768 1148 3031 1209 ἓνώσεως·
3085 1148 3264 1219 ὁποίῳ
3311 1145 3588 1209 ἐντακτέος
3635 1147 3793 1219 τόπῳ

2134 1238 2224 1293 καὶ
2269 1239 2297 1292 ὁ
2351 1239 2427 1311 μὴ
2471 1239 2572 1307 τὴν
2640 1232 2839 1313 ἔχθραν
2891 1236 3384 1311 προσυπανάπτων,
3431 1235 3519 1291 καὶ
3574 1233 3791 1310 σπουδῇ

2133 1326 2226 1381 τὸν
2260 1328 2529 1402 σπινθῆρα
2576 1330 2673 1380 τοῦ
2725 1325 2917 1399 μίσους
2966 1324 3219 1401 ῥιπίζων,
3264 1325 3354 1379 καὶ
3402 1323 3680 1403 ἐκφλέγων
3713 1325 3794 1386 ὡς

2136 1416 2212 1478 εἷς
2241 1415 2503 1492 πυρκαϊάν
2515 1459 2526 1470 .

2207 1508 2304 1570 νϐ’.
2336 1507 2396 1560 Τί
2457 1503 2515 1560 δὲ
2570 1503 2716 1560 ἀλλὰ
2770 1503 3005 1578 ἐμαυτοῦ
3064 1502 3364 1576 λαθόμενος
3421 1501 3507 1558 καὶ
3566 1509 3669 1572 τῆς
3737 1499 3794 1556 ἐν

2139 1592 2592 1668 ἐμοὶὸυνάμεως,
2638 1598 2913 1668 πειρῶμαι
2959 1593 3027 1647 τὰ
3072 1599 3172 1661 τῆς
3220 1590 3585 1669 προκειμένης
3614 1594 3797 1666 γάζης

2137 1687 2458 1766 ἀναγράφειν
2508 1686 2769 1759 ἐξαίρετα,
2829 1683 2898 1740 δι’
2958 1686 3031 1739 ὧν
3081 1678 3193 1739 ἔστι
3238 1685 3338 1752 τὴν
3383 1683 3576 1738 κακίαν
3632 1683 3802 1760 ἐκφυο

2137 1784 2248 1855 γεῖν
2283 1797 2296 1847 ;
2330 1773 2532 1833 Λάϐετε
2573 1779 2674 1846 τήν
2722 1779 2886 1854 γάζαν
2944 1778 3119 1849 ὑμεῖς.
3152 1776 3243 1830 καὶ
3283 1774 3581 1849 περιιόντες
3615 1773 3799 1842 αὐτὴν

2139 1867 2674 1942 πολυπραγμονεῖτε,
2725 1865 2812 1920 καὶ
2863 1871 3072 1935 ζητεῖτε
3116 1865 3183 1919 τά
3233 1862 3566 1918 συνοίσοντα.
3601 1864 3800 1937 Εὑρή-

2141 1977 2258 2011 σετε
2288 1953 2345 2010 δὲ
2371 1955 2543 2024 οὐδὲν,
2578 1957 2607 2010 δ
2635 1977 2689 2010 τι
2717 1960 2824 2009 τῶν
2881 1954 3130 2008 ἁπάντων
3177 1955 3251 2026 μή
3309 1953 3444 2028 πρὸς
3497 1950 3801 2027 χθησίμου

2145 2047 2294 2119 ὑμῖν,
2325 2046 2414 2100 xui
2461 2044 2727 2122 ὠφελείας
2776 2051 3164 2116 πνευματικῆς,
3216 2043 3302 2097 καὶ
3349 2040 3520 2096 καλοῦ
3565 2041 3798 2103 παντός.

2145 2127 2439 2196 Συντάξατε
2489 2123 2547 2180 δὲ
2591 2131 2693 2198 τῷ,
2724 2150 2752 2176 ‹‹
2781 2123 3069 2180 ’Έκκλινον
3121 2124 3226 2178 ἀπὸ
3271 2126 3460 2188 κακοῦ,
3516 2146 3538 2171 ι
3596 2122 3685 2174 καὶ
3734 2122 3801 2175 τὸ

2143 2215 2490 2291 συγκείμενον
2550 2213 2808 2269 τάλαντον
2844 2259 2859 2283 ,
2919 2213 2981 2266 οὗ
3040 2213 3297 2287 χάραγμα
3360 2215 3505 2274 θεῖον
3562 2209 3655 2263 καὶ
3716 2214 3804 2281 τῷ

2143 2301 2256 2360 ὄντι
2309 2304 2592 2380 βασιλικὸν
2647 2304 2789 2371 τὸ,‹‹
2832 2302 2928 2356 Καὶ
2987 2302 3216 2371 ποίησον
3276 2293 3495 2374 ἀγαθόν.
3562 2323 3589 2348 ››
3652 2298 3809 2353 Κατὰ

2143 2395 2246 2469 γὰρ
2303 2395 2401 2462 τὴν
2452 2393 2596 2469 ἱερὰν
2633 2392 2913 2462 ἀνάπτυξιν
2963 2391 3062 2445 οὐκ
3109 2390 3166 2444 ἂν
3219 2385 3302 2459 εἴη
3355 2388 3552 2462 ἀρκοῦν
3609 2385 3808 2442 ἐκκλί-

2145 2502 2248 2538 νειν
2308 2483 2414 2537 ἀπὸ
2470 2486 2637 2537 κακοῦ
2674 2526 2688 2552 ,
2748 2479 2793 2535 εἰ
2855 2480 2931 2553 μή
2988 2479 3079 2534 καὶ
3137 2477 3538 2554 ἀγαθοπραξίαν
3597 2474 3807 2545 ἀσκοίη

2141 2595 2248 2636 τις.

2217 2679 2276 2749 ξ’.
2308 2683 2480 2734 Τοῦτο
2537 2675 2595 2732 δὲ
2651 2676 2794 2732 οὕτω
2851 2677 2994 2753 φημὶ
3057 2675 3154 2730 οὐκ
3214 2673 3290 2735 εἷς
3342 2671 3552 2728 ἁπλοῦν
3601 2693 3656 2727 τι
3709 2671 3812 2727 καὶ

2145 2766 2366 2844 ἀσχιδὲς
2416 2767 2619 2841 νόημα·
2681 2765 2936 2834 διαστίζω
2996 2763 3054 2818 δὲ
3097 2763 3289 2825 οὕτως·
3339 2764 3397 2816 Ὀ
3431 2763 3526 2836 μὲν
3579 2763 3814 2838 ἀρεταῖς

2147 2859 2220 2915 ὣν
2255 2858 2667 2933 κατακώχιμος,
2701 2855 2790 2911 καί
2839 2857 3062 2931 ἀγαθοῖς
3110 2859 3270 2908 πᾶσιν
3318 2850 3618 2930 ἴμφορτος,
3650 2850 3810 2928 ἔχων

2149 2946 2206 3002 δὲ,
2233 2970 2283 3003 τι
2317 2947 2470 3020 ὅμως
2531 2948 2606 3008 ὡς
2665 2944 2948 3020 ἄνθρωπος
3002 2944 3090 2998 καὶ
3149 2942 3498 3018 παράπηγμα
3554 2941 3758 3002 κακίας
3796 2986 3811 3010 ,

2148 3036 2237 3092 καὶ
2269 3033 2515 3097 ἐκκλίνας
2545 3039 2642 3090 τοῦ
2689 3033 2942 3088 τοιούτου
2980 3037 3170 3101 κακοῦ,
3217 3030 3504 3107 ἀρκεσθείη
3538 3028 3598 3083 ἂν
3655 3030 3813 3084 οὕτω

2147 3128 2406 3195 ποιήσας,
2437 3124 2526 3179 καὶ
2568 3123 2667 3178 οὐκ
2718 3124 2777 3194 ἂν
2829 3121 3049 3177 ἀκούσοι
3094 3123 3255 3176 ποθὲν
3297 3120 3380 3174 τό⁹
3419 3144 3445 3170 ‹‹
3480 3119 3583 3175 Καὶ
3635 3117 3815 3187 ποίη-

2151 3237 2240 3269 σον
2302 3212 2526 3288 ἀγαθόν.
2565 3237 2585 3264 ο
2621 3210 2760 3282 ’Ἤδη
2811 3213 2914 3287 γὰρ
2973 3210 3275 3280 πεποίηκε’
3325 3210 3411 3263 καὶ
3477 3210 3814 3278 πεποιηκὼς

379 3299 479 3365 rit,
511 3315 627 3354 non
681 3299 933 3354 cessabit
988 3299 1211 3371 aliquid
1275 3301 1520 3358 ulterius
1577 3273 1842 3374 adipisci,
1900 3305 2031 3354 tan-

2151 3301 2328 3358 οὐκέτι
2371 3301 2616 3356 κοπιάσει
2667 3300 2808 3356 ἄλλο
2854 3321 2906 3354 τι
2957 3299 3515 3373 προσεπικτήσασθαι,
3568 3296 3643 3358 ὡς
3690 3293 3813 3366 ἤδη

383 3388 561 3459 quam
592 3387 708 3443 alia
726 3387 964 3459 quidem
986 3389 1234 3459 adeptus
1265 3392 1450 3460 bona;
1481 3393 1581 3447 sed
1609 3407 1677 3446 ex
1708 3390 1807 3445 illa
1837 3391 2035 3445 forsan

383 3474 710 3531 hortatione
741 3493 759 3531 :
796 3500 823 3526 «
860 3477 1048 3532 Unum
1099 3476 1204 3531 tibi
1265 3478 1427 3534 deest
1459 3501 1486 3528 »
1519 3481 1677 3534 istud
1709 3477 2036 3550 inquirens,

384 3579 454 3619 ex
485 3581 600 3636 quo
632 3581 663 3619 a
698 3565 876 3636 priori
928 3564 1176 3631 malitia,
1203 3566 1356 3621 sicut
1399 3567 1597 3640 aliquo
1642 3585 1810 3623 muro
1857 3567 2039 3622 inter-

389 3652 750 3720 cludatur,et
778 3653 860 3709 ita
903 3658 1183 3724 tanquam
1217 3672 1284 3709 ex
1315 3673 1377 3711 se
1409 3657 1754 3712 naturaliter
1783 3657 1842 3712 in
1888 3658 2040 3711 bono

389 3741 566 3798 simul
600 3759 666 3797 ac
697 3742 756 3796 in
781 3741 1321 3799 malideclinatione
1353 3745 1730 3802 stabilitus.Si
1753 3763 1885 3801 vero
1909 3747 2042 3816 quis

390 3847 506 3886 non
539 3831 699 3886 dives
730 3831 922 3897 bonis,
957 3839 1261 3888 nocentem
1293 3834 1531 3904 abjiciat
1584 3834 1891 3901 malitiam,
1943 3853 2044 3908 per

391 3935 569 3990 quam
631 3935 853 3990 pauper
897 3925 986 3975 est
1040 3925 1096 3975 et
1150 3937 1327 3992 egens
1385 3923 1544 3979 omni
1601 3927 1768 3994 bono,
1803 3943 2043 3997 prorsus

393 4025 426 4064 a
460 4008 612 4064 malo
643 4007 972 4077 declinans,
1023 4009 1200 4065 habet
1230 4013 1634 4069 necessitatem
1683 4015 2045 4086 adjungendi

396 4095 499 4151 tali
584 4095 779 4152 divino
842 4096 1062 4152 talento
1121 4099 1294 4153 etiam
1356 4104 1702 4169 secundum,
1763 4121 1836 4160 ne
1895 4105 2044 4160 bono

401 4186 743 4254 destitutus,
775 4185 1154 4258 imperfectus
1185 4188 1262 4242 sit
1291 4189 1484 4257 homo,
1519 4191 1780 4246 divinum
1814 4210 1915 4248 vas
1946 4211 2045 4249 va-

399 4290 606 4343 cuum,
655 4274 864 4328 domus
919 4275 1014 4329 Dei
1078 4293 1193 4331 non
1236 4277 1437 4348 polita,
1471 4280 1737 4337 informis
1779 4283 2046 4350 materia,

359 4357 619 4419 'bonum
669 4379 784 4418 non
828 4361 1157 4434 pulchrum,
1193 4365 1436 4438 ideoque
1468 4385 1582 4424 non
1637 4371 2045 4436 desiderabile,

397 4458 464 4508 ut
494 4456 688 4507 autem
724 4456 991 4508 accurate
1041 4453 1253 4526 dicam,
1289 4459 1481 4511 omnis
1531 4459 1770 4530 quidem
1814 4461 2043 4517 virtutis

398 4541 698 4609 alumnus,
732 4543 833 4598 sed
867 4543 939 4597 ab
999 4560 1116 4599 una
1173 4546 1455 4616 quadam,
1503 4552 1736 4620 propter
1764 4549 2046 4605 malitiam

396 4631 840 4702 impedientem,
875 4631 1198 4688 abstinens.
1254 4635 1472 4690 Deinde
1527 4636 1624 4692 ille
1681 4639 1914 4710 quidem
1947 4641 2037 4710 qui

2155 4637 2341 4692 κακίαν
2390 4636 2708 4692 κωλύουσαν
2744 4680 2757 4694 .

399 4720 711 4776 declinavit
769 4721 1016 4787 malum,
1050 4726 1106 4776 et
1163 4722 1315 4780 bono
1375 4743 1559 4796 nuper
1615 4728 1823 4800 adepto
1863 4729 2049 4785 inhis-

401 4809 503 4875 sit,
535 4808 830 4864 luctamen
892 4827 959 4866 ac
981 4813 1394 4870 necessitatem
1455 4815 1628 4870 habet
1683 4833 1798 4872 non
1859 4817 2049 4874 solum

400 4895 752 4969 simpliciter
803 4901 1073 4969 faciendi,
1117 4903 1216 4958 sed
1249 4902 1422 4958 etiam
1469 4905 1745 4961 continue
1801 4907 2050 4963 faciendi

398 4986 644 5053 bonum,
679 4991 744 5042 ut
774 5006 887 5046 non
930 4992 1179 5048 faciliter
1207 4995 1264 5046 et
1293 4990 1404 5046 cito
1436 4991 1538 5046 tali
1587 4993 1738 5050 bono
1790 4995 2046 5066 orbetur,

400 5075 502 5131 sed
536 5074 779 5132 ﬁrmans
812 5079 954 5136 illud
989 5083 1056 5136 ad
1094 5079 1586 5152 perseverantiam
1620 5099 1689 5137 ex
1719 5100 1907 5155 nuper
1939 5086 2048 5140 im-

401 5163 679 5238 perfecto,
736 5167 960 5226 solidus
1039 5169 1280 5225 virtutis
1335 5186 1641 5240 possessor
1714 5174 1832 5228 ﬁat.
1888 5174 2048 5230 Alias

400 5259 595 5310 autem
630 5259 713 5309 est
747 5256 1060 5313 dicendum
1098 5301 1110 5327 ,
1146 5259 1300 5328 quod
1336 5259 1530 5314 omnis
1580 5259 1777 5330 homo,
1811 5263 1912 5333 qui
1945 5264 2047 5319 de-

399 5342 583 5399 clinat
613 5345 841 5413 amalo,
870 5347 1137 5418 protinus
1170 5346 1345 5402 etiam
1374 5348 1508 5402 facit
1541 5347 1779 5420 aliquod
1806 5351 2046 5410 bonum.

400 5431 580 5497 Quale
607 5432 634 5486 ?
664 5432 779 5489 Hoc
813 5440 1008 5508 ipsum
1042 5453 1206 5502 sane,
1237 5454 1270 5492 a
1301 5437 1454 5491 malo
1488 5437 1798 5495 declinare.

475 5539 564 5592 61.
599 5539 714 5612 Ego
745 5558 878 5600 vero
909 5543 1316 5617 propheticum
1348 5547 1404 5599 et
1459 5544 1686 5618 regium
1733 5549 2047 5606 numulum

402 5627 502 5684 hic
559 5631 907 5702 immutans,
940 5651 1056 5690 non
1088 5631 1218 5689 falsi
1252 5632 1557 5689 monetarii
1587 5633 1776 5692 instar
1813 5638 1914 5693 sed
1946 5655 2050 5711 per

406 5721 1148 5796 mutationem,placentem
1178 5725 1237 5778 et
1264 5720 1455 5793 ipsam
1487 5739 1722 5782 summo
1753 5727 1870 5800 regi
1903 5727 2044 5803 Deo,

2144 3388 2323 3444 τᾶλλα
2382 3390 2475 3461 μὲν
2550 3389 2724 3443 πάντα
2797 3387 3136 3458 κτησάμενος
3215 3383 3404 3460 ἀγαθὰ,
3461 3382 3516 3437 ἐν
3595 3381 3654 3436 δὶ
3734 3387 3818 3453 τῷ

2148 3475 2375 3532 ἀκοῦσαί
2425 3490 2590 3541 ποθεν
2628 3519 2642 3545 ,
2703 3478 2785 3530 ὅτι
2845 3501 2871 3528 ‹‹
2933 3478 3028 3529 Ἕν
3083 3495 3170 3528 σοι
3227 3471 3426 3538 λείπει,
3487 3493 3517 3521 ››
3572 3469 3815 3545 ἐξευρὼν

2149 3566 2342 3634 ἐκεῖνο,
2377 3567 2428 3636 ἐξ
2459 3565 2521 3620 οὗ
2549 3570 2618 3640 τῇ
2649 3565 2887 3641 προτέρᾳ
2930 3565 3090 3634 κακίᾳ
3121 3564 3220 3618 ὅσα
3271 3562 3359 3616 καὶ
3415 3564 3657 3636 φραγμῷ
3699 3580 3821 3613 τινι

2094 3654 2524 3730 κάπετειχίζετο
2558 3698 2572 3722 ,
2629 3654 2721 3709 καὶ
2793 3654 2866 3716 ὡς
2940 3653 2991 3724 ἐξ
3067 3652 3376 3724 αὐτομάτου
3461 3648 3820 3724 ﬁxurus-suc

2150 3744 2433 3820 αὐτοφυῶς
2481 3749 2560 3815 τῷ
2605 3744 2786 3819 ἀγαθῷ
2825 3744 2938 3815 ἅμα
2977 3745 3046 3815 τῇ
3097 3739 3330 3795 ἐκκλίσει
3362 3741 3458 3793 τοῦ
3514 3741 3717 3796 κακοῦ.
3753 3737 3822 3792 El.

2153 3831 2211 3888 δε
2237 3854 2320 3894 τις
2369 3835 2444 3905 μή
2495 3830 2746 3887 πλουτῶν
2797 3832 3017 3906 ἀγαθοῖς
3068 3827 3385 3899 ἀπολὲξεται
3435 3825 3628 3881 κακίαν
3671 3825 3824 3896 ἐπη-

2155 3921 2464 3998 ρεάζουσαν,
2519 3920 2588 3976 δι’
2634 3924 2699 3990 ἧς
2742 3918 3040 3995 πτωχεύει,
3091 3918 3389 3991 πενόμενος
3439 3915 3641 3976 παντὸς
3672 3915 3820 3990 ἀγα-

2154 4012 2273 4080 θοῦ,
2334 4010 2534 4073 ἐκεῖνος
2593 4011 2807 4071 πάντως
2865 4005 3116 4070 ἐκκλίνας
3173 4007 3279 4062 ἀπὸ
3332 4010 3502 4061 κακοῦ
3561 4002 3823 4079 ἀνάγκην

2153 4099 2255 4172 ἕξει
2311 4097 2644 4175 προσλαϐεῖν
2696 4106 2776 4173 τῷ
2824 4100 3058 4172 τοιούτῳ
3106 4099 3234 4171 θείῳ
3301 4097 3552 4170 ταλάντῳ
3599 4097 3699 4151 καὶ
3756 4098 3823 4151 τὸ

2157 4189 2426 4267 δεύτερον,
2453 4191 2545 4245 *ίνα
2597 4191 2672 4263 μὴ
2721 4194 2816 4246 τοῦ
2865 4189 3070 4265 ἀγαθοῦ
3113 4186 3438 4260 λειπόμενος
3483 4185 3566 4257 εἴη
3601 4185 3822 4256 ἀτελὴς

2157 4279 2464 4354 ἅνθρωπος,
2517 4281 2734 4355 ἀγγεῖον
2784 4281 2925 4333 θεῖον
2977 4277 3252 4346 ὑπόκενον,
3300 4278 3451 4338 οἶκος
3501 4279 3637 4331 Θεοῦ
3687 4277 3824 4330 ἀνε-

2154 4370 2424 4439 πίξεστος,
2483 4367 2720 4430 ἀνείδεος
2768 4367 2898 4440 ὕλη,
2953 4367 3147 4443 ἀγαθὸν
3196 4365 3259 4420 οὐ
3289 4363 3477 4435 καλὸν,
3539 4361 3624 4418 διὸ
3680 4362 3828 4419 οὐδὲ

2159 4457 2430 4530 ζηλωτὸν,
2464 4459 2538 4522 ὡς
2571 4456 2630 4513 ἄν
2679 4457 2738 4514 δὲ
2784 4459 2920 4534 πρὸς
2972 4452 3250 4534 ἀκρίϐειαν
3303 4454 3462 4526 εἷ’πω,
3507 4455 3594 4508 καὶ
3629 4454 3824 4525 πάσης

2160 4550 2253 4621 μὲν
2288 4549 2482 4623 ἀρετῆς
2525 4548 2817 4626 τρόφιμος,
2855 4552 2980 4619 μιᾶς
3032 4544 3088 4601 δέ
3131 4566 3277 4609 τινος
3322 4544 3672 4619 ἀπεχόμενος
3729 4541 3828 4598 διὰ

2820 4637 2951 4694 Εἶτα
3009 4633 3255 4696 ἐκκλίνας
3320 4636 3415 4706 μὲν
3469 4633 3534 4687 τὸ
3593 4633 3768 4687 κακὸν
3808 4676 3822 4702 ,

2157 4728 2421 4789 καταστὰς
2481 4725 2538 4782 δὲ
2597 4726 2672 4788 εἰς
2724 4727 2786 4780 τὸ
2839 4725 3128 4794 νεόκτητον
3194 4724 3418 4799 ἀγαθὸν,
3472 4722 3663 4796 ἀγῶνα
3724 4724 3822 4777 καὶ

2159 4816 2319 4878 αὐτὸς
2379 4811 2493 4891 ἔχει
2567 4818 2654 4871 καὶ
2717 4815 3007 4884 ἀπαίτησιν
3071 4814 3146 4886 μὴ
3210 4812 3374 4885 μόνον
3429 4815 3526 4867 τοῦ
3580 4818 3826 4880 ποιῆσαι

2159 4903 2368 4979 ἁπλῶς,
2401 4905 2547 4962 ἀλλὰ
2574 4905 2664 4960 καὶ
2703 4910 2879 4960 ποιεῖν
2929 4901 3232 4979 ἐνδελεχῶς
3276 4901 3339 4957 τὸ
3387 4900 3576 4966 καλὸν,
3606 4898 3700 4953 τίνα
3739 4902 3824 4972 μή

2159 4994 2396 5058 εὐπετῶς
2455 4993 2846 5070 ἀποστερηθείη
2896 4991 3082 5063 αὐτοῖό,
3133 4990 3280 5047 ἀλλὰ
3325 4991 3626 5066 στερεώσας
3677 4988 3826 5043 αὐτὸ

2160 5083 2236 5144 εἷς
2267 5084 2604 5159 παράμονον,
2633 5083 2748 5138 ἀντὶ
2795 5086 2890 5137 τοῦ
2941 5082 3047 5157 πρὸ
3083 5081 3329 5157 βραχίων
3362 5077 3614 5145 ἀτελοῦς,
3646 5078 3826 5153 ὑπερ-

2158 5170 2322 5239 τελὴς
2379 5173 2572 5247 ἀρετῆς
2629 5169 2783 5246 λόγῳ
2837 5170 3082 5245 γένηται.
3143 5171 3294 5225 Ἐστι
3354 5166 3412 5222 δὲ
3460 5167 3547 5220 xui
3611 5163 3826 5236 ὲτὲρως

2159 5259 2351 5328 εἴπεῖν,
2411 5262 2492 5316 ὅτι
2552 5262 2687 5321 ἅπας
2743 5256 3065 5333 ἄνθρωπος,
3128 5255 3377 5318 ἐκκλίνας
3427 5254 3533 5309 ἀπὸ
3587 5257 3769 5306 κακοῦ
3807 5297 3826 5323 ,

2157 5350 2346 5405 αὐτίκα
2375 5352 2461 5405 καὶ
2495 5349 2761 5420 πεποίηκὲ
2787 5369 2839 5403 τι
2873 5347 3090 5422 ἀγαθόν.
3125 5351 3290 5403 Ποῖον
3321 5344 3495 5401 ἐκεῖνο
3527 5363 3542 5414 ;
3571 5342 3719 5399 Αὐτὸ
3747 5339 3820 5412 δή

2157 5444 2317 5495 τοῦτο
2346 5441 2408 5495 τὸ
2440 5438 2683 5495 ἐκκλῖναι
2715 5437 2818 5492 ἀπὸ
2847 5439 3038 5492 κακοῦ.

2231 5548 2322 5619 ξα’.
2371 5547 2514 5625 Ἐγὼ
2573 5545 2632 5602 δὲ
2685 5545 2906 5610 ἰνταῦθα
2963 5539 3287 5620 παραποιῶν
3343 5542 3406 5599 τὸ
3462 5536 3818 5618 προφητικὸν

2156 5638 2248 5693 καὶ
2307 5635 2588 5715 βασιλικὸν
2641 5635 2817 5712 κερμα
2870 5635 3055 5703 τοῦτο,
3107 5631 3168 5688 οὐ
3227 5632 3334 5705 μὴν
3379 5625 3822 5709 παραχαρὼετου

2158 5724 2337 5800 δίκην,
2389 5725 2535 5785 ἀλλὰ
2571 5724 2708 5783 κατὰ
2751 5717 3085 5800 μεταϐολὴν,
3136 5720 3462 5800 ἀρίσκουσαν
3512 5718 3600 5775 καὶ
3627 5715 3822 5786 αὐτὴν
