4114 6200
343 331 461 389 629

1382 331 1460 390 ΙΝ
1508 329 1572 390 S.
1623 329 2313 400 QUADRAGESIMAM
2359 332 2650 394 ORATIO
2691 333 2772 393 ΙΙ.

3637 336 3762 398 630

341 465 422 535 τῷ
471 457 817 534 παμϐασιλεῖ
854 466 994 534 Θεῷ,
1036 463 1227 536 θεωρῷ
1284 459 1412 515 αὐτὸ
1469 458 1557 516 καὶ
1615 458 1802 523 ἄλλως
1860 461 1984 536 πρὸς

2111 463 2253 520 illud
2286 469 2343 520 et
2366 465 2538 522 aliter
2567 468 2894 523 secundum
2927 483 3119 524 meam
3152 484 3269 524 non
3307 467 3636 526 discordem
3661 486 3758 526 vo-

342 550 472 623 ἰμὸν
548 550 649 605 ούκ
719 549 993 626 ἄρρυθμον
1071 548 1311 622 θέλημα.
1370 550 1467 604 Καὶ
1534 550 1704 614 πείθω
1769 549 1999 623 ἐμαυτὸν

336 640 475 694 κατά
506 637 798 714 ἑρμηνείαν
831 638 1058 695 ἀλλοίαν
1111 639 1227 712 μὲν,
1267 637 1584 713 βελτιοῦσαν
1647 636 1704 693 δὲ
1756 639 1845 693 καὶ
1903 640 2000 694 αύ-

336 730 436 797 τήν
496 729 625 790 τοὺς
679 731 795 784 κατ’
849 727 946 801 ὲμὶ
1003 725 1240 795 δειλοὺς,
1298 726 1582 795 ἐκκλίνειν,
1635 727 1816 802 ὥσπερ
1895 727 2000 782 ἀπὸ

335 823 508 873 κακοῦ
568 819 912 894 πράγματος,
969 816 1112 872 οὕτω
1161 815 1249 870 καὶ
1310 816 1414 871 ἀπὸ
1467 821 1634 871 κακοῦ
1687 816 1996 891 ἀνθρώπου’

337 908 448 962 εἶτα
507 905 827 975 σπουδάζειν
883 905 919 975 ἢ
979 904 1182 960 ἐκεῖνον
1208 910 1383 959 ποιεῖν
1416 906 1505 960 καὶ
1532 903 1815 960 ἀποτελεῖν
1861 905 1999 980 ἀγα·

336 997 427 1049 θὸν
456 994 978 1069 ἐπιστρεπτικῶς,ἢ
1040 993 1187 1049 ἀλλά
1240 997 1370 1068 γοῦν
1433 993 1556 1066 ἐμοὶ
1614 993 1762 1066 αὐτῷ
1815 999 1995 1049 ποιεῖν

331 1083 533 1160 ἀγαθὸν
565 1084 629 1139 τὸ
661 1082 926 1138 ἐκκλίνειν
979 1083 1067 1137 ἀπ’
1099 1083 1328 1151 ἐκείνου,
1364 1083 1439 1156 μή
1496 1089 1586 1138 καί
1645 1080 1997 1157 συνδιαστρα-

331 1179 438 1249 φῶ.
472 1172 714 1228 Εἷώθασι
745 1172 846 1248 γὰρ
903 1173 978 1234 ὡς
1034 1173 1102 1226 τὰ
1161 1171 1349 1228 πολλὰ
1379 1173 1434 1226 αἱ
1470 1173 1605 1245 μετὰ
1631 1177 1736 1227 τῶν
1771 1171 1994 1244 φαύλων

326 1263 663 1341 ἆναστροφαὶ
709 1262 808 1316 οὐκ
864 1261 938 1324 εἷς
994 1259 1164 1316 καλὸν
1229 1259 1619 1325 συντελεῖσθαι.
1653 1263 1806 1318 ’Ἐστι
1867 1257 1913 1314 δ’
1941 1258 1992 1314 ἐν

323 1351 547 1414 τούτοις
610 1353 737 1426 ὁρᾷν
799 1351 888 1406 καὶ
942 1351 1027 1406 τό·
1087 1374 1113 1400 ‹‹
1171 1350 1431 1420 Ποίησον.
1481 1374 1502 1401 ι
1567 1350 1644 1408 Οὐ
1702 1351 1802 1426 γὰρ
1857 1349 1989 1404 εἶπε·

324 1467 356 1494 α
392 1440 652 1511 Λάλησον
685 1440 910 1516 ἀγαθὸν,
949 1464 968 1490 ι
1005 1438 1040 1507 ἢ
1092 1464 1119 1492 ‹‹
1155 1437 1392 1512 δίδαξον,
1423 1463 1450 1490 ››
1483 1439 1517 1508 ἢ
1554 1463 1582 1490 ‹‹
1615 1437 1927 1509 ἐννοήθητι,
1963 1461 1992 1488 ››

320 1529 358 1598 ἢ
392 1529 648 1583 τοιοῦτόν
681 1549 755 1597 τι,
798 1527 961 1584 ἁλλὰο
990 1552 1017 1579 ‹‹
1051 1527 1284 1598 Ηοίησον
1347 1529 1566 1602 ἀγαθόν.
1602 1551 1630 1578 ››
1660 1529 1727 1585 ’Ὁ
1760 1524 1826 1596 δὴ
1861 1547 1993 1581 σκο-

314 1617 652 1692 πιμώτατον
680 1616 840 1679 τὲλος
899 1616 1259 1692 ὡμολόγηται
1314 1617 1451 1671 εἶναι
1507 1615 1718 1686 ἀπάσης
1777 1615 1866 1670 καὶ
1891 1614 1988 1670 λα-

316 1706 451 1762 λιᾶς
510 1708 598 1761 καὶ
661 1705 1015 1768 διδασκαλίας
1072 1707 1158 1760 καὶ
1223 1705 1593 1780 ὶνθυμήσεως.
1637 1707 1759 1763 Ὀτι
1815 1701 1871 1759 δὲ
1925 1705 1988 1758 τὸ

2110 553 2394 612 luntatem
2456 556 2781 613 considero.
2822 557 3080 629 Mihique
3121 558 3290 629 juxta
3334 558 3760 630 interpretatio-

2113 661 2248 700 nem
2280 645 2518 717 quidem
2553 645 2823 716 alienam,
2863 647 2963 702 sed
3015 652 3073 703 et
3100 646 3287 718 ipsam
3321 647 3590 702 meliores
3623 648 3760 703 red-

2110 733 2345 789 dentem
2372 734 2526 790 sicut
2570 752 2658 791 me
2691 735 2952 802 timidos,
3011 737 3334 807 persuadeo
3389 736 3754 808 fugiendum,

2111 825 2610 894 quemadmodum
2643 841 2678 878 a
2707 841 2767 880 re
2790 824 2964 891 mala,
2997 825 3082 880 sic
3113 829 3169 881 et
3199 826 3271 880 ab
3305 825 3539 880 homine
3573 823 3750 880 malo:

2109 911 2318 968 deinde
2370 913 2725 983 conandum,
2775 914 2862 970 vel
2907 913 3075 970 illum
3137 915 3514 970 conversione
3570 913 3758 969 facere

2107 1003 2503 1074 perﬁcereque
2527 1003 2883 1071 bonum,vel
2913 1003 3026 1076 ipsi
3069 1003 3213 1059 mihi
3273 1004 3461 1060 facere
3509 1003 3754 1070 bonum,

2109 1091 2182 1145 ab
2214 1090 2314 1147 illo
2345 1090 2660 1162 declinare,
2695 1109 2766 1148 ne
2791 1093 2918 1164 ipse
2935 1109 3167 1166 quoque
3198 1109 3332 1149 cum
3359 1091 3459 1148 illo
3491 1108 3752 1146 corrum-

2107 1195 2232 1251 par.
2257 1178 2459 1236 Solent
2487 1181 2644 1236 enim
2681 1180 3022 1253 plerumque
3062 1198 3195 1237 cum
3231 1181 3402 1238 malis
3460 1179 3754 1236 consortia

2105 1285 2222 1324 non
2263 1269 2411 1325 bene
2441 1269 2630 1326 ﬁnire.
2702 1271 2766 1325 In
2825 1270 2916 1326 his
2967 1275 3160 1327 autem
3207 1271 3398 1326 videre
3428 1269 3603 1326 etiam
3663 1273 3754 1325 est

2103 1356 2284 1413 illud:
2317 1379 2345 1408 ‹‹
2378 1361 2505 1414 Fac.
2543 1381 2571 1408 »
2599 1359 2723 1414 Non
2745 1359 3094 1415 enimdixil:
3131 1382 3160 1410 «
3193 1359 3420 1414 Bonum
3445 1357 3702 1430 loquere,
3720 1378 3748 1408 ››

2100 1446 2190 1502 vel
2227 1469 2254 1496 ‹‹
2281 1447 2492 1518 doce,»
2523 1447 2610 1502 vel
2647 1470 2676 1499 «
2707 1448 2918 1520 cogita,
2954 1472 2982 1498 »
3040 1448 3131 1504 vel
3185 1447 3346 1504 aliud
3395 1446 3531 1513 tale,
3583 1447 3684 1502 sed
3733 1463 3747 1501 :

2109 1553 2131 1583 ι
2166 1534 2276 1590 Fac
2308 1536 2548 1591 bonum.
2585 1559 2612 1586 »
2645 1537 2806 1602 Quod
2831 1541 2987 1594 certe
3016 1536 3265 1593 ultimus
3330 1535 3462 1592 linis
3485 1535 3749 1590 intentus

2101 1625 2440 1679 conceditur
2469 1641 2597 1681 esse
2624 1626 2818 1681 omnis
2869 1625 3135 1699 loquelae,
3195 1624 3472 1680 doctrinae
3523 1640 3590 1679 ao
3648 1639 3749 1678 co-

2099 1713 2417 1783 gitationis.
2449 1715 2612 1778 Quod
2646 1720 2839 1770 autem
2872 1732 2907 1770 a
2937 1715 3090 1770 malo
3121 1714 3414 1770 declinare
3445 1713 3747 1783 facereque

314 1795 596 1852 ἐκκλίνειν
657 1795 762 1850 ἀπὸ
812 1799 978 1850 κακοῦ
1029 1795 1120 1850 καὶ
1175 1801 1350 1850 ποιεῖν
1426 1794 1620 1871 ἀγαθὸν
1682 1791 1794 1848 οὐδ⁶
1852 1794 1984 1848 αὐτὸ

353 1893 385 1904 αν
488 1887 501 1904 9
565 1887 574 1902 ν
787 1885 893 1906 ,,'.
1023 1905 1026 1906 ν
1115 1886 1130 1906 ι
1258 1885 1272 1904 ‘
1353 1893 1360 1906 Δ
1414 1885 1500 1906 ηδε
1561 1884 1645 1906 ,,,,‘
1711 1884 1826 1906 __,,!
1897 1883 1984 1906 Ᾱνηῖ

2099 1801 2318 1856 bonum
2352 1819 2464 1857 non
2500 1803 2693 1874 ipsum
2717 1803 2972 1859 alienum
3001 1805 3079 1860 sit
3109 1822 3142 1859 a
3170 1799 3745 1871 oharitate,dulciset

309 1893 422 1955 τῆς
477 1887 693 1960 ἀγάπης
719 1885 1074 1960 κεχώρισται,
1108 1886 1136 1939 6
1183 1885 1274 1938 καὶ
1303 1885 1503 1959 γλυκὸς
1559 1884 1646 1938 καὶ
1702 1884 1866 1961 σοφὸς
1895 1883 1988 1938 καὶ

318 1977 485 2049 ἅγιος
540 1973 796 2050 βασιλεύς
831 1976 1032 2050 [φησι],
1063 1973 1326 2048 παραθεὶς
1373 1973 1567 2027 αὒτίκα
1611 1972 1693 2027 τό·
1730 1997 1758 2024 ‹‹
1808 1974 1986 2043 Ζήτη-

315 2085 416 2119 σον
481 2064 732 2139 εἰρήνην,
790 2063 879 2118 καὶ
938 2061 1130 2133 δίωξον
1193 2062 1385 2132 αὐτήν.
1450 2087 1472 2114 ι
1531 2063 1624 2123 Ὠς
1681 2063 1785 2136 γάρ
1842 2082 1989 2123 τινος

313 2153 678 2214 ὖπειπόντος’
710 2146 808 2213 Δός
861 2173 953 2220 μοι
1010 2149 1262 2225 μέθοδον,
1295 2152 1340 2204 ὦ
1388 2147 1683 2205 διδάσκαλε
1742 2147 1989 2225 βασιλεῦ,

311 2241 396 2303 ὡς
431 2238 496 2295 ἂν
529 2239 767 2310 ἐξανύσω
821 2240 910 2294 καὶ
965 2241 1064 2308 τὴν
1116 2239 1356 2310 ἐξάλυξιν
1388 2243 1486 2294 τοῦ
1542 2243 1713 2294 κακοῦ
1744 2238 1834 2293 καὶ
1890 2239 1988 2307 τὴν

313 2333 611 2390 συναπτῶς
698 2328 918 2398 ποίησιν
992 2332 1089 2383 τοῦ
1153 2328 1376 2403 ἀγαθοῦ,
1436 2327 1756 2399 ὑποτίθησιν
1834 2326 1989 2390 εὐθὺς

319 2408 804 2491 ἑπιάημονικῶς,
840 2418 913 2480 ὡς
964 2414 1052 2472 διὰ
1092 2417 1338 2490 εἶρήνης,
1369 2413 1468 2472 εἴτ’
1514 2416 1605 2472 οῦν
1661 2417 1902 2492 ἀγάπης,
1927 2417 1990 2472 τὸ

303 2512 571 2562 τοιοῦτον
666 2505 1152 2583 ἐκπληρωθήσεται
1254 2506 1473 2584 ἀγαθόν.
1565 2507 1808 2583 Ἀγάπης
1886 2506 1988 2581 γὰρ

305 2594 623 2672 ἁδρομερές
682 2617 735 2650 τι
793 2596 986 2670 κόμμα
1014 2596 1103 2651 καὶ
1134 2599 1168 2665 ἡ
1204 2595 1416 2669 εἰρήνη,
1449 2596 1552 2651 οὐκ
1592 2594 1816 2651 ἔλαττον
1850 2593 1990 2672 ἤπερ

303 2689 348 2756 ἡ
410 2684 598 2764 φιλία,
634 2685 708 2747 ὡς
743 2681 850 2740 ἔστι
877 2684 1266 2740 κατασκευάσαι
1323 2685 1415 2740 τὸν
1484 2686 1815 2760 σκεψόμενον
1848 2685 1990 2761 πρὸς

319 2775 620 2847 ἀλήθειαν.

542 2862 607 2920 El
654 2863 832 2918 τοίνυν
894 2863 994 2918 οὐκ
1063 2861 1174 2918 ἔστι
1257 2861 1498 2938 δρασμὸς
1556 2863 1616 2919 ἐκ
1668 2867 1841 2919 κακοῦ
1897 2853 1987 2918 καῖ

306 2953 550 3023 ποίησις
601 2953 804 3028 ἀγαθοῦ
858 2949 1044 3014 ἄλλως
1104 2951 1147 3007 εἰ
1220 2954 1294 3026 μὴ
1361 2951 1430 3007 δι’
1479 2952 1726 3029 είρήνης,
1779 2959 1878 3022 τῆς
1933 2955 1993 3006 τε

304 3039 529 3112 ἄλλης,
563 3043 653 3096 καὶ
686 3048 786 3111 τῆς
821 3040 871 3096 ἒν
917 3042 1126 3114 ἑκάστῳ
1173 3044 1358 3115 ἡμῶν,
1394 3044 1520 3097 καθ’
1546 3043 1610 3111 ἦν
1671 3043 1808 3097 ἅπαν
1869 3043 1994 3097 ἀντ·

305 3137 476 3186 αἶθον
521 3131 763 3206 ψυχικὸν
816 3131 985 3194 πάθος
1033 3128 1352 3200 δουλοῦται,
1385 3131 1475 3185 καὶ
1531 3131 1704 3193 οὕτως
1763 3131 1995 3186 furoris"

2099 1891 2335 1962 sapiens
2365 1897 2422 1946 et
2445 1897 2684 1949 sanctus
2715 1910 2813 1949 rex
2851 1893 2952 1961 ait,
3013 1892 3121 1949 hoc
3178 1892 3444 1964 protinus
3494 1890 3742 1961 subjun-

2101 1995 2283 2052 gens:
2321 2003 2349 2031 «
2381 1983 2580 2047 Quaere
2608 1999 2832 2054 pacem,
2865 1987 2921 2038 et
2947 1998 3296 2054 persequere
3326 1997 3454 2036 eam
3486 1981 3564 2034 °.«
3595 1984 3744 2034 Tan-

2101 2086 2278 2140 quam
2303 2070 2458 2126 enim
2493 2071 2688 2144 aliquo
2707 2072 3183 2144 suggerentezDa
3201 2071 3342 2127 mihi
3377 2069 3744 2138 methodum,

2101 2165 2418 2230 praeceptor
2456 2176 2575 2225 rex,
2634 2165 2698 2215 ut
2745 2160 2885 2217 mali
2941 2160 3278 2217 vitationem
3341 2163 3399 2215 et
3446 2175 3563 2214 una
3610 2157 3747 2212 boni

2101 2248 2495 2319 operationem
2531 2250 2828 2321 perficiam
2853 2269 2867 2320 ;
2893 2249 3094 2306 statim
3125 2251 3290 2306 docte
3321 2248 3584 2319 subjicit,
3649 2263 3752 2318 per

2101 2353 2328 2408 pacem,
2361 2337 2480 2394 sive
2502 2355 2604 2410 per
2624 2337 2989 2408 charitatem,
3023 2338 3170 2395 tales
3201 2339 3421 2394 bonum
3455 2351 3752 2392 essecom-

2100 2424 2401 2497 plendum.
2434 2427 2748 2483 Charitatis
2779 2427 2934 2484 enim
2967 2427 3204 2500 aliquod
3228 2426 3479 2484 solidum
3503 2429 3594 2482 est
3618 2440 3748 2496 seg-

2102 2519 2365 2570 mentum
2399 2533 2528 2588 pax,
2559 2533 2674 2571 non
2707 2516 2907 2572 minus
2927 2533 2992 2572 ac
3023 2516 3305 2586 amicitia,
3338 2515 3495 2572 sicut
3550 2513 3749 2570 consi-

2102 2603 2329 2660 deranti
2352 2605 2525 2678 juxta
2554 2606 2857 2664 veritatem
2882 2606 3046 2663 facile
3067 2606 3368 2679 probatur.

2170 2872 2260 2927 62.
2291 2871 2350 2926 Si
2379 2887 2515 2944 ergo
2529 2889 2644 2928 non
2675 2876 2765 2930 est
2791 2873 3213 2931 malidevitatio
3235 2889 3341 2930 nec
3361 2870 3619 2945 operatio
3640 2870 3743 2926 bo-

2103 2960 2480 3032 nialiter,nisi
2500 2979 2601 3034 per
2613 2968 2966 3034 pacem,tum
2985 2962 3742 3036 perqualemcumque,tum

2103 3067 2337 3122 peream
2379 3067 2506 3122 quis
2526 3052 2581 3106 in
2607 3069 2962 3125 unoquoque
2983 3057 3252 3109 nostrum
3272 3056 3381 3119 est,
3416 3050 3740 3107 secundum

2105 3156 2282 3212 quam
2314 3139 2507 3196 omnis
2536 3141 2801 3198 exoriens
2829 3141 3037 3198 animai
3099 3143 3293 3209 passio
3350 3140 3638 3212 redigitur
3685 3137 3745 3193 in

307 3240 469 3275 σεται
500 3223 582 3291 τῷ
639 3217 858 3294 βασιλεῖ
907 3216 1183 3294 λογισμῷ·
1240 3221 1499 3290 ζητητέον
1545 3219 1734 3288 αὐτὴν,
1768 3215 1823 3275 εἷ’
1873 3241 1978 3274 που

2099 3208 2456 3296 servitutem,
2490 3235 2546 3284 et
2578 3231 2656 3284 ita
2714 3231 3028 3301 subjicitur
3058 3208 3273 3303 reginae
3301 3208 3512 3286 rationi
3540 3249 3554 3298 ς
3585 3245 3740 3299 qua:-

304 3308 406 3364 καί
471 3309 792 3383 κρύπτεται.
829 3309 924 3362 Καὶ
982 3308 1196 3370 πάντως
1257 3310 1584 3384 εὑρήσομεν,
1643 3309 1690 3364 εί
1743 3311 1976 3380 ζητήσο-

310 3419 445 3472 μεν.
481 3403 593 3459 ΙΓάς
649 3398 752 3474 γὰρ
807 3398 834 3451 6
887 3402 1061 3468 ζητῶν
1121 3396 1377 3472 εὑρίσκει,
1435 3399 1572 3462 καθᾶ
1637 3398 1974 3472 μανθάνομεν

306 3488 462 3563 πρὸς
525 3485 806 3558 ἀλήθειαν.
857 3486 919 3541 Εἰ
979 3485 1036 3541 δὶ
1103 3489 1430 3558 ζητήσαντες
1505 3488 1593 3542 καὶ
1665 3487 1975 3559 εὑρηκότες,

313 3577 427 3632 ούκ
487 3573 690 3653 ἔχομεν
746 3577 914 3646 αὐτῆς
974 3573 1259 3652 δράξασθαι
1312 3574 1400 3631 διὰ
1448 3575 1633 3631 πολλᾶ
1689 3578 1754 3631 τὰ
1811 3575 1976 3644 αἶ’τια,

315 3668 395 3720 ὧν
467 3665 733 3738 ὀκνοῦμεν
805 3671 1073 3729 ποιεῖσθαι
1145 3665 1350 3738 μνείαν,
1413 3667 1488 3738 μὴ
1548 3665 1637 3720 καὶ
1687 3663 1762 3729 εἷς
1819 3662 1974 3720 οὐδὲν

318 3753 447 3810 δεον
514 3752 944 3830 ὀχλοκοπῶμεν,
996 3749 1351 3829 θορυϐοῦντες
1423 3753 1552 3818 τοὺς
1621 3752 1978 3829 ἁγχινουστᾶ-

321 3865 457 3921 ρους
509 3843 815 3919 ἀκροατάς·
860 3843 983 3898 τότε
1035 3841 1102 3912 δὴ
1174 3845 1263 3898 καὶ
1309 3840 1574 3916 διώξομεν
1624 3842 1791 3911 αὐτὴν
1852 3841 1978 3920 φεύ-

316 3953 548 4008 γουσαν,
605 3931 737 4006 ὅπερ
796 3930 924 3986 ἐστί·
988 3929 1341 4006 δραμούμεθα
1396 3929 1700 3993 σπουδαίως
1757 3931 1833 3993 εἲς
1885 3930 1978 3985 αύ-

318 4023 450 4091 τὴν,
482 4021 835 4098 κουφίζοντος
902 4023 1038 4093 ἡμῖν
1090 4020 1182 4076 τὸν
1213 4019 1419 4096 δρόμον
1474 4026 1572 4076 τοῦ
1626 4020 1975 4096 κατέχοντος,

322 4110 375 4165 ἐν
413 4115 606 4185 χεροῖν
659 4111 722 4164 τὸ
773 4105 1026 4185 βραϐεῖον
1084 4117 1183 4180 τῆς
1241 4107 1352 4164 ἄνω
1406 4111 1675 4182 κλήσεως,
1734 4113 1830 4164 τοῦ
1877 4115 1978 4178 τῆς

325 4200 558 4274 εἰρήνης
593 4195 825 4274 δοτῆρος
852 4202 989 4272 ἡμῖν
1047 4205 1165 4261 τοῖς
1227 4197 1682 4272 ἐπικαλουμένοις
1712 4200 1774 4254 τὸ
1813 4197 1978 4253 αὐτοῦ

325 4283 526 4361 ὄνομα.
561 4289 784 4350 Πάντως
832 4288 936 4364 γάρ
989 4289 1017 4342 6
1062 4287 1300 4359 καθάπαξ
1345 4287 1514 4342 εἷ’πὼν
1563 4287 1645 4342 τό·
1702 4311 1729 4337 ‹‹
1775 4287 1974 4360 Εῗρήνη

329 4378 482 4450 ὑμῖν,
521 4399 550 4427 ››
579 4378 672 4431 καὶ
700 4377 785 4431 τό·
825 4401 846 4428 ι
898 4376 1140 4454 Είρήνην
1179 4379 1280 4447 τήν
1332 4376 1472 4451 ἐμὴν
1517 4374 1720 4451 δίδωμι
1763 4378 1912 4450 ὑμῖν,
1948 4403 1971 4432 ι

324 4471 444 4526 τοῖς
507 4464 666 4538 ξμοῖς
726 4463 966 4536 δηλαδὴ,
1017 4465 1115 4524 οὐκ
1171 4464 1230 4520 ἃν
1291 4468 1626 4539 ζητουμένην
1685 4464 1974 4541 ἀποκρύψῃ

2089 3318 2338 3373 rendum
2369 3323 2458 3373 est
2479 3319 2687 3385 eam,si
2738 3320 2880 3375 forte
2929 3320 3330 3376 absconditur.
3368 3322 3434 3372 Et
3467 3321 3640 3386 certe,
3689 3314 3739 3370 si

2088 3423 2443 3477 quaramus,
2479 3405 2864 3463 inveniemus.
2902 3429 2930 3458 «
2955 3407 3158 3464 Omnis
3197 3407 3352 3464 enim
3378 3405 3476 3478 qui
3509 3405 3736 3477 quaerit,

2087 3495 2311 3550 invenit
2343 3496 2406 3563 1°,
2446 3517 2473 3544 »
2532 3496 2686 3550 sicut
2745 3496 2804 3550 in
2858 3497 3100 3552 veritate
3149 3495 3458 3552 discimus.
3517 3493 3573 3548 Si
3604 3508 3736 3548 vero

2087 3588 2400 3655 postquam
2425 3583 2801 3655 quaesivimus
2833 3590 2890 3640 et
2911 3586 3385 3650 invenimus,non
3417 3597 3736 3656 possumus

2088 3688 2215 3728 eam
2248 3688 2454 3744 capere
2484 3678 2721 3745 propter
2750 3673 2969 3731 multas
2999 3690 3482 3746 causas,quarum
3517 3669 3732 3729 omitti-

2087 3777 2222 3816 mus
2257 3762 2442 3817 facere
2474 3761 2854 3832 mentionem,
2887 3779 2957 3818 ne
2979 3763 3107 3819 sine
3167 3764 3520 3819 necessitate
3550 3759 3722 3816 taedio

2088 3849 2474 3922 molestiaque
2531 3851 2859 3908 afﬁciamus
2895 3851 3204 3908 benevolos
3235 3851 3564 3918 auditores;
3593 3855 3733 3904 tunc

2088 3939 2296 3994 saltem
2329 3943 2384 3994 et
2413 3955 2836 4012 persequemur
2865 3957 2990 3998 eam
3022 3942 3365 4014 fugientem,
3406 3939 3561 4012 quod
3594 3942 3683 3994 est
3715 3954 3728 3992 :

2088 4028 2160 4083 ad
2187 4044 2315 4082 eam
2356 4028 2703 4084 festinanter
2733 4046 3314 4102 curremus,cursum
3347 4028 3515 4087 nobis
3547 4027 3732 4084 levem

2087 4116 2337 4172 faciente
2396 4118 2495 4188 qui
2555 4119 2829 4175 manibus
2893 4123 3052 4175 tenet
3107 4118 3362 4176 ccslestis
3412 4117 3734 4174 vocationis

2086 4205 2376 4272 bravium,
2411 4205 2510 4277 qui
2543 4223 2744 4278 pacem
2767 4208 2865 4262 dat
2885 4207 3054 4264 nobis
3084 4207 3494 4264 invocantibus
3516 4221 3729 4262 nomen

2087 4295 2236 4365 ejus.
2267 4295 2432 4351 Certe
2460 4295 2617 4351 enim
2649 4297 2746 4368 qui
2802 4295 2980 4352 semel
3034 4297 3181 4352 dixit
3226 4297 3336 4353 hoc
3371 4312 3384 4350 :
3423 4318 3451 4346 «
3483 4296 3599 4350 Pax
3630 4311 3729 4350 vo-

2085 4384 2179 4440 bis
2212 4387 2252 4420 ¹¹
2279 4401 2292 4452 ;
2326 4405 2354 4434 ››
2385 4388 2441 4439 et
2457 4384 2640 4440 hoc:«
2661 4389 2867 4441 Pacem
2885 4402 3074 4441 meam
3091 4387 3164 4441 do
3195 4384 3358 4442 vobis
3389 4386 3486 4452 “,n
3508 4382 3733 4439 scilicet

2088 4472 2255 4544 meis,
2289 4489 2403 4528 non
2434 4472 2593 4528 illam
2627 4473 2931 4545 quaesitam
2987 4475 3308 4530 abscondet
3343 4490 3377 4528 a
3405 4471 3595 4539 nobis,
3626 4469 3729 4526 sed

327 4555 497 4624 αὐτὴν
534 4555 621 4633 ἀφ’
651 4557 836 4628 ἡμῶν,
867 4554 992 4611 ἀλλ’
1043 4553 1274 4626 ἐπιτάξει
1331 4553 1617 4631 προελθεῖν
1677 4555 1754 4618 εἷς
1808 4558 1976 4628 ἡμᾶς,

2099 4561 2314 4629 iubebit
2344 4561 2414 4616 ad
2448 4577 2555 4616 nos
2583 4563 2795 4632 venire,
2815 4563 3132 4618 dummodo
3151 4563 3334 4618 Deum
3366 4561 3728 4628 invocemus,

328 4644 373 4699 εἶ
433 4643 598 4717 μόνον
646 4643 1104 4718 θεοκλυτήσομεν,
1159 4644 1203 4700 εἰ
1253 4642 1670 4719 δυσωπήσομεν,
1721 4643 1767 4700 εἷ
1813 4643 1977 4719 γενώ-

331 4745 469 4808 μεθα
499 4732 705 4804 ἐπάξιοι
738 4740 922 4810 τυχεῖν
959 4733 1203 4811 εἰρήνης,
1235 4741 1334 4805 τῆς
1390 4739 1469 4806 τῷ
1526 4739 1642 4807 Θεῷ
1689 4733 1974 4812 φιλτάτης⁸

324 4824 394 4891 ἧς
452 4823 546 4875 καὶ
604 4822 657 4876 οἱ
712 4822 973 4898 τυχόντες
1035 4825 1319 4897 μακάριοι,
1377 4823 1466 4878 καὶ
1521 4823 1572 4878 οἶ
1624 4824 1872 4900 πρόξενοι
1921 4819 1978 4876 δὲ

326 4909 854 4984 συμμακαρίζονται,
905 4911 980 4974 ὡς
1043 4911 1152 4966 υἱοὶ
1212 4913 1356 4967 θετοὶ
1405 4917 1482 4985 τῷ
1539 4917 1673 4985 Θεῷ.
1711 4936 1738 4965 ‹‹
1795 4913 1981 4969 Μακά-

326 5019 438 5076 ριοι
483 5023 505 5051 ι
550 5001 674 5075 γὰρ,
708 5001 895 5078 φησὶν,
930 5025 958 5053 ‹‹
1011 5001 1063 5054 οἱ
1124 4999 1488 5075 εἰρηνοποιοὶ,
1522 4998 1605 5056 ὅτι
1657 4999 1810 5057 αὐτοὶ
1867 5001 1974 5056 υἱοὶ

327 5092 464 5145 Θεοῦ
493 5087 887 5160 κληθήσονται.
923 5114 945 5142 ν

402 5177 491 5254 ξγ’.
530 5177 628 5234 Καὶ
677 5177 782 5254 ἐγὼ
834 5179 931 5252 μὶν
977 5177 1068 5234 καὶ
1130 5180 1182 5234 οἱ
1247 5180 1364 5233 κατ’
1411 5177 1508 5252 ἐμὲ
1556 5176 1698 5234 οὕτω
1749 5183 1978 5257 φρονοῦ-

329 5288 429 5341 μεν
466 5268 588 5342 περὶ
622 5274 722 5338 τῆς
754 5269 1096 5343 ἁγαπητικῆς
1127 5267 1349 5343 εἰρήνης
1404 5271 1500 5322 τοῦ
1547 5272 1699 5340 Θεοῦ,
1731 5267 1819 5322 καὶ
1871 5271 1977 5322 τῶν

320 5356 465 5411 κατὰ
522 5355 623 5424 τήν
691 5357 951 5427 τοιαύτην
1009 5357 1298 5431 εἰρηνικῶν
1359 5357 1677 5432 ἀνθρώπων.
1731 5354 1866 5414 Οἶδα
1923 5354 1978 5412 δέ

317 5464 476 5506 τινας
537 5441 724 5508 ἄλλως
775 5441 1145 5520 διακειμένους
1191 5443 1281 5500 καὶ
1331 5446 1696 5521 ἀχθομένους,
1742 5442 1799 5501 εἷ’
1830 5466 1978 5509 τινας

2087 4650 2408 4705 dummodo
2475 4649 2772 4722 supplices
2823 4667 3119 4723 rogemus,
3179 4649 3499 4706 dummodo
3562 4647 3729 4720 digni

2087 4739 2298 4793 ﬁamus
2327 4739 2424 4810 qui
2459 4755 2660 4810 pacem
2692 4739 3063 4796 inveniamus
3094 4745 3207 4796 Deo
3264 4737 3677 4794 charissimam
3710 4751 3725 4802 ;

2088 4827 2259 4898 cujus
2289 4831 2586 4898 compotes
2619 4828 2771 4884 beati
2804 4833 2964 4897 sunt,
2988 4829 3091 4884 sed
3137 4833 3196 4884 et
3251 4831 3518 4884 auctores
3574 4825 3733 4883 beati

2089 4914 2267 4972 simul
2297 4915 2592 4982 dicuntur,
2626 4921 2909 4988 tanquam
2940 4917 3046 4972 ﬁlii
3077 4917 3178 4973 Dei
3209 4915 3486 4989 adoptivi.
3521 4939 3549 4966 «
3574 4912 3734 4972 Beati

2088 5004 2267 5071 enim,
2293 5003 2396 5072 ait,
2436 5004 2686 5077 paciﬁci,
2716 5005 2994 5078 quoniam
3018 5005 3134 5078 ipsi
3173 5005 3278 5061 ﬁlii
3308 5005 3410 5062 Dei
3434 5003 3730 5062 vocabun-

2087 5096 2208 5148 tur.
2243 5114 2271 5142 »

2157 5182 2248 5236 63.
2277 5183 2395 5254 Ego
2425 5182 2665 5254 quidem
2726 5187 2783 5238 et
2807 5183 2908 5255 qui
2932 5185 3102 5254 juxta
3150 5199 3243 5240 me
3303 5186 3463 5251 sunt,
3525 5182 3608 5238 ita
3660 5182 3732 5237 de

2089 5286 2230 5343 pace
2252 5271 2377 5340 Dei,
2401 5288 2530 5344 quae
2560 5272 2844 5328 charitate
2875 5277 3128 5340 constat,
3151 5276 3208 5330 et
3254 5273 3325 5329 de
3355 5271 3615 5346 paciﬁcis
3645 5287 3730 5328 se-

2087 5361 2346 5418 cundum
2405 5361 2565 5419 illam
2617 5362 2982 5431 hominibus,
3041 5363 3350 5419 sentimus.
3409 5361 3538 5417 Scio
3593 5375 3727 5415 vero

2087 5450 2376 5520 quosdam
2397 5449 2568 5508 aliter
2597 5451 2916 5524 dispositos
2932 5449 3338 5522 etirascentes,
3357 5449 3406 5507 si
3437 5447 3725 5521 quosdam

403 5660 426 5696 ’
454 5657 612 5719 Pnl.
640 5676 838 5737 xxxm,
873 5662 962 5722 15.
996 5663 1042 5702 ιο
1067 5662 1215 5723 ibid.
1245 5663 1289 5702 ¹¹
1321 5663 1464 5722 Luo.
1495 5679 1649 5737 xxxv,
1680 5663 1768 5720 36.
1805 5663 1854 5703 “
1878 5662 2091 5726 Joann.
2125 5678 2240 5734 xxv,
2260 5663 2352 5721 27.
