4114 6200
415 392 530 453 631

1193 392 1611 455 EUSTATHII
1655 389 2425 454 THESSALONICENSIS
2471 391 3058 453 METBOPOLITE

3719 393 3840 452 632

412 526 616 582 vident
647 543 775 583 sese
807 525 1153 599 regulariter
1177 526 1834 598 diligentesinvicem,et
1857 542 2064 583 secun-
2094 581 2102 591 ,

2213 522 2445 579 ιλὲπουσι
2479 524 2869 600 φιλιουμὲνους
2897 527 3197 587 κανονικῶς
3228 522 3524 593 ἀλλήλοις,
3554 526 3646 578 καί
3696 524 3834 578 κατὰ

419 615 561 672 dum
600 617 781 670 Deum
807 619 1155 681 amantes,et
1181 615 1570 686 spiritualiter
1594 632 1793 688 pacem
1815 615 2072 672 custodi-

421 703 718 767 entes.Qui
764 702 1286 774 quoque.gladium
1319 703 1639 772 vibrantes,
1664 705 1814 761 tales
1849 703 2076 758 interci-

425 792 572 847 dunt
604 791 1232 859 unanimitates,etnon
1254 793 1665 847 verenturvitze
1697 793 2076 848 commiscere

424 881 627 936 turbas
658 885 713 934 et
733 879 1203 950 perturbationes
1235 884 1289 935 et
1319 880 1452 936 lites
1483 885 1540 936 et
1569 881 1991 938 commotiones
2021 885 2080 935 et

421 969 712 1024 vindictas
742 973 797 1023 et
838 969 1153 1039 aliquando
1185 969 1554 1040 punitiones:
1589 970 1758 1042 quasi
1791 969 2079 1042 sanguine

419 1056 701 1128 laetantes,
761 1058 1185 1129 cupientesque
1217 1058 1274 1112 in
1309 1053 1447 1113 filiis
1481 1059 1579 1114 Dei
1626 1059 1804 1115 libere
1827 1057 2077 1112 exerceri

418 1149 684 1200 veterum
728 1145 962 1218 flagella
996 1151 1282 1201 Laconum
1315 1150 1372 1201 et
1404 1147 1822 1202 irrationabilia
1852 1146 2079 1201 Mithrae

420 1235 971 1306 supplicia,necnon
1018 1234 1352 1290 mortiferos
1385 1234 1674 1291 Celtarum
1700 1253 1768 1290 ex
1801 1235 2080 1291 ebrietate

419 1320 612 1393 lusus,
644 1329 700 1378 et
721 1323 1062 1394 Scytharum
1099 1324 1443 1391 tentamina,
1479 1324 1693 1396 quibus
1724 1324 1994 1380 homines
2021 1322 2080 1376 in

422 1411 610 1467 altum
668 1413 940 1484 projecti,
1001 1413 1212 1468 deinde
1268 1413 1489 1486 illapsi,
1537 1413 1758 1470 lanceis
1791 1413 1850 1468 in
1896 1412 2082 1468 altum

424 1501 685 1557 sublatis
716 1501 1237 1573 transfigebantur.
1269 1501 1370 1557 His
1403 1507 1599 1558 autem
1635 1501 1719 1557 sic
1752 1501 2081 1574 agentibus,

428 1607 558 1662 qua
591 1589 750 1661 pacis
786 1596 928 1646 sunt
960 1590 1128 1645 aliter
1181 1592 1384 1661 etiam,
1446 1597 1509 1646 ut
1564 1592 1814 1660 videtur,
1877 1595 2086 1662 praeter

435 1695 810 1734 communem
844 1684 901 1734 et
923 1685 1216 1735 assuetam
1247 1685 1305 1734 et
1331 1686 1549 1735 rectam
1583 1680 2030 1748 sententiam,et
2053 1695 2086 1732 a

434 1767 551 1823 Deo
581 1768 859 1822 traditum
919 1769 1261 1824 Davidicum
1324 1770 1394 1824 de
1445 1786 1586 1841 pace
1625 1769 1890 1834 verbum,
1940 1767 2087 1823 exci-

432 1857 698 1928 piuntur.
731 1858 1008 1922 Quaerunt
1041 1857 1198 1912 enim
1231 1859 1470 1929 quidem
1531 1857 1680 1913 tales
1736 1873 1960 1928 pacem,
1987 1855 2085 1910 ubi

432 1947 580 2001 forte
638 1945 990 2015 inveniatur,
1045 1951 1101 2000 et
1151 1947 1507 2018 odorisequi,
1559 1946 1865 2001 inveniunt
1931 1945 2088 2016 apud

430 2034 683 2090 colentes
720 2052 998 2098 eam,non
1023 2041 1216 2090 autem
1247 2037 1401 2107 apud
1436 2053 1533 2091 eos
1567 2051 1801 2090 manere
1835 2034 2039 2089 sinunt
2073 2051 2086 2101 ;

429 2124 544 2179 sed
581 2130 1020 2194 persequuntur
1051 2124 1162 2180 alio
1197 2126 1391 2190 modo,
1427 2142 1538 2178 non
1575 2131 1638 2178 ut
1667 2123 2092 2194 comprehensa

426 2213 814 2281 custodiatur,
841 2213 939 2268 sed
972 2219 1036 2267 ut
1066 2217 1221 2268 terra
1257 2219 1519 2281 exeat,et
1553 2213 1666 2285 ipsi
1697 2212 1990 2268 exsultant
2021 2213 2093 2266 de

431 2301 860 2373 interpretabili
908 2301 1250 2373 duplicitate
1308 2301 1719 2374 persequendi,
1779 2301 1947 2372 quasi
1993 2317 2095 2372 per

438 2408 570 2448 eam
629 2391 948 2463 sepbistice
1001 2391 1459 2463 triumphantes.
1508 2390 1788 2462 Persequi
1836 2405 2093 2460 namque

443 2481 620 2537 etiam
656 2481 726 2536 de
757 2479 1067 2535 dilectione
1099 2480 1156 2534 in
1183 2481 1483 2550 Scriptura
1520 2480 1767 2535 habetur
1801 2481 1934 2534 :sed
1971 2479 2093 2550 ple-

446 2585 699 2642 rumque
722 2569 793 2624 de
822 2569 973 2625 odio.
1007 2569 1096 2624 Sic
1127 2569 1284 2624 enim
1317 2569 1470 2641 apud
1531 2574 1712 2622 Deum
1759 2568 2096 2624 beatiﬁcau-

450 2663 568 2726 tur,
603 2675 751 2730 quos
782 2658 1023 2730 quidam
1081 2658 1311 2730 probris
1339 2658 1604 2713 afﬁciunt
1661 2662 1899 2729 propter
1928 2655 2096 2711 illum

456 2751 515 2802 et
543 2752 992 2819 persequuntur.
1025 2747 1130 2801 Sed
1155 2745 1388 2817 quidem
1410 2745 1624 2801 talibus
1671 2751 1828 2800 sorte
1867 2743 2099 2800 contin-

456 2840 557 2907 gat
587 2835 984 2907 gratumipsis
1013 2834 1306 2901 odium,ut
1337 2851 1466 2890 cum
1491 2833 1745 2898 diabolo,
1782 2831 2098 2886 inimicitiae

458 2925 626 2993 duce,
658 2925 1063 2996 congaudeant
1089 2941 1103 2992 ;
1133 2941 1242 2980 nos
1263 2929 1456 2979 autem
1506 2924 1565 2978 in
1605 2922 1774 2978 nobis
1805 2922 1949 2993 ipsis
1995 2921 2100 2976 ba-

456 3014 702 3069 bsamus
735 3029 962 3086 pacem,
995 3013 1146 3068 sicut
1193 3018 1344 3068 Deus
1376 3012 1660 3086 prmeipit,
1713 3017 1769 3067 et
1817 3011 1977 3065 illam
2034 3027 2103 3064 ex

454 3105 578 3158 tota
607 3102 808 3158 anima
837 3101 1122 3157 colamus.

525 3298 614 3353 64.
664 3301 977 3354 Precemur
1033 3297 1245 3352 deinde
1305 3302 1369 3352 ut
1421 3297 1829 3368 potentissimo
1902 3261 2176 3352 nostroc

457 3387 811 3443 dominatori
873 3388 1060 3457 major
1116 3403 1150 3442 α
1198 3387 1314 3442 Deo
1359 3388 1621 3458 potentia
1676 3388 1801 3455 ﬁat,
1861 3387 1932 3442 ad
1976 3401 2107 3441 eam

455 3476 680 3548 integre
710 3477 1073 3548 perfecteque
1120 3475 1181 3530 in
1217 3477 1437 3531 mundo
1460 3493 1565 3545 pro
1588 3475 1888 3530 communi
1918 3475 2108 3532 salute

462 3565 1003 3621 exercendam.Etsi
1037 3564 1195 3620 enim
1227 3563 1469 3636 quidam
1501 3564 1770 3620 homines
1811 3581 1962 3635 smpe
1992 3580 2107 3619 non

465 3654 926 3711 animadvertere
982 3658 1191 3710 curant
1256 3655 1474 3725 quibus
1523 3654 1632 3708 iste
1709 3654 2114 3708 circumdatur

468 3741 776 3814 periculis;
829 3734 1024 3798 tamen
1073 3743 1131 3797 in
1179 3747 1430 3798 mentem
1481 3743 1899 3798 descendentes
1939 3758 2112 3797 accu-

470 3835 596 3886 rate
628 3831 844 3886 sciunt.
876 3831 1063 3886 Habet
1111 3831 1350 3901 quidem
1409 3847 1541 3886 vere
1595 3836 1993 3903 perpetuoque
2041 3830 2113 3885 de

470 3919 614 3976 coelo
645 3919 925 3975 auxilium
951 3937 1017 3974 ac
1046 3918 1778 3985 levamentum.Quomodo
1798 3920 1954 3976 enim
1981 3918 2114 3975 istis

471 4025 589 4064 non
640 4007 1032 4078 locupletetur
1063 4006 1160 4062 ille
1191 4007 1292 4079 qui
1323 4008 1530 4062 exinde
1559 4009 1688 4064 sine
1744 4009 1935 4064 medio
1967 4008 2113 4065 elec-

469 4100 568 4151 tus
597 4100 688 4152 est
716 4112 750 4150 a
778 4095 878 4151 Dei
936 4095 1227 4167 sapientia
1281 4112 1458 4166 quam
1519 4097 1808 4152 deamavit
1845 4101 1902 4153 et
1934 4097 1992 4152 in
2026 4114 2113 4153 re-

470 4200 653 4256 gnum
685 4183 966 4252 elevatus,
991 4201 1226 4256 unaque
1284 4185 1443 4256 regia
1491 4202 1704 4240 corona
1740 4187 2113 4258 tropteisque,

473 4289 724 4345 quorum
755 4289 862 4328 nos
893 4273 1164 4345 primitiae
1195 4290 1424 4340 sumus,
1456 4279 1766 4329 exornatus
1793 4273 1820 4329 *ἶ
1842 4279 2014 4330 Decet
2028 4279 2115 4329 ta-

475 4379 608 4418 men
624 4378 906 4434 nos,quos
920 4362 1206 4434 ipse,post
1221 4363 1777 4430 Deum,liberavit,et
1791 4362 2117 4419 secundum

476 4468 652 4524 quem
681 4451 955 4519 vivimus,
988 4451 1045 4506 in
1067 4467 1382 4506 commune
1413 4451 1828 4522 libenterquod
1853 4457 2118 4506 nostrum

475 4545 567 4597 est
590 4540 795 4596 afferre
826 4556 928 4612 per
986 4556 1208 4612 preces,
1252 4556 1504 4610 quarum
1554 4539 1916 4594 auditionem
1967 4539 2121 4594 Deus

2183 613 2312 667 Θεὸν
2365 615 2706 688 ἀγαπῶντας,
2754 614 2843 668 καὶ
2899 617 3276 685 πνευματικῶς
3328 611 3722 686 είρηνεύοντας.
3771 614 3841 670 Οἳ

2184 700 2272 754 καὶ
2336 703 2609 777 μαχαίρας
2669 701 2991 778 βάλλοντες,
3024 702 3118 764 τὰς
3171 701 3422 763 τοιαύτας
3475 703 3845 774 ἀποτέμνουσι

2187 789 2475 867 συμφυΐας,
2507 793 2596 845 καὶ
2647 791 2743 845 οὐκ
2791 792 3077 867 ἀνέχονται
3131 793 3207 864 μὴ
3257 792 3533 866 ταράχους
3590 795 3670 862 τῷ
3732 790 3840 866 βίῳ

2186 877 2635 950 ἐμπολιτεύεσθαι
2681 881 2770 934 καὶ
2821 880 3086 956 ὀχλήσεις
3139 880 3227 934 καὶ
3287 877 3437 940 δίκας
3493 879 3583 934 καὶ
3642 874 3848 954 τυρϐας

2185 969 2272 1022 καὶ
2311 969 2531 1041 ζημίας,
2562 967 2670 1039 ἤδη
2734 969 2790 1024 δε
2841 991 2947 1024 που
2996 970 3084 1024 καὶ
3139 966 3412 1030 κολάσεις·
3449 968 3522 1030 ὡς
3573 970 3663 1022 οἷα
3720 967 3852 1043 χαί-

2188 1078 2371 1132 ροντες
2403 1056 2616 1130 α’ίμασι,
2649 1058 2737 1112 καὶ
2795 1059 2888 1119 τὰς
2945 1063 3052 1112 τῶν
3117 1055 3370 1111 παλαεῶν
3430 1058 3707 1112 Λακώνων
3745 1078 3848 1110 πο⁸

2190 1147 2404 1210 θοῦντες
2446 1147 2495 1201 ἰν
2540 1153 2654 1209 τοῖς
2703 1151 2799 1202 τοῦ
2847 1151 2980 1202 Θεοῦ
3028 1145 3488 1223 παρρησιάζεσθαι
3553 1148 3852 1221 μάστιγας,

2188 1237 2276 1290 καὶ
2332 1237 2396 1291 τὰ
2458 1238 2592 1292 κατᾶ
2656 1237 2747 1291 τὸν
2819 1236 3021 1308 Μίθραν
3071 1234 3334 1313 ἀλόγιστα
3389 1235 3685 1311 κόλαστρα,
3738 1232 3851 1304 ἤδη

2193 1321 2248 1378 δὲ
2277 1324 2364 1379 καὶ
2397 1325 2462 1379 τὰ
2510 1324 2747 1381 Κελτικὰ
2803 1327 3074 1397 θανάσιμα
3133 1324 3192 1380 ἐκ
3252 1325 3422 1398 μὲθης
3479 1323 3725 1398 παίγνια,
3761 1323 3856 1377 καὶ

2189 1413 2257 1467 τὰ
2298 1413 2434 1467 κατὰ
2493 1413 2724 1486 Σκύθας,
2774 1416 2898 1489 παρ’
2944 1415 3025 1477 οἷς
3073 1411 3348 1488 ἅνθρωποι
3409 1412 3858 1488 ἀναῤῥιπτούμε·

2192 1523 2305 1564 νοις
2365 1502 2416 1564 ἐς
2464 1501 2622 1577 ὕψος,
2657 1504 2768 1557 εἶτα
2817 1502 3092 1564 κατιόντες
3134 1500 3368 1578 λόγχαις
3432 1502 3619 1578 ὀρθαῖς
3671 1522 3861 1569 πεπηο

2195 1591 2372 1666 γυίαις
2429 1592 2861 1667 περιεπείροντο.
2917 1597 3044 1652 Τοῖς
3107 1589 3162 1645 δὲ
3229 1590 3372 1645 οὕτω
3445 1591 3857 1666 κατεργαζομὲ-

2194 1702 2310 1742 νοις
2364 1681 2430 1734 τα
2487 1680 2738 1756 εἷ’ρηνικᾶ
2793 1680 2883 1735 καὶ
2940 1678 3150 1747 ἄλλως,
3197 1681 3270 1741 ὡς
3326 1675 3489 1747 ἔοικε,
3549 1681 3698 1754 παρᾶ
3751 1681 3853 1747 τήν

2195 1770 2380 1837 κοινὴν
2413 1769 2502 1824 καὶ
2554 1772 2758 1840 συνήθη
2793 1767 2994 1824 ἔννοιαν
3053 1769 3143 1823 καὶ
3199 1769 3366 1843 ὀρθὴν
3427 1769 3519 1823 καὶ
3586 1769 3859 1841 θεοπαρά-

2198 1855 2352 1912 δοτον
2383 1859 2446 1912 τὰ
2485 1857 2608 1933 περὶ
2657 1865 2756 1927 τῆς
2806 1857 3030 1934 εἷ’ρήνης
3084 1858 3364 1912 Δαυϊτικὸν
3424 1857 3587 1932 ῥητὸν
3643 1854 3860 1928 ἐκλαμο

2199 1943 2434 2002 ϐάνεται.
2470 1951 2698 2018 Ζητοῦσι
2757 1947 2851 2019 μὲν
2913 1947 3016 2022 γὰρ
3073 1946 3291 2022 εἰρήνην
3343 1947 3396 2001 οἱ
3427 1951 3690 2012 τοιοῦτοι,
3726 1947 3859 1999 ὅποι

2198 2037 2330 2090 ποτὲ
2424 2034 2807 2091 πολιτεύεταιο
2881 2036 2971 2089 καὶ
3064 2034 3473 2110 ῥινηλατοῦντες
3567 2034 3851 2109 εὑρίσκου-

2202 2147 2254 2180 σι
2334 2127 2426 2196 μὶν
2502 2125 2646 2200 παρὰ
2715 2131 2832 2186 τοῖς
2909 2124 3448 2199 πραγματευομένοις
3505 2123 3695 2192 αὐτὴν,
3758 2123 3860 2178 οὐκ

2204 2215 2388 2292 ἀφιᾶσι
2449 2212 2506 2268 δὲ
2575 2215 2752 2287 μένειν
2811 2216 2934 2287 παρ’
2996 2213 3247 2275 ἐκείνοις·
3299 2211 3553 2268 διώκουσι
3614 2210 3671 2267 δε
3729 2212 3860 2287 τρό-

2203 2324 2302 2357 πον
2363 2300 2553 2370 ἄλλον,
2617 2302 2723 2378 οὐχ
2773 2301 2866 2357 ’ίνα
2922 2303 3332 2381 καταληφθεῖσα
3389 2301 3675 2377 φυλαχθῇ,
3729 2300 3863 2357 ἀλλ’

2198 2390 2288 2446 ’ίνα
2355 2391 2406 2461 ἐξ
2472 2391 2772 2463 ἀνθρώπων
2847 2393 3090 2466 γὲνηταιο
3145 2391 3235 2446 καί
3304 2412 3409 2446 που
3467 2392 3556 2446 καὶ
3614 2387 3867 2466 ἐπαγςὶλ⁹

2207 2479 2394 2536 λονται
2448 2484 2516 2553 τῇ
2570 2483 2689 2535 κατ’
2745 2476 2950 2534 ἔννοιαν
3013 2478 3218 2554 διπλόη
3285 2487 3388 2549 τῆς
3461 2477 3717 2550 διώξεως,
3782 2481 3868 2533 οἷα

2206 2569 2694 2645 κατασοφιζόμενοι
2769 2566 2837 2623 δι’
2912 2568 3101 2639 αὐτῆς.
3155 2569 3378 2624 Διώκειν
3459 2569 3561 2643 γὰρ
3626 2567 3718 2622 καί
3785 2568 3870 2622 ἐπὶ

2209 2657 2394 2737 φιλίας
2427 2659 2521 2731 μὲν
2551 2657 2754 2721 τίθεται
2801 2662 3099 2735 γραφικῶς,
3129 2658 3195 2712 τὰ
3250 2655 3438 2712 πολλὰ
3497 2655 3553 2712 δὲ
3610 2656 3700 2711 ἐπὶ
3781 2658 3869 2729 μί-

2209 2766 2352 2806 σους.
2386 2744 2545 2801 Οὕτω
2601 2745 2702 2820 γαρ
2765 2747 3022 2819 μακάριοι
3081 2747 3227 2821 παρᾶ
3280 2749 3359 2817 τῷ
3415 2749 3552 2816 Θεῷ,
3589 2744 3681 2805 οῦς
3725 2743 3872 2798 ὀνει-

2211 2832 2422 2888 δίσουσί
2477 2855 2619 2896 τινες
2673 2831 2848 2889 ἕνεκεν
2928 2835 3092 2888 αὐτοῦ
3162 2833 3250 2888 καὶ
3319 2831 3625 2904 διώξουσιν.
3684 2830 3870 2889 Ἀλλᾶ

2209 2923 2334 2985 τοὺς
2363 2922 2644 2984 τοιούτους
2693 2923 2786 2995 μὲν
2821 2921 2990 2998 λάχοι
3020 2923 3081 2977 τὸ
3117 2921 3282 3000 φίλον
3331 2921 3514 2983 αὐτοῖς
3567 2926 3749 2993 μῖσος,
3783 2918 3872 2973 ἵνα

2209 3017 2288 3084 τῷ
2336 3007 2582 3083 διαϐόλῳ
2643 3011 3011 3088 συγχαίροιεν,
3071 3017 3150 3083 τῷ
3199 3018 3299 3080 τῆς
3355 3009 3555 3087 ἔχθρας
3609 3007 3866 3085 ἄρχοντι·

2212 3103 2375 3173 ἡμεῖς
2409 3098 2466 3155 δῖε
2499 3100 2874 3174 είίρηνεύοιμεν
2907 3099 2958 3154 ὲν
2993 3103 3128 3173 ἡμῖν
3159 3101 3367 3167 αὐτοῖς,
3399 3100 3472 3161 ὡς
3509 3100 3536 3153 ὁ
3569 3099 3701 3160 Θεὸς
3730 3118 3871 3172 παρ·

2218 3187 2495 3264 αγγέλλει,
2526 3188 2614 3243 καὶ
2647 3210 2792 3266 πραγ
2807 3189 3172 3263 ματευοίμεθα
3193 3193 3356 3244 τοῦτο
3398 3188 3448 3260 ἐξ
3480 3188 3616 3259 ὅλης
3659 3191 3871 3263 ψυχῆς.

2288 3293 2376 3366 ξδ’.
2414 3295 2733 3370 Εὐχοίμεθα
2789 3293 2846 3350 δὲ
2909 3294 2997 3349 καὶ
3041 3299 3118 3366 τῷ
3164 3295 3432 3370 κρατίστῳ
3491 3297 3655 3367 ἡμῶν
3711 3294 3876 3348 αὐτο-

2215 3387 2440 3462 κράτορι
2495 3384 2796 3460 ἐγγίνεσθαι
2874 3383 3054 3439 πλείω
3116 3380 3342 3457 δύναμιν
3403 3382 3462 3438 ἐκ
3513 3387 3672 3449 Θεοῦ,
3718 3402 3877 3457 περι-

2218 3475 2546 3545 ποιήσασθαι
2613 3474 2780 3543 αὐτήν
2855 3473 2934 3536 εἷς
3008 3473 3256 3549 ἀκέραιον
3329 3473 3420 3528 καὶ
3478 3469 3739 3532 παντελὲς
3801 3475 3878 3542 τῷ

2194 3564 2411 3636 -κόσμῳ
2461 3562 2547 3616 ἐπὶ
2607 3560 2852 3638 σωτηρίᾳ
2906 3559 3065 3634 κοινῇ⁹
3100 3581 3113 3594 ν
3176 3562 3258 3631 ὃς,
3319 3559 3364 3615 εί
3417 3560 3508 3614 καί
3555 3581 3694 3621 τινες
3744 3556 3876 3621 ἴσως

2221 3652 2321 3707 οὐκ
2365 3646 2725 3706 ἐπιϐάλλουσι
2784 3655 2950 3722 νοεῖν,
3002 3648 3216 3711 ὁποίαις
3282 3646 3573 3725 ἐργωδίαις
3625 3668 3880 3724 περιτρο-

2221 3741 2467 3816 χάζεται,
2499 3738 2643 3795 ἀλλὰ
2679 3738 2972 3815 βάπτοντες
3001 3738 3078 3800 εἷς
3136 3742 3260 3793 νοῦν
3295 3735 3472 3793 οἷ’δασι
3524 3737 3663 3814 πρὸς
3718 3737 3876 3812 ἀκρί-

2222 3824 2392 3888 ϐειαν,
2428 3827 2529 3885 Καὶ
2577 3825 2696 3903 ἔχει
2747 3828 2842 3900 μὶν
2885 3826 3110 3894 ἀληθῶς
3148 3827 3250 3895 τὴν
3304 3825 3596 3901 οὐρανόθεν
3653 3823 3877 3880 ἐπικουο

2223 3919 2362 3994 ρίαν,
2429 3919 2516 3972 καὶ
2588 3917 2835 3993 σύναρσιν
2905 3916 3110 3972 είσαεί·
3171 3917 3262 3971 καὶ
3329 3920 3448 3979 πῶς
3501 3915 3601 3992 γὰρ
3657 3915 3758 3971 οὐκ
3819 3913 3876 3969 ἃν

2222 4007 2490 4078 πλουτοίη
2553 4005 2720 4076 αὐτὴν
2769 4009 2798 4062 ὁ
2845 4006 2934 4062 καὶ
2989 4004 3227 4080 ἱκλεγεῖς
3285 4004 3485 4070 ἐκεῖθεν
3539 4004 3760 4078 ἀμέσως
3795 4001 3882 4060 διὰ

2221 4101 2321 4162 τῆς
2347 4101 2448 4151 τοῦ
2503 4099 2637 4150 Θεοῦ
2678 4095 2892 4174 σοφίας,
2921 4096 2984 4164 ἣν
3046 4092 3438 4170 ὑπερεπάθησε,
3497 4095 3589 4149 καὶ
3643 4093 3719 4157 εἰς
3787 4094 3882 4170 βα-

2227 4185 2429 4242 σιλείαν
2490 4179 2889 4252 ἀναϐιϐασθεὶς,
2949 4184 3038 4239 καὶ
3125 4183 3238 4258 ἅμα
3319 4181 3591 4260 βασιλικῷ
3645 4203 3704 4238 τε
3763 4182 3881 4238 στέ-

2227 4297 2312 4355 φει
2371 4276 2459 4331 καὶ
2510 4274 2794 4350 τροπαίοις
2853 4272 3160 4350 ὡραϊσθεὶς,
3193 4275 3266 4329 ὧν
3319 4277 3486 4347 ἡμεῖς
3539 4275 3603 4329 τὸ
3662 4273 3883 4350 πρωτό-

2226 4365 2412 4434 λειον;
2463 4365 2673 4440 Ιῐρὲπον
2719 4361 2776 4419 δὲ
2827 4365 2998 4437 ὅμως,
3049 4364 3140 4419 καὶ
3187 4366 3354 4438 ἡμᾶς,
3409 4362 3536 4426 τοὺς
3589 4361 3660 4418 δι’
3714 4364 3881 4418 αὐτοῦ

2233 4456 2366 4528 μετᾶ
2422 4453 2548 4508 Θεὸν
2607 4452 3110 4528 ἡλευθερωμὲνους,
3159 4454 3251 4507 καὶ
3302 4451 3419 4508 ἰδοὺ
3473 4457 3700 4523 ζῶντας,
3757 4473 3886 4506 συν-

2231 4544 2460 4619 εισάγειν
2518 4543 2780 4604 εὐνοϊκῶς
2836 4541 2898 4596 τὰ
2956 4525 3222 4618 ἡμέτερον
3285 4539 3352 4596 δι’
3414 4541 3618 4617 εὐχῶν,
3653 4543 3727 4596 ὧν
3785 4541 3882 4596 οὐκ

479 4645 618 4686 sane
645 4645 759 4684 non
791 4629 1107 4684 recusabit.
1144 4627 1374 4683 Scimus
1405 4628 1584 4694 enim,
1618 4633 1675 4684 et
1716 4628 1856 4699 quid
1890 4629 1968 4683 sit
1999 4645 2100 4684 ora

2231 4630 2290 4686 ἂν
2342 4628 2425 4702 εἷή
2484 4632 2766 4706 παρήκοος
2827 4631 2855 4685 ὁ
2913 4630 3063 4693 Θεός.
3097 4631 3468 4704 Ἐπιστάμεθα
3517 4631 3620 4704 γὰρ
3677 4629 3878 4706 ὥσπερ,

479 4718 583 4788 tio,
605 4721 663 4773 et
693 4719 847 4789 quod
879 4722 1031 4772 Deus
1069 4717 1392 4772 orationem
1421 4718 1644 4787 justam
1701 4717 1957 4773 aversari
2007 4734 2123 4772 non

484 4810 695 4879 potest.
726 4805 1020 4877 Numquid
1076 4805 1232 4860 enim
1277 4805 1583 4861 incensum
1621 4807 1949 4860 inanimum
1982 4806 2123 4861 olim

483 4895 545 4950 in
575 4896 752 4950 veteri
772 4895 898 4967 lege
927 4899 982 4950 et
1013 4911 1168 4950 nunc
1197 4895 1352 4966 apud
1385 4911 1490 4950 nos
1521 4896 1827 4950 incensum
1852 4896 2005 4966 quod
2029 4897 2125 4950 de-

488 4988 581 5039 cet
636 4989 891 5051 sanctos,
972 4984 1261 5055 acciperet
1323 4983 1476 5039 sicut
1539 4985 1832 5039 credimus
1892 4985 2126 5056 (accipit

487 5077 682 5130 autem
712 5071 870 5127 velut
907 5073 1239 5128 divinorum
1288 5071 1697 5144 mysteriorum
1745 5073 2122 5145 symbolum),

484 5161 804 5218 orationem
835 5178 965 5216 vero
996 5178 1122 5232 qua;
1154 5162 1304 5216 solet
1332 5161 1404 5216 ad
1433 5161 1598 5216 illum
1621 5161 1792 5233 dirigi
1821 5161 2122 5217 rationalis

478 5256 541 5310 et
562 5251 838 5313 animata.
893 5267 962 5305 ex
992 5250 1234 5305 veritate
1283 5255 1559 5322 rectaque
1601 5251 1958 5306 conscientia
1989 5267 2121 5324 pro-

481 5341 704 5407 ﬁciens,
730 5355 845 5395 non
869 5338 1152 5410 reciperet
1178 5338 1206 5393 ?

550 5535 644 5592 65.
702 5534 1140 5592 Rationabiliter
1200 5538 1398 5592 autem
1454 5551 1611 5592 nunc
1674 5535 2124 5607 deprecaremur

488 5627 879 5694 opportunam
925 5623 1182 5696 plagam,
1239 5627 1327 5692 ut,
1395 5623 1548 5680 sicut
1591 5623 1751 5680 istud
1822 5623 2119 5682 servitutis

494 5710 726 5786 pondus
755 5710 894 5768 olim
941 5727 976 5768 a
1025 5711 1194 5769 nobis
1223 5710 1483 5769 ablatum
1521 5715 1629 5783 est,
1663 5712 1776 5768 Deo
1815 5711 2122 5782 quideme

2233 4718 2334 4774 ὅτί
2385 4719 2516 4774 ποτὲ
2561 4718 2700 4774 ἰστιν
2732 4721 2766 4788 ἡ
2801 4717 2962 4795 εὐχὴ,
2994 4717 3138 4774 οὕτω
3167 4720 3281 4782 καὶ.
3308 4717 3392 4774 ὅτι
3439 4715 3648 4780 δικαίας
3711 4719 3881 4794 εὐχῆς

2233 4807 2336 4862 οὐκ
2396 4803 2536 4862 ἔστιν
2597 4807 2911 4862 ἀποπατεῖν
2988 4807 3079 4862 τὸν
3147 4807 3299 4865 Θεόν.
3351 4809 3422 4863 Ἠ
3488 4807 3736 4882 θυμίαμα
3781 4809 3876 4880 μὲν

2232 4893 2447 4971 ἄψυχον
2479 4895 2650 4951 πάλαι
2696 4897 2789 4969 μὶν
2842 4895 2905 4950 τὸ
2963 4898 3098 4951 κατὰ
3145 4895 3311 4970 νόμον
3371 4895 3572 4952 ἐκεῖνον
3630 4898 3721 4951 τὸν
3774 4916 3881 4950 πα-

2235 4982 2412 5054 λαιὸν,
2444 4983 2532 5038 καὶ
2586 4987 2674 5037 νῦν
2708 4981 2764 5038 δὲ
2819 4984 2881 5038 τὸ
2939 4985 3056 5048 καθ’
3089 4987 3236 5057 ἡμᾶς
3269 4985 3596 5062 ἁγιοπρεπὶς
3640 4982 3877 5062 δέχεται,

2235 5071 2371 5135 καθᾶ
2436 5070 2757 5146 πιστεύομεν
2834 5072 2945 5145 (καὶ
3007 5071 3376 5148 ἀποδέχεται,
3436 5067 3716 5146 σύμϐολον
3789 5071 3881 5126 καὶ

2235 5160 2363 5216 αὐτὸ
2440 5159 2595 5224 θείων
2679 5162 2992 5237 μυστηρίων
3068 5162 3361 5238 τυγχάνον)
3397 5184 3408 5196 ·
3455 5163 3766 5238 προσευχὴν
3825 5159 3881 5215 δὲ

2232 5248 2640 5312 κατευθύνεσθαι
2715 5249 2944 5304 ἐωθυῖαν
3023 5249 3100 5312 είς
3176 5250 3336 5305 αὐτὸν
3397 5251 3456 5306 οὐ
3514 5248 3876 5324 προσδίξεται,

2232 5340 2330 5407 τὴν
2387 5338 2474 5392 καὶ
2507 5335 2738 5412 ἔλλογον
2766 5337 2855 5392 καὶ
2889 5335 3162 5414 ἔμψυχον,
3192 5342 3328 5395 κατά
3355 5360 3416 5414 γε
3459 5339 3522 5394 τὸ
3580 5341 3712 5415 πρὸς
3740 5336 3877 5406 ἀλήο

2233 5429 2398 5496 θειαν,
2428 5425 2517 5481 καὶ
2550 5426 2723 5502 ὀρθῶς
2753 5423 3089 5496 ὲνδιάθετονς

2304 5537 2390 5608 Es'.
2420 5535 2736 5613 Εὐχοίμεθα
2779 5533 2838 5592 δὲ
2887 5532 2946 5590 ἂν
3004 5534 3244 5612 εὐλόγως
3296 5537 3414 5612 ἄρτι
3462 5539 3674 5614 καιρίαν
3724 5534 3874 5606 πλη-

2232 5626 2355 5702 γὴν,
2409 5623 2522 5698 ἵνα,
2579 5626 2714 5680 καθὰ
2787 5626 2850 5680 τὸ
2928 5621 3175 5681 δούλειον
3258 5623 3431 5682 ἐκεῖνό
3513 5647 3642 5683 ποτε
3705 5626 3868 5702 βάρος

2233 5713 2492 5789 ἆτιηύχθη
2535 5715 2721 5787 ἡμῶν,
2754 5716 2887 5770 Θεοῦ
2934 5713 3030 5788 μὲν
3085 5711 3372 5779 ἐθέλοντος
3430 5714 3650 5790 ἄνωθεν,
3679 5712 3748 5770 ἔτι
3807 5711 3872 5769 δὶ
