4114 6200
273 364 379 424 633
1249 357 1328 418 IN
1372 357 1436 418 S.
1483 355 1912 428 OUADRAGE

2035 355 2166 416 [AM
2211 358 2503 419 ORATIO
2547 357 2657 419 III.
3537 355 3653 412 οδε

271 494 351 548 καὶ
398 485 838 563 ἀναϐαλλομένου
884 489 974 544 τὸν
1024 488 1104 563 ἐφ’
1152 491 1286 562 ἡμῖν
1337 488 1512 558 ἔλεον,
1561 494 1662 544 τοῦ
1711 487 1768 544 δὲ
1807 488 1893 542 αὐ-

2035 489 2152 546 :celo
2183 491 2432 561 volente,
2466 492 2565 547 sed
2601 492 2777 546 etiam
2813 505 2990 562 super
3035 504 3142 544 nos
3191 485 3654 542 misericordiam

270 580 580 655 τοκράτορος
637 577 961 652 βιασαμένου
1005 576 1207 632 ἐκεῖνον
1256 580 1568 650 θεοπειθῶς,
1618 578 1707 633 καὶ
1767 588 1896 638 καθ-

2035 580 2381 651 mmittente,
2418 581 2784 636 dominature
2816 586 3008 636 autem
3043 578 3212 633 illum
3248 593 3350 648 per
3383 574 3662 629 obedien-

273 661 580 719 ελκύσαντος
634 659 698 712 τὸ
755 657 954 721 ἐκεῖθεν
1009 658 1208 732 ἀγαθὸν
1270 659 1345 722 εἰς
1395 661 1566 730 ἡμᾶς,
1623 658 1765 712 οὕτω
1808 655 1899 710 καὶ

2036 669 2150 723 iam
2184 677 2445 742 cogente,
2478 675 2532 724 et
2561 671 2768 725 exinde
2823 671 3042 724 bonum
3106 668 3164 720 in
3215 682 3322 719 nos
3367 663 3658 727 eliciente,

270 755 352 804 νῦν
379 750 487 816 τὸν,
544 747 621 811 ὠς
665 744 722 800 ἄν
779 767 859 808 τις
913 743 1082 815 εἶ’ποι,
1135 748 1418 822 αἱμοχαρῆ
1482 747 1639 823 ζυγὸν
1697 744 1904 817 (οἷ’δατε

2035 763 2093 811 ta
2124 762 2181 812 et
2213 775 2365 812 nunc
2401 759 2572 827 illud,
2602 767 2662 813 ul
2693 759 2802 813 dici
2839 756 3341 829 potuerit,jugum
3367 751 3659 822 sanguine

272 839 424 907 δὶ,’ὀν
486 837 651 912 λέγω)
710 839 799 892 τὸν
862 833 1213 913 βαρϐαρικὸν,
1243 839 1334 892 τὸν
1388 836 1578 902 ἄλλως
1638 838 1731 911 μὲν
1787 837 1901 892 ἆεί-

2035 847 2275 916 ςιιυάεηε
2306 847 2490 917 (scitis
2517 852 2709 901 autem
2744 847 2898 917 quod
2931 845 3147 915 dicam)
3198 842 3342 896 illud
3396 839 3658 895 barbari-

269 926 473 994 δουλον,
508 923 628 1000 ἄρτι
673 924 730 980 δὲ
785 931 946 1002 ζυγοῦ
996 925 1152 994 δίκην
1203 925 1638 1000 ἀναιὸευόμενον,
1691 928 1904 1002 τραχή-

2035 951 2170 1001 :um,
2204 935 2348 990 illud
2382 936 2616 991 aliunde
2675 952 2906 1006 semper
2953 948 3184 989 servum
3237 930 3498 1002 quidem,
3555 928 3654 982 sed

269 1019 377 1080 λοις
424 1017 777 1086 ἇπιπίπ-τειν,
837 1019 920 1081 οἷς
981 1015 1135 1072 οὐδέν
1202 1040 1254 1072 τι
1331 1016 1580 1082 δουλείας
1643 1017 1902 1090 μέτεστιν,

2035 1041 2169 1078 ιι]ηο
2193 1025 2317 1095 jugi
2349 1025 2535 1080 instar
2566 1025 2939 1096 impudenter
2968 1023 3192 1077 audens
3238 1035 3366 1075 sese
3417 1016 3654 1073 cervici-

269 1105 519 1182 ἀπαγάγοι
577 1112 688 1160 τῶν
744 1107 1023 1176 ἀσυνήθων
1078 1106 1318 1182 αὐχένων
1357 1151 1370 1175 ,
1430 1110 1758 1180 θραυσθέντα
1813 1107 1906 1161 καὶ

2035 1130 2126 1168 )us
2155 1113 2474 1184 imponere,
2506 1114 2718 1182 quibus
2749 1113 2891 1167 nihil
2925 1116 3013 1167 est
3039 1127 3172 1165 cum
3205 1109 3482 1164 servitute
3505 1123 3676 1182 com-_

271 1195 483 1270 ῥαγέντα
539 1195 631 1249 καὶ
693 1202 796 1249 πᾶν
857 1200 1105 1250 τοιοῦτον
1157 1197 1398 1260 παθόντα
1453 1197 1616 1252 κακόν
1648 1216 1660 1228 ⁸
1722 1195 1792 1251 δι’
1845 1198 1906 1251 οὗ

2035 1216 2213 1270 nune,
2255 1203 2328 1257 ab
2375 1202 2633 1258 insolitis
2683 1201 2848 1256 collis
2893 1200 3148 1255 abducat
3191 1198 3553 1252 confractum
3605 1198 3662 1248 et

266 1283 579 1354 ἐπιλάθηται
644 1286 742 1358 μὲν
802 1290 900 1339 τοῦ
959 1286 1116 1360 ζυγὸς
1168 1287 1323 1353 εἶναι,
1371 1286 1816 1362 άποταχθήσεται
1850 1283 1908 1341 δὲ

2035 1291 2317 1362 liruptum
2348 1297 2404 1345 et
2435 1307 2786 1364 quocunque
2821 1289 2914 1344 tali
2950 1288 3104 1343 malo
3143 1288 3450 1341 affectum:
3504 1283 3661 1338 unde

267 1374 334 1435 εἰς
376 1375 668 1448 πυρκαϊὰν,
716 1374 905 1429 ὁποίαν
954 1371 1213 1429 ἀποτελεῖ
1257 1376 1512 1452 συμφορᾶ
1560 1374 1904 1437 δουλώσεως.

2035 1380 2401 1434 )bliviscatur
2426 1381 2579 1452 quod
2612 1381 2689 1434 sit
2711 1381 2948 1451 jugum,
2981 1377 3299 1433 collocetur
3350 1379 3544 1429 autem
3602 1373 3663 1426 in

267 1463 472 1523 Πάντως
527 1464 634 1538 γὰρ
697 1465 725 1517 6
777 1471 878 1533 τῆς
936 1464 1061 1537 περὶ
1135 1467 1282 1536 ἡμᾶς
1337 1463 1642 1538 ἐλευθερίας
1698 1465 1906 1535 ἐκείνης

267 1552 383 1612 Θεὸς
413 1552 440 1606 6
494 1550 663 1614 αὐτός
714 1551 825 1606 ἐστι
876 1554 966 1607 καὶ
1013 1558 1128 1620 νῦν,
1183 1552 1325 1607 οὕτω
1379 1551 1436 1608 δὲ
1490 1553 1838 1628 αὐτοκράτωρ
1879 1554 1907 1606 ὁ

267 1638 412 1700 αὐτός
445 1682 460 1695 .
522 1639 623 1693 Καὶ
703 1641 923 1714 γένηται
983 1639 1043 1694 ἃν
1114 1640 1204 1695 καὶ
1255 1645 1344 1695 νῦν
1401 1643 1535 1696 κατά
1588 1642 1650 1696 τὸ
1709 1641 1905 1716 ἀγαθὸν

268 1729 450 1795 ἐκεῖνο,
503 1726 662 1803 εἷ’περ
716 1728 868 1783 αὐτοὶ
923 1729 1206 1802 ὲθὲλομεν,
1239 1729 1337 1784 οὐκ
1367 1729 1418 1784 ἐν
1452 1729 1657 1805 χρόνου
1688 1728 1904 1796 πλάτει,

2019 1484 2252 1538 rogum,
2286 1469 2517 1539 qualem
2555 1469 2731 1522 efﬁcit
2762 1467 3060 1522 servitutis
3120 1470 3362 1534 strages.
3416 1462 3662 1516 Prorsus

2017 1559 2172 1611 enim
2199 1561 2349 1613 Deus
2370 1557 2530 1612 illius
2547 1563 2756 1612 nostra:
2780 1555 3070 1610 libertatis
3092 1559 3147 1608 et
3165 1569 3320 1608 nunc
3337 1551 3491 1605 idem
3513 1556 3662 1604 Deus

2017 1650 2126 1712 est,
2162 1645 2312 1700 sicut
2341 1650 2397 1700 et
2426 1646 2760 1700 dominator
2812 1645 2988 1699 idem.
3049 1647 3216 1697 Nunc
3271 1641 3448 1696 etiam
3500 1639 3665 1693 fieret

2009 1734 2180 1804 juxta
2208 1735 2426 1789 bonum
2459 1735 2638 1801 istud,
2691 1735 2740 1788 si
2797 1733 3032 1804 quidem
3079 1730 3386 1793 vellemus,
3438 1745 3552 1782 non
3603 1728 3662 1783 in

266 1816 401 1873 ἀλλὰ
451 1821 676 1894 τάχιον·
735 1818 783 1874 εἲ
842 1818 900 1874 δὲ
960 1820 1060 1892 μὴ,
1119 1819 1193 1882 ὡς
1250 1817 1300 1873 ἐν
1331 1819 1465 1894 ῥιπῇ
1528 1818 1906 1896 ὀφθαλμοῦ,ἣ

2043 1838 2192 1894 ongo
2224 1828 2504 1894 tempore,
2537 1823 2635 1877 sed
2696 1822 2910 1888 citius;
2973 1821 3139 1876 sinon
3200 1818 3370 1890 quasi
3432 1818 3490 1871 in
3540 1815 3662 1870 ictu

266 1907 390 1962 κατᾶ
445 1906 734 1981 ἀστραπῆς
783 1909 976 1984 τάχος,
1033 1908 1124 1963 καὶ
1181 1907 1212 1963 ὅ
1253 1931 1378 1986 φασι
1429 1911 1556 1985 πρὶν
1611 1911 1644 1978 ἢ
1695 1911 1783 1964 καὶ
1829 1908 1906 1970 εἷς

269 1995 463 2056 ἐντελὲς
516 2003 719 2066 νοῆσαι
771 1996 806 2066 ἢ
861 1995 1130 2067 εὔξασθαι·
1183 1996 1214 2052 ἃ
1264 1999 1356 2052 καὶ
1404 1999 1595 2054 αὐτᾶὁ
1637 1999 1765 2062 Θεὸς
1818 1996 1908 2052 8'3-

269 2106 430 2152 ναται,
484 2083 616 2140 ἀλλ’
675 2085 766 2140 οὖν
822 2088 1010 2142 θᾶττον
1067 2085 1208 2162 ἤπερ
1261 2085 1579 2160 ἐλπίζομεν.
1615 2088 1717 2144 Καὶ
1768 2086 1906 2142 ἔστιν

272 2174 390 2229 αὐτὸ
445 2173 505 2228 ἐκ
560 2178 676 2229 τῶν
735 2175 852 2230 καθ’
906 2178 1054 2248 ἡμᾶς
1113 2175 1353 2244 ἐκείνων,
1406 2179 1512 2230 τῶν
1558 2175 1610 2231 ἐν
1659 2181 1726 2249 τῇ
1783 2176 1908 2251 αἰχ-

2019 1910 2194 1977 oculi,
2225 1910 2311 1966 vel
2334 1913 2503 1982 juxta
2528 1911 2777 1983 fulguris
2807 1909 3197 1975 velocitatem,
3239 1913 3297 1963 et
3337 1907 3492 1978 quod
3527 1903 3668 1960 dici-

2017 2006 2135 2069 tur,
2171 2003 2514 2074 priusquam
2549 2003 2634 2058 vel
2667 2003 2908 2058 omnino
2939 2003 3228 2071 cogitetur
3252 1999 3343 2055 vel
3403 2003 3662 2069 rogetur.

2021 2091 2088 2145 Et
2118 2092 2238 2146 haec
2268 2093 2392 2164 ipse
2425 2097 2611 2162 potest
2641 2092 2793 2147 Deus
2818 2091 3073 2146 velocius
3122 2107 3298 2162 quam
3333 2102 3662 2159 speramus.

2019 2180 2091 2234 Et
2114 2180 2222 2235 hoc
2252 2197 2319 2235 ex
2350 2181 2466 2236 illis
2501 2180 2715 2235 nostris
2744 2180 2802 2235 in
2837 2179 3174 2251 captivitate
3196 2175 3503 2233 tormentis
3525 2191 3664 2230 con-

275 2263 531 2336 μαλωσίᾳ,
591 2266 994 2337 τεκμήρασθαι.
1055 2265 1120 2321 Εἴ
1175 2266 1277 2341 γὰρ
1330 2264 1486 2332 τότε,
1542 2267 1631 2321 ὅτε
1685 2263 1912 2338 οὐδεμία

2043 2268 2338 2323 iciendum
2369 2273 2477 2324 est.
2510 2269 2569 2323 Si
2601 2269 2755 2324 enim
2791 2273 2951 2336 tunc,
2986 2285 3120 2322 cum
3163 2267 3326 2322 nulla
3376 2281 3512 2336 spes
3556 2280 3664 2334 ap-

270 2354 419 2407 ποθὲν
473 2353 637 2415 ἐλπὶς
696 2352 994 2427 ἐνέλαμπεν
1030 2396 1044 2420 ,
1097 2351 1227 2408 οὐδὲ
1280 2353 1543 2426 τρίμηνος
1603 2354 1912 2429 ώροθεσμία

268 2439 561 2511 τετὲλεστο,
613 2442 695 2504 εἱς
741 2439 1053 2518 ὁλόκληρον
1106 2444 1197 2496 καὶ
1251 2441 1607 2518 ὲρῥύσθημεν,
1651 2442 1724 2497 ὧν
1757 2441 1914 2518 εἷ’χο-

275 2551 379 2604 μιν,
439 2529 700 2605 μεγάλων
750 2536 932 2586 κακῶν
963 2578 977 2604 ,
1036 2531 1110 2595 ὠς
1169 2531 1267 2586 οὐκ
1319 2532 1377 2586 ἄν
1441 2529 1565 2586 οὐδὲ
1621 2531 1912 2608 ἐλογίσατό

269 2638 363 2684 τις⁶
411 2625 490 2690 τῷ
542 2621 711 2675 παντὶ
768 2621 934 2677 πλέον
997 2619 1225 2686 ἐνταῦθα
1272 2616 1417 2675 ἔσται
1466 2621 1608 2698 ταχὺ
1663 2621 1911 2698 ῥᾳστώνη

270 2715 378 2772 τοῖς
421 2709 522 2764 οὐκ
567 2711 629 2764 εὗ
677 2711 1004 2785 πάσχουσιν,
1057 2709 1104 2764 εἴ
1165 2711 1328 2783 μόνον
1379 2715 1761 2786 κατανυγῶμεν
1821 2712 1915 2787 βα-

275 2796 419 2868 θέως,
476 2797 568 2852 καὶ
632 2797 863 2869 στόμασι
921 2795 1393 2871 πεπλατυσμένοις
1458 2799 1549 2853 καὶ
1605 2799 1746 2853 οὕτω
1800 2821 1867 2854 πε
1897 2832 1919 2841 -

273 2883 663 2960 πληρωμὲνοις
700 2882 835 2940 Θεοῦ
883 2880 1227 2959 ἐκϐοήσομεν
1282 2888 1418 2962 πρὸς
1470 2887 1669 2943 ἐκεῖνον
1697 2889 1764 2944 τὰ
1793 2887 1918 2942 ἱλα-

275 2976 479 3048 στήρια.
532 2973 699 3032 Οὕτω
749 2975 851 3050 γὰρ
898 2971 1073 3028 κλινεῖ
1120 2976 1183 3030 τὸ
1250 2974 1341 3037 οὖς
1393 2976 1558 3032 αὐτοῦ
1613 2977 1692 3054 ἐφ’
1741 2980 1918 3051 ἡμᾶς,

274 3062 354 3116 καὶ
401 3062 805 3136 ἐπιμελήσεται
857 3063 1065 3117 πάντων
1119 3063 1192 3125 εἷς
1239 3063 1486 3133 εὐζωίαν,
1543 3066 1632 3120 καὶ
1686 3065 1812 3128 τοὺς
1869 3067 1919 3121 ὲν

275 3155 442 3226 ζυγοῖς
499 3149 854 3218 ἀδικοῦντας,
915 3151 1013 3206 οὐκ
1070 3151 1369 3228 ἀνθρώπων
1424 3153 1596 3221 υἱοὺς,
1657 3153 1801 3210 ἀλλὰ
1853 3156 1916 3210 τὸ

269 3238 317 3293 ἐν
346 3239 527 3303 αὐτοῖς
593 3237 863 3314 θηριῶδες
923 3242 1013 3295 καὶ
1072 3239 1360 3316 ἀλόγιστον
1415 3240 1783 3316 ψευδομένους
1823 3246 1914 3299 τὸν

271 3329 571 3405 ἄνθρωπον,
637 3329 941 3394 ἆφαντώσει
998 3329 1141 3405 ῥοπῇ
1205 3335 1364 3404 ζυγοῦ
1419 3336 1516 3386 τοῦ
1567 3329 1790 3388 ἄνωθενο
1835 3334 1924 3388 καὶ

279 3417 412 3473 οῧτω
458 3421 528 3475 τὰ
579 3421 776 3496 πρώην
832 3422 966 3492 ἡμῖν
1023 3419 1402 3492 ἐμπολιτεύσει
1436 3423 1608 3497 ἀγαθὰ
1656 3424 1732 3486 εἷς
1767 3422 1925 3496 δόξαν

279 3508 435 3563 αὐτοῦ
494 3511 589 3564 καὶ
652 3506 850 3564 αἴγεσιν
885 3554 898 3579 ,
953 3510 1054 3578 τὴν
1114 3509 1188 3570 εἷς
1246 3509 1445 3573 αἰῶνας
1501 3515 1608 3566 τῶν
1665 3511 1874 3568 αἰώνων
1911 3557 1925 3572 .

279 3597 472 3671 Ἀμήν.

2023 2362 2384 2428 pareret,nec
2399 2357 2582 2412 ullum
2600 2357 2891 2412 trimestre
2903 2357 3032 2430 sign
3045 2374 3139 2410 um
3157 2356 3474 2428 perfectum
3490 2356 3664 2418 esset,

2023 2447 2263 2501 omnino
2312 2447 2540 2502 liberati
2579 2464 2787 2502 sumus
2818 2448 2890 2502 ab
2923 2447 3016 2502 his
3047 2463 3173 2517 quae
3207 2443 3667 2516 perferebamus,

2025 2535 2194 2590 malis
2225 2535 2370 2590 adeo
2403 2536 2650 2606 magnis,
2686 2541 2751 2590 ut
2789 2551 2958 2590 nemo
2989 2539 3330 2606 computare
3346 2549 3412 2587 ea
3432 2535 3627 2602 posset
3653 2544 3667 2596 ;

2027 2623 2212 2680 multo
2240 2625 2430 2696 magis
2464 2625 2560 2680 hic
2589 2625 2699 2681 erit
2720 2624 2876 2680 brevi
2902 2621 3410 2680 sublevamenillis
3428 2620 3525 2690 qui
3550 2635 3670 2673 non

2025 2731 2301 2786 prospere
2327 2715 2568 2786 degunt,
2600 2714 2921 2769 dummodo
2974 2713 3261 2785 profunde
3309 2709 3542 2766 contriti
3591 2707 3675 2762 si-

2031 2819 2185 2870 mus,
2216 2807 2273 2858 et
2303 2803 2503 2858 oribus
2564 2805 2800 2875 apertis,
2863 2808 2920 2858 et
2975 2803 3059 2857 sic
3112 2801 3228 2856 Deo
3285 2798 3546 2870 repletis,
3599 2796 3671 2852 ad

2027 2890 2193 2946 illum
2227 2909 2354 2964 quas
2397 2892 2867 2964 propitiationem
2929 2895 3163 2946 movent
3216 2887 3672 2961 proclamemus.

2029 2981 2124 3035 Sic
2153 2980 2308 3036 enim
2342 2981 2413 3035 ad
2449 2998 2554 3036 nos
2583 2979 2897 3035 inclinabit
2923 2995 3146 3049 aurem,
3181 2990 3500 3047 omnesque
3531 2989 3667 3028 cum

2028 3069 2430 3125 benevolentia
2460 3070 2707 3135 curabit,
2739 3075 2795 3124 et
2823 3085 2922 3124 eos
2973 3068 3070 3139 qui
3121 3067 3340 3137 injuste
3388 3068 3570 3137 agunt
3616 3063 3675 3116 in

2021 3158 2326 3230 jugis,qui
2360 3175 2472 3214 non
2500 3158 2806 3214 hominum
2833 3157 2933 3212 filii
2967 3160 3124 3222 sunt,
3151 3157 3249 3211 sed
3304 3171 3412 3210 sua
3447 3152 3678 3208 feritate

2035 3252 2088 3304 et
2118 3247 2624 3302 irrationabilitate
2657 3246 3022 3302 mentiuntur
3052 3245 3375 3309 hominem,
3423 3240 3677 3296 inclina-

2036 3342 2234 3392 mento
2264 3337 2496 3391 trutinis
2529 3335 2778 3391 celestis
2811 3333 3161 3405 dissipabit:
3197 3336 3251 3387 et
3282 3331 3366 3386 sic
3399 3330 3456 3385 in
3489 3328 3678 3400 patria

2038 3426 2208 3481 nobis
2241 3426 2538 3498 primitiva
2569 3425 2721 3480 bona
2751 3424 3043 3490 restituet,
3075 3422 3147 3477 ad
3192 3420 3382 3492 ipsius
3429 3417 3679 3490 gloriam

2039 3519 2096 3570 et
2126 3515 2384 3582 laudem,
2413 3531 2539 3586 qua:
2571 3519 2661 3570 est
2691 3514 2749 3568 in
2794 3511 3005 3569 saecula
3053 3510 3423 3567 seculorum.
3473 3509 3679 3561 Amen.

1239 3808 3687 3839 ..ΨΜ-,Μ

1617 3993 2349 4128 EIUSDEM

658 4255 836 4376 IN
932 4253 1722 4378 SANGTAM
1823 4254 3310 4404 QUADRAGESIMAM

1660 4507 2109 4598 ORATIO
2168 4512 2318 4600 III.

287 4841 387 4915 T013
433 4838 624 4915 μύτοῦ
707 4839 1010 4915 Εὐσταθίου
1085 4838 1484 4915 Θεσσαλονίκης
1562 4839 1724 4915 λόγος
1799 4859 1918 4914 προς

2047 4841 2305 4914 Ejusdem
2335 4842 2625 4897 Eustatkiz’
2660 4841 3156 4915 Thessalonicensis
3203 4841 3263 4895 in
3291 4841 3536 4894 sanctam
3569 4853 3696 4915 ma-

356 4906 627 4987 λαληθεὶς
654 4979 677 4987 η
711 4917 810 4980 τῆς
885 4911 1038 4986 ἁγίας
1114 4931 1204 4966 και
1285 4906 1530 4987 μεγάλης
1606 4906 1938 4987 Τέσσαρακο-

360 4987 513 5050 στῆς,
544 4983 622 5044 ὡς
652 4979 796 5046 ἔθος.

364 5108 428 5162 α’.
460 5132 489 5159 α
521 5106 802 5184 Μακάριος
847 5109 874 5162 6
928 5110 1163 5178 ποιήσας
1218 5108 1307 5162 καὶ
1367 5106 1602 5179 διδάξας.
1667 5133 1694 5160 ››
1743 5107 1846 5163 Δύο
1875 5109 1938 5164 τὸ

299 5191 460 5268 ῥητὸν
516 5200 678 5251 τοῦτο
728 5195 932 5258 ἐννοίας
987 5195 1335 5272 προΐσχεται,
1389 5199 1462 5252 ὧν
1499 5199 1598 5271 μία
1631 5199 1723 5270 μὲν
1777 5197 1934 5268 αὕτη⁹

296 5287 573 5361 Μακάριός
622 5285 762 5341 ἐστιν
821 5286 874 5342 ἐν
932 5287 1243 5363 ἀνθρώποις
1303 5288 1330 5341 6
1374 5292 1566 5364 πρῶτα
1627 5288 1720 5360 μὲν
1775 5289 1940 5357 ποιή-

297 5393 432 5446 σας,
477 5375 588 5431 εἶτα
643 5376 733 5431 καὶ
788 5373 980 5451 λόγοις
1035 5373 1248 5446 διδάξας
1305 5376 1371 5431 τὰ
1425 5377 1477 5438 ἐς
1524 5378 1720 5450 ὁμοίαν
1773 5377 1939 5451 ποίη-ξ

296 5482 399 5536 σιν,
433 5463 504 5528 ὠς
548 5466 730 5542 χρεὼν
778 5465 836 5521 ’ὸν
890 5466 981 5521 τὸν
1039 5465 1279 5541 μαθόντα
1317 5471 1492 5522 ποιεῖν
1533 5465 1752 5540 ἀγαθὸν,
1798 5464 1942 5522 οὕτω

371 5689 417 5726 ¹⁸
444 5690 646 5752 Matth.
678 5709 736 5763 v,
766 5692 854 5751 49.

2115 4930 2389 4982 gnamque
2444 4915 2954 4984 Quadragesimam,
2989 4914 3156 4982 juxta
3214 4927 3441 4981 morem,
3516 4913 3694 4966 oratio

2115 4988 2546 5056 praeparatorz'a.

2123 5109 2174 5164 1.
2209 5109 2420 5166 Beatus
2453 5111 2550 5182 qui
2588 5110 2721 5166 fecit
2752 5114 2807 5165 et
2854 5109 3134 5176 docuit”,
3159 5131 3187 5160 η
3241 5114 3392 5164 Duos
3441 5106 3551 5162 hoc
3606 5105 3694 5160 di-

2052 5204 2211 5254 ctum
2246 5217 2361 5270 pra!
2393 5217 2452 5255 se
2497 5201 2607 5255 fert
2663 5217 2894 5267 sensus,
2957 5215 3205 5270 quorum
3260 5214 3414 5252 unus
3459 5195 3698 5266 quidem

2052 5288 2147 5344 hic
2169 5293 2292 5346 est:
2327 5290 2538 5345 Beatus
2569 5295 2658 5346 est
2683 5289 2834 5344 inter
2856 5289 3149 5353 homines,
3185 5286 3284 5358 qui
3317 5285 3504 5358 primo
3563 5282 3701 5354 qui«

2053 5379 2185 5435 dem
2211 5378 2364 5447 fecit,
2389 5378 2598 5434 deinde
2636 5395 2770 5435 vero
2809 5395 2934 5450 quae
2972 5377 3236 5433 facienda
3257 5379 3398 5430 sunt
3426 5373 3496 5429 ad
3531 5371 3702 5428 simi-

2053 5468 2166 5524 lem
2197 5467 2616 5541 operationem,
2642 5467 3014 5526 sermonibus
3026 5465 3245 5533 docuit,
3265 5463 3433 5536 quasi
3461 5476 3702 5520 necesse
