4114 6200
355 332 474 394 635

358 551 504 608 alios
537 555 741 609 docere
773 581 786 621 ;
820 556 989 625 cujus
1014 572 1181 626 porro
1203 555 1388 610 virtus
1431 560 1517 610 est
1549 571 1766 610 munus
1798 571 2003 626 accep—

354 645 482 696 tum
516 645 727 714 partim
760 644 832 698 ab
865 645 1226 710 hominibus,
1264 646 1475 716 partim
1509 661 1542 699 a
1574 644 1708 711 Deo,
1747 644 2000 715 plerum-

357 747 472 802 que
498 733 571 787 ab
603 732 906 798 ambolus;
942 733 1022 786 ita
1055 739 1117 786 ut
1154 734 1201 787 ei
1239 734 1338 804 qui
1373 751 1488 788 non
1524 734 1713 788 adhuc
1766 734 1900 787 fecit
1947 738 2004 788 et

356 821 776 889 operationem,
810 819 970 874 velut
1000 821 1136 892 quis
1169 822 1515 876 naturaliter
1546 823 1780 892 sapiens
1814 824 2000 887 docet,

356 908 564 962 merito
596 909 916 963 cavendum
949 914 1124 974 esset,
1160 927 1229 964 ne
1279 910 1389 964 sibi
1445 910 1768 965 diceretur:
1823 910 2000 966 Num-

357 995 497 1066 quid
532 1012 792 1066 unquam
828 996 954 1068 ipse
985 996 1170 1052 fecisti
1202 999 1360 1068 quod
1390 1015 1545 1053 nunc
1577 999 1750 1053 doces
1776 997 1803 1052 ?
1832 1003 1886 1052 et
1919 998 2002 1052 sic

355 1084 725 1140 erubesceret
781 1087 1023 1157 pudore.
1079 1086 1236 1142 Talis
1294 1093 1384 1143 est
1442 1087 1678 1158 quidem
1740 1086 2000 1158 praedicti

352 1171 510 1227 verbi
543 1190 696 1228 unus
728 1190 960 1230 sensus.
995 1174 1156 1230 Alter
1204 1181 1398 1230 autem
1453 1175 1549 1230 hic
1597 1181 1726 1231 est:
1788 1179 2000 1230 Beatus

354 1261 456 1332 qui
490 1261 706 1328 fecerit,
740 1267 797 1318 et
828 1263 936 1318 hac
969 1264 1206 1335 quidem
1232 1265 1567 1336 operatione
1594 1264 1719 1320 sola
1739 1265 2002 1320 docuerit

353 1355 412 1405 et
443 1349 589 1406 alios
618 1350 770 1406 idem
805 1353 990 1408 facere
1017 1354 1259 1408 bonum.

424 1457 478 1512 2.
539 1463 795 1513 Duarum
845 1457 1094 1514 istarum
1157 1459 1581 1515 sententiarum
1628 1461 1820 1531 prima
1867 1459 1999 1530 qui-

356 1545 491 1599 dem
527 1547 820 1617 proposita
851 1546 1201 1619 simpliciter
1250 1548 1475 1603 homini
1527 1549 1813 1616 convenit,
1854 1565 1998 1618 qua-

356 1637 529 1688 tenus
561 1635 702 1690 artis
733 1641 822 1690 est
848 1637 1053 1699 forma,
1087 1638 1247 1706 juxta
1275 1654 1450 1707 quam
1487 1653 1600 1692 non
1647 1636 1814 1691 aliter
1865 1636 1998 1706 quis

355 1721 596 1778 edocere
657 1729 869 1794 potest,
929 1725 1042 1779 nisi
1098 1726 1260 1796 prius
1289 1725 1698 1780 exercitatione
1772 1724 1997 1795 experi-

1141 335 1554 398 EUSTATHII
1602 334 2371 397 TIIESSALONICENSIS
2415 334 3000 396 METROPOLITE

355 462 506 518 foret
537 481 667 519 cum
703 464 804 536 qui
837 465 1023 520 facere
1082 465 1298 521 bonum
1360 469 1448 522 est
1497 467 1763 534 edoctus,
1814 465 1899 522 sic
1949 468 2002 520 et

2117 465 2202 518 xui
2267 465 2468 538 ἑτέροις
2528 459 2795 518 διδάσκειν
2832 482 2844 496 ⁸

3648 331 3770 390 636

2906 463 2968 517 οὗ
3028 459 3095 530 δὴ
3156 460 3319 536 ἀρετή
3377 459 3440 514 τὸ
3497 454 3768 531 ἔμμισθον

2112 555 2189 616 πῆ
2252 554 2346 625 μὲν
2397 552 2774 628 ἀνθρωπίνως,
2821 553 2898 620 πή
2950 549 3007 606 δὲ
3055 549 3114 605 ἐκ
3163 554 3316 620 Θεοῦ,
3363 549 3438 612 ὡς
3486 547 3552 601 τά
3583 545 3774 602 πολλὰ

2113 639 2170 695 δὲ
2229 641 2279 712 ἐξ
2335 642 2559 720 ἀμφοῖνο
2622 642 2697 704 ὡς
2754 640 2784 695 ὅ
2841 661 2904 716 γε
2964 641 3037 713 μὴ
3098 638 3415 708 πεποιηκὼς
3467 632 3566 708 ἔτι,
3625 634 3774 691 ἀλλὰ

2113 726 2379 784 διδάσκων
2428 730 2502 792 εἷς
2553 725 2734 804 ἔργον,
2786 732 2878 784 οἷα
2923 729 3012 783 καί
3061 749 3141 789 τις
3186 727 3536 804 θυμόσοφος,
3601 721 3770 778 εὐλα-

2112 814 2264 873 ϐοῖτο
2310 817 2368 872 ἂν
2417 819 2639 880 είκότως
2672 866 2686 888 ,
2736 820 2810 890 μή
2863 829 3024 881 ποθεν
3071 816 3292 871 ἀκούσοι
3339 815 3441 869 τό·
3504 812 3646 887 Ἀρά
3709 833 3776 885 γε

2110 905 2414 977 πεποίηκάς
2467 929 2599 962 ποτε
2647 906 2827 974 αὐτὸς,
2876 906 2904 960 ’ὀ
2953 910 3040 960 νῦν
3092 902 3410 972 διδάσκεις,
3451 903 3539 957 καὶ
3591 900 3770 963 οὕτως

2110 996 2444 1071 αἰσχυνεῖται
2543 992 3064 1068 κατακαλυψάμενος
3128 1039 3141 1051 .
3229 992 3335 1049 Καὶ
3417 991 3554 1060 αὕτη
3673 990 3768 1063 μὲν

2111 1079 2290 1139 ἔννοια
2378 1084 2472 1158 μία
2553 1088 2650 1138 τοῦ
2738 1081 3160 1157 προτεθειμένου
3249 1081 3443 1158 ῥητοῦ.
3527 1079 3767 1151 Δευτέρα

2111 1169 2169 1228 δὲ
2219 1173 2303 1228 τό·
2365 1171 2688 1248 Μακάριος,
2747 1173 2807 1234 ’ὀς
2867 1171 2926 1226 ἂν
2996 1173 3229 1246 ποιήσῃ,
3286 1170 3377 1224 καὶ
3448 1167 3629 1230 οὕτως
3718 1167 3772 1223 ἐν

2114 1261 2267 1334 μόνῳ
2321 1266 2400 1334 τῷ
2469 1261 2824 1332 πεποιηκέναι
2905 1257 3090 1334 διδάξῃ
3165 1258 3253 1314 καὶ
3313 1259 3528 1332 ἑτέρους
3588 1262 3770 1312 ποιεῖν

2110 1349 2304 1424 ἀγαθὸν
2330 1351 2544 1422 ὅμοιον.

2186 1459 2250 1532 β’.
2283 1457 2496 1512 Τούτων
2543 1461 2650 1512 τῶν
2703 1454 2798 1512 δύο
2846 1455 3064 1511 ἐννοιῶν
3107 1457 3142 1524 ἡ
3198 1455 3292 1527 μὶν
3328 1447 3769 1528 προϐεϐλημένη

2108 1548 2300 1623 πρώτη
2369 1547 2642 1621 ἀνθρώπῳ
2717 1546 3003 1621 ἐπιπρέπει
3074 1548 3156 1616 τῷ
3225 1541 3462 1614 ἁπλῶς,
3527 1538 3772 1612 ἴνδαλμα

2106 1637 2308 1711 τέχνης
2356 1635 2508 1704 οὖσα,
2555 1637 2675 1699 καθ’
2717 1637 2777 1704 ἣν
2831 1635 2932 1689 οὐκ
2981 1633 3096 1708 ἕχει
3145 1654 3229 1696 τις
3279 1629 3465 1691 ἄλλως
3526 1627 3764 1699 διδάξαι,

2109 1725 2154 1778 εἷ
2220 1726 2295 1796 μή
2375 1724 2636 1800 πρότερον
2707 1723 3185 1798 ἐγγυμνασάμενος
3257 1719 3346 1774 καὶ
3424 1715 3766 1792 καταλαχὼν

352 1815 662 1883 mentoque
691 1813 952 1867 docenda
983 1814 1168 1869 facere
1199 1813 1443 1869 sciverit.
1484 1814 1772 1869 Posterior
1801 1819 1995 1868 autem

2117 1810 2301 1867 εἷ’σεται
2347 1819 2544 1880 ποιεῖν,
2599 1813 2628 1866 ’ὀ
2677 1812 2868 1885 μέλλει
2937 1808 3226 1864 διδάσκειν.
3278 1810 3339 1864 Ἣ
3398 1805 3454 1861 δὲ
3515 1805 3763 1881 δευτέρα,

348 1899 519 1969 juxta
550 1917 726 1971 quam
763 1900 978 1973 aliquis
1018 1919 1264 1974 operans
1313 1903 1509 1958 statim
1562 1903 1755 1957 erudit
1800 1908 1856 1955 et
1905 1901 1993 1956 in‘-

356 1989 534 2043 struit
588 1995 645 2043 et
726 1991 903 2044 efﬁcit
995 1993 1282 2061 quosdam
1370 1992 1615 2046 scientia
1699 1991 1993 2062 praeditos,

357 2075 500 2131 nihil
535 2077 769 2142 docens,
805 2080 903 2134 sed
958 2079 1138 2135 silens
1187 2081 1256 2134 ad
1304 2097 1372 2135 ea
1417 2097 1541 2150 quae
1589 2080 1660 2135 ad
1712 2078 1995 2134 methodi-

356 2181 484 2219 cam
518 2167 811 2236 pertinent
863 2167 1256 2239 disciplinam,
1315 2169 1537 2240 aliquid
1587 2174 1675 2223 est
1721 2167 1998 2234 divinius,

357 2257 415 2308 et
446 2271 561 2308 non
621 2257 946 2310 secundum
1006 2257 1305 2312 hominem
1363 2258 1508 2312 artis
1566 2257 1836 2328 peritum,
1896 2257 1997 2311 sed

355 2341 759 2415 archetypum,
793 2351 1021 2401 etcum
1082 2347 1302 2401 mundo
1359 2347 1652 2417 primitivo
1709 2351 1996 2414 exortum,

360 2434 417 2485 et
474 2432 602 2488 ideo
660 2435 1044 2504 primitivum,
1099 2441 1155 2490 et
1237 2436 1320 2490 sic
1393 2434 1995 2490 honorandissimum.

361 2520 586 2575 Etenim
619 2522 689 2577 ab
721 2523 886 2578 initio
919 2524 1072 2578 Deus
1103 2524 1236 2579 fecit
1265 2528 1324 2578 et
1379 2525 1465 2579 sic
1516 2524 1768 2591 edocuit,
1822 2539 1998 2594 ange-

358 2607 446 2664 los
479 2626 608 2666 cum
643 2611 830 2682 primo
873 2613 1155 2680 condidit,
1217 2621 1431 2668 terram
1490 2613 1778 2678 formavit,
1824 2612 1999 2668 cmlos

361 2700 594 2768 creavit,
627 2705 683 2755 et
711 2701 864 2756 inter
894 2701 1014 2766 illa,
1049 2700 1234 2757 multa
1262 2702 1441 2767 varia,
1502 2719 1626 2773 quae
1673 2703 1764 2756 vix
1815 2701 1998 2773 aspici

359 2794 628 2858 possunt,
659 2789 1092 2845 disseminavit:
1127 2807 1196 2846 ex
1225 2791 1443 2862 quibus
1482 2791 1649 2846 factis
1706 2791 1998 2846 eﬂ'ormari

359 2875 648 2945 potuisset
677 2877 765 2932 his
816 2879 1103 2949 posterior
1151 2879 1345 2934 omnis
1405 2879 1600 2945 homo,
1661 2879 1795 2935 licet
1852 2879 1997 2934 nihil

362 2980 622 3035 unquam
696 2984 730 3021 a
803 2967 1136 3022 doctoribus
1220 2968 1535 3024 audisset..
1586 2969 1729 3024 Cum
1806 2973 1996 3023 autem

360 3053 567 3108 mundi
600 3055 898 3126 praclara,
927 3058 999 3113 de
1051 3058 1268 3128 quibus
1315 3063 1373 3113 et
1421 3074 1522 3129 per
1561 3075 1687 3128 quae
1729 3057 2002 3113 laudatur

357 3141 534 3213 Deus,
569 3161 684 3200 non
741 3145 1000 3201 valerent
1057 3147 1185 3216 ipsa
1227 3148 1434 3201 docere
1491 3147 1810 3211 hominem,
1872 3161 2000 3200 sese

357 3234 886 3302 quomodocunque
916 3236 1195 3290 acciderit
1252 3241 1577 3308 gyrantem,
1638 3241 1694 3289 et
1737 3237 1808 3290 ad
1861 3250 1997 3289 eum

356 3321 458 3392 qui
491 3323 705 3378 fecerat
734 3331 792 3378 et
822 3324 900 3379 ita
951 3326 1229 3380 docuerat
1286 3343 1400 3381 non
1446 3341 1508 3382 se
1555 3329 1894 3390 vertentem,
1937 3327 2001 3378 ut

357 3409 672 3466 imitationi
701 3413 873 3482 juxta
903 3414 1052 3469 vires
1085 3415 1154 3468 ad
1208 3415 1522 3486 imaginem
1555 3414 1714 3469 illius
1764 3412 2004 3485 efﬁnge-

358 3503 552 3568 retur;
586 3505 727 3556 tunc
756 3501 990 3558 Creator
1029 3505 1278 3575 desuper
1326 3504 1381 3558 in
1435 3512 1645 3559 terram
1697 3502 1990 3574 plasmati‘

361 3604 627 3660 parcens,
661 3589 908 3662 illapsus
937 3595 994 3647 et
1021 3591 1266 3664 loquens
1295 3591 1513 3648 animal
1545 3593 1617 3646 ad
1650 3593 1994 3648 salvandum

360 3675 550 3748 Ipsius
579 3695 765 3751 genus
804 3681 1069 3751 indutus,
1125 3683 1371 3752 praefatae
1432 3681 1641 3754 prioris
1702 3683 2004 3737 sententia

362 3766 556 3824 factus
587 3773 698 3835 est,
732 3770 802 3824 ad
838 3771 1174 3826 faciendum
1210 3771 1597 3843 personaliter
1626 3787 1693 3826 ea
1725 3789 1848 3842 qua:
1885 3788 2005 3827 me-

364 3853 569 3913 liorem
600 3875 801 3913 verum
835 3859 1136 3915 hominem
1171 3861 1508 3929 reddunt,et
1529 3859 1630 3915 illa
1653 3861 2005 3928 docendum,

366 3950 423 3999 et
453 3947 714 4018 seipsum
747 3947 1018 4003 humana;
1051 3948 1424 4019 perfectionis
1463 3949 1758 4020 exemplar
1807 3954 2006 4004 osten-

369 4033 652 4089 dendum.
686 4040 753 4090 Et
781 4037 863 4092 ita
897 4037 1135 4108 quidem
1178 4037 1369 4092 omnis
1401 4037 1499 4108 qui
1532 4039 1672 4094 facit
1702 4044 1760 4094 et
1791 4055 1889 4109 per
1915 4055 2008 4095 so-

369 4119 482 4176 lam
532 4125 929 4192 operationem
984 4126 1171 4192 docet,
1228 4125 1450 4181 anteire
1494 4127 1809 4195 videretur,
1842 4128 2011 4198 juxta

374 4210 530 4281 quod
570 4216 660 4266 est
689 4211 965 4278 divinius,
1000 4213 1168 4268 illum
1219 4214 1320 4286 qui
1367 4213 1504 4270 facit
1550 4220 1606 4270 et
1655 4216 1841 4282 docet,
1893 4216 2010 4271 sive

373 4299 472 4370 qui
504 4301 780 4372 praecedit
809 4303 880 4357 ad
907 4319 1102 4374 opera,
1138 4302 1348 4358 deinde
1378 4304 1706 4359 doctrinam
1736 4304 1882 4375 ipsis
1909 4305 2008 4358 ad-

372 4387 480 4455 dit,
513 4394 568 4444 et
598 4391 816 4447 edoctis
847 4392 1137 4463 adjicere:
1173 4393 1677 4458 Quemadmodum
1713 4411 1798 4449 me
1857 4394 2010 4449 vide-

373 4477 450 4532 tis
483 4478 812 4544 facientem,
847 4481 926 4536 ita
960 4485 1015 4536 et
1043 4498 1143 4536 vos
1172 4481 1359 4536 facite.
1396 4483 1586 4552 Atque
1616 4481 1697 4536 ita
1753 4481 2009 4554 plerum-

2105 1903 2223 1956 καθ’
2270 1903 2331 1970 ἣν
2379 1906 2550 1957 ποιῶν
2599 1922 2680 1962 τις
2728 1900 2916 1955 αὐτίκα
2968 1900 3054 1954 καὶ
3126 1896 3370 1953 παιδεύει
3415 1896 3506 1951 καὶ
3558 1895 3767 1949 συνετί-

2108 1995 2181 2059 ζει
2230 1991 2317 2046 καὶ
2387 1989 2640 2045 ἀποτελεῖ
2687 2011 2837 2051 τινας
2906 1987 3295 2060 ἐπιστήμονας,
3346 1983 3516 2060 μηδέν
3573 2006 3625 2039 τι
3671 1981 3756 2038 δι-

2107 2076 2340 2147 δάσκων,
2402 2077 2526 2133 ἀλλ’
2581 2080 2802 2152 ἠρεμῶν
2851 2077 2918 2132 τά
2947 2077 3023 2139 εἲς
3071 2073 3364 2150 μεθοδικὴν
3397 2072 3756 2144 ἀκολουθίαν,

2109 2168 2374 2241 θειότερόν
2432 2167 2485 2222 τί
2544 2167 2676 2235 ἐστι,
2731 2166 2822 2222 xui
2888 2166 2949 2221 οὐ
3024 2167 3142 2221 κατ’
3213 2162 3496 2240 ἄνθρωπον
3550 2161 3756 2236 τέχνης

2108 2255 2392 2329 εΐδήμονα,
2468 2257 2557 2311 καὶ
2633 2256 2931 2331 ἀρχέγονον
3005 2255 3095 2310 καὶ
3168 2247 3754 2330 συγκαταϐεὸλημένον

2106 2352 2184 2418 τῷ
2213 2343 2404 2420 κόσμῳ
2461 2344 2511 2400 ἐν
2567 2345 2737 2421 ἀρχῇ,
2795 2344 2885 2399 καὶ
2944 2342 3032 2398 διὰ
3085 2347 3246 2399 τοῦτο
3305 2345 3608 2417 πρωτεῦον,
3665 2338 3760 2393 xui

2110 2435 2252 2490 οὕτω
2302 2437 2635 2508 τιμιώτατον
2669 2477 2681 2490 .
2738 2435 3004 2509 Ἀρχῆθεν
3068 2434 3160 2506 μὲν
3219 2432 3320 2506 γὰρ
3380 2432 3408 2484 ὁ
3469 2430 3602 2490 Θεὸς
3663 2448 3761 2482 πε-

2109 2525 2322 2596 οπίηκε,
2372 2525 2460 2579 καὶ
2522 2524 2692 2586 οὕτως
2743 2521 2976 2594 ἐδίδαξεν
3007 2566 3019 2590 ,
3079 2518 3346 2598 ἀγγέλους
3402 2519 3762 2595 προϋποπή-

2107 2637 2246 2688 σας,
2303 2615 2404 2688 γῆν
2461 2614 2753 2687 κεντρίσας,
2805 2612 3030 2688 οὐρανὸν
3089 2611 3428 2680 ὑποστήσας,
3485 2613 3604 2668 τοῖς
3665 2603 3762 2660 διὰ

2113 2703 2287 2778 μέσων
2353 2703 2663 2776 μεστώσας,
2718 2706 2836 2765 τοῖς
2890 2697 3125 2760 πολλοῖς
3181 2699 3271 2753 καὶ
3329 2695 3607 2758 ποικίλοις
3663 2693 3761 2749 καὶ

2110 2791 2529 2867 δυσθεωρήτοις·
2591 2791 2642 2861 ἐξ
2695 2791 2768 2844 ὧν
2824 2789 3208 2860 πεποιημένων
3278 2787 3421 2862 εἶχεν
3481 2783 3541 2840 ἂν
3602 2804 3762 2838 συνι-

2107 2881 2399 2951 τίζεσθαιὸ
2461 2881 2575 2952 μετ’
2633 2878 2766 2934 αὖτᾶ
2820 2885 2924 2942 πᾶς
2979 2877 3287 2952 ἄνθρωπος,
3335 2874 3382 2930 εἷ
3434 2874 3525 2930 καὶ
3580 2870 3755 2946 μηδέν

2107 2991 2161 3024 τι
2210 2967 2610 3030 διδασκαλικῶς
2685 2980 2844 3032 ποθεν
2923 2964 3296 3042 παρήγγελτο.
3357 2963 3504 3021 Ἐπεὶ
3575 2959 3634 3017 δὲ
3691 2963 3762 3015 τὰ

2111 3057 2376 3133 ἐγκόσμια
2431 3055 2594 3123 καλά,
2647 3056 2724 3131 ἐφ’
2773 3059 2855 3118 οἷς
2911 3055 3002 3110 καὶ
3059 3052 3128 3109 δι’
3175 3052 3248 3107 ὦν
3299 3053 3524 3108 αἷνεῖται
3581 3052 3760 3121 Θεὸς,

2113 3147 2210 3202 οὐκ
2265 3145 2457 3220 ἴσχυον
2515 3143 2650 3199 uini
2705 3143 2910 3216 διδάξαι
2969 3143 3060 3198 τὸν
3119 3141 3427 3216 ἄνθρωπον,
3487 3134 3765 3215 ῥεμϐόμε-

2112 3256 2241 3304 νον,
2295 3237 2442 3296 δπως
2491 3233 2550 3289 ἂν
2601 3233 2689 3289 καὶ
2736 3233 2920 3308 τύχοι,
2969 3232 3057 3287 καὶ
3113 3236 3210 3286 τοῦ
3239 3229 3611 3301 πεποιηκότός
3667 3228 3762 3282 xui

2111 3323 2253 3378 οὕτω
2285 3321 2638 3398 δεδιδαχότος
2693 3323 2768 3394 μή
2821 3321 3298 3398 ἐπιστρεφόμενον,
3337 3317 3431 3372 ’ίνα
3457 3322 3528 3392 τῇ
3575 3317 3626 3378 ἐς
3662 3314 3762 3371 δυ-

2109 3413 2269 3466 νατὸν
2331 3410 2625 3484 ἐκμιμήσει
2683 3411 2819 3486 πρὸς
2886 3409 3086 3464 ἐκεῖνον
3143 3407 3531 3481 ἐξεικονίζηται
3565 3424 3578 3438 ·
3637 3406 3765 3460 τότε

2113 3499 2179 3569 δὴ
2209 3498 2485 3555 κατελθὼν
2537 3502 2564 3554 ὁ
2611 3500 2848 3569 ποιητὴς
2895 3496 3092 3562 ἄνωθεν
3148 3497 3224 3562 εἷς
3278 3501 3377 3572 γῆν
3435 3493 3615 3574 φειδοῖ
3663 3492 3764 3549 τοῦ

2112 3588 2456 3662 πλάσματος,
2504 3588 2592 3643 xui
2650 3589 2712 3642 τὸ
2770 3586 3010 3658 λαλητὸν
3064 3591 3200 3656 ζῶον
3257 3583 3617 3658 ἐνδυσάμενος
3672 3582 3764 3638 ἐπὶ

2115 3678 2359 3753 σωτηρίᾳ
2415 3681 2508 3731 τοῦ
2565 3678 2680 3731 κατ’
2738 3677 2871 3731 αὐτὸ
2924 3675 3154 3751 γένους,
3213 3676 3402 3751 γέγονε
3455 3676 3556 3742 τῆς
3611 3673 3767 3727 ἐκτε-

2115 3765 2369 3837 Θειμένης
2407 3764 2631 3839 πρώτης
2677 3762 2906 3833 ἐννοίας,
2953 3767 3049 3817 τοῦ
3095 3763 3184 3816 καὶ
3233 3768 3462 3831 ποιῆσαι
3513 3760 3643 3814 αὐτὸ
3699 3761 3769 3813 τὰ

2120 3851 2439 3929 βελτιοῦντα
2491 3854 2582 3908 τὸν
2642 3848 2807 3914 ὄντως
2859 3849 3141 3924 ἄνθρωπον
3175 3895 3191 3918 ,
3245 3849 3335 3905 καὶ
3417 3849 3501 3904 ἐπ’
3579 3849 3770 3912 αὐτοῖς

2116 3953 2205 3996 και
2260 3939 2516 4012 διδάξαι,
2565 3943 2651 3996 xui
2731 3937 3075 4016 παράδειγμα
3147 3938 3332 3993 ἐαυτὸν
3417 3939 3600 3992 Θέσθαι
3664 3943 3770 4005 τῆς

2116 4032 2232 4086 κατ’
2292 4030 2571 4104 ἄνθρωπον
2627 4029 2992 4099 τελειότητος.
3055 4027 3157 4084 Καὶ
3207 4026 3348 4081 οὕτω
3403 4026 3498 4100 μὲν
3544 4027 3682 4087 ἅπας
3741 4026 3770 4079 ὁ

2118 4123 2311 4189 ποιῶν,
2355 4118 2444 4173 καὶ
2498 4116 2588 4173 διὰ
2638 4119 2805 4191 μόνου
2849 4121 2946 4173 τοῦ
2989 4122 3162 4172 ποιεῖν
3215 4113 3481 4170 διδάσκων
3509 4159 3522 4185 ,
3576 4135 3774 4186 προτε-

2121 4207 2290 4284 ρεόειν
2320 4208 2456 4262 κατὰ
2483 4208 2545 4262 τὸ
2595 4207 2860 4281 θειότερον
2915 4201 3060 4276 δόξοι
3095 4204 3151 4260 ἃν
3198 4209 3292 4260 τοῦ
3342 4205 3431 4260 xui
3473 4208 3773 4266 ποιοῦντος

2118 4296 2210 4352 καὶ
2259 4293 2630 4369 διδάσκοντος,
2680 4292 2777 4350 ei’t’
2828 4293 2919 4350 οῦν
2960 4295 3290 4370 προάγοντος
3333 4293 3410 4357 εἷς
3458 4287 3612 4369 ἔργα,
3659 4294 3773 4347 εἶτα

2118 4386 2207 4440 καὶ
2238 4387 2298 4441 τὸ
2355 4383 2701 4441 διδασκάλιον
2759 4384 2942 4446 αὐτοῖς
3000 4384 3320 4460 ἐπάγοντος,
3367 4382 3457 4437 καὶ
3490 4381 3770 4458 ἐπιλέγειν

2117 4481 2236 4538 τοῖς
2295 4473 2742 4548 διδασκομένοις,
2795 4473 2878 4528 ὅτι
2936 4474 3081 4537 Καθᾶ
3136 4472 3233 4546 ἐμὶ
3288 4476 3554 4527 ποιοῦντα
3617 4471 3770 4548 βλέ-

372 4584 485 4639 que
516 4573 717 4623 aratur
749 4574 806 4624 et
835 4570 1164 4626 seminatur
1196 4572 1490 4626 fructuose
1524 4577 1730 4626 nostra:
1777 4573 2002 4627 conver-

2119 4585 2264 4633 πετε,
2318 4563 2459 4618 οὕτω
2511 4563 2599 4618 καὶ
2649 4565 2804 4636 ὑμεῖς
2846 4567 3091 4619 ποιεῖτε.
3146 4561 3251 4617 Καὶ
3308 4560 3484 4616 τοίνυν
3546 4561 3772 4615 ὡσεπι-

368 4657 618 4713 sationis
650 4675 785 4729 ager
817 4676 920 4731 per
967 4659 1350 4716 oeconomiam
1406 4665 1530 4715 tum
1582 4659 1846 4717 facientis
1887 4665 2016 4716 tum

370 4747 654 4803 docentis.

439 5036 492 5089 3.
522 5035 612 5090 Sic
633 5041 828 5092 autem
890 5037 1150 5094 stabilito
1212 5039 1445 5095 duabus
1497 5039 1802 5096 sententiis
1858 5040 2012 5098 isto:

373 5145 402 5174 «
430 5123 643 5180 Beatus
667 5131 762 5196 qui
788 5129 922 5182 fecit
958 5133 1015 5183 et
1055 5129 1273 5196 docuit,
1297 5154 1317 5181 ι
1349 5129 1573 5200 aliquid
1609 5129 1796 5200 magis
1826 5134 2015 5185 extra-

370 5232 545 5269 neum
604 5217 985 5287 praasecundo
1019 5218 1621 5289 superanimadverto.
1646 5220 1837 5274 Potest
1857 5219 2014 5274 enim

365 5303 590 5376 aliquid
625 5305 758 5360 boni
787 5305 906 5362 fieri
935 5306 1006 5360 ab
1031 5305 1287 5373 homine,
1311 5307 1451 5377 quin
1477 5305 1658 5361 ullam
1687 5307 1886 5362 statim
1915 5308 2009 5362 ha-

368 5393 506 5448 beat
526 5395 879 5464 doctrinam,
908 5395 990 5452 ita
1013 5402 1076 5452 ut
1094 5413 1195 5468 per
1217 5397 1359 5452 illud
1385 5397 1624 5469 quidem
1661 5398 2015 5452 ascendatur

372 5483 443 5538 ad
476 5491 545 5537 ea
573 5498 700 5554 qua
727 5490 868 5540 sunt
894 5489 1028 5541 ante
1057 5484 1290 5551 saecula,
1332 5484 1404 5540 ad
1453 5501 1649 5540 veram
1701 5483 2012 5541 beatitudi-

371 5587 529 5640 nem,
561 5574 633 5629 ad
666 5573 1391 5648 felicitatemlimmortalis
1422 5573 1521 5630 Dei
1547 5591 1561 5643 ;
1593 5573 1887 5646 siquidem
1915 5571 2014 5629 ille

371 5661 581 5720 beauts
603 5669 660 5722 et
687 5666 1040 5724 immortalis
1087 5679 1268 5736 supra
1297 5679 1425 5736 qua
1456 5662 1626 5721 nobis
1657 5679 1723 5721 eo
1773 5661 2017 5721 veniunt

2127 4652 2271 4708 πολὺ
2331 4655 2552 4732 ἀροῦται
2604 4653 2694 4708 xui
2751 4653 3020 4728 σπείρεται
3082 4651 3160 4716 είς
3212 4649 3540 4730 τελεσφόρον
3589 4653 3623 4721 ἡ
3671 4656 3770 4706 τοῦ

2126 4745 2246 4799 καθ’
2301 4747 2449 4818 ἡμᾶς
2509 4743 2629 4820 βίου
2688 4742 2889 4820 ἄρουρα
2923 4787 2937 4814 ,
2997 4742 3139 4797 οὕτω
3199 4741 3418 4816 συζυγίᾳ
3476 4738 3769 4795 διοικονο-

2132 4832 2407 4907 μουμένου
2471 4834 2541 4906 τῇ
2571 4831 2630 4888 ἔκ
2669 4853 2726 4888 τε
2762 4836 2858 4888 τοῦ
2888 4835 3196 4900 ποιοῦντος,
3251 4829 3311 4888 ἐκ
3363 4850 3423 4885 τε
3466 4833 3568 4885 τοῦ
3616 4826 3774 4884 διδά-

2124 4943 2366 4986 σκοντος.

2197 5036 2265 5105 γ’.
2309 5026 2468 5087 Οὕτω
2543 5027 2601 5084 δὲ
2661 5029 3058 5102 καθεσταμένου
3116 5024 3266 5083 δυσὶν
3334 5024 3568 5088 ἐννοίαις
3626 5029 3724 5081 τοῦ
3759 5045 3771 5057 ·

2131 5119 2465 5195 «Μακάριος
2523 5121 2551 5174 ὁ
2604 5123 2840 5190 ποιήσας
2897 5119 2987 5173 καὶ
3057 5114 3296 5188 διδάξας.
3383 5140 3412 5167 ››
3481 5135 3718 5191 προσεπι
3752 5146 3774 5157 ο

2127 5210 2318 5285 Θεωρῶ
2392 5212 2472 5279 τῷ
2549 5204 2784 5283 δευτέρῳ
2839 5206 2929 5262 καί
2978 5228 3033 5262 τι
3085 5204 3557 5282 παραδοξότερον.
3619 5209 3775 5258 "Eo-ti

2123 5298 2224 5374 γὰρ
2281 5296 2552 5352 ποιεῖσθαί
2601 5318 2652 5351 τι
2707 5297 2904 5372 ἀγαθὸν
2964 5296 3102 5371 πρὸς
3160 5295 3490 5370 ἀνθρώπου,
3542 5294 3634 5348 καὶ
3688 5291 3776 5348 δι-

2126 5387 2418 5444 δασκαλίαν
2477 5390 2552 5461 μή
2605 5385 2750 5464 ἔχειν
2810 5387 2961 5450 εὐθὺς
3017 5390 3337 5458 ἡντιναοῦν,
3389 5386 3479 5441 καὶ
3543 5383 3778 5461 ἀναδρα-

2128 5485 2248 5554 μεῖν
2285 5479 2379 5553 μὶν
2430 5479 2505 5542 εἷς
2554 5479 2622 5534 τὰ
2667 5480 2773 5553 πρὸ
2818 5477 3055 5547 αἰώνων,
3109 5476 3184 5539 είς
3231 5478 3332 5546 τήν
3373 5474 3546 5541 ὅντως
3597 5497 3771 5549 μακα-

2126 5569 2371 5644 ριότητα,
2425 5569 2525 5638 τήν
2569 5567 2707 5623 κατὰ
2750 5568 2840 5623 τὸν
2889 5565 3155 5631 ἀθάνατον
3206 5566 3355 5622 Θεόν’
3414 5566 3522 5641 εἷγι
3575 5565 3773 5621 ταυτὸν

2128 5657 2389 5736 μακάριον
2450 5657 2617 5715 εἷπεῖν
2675 5659 2766 5715 xui
2820 5656 3081 5724 ἀθάνατον
3139 5655 3384 5734 ἀτεχνῶς
3438 5654 3580 5715 ἐστιν
3637 5657 3776 5733 ὑπὲρ
