  <div class='ocr_page' id='page_1' title='image "/cluster/home/n/w/nwhite01/storage/ocr_20150623/135/hvd.32044073502528/324.png"; bbox 0 0 4114 6200; ppageno 0'>
   <div class='ocr_carea' id='block_1_1' title="bbox 280 353 386 413">
    <p class='ocr_par' dir='ltr' id='par_1_1' title="bbox 280 353 386 413">
     <span class='ocr_line' id='line_1_1' title="bbox 280 353 386 413; baseline -0.019 0"><span class='ocrx_word' id='word_1_1' title='bbox 280 353 386 413; x_wconf 85' lang='grc'><strong>637</strong></span> 
     </span>
    </p>
   </div>
   <div class='ocr_carea' id='block_1_2' title="bbox 1280 347 2696 421">
    <p class='ocr_par' dir='ltr' id='par_1_2' title="bbox 1280 347 2696 421">
     <span class='ocr_line' id='line_1_2' title="bbox 1280 347 2696 421; baseline -0.002 -10"><span class='ocrx_word' id='word_1_2' title='bbox 1280 350 1361 411; x_wconf 87' lang='lat' dir='ltr'><strong>IN</strong></span> <span class='ocrx_word' id='word_1_3' title='bbox 1407 351 1470 411; x_wconf 93' lang='lat' dir='ltr'><strong>S.</strong></span> <span class='ocrx_word' id='word_1_4' title='bbox 1521 347 2209 421; x_wconf 78' lang='lat' dir='ltr'><strong>QUADRAGESIMAM</strong></span> <span class='ocrx_word' id='word_1_5' title='bbox 2253 349 2548 410; x_wconf 75' lang='lat' dir='ltr'><strong>ORATIO</strong></span> <span class='ocrx_word' id='word_1_6' title='bbox 2593 349 2696 409; x_wconf 84' lang='grc' dir='ltr'><strong>ΙΙΙ.</strong></span> 
     </span>
    </p>
   </div>
   <div class='ocr_carea' id='block_1_3' title="bbox 3545 343 3666 405">
    <p class='ocr_par' dir='ltr' id='par_1_3' title="bbox 3545 343 3666 405">
     <span class='ocr_line' id='line_1_3' title="bbox 3545 343 3666 405; baseline -0.008 0"><span class='ocrx_word' id='word_1_7' title='bbox 3545 343 3666 405; x_wconf 81' lang='grc'><strong>638</strong></span> 
     </span>
    </p>
   </div>
   <div class='ocr_carea' id='block_1_4' title="bbox 277 476 1893 555">
    <p class='ocr_par' dir='ltr' id='par_1_4' title="bbox 277 477 1893 555">
     <span class='ocr_line' id='line_1_4' title="bbox 277 477 1893 555; baseline -0.002 -18"><span class='ocrx_word' id='word_1_8' title='bbox 277 481 337 537; x_wconf 74' lang='grc' dir='ltr'><strong>τά</strong></span> <span class='ocrx_word' id='word_1_9' title='bbox 377 482 489 534; x_wconf 88' lang='grc' dir='ltr'>καθ’</span> <span class='ocrx_word' id='word_1_10' title='bbox 756 477 1050 555; x_wconf 79' lang='grc' dir='ltr'>Εἰργάζετο</span> <span class='ocrx_word' id='word_1_11' title='bbox 1110 481 1204 553; x_wconf 75' lang='grc' dir='ltr'><strong>μὶν</strong></span> <span class='ocrx_word' id='word_1_12' title='bbox 1259 482 1362 555; x_wconf 77' lang='grc' dir='ltr'><strong>γὰρ</strong></span> <span class='ocrx_word' id='word_1_13' title='bbox 1436 481 1513 534; x_wconf 82' lang='grc' dir='ltr'>ἀεὶ</span> <span class='ocrx_word' id='word_1_14' title='bbox 1586 481 1799 541; x_wconf 86' lang='grc' dir='ltr'>πάντως</span> <span class='ocrx_word' id='word_1_15' title='bbox 1869 479 1893 533; x_wconf 83' lang='grc' dir='ltr'>ὁ</span> 
     </span>
    </p>
   </div>
   <div class='ocr_carea' id='block_1_5' title="bbox 2008 476 3663 555">
    <p class='ocr_par' dir='ltr' id='par_1_5' title="bbox 2014 476 3663 551">
     <span class='ocr_line' id='line_1_5' title="bbox 2014 476 3663 551; baseline -0.004 -15"><span class='ocrx_word' id='word_1_16' title='bbox 2014 480 2298 537; x_wconf 90' lang='lat' dir='ltr'><strong>dicendus</strong></span> <span class='ocrx_word' id='word_1_17' title='bbox 2323 485 2431 537; x_wconf 89' lang='lat' dir='ltr'><strong>est.</strong></span> <span class='ocrx_word' id='word_1_18' title='bbox 2466 480 2830 551; x_wconf 88' lang='lat' dir='ltr'><strong>Operabatur</strong></span> <span class='ocrx_word' id='word_1_19' title='bbox 2857 479 3012 544; x_wconf 74' lang='lat' dir='ltr'><strong>enim</strong></span> <span class='ocrx_word' id='word_1_20' title='bbox 3064 493 3304 550; x_wconf 79' lang='lat' dir='ltr'><strong>prorsus</strong></span> <span class='ocrx_word' id='word_1_21' title='bbox 3335 476 3406 530; x_wconf 85' lang='lat' dir='ltr'><strong>ab</strong></span> <span class='ocrx_word' id='word_1_22' title='bbox 3449 479 3663 531; x_wconf 68' lang='lat' dir='ltr'><strong>aeterno</strong></span> 
     </span>
    </p>
   </div>
   <div class='ocr_carea' id='block_1_6' title="bbox 272 568 1899 646">
    <p class='ocr_par' dir='ltr' id='par_1_6' title="bbox 272 568 1899 646">
     <span class='ocr_line' id='line_1_6' title="bbox 272 568 1899 646; baseline -0.002 -19"><span class='ocrx_word' id='word_1_23' title='bbox 272 572 366 646; x_wconf 78' lang='grc' dir='ltr'><strong>πρὸ</strong></span> <span class='ocrx_word' id='word_1_24' title='bbox 417 568 510 624; x_wconf 87' lang='grc' dir='ltr'><strong>τοῦ</strong></span> <span class='ocrx_word' id='word_1_25' title='bbox 568 569 778 642; x_wconf 88' lang='grc' dir='ltr'>κόσμου</span> <span class='ocrx_word' id='word_1_26' title='bbox 841 571 973 632; x_wconf 88' lang='grc' dir='ltr'>Θεὸς</span> <span class='ocrx_word' id='word_1_27' title='bbox 1031 571 1099 625; x_wconf 82' lang='grc' dir='ltr'><strong>τά</strong></span> <span class='ocrx_word' id='word_1_28' title='bbox 1157 571 1369 639; x_wconf 72' lang='grc' dir='ltr'>ἑαυτοῦ,</span> <span class='ocrx_word' id='word_1_29' title='bbox 1425 571 1482 632; x_wconf 73' lang='grc' dir='ltr'><strong>’ὸς</strong></span> <span class='ocrx_word' id='word_1_30' title='bbox 1521 570 1609 625; x_wconf 80' lang='grc' dir='ltr'><strong>καὶ</strong></span> <span class='ocrx_word' id='word_1_31' title='bbox 1639 569 1745 632; x_wconf 78' lang='grc' dir='ltr'><strong>ἓως</strong></span> <span class='ocrx_word' id='word_1_32' title='bbox 1779 569 1899 644; x_wconf 83' lang='grc' dir='ltr'><strong>ἄρτι</strong></span> 
     </span>
    </p>
   </div>
   <div class='ocr_carea' id='block_1_7' title="bbox 275 654 1904 736">
    <p class='ocr_par' dir='ltr' id='par_1_7' title="bbox 275 654 1904 736">
     <span class='ocr_line' id='line_1_7' title="bbox 275 654 1904 736; baseline -0.001 -23"><span class='ocrx_word' id='word_1_33' title='bbox 275 659 556 736; x_wconf 74' lang='grc' dir='ltr'>ἰργάζεται·</span> <span class='ocrx_word' id='word_1_34' title='bbox 611 659 713 712; x_wconf 79' lang='grc' dir='ltr'><strong>οὐκ</strong></span> <span class='ocrx_word' id='word_1_35' title='bbox 763 660 883 734; x_wconf 79' lang='grc' dir='ltr'>εἶχε</span> <span class='ocrx_word' id='word_1_36' title='bbox 912 654 970 712; x_wconf 74' lang='grc' dir='ltr'><strong>δέ</strong></span> <span class='ocrx_word' id='word_1_37' title='bbox 1028 679 1149 712; x_wconf 87' lang='grc' dir='ltr'>τινα</span> <span class='ocrx_word' id='word_1_38' title='bbox 1201 658 1292 712; x_wconf 86' lang='grc' dir='ltr'><strong>τὸν</strong></span> <span class='ocrx_word' id='word_1_39' title='bbox 1325 655 1738 730; x_wconf 76' lang='grc' dir='ltr'><strong>διδασκόμενον,</strong></span> <span class='ocrx_word' id='word_1_40' title='bbox 1773 654 1904 714; x_wconf 84' lang='grc' dir='ltr'>ἀλλ’</span> 
     </span>
    </p>
   </div>
   <div class='ocr_carea' id='block_1_8' title="bbox 270 743 1897 822">
    <p class='ocr_par' dir='ltr' id='par_1_8' title="bbox 270 743 1897 822">
     <span class='ocr_line' id='line_1_8' title="bbox 270 743 1897 822; baseline 0 -21"><span class='ocrx_word' id='word_1_41' title='bbox 270 751 326 818; x_wconf 65' lang='grc' dir='ltr'>ἦν</span> <span class='ocrx_word' id='word_1_42' title='bbox 382 745 535 808; x_wconf 79' lang='grc' dir='ltr'>αὐτὸς</span> <span class='ocrx_word' id='word_1_43' title='bbox 592 746 924 822; x_wconf 80' lang='grc' dir='ltr'>αὐτόχρημα</span> <span class='ocrx_word' id='word_1_44' title='bbox 979 743 1030 800; x_wconf 84' lang='grc' dir='ltr'>ἐν</span> <span class='ocrx_word' id='word_1_45' title='bbox 1058 752 1176 808; x_wconf 87' lang='grc' dir='ltr'>τοῖς</span> <span class='ocrx_word' id='word_1_46' title='bbox 1227 747 1411 802; x_wconf 78' lang='grc' dir='ltr'>αὐτοῦ.</span> <span class='ocrx_word' id='word_1_47' title='bbox 1478 747 1580 802; x_wconf 84' lang='grc' dir='ltr'>Καὶ</span> <span class='ocrx_word' id='word_1_48' title='bbox 1613 744 1732 801; x_wconf 78' lang='grc' dir='ltr'>ἰδοὺ</span> <span class='ocrx_word' id='word_1_49' title='bbox 1763 767 1897 819; x_wconf 88' lang='grc' dir='ltr'>προ-</span> 
     </span>
    </p>
   </div>
   <div class='ocr_carea' id='block_1_9' title="bbox 267 833 1898 913">
    <p class='ocr_par' dir='ltr' id='par_1_9' title="bbox 267 833 1898 913">
     <span class='ocr_line' id='line_1_9' title="bbox 267 833 1898 913; baseline -0.001 -22"><span class='ocrx_word' id='word_1_50' title='bbox 267 837 474 898; x_wconf 82' lang='grc' dir='ltr'>αιώνιός</span> <span class='ocrx_word' id='word_1_51' title='bbox 502 857 586 899; x_wconf 91' lang='grc' dir='ltr'><strong>τις</strong></span> <span class='ocrx_word' id='word_1_52' title='bbox 643 836 778 907; x_wconf 80' lang='grc' dir='ltr'>αὕτη</span> <span class='ocrx_word' id='word_1_53' title='bbox 834 834 1041 911; x_wconf 82' lang='grc' dir='ltr'>δρᾶσις,</span> <span class='ocrx_word' id='word_1_54' title='bbox 1095 837 1170 908; x_wconf 82' lang='grc' dir='ltr'>μὴ</span> <span class='ocrx_word' id='word_1_55' title='bbox 1231 833 1638 904; x_wconf 80' lang='grc' dir='ltr'>ἐκδιδάσκουσα,</span> <span class='ocrx_word' id='word_1_56' title='bbox 1685 837 1752 905; x_wconf 81' lang='grc' dir='ltr'>ἦς</span> <span class='ocrx_word' id='word_1_57' title='bbox 1783 835 1898 913; x_wconf 68' lang='grc' dir='ltr'>ἐφι-</span> 
     </span>
    </p>
   </div>
   <div class='ocr_carea' id='block_1_10' title="bbox 265 921 1900 998">
    <p class='ocr_par' dir='ltr' id='par_1_10' title="bbox 265 921 1900 998">
     <span class='ocr_line' id='line_1_10' title="bbox 265 921 1900 998; baseline -0.001 -18"><span class='ocrx_word' id='word_1_58' title='bbox 265 924 430 980; x_wconf 82' lang='grc' dir='ltr'>κέσθαι</span> <span class='ocrx_word' id='word_1_59' title='bbox 479 925 583 979; x_wconf 77' lang='grc' dir='ltr'><strong>οὐκ</strong></span> <span class='ocrx_word' id='word_1_60' title='bbox 636 924 698 978; x_wconf 75' lang='grc' dir='ltr'><strong>’ἂν</strong></span> <span class='ocrx_word' id='word_1_61' title='bbox 753 922 968 979; x_wconf 69' lang='grc' dir='ltr'>δύναιτο</span> <span class='ocrx_word' id='word_1_62' title='bbox 1015 929 1142 985; x_wconf 98' lang='grc' dir='ltr'>νοῦς</span> <span class='ocrx_word' id='word_1_63' title='bbox 1200 924 1558 996; x_wconf 82' lang='grc' dir='ltr'><strong>ἀνθρώπινος,</strong></span> <span class='ocrx_word' id='word_1_64' title='bbox 1614 922 1697 978; x_wconf 71' lang='grc' dir='ltr'><strong>ὅτι</strong></span> <span class='ocrx_word' id='word_1_65' title='bbox 1760 921 1900 998; x_wconf 71' lang='grc' dir='ltr'>μηδὲ</span> 
     </span>
    </p>
   </div>
   <div class='ocr_carea' id='block_1_11' title="bbox 265 1012 559 1089">
    <p class='ocr_par' dir='ltr' id='par_1_11' title="bbox 265 1012 559 1089">
     <span class='ocr_line' id='line_1_11' title="bbox 265 1012 559 1089; baseline 0.01 -21"><span class='ocrx_word' id='word_1_66' title='bbox 265 1012 417 1089; x_wconf 80' lang='grc' dir='ltr'>ἁγγελ</span> <span class='ocrx_word' id='word_1_67' title='bbox 429 1015 559 1075; x_wconf 83' lang='grc' dir='ltr'>ικός.</span> 
     </span>
    </p>
   </div>
   <div class='ocr_carea' id='block_1_12' title="bbox 319 1099 1896 1178">
    <p class='ocr_par' dir='ltr' id='par_1_12' title="bbox 319 1099 1896 1178">
     <span class='ocr_line' id='line_1_12' title="bbox 319 1099 1896 1178; baseline -0.001 -22"><span class='ocrx_word' id='word_1_68' title='bbox 319 1099 728 1172; x_wconf 78' lang='grc' dir='ltr'>δ’.Ἐνδείξεται</span> <span class='ocrx_word' id='word_1_69' title='bbox 782 1099 838 1157; x_wconf 79' lang='grc' dir='ltr'><strong>δέ</strong></span> <span class='ocrx_word' id='word_1_70' title='bbox 892 1123 974 1164; x_wconf 90' lang='grc' dir='ltr'><strong>τις</strong></span> <span class='ocrx_word' id='word_1_71' title='bbox 1030 1101 1183 1176; x_wconf 74' lang='grc' dir='ltr'>ὅμως</span> <span class='ocrx_word' id='word_1_72' title='bbox 1240 1101 1406 1172; x_wconf 75' lang='grc' dir='ltr'>αὐτὴν</span> <span class='ocrx_word' id='word_1_73' title='bbox 1457 1102 1596 1176; x_wconf 86' lang='grc' dir='ltr'>πρὸς</span> <span class='ocrx_word' id='word_1_74' title='bbox 1647 1099 1896 1178; x_wconf 80' lang='grc' dir='ltr'><strong>ἀμυδρὰν</strong></span> 
     </span>
    </p>
   </div>
   <div class='ocr_carea' id='block_1_13' title="bbox 256 1188 1896 1268">
    <p class='ocr_par' dir='ltr' id='par_1_13' title="bbox 256 1188 1896 1268">
     <span class='ocr_line' id='line_1_13' title="bbox 256 1188 1896 1268; baseline -0.001 -23"><span class='ocrx_word' id='word_1_75' title='bbox 256 1188 494 1268; x_wconf 67' lang='grc' dir='ltr'>Ιμιρασιν,</span> <span class='ocrx_word' id='word_1_76' title='bbox 525 1190 660 1253; x_wconf 67' lang='grc' dir='ltr'>τοὺς</span> <span class='ocrx_word' id='word_1_77' title='bbox 718 1188 942 1265; x_wconf 78' lang='grc' dir='ltr'>ὕστερον</span> <span class='ocrx_word' id='word_1_78' title='bbox 1006 1191 1252 1264; x_wconf 74' lang='grc' dir='ltr'>μιμητάς</span> <span class='ocrx_word' id='word_1_79' title='bbox 1305 1194 1404 1246; x_wconf 86' lang='grc' dir='ltr'><strong>τοῦ</strong></span> <span class='ocrx_word' id='word_1_80' title='bbox 1441 1191 1692 1246; x_wconf 72' lang='grc' dir='ltr'>τοιούτου</span> <span class='ocrx_word' id='word_1_81' title='bbox 1723 1191 1896 1246; x_wconf 88' lang='grc' dir='ltr'>καλοῦ</span> 
     </span>
    </p>
   </div>
   <div class='ocr_carea' id='block_1_14' title="bbox 255 1276 1895 1355">
    <p class='ocr_par' dir='ltr' id='par_1_14' title="bbox 255 1276 1895 1355">
     <span class='ocr_line' id='line_1_14' title="bbox 255 1276 1895 1355; baseline 0 -22"><span class='ocrx_word' id='word_1_82' title='bbox 255 1279 473 1350; x_wconf 73' lang='grc' dir='ltr'>ἀσκητάς</span> <span class='ocrx_word' id='word_1_83' title='bbox 503 1276 1004 1354; x_wconf 71' lang='grc' dir='ltr'><strong>διαχειρισάμενος·</strong></span> <span class='ocrx_word' id='word_1_84' title='bbox 1040 1277 1092 1334; x_wconf 68' lang='grc' dir='ltr'>οἵ</span> <span class='ocrx_word' id='word_1_85' title='bbox 1142 1278 1280 1355; x_wconf 82' lang='grc' dir='ltr'>πρὸς</span> <span class='ocrx_word' id='word_1_86' title='bbox 1332 1279 1396 1334; x_wconf 86' lang='grc' dir='ltr'>τὸ</span> <span class='ocrx_word' id='word_1_87' title='bbox 1428 1277 1649 1335; x_wconf 88' lang='grc' dir='ltr'>δυνατὸν</span> <span class='ocrx_word' id='word_1_88' title='bbox 1687 1281 1895 1354; x_wconf 85' lang='grc' dir='ltr'>ἀνθρώ-</span> 
     </span>
    </p>
   </div>
   <div class='ocr_carea' id='block_1_15' title="bbox 254 1363 1894 1443">
    <p class='ocr_par' dir='ltr' id='par_1_15' title="bbox 254 1363 1894 1443">
     <span class='ocr_line' id='line_1_15' title="bbox 254 1363 1894 1443; baseline 0.001 -21"><span class='ocrx_word' id='word_1_89' title='bbox 254 1389 365 1429; x_wconf 85' lang='grc' dir='ltr'>ποις</span> <span class='ocrx_word' id='word_1_90' title='bbox 395 1369 589 1440; x_wconf 77' lang='grc' dir='ltr'>ὅμοιον</span> <span class='ocrx_word' id='word_1_91' title='bbox 651 1367 1067 1442; x_wconf 72' lang='grc' dir='ltr'>ἑκτυποόμενοι,</span> <span class='ocrx_word' id='word_1_92' title='bbox 1122 1369 1210 1423; x_wconf 83' lang='grc' dir='ltr'><strong>καὶ</strong></span> <span class='ocrx_word' id='word_1_93' title='bbox 1269 1363 1739 1443; x_wconf 74' lang='grc' dir='ltr'>παραϐεόυσμὲνοι</span> <span class='ocrx_word' id='word_1_94' title='bbox 1787 1390 1894 1443; x_wconf 89' lang='grc' dir='ltr'><strong>γω-</strong></span> 
     </span>
    </p>
   </div>
   <div class='ocr_carea' id='block_1_16' title="bbox 253 1455 1897 1532">
    <p class='ocr_par' dir='ltr' id='par_1_16' title="bbox 253 1455 1897 1532">
     <span class='ocr_line' id='line_1_16' title="bbox 253 1455 1897 1532; baseline 0.001 -22"><span class='ocrx_word' id='word_1_95' title='bbox 253 1455 381 1518; x_wconf 77' lang='grc' dir='ltr'>νίαις</span> <span class='ocrx_word' id='word_1_96' title='bbox 409 1463 827 1530; x_wconf 67' lang='grc' dir='ltr'><strong>πνευματικαῖς,</strong></span> <span class='ocrx_word' id='word_1_97' title='bbox 885 1457 975 1511; x_wconf 79' lang='grc' dir='ltr'><strong>καὶ</strong></span> <span class='ocrx_word' id='word_1_98' title='bbox 1035 1457 1369 1526; x_wconf 83' lang='grc' dir='ltr'>σππηΛαίοις</span> <span class='ocrx_word' id='word_1_99' title='bbox 1428 1459 1516 1512; x_wconf 81' lang='grc' dir='ltr'><strong>καὶ</strong></span> <span class='ocrx_word' id='word_1_100' title='bbox 1577 1457 1737 1520; x_wconf 84' lang='grc' dir='ltr'>ὀπαῖς</span> <span class='ocrx_word' id='word_1_101' title='bbox 1793 1464 1897 1532; x_wconf 81' lang='grc' dir='ltr'>γῆς</span> 
     </span>
    </p>
   </div>
   <div class='ocr_carea' id='block_1_17' title="bbox 253 1541 1894 1622">
    <p class='ocr_par' dir='ltr' id='par_1_17' title="bbox 253 1541 1894 1622">
     <span class='ocr_line' id='line_1_17' title="bbox 253 1541 1894 1622; baseline 0.001 -24"><span class='ocrx_word' id='word_1_102' title='bbox 253 1543 831 1622; x_wconf 73' lang='grc' dir='ltr'>ἕγκατακεκρυμμένοι,</span> <span class='ocrx_word' id='word_1_103' title='bbox 899 1545 988 1600; x_wconf 78' lang='grc' dir='ltr'><strong>καὶ</strong></span> <span class='ocrx_word' id='word_1_104' title='bbox 1047 1546 1226 1618; x_wconf 69' lang='grc' dir='ltr'>μόιίαι</span> <span class='ocrx_word' id='word_1_105' title='bbox 1281 1552 1399 1609; x_wconf 89' lang='grc' dir='ltr'>τοῖς</span> <span class='ocrx_word' id='word_1_106' title='bbox 1455 1541 1630 1622; x_wconf 66' lang='grc' dir='ltr'>ὄρεσιν</span> <span class='ocrx_word' id='word_1_107' title='bbox 1691 1544 1894 1601; x_wconf 73' lang='grc' dir='ltr'>ἐνδιαι-</span> 
     </span>
    </p>
   </div>
   <div class='ocr_carea' id='block_1_18' title="bbox 251 1633 1894 1711">
    <p class='ocr_par' dir='ltr' id='par_1_18' title="bbox 251 1633 1894 1711">
     <span class='ocr_line' id='line_1_18' title="bbox 251 1633 1894 1711; baseline 0.002 -25"><span class='ocrx_word' id='word_1_108' title='bbox 251 1634 493 1705; x_wconf 88' lang='grc' dir='ltr'>τώμενοι,</span> <span class='ocrx_word' id='word_1_109' title='bbox 561 1635 657 1688; x_wconf 81' lang='grc' dir='ltr'>καὶ</span> <span class='ocrx_word' id='word_1_110' title='bbox 732 1633 874 1689; x_wconf 75' lang='grc' dir='ltr'>οὕτω</span> <span class='ocrx_word' id='word_1_111' title='bbox 931 1639 1211 1696; x_wconf 86' lang='grc' dir='ltr'>ποιοῦντες</span> <span class='ocrx_word' id='word_1_112' title='bbox 1251 1640 1332 1707; x_wconf 78' lang='grc' dir='ltr'>τῷ</span> <span class='ocrx_word' id='word_1_113' title='bbox 1383 1637 1719 1711; x_wconf 85' lang='grc' dir='ltr'>προανάρχῳ</span> <span class='ocrx_word' id='word_1_114' title='bbox 1779 1640 1894 1706; x_wconf 83' lang='grc' dir='ltr'><strong>Θεῷ</strong></span> 
     </span>
    </p>
   </div>
   <div class='ocr_carea' id='block_1_19' title="bbox 255 1719 1893 1802">
    <p class='ocr_par' dir='ltr' id='par_1_19' title="bbox 255 1719 1893 1802">
     <span class='ocr_line' id='line_1_19' title="bbox 255 1719 1893 1802; baseline 0.003 -27"><span class='ocrx_word' id='word_1_115' title='bbox 255 1721 396 1797; x_wconf 70' lang='grc' dir='ltr'>φίλα,</span> <span class='ocrx_word' id='word_1_116' title='bbox 448 1719 643 1778; x_wconf 75' lang='grc' dir='ltr'>οὐδένα</span> <span class='ocrx_word' id='word_1_117' title='bbox 700 1721 1038 1778; x_wconf 79' lang='grc' dir='ltr'>διδάσκουσιν</span> <span class='ocrx_word' id='word_1_118' title='bbox 1117 1723 1392 1802; x_wconf 75' lang='grc' dir='ltr'>ἐμφανῶς,</span> <span class='ocrx_word' id='word_1_119' title='bbox 1455 1723 1500 1778; x_wconf 84' lang='grc' dir='ltr'>εἷ</span> <span class='ocrx_word' id='word_1_120' title='bbox 1559 1726 1634 1797; x_wconf 72' lang='grc' dir='ltr'>μὴ</span> <span class='ocrx_word' id='word_1_121' title='bbox 1689 1722 1791 1800; x_wconf 76' lang='grc' dir='ltr'><strong>ἄρα</strong></span> <span class='ocrx_word' id='word_1_122' title='bbox 1842 1725 1893 1795; x_wconf 81' lang='grc' dir='ltr'><strong>ἐξ</strong></span> 
     </span>
    </p>
   </div>
   <div class='ocr_carea' id='block_1_20' title="bbox 257 1809 1895 1889">
    <p class='ocr_par' dir='ltr' id='par_1_20' title="bbox 257 1809 1895 1889">
     <span class='ocr_line' id='line_1_20' title="bbox 257 1809 1895 1889; baseline 0.003 -26"><span class='ocrx_word' id='word_1_123' title='bbox 257 1809 416 1864; x_wconf 79' lang='grc' dir='ltr'>αὐτῶν</span> <span class='ocrx_word' id='word_1_124' title='bbox 472 1811 583 1887; x_wconf 68' lang='grc' dir='ltr'><strong>οὐχ</strong></span> <span class='ocrx_word' id='word_1_125' title='bbox 644 1812 879 1867; x_wconf 77' lang='grc' dir='ltr'>ἑκόντων</span> <span class='ocrx_word' id='word_1_126' title='bbox 943 1813 1136 1888; x_wconf 83' lang='grc' dir='ltr'>ὀχετός</span> <span class='ocrx_word' id='word_1_127' title='bbox 1188 1834 1270 1875; x_wconf 93' lang='grc' dir='ltr'><strong>τις</strong></span> <span class='ocrx_word' id='word_1_128' title='bbox 1322 1811 1566 1889; x_wconf 75' lang='grc' dir='ltr'><strong>ἐκτρέχει</strong></span> <span class='ocrx_word' id='word_1_129' title='bbox 1599 1815 1672 1876; x_wconf 86' lang='grc' dir='ltr'>ὡς</span> <span class='ocrx_word' id='word_1_130' title='bbox 1707 1813 1765 1868; x_wconf 77' lang='grc' dir='ltr'>ἐκ</span> <span class='ocrx_word' id='word_1_131' title='bbox 1793 1835 1895 1883; x_wconf 85' lang='grc' dir='ltr'>πη-</span> 
     </span>
    </p>
   </div>
   <div class='ocr_carea' id='block_1_21' title="bbox 251 1897 1896 1976">
    <p class='ocr_par' dir='ltr' id='par_1_21' title="bbox 251 1897 1896 1976">
     <span class='ocr_line' id='line_1_21' title="bbox 251 1897 1896 1976; baseline -0.004 -15"><span class='ocrx_word' id='word_1_132' title='bbox 251 1906 341 1972; x_wconf 82' lang='grc' dir='ltr'><strong>γῆς</strong></span> <span class='ocrx_word' id='word_1_133' title='bbox 397 1900 735 1976; x_wconf 70' lang='grc' dir='ltr'>ἀπορρύτου,</span> <span class='ocrx_word' id='word_1_134' title='bbox 795 1900 831 1970; x_wconf 70' lang='grc' dir='ltr'>ἢ</span> <span class='ocrx_word' id='word_1_135' title='bbox 879 1900 967 1955; x_wconf 84' lang='grc' dir='ltr'><strong>καὶ</strong></span> <span class='ocrx_word' id='word_1_136' title='bbox 1001 1897 1244 1975; x_wconf 69' lang='grc' dir='ltr'>διαύγεια</span> <span class='ocrx_word' id='word_1_137' title='bbox 1290 1900 1556 1973; x_wconf 77' lang='grc' dir='ltr'>ἐκλάμπει</span> <span class='ocrx_word' id='word_1_138' title='bbox 1618 1902 1753 1956; x_wconf 85' lang='grc' dir='ltr'><strong>καθά</strong></span> <span class='ocrx_word' id='word_1_139' title='bbox 1807 1902 1896 1956; x_wconf 88' lang='grc' dir='ltr'>καὶ</span> 
     </span>
    </p>
   </div>
   <div class='ocr_carea' id='block_1_22' title="bbox 259 1985 1895 2063">
    <p class='ocr_par' dir='ltr' id='par_1_22' title="bbox 259 1985 1895 2063">
     <span class='ocr_line' id='line_1_22' title="bbox 259 1985 1895 2063; baseline 0.004 -25"><span class='ocrx_word' id='word_1_140' title='bbox 259 1985 395 2048; x_wconf 79' lang='grc' dir='ltr'>ἀκτὶς</span> <span class='ocrx_word' id='word_1_141' title='bbox 426 1985 477 2056; x_wconf 77' lang='grc' dir='ltr'><strong>ἐξ</strong></span> <span class='ocrx_word' id='word_1_142' title='bbox 508 1985 708 2056; x_wconf 71' lang='grc' dir='ltr'>ἡλίου,</span> <span class='ocrx_word' id='word_1_143' title='bbox 767 1989 795 2042; x_wconf 89' lang='grc' dir='ltr'>ὁ</span> <span class='ocrx_word' id='word_1_144' title='bbox 831 1989 924 2063; x_wconf 76' lang='grc' dir='ltr'>μὶν</span> <span class='ocrx_word' id='word_1_145' title='bbox 953 1986 1192 2060; x_wconf 78' lang='grc' dir='ltr'>ἀρδεύων</span> <span class='ocrx_word' id='word_1_146' title='bbox 1253 1986 1673 2059; x_wconf 79' lang='grc' dir='ltr'>διδασκαλικῶς,</span> <span class='ocrx_word' id='word_1_147' title='bbox 1719 1993 1802 2052; x_wconf 82' lang='grc' dir='ltr'>οἷς</span> <span class='ocrx_word' id='word_1_148' title='bbox 1834 1990 1895 2045; x_wconf 81' lang='grc' dir='ltr'><strong>ἃν</strong></span> 
     </span>
    </p>
   </div>
   <div class='ocr_carea' id='block_1_23' title="bbox 260 2071 1895 2156">
    <p class='ocr_par' dir='ltr' id='par_1_23' title="bbox 260 2071 1895 2156">
     <span class='ocr_line' id='line_1_23' title="bbox 260 2071 1895 2156; baseline 0.002 -28"><span class='ocrx_word' id='word_1_149' title='bbox 260 2071 558 2149; x_wconf 68' lang='grc' dir='ltr'>ἐπιδράμοι,</span> <span class='ocrx_word' id='word_1_150' title='bbox 621 2079 661 2146; x_wconf 81' lang='grc' dir='ltr'><strong>ἡ</strong></span> <span class='ocrx_word' id='word_1_151' title='bbox 696 2075 752 2132; x_wconf 72' lang='grc' dir='ltr'><strong>δὲ</strong></span> <span class='ocrx_word' id='word_1_152' title='bbox 809 2077 1135 2156; x_wconf 74' lang='grc' dir='ltr'>φωτίζουσα,</span> <span class='ocrx_word' id='word_1_153' title='bbox 1189 2081 1271 2139; x_wconf 81' lang='grc' dir='ltr'>οἷς</span> <span class='ocrx_word' id='word_1_154' title='bbox 1302 2078 1363 2131; x_wconf 70' lang='grc' dir='ltr'><strong>’ἀν</strong></span> <span class='ocrx_word' id='word_1_155' title='bbox 1397 2077 1721 2152; x_wconf 76' lang='grc' dir='ltr'>ἐπιλάμψοι.</span> <span class='ocrx_word' id='word_1_156' title='bbox 1755 2086 1895 2154; x_wconf 83' lang='grc' dir='ltr'>Προ-</span> 
     </span>
    </p>
   </div>
   <div class='ocr_carea' id='block_1_24' title="bbox 254 2163 1898 2243">
    <p class='ocr_par' dir='ltr' id='par_1_24' title="bbox 254 2163 1898 2243">
     <span class='ocr_line' id='line_1_24' title="bbox 254 2163 1898 2243; baseline 0.003 -25"><span class='ocrx_word' id='word_1_157' title='bbox 254 2163 471 2228; x_wconf 85' lang='grc' dir='ltr'>τίθενται</span> <span class='ocrx_word' id='word_1_158' title='bbox 530 2168 631 2239; x_wconf 73' lang='grc' dir='ltr'>μὲν</span> <span class='ocrx_word' id='word_1_159' title='bbox 691 2167 793 2243; x_wconf 83' lang='grc' dir='ltr'><strong>γὰρ</strong></span> <span class='ocrx_word' id='word_1_160' title='bbox 845 2166 1122 2231; x_wconf 77' lang='grc' dir='ltr'>λανθάνειν</span> <span class='ocrx_word' id='word_1_161' title='bbox 1163 2168 1214 2222; x_wconf 82' lang='grc' dir='ltr'>οἱ</span> <span class='ocrx_word' id='word_1_162' title='bbox 1271 2167 1406 2222; x_wconf 75' lang='grc' dir='ltr'>κατὰ</span> <span class='ocrx_word' id='word_1_163' title='bbox 1452 2169 1578 2223; x_wconf 87' lang='grc' dir='ltr'><strong>Θεὸν</strong></span> <span class='ocrx_word' id='word_1_164' title='bbox 1630 2169 1898 2242; x_wconf 84' lang='grc' dir='ltr'>ἀσκούμε-</span> 
     </span>
    </p>
   </div>
   <div class='ocr_carea' id='block_1_25' title="bbox 254 2253 1896 2330">
    <p class='ocr_par' dir='ltr' id='par_1_25' title="bbox 254 2253 1896 2330">
     <span class='ocr_line' id='line_1_25' title="bbox 254 2253 1896 2330; baseline 0.003 -24"><span class='ocrx_word' id='word_1_165' title='bbox 254 2273 346 2321; x_wconf 85' lang='grc' dir='ltr'>νοι,</span> <span class='ocrx_word' id='word_1_166' title='bbox 375 2253 461 2308; x_wconf 75' lang='grc' dir='ltr'><strong>καὶ</strong></span> <span class='ocrx_word' id='word_1_167' title='bbox 523 2256 687 2327; x_wconf 77' lang='grc' dir='ltr'>αὐτῷ</span> <span class='ocrx_word' id='word_1_168' title='bbox 745 2256 895 2328; x_wconf 84' lang='grc' dir='ltr'>μόνῳ</span> <span class='ocrx_word' id='word_1_169' title='bbox 954 2255 1194 2328; x_wconf 64' lang='grc' dir='ltr'>ἀρέσκειν</span> <span class='ocrx_word' id='word_1_170' title='bbox 1231 2255 1586 2330; x_wconf 83' lang='grc' dir='ltr'>πειρώμενοι,</span> <span class='ocrx_word' id='word_1_171' title='bbox 1635 2257 1721 2311; x_wconf 82' lang='grc' dir='ltr'><strong>καὶ</strong></span> <span class='ocrx_word' id='word_1_172' title='bbox 1755 2256 1896 2312; x_wconf 70' lang='grc' dir='ltr'>οὕτω</span> 
     </span>
    </p>
   </div>
   <div class='ocr_carea' id='block_1_26' title="bbox 254 2340 1900 2420">
    <p class='ocr_par' dir='ltr' id='par_1_26' title="bbox 254 2340 1900 2420">
     <span class='ocr_line' id='line_1_26' title="bbox 254 2340 1900 2420; baseline 0.001 -21"><span class='ocrx_word' id='word_1_173' title='bbox 254 2344 517 2415; x_wconf 87' lang='grc' dir='ltr'>ποιητικοὶ</span> <span class='ocrx_word' id='word_1_174' title='bbox 565 2350 674 2400; x_wconf 88' lang='grc' dir='ltr'><strong>τοῦ</strong></span> <span class='ocrx_word' id='word_1_175' title='bbox 721 2345 915 2401; x_wconf 82' lang='grc' dir='ltr'>καλοῦ’</span> <span class='ocrx_word' id='word_1_176' title='bbox 949 2344 1047 2399; x_wconf 75' lang='grc' dir='ltr'><strong>οὐκ</strong></span> <span class='ocrx_word' id='word_1_177' title='bbox 1099 2340 1286 2420; x_wconf 77' lang='grc' dir='ltr'>ἔχουσι</span> <span class='ocrx_word' id='word_1_178' title='bbox 1322 2343 1378 2400; x_wconf 80' lang='grc' dir='ltr'>δὶ</span> <span class='ocrx_word' id='word_1_179' title='bbox 1407 2345 1732 2419; x_wconf 73' lang='grc' dir='ltr'>κρύπτεσθαι</span> <span class='ocrx_word' id='word_1_180' title='bbox 1763 2347 1900 2401; x_wconf 83' lang='grc' dir='ltr'><strong>καθά</strong></span> 
     </span>
    </p>
   </div>
   <div class='ocr_carea' id='block_1_27' title="bbox 253 2431 1900 2513">
    <p class='ocr_par' dir='ltr' id='par_1_27' title="bbox 253 2431 1900 2513">
     <span class='ocr_line' id='line_1_27' title="bbox 253 2431 1900 2513; baseline 0.001 -24"><span class='ocrx_word' id='word_1_181' title='bbox 253 2433 332 2489; x_wconf 84' lang='grc' dir='ltr'><strong>καὶ</strong></span> <span class='ocrx_word' id='word_1_182' title='bbox 361 2431 557 2510; x_wconf 73' lang='grc' dir='ltr'>λύχνοι</span> <span class='ocrx_word' id='word_1_183' title='bbox 585 2489 589 2492; x_wconf 93' lang='lat'>_</span> <span class='ocrx_word' id='word_1_184' title='bbox 627 2431 810 2507; x_wconf 85' lang='grc' dir='ltr'>μοδίῳ</span> <span class='ocrx_word' id='word_1_185' title='bbox 871 2435 1219 2508; x_wconf 85' lang='grc' dir='ltr'>σκεπόμενοι,</span> <span class='ocrx_word' id='word_1_186' title='bbox 1278 2433 1404 2490; x_wconf 81' lang='grc' dir='ltr'>ἀλλ’</span> <span class='ocrx_word' id='word_1_187' title='bbox 1435 2434 1770 2513; x_wconf 74' lang='grc' dir='ltr'>ἐκφαίνονται</span> <span class='ocrx_word' id='word_1_188' title='bbox 1801 2456 1900 2490; x_wconf 90' lang='grc' dir='ltr'>πο-</span> 
     </span>
    </p>
   </div>
   <div class='ocr_carea' id='block_1_28' title="bbox 257 2522 1899 2599">
    <p class='ocr_par' dir='ltr' id='par_1_28' title="bbox 257 2522 1899 2599">
     <span class='ocr_line' id='line_1_28' title="bbox 257 2522 1899 2599; baseline 0.001 -21"><span class='ocrx_word' id='word_1_189' title='bbox 257 2522 553 2599; x_wconf 74' lang='grc' dir='ltr'>λυτρόπως,</span> <span class='ocrx_word' id='word_1_190' title='bbox 612 2527 752 2579; x_wconf 88' lang='grc' dir='ltr'>Θεοῦ</span> <span class='ocrx_word' id='word_1_191' title='bbox 809 2522 1286 2586; x_wconf 79' lang='grc' dir='ltr'>ἀνακαλύπτοντος</span> <span class='ocrx_word' id='word_1_192' title='bbox 1323 2543 1335 2556; x_wconf 83' lang='grc'><strong><em>⁸</em></strong></span> <span class='ocrx_word' id='word_1_193' title='bbox 1388 2525 1475 2578; x_wconf 67' lang='grc' dir='ltr'>ἐπὶ</span> <span class='ocrx_word' id='word_1_194' title='bbox 1537 2522 1678 2597; x_wconf 74' lang='grc' dir='ltr'>μηδὲ</span> <span class='ocrx_word' id='word_1_195' title='bbox 1735 2523 1899 2594; x_wconf 74' lang='grc' dir='ltr'>ἥλιος</span> 
     </span>
    </p>
   </div>
   <div class='ocr_carea' id='block_1_29' title="bbox 256 2609 1898 2688">
    <p class='ocr_par' dir='ltr' id='par_1_29' title="bbox 256 2609 1898 2688">
     <span class='ocr_line' id='line_1_29' title="bbox 256 2609 1898 2688; baseline 0.001 -24"><span class='ocrx_word' id='word_1_196' title='bbox 256 2609 373 2683; x_wconf 73' lang='grc' dir='ltr'>ὑπὲρ</span> <span class='ocrx_word' id='word_1_197' title='bbox 403 2617 508 2684; x_wconf 80' lang='grc' dir='ltr'><strong>γῆς</strong></span> <span class='ocrx_word' id='word_1_198' title='bbox 541 2611 686 2664; x_wconf 70' lang='grc' dir='ltr'>θεων</span> <span class='ocrx_word' id='word_1_199' title='bbox 719 2609 967 2688; x_wconf 73' lang='grc' dir='ltr'>ἀφανίσαι</span> <span class='ocrx_word' id='word_1_200' title='bbox 1001 2609 1060 2664; x_wconf 79' lang='grc' dir='ltr'><strong>ἃν</strong></span> <span class='ocrx_word' id='word_1_201' title='bbox 1113 2610 1320 2680; x_wconf 71' lang='grc' dir='ltr'>ἑαυτὸν,</span> <span class='ocrx_word' id='word_1_202' title='bbox 1375 2609 1422 2665; x_wconf 71' lang='grc' dir='ltr'>εἴ</span> <span class='ocrx_word' id='word_1_203' title='bbox 1457 2612 1532 2684; x_wconf 77' lang='grc' dir='ltr'>μὴ</span> <span class='ocrx_word' id='word_1_204' title='bbox 1597 2609 1746 2684; x_wconf 90' lang='grc' dir='ltr'>μάλα</span> <span class='ocrx_word' id='word_1_205' title='bbox 1796 2633 1898 2686; x_wconf 89' lang='grc' dir='ltr'>μυ-</span> 
     </span>
    </p>
   </div>
   <div class='ocr_carea' id='block_1_30' title="bbox 256 2698 1894 2777">
    <p class='ocr_par' dir='ltr' id='par_1_30' title="bbox 256 2698 1894 2777">
     <span class='ocr_line' id='line_1_30' title="bbox 256 2698 1894 2777; baseline 0.002 -24"><span class='ocrx_word' id='word_1_206' title='bbox 256 2700 334 2772; x_wconf 86' lang='grc' dir='ltr'><strong>ρία</strong></span> <span class='ocrx_word' id='word_1_207' title='bbox 359 2701 488 2777; x_wconf 69' lang='grc' dir='ltr'>νέφη</span> <span class='ocrx_word' id='word_1_208' title='bbox 533 2698 976 2775; x_wconf 75' lang='grc' dir='ltr'>ἐπιπροσθοῦντα</span> <span class='ocrx_word' id='word_1_209' title='bbox 1033 2699 1363 2777; x_wconf 77' lang='grc' dir='ltr'>ἐπηλυγάζει</span> <span class='ocrx_word' id='word_1_210' title='bbox 1413 2702 1476 2756; x_wconf 87' lang='grc' dir='ltr'>τὸ</span> <span class='ocrx_word' id='word_1_211' title='bbox 1524 2704 1643 2755; x_wconf 84' lang='grc' dir='ltr'>κατ’</span> <span class='ocrx_word' id='word_1_212' title='bbox 1693 2699 1894 2756; x_wconf 67' lang='grc' dir='ltr'>ἐκεῖνον</span> 
     </span>
    </p>
   </div>
   <div class='ocr_carea' id='block_1_31' title="bbox 256 2793 372 2865">
    <p class='ocr_par' dir='ltr' id='par_1_31' title="bbox 256 2793 372 2865">
     <span class='ocr_line' id='line_1_31' title="bbox 256 2793 372 2865; baseline -0.069 -15"><span class='ocrx_word' id='word_1_213' title='bbox 256 2793 372 2865; x_wconf 76' lang='grc' dir='ltr'><strong>φῶς.</strong></span> 
     </span>
    </p>
   </div>
   <div class='ocr_carea' id='block_1_32' title="bbox 321 2875 1894 2952">
    <p class='ocr_par' dir='ltr' id='par_1_32' title="bbox 321 2875 1894 2952">
     <span class='ocr_line' id='line_1_32' title="bbox 321 2875 1894 2952; baseline 0.001 -20"><span class='ocrx_word' id='word_1_214' title='bbox 321 2879 372 2934; x_wconf 89' lang='grc' dir='ltr'><strong>ε’.</strong></span> <span class='ocrx_word' id='word_1_215' title='bbox 401 2877 499 2933; x_wconf 81' lang='grc' dir='ltr'>Καὶ</span> <span class='ocrx_word' id='word_1_216' title='bbox 534 2875 664 2932; x_wconf 73' lang='grc' dir='ltr'>ἰδοὺ</span> <span class='ocrx_word' id='word_1_217' title='bbox 689 2878 779 2932; x_wconf 83' lang='grc' dir='ltr'><strong>καὶ</strong></span> <span class='ocrx_word' id='word_1_218' title='bbox 811 2882 972 2932; x_wconf 77' lang='grc' dir='ltr'>τοῦτο</span> <span class='ocrx_word' id='word_1_219' title='bbox 1001 2875 1180 2952; x_wconf 86' lang='grc' dir='ltr'>τρίτον</span> <span class='ocrx_word' id='word_1_220' title='bbox 1238 2899 1291 2934; x_wconf 92' lang='grc' dir='ltr'><strong>τι</strong></span> <span class='ocrx_word' id='word_1_221' title='bbox 1345 2879 1486 2934; x_wconf 87' lang='grc' dir='ltr'>θεῖον</span> <span class='ocrx_word' id='word_1_222' title='bbox 1548 2877 1894 2936; x_wconf 75' lang='grc' dir='ltr'>διδασκάλων</span> 
     </span>
    </p>
   </div>
   <div class='ocr_carea' id='block_1_33' title="bbox 256 2966 1898 3043">
    <p class='ocr_par' dir='ltr' id='par_1_33' title="bbox 256 2966 1898 3043">
     <span class='ocr_line' id='line_1_33' title="bbox 256 2966 1898 3043; baseline 0.003 -23"><span class='ocrx_word' id='word_1_223' title='bbox 256 2966 299 3020; x_wconf 75' lang='grc' dir='ltr'>ἰν</span> <span class='ocrx_word' id='word_1_224' title='bbox 344 2967 680 3042; x_wconf 78' lang='grc' dir='ltr'>ἀνθρὼποις’</span> <span class='ocrx_word' id='word_1_225' title='bbox 735 2967 1092 3041; x_wconf 75' lang='grc' dir='ltr'>ὑπεξῃρήσθω</span> <span class='ocrx_word' id='word_1_226' title='bbox 1133 2968 1233 3043; x_wconf 74' lang='grc' dir='ltr'><strong>γάρ</strong></span> <span class='ocrx_word' id='word_1_227' title='bbox 1283 2968 1345 3022; x_wconf 88' lang='grc' dir='ltr'>τὸ</span> <span class='ocrx_word' id='word_1_228' title='bbox 1406 2969 1572 3023; x_wconf 74' lang='grc' dir='ltr'>αὐτοῦ</span> <span class='ocrx_word' id='word_1_229' title='bbox 1626 2971 1898 3026; x_wconf 88' lang='grc' dir='ltr'>θειότατον</span> 
     </span>
    </p>
   </div>
   <div class='ocr_carea' id='block_1_34' title="bbox 257 3054 1898 3133">
    <p class='ocr_par' dir='ltr' id='par_1_34' title="bbox 257 3054 1898 3133">
     <span class='ocr_line' id='line_1_34' title="bbox 257 3054 1898 3133; baseline 0.004 -25"><span class='ocrx_word' id='word_1_230' title='bbox 257 3057 577 3128; x_wconf 81' lang='grc' dir='ltr'>προαιώνιον</span> <span class='ocrx_word' id='word_1_231' title='bbox 682 3054 1008 3129; x_wconf 74' lang='grc' dir='ltr'>ἀρχέτυπον.</span> <span class='ocrx_word' id='word_1_232' title='bbox 1103 3060 1432 3110; x_wconf 83' lang='grc' dir='ltr'>Ὑπονοεῖται</span> <span class='ocrx_word' id='word_1_233' title='bbox 1509 3055 1565 3111; x_wconf 72' lang='grc' dir='ltr'><strong>δὲ</strong></span> <span class='ocrx_word' id='word_1_234' title='bbox 1635 3079 1687 3112; x_wconf 94' lang='grc' dir='ltr'><strong>τι</strong></span> <span class='ocrx_word' id='word_1_235' title='bbox 1764 3060 1898 3133; x_wconf 83' lang='grc' dir='ltr'>πρὸς</span> 
     </span>
    </p>
   </div>
   <div class='ocr_carea' id='block_1_35' title="bbox 255 3143 1894 3222">
    <p class='ocr_par' dir='ltr' id='par_1_35' title="bbox 255 3143 1894 3222">
     <span class='ocr_line' id='line_1_35' title="bbox 255 3143 1894 3222; baseline 0.005 -25"><span class='ocrx_word' id='word_1_236' title='bbox 255 3143 455 3206; x_wconf 66' lang='grc' dir='ltr'>τοῦτοις</span> <span class='ocrx_word' id='word_1_237' title='bbox 518 3144 616 3199; x_wconf 83' lang='grc' dir='ltr'><strong>καὶ</strong></span> <span class='ocrx_word' id='word_1_238' title='bbox 693 3145 970 3218; x_wconf 74' lang='grc' dir='ltr'>τέταρτον,</span> <span class='ocrx_word' id='word_1_239' title='bbox 1041 3145 1310 3209; x_wconf 84' lang='grc' dir='ltr'>ἀντίθετον</span> <span class='ocrx_word' id='word_1_240' title='bbox 1367 3151 1446 3217; x_wconf 81' lang='grc' dir='ltr'>τῷ</span> <span class='ocrx_word' id='word_1_241' title='bbox 1500 3151 1715 3203; x_wconf 89' lang='grc' dir='ltr'>ποιοῦτι</span> <span class='ocrx_word' id='word_1_242' title='bbox 1778 3152 1894 3222; x_wconf 79' lang='grc' dir='ltr'>μὲν,</span> 
     </span>
    </p>
   </div>
   <div class='ocr_carea' id='block_1_36' title="bbox 2014 563 3660 641">
    <p class='ocr_par' dir='ltr' id='par_1_36' title="bbox 2014 563 3660 641">
     <span class='ocr_line' id='line_1_36' title="bbox 2014 563 3660 641; baseline -0.005 -17"><span class='ocrx_word' id='word_1_243' title='bbox 2014 586 2138 641; x_wconf 63' lang='lat' dir='ltr'><strong>qua:</strong></span> <span class='ocrx_word' id='word_1_244' title='bbox 2171 574 2438 640; x_wconf 82' lang='lat' dir='ltr'><strong>spectant</strong></span> <span class='ocrx_word' id='word_1_245' title='bbox 2467 570 2537 624; x_wconf 91' lang='lat' dir='ltr'><strong>ad</strong></span> <span class='ocrx_word' id='word_1_246' title='bbox 2563 569 2847 640; x_wconf 90' lang='lat' dir='ltr'><strong>seipsum,</strong></span> <span class='ocrx_word' id='word_1_247' title='bbox 2879 573 3013 622; x_wconf 84' lang='lat' dir='ltr'><strong>ante</strong></span> <span class='ocrx_word' id='word_1_248' title='bbox 3054 565 3343 620; x_wconf 89' lang='lat' dir='ltr'><strong>mundum</strong></span> <span class='ocrx_word' id='word_1_249' title='bbox 3375 563 3660 618; x_wconf 86' lang='lat' dir='ltr'><strong>exsistens</strong></span> 
     </span>
    </p>
   </div>
   <div class='ocr_carea' id='block_1_37' title="bbox 2011 657 3660 729">
    <p class='ocr_par' dir='ltr' id='par_1_37' title="bbox 2011 657 3660 729">
     <span class='ocr_line' id='line_1_37' title="bbox 2011 657 3660 729; baseline -0.004 -16"><span class='ocrx_word' id='word_1_250' title='bbox 2011 658 2188 723; x_wconf 87' lang='lat' dir='ltr'><strong>Deus,</strong></span> <span class='ocrx_word' id='word_1_251' title='bbox 2221 657 2320 729; x_wconf 88' lang='lat' dir='ltr'><strong>qui</strong></span> <span class='ocrx_word' id='word_1_252' title='bbox 2355 675 2539 729; x_wconf 89' lang='lat' dir='ltr'><strong>usque</strong></span> <span class='ocrx_word' id='word_1_253' title='bbox 2568 674 2722 712; x_wconf 90' lang='lat' dir='ltr'><strong>nunc</strong></span> <span class='ocrx_word' id='word_1_254' title='bbox 2753 658 2926 712; x_wconf 86' lang='lat' dir='ltr'><strong>etiam</strong></span> <span class='ocrx_word' id='word_1_255' title='bbox 2960 660 3272 727; x_wconf 80' lang='lat' dir='ltr'><strong>operatur;</strong></span> <span class='ocrx_word' id='word_1_256' title='bbox 3307 669 3419 708; x_wconf 90' lang='lat' dir='ltr'><strong>non</strong></span> <span class='ocrx_word' id='word_1_257' title='bbox 3465 657 3660 707; x_wconf 88' lang='lat' dir='ltr'><strong>autem</strong></span> 
     </span>
    </p>
   </div>
   <div class='ocr_carea' id='block_1_38' title="bbox 2011 741 3659 818">
    <p class='ocr_par' dir='ltr' id='par_1_38' title="bbox 2011 741 3659 818">
     <span class='ocr_line' id='line_1_38' title="bbox 2011 741 3659 818; baseline -0.004 -17"><span class='ocrx_word' id='word_1_258' title='bbox 2011 747 2260 802; x_wconf 84' lang='lat' dir='ltr'><strong>habebat</strong></span> <span class='ocrx_word' id='word_1_259' title='bbox 2295 746 2545 816; x_wconf 81' lang='lat' dir='ltr'><strong>aliquem</strong></span> <span class='ocrx_word' id='word_1_260' title='bbox 2581 748 2678 818; x_wconf 89' lang='lat' dir='ltr'><strong>qui</strong></span> <span class='ocrx_word' id='word_1_261' title='bbox 2721 747 3046 813; x_wconf 82' lang='lat' dir='ltr'><strong>doceretur,</strong></span> <span class='ocrx_word' id='word_1_262' title='bbox 3099 745 3198 798; x_wconf 88' lang='lat' dir='ltr'><strong>sed</strong></span> <span class='ocrx_word' id='word_1_263' title='bbox 3251 743 3377 814; x_wconf 90' lang='lat' dir='ltr'><strong>ipse</strong></span> <span class='ocrx_word' id='word_1_264' title='bbox 3409 741 3570 796; x_wconf 85' lang='lat' dir='ltr'><strong>solus</strong></span> <span class='ocrx_word' id='word_1_265' title='bbox 3605 741 3659 794; x_wconf 90' lang='lat' dir='ltr'><strong>in</strong></span> 
     </span>
    </p>
   </div>
   <div class='ocr_carea' id='block_1_39' title="bbox 2011 833 3660 906">
    <p class='ocr_par' dir='ltr' id='par_1_39' title="bbox 2011 833 3660 906">
     <span class='ocr_line' id='line_1_39' title="bbox 2011 833 3660 906; baseline -0.004 -15"><span class='ocrx_word' id='word_1_266' title='bbox 2011 835 2134 891; x_wconf 89' lang='lat' dir='ltr'><strong>suis</strong></span> <span class='ocrx_word' id='word_1_267' title='bbox 2166 835 2603 906; x_wconf 81' lang='lat' dir='ltr'><strong>operationibus</strong></span> <span class='ocrx_word' id='word_1_268' title='bbox 2633 839 2774 888; x_wconf 88' lang='lat' dir='ltr'><strong>erat.</strong></span> <span class='ocrx_word' id='word_1_269' title='bbox 2838 835 2907 888; x_wconf 87' lang='lat' dir='ltr'><strong>Et</strong></span> <span class='ocrx_word' id='word_1_270' title='bbox 2936 850 3067 888; x_wconf 88' lang='lat' dir='ltr'><strong>ecce</strong></span> <span class='ocrx_word' id='word_1_271' title='bbox 3097 833 3218 886; x_wconf 64' lang='lat' dir='ltr'><strong>haec</strong></span> <span class='ocrx_word' id='word_1_272' title='bbox 3249 836 3468 886; x_wconf 69' lang='lat' dir='ltr'><strong>aeterna</strong></span> <span class='ocrx_word' id='word_1_273' title='bbox 3500 846 3660 901; x_wconf 63' lang='lat' dir='ltr'><strong>qum-</strong></span> 
     </span>
    </p>
   </div>
   <div class='ocr_carea' id='block_1_40' title="bbox 2009 921 3657 996">
    <p class='ocr_par' dir='ltr' id='par_1_40' title="bbox 2009 921 3657 996">
     <span class='ocr_line' id='line_1_40' title="bbox 2009 921 3657 996; baseline -0.004 -17"><span class='ocrx_word' id='word_1_274' title='bbox 2009 925 2144 979; x_wconf 90' lang='lat' dir='ltr'><strong>dam</strong></span> <span class='ocrx_word' id='word_1_275' title='bbox 2176 930 2264 980; x_wconf 88' lang='lat' dir='ltr'><strong>est</strong></span> <span class='ocrx_word' id='word_1_276' title='bbox 2295 923 2554 996; x_wconf 87' lang='lat' dir='ltr'><strong>operatio</strong></span> <span class='ocrx_word' id='word_1_277' title='bbox 2586 940 2697 978; x_wconf 90' lang='lat' dir='ltr'><strong>non</strong></span> <span class='ocrx_word' id='word_1_278' title='bbox 2752 924 2987 988; x_wconf 85' lang='lat' dir='ltr'><strong>docens,</strong></span> <span class='ocrx_word' id='word_1_279' title='bbox 3045 923 3114 976; x_wconf 92' lang='lat' dir='ltr'><strong>ad</strong></span> <span class='ocrx_word' id='word_1_280' title='bbox 3149 938 3328 993; x_wconf 91' lang='lat' dir='ltr'><strong>quam</strong></span> <span class='ocrx_word' id='word_1_281' title='bbox 3363 921 3657 989; x_wconf 86' lang='lat' dir='ltr'><strong>attingen-</strong></span> 
     </span>
    </p>
   </div>
   <div class='ocr_carea' id='block_1_41' title="bbox 2007 1008 3656 1081">
    <p class='ocr_par' dir='ltr' id='par_1_41' title="bbox 2007 1008 3656 1081">
     <span class='ocr_line' id='line_1_41' title="bbox 2007 1008 3656 1081; baseline -0.002 -13"><span class='ocrx_word' id='word_1_282' title='bbox 2007 1013 2140 1069; x_wconf 91' lang='lat' dir='ltr'><strong>dam</strong></span> <span class='ocrx_word' id='word_1_283' title='bbox 2173 1030 2287 1068; x_wconf 93' lang='lat' dir='ltr'><strong>non</strong></span> <span class='ocrx_word' id='word_1_284' title='bbox 2322 1013 2542 1068; x_wconf 84' lang='lat' dir='ltr'><strong>sufﬁcit</strong></span> <span class='ocrx_word' id='word_1_285' title='bbox 2572 1029 2738 1068; x_wconf 89' lang='lat' dir='ltr'><strong>mens</strong></span> <span class='ocrx_word' id='word_1_286' title='bbox 2769 1011 3048 1081; x_wconf 87' lang='lat' dir='ltr'><strong>humana,</strong></span> <span class='ocrx_word' id='word_1_287' title='bbox 3084 1013 3200 1066; x_wconf 91' lang='lat' dir='ltr'><strong>imo</strong></span> <span class='ocrx_word' id='word_1_288' title='bbox 3233 1025 3339 1064; x_wconf 92' lang='lat' dir='ltr'><strong>nec</strong></span> <span class='ocrx_word' id='word_1_289' title='bbox 3369 1008 3656 1080; x_wconf 90' lang='lat' dir='ltr'><strong>angelica.</strong></span> 
     </span>
    </p>
   </div>
   <div class='ocr_carea' id='block_1_42' title="bbox 2079 1099 3657 1172">
    <p class='ocr_par' dir='ltr' id='par_1_42' title="bbox 2079 1099 3657 1172">
     <span class='ocr_line' id='line_1_42' title="bbox 2079 1099 3657 1172; baseline -0.004 -16"><span class='ocrx_word' id='word_1_290' title='bbox 2079 1103 2132 1157; x_wconf 81' lang='grc'><strong>4.</strong></span> <span class='ocrx_word' id='word_1_291' title='bbox 2167 1106 2439 1157; x_wconf 87' lang='lat' dir='ltr'><strong>Attamen</strong></span> <span class='ocrx_word' id='word_1_292' title='bbox 2471 1101 2687 1172; x_wconf 84' lang='lat' dir='ltr'><strong>aliquis</strong></span> <span class='ocrx_word' id='word_1_293' title='bbox 2717 1117 2844 1156; x_wconf 91' lang='lat' dir='ltr'><strong>eam</strong></span> <span class='ocrx_word' id='word_1_294' title='bbox 2879 1101 2987 1156; x_wconf 88' lang='lat' dir='ltr'><strong>sub</strong></span> <span class='ocrx_word' id='word_1_295' title='bbox 3010 1100 3260 1156; x_wconf 90' lang='lat' dir='ltr'><strong>obscura</strong></span> <span class='ocrx_word' id='word_1_296' title='bbox 3291 1099 3657 1153; x_wconf 87' lang='lat' dir='ltr'><strong>demonstra-</strong></span> 
     </span>
    </p>
   </div>
   <div class='ocr_carea' id='block_1_43' title="bbox 2007 1177 3658 1262">
    <p class='ocr_par' dir='ltr' id='par_1_43' title="bbox 2007 1177 3658 1262">
     <span class='ocr_line' id='line_1_43' title="bbox 2007 1177 3658 1262; baseline -0.003 -17"><span class='ocrx_word' id='word_1_297' title='bbox 2007 1190 2094 1245; x_wconf 86' lang='lat' dir='ltr'><strong>bit</strong></span> <span class='ocrx_word' id='word_1_298' title='bbox 2123 1191 2400 1261; x_wconf 85' lang='lat' dir='ltr'><strong>imagine,</strong></span> <span class='ocrx_word' id='word_1_299' title='bbox 2430 1191 2528 1262; x_wconf 89' lang='lat' dir='ltr'><strong>qui</strong></span> <span class='ocrx_word' id='word_1_300' title='bbox 2562 1177 2903 1260; x_wconf 89' lang='lat' dir='ltr'><strong>hujusmodi</strong></span> <span class='ocrx_word' id='word_1_301' title='bbox 2934 1188 3070 1244; x_wconf 90' lang='lat' dir='ltr'><strong>boni</strong></span> <span class='ocrx_word' id='word_1_302' title='bbox 3125 1187 3416 1260; x_wconf 85' lang='lat' dir='ltr'><strong>posterius</strong></span> <span class='ocrx_word' id='word_1_303' title='bbox 3465 1186 3658 1241; x_wconf 85' lang='lat' dir='ltr'><strong>imita-</strong></span> 
     </span>
    </p>
   </div>
   <div class='ocr_carea' id='block_1_44' title="bbox 2006 1274 3656 1349">
    <p class='ocr_par' dir='ltr' id='par_1_44' title="bbox 2006 1274 3656 1349">
     <span class='ocr_line' id='line_1_44' title="bbox 2006 1274 3656 1349; baseline -0.004 -14"><span class='ocrx_word' id='word_1_304' title='bbox 2006 1283 2162 1335; x_wconf 85' lang='lat' dir='ltr'><strong>tores</strong></span> <span class='ocrx_word' id='word_1_305' title='bbox 2190 1278 2596 1335; x_wconf 86' lang='lat' dir='ltr'><strong>manifestabit</strong></span> <span class='ocrx_word' id='word_1_306' title='bbox 2634 1283 2895 1334; x_wconf 85' lang='lat' dir='ltr'><strong>ascetas:</strong></span> <span class='ocrx_word' id='word_1_307' title='bbox 2949 1277 3048 1349; x_wconf 93' lang='lat' dir='ltr'><strong>qui</strong></span> <span class='ocrx_word' id='word_1_308' title='bbox 3090 1278 3254 1348; x_wconf 83' lang='lat' dir='ltr'><strong>juxta</strong></span> <span class='ocrx_word' id='word_1_309' title='bbox 3287 1275 3442 1346; x_wconf 92' lang='lat' dir='ltr'><strong>quod</strong></span> <span class='ocrx_word' id='word_1_310' title='bbox 3474 1274 3656 1330; x_wconf 65' lang='lat' dir='ltr'><strong>homi«</strong></span> 
     </span>
    </p>
   </div>
   <div class='ocr_carea' id='block_1_45' title="bbox 2006 1363 3656 1439">
    <p class='ocr_par' dir='ltr' id='par_1_45' title="bbox 2006 1363 3656 1439">
     <span class='ocr_line' id='line_1_45' title="bbox 2006 1363 3656 1439; baseline -0.002 -16"><span class='ocrx_word' id='word_1_311' title='bbox 2006 1367 2181 1423; x_wconf 89' lang='lat' dir='ltr'><strong>nibus</strong></span> <span class='ocrx_word' id='word_1_312' title='bbox 2221 1368 2498 1439; x_wconf 85' lang='lat' dir='ltr'><strong>possibile</strong></span> <span class='ocrx_word' id='word_1_313' title='bbox 2548 1373 2637 1423; x_wconf 90' lang='lat' dir='ltr'><strong>est</strong></span> <span class='ocrx_word' id='word_1_314' title='bbox 2691 1366 2914 1421; x_wconf 85' lang='lat' dir='ltr'><strong>similes</strong></span> <span class='ocrx_word' id='word_1_315' title='bbox 2971 1364 3250 1436; x_wconf 83' lang='lat' dir='ltr'><strong>expressi,</strong></span> <span class='ocrx_word' id='word_1_316' title='bbox 3310 1363 3656 1435; x_wconf 82' lang='lat' dir='ltr'><strong>angulisque</strong></span> 
     </span>
    </p>
   </div>
   <div class='ocr_carea' id='block_1_46' title="bbox 2006 1453 3652 1529">
    <p class='ocr_par' dir='ltr' id='par_1_46' title="bbox 2006 1453 3652 1529">
     <span class='ocr_line' id='line_1_46' title="bbox 2006 1453 3652 1529; baseline -0.002 -17"><span class='ocrx_word' id='word_1_317' title='bbox 2006 1456 2832 1529; x_wconf 86' lang='lat' dir='ltr'><strong>spiritualibusintromissi,et</strong></span> <span class='ocrx_word' id='word_1_318' title='bbox 2846 1454 3146 1527; x_wconf 87' lang='lat' dir='ltr'><strong>speluncis</strong></span> <span class='ocrx_word' id='word_1_319' title='bbox 3181 1459 3238 1509; x_wconf 91' lang='lat' dir='ltr'><strong>et</strong></span> <span class='ocrx_word' id='word_1_320' title='bbox 3268 1453 3652 1509; x_wconf 84' lang='lat' dir='ltr'><strong>foraminibus</strong></span> 
     </span>
    </p>
   </div>
   <div class='ocr_carea' id='block_1_47' title="bbox 2004 1543 3656 1614">
    <p class='ocr_par' dir='ltr' id='par_1_47' title="bbox 2004 1543 3656 1614">
     <span class='ocr_line' id='line_1_47' title="bbox 2004 1543 3656 1614; baseline -0.004 -13"><span class='ocrx_word' id='word_1_321' title='bbox 2004 1549 2171 1601; x_wconf 64' lang='lat' dir='ltr'><strong>terra</strong></span> <span class='ocrx_word' id='word_1_322' title='bbox 2204 1547 2552 1612; x_wconf 89' lang='lat' dir='ltr'><strong>absconditi,</strong></span> <span class='ocrx_word' id='word_1_323' title='bbox 2587 1545 2952 1614; x_wconf 88' lang='lat' dir='ltr'><strong>solitariique</strong></span> <span class='ocrx_word' id='word_1_324' title='bbox 2984 1559 3161 1614; x_wconf 90' lang='lat' dir='ltr'><strong>super</strong></span> <span class='ocrx_word' id='word_1_325' title='bbox 3193 1543 3494 1597; x_wconf 88' lang='lat' dir='ltr'><strong>montibus</strong></span> <span class='ocrx_word' id='word_1_326' title='bbox 3525 1558 3656 1595; x_wconf 92' lang='lat' dir='ltr'><strong>con-</strong></span> 
     </span>
    </p>
   </div>
   <div class='ocr_carea' id='block_1_48' title="bbox 2004 1631 3658 1706">
    <p class='ocr_par' dir='ltr' id='par_1_48' title="bbox 2004 1631 3658 1706">
     <span class='ocr_line' id='line_1_48' title="bbox 2004 1631 3658 1706; baseline -0.003 -17"><span class='ocrx_word' id='word_1_327' title='bbox 2004 1640 2328 1698; x_wconf 82' lang='lat' dir='ltr'><strong>versantes,</strong></span> <span class='ocrx_word' id='word_1_328' title='bbox 2361 1639 2417 1689; x_wconf 90' lang='lat' dir='ltr'><strong>et</strong></span> <span class='ocrx_word' id='word_1_329' title='bbox 2442 1634 2523 1689; x_wconf 88' lang='lat' dir='ltr'><strong>ita</strong></span> <span class='ocrx_word' id='word_1_330' title='bbox 2552 1651 2678 1706; x_wconf 81' lang='lat' dir='ltr'><strong>quas</strong></span> <span class='ocrx_word' id='word_1_331' title='bbox 2737 1633 2852 1689; x_wconf 92' lang='lat' dir='ltr'><strong>Deo</strong></span> <span class='ocrx_word' id='word_1_332' title='bbox 2911 1631 3232 1688; x_wconf 87' lang='lat' dir='ltr'><strong>immortali</strong></span> <span class='ocrx_word' id='word_1_333' title='bbox 3266 1631 3473 1703; x_wconf 89' lang='lat' dir='ltr'><strong>placita</strong></span> <span class='ocrx_word' id='word_1_334' title='bbox 3516 1633 3658 1685; x_wconf 90' lang='lat' dir='ltr'><strong>sunt</strong></span> 
     </span>
    </p>
   </div>
   <div class='ocr_carea' id='block_1_49' title="bbox 2005 1719 3653 1795">
    <p class='ocr_par' dir='ltr' id='par_1_49' title="bbox 2005 1719 3653 1795">
     <span class='ocr_line' id='line_1_49' title="bbox 2005 1719 3653 1795; baseline -0.002 -17"><span class='ocrx_word' id='word_1_335' title='bbox 2005 1727 2245 1795; x_wconf 83' lang='lat' dir='ltr'><strong>agentes</strong></span> <span class='ocrx_word' id='word_1_336' title='bbox 2276 1723 2569 1778; x_wconf 91' lang='lat' dir='ltr'><strong>neminem</strong></span> <span class='ocrx_word' id='word_1_337' title='bbox 2604 1722 2910 1777; x_wconf 74' lang='lat' dir='ltr'><strong>manifeste</strong></span> <span class='ocrx_word' id='word_1_338' title='bbox 2967 1722 3198 1786; x_wconf 85' lang='lat' dir='ltr'><strong>docent,</strong></span> <span class='ocrx_word' id='word_1_339' title='bbox 3261 1720 3375 1774; x_wconf 91' lang='lat' dir='ltr'><strong>nisi</strong></span> <span class='ocrx_word' id='word_1_340' title='bbox 3409 1736 3473 1774; x_wconf 80' lang='lat' dir='ltr'><strong>ex</strong></span> <span class='ocrx_word' id='word_1_341' title='bbox 3534 1719 3653 1774; x_wconf 89' lang='lat' dir='ltr'><strong>illis</strong></span> 
     </span>
    </p>
   </div>
   <div class='ocr_carea' id='block_1_50' title="bbox 2004 1809 3655 1883">
    <p class='ocr_par' dir='ltr' id='par_1_50' title="bbox 2004 1809 3655 1883">
     <span class='ocr_line' id='line_1_50' title="bbox 2004 1809 3655 1883; baseline -0.002 -18"><span class='ocrx_word' id='word_1_342' title='bbox 2004 1811 2202 1867; x_wconf 90' lang='lat' dir='ltr'><strong>invitis</strong></span> <span class='ocrx_word' id='word_1_343' title='bbox 2233 1810 2446 1882; x_wconf 89' lang='lat' dir='ltr'><strong>aliquis</strong></span> <span class='ocrx_word' id='word_1_344' title='bbox 2508 1817 2785 1883; x_wconf 89' lang='lat' dir='ltr'><strong>tanquam</strong></span> <span class='ocrx_word' id='word_1_345' title='bbox 2819 1828 2886 1866; x_wconf 86' lang='lat' dir='ltr'><strong>ex</strong></span> <span class='ocrx_word' id='word_1_346' title='bbox 2934 1809 3213 1866; x_wconf 85' lang='lat' dir='ltr'><strong>invisibili</strong></span> <span class='ocrx_word' id='word_1_347' title='bbox 3246 1809 3401 1864; x_wconf 81' lang='lat' dir='ltr'><strong>fonte</strong></span> <span class='ocrx_word' id='word_1_348' title='bbox 3459 1825 3655 1863; x_wconf 89' lang='lat' dir='ltr'><strong>erum-</strong></span> 
     </span>
    </p>
   </div>
   <div class='ocr_carea' id='block_1_51' title="bbox 2006 1897 3655 1972">
    <p class='ocr_par' dir='ltr' id='par_1_51' title="bbox 2006 1897 3655 1972">
     <span class='ocr_line' id='line_1_51' title="bbox 2006 1897 3655 1972; baseline -0.002 -17"><span class='ocrx_word' id='word_1_349' title='bbox 2006 1906 2105 1972; x_wconf 89' lang='lat' dir='ltr'><strong>pat</strong></span> <span class='ocrx_word' id='word_1_350' title='bbox 2126 1901 2355 1971; x_wconf 84' lang='lat' dir='ltr'><strong>ﬂuvius,</strong></span> <span class='ocrx_word' id='word_1_351' title='bbox 2387 1899 2472 1956; x_wconf 89' lang='lat' dir='ltr'><strong>vel</strong></span> <span class='ocrx_word' id='word_1_352' title='bbox 2505 1899 2738 1956; x_wconf 87' lang='lat' dir='ltr'><strong>claritas</strong></span> <span class='ocrx_word' id='word_1_353' title='bbox 2767 1905 3046 1971; x_wconf 86' lang='lat' dir='ltr'><strong>tanquam</strong></span> <span class='ocrx_word' id='word_1_354' title='bbox 3070 1916 3100 1954; x_wconf 91' lang='lat' dir='ltr'><strong>e</strong></span> <span class='ocrx_word' id='word_1_355' title='bbox 3130 1897 3251 1954; x_wconf 92' lang='lat' dir='ltr'><strong>sole</strong></span> <span class='ocrx_word' id='word_1_356' title='bbox 3282 1898 3481 1952; x_wconf 86' lang='lat' dir='ltr'><strong>radius</strong></span> <span class='ocrx_word' id='word_1_357' title='bbox 3506 1897 3655 1952; x_wconf 86' lang='lat' dir='ltr'><strong>emi-</strong></span> 
     </span>
    </p>
   </div>
   <div class='ocr_carea' id='block_1_52' title="bbox 2007 1987 3654 2062">
    <p class='ocr_par' dir='ltr' id='par_1_52' title="bbox 2007 1987 3654 2062">
     <span class='ocr_line' id='line_1_52' title="bbox 2007 1987 3654 2062; baseline -0.003 -17"><span class='ocrx_word' id='word_1_358' title='bbox 2007 1996 2116 2056; x_wconf 89' lang='lat' dir='ltr'><strong>cet,</strong></span> <span class='ocrx_word' id='word_1_359' title='bbox 2149 1989 2246 2046; x_wconf 87' lang='lat' dir='ltr'><strong>ille</strong></span> <span class='ocrx_word' id='word_1_360' title='bbox 2263 1991 2499 2062; x_wconf 92' lang='lat' dir='ltr'><strong>quidem</strong></span> <span class='ocrx_word' id='word_1_361' title='bbox 2525 2007 2657 2045; x_wconf 93' lang='lat' dir='ltr'><strong>cum</strong></span> <span class='ocrx_word' id='word_1_362' title='bbox 2673 1990 3008 2062; x_wconf 85' lang='lat' dir='ltr'><strong>magisterio</strong></span> <span class='ocrx_word' id='word_1_363' title='bbox 3033 1993 3218 2044; x_wconf 83' lang='lat' dir='ltr'><strong>fluens</strong></span> <span class='ocrx_word' id='word_1_364' title='bbox 3239 1987 3297 2042; x_wconf 92' lang='lat' dir='ltr'><strong>in</strong></span> <span class='ocrx_word' id='word_1_365' title='bbox 3322 2004 3428 2042; x_wconf 86' lang='lat' dir='ltr'><strong>suo</strong></span> <span class='ocrx_word' id='word_1_366' title='bbox 3449 2004 3654 2054; x_wconf 86' lang='lat' dir='ltr'><strong>cursu,</strong></span> 
     </span>
    </p>
   </div>
   <div class='ocr_carea' id='block_1_53' title="bbox 2007 2077 3655 2149">
    <p class='ocr_par' dir='ltr' id='par_1_53' title="bbox 2007 2077 3655 2149">
     <span class='ocr_line' id='line_1_53' title="bbox 2007 2077 3655 2149; baseline -0.002 -17"><span class='ocrx_word' id='word_1_367' title='bbox 2007 2077 2120 2134; x_wconf 88' lang='lat' dir='ltr'><strong>ista</strong></span> <span class='ocrx_word' id='word_1_368' title='bbox 2182 2095 2312 2134; x_wconf 88' lang='lat' dir='ltr'><strong>vero</strong></span> <span class='ocrx_word' id='word_1_369' title='bbox 2371 2078 2715 2134; x_wconf 89' lang='lat' dir='ltr'><strong>illuminans</strong></span> <span class='ocrx_word' id='word_1_370' title='bbox 2767 2095 2871 2134; x_wconf 90' lang='lat' dir='ltr'><strong>suo</strong></span> <span class='ocrx_word' id='word_1_371' title='bbox 2931 2077 3259 2149; x_wconf 89' lang='lat' dir='ltr'><strong>splendore.</strong></span> <span class='ocrx_word' id='word_1_372' title='bbox 3320 2077 3655 2146; x_wconf 83' lang='lat' dir='ltr'><strong>Proponunt</strong></span> 
     </span>
    </p>
   </div>
   <div class='ocr_carea' id='block_1_54' title="bbox 2007 2167 3652 2224">
    <p class='ocr_par' dir='ltr' id='par_1_54' title="bbox 2007 2167 3652 2224">
     <span class='ocr_line' id='line_1_54' title="bbox 2007 2167 3652 2224; baseline -0.001 -2"><span class='ocrx_word' id='word_1_373' title='bbox 2007 2168 2160 2222; x_wconf 89' lang='lat' dir='ltr'><strong>enim</strong></span> <span class='ocrx_word' id='word_1_374' title='bbox 2197 2168 2308 2224; x_wconf 88' lang='lat' dir='ltr'><strong>sibi</strong></span> <span class='ocrx_word' id='word_1_375' title='bbox 2349 2167 2526 2224; x_wconf 90' lang='lat' dir='ltr'><strong>latere</strong></span> <span class='ocrx_word' id='word_1_376' title='bbox 2557 2168 2880 2223; x_wconf 89' lang='lat' dir='ltr'><strong>secundum</strong></span> <span class='ocrx_word' id='word_1_377' title='bbox 2922 2167 3104 2222; x_wconf 91' lang='lat' dir='ltr'><strong>Deum</strong></span> <span class='ocrx_word' id='word_1_378' title='bbox 3161 2181 3289 2221; x_wconf 89' lang='lat' dir='ltr'><strong>sese</strong></span> <span class='ocrx_word' id='word_1_379' title='bbox 3318 2169 3652 2220; x_wconf 81' lang='lat' dir='ltr'><strong>exercentes</strong></span> 
     </span>
    </p>
   </div>
   <div class='ocr_carea' id='block_1_55' title="bbox 2007 2254 3648 2328">
    <p class='ocr_par' dir='ltr' id='par_1_55' title="bbox 2007 2254 3648 2328">
     <span class='ocr_line' id='line_1_55' title="bbox 2007 2254 3648 2328; baseline -0.001 -17"><span class='ocrx_word' id='word_1_380' title='bbox 2007 2261 2062 2311; x_wconf 91' lang='lat' dir='ltr'><strong>et</strong></span> <span class='ocrx_word' id='word_1_381' title='bbox 2092 2257 2200 2328; x_wconf 90' lang='lat' dir='ltr'><strong>ipsi</strong></span> <span class='ocrx_word' id='word_1_382' title='bbox 2235 2257 2343 2312; x_wconf 91' lang='lat' dir='ltr'><strong>soli</strong></span> <span class='ocrx_word' id='word_1_383' title='bbox 2402 2257 2630 2328; x_wconf 89' lang='lat' dir='ltr'><strong>placere</strong></span> <span class='ocrx_word' id='word_1_384' title='bbox 2687 2258 3009 2325; x_wconf 78' lang='lat' dir='ltr'><strong>studentes,</strong></span> <span class='ocrx_word' id='word_1_385' title='bbox 3067 2261 3246 2327; x_wconf 90' lang='lat' dir='ltr'><strong>atque</strong></span> <span class='ocrx_word' id='word_1_386' title='bbox 3302 2255 3383 2310; x_wconf 85' lang='lat' dir='ltr'><strong>ita</strong></span> <span class='ocrx_word' id='word_1_387' title='bbox 3429 2254 3648 2309; x_wconf 88' lang='lat' dir='ltr'><strong>bonum</strong></span> 
     </span>
    </p>
   </div>
   <div class='ocr_carea' id='block_1_56' title="bbox 2007 2341 3648 2417">
    <p class='ocr_par' dir='ltr' id='par_1_56' title="bbox 2007 2341 3648 2417">
     <span class='ocr_line' id='line_1_56' title="bbox 2007 2341 3648 2417; baseline -0.001 -19"><span class='ocrx_word' id='word_1_388' title='bbox 2007 2345 2284 2400; x_wconf 86' lang='lat' dir='ltr'><strong>facientes</strong></span> <span class='ocrx_word' id='word_1_389' title='bbox 2309 2364 2328 2401; x_wconf 89' lang='lat'><em>:</em></span> <span class='ocrx_word' id='word_1_390' title='bbox 2363 2363 2474 2401; x_wconf 90' lang='lat' dir='ltr'><strong>non</strong></span> <span class='ocrx_word' id='word_1_391' title='bbox 2515 2350 2706 2401; x_wconf 89' lang='lat' dir='ltr'><strong>autem</strong></span> <span class='ocrx_word' id='word_1_392' title='bbox 2739 2350 2985 2417; x_wconf 87' lang='lat' dir='ltr'><strong>possunt</strong></span> <span class='ocrx_word' id='word_1_393' title='bbox 3039 2343 3316 2400; x_wconf 87' lang='lat' dir='ltr'><strong>abscondi</strong></span> <span class='ocrx_word' id='word_1_394' title='bbox 3359 2342 3512 2398; x_wconf 90' lang='lat' dir='ltr'><strong>sicut</strong></span> <span class='ocrx_word' id='word_1_395' title='bbox 3558 2341 3648 2396; x_wconf 91' lang='lat' dir='ltr'><strong>lu-</strong></span> 
     </span>
    </p>
   </div>
   <div class='ocr_carea' id='block_1_57' title="bbox 2007 2431 3649 2506">
    <p class='ocr_par' dir='ltr' id='par_1_57' title="bbox 2007 2431 3649 2506">
     <span class='ocr_line' id='line_1_57' title="bbox 2007 2431 3649 2506; baseline -0.002 -17"><span class='ocrx_word' id='word_1_396' title='bbox 2007 2450 2190 2489; x_wconf 68' lang='lat' dir='ltr'><strong>cernae</strong></span> <span class='ocrx_word' id='word_1_397' title='bbox 2225 2434 2418 2490; x_wconf 90' lang='lat' dir='ltr'><strong>modio</strong></span> <span class='ocrx_word' id='word_1_398' title='bbox 2451 2438 2754 2506; x_wconf 64' lang='lat' dir='ltr'><strong>cooperta,</strong></span> <span class='ocrx_word' id='word_1_399' title='bbox 2783 2436 2906 2501; x_wconf 89' lang='lat' dir='ltr'><strong>sed,</strong></span> <span class='ocrx_word' id='word_1_400' title='bbox 2958 2433 3074 2489; x_wconf 91' lang='lat' dir='ltr'><strong>Deo</strong></span> <span class='ocrx_word' id='word_1_401' title='bbox 3107 2432 3413 2501; x_wconf 87' lang='lat' dir='ltr'><strong>revelante,</strong></span> <span class='ocrx_word' id='word_1_402' title='bbox 3461 2431 3649 2486; x_wconf 90' lang='lat' dir='ltr'><strong>diver-</strong></span> 
     </span>
    </p>
   </div>
   <div class='ocr_carea' id='block_1_58' title="bbox 2007 2521 3648 2595">
    <p class='ocr_par' dir='ltr' id='par_1_58' title="bbox 2007 2521 3648 2595">
     <span class='ocr_line' id='line_1_58' title="bbox 2007 2521 3648 2595; baseline -0.003 -17"><span class='ocrx_word' id='word_1_403' title='bbox 2007 2522 2233 2578; x_wconf 87' lang='lat' dir='ltr'><strong>simode</strong></span> <span class='ocrx_word' id='word_1_404' title='bbox 2281 2523 2610 2595; x_wconf 79' lang='lat' dir='ltr'><strong>refulgent:</strong></span> <span class='ocrx_word' id='word_1_405' title='bbox 2645 2540 2778 2579; x_wconf 90' lang='lat' dir='ltr'><strong>nam</strong></span> <span class='ocrx_word' id='word_1_406' title='bbox 2841 2538 3028 2594; x_wconf 89' lang='lat' dir='ltr'><strong>neque</strong></span> <span class='ocrx_word' id='word_1_407' title='bbox 3084 2521 3168 2578; x_wconf 90' lang='lat' dir='ltr'><strong>sol</strong></span> <span class='ocrx_word' id='word_1_408' title='bbox 3229 2537 3405 2592; x_wconf 88' lang='lat' dir='ltr'><strong>super</strong></span> <span class='ocrx_word' id='word_1_409' title='bbox 3434 2524 3648 2575; x_wconf 88' lang='lat' dir='ltr'><strong>terram</strong></span> 
     </span>
    </p>
   </div>
   <div class='ocr_carea' id='block_1_59' title="bbox 2007 2609 3650 2684">
    <p class='ocr_par' dir='ltr' id='par_1_59' title="bbox 2007 2609 3650 2684">
     <span class='ocr_line' id='line_1_59' title="bbox 2007 2609 3650 2684; baseline -0.003 -17"><span class='ocrx_word' id='word_1_410' title='bbox 2007 2612 2319 2668; x_wconf 88' lang='lat' dir='ltr'><strong>ambulans</strong></span> <span class='ocrx_word' id='word_1_411' title='bbox 2339 2629 2467 2668; x_wconf 90' lang='lat' dir='ltr'><strong>sese</strong></span> <span class='ocrx_word' id='word_1_412' title='bbox 2491 2618 2680 2684; x_wconf 88' lang='lat' dir='ltr'><strong>potest</strong></span> <span class='ocrx_word' id='word_1_413' title='bbox 2708 2613 3085 2680; x_wconf 86' lang='lat' dir='ltr'><strong>abscondere,</strong></span> <span class='ocrx_word' id='word_1_414' title='bbox 3117 2610 3231 2666; x_wconf 91' lang='lat' dir='ltr'><strong>nisi</strong></span> <span class='ocrx_word' id='word_1_415' title='bbox 3263 2610 3449 2665; x_wconf 89' lang='lat' dir='ltr'><strong>nubes</strong></span> <span class='ocrx_word' id='word_1_416' title='bbox 3480 2609 3650 2663; x_wconf 89' lang='lat' dir='ltr'><strong>innu-</strong></span> 
     </span>
    </p>
   </div>
   <div class='ocr_carea' id='block_1_60' title="bbox 2007 2700 3223 2774">
    <p class='ocr_par' dir='ltr' id='par_1_60' title="bbox 2007 2700 3223 2774">
     <span class='ocr_line' id='line_1_60' title="bbox 2007 2700 3223 2774; baseline -0.001 -18"><span class='ocrx_word' id='word_1_417' title='bbox 2007 2717 2182 2758; x_wconf 65' lang='lat' dir='ltr'><strong>merae</strong></span> <span class='ocrx_word' id='word_1_418' title='bbox 2211 2702 2568 2774; x_wconf 68' lang='lat' dir='ltr'><strong>interpositae</strong></span> <span class='ocrx_word' id='word_1_419' title='bbox 2591 2702 2790 2759; x_wconf 81' lang='lat' dir='ltr'><strong>lumen</strong></span> <span class='ocrx_word' id='word_1_420' title='bbox 2823 2702 2981 2757; x_wconf 90' lang='lat' dir='ltr'><strong>illius</strong></span> <span class='ocrx_word' id='word_1_421' title='bbox 3011 2700 3223 2757; x_wconf 89' lang='lat' dir='ltr'><strong>velent.</strong></span> 
     </span>
    </p>
   </div>
   <div class='ocr_carea' id='block_1_61' title="bbox 2075 2879 3651 2955">
    <p class='ocr_par' dir='ltr' id='par_1_61' title="bbox 2075 2879 3651 2955">
     <span class='ocr_line' id='line_1_61' title="bbox 2075 2879 3651 2955; baseline -0.003 -18"><span class='ocrx_word' id='word_1_422' title='bbox 2075 2884 2130 2937; x_wconf 88' lang='grc'><strong>5.</strong></span> <span class='ocrx_word' id='word_1_423' title='bbox 2165 2883 2233 2938; x_wconf 85' lang='lat' dir='ltr'><strong>Et</strong></span> <span class='ocrx_word' id='word_1_424' title='bbox 2247 2899 2377 2939; x_wconf 90' lang='lat' dir='ltr'><strong>ecce</strong></span> <span class='ocrx_word' id='word_1_425' title='bbox 2397 2883 2634 2938; x_wconf 86' lang='lat' dir='ltr'><strong>tertium</strong></span> <span class='ocrx_word' id='word_1_426' title='bbox 2661 2883 2802 2955; x_wconf 90' lang='lat' dir='ltr'><strong>quid</strong></span> <span class='ocrx_word' id='word_1_427' title='bbox 2815 2881 3076 2938; x_wconf 89' lang='lat' dir='ltr'><strong>divinum</strong></span> <span class='ocrx_word' id='word_1_428' title='bbox 3100 2880 3158 2936; x_wconf 93' lang='lat' dir='ltr'><strong>in</strong></span> <span class='ocrx_word' id='word_1_429' title='bbox 3180 2879 3522 2935; x_wconf 89' lang='lat' dir='ltr'><strong>hominibus</strong></span> <span class='ocrx_word' id='word_1_430' title='bbox 3538 2894 3651 2932; x_wconf 87' lang='lat' dir='ltr'><strong>ma-</strong></span> 
     </span>
    </p>
   </div>
   <div class='ocr_carea' id='block_1_62' title="bbox 2006 2967 3650 3045">
    <p class='ocr_par' dir='ltr' id='par_1_62' title="bbox 2006 2967 3650 3045">
     <span class='ocr_line' id='line_1_62' title="bbox 2006 2967 3650 3045; baseline -0.004 -18"><span class='ocrx_word' id='word_1_431' title='bbox 2006 2971 2304 3045; x_wconf 89' lang='lat' dir='ltr'><strong>gisterium</strong></span> <span class='ocrx_word' id='word_1_432' title='bbox 2334 2991 2347 3040; x_wconf 90' lang='lat'><strong>;</strong></span> <span class='ocrx_word' id='word_1_433' title='bbox 2380 2973 2745 3028; x_wconf 85' lang='lat' dir='ltr'><strong>subducatur</strong></span> <span class='ocrx_word' id='word_1_434' title='bbox 2772 2973 2928 3027; x_wconf 87' lang='lat' dir='ltr'><strong>enim</strong></span> <span class='ocrx_word' id='word_1_435' title='bbox 2985 2970 3171 3042; x_wconf 87' lang='lat' dir='ltr'><strong>ipsius</strong></span> <span class='ocrx_word' id='word_1_436' title='bbox 3215 2967 3650 3024; x_wconf 88' lang='lat' dir='ltr'><strong>divinissimum</strong></span> 
     </span>
    </p>
   </div>
   <div class='ocr_carea' id='block_1_63' title="bbox 2007 3058 3655 3134">
    <p class='ocr_par' dir='ltr' id='par_1_63' title="bbox 2007 3058 3655 3134">
     <span class='ocr_line' id='line_1_63' title="bbox 2007 3058 3655 3134; baseline -0.004 -18"><span class='ocrx_word' id='word_1_437' title='bbox 2007 3067 2065 3116; x_wconf 88' lang='lat' dir='ltr'><strong>et</strong></span> <span class='ocrx_word' id='word_1_438' title='bbox 2092 3067 2374 3117; x_wconf 78' lang='lat' dir='ltr'><strong>aeternum</strong></span> <span class='ocrx_word' id='word_1_439' title='bbox 2409 3061 2809 3134; x_wconf 85' lang='lat' dir='ltr'><strong>archetypum.</strong></span> <span class='ocrx_word' id='word_1_440' title='bbox 2830 3060 3168 3132; x_wconf 90' lang='lat' dir='ltr'><strong>Concipitur</strong></span> <span class='ocrx_word' id='word_1_441' title='bbox 3189 3063 3385 3113; x_wconf 89' lang='lat' dir='ltr'><strong>autem</strong></span> <span class='ocrx_word' id='word_1_442' title='bbox 3415 3058 3655 3127; x_wconf 89' lang='lat' dir='ltr'><strong>insuper</strong></span> 
     </span>
    </p>
   </div>
   <div class='ocr_carea' id='block_1_64' title="bbox 2008 3145 3650 3222">
    <p class='ocr_par' dir='ltr' id='par_1_64' title="bbox 2008 3145 3650 3222">
     <span class='ocr_line' id='line_1_64' title="bbox 2008 3145 3650 3222; baseline -0.004 -17"><span class='ocrx_word' id='word_1_443' title='bbox 2008 3149 2164 3205; x_wconf 89' lang='lat' dir='ltr'><strong>aliud</strong></span> <span class='ocrx_word' id='word_1_444' title='bbox 2198 3151 2352 3222; x_wconf 93' lang='lat' dir='ltr'><strong>quod</strong></span> <span class='ocrx_word' id='word_1_445' title='bbox 2387 3155 2684 3221; x_wconf 86' lang='lat' dir='ltr'><strong>quartum,</strong></span> <span class='ocrx_word' id='word_1_446' title='bbox 2745 3148 3078 3221; x_wconf 86' lang='lat' dir='ltr'><strong>oppositum</strong></span> <span class='ocrx_word' id='word_1_447' title='bbox 3113 3147 3194 3202; x_wconf 90' lang='lat' dir='ltr'><strong>illi</strong></span> <span class='ocrx_word' id='word_1_448' title='bbox 3254 3146 3355 3218; x_wconf 91' lang='lat' dir='ltr'><strong>qui</strong></span> <span class='ocrx_word' id='word_1_449' title='bbox 3413 3145 3650 3217; x_wconf 90' lang='lat' dir='ltr'><strong>quidem</strong></span> 
     </span>
    </p>
   </div>
   <div class='ocr_carea' id='block_1_65' title="bbox 257 3227 1893 3310">
    <p class='ocr_par' dir='ltr' id='par_1_65' title="bbox 257 3230 1893 3303">
     <span class='ocr_line' id='line_1_65' title="bbox 257 3230 1893 3303; baseline 0.004 -17"><span class='ocrx_word' id='word_1_450' title='bbox 257 3232 345 3288; x_wconf 72' lang='grc' dir='ltr'>οὔκ</span> <span class='ocrx_word' id='word_1_451' title='bbox 395 3232 723 3289; x_wconf 63' lang='grc' dir='ltr'>ἔκλαλοῦντι</span> <span class='ocrx_word' id='word_1_452' title='bbox 781 3231 838 3288; x_wconf 78' lang='grc' dir='ltr'>δὲ</span> <span class='ocrx_word' id='word_1_453' title='bbox 879 3230 1298 3296; x_wconf 83' lang='grc' dir='ltr'>διδασκαλικῶς·</span> <span class='ocrx_word' id='word_1_454' title='bbox 1353 3237 1472 3290; x_wconf 80' lang='grc' dir='ltr'>καθ’</span> <span class='ocrx_word' id='word_1_455' title='bbox 1522 3237 1550 3291; x_wconf 82' lang='grc' dir='ltr'>ὃ</span> <span class='ocrx_word' id='word_1_456' title='bbox 1603 3234 1763 3292; x_wconf 90' lang='grc' dir='ltr'>λαλεῖ</span> <span class='ocrx_word' id='word_1_457' title='bbox 1816 3261 1893 3303; x_wconf 80' lang='grc' dir='ltr'><strong>τις</strong></span> 
     </span>
    </p>
   </div>
   <div class='ocr_carea' id='block_1_66' title="bbox 2008 3227 3653 3310">
    <p class='ocr_par' dir='ltr' id='par_1_66' title="bbox 2010 3232 3653 3310">
     <span class='ocr_line' id='line_1_66' title="bbox 2010 3232 3653 3310; baseline -0.005 -15"><span class='ocrx_word' id='word_1_458' title='bbox 2010 3240 2167 3307; x_wconf 88' lang='lat' dir='ltr'><strong>facit,</strong></span> <span class='ocrx_word' id='word_1_459' title='bbox 2193 3241 2290 3294; x_wconf 81' lang='lat' dir='ltr'><strong>sed</strong></span> <span class='ocrx_word' id='word_1_460' title='bbox 2325 3256 2439 3294; x_wconf 92' lang='lat' dir='ltr'><strong>non</strong></span> <span class='ocrx_word' id='word_1_461' title='bbox 2466 3237 3340 3310; x_wconf 84' lang='lat' dir='ltr'><strong>magistraliterloquiturjuxta</strong></span> <span class='ocrx_word' id='word_1_462' title='bbox 3365 3235 3520 3305; x_wconf 90' lang='lat' dir='ltr'><strong>quod</strong></span> <span class='ocrx_word' id='word_1_463' title='bbox 3547 3232 3653 3288; x_wconf 88' lang='lat' dir='ltr'><strong>ali-</strong></span> 
     </span>
    </p>
   </div>
   <div class='ocr_carea' id='block_1_67' title="bbox 251 3319 1893 3402">
    <p class='ocr_par' dir='ltr' id='par_1_67' title="bbox 251 3319 1893 3402">
     <span class='ocr_line' id='line_1_67' title="bbox 251 3319 1893 3402; baseline 0.004 -27"><span class='ocrx_word' id='word_1_464' title='bbox 251 3322 312 3375; x_wconf 81' lang='grc' dir='ltr'><strong>τὰ</strong></span> <span class='ocrx_word' id='word_1_465' title='bbox 360 3322 557 3396; x_wconf 73' lang='grc' dir='ltr'>ἀγαθά,</span> <span class='ocrx_word' id='word_1_466' title='bbox 621 3323 874 3397; x_wconf 83' lang='grc' dir='ltr'>πράττων</span> <span class='ocrx_word' id='word_1_467' title='bbox 924 3319 1077 3377; x_wconf 76' lang='grc' dir='ltr'>οὐδὲν</span> <span class='ocrx_word' id='word_1_468' title='bbox 1141 3328 1412 3392; x_wconf 87' lang='grc' dir='ltr'>τοιοῦτον,</span> <span class='ocrx_word' id='word_1_469' title='bbox 1484 3323 1628 3380; x_wconf 75' lang='grc' dir='ltr'>ἀλλὰ</span> <span class='ocrx_word' id='word_1_470' title='bbox 1694 3348 1893 3402; x_wconf 79' lang='grc' dir='ltr'>παραι-</span> 
     </span>
    </p>
   </div>
   <div class='ocr_carea' id='block_1_68' title="bbox 253 3410 1893 3490">
    <p class='ocr_par' dir='ltr' id='par_1_68' title="bbox 253 3410 1893 3490">
     <span class='ocr_line' id='line_1_68' title="bbox 253 3410 1893 3490; baseline 0.005 -27"><span class='ocrx_word' id='word_1_471' title='bbox 253 3414 348 3464; x_wconf 81' lang='grc' dir='ltr'><strong>νῶν</strong></span> <span class='ocrx_word' id='word_1_472' title='bbox 399 3411 492 3483; x_wconf 74' lang='grc' dir='ltr'>μὲν</span> <span class='ocrx_word' id='word_1_473' title='bbox 548 3413 624 3466; x_wconf 74' lang='grc' dir='ltr'>τὰ</span> <span class='ocrx_word' id='word_1_474' title='bbox 675 3410 876 3484; x_wconf 79' lang='grc' dir='ltr'>λῲονα,</span> <span class='ocrx_word' id='word_1_475' title='bbox 939 3415 1020 3474; x_wconf 81' lang='grc' dir='ltr'><strong>οῖς</strong></span> <span class='ocrx_word' id='word_1_476' title='bbox 1080 3410 1138 3468; x_wconf 76' lang='grc' dir='ltr'>δὲ</span> <span class='ocrx_word' id='word_1_477' title='bbox 1195 3414 1357 3476; x_wconf 82' lang='grc' dir='ltr'>αὐτὸς</span> <span class='ocrx_word' id='word_1_478' title='bbox 1413 3417 1656 3490; x_wconf 84' lang='grc' dir='ltr'>πράττει,</span> <span class='ocrx_word' id='word_1_479' title='bbox 1735 3417 1893 3472; x_wconf 67' lang='grc' dir='ltr'>ἀσύν-</span> 
     </span>
    </p>
   </div>
   <div class='ocr_carea' id='block_1_69' title="bbox 252 3498 1894 3574">
    <p class='ocr_par' dir='ltr' id='par_1_69' title="bbox 252 3498 1894 3574">
     <span class='ocr_line' id='line_1_69' title="bbox 252 3498 1894 3574; baseline 0.006 -24"><span class='ocrx_word' id='word_1_480' title='bbox 252 3517 441 3573; x_wconf 85' lang='grc' dir='ltr'>τροχος</span> <span class='ocrx_word' id='word_1_481' title='bbox 501 3499 578 3553; x_wconf 84' lang='grc' dir='ltr'>ὣν</span> <span class='ocrx_word' id='word_1_482' title='bbox 635 3498 715 3563; x_wconf 74' lang='grc' dir='ltr'>οἷς</span> <span class='ocrx_word' id='word_1_483' title='bbox 767 3498 949 3556; x_wconf 87' lang='grc' dir='ltr'>λαλεῖ.</span> <span class='ocrx_word' id='word_1_484' title='bbox 1016 3501 1114 3557; x_wconf 79' lang='grc' dir='ltr'>Καὶ</span> <span class='ocrx_word' id='word_1_485' title='bbox 1173 3498 1332 3570; x_wconf 73' lang='grc' dir='ltr'>δῆλοι</span> <span class='ocrx_word' id='word_1_486' title='bbox 1388 3505 1486 3573; x_wconf 72' lang='grc' dir='ltr'>τὴν</span> <span class='ocrx_word' id='word_1_487' title='bbox 1519 3503 1774 3574; x_wconf 68' lang='grc' dir='ltr'>τοιαύτην</span> <span class='ocrx_word' id='word_1_488' title='bbox 1810 3503 1894 3560; x_wconf 87' lang='grc' dir='ltr'>δι-</span> 
     </span>
    </p>
   </div>
   <div class='ocr_carea' id='block_1_70' title="bbox 257 3580 1894 3665">
    <p class='ocr_par' dir='ltr' id='par_1_70' title="bbox 257 3580 1894 3665">
     <span class='ocr_line' id='line_1_70' title="bbox 257 3580 1894 3665; baseline 0.006 -27"><span class='ocrx_word' id='word_1_489' title='bbox 257 3580 576 3656; x_wconf 74' lang='grc' dir='ltr'>δασκαλικήν</span> <span class='ocrx_word' id='word_1_490' title='bbox 639 3586 927 3662; x_wconf 87' lang='grc' dir='ltr'>παράθεσιν</span> <span class='ocrx_word' id='word_1_491' title='bbox 991 3589 1019 3643; x_wconf 92' lang='grc' dir='ltr'><strong>ὁ</strong></span> <span class='ocrx_word' id='word_1_492' title='bbox 1077 3586 1354 3664; x_wconf 77' lang='grc' dir='ltr'>παραδοὺς</span> <span class='ocrx_word' id='word_1_493' title='bbox 1413 3591 1666 3665; x_wconf 71' lang='grc' dir='ltr'>μέγιστος</span> <span class='ocrx_word' id='word_1_494' title='bbox 1700 3614 1894 3664; x_wconf 87' lang='grc' dir='ltr'>μυστα-</span> 
     </span>
    </p>
   </div>
   <div class='ocr_carea' id='block_1_71' title="bbox 253 3672 1894 3750">
    <p class='ocr_par' dir='ltr' id='par_1_71' title="bbox 253 3672 1894 3750">
     <span class='ocr_line' id='line_1_71' title="bbox 253 3672 1894 3750; baseline 0.005 -24"><span class='ocrx_word' id='word_1_495' title='bbox 253 3674 417 3748; x_wconf 82' lang='grc' dir='ltr'>γωγὸς</span> <span class='ocrx_word' id='word_1_496' title='bbox 471 3675 579 3730; x_wconf 76' lang='grc' dir='ltr'>τόο</span> <span class='ocrx_word' id='word_1_497' title='bbox 645 3699 673 3726; x_wconf 81' lang='grc' dir='ltr'><strong>κ</strong></span> <span class='ocrx_word' id='word_1_498' title='bbox 734 3673 934 3746; x_wconf 84' lang='grc' dir='ltr'>Πάντα,</span> <span class='ocrx_word' id='word_1_499' title='bbox 994 3674 1090 3730; x_wconf 82' lang='grc' dir='ltr'><strong>ὅσα</strong></span> <span class='ocrx_word' id='word_1_500' title='bbox 1147 3675 1206 3730; x_wconf 75' lang='grc' dir='ltr'>ἂν</span> <span class='ocrx_word' id='word_1_501' title='bbox 1269 3672 1490 3731; x_wconf 55' lang='grc' dir='ltr'>εῗίπωσιν</span> <span class='ocrx_word' id='word_1_502' title='bbox 1546 3679 1673 3750; x_wconf 84' lang='grc' dir='ltr'>ὑμῖν</span> <span class='ocrx_word' id='word_1_503' title='bbox 1708 3679 1761 3732; x_wconf 74' lang='grc' dir='ltr'>οἱ</span> <span class='ocrx_word' id='word_1_504' title='bbox 1814 3681 1894 3734; x_wconf 79' lang='grc' dir='ltr'><strong>ἱε-</strong></span> 
     </span>
    </p>
   </div>
   <div class='ocr_carea' id='block_1_72' title="bbox 255 3763 1888 3844">
    <p class='ocr_par' dir='ltr' id='par_1_72' title="bbox 255 3763 1888 3844">
     <span class='ocr_line' id='line_1_72' title="bbox 255 3763 1888 3844; baseline 0.006 -30"><span class='ocrx_word' id='word_1_505' title='bbox 255 3767 354 3834; x_wconf 86' lang='grc' dir='ltr'>ρεῖς</span> <span class='ocrx_word' id='word_1_506' title='bbox 409 3769 613 3832; x_wconf 84' lang='grc' dir='ltr'>ποιεῖν,</span> <span class='ocrx_word' id='word_1_507' title='bbox 667 3769 910 3820; x_wconf 84' lang='grc' dir='ltr'>ποιεῖτε’</span> <span class='ocrx_word' id='word_1_508' title='bbox 973 3765 1107 3821; x_wconf 77' lang='grc' dir='ltr'>κατὰ</span> <span class='ocrx_word' id='word_1_509' title='bbox 1164 3763 1221 3820; x_wconf 75' lang='grc' dir='ltr'><strong>δὲ</strong></span> <span class='ocrx_word' id='word_1_510' title='bbox 1275 3766 1342 3821; x_wconf 73' lang='grc' dir='ltr'><strong>τά</strong></span> <span class='ocrx_word' id='word_1_511' title='bbox 1397 3765 1524 3842; x_wconf 83' lang='grc' dir='ltr'>ἔργα</span> <span class='ocrx_word' id='word_1_512' title='bbox 1581 3767 1757 3824; x_wconf 81' lang='grc' dir='ltr'>αὑτῶν</span> <span class='ocrx_word' id='word_1_513' title='bbox 1813 3771 1888 3844; x_wconf 75' lang='grc' dir='ltr'>μὴ</span> 
     </span>
    </p>
   </div>
   <div class='ocr_carea' id='block_1_73' title="bbox 255 3870 537 3909">
    <p class='ocr_par' dir='ltr' id='par_1_73' title="bbox 255 3870 537 3909">
     <span class='ocr_line' id='line_1_73' title="bbox 255 3870 537 3909; baseline 0.004 -4"><span class='ocrx_word' id='word_1_514' title='bbox 255 3870 470 3909; x_wconf 80' lang='grc' dir='ltr'>ποιειτε.</span> <span class='ocrx_word' id='word_1_515' title='bbox 507 3878 537 3906; x_wconf 82' lang='grc'><strong>›&gt;</strong></span> 
     </span>
    </p>
   </div>
   <div class='ocr_carea' id='block_1_74' title="bbox 319 3943 1892 4022">
    <p class='ocr_par' dir='ltr' id='par_1_74' title="bbox 319 3943 1892 4022">
     <span class='ocr_line' id='line_1_74' title="bbox 319 3943 1892 4022; baseline 0.004 -24"><span class='ocrx_word' id='word_1_516' title='bbox 319 3943 379 4004; x_wconf 86' lang='grc' dir='ltr'><strong>ς’.</strong></span> <span class='ocrx_word' id='word_1_517' title='bbox 439 3943 733 4018; x_wconf 85' lang='grc' dir='ltr'>Τεσσάρων</span> <span class='ocrx_word' id='word_1_518' title='bbox 793 3944 884 3998; x_wconf 82' lang='grc' dir='ltr'><strong>οὗν</strong></span> <span class='ocrx_word' id='word_1_519' title='bbox 942 3943 1148 4000; x_wconf 82' lang='grc' dir='ltr'>τούτων</span> <span class='ocrx_word' id='word_1_520' title='bbox 1209 3943 1592 4020; x_wconf 65' lang='grc' dir='ltr'>ἂκτεθειμὲνων</span> <span class='ocrx_word' id='word_1_521' title='bbox 1632 3950 1766 4022; x_wconf 81' lang='grc' dir='ltr'>ἡμῖν</span> <span class='ocrx_word' id='word_1_522' title='bbox 1814 3953 1892 4021; x_wconf 82' lang='grc' dir='ltr'>τῷ</span> 
     </span>
    </p>
   </div>
   <div class='ocr_carea' id='block_1_75' title="bbox 252 4027 1891 4113">
    <p class='ocr_par' dir='ltr' id='par_1_75' title="bbox 252 4027 1891 4113">
     <span class='ocr_line' id='line_1_75' title="bbox 252 4027 1891 4113; baseline 0.006 -30"><span class='ocrx_word' id='word_1_523' title='bbox 252 4027 397 4099; x_wconf 76' lang='grc' dir='ltr'>τὲως,</span> <span class='ocrx_word' id='word_1_524' title='bbox 452 4033 572 4095; x_wconf 71' lang='grc' dir='ltr'>ἑνὸς</span> <span class='ocrx_word' id='word_1_525' title='bbox 610 4032 705 4105; x_wconf 73' lang='grc' dir='ltr'>μὲν</span> <span class='ocrx_word' id='word_1_526' title='bbox 765 4038 862 4088; x_wconf 86' lang='grc' dir='ltr'><strong>τοῦ</strong></span> <span class='ocrx_word' id='word_1_527' title='bbox 917 4034 1225 4107; x_wconf 86' lang='grc' dir='ltr'>καταμόνας</span> <span class='ocrx_word' id='word_1_528' title='bbox 1283 4040 1458 4092; x_wconf 84' lang='grc' dir='ltr'>ποιεῖν</span> <span class='ocrx_word' id='word_1_529' title='bbox 1484 4036 1554 4091; x_wconf 81' lang='grc' dir='ltr'>τὰ</span> <span class='ocrx_word' id='word_1_530' title='bbox 1604 4043 1739 4112; x_wconf 83' lang='grc' dir='ltr'>πρὸς</span> <span class='ocrx_word' id='word_1_531' title='bbox 1769 4037 1891 4113; x_wconf 85' lang='grc' dir='ltr'>ἀρε-</span> 
     </span>
    </p>
   </div>
   <div class='ocr_carea' id='block_1_76' title="bbox 251 4120 1890 4202">
    <p class='ocr_par' dir='ltr' id='par_1_76' title="bbox 251 4120 1890 4202">
     <span class='ocr_line' id='line_1_76' title="bbox 251 4120 1890 4202; baseline 0.018 -30"><span class='ocrx_word' id='word_1_532' title='bbox 251 4120 364 4188; x_wconf 74' lang='grc' dir='ltr'>τήν,</span> <span class='ocrx_word' id='word_1_533' title='bbox 420 4122 540 4188; x_wconf 75' lang='grc' dir='ltr'>ἑνὸς</span> <span class='ocrx_word' id='word_1_534' title='bbox 601 4120 896 4198; x_wconf 73' lang='grc' dir='ltr'>βλέποντος</span> <span class='ocrx_word' id='word_1_535' title='bbox 956 4124 1028 4185; x_wconf 83' lang='grc' dir='ltr'>ὡς</span> <span class='ocrx_word' id='word_1_536' title='bbox 1086 4123 1174 4178; x_wconf 75' lang='grc' dir='ltr'><strong>καὶ</strong></span> <span class='ocrx_word' id='word_1_537' title='bbox 1236 4121 1581 4200; x_wconf 78' lang='grc' dir='ltr'>διδαχθῆναι’</span> <span class='ocrx_word' id='word_1_538' title='bbox 1639 4123 1890 4202; x_wconf 74' lang='grc' dir='ltr'>δευτέρου</span> 
     </span>
    </p>
   </div>
   <div class='ocr_carea' id='block_1_77' title="bbox 256 4203 1888 4290">
    <p class='ocr_par' dir='ltr' id='par_1_77' title="bbox 256 4203 1888 4290">
     <span class='ocr_line' id='line_1_77' title="bbox 256 4203 1888 4290; baseline 0.004 -28"><span class='ocrx_word' id='word_1_539' title='bbox 256 4203 306 4262; x_wconf 81' lang='grc' dir='ltr'>δὲ</span> <span class='ocrx_word' id='word_1_540' title='bbox 355 4211 556 4285; x_wconf 87' lang='grc' dir='ltr'>τρόπον</span> <span class='ocrx_word' id='word_1_541' title='bbox 618 4208 784 4267; x_wconf 68' lang='grc' dir='ltr'>ἄλλον</span> <span class='ocrx_word' id='word_1_542' title='bbox 868 4213 1224 4285; x_wconf 82' lang='grc' dir='ltr'>μονάζοντος,</span> <span class='ocrx_word' id='word_1_543' title='bbox 1283 4218 1378 4268; x_wconf 90' lang='grc' dir='ltr'><strong>τοῦ</strong></span> <span class='ocrx_word' id='word_1_544' title='bbox 1439 4216 1514 4286; x_wconf 76' lang='grc' dir='ltr'>μὴ</span> <span class='ocrx_word' id='word_1_545' title='bbox 1570 4221 1744 4270; x_wconf 83' lang='grc' dir='ltr'>ποιεῖν</span> <span class='ocrx_word' id='word_1_546' title='bbox 1795 4217 1888 4290; x_wconf 77' lang='grc' dir='ltr'>μὲν</span> 
     </span>
    </p>
   </div>
   <div class='ocr_carea' id='block_1_78' title="bbox 258 4295 1890 4378">
    <p class='ocr_par' dir='ltr' id='par_1_78' title="bbox 258 4295 1890 4378">
     <span class='ocr_line' id='line_1_78' title="bbox 258 4295 1890 4378; baseline 0.007 -28"><span class='ocrx_word' id='word_1_547' title='bbox 258 4295 434 4372; x_wconf 70' lang='grc' dir='ltr'>ἀγαθὰ,</span> <span class='ocrx_word' id='word_1_548' title='bbox 491 4297 766 4356; x_wconf 82' lang='grc' dir='ltr'>διδάσκειν</span> <span class='ocrx_word' id='word_1_549' title='bbox 824 4297 882 4356; x_wconf 72' lang='grc' dir='ltr'><strong>δὲ</strong></span> <span class='ocrx_word' id='word_1_550' title='bbox 939 4301 1153 4378; x_wconf 70' lang='grc' dir='ltr'>ἑτέρους</span> <span class='ocrx_word' id='word_1_551' title='bbox 1210 4301 1383 4357; x_wconf 81' lang='grc' dir='ltr'>αὐτά·</span> <span class='ocrx_word' id='word_1_552' title='bbox 1447 4302 1634 4377; x_wconf 86' lang='grc' dir='ltr'>τρίτου</span> <span class='ocrx_word' id='word_1_553' title='bbox 1683 4302 1746 4360; x_wconf 78' lang='grc' dir='ltr'><strong>δὲ·</strong></span> <span class='ocrx_word' id='word_1_554' title='bbox 1794 4311 1890 4361; x_wconf 89' lang='grc' dir='ltr'><strong>τοῦ</strong></span> 
     </span>
    </p>
   </div>
   <div class='ocr_carea' id='block_1_79' title="bbox 256 4385 1892 4466">
    <p class='ocr_par' dir='ltr' id='par_1_79' title="bbox 256 4385 1892 4466">
     <span class='ocr_line' id='line_1_79' title="bbox 256 4385 1892 4466; baseline 0.008 -28"><span class='ocrx_word' id='word_1_555' title='bbox 256 4393 422 4442; x_wconf 82' lang='grc' dir='ltr'>ποιεῖν</span> <span class='ocrx_word' id='word_1_556' title='bbox 482 4390 581 4462; x_wconf 76' lang='grc' dir='ltr'>μὶν</span> <span class='ocrx_word' id='word_1_557' title='bbox 632 4385 765 4464; x_wconf 78' lang='grc' dir='ltr'>ἔργα</span> <span class='ocrx_word' id='word_1_558' title='bbox 843 4395 959 4462; x_wconf 84' lang='grc' dir='ltr'>Θεῷ</span> <span class='ocrx_word' id='word_1_559' title='bbox 1033 4391 1346 4466; x_wconf 67' lang='grc' dir='ltr'>ἀρέσκοντα,</span> <span class='ocrx_word' id='word_1_560' title='bbox 1423 4394 1508 4447; x_wconf 81' lang='grc' dir='ltr'><strong>καὶ</strong></span> <span class='ocrx_word' id='word_1_561' title='bbox 1581 4393 1723 4449; x_wconf 80' lang='grc' dir='ltr'>οὕτω</span> <span class='ocrx_word' id='word_1_562' title='bbox 1776 4400 1892 4459; x_wconf 85' lang='grc' dir='ltr'>πῶς</span> 
     </span>
    </p>
   </div>
   <div class='ocr_carea' id='block_1_80' title="bbox 255 4473 1889 4555">
    <p class='ocr_par' dir='ltr' id='par_1_80' title="bbox 255 4473 1889 4555">
     <span class='ocr_line' id='line_1_80' title="bbox 255 4473 1889 4555; baseline 0.008 -29"><span class='ocrx_word' id='word_1_563' title='bbox 255 4473 470 4550; x_wconf 71' lang='grc' dir='ltr'>ἁφώνως</span> <span class='ocrx_word' id='word_1_564' title='bbox 527 4473 820 4545; x_wconf 85' lang='grc' dir='ltr'>διδάσκειν,</span> <span class='ocrx_word' id='word_1_565' title='bbox 880 4479 1155 4555; x_wconf 76' lang='grc' dir='ltr'>προφορὰν</span> <span class='ocrx_word' id='word_1_566' title='bbox 1217 4476 1274 4535; x_wconf 73' lang='grc' dir='ltr'><strong>δὲ</strong></span> <span class='ocrx_word' id='word_1_567' title='bbox 1329 4482 1404 4553; x_wconf 80' lang='grc' dir='ltr'>μή</span> <span class='ocrx_word' id='word_1_568' title='bbox 1438 4477 1706 4537; x_wconf 81' lang='grc' dir='ltr'>ἐκδιδόναι</span> <span class='ocrx_word' id='word_1_569' title='bbox 1741 4480 1889 4539; x_wconf 71' lang='grc' dir='ltr'>διδα-</span> 
     </span>
    </p>
   </div>
   <div class='ocr_carea' id='block_1_81' title="bbox 256 4561 698 4636">
    <p class='ocr_par' dir='ltr' id='par_1_81' title="bbox 256 4561 698 4636">
     <span class='ocr_line' id='line_1_81' title="bbox 256 4561 698 4636; baseline 0.009 -21"><span class='ocrx_word' id='word_1_570' title='bbox 256 4561 508 4636; x_wconf 76' lang='grc' dir='ltr'>σκαλικήν</span> <span class='ocrx_word' id='word_1_571' title='bbox 538 4585 550 4598; x_wconf 83' lang='lat'><strong><em>°</em></strong></span> <span class='ocrx_word' id='word_1_572' title='bbox 608 4567 698 4620; x_wconf 77' lang='grc' dir='ltr'><strong>καὶ</strong></span> 
     </span>
    </p>
   </div>
   <div class='ocr_carea' id='block_1_82' title="bbox 258 4651 1896 4736">
    <p class='ocr_par' dir='ltr' id='par_1_82' title="bbox 258 4651 1896 4736">
     <span class='ocr_line' id='line_1_82' title="bbox 258 4651 1896 4736; baseline 0.007 -30"><span class='ocrx_word' id='word_1_573' title='bbox 258 4651 438 4726; x_wconf 80' lang='grc' dir='ltr'>ἀρετῆς</span> <span class='ocrx_word' id='word_1_574' title='bbox 493 4652 835 4726; x_wconf 85' lang='grc' dir='ltr'>τελεωτάτην</span> <span class='ocrx_word' id='word_1_575' title='bbox 898 4655 1154 4728; x_wconf 84' lang='grc' dir='ltr'>μάθησιν,</span> <span class='ocrx_word' id='word_1_576' title='bbox 1211 4663 1308 4713; x_wconf 85' lang='grc' dir='ltr'><strong>τοῦ</strong></span> <span class='ocrx_word' id='word_1_577' title='bbox 1363 4659 1451 4714; x_wconf 74' lang='grc' dir='ltr'><strong>καὶ</strong></span> <span class='ocrx_word' id='word_1_578' title='bbox 1484 4659 1896 4736; x_wconf 79' lang='grc' dir='ltr'>ἐργάζεσθαιτὰ</span> 
     </span>
    </p>
   </div>
   <div class='ocr_carea' id='block_1_83' title="bbox 258 4736 1891 4825">
    <p class='ocr_par' dir='ltr' id='par_1_83' title="bbox 258 4736 1891 4825">
     <span class='ocr_line' id='line_1_83' title="bbox 258 4736 1891 4825; baseline 0.007 -30"><span class='ocrx_word' id='word_1_579' title='bbox 258 4736 456 4813; x_wconf 76' lang='grc' dir='ltr'>δέοντα,</span> <span class='ocrx_word' id='word_1_580' title='bbox 514 4745 601 4799; x_wconf 80' lang='grc' dir='ltr'>καὶ</span> <span class='ocrx_word' id='word_1_581' title='bbox 654 4742 879 4820; x_wconf 80' lang='grc' dir='ltr'>γλώσσῃ</span> <span class='ocrx_word' id='word_1_582' title='bbox 935 4745 1188 4822; x_wconf 87' lang='grc' dir='ltr'>προάγειν</span> <span class='ocrx_word' id='word_1_583' title='bbox 1248 4746 1559 4820; x_wconf 82' lang='grc' dir='ltr'>εὖμεθόδως</span> <span class='ocrx_word' id='word_1_584' title='bbox 1619 4752 1891 4825; x_wconf 74' lang='grc' dir='ltr'>προθέσει,</span> 
     </span>
    </p>
   </div>
   <div class='ocr_carea' id='block_1_84' title="bbox 255 4831 1890 4914">
    <p class='ocr_par' dir='ltr' id='par_1_84' title="bbox 255 4831 1890 4914">
     <span class='ocr_line' id='line_1_84' title="bbox 255 4831 1890 4914; baseline 0.007 -29"><span class='ocrx_word' id='word_1_585' title='bbox 255 4834 342 4884; x_wconf 73' lang='grc' dir='ltr'><strong>τοῦ</strong></span> <span class='ocrx_word' id='word_1_586' title='bbox 372 4832 457 4887; x_wconf 82' lang='grc' dir='ltr'><strong>καὶ</strong></span> <span class='ocrx_word' id='word_1_587' title='bbox 513 4831 700 4898; x_wconf 78' lang='grc' dir='ltr'>ἄλλως</span> <span class='ocrx_word' id='word_1_588' title='bbox 754 4831 1115 4910; x_wconf 71' lang='grc' dir='ltr'>ἐπαγαγέσθαι</span> <span class='ocrx_word' id='word_1_589' title='bbox 1169 4836 1306 4910; x_wconf 86' lang='grc' dir='ltr'>πρὸς</span> <span class='ocrx_word' id='word_1_590' title='bbox 1355 4837 1416 4891; x_wconf 87' lang='grc' dir='ltr'>τὸ</span> <span class='ocrx_word' id='word_1_591' title='bbox 1475 4838 1742 4914; x_wconf 68' lang='grc' dir='ltr'>ἐνάρετον,</span> <span class='ocrx_word' id='word_1_592' title='bbox 1801 4841 1890 4896; x_wconf 83' lang='grc' dir='ltr'><strong>καὶ</strong></span> 
     </span>
    </p>
   </div>
   <div class='ocr_carea' id='block_1_85' title="bbox 257 4917 1890 5001">
    <p class='ocr_par' dir='ltr' id='par_1_85' title="bbox 257 4917 1890 5001">
     <span class='ocr_line' id='line_1_85' title="bbox 257 4917 1890 5001; baseline 0.007 -29"><span class='ocrx_word' id='word_1_593' title='bbox 257 4917 388 4974; x_wconf 72' lang='grc' dir='ltr'>οὕτω</span> <span class='ocrx_word' id='word_1_594' title='bbox 432 4920 708 4992; x_wconf 86' lang='grc' dir='ltr'>πληθῦναι</span> <span class='ocrx_word' id='word_1_595' title='bbox 761 4926 842 4995; x_wconf 81' lang='grc' dir='ltr'>τῷ</span> <span class='ocrx_word' id='word_1_596' title='bbox 907 4927 1024 4996; x_wconf 81' lang='grc' dir='ltr'>Θεῷ</span> <span class='ocrx_word' id='word_1_597' title='bbox 1079 4925 1398 5000; x_wconf 81' lang='grc' dir='ltr'>θεράποντα,</span> <span class='ocrx_word' id='word_1_598' title='bbox 1449 4925 1537 4980; x_wconf 80' lang='grc' dir='ltr'>καί</span> <span class='ocrx_word' id='word_1_599' title='bbox 1596 4926 1890 5001; x_wconf 88' lang='grc' dir='ltr'>στρατολο-</span> 
     </span>
    </p>
   </div>
   <div class='ocr_carea' id='block_1_86' title="bbox 256 5009 1889 5097">
    <p class='ocr_par' dir='ltr' id='par_1_86' title="bbox 256 5009 1889 5097">
     <span class='ocr_line' id='line_1_86' title="bbox 256 5009 1889 5097; baseline 0.006 -33"><span class='ocrx_word' id='word_1_600' title='bbox 256 5015 407 5081; x_wconf 77' lang='grc' dir='ltr'>γῆσαι</span> <span class='ocrx_word' id='word_1_601' title='bbox 462 5012 596 5067; x_wconf 78' lang='grc' dir='ltr'>κατὰ</span> <span class='ocrx_word' id='word_1_602' title='bbox 655 5009 928 5086; x_wconf 85' lang='grc' dir='ltr'>δαιμόνων</span> <span class='ocrx_word' id='word_1_603' title='bbox 988 5013 1180 5076; x_wconf 73' lang='grc' dir='ltr'>αὐτοὺς</span> <span class='ocrx_word' id='word_1_604' title='bbox 1239 5016 1327 5090; x_wconf 80' lang='grc' dir='ltr'><strong>ὑφ’</strong></span> <span class='ocrx_word' id='word_1_605' title='bbox 1403 5016 1577 5090; x_wconf 73' lang='grc' dir='ltr'>ἑαυτῷ</span> <span class='ocrx_word' id='word_1_606' title='bbox 1603 5019 1889 5097; x_wconf 86' lang='grc' dir='ltr'>στρατηγῷ</span> 
     </span>
    </p>
   </div>
   <div class='ocr_carea' id='block_1_87' title="bbox 255 5097 1888 5181">
    <p class='ocr_par' dir='ltr' id='par_1_87' title="bbox 255 5097 1888 5181">
     <span class='ocr_line' id='line_1_87' title="bbox 255 5097 1888 5181; baseline 0.007 -30"><span class='ocrx_word' id='word_1_607' title='bbox 255 5097 327 5168; x_wconf 85' lang='grc' dir='ltr'>(τὸ</span> <span class='ocrx_word' id='word_1_608' title='bbox 380 5101 481 5176; x_wconf 77' lang='grc' dir='ltr'><strong>γάρ</strong></span> <span class='ocrx_word' id='word_1_609' title='bbox 539 5099 734 5157; x_wconf 87' lang='grc' dir='ltr'>λοιπὸν</span> <span class='ocrx_word' id='word_1_610' title='bbox 784 5101 872 5157; x_wconf 74' lang='grc' dir='ltr'><strong>καὶ</strong></span> <span class='ocrx_word' id='word_1_611' title='bbox 931 5101 1176 5176; x_wconf 78' lang='grc' dir='ltr'>πέμπτον</span> <span class='ocrx_word' id='word_1_612' title='bbox 1234 5105 1295 5159; x_wconf 88' lang='grc' dir='ltr'>τὸ</span> <span class='ocrx_word' id='word_1_613' title='bbox 1350 5107 1487 5178; x_wconf 71' lang='grc' dir='ltr'>μήτε</span> <span class='ocrx_word' id='word_1_614' title='bbox 1517 5112 1712 5174; x_wconf 77' lang='grc' dir='ltr'>ποιεῖν,</span> <span class='ocrx_word' id='word_1_615' title='bbox 1749 5111 1888 5181; x_wconf 71' lang='grc' dir='ltr'>μήτε</span> 
     </span>
    </p>
   </div>
   <div class='ocr_carea' id='block_1_88' title="bbox 255 5181 1884 5272">
    <p class='ocr_par' dir='ltr' id='par_1_88' title="bbox 255 5181 1884 5272">
     <span class='ocr_line' id='line_1_88' title="bbox 255 5181 1884 5272; baseline 0.007 -33"><span class='ocrx_word' id='word_1_616' title='bbox 255 5181 534 5261; x_wconf 84' lang='grc' dir='ltr'>διδάσκειν,</span> <span class='ocrx_word' id='word_1_617' title='bbox 595 5193 974 5266; x_wconf 83' lang='grc' dir='ltr'>σκορακιστέον</span> <span class='ocrx_word' id='word_1_618' title='bbox 1037 5192 1094 5248; x_wconf 72' lang='grc' dir='ltr'>ἐκ</span> <span class='ocrx_word' id='word_1_619' title='bbox 1133 5198 1240 5248; x_wconf 84' lang='grc' dir='ltr'>τῶν</span> <span class='ocrx_word' id='word_1_620' title='bbox 1290 5195 1406 5249; x_wconf 87' lang='grc' dir='ltr'>κατ’</span> <span class='ocrx_word' id='word_1_621' title='bbox 1454 5196 1754 5272; x_wconf 82' lang='grc' dir='ltr'>ἄνθρωπον,</span> <span class='ocrx_word' id='word_1_622' title='bbox 1805 5202 1884 5270; x_wconf 82' lang='grc' dir='ltr'>τῷ</span> 
     </span>
    </p>
   </div>
   <div class='ocr_carea' id='block_1_89' title="bbox 253 5277 1882 5360">
    <p class='ocr_par' dir='ltr' id='par_1_89' title="bbox 253 5277 1882 5360">
     <span class='ocr_line' id='line_1_89' title="bbox 253 5277 1882 5360; baseline 0.007 -32"><span class='ocrx_word' id='word_1_623' title='bbox 253 5279 399 5360; x_wconf 80' lang='grc' dir='ltr'>παντὶ</span> <span class='ocrx_word' id='word_1_624' title='bbox 432 5277 488 5334; x_wconf 77' lang='grc' dir='ltr'>δὲ</span> <span class='ocrx_word' id='word_1_625' title='bbox 543 5279 778 5355; x_wconf 84' lang='grc' dir='ltr'>μάλιστα</span> <span class='ocrx_word' id='word_1_626' title='bbox 828 5280 886 5336; x_wconf 82' lang='grc' dir='ltr'>ἐκ</span> <span class='ocrx_word' id='word_1_627' title='bbox 940 5286 1049 5336; x_wconf 82' lang='grc' dir='ltr'><strong>τῶν</strong></span> <span class='ocrx_word' id='word_1_628' title='bbox 1081 5282 1260 5338; x_wconf 85' lang='grc' dir='ltr'>θείων.</span> <span class='ocrx_word' id='word_1_629' title='bbox 1295 5281 1472 5354; x_wconf 79' lang='grc' dir='ltr'>Δῆλον</span> <span class='ocrx_word' id='word_1_630' title='bbox 1519 5285 1643 5360; x_wconf 75' lang='grc' dir='ltr'>γὰρ,</span> <span class='ocrx_word' id='word_1_631' title='bbox 1678 5286 1760 5340; x_wconf 81' lang='grc' dir='ltr'><strong>ὅτι</strong></span> <span class='ocrx_word' id='word_1_632' title='bbox 1793 5287 1882 5340; x_wconf 77' lang='grc' dir='ltr'><strong>οὐ·</strong></span> 
     </span>
    </p>
   </div>
   <div class='ocr_carea' id='block_1_90' title="bbox 255 5359 1881 5450">
    <p class='ocr_par' dir='ltr' id='par_1_90' title="bbox 255 5359 1881 5450">
     <span class='ocr_line' id='line_1_90' title="bbox 255 5359 1881 5450; baseline 0.01 -34"><span class='ocrx_word' id='word_1_633' title='bbox 255 5359 353 5419; x_wconf 60' lang='grc' dir='ltr'>δεκιί</span> <span class='ocrx_word' id='word_1_634' title='bbox 405 5374 508 5422; x_wconf 80' lang='grc' dir='ltr'>τῶν</span> <span class='ocrx_word' id='word_1_635' title='bbox 563 5369 826 5426; x_wconf 67' lang='grc' dir='ltr'>τοιούτων</span> <span class='ocrx_word' id='word_1_636' title='bbox 886 5370 1196 5447; x_wconf 75' lang='grc' dir='ltr'>ἥρμοσται,</span> <span class='ocrx_word' id='word_1_637' title='bbox 1257 5371 1403 5429; x_wconf 84' lang='grc' dir='ltr'>ἀλλᾶ</span> <span class='ocrx_word' id='word_1_638' title='bbox 1454 5371 1612 5450; x_wconf 75' lang='grc' dir='ltr'>φύλῳ</span> <span class='ocrx_word' id='word_1_639' title='bbox 1636 5380 1715 5448; x_wconf 81' lang='grc' dir='ltr'><strong>τῷ</strong></span> <span class='ocrx_word' id='word_1_640' title='bbox 1747 5377 1881 5432; x_wconf 80' lang='grc' dir='ltr'>κατά</span> 
     </span>
    </p>
   </div>
   <div class='ocr_carea' id='block_1_91' title="bbox 251 5451 1879 5540">
    <p class='ocr_par' dir='ltr' id='par_1_91' title="bbox 251 5451 1879 5540">
     <span class='ocr_line' id='line_1_91' title="bbox 251 5451 1879 5540; baseline 0.009 -32"><span class='ocrx_word' id='word_1_641' title='bbox 251 5451 336 5508; x_wconf 74' lang='grc' dir='ltr'>τὸν</span> <span class='ocrx_word' id='word_1_642' title='bbox 385 5453 612 5534; x_wconf 86' lang='grc' dir='ltr'>δαίμονα</span> <span class='ocrx_word' id='word_1_643' title='bbox 662 5459 952 5534; x_wconf 83' lang='grc' dir='ltr'>ᾠκείωται.</span> <span class='ocrx_word' id='word_1_644' title='bbox 997 5461 1360 5540; x_wconf 80' lang='grc' dir='ltr'>Διαγραπτέον</span> <span class='ocrx_word' id='word_1_645' title='bbox 1393 5461 1449 5518; x_wconf 73' lang='grc' dir='ltr'><strong>δὶ</strong></span> <span class='ocrx_word' id='word_1_646' title='bbox 1481 5460 1666 5527; x_wconf 74' lang='grc' dir='ltr'>ἄλλως</span> <span class='ocrx_word' id='word_1_647' title='bbox 1697 5465 1782 5521; x_wconf 83' lang='grc' dir='ltr'><strong>καὶ</strong></span> <span class='ocrx_word' id='word_1_648' title='bbox 1815 5465 1879 5522; x_wconf 84' lang='grc' dir='ltr'>τὸ</span> 
     </span>
    </p>
   </div>
   <div class='ocr_carea' id='block_1_92' title="bbox 325 5672 870 5752">
    <p class='ocr_par' dir='ltr' id='par_1_92' title="bbox 325 5672 870 5752">
     <span class='ocr_line' id='line_1_92' title="bbox 325 5672 870 5752; baseline 0.009 -20"><span class='ocrx_word' id='word_1_649' title='bbox 325 5672 370 5709; x_wconf 79' lang='grc'><strong>¹⁴</strong></span> <span class='ocrx_word' id='word_1_650' title='bbox 397 5674 593 5736; x_wconf 76' lang='lat' dir='ltr'><strong>Matth.</strong></span> <span class='ocrx_word' id='word_1_651' title='bbox 623 5695 786 5752; x_wconf 81' lang='lat' dir='ltr'><strong>um,</strong></span> <span class='ocrx_word' id='word_1_652' title='bbox 816 5680 870 5736; x_wconf 85' lang='lat'><strong>3.</strong></span> 
     </span>
    </p>
   </div>
   <div class='ocr_carea' id='block_1_93' title="bbox 2006 3323 3654 3401">
    <p class='ocr_par' dir='ltr' id='par_1_93' title="bbox 2006 3323 3654 3401">
     <span class='ocr_line' id='line_1_93' title="bbox 2006 3323 3654 3401; baseline -0.004 -17"><span class='ocrx_word' id='word_1_653' title='bbox 2006 3331 2138 3401; x_wconf 91' lang='lat' dir='ltr'><strong>quis</strong></span> <span class='ocrx_word' id='word_1_654' title='bbox 2169 3328 2425 3400; x_wconf 90' lang='lat' dir='ltr'><strong>loquitur</strong></span> <span class='ocrx_word' id='word_1_655' title='bbox 2455 3329 2629 3395; x_wconf 91' lang='lat' dir='ltr'><strong>bona,</strong></span> <span class='ocrx_word' id='word_1_656' title='bbox 2663 3327 2805 3382; x_wconf 87' lang='lat' dir='ltr'><strong>nihil</strong></span> <span class='ocrx_word' id='word_1_657' title='bbox 2870 3327 3089 3382; x_wconf 86' lang='lat' dir='ltr'><strong>faciens</strong></span> <span class='ocrx_word' id='word_1_658' title='bbox 3146 3326 3260 3381; x_wconf 89' lang='lat' dir='ltr'><strong>tale</strong></span> <span class='ocrx_word' id='word_1_659' title='bbox 3296 3325 3412 3379; x_wconf 91' lang='lat' dir='ltr'><strong>imo</strong></span> <span class='ocrx_word' id='word_1_660' title='bbox 3445 3323 3654 3378; x_wconf 86' lang='lat' dir='ltr'><strong>exhor-</strong></span> 
     </span>
    </p>
   </div>
   <div class='ocr_carea' id='block_1_94' title="bbox 2004 3411 3659 3489">
    <p class='ocr_par' dir='ltr' id='par_1_94' title="bbox 2004 3411 3659 3489">
     <span class='ocr_line' id='line_1_94' title="bbox 2004 3411 3659 3489; baseline -0.005 -15"><span class='ocrx_word' id='word_1_661' title='bbox 2004 3423 2138 3474; x_wconf 92' lang='lat' dir='ltr'><strong>tans</strong></span> <span class='ocrx_word' id='word_1_662' title='bbox 2170 3418 2411 3489; x_wconf 89' lang='lat' dir='ltr'><strong>quidem</strong></span> <span class='ocrx_word' id='word_1_663' title='bbox 2443 3418 2513 3473; x_wconf 91' lang='lat' dir='ltr'><strong>ad</strong></span> <span class='ocrx_word' id='word_1_664' title='bbox 2548 3416 2810 3484; x_wconf 89' lang='lat' dir='ltr'><strong>meliora,</strong></span> <span class='ocrx_word' id='word_1_665' title='bbox 2848 3415 2962 3470; x_wconf 86' lang='lat' dir='ltr'><strong>illis</strong></span> <span class='ocrx_word' id='word_1_666' title='bbox 2995 3419 3188 3470; x_wconf 90' lang='lat' dir='ltr'><strong>autem</strong></span> <span class='ocrx_word' id='word_1_667' title='bbox 3236 3430 3362 3485; x_wconf 84' lang='lat' dir='ltr'><strong>quae</strong></span> <span class='ocrx_word' id='word_1_668' title='bbox 3410 3411 3535 3483; x_wconf 88' lang='lat' dir='ltr'><strong>ipse</strong></span> <span class='ocrx_word' id='word_1_669' title='bbox 3577 3411 3659 3465; x_wconf 90' lang='lat' dir='ltr'><strong>fa-</strong></span> 
     </span>
    </p>
   </div>
   <div class='ocr_carea' id='block_1_95' title="bbox 2004 3499 3651 3578">
    <p class='ocr_par' dir='ltr' id='par_1_95' title="bbox 2004 3499 3651 3578">
     <span class='ocr_line' id='line_1_95' title="bbox 2004 3499 3651 3578; baseline -0.007 -14"><span class='ocrx_word' id='word_1_670' title='bbox 2004 3508 2100 3577; x_wconf 87' lang='lat' dir='ltr'><strong>cit,</strong></span> <span class='ocrx_word' id='word_1_671' title='bbox 2136 3507 2464 3564; x_wconf 88' lang='lat' dir='ltr'><strong>contrarius</strong></span> <span class='ocrx_word' id='word_1_672' title='bbox 2494 3506 2587 3562; x_wconf 90' lang='lat' dir='ltr'><strong>his</strong></span> <span class='ocrx_word' id='word_1_673' title='bbox 2646 3523 2774 3578; x_wconf 62' lang='lat' dir='ltr'><strong>qua</strong></span> <span class='ocrx_word' id='word_1_674' title='bbox 2815 3505 3096 3576; x_wconf 89' lang='lat' dir='ltr'><strong>loquitur.</strong></span> <span class='ocrx_word' id='word_1_675' title='bbox 3157 3503 3316 3558; x_wconf 87' lang='lat' dir='ltr'><strong>Hanc</strong></span> <span class='ocrx_word' id='word_1_676' title='bbox 3376 3499 3651 3556; x_wconf 68' lang='lat' dir='ltr'><strong>doctrina:</strong></span> 
     </span>
    </p>
   </div>
   <div class='ocr_carea' id='block_1_96' title="bbox 2002 3592 3650 3663">
    <p class='ocr_par' dir='ltr' id='par_1_96' title="bbox 2002 3592 3650 3663">
     <span class='ocr_line' id='line_1_96' title="bbox 2002 3592 3650 3663; baseline -0.005 -11"><span class='ocrx_word' id='word_1_677' title='bbox 2002 3594 2381 3652; x_wconf 88' lang='lat' dir='ltr'><strong>traditionem</strong></span> <span class='ocrx_word' id='word_1_678' title='bbox 2414 3595 2750 3651; x_wconf 83' lang='lat' dir='ltr'><strong>manifestat</strong></span> <span class='ocrx_word' id='word_1_679' title='bbox 2781 3594 3072 3650; x_wconf 84' lang='lat' dir='ltr'><strong>maximus</strong></span> <span class='ocrx_word' id='word_1_680' title='bbox 3130 3592 3225 3647; x_wconf 90' lang='lat' dir='ltr'><strong>ille</strong></span> <span class='ocrx_word' id='word_1_681' title='bbox 3276 3596 3650 3663; x_wconf 79' lang='lat' dir='ltr'><strong>mystagogus</strong></span> 
     </span>
    </p>
   </div>
   <div class='ocr_carea' id='block_1_97' title="bbox 2003 3679 3656 3758">
    <p class='ocr_par' dir='ltr' id='par_1_97' title="bbox 2003 3679 3656 3758">
     <span class='ocr_line' id='line_1_97' title="bbox 2003 3679 3656 3758; baseline -0.005 -17"><span class='ocrx_word' id='word_1_682' title='bbox 2003 3685 2104 3758; x_wconf 91' lang='lat' dir='ltr'><strong>qui</strong></span> <span class='ocrx_word' id='word_1_683' title='bbox 2126 3685 2306 3740; x_wconf 91' lang='lat' dir='ltr'><strong>dixit:</strong></span> <span class='ocrx_word' id='word_1_684' title='bbox 2343 3685 2551 3741; x_wconf 89' lang='lat' dir='ltr'><strong>Omnia</strong></span> <span class='ocrx_word' id='word_1_685' title='bbox 2585 3702 2710 3756; x_wconf 80' lang='lat' dir='ltr'><strong>quae</strong></span> <span class='ocrx_word' id='word_1_686' title='bbox 2744 3684 2995 3739; x_wconf 86' lang='lat' dir='ltr'><strong>dixerint</strong></span> <span class='ocrx_word' id='word_1_687' title='bbox 3015 3683 3176 3738; x_wconf 88' lang='lat' dir='ltr'><strong>vobis</strong></span> <span class='ocrx_word' id='word_1_688' title='bbox 3199 3681 3532 3737; x_wconf 82' lang='lat' dir='ltr'><strong>sacerdotes</strong></span> <span class='ocrx_word' id='word_1_689' title='bbox 3564 3679 3656 3733; x_wconf 83' lang='lat' dir='ltr'><strong>fa-</strong></span> 
     </span>
    </p>
   </div>
   <div class='ocr_carea' id='block_1_98' title="bbox 2003 3771 3655 3845">
    <p class='ocr_par' dir='ltr' id='par_1_98' title="bbox 2003 3771 3655 3845">
     <span class='ocr_line' id='line_1_98' title="bbox 2003 3771 3655 3845; baseline -0.005 -14"><span class='ocrx_word' id='word_1_690' title='bbox 2003 3791 2153 3845; x_wconf 89' lang='lat' dir='ltr'><strong>cere,</strong></span> <span class='ocrx_word' id='word_1_691' title='bbox 2184 3773 2393 3842; x_wconf 84' lang='lat' dir='ltr'><strong>facite;</strong></span> <span class='ocrx_word' id='word_1_692' title='bbox 2427 3774 2754 3830; x_wconf 89' lang='lat' dir='ltr'><strong>secundum</strong></span> <span class='ocrx_word' id='word_1_693' title='bbox 2808 3777 3005 3828; x_wconf 89' lang='lat' dir='ltr'><strong>autem</strong></span> <span class='ocrx_word' id='word_1_694' title='bbox 3037 3771 3272 3826; x_wconf 89' lang='lat' dir='ltr'><strong>illorum</strong></span> <span class='ocrx_word' id='word_1_695' title='bbox 3330 3785 3526 3842; x_wconf 83' lang='lat' dir='ltr'><strong>opera,</strong></span> <span class='ocrx_word' id='word_1_696' title='bbox 3559 3784 3655 3822; x_wconf 88' lang='lat' dir='ltr'><strong>no-</strong></span> 
     </span>
    </p>
   </div>
   <div class='ocr_carea' id='block_1_99' title="bbox 2000 3863 2494 3920">
    <p class='ocr_par' dir='ltr' id='par_1_99' title="bbox 2000 3863 2494 3920">
     <span class='ocr_line' id='line_1_99' title="bbox 2000 3863 2494 3920; baseline -0.016 0"><span class='ocrx_word' id='word_1_697' title='bbox 2000 3863 2103 3920; x_wconf 85' lang='lat' dir='ltr'><strong>lite</strong></span> <span class='ocrx_word' id='word_1_698' title='bbox 2129 3864 2335 3919; x_wconf 82' lang='lat' dir='ltr'><strong>faeere.</strong></span> <span class='ocrx_word' id='word_1_699' title='bbox 2365 3863 2429 3916; x_wconf 81' lang='grc'>¹⁴.</span> <span class='ocrx_word' id='word_1_700' title='bbox 2466 3885 2494 3912; x_wconf 90' lang='grc'><strong>››</strong></span> 
     </span>
    </p>
   </div>
   <div class='ocr_carea' id='block_1_100' title="bbox 2071 3945 3652 4024">
    <p class='ocr_par' dir='ltr' id='par_1_100' title="bbox 2071 3945 3652 4024">
     <span class='ocr_line' id='line_1_100' title="bbox 2071 3945 3652 4024; baseline -0.006 -16"><span class='ocrx_word' id='word_1_701' title='bbox 2071 3954 2124 4008; x_wconf 89' lang='lat'><strong>6.</strong></span> <span class='ocrx_word' id='word_1_702' title='bbox 2159 3954 2199 4008; x_wconf 87' lang='lat' dir='ltr'>E</span> <span class='ocrx_word' id='word_1_703' title='bbox 2230 3957 2485 4024; x_wconf 79' lang='lat' dir='ltr'><strong>quatuor</strong></span> <span class='ocrx_word' id='word_1_704' title='bbox 2514 3951 2695 4024; x_wconf 86' lang='lat' dir='ltr'><strong>igitur</strong></span> <span class='ocrx_word' id='word_1_705' title='bbox 2727 3967 2759 4006; x_wconf 92' lang='lat' dir='ltr'><strong>a</strong></span> <span class='ocrx_word' id='word_1_706' title='bbox 2789 3951 2957 4006; x_wconf 92' lang='lat' dir='ltr'><strong>nobis</strong></span> <span class='ocrx_word' id='word_1_707' title='bbox 3013 3950 3320 4020; x_wconf 89' lang='lat' dir='ltr'><strong>hucusque</strong></span> <span class='ocrx_word' id='word_1_708' title='bbox 3352 3945 3652 4019; x_wconf 85' lang='lat' dir='ltr'><strong>expostiis,</strong></span> 
     </span>
    </p>
   </div>
   <div class='ocr_carea' id='block_1_101' title="bbox 2001 4036 3653 4114">
    <p class='ocr_par' dir='ltr' id='par_1_101' title="bbox 2001 4036 3653 4114">
     <span class='ocr_line' id='line_1_101' title="bbox 2001 4036 3653 4114; baseline -0.005 -16"><span class='ocrx_word' id='word_1_709' title='bbox 2001 4059 2118 4098; x_wconf 90' lang='lat' dir='ltr'><strong>uno</strong></span> <span class='ocrx_word' id='word_1_710' title='bbox 2151 4043 2415 4114; x_wconf 89' lang='lat' dir='ltr'><strong>quidem,</strong></span> <span class='ocrx_word' id='word_1_711' title='bbox 2472 4043 2626 4114; x_wconf 89' lang='lat' dir='ltr'><strong>quod</strong></span> <span class='ocrx_word' id='word_1_712' title='bbox 2687 4040 2957 4114; x_wconf 91' lang='lat' dir='ltr'><strong>privatim</strong></span> <span class='ocrx_word' id='word_1_713' title='bbox 2987 4056 3054 4096; x_wconf 91' lang='lat' dir='ltr'><strong>ea</strong></span> <span class='ocrx_word' id='word_1_714' title='bbox 3085 4056 3213 4111; x_wconf 66' lang='lat' dir='ltr'><strong>quaa</strong></span> <span class='ocrx_word' id='word_1_715' title='bbox 3251 4043 3393 4094; x_wconf 90' lang='lat' dir='ltr'><strong>sunt</strong></span> <span class='ocrx_word' id='word_1_716' title='bbox 3422 4036 3653 4090; x_wconf 86' lang='lat' dir='ltr'><strong>virtutis</strong></span> 
     </span>
    </p>
   </div>
   <div class='ocr_carea' id='block_1_102' title="bbox 2002 4125 3652 4204">
    <p class='ocr_par' dir='ltr' id='par_1_102' title="bbox 2002 4125 3652 4204">
     <span class='ocr_line' id='line_1_102' title="bbox 2002 4125 3652 4204; baseline -0.005 -16"><span class='ocrx_word' id='word_1_717' title='bbox 2002 4138 2269 4204; x_wconf 87' lang='lat' dir='ltr'><strong>agantur,</strong></span> <span class='ocrx_word' id='word_1_718' title='bbox 2325 4148 2440 4187; x_wconf 89' lang='lat' dir='ltr'><strong>uno</strong></span> <span class='ocrx_word' id='word_1_719' title='bbox 2469 4131 2699 4186; x_wconf 89' lang='lat' dir='ltr'><strong>vidente</strong></span> <span class='ocrx_word' id='word_1_720' title='bbox 2755 4135 2820 4185; x_wconf 92' lang='lat' dir='ltr'><strong>ut</strong></span> <span class='ocrx_word' id='word_1_721' title='bbox 2848 4131 3022 4186; x_wconf 89' lang='lat' dir='ltr'><strong>etiam</strong></span> <span class='ocrx_word' id='word_1_722' title='bbox 3052 4130 3365 4196; x_wconf 88' lang='lat' dir='ltr'><strong>doceatur;</strong></span> <span class='ocrx_word' id='word_1_723' title='bbox 3396 4125 3652 4182; x_wconf 89' lang='lat' dir='ltr'><strong>secundo</strong></span> 
     </span>
    </p>
   </div>
   <div class='ocr_carea' id='block_1_103' title="bbox 2001 4213 3651 4293">
    <p class='ocr_par' dir='ltr' id='par_1_103' title="bbox 2001 4213 3651 4293">
     <span class='ocr_line' id='line_1_103' title="bbox 2001 4213 3651 4293; baseline -0.005 -17"><span class='ocrx_word' id='word_1_724' title='bbox 2001 4237 2158 4291; x_wconf 89' lang='lat' dir='ltr'><strong>vero,</strong></span> <span class='ocrx_word' id='word_1_725' title='bbox 2191 4237 2292 4293; x_wconf 92' lang='lat' dir='ltr'><strong>per</strong></span> <span class='ocrx_word' id='word_1_726' title='bbox 2322 4219 2503 4275; x_wconf 89' lang='lat' dir='ltr'><strong>alium</strong></span> <span class='ocrx_word' id='word_1_727' title='bbox 2539 4219 2776 4274; x_wconf 90' lang='lat' dir='ltr'><strong>modum</strong></span> <span class='ocrx_word' id='word_1_728' title='bbox 2811 4218 3123 4290; x_wconf 85' lang='lat' dir='ltr'><strong>separatim</strong></span> <span class='ocrx_word' id='word_1_729' title='bbox 3157 4220 3448 4289; x_wconf 89' lang='lat' dir='ltr'><strong>agentem,</strong></span> <span class='ocrx_word' id='word_1_730' title='bbox 3497 4213 3651 4285; x_wconf 91' lang='lat' dir='ltr'><strong>quod</strong></span> 
     </span>
    </p>
   </div>
   <div class='ocr_carea' id='block_1_104' title="bbox 2002 4305 3652 4382">
    <p class='ocr_par' dir='ltr' id='par_1_104' title="bbox 2002 4305 3652 4382">
     <span class='ocr_line' id='line_1_104' title="bbox 2002 4305 3652 4382; baseline -0.005 -16"><span class='ocrx_word' id='word_1_731' title='bbox 2002 4310 2240 4382; x_wconf 90' lang='lat' dir='ltr'><strong>quidem</strong></span> <span class='ocrx_word' id='word_1_732' title='bbox 2266 4327 2382 4365; x_wconf 91' lang='lat' dir='ltr'><strong>non</strong></span> <span class='ocrx_word' id='word_1_733' title='bbox 2413 4314 2665 4382; x_wconf 83' lang='lat' dir='ltr'><strong>agantur</strong></span> <span class='ocrx_word' id='word_1_734' title='bbox 2693 4309 2864 4370; x_wconf 89' lang='lat' dir='ltr'><strong>bona,</strong></span> <span class='ocrx_word' id='word_1_735' title='bbox 2900 4308 2998 4362; x_wconf 90' lang='lat' dir='ltr'><strong>sed</strong></span> <span class='ocrx_word' id='word_1_736' title='bbox 3034 4306 3134 4361; x_wconf 89' lang='lat' dir='ltr'><strong>illa</strong></span> <span class='ocrx_word' id='word_1_737' title='bbox 3165 4305 3355 4361; x_wconf 65' lang='lat' dir='ltr'><strong>caeteri</strong></span> <span class='ocrx_word' id='word_1_738' title='bbox 3400 4305 3652 4359; x_wconf 83' lang='lat' dir='ltr'><strong>docean-</strong></span> 
     </span>
    </p>
   </div>
   <div class='ocr_carea' id='block_1_105' title="bbox 2000 4392 3652 4470">
    <p class='ocr_par' dir='ltr' id='par_1_105' title="bbox 2000 4392 3652 4470">
     <span class='ocr_line' id='line_1_105' title="bbox 2000 4392 3652 4470; baseline -0.005 -15"><span class='ocrx_word' id='word_1_739' title='bbox 2000 4404 2100 4456; x_wconf 90' lang='lat' dir='ltr'><strong>tur</strong></span> <span class='ocrx_word' id='word_1_740' title='bbox 2123 4425 2138 4467; x_wconf 88' lang='lat'><strong>;</strong></span> <span class='ocrx_word' id='word_1_741' title='bbox 2159 4400 2329 4456; x_wconf 87' lang='lat' dir='ltr'><strong>tertio</strong></span> <span class='ocrx_word' id='word_1_742' title='bbox 2357 4405 2578 4464; x_wconf 84' lang='lat' dir='ltr'><strong>autem,</strong></span> <span class='ocrx_word' id='word_1_743' title='bbox 2615 4399 2769 4470; x_wconf 90' lang='lat' dir='ltr'><strong>quod</strong></span> <span class='ocrx_word' id='word_1_744' title='bbox 2802 4403 3056 4468; x_wconf 87' lang='lat' dir='ltr'><strong>agantur</strong></span> <span class='ocrx_word' id='word_1_745' title='bbox 3086 4395 3324 4468; x_wconf 87' lang='lat' dir='ltr'><strong>quidem</strong></span> <span class='ocrx_word' id='word_1_746' title='bbox 3345 4409 3520 4464; x_wconf 90' lang='lat' dir='ltr'><strong>opera</strong></span> <span class='ocrx_word' id='word_1_747' title='bbox 3538 4392 3652 4447; x_wconf 89' lang='lat' dir='ltr'><strong>Deo</strong></span> 
     </span>
    </p>
   </div>
   <div class='ocr_carea' id='block_1_106' title="bbox 2003 4481 3655 4561">
    <p class='ocr_par' dir='ltr' id='par_1_106' title="bbox 2003 4481 3655 4561">
     <span class='ocr_line' id='line_1_106' title="bbox 2003 4481 3655 4561; baseline -0.005 -17"><span class='ocrx_word' id='word_1_748' title='bbox 2003 4489 2310 4561; x_wconf 90' lang='lat' dir='ltr'><strong>placentia,</strong></span> <span class='ocrx_word' id='word_1_749' title='bbox 2340 4493 2398 4544; x_wconf 88' lang='lat' dir='ltr'><strong>et</strong></span> <span class='ocrx_word' id='word_1_750' title='bbox 2428 4488 2513 4544; x_wconf 90' lang='lat' dir='ltr'><strong>sic</strong></span> <span class='ocrx_word' id='word_1_751' title='bbox 2543 4487 2739 4558; x_wconf 91' lang='lat' dir='ltr'><strong>aliquo</strong></span> <span class='ocrx_word' id='word_1_752' title='bbox 2800 4486 2970 4541; x_wconf 89' lang='lat' dir='ltr'><strong>modo</strong></span> <span class='ocrx_word' id='word_1_753' title='bbox 3011 4484 3137 4540; x_wconf 90' lang='lat' dir='ltr'><strong>sine</strong></span> <span class='ocrx_word' id='word_1_754' title='bbox 3195 4499 3331 4538; x_wconf 83' lang='lat' dir='ltr'><strong>voce</strong></span> <span class='ocrx_word' id='word_1_755' title='bbox 3389 4481 3655 4536; x_wconf 90' lang='lat' dir='ltr'><strong>doctrina</strong></span> 
     </span>
    </p>
   </div>
   <div class='ocr_carea' id='block_1_107' title="bbox 773 4566 1893 4658">
    <p class='ocr_par' dir='ltr' id='par_1_107' title="bbox 773 4566 1890 4648">
     <span class='ocr_line' id='line_1_107' title="bbox 773 4566 1890 4648; baseline 0.007 -28"><span class='ocrx_word' id='word_1_756' title='bbox 773 4566 1029 4642; x_wconf 88' lang='grc' dir='ltr'>τετάρτου</span> <span class='ocrx_word' id='word_1_757' title='bbox 1110 4568 1199 4622; x_wconf 83' lang='grc' dir='ltr'><strong>καὶ</strong></span> <span class='ocrx_word' id='word_1_758' title='bbox 1267 4567 1638 4648; x_wconf 75' lang='grc' dir='ltr'>ὶντελεστέρου</span> <span class='ocrx_word' id='word_1_759' title='bbox 1689 4573 1758 4628; x_wconf 75' lang='grc' dir='ltr'><strong>τὰ</strong></span> <span class='ocrx_word' id='word_1_760' title='bbox 1815 4573 1890 4636; x_wconf 76' lang='grc' dir='ltr'><strong>εἰς</strong></span> 
     </span>
    </p>
   </div>
   <div class='ocr_carea' id='block_1_108' title="bbox 2008 4566 3651 4658">
    <p class='ocr_par' dir='ltr' id='par_1_108' title="bbox 2008 4568 3651 4644">
     <span class='ocr_line' id='line_1_108' title="bbox 2008 4568 3651 4644; baseline -0.008 -10"><span class='ocrx_word' id='word_1_761' title='bbox 2008 4579 2290 4644; x_wconf 89' lang='lat' dir='ltr'><strong>tradatur,</strong></span> <span class='ocrx_word' id='word_1_762' title='bbox 2324 4578 2426 4633; x_wconf 91' lang='lat' dir='ltr'><strong>sed</strong></span> <span class='ocrx_word' id='word_1_763' title='bbox 2459 4593 2574 4632; x_wconf 91' lang='lat' dir='ltr'><strong>non</strong></span> <span class='ocrx_word' id='word_1_764' title='bbox 2606 4575 2708 4631; x_wconf 84' lang='lat' dir='ltr'><strong>ﬁat</strong></span> <span class='ocrx_word' id='word_1_765' title='bbox 2764 4577 3251 4631; x_wconf 90' lang='lat' dir='ltr'><strong>documentorum</strong></span> <span class='ocrx_word' id='word_1_766' title='bbox 3283 4568 3610 4626; x_wconf 87' lang='lat' dir='ltr'><strong>enuntiatio</strong></span> <span class='ocrx_word' id='word_1_767' title='bbox 3638 4585 3651 4635; x_wconf 90' lang='lat'><strong>;</strong></span> 
     </span>
    </p>
   </div>
   <div class='ocr_carea' id='block_1_109' title="bbox 2005 4657 3653 4738">
    <p class='ocr_par' dir='ltr' id='par_1_109' title="bbox 2005 4657 3653 4738">
     <span class='ocr_line' id='line_1_109' title="bbox 2005 4657 3653 4738; baseline -0.007 -16"><span class='ocrx_word' id='word_1_768' title='bbox 2005 4673 2213 4738; x_wconf 87' lang='lat' dir='ltr'><strong>quarto</strong></span> <span class='ocrx_word' id='word_1_769' title='bbox 2244 4683 2378 4721; x_wconf 88' lang='lat' dir='ltr'><strong>vero</strong></span> <span class='ocrx_word' id='word_1_770' title='bbox 2410 4671 2466 4721; x_wconf 90' lang='lat' dir='ltr'><strong>et</strong></span> <span class='ocrx_word' id='word_1_771' title='bbox 2497 4667 2567 4721; x_wconf 86' lang='lat' dir='ltr'><strong>ad</strong></span> <span class='ocrx_word' id='word_1_772' title='bbox 2601 4664 3090 4736; x_wconf 84' lang='lat' dir='ltr'><strong>perfectissimam</strong></span> <span class='ocrx_word' id='word_1_773' title='bbox 3121 4660 3359 4718; x_wconf 84' lang='lat' dir='ltr'><strong>virtutis</strong></span> <span class='ocrx_word' id='word_1_774' title='bbox 3391 4657 3653 4729; x_wconf 90' lang='lat' dir='ltr'><strong>discipli-</strong></span> 
     </span>
    </p>
   </div>
   <div class='ocr_carea' id='block_1_110' title="bbox 2003 4746 3656 4826">
    <p class='ocr_par' dir='ltr' id='par_1_110' title="bbox 2003 4746 3656 4826">
     <span class='ocr_line' id='line_1_110' title="bbox 2003 4746 3656 4826; baseline -0.007 -14"><span class='ocrx_word' id='word_1_775' title='bbox 2003 4772 2142 4812; x_wconf 88' lang='lat' dir='ltr'><strong>nam</strong></span> <span class='ocrx_word' id='word_1_776' title='bbox 2174 4754 2539 4826; x_wconf 89' lang='lat' dir='ltr'><strong>perfectiore,</strong></span> <span class='ocrx_word' id='word_1_777' title='bbox 2573 4754 2728 4824; x_wconf 91' lang='lat' dir='ltr'><strong>quod</strong></span> <span class='ocrx_word' id='word_1_778' title='bbox 2769 4753 2964 4808; x_wconf 86' lang='lat' dir='ltr'><strong>debita</strong></span> <span class='ocrx_word' id='word_1_779' title='bbox 3021 4755 3289 4822; x_wconf 87' lang='lat' dir='ltr'><strong>agantur,</strong></span> <span class='ocrx_word' id='word_1_780' title='bbox 3351 4753 3407 4804; x_wconf 92' lang='lat' dir='ltr'><strong>et</strong></span> <span class='ocrx_word' id='word_1_781' title='bbox 3454 4746 3656 4818; x_wconf 88' lang='lat' dir='ltr'><strong>lingua</strong></span> 
     </span>
    </p>
   </div>
   <div class='ocr_carea' id='block_1_111' title="bbox 2001 4835 3652 4916">
    <p class='ocr_par' dir='ltr' id='par_1_111' title="bbox 2001 4835 3652 4916">
     <span class='ocr_line' id='line_1_111' title="bbox 2001 4835 3652 4916; baseline -0.006 -16"><span class='ocrx_word' id='word_1_782' title='bbox 2001 4860 2070 4900; x_wconf 88' lang='lat' dir='ltr'><strong>ex</strong></span> <span class='ocrx_word' id='word_1_783' title='bbox 2098 4843 2397 4916; x_wconf 90' lang='lat' dir='ltr'><strong>proposito</strong></span> <span class='ocrx_word' id='word_1_784' title='bbox 2427 4846 2794 4913; x_wconf 77' lang='lat' dir='ltr'><strong>exponentur</strong></span> <span class='ocrx_word' id='word_1_785' title='bbox 2825 4840 3085 4912; x_wconf 86' lang='lat' dir='ltr'><strong>agenda;</strong></span> <span class='ocrx_word' id='word_1_786' title='bbox 3117 4838 3272 4911; x_wconf 90' lang='lat' dir='ltr'><strong>quod</strong></span> <span class='ocrx_word' id='word_1_787' title='bbox 3296 4835 3652 4908; x_wconf 74' lang='lat' dir='ltr'><strong>czeteroquin</strong></span> 
     </span>
    </p>
   </div>
   <div class='ocr_carea' id='block_1_112' title="bbox 1999 4927 3655 4999">
    <p class='ocr_par' dir='ltr' id='par_1_112' title="bbox 1999 4927 3655 4999">
     <span class='ocr_line' id='line_1_112' title="bbox 1999 4927 3655 4999; baseline -0.005 -11"><span class='ocrx_word' id='word_1_788' title='bbox 1999 4935 2069 4988; x_wconf 93' lang='lat' dir='ltr'><strong>ad</strong></span> <span class='ocrx_word' id='word_1_789' title='bbox 2101 4932 2374 4987; x_wconf 88' lang='lat' dir='ltr'><strong>virtutem</strong></span> <span class='ocrx_word' id='word_1_790' title='bbox 2425 4929 2523 4986; x_wconf 88' lang='lat' dir='ltr'><strong>alii</strong></span> <span class='ocrx_word' id='word_1_791' title='bbox 2556 4930 2884 4998; x_wconf 88' lang='lat' dir='ltr'><strong>trahantur,</strong></span> <span class='ocrx_word' id='word_1_792' title='bbox 2947 4931 3004 4984; x_wconf 90' lang='lat' dir='ltr'><strong>et</strong></span> <span class='ocrx_word' id='word_1_793' title='bbox 3047 4927 3130 4983; x_wconf 91' lang='lat' dir='ltr'><strong>sic</strong></span> <span class='ocrx_word' id='word_1_794' title='bbox 3187 4927 3655 4999; x_wconf 79' lang='lat' dir='ltr'><strong>multiplicantur</strong></span> 
     </span>
    </p>
   </div>
   <div class='ocr_carea' id='block_1_113' title="bbox 1998 5016 3651 5090">
    <p class='ocr_par' dir='ltr' id='par_1_113' title="bbox 1998 5016 3651 5090">
     <span class='ocr_line' id='line_1_113' title="bbox 1998 5016 3651 5090; baseline -0.005 -12"><span class='ocrx_word' id='word_1_795' title='bbox 1998 5021 2098 5078; x_wconf 92' lang='lat' dir='ltr'><strong>Dei</strong></span> <span class='ocrx_word' id='word_1_796' title='bbox 2129 5021 2300 5089; x_wconf 89' lang='lat' dir='ltr'><strong>servi,</strong></span> <span class='ocrx_word' id='word_1_797' title='bbox 2329 5024 2386 5075; x_wconf 90' lang='lat' dir='ltr'><strong>et</strong></span> <span class='ocrx_word' id='word_1_798' title='bbox 2413 5036 2447 5075; x_wconf 91' lang='lat' dir='ltr'><strong>a</strong></span> <span class='ocrx_word' id='word_1_799' title='bbox 2477 5020 2744 5087; x_wconf 89' lang='lat' dir='ltr'><strong>docente,</strong></span> <span class='ocrx_word' id='word_1_800' title='bbox 2776 5022 3058 5090; x_wconf 88' lang='lat' dir='ltr'><strong>tanquam</strong></span> <span class='ocrx_word' id='word_1_801' title='bbox 3086 5019 3252 5085; x_wconf 89' lang='lat' dir='ltr'><strong>duce,</strong></span> <span class='ocrx_word' id='word_1_802' title='bbox 3287 5021 3492 5073; x_wconf 88' lang='lat' dir='ltr'><strong>contra</strong></span> <span class='ocrx_word' id='word_1_803' title='bbox 3536 5016 3651 5070; x_wconf 76' lang='lat' dir='ltr'><strong>daa-</strong></span> 
     </span>
    </p>
   </div>
   <div class='ocr_carea' id='block_1_114' title="bbox 1995 5105 3652 5180">
    <p class='ocr_par' dir='ltr' id='par_1_114' title="bbox 1995 5105 3652 5180">
     <span class='ocr_line' id='line_1_114' title="bbox 1995 5105 3652 5180; baseline -0.005 -14"><span class='ocrx_word' id='word_1_804' title='bbox 1995 5127 2198 5166; x_wconf 90' lang='lat' dir='ltr'><strong>mones</strong></span> <span class='ocrx_word' id='word_1_805' title='bbox 2228 5109 2630 5165; x_wconf 85' lang='lat' dir='ltr'><strong>inscribantur</strong></span> <span class='ocrx_word' id='word_1_806' title='bbox 2663 5107 2877 5163; x_wconf 87' lang='lat' dir='ltr'><strong>milites</strong></span> <span class='ocrx_word' id='word_1_807' title='bbox 2900 5108 3030 5180; x_wconf 91' lang='lat' dir='ltr'><strong>(hoc</strong></span> <span class='ocrx_word' id='word_1_808' title='bbox 3057 5106 3348 5178; x_wconf 92' lang='lat' dir='ltr'><strong>reliquum</strong></span> <span class='ocrx_word' id='word_1_809' title='bbox 3385 5111 3443 5162; x_wconf 90' lang='lat' dir='ltr'><strong>et</strong></span> <span class='ocrx_word' id='word_1_810' title='bbox 3476 5105 3652 5177; x_wconf 88' lang='lat' dir='ltr'><strong>quin-</strong></span> 
     </span>
    </p>
   </div>
   <div class='ocr_carea' id='block_1_115' title="bbox 1995 5194 3645 5271">
    <p class='ocr_par' dir='ltr' id='par_1_115' title="bbox 1995 5194 3645 5271">
     <span class='ocr_line' id='line_1_115' title="bbox 1995 5194 3645 5271; baseline -0.004 -17"><span class='ocrx_word' id='word_1_811' title='bbox 1995 5204 2157 5255; x_wconf 90' lang='lat' dir='ltr'><strong>tum:</strong></span> <span class='ocrx_word' id='word_1_812' title='bbox 2192 5215 2381 5271; x_wconf 89' lang='lat' dir='ltr'><strong>neque</strong></span> <span class='ocrx_word' id='word_1_813' title='bbox 2415 5199 2620 5268; x_wconf 84' lang='lat' dir='ltr'><strong>facere,</strong></span> <span class='ocrx_word' id='word_1_814' title='bbox 2684 5214 2872 5270; x_wconf 91' lang='lat' dir='ltr'><strong>neque</strong></span> <span class='ocrx_word' id='word_1_815' title='bbox 2929 5199 3158 5263; x_wconf 87' lang='lat' dir='ltr'><strong>docere,</strong></span> <span class='ocrx_word' id='word_1_816' title='bbox 3218 5194 3645 5252; x_wconf 83' lang='lat' dir='ltr'><strong>contumeliose</strong></span> 
     </span>
    </p>
   </div>
   <div class='ocr_carea' id='block_1_116' title="bbox 1993 5280 3652 5360">
    <p class='ocr_par' dir='ltr' id='par_1_116' title="bbox 1993 5280 3652 5360">
     <span class='ocr_line' id='line_1_116' title="bbox 1993 5280 3652 5360; baseline -0.004 -16"><span class='ocrx_word' id='word_1_817' title='bbox 1993 5290 2379 5360; x_wconf 88' lang='lat' dir='ltr'><strong>rejiciendum</strong></span> <span class='ocrx_word' id='word_1_818' title='bbox 2413 5295 2558 5344; x_wconf 91' lang='lat' dir='ltr'><strong>este</strong></span> <span class='ocrx_word' id='word_1_819' title='bbox 2592 5288 2767 5342; x_wconf 88' lang='lat' dir='ltr'><strong>rebus</strong></span> <span class='ocrx_word' id='word_1_820' title='bbox 2801 5287 3098 5354; x_wconf 88' lang='lat' dir='ltr'><strong>humanis,</strong></span> <span class='ocrx_word' id='word_1_821' title='bbox 3134 5286 3383 5341; x_wconf 80' lang='lat' dir='ltr'><strong>maxime</strong></span> <span class='ocrx_word' id='word_1_822' title='bbox 3437 5299 3568 5337; x_wconf 89' lang='lat' dir='ltr'><strong>vero</strong></span> <span class='ocrx_word' id='word_1_823' title='bbox 3621 5280 3652 5338; x_wconf 76' lang='grc' dir='ltr'><strong><em>ὀ</em></strong></span> 
     </span>
    </p>
   </div>
   <div class='ocr_carea' id='block_1_117' title="bbox 1990 5373 3654 5448">
    <p class='ocr_par' dir='ltr' id='par_1_117' title="bbox 1990 5373 3654 5448">
     <span class='ocr_line' id='line_1_117' title="bbox 1990 5373 3654 5448; baseline -0.005 -12"><span class='ocrx_word' id='word_1_824' title='bbox 1990 5379 2224 5436; x_wconf 88' lang='lat' dir='ltr'><strong>divinis.</strong></span> <span class='ocrx_word' id='word_1_825' title='bbox 2262 5379 2506 5433; x_wconf 90' lang='lat' dir='ltr'><strong>Evidens</strong></span> <span class='ocrx_word' id='word_1_826' title='bbox 2539 5382 2628 5433; x_wconf 85' lang='lat' dir='ltr'><strong>est</strong></span> <span class='ocrx_word' id='word_1_827' title='bbox 2657 5377 2812 5432; x_wconf 89' lang='lat' dir='ltr'><strong>enim</strong></span> <span class='ocrx_word' id='word_1_828' title='bbox 2839 5377 2990 5448; x_wconf 92' lang='lat' dir='ltr'><strong>quod</strong></span> <span class='ocrx_word' id='word_1_829' title='bbox 3049 5376 3282 5431; x_wconf 89' lang='lat' dir='ltr'><strong>illorum</strong></span> <span class='ocrx_word' id='word_1_830' title='bbox 3317 5373 3462 5429; x_wconf 91' lang='lat' dir='ltr'><strong>nulli</strong></span> <span class='ocrx_word' id='word_1_831' title='bbox 3494 5390 3654 5428; x_wconf 73' lang='lat' dir='ltr'><strong>com-</strong></span> 
     </span>
    </p>
   </div>
   <div class='ocr_carea' id='block_1_118' title="bbox 1987 5467 3644 5542">
    <p class='ocr_par' dir='ltr' id='par_1_118' title="bbox 1987 5467 3644 5542">
     <span class='ocr_line' id='line_1_118' title="bbox 1987 5467 3644 5542; baseline -0.005 -16"><span class='ocrx_word' id='word_1_832' title='bbox 1987 5470 2158 5542; x_wconf 87' lang='lat' dir='ltr'><strong>petit,</strong></span> <span class='ocrx_word' id='word_1_833' title='bbox 2191 5470 2294 5526; x_wconf 90' lang='lat' dir='ltr'><strong>sed</strong></span> <span class='ocrx_word' id='word_1_834' title='bbox 2329 5467 2492 5540; x_wconf 88' lang='lat' dir='ltr'><strong>genti</strong></span> <span class='ocrx_word' id='word_1_835' title='bbox 2523 5483 2649 5540; x_wconf 68' lang='lat' dir='ltr'><strong>quae</strong></span> <span class='ocrx_word' id='word_1_836' title='bbox 2683 5467 3010 5524; x_wconf 86' lang='lat' dir='ltr'><strong>secundum</strong></span> <span class='ocrx_word' id='word_1_837' title='bbox 3044 5467 3368 5522; x_wconf 70' lang='lat' dir='ltr'><strong>daemonem</strong></span> <span class='ocrx_word' id='word_1_838' title='bbox 3397 5467 3505 5532; x_wconf 91' lang='lat' dir='ltr'><strong>est,</strong></span> <span class='ocrx_word' id='word_1_839' title='bbox 3540 5479 3644 5535; x_wconf 87' lang='lat' dir='ltr'><strong>ap-</strong></span> 
     </span>
    </p>
   </div>
  </div>
