4114 6200
359 382 461 442 641

1337 380 1419 441 ΙΝ
1464 378 1529 440 S.
1574 373 2256 451 QUADRAGESIMAM
2301 374 2593 440 ORATIO
2637 378 2745 442 III.

3618 398 3743 461 642

356 508 656 599 ἀδιδάκτως
704 509 1069 599 ἀλογίζεσθαι,
1121 506 1383 585 κύμϐαλα
1444 511 1479 580 ἢ
1534 506 1786 599 κώδωνες
1815 504 1852 576 ἢ
1883 505 1945 561 αὖ

2087 507 2495 599 imprudenter
2519 525 2711 583 agere,
2752 529 2885 570 cum
2917 515 3036 572 sint
3084 517 3197 590 ipsi
3247 524 3596 599 cymbalum,
3630 536 3736 590 aut

351 598 432 654 λοῖ
482 600 631 655 αὐτοὶ
688 595 856 668 ὄντες,
913 598 987 654 ὧν
1038 597 1264 655 ἕκαστον
1314 599 1499 678 φωνήν
1535 607 1630 672 μὲν
1661 596 1851 675 ἀφίησι
1882 595 1974 652 καί

347 710 442 743 που
493 689 579 743 καὶ
636 689 771 765 πρὸς
816 686 1042 759 ἡδονὴν,
1101 690 1166 745 οὗ
1220 689 1431 760 συνίησι
1489 686 1567 755 δὶ,
1592 688 1643 742 τί
1703 708 1835 742 ποτε
1879 685 1972 741 καὶ

348 780 530 855 βοᾷ-
560 780 612 834 οἱ
663 777 902 835 τοιοῦτοι
948 775 1152 855 ἔρημον
1207 779 1301 852 μὲν
1333 778 1369 848 ἢ
1421 778 1657 851 ἑτεροῖόν
1693 798 1811 832 τινα
1866 797 1968 831 πα-

343 862 590 941 ράϐυστον
621 868 790 923 τόπον
848 868 948 923 οὐκ
1004 869 1065 922 ἃν
1123 867 1528 938 ὶπιζητήσαιεν.
1578 870 1698 928 Πῶς
1744 868 1847 941 γὰρ
1901 864 1965 920 ἃν

340 958 385 1011 οἱ
546 955 770 1032 γλώσσῃ
821 958 1201 1033 πανηγυρίζειν
1237 958 1583 1029 προθέμενοι,
1631 956 1722 1009 καὶ
1772 956 1968 1031 ἀγορά-

341 1050 505 1113 ζοντες
551 1044 639 1099 ἐπὶ
689 1046 983 1117 ἀσπασμῷ,
1042 1044 1130 1099 καὶ
1186 1044 1249 1099 τὸ
1305 1043 1584 1108 καλεῖσθαι
1627 1038 1812 1099 Ῥαϐϐὶ
1862 1044 1967 1121 πρὸ

334 1132 520 1196 παντὸς
563 1128 731 1208 ἔργου
773 1134 1161 1207 ποιησάμενοι,
1199 1133 1288 1188 καὶ
1337 1133 1401 1189 τὸ
1456 1135 1549 1206 μὲν
1601 1134 1717 1189 κατ’
1768 1136 1963 1210 ἀρετὴν

332 1223 611 1297 πρακτικὸν
653 1221 1047 1294 συστείλαντες,
1081 1222 1246 1296 μόνον
1281 1219 1338 1278 δὲ
1365 1222 1429 1277 τὸ
1461 1220 1700 1293 λαλητὸν
1752 1222 1967 1300 θεατρί-

333 1313 501 1379 ζοντες
524 1329 539 1380 ;

393 1419 452 1481 θ’.
485 1419 583 1473 Καὶ
642 1416 796 1492 ὅμως
849 1416 964 1473 οὐδ’
1020 1418 1176 1474 αὐτοὶ
1226 1417 1435 1474 τέλειον
1481 1418 1814 1474 ἐπισπῶνται
1863 1418 1963 1494 ψό-

325 1527 435 1581 γον,
467 1507 554 1561 οἷα
603 1507 668 1561 τὸ
712 1504 904 1577 καλὸν,
964 1508 1016 1561 οἱ
1064 1508 1154 1562 καὶ
1214 1509 1289 1580 μὴ
1340 1506 1693 1581 ἡμισεύουσιν
1722 1503 1960 1582 ἀκριϐῶς

326 1593 442 1650 ἀλλ’
499 1594 575 1656 εἰς
636 1592 834 1671 μερίδα
884 1600 1012 1669 γοῦν
1056 1616 1176 1650 τινα
1206 1593 1658 1670 ἑγκολπούμενου
1691 1596 1779 1651 καὶ
1814 1595 1962 1652 εἴποι

318 1704 396 1746 τις
443 1682 502 1736 ἃν
560 1680 777 1753 δεξιῶς,
828 1684 1006 1762 φέρειν
1067 1683 1262 1746 αὐτοὺς
1294 1683 1356 1739 οὐ
1404 1683 1611 1760 φαῦλον
1645 1681 1960 1760 γλωσσόκο-

322 1794 438 1845 μον,
497 1772 761 1829 ὑπόκενον
791 1771 849 1828 δὲ
905 1775 1118 1837 πάντως
1172 1774 1377 1850 ἀγαθοῦ
1433 1775 1722 1851 κέρματος.
1754 1777 1828 1831 Τὸ
1857 1776 1957 1853 γὰρ

2082 596 2547 655 tintinnabulum
2561 603 2662 655 aut
2680 600 2856 671 tibias,
2883 620 3132 676 quorum
3149 596 3613 687 unumquodque
3643 636 3736 677 so-

2084 702 2226 778 num
2258 687 2497 759 quidem
2528 688 2744 745 emittit
2773 698 2831 747 et
2863 693 3125 752 forsitam
3151 700 3222 754 ad
3272 702 3735 778 jucunditatem,

2082 777 2182 830 sed
2218 793 2331 831 non
2364 778 2659 852 intelligit,
2694 784 2831 853 quid
2868 802 3127 857 unquam
3161 790 3378 860 reboet,
3409 795 3556 852 tales
3613 777 3734 857 ere?

2082 881 2243 919 mum
2262 868 2348 921 vel
2370 867 2550 923 alium
2574 876 2863 928 secretum
2880 874 3068 931 locum
3090 895 3206 935 non
3224 883 3737 954 quaesierintouo-

2081 955 2261 1049 modo
2283 956 2441 1049 enim
2472 957 2557 1012 sic
2590 964 2953 1033 agerent,qui
2976 963 3178 1037 lingua
3206 968 3428 1042 fulgere
3459 978 3725 1049 cupiunt,

2079 1044 2389 1117 torumque
2413 1047 2782 1118 frequentant
2812 1058 2877 1107 ut
2906 1054 3255 1127 salutentur,
3276 1068 3329 1117 et
3350 1044 3727 1135 super'omne

2078 1149 2225 1205 opus
2251 1135 2443 1191 vocari
2474 1138 2656 1193 Rahbi
2689 1144 2989 1213 satagunt,
3022 1150 3080 1201 et
3118 1146 3177 1202 in
3228 1150 3476 1208 obscuro
3526 1156 3720 1212 minu-

2077 1225 2197 1277 tam
2243 1223 2477 1281 virtutis
2523 1228 2995 1287 exercitationem
3048 1237 3358 1306 reducunt,
3417 1243 3722 1317 solamque

2073 1310 2363 1383 loquelam
2389 1313 2446 1368 in
2480 1317 2882 1387 spectaculum
2913 1323 3206 1380 tradunt?

2142 1413 2197 1469 9.
2223 1415 2289 1471 Et
2318 1423 2515 1473 tamen
2548 1419 2660 1491 ipsi
2694 1438 2808 1477 non
2838 1424 2950 1479 sibi
3008 1428 3360 1499 completam
3419 1437 3723 1495 attrahunt

2072 1503 2583 1577 vituperationem,
2612 1526 2726 1565 non
2743 1528 2913 1569 secus
2933 1531 2998 1569 ac
3028 1515 3573 1594 bonum,siquidem
3608 1544 3722 1583 non

2072 1598 2342 1683 accurate
2373 1596 2516 1651 forte
2549 1597 2881 1667 dimidiant,
2915 1604 3017 1657 sed
3073 1611 3226 1662 certe
3282 1608 3341 1663 in
3398 1616 3720 1683 quamdam

2072 1682 2325 1772 mediam
2359 1690 2581 1755 partem
2611 1687 3006 1760 involvuntur,
3039 1700 3097 1749 et
3125 1696 3337 1769 aliquis
3371 1682 3484 1757 non
3527 1703 3723 1772 inepte

2069 1770 2288 1826 diceret
2315 1772 2474 1844 ipsos
2501 1774 2649 1830 ferre
2680 1792 2786 1832 nos
2807 1779 2977 1835 vilem
3005 1785 3445 1855 capsulam,sed
3479 1770 3721 1863 prorsus

320 1862 368 1917 ἐν
423 1864 585 1938 ἀρετῇ
634 1861 958 1941 κεφάλαιον,
1013 1864 1113 1932 τὴν
1180 1862 1479 1919 ἐπαινετέαν
1510 1868 1723 1939 πρᾶξιν,
1760 1867 1945 1921 ἁπονο·

2074 1860 2224 1915 bono
2259 1862 2505 1918 numulo
2535 1882 2802 1923 vacuam.
2836 1871 2994 1933 Quod
3029 1873 3187 1930 enim
3235 1878 3293 1933 in
3327 1860 3538 1938 virtute
3569 1901 3715 1955 pra:-

319 1954 584 2032 σφίσαντες
631 1955 862 2023 ἑαυτῶν,
938 1954 1036 2023 τήν
1081 1958 1213 2029 γοῦν
1277 1953 1521 2028 ἐνάρετον
1578 1952 1772 2009 λαλιὰν
1833 1977 1957 2034 σφε-

316 2043 604 2118 τερίζονται
638 2063 654 2076 ο
715 2044 805 2099 καὶ
865 2041 1148 2119 φιλοῦνται
1204 2043 1294 2098 καὶ
1352 2043 1504 2098 αὐτοὶ
1559 2046 1657 2112 τῆς
1709 2042 1959 2120 ἐναρέτου

316 2132 615 2209 φωνασκίας
646 2178 661 2202 ,
725 2133 864 2188 καθά
912 2152 1021 2187 που
1075 2132 1168 2187 καὶ
1218 2136 1326 2187 τῶν
1386 2132 1618 2204 ὀρνίθων
1676 2134 1794 2187 ὅσοι
1842 2135 1960 2189 κατ’

314 2218 588 2296 ἄνθρωποι
654 2218 844 2277 λαλεῖν
903 2220 1338 2297 ὑποκορίζονται,
1411 2220 1500 2275 καὶ
1550 2220 1625 2282 είς
1700 2226 1954 2277 τοσοῦτον

316 2310 469 2382 μόνον
501 2309 965 2385 ἀνθρωπίζοντατ.
1020 2309 1119 2364 Καὶ
1177 2306 1367 2370 ἄλλως
1414 2306 1473 2364 δὲ
1516 2309 1694 2388 φάναι,
1724 2310 1787 2364 τὸ
1817 2309 1955 2385 γλυ-

309 2399 537 2453 κύτατον
567 2396 728 2453 αὐτοὶ
777 2398 905 2471 μέλι
957 2399 1379 2472 μυσαττόμενοι,
1433 2398 1597 2473 οὗπερ
1656 2399 1685 2453 6
1725 2399 1953 2475 γευόμε-

308 2516 390 2558 νος
445 2495 653 2558 έκεῖνος
710 2493 870 2565 οἶδεν,
930 2496 960 2550 ’ὸ
1009 2495 1061 2551 τί
1116 2494 1249 2550 ποτέ
1304 2494 1414 2550 ἔστι
1466 2495 1530 2550 τὸ
1584 2499 1680 2549 τοῦ
1732 2494 1953 2567 μέλιτος

307 2580 478 2660 ἔργον,
539 2583 678 2640 ἀλλ’
727 2582 818 2639 οῦν
872 2584 963 2639 καὶ
1022 2583 1350 2657 ὀνομάζουσι
1384 2583 1532 2657 μέλι,
1581 2583 1669 2638 καὶ
1698 2585 1955 2661 φυσιολοτ

306 2677 482 2747 γοῦσιν
516 2673 678 2742 αὐτὸ,
726 2673 816 2728 καὶ
875 2671 1136 2727 ἐντιθέασι
1191 2693 1388 2748 γνωσιν
1448 2672 1611 2726 αὐτοῦ
1639 2678 1756 2734 τοῖς
1784 2675 1950 2748 ἀκρο-

306 2762 551 2835 ωμένοις,
603 2760 700 2817 καὶ
733 2760 1021 2836 ἐπάγονται
1080 2759 1275 2823 αὐτοὺς
1330 2760 1503 2823 οὕτως
1555 2759 1677 2835 έρᾷν
1707 2766 1804 2816 τοῦ
1855 2764 1949 2836 μέ-

307 2848 467 2920 λιτος,
526 2850 624 2906 καὶ
679 2851 841 2905 τοῦτό
898 2870 958 2924 γε
1015 2847 1262 2903 δοκοῦσιν
1310 2846 1458 2924 ἔχειν
1515 2871 1567 2904 τι
1592 2849 1813 2905 ἐπαίνου
1860 2852 1950 2906 καὶ

306 2939 475 2994 αὐτοί·
542 2943 674 3002 σῦες
736 2939 853 3011 μὲν,
895 2938 925 2992 6'
980 2958 1162 3015 φασιν,
1222 2932 1372 2999 ὅντες
1425 2937 1489 2993 τὰ
1520 2937 1573 3001 ἐς
1605 2939 1823 3015 ἀποχήν
1852 2944 1950 2995 τοῦ

304 3026 791 3105 πραγματειώδους
849 3025 1107 3099 μέλιτος,
1171 3026 1590 3103 ὑποκρινόμενοι
1647 3025 1705 3083 δε
1760 3026 1949 3094 ἄλλως

303 3117 360 3170 τὸ
390 3116 439 3172 ἐν
473 3117 795 3189 ἀνθρωποις
825 3114 1127 3193 φιλόκαλον
1161 3112 1253 3170 διὰ
1280 3118 1380 3185 τὴν
1414 3116 1821 3193 χρηστολογίαν
1852 3123 1948 3173 τοῦ

2070 1947 2308 2019 oipuum
2341 1955 2449 2020 est,
2484 1951 2837 2011 laudabilem
2871 1959 3159 2017 actionem
3196 1980 3230 2018 a
3271 1982 3333 2021 se
3390 1947 3719 2040 rejicientes

2070 2040 2599 2097 commendabilem
2633 2051 2922 2116 usurpant
2949 2047 3278 2120 lequelam;
3311 2061 3367 2111 et
3410 2058 3520 2129 ipsi
3580 2068 3721 2118 sunt

2069 2131 2360 2184 amatores
2392 2131 2646 2202 pulchris
2667 2132 3003 2204 locutionis,
3038 2139 3188 2195 sicut
3219 2158 3286 2198 ex
3344 2147 3548 2204 avibus
3606 2151 3719 2208 illis

2068 2232 2193 2310 quis
2226 2220 2546 2310 secundum
2609 2222 2906 2281 hominem
2965 2226 3123 2299 loqui
3171 2232 3428 2291 molliter
3479 2238 3716 2310 callent,

2065 2309 2124 2360 et
2149 2305 2209 2360 in
2241 2305 2350 2362 hoc
2380 2309 2570 2365 solum
2605 2311 2873 2369 homines
2895 2314 3193 2387 simulant,
3220 2323 3289 2377 ad
3322 2324 3490 2381 aliter
3517 2305 3715 2388 autem

2064 2392 2450 2491 loquendum,
2496 2398 2920 2491 dulcissimum
2965 2405 3076 2477 ipsi
3135 2409 3249 2465 mel
3306 2413 3710 2491 abhorrentes,

2061 2484 2213 2570 quod
2248 2485 2346 2555 qui
2374 2488 2805 2560 gustavit,quid
2836 2491 2913 2547 sit
2937 2494 3053 2549 mel
3079 2496 3204 2568 ipse
3218 2501 3395 2570 novit,
3429 2484 3708 2568 attamsm

2063 2569 2179 2625 mel
2213 2574 2537 2643 nominant,
2572 2582 2629 2632 et
2657 2577 2846 2650 ipsius
2876 2580 3167 2652 explicant
3192 2569 3483 2661 naturam,
3516 2601 3573 2651 et
3604 2616 3709 2654 no-

2062 2661 2281 2718 tionem
2313 2666 2443 2736 ejus
2473 2668 2840 2725 auditoribus
2871 2681 3188 2745 exponunt,
3222 2684 3278 2734 et
3308 2681 3392 2737 sic
3423 2684 3714 2747 inducunt

2061 2766 2161 2805 eos
2193 2753 2262 2847 ad
2297 2755 2412 2847 mel
2442 2759 2781 2847 amandum,
2816 2765 2874 2816 et
2903 2761 2961 2816 in
2997 2763 3101 2818 hoc
3133 2768 3340 2825 saltem
3393 2772 3504 2844 ipsi
3564 2793 3708 2847 quo-

2061 2857 2173 2912 que
2204 2841 2397 2899 laudis
2429 2846 2664 2918 aliquod
2702 2848 2910 2905 habere
2939 2852 3229 2909 videntur.
3253 2841 3515 2931 Sues,'ut
3559 2841 3711 2922 dici-

2059 2931 2176 3024 tur,
2210 2946 2343 3024 cum
2377 2932 2752 3024 sint-operosi
2798 2937 2989 2994 mellis
3047 2941 3431 3014 abstinentes,
3484 2950 3714 3024 ﬁngunt

2058 3016 2296 3075 aliunde
2324 3022 2474 3091 quod
2501 3021 2559 3077 in
2587 3023 2924 3081 hominibus
2953 3027 3106 3084 inest
3154 3030 3290 3087 hom
3352 3016 3707 3098 desiderium

2059 3122 2165 3177 per
2184 3124 2473 3165 ammnam
2505 3111 2576 3165 de
2606 3112 2892 3168 suavitate
2928 3113 3283 3175 locutionem
3311 3148 3324 3189 ς
3384 3124 3471 3179 vel
3528 3127 3707 3187 ictero

303 3204 695 3279 γλυκάζοντος⁴
754 3202 790 3273 ἢ
834 3192 1256 3280 τυραννούμενοι
1314 3205 1409 3277 μὶν
1444 3192 1686 3281 Ῠὶκτέρῳ,
1746 3204 1945 3271 εῗδότες

2063 3196 2384 3271 subjugati,
2416 3202 2742 3255 secundum
2775 3203 3075 3281 veritatem
3094 3207 3289 3264 vident
3310 3217 3367 3267 et
3388 3210 3709 3285 loquuntur

302 3292 355 3348 δὲ
406 3294 495 3348 καὶ
549 3291 916 3354 ἐκλαλοῦντες
974 3293 1112 3368 πρὸς
1169 3291 1433 3364 ἀλήθειαν
1489 3294 1552 3349 τὸ
1609 3294 1757 3368 μέλι,
1813 3295 1946 3373 ὅπερ

299 3382 446 3437 αὐτοὶ
506 3380 842 3437 ἐκκλίνουσι⁸
893 3381 984 3436 καὶ
1018 3381 1154 3457 ὀρθὰ
1196 3381 1290 3455 μὶν
1322 3382 1565 3459 προϊέναι
1597 3383 1699 3439 οὐκ
1723 3378 1944 3459 ἔχοντες

298 3468 416 3526 ἀλλ’
471 3469 575 3525 ὅσα
636 3469 725 3524 καὶ
780 3468 1029 3545 καρκίνοι
1115 3464 1503 3545 ῥαιϐούμενοι,
1556 3470 1943 3545 ἑρμηνεύοντες

296 3555 350 3613 δὲ
389 3561 487 3628 τήν
552 3559 749 3634 ὀρθὴν,
805 3558 880 3620 ὡς
933 3556 1051 3633 ἔχει
1107 3557 1337 3636 φύσεωςο
1386 3559 1477 3613 καὶ
1534 3558 1612 3620 εἰς
1668 3554 1791 3633 ὄψιν
1845 3560 1942 3632 μὶν

294 3650 762 3723 κακοπραγοῦντες
818 3648 1032 3719 μήποτε
1060 3646 1149 3701 καὶ
1178 3647 1253 3708 ὡς
1286 3644 1612 3724 άσφάλακες,
1654 3646 1941 3725 φιλοῦντες

296 3734 350 3792 δὲ
372 3737 527 3811 ὅμως
556 3740 625 3793 τὸ
654 3742 789 3817 φῶς,
820 3738 909 3793 κκὶ
958 3738 1229 3813 ἐνάγοντες
1256 3736 1332 3798 εἰς
1365 3736 1513 3806 αὐτὸ,
1545 3737 1634 3791 καὶ
1667 3734 1756 3792 διὰ
1773 3742 1938 3800 τοῦτο

294 3835 578 3904 προσοχῆς
610 3823 755 3890 ὄντες
784 3824 944 3898 ἄξιοι.

365 3935 414 3989 ι’.
447 3935 542 3989 Διὸ
572 3933 666 3988 καὶ
719 3934 747 3987 6
780 3933 975 4008 Σωτὴρ
1005 3934 1190 4005 ἡμῶν,
1223 3931 1251 3986 6
1293 3931 1383 3986 καὶ
1438 3933 1673 4003 ποιήσας
1718 3931 1938 4004 ἀληθῶς

283 4022 368 4076 καὶ
398 4019 620 4093 διδάξας
649 4016 909 4098 ἀκριϐῶς,
942 4021 1031 4076 καὶ
1092 4017 1273 4092 εἴδὼς,
1318 4020 1455 4075 εἷναί
1500 4041 1621 4075 τινα
1669 4019 1935 4099 ὠφέλειαν

279 4109 367 4165 καῖ
424 4110 477 4166 ἰν
526 4114 600 4184 τῇ
655 4109 843 4172 ἀπλως
902 4110 1073 4186 ἀγαθῇ
1134 4105 1480 4179 διδασκαλίᾳ,
1517 4108 1612 4163 at?”
1647 4108 1693 4163 εί
1737 4109 1824 4164 καὶ
1873 4109 1935 4166 ἐκ

281 4199 564 4274 στομάτων
626 4198 841 4275 ἀλόγων
901 4200 961 4267 ἢν
1023 4196 1190 4266 αὐτὴν
1250 4197 1634 4275 προφέρεσθαι,
1694 4196 1930 4275 παραδέ-

283 4283 437 4359 δωκε,
501 4284 647 4361 μηδὲ
702 4289 829 4349 τοὺς
886 4285 1126 4365 φαύλους
1152 4286 1318 4360 ἱερεῖς
1377 4287 1926 4359 ἁποπροσποιεῖσθαι,

282 4377 447 4452 ἀγαθά
494 4379 566 4432 τά
612 4375 747 4431 κατά
812 4376 940 4430 Θεὸν
1008 4372 1380 4436 διδάσκοντας.
1441 4374 1620 4443 Δῆλον
1677 4375 1780 4449 γὰρ
1822 4372 1927 4439 ἕως

280 4465 365 4518 καὶ
418 4470 527 4520 τῶν
590 4460 709 4541 ἄρτι
768 4458 1022 4531 εὐσεϐῶν,
1087 4461 1169 4516 ὅτι
1198 4458 1376 4524 οὐδεὶς
1408 4461 1471 4515 ἃν
1518 4460 1751 4535 τολμῴη
1785 4484 1925 4539 σχη-

2058 3285 2333 3377 de_melle
2362 3288 2517 3359 quod
2550 3288 2663 3359 ipsi
2696 3280 2965 3362 fugiunt;
2998 3299 3055 3349 et
3085 3303 3257 3369 recta
3292 3280 3528 3369 quidem
3579 3322 3710 3377 pro-

2052 3374 2259 3437 cedere
2317 3392 2430 3429 non
2488 3378 2726 3444 assueti,
2798 3379 2953 3435 velut
3018 3384 3212 3438 cancri
3293 3374 3710 3456 tortuosi,vre-

2054 3462 2401 3518 ctitudinem
2435 3463 2821 3522 nihilominus
2848 3468 3007 3539 quali
3040 3476 3250 3528 natura
3279 3475 3377 3541 sit,
3428 3476 3707 3552 interpre-

2051 3553 2256 3605 tantur
2277 3569 2290 3618 ;
2311 3556 2369 3606 et
2398 3552 2551 3608 circa
2582 3554 2771 3609 visum
2807 3555 2955 3611 male
2975 3558 3214 3629 quidem
3247 3560 3703 3634 babentes,forte

2051 3637 2207 3693 sicut
2235 3639 2423 3711 talpae,
2459 3640 2657 3697 lumen
2692 3647 2887 3698 tamen
2911 3651 3132 3712 amant,
3166 3656 3222 3704 et
3242 3650 3313 3705 ad
3347 3650 3487 3708 illud
3522 3655 3695 3713 indu-

2050 3732 2209 3797 cunt,
2241 3732 2298 3784 et
2324 3728 2455 3785 ideo
2484 3735 2625 3785 sunt
2652 3732 2973 3788 attentione
2994 3734 3174 3804 digni.

2129 3931 2214 3986 10.
2242 3927 2548 3999 Propterea
2578 3926 2846 3984 Salvator
2874 3934 3092 3998 noster,
3122 3932 3222 4002 qui
3273 3950 3404 3991 vers
3452 3938 3588 3996 fecit
3635 3947 3694 4001 et

2046 4024 2317 4078 accurate
2336 4017 2534 4074 docuit
2561 4021 2618 4072 et
2647 4016 2790 4071 vidit
2812 4033 2941 4073 esse
3000 4022 3315 4091 quamdam
3374 4027 3691 4088 utilitatem

2043 4113 2102 4167 in
2135 4108 2390 4181 simplici
2416 4108 2569 4163 bona
2600 4107 2889 4178 doctrina,
2927 4107 3064 4165 licet
3116 4128 3185 4167 ex
3237 4115 3442 4173 oribus
3491 4128 3694 4190 posset

2041 4196 2482 4255 irrationalibus
2513 4196 2725 4263 emitti,
2760 4213 2864 4252 nec
2898 4198 3085 4255 malos
3116 4205 3466 4274 sacerdotes,
3537 4210 3692 4267 bona

2040 4287 2369 4343 secundum
2396 4289 2575 4340 Deum
2591 4285 2888 4351 docentes.
2908 4293 3271 4360 respuendas
3284 4310 3409 4350 esse
3426 4298 3687 4355 tradidit.

2038 4377 2416 4433 Manifestum
2448 4379 2538 4429 est
2576 4374 2731 4429 enim
2786 4392 2971 4447 usque
3028 4379 3099 4433 ad
3161 4378 3478 4439 hodiernos
3536 4387 3687 4457 pios,

2037 4466 2192 4537 quod
2225 4480 2396 4520 nemo
2420 4462 2528 4518 rite
2560 4468 2860 4534 promotus
2891 4465 2948 4519 in
2992 4466 3285 4524 doctorem
3342 4478 3539 4544 aperte
3592 4493 3691 4532 au-

282 4554 642 4626 ματιζόμενος
682 4552 759 4614 είς
817 4548 1139 4606 διδάσκαλον
1197 4550 1669 4626 ἀπαρακαλύπτως
1729 4549 1918 4623 ἀνέδην

2072 4571 2165 4610 ere
2199 4554 2512 4626 praedicare
2541 4568 2668 4623 qua:
2700 4569 2814 4607 non
2838 4559 2976 4609 sunt
2997 4555 3168 4626 bona,
3204 4574 3308 4613 nec
3343 4559 3690 4622 beterodoxa

277 4643 564 4718 κηρύσσειν
622 4642 689 4697 τὰ
738 4642 816 4715 μὴ
901 4639 1044 4696 καλᾶ
1098 4639 1187 4695 καὶ
1250 4636 1770 4715 ἔτεροδιδασκαλεῖν,
1829 4641 1926 4696 κᾶν

278 4730 525 4787 ἀπάντων
557 4730 857 4807 ἀνθρώπων
918 4730 1002 4801 εἷή
1065 4730 1093 4784 6
1153 4724 1919 4808 χείριστος·πεπληροφόρη-

273 4839 357 4873 ται
383 4823 487 4896 γὰρ
546 4817 740 4893 μηδενὶ
797 4823 909 4874 τῶν
966 4818 1140 4892 ὀρθῶς
1182 4818 1547 4891 ἀκροωμένων
1577 4818 1922 4892 ἀποκεκρυμ-

275 4907 405 4981 μένα
458 4910 593 4964 εἶκαι
648 4910 718 4964 τὰ
770 4912 850 4980 τῷ
880 4912 997 4980 Θεῷ
1029 4908 1342 4981 ἀρέσκοντα,
1396 4904 1544 4961 ἀλλά
1597 4908 1699 4975 τήν
1754 4908 1923 4983 ὀρθὴν

272 4998 404 5071 πρὸς
434 4999 498 5053 τὸ
527 4996 696 5054 καλὸν
757 4994 880 5052 ὁδὸν
938 4996 1235 5073 λεωφόρων
1293 4995 1584 5067 ἐκκεῖσθαι,
1641 4998 1733 5051 καὶ
1789 5002 1918 5052 πᾶσι

269 5081 562 5161 τρίϐεσθαι⁹
622 5087 721 5142 ὅσα
767 5087 858 5141 καὶ
909 5085 1257 5154 πλατυτάτην
1287 5084 1549 5157 ἀμαξιτὸν
1588 5090 1707 5147 τοῖς
1765 5084 1921 5141 εὐθέα

274 5173 554 5250 βλέπουσι,
592 5174 861 5232 Βλέπουσι
912 5167 970 5230 δέ
1000 5174 1194 5236 πάντες
1226 5175 1279 5229 οἱ
1334 5172 1617 5235 πλείοντες
1649 5178 1783 5229 Θεοῦ
1813 5175 1916 5249 χά-

271 5281 400 5337 ριτι,
432 5262 502 5319 δι’
532 5266 593 5320 οὗ
623 5259 828 5320 ἔννοιαν
856 5266 1030 5321 κοιναὶ
1083 5263 1172 5318 καὶ
1231 5262 1478 5334 ἀξιώσεις
1508 5263 1576 5318 τὰ
1632 5267 1748 5327 θεῖα
1778 5262 1914 5340 πρό-

269 5371 473 5407 κεινται
502 5352 954 5430 παραγγέλματα.

339 5462 413 5497 ια.
447 5443 624 5499 Οὗκου
674 5437 1019 5514 ἀποϐλητέος
1077 5439 1167 5498 διὰ
1218 5446 1385 5497 ταῦτα
1442 5440 1568 5496 οὐδὶ
1619 5441 1647 5496 6
1706 5439 1913 5519 φαῦλος

2034 4641 2539 4713 docere,quamvis
2569 4641 2829 4696 omnium
2854 4640 3159 4699 hominum
3190 4653 3346 4702 esset
3368 4651 3682 4720 pessimus:

2033 4737 2238 4788 notum
2270 4734 2361 4785 est
2390 4729 2548 4784 enim
2584 4728 2805 4783 nemini
2836 4734 2987 4785 recte
3017 4732 3383 4790 audientium
3437 4739 3683 4795 abscon-

2032 4820 2153 4875 dita
2179 4834 2308 4874 esse
2340 4834 2468 4888 qua:
2499 4816 2616 4871 Deo
2648 4815 2900 4887 placent,
2929 4819 3026 4873 sed
3060 4826 3281 4898 rectam
3328 4826 3399 4880 ad
3461 4827 3682 4886 bonum

2030 4908 2182 4963 viam
2205 4905 2364 4962 omni
2394 4912 2591 4976 patere
2614 4904 2847 4973 populo,
2881 4923 2916 4960 a
2939 4908 3287 4978 cunctisque
3319 4916 3448 4981 teri,
3510 4920 3683 4988 quasi

2030 4995 2434 5067 largissimum
2466 4994 2576 5047 iter
2605 4998 2759 5047 recte
2805 4993 3161 5052 videntibus.
3215 4999 3428 5059 Vident
3481 5010 3679 5064 autem

2030 5099 2233 5141 omnes
2267 5098 2512 5139 numero
2537 5082 2791 5153 majores
2822 5081 3012 5153 gratia
3045 5085 3164 5151 Dei,
3189 5104 3293 5158 per
3318 5108 3488 5162 quem
3544 5111 3678 5151 sen-

2026 5173 2221 5229 tentiis
2235 5187 2577 5229 communes
2598 5176 2654 5226 et
2669 5170 2945 5242 dogmata
2965 5182 3275 5246 protegunt
3292 5180 3488 5237 divina
3509 5199 3678 5241 man-

2026 5263 2182 5319 data.

2098 5440 2185 5498 ll.
2218 5441 2343 5497 Non
2376 5440 2560 5512 igitur
2583 5437 2939 5507 rejiciendus
2968 5445 3061 5496 est
3090 5446 3328 5514 propter
3380 5444 3495 5501 ista
3550 5464 3675 5507 ma-

269 5529 567 5604 ἂνθρωπος,
626 5532 670 5587 εί
727 5533 822 5587 τὸν
853 5532 950 5605 μὶν
986 5526 1258 5608 βόρϐορον
1288 5531 1376 5585 καὶ
1426 5531 1517 5586 τὸν
1549 5533 1651 5595 τῆς
1682 5530 1913 5604 σαπρίας

2062 5549 2119 5587 Js
2149 5530 2346 5600 homo,
2378 5530 2424 5585 si
2452 5544 2681 5585 ccenum
2722 5527 2959 5600 quidem
3015 5534 3073 5585 et
3128 5532 3301 5589 cariei
3358 5534 3554 5593 facem
3613 5538 3674 5596 in

266 5617 436 5694 τρύγα
479 5622 610 5697 πρὸς
667 5625 746 5693 τῷ
802 5620 1031 5692 πυθμένι
1105 5626 1205 5689 τῆς
1255 5616 1477 5694 καρδίας
1534 5620 1778 5689 καθιστᾷ,
1836 5619 1911 5682 ὡς

2062 5618 2276 5675 ectoris
2306 5618 2597 5691 profundo
2625 5616 2884 5688 deponit,
2918 5621 2985 5673 ut
3040 5635 3231 5691 neque
3285 5620 3477 5680 visum
3538 5642 3676 5684 con-

269 5708 407 5780 μήτε
456 5705 572 5784 ὄψιν
629 5708 843 5780 λυπεῖν,
906 5712 1045 5784 μήτε
1102 5704 1302 5788 ὄσφραν
1346 5706 1690 5784 προπέμπειν
1725 5705 1910 5764 δυσέν-

2062 5707 2275 5778 ristent,
2330 5723 2518 5778 neque
2576 5705 2985 5764 maleolentcm
3058 5709 3328 5767 emittant
3412 5713 3674 5787 odorem,
