4114 6200
432 365 555 427 643

1211 353 1636 419 USTHATII
1677 351 2446 416 THESSALONICENSIS
2490 350 3074 413 METROPOLITJE

3733 351 3858 414 644

435 496 682 555 scaturit
721 498 940 562 autem,
972 491 1022 546 si
1061 489 1200 562 quid
1260 489 1406 543 forte
1452 486 1675 542 fontani
1715 485 2038 557 jucundiqu

2152 515 2171 554 ι
2199 503 2442 553 τευκτον,
2495 477 2838 552 ξαναόλύζει
2897 479 2977 550 δὲ,
3031 480 3086 536 εἶ’
3122 481 3176 537 τί
3203 503 3310 538 που
3365 487 3621 558 κρηναῖον
3677 481 3853 558 ῧγρα-

435 585 702 643 humoris
728 585 1046 638 introrsum
1071 579 1522 641 commiscetur;
1558 591 1811 647 namque
1832 575 1903 630 de
1931 579 2087 630 terra

428 674 750 734 ebullentia
783 670 999 726 fervida
1031 669 1257 722 lavacra
1300 667 1576 720 deorsum
1636 665 1694 718 in
1757 663 1914 719 cavis
1973 664 2082 719 sub

431 775 666 829 terram,
702 763 856 816 unde
885 763 1130 822 scatent,
1159 772 1296 824 non,
1323 760 1388 809 ut
1416 755 1664 820 videtur,
1690 755 1842 808 bona
1869 755 2082 822 forent,

434 857 534 912 sed
568 869 698 909 cum
726 851 796 904 ad
843 846 1184 902 exteriorem
1229 860 1421 899 aerem
1470 843 1771 898 elﬂuentia
1813 857 2080 897 excurre-

433 951 593 1012 runt,
621 938 985 998 accessibilia
1011 936 1409 1006 salutariaque
1440 935 1612 989 ﬁunt.

501 1189 586 1242 12.
620 1185 753 1240 Sine
775 1182 877 1255 qui
909 1182 1127 1236 bonum
1160 1175 1421 1249 loquitur
1452 1175 1635 1246 loqui,
1693 1171 1874 1230 veluti
1929 1190 2071 1246 puc-

422 1293 554 1334 rum
587 1275 646 1330 in
673 1271 857 1329 sacris
889 1269 1184 1336 lectorem,
1212 1265 1532 1338 qualesque
1583 1263 1920 1335 palmiferos
1979 1262 2068 1318 in-

419 1351 650 1432 fantes;
683 1367 740 1418 et
771 1377 885 1416 non
919 1356 1111 1414 solum
1137 1355 1432 1427 permitte,
1465 1353 1563 1408 sed
1594 1352 1771 1407 etiam
1804 1350 1982 1406 lauda
2011 1355 2070 1408 et

415 1457 636 1520 excita;
670 1456 734 1508 ut
763 1449 856 1504 his
877 1447 1201 1502 immorans
1232 1442 1626 1506 sermonibus,
1659 1445 1716 1496 et
1746 1445 2065 1511 occupatus

416 1559 684 1608 manens,
717 1545 772 1594 et
803 1538 874 1593 ad
909 1533 1052 1590 nihil
1076 1533 1233 1589 aliud
1277 1530 1581 1603 applicans
1635 1533 1888 1584 mentem
1949 1527 2063 1582 nisi

412 1635 485 1690 ad
515 1635 658 1688 bene
686 1625 1073 1700 loquendum,
1106 1623 1178 1676 ab
1209 1621 1432 1691 agendo
1457 1617 1608 1673 male
1629 1618 1884 1689 quodam
1913 1621 2062 1671 tem-

414 1739 552 1796 pore
583 1719 894 1775 abstineat.
928 1711 1193 1767 Forsitan
1227 1714 1420 1763 autem
1473 1723 1601 1762 sese
1649 1707 1922 1777 corriget.
1954 1703 2060 1759 ali-

411 1795 647 1884 quando
676 1805 957 1870 sentiens,
987 1815 1341 1864 sermonem,
1379 1802 1440 1852 ut
1462 1797 1543 1851 ita
1563 1795 1776 1860 dicam,
1810 1795 2057 1866 dignum

2196 593 2306 644 σμα
2334 569 2438 641 ἡδὺ
2493 567 2642 626 ἔνδον
2698 566 3064 627 συλλείϐεται·
3123 570 3238 626 ἐπεί
3295 593 3379 626 τοι
3430 572 3518 626 καὶ
3568 572 3635 626 τὰ
3679 579 3845 648 γῆθεν

2195 656 2593 735 ἐκϐραττόμενα
2669 661 2841 734 θερμά
2917 659 3121 732 λουτρά
3194 662 3342 714 κάτω
3423 661 3517 733 μὲν
3593 659 3643 714 ἐν
3721 667 3845 724 ταῖς

2190 749 2325 803 κατά
2379 755 2482 823 γῆν
2536 747 2771 810 κοιλίαις
2802 793 2816 817 ,
2878 750 2997 804 ὅθεν
3050 747 3401 803 ἐκκύπτουσιν
3461 749 3561 804 ούκ
3615 749 3676 804 an
3738 749 3842 804 εἶεν

2189 837 2406 912 χρηστά
2457 837 2530 898 ὡς
2597 837 2761 904 εἰκὸς,
2813 836 2903 892 ὅτε
2955 834 3014 892 δὲ
3075 837 3151 898 εἷς
3208 838 3300 892 τὸν
3355 837 3505 899 ἐκτὸς
3565 837 3692 910 ἀέρα
3753 837 3844 893 ἐκ·

2189 924 2437 1000 δράμωσι
2501 925 2884 1002 μεταρῥυέντα,
2939 926 3171 1002 προσιτά
3225 927 3314 982 καὶ
3363 929 3607 1003 σωτήρια
3659 930 3848 1003 γίνον-

2182 1036 2292 1071 ται.

2257 1169 2347 1243 ιβ’.
2404 1170 2572 1246 ’Ἄφες
2628 1169 2720 1223 τὸν
2775 1168 2838 1222 τὸ
2885 1168 3052 1224 καλὸν
3111 1167 3384 1225 λαλοῦντα
3440 1167 3652 1238 λαλεῖν,
3708 1171 3840 1225 ὡσεὶ

2177 1258 2265 1312 xui
2327 1254 2543 1311 παιδίον
2602 1258 2994 1332 ἀναγνωστικὸν
3049 1257 3101 1312 ἐν
3149 1264 3266 1322 τοῖς
3297 1259 3488 1334 ἱεροῖς,
3550 1258 3717 1314 ὁποῖα
3772 1260 3841 1314 τὰ

2183 1346 2449 1423 βαϊοφόρα
2515 1348 2702 1416 νήπια·
2773 1347 2861 1400 καὶ
2923 1349 2999 1419 μὴ
3061 1347 3227 1420 μόνον
3308 1349 3458 1422 ἄφες,
3527 1347 3673 1403 ἀλλά
3746 1351 3840 1403 καὶ

2175 1431 2582 1510 ἐπευλόγησον,
2631 1433 2717 1488 xui
2776 1431 3050 1509 ἐρέθισον,
3104 1433 3195 1490 ’ίνα
3254 1430 3606 1510 ἐμϐραδύνων
3653 1455 3839 1490 τοιου⁹

2177 1543 2296 1584 τοις
2330 1520 2541 1600 λόγοις,
2591 1523 2676 1577 xui
2740 1522 2983 1599 ἄσχολος
3044 1525 3240 1596 μένων,
3286 1525 3374 1578 xui
3432 1525 3569 1599 πρὸς
3632 1522 3833 1596 μηδενῖ

2175 1611 2339 1685 ἑτέρῳ
2393 1611 2482 1664 τὸν
2534 1609 2800 1686 λογισμὸν
2861 1608 3029 1687 ἔχων,
3081 1610 3204 1667 ἀλλ’
3236 1611 3271 1680 ἢ
3306 1613 3475 1685 μόνον
3510 1612 3834 1688 χρηστολο-

2171 1705 2284 1774 γῶν
2322 1742 2336 1768 ,
2391 1699 2657 1775 ἀπέχηται
2716 1705 2812 1755 τοῦ
2889 1706 3258 1776 κακοπραγεῖν
3318 1701 3452 1772 πρὸς
3479 1701 3666 1774 καιρὸν
3694 1706 3830 1777 γοῦν

2169 1809 2302 1845 τινα.
2364 1789 2540 1864 Τυχὸν
2603 1787 2660 1844 δὲ
2709 1786 3198 1865 καίιδιωρθώσατο
3231 1791 3439 1858 ἑαυτὸν,
3494 1789 3830 1863 αῗσθόμιενὸς

409 1875 478 1957 ex
511 1898 748 1967 indigno
790 1910 887 1949 ore
922 1907 984 1946 se
1043 1888 1319 1960 proferre.
1381 1885 1523 1950 Quis
1578 1885 1734 1939 enim
1798 1884 1957 1938 novit
1988 1899 2038 1938 al

2169 1898 2302 1931 ποτε
2335 1875 2525 1951 λόγον,
2578 1877 2652 1939 ὡς
2705 1876 2878 1939 οὕτως
2922 1877 3116 1948 εἷ’πεῖν,
3171 1877 3314 1948 ἄξιον
3364 1877 3413 1950 ἐξ
3445 1878 3662 1950 ἀναξίου
3691 1899 3831 1955 προ-

407 1991 535 2062 ipse
558 1991 892 2042 sanctorum
924 1979 1233 2034 verborum
1270 1975 1596 2044 frequentia
1635 1973 2054 2037 sanctiﬁcetur,

410 2060 606 2134 virtuti
641 2074 943 2130 adhaerens
967 2074 1023 2123 et
1049 2067 1133 2122 sic
1178 2065 1544 2120 assuefactus
1569 2061 1596 2116 ?
1627 2062 1696 2116 Et
1747 2060 2054 2131 discipulis

408 2169 609 2223 olferet
647 2181 709 2218 se
740 2171 1018 2231 tanquam
1061 2155 1295 2225 aliquod
1355 2152 1617 2208 divinum
1677 2167 2050 2217 coronamen,

404 2264 461 2313 et
493 2257 653 2327 pium
679 2250 935 2324 perficiet
957 2260 1248 2312 acervum,
1275 2241 1374 2313 qui
1399 2241 1472 2295 ab
1495 2241 1607 2295 isto
1630 2256 1811 2310 grano
1837 2239 2048 2311 profec-

401 2353 460 2400 to
476 2339 894 2400 cumulabitur.
927 2335 1073 2400 Quid
1111 2332 1377 2404 prohibet
1407 2327 1706 2384 hominem
1738 2329 1822 2383 sic
1854 2328 2052 2383 divina

402 2442 460 2492 et
489 2429 815 2489 laudabilia
844 2431 901 2482 et
931 2425 1002 2480 ab
1023 2422 1298 2478 omnibus
1351 2418 1725 2473 audientibus
1784 2417 2048 2488 probata,

403 2527 707 2580 docentem
760 2513 1214 2581 omnimodeque
1280 2507 1758 2578 acceptissimum
1831 2505 2048 2576 pudere

404 2626 637 2682 semper
659 2623 788 2663 esse
811 2602 1150 2659 mendacem
1169 2602 1345 2668 atque
1368 2595 1651 2649 absistere
1675 2609 2048 2664 semperesse

400 2681 697 2772 duplicem
731 2694 900 2749 aliter
933 2707 998 2744 ac
1030 2691 1278 2759 oportet,
1309 2689 1364 2739 et
1393 2683 1606 2738 habere
1663 2682 1831 2772 taedio
1889 2681 2046 2772 quod

398 2769 601 2859 lingua
632 2784 869 2856 quidem
904 2778 1140 2849 fulgeat,
1179 2775 1278 2830 sed
1315 2773 1511 2827 animo
1567 2771 1912 2826 tenebrosus
1969 2769 2048 2824 sit

397 2886 823 2942 sermonesque
857 2867 1132 2940 proferat,
1161 2861 1379 2934 quibus
1405 2864 1725 2914 mereretur
1746 2873 2044 2926 coronam,

395 2967 496 3024 sed
521 2980 697 3036 opera
719 2959 1024 3033 producat,
1055 2967 1305 3024 quorum
1339 2965 1510 3020 paena
1537 2950 1680 3003 foret
1710 2946 1900 3019 ipsius
1949 2962 2044 3001 ca-

393 3056 530 3130 pitis
566 3049 850 3109 absoissio
877 3045 905 3101 ?

474 3297 557 3352 13.
594 3292 888 3348 Habemus
919 3289 973 3340 et
1001 3280 1309 3339 historiam
1351 3295 1477 3350 quae
1522 3277 1702 3334 tradit
1759 3293 1866 3332 nec
1912 3292 2038 3332 esse

394 3378 939 3458 reprehendendum
959 3387 1094 3428 cum
1116 3369 1212 3441 qui
1236 3366 1548 3424 laudabilia
1560 3366 1797 3458 quidem
1813 3364 2036 3458 eloqui-

395 3455 513 3542 tur,
547 3472 646 3528 sed
672 3470 743 3523 de
764 3463 986 3522 caeteris
1030 3477 1141 3514 non
1178 3459 1260 3512 ita
1317 3457 1512 3512 sentit.
1567 3455 1739 3510 Illum
1795 3455 2033 3526 quidem

393 3562 685 3641 posterius
716 3555 1015 3611 hominem
1041 3563 1294 3613 sacrum,
1327 3543 1830 3617 quipostquamin
1864 3544 2034 3598 ﬁrma

389 3633 504 3712 fide
528 3644 939 3707 vacillavisset,
974 3644 1227 3694 attamen
1262 3633 1593 3690 necessario
1623 3649 1902 3703 magnum
1974 3633 2030 3688 in

389 3747 683 3800 doctorem
718 3736 1019 3806 provectus
1050 3730 1158 3791 est,
1194 3725 1424 3778 firmato
1450 3722 1604 3793 quod
1633 3721 1760 3792 ipse
1791 3721 2030 3792 quidem

387 3831 686 3904 cogitaret,
718 3831 1103 3894 quaecumque
1133 3814 1466 3904 cogitasset,
1518 3827 1638 3904 non
1674 3815 1866 3904 autem
1926 3810 2029 3864 Ec-

388 3899 628 3979 clesiam
666 3913 758 3968 Dei
808 3907 1178 3980 perverteret,
1235 3900 1334 3956 sed
1385 3903 1542 3954 recta
1607 3899 1859 3963 doceret,
1913 3915 2024 3952 non

385 4010 578 4068 fusius
619 3999 896 4058 historico
949 4009 1110 4048 more
1165 3989 1504 4060 producam.
1562 3987 1669 4041 Sed
1729 3987 1838 4042 hoc
1905 4002 2028 4040 ser-

385 4097 545 4156 moni
578 4096 814 4165 propter
842 4099 1036 4139 veram
1068 4077 1444 4151 praesentium
1505 4076 1818 4130 utilitatem
1877 4075 2024 4144 adji-

383 4191 556 4256 ciam,
589 4180 744 4254 quod
771 4175 890 4244 ille,
911 4171 1011 4244 qui
1038 4168 1274 4256 quidem
1309 4168 1469 4256 intus
1501 4182 1615 4220 non
1646 4169 1771 4220 erat
1813 4166 2022 4231 bonus,

379 4280 442 4334 in
474 4255 715 4330 haeresis
755 4282 869 4322 non
901 4260 1148 4316 laudatae
1172 4255 1416 4312 scientia
1446 4271 1687 4326 prorsus
1733 4260 2023 4323 versatus,

381 4369 441 4424 in
473 4365 565 4421 his
611 4364 804 4416 autem
855 4369 981 4425 quas
1014 4353 1154 4404 sunt
1204 4353 1383 4412 extra,
1445 4345 1635 4400 bonus
1677 4350 1820 4411 erat,
1872 4344 2024 4403 alius

376 4459 580 4530 postea
611 4452 811 4504 doctor
841 4441 1136 4498 correctus
1175 4440 1283 4530 est,
1313 4438 1368 4488 et
1397 4432 1800 4530 dupli‘citate‘m
1861 4434 1920 4488 in
1962 4451 2022 4530 [:6

376 4521 492 4603 non
525 4540 723 4596 debita
752 4533 1037 4588 reducens
1069 4526 1140 4580 ad
1174 4522 1485 4590 unitatem,
1511 4524 1574 4574 ut
1604 4521 1864 4587 decebat,
1910 4523 2019 4577 mi-

2164 1964 2312 2039 άγειν
2363 1965 2655 2038 στόματος.
2713 1964 2803 2028 Τίς
2855 1966 2956 2042 γὰρ
3013 1964 3179 2035 οἶδεν,
3228 1967 3273 2020 εἰ
3321 1969 3408 2021 xui
3443 1967 3608 2028 αὐτὸς
3665 1967 3827 2043 ἅγια-

2163 2055 2314 2124 σθείη
2347 2058 2426 2126 τῷ
2457 2059 2643 2129 συχνῷ
2691 2059 2788 2108 τοῦ
2837 2054 2994 2129 ἀγίου
3048 2055 3381 2133 φθέγματος,
3441 2055 3825 2127 ἐπακολουθήο

2164 2166 2256 2206 σας
2291 2192 2306 2218 ,
2367 2145 2456 2200 xui
2517 2145 2658 2200 οὕτω
2718 2147 3043 2210 συνεθισθεὶς
3101 2145 3179 2208 εἷς
3231 2149 3331 2216 τήν
3399 2147 3641 2222 ἀρετήν;
3719 2149 3823 2202 Καὶ

2160 2236 2461 2308 προσθήσει
2508 2241 2628 2296 τοῖς
2696 2236 2964 2308 μαθηταῖς
3023 2234 3208 2290 ἑαυτὸν
3263 2234 3337 2296 ὡς
3397 2235 3508 2289 οἶόν
3556 2256 3608 2289 τι
3668 2242 3819 2299 θεῖον

2160 2321 2485 2394 ἀκροθίνιον,
2544 2322 2633 2377 καὶ
2694 2323 2865 2396 σωρὸν
2927 2324 3211 2398 ἀπαρτίσει
3264 2323 3515 2400 θεοφιλῆ,
3567 2325 3626 2386 δς
3669 2325 3820 2397 παρὰ

2157 2407 2250 2464 ἕνα
2279 2415 2467 2466 τοῦτον
2499 2417 2687 2466 τοῦτον
2719 2407 2914 2466 κόκκον
2949 2413 3246 2487 σεσώρευτο
3289 2411 3365 2473 είς
3394 2411 3632 2474 ἀντελές.
3667 2419 3737 2468 Ἤ
3764 2414 3817 2468 τί

2157 2499 2360 2554 κωλύει
2419 2498 2700 2576 ἄνθρωπον
2763 2499 2906 2554 οὕτω
2966 2497 3286 2556 διδάσκοντα
3344 2502 3461 2555 θεῖα
3514 2501 3603 2556 καὶ
3656 2500 3812 2556 ἐπαιο

2156 2588 2276 2642 νετά
2305 2590 2393 2643 xui
2438 2589 2576 2663 πρὸς
2628 2591 2876 2644 ἁπάντων
2938 2589 3216 2662 ἀκροατῶν
3273 2587 3668 2665 εύλογούμενα,
3719 2591 3810 2645 xui

2155 2675 2425 2738 παντοίως
2477 2675 2841 2750 δεξιούμενον,
2900 2675 3206 2746 αἰδεσθῆναι
3265 2675 3553 2751 ψεύδεσθαι
3613 2677 3810 2734 διόλου

2155 2767 2368 2835 ἑαυτὸν,
2453 2766 2542 2821 καὶ
2627 2767 2976 2836 ἀπείπασθαι,
3037 2764 3266 2822 διπλοῦν
3329 2768 3462 2822 εἶναι
3519 2767 3601 2822 ἀεὶ
3661 2769 3810 2843 παρᾶ

2157 2851 2218 2908 δὸ
2276 2852 2418 2926 δέον,
2476 2855 2565 2910 xui
2621 2857 2846 2920 ὀκνῆσαι
2901 2859 2968 2929 τῇ
2999 2855 3224 2931 γλώσσῃ
3289 2855 3382 2929 μὲν
3429 2855 3807 2932 προλάμπειν,

2156 2942 2485 2998 ἐσκοτῶσθαι
2545 2942 2602 2999 δὶ
2654 2946 2721 2999 τά
2777 2943 2828 3006 ἐς
2883 2946 2982 3013 τὴν
3033 2947 3240 3020 ψυχήνο
3296 2945 3386 2999 καὶ
3444 2943 3644 3022 λόγους
3707 2947 3804 3019 μὶν

2152 3033 2465 3108 προφέρειν,
2525 3030 2572 3088 δ’
2628 3035 2701 3088 ὧν
2750 3035 3136 3111 καταστέφοιτο
3169 3033 3252 3104 ἃν,
3308 3032 3439 3109 ἔργα
3487 3033 3546 3090 δὶ
3569 3035 3804 3114 προφαίο

2149 3142 2280 3192 νειν,
2314 3123 2385 3176 ῶν
2418 3121 2640 3196 τίμημα
2667 3122 2756 3177 καὶ
2789 3122 2954 3192 αὐτῆς
2981 3121 3225 3198 κεφαλῆς
3253 3123 3529 3202 ἀφαίρεσις
3557 3144 3571 3194 ;

2225 3282 2312 3350 ιγ’.
2361 3277 2600 3352 ’Έχομεν
2655 3276 2744 3330 καὶ
2790 3275 3028 3350 ἱστορίαν
3074 3272 3501 3352 παραδιδοῦσαν,
3552 3277 3630 3339 ὡς
3689 3276 3796 3331 οὐκ

2145 3358 2256 3418 ἔστι
2328 3365 2506 3440 ψέγειν
2583 3361 2708 3418 οὐδὲ
2783 3365 2874 3418 τὸν
2943 3363 3304 3441 φθεγγόμενον
3384 3364 3479 3437 μὲν
3551 3364 3796 3439 ἐνάρετα,

2145 3458 2445 3530 φρονοῦντα
2475 3451 2532 3508 δὲ
2588 3453 2668 3508 ἐπ’
2701 3450 2897 3514 ἄλλοις
2943 3453 3052 3528 οὐχ
3081 3453 3244 3510 οὕτω.
3281 3453 3375 3507 Καὶ
3406 3453 3498 3507 τὸν
3533 3454 3630 3527 μὶν
3672 3454 3793 3508 ἐσύ-

2145 3563 2329 3618 στερον
2387 3543 2530 3617 ἱερὸν
2587 3541 2750 3618 ἄνδρα
2805 3541 3028 3614 ἐκεῖνον,
3083 3543 3142 3604 ὃς
3201 3541 3539 3619 ἐσφαλμένος
3594 3543 3670 3598 ὥν
3723 3544 3793 3597 τὰ

2143 3629 2196 3692 ἐς
2229 3632 2440 3709 ἀσφαλῆ
2475 3632 2673 3699 πίστιν,
2703 3633 2855 3704 ὅμως
2918 3631 3222 3706 ἀναγκαίως
3279 3630 3355 3692 εἰς
3419 3630 3582 3706 μέγαν
3617 3652 3793 3705 προη-

2140 3719 2310 3795 νὲχθη
2400 3718 2746 3792 διδάσκαλον,
2817 3722 3065 3794 κυρώσας
3139 3720 3298 3782 αὐτὸς
3378 3721 3472 3792 μὲν
3547 3727 3788 3798 φρονεῖν,

2141 3809 2271 3863 ἅττα
2332 3809 2392 3864 ἃν
2449 3811 2538 3864 xui
2581 3810 2836 3888 φρονοίη,
2891 3808 2950 3862 ’ἀν
2999 3811 3076 3881 μή
3107 3806 3164 3864 δὲ
3195 3807 3528 3887 διαστρέφειν
3559 3811 3660 3879 τήν
3692 3815 3789 3865 τοῦ

2139 3903 2271 3952 Θεοῦ
2303 3897 2652 3969 Ἐκκλησίαν,
2711 3897 2856 3953 ἀλλά
2912 3895 3177 3952 διδάσκειν
3231 3899 3296 3952 τά
3354 3898 3509 3974 ὀρθὰ,
3570 3898 3670 3953 οὐκ
3723 3898 3784 3952 ἂν

2139 3986 2215 4048 εἷς
2273 3985 2440 4043 πλέον
2499 3987 2704 4049 πλάτος
2765 3987 2977 4056 ἐκθείην
3045 3992 3380 4061 καθιστορῶν
3416 4030 3430 4044 .
3495 3992 3672 4042 Τοῦτο
3731 3985 3788 4042 δὲ

2135 4077 2430 4148 προσθείην
2483 4081 2562 4148 τῷ
2619 4075 2773 4151 λόγῳ
2801 4074 2890 4130 διὰ
2943 4077 3005 4130 τὸ
3060 4077 3198 4130 πάνυ
3226 4082 3342 4138 τοῖς
3373 4081 3607 4152 παροῦσι
3640 4079 3784 4152 χρή-

2135 4185 2316 4236 σιμον,
2371 4164 2452 4219 δτι
2512 4165 2601 4220 καὶ
2659 4164 2860 4226 ἐκεῖνος
2920 4166 2948 4220 ὁ
3003 4170 3070 4219 τά
3126 4163 3232 4219 ἔσω
3291 4165 3384 4238 μὲν
3429 4164 3530 4220 οὐκ
3562 4165 3778 4240 ἀγαθὰς,

2133 4253 2305 4324 πάντη
2367 4253 2684 4328 ἐπιστήμων
2741 4253 2878 4308 κατά
2933 4251 3134 4328 α’ίρεσιν
3195 4255 3297 4308 οὐκ
3341 4253 3782 4327 ἐπαινουμένην,

2131 4343 2196 4396 τὰ
2228 4340 2284 4396 δὲ
2312 4341 2463 4404 ἐκτὸς
2515 4343 2732 4417 ἀγαθὸς,
2767 4340 2939 4404 ἄλλος
2973 4339 3302 4403 διδάσκαλος
3343 4341 3565 4417 ὕστερον
3599 4343 3782 4417 χρόνῳ

2133 4426 2502 4504 διωρθώσατο,
2533 4432 2621 4486 xui
2677 4433 2774 4500 τὴν
2809 4429 2858 4486 ἐν
2894 4430 2956 4485 οὐ
3009 4428 3185 4486 δέοντι
3247 4428 3481 4499 διπλόην
3520 4428 3776 4503 μονάσας,

2131 4516 2207 4579 ὡς
2287 4516 2537 4592 ἔπρεπεν,
2615 4517 2826 4587 ἀπῆλθε
2893 4517 3053 4596 φίλος
3128 4520 3474 4594 παραστάτης
3543 4523 3662 4590 Θεῷ
3711 4520 3778 4590 τῇ

376 4598 459 4690 les
488 4633 602 4687 Deo
635 4639 807 4682 carus
839 4617 1044 4683 evasit,
1077 4613 1276 4683 lingua
1307 4608 1514 4665 melior
1543 4609 1801 4676 effectus,
1835 4615 1892 4665 et
1924 4628 2024 4682 per

2152 4605 2352 4681 γλώττῃ
2392 4605 2729 4682 βελτιωθεὶς,
2759 4606 2848 4661 καὶ
2882 4605 2950 4661 δι’
2981 4607 3149 4677 αὐτῆς
3204 4609 3302 4662 ὅσα
3358 4606 3448 4662 καί
3493 4628 3645 4668 τινος
3695 4609 3776 4661 ἀν-

374 4739 523 4787 eam,
555 4714 726 4789 quasi
760 4727 862 4784 per
907 4701 1296 4761 hauritorium
1345 4715 1414 4752 ex
1471 4696 1746 4752 interiore
1803 4699 2016 4768 rejecta

372 4814 528 4875 faece,
563 4787 680 4879 qua
710 4804 861 4858 bona
889 4791 1165 4879 doctrina:
1193 4803 1359 4879 aqua
1377 4787 1733 4879 reddebatur
1761 4787 2011 4879 inutilis.

371 4901 429 4954 Si
460 4874 597 4953 vero
627 4891 760 4964 quis
791 4882 992 4955 objicit
1021 4878 1188 4934 illum
1221 4875 1461 4946 quidem
1485 4874 1566 4964 ita
1586 4875 1739 4930 bona
1770 4877 2011 4931 fruitum

372 5002 500 5044 esse
530 4985 752 5053 lingua,
778 4975 878 5032 sed
911 4987 1024 5026 non
1057 4966 1238 5021 alium
1293 4963 1608 5032 quemdam
1650 4979 1778 5020 esse
1833 4964 2010 5020 talem

369 5086 704 5134 evasurum,
741 5060 978 5120 fortuito
1008 5054 1290 5126 loquitur,
1321 5056 1377 5106 et
1412 5057 1647 5122 prepter
1677 5056 2008 5124 paradoxon

367 5165 546 5235 hujus
579 5149 997 5232 propositionis
1027 5143 1239 5235 thesim
1273 5139 1540 5235 inutilem
1581 5145 1639 5235 et
1672 5141 2007 5235 instabilem

367 5229 1019 5311 for-tedefenderetﬁon
1035 5232 1191 5289 enim
1215 5229 1549 5301 Opinionem
1581 5229 2006 5302 impossibilem

363 5360 430 5400 ac
460 5342 520 5397 in
550 5339 820 5394 eventum
851 5321 1188 5384 testimonio
1212 5318 1518 5390 probatum
1551 5336 1665 5374 non
1698 5322 2006 5378 adductam

359 5432 484 5489 vult
509 5436 871 5500 oppugnare.
902 5415 1114 5500 Adeste
1136 5409 1317 5500 enim,
1349 5423 1554 5500 omnes
1596 5408 1670 5500 ab
1725 5412 2008 5500 exteriore

362 5519 468 5576 viri
499 5494 718 5580 selecti,
754 5518 1006 5582 quorum
1037 5498 1098 5553 ni
1145 5494 1240 5551 his
1297 5512 1424 5567 quis
1480 5496 1614 5552 ﬁdei
1675 5502 1816 5552 sunt
1873 5498 2008 5555 licet

359 5607 709 5666 alienorum,
744 5595 902 5654 mille
929 5595 1128 5647 tamen
1157 5582 1336 5640 rectis
1375 5583 1658 5642 doctrinis
1707 5602 1840 5642 cum
1901 5588 2004 5644 de-

360 5697 519 5754 tectu
544 5690 802 5756 student,
823 5682 904 5756 pii
948 5679 1216 5744 lectores,
1267 5677 1325 5728 et
1381 5673 1544 5744 ipsas
1592 5676 2004 5747 producentes,

2122 4693 2402 4769 τλητῆρος
2436 4695 2628 4772 ἐκχέας
2683 4697 2781 4764 τήν
2809 4693 2960 4750 ἔνδον
3011 4696 3155 4764 ἰλὺν,
3189 4693 3258 4751 δι’
3289 4697 3356 4765 ἧς
3386 4697 3448 4750 τὸ
3480 4695 3651 4751 καλὸν
3678 4703 3776 4767 τῆς

2125 4779 2477 4846 διδασκαλίας
2509 4785 2808 4859 ἠχρειοῦτο
2841 4781 3009 4859 ὕδωρ.
3070 4784 3137 4840 Ei
3196 4782 3251 4839 δέ
3305 4805 3387 4845 τις
3416 4785 3772 4861 ἀνθυποφέρει

2125 4871 2329 4928 ἐκεῖνον
2387 4874 2481 4946 μὲν
2529 4873 2672 4928 οὕτω
2730 4880 2829 4944 τῆς
2860 4875 3060 4949 ἀγαθῆς
3085 4872 3338 4949 γλώττης
3391 4869 3638 4940 ὄνασθαι,
3699 4872 3770 4945 μὴ

2123 4961 2183 5016 ἃν
2239 4959 2296 5016 δὲ
2353 4964 2487 5016 εἶναι
2545 4962 2632 5017 καὶ
2661 4961 2843 5039 ’ἐτερόν
2889 4984 3004 5016 τινα
3032 4967 3278 5018 τοιοῦτον
3310 4956 3606 5031 ἀποϐῆναι,
3639 4964 3769 5016 ἁπο-

2121 5051 2484 5127 κληρωτικῶς
2535 5051 2704 5128 λέγει,
2753 5053 2843 5108 καὶ
2902 5050 2992 5107 διὰ
3043 5053 3107 5108 τὸ
3163 5050 3463 5130 παράδοξον
3499 5059 3600 5121 τῆς
3640 5053 3768 5107 imo-

2120 5139 2344 5214 λήψεως
2395 5141 2595 5212 ταύτης
2641 5141 2788 5218 τάχα
2843 5142 2902 5196 ’ἂν
2956 5143 3097 5197 θέσιν
3159 5144 3423 5221 φυλάττοι
3461 5141 3552 5196 καὶ
3602 5141 3765 5212 αὐτὴν

2118 5230 2342 5306 ἀχρείαν
2375 5232 2463 5286 xui
2495 5233 2924 5307 άσυνηγόρητον.
2982 5229 3118 5288 Οὔτε
3165 5233 3268 5309 γὰρ
3325 5230 3589 5287 ἀδυνάτου
3640 5252 3761 5285 κατ-

2117 5329 2414 5399 επιχειρεῖν
2475 5321 2646 5388 ἐθέλει
2708 5321 2868 5396 δόξης
2905 5367 2919 5392 ,
2977 5325 3066 5378 καὶ
3122 5321 3247 5379 οὐδὲ
3325 5323 3758 5396 άπενηνεγμένης

2117 5411 2196 5472 εἰς
2254 5413 2562 5488 ἀμάρτυρον
2621 5407 2935 5469 άπέκϐασιν.
2998 5417 3156 5467 Δεῦτε
3211 5413 3335 5489 γὰρ,
3389 5413 3433 5466 ὦ
3491 5412 3684 5472 πάντες
3711 5410 3756 5463 οἱ

2119 5499 2429 5576 ἐξωτερικοὶ
2513 5500 2760 5580 Λογάδες,
2833 5503 2906 5556 ὢν
2962 5501 3297 5579 ἀλλοφύλων
3349 5503 3416 5557 τὰ
3471 5501 3525 5563 ἐς
3582 5500 3752 5555 πίστιν

2114 5584 2284 5645 ὄντων
2341 5593 2495 5665 ὅμως
2543 5589 2917 5654 διδασκαλίαις
2997 5592 3216 5669 μυρίαις
3273 5592 3447 5666 ὀρθῶς
3500 5587 3746 5666 ἐχούσαις

2113 5678 2488 5754 ἐμμελετῶσιν
2563 5677 2855 5757 ἐπιλίγδην
2917 5682 2968 5736 οἱ
3027 5680 3309 5760 θεόφρονες
3382 5679 3743 5756 ἀναγνῶσθαι,
