4114 6200
308 374 409 436 645
1261 365 1340 428 IN
1384 364 1450 427 S.
1493 361 2169 437 QUADRAGESIMAM
2216 363 2509 428 ORATIO
2552 367 2665 429 III.

3545 375 3664 436 646

303 503 380 558 καὶ
431 499 581 563 αὐτὰς
601 496 949 572 προάγοντες,
984 492 1292 572 βελτιοῦσιν
1341 492 1449 557 ἕως
1478 492 1568 550 καὶ
1612 492 1731 570 ἄρτι
1777 491 1903 557 τοῦς

2018 495 2287 553 meliores
2318 514 2505 570 usque
2531 515 2691 556 nunc
2743 500 3040 558 auditores
3074 500 3328 571 faciunt;
3364 519 3496 576 quae
3526 506 3664 577 qui-

300 591 561 668 ἀκροατάς·
609 587 643 642 ἃ
693 588 786 661 μὶν
844 586 1042 642 ἐκεῖνοι
1118 585 1307 651 ἄλλως
1375 582 1657 664 ἐφρόνουν,
1716 605 1907 659 παρω-

299 682 546 754 θούμενοι,
574 677 639 732 τὰ
669 676 852 733 πολλὰ
881 674 939 731 δὲ
976 676 1067 731 καὶ
1109 675 1552 751 κασαχωννύντες
1604 676 1754 750 βυθῷ
1802 670 1907 743 λή-

2017 584 2149 639 dem
2182 585 2265 640 illi
2297 602 2411 642 non
2442 586 2525 643 ita
2554 589 2904 657 sentiebant,
2937 590 3263 663 rejicientes
3289 595 3347 647 et
3403 592 3664 665 plerum-

2018 689 2131 743 que
2188 676 2479 745 profunda
2548 676 2895 749 sepelientes
2961 678 3251 735 oblivione
3301 698 3316 749 ;
3376 682 3475 737 sed
3532 699 3660 754 qua;

296 783 397 842 θης·
426 768 455 823 ἃ
510 765 566 822 δὲ
616 767 750 840 πρὸς
806 765 1079 840 ὀρθότητα
1125 763 1381 834 ἐλάλουν,
1432 764 1791 839 ἐγκρίνοντες,
1818 760 1903 816 καὶ

2017 762 2183 833 juxta
2237 765 2648 822 rectitudinem
2752 766 3178 839 loquebantur,
3237 770 3661 842 discernentes,

294 861 357 923 ὡς
396 858 449 912 ἐκ
494 854 791 930 βαθυτάτης
834 854 1032 932 τέφρας
1084 860 1186 922 τῆς
1226 857 1334 907 τῶν
1391 853 1562 917 ἀθέων
1621 852 1911 931 φρονημά-

289 970 381 1005 των
438 943 649 1019 ζώπυρά
715 964 837 998 τινα
907 940 1185 1015 ἐπιμελῶς
1245 941 1659 1018 ἀναλεγόμενοι,
1714 938 1784 996 δι’
1834 941 1908 994 ὢν

289 1036 576 1092 ἀνάπτονται
629 1031 719 1087 καὶ
765 1036 917 1107 φῶτα
974 1030 1204 1107 βιωτικά
1245 1030 1337 1085 καὶ
1386 1027 1717 1108 φιλοσοφίας
1772 1048 1912 1107 φρυ-

291 1121 492 1198 κτωρίαι
522 1122 811 1197 σωτήριοι,
837 1116 930 1174 ⁸ίνα
974 1120 1109 1174 κατᾶ
1153 1117 1245 1173 τὸν
1292 1115 1611 1191 Ψαλμῳδὸν
1642 1114 1913 1173 κάνταῦθα

288 1215 351 1274 ὡς
378 1212 425 1267 ἐν
458 1209 629 1265 σκότει
687 1207 1180 1283 ἰξανατελλόμενον
1232 1204 1317 1278 εἴη
1377 1210 1492 1286 φῶς
1546 1212 1663 1270 τοῖς
1724 1204 1910 1283 διορᾷν

288 1299 559 1357 ἐθέλουσιν.

346 1422 421 1481 ιδ’.
471 1420 684 1480 Ἐατέον
738 1419 831 1476 οῦν
888 1418 977 1477 διὸ.
1028 1425 1196 1476 ταῦτα
1244 1419 1335 1476 καὶ
1387 1421 1481 1476 τὸν
1540 1420 1789 1475 ὁπωσοῦν
1844 1418 1912 1475 τὰ

281 1512 347 1575 εἰς
401 1511 589 1587 ἀρετήν
654 1507 979 1565 διδάσκοντα
1040 1510 1377 1588 φθέγγεσθαι,
1424 1510 1513 1564 καὶ
1583 1508 1725 1563 οὕτω
1781 1507 1909 1583 βελ-

275 1607 406 1658 τιοῦν
460 1600 584 1663 τοὺς
644 1599 965 1672 ἀκούοντας,
1018 1600 1107 1654 καὶ
1180 1596 1550 1672 ἀναπεμπτέον
1610 1597 1775 1673 εὐχὰς
1829 1601 1908 1669 τῷ

278 1694 398 1766 Θεῷ,
428 1691 802 1766 ἐπαναχθῆναι
852 1690 941 1746 καὶ
1001 1689 1158 1745 αὐτὸν
1219 1688 1293 1752 είς
1343 1688 1551 1745 τέλειον
1599 1688 1789 1743 πιστὸν
1820 1685 1908 1743 ἄν·

278 1797 490 1859 θρωπον,
536 1780 681 1845 καθὰ
746 1779 835 1834 καὶ
894 1776 1104 1841 ἄλλους
1160 1779 1326 1834 αὑτοῦ
1387 1777 1653 1852 μαθητὰς,
1710 1775 1801 1840 οὓς
1856 1774 1906 1847 ἐξ

2018 856 2076 906 et
2104 852 2260 907 velut
2292 869 2360 908 ex
2391 855 2852 925 profundissimo
2882 857 3301 929 cogitationum
3340 859 3661 932 impiarum

2019 941 2211 997 cinere
2241 943 2527 1013 quasdam
2560 944 2765 1000 sedulo
2795 946 3149 1017 excipientes
3190 948 3497 1018 scintillas,
3531 952 3663 1022 qui-

2020 1030 2132 1086 bus
2162 1031 2563 1087 accenduntur
2582 1034 2710 1088 vitas
2733 1032 2959 1090 lumina
2983 1035 3390 1106 salutaresque
3411 1039 3664 1110 philoso-

2021 1118 2168 1191 phiae
2212 1117 2391 1190 faces,
2451 1124 2536 1189 ut,
2588 1122 2912 1178 secundum
2970 1122 3342 1182 Psalmistam
3377 1127 3439 1195 “‘,
3491 1132 3546 1184 et
3577 1128 3662 1185 ibi

2018 1212 2302 1280 tanquam
2335 1209 2395 1264 in
2416 1211 2673 1267 tenebris
2692 1215 2887 1267 ortum
2909 1212 2987 1268 sit
3015 1212 3211 1269 lumen
3238 1214 3432 1272 videre
3461 1217 3661 1274 volen-

2019 1296 2201 1352 tibus.

2091 1423 2177 1478 14.
2212 1424 2672 1481 Permittendum
2702 1429 2791 1482 est
2820 1425 3003 1498 igitur
3052 1431 3289 1501 propter
3316 1429 3439 1486 haec
3470 1430 3663 1503 illum,

2020 1511 2121 1583 qui
2151 1511 2635 1586 qualitercunque
2664 1516 2833 1571 docet
2889 1532 2957 1571 ea
3016 1534 3142 1588 quae
3188 1517 3462 1574 virtutem
3496 1538 3662 1594 spec-

2018 1606 2167 1667 tant,
2197 1601 2380 1674 loqui,
2439 1603 2641 1676 sicque
2698 1603 2967 1662 meliores
3024 1606 3211 1662 facere
3241 1608 3576 1669 auditores:
3608 1615 3667 1668 et

2017 1690 2091 1744 ad
2123 1690 2306 1746 Deum
2341 1691 2635 1748 mittendae
2656 1696 2795 1748 sunt
2827 1700 3118 1765 preces,ut
3147 1700 3203 1751 et
3232 1696 3357 1768 ipse
3389 1698 3665 1756 sublime-

2018 1783 2116 1834 tur
2144 1780 2216 1834 ad
2276 1779 2596 1851 perfectum
2646 1781 2776 1837 ﬁdei
2841 1782 3163 1853 hominem,
3217 1785 3369 1841 sicut
3426 1792 3484 1843 et
3514 1788 3661 1863 alios

276 1869 548 1947 ἀλλοτρίου
594 1864 744 1924 ἔστιν
797 1868 859 1924 οὗ
910 1866 1120 1946 σοφίζει
1160 1866 1450 1941 πόματος·
1505 1865 1621 1922 ἐπεί
1672 1887 1759 1921 τοι
1817 1865 1903 1920 καί

2017 1866 2204 1939 ipsius
2232 1867 2576 1940 discipulos,
2609 1886 2755 1941 quos
2801 1871 3116 1944 aliquando
3173 1874 3317 1930 forte
3373 1892 3442 1931 ex
3471 1877 3660 1934 alieno

276 1958 470 2032 ἀνόμων
523 1959 680 2030 ἡμᾶς
741 1952 1225 2029 ὑπερεδυνὰμωσαν
1259 1951 1414 2029 λόγοι
1444 1953 1581 2009 κατὰ
1608 1954 1706 2023 τὴν
1758 1952 1903 2026 ἱερὰν

276 2049 410 2125 ῥῆσιν
462 2048 550 2103 καὶ
608 2046 897 2122 ἐξήγησιν,
935 2044 1170 2119 τοιούτῳ
1219 2043 1275 2100 δὲ
1318 2044 1468 2121 λόγῳ
1524 2044 1613 2100 καὶ
1673 2042 1906 2119 χαλκὲες

275 2137 555 2216 ἀλλόφυλοι
612 2136 690 2191 τὰ
747 2133 894 2191 ὅπλα
946 2134 1210 2208 ἱστόμουν
1266 2140 1388 2196 τοῖς
1435 2138 1532 2188 τοῦ
1565 2131 1806 2210 Ἰσραὴλ,
1835 2129 1906 2187 δι’

274 2228 338 2281 ὧν
389 2227 437 2281 οἱ
487 2224 685 2297 νοητοὶ
742 2221 1004 2296 πολέμιοι
1061 2222 1151 2278 καὶ
1197 2218 1425 2277 ἔπιπτον
1482 2221 1571 2277 καὶ
1624 2221 1902 2277 πίπτουσι.

272 2313 445 2388 Τοιᾷδέ
470 2336 575 2369 τινι
606 2312 798 2385 ἐννοίᾳ
826 2312 917 2369 καὶ
973 2313 1063 2366 τὸν
1096 2314 1260 2387 μέγαν
1297 2314 1530 2381 Μωϋτῆν
1586 2311 1901 2384 ἐστόμωσαν

274 2404 641 2482 ἐπ’ἀμφότερα
677 2402 713 2472 ἥ
745 2423 803 2456 τε
833 2399 1068 2480 φιλτάτη
1125 2401 1216 2456 καὶ
1278 2403 1464 2477 μήτηρ
1516 2399 1605 2455 καὶ
1661 2401 1902 2471 τιθηνὸς,

270 2493 605 2566 ήπιστοτάτη
665 2486 908 2566 Ἑϐραίοι,
940 2492 1030 2546 καὶ
1077 2492 1112 2561 ἠ
1163 2487 1351 2554 ἄλλως
1396 2487 1674 2568 φιλήσασα
1731 2487 1902 2545 ἀλλό-

270 2582 420 2660 φυλὸς
465 2583 517 2654 ἐξ
574 2581 905 2657 Αἲγυπτίων
965 2579 1248 2656 βασίλισσα
1281 2600 1294 2613 ο
1350 2579 1532 2652 νόημα
1582 2585 1683 2634 πᾶν
1738 2577 1899 2650 αὕτη,

269 2669 557 2750 ἀλλόφυλον
621 2671 753 2745 μὲν,
815 2667 1114 2746 βασιλικῶς
1193 2665 1251 2723 δὲ
1328 2667 1706 2745 ὑπερκείμενον
1790 2671 1898 2723 τῶν

268 2760 529 2837 ὁμοειδῶν.

330 2969 398 3026 ιε’.
428 2969 589 3043 Ἐχοι
623 2963 694 3021 δὲ
740 2962 802 3020 ἄν
858 2985 940 3027 τις
955 2941 1059 3019 ’καὶ
1083 2960 1283 3037 τοιῷδε
1332 2961 1485 3040 λόγῳ
1512 2957 1901 3040 προσϐιϐάζειν

267 3056 331 3118 εἰς
382 3055 673 3133 ἑρμηνείαν
750 3053 839 3109 καὶ
897 3058 1005 3108 τῶν
1060 3057 1158 3108 τοῦ
1216 3051 1511 3128 ἱερωτάτου
1561 3050 1901 3128 Εὖαγγελίου

264 3145 349 3200 τό’
401 3170 429 3197 ι(
485 3142 871 3202 Εἱσελεύσεται
900 3183 916 3210 ,
973 3140 1064 3196 καὶ
1142 3139 1494 3211 ἐξελεύσεται,
1552 3140 1643 3195 καὶ
1726 3140 1902 3213 νομήν

2018 1974 2116 2013 ore
2147 1958 2349 2026 docet;
2382 1958 2675 2030 siquidem
2705 1964 2763 2015 et
2784 1959 3119 2032 iniquorum
3148 1962 3317 2019 nobis
3344 1965 3662 2037 pravalue-

2016 2050 2157 2101 runt
2183 2062 2484 2103 sermones
2541 2050 2866 2104 secundum
2913 2067 3140 2106 sacram
3195 2051 3575 2111 directionem
3607 2060 3664 2113 ϐε

2016 2135 2458 2207 expositionem,
2491 2135 2592 2192 tali
2624 2154 2756 2193 vero
2788 2138 3009 2195 ratione
3066 2140 3254 2196 aerarii
3284 2157 3354 2197 ex
3383 2141 3659 2216 alienige-

2017 2224 2110 2278 nis
2142 2224 2290 2279 fabri
2322 2242 2486 2280 arma
2518 2225 2796 2281 lsraelitis
2828 2226 3426 2300 indurabant.quibus
3452 2232 3661 2288 intelli-

2012 2316 2214 2382 gentes
2236 2311 2456 2367 inimici
2479 2313 2764 2368 cadebant
2785 2317 2842 2368 et
2866 2313 3059 2368 adhuc
3084 2315 3323 2371 cadunt.
3356 2317 3479 2372 Tali
3512 2335 3658 2391 quo-

2013 2416 2127 2471 que
2156 2417 2333 2456 sensu
2359 2416 2637 2472 magnum
2671 2401 2905 2474 Moysen
2932 2402 3205 2476 utrinque
3235 2405 3659 2464 roboraverunt

2011 2489 2397 2545 dilectissime
2426 2495 2613 2545 mater
2640 2495 2696 2546 et
2753 2492 2970 2560 nutrix,
3017 2492 3362 2550 fidelissima
3392 2495 3655 2568 Hebraa,

2014 2583 2072 2632 et
2102 2577 2199 2633 illa
2228 2596 2356 2650 quas
2388 2578 2555 2633 aliter
2602 2579 2885 2635 dilexerat
2940 2578 3270 2654 alienigena
3297 2599 3365 2639 ex
3393 2584 3656 2657 Egyptis

2014 2666 2249 2739 regina:
2300 2684 2532 2723 omnem
2590 2668 2899 2723 scientiam
2956 2668 3077 2725 haec
3130 2670 3371 2741 habens,
3404 2674 3655 2731 alienam

2012 2755 2274 2827 quidem,
2307 2757 2411 2813 sed
2465 2756 2774 2828 aequalium
2818 2756 3128 2813 scientiam
3187 2759 3453 2833 regaliter
3485 2779 3657 2835 supe-

2011 2849 2260 2900 rantem.

2083 2962 2169 3017 15.
2203 2966 2407 3017 Posset
2454 2966 2649 3019 autem
2697 2962 2913 3036 aliquis
2940 2964 3120 3021 simili
3175 2964 3420 3032 ratione,
3456 2967 3527 3022 ad
3561 2968 3654 3023 in-

2009 3052 2486 3122 terpretationem
2540 3068 2739 3108 eorum
2797 3070 2928 3125 quae
2976 3060 3118 3110 sunt
3173 3054 3231 3109 in
3277 3055 3654 3115 sanctissimo

2010 3139 2342 3210 Evangelia,
2377 3141 2633 3211 proferre
2690 3142 2834 3197 hoc:
2875 3163 2897 3191 ι
2966 3142 3329 3215 lngredietur
3379 3150 3437 3200 et
3492 3163 3651 3218 egre-

265 3235 537 3308 εὑρήσει.»
570 3231 959 3289 Εἶσελεύσεται
1021 3230 1115 3303 μὲν
1168 3230 1274 3305 γάρ
1326 3230 1354 3285 6
1402 3228 1752 3305 εύαγγελικὸς
1807 3226 1899 3284 ἄν-

2017 3228 2229 3295 dietur,
2259 3234 2317 3284 et
2344 3246 2629 3299 pascuum
2661 3230 2918 3287 inveniet
2947 3232 3010 3285 ¹⁶.
3046 3254 3075 3281 ››
3108 3233 3474 3304 Ingredietur
3499 3236 3657 3292 enim

265 3333 462 3399 θρωπος
524 3320 897 3399 πρωτοθέτως
965 3318 1044 3381 είς
1098 3319 1199 3388 τήν
1251 3322 1348 3373 τοῦ
1400 3322 1534 3374 Θεοῦ
1585 3317 1759 3386 αύΛήν
1813 3317 1903 3372 ἐπὶ

264 3416 414 3485 νομῇ,
466 3413 585 3475 καθ’
647 3411 714 3479 ἣν
774 3408 1011 3484 ἐγκρίνει
1061 3406 1443 3479 ποιμαίνεσθαι
1500 3406 1589 3461 καὶ
1647 3407 1676 3460 6
1739 3405 1902 3479 μέγας

264 3497 432 3567 Aquis,
463 3497 617 3555 οὐδὲν
691 3495 1176 3570 ὑστερούμενοςηί
1236 3498 1455 3568 νέμεται
1506 3497 1572 3550 τὰ
1628 3496 1768 3563 θεῖα,
1817 3497 1902 3557 οἷς

263 3587 339 3642 καὶ
392 3589 419 3643 6
473 3591 780 3665 κορυφαῖος
837 3584 889 3641 ὲν
947 3581 1278 3646 ἀποστόλοις
1332 3585 1538 3657 Πέτρος
1598 3581 1781 3657 βόσκει
1835 3584 1905 3638 τὰ

260 3677 382 3732 κατὰ
432 3677 559 3733 Θεὸν
601 3675 869 3748 ποίμνια.
900 3670 1265 3743 Ἐξελεύσεται
1322 3670 1380 3727 δὲ
1435 3671 1526 3726 καὶ
1581 3670 1658 3733 εἷς
1713 3670 1899 3742 ἐξωτε-

263 3765 402 3838 ρικάς
454 3761 746 3833 πεδιάδας,
804 3761 911 3837 οὐχ
967 3761 1105 3815 ὥστε
1161 3759 1428 3835 κροαίνειν
1476 3758 1566 3814 καὶ
1612 3779 1903 3832 κατασκιρ-

261 3857 345 3924 τᾷν
398 3852 485 3908 καὶ
543 3854 690 3918 θὲιιν
723 3851 860 3924 πρὸς
916 3850 1119 3924 ἄλογον
1151 3844 1383 3923 ἀγλαίαν
1444 3847 1519 3910 εἷς
1574 3844 1726 3902 οὐδὲν
1761 3844 1901 3916 δέον,

265 3938 379 3996 ἀλλ’
407 3942 493 3997 ἐπὶ
523 3940 870 4017 ψυχοτρόφῳ
899 3942 1069 4012 νομῇ,
1102 3937 1293 3992 ὁποίαν
1327 3937 1522 4010 μυρίαν
1554 3936 1644 3991 καὶ
1702 3935 1753 3991 οἱ
1801 3943 1902 4006 τῆς

266 4026 357 4100 ἔξω
412 4030 600 4110 σοφίας
658 4028 927 4101 λειμῶνες
982 4026 1197 4105 φύουσι.
1258 4025 1358 4081 Καὶ
1414 4026 1477 4080 τὸ
1519 4024 1750 4102 ψυχικὸν
1807 4046 1901 4080 τα-

266 4124 425 4190 μιεῖον
478 4118 626 4174 οὕτω
656 4116 935 4191 μεστώσας
967 4116 996 4169 6
1025 4118 1274 4175 τοιοῦτος
1326 4113 1716 4185 πλουτισμοῖς,
1749 4111 1840 4175 οὓς
1873 4113 1901 4166 ὀ

260 4202 625 4280 παμϐασιλεὺς
676 4206 807 4266 Θεὸς
865 4202 1034 4281 φιλεῖ,
1078 4201 1331 4277 ἐξαγάγοι
1387 4200 1446 4256 ἂν
1507 4200 1567 4257 ἐκ
1610 4204 1898 4277 θησαυρῶν

258 4298 448 4354 τούτων
473 4304 585 4354 τῶν
638 4297 777 4353 κατὰ
805 4296 990 4372 ψυχὴν
1035 4296 1195 4350 καινά
1239 4315 1298 4349 τε
1344 4294 1434 4349 καὶ
1481 4295 1711 4350 παλαιά*
1744 4294 1903 4349 καινά

263 4387 370 4459 μὶν,
398 4388 462 4442 τὰ
519 4383 900 4462 θεοπαράδοτα
955 4385 1045 4440 καὶ
1105 4383 1270 4439 αὐτοῦ
1330 4387 1462 4439 Θεοῦ
1512 4379 1659 4438 ὅντα’
1692 4381 1903 4439 παλαιὰ

258 4472 328 4540 δὲ,
349 4478 414 4531 τὰ
443 4478 534 4532 καὶ
568 4474 639 4531 δι’
671 4476 892 4551 ἑτέρων,
925 4476 1008 4529 οἷς
1049 4472 1476 4545 ἁπεξενωμὲνοις
1530 4472 1698 4527 αὐτοῦ
1749 4470 1903 4544 ὅμως

257 4562 513 4640 ίνὲλαμψε
542 4570 747 4641 γνῶσις
794 4564 969 4639 ἀγαθή
1030 4561 1117 4617 ἐπ’
1145 4559 1381 4640 ὠφελείᾳ
1430 4565 1538 4616 τῶν
1595 4560 1896 4637 ἐσύστερονο

251 4649 334 4707 ἵνα
386 4654 474 4709 καὶ
527 4652 582 4725 ἐξ
641 4650 847 4727 ἀγρίων
896 4651 1106 4707 τούτων
1175 4649 1372 4713 ἀνθέων
1434 4648 1525 4704 καὶ
1580 4649 1631 4723 ἐξ
1689 4648 1903 4705 ἐκείνων

254 4741 463 4817 ἡμέρων
501 4741 926 4815 μελιτοποιῆται
956 4745 1075 4803 τοῖς
1130 4739 1267 4794 κατὰ
1316 4738 1444 4794 Θεὸν
1502 4738 1570 4793 τὰ
1627 4741 1901 4814 χρήσιμα,

253 4830 335 4883 καὶ
392 4829 568 4905 μηδὲν
629 4834 738 4886 τῶν
775 4830 826 4885 ἒν
859 4829 1052 4903 κόσμῳ
1079 4825 1367 4890 ἀσυντελὲς
1419 4829 1555 4901 ἡμῖν
1617 4825 1703 4899 εἷή
1763 4828 1902 4905 πρὸς

256 4916 458 4993 ἀρετήν.

319 5054 402 5115 ις’.
434 5055 558 5110 Ἔτι
592 5050 651 5107 δὶ
684 5050 773 5107 καὶ
827 5048 1017 5114 ἄλλως
1070 5052 1150 5122 τῷ
1199 5046 1433 5122 τοιούτῳ
1486 5050 1724 5122 νοήματι
1784 5047 1899 5103 ἐπι-

252 5132 466 5195 εαλεῖν·
530 5144 567 5211 ἡ
629 5139 822 5214 σάλπίξ
876 5137 1078 5217 ὠφελεῖ
1134 5138 1200 5193 τὰ
1250 5136 1304 5198 ἐς
1362 5137 1571 5212 μάχην,
1636 5135 1805 5209 μηδὲν
1848 5159 1899 5191 τι

250 5226 377 5298 αὐτὴ
447 5232 745 5307 φρονοῦσα,
790 5229 836 5301 ᾧ
884 5226 1111 5295 κλάζει·
1164 5222 1348 5280 δοτέον
1408 5222 1501 5279 οὗν
1559 5225 1648 5279 καὶ
1699 5225 1790 5280 τὸν
1847 5224 1898 5279 ἐν

252 5311 429 5391 λόγοις
519 5317 704 5391 μόνοις
778 5315 974 5393 ἀγαθὸν
1048 5311 1378 5369 διδάσκαλον
1430 5311 1707 5382 σαλπίζειν
1766 5313 1901 5369 κατὰ

255 5404 435 5481 μάχης
495 5403 920 5479 δαιμονιώδους,
977 5404 1065 5459 καὶ
1126 5400 1451 5479 προσεκτέον
1513 5400 1687 5465 οὕτως
1745 5401 1896 5460 αὐτό.

246 5496 448 5550 Κτυπεῖ
476 5495 571 5551 καὶ
618 5494 895 5570 τύμπανον
928 5492 1070 5549 ἔστιν
1125 5491 1264 5548 ὅπου
1307 5490 1493 5569 καίρια
1549 5489 1600 5547 ἐν
1655 5495 1734 5565 τῷ
1795 5512 1900 5565 μη-

310 5713 351 5750 ¹⁸
381 5712 536 5773 Psal.
566 5730 678 5791 cxi,
708 5718 762 5774 Δ.
841 5716 887 5755 ¹⁶
914 5715 1082 5774 Joan.
1128 5728 1188 5782 x,
1217 5712 1273 5768 9.

1980 3317 2252 3388 ‘quidem
2298 3318 2671 3389 evangelicus
2727 3318 2902 3374 homo
2933 3320 2991 3374 in
3050 3321 3147 3375 Dei
3181 3321 3376 3377 aulam
3416 3325 3493 3401 ad
3522 3340 3657 3395 pas-

2012 3422 2212 3472 cuum,
2244 3407 2570 3461 secundum
2603 3408 2759 3478 quod
2813 3409 2971 3479 pasci
3004 3410 3212 3480 probat
3264 3427 3517 3479 magnus
3546 3413 3660 3468 Da-

2013 3494 2130 3566 vid,
2161 3494 2255 3549 cui
2287 3494 2433 3549 nihil
2467 3495 2649 3563 deest,
2681 3496 2780 3551 ubi
2816 3497 3255 3553 distribuuntur
3282 3498 3500 3565 divina,
3528 3502 3658 3572 qui-

2012 3583 2124 3638 bus
2154 3583 2494 3655 coryphaeus
2511 3583 2663 3639 inter
2683 3584 2979 3657 apostolos
2996 3590 3202 3642 Petrus
3222 3586 3454 3643 divinos
3475 3589 3662 3660 pascit

2013 3688 2238 3744 greges.
2273 3672 2610 3744 Egredietur
2656 3678 2850 3728 autem
2901 3675 2973 3729 ad
3023 3680 3329 3731 extraneas
3360 3676 3658 3748 planities,

2013 3776 2128 3815 non
2161 3761 2231 3815 ad
2265 3759 2621 3831 pulsandum
2653 3761 2920 3833 pedibus,
2952 3780 3058 3819 nec
3086 3764 3524 3837 exsultandum,
3553 3783 3660 3821 nec

2013 3851 2365 3905 currendum
2399 3866 2501 3921 per
2531 3850 2927 3906 irrationalem
2957 3850 3372 3923 jubilationem
3404 3855 3473 3910 ad
3513 3854 3660 3910 nihil

2013 3939 2256 4009 bonum,
2288 3939 2387 3994 sed
2417 3938 2488 3993 ad
2530 3939 2900 4011 spiritualem
2931 3957 3232 4012 pascuam,
3259 3958 3433 4014 quam
3467 3944 3660 3999 abun-

2013 4029 2251 4083 dantem
2281 4028 2581 4084 exterioris
2613 4028 2911 4100 sapientias
2946 4034 3111 4101 prata
3146 4031 3495 4088 naturaliter
3524 4050 3663 4106 pro-

2013 4116 2259 4171 ducunt.
2318 4115 2388 4171 Et
2441 4116 2578 4172 talis
2634 4117 2844 4187 homo,
2904 4118 3199 4191 spirituali
3259 4123 3662 4193 promptuario

2013 4204 2099 4260 sic
2132 4203 2349 4260 divitiis
2383 4203 2619 4276 repleto,
2649 4222 2795 4277 quas
2830 4211 3001 4272 Deus,
3027 4224 3298 4264 summus
3330 4210 3666 4268 dominator

2014 4296 2193 4360 amat,
2226 4309 2296 4348 ex
2328 4292 2457 4349 istis
2489 4292 2785 4350 thesauris
2817 4295 2887 4351 ad
2937 4296 3195 4352 animam
3230 4300 3661 4369 pertinentibus

2013 4382 2296 4455 producet
2355 4399 2502 4439 nova
2559 4400 2625 4439 ac
2682 4388 2914 4440 vetera:
2971 4403 3119 4441 nova
3178 4386 3416 4457 quidem
3466 4405 3500 4442 a
3542 4388 3659 4444 Deo

2011 4471 2228 4527 tradita
2277 4471 2490 4542 Deique
2548 4474 2818 4544 pr0pria;
2879 4478 3089 4530 vetera.
3130 4480 3322 4530 autem
3374 4492 3500 4547 quas
3558 4493 3662 4548 per

2014 4560 2161 4616 alios
2194 4561 2362 4631 fiunt,
2394 4561 2611 4632 quibus
2669 4561 2742 4616 ab
2768 4562 2897 4633 ipso
2955 4563 3224 4619 alienatis
3282 4564 3432 4620 bona
3463 4569 3660 4620 tamen

2014 4649 2263 4705 scientia
2290 4650 2362 4704 ad
2423 4649 2736 4705 utilitatem
2796 4666 2996 4705 eorum
3059 4652 3161 4722 qui
3216 4653 3443 4707 venturi
3475 4658 3662 4724 erant,

2011 4738 2248 4801 illuxit:
2281 4738 2365 4792 ita
2420 4742 2504 4805 ut,
2537 4755 2604 4793 ex
2663 4739 2992 4810 agrestibus
3049 4740 3179 4795 istis
3212 4740 3456 4797 ﬂoribus
3508 4747 3567 4796 et
3596 4759 3665 4798 ex

2014 4826 2129 4881 illis
2162 4825 2414 4896 lenibus,
2474 4825 2887 4882 mellificentur
2949 4827 3044 4884 Dei
3100 4828 3440 4887 hominibus
3472 4830 3663 4903 utilia,

2011 4919 2070 4971 et
2098 4915 2243 4970 nihil
2276 4914 2333 4971 in
2363 4916 2585 4971 mundo
2618 4915 2694 4971 sit
2724 4915 2895 4972 nobis
2929 4917 3000 4973 ad
3033 4917 3307 4975 virtutem
3341 4919 3535 4977 inane.

2082 5049 2170 5104 46.
2206 5048 2414 5105 Verum
2447 5053 2506 5105 et
2543 5047 2713 5104 aliter
2742 5049 2936 5106 adhuc
2983 5050 3328 5122 hujusmodi
3361 5056 3663 5111 sententias

2012 5138 2406 5194 insistendum
2452 5155 2465 5193 :
2527 5139 2599 5194 ad
2656 5145 2949 5195 certamen
3010 5141 3239 5212 proﬁcit
3296 5144 3457 5213 tuba,
3518 5144 3667 5200 nihil

2009 5227 2161 5299 ipsa,
2224 5226 2381 5298 quod
2440 5227 2679 5298 clangit,
2742 5227 3113 5300 intelligens:
3176 5231 3438 5287 dandum
3483 5233 3667 5304 igitur

2008 5323 2099 5372 est
2128 5314 2292 5371 illum
2353 5315 2455 5388 qui
2486 5316 2628 5371 solis
2683 5316 3055 5372 sermonibus
3112 5324 3202 5374 est
3231 5320 3422 5375 bonus
3478 5322 3664 5393 magi-

2008 5409 2152 5472 ster,
2194 5402 2465 5474 clangere
2520 5410 2725 5458 contra
2780 5403 3204 5460 dazmoniorum
3264 5423 3546 5478 pugnam,
3605 5412 3665 5465 et

2006 5493 2092 5550 sic
2120 5490 2223 5548 illa
2252 5491 2507 5548 tenenda
2536 5494 2645 5548 est.
2686 5491 2901 5564 Strepit
2946 5493 3123 5550 etiam
3153 5499 3523 5568 tympanum,
3559 5498 3660 5554 ubi
