4114 6200
372 351 489 414 647

1149 337 1576 405 EUSTATHII
1613 331 2020 397 TBESSALO

2135 325 2377 389 IENSIS
2418 324 3004 388 METROPOLITE

3669 327 3804 387 648

376 482 626 556 requirit
656 477 1088 553 opportunitas,
1123 473 1262 546 quin
1296 469 1440 526 nihil
1472 466 1761 538 intelligat
1788 464 1986 535 ipsum
2013 479 2021 517 :

2145 455 2230 513 δέν
2264 479 2317 512 τι
2359 457 2492 511 αὐτὸ
2541 460 2756 532 φρονεῖν
2785 474 2797 486 ·
2832 455 3115 530 λογιστέον
3167 455 3246 517 εἷς
3293 455 3546 511 τοιοῦτόν
3595 477 3650 510 τι
3699 458 3805 511 καὶ

375 575 520 631 item
551 550 751 643 aliquo
808 569 980 624 modo
1045 560 1515 619 ratiocinandum
1573 561 1663 612 est
1711 555 1782 609 de
1829 569 1896 608 eo
1928 550 2028 622 qui

378 662 551 719 malis
581 639 816 732 quidem
861 661 953 712 est
1001 652 1283 718 moribus,
1317 649 1416 704 sed
1449 645 1624 701 verba
1681 641 1916 696 virtutis
1945 639 2030 694 lo-

379 729 688 824 quitur,vet
745 747 830 802 sic
889 743 1217 799 auditorem
1280 739 1425 792 bene
1482 734 1762 804 disponit.
1813 729 2031 784 Fistula

378 847 698 910 cmteraque
755 834 1010 890 musices
1067 844 1285 900 organa
1343 825 1656 890 laetificant,
1717 837 1851 876 cum
1902 819 2030 888 ipsa

379 907 618 1003 quidem
653 923 798 980 nihil
833 923 1028 977 sciunt
1057 923 1113 972 et
1142 918 1215 972 ab
1245 915 1377 970 aliis
1423 910 1809 969 artiﬁcialiter
1838 908 1906 962 ad
1934 907 2032 976 ju-

377 994 737 1076 cunditatem
769 1012 1162 1068 ordinantur:
1195 1005 1449 1060 laetiﬁcat
1495 1001 1676 1072 igitur
1707 999 1828 1070 qui,
1860 994 2028 1067 quasi

374 1109 528 1172 talis,
586 1109 678 1160 est
733 1101 1138 1156 doctrinarum
1198 1094 1572 1165 explanator,
1624 1086 1893 1159 quamvis
1955 1083 2026 1139 ad

374 1215 440 1254 ea
472 1212 599 1266 quae
631 1194 899 1265 spectant
928 1189 1188 1243 animam
1221 1181 1374 1238 male
1405 1181 1483 1235 sit
1511 1177 1855 1249 dispositus.
1890 1175 2028 1229 For-

374 1303 481 1342 san
539 1263 693 1338 enim
747 1281 904 1334 Deus
963 1272 1423 1330 misericorditer
1478 1267 1803 1330 sollicitus,
1855 1263 2026 1317 dimi-

373 1375 531 1431 diam
565 1367 864 1443 prohibuit
921 1363 1316 1435 iniquitatem,
1349 1358 1540 1430 ipsius
1597 1372 1662 1410 os
1705 1353 2027 1424 disponens

375 1464 446 1518 ad
481 1458 843 1530 loquendum
875 1452 1226 1526 sapientiam
1253 1468 1266 1504 :
1308 1449 1369 1502 in
1401 1453 1664 1517 tempore
1696 1447 1891 1498 autem
1923 1457 2026 1511 op-

377 1554 628 1623 portuno
660 1546 828 1600 illum
875 1544 944 1598 ad
1005 1540 1332 1596 curandum
1363 1553 1460 1590 cor
1491 1539 1666 1606 atque
1724 1530 2030 1587 conscien-

375 1620 518 1694 tiam
553 1635 900 1707 diriget.Sed
935 1632 1111 1686 etiam
1143 1628 1191 1683 si
1224 1625 1367 1681 nihil
1401 1621 1691 1695 ejusmodi
1714 1622 1785 1675 de
1815 1620 1914 1674 illo
1941 1635 2030 1672 ve-

377 1728 557 1782 limus
585 1727 940 1795 exspectare,
973 1720 1183 1773 saltem
1232 1732 1364 1770 eum
1399 1713 1553 1767 velut
1583 1711 1809 1766 asinam
1849 1709 2026 1778 jussu

381 1815 764 1872 Deidocutam
826 1809 1194 1864 mirabimur.
1229 1805 1567 1875 Cogitemus
1624 1805 1818 1854 autem
1852 1797 2026 1852 etiam

377 1906 534 1978 quod
569 1900 835 1958 fortassis
868 1899 981 1952 ista
1017 1895 1296 1966 loquitur,
1333 1909 1457 1964 quae
1491 1889 1652 1961 cupit
1683 1887 1920 1959 quidem
1953 1887 2023 1939 ad

376 2000 568 2051 actum
630 1992 874 2047 educere
926 1984 1180 2050 virtutis,
1243 1982 1340 2037 sed
1405 1997 1520 2035 non
1570 1982 1762 2048 potest
1793 1980 2026 2047 propter

375 2097 615 2156 pravam
647 2075 1092 2139 habitudinem;
1129 2072 1280 2126 unde
1330 2066 1644 2125 verisimile
1695 2071 1785 2120 est
1810 2081 1878 2119 ex
1901 2069 2026 2146 tota

376 2137 401 2156 ε
1082 2137 1087 2139 .

375 2173 576 2228 anima
597 2185 730 2223 eum
766 2164 1007 2220 meliora
1061 2163 1288 2225 docere,
1321 2159 1522 2229 sicque
1570 2154 1737 2222 velle,
1766 2137 2026 2208 bonitate

373 2274 733 2323 sermonum,
768 2254 922 2326 quod
959 2253 1015 2306 in
1066 2267 1128 2305 se
1178 2248 1448 2302 vitiosum
1482 2250 1590 2311 est,
1624 2258 2022 2314 compensare.

372 2351 436 2406 Et
467 2349 548 2403 ita
578 2346 815 2418 quidem
875 2358 980 2396 nec
1026 2339 1266 2395 omnino
1326 2333 1691 2405 abjiciendus
1721 2337 1809 2386 est
1838 2346 2025 2386 sacer-

375 2439 501 2506 dos,
535 2417 634 2508 qui
697 2449 811 2488 non
847 2430 905 2485 in
960 2427 1221 2482 bonitate
1252 2424 1461 2479 animae
1517 2437 1623 2476 nec
1679 2434 1918 2490 operum
1951 2417 2021 2471 ad

371 2543 499 2583 eam
535 2521 929 2596 spectantium
962 2518 1160 2572 divina
1191 2511 1692 2585 loquitur,docens
1714 2509 2022 2578 utjustum

372 2615 593 2681 est.Qui
625 2628 757 2667 vero
791 2610 928 2664 iecit
975 2606 1236 2678 quidem,
1269 2603 1369 2658 sed
1416 2600 1623 2672 lingua
1677 2596 2024 2653 convenien-

372 2707 455 2762 tia
513 2720 626 2758 non
693 2699 972 2771 loquitur,
1032 2694 1280 2750 multam
1339 2695 1394 2746 et
1448 2689 1575 2761 ipse
1629 2687 1862 2743 laudem
1923 2701 2026 2756 per

372 2795 480 2848 hoc
513 2790 704 2847 solum
738 2790 927 2843 facere
976 2785 1085 2840 sibi
1137 2781 1429 2837 conciliat.
1485 2783 1624 2833 Cum
1656 2776 1810 2832 enim
1844 2773 2023 2830 semel

364 2880 654 2954 judicavit
684 2895 830 2948 opus
858 2874 1154 2930 efficacius
1211 2885 1339 2926 esse
1370 2884 1659 2935 sermone,
1708 2863 2022 2936 reputavit‘

373 2987 486 3044 que
519 2967 876 3024 ferventibus
906 2961 1184 3035 operibus
1233 2957 1402 3031 quasi
1453 2954 1790 3012 fermentari
1833 2951 2023 3007 consi-

374 3041 674 3116 derantem
706 3057 777 3110 de
806 3054 878 3108 iis
934 3050 1285 3112 doctrinam,
1319 3046 1509 3102 solum
1564 3044 1718 3115 quod
1779 3047 1867 3097 est
1896 3041 2022 3095 effi-

373 3149 571 3206 cacius
603 3143 907 3216 amplexus
958 3150 1085 3195 est:
1137 3143 1194 3192 et
1249 3135 1467 3190 faciens
1524 3131 1699 3188 simul
1732 3132 1936 3195 docet;
1969 3135 2026 3182 et

2143 548 2236 601 τὸν
2286 548 2484 618 ἑτέρως
2541 547 2636 618 μὶν
2690 543 2858 613 ’ἤθους
2936 540 3064 598 ὄντα
3138 543 3534 616 ἐξηυλημὲνου,
3594 547 3662 600 τὰ
3718 546 3808 607 εἷς

2144 637 2339 711 ἂρετήν
2373 633 2430 689 δὲ
2481 633 2773 705 λαλοῦντα,
2805 633 2894 687 καὶ
2932 632 3105 696 οὕτως
3162 634 3218 688 εὗ
3277 634 3366 687 τὸν
3414 635 3683 708 ἀκροατὴν
3711 637 3811 710 ἀρα

2141 725 2434 798 μάττοντα.
2474 726 2536 778 Ἦ
2595 723 2802 798 σύριγξ,
2850 723 2940 777 καὶ
2993 721 3093 776 ὅσα
3143 720 3315 777 λοιπᾶ
3365 727 3472 777 τῶν
3529 723 3810 797 ὀργάνων,

2138 812 2409 886 ἔμμουσα,
2471 813 2783 884 τέρπουσιν,
2847 808 3002 866 οὐδὲν
3094 812 3186 883 μὲν
3265 811 3400 865 αὐτὰ
3473 810 3812 884 ἐπιστάμενα

2140 903 2227 958 ὑπ’
2255 900 2440 956 ἄλλων
2501 899 2558 955 δὲ
2607 905 2874 976 τεχνικῶς
2931 900 3069 973 πρὸς
3126 897 3331 968 ἡδονὴν
3390 900 3806 973 ἀρμοττόμὲνα·

2135 992 2376 1066 τερπέτω
2406 990 2581 1044 τοίνυν
2616 991 2692 1051 ὡς
2720 988 2968 1050 τοιοῦτός
3023 1010 3108 1052 τις
3162 989 3252 1043 καὶ
3311 990 3338 1043 6
3395 994 3503 1043 τῶν
3538 987 3807 1044 διδασκα-

2137 1078 2273 1134 λιῶν
2334 1079 2626 1156 ἐξηγητὴς,
2673 1078 2718 1133 εἷ
2792 1078 2884 1132 καὶ
2955 1083 3023 1132 τά
3077 1077 3130 1140 ἐς
3188 1079 3375 1152 ψυχὴν
3438 1079 3804 1154 ἀναρμόστως

2137 1164 2274 1244 ἔχει’
2311 1168 2470 1244 Τάχα
2497 1169 2599 1242 γὰρ
2633 1169 2662 1222 6
2693 1167 2825 1229 Θεὸς
2858 1163 3188 1238 κηδόμενος,
3232 1167 3369 1228 τέως
3405 1167 3497 1238 μὶν
3529 1168 3591 1222 τὸ
3621 1167 3806 1239 ἥμισυ

2133 1266 2235 1327 τῆς
2281 1258 2469 1319 κακίας
2514 1257 2784 1332 ἀπήγαγε,
2826 1257 2890 1310 τὸ
2943 1255 3118 1328 στόμα
3167 1255 3426 1331 ῥυθμίσας
3479 1258 3648 1311 αὐτοῦ
3705 1279 3805 1312 σο⁸

2136 1347 2259 1425 φίαν
2310 1345 2523 1401 λαλεῖν·
2575 1345 2629 1400 ὲν
2679 1350 2856 1421 καιρῷ
2905 1342 2964 1399 δὲ
3000 1347 3367 1418 καθηγήσεται
3428 1344 3656 1417 μελετᾷν
3705 1347 3808 1401 καὶ

2133 1437 2234 1504 τὴν
2275 1432 2501 1510 καρδίαν
2549 1435 2714 1488 αὐτοῦ
2744 1434 2975 1488 σύνεσιν.
3008 1432 3073 1490 Ei
3119 1429 3177 1487 δὲ
3230 1433 3320 1486 καὶ
3369 1431 3538 1505 μηδὲν
3581 1455 3634 1488 τι
3677 1455 3806 1489 τοι-

2137 1529 2292 1579 οῦτον
2363 1521 2620 1597 ἐθέλομεν
2692 1521 2778 1577 ἐπ’
2837 1522 3002 1577 αὐτοῦ
3075 1518 3466 1595 καραδοκῆσαι,
3516 1520 3645 1577 ἀλλ’
3703 1523 3804 1579 οὖν

2135 1611 2482 1684 θαυμάσομεν
2539 1611 2698 1666 αὐτὸν
2755 1612 2894 1665 κατὰ
2963 1613 3065 1678 τήν
3134 1609 3451 1680 λαλήσασαν
3520 1608 3644 1666 ὅνον
3704 1634 3805 1667 κε-

2137 1700 2315 1756 λεύσει
2384 1705 2538 1756 Θεοῦ.
2593 1700 2954 1774 Λογισώμεθα
3010 1697 3069 1753 δὶ
3126 1699 3236 1766 καὶ,
3291 1701 3366 1761 ὡς
3429 1695 3561 1761 ἴσως
3618 1701 3805 1756 ἐκεῖνα

2139 1787 2320 1858 λαλεῖ,
2372 1790 2470 1842 ὅσα
2523 1788 2777 1864 βούλεται
2830 1789 2923 1861 μὲν
2970 1790 3287 1864 κατορθοῦν,
3336 1789 3400 1843 ού
3459 1787 3677 1844 δύναται
3739 1788 3806 1845 δὲ

2135 1875 2224 1932 διὰ
2263 1876 2467 1955 φαῦλον
2501 1877 2840 1949 συνεθισμόν·
2877 1876 2995 1941 ὅθεν
3053 1877 3138 1931 καὶ
3199 1875 3250 1949 ἐξ
3310 1875 3451 1947 δ’λης
3498 1881 3686 1952 ψυχῆς
3717 1880 3802 1933 εἷ-

2133 1967 2227 2030 κὸς
2258 1964 2527 2020 διδάσκειν
2561 1965 2720 2020 αὐτὸν
2761 1967 2826 2020 τά
2871 1965 3172 2041 κρείττονα,
3199 1965 3288 2019 καὶ
3350 1966 3525 2029 οὕτως
3583 1967 3796 2030 ἐθέλειν

2133 2055 2499 2125 ἀντισηκῶσαι
2552 2058 2620 2128 τῇ
2685 2054 3000 2130 ἀγαθωσύνῃ
3057 2059 3163 2109 τῶν
3197 2054 3412 2129 ἀγαθῶν
3441 2055 3504 2108 τὸ
3534 2057 3653 2109 κατ’
3695 2057 3800 2110 αύ-

2131 2146 2222 2199 τὸν
2271 2144 2656 2216 περιπόνηρον.
2690 2142 2793 2196 Καὶ
2825 2142 2968 2197 οὕτω
3025 2142 3121 2214 μὲν
3167 2142 3228 2197 ού
3278 2143 3414 2197 πάνυ
3467 2139 3799 2213 ἀπόϐλητος

2135 2230 2263 2287 οὐδὲ
2292 2231 2488 2307 ἱερεὺς,
2519 2233 2578 2292 ὃς
2615 2233 2690 2303 μή
2723 2231 2774 2284 ἐν
2807 2230 3148 2306 άγαθότητιφ
3184 2235 3370 2307 ψυχῆς
3401 2231 3489 2286 καὶ
3527 2237 3636 2286 τῶν
3677 2234 3802 2287 κατ’

2133 2321 2300 2389 αὐτὴν
2357 2316 2529 2395 ἔργων
2561 2322 2676 2375 θεῖα
2707 2318 2889 2387 λαλεῖ,
2923 2317 3213 2388 διδάσκων,
3249 2321 3325 2382 ὡς
3378 2322 3556 2393 Θέμις.
3589 2322 3684 2382 Ὁς
3737 2319 3803 2376 δὲ

2133 2417 2309 2466 ποιῶν
2344 2411 2460 2483 μὶν,
2496 2411 2557 2464 οὐ
2581 2409 2766 2466 λαλῶν
2802 2407 2860 2465 δὲ
2900 2409 3128 2485 γλώσσῃ
3162 2413 3228 2465 τά
3285 2413 3583 2484 πρέποντα,
3614 2411 3800 2467 πολὺν

2133 2501 2222 2556 καὶ
2254 2500 2413 2562 αὐτὸς
2444 2498 2661 2554 ἔπαινον
2695 2498 2976 2577 ἐφέλκεται
3027 2501 3143 2554 κατ’
3167 2500 3298 2554 αὐτὸ
3348 2497 3415 2569 δὴ
3475 2501 3566 2554 καὶ
3624 2501 3800 2573 μόνον

2131 2591 2194 2644 τὸ
2237 2595 2435 2644 ποιεῖν.
2489 2590 2690 2664 Κρίνας
2741 2588 2843 2664 γὰρ
2891 2587 3156 2660 καθάπαξ,
3212 2586 3648 2664 δραστικώτερον
3699 2589 3803 2646 λό-

2133 2700 2234 2754 γου
2289 2679 2351 2732 τὸ
2404 2677 2561 2752 ἔργον
2624 2677 2774 2746 εἶναι,
2835 2677 2925 2732 καὶ
2994 2678 3069 2740 ὡς
3141 2680 3256 2732 οἷον
3310 2677 3616 2750 ἐςυμῶσθαι
3677 2685 3800 2742 τοῖς

2134 2765 2452 2828 σπουδαίοις
2493 2765 2675 2841 ἔργοις
2723 2770 2999 2821 κατανοῶν
3048 2767 3138 2820 καὶ
3195 2770 3295 2836 τὴν
3325 2766 3407 2822 ἐπ’
3466 2767 3655 2829 αὐτοῖς
3705 2766 3800 2823 δι-

2135 2854 2455 2924 δασκαλίαν,
2529 2859 2626 2910 τοῦ
2701 2853 3071 2931 ἐνεργεστὲρου
3144 2854 3348 2930 γίνεται
3429 2855 3639 2928 μόνου·
3703 2857 3795 2910 καὶ

2134 2946 2383 3015 πράττων
2436 2945 2550 3016 ἅμα
2593 2944 2684 2998 καὶ
2736 2940 3013 2998 διδάσκει⁶
3067 2943 3157 2998 καὶ
3215 2943 3440 3018 ἐνεργῶν
3502 2945 3668 3006 αὐτὸς
3723 2946 3798 3000 τά

2135 3032 2414 3107 εύλογητὰ
2442 3032 2493 3086 ἐν
2528 3037 2608 3103 τῷ
2659 3033 2773 3086 κατ’
2804 3033 3000 3105 ἀρετὴν
3037 3036 3151 3100 ζῇν,
3183 3031 3274 3086 τόν
3326 3052 3385 3086 τε
3444 3032 3574 3087 Θεὸν
3625 3033 3796 3088 εὐλο-

2134 3130 2220 3198 γεῖ
2243 3123 2416 3186 οὕτως
2474 3123 2526 3178 ἐν
2581 3127 2648 3196 τῇ
2705 3125 2818 3193 ζωῇ
2875 3123 3060 3191 αὐτοῦ,
3109 3121 3404 3197 ψαλμικῶς
3455 3125 3652 3196 εῗπεῖν,
3701 3126 3795 3181 καὶ

373 3201 624 3310 sperans
680 3201 804 3304 ipse
853 3247 981 3302 qua:
1043 3226 1342 3299 probanda
1375 3227 1533 3290 sunt,
1591 3221 1832 3275 vivendo
1857 3222 2021 3289 juxta

2137 3213 2354 3310 ἑτέρους
2412 3209 2674 3310 παιδεύει,
2726 3211 3006 3286 ὁρώμενος
3053 3211 3090 3281 ἢ
3147 3213 3503 3284 ἀκουόμενος.
3539 3213 3795 3284 ’Δληθῶς

372 3330 669 3388 virtutem,
717 3321 801 3376 sic
835 3325 1011 3374 Deum
1043 3317 1096 3370 in
1163 3332 1272 3370 sua
1303 3313 1435 3378 vita,
1494 3308 1816 3366 secundum
1869 3306 2024 3362 Psal-

375 3430 606 3471 morum
639 3410 836 3474 verba,
896 3405 1207 3474 benedicit,
1241 3407 1298 3456 et
1353 3401 1520 3469 alios,
1564 3399 1726 3454 visus
1774 3401 1830 3451 et
1859 3395 2022 3450 audi-

370 3511 492 3571 tus,
523 3500 734 3558 erudit.
784 3497 932 3552 Vere
991 3494 1146 3549 enim
1205 3489 1532 3560 discipulus
1594 3485 1929 3557 intelligens
1959 3501 2027 3539 ex

2134 3303 2236 3378 γὰρ
2268 3303 2296 3356 6
2329 3302 2544 3365 συνετὸς
2594 3302 2866 3373 μαθητὴς,
2900 3300 2960 3355 ἐκ
3005 3305 3113 3355 τῶν
3156 3298 3560 3356 διδασκαλικῶν
3621 3301 3794 3378 ἔργων

2133 3389 2493 3462 τυπούμενος,
2528 3388 2580 3443 ἐν
2611 3395 2731 3451 ταῖς
2761 3395 3086 3463 πρακτικαῖς
3141 3395 3249 3444 τῶν
3290 3390 3491 3465 ἀρετῶν
3541 3391 3708 3468 ἀλίγα
3753 3392 3794 3462 ἢ

2137 3478 2288 3535 οὐδὲν
2319 3483 2428 3533 τῶν
2455 3478 2538 3533 ἐπ’
2569 3477 2757 3540 αὐταῖς
2790 3475 3154 3534 διδασκαλιῶν
3188 3477 3531 3556 προσδέεται.

370 3568 645 3666 operibus
679 3583 1108 3644 doctrinalibus
1139 3580 1498 3649 elformatus,
1531 3577 1591 3632 in
1621 3577 1906 3630 virtutum
1939 3572 2229 3629 exercitiis
2261 3586 2442 3642 pauca
2491 3568 2580 3624 vel
2630 3569 2785 3625 sulla
2817 3586 2995 3641 super
3050 3569 3143 3625 his
3172 3570 3527 3626 documenta
3583 3588 3791 3629 neces-

367 3684 523 3740 saria
552 3681 748 3736 habet.

441 3790 527 3844 17.
560 3786 789 3842 Scimus
815 3784 991 3838 etiam
1043 3779 1102 3834 in
1147 3774 1512 3832 discentibus
1568 3775 1721 3828 artes
1752 3770 2011 3842 plerum-

367 3895 482 3951 que
538 3874 815 3948 operibus
872 3882 1250 3940 prosperare:
1313 3865 1628 3919 observans
1686 3861 1866 3927 enim,
1913 3858 2012 3930 qui

368 3948 568 4025 studet
599 3962 730 4024 arti,
763 3959 1109 4030 magistrum
1143 3953 1463 4010 secundum
1497 3951 1657 4006 illius
1689 3965 1836 4022 opus
1875 3948 2014 4002 diri-

2125 3852 2388 3927 δουμένας
2447 3851 2500 3906 ἐν
2562 3857 2677 3914 τοῖς
2736 3851 3090 3925 μανθάνουσιν
3127 3873 3140 3886 ο

2121 3943 2488 4020 τεχνούμενος
2514 3946 2595 4014 τῷ
2639 3942 2945 4016 καθηγητῇ,
2977 3941 3114 4016 πρὸς
3174 3943 3236 3996 τὸ
3278 3942 3392 3996 κατ’
3441 3941 3648 3997 ἐκεῖνον
3687 3941 3776 4017 ἔρ-

2197 3770 2281 3834 ιζ’.
2314 3761 2550 3837 Οἴδαμεν
2605 3763 2694 3818 καὶ
2722 3782 2920 3838 τεχνας
2978 3763 3046 3818 τά
3089 3761 3267 3818 πλείω
3320 3764 3414 3836 μὶν
3459 3761 3641 3841 ἔργοις
3667 3765 3786 3820 εὖο-

3200 3851 3517 3927 ἐντρανίζων
3578 3855 3686 3929 γὰρ
3746 3856 3776 3909 6

367 4057 546 4128 gitur.
578 4052 636 4106 Si
683 4065 814 4104 vero
871 4047 1015 4101 forte
1073 4060 1188 4099 non
1239 4041 1560 4096 secundum
1600 4038 2013 4111 perfectionem

2135 4055 2217 4128 γον
2251 4031 2544 4086 εὐθύνεται.
2578 4031 2639 4086 El
2694 4027 2750 4085 δέ
2780 4051 2885 4084 που
2915 4029 3003 4084 κάὶ
3031 4028 3330 4108 σφάλλοιτο
3360 4035 3457 4084 τοῦ
3487 4031 3564 4092 εἰς
3622 4031 3778 4105 ἀκρί-

367 4125 571 4216 egerit,
600 4146 742 4193 tunc
793 4149 1121 4216 sermonem
1180 4131 1360 4186 habet
1417 4128 1680 4200 magistri
1721 4125 2013 4196 corrigen-

369 4212 509 4288 tem.
569 4230 863 4299 Frequens
919 4212 1100 4278 tradit
1167 4218 1522 4290 experientia
1577 4215 1902 4287 discipulos
1959 4219 2016 4269 et

371 4320 686 4388 magistros
712 4315 969 4387 Opiﬁces,
998 4311 1215 4381 quibus
1244 4325 1308 4364 ex
1343 4307 1644 4362 nativitate
1668 4304 1863 4360 surdis
1895 4320 2014 4357 ma-

369 4407 640 4483 gistrales
697 4410 908 4459 natura
964 4399 1260 4470 subripuit
1315 4413 1538 4462 voces;
1598 4400 1654 4450 et
1703 4399 1899 4448 tamen
1956 4391 2014 4445 hi

370 4499 607 4572 quidem
665 4495 1028 4557 docuerunt,
1088 4488 1171 4542 illi
1229 4504 1362 4543 vero
1420 4485 1770 4552 didicerunt,
1829 4497 2018 4552 neque

371 4588 813 4662 praemittentes,
874 4595 1064 4651 neque
1131 4576 1477 4648 recipientes
1538 4588 1860 4636 sermones,
1919 4587 1980 4625 se

368 4661 702 4734 erudientes
733 4676 789 4726 et
817 4668 1032 4725 eruditi
1092 4666 1406 4738 operibus;
1441 4679 1566 4734 quae
1625 4661 1859 4732 quidem
1892 4676 2011 4715 ser-

365 4782 608 4822 monum
642 4759 1031 4822 substantias,
1063 4755 1150 4811 vel
1200 4752 1523 4808 ineffabiles
1573 4766 1894 4815 sermones,
1927 4749 2014 4803 vel

364 4856 623 4911 viventes
681 4848 1004 4906 sententias
1063 4861 1178 4899 non
1237 4842 1535 4896 immerito
1589 4841 1723 4911 quis
1767 4842 2013 4893 vocaret.

369 4943 585 5000 Omitto
629 4940 820 4994 dicere
878 4933 1202 4991 annuentia
1257 4931 1344 4987 vel
1396 4929 1701 4985 renuentia
1759 4928 1927 4999 signa
1960 4928 2014 4981 in

369 5029 589 5101 templo
611 5025 914 5082 Ammonis
943 5030 1001 5080 et
1032 5021 1301 5077 fortassis
1329 5019 1467 5074 alibi
1500 5019 1775 5088 usitata,a
1805 5016 2020 5088 quibus

371 5121 498 5178 sine
531 5134 666 5173 voce
697 5116 1004 5171 discebant
1035 5111 1366 5166 desiderata
1412 5107 1784 5163 consulentes
1815 5122 2020 5160 oracu-

368 5211 515 5268 lum.
550 5205 934 5262 Celebrantur
991 5205 1047 5256 et
1089 5199 1204 5256 alia
1262 5198 1527 5269 quaedam
1587 5196 1884 5251 actionum
1917 5195 2018 5249 do-

369 5301 648 5356 cumenta
705 5310 807 5364 per
861 5305 1145 5347 manuum
1200 5285 1551 5356 ministeria,
1586 5285 1807 5355 absque
1860 5283 2021 5339 locu-

365 5390 545 5446 tione.
583 5389 648 5439 Et
678 5382 806 5448 hoc,
841 5383 1134 5452 quatenus
1167 5381 1355 5431 totum
1389 5391 1505 5429 uno
1557 5377 1748 5445 potest
1778 5372 2022 5427 demon-

368 5473 544 5536 strari
574 5470 862 5544 exemplo,
893 5467 1100 5524 exinde
1131 5464 1510 5520 manifestum
1544 5465 1656 5517 est.

447 5581 532 5637 18.
561 5582 678 5634 Rex
737 5575 976 5650 quidam
1031 5590 1100 5629 ex
1156 5569 1475 5642 antiquisa
1533 5568 1795 5626 factiosis
1824 5567 2025 5641 gravia

366 5669 676 5730 sustinens
709 5669 765 5722 et
795 5662 996 5720 auxilii
1024 5661 1177 5716 viam
1224 5673 1491 5730 quaerens
1538 5657 1699 5714 misit
1727 5658 1799 5713 ad
1831 5657 2022 5714 virum

1985 4529 2096 4624 (ξι)

2125 4117 2296 4189 ϐειαν,
2327 4119 2451 4174 τότε
2490 4117 2556 4188 δὴ
2590 4120 2678 4174 καὶ
2739 4117 2903 4194 λόγον
2947 4119 3183 4194 εὑρίσκει
3241 4116 3644 4194 ἐπανορθοῦντα
3691 4117 3780 4174 δι-

2126 4205 2893 4283 δασκαλικῶς.1[αραδίδωσιν
2953 4209 2988 4276 ἡ
3052 4208 3224 4282 συχνὴ
3259 4213 3418 4284 πεῖρα
3474 4209 3562 4263 καὶ
3600 4221 3778 4282 μαθη-

2123 4299 2218 4361 τὰς
2248 4299 2338 4354 καὶ
2382 4296 2741 4359 διδασκάλους
2787 4297 3182 4373 χειρώνακτας,
3216 4298 3289 4351 ὧν
3339 4295 3632 4372 παρείλετο
3689 4299 3778 4354 καὶ

2123 4390 2218 4450 τὰς
2282 4385 2648 4448 διδασκάλους
2722 4387 2902 4463 φωνὰς
2951 4388 2986 4455 ἠ
3037 4385 3194 4464 φύσις
3260 4389 3656 4464 κωφευσάντων
3723 4386 3784 4442 ἐκ

2125 4484 2358 4552 γενετῆς
2394 4477 2481 4531 καὶ
2543 4475 2696 4548 ὅμως
2755 4475 2804 4529 oi
2872 4475 2966 4548 μὶν
3027 4472 3290 4548 ἐδίδαξαν,
3333 4477 3385 4529 οἱ
3443 4473 3503 4531 δὲ
3557 4473 3784 4550 ἔμαθον,

2129 4566 2190 4621 οὐ
2225 4565 2426 4640 λόγους
2464 4566 2778 4638 προϊέμενοι
2836 4564 2927 4618 καὶ
2978 4561 3378 4638 εἷσδεχόμενοι,
3429 4563 3576 4620 ἀλλά
3625 4565 3786 4622 σοφί-

2131 4661 2310 4725 ζοντες
2367 4655 2455 4708 καὶ
2498 4652 2847 4731 σοφιζόμενοι
2897 4650 3098 4728 ἔργοιςν
3132 4653 3266 4728 ἅπερ
3325 4654 3428 4708 oux
3486 4653 3545 4708 ἂν
3602 4655 3787 4732 ἀφυῶς

2129 4742 2308 4818 λόγων
2355 4741 2558 4812 οὐσίας,
2598 4741 2632 4810 ἢ
2685 4740 2887 4815 λόγους
2926 4738 3351 4812 ἀνεκλαλήτους,
3384 4742 3419 4811 ἢ
3471 4742 3646 4810 ζώσας
3703 4742 3788 4796 ἐν·

2127 4831 2276 4892 νοίας
2344 4830 2606 4903 ὀνομάσοι
2663 4851 2769 4891 τις.
2831 4830 2938 4884 Ἐῶ
3033 4829 3208 4903 λέγειν
3280 4829 3622 4891 κατανεύσεις
3693 4830 3785 4885 καὶ

2127 4920 2435 4982 ἀνανεύσεις
2484 4919 2552 4974 τὰ
2606 4918 2656 4973 ἐν
2717 4919 3039 4991 Ἀμμωνος,
3083 4914 3213 4980 ἴσως
3274 4915 3330 4972 δὲ
3385 4919 3474 4972 καὶ
3533 4918 3785 4995 ἑτέρωθι,

2131 5007 2203 5064 δι’
2232 5007 2303 5062 ὧν
2336 5009 2567 5086 ἀφώνως
2599 5004 2944 5062 ἐδιδάσκοντο
2983 5006 3050 5061 τὰ
3098 5005 3302 5076 θελητά
3355 5006 3405 5060 οἳ
3454 5005 3784 5082 χρησμοδο-

2128 5099 2408 5171 τούμενοι.
2456 5094 2806 5173 Περιᾴδονται
2858 5097 2945 5150 καὶ
3006 5093 3194 5159 ἄλλως
3253 5093 3595 5150 διδασκαλίαι
3646 5096 3788 5158 τινὲς

2129 5188 2373 5264 πράξεων
2435 5186 2487 5242 ἐν
2549 5185 2870 5261 ὑπουργίαις
2927 5189 3130 5260 χειρῶν
3198 5182 3331 5260 δίχα
3405 5183 3625 5246 λαλιᾶς.
3678 5185 3785 5241 Καὶ

2133 5277 2303 5347 δῆλον
2339 5277 2468 5332 αὐτὸ
2499 5276 2720 5344 ἐκεῖθεν,
2752 5277 2826 5337 ὡς
2854 5273 2906 5346 ἐξ
2932 5274 3052 5336 ἑνὸς
3101 5273 3338 5352 ἐμφῆναι
3386 5275 3450 5330 τὸ
3497 5278 3599 5328 πᾶν
3655 5275 3788 5330 ὑπο-

2133 5366 2444 5443 δείγματος.

2207 5564 2298 5634 ιη’.
2333 5560 2595 5625 Βασιλεύς
2653 5582 2737 5626 τις
2799 5564 2908 5616 τῶν
2961 5557 3131 5614 πάλαι
3195 5555 3340 5616 δεινᾶ
3393 5557 3623 5633 πάσγων
3687 5558 3794 5613 ὑπὸ

2135 5657 2493 5725 στασιαστῶν,
2551 5651 2639 5707 καὶ
2705 5651 3053 5728 τεχνώμενος
3124 5646 3438 5722 ἐπικουρίας
3526 5643 3786 5721 μέθοδον,
