4114 6200
321 323 443 384 649

1327 321 1408 380 ΙΝ
1452 319 1516 381 S.
1563 319 2244 394 QUADRAGESIMAM
2290 320 2586 382 ORATIO
2631 320 2737 382 Ill.

3617 329 3738 390 650

316 452 624 511 ἐπέστειλεν
712 450 865 530 ἀνδρὶ
947 455 1102 532 σοφῷ
1184 451 1633 529 προκαλούμενος
1715 448 1962 524 διδάξειν,

2083 453 2410 526 sapientem
2439 453 2703 526 rogitans
2725 457 2787 510 ut
2817 456 3053 512 doceret
3074 473 3330 528 quanam
3363 457 3587 516 ratione
3606 463 3734 517 tuto

317 544 497 616 ὁποίῳ
553 541 618 614 δή
678 563 782 597 τινι
837 542 1030 618 τρόπῳ
1087 542 1139 597 ἐν
1191 541 1422 620 ἀσφαλεῖ
1448 543 1838 610 καταστήσεται
1870 542 1968 610 τήν

316 635 524 709 ἀρχήν.
582 631 681 687 Καὶ
744 630 997 704 ἐπέμενεν
1049 631 1077 684 ὁ
1121 630 1402 707 βασιλικὸς
1449 628 1779 697 ἀπόστολος,
1813 631 1976 683 ἀπαι-

313 727 421 776 τῶν
455 722 811 799 ἀντιγραφὴν,
876 715 931 774 εἷ’
982 724 1100 780 πῶς
1155 717 1543 789 παλινοστήσει
1584 717 1727 792 ταχὺ
1761 717 1848 772 ἐπὶ
1879 718 1970 772 τὸν

314 813 630 885 πέμψαντα.
662 812 749 872 Ὧς
782 807 840 864 δὲ
891 809 1053 871 αὐτὸς
1116 809 1210 882 μὲν
1275 807 1533 879 ἐνέκειτο,
1591 808 1728 861 πάνυ
1762 804 1969 883 ὀχλῶν,

315 903 344 955 ὁ
376 898 438 955 δὲ
465 901 631 974 σοφὸς
661 896 820 954 ὤκνει
848 900 948 967 τήν
978 898 1218 976 γράφήν,
1279 893 1493 966 δεδιὼς,
1547 896 1722 969 οἶμαι,
1774 898 1850 969 μὴ
1882 896 1972 949 καὶ

311 991 528 1066 γράψας
575 985 836 1043 ἔκπυστον
897 989 1050 1059 θήσει
1106 987 1167 1042 τὸ
1233 987 1563 1060 μυσνηρικὸν
1621 983 1969 1040 διδασκάλιον

313 1077 614 1152 ὁτῳδήτινι
646 1077 833 1154 τρόπῳ
870 1077 960 1132 καὶ
1017 1075 1202 1152 βλάψῃ
1229 1077 1322 1130 τὸν
1379 1074 1746 1150 ἐρωτήσαντα,
1802 1095 1972 1150 προσ-

313 1163 656 1241 λαμϐάνεται
714 1167 804 1221 τὸν
838 1164 1244 1239 ἀπεσταλμένον
1297 1165 1372 1227 εἷς
1403 1162 1628 1219 ὀπαδόν·
1662 1164 1751 1218 καὶ
1783 1159 1974 1238 (ἔλαχε

307 1260 416 1332 γὰρ
475 1257 626 1329 ἀκμὴ
685 1255 873 1329 θὲρους
903 1256 1056 1328 εἶναι)
1113 1252 1443 1330 παραδύεται
1475 1253 1552 1314 εἷς
1603 1253 1735 1328 βαθὺ
1786 1251 1970 1322 λήϊον,

309 1349 403 1402 καὶ
437 1347 734 1422 γυμνώσας
797 1346 1116 1420 μαχαίριον,
1149 1342 1320 1419 ἔκειρε
1351 1340 1624 1418 σποράδας
1660 1346 1768 1396 τῶν
1811 1343 1972 1396 ἀστα-

307 1438 492 1513 χύων,
554 1434 681 1490 ὅποι
714 1434 920 1509 ἐξεῖχον
953 1432 1007 1495 ἐς
1043 1440 1217 1506 μῆκος
1262 1433 1393 1508 ὑπὲρ
1422 1431 1548 1494 τοὺς
1599 1428 1850 1492 λοιπούς⁸
1881 1431 1970 1485 καὶ

306 1531 474 1581 τοῦτο
522 1526 758 1594 ποιήσας
817 1522 1103 1593 ὑπεξῆλθε,
1159 1521 1246 1577 καὶ
1301 1519 1544 1588 ἀπῆλθεν
1601 1518 1766 1591 οἱειοι,
1807 1531 1969 1583 καθε-

308 1615 477 1684 στὼς,
538 1615 620 1691 εφ’
677 1615 760 1675 οἷς
810 1615 875 1682 ἦν
907 1612 997 1666 καὶ
1028 1612 1244 1688 πρώην.
1303 1612 1360 1665 Ὁ
1392 1608 1448 1664 δὲ
1483 1609 1770 1686 βασιλικὸς
1801 1608 1965 1664 πάλιν

305 1705 376 1773 ἧν
406 1701 480 1758 δι’
535 1699 736 1778 ὄχλου,
768 1700 1034 1774 ἀπαιτὼν,
1090 1700 1120 1755 ὅ
1171 1701 1260 1756 καὶ
1308 1701 1593 1774 πρότερον.
1648 1700 1736 1762 Ὠς
1767 1696 1824 1754 δὲ
1872 1703 1969 1754 τοῦ

305 1793 488 1869 σοφοῦ
543 1788 713 1864 μηδὲν
751 1793 889 1864 μήτε
918 1789 1198 1865 λέγοντος,
1258 1791 1396 1862 μήτε
1451 1788 1805 1864 πράττοντος,
1834 1787 1964 1858 ἐξω-

301 1879 535 1938 νείδισεν
569 1883 598 1936 ὁ
627 1884 726 1934 τοῦ
777 1876 1063 1955 βασιλέως,
1098 1879 1160 1934 ού
1189 1877 1332 1935 καλά
1380 1876 1608 1954 πάσχειν
1659 1877 1960 1954 γογγύζων,

304 1972 353 2027 εἰ
390 1968 536 2044 μηδὲ
564 1969 734 2044 λόγου
764 1969 991 2039 ἀξιοῖτο,
1053 1970 1261 2044 μακράν
1316 1989 1373 2022 τε
1404 1966 1547 2022 οὕτω
1601 1968 1738 2022 κατά
1791 1987 1960 2020 σπου⁹

302 2059 406 2131 δὴν
469 2057 596 2115 ὁδὸν
648 2057 1018 2131 στειλάμενος,
1075 2058 1165 2112 καὶ
1220 2060 1320 2126 τῆς
1363 2053 1587 2118 ἐλπίδος
1619 2055 1671 2118 ἐς
1701 2060 1958 2110 τοσοῦτον

299 2150 700 2225 ἆπαιωρηθείς·
761 2148 988 2203 ἐτιταῦθά
1018 2169 1081 2223 γε
1139 2148 1168 2202 ὁ
1225 2143 1538 2220 ἔμπρακτος
1570 2144 1833 2216 ἐπιλύτης
1863 2152 1963 2215 τῆς

303 2237 606 2314 βασιλικῆς
636 2237 865 2312 ἀπορίας
914 2236 1240 2305 λακωνίσας,
1303 2234 1485 2311 ὥσπερ
1517 2231 1659 2310 ἔργῳ
1701 2239 1782 2307 τῷ
1824 2237 1961 2290 κατά

292 2329 401 2396 τήν
434 2327 682 2401 ἐτι-τομὴν
714 2331 824 2382 τῶν
882 2326 1187 2402 ἀσταχύων,
1222 2323 1366 2381 οὕτω
1409 2324 1497 2380 καὶ
1529 2323 1686 2399 λόγῳ
1715 2325 1793 2396 τῷ
1826 2324 1961 2399 πρὸς

297 2416 578 2484 ἐπίλυσιν,
635 2415 899 2484 "Andes,
962 2417 1126 2486 εἶπεν,
1163 2417 1280 2470 ὅθεν
1335 2412 1590 2484 ἐστάλης,
1631 2412 1722 2468 καὶ
1768 2413 1832 2468 τὸ
1869 2434 1955 2468 τε-

298 2507 569 2581 θεαμένον
602 2502 945 2581 ἀνάγγειλον.
997 2506 1098 2562 Καὶ
1153 2503 1312 2568 αὐτὸς
1367 2505 1460 2577 μὶν
1496 2502 1639 2558 οὕτω
1697 2501 1955 2579 φάμενος,

298 2595 518 2652 ἔκλεισε
546 2595 608 2650 τὸ
663 2589 881 2671 βιϐλίον
928 2599 1026 2663 τῆς
1075 2591 1292 2655 λαλιᾶς.
1338 2594 1394 2645 Ὀ
1453 2589 1510 2647 δὲ
1555 2591 1788 2654 ἀκούσας
1831 2592 1959 2646 ἀπέ-

298 2705 456 2759 κρινε
498 2685 594 2758 μὲν
625 2684 718 2739 τὸν
774 2684 936 2761 σοφὸν
966 2679 1130 2756 ἄνδρα
1175 2686 1282 2736 τῶν
1336 2682 1468 2758 ὁρθὰ
1498 2679 1860 2758 φρονούντων,
1894 2682 1958 2736 ού

299 2775 553 2852 φρενήρη
594 2771 980 2849 γνωματεύσας
1031 2770 1255 2826 ἐκεῖνον·
1319 2769 1550 2845 ἐψεύσθη
1603 2767 1660 2825 δὲ
1688 2773 1787 2835 τῆς
1835 2770 1959 2846 κρί-

299 2884 444 2925 σεως
475 2863 529 2925 ἐς
569 2863 632 2917 τὸ
660 2866 788 2918 πᾶν.
855 2862 916 2918 Ὁ
953 2859 1054 2937 γάρ
1104 2875 1195 2915 τοι
1247 2859 1436 2934 κύριος
1495 2856 1748 2935 βασιλεὺς
1797 2879 1959 2914 κατα-

293 2955 477 3026 κύψας
509 2951 586 3014 εἰς
642 2951 804 3026 βάθος
860 2953 957 3004 τοῦ
1008 2946 1356 3025 ἡγγελμὲνου
1415 2944 1597 3024 ἔργου,
1646 2947 1960 3023 καθεώρακε

294 3042 400 3110 τὴν
465 3040 835 3116 ἀγχίστροφον
865 3038 955 3093 καὶ
991 3038 1205 3114 βαθεῖαν
1261 3034 1611 3093 διδασκαλίαν
1638 3040 1735 3091 τοῦ
1767 3041 1958 3116 σοφοῦ,

293 3132 385 3186 καὶ
420 3131 524 3198 τήν
558 3126 648 3183 διὰ
692 3128 884 3204 χειρὸς
914 3125 1143 3204 ἔμφασιν
1202 3131 1298 3181 τοῦ
1351 3125 1487 3181 κατὰ
1537 3127 1723 3201 ψυχὴν
1768 3124 1955 3200 λόγουο

294 3219 388 3274 καὶ
423 3217 757 3289 ἀπελύσατο,
803 3219 902 3287 τὴν
963 3221 1070 3271 τῶν
1098 3217 1450 3292 προεχόντων
1483 3215 1770 3292 ἀσταχύων
1818 3215 1954 3271 ἀπο-

294 3309 480 3381 τομήν
515 3304 758 3382 δίδαγμα
787 3307 918 3360 εἶναι
984 3306 1079 3360 τοῦ
1131 3311 1334 3381 χρῆναι
1391 3303 1645 3360 κολούειν
1673 3303 1800 3368 τοὺς
1846 3309 1954 3359 τῶν

298 3396 554 3453 πολιτῶν
589 3395 665 3458 εἷς
719 3395 915 3471 θράσος
965 3394 1358 3469 ἐπαιρομένους
1427 3394 1806 3472 ὑπερηφάνως,
1867 3395 1956 3448 καὶ

299 3488 481 3549 οὕτως
509 3485 814 3563 ἐξέχοντας.
876 3483 978 3542 Καὶ
1033 3489 1194 3540 τοῦτο
1253 3481 1532 3560 διαγνοὺς,
1563 3483 1652 3538 καὶ
1683 3484 1800 3538 κατ’
1826 3482 1954 3538 αὐτὸ

297 3581 502 3650 ποιῶν,
537 3577 708 3648 εαυτῷ
757 3576 858 3646 τήν
921 3572 1198 3650 βασιλείαν
1248 3572 1702 3652 κατησφαλίζετο,
1768 3571 1952 3644 μαθὼν

297 3665 419 3723 οὐδ’
451 3664 610 3729 αὐτὰς
643 3665 793 3742 λόγω
825 3665 887 3720 τὸ
917 3663 1250 3738 ποθούμενον
1279 3660 1783 3733 διδασκάλιον,ἀλλ’
1812 3657 1955 3736 ἔργῳ

289 3758 378 3830 τῷ
413 3754 505 3811 διὰ
531 3751 860 3810 διδασκάλου
891 3757 1079 3832 σοφοῦ.

374 3865 464 3928 ιθ’.
498 3862 708 3920 Οὐκοῦν
741 3860 986 3940 φανερὸν,
1032 3857 1124 3914 ’ίνα
1185 3860 1261 3933 μὴ
1302 3856 1480 3914 πλείω
1512 3857 1565 3912 ὲν
1610 3862 1727 3920 τοῖς
1775 3858 1958 3912 τοιού-

291 3975 418 4015 τοις
477 3945 864 4025 διατρίϐωμεν,
932 3949 1008 4011 ὡς
1087 3945 1198 4003 ἔστι
1273 3945 1616 4011 διδάσκεσθαι
1686 3949 1836 4020 ἡμᾶς
1894 3946 1960 4002 τὰ

291 4040 468 4108 καλα,
531 4041 621 4096 καὶ
679 4041 770 4094 ὅτε
823 4038 1074 4115 πράξεσιν
1113 4036 1386 4112 ἐναρέτοις
1434 4031 1807 4110 ἐμϐλέπομεν,
1867 4037 1957 4091 καὶ

305 4134 384 4194 ὡς
444 4130 731 4208 ἐγκωμίων
774 4127 919 4200 ἄξίος
965 4127 1053 4183 καὶ
1105 4129 1132 4183 ὁ
1163 4132 1336 4182 ποιῶν
1376 4127 1438 4180 τὸ
1486 4125 1651 4182 καλὸν
1692 4124 1956 4200 σιγηλῶς,

295 4224 390 4278 καὶ
455 4219 754 4295 μονονουχὶ
785 4217 838 4273 ἐν
893 4222 974 4290 τῷ
1026 4215 1337 4292 ἐργάζεσθαι
1395 4214 1566 4292 λέγων
1597 4220 1714 4276 τοῖς
1748 4214 1959 4288 θεωμὲ-

296 4331 420 4372 νοις
451 4308 536 4364 τό’
575 4333 602 4359 ‹‹
632 4310 720 4372 Ὠς
778 4306 908 4382 ἐγὼ,
968 4304 1112 4362 οὕτω
1163 4305 1251 4360 καὶ
1302 4305 1476 4376 ὑμεῖς.
1537 4327 1566 4354 ››
1615 4303 1775 4362 Οὕτω
1826 4303 1962 4358 κατὰ

292 4402 360 4454 τὸ
394 4400 562 4473 ἅγιον,
595 4394 933 4473 Εὐαγγέλιον
991 4396 1042 4450 οἱ
1100 4393 1394 4470 βλέποντες
1442 4392 1507 4448 τὰ
1553 4390 1607 4448 ἓν
1657 4414 1766 4447 τισι
1818 4391 1962 4448 καλά

297 4485 441 4563 ἔργα
465 4485 750 4557 δοξάζουσι
780 4486 873 4540 τὸν
905 4483 1054 4540 Θεόν·
1111 4484 1202 4538 καὶ
1261 4482 1404 4537 οὕτω
1463 4481 1668 4556 λάμπει
1724 4482 1788 4536 τὸ
1821 4483 1958 4536 ἀπο-

2083 541 2308 599 salvam
2373 542 2614 599 haberet
2670 548 3044 616 potestatem.
3103 547 3170 600 Et
3237 549 3592 619 exspectavit
3645 567 3736 605 re-

2082 632 2213 702 gius
2242 631 2492 704 legatus,
2537 634 2884 704 rescriptum
2935 640 3138 706 petens
3189 639 3254 690 ut
3281 637 3442 692 brevi
3495 639 3568 694 ad
3599 655 3735 695 eum

2083 720 2183 791 qui
2234 720 2494 788 miserat,
2557 721 2787 777 rediret.
2847 725 2988 778 Cum
3051 729 3246 780 autem
3310 727 3435 798 ipse
3482 727 3734 784 multum

2083 807 2372 864 sollicitus
2420 809 2686 881 instaret,
2716 814 2773 866 et
2819 811 3053 883 sapiens
3085 813 3372 885 scriptum
3423 817 3562 872 dare
3606 834 3735 873 mo-

2083 903 2328 965 raretur,
2380 898 2616 967 timens,
2668 904 2832 971 puto,
2877 917 2948 956 ne
2994 901 3385 974 qualicunque
3434 906 3629 973 modo,
3684 907 3735 963 si

2083 989 2299 1059 scripto
2336 988 2688 1059 patefaceret
2730 989 3142 1060 mysteriosum
3176 993 3616 1063 documentum,
3648 995 3736 1050 illi

2083 1076 2183 1148 qui
2214 1076 2672 1149 interrogaverat
2720 1082 2975 1146 noceret,
3007 1079 3258 1136 missum
3291 1081 3404 1137 sibi
3455 1083 3731 1141 comitem

2082 1165 2390 1238 adjungit;
2445 1171 2519 1234 et,
2555 1183 2689 1220 cum
2738 1173 2875 1222 tunc
2925 1167 3116 1224 media
3167 1169 3412 1226 ferveret
3448 1177 3639 1242 aestas,
3673 1174 3733 1230 in

2082 1272 2252 1327 agros
2308 1255 2726 1311 frumentarios
2783 1260 3099 1327 penetrat;
3160 1261 3236 1327 et,
3296 1260 3514 1316 nudato
3571 1277 3732 1332 ense,

2081 1344 2342 1400 diversas
2386 1344 2679 1400 abscindit
2726 1346 2941 1416 spicas,
2989 1363 3350 1420 quaecunque
3397 1365 3573 1421 super
3619 1368 3733 1406 cae-

2078 1435 2235 1488 teras
2266 1433 2574 1488 altitudine
2626 1435 2982 1505 praestabant
3011 1453 3023 1502 ;
3058 1439 3133 1504 et,
3189 1435 3299 1491 hoc
3332 1437 3502 1506 facto,
3533 1455 3731 1512 egres-

2081 1539 2184 1578 sus
2234 1528 2342 1593 est,
2377 1528 2433 1578 et
2479 1523 2721 1578 domum
2772 1523 2963 1588 rediit,
2998 1523 3091 1591 iis,
3143 1525 3359 1596 quibus
3390 1530 3515 1582 erat
3563 1533 3734 1586 antea

2080 1612 2429 1684 praepositus
2462 1613 2533 1668 de
2567 1629 2711 1667 novo
2760 1612 3080 1684 imperans.
3114 1615 3332 1687 Regius
3381 1620 3577 1673 autem
3609 1621 3734 1674 erat

2078 1702 2268 1756 denuo
2300 1701 2609 1768 sollicitus,
2633 1702 2834 1757 eadem
2865 1719 2990 1773 quae
3020 1702 3210 1774 prius,
3232 1704 3423 1761 denuo
3447 1706 3731 1779 rogitans.

2077 1793 2221 1846 Cum
2252 1807 2386 1847 vero
2418 1790 2653 1863 sapiens
2687 1790 2838 1846 nihil
2871 1791 3090 1848 diceret
3121 1809 3224 1848 nec
3256 1793 3492 1860 faceret,
3523 1811 3731 1868 expro-

2071 1878 2319 1934 bravita
2352 1884 2504 1951 ,rege
2548 1878 2791 1946 missus,
2843 1897 2957 1936 non
2988 1881 3137 1936 bene
3186 1898 3387 1938 secum
3436 1884 3531 1956 agi
3563 1901 3730 1942 mus-

2071 1967 2280 2039 sitans,
2331 1968 2447 2024 nisi
2504 1969 2676 2024 verbo
2724 1969 2939 2042 dignus
2989 1968 3323 2039 haberetur,
3377 1975 3499 2028 tam
3555 1974 3731 2047 longa

2070 2057 2184 2113 cito
2236 2058 2471 2113 functus
2518 2058 2630 2125 via,
2682 2062 2962 2130 tantaque
3016 2075 3120 2130 spe
3180 2060 3518 2116 frustratus.
3567 2066 3729 2120 Tunc

2070 2148 2529 2220 strenuusregite
2542 2146 2958 2204 sollicitudinis
2970 2147 3722 2222 solutor,quemadmodum

2069 2234 2129 2290 in
2161 2236 2520 2292 abscissione
2551 2237 2846 2308 spicarum
2877 2240 3066 2305 antea,
3091 2237 3176 2293 sic
3207 2254 3362 2294 nunc
3384 2239 3446 2295 in
3469 2241 3726 2313 explica—

2067 2324 2225 2382 tione
2256 2324 2474 2381 verbali
2519 2323 2838 2394 laconicus,
2874 2348 2902 2376 «
2934 2327 3066 2394 Abi,
3102 2325 3315 2398 inquit,
3347 2332 3405 2384 et
3451 2331 3606 2400 quod
3637 2331 3720 2386 vi-

2069 2415 2208 2471 disti
2235 2415 2528 2471 renuntia.
2562 2436 2591 2464 »
2632 2416 2702 2470 Et
2732 2415 2815 2471 sic
2845 2415 2972 2488 ipse
3004 2416 3180 2487 fatus,
3213 2415 3526 2474 locutionis
3556 2419 3722 2476 clau-

2069 2502 2146 2559 sit
2191 2503 2430 2559 librum.
2492 2504 2598 2570 Qui
2649 2521 2780 2561 vero
2829 2503 3113 2574 audierat,
3167 2505 3432 2563 distinxit
3481 2508 3720 2580 quidem

2067 2593 2255 2648 virum
2300 2593 2625 2665 sapientem
2674 2610 2744 2650 ex
2776 2598 2930 2650 recte
2978 2595 3366 2667 sapientibus,
3418 2614 3532 2653 non
3563 2615 3721 2656 sanae

2068 2684 2284 2741 mentis
2315 2701 2448 2740 eum
2477 2685 2776 2741 aestimans
2802 2710 2815 2753 ;
2847 2686 2950 2741 sed
2974 2702 3214 2756 prorsus
3247 2687 3460 2744 erravit
3471 2689 3722 2760 judicio.

2068 2773 2349 2829 Dominus
2392 2773 2549 2829 enim
2581 2775 2710 2844 ejus
2757 2789 2859 2829 rex
2907 2774 2966 2828 in
2999 2774 3190 2846 operis
3239 2777 3558 2833 renuntiati
3588 2796 3722 2851 pro-

2069 2862 2320 2918 fundum
2367 2863 2625 2933 intuens,
2656 2862 2910 2919 vividam
2945 2880 3012 2919 ac
3061 2863 3242 2920 altam
3291 2865 3575 2938 sapientis
3625 2868 3720 2924 do-

2069 2951 2342 3018 ctrinam,
2366 2957 2422 3008 et
2451 2951 2799 3024 patefactam
2822 2969 3024 3021 manu,
3044 2953 3336 3009 sermonis
3358 2955 3517 3012 intus
3539 2955 3720 3013 laten-

2067 3040 2146 3096 tis
2175 3040 2589 3097 rsvelationem
2639 3041 2940 3113 conspexit
2963 3059 2978 3109 ;
3030 3045 3088 3097 et
3117 3041 3402 3099 intellexit
3432 3061 3718 3118 superan-

2068 3130 2219 3186 tium
2275 3130 2574 3202 spicarum
2633 3131 3055 3187 abscissionem
3103 3131 3528 3190 documentum
3590 3150 3720 3194 esse

2068 3220 2140 3276 de
2169 3220 2519 3276 necessitate
2551 3235 2650 3276 eos
2679 3235 2710 3276 e
2742 3219 2932 3276 medio
2963 3219 3206 3276 tollendi
3237 3222 3338 3292 qui
3371 3222 3522 3278 inter
3564 3223 3718 3281 cives

2068 3311 2127 3364 in
2162 3311 2414 3381 majores
2458 3310 2624 3380 justo
2677 3308 2922 3380 spiritus
2970 3309 3189 3365 sublati
3239 3311 3618 3368 excedebant.
3652 3313 3719 3367 Et

2065 3399 2178 3454 hoc
2219 3398 2415 3471 agnito
2466 3403 2522 3454 et
2571 3415 2630 3454 re
2660 3414 2796 3453 vera
2842 3398 3015 3466 facto,
3047 3398 3158 3454 sibi
3209 3415 3449 3470 regnum
3481 3401 3541 3458 in
3590 3405 3716 3456 tuto

2066 3488 2283 3562 posuit,
2316 3504 2431 3544 non
2463 3487 2588 3560 ipse
2616 3486 2791 3543 verbo
2843 3491 3051 3543 nactus
3081 3487 3472 3546 desideratam
3503 3490 3718 3546 doctri-

2066 3594 2226 3648 nam,
2259 3577 2359 3634 sed
2391 3575 2674 3648 sapientis
2707 3574 2973 3648 exemplo
3004 3576 3295 3649 magistri.

2142 3861 2227 3916 19.
2279 3862 2481 3932 Itaque
2531 3859 2908 3916 manifestum
2957 3863 3066 3928 est,
3099 3863 3167 3916 ut
3211 3860 3271 3915 in
3303 3860 3397 3917 his
3443 3879 3557 3918 non
3589 3862 3720 3919 lon—

2068 3951 2200 4022 gius
2222 3950 2628 4017 immoremur,
2647 3966 2762 4005 non
2783 3965 2956 4021 posse
2987 3949 3140 4005 bona
3165 3951 3359 4006 doceri
3383 3951 3559 4008 etiam
3584 3969 3720 4009 cum

2067 4037 2394 4094 laudabiles
2450 4037 2752 4093 intuemur
2807 4037 3087 4104 actiones,
3145 4043 3204 4094 et
3260 4037 3536 4096 laudibus
3593 4059 3723 4098 esse

2069 4128 2315 4200 dignum
2364 4128 2538 4183 etiam
2588 4128 2687 4198 qui
2737 4127 2979 4184 silenter
3009 4133 3067 4183 et
3113 4127 3376 4186 solitarie
3425 4133 3721 4202 operando

2069 4218 2290 4272 bonum
2321 4216 2464 4288 agit,
2487 4215 2687 4271 dicens
2718 4215 3256 4288 contemplantibus
3283 4217 3440 4274 istud
3466 4235 3479 4274 :
3506 4243 3534 4269 «
3559 4220 3725 4277 Sicut

2070 4323 2197 4378 ego,
2230 4305 2311 4360 ita
2361 4310 2418 4360 et
2450 4322 2571 4360 vos.
2602 4325 2630 4355 »
2684 4305 2778 4361 Sic
2817 4305 2990 4376 juxta
3018 4311 3292 4362 sanctum
3341 4310 3720 4380 Evangelium

2071 4395 2172 4466 qui
2231 4395 2430 4450 vident
2487 4394 2546 4450 in
2602 4393 2899 4464 aliquibus
2957 4411 3134 4466 opera
3186 4395 3338 4451 bona
3394 4395 3725 4469 gloriﬁcent

2070 4483 2254 4538 Deum
2280 4501 2292 4551 ;
2329 4483 2530 4554 sicque
2549 4483 2734 4556 fulget
2753 4500 2949 4540 coram
2973 4483 3314 4540 hominibus
3337 4485 3724 4556 apostolicum

297 4575 562 4633 στολικὸν
624 4580 738 4652 φῶς
797 4574 1026 4628 ἐνώπιον
1057 4577 1166 4628 τῶν
1220 4572 1543 4647 ἀνθρώπων,
1578 4569 1746 4646 ἔργων
1775 4569 1960 4626 καλῶν

2076 4571 2292 4640 lumen,
2341 4573 2618 4644 operibus
2646 4573 2819 4628 bonis
2850 4573 3193 4644 hujusmodi
3226 4573 3470 4629 luminis
3500 4573 3724 4646 lampa-

303 4664 737 4722 ὑπαναπτόντων
771 4663 860 4718 καὶ
893 4661 1254 4737 ἐκφαινόντων
1285 4661 1385 4729 τὴν
1415 4657 1677 4732 λαμπάδα
1726 4663 1824 4714 τοῦ
1875 4680 1967 4714 το-

307 4755 501 4810 ιούτου
548 4753 727 4830 φωτός
764 4796 776 4810 .
854 4752 1394 4828 Προσενθυμηθῶμεν
1452 4750 1672 4804 ἐνταῦθα
1727 4749 1816 4804 καὶ
1871 4748 1966 4812 τὰς

303 4846 462 4919 ἱερὰς
519 4841 952 4920 εἶκονογραφίας,
985 4839 1036 4910 ἐξ
1069 4839 1141 4895 ὧν
1176 4840 1264 4894 καὶ
1296 4839 1473 4894 αὐτῶν
1531 4835 1718 4894 πολλά
1761 4837 1968 4910 μανθά-

299 4955 474 5006 νομεν
511 4931 574 4987 οὐ
607 4931 849 4993 λαλιαῖς.
883 4931 1215 5002 ἀναμνήσεσι
1249 4926 1306 4983 δὲ
1332 4932 1440 4982 τῶν
1472 4921 1666 5002 ἔργων,
1713 4928 1785 4981 ὧν
1832 4926 1970 4982 κατά

300 5025 439 5079 Θεὸν
493 5020 723 5093 ἔπραξαν
758 5020 810 5074 οἳ
841 5023 946 5072 τῶν
978 5017 1200 5072 εἰκόνων
1233 5017 1553 5092 ἀρχέτυποι.

377 5129 449 5184 κ’.
481 5127 698 5182 Τούτων
754 5124 810 5181 δὲ
859 5124 1002 5180 οὕτω
1058 5125 1503 5199 τεθεωρημὲνων,
1560 5121 1700 5177 ίτὲον
1729 5122 1816 5176 ἐπὶ
1873 5122 1964 5176 τὸν

301 5221 600 5284 ποιοῦντα,
669 5216 755 5270 ναὶ
837 5212 894 5269 δὲ
967 5213 1056 5268 καὶ
1129 5209 1475 5268 διδάσκοντα.
1534 5214 1734 5288 Ἐργου
1794 5209 1965 5265 ἐκεῖνο

302 5309 622 5377 ἐπαινετοῦ,
708 5303 876 5380 λόγου
959 5300 1345 5358 διδασκαλικοῦ
1417 5302 1481 5355 τὸ
1541 5298 1809 5374 δεύτερον.
1870 5301 1963 5353 Καὶ

301 5399 455 5454 ἔστιν
484 5395 646 5457 αὐτὸς
705 5392 935 5455 ἐντελῶς
999 5393 1266 5467 μακάριος
1299 5389 1448 5446 δυοῖν
1503 5390 1780 5466 όργάνοιν,
1833 5389 1966 5464 ἅπερ

300 5489 368 5544 ἐκ
399 5489 498 5540 τοῦ
523 5483 804 5561 πανσόφου
833 5480 1086 5559 τεχνίτου
1134 5484 1270 5536 Θεοῦ
1325 5477 1683 5551 πολυδύναμα
1739 5475 1966 5552 ἔχομεν,

296 5572 602 5634 ἀποτελῶν
656 5573 842 5628 ἑαυτὸν
894 5573 984 5626 καὶ
1053 5571 1236 5626 εἰκόνα
1293 5568 1496 5624 ἐκείνου
1543 5567 1634 5622 καὶ
1687 5567 1834 5621 οἶκον
1880 5566 1968 5621 καὶ

301 5666 462 5732 ναὸν,
514 5663 604 5718 καὶ
653 5659 709 5718 εἷ’
732 5683 782 5716 τι
842 5659 982 5719 ἄλλο
1040 5663 1284 5715 τοιοῦτον
1314 5658 1365 5713 ἐν
1399 5657 1629 5732 ὀνόμασι
1666 5653 1970 5732 βέλτιστον,

639 5795 913 5855 ΡΑτιιοῐ..
960 5792 1072 5853 Gn.
1119 5788 1411 5852 CXXXV.

2075 4661 2207 4716 dem
2257 4661 2668 4716 accedentibus
2717 4665 2891 4732 atque
2937 4661 3432 4718 illuminantibus.
3480 4665 3727 4735 Insuper

2074 4749 2170 4805 hic
2199 4765 2431 4821 quoque
2458 4750 2849 4822 recogitemus
2875 4766 3072 4806 sacras
3106 4750 3413 4822 imagines,
3447 4769 3478 4808 e
3509 4751 3725 4824 quibus

2075 4839 2219 4910 ipsis
2250 4836 2438 4893 multa
2466 4838 2752 4893 discimus
2787 4855 2899 4894 non
2931 4840 3320 4909 sermonibus,
3346 4841 3448 4896 sed
3480 4858 3726 4914 operum

2076 4926 2498 4996 recordatione,
2567 4942 2698 4996 quae
2753 4928 3081 4983 secundum
3147 4928 3332 4984 Deum
3393 4930 3724 5002 imaginum

2076 5015 2371 5086 archetypi
2405 5015 2685 5070 fecerunt.

2146 5125 2234 5177 20.
2273 5123 2371 5177 His
2424 5125 2618 5176 autem
2667 5123 2750 5178 ita
2799 5121 3200 5190 consideratis,
3253 5125 3605 5182 veniendum
3636 5132 3726 5182 est

2077 5214 2148 5268 ad
2206 5211 2538 5275 facientem,
2597 5210 2713 5266 imo
2770 5215 2826 5267 et
2875 5211 3204 5269 docentem.
3263 5213 3528 5270 Primum
3576 5232 3726 5287 opus

2077 5299 2370 5358 laudabile
2436 5304 2682 5372 spectat,
2742 5301 3065 5355 secundum
3133 5301 3205 5356 ad
3272 5319 3538 5358 normam
3597 5305 3730 5360 doc-

2077 5389 2349 5446 trinalem
2378 5389 2652 5461 pertinet.
2687 5389 2788 5444 Est
2816 5393 3012 5443 autem
3045 5387 3173 5460 ipse
3203 5407 3443 5461 prorsus
3493 5392 3728 5458 beatus,

2080 5481 2309 5536 duobus
2341 5477 2599 5550 organis,
2632 5495 2758 5549 qua)
2791 5495 2824 5532 a
2875 5477 3316 5548 sapientissimo
3364 5480 3582 5536 artiﬁce
3611 5481 3732 5536 Deo

2079 5567 2488 5625 efﬁcacissima
2540 5572 2832 5633 tenemus,
2866 5583 2994 5622 sese
3043 5568 3348 5638 perficiens
3393 5568 3553 5625 illius
3582 5571 3733 5626 ima-

2079 5657 2276 5730 ginem
2326 5661 2382 5711 et
2439 5657 2680 5711 domum
2734 5660 2796 5738 et
2855 5654 3164 5727 templum,
3217 5662 3273 5712 et
3331 5657 3615 5730 quidquid
3665 5658 3734 5719 in

3333 5787 3405 5845 21
