4114 6200
457 336 570 400 651

1242 337 1665 400 EUSTATHII
1707 335 2476 400 THESSALONICENSIS
2520 334 3105 396 METBOPOLITE

3763 337 3880 397 652

456 471 799 530 nominibus
845 475 935 528 est
992 470 1304 544 optimum,
1365 471 1441 536 et,
1496 473 1559 524 ut
1610 469 2098 542 opportunissime

2223 467 2557 542 καιριώτατα
2614 462 2673 520 δὶ
2729 463 2922 534 εἰπεῖν,
2979 461 3261 537 ἄνθρωπον
3320 465 3411 520 τὸν
3479 466 3556 530 ὡς
3625 464 3872 536 ἀληθως,

455 561 670 632 dicam,
693 560 991 616 hominem
1012 559 1408 624 verissimum,
1435 558 1535 613 sed
1561 563 1619 612 et
1647 559 1885 614 beatum
1914 559 2110 630 reipsa

458 667 525 706 ac
573 649 720 705 citra
767 665 1000 703 omnem
1061 646 1587 717 reprehensionem.
1646 651 1712 700 Et
1757 645 2107 716 hujusmodi

458 738 672 812 speciei
726 737 1063 792 obtinemus
1108 733 1446 805 qualitates,
1495 735 1546 789 si
1604 735 1955 807 magistrum
2006 734 2108 806 qui

459 843 638 900 super
664 825 839 881 ccslcs
868 829 957 880 est
1005 825 1311 899 imitemur
1343 839 1355 878 :
1395 823 1495 894 qui
1526 823 1672 880 alias
1704 824 1943 895 quidem
1975 828 2110 878 ante

459 916 672 972 saecula
718 929 990 985 operans,
1041 918 1104 966 ut
1152 911 1286 984 quis
1335 911 1597 968 humana
1643 912 1866 970 ratione
1923 911 2110 968 conci.

456 1019 593 1076 pere
623 1020 738 1059 non
786 1002 996 1070 valeat,
1049 1007 1415 1073 postremum
1462 1006 1656 1057 autem
1710 1003 1912 1058 mundi
1945 1018 2109 1056 crea-

453 1093 600 1149 tioni
649 1108 892 1147 manum
939 1091 1277 1160 admovens,
1312 1090 1514 1146 statim
1563 1107 1597 1145 a
1646 1091 1933 1163 principio
1967 1095 2109 1146 tunc

454 1179 785 1236 doctrinam
834 1177 1141 1234 hominum
1191 1178 1492 1235 mentibus
1539 1178 1774 1244 indidit,
1806 1196 1934 1235 eam
1981 1195 2108 1250 quas

453 1286 522 1324 ex
551 1270 696 1342 ipsis
727 1269 856 1339 ejus
887 1269 1160 1340 operibus
1193 1273 1302 1335 est,
1335 1267 1525 1339 iisque
1557 1268 2012 1340 superlaudem,
2035 1268 2109 1324 iis

454 1358 808 1430 magnificis,
843 1356 914 1413 iis
965 1357 1417 1414 rationabilibus
1469 1362 1526 1412 et
1573 1373 1754 1428 supra
1798 1358 2106 1413 rationem.

454 1448 742 1505 Erudiunt
772 1448 927 1503 enim
960 1448 1075 1503 alia
1105 1447 1343 1519 quidem
1376 1446 1524 1513 cceli,
1557 1445 1672 1502 alia
1692 1451 1886 1503 autem
1911 1451 2064 1502 terra
2093 1464 2108 1515 ;

461 1540 519 1592 et
549 1535 682 1605 alia,
716 1552 842 1607 quae
865 1537 1024 1606 jacet
1053 1536 1112 1590 in
1155 1537 1348 1590 medio
1378 1551 1580 1590 eorum
1611 1536 1953 1591 omnimoda
1985 1535 2109 1605 ple-

454 1626 684 1681 nitudo.
727 1625 1041 1681 Discebant
1094 1625 1246 1680 enim
1282 1642 1524 1696 prorsus
1555 1627 1626 1680 ab
1677 1625 1786 1680 hoc
1817 1624 1976 1680 illius
2008 1621 2110 1679 aevi

452 1714 724 1770 homines
751 1715 928 1786 quod,
963 1714 1116 1771 sicut
1146 1714 1202 1769 in
1237 1714 1552 1782 creatione,
1583 1714 1666 1769 sic
1700 1719 1757 1768 et
1787 1714 1847 1768 in
1897 1714 2111 1769 creatis

455 1802 572 1858 alia
602 1802 840 1874 quidem
887 1803 1346 1875 supereminent,
1382 1802 1497 1858 alia
1524 1819 1658 1858 vero
1687 1802 1879 1858 locum
1911 1806 2113 1858 tenent

452 1891 843 1948 inferiorem:
896 1897 952 1947 et
1003 1893 1170 1947 decet
1227 1908 1295 1948 ea
1354 1892 1592 1963 quidem
1653 1892 1712 1947 in
1773 1891 2114 1948 hominibus

456 1980 738 2036 sublimia
786 1979 1234 2052 splendidaque,
1273 1981 1604 2037 veneranda
1633 1980 1972 2052 intactaque
2001 1980 2117 2035 hu-

452 2069 786 2125 milioribus
833 2086 963 2125 esse
1012 2069 1329 2142 (siquidem
1383 2074 1440 2124 et
1490 2087 1616 2141 quas
1663 2078 1797 2124 sunt
1850 2087 2111 2138 sursum,

448 2157 590 2214 talia
637 2159 826 2230 sunt),
858 2175 984 2231 quis
1028 2176 1165 2215 vero
1216 2160 1492 2214 deorsum
1524 2165 1583 2214 et
1631 2159 1876 2214 humilia
1907 2163 1962 2214 et
1993 2176 2112 2214 non

445 2246 850 2320 splendentia,
913 2263 1050 2304 eum
1109 2265 1282 2320 quem
1342 2249 1547 2303 sortita
1605 2253 1785 2316 sunt,
1846 2248 2110 2304 ordinem

445 2352 662 2403 amare,
692 2336 1063 2408 propriisque
1093 2337 1363 2392 terminis
1396 2335 1826 2393 circumscribi.
1850 2341 1918 2392 Et
1943 2352 2112 2393 mens

441 2425 648 2481 exinde
699 2425 956 2498 concipit
1010 2427 1447 2497 superjacentia
1505 2427 1752 2498 ideoque
1802 2424 2112 2481 venerabi-

441 2513 588 2570 liora
620 2530 802 2586 super
830 2514 1109 2570 inferiora
1133 2517 1309 2586 atque
1344 2515 1589 2571 humilia
1625 2532 1740 2570 non
1772 2514 1828 2569 in
1859 2531 2103 2583 vanum,

443 2619 548 2658 nec
581 2619 745 2670 casu,
781 2618 885 2658 nec
933 2619 1001 2658 ex
1031 2604 1391 2675 semetipsis,
1441 2603 1750 2660 sublimari
1794 2619 1860 2658 ac
1893 2602 2107 2687 lucere,

441 2693 546 2747 sed
590 2707 661 2747 ex
703 2692 958 2762 quodam
1011 2696 1245 2748 auctore
1293 2693 1576 2748 validiore
1629 2697 1805 2763 atque
1835 2692 2104 2763 omnipo-

444 2784 627 2846 tente,
659 2780 756 2851 qui
786 2781 1020 2850 quidem
1057 2782 1254 2852 posuit
1283 2780 1496 2836 caelum
1527 2782 1586 2836 in
1621 2779 1928 2850 altissimo,
1961 2797 2103 2852 sup-

443 2869 643 2941 posuit
693 2873 888 2926 autem
944 2870 1356 2926 universorum
1417 2873 1664 2925 matrem
1720 2874 1937 2925 terram
2000 2885 2104 2940 per

442 2958 686 3014 modum
720 2959 1174 3029 conjunctionis,
1210 2964 1275 3014 ut
1303 2958 1507 3031 irriget
1534 2975 1660 3014 eam
1686 2958 1919 3028 quidem
1953 2956 2099 3013 illud

441 3051 499 3102 et
528 3047 657 3119 ipsa
688 3046 958 3119 proprios
989 3051 1222 3118 generet
1253 3047 1514 3115 fructus;
1549 3047 1647 3102 sed
1684 3051 1742 3102 et
1785 3045 2099 3118 magniﬁce

439 3135 804 3207 dispensavit
830 3134 1334 3208 {inextinguibiles
1385 3135 1657 3191 lucernas
1706 3135 1992 3202 caelestes,
2034 3138 2099 3190 ut

2215 556 2305 611 καὶ
2369 556 2629 630 μακάριον
2690 551 2768 618 δὲ,
2823 553 2918 608 τὸν
2978 549 3148 615 ὄντως
3179 553 3270 608 καὶ
3323 552 3551 617 τελείως
3582 554 3675 609 καὶ
3735 555 3870 630 ὑπὲρ

2215 651 2388 699 πᾶσαν
2442 639 2716 699 ἀνάϐασιν.
2778 642 2884 698 Καὶ
2928 642 3125 698 τούτου
3177 647 3274 697 τοῦ
3330 640 3506 705 εἴδους
3547 642 3876 720 εὗρίσκομεν

2221 734 2473 808 συνοχέα,
2534 728 2686 807 εἷ’περ
2749 729 3067 804 μιμούμεθα
3121 731 3212 786 τὸν
3271 731 3659 808 ὁπερουράνιον
3725 729 3881 787 διδά-

2219 819 2443 876 σκαλον·
2503 821 2562 883 ’ὸς
2621 819 2810 882 ἄλλως
2863 820 2959 893 μὶν
3019 821 3126 897 πρὸ
3155 821 3263 875 τῶν
3327 819 3542 876 αίώνων
3573 825 3777 889 ποιῶν,
3811 822 3883 886 ὡς

2219 910 2321 965 οὐκ
2351 910 2412 964 ἂν
2442 931 2525 972 τις
2578 907 2930 980 ἒννοήσασθαι
2965 914 3220 986 λογισμῷ
3248 910 3568 986 ἀνθρωπίνῳ
3611 909 3885 988 ἐφίκοιτο,

2219 1000 2438 1074 ὕστερον
2467 996 2525 1054 δὲ
2577 1003 2646 1073 τῇ
2704 1003 2799 1054 τοῦ
2828 998 3042 1071 κόσμου
3091 999 3310 1070 ποιήσει
3360 994 3663 1069 ἐπιϐαλὼν,
3729 996 3884 1054 διδα-

2219 1085 2445 1142 σκαλίαν
2502 1086 2696 1143 αὐτίκα
2748 1087 2873 1143 τότε
2935 1089 3036 1156 τήν
3079 1088 3260 1163 ἀρχὴν
3283 1092 3401 1150 ταῖς
3428 1093 3538 1142 τῶν
3566 1088 3880 1163 ἀνθρώπων

2219 1181 2425 1253 ψυχαῖς
2475 1172 2941 1251 προκατεϐάλετο,
2968 1178 3070 1246 τὴν
3101 1175 3153 1247 ἐξ
3184 1176 3356 1232 αὐτῶν
3386 1181 3497 1232 τῶν
3554 1173 3733 1254 ἔργων
3787 1177 3885 1233 αὔ-

2219 1270 2336 1334 τοῦ,
2372 1271 2478 1321 τῶν
2510 1267 2649 1342 πέρα
2679 1263 2861 1337 δόξης,
2891 1271 2998 1321 τῶν
3033 1264 3414 1337 παντοδαπῶν,
3444 1271 3552 1322 τῶν
3583 1267 3678 1321 καὶ
3712 1265 3880 1322 ἐλλό-

2219 1377 2331 1430 γων
2387 1356 2477 1409 καὶ
2536 1355 2669 1430 ὑπὲρ
2730 1355 2914 1431 λόγον.
2975 1352 3298 1411 Παιδεύουσι
3346 1355 3450 1430 γὰρ
3519 1353 3668 1412 ἄλλα
3724 1356 3823 1429 μὲν
3858 1359 3884 1412 ὁ

2221 1443 2471 1518 οὐρανὸς,
2531 1441 2678 1499 ἄλλα
2733 1442 2790 1498 δὶ
2846 1447 2880 1514 ἡ
2938 1451 3032 1520 γῆο
3091 1444 3180 1499 καὶ
3211 1445 3424 1518 ἑτεροῖα
3449 1445 3514 1500 τὸ
3565 1446 3724 1518 μὲσῳ
3753 1445 3883 1500 τού-

2219 1554 2326 1586 των
2382 1537 2640 1587 παντοῖον
2698 1531 3003 1609 πλήρωμα.
3059 1531 3437 1588 Ἐδιδάσκοντο
3495 1534 3602 1610 γὰρ
3661 1532 3887 1599 πάντως

2221 1619 2310 1676 διὰ
2338 1621 2536 1676 τούτου
2574 1622 2662 1676 καὶ
2717 1623 2768 1676 οἱ
2815 1623 2939 1678 τότε
2994 1619 3294 1698 ἅνθρωποι,
3354 1623 3450 1692 ὡς,
3501 1624 3645 1688 καθὰ
3699 1622 3755 1678 ἐν
3814 1627 3883 1699 τῇ

2219 1710 2412 1777 κτίσει,
2471 1708 2614 1765 οὕτω
2642 1712 2733 1765 καὶ
2793 1710 2844 1765 ἐν
2874 1715 2994 1772 τοῖς
3023 1713 3139 1766 κατ’
3179 1712 3347 1781 αὐτὴν
3380 1711 3447 1766 τὰ
3477 1711 3576 1785 μὲν
3636 1713 3887 1788 ὑπερῆρ-

2219 1821 2328 1868 ται,
2385 1798 2454 1853 τὰ
2507 1797 2564 1854 δὲ
2619 1803 2886 1862 ταπεινῶς
2945 1798 3082 1875 ἔχει’
3142 1799 3232 1855 καὶ
3284 1802 3499 1873 πρέπει,
3560 1801 3628 1855 τὰ
3663 1803 3765 1874 μὶν
3797 1802 3885 1858 ἆν-

2227 1887 2473 1962 θρώποις
2532 1887 2718 1962 ὑψηλὰ
2775 1887 2865 1943 καὶ
2942 1886 3172 1964 λαμπρά
3243 1885 3513 1963 σεϐάσμια
3588 1891 3725 1945 εἶναι
3796 1893 3886 1946 καί

2222 1974 2383 2050 ἅθιγῆ
2415 1980 2532 2038 τοῖς
2561 1978 2963 2054 ταπεινοτὲροις
2996 1975 3199 2049 (ἐπειδὴ
3232 1977 3321 2032 καὶ
3350 1979 3416 2032 τὰ
3463 1979 3574 2032 ἄνω
3606 1983 3885 2052 τοιαῦτα),

2218 2066 2286 2118 τὰ
2345 2063 2402 2119 δὲ
2451 2066 2600 2120 κάτω
2656 2067 2743 2120 καὶ
2776 2065 3002 2121 ταπεινᾶ
3029 2067 3116 2120 καὶ
3156 2069 3230 2139 μὴ
3264 2062 3700 2140 ὅπερλάμποντα
3728 2059 3879 2144 στέρ-

2217 2174 2350 2228 γειν,
2409 2155 2468 2222 ἣν
2525 2152 2748 2229 ἔλαχον,
2804 2156 2973 2227 τάξιν,
3005 2154 3094 2209 καὶ
3123 2161 3240 2216 τοῖς
3273 2155 3496 2218 οἰκείοις
3525 2155 3679 2232 ὅροις
3713 2155 3882 2230 ἔμπε-

2219 2243 2593 2320 ριγράφεσθαι.
2647 2243 2745 2297 Καὶ
2795 2248 2920 2306 νοῦς
2974 2242 3208 2307 ἐντεῦθεν
3270 2239 3668 2317 ὑποϐάλλεται,
3698 2245 3882 2302 ὅτιτᾶ

2222 2330 2582 2407 ὑπερκείμενα
2639 2332 2729 2387 καὶ
2780 2332 2924 2387 οὕτω
2973 2333 3274 2408 τιμιώτερα
3319 2334 3450 2406 ὑπὲρ
3481 2334 3548 2388 τὰ
3595 2336 3881 2410 κατώτερα

2216 2420 2303 2473 καὶ
2338 2419 2564 2474 ταπεινά
2622 2419 2684 2474 οὐ
2719 2421 2892 2493 μάτην
2943 2420 3030 2475 καὶ
3063 2420 3206 2490 εἰκῆ,
3263 2418 3389 2476 οὐδὲ
3437 2421 3486 2494 ἐξ
3540 2424 3877 2498 αὐτομάτων

2219 2507 2479 2582 ὑψοῦνται
2508 2508 2596 2564 καὶ
2630 2508 3030 2582 ἐλλάμπονται,
3062 2507 3188 2564 ἀλλ’
3218 2507 3277 2566 ἔκ
3303 2531 3447 2574 τινος
3483 2510 3663 2567 αἰτίου
3694 2513 3880 2588 κρείτ-

2217 2618 2373 2659 τονος
2402 2599 2489 2652 καὶ
2524 2595 2960 2672 παντοδυνάμου,
3003 2599 3364 2662 ὰνεσπακότος
3419 2601 3512 2674 μὲν
3561 2602 3658 2656 τὸν
3723 2602 3881 2678 οὐρα-

2216 2687 2306 2740 νὸν
2367 2685 2420 2741 ἰν
2477 2684 2831 2761 ὑψηλοτάτῳ,
2869 2685 3204 2761 ὑποθεμένου
3265 2685 3322 2742 δὲ
3376 2691 3476 2758 τὴν
3530 2695 3880 2769 παμμήτορα

2216 2782 2321 2849 γῆν
2377 2775 2452 2837 ὡς
2501 2773 2553 2830 ἐν
2613 2774 2868 2852 συζυγίας
2928 2771 3106 2850 λόγῳ,
3148 2774 3241 2831 ’ίνα
3301 2774 3568 2854 ἐπαρδεῦῃ
3600 2781 3698 2853 μὲν
3737 2779 3879 2836 ἐκεῖ·

2215 2884 2326 2931 νος,
2377 2863 2512 2933 αὐτὴ
2560 2861 2618 2919 δὲ
2648 2869 2807 2938 γεννᾷ
2837 2865 2902 2919 τὰ
2929 2867 3258 2936 καθήκοντα,
3290 2863 3768 2942 δαψιλευσαμὲνου
3817 2868 3875 2926 δὶ

2217 2946 2444 3006 ἄσϐεστα
2473 2949 2651 3028 λύχνα
2681 2952 2922 3028 οὐράνια,
2973 2952 3064 3008 ’ίνα
3113 2954 3168 3009 ἐν
3230 2956 3370 3033 φωτὶ
3423 2955 3504 3010 ἀεὶ
3563 2954 3879 3034 διάγωμεν,

2212 3041 2423 3115 ἡμέρας
2461 3041 2554 3114 μὶν
2591 3039 2737 3114 ἡλίῳ
2763 3042 3275 3116 καταλαμπόμενοι,
3306 3046 3496 3107 νυκτὸς
3529 3043 3589 3101 δὶ
3624 3075 3690 3095 ==
3725 3047 3874 3104 ἀλλᾶ

2211 3130 2333 3184 τότε
2380 3127 2760 3205 πολυμὲριστα
2806 3130 3166 3194 πλουτοῦντες
3221 3138 3412 3209 φῶτα,
3473 3135 3550 3197 είς
3610 3141 3876 3192 τοσοῦτον

439 3239 670 3295 semper
694 3225 753 3279 in
787 3223 1010 3280 lumine
1041 3224 1350 3296 degamus,
1384 3224 1476 3279 die
1507 3224 1744 3296 quidem
1778 3222 2094 3278 illuminati

2211 3215 2468 3295 ἀμυδρῶς
2503 3218 2867 3274 ἀνατέλλοντα
2905 3218 3040 3296 δίχα
3092 3243 3156 3297 γε
3211 3227 3306 3277 τοῦ
3351 3225 3490 3278 κατὰ
3515 3227 3785 3296 σελήνην,
3819 3226 3876 3289 ἐς

439 3312 582 3381 sole,
616 3318 786 3370 nocte
827 3330 984 3380 vero,
1016 3313 1149 3369 aliis
1195 3314 1526 3369 innumeris
1557 3313 1892 3368 lucentibus
1919 3312 2096 3367 lumi-

439 3403 637 3473 nibus,
671 3403 729 3457 in
778 3406 1014 3458 tantum
1047 3403 1411 3458 subobscure
1459 3401 1842 3474 surgentibus
1875 3403 2100 3473 absque

440 3491 666 3547 lumine
695 3490 867 3559 lunae,
913 3496 1200 3563 quantum
1233 3495 1464 3562 oportet
1507 3495 1570 3546 ut
1599 3506 1716 3545 non
1747 3489 2104 3546 advocamur

441 3581 502 3635 in
537 3580 773 3652 aliquod
822 3581 1172 3636 continuum
1223 3597 1372 3653 opus
1403 3582 1728 3652 campestre
1775 3583 1835 3635 et
1863 3579 2100 3635 aliunde

441 3668 824 3736 laboriosum,
849 3670 921 3725 ad
956 3669 1320 3741 tatigandum
1355 3685 1452 3724 eos
1475 3667 1575 3739 qui
1601 3684 1716 3723 non
1739 3667 2104 3724 sustinerent

2209 3306 2331 3362 ὅσον
2368 3308 2444 3380 μὴ
2505 3306 2895 3384 προκαλεῖσθαι
2929 3312 3079 3382 ἡμᾶς
3139 3310 3226 3366 ἐπὶ
3281 3311 3344 3366 τὸ
3369 3312 3449 3367 ἀεὶ
3480 3315 3789 3390 γεωργικόν
3821 3337 3871 3370 τί

2207 3397 2298 3451 καὶ
2332 3394 2519 3457 ἄλλως
2573 3395 2809 3473 ἐνεργὸν,
2864 3398 2940 3462 ὡς
2967 3397 3301 3473 ἀπύκάμνειν
3343 3401 3788 3476 ἀπαγορεύοντας
3821 3404 3875 3461 ἐν

2208 3489 2288 3551 τῷ
2348 3481 2611 3555 διηνεκῶς
2639 3487 2934 3555 πονεῖσθαι,
2981 3485 3105 3544 ἀλλ’
3158 3485 3306 3565 ἔχειν
3338 3488 3722 3567 ἐγρηγορότως
3769 3495 3870 3567 μὲν

2212 3572 2303 3629 διὰ
2331 3573 2428 3642 τὴν
2455 3578 2562 3628 τῶν
2597 3572 2793 3630 ἐκεῖθεν
2827 3576 3022 3653 φώτων
3053 3576 3240 3653 χάριν,
3287 3577 3751 3654 ἀναππαυμένως
3813 3581 3874 3639 δὲ

2211 3661 2301 3718 διὰ
2323 3664 2422 3732 τήν
2454 3661 2708 3740 νύκτερον
2762 3663 3164 3739 ἐπιπρόσθεσιν.

445 3758 848 3815 intermissam
899 3775 1177 3831 operam;
1230 3759 1332 3814 sed
1382 3756 1625 3830 vigilare
1656 3757 1894 3829 quidem
1927 3773 2032 3829 per
2077 3753 2418 3829 hujusmodi
2466 3753 2762 3812 luminum
2811 3756 3084 3830 gratiam,
3111 3762 3168 3814 et
3195 3758 3496 3831 quiescere
3536 3777 3643 3834 per
3673 3764 3874 3821 noctis

445 3847 955 3920 interpositionem
982 3847 1300 3918 possimus.

505 3955 597 4010 2L
632 3954 763 4010 Haec
807 3953 988 4026 igitur
1039 3953 1397 4021 ediscebant,
1445 3957 1522 4024 et,
1555 3953 1804 4010 istorum
1852 3951 2090 4021 auxilio,

434 4040 550 4098 alia
587 4042 760 4114 plura
788 4058 854 4098 ac
905 4041 1169 4098 meliora.
1205 4042 1450 4114 Insuper
1497 4047 1693 4098 autem
1728 4042 2092 4098 docebantur

432 4132 588 4203 quod
638 4135 894 4186 mentem
943 4136 1000 4186 et
1041 4131 1326 4187 rationem
1377 4131 1648 4188 homines
1699 4131 2002 4199 habentes,
2033 4136 2092 4188 et

428 4218 538 4276 hoc
583 4218 813 4292 insigne
843 4236 1023 4291 super
1054 4221 1445 4292 quodcunque
1497 4219 1655 4276 aliud
1706 4220 1924 4275 animal
1958 4219 2084 4276 feli-

427 4308 572 4365 citer
630 4309 820 4365 sortiti
877 4325 946 4365 ex
1003 4309 1186 4365 altero
1246 4310 1484 4365 meliore
1543 4309 1776 4381 spiritu,
1830 4309 2086 4364 ratione-

423 4413 538 4470 que
581 4400 915 4470 prmstante,
948 4386 1214 4453 omnium
1264 4415 1391 4470 quae
1426 4403 1566 4453 sunt
1597 4399 1655 4452 in
1693 4398 1913 4453 mundo
1945 4415 2082 4454 auc-

423 4491 569 4555 tore,
602 4487 941 4559 hujusmodi
976 4487 1145 4542 bonis
1196 4488 1482 4555 ditantur,
1514 4491 1716 4559 utpote
1747 4486 2086 4544 haereditate

2271 3951 2371 4006 κα’.
2407 3948 2588 4006 Ταῦτά
2616 3971 2676 4006 τε
2707 3951 2798 4006 οῦν
2831 3949 3200 4024 ἐδιδάσκοντο,
3232 3954 3321 4008 καὶ
3371 3951 3462 4010 διᾶ
3511 3955 3692 4030 μὲσων
3743 3961 3874 4015 10'5-

2199 4060 2304 4094 των
2350 4035 2506 4113 ἕτερα
2557 4039 2645 4095 καὶ
2680 4039 2855 4096 πλείω
2884 4043 2975 4096 καὶ
3023 4041 3322 4116 κρείττονα·
3369 4043 3866 4121 προσεδιδὲσκοντο

2200 4126 2258 4184 δὲ
2294 4128 2383 4183 καὶ
2433 4128 2516 4183 ὅτι
2545 4133 2670 4184 νοῦν
2720 4130 2808 4185 καὶ
2841 4127 3007 4205 λόγον
3044 4131 3096 4186 οἱ
3139 4130 3412 4208 ἄνθρωποι
3466 4129 3716 4212 σχόντες,
3763 4141 3865 4194 καὶ

2194 4221 2355 4273 τοῦτο
2389 4216 2656 4294 ἐξαίρετον
2694 4220 2824 4296 ὑπὲρ
2873 4224 3009 4289 ζῶον
3071 4222 3209 4277 ἅπαν
3260 4221 3399 4280 ἄλλο
3459 4224 3869 4301 εὖκληροῦντες

2198 4303 2257 4362 ἔκ
2285 4309 2448 4362 ποθεν
2483 4306 2790 4383 κρείττονος
2819 4309 3003 4385 ἑτερου
3050 4312 3142 4366 καὶ
3181 4317 3277 4367 νοῦ
3324 4314 3418 4368 καὶ
3465 4310 3659 4390 λόγου,
3719 4317 3868 4373 πάν-

2197 4417 2308 4451 των
2340 4401 2446 4451 τῶν
2470 4396 2606 4451 κατᾶ
2653 4395 2857 4472 κόσμον
2888 4399 3083 4474 αἰτίου,
3143 4401 3209 4456 τὰ
3259 4407 3482 4459 τοιαῦτα
3523 4403 3869 4463 πλουτοῦσιν

2196 4486 2384 4563 ἀγαθὰ,
2444 4487 2572 4542 ὡσεὶ
2618 4488 2708 4542 καὶ
2754 4487 2962 4564 κλῆρον
3031 4492 3339 4562 καθήκοντα
3388 4494 3465 4557 εἰς
3523 4493 3742 4559 αὐτούς·
3798 4499 3864 4552 ’ὁν

420 4577 492 4632 ad
527 4577 688 4648 ipsos
714 4575 1043 4647 pertinente
1069 4594 1082 4644 ;
1117 4593 1295 4648 quam
1317 4593 1538 4646 semper
1560 4579 1734 4632 etiam
1768 4576 2088 4648 requirere,

2211 4576 2289 4630 ιαὶ
2343 4575 2511 4652 ἐχρῆν
2573 4577 2847 4649 ἐπιζηνεῖν
2906 4577 3081 4648 ἐσαεὶ,
3138 4581 3265 4637 ὡσεί
3315 4583 3404 4637 καὶ
3452 4589 3582 4646 παῖς
3630 4586 3863 4662 εὐγενὴς

421 4665 576 4721 sicut
608 4663 823 4720 nobilis
873 4663 1031 4720 ﬁlius
1083 4665 1384 4736 pr0prium
1438 4669 1687 4737 patrem,
1723 4669 1971 4737 oportet.
2016 4667 2085 4722 Et

419 4753 504 4810 sic
533 4755 773 4825 quidem
797 4753 909 4825 ipsi
928 4754 1255 4810 doctrinam
1287 4754 1655 4826 accipiebant
1677 4755 2081 4812 absconditam

419 4858 597 4916 quam
628 4843 887 4899 mundus
939 4842 1088 4914 ipsis
1137 4843 1488 4914 subjiciebat
1536 4848 1886 4916 conspectus
1916 4849 1974 4901 et
2018 4849 2084 4901 ut

421 4932 588 4987 decet
618 4930 998 5004 recogitatus.

487 5037 577 5092 22.
610 5038 756 5094 Cum
790 5042 986 5094 autem
1020 5037 1165 5094 illud
1209 5039 1413 5097 efﬁcax
1447 5058 1480 5096 a
1509 5041 1625 5097 Deo
1657 5041 2078 5097 documentum

418 5126 612 5184 nullos
642 5127 930 5183 inveniret
973 5132 1231 5184 mentem
1283 5130 1352 5184 ad
1386 5129 1583 5202 ipsum
1635 5130 1940 5199 habentes,
1975 5131 2078 5187 sed

413 5232 588 5291 prave
618 5215 1016 5290 intelligerent
1048 5217 1205 5273 hunc
1237 5217 1605 5290 primitivum
1645 5219 1943 5291 spiritum,
1979 5219 2079 5289 qui

417 5309 476 5362 et
531 5305 778 5378 spiritus
851 5304 1146 5379 angelicas
1223 5309 1461 5375 creavit,
1518 5313 1576 5364 et
1635 5307 1913 5364 mortales
1973 5308 2074 5380 qui

414 5393 591 5466 paulo
624 5395 822 5450 minus
853 5395 925 5450 ab
957 5394 1183 5467 angelis
1219 5401 1378 5465 sunt,
1409 5414 1475 5453 ac
1510 5398 1564 5452 in
1600 5397 1920 5454 amentiam
1953 5397 2076 5469 ple~

411 5483 582 5554 rique
615 5484 876 5539 demone
907 5482 1063 5554 pulsi
1114 5492 1608 5553 converterentur,
1644 5491 1698 5543 et
1732 5503 1846 5542 non
1881 5485 2073 5544 solum

407 5570 469 5625 in
500 5572 634 5628 aliis
687 5573 1044 5644 quibusdam
1098 5573 1448 5647 insanirent,
1481 5577 1581 5632 sed
1614 5579 1668 5632 et
1719 5579 1910 5631 creata
1946 5591 2075 5632 cor-

409 5659 838 5732 ruptibiliaque
860 5661 917 5716 in
944 5661 1106 5732 deos,
1133 5669 1531 5736 repugnantes
1550 5662 2074 5741 Deo,‘extollerent,

2073 5757 2092 5785 ο

2193 4665 2396 4741 πατέρα
2424 4665 2514 4720 τὸν
2550 4663 2708 4724 ἴδιον.
2772 4667 2871 4722 Καὶ
2931 4666 3073 4723 οὕτω
3129 4669 3224 4744 μὲν
3280 4671 3439 4726 αὐτοὶ
3497 4668 3863 4738 διδασκαλίας

2193 4754 2341 4830 εἶχον
2393 4755 2774 4833 σεσιγημὲνης,
2833 4758 2893 4826 ἣν
2951 4757 2978 4812 ὁ
3036 4759 3245 4832 κόσμος
3302 4759 3486 4824 αὐτοῖς
3539 4757 3858 4820 ὑπέϐαλλεν

2192 4845 2493 4919 ὁρώμενος,
2525 4846 2615 4900 καὶ
2644 4846 2720 4908 ὡς
2751 4841 2857 4902 ἔδει
2888 4853 3344 4923 κατανοοῦμενος·

2260 5041 2364 5117 κβ’.
2398 5041 2550 5098 Ἐπεὶ
2599 5038 2655 5096 δὲ
2706 5041 2768 5096 τὸ
2812 5038 3124 5117 ἔμπρακτον
3168 5050 3328 5102 τοῦτο
3385 5046 3444 5102 lx
3499 5052 3636 5103 Θεοῦ
3696 5045 3857 5104 διδα-

2187 5128 2410 5186 σκάλιον
2463 5127 2684 5191 οὐδένας
2742 5129 3020 5205 εὕρισκεν,
3089 5127 3317 5210 ἔχοντας
3372 5137 3465 5191 τὸν
3526 5141 3651 5192 νοῦν
3708 5139 3855 5213 πρὸς

2189 5220 2338 5292 αὐτῷ
2392 5218 2537 5275 ἀλλᾶ
2595 5217 2889 5294 παρενόουν
2931 5221 3023 5276 τὸν
3090 5225 3402 5298 πρώτιστον
3448 5230 3599 5293 νοῦν,
3650 5228 3712 5291 ’ὃς
3755 5231 3857 5284 καὶ

2187 5310 2312 5370 τοὺς
2347 5306 2673 5385 ἀγγελικοὺς
2721 5309 2846 5371 νόας
2895 5309 3185 5384 ὑπίστησι,
3239 5315 3329 5368 καὶ
3383 5314 3532 5385 τοὺς,
3567 5317 3685 5370 ὅσοι
3735 5323 3853 5373 τῶν

2193 5398 2371 5474 βραχύ
2399 5420 2449 5453 τι
2481 5399 2608 5474 παρ’
2665 5396 2926 5474 ἄγγὲλους
2981 5399 3388 5477 ἡλαττωμένων
3447 5404 3574 5472 εἰσὶ,
3627 5407 3720 5460 καὶ
3770 5407 3856 5470 εἷς

2190 5487 2445 5544 ἀπόνοιαν
2508 5489 2561 5543 o't
2616 5486 2841 5550 πλείους
2884 5485 3226 5563 δαιμονιώδη
3281 5493 3709 5570 παρετρὲποντο,
3759 5498 3855 5552 καὶ

2189 5576 2251 5631 οὗ
2287 5577 2452 5651 μόνον
2486 5576 2632 5634 ἄλλα
2659 5578 2781 5633 τινὰ
2804 5579 3200 5657 παρεφρόνουν,
3235 5581 3380 5638 ἀλλὰ
3421 5583 3612 5639 καὶτὰ
3655 5586 3854 5641 κτιστά

2183 5667 2272 5722 καὶ
2330 5668 2542 5745 φθαρτὰ
2599 5665 2677 5729 εἷς
2737 5665 2892 5732 θεοὺς
2950 5669 3154 5745 ἀνῆγον
3211 5672 3644 5748 θεομαχοῦντες·
3713 5675 3844 5732 τότε
