4114 6200
201 376 319 435 653

1205 372 1286 432 ΙΝ
1330 373 1397 433 8.
1444 369 2133 442 OUADRAGESIMAM
2178 369 2468 430 ORATIO
2515 371 2621 431 Ill.

3498 373 3616 435 654

204 505 268 576 δὴ
303 506 537 578 ἐλεήσας
588 505 716 568 τοὺς
759 505 1044 568 τοιούτους
1091 506 1190 573 τῆς
1239 501 1548 580 παροινίας,
1600 502 1689 558 καὶ
1736 523 1860 557 ποι-

1985 535 2043 546 -
2071 507 2196 559 tum
2229 503 2509 560 misertus
2538 503 2772 559 illorum
2804 502 3130 571 dementiae,
3162 503 3263 575 qui
3298 507 3509 560 cuncta
3536 505 3622 560 fe-

202 598 343 667 ήσας
371 596 440 651 τὸ.
498 595 672 651 πάντα
727 594 815 650 καὶ
876 593 932 650 εὖ
983 595 1239 664 ποιήσας,
1293 590 1510 648 εὐδοκεῖ
1560 589 1642 646 ἐπ’
1673 590 1862 664 ἐκείνῳ

197 691 279 759 τῷ
325 693 560 756 ποιῆσαι
606 685 673 740 τὰ
721 689 933 760 πρῶτα,
986 684 1099 738 εἶτα
1145 681 1233 738 καί
1283 680 1511 755 διδάξειν
1562 683 1650 736 καὶ
1698 685 1860 736 τοῦτο

196 773 545 849 πολυτρόπῳ
601 770 816 847 μεθόδῳ
865 770 1492 850 ἐπιφιλοτιμησάμενος,
1534 767 1859 826 ἀποστέλλει

197 863 538 940 θεράποντας
595 863 760 918 αὐτοῦ
821 859 1181 922 διδασκάλους
1234 865 1342 915 τῶν
1399 860 1554 924 θείων
1616 858 1861 933 θελημά-

195 975 308 1008 των
342 951 616 1014 πολλούς·
647 951 699 1006 ἐν
731 951 814 1013 οἷς
863 947 995 1026 δίχα
1023 953 1134 1005 τῶν
1177 947 1384 1019 ἄλλων,
1417 954 1525 1004 τῶν
1555 949 1646 1004 καὶ
1679 951 1860 1025 σοφῶν

197 1041 290 1096 καῖ
348 1037 708 1117 πολυσχιδῶν
745 1085 759 1109 ,
813 1039 904 1094 καὶ
982 1045 1255 1117 προφῆται
1331 1038 1514 1114 γὲνους
1585 1037 1860 1111 ἑκατέρου.

195 1127 340 1185 Οὐδὲ
385 1130 488 1205 γὰρ
538 1127 664 1184 οὐδὲ
708 1129 769 1183 τὸ
821 1126 966 1193 θῆλυ
1011 1126 1293 1189 ἀωντελὲς
1343 1125 1458 1182 οὐδ’
1518 1126 1743 1191 ἐνταῦθα
1785 1125 1862 1188 εἷς

196 1216 558 1274 διδασκαλίαν
603 1216 748 1272 θείαν
801 1211 1000 1287 ἀπέϐη,
1051 1213 1198 1272 ἀλλὰ
1248 1214 1452 1272 πολλοὶ
1494 1213 1860 1290 ἐδιδάχθησαν

194 1307 290 1362 καὶ
325 1305 401 1361 δι’
430 1307 616 1363 αὐτοῦ.

274 1397 381 1472 κγ’.
437 1395 588 1452 Ἐπεὶ
644 1391 703 1448 δὲ
770 1391 1061 1469 κατίσχυεν
1123 1394 1151 1448 ὁ
1214 1397 1315 1459 τῆς
1376 1392 1641 1469 ἁμαρτίας
1699 1392 1863 1448 slain

197 1486 379 1557 νόμος
410 1484 594 1538 καὶτὸ
637 1483 755 1537 κατ’
803 1482 970 1550 αὐτὴν
1021 1479 1162 1550 ἔθος,
1211 1481 1300 1536 καὶ
1350 1480 1478 1537 οὐδὲ
1526 1481 1700 1544 οὕτως
1741 1481 1865 1555 ἐξη-

202 1573 454 1650 λείφετο,
503 1570 650 1627 ἀλλὰ
700 1576 844 1625 πᾶσα
901 1568 1225 1626 διδασκαλία
1282 1571 1370 1625 καὶ
1451 1569 1717 1650 ἔγγραφος
1772 1570 1862 1625 καὶ

199 1664 458 1737 ἄγραφος
511 1659 672 1735 ἀργὸς
732 1659 820 1728 ἦν’
877 1659 999 1715 τότε
1052 1657 1120 1727 δὴ
1179 1654 1533 1732 ἀμεταϐάτως
1588 1659 1675 1714 καὶ
1736 1655 1865 1713 οὐδὲ

197 1749 524 1826 χθαμαλῶς
575 1744 766 1811 διαϐὰς
818 1745 1020 1812 ἄνωθεν
1073 1747 1150 1810 εἷς
1196 1750 1263 1802 τὰ
1313 1750 1558 1816 ταπεινά,
1606 1748 1694 1802 καὶ
1746 1769 1866 1803 κοι-

195 1841 460 1909 νωνήσας
504 1843 612 1893 τῶν
664 1839 778 1892 κατ’
829 1835 1141 1914 ἄνθρωπον,
1173 1837 1248 1899 ὡς
1298 1835 1414 1910 Θεῷ
1460 1831 1710 1914 ἔπρεπεν,
1742 1836 1861 1891 ἐκά-

199 1941 354 1992 θισεν
390 1927 477 1982 ἐπὶ
514 1927 712 2001 θρόνου
763 1925 923 1997 δόξης
974 1923 1385 1995 διδαπαλικῆς·
1437 1927 1524 1981 καὶ
1577 1924 1636 1981 ἐκ
1669 1923 1862 1988 παιδὸς

194 2015 308 2078 ἓως
359 2015 452 2070 καὶ
511 2015 589 2078 εἷς
642 2015 863 2085 ἠλικίαν
906 2013 1120 2070 τελείαν
1164 2015 1494 2089 προσμείνας
1548 2016 1626 2087 τῷ
1685 2020 1862 2070 ποιεῖν

194 2106 288 2162 καὶ
323 2102 626 2173 διδάσκειν,
660 2103 846 2176 ἐξήνυε
889 2105 955 2159 τὰ
999 2103 1074 2167 εἷς
1127 2105 1402 2180 σωτηρίαν
1454 2107 1639 2179 ἡμῶν,
1693 2125 1864 2177 μακα-

197 2197 477 2273 ριώτατον
534 2197 700 2249 τοῦτο
759 2192 1114 2254 ἐκτετελεκὼς
1169 2199 1418 2268 πρᾶγμα,
1476 2192 1527 2264 ἐξ
1587 2191 1647 2247 οὗ
1703 2188 1867 2248 διεϐι-

201 2281 387 2354 ϐάσθη
439 2284 468 2338 ὁ
523 2282 866 2358 μακαρισμὸς
919 2281 1008 2336 καὶ
1061 2281 1134 2343 είς
1164 2283 1364 2344 πάντας
1397 2279 1624 2352 ἄλλους,
1658 2280 1708 2336 οἳ
1748 2279 1865 2336 δια-

201 2371 529 2448 δεδεγμένοι
578 2370 741 2425 αὐτὸν
793 2374 1014 2425 ποιοῦσι
1059 2369 1148 2425 καὶ
1195 2367 1535 2426 διδάσκουσιν
1576 2370 1867 2426 ἀποστολι-

199 2468 339 2531 κῶς,
402 2460 478 2515 ὧν
535 2460 776 2534 ἐκατέρῳ
833 2459 1116 2534 ἀμφότερα
1181 2459 1568 2536 ἐνθεωροῦνται
1605 2506 1619 2532 ,
1679 2459 1726 2514 εί
1777 2458 1865 2514 καὶ

203 2550 403 2612 ἄλλως
433 2549 510 2611 ὡς
540 2549 631 2604 οἵα
663 2545 731 2602 δι’
782 2545 1049 2618 ἀλλήλων
1093 2546 1317 2617 ἥκοντα.
1370 2548 1598 2620 Ποίησίς
1647 2570 1703 2603 τε
1734 2549 1870 2624 ἀγα-

204 2643 306 2695 θοῦ
356 2640 541 2694 ἅπασα
590 2636 666 2701 εἷς
713 2633 1064 2693 διδασκαλίαν
1117 2637 1451 2710 ἀποτελευτᾷ
1495 2643 1602 2694 τῶν
1655 2636 1868 2702 ἐθελόν-

202 2752 316 2786 των
351 2727 577 2799 ζηλοῦν·
635 2725 726 2782 καὶ
785 2723 1206 2782 διδασκαλίαδέ
1264 2725 1462 2802 ἀγαθοῦ
1509 2726 1738 2782 παντοία
1791 2725 1868 2790 εἷς

205 2818 435 2888 ποίησιν
488 2817 658 2872 αὐτοῦ
710 2814 904 2894 ἀφορᾷ,
955 2814 1031 2877 ὠς
1080 2816 1381 2893 ἀπολήγειν
1429 2818 1491 2872 τὸ
1545 2818 1640 2891 μὶν
1689 2821 1867 2872 ποιεῖν

209 2907 289 2970 εἷς
321 2907 389 2961 τὸ
439 2901 734 2975 διδάσκειν,
783 2905 845 2959 τὸ
891 2900 949 2960 δὲ
992 2901 1260 2960 διδάσκειν
1311 2905 1386 2962 εἰς
1435 2906 1496 2961 τὸ
1547 2911 1749 2976 ποιεῖν,
1779 2906 1868 2960 καὶ

213 2997 396 3058 οὕτως
452 2994 529 3057 είς
587 2992 746 3058 τέλος
813 2993 1134 3073 ἀμφοτίρων
1211 2989 1472 3050 ἐκϐαίνειν
1541 2995 1823 3074 ἀμφότερα
1856 3038 1870 3052 .

213 3085 324 3142 Καὶ
385 3082 526 3138 ἔστιν
589 3083 860 3145 οἰκείωσις
907 3082 997 3137 καὶ
1054 3081 1188 3153 αὕτη
1252 3082 1550 3158 φυλακικὴ,
1611 3104 1868 3160 μεατχω-

218 3174 463 3252 ροΰντων
521 3171 788 3247 ἑκατέρων
848 3171 922 3236 είς
981 3172 1203 3250 ἑκάτερα
1262 3172 1412 3250 λόγῳ
1485 3173 1868 3253 ἀντιστροφῆς,

216 3265 308 3320 καὶ
333 3260 812 3341 τελεσφορούντων
840 3258 1125 3339 ἄνθρωπον
1154 3264 1247 3318 τὸν
1277 3265 1412 3319 κατᾶ
1442 3265 1594 3322 Θεόν.

290 3369 376 3427 κδ’
383 3414 395 3427 .
430 3370 840 3443 Καθεσταμένου
896 3367 962 3440 δὴ
1009 3368 1150 3426 οὕτω
1196 3370 1287 3426 καὶ
1332 3376 1429 3426 τοῦ
1486 3372 1652 3448 ἄμφω
1706 3376 1874 3428 ταῦτα

218 3461 285 3517 τὰ
316 3459 493 3535 ἀγαθᾶ
522 3457 833 3528 δυάζοντος,
891 3459 952 3514 τὸ
1003 3457 1218 3531 δηλαδή
1272 3459 1360 3516 καὶ
1390 3466 1564 3517 ποιεῖν
1597 3461 1686 3516 καὶ
1717 3458 1872 3517 διδά-

221 3573 398 3621 σκειν,
427 3549 776 3606 ἐπισκεπτέον
825 3550 915 3604 καὶ
961 3551 1052 3606 τὸν
1106 3552 1280 3622 πάντη
1314 3547 1563 3624 ἕξαλλον,
1605 3551 1697 3607 τὸν
1733 3553 1872 3625 μήτε

219 3640 493 3698 ποιοῦντά
545 3660 597 3694 τι
645 3637 870 3715 ἀγαθὸν,
925 3636 1065 3714 μηδὲ
1116 3641 1225 3713 μὴν
1279 3637 1616 3697 διδάσκοντα·
1657 3639 1746 3696 καὶ
1780 3637 1864 3712 εἷή

215 3731 278 3787 ἂν
313 3729 482 3793 αὐτός
524 3728 624 3784 οὐκ
670 3726 732 3784 ἃν
775 3725 905 3784 οὖδὶ
953 3733 1088 3799 ζῶον
1135 3727 1358 3806 ἄλογον,
1409 3727 1537 3786 οὐδὲ
1577 3751 1660 3793 τις
1715 3729 1872 3806 ἐτέρα

211 3825 324 3878 τῶν
355 3816 698 3897 ἀλλοφύλων
739 3817 974 3896 φύσεων,
1004 3817 1038 3873 ἃ
1083 3819 1172 3874 καὶ
1222 3818 1356 3874 αὐτὰ
1405 3817 1714 3896 λελόγωται
1744 3821 1869 3895 τρό-

218 3931 323 3966 πον
356 3906 500 3976 τινᾶ,
533 3905 616 3969 οίς
645 3905 719 3969 εἷς
767 3911 900 3962 Θεοῦ
948 3907 1092 3962 αἶνον
1147 3905 1573 3981 μετακαλοῦνται
1626 3907 1870 3984 ψαλμῳ-

220 3997 394 4060 δικῶς
448 3993 540 4052 διὰ
585 3996 652 4050 τὰ
698 3993 750 4052 ἐν
800 3995 984 4058 αὐτοῖς
1037 3997 1329 4070 θαυμάσια.
1381 3999 1673 4073 Λογίζοιτο
1723 3995 1770 4052 δ’
1807 3998 1866 4054 ἃν

217 4085 660 4165 προσφυέστερον
709 4085 738 4140 ὁ
779 4089 1028 4148 τοιοῦτος
1078 4085 1152 4148 είς
1205 4087 1491 4162 ἄνθρωπον
1521 4086 1556 4158 ἢ
1599 4087 1802 4153 λίθινον
1834 4087 1869 4158 ἢ

220 4176 584 4252 μαινόμενον,
618 4175 670 4230 οἳ
716 4172 839 4230 οὔτε
887 4173 1105 4250 δρῶσιν,
1138 4173 1262 4231 οὔτε
1313 4173 1655 4233 διδάσκουσιν
1690 4174 1869 4248 οὐδὲν,

218 4267 352 4322 ἀΑλ⁹
398 4264 435 4334 ἢ
487 4263 650 4338 μόνον
711 4263 987 4320 ἐλεοῦνται
1033 4269 1130 4320 τοῦ
1176 4265 1577 4342 παρενηνέχθαι
1612 4273 1713 4337 τῆς
1741 4267 1874 4322 κατὰ

219 4355 384 4436 φύσιν
415 4351 690 4417 πλάσεως’
733 4354 807 4408 ὧν
858 4351 1164 4428 ἐπιμᾶλλον
1217 4351 1574 4429 δυσμίμητοι,
1625 4354 1676 4411 ἐν
1730 4357 1806 4420 οἶς
1836 4359 1870 4426 ἡ

220 4443 371 4521 ἄκρα
415 4440 654 4518 πονηρία
704 4441 795 4498 καὶ
845 4444 1084 4517 κοσμική
1133 4444 1377 4520 καχεξία.
1421 4451 1727 4522 Δυσπραγεῖ
1784 4447 1875 4501 καὶ

221 4533 303 4596 εἷς
336 4531 532 4602 πλέον,
578 4531 641 4585 τὸ
688 4530 902 4586 πάντων
953 4530 1250 4609 χείριστον.
1301 4532 1421 4592 Εἰσὶ
1469 4535 1570 4610 γὰρ
1622 4555 1764 4596 τινες
1797 4533 1874 4597 εἰς

1973 597 2130 649 cerat
2158 596 2215 647 et
2244 592 2390 648 bene
2422 592 2650 661 fecerat,
2700 592 2899 664 prima;
2955 593 3234 648 creationi
3295 593 3622 650 doctrinam

1973 681 2220 753 adjecit;
2281 686 2336 737 et
2365 681 2501 736 huic
2533 681 2843 754 multiplici
2877 681 3149 738 methodo
3179 699 3314 738 cum
3345 683 3508 739 adth
3524 684 3622 755 sit,

1975 771 2195 826 multos
2224 786 2254 826 e
2279 770 2404 826 suis
2435 771 2616 826 servis
2647 770 2979 826 divinarum
3011 770 3378 827 voluntatum
3421 774 3628 829 docto-

1974 876 2066 914 res
2097 857 2345 931 ablegat,
2376 858 2435 912 in
2467 859 2685 930 quibus
2714 863 2922 929 praeter
2978 857 3146 924 alios,
3207 861 3505 932 sapientes
3570 864 3629 917 et

1972 947 2186 1018 varios,
2242 947 2549 1020 utriusque
2579 947 2806 1019 generis
2838 947 3152 1019 prophetae.
3186 953 3300 1004 Nec
3328 949 3485 1006 enim
3519 950 3624 1006 hic

1975 1036 2262 1093 femineus
2288 1054 2462 1093 sexus
2493 1037 2564 1092 ad
2597 1035 2853 1092 divinam
2886 1037 3211 1094 doctrinam
3241 1038 3419 1096 evasit
3448 1039 3622 1094 inuti-

1972 1125 2068 1194 lis,
2099 1126 2201 1182 sed
2233 1125 2401 1182 multi
2433 1126 2504 1182 ab
2535 1125 2634 1180 illo
2665 1125 2850 1182 edocti
2884 1129 3041 1181 sunt.

2041 1395 2133 1449 23.
2167 1395 2310 1449 Cum
2337 1397 2533 1449 autem
2565 1393 2756 1450 adhuc
2788 1393 3123 1466 praevaleret
3153 1394 3372 1467 peccati
3419 1393 3512 1450 lex
3569 1399 3630 1451 et

1975 1499 2168 1539 mores
2198 1499 2266 1538 ex
2295 1482 2408 1538 ista
2435 1478 2734 1538 venientes
2767 1499 2837 1538 ne
2855 1483 2938 1539 sic
2956 1483 3194 1555 quidem
3228 1483 3630 1551 abolerentur,

1975 1573 2074 1628 sed
2107 1571 2300 1628 omnis
2333 1572 2597 1628 doctrina
2627 1573 2847 1643 scripta
2877 1576 2933 1626 et
2964 1589 3077 1627 non
3109 1572 3330 1643 scripta
3357 1573 3627 1629 inefficax

1974 1666 2150 1730 esset,
2183 1664 2324 1715 tunc
2353 1659 2576 1732 absque
2609 1659 2933 1716 mutatione
2966 1665 3024 1716 et
3052 1660 3409 1717 demissione
3457 1663 3633 1718 desu-

1975 1767 2079 1823 per
2129 1749 2186 1803 in
2242 1748 2490 1804 humilia
2534 1749 2894 1806 descendens
2929 1753 2986 1804 et
3019 1751 3192 1806 rebus
3223 1750 3526 1820 humanis,
3564 1757 3626 1807 ut

1976 1837 2220 1893 decebat
2251 1841 2453 1906 Deum,
2487 1837 2866 1910 participans,
2900 1837 2958 1894 in
3006 1838 3203 1911 gloriae
3263 1839 3625 1913 magistralis

1973 1926 2184 1982 throno
2216 1926 2399 1994 sedit;
2431 1930 2486 1981 et
2518 1926 2588 1982 ab
2614 1925 2862 1983 infantia
2893 1944 3080 1999 usque
3109 1929 3180 1984 ad
3213 1932 3442 1984 aetatem
3499 1945 3629 2000 per-

1977 2017 2208 2086 fectam,
2268 2015 2454 2071 facere
2507 2016 2830 2088 docereque
2890 2033 3293 2089 perseverans,
3328 2035 3456 2090 quas
3488 2022 3630 2075 sunt

1976 2106 2047 2161 ad
2082 2109 2340 2162 nostram
2383 2103 2633 2161 salutem
2694 2105 3055 2178 adimplevit,
3117 2106 3227 2162 hoc
3285 2106 3630 2164 felicissimo

1977 2194 2320 2266 perfunctus
2379 2193 2631 2266 negotio,
2685 2211 2751 2250 ex
2780 2211 2892 2265 quo
2923 2193 3217 2250 felicitatis
3255 2194 3630 2267 privilegium

1977 2281 2210 2338 transiit
2237 2283 2307 2337 ad
2340 2280 2486 2337 alios
2517 2283 2849 2354 omnes,qui
2872 2282 3221 2355 recipientes
3252 2282 3410 2339 illius
3433 2283 3632 2341 locum

1978 2370 2294 2444 apostolice
2321 2371 2546 2426 faciunt
2574 2378 2629 2428 et
2659 2372 2891 2442 docent,
2946 2389 3196 2445 quorum
3265 2372 3325 2428 in
3385 2380 3634 2446 utroque

1979 2461 2150 2516 ambo
2181 2459 2642 2532 conspiciuntur,
2675 2461 2781 2517 etsi
2813 2460 2960 2517 alias
2989 2461 3160 2534 quasi
3228 2477 3332 2534 per
3383 2461 3636 2518 invicem

1977 2549 2236 2604 veniant.
2270 2548 2474 2605 Omnis
2504 2550 2795 2606 exsecutio
2828 2550 2964 2607 boni
3000 2551 3353 2608 terminatur
3389 2552 3459 2608 ad
3501 2553 3638 2608 doc-

1979 2638 2193 2694 trinam
2251 2638 2510 2694 mmulari
2569 2638 2925 2708 volentium;
2987 2644 3044 2696 et
3096 2640 3292 2697 omnis
3323 2640 3459 2696 boni
3494 2641 3635 2697 doc-

1979 2727 2133 2784 trina
2163 2728 2233 2784 ad
2267 2727 2427 2784 illius
2453 2728 2882 2785 exsecutionem
2917 2729 3312 2802 prospicit,ita
3338 2733 3402 2786 ut
3431 2747 3636 2802 opera-

1979 2818 2060 2874 tio
2093 2817 2321 2874 desinat
2348 2818 2407 2872 in
2441 2817 2790 2889 doctrinam,
2824 2823 2880 2874 et
2908 2819 3174 2875 doctrina
3226 2819 3285 2874 in
3343 2819 3636 2892 operatio-

1981 2923 2138 2975 nem,
2198 2911 2255 2962 et
2283 2907 2368 2963 sic
2398 2907 2652 2964 ﬁnaliter
2685 2912 2929 2981 utraque
2959 2926 3027 2965 ex
3056 2912 3305 2981 utraque
3335 2909 3636 2982 procedat.

1980 2997 2050 3052 Et
2079 2997 2296 3053 etenim
2329 2997 2652 3068 proprietas
2685 2997 2784 3054 illa
2831 3003 3051 3069 custos,
3115 2998 3216 3054 ubi
3268 3003 3515 3071 utraque
3574 2998 3636 3054 in

1979 3091 2291 3158 utramque
2323 3090 2528 3142 mutua
2557 3087 2680 3144 vice
2712 3087 2925 3145 transit
2955 3091 3012 3144 et
3057 3087 3361 3145 hominem
3422 3103 3637 3144 secun-

1981 3176 2122 3231 dum
2153 3176 2336 3232 Deum
2368 3176 2620 3249 perficit.

2051 3373 2141 3427 21.
2175 3371 2368 3428 Posito
2396 3388 2630 3444 quoque
2660 3373 2742 3429 ita
2771 3373 2900 3446 hoc,
2952 3375 3110 3447 quod
3172 3372 3406 3446 copulat
3465 3373 3638 3430 ambo

1981 3461 2096 3518 ista
2125 3462 2299 3530 bona,
2329 3461 2516 3518 facere
2543 3461 2765 3518 scilicet
2793 3469 2850 3519 et
2881 3463 3118 3532 docere,
3169 3461 3636 3519 considerandus

1981 3550 2158 3606 etiam
2219 3554 2309 3606 est
2359 3549 2456 3606 ille
2512 3566 2753 3622 prorsus
2794 3551 2968 3620 alius,
3005 3550 3104 3608 ille
3136 3551 3238 3624 qui
3271 3567 3374 3608 nec
3405 3550 3635 3622 aliquid

1979 3637 2118 3693 boni
2150 3636 2308 3706 facit,
2339 3653 2445 3693 nec
2473 3638 2673 3707 docet;
2714 3639 2853 3710 quin
2917 3639 3044 3711 ipse
3102 3639 3180 3696 sit
3234 3644 3336 3696 aut
3390 3640 3631 3696 brutum

1981 3726 2221 3795 animal,
2271 3731 2373 3782 aut
2399 3729 2665 3798 quaadam
2696 3727 3017 3785 alienarum
3045 3728 3371 3801 specierum
3403 3728 3628 3797 altera;

1979 3832 2103 3888 quas
2134 3817 2372 3888 quidem
2394 3820 2451 3872 et
2478 3816 2605 3889 ipsa
2632 3817 3066 3888 quodammodo
3110 3816 3436 3875 assimilata
3487 3820 3629 3873 sunt

1980 3905 2287 3976 rationi,eo
2316 3906 2473 3978 quod
2506 3912 2741 3979 propter
2769 3906 3061 3964 mirabilia
3089 3907 3148 3963 in
3179 3906 3262 3964 eis
3287 3911 3638 3980 conspecta,

1979 3995 2049 4051 ad
2085 3995 2187 4051 Dei
2215 3995 2452 4052 laudem
2483 4013 2517 4053 a
2569 3995 2887 4054 Psalmista
2941 4001 3360 4054 convocautur.
3418 3998 3629 4070 Aptius

1981 4089 2179 4142 autem
2239 4084 2372 4141 talis
2407 4090 2850 4158 reprwsentaret
2878 4085 3180 4143 hominem
3207 4083 3299 4142 vel
3329 4085 3631 4160 lapideum

1982 4173 2070 4231 vel
2102 4173 2507 4246 insanum,qui
2538 4191 2643 4231 nec
2673 4174 2893 4246 aliquid
2925 4179 3129 4248 agunt,
3164 4192 3268 4232 nec
3296 4175 3632 4247 docent,sed

1981 4267 2211 4320 tantum
2244 4263 2706 4335 miserationem,
2737 4281 2805 4320 ea
2839 4266 2994 4336 quod
3028 4282 3062 4322 a
3116 4265 3371 4322 naturali
3426 4266 3641 4322 forma-

1982 4351 2140 4408 tione
2192 4352 2429 4409 alienati
2486 4353 2629 4422 sint,
2661 4354 2918 4411 excitant
2947 4369 2961 4411 :
2997 4354 3212 4426 quibus
3243 4353 3428 4410 multo
3459 4353 3638 4409 mise-

1985 4441 2166 4499 riores
2188 4443 2249 4500 hi
2279 4448 2419 4500 sunt
2441 4444 2856 4514 imitatores,in
2897 4445 3113 4515 quibus
3143 4449 3232 4501 est
3258 4459 3494 4500 summa
3521 4458 3642 4498 ma-

1985 4531 2113 4588 litia
2141 4534 2192 4589 ei
2223 4534 2282 4589 in
2315 4550 2524 4606 genere
2554 4533 2709 4590 mala
2739 4533 3071 4606 dispositio.
3102 4533 3289 4606 Magis
3319 4536 3515 4590 autem
3549 4531 3638 4586 in-

222 4621 489 4678 τοσοῦτον
539 4615 984 4695 κεκολοϐωμένοι
1043 4628 1140 4691 τῆς
1197 4619 1275 4684 εἷς
1335 4623 1534 4697 ἀγαθὸν
1591 4620 1869 4700 διαρτίας1

1992 4623 2127 4679 felix
2151 4623 2342 4679 adhuc
2373 4623 2755 4691 est,omnium
2790 4623 3294 4696 pessimum.Sunt
3321 4620 3478 4678 enim
3509 4619 3640 4692 qui-

224 4711 373 4768 ὥστε
400 4709 497 4766 σὺν
528 4713 608 4782 τῷ
661 4707 827 4783 μηδὲν
878 4709 1310 4786 εὐηρεστημὲνον
1365 4716 1480 4784 Θεῷ
1529 4713 1563 4782 ἢ
1613 4719 1813 4785 ποιεῖν,
1843 4714 1878 4785 ἢ

226 4798 531 4867 διδάσκειν,
567 4796 899 4854 ἐκὶλίνουσιν
949 4798 1026 4862 εἷς
1079 4798 1142 4854 τὸ
1205 4797 1346 4874 μηδὲ
1402 4799 1570 4871 ἄξιον,
1621 4806 1739 4874 Θεῷ
1787 4823 1882 4874 μι-

226 4889 373 4961 σητά
429 4888 520 4944 καὶ
574 4884 1030 4962 διαπραττόμενοι
1087 4888 1178 4944 καὶ
1239 4888 1647 4964 ὑποτιθέμενοι,
1706 4890 1882 4947 οὐκέτ’

229 4978 389 5036 αὐτοὶ
438 4976 566 5032 οὐδὲ
609 4975 886 5053 ἄνθρωποι
936 4973 1109 5050 ὄντες,
1157 4977 1285 5034 ἀλλ’
1339 4977 1417 5042 εἷς
1467 4976 1730 5054 δαίμονας
1757 4981 1883 5043 τοὺς

229 5068 321 5125 καὶ
353 5065 696 5144 ἀρχεκάκους
725 5067 816 5123 καὶ
865 5065 1238 5146 φαυλοποιοὺς
1270 5067 1360 5124 καὶ
1410 5067 1883 5144 πονηροδιδασκά-

227 5159 368 5221 λους
399 5156 670 5214 ἀποταττό
678 5177 850 5232 μενοι.

302 5267 399 5323 κε’.
429 5264 581 5322 Ἐπεὶ
640 5262 730 5320 οὖν
786 5262 930 5319 οὕτω
985 5267 1152 5320 ταῦτα
1207 5263 1320 5339 (καὶ
1369 5265 1432 5320 οὗ
1487 5263 1885 5340 διεξεπέσομεν,

233 5355 414 5428 οἶμαι,
443 5357 543 5409 τοῦ
591 5355 768 5430 ὀρθῶς
815 5351 1060 5427 διελεῖν),
1092 5352 1219 5430 φέρε
1263 5351 1330 5423 δὴ
1378 5353 1708 5428 ἐξετάσωμεν
1736 5357 1885 5429 ἡμᾶς

231 5441 456 5514 αὐτοὺς,
505 5437 880 5505 ἀναϐαίνοντες
929 5441 992 5498 ἐκ
1046 5447 1152 5498 τῶν
1213 5441 1457 5519 ἐσχάτων
1510 5443 1600 5499 ἐπὶ
1655 5445 1725 5498 τὰ
1778 5446 1886 5520 πρὸ

229 5532 432 5602 αὐτῶν,
484 5535 574 5587 καί
623 5533 1016 5608 θεωρήσωμεν,
1067 5530 1122 5587 ἐν
1172 5531 1317 5606 ποίῳ
1362 5536 1472 5588 τῶν
1519 5529 1885 5609 διαιρεμάτων

226 5621 564 5696 τεταξόμεθα
616 5624 784 5695 ἡμεῖς
844 5622 897 5677 o't
946 5625 1040 5676 νῦν
1091 5618 1454 5684 διδάσκοντες.
1509 5623 1605 5677 Καὶ
1659 5623 1741 5678 ὅτι
1791 5623 1887 5696 μὶν

231 5713 310 5777 εἷς
376 5708 614 5786 ἔσχατον
686 5710 880 5775 κακίας
957 5707 1364 5775 διεκπίπτοντες
1443 5712 1888 5788 ἀποσυριχθησό-

1991 4713 2127 4769 dam
2157 4729 2192 4769 a
2223 4712 2410 4769 forma
2436 4729 2562 4784 quea
2593 4713 2782 4768 tendit
2813 4712 2887 4768 ad
2917 4713 3136 4768 bonum
3189 4711 3331 4767 adeo
3379 4708 3642 4780 alienati,

1992 4808 2057 4858 ut
2112 4802 2252 4857 dum
2308 4818 2552 4874 prorsus
2610 4801 2756 4857 nihil
2787 4806 2900 4858 Deo
2931 4805 3162 4874 gratum
3195 4816 3302 4856 nec
3331 4801 3508 4872 agant
3536 4814 3642 4855 nec

1994 4891 2260 4960 doceant,
2292 4889 2352 4946 in
2385 4891 2541 4962 quod
2572 4889 2817 4947 minime
2849 4891 3095 4963 dignum
3135 4893 3225 4946 est
3275 4887 3644 4955 delabantur,

1996 4980 2198 5036 odiosa
2227 4979 2344 5036 Deo
2374 4979 2654 5036 facientes
2683 4983 2740 5036 et
2768 4983 3284 5054 suggerentes,nec
3305 4978 3431 5050 jam
3457 4975 3646 5034 homi-

1994 5069 2348 5142 nes,quippe
2379 5069 2479 5140 qui
2512 5069 2571 5124 in
2603 5069 2901 5126 damones
2932 5068 3222 5141 pessimos
3253 5066 3410 5125 mala
3438 5066 3649 5126 facien-

1995 5165 2084 5217 tes
2113 5165 2172 5216 ct
2201 5176 2378 5232 prava
2405 5159 2682 5218 docentes
2710 5158 3077 5216 tranformati
3105 5163 3264 5216 sunt.

2065 5268 2156 5322 25.
2217 5271 2360 5322 Cum
2415 5266 2598 5340 igitur
2649 5266 2770 5322 hac
2825 5267 2906 5322 ita
2963 5266 3088 5321 sint
3133 5269 3215 5336 (et
3245 5282 3385 5335 non,
3417 5266 3580 5335 puto,
3614 5279 3650 5318 a

1995 5361 2150 5414 recta
2179 5357 2470 5412 sententia
2527 5356 2892 5426 defecimus),
2926 5355 3017 5411 eia
3076 5372 3183 5411 nos
3232 5355 3394 5426 ipsos
3424 5351 3650 5409 exami-

1997 5462 2228 5513 nemus,
2267 5445 2338 5500 ab
2370 5444 2598 5500 ultimis
2632 5445 2702 5499 ad
2737 5461 2805 5500 ea
2834 5461 2961 5515 qua
3003 5443 3198 5516 priora
3253 5447 3396 5499 sunt
3454 5456 3652 5497 ascen-

1999 5537 2228 5601 dentes,
2261 5539 2319 5590 et
2347 5533 2741 5603 videamus,in
2771 5550 2886 5603 qua
2915 5533 3201 5589 divisione
3232 5547 3338 5587 nos
3367 5529 3469 5603 qui
3494 5545 3653 5585 nunc

2003 5625 2303 5690 docemus,
2338 5622 2651 5678 ordinandi
2685 5623 3064 5688 simus.Quod
3095 5623 3153 5678 in
3186 5619 3461 5676 ultimum
3492 5617 3655 5676 mali-

1999 5715 2092 5772 tiae
2125 5712 2370 5784 delapsi,
2401 5711 2678 5768 sibilandi
2711 5713 2923 5780 simus,
2957 5729 3073 5770 non
3104 5712 3321 5769 dicam.
3344 5711 3653 5769 Conﬁdens
