  <div class='ocr_page' id='page_1' title='image "/cluster/home/n/w/nwhite01/storage/ocr_20150623/135/hvd.32044073502528/333.png"; bbox 0 0 4114 6200; ppageno 0'>
   <div class='ocr_carea' id='block_1_1' title="bbox 441 367 562 430">
    <p class='ocr_par' dir='ltr' id='par_1_1' title="bbox 441 367 562 430">
     <span class='ocr_line' id='line_1_1' title="bbox 441 367 562 430; baseline 0.008 -2"><span class='ocrx_word' id='word_1_1' title='bbox 441 367 562 430; x_wconf 76' lang='grc'>655</span> 
     </span>
    </p>
   </div>
   <div class='ocr_carea' id='block_1_2' title="bbox 1219 361 3086 435">
    <p class='ocr_par' dir='ltr' id='par_1_2' title="bbox 1219 361 3086 435">
     <span class='ocr_line' id='line_1_2' title="bbox 1219 361 3086 435; baseline -0.002 -9"><span class='ocrx_word' id='word_1_2' title='bbox 1219 365 1639 428; x_wconf 86' lang='lat' dir='ltr'>EUSTATHII</span> <span class='ocrx_word' id='word_1_3' title='bbox 1681 363 2452 426; x_wconf 84' lang='lat' dir='ltr'>THESSALONICENSIS</span> <span class='ocrx_word' id='word_1_4' title='bbox 2497 361 3086 435; x_wconf 71' lang='lat' dir='ltr'>METBOPOLITE</span> 
     </span>
    </p>
   </div>
   <div class='ocr_carea' id='block_1_3' title="bbox 3732 362 3854 420">
    <p class='ocr_par' dir='ltr' id='par_1_3' title="bbox 3732 362 3854 420">
     <span class='ocr_line' id='line_1_3' title="bbox 3732 362 3854 420; baseline 0 0"><span class='ocrx_word' id='word_1_5' title='bbox 3732 362 3854 420; x_wconf 84' lang='lat'>656</span> 
     </span>
    </p>
   </div>
   <div class='ocr_carea' id='block_1_4' title="bbox 441 488 2112 570">
    <p class='ocr_par' dir='ltr' id='par_1_4' title="bbox 441 495 2088 569">
     <span class='ocr_line' id='line_1_4' title="bbox 441 495 2088 569; baseline -0.004 -13"><span class='ocrx_word' id='word_1_6' title='bbox 441 499 602 556; x_wconf 85' lang='lat' dir='ltr'>enim</span> <span class='ocrx_word' id='word_1_7' title='bbox 631 499 806 556; x_wconf 86' lang='lat' dir='ltr'>istam</span> <span class='ocrx_word' id='word_1_8' title='bbox 837 498 1269 556; x_wconf 86' lang='lat' dir='ltr'>accusationem</span> <span class='ocrx_word' id='word_1_9' title='bbox 1293 496 1513 569; x_wconf 88' lang='lat' dir='ltr'>rejicio.</span> <span class='ocrx_word' id='word_1_10' title='bbox 1540 497 1721 553; x_wconf 83' lang='lat' dir='ltr'>Nemo</span> <span class='ocrx_word' id='word_1_11' title='bbox 1751 495 1929 563; x_wconf 92' lang='lat' dir='ltr'>enim,</span> <span class='ocrx_word' id='word_1_12' title='bbox 1961 495 2088 567; x_wconf 63' lang='lat' dir='ltr'>{nec</span> 
     </span>
    </p>
   </div>
   <div class='ocr_carea' id='block_1_5' title="bbox 2223 488 3852 570">
    <p class='ocr_par' dir='ltr' id='par_1_5' title="bbox 2223 488 3852 570">
     <span class='ocr_line' id='line_1_5' title="bbox 2223 488 3852 570; baseline -0.002 -23"><span class='ocrx_word' id='word_1_13' title='bbox 2223 494 2360 562; x_wconf 83' lang='grc' dir='ltr'><strong>ιεθα,</strong></span> <span class='ocrx_word' id='word_1_14' title='bbox 2419 491 2520 548; x_wconf 75' lang='grc' dir='ltr'>οὐκ</span> <span class='ocrx_word' id='word_1_15' title='bbox 2563 488 2622 548; x_wconf 81' lang='grc' dir='ltr'>ἃν</span> <span class='ocrx_word' id='word_1_16' title='bbox 2667 491 2903 566; x_wconf 79' lang='grc' dir='ltr'><strong>εἶ’ποιμι.</strong></span> <span class='ocrx_word' id='word_1_17' title='bbox 2962 491 3186 570; x_wconf 78' lang='grc' dir='ltr'>Θαῤῥῶν</span> <span class='ocrx_word' id='word_1_18' title='bbox 3233 493 3338 568; x_wconf 71' lang='grc' dir='ltr'><strong>γὰρ</strong></span> <span class='ocrx_word' id='word_1_19' title='bbox 3378 489 3681 566; x_wconf 78' lang='grc' dir='ltr'><strong>ἀποφάσκω</strong></span> <span class='ocrx_word' id='word_1_20' title='bbox 3715 490 3852 563; x_wconf 69' lang='grc' dir='ltr'>ἐμοῦ</span> 
     </span>
    </p>
   </div>
   <div class='ocr_carea' id='block_1_6' title="bbox 442 585 2094 662">
    <p class='ocr_par' dir='ltr' id='par_1_6' title="bbox 442 585 2094 662">
     <span class='ocr_line' id='line_1_6' title="bbox 442 585 2094 662; baseline -0.004 -18"><span class='ocrx_word' id='word_1_21' title='bbox 442 590 546 662; x_wconf 90' lang='lat' dir='ltr'>qui</span> <span class='ocrx_word' id='word_1_22' title='bbox 601 589 947 646; x_wconf 90' lang='lat' dir='ltr'>vestimenta</span> <span class='ocrx_word' id='word_1_23' title='bbox 1002 587 1296 657; x_wconf 81' lang='lat' dir='ltr'>laceravit,</span> <span class='ocrx_word' id='word_1_24' title='bbox 1357 602 1463 642; x_wconf 90' lang='lat' dir='ltr'>nec</span> <span class='ocrx_word' id='word_1_25' title='bbox 1495 588 1593 658; x_wconf 87' lang='lat' dir='ltr'>qui</span> <span class='ocrx_word' id='word_1_26' title='bbox 1622 591 1798 658; x_wconf 91' lang='lat' dir='ltr'>caput</span> <span class='ocrx_word' id='word_1_27' title='bbox 1829 585 2094 655; x_wconf 90' lang='lat' dir='ltr'>nudavit,</span> 
     </span>
    </p>
   </div>
   <div class='ocr_carea' id='block_1_7' title="bbox 442 673 2096 749">
    <p class='ocr_par' dir='ltr' id='par_1_7' title="bbox 442 673 2096 749">
     <span class='ocr_line' id='line_1_7' title="bbox 442 673 2096 749; baseline -0.004 -14"><span class='ocrx_word' id='word_1_28' title='bbox 442 693 552 735; x_wconf 87' lang='lat' dir='ltr'>nec</span> <span class='ocrx_word' id='word_1_29' title='bbox 582 678 681 749; x_wconf 88' lang='lat' dir='ltr'>qui</span> <span class='ocrx_word' id='word_1_30' title='bbox 715 679 962 732; x_wconf 85' lang='lat' dir='ltr'>frontem</span> <span class='ocrx_word' id='word_1_31' title='bbox 995 676 1311 744; x_wconf 89' lang='lat' dir='ltr'>induravit,</span> <span class='ocrx_word' id='word_1_32' title='bbox 1345 692 1450 731; x_wconf 90' lang='lat' dir='ltr'>nec</span> <span class='ocrx_word' id='word_1_33' title='bbox 1481 677 1582 747; x_wconf 87' lang='lat' dir='ltr'>qui</span> <span class='ocrx_word' id='word_1_34' title='bbox 1614 676 1896 747; x_wconf 81' lang='lat' dir='ltr'>pudorem</span> <span class='ocrx_word' id='word_1_35' title='bbox 1945 673 2096 729; x_wconf 91' lang='lat' dir='ltr'>ami-</span> 
     </span>
    </p>
   </div>
   <div class='ocr_carea' id='block_1_8' title="bbox 445 762 2097 838">
    <p class='ocr_par' dir='ltr' id='par_1_8' title="bbox 445 762 2097 838">
     <span class='ocr_line' id='line_1_8' title="bbox 445 762 2097 838; baseline -0.004 -15"><span class='ocrx_word' id='word_1_36' title='bbox 445 768 546 836; x_wconf 90' lang='lat' dir='ltr'>sit,</span> <span class='ocrx_word' id='word_1_37' title='bbox 574 767 948 838; x_wconf 81' lang='lat' dir='ltr'>exprobraret</span> <span class='ocrx_word' id='word_1_38' title='bbox 971 764 1165 831; x_wconf 87' lang='lat' dir='ltr'>nobis,</span> <span class='ocrx_word' id='word_1_39' title='bbox 1197 781 1385 836; x_wconf 90' lang='lat' dir='ltr'>neque</span> <span class='ocrx_word' id='word_1_40' title='bbox 1416 764 1637 820; x_wconf 90' lang='lat' dir='ltr'>malum</span> <span class='ocrx_word' id='word_1_41' title='bbox 1668 763 1914 818; x_wconf 79' lang='lat' dir='ltr'>firmiter</span> <span class='ocrx_word' id='word_1_42' title='bbox 1945 762 2097 832; x_wconf 86' lang='lat' dir='ltr'>abji-</span> 
     </span>
    </p>
   </div>
   <div class='ocr_carea' id='block_1_9' title="bbox 447 852 2098 925">
    <p class='ocr_par' dir='ltr' id='par_1_9' title="bbox 447 852 2098 925">
     <span class='ocr_line' id='line_1_9' title="bbox 447 852 2098 925; baseline -0.003 -14"><span class='ocrx_word' id='word_1_43' title='bbox 447 857 743 922; x_wconf 87' lang='lat' dir='ltr'>ciendum,</span> <span class='ocrx_word' id='word_1_44' title='bbox 775 855 930 925; x_wconf 93' lang='lat' dir='ltr'>quod</span> <span class='ocrx_word' id='word_1_45' title='bbox 957 853 1181 908; x_wconf 90' lang='lat' dir='ltr'>scilicet</span> <span class='ocrx_word' id='word_1_46' title='bbox 1212 854 1270 908; x_wconf 92' lang='lat' dir='ltr'>in</span> <span class='ocrx_word' id='word_1_47' title='bbox 1323 853 1554 909; x_wconf 80' lang='lat' dir='ltr'>actibus</span> <span class='ocrx_word' id='word_1_48' title='bbox 1610 853 1699 909; x_wconf 87' lang='lat' dir='ltr'>vel</span> <span class='ocrx_word' id='word_1_49' title='bbox 1757 852 1816 908; x_wconf 90' lang='lat' dir='ltr'>in</span> <span class='ocrx_word' id='word_1_50' title='bbox 1876 867 2098 908; x_wconf 90' lang='lat' dir='ltr'>sermo-</span> 
     </span>
    </p>
   </div>
   <div class='ocr_carea' id='block_1_10' title="bbox 447 940 2096 1014">
    <p class='ocr_par' dir='ltr' id='par_1_10' title="bbox 447 940 2096 1014">
     <span class='ocr_line' id='line_1_10' title="bbox 447 940 2096 1014; baseline -0.003 -14"><span class='ocrx_word' id='word_1_51' title='bbox 447 944 623 1000; x_wconf 84' lang='lat' dir='ltr'><strong>nibus</strong></span> <span class='ocrx_word' id='word_1_52' title='bbox 636 942 959 998; x_wconf 79' lang='lat' dir='ltr'>doctrinam</span> <span class='ocrx_word' id='word_1_53' title='bbox 973 941 1259 998; x_wconf 87' lang='lat' dir='ltr'>diabolice</span> <span class='ocrx_word' id='word_1_54' title='bbox 1272 943 1648 1014; x_wconf 89' lang='lat' dir='ltr'>depravatam</span> <span class='ocrx_word' id='word_1_55' title='bbox 1661 940 2096 1010; x_wconf 82' lang='lat' dir='ltr'>tradiderimus,</span> 
     </span>
    </p>
   </div>
   <div class='ocr_carea' id='block_1_11' title="bbox 449 1029 2096 1103">
    <p class='ocr_par' dir='ltr' id='par_1_11' title="bbox 449 1029 2096 1103">
     <span class='ocr_line' id='line_1_11' title="bbox 449 1029 2096 1103; baseline -0.002 -16"><span class='ocrx_word' id='word_1_56' title='bbox 449 1047 640 1103; x_wconf 90' lang='lat' dir='ltr'>neque</span> <span class='ocrx_word' id='word_1_57' title='bbox 658 1031 814 1103; x_wconf 90' lang='lat' dir='ltr'>quod</span> <span class='ocrx_word' id='word_1_58' title='bbox 834 1030 982 1086; x_wconf 87' lang='lat' dir='ltr'>nihil</span> <span class='ocrx_word' id='word_1_59' title='bbox 1000 1030 1135 1086; x_wconf 91' lang='lat' dir='ltr'>boni</span> <span class='ocrx_word' id='word_1_60' title='bbox 1155 1031 1464 1087; x_wconf 84' lang='lat' dir='ltr'>fecerimus</span> <span class='ocrx_word' id='word_1_61' title='bbox 1484 1047 1670 1103; x_wconf 90' lang='lat' dir='ltr'>neque</span> <span class='ocrx_word' id='word_1_62' title='bbox 1702 1029 2096 1095; x_wconf 83' lang='lat' dir='ltr'>docuerimus,</span> 
     </span>
    </p>
   </div>
   <div class='ocr_carea' id='block_1_12' title="bbox 450 1117 2098 1192">
    <p class='ocr_par' dir='ltr' id='par_1_12' title="bbox 450 1117 2098 1192">
     <span class='ocr_line' id='line_1_12' title="bbox 450 1117 2098 1192; baseline -0.002 -17"><span class='ocrx_word' id='word_1_63' title='bbox 450 1120 512 1176; x_wconf 90' lang='lat' dir='ltr'>in</span> <span class='ocrx_word' id='word_1_64' title='bbox 544 1120 637 1176; x_wconf 89' lang='lat' dir='ltr'>his</span> <span class='ocrx_word' id='word_1_65' title='bbox 663 1137 789 1192; x_wconf 63' lang='lat' dir='ltr'>quis</span> <span class='ocrx_word' id='word_1_66' title='bbox 822 1121 893 1175; x_wconf 92' lang='lat' dir='ltr'>ad</span> <span class='ocrx_word' id='word_1_67' title='bbox 927 1136 1034 1175; x_wconf 89' lang='lat' dir='ltr'>nos</span> <span class='ocrx_word' id='word_1_68' title='bbox 1066 1119 1160 1175; x_wconf 92' lang='lat' dir='ltr'>hic</span> <span class='ocrx_word' id='word_1_69' title='bbox 1184 1121 1452 1186; x_wconf 90' lang='lat' dir='ltr'>attinent,</span> <span class='ocrx_word' id='word_1_70' title='bbox 1499 1122 1674 1192; x_wconf 79' lang='lat' dir='ltr'>idque</span> <span class='ocrx_word' id='word_1_71' title='bbox 1730 1117 2098 1191; x_wconf 68' lang='lat' dir='ltr'>negligentiae</span> 
     </span>
    </p>
   </div>
   <div class='ocr_carea' id='block_1_13' title="bbox 449 1205 2099 1281">
    <p class='ocr_par' dir='ltr' id='par_1_13' title="bbox 449 1205 2099 1281">
     <span class='ocr_line' id='line_1_13' title="bbox 449 1205 2099 1281; baseline -0.003 -16"><span class='ocrx_word' id='word_1_72' title='bbox 449 1209 540 1265; x_wconf 86' lang='lat' dir='ltr'>vel</span> <span class='ocrx_word' id='word_1_73' title='bbox 571 1209 817 1281; x_wconf 76' lang='lat' dir='ltr'>ignavias</span> <span class='ocrx_word' id='word_1_74' title='bbox 848 1225 1044 1279; x_wconf 88' lang='lat' dir='ltr'>causa,</span> <span class='ocrx_word' id='word_1_75' title='bbox 1076 1207 1164 1264; x_wconf 91' lang='lat' dir='ltr'>vel</span> <span class='ocrx_word' id='word_1_76' title='bbox 1192 1211 1517 1266; x_wconf 90' lang='lat' dir='ltr'>secundum</span> <span class='ocrx_word' id='word_1_77' title='bbox 1549 1209 1929 1279; x_wconf 88' lang='lat' dir='ltr'>aliam,quam</span> <span class='ocrx_word' id='word_1_78' title='bbox 1965 1205 2099 1277; x_wconf 90' lang='lat' dir='ltr'>quis</span> 
     </span>
    </p>
   </div>
   <div class='ocr_carea' id='block_1_14' title="bbox 449 1296 2097 1370">
    <p class='ocr_par' dir='ltr' id='par_1_14' title="bbox 449 1296 2097 1370">
     <span class='ocr_line' id='line_1_14' title="bbox 449 1296 2097 1370; baseline -0.003 -17"><span class='ocrx_word' id='word_1_79' title='bbox 449 1296 758 1368; x_wconf 87' lang='lat' dir='ltr'>inveniret,</span> <span class='ocrx_word' id='word_1_80' title='bbox 789 1314 1049 1354; x_wconf 88' lang='lat' dir='ltr'>causam.</span> <span class='ocrx_word' id='word_1_81' title='bbox 1083 1297 1141 1352; x_wconf 88' lang='lat' dir='ltr'>Si</span> <span class='ocrx_word' id='word_1_82' title='bbox 1173 1314 1304 1353; x_wconf 90' lang='lat' dir='ltr'>vero</span> <span class='ocrx_word' id='word_1_83' title='bbox 1337 1297 1492 1370; x_wconf 88' lang='lat' dir='ltr'>quis,</span> <span class='ocrx_word' id='word_1_84' title='bbox 1542 1296 1832 1352; x_wconf 78' lang='lat' dir='ltr'>diabolica</span> <span class='ocrx_word' id='word_1_85' title='bbox 1883 1298 2097 1365; x_wconf 87' lang='lat' dir='ltr'>mente,</span> 
     </span>
    </p>
   </div>
   <div class='ocr_carea' id='block_1_15' title="bbox 445 1382 2103 1443">
    <p class='ocr_par' dir='ltr' id='par_1_15' title="bbox 445 1382 2103 1443">
     <span class='ocr_line' id='line_1_15' title="bbox 445 1382 2103 1443; baseline -0.002 -2"><span class='ocrx_word' id='word_1_86' title='bbox 445 1387 510 1441; x_wconf 91' lang='lat' dir='ltr'>in</span> <span class='ocrx_word' id='word_1_87' title='bbox 540 1391 766 1442; x_wconf 88' lang='lat' dir='ltr'>tantam</span> <span class='ocrx_word' id='word_1_88' title='bbox 795 1387 1106 1442; x_wconf 85' lang='lat' dir='ltr'>adversum</span> <span class='ocrx_word' id='word_1_89' title='bbox 1139 1403 1245 1443; x_wconf 89' lang='lat' dir='ltr'>nos</span> <span class='ocrx_word' id='word_1_90' title='bbox 1275 1387 1807 1442; x_wconf 86' lang='lat' dir='ltr'>manifestationem</span> <span class='ocrx_word' id='word_1_91' title='bbox 1857 1382 2103 1440; x_wconf 86' lang='lat' dir='ltr'>audacia</span> 
     </span>
    </p>
   </div>
   <div class='ocr_carea' id='block_1_16' title="bbox 447 1472 2098 1548">
    <p class='ocr_par' dir='ltr' id='par_1_16' title="bbox 447 1472 2098 1548">
     <span class='ocr_line' id='line_1_16' title="bbox 447 1472 2098 1548; baseline -0.002 -18"><span class='ocrx_word' id='word_1_92' title='bbox 447 1476 719 1542; x_wconf 83' lang='lat' dir='ltr'>ferretur,</span> <span class='ocrx_word' id='word_1_93' title='bbox 750 1491 882 1531; x_wconf 91' lang='lat' dir='ltr'>ecce</span> <span class='ocrx_word' id='word_1_94' title='bbox 914 1480 1170 1546; x_wconf 84' lang='lat' dir='ltr'>tempus,</span> <span class='ocrx_word' id='word_1_95' title='bbox 1205 1477 1331 1548; x_wconf 90' lang='lat' dir='ltr'>ipse</span> <span class='ocrx_word' id='word_1_96' title='bbox 1363 1477 1594 1548; x_wconf 89' lang='lat' dir='ltr'>quidem</span> <span class='ocrx_word' id='word_1_97' title='bbox 1643 1492 1708 1530; x_wconf 90' lang='lat' dir='ltr'>os</span> <span class='ocrx_word' id='word_1_98' title='bbox 1757 1472 2098 1546; x_wconf 85' lang='lat' dir='ltr'>adaperiat;</span> 
     </span>
    </p>
   </div>
   <div class='ocr_carea' id='block_1_17' title="bbox 449 1559 2098 1631">
    <p class='ocr_par' dir='ltr' id='par_1_17' title="bbox 449 1559 2098 1631">
     <span class='ocr_line' id='line_1_17' title="bbox 449 1559 2098 1631; baseline -0.002 -11"><span class='ocrx_word' id='word_1_99' title='bbox 449 1581 558 1620; x_wconf 87' lang='lat' dir='ltr'>nos</span> <span class='ocrx_word' id='word_1_100' title='bbox 616 1569 813 1620; x_wconf 75' lang='lat' dir='ltr'>autem</span> <span class='ocrx_word' id='word_1_101' title='bbox 869 1564 1096 1620; x_wconf 87' lang='lat' dir='ltr'>hiatum</span> <span class='ocrx_word' id='word_1_102' title='bbox 1128 1565 1558 1620; x_wconf 86' lang='lat' dir='ltr'>obturamentis</span> <span class='ocrx_word' id='word_1_103' title='bbox 1586 1583 1618 1619; x_wconf 78' lang='grc' dir='ltr'>ιι</span> <span class='ocrx_word' id='word_1_104' title='bbox 1647 1564 1763 1619; x_wconf 93' lang='lat' dir='ltr'>Deo</span> <span class='ocrx_word' id='word_1_105' title='bbox 1796 1559 2098 1631; x_wconf 87' lang='lat' dir='ltr'>adhibitis,</span> 
     </span>
    </p>
   </div>
   <div class='ocr_carea' id='block_1_18' title="bbox 451 1651 2099 1724">
    <p class='ocr_par' dir='ltr' id='par_1_18' title="bbox 451 1651 2099 1724">
     <span class='ocr_line' id='line_1_18' title="bbox 451 1651 2099 1724; baseline -0.003 -16"><span class='ocrx_word' id='word_1_106' title='bbox 451 1653 671 1724; x_wconf 90' lang='lat' dir='ltr'>quibus</span> <span class='ocrx_word' id='word_1_107' title='bbox 699 1658 757 1709; x_wconf 90' lang='lat' dir='ltr'>et</span> <span class='ocrx_word' id='word_1_108' title='bbox 782 1669 885 1710; x_wconf 90' lang='lat' dir='ltr'>ora</span> <span class='ocrx_word' id='word_1_109' title='bbox 911 1653 1145 1709; x_wconf 86' lang='lat' dir='ltr'>leonum</span> <span class='ocrx_word' id='word_1_110' title='bbox 1179 1653 1337 1709; x_wconf 90' lang='lat' dir='ltr'>lenta</span> <span class='ocrx_word' id='word_1_111' title='bbox 1367 1653 1558 1709; x_wconf 90' lang='lat' dir='ltr'>reddit</span> <span class='ocrx_word' id='word_1_112' title='bbox 1609 1651 1707 1707; x_wconf 91' lang='lat' dir='ltr'>ille</span> <span class='ocrx_word' id='word_1_113' title='bbox 1765 1652 1838 1707; x_wconf 92' lang='lat' dir='ltr'>ad</span> <span class='ocrx_word' id='word_1_114' title='bbox 1889 1666 2099 1706; x_wconf 88' lang='lat' dir='ltr'>voran-</span> 
     </span>
    </p>
   </div>
   <div class='ocr_carea' id='block_1_19' title="bbox 451 1741 1955 1813">
    <p class='ocr_par' dir='ltr' id='par_1_19' title="bbox 451 1741 1955 1813">
     <span class='ocr_line' id='line_1_19' title="bbox 451 1741 1955 1813; baseline -0.001 -17"><span class='ocrx_word' id='word_1_115' title='bbox 451 1741 592 1797; x_wconf 90' lang='lat' dir='ltr'>dum</span> <span class='ocrx_word' id='word_1_116' title='bbox 624 1757 722 1798; x_wconf 89' lang='lat' dir='ltr'>eos</span> <span class='ocrx_word' id='word_1_117' title='bbox 753 1742 853 1813; x_wconf 91' lang='lat' dir='ltr'>qui</span> <span class='ocrx_word' id='word_1_118' title='bbox 885 1743 1188 1798; x_wconf 85' lang='lat' dir='ltr'>conﬁdunt</span> <span class='ocrx_word' id='word_1_119' title='bbox 1217 1743 1274 1798; x_wconf 90' lang='lat' dir='ltr'>in</span> <span class='ocrx_word' id='word_1_120' title='bbox 1308 1743 1526 1813; x_wconf 90' lang='lat' dir='ltr'>ipsum,</span> <span class='ocrx_word' id='word_1_121' title='bbox 1559 1741 1955 1798; x_wconf 88' lang='lat' dir='ltr'>occludemus.</span> 
     </span>
    </p>
   </div>
   <div class='ocr_carea' id='block_1_20' title="bbox 524 1865 2181 1955">
    <p class='ocr_par' dir='ltr' id='par_1_20' title="bbox 524 1865 2181 1955">
     <span class='ocr_line' id='line_1_20' title="bbox 524 1865 2181 1955; baseline 0.001 -35"><span class='ocrx_word' id='word_1_122' title='bbox 524 1867 616 1955; x_wconf 80' lang='lat'>26.</span> <span class='ocrx_word' id='word_1_123' title='bbox 650 1866 767 1921; x_wconf 91' lang='lat' dir='ltr'>Hac</span> <span class='ocrx_word' id='word_1_124' title='bbox 795 1869 988 1921; x_wconf 90' lang='lat' dir='ltr'>autem</span> <span class='ocrx_word' id='word_1_125' title='bbox 1021 1882 1054 1921; x_wconf 92' lang='lat' dir='ltr'>a</span> <span class='ocrx_word' id='word_1_126' title='bbox 1083 1865 1252 1921; x_wconf 90' lang='lat' dir='ltr'>nobis</span> <span class='ocrx_word' id='word_1_127' title='bbox 1297 1866 1507 1935; x_wconf 87' lang='lat' dir='ltr'>rejecta</span> <span class='ocrx_word' id='word_1_128' title='bbox 1535 1865 1754 1955; x_wconf 88' lang='lat' dir='ltr'>duplici</span> <span class='ocrx_word' id='word_1_129' title='bbox 1797 1865 2101 1955; x_wconf 82' lang='lat' dir='ltr'>pravitate,</span> <span class='ocrx_word' id='word_1_130' title='bbox 2134 1889 2181 1955; x_wconf 81' lang='grc' dir='ltr'><strong>Β</strong></span> 
     </span>
    </p>
   </div>
   <div class='ocr_carea' id='block_1_21' title="bbox 459 1954 2104 2026">
    <p class='ocr_par' dir='ltr' id='par_1_21' title="bbox 459 1954 2104 2026">
     <span class='ocr_line' id='line_1_21' title="bbox 459 1954 2104 2026; baseline -0.001 -16"><span class='ocrx_word' id='word_1_131' title='bbox 459 1954 554 2010; x_wconf 92' lang='lat' dir='ltr'>cui</span> <span class='ocrx_word' id='word_1_132' title='bbox 611 1955 670 2008; x_wconf 90' lang='lat' dir='ltr'>in</span> <span class='ocrx_word' id='word_1_133' title='bbox 728 1955 1129 2026; x_wconf 86' lang='lat' dir='ltr'>superioribus</span> <span class='ocrx_word' id='word_1_134' title='bbox 1184 1955 1428 2026; x_wconf 86' lang='lat' dir='ltr'>quintus</span> <span class='ocrx_word' id='word_1_135' title='bbox 1482 1954 1817 2026; x_wconf 87' lang='lat' dir='ltr'>assignatus</span> <span class='ocrx_word' id='word_1_136' title='bbox 1869 1960 1959 2010; x_wconf 87' lang='lat' dir='ltr'>est</span> <span class='ocrx_word' id='word_1_137' title='bbox 2015 1954 2104 2009; x_wconf 92' lang='lat' dir='ltr'>lo-</span> 
     </span>
    </p>
   </div>
   <div class='ocr_carea' id='block_1_22' title="bbox 459 2043 2105 2115">
    <p class='ocr_par' dir='ltr' id='par_1_22' title="bbox 459 2043 2105 2115">
     <span class='ocr_line' id='line_1_22' title="bbox 459 2043 2105 2115; baseline -0.001 -16"><span class='ocrx_word' id='word_1_138' title='bbox 459 2048 650 2114; x_wconf 89' lang='lat' dir='ltr'>cus,et</span> <span class='ocrx_word' id='word_1_139' title='bbox 679 2044 854 2099; x_wconf 85' lang='lat' dir='ltr'>etiam</span> <span class='ocrx_word' id='word_1_140' title='bbox 877 2043 1050 2099; x_wconf 87' lang='lat' dir='ltr'>etiam</span> <span class='ocrx_word' id='word_1_141' title='bbox 1083 2043 1198 2099; x_wconf 90' lang='lat' dir='ltr'>ista</span> <span class='ocrx_word' id='word_1_142' title='bbox 1223 2060 1350 2114; x_wconf 79' lang='lat' dir='ltr'>quae</span> <span class='ocrx_word' id='word_1_143' title='bbox 1381 2048 1514 2115; x_wconf 89' lang='lat' dir='ltr'>post</span> <span class='ocrx_word' id='word_1_144' title='bbox 1546 2043 1738 2115; x_wconf 89' lang='lat' dir='ltr'>ipsam</span> <span class='ocrx_word' id='word_1_145' title='bbox 1771 2043 1827 2097; x_wconf 89' lang='lat' dir='ltr'>in</span> <span class='ocrx_word' id='word_1_146' title='bbox 1861 2060 2105 2098; x_wconf 90' lang='lat' dir='ltr'>numero</span> 
     </span>
    </p>
   </div>
   <div class='ocr_carea' id='block_1_23' title="bbox 457 2132 2106 2204">
    <p class='ocr_par' dir='ltr' id='par_1_23' title="bbox 457 2132 2106 2204">
     <span class='ocr_line' id='line_1_23' title="bbox 457 2132 2106 2204; baseline -0.001 -16"><span class='ocrx_word' id='word_1_147' title='bbox 457 2138 620 2189; x_wconf 87' lang='lat' dir='ltr'>sexto</span> <span class='ocrx_word' id='word_1_148' title='bbox 649 2133 842 2204; x_wconf 90' lang='lat' dir='ltr'>posita</span> <span class='ocrx_word' id='word_1_149' title='bbox 871 2137 979 2200; x_wconf 88' lang='lat' dir='ltr'>est,</span> <span class='ocrx_word' id='word_1_150' title='bbox 1004 2132 1174 2203; x_wconf 85' lang='lat' dir='ltr'>juxta</span> <span class='ocrx_word' id='word_1_151' title='bbox 1203 2149 1380 2203; x_wconf 86' lang='lat' dir='ltr'>quam</span> <span class='ocrx_word' id='word_1_152' title='bbox 1414 2150 1448 2189; x_wconf 88' lang='lat' dir='ltr'>a</span> <span class='ocrx_word' id='word_1_153' title='bbox 1477 2134 1710 2188; x_wconf 91' lang='lat' dir='ltr'>doctore</span> <span class='ocrx_word' id='word_1_154' title='bbox 1754 2133 1918 2188; x_wconf 89' lang='lat' dir='ltr'>abest</span> <span class='ocrx_word' id='word_1_155' title='bbox 1965 2133 2106 2188; x_wconf 90' lang='lat' dir='ltr'>doc-</span> 
     </span>
    </p>
   </div>
   <div class='ocr_carea' id='block_1_24' title="bbox 455 2220 2102 2293">
    <p class='ocr_par' dir='ltr' id='par_1_24' title="bbox 455 2220 2102 2293">
     <span class='ocr_line' id='line_1_24' title="bbox 455 2220 2102 2293; baseline 0 -17"><span class='ocrx_word' id='word_1_156' title='bbox 455 2221 626 2277; x_wconf 85' lang='lat' dir='ltr'>trinae</span> <span class='ocrx_word' id='word_1_157' title='bbox 682 2226 940 2293; x_wconf 83' lang='lat' dir='ltr'>systema</span> <span class='ocrx_word' id='word_1_158' title='bbox 994 2221 1225 2291; x_wconf 88' lang='lat' dir='ltr'>(omitto</span> <span class='ocrx_word' id='word_1_159' title='bbox 1265 2221 1422 2276; x_wconf 91' lang='lat' dir='ltr'>enim</span> <span class='ocrx_word' id='word_1_160' title='bbox 1455 2220 1615 2276; x_wconf 90' lang='lat' dir='ltr'>illam</span> <span class='ocrx_word' id='word_1_161' title='bbox 1648 2221 1881 2292; x_wconf 80' lang='lat' dir='ltr'>longius</span> <span class='ocrx_word' id='word_1_162' title='bbox 1914 2238 2102 2276; x_wconf 89' lang='lat' dir='ltr'>recor-</span> 
     </span>
    </p>
   </div>
   <div class='ocr_carea' id='block_1_25' title="bbox 456 2309 2105 2382">
    <p class='ocr_par' dir='ltr' id='par_1_25' title="bbox 456 2309 2105 2382">
     <span class='ocr_line' id='line_1_25' title="bbox 456 2309 2105 2382; baseline -0.001 -18"><span class='ocrx_word' id='word_1_163' title='bbox 456 2309 693 2381; x_wconf 87' lang='lat' dir='ltr'>dari),in</span> <span class='ocrx_word' id='word_1_164' title='bbox 726 2314 1002 2382; x_wconf 92' lang='lat' dir='ltr'>quartum</span> <span class='ocrx_word' id='word_1_165' title='bbox 1036 2310 1362 2365; x_wconf 87' lang='lat' dir='ltr'>necessario</span> <span class='ocrx_word' id='word_1_166' title='bbox 1393 2311 1745 2380; x_wconf 90' lang='lat' dir='ltr'>incidemus,</span> <span class='ocrx_word' id='word_1_167' title='bbox 1770 2314 1834 2364; x_wconf 89' lang='lat' dir='ltr'>ut</span> <span class='ocrx_word' id='word_1_168' title='bbox 1863 2310 2105 2382; x_wconf 89' lang='lat' dir='ltr'>polliciti</span> 
     </span>
    </p>
   </div>
   <div class='ocr_carea' id='block_1_26' title="bbox 455 2397 2107 2471">
    <p class='ocr_par' dir='ltr' id='par_1_26' title="bbox 455 2397 2107 2471">
     <span class='ocr_line' id='line_1_26' title="bbox 455 2397 2107 2471; baseline -0.001 -16"><span class='ocrx_word' id='word_1_169' title='bbox 455 2406 749 2465; x_wconf 86' lang='lat' dir='ltr'>sumus,et</span> <span class='ocrx_word' id='word_1_170' title='bbox 779 2399 1169 2471; x_wconf 88' lang='lat' dir='ltr'>inquiremus,</span> <span class='ocrx_word' id='word_1_171' title='bbox 1190 2415 1261 2454; x_wconf 89' lang='lat' dir='ltr'>an</span> <span class='ocrx_word' id='word_1_172' title='bbox 1295 2399 1513 2471; x_wconf 92' lang='lat' dir='ltr'>aliquid</span> <span class='ocrx_word' id='word_1_173' title='bbox 1545 2399 1682 2454; x_wconf 89' lang='lat' dir='ltr'>boni</span> <span class='ocrx_word' id='word_1_174' title='bbox 1715 2399 1988 2454; x_wconf 81' lang='lat' dir='ltr'>facientes</span> <span class='ocrx_word' id='word_1_175' title='bbox 2017 2397 2107 2454; x_wconf 87' lang='lat' dir='ltr'>vel</span> 
     </span>
    </p>
   </div>
   <div class='ocr_carea' id='block_1_27' title="bbox 455 2488 2106 2559">
    <p class='ocr_par' dir='ltr' id='par_1_27' title="bbox 455 2488 2106 2559">
     <span class='ocr_line' id='line_1_27' title="bbox 455 2488 2106 2559; baseline 0 -17"><span class='ocrx_word' id='word_1_176' title='bbox 455 2488 729 2543; x_wconf 89' lang='lat' dir='ltr'>docentes</span> <span class='ocrx_word' id='word_1_177' title='bbox 761 2505 878 2543; x_wconf 92' lang='lat' dir='ltr'>non</span> <span class='ocrx_word' id='word_1_178' title='bbox 907 2488 1187 2559; x_wconf 90' lang='lat' dir='ltr'>pudorem</span> <span class='ocrx_word' id='word_1_179' title='bbox 1217 2488 1666 2544; x_wconf 86' lang='lat' dir='ltr'>excitaverimus</span> <span class='ocrx_word' id='word_1_180' title='bbox 1689 2505 1891 2544; x_wconf 91' lang='lat' dir='ltr'>eorum</span> <span class='ocrx_word' id='word_1_181' title='bbox 1910 2488 2011 2559; x_wconf 92' lang='lat' dir='ltr'>qui</span> <span class='ocrx_word' id='word_1_182' title='bbox 2034 2489 2106 2543; x_wconf 91' lang='lat' dir='ltr'>ad</span> 
     </span>
    </p>
   </div>
   <div class='ocr_carea' id='block_1_28' title="bbox 455 2576 2110 2649">
    <p class='ocr_par' dir='ltr' id='par_1_28' title="bbox 455 2576 2110 2649">
     <span class='ocr_line' id='line_1_28' title="bbox 455 2576 2110 2649; baseline 0.001 -17"><span class='ocrx_word' id='word_1_183' title='bbox 455 2576 832 2649; x_wconf 89' lang='lat' dir='ltr'>disciplinam</span> <span class='ocrx_word' id='word_1_184' title='bbox 865 2577 1034 2632; x_wconf 89' lang='lat' dir='ltr'>nobis</span> <span class='ocrx_word' id='word_1_185' title='bbox 1065 2577 1268 2632; x_wconf 90' lang='lat' dir='ltr'>crediti</span> <span class='ocrx_word' id='word_1_186' title='bbox 1291 2577 1646 2649; x_wconf 88' lang='lat' dir='ltr'>sunt.Etego</span> <span class='ocrx_word' id='word_1_187' title='bbox 1665 2576 1901 2649; x_wconf 88' lang='lat' dir='ltr'>quidem</span> <span class='ocrx_word' id='word_1_188' title='bbox 1921 2577 2110 2633; x_wconf 89' lang='lat' dir='ltr'>multa</span> 
     </span>
    </p>
   </div>
   <div class='ocr_carea' id='block_1_29' title="bbox 459 2665 2108 2738">
    <p class='ocr_par' dir='ltr' id='par_1_29' title="bbox 459 2665 2108 2738">
     <span class='ocr_line' id='line_1_29' title="bbox 459 2665 2108 2738; baseline -0.001 -16"><span class='ocrx_word' id='word_1_189' title='bbox 459 2683 555 2722; x_wconf 90' lang='lat' dir='ltr'>me</span> <span class='ocrx_word' id='word_1_190' title='bbox 584 2665 793 2722; x_wconf 82' lang='lat' dir='ltr'>fecisse</span> <span class='ocrx_word' id='word_1_191' title='bbox 822 2670 878 2721; x_wconf 91' lang='lat' dir='ltr'>et</span> <span class='ocrx_word' id='word_1_192' title='bbox 906 2666 978 2721; x_wconf 88' lang='lat' dir='ltr'>ad</span> <span class='ocrx_word' id='word_1_193' title='bbox 1011 2665 1336 2721; x_wconf 88' lang='lat' dir='ltr'>doctrinam</span> <span class='ocrx_word' id='word_1_194' title='bbox 1370 2666 1685 2738; x_wconf 89' lang='lat' dir='ltr'>protulisse</span> <span class='ocrx_word' id='word_1_195' title='bbox 1715 2671 1887 2738; x_wconf 89' lang='lat' dir='ltr'>puto;</span> <span class='ocrx_word' id='word_1_196' title='bbox 1921 2670 1979 2722; x_wconf 88' lang='lat' dir='ltr'>et</span> <span class='ocrx_word' id='word_1_197' title='bbox 2007 2665 2108 2737; x_wconf 90' lang='lat' dir='ltr'>qui</span> 
     </span>
    </p>
   </div>
   <div class='ocr_carea' id='block_1_30' title="bbox 460 2754 2110 2827">
    <p class='ocr_par' dir='ltr' id='par_1_30' title="bbox 460 2754 2110 2827">
     <span class='ocr_line' id='line_1_30' title="bbox 460 2754 2110 2827; baseline 0.002 -20"><span class='ocrx_word' id='word_1_198' title='bbox 460 2754 586 2810; x_wconf 85' lang='lat' dir='ltr'>vult</span> <span class='ocrx_word' id='word_1_199' title='bbox 615 2770 784 2810; x_wconf 89' lang='lat' dir='ltr'>meus</span> <span class='ocrx_word' id='word_1_200' title='bbox 814 2755 1186 2810; x_wconf 89' lang='lat' dir='ltr'>adversarius</span> <span class='ocrx_word' id='word_1_201' title='bbox 1217 2771 1367 2825; x_wconf 88' lang='lat' dir='ltr'>esse,</span> <span class='ocrx_word' id='word_1_202' title='bbox 1399 2759 1570 2810; x_wconf 89' lang='lat' dir='ltr'>acuat</span> <span class='ocrx_word' id='word_1_203' title='bbox 1616 2755 1903 2827; x_wconf 78' lang='lat' dir='ltr'>linguam,</span> <span class='ocrx_word' id='word_1_204' title='bbox 1955 2755 2110 2811; x_wconf 86' lang='lat' dir='ltr'>sicut</span> 
     </span>
    </p>
   </div>
   <div class='ocr_carea' id='block_1_31' title="bbox 464 2843 2108 2914">
    <p class='ocr_par' dir='ltr' id='par_1_31' title="bbox 464 2843 2108 2914">
     <span class='ocr_line' id='line_1_31' title="bbox 464 2843 2108 2914; baseline 0.002 -18"><span class='ocrx_word' id='word_1_205' title='bbox 464 2845 523 2897; x_wconf 90' lang='lat' dir='ltr'>et</span> <span class='ocrx_word' id='word_1_206' title='bbox 578 2857 800 2906; x_wconf 89' lang='lat' dir='ltr'>ensem,</span> <span class='ocrx_word' id='word_1_207' title='bbox 833 2843 906 2897; x_wconf 92' lang='lat' dir='ltr'>ad</span> <span class='ocrx_word' id='word_1_208' title='bbox 938 2846 1230 2914; x_wconf 87' lang='lat' dir='ltr'>apertum,</span> <span class='ocrx_word' id='word_1_209' title='bbox 1261 2847 1318 2898; x_wconf 89' lang='lat' dir='ltr'>et</span> <span class='ocrx_word' id='word_1_210' title='bbox 1347 2859 1452 2914; x_wconf 86' lang='lat' dir='ltr'>ego</span> <span class='ocrx_word' id='word_1_211' title='bbox 1480 2844 1802 2899; x_wconf 87' lang='lat' dir='ltr'>obtundam</span> <span class='ocrx_word' id='word_1_212' title='bbox 1834 2860 1958 2899; x_wconf 89' lang='lat' dir='ltr'>eam</span> <span class='ocrx_word' id='word_1_213' title='bbox 1990 2861 2108 2900; x_wconf 91' lang='lat' dir='ltr'>non</span> 
     </span>
    </p>
   </div>
   <div class='ocr_carea' id='block_1_32' title="bbox 465 2929 2112 3005">
    <p class='ocr_par' dir='ltr' id='par_1_32' title="bbox 465 2929 2112 3005">
     <span class='ocr_line' id='line_1_32' title="bbox 465 2929 2112 3005; baseline 0.002 -20"><span class='ocrx_word' id='word_1_214' title='bbox 465 2929 528 2986; x_wconf 91' lang='lat' dir='ltr'>in</span> <span class='ocrx_word' id='word_1_215' title='bbox 558 2934 677 2986; x_wconf 91' lang='lat' dir='ltr'>tres</span> <span class='ocrx_word' id='word_1_216' title='bbox 705 2931 794 2986; x_wconf 92' lang='lat' dir='ltr'>vel</span> <span class='ocrx_word' id='word_1_217' title='bbox 824 2935 1074 3003; x_wconf 86' lang='lat' dir='ltr'>quatuor</span> <span class='ocrx_word' id='word_1_218' title='bbox 1103 2939 1298 3003; x_wconf 89' lang='lat' dir='ltr'>partes</span> <span class='ocrx_word' id='word_1_219' title='bbox 1327 2932 1771 3004; x_wconf 89' lang='lat' dir='ltr'>disrumpendo,</span> <span class='ocrx_word' id='word_1_220' title='bbox 1819 2933 2112 3005; x_wconf 68' lang='lat' dir='ltr'>praebente</span> 
     </span>
    </p>
   </div>
   <div class='ocr_carea' id='block_1_33' title="bbox 466 3018 2108 3092">
    <p class='ocr_par' dir='ltr' id='par_1_33' title="bbox 466 3018 2108 3092">
     <span class='ocr_line' id='line_1_33' title="bbox 466 3018 2108 3092; baseline 0.001 -18"><span class='ocrx_word' id='word_1_221' title='bbox 466 3018 583 3075; x_wconf 91' lang='lat' dir='ltr'>Deo</span> <span class='ocrx_word' id='word_1_222' title='bbox 613 3020 960 3092; x_wconf 89' lang='lat' dir='ltr'>potentiam,</span> <span class='ocrx_word' id='word_1_223' title='bbox 991 3021 1091 3076; x_wconf 89' lang='lat' dir='ltr'>sed</span> <span class='ocrx_word' id='word_1_224' title='bbox 1122 3019 1299 3076; x_wconf 89' lang='lat' dir='ltr'>etiam</span> <span class='ocrx_word' id='word_1_225' title='bbox 1331 3021 1390 3075; x_wconf 90' lang='lat' dir='ltr'>in</span> <span class='ocrx_word' id='word_1_226' title='bbox 1422 3026 1647 3076; x_wconf 88' lang='lat' dir='ltr'>atomos</span> <span class='ocrx_word' id='word_1_227' title='bbox 1705 3021 2060 3077; x_wconf 88' lang='lat' dir='ltr'>attenuando</span> <span class='ocrx_word' id='word_1_228' title='bbox 2094 3038 2108 3077; x_wconf 87' lang='lat'><strong>:</strong></span> 
     </span>
    </p>
   </div>
   <div class='ocr_carea' id='block_1_34' title="bbox 467 3107 2113 3182">
    <p class='ocr_par' dir='ltr' id='par_1_34' title="bbox 467 3107 2113 3182">
     <span class='ocr_line' id='line_1_34' title="bbox 467 3107 2113 3182; baseline 0.001 -20"><span class='ocrx_word' id='word_1_229' title='bbox 467 3123 585 3162; x_wconf 86' lang='lat' dir='ltr'>non</span> <span class='ocrx_word' id='word_1_230' title='bbox 618 3107 772 3162; x_wconf 88' lang='lat' dir='ltr'>enim</span> <span class='ocrx_word' id='word_1_231' title='bbox 806 3107 952 3162; x_wconf 90' lang='lat' dir='ltr'>mihi</span> <span class='ocrx_word' id='word_1_232' title='bbox 983 3109 1067 3165; x_wconf 81' lang='lat' dir='ltr'>sic</span> <span class='ocrx_word' id='word_1_233' title='bbox 1099 3109 1367 3164; x_wconf 88' lang='lat' dir='ltr'>inutilem</span> <span class='ocrx_word' id='word_1_234' title='bbox 1401 3125 1529 3164; x_wconf 90' lang='lat' dir='ltr'>esse</span> <span class='ocrx_word' id='word_1_235' title='bbox 1554 3126 1788 3165; x_wconf 90' lang='lat' dir='ltr'>servum</span> <span class='ocrx_word' id='word_1_236' title='bbox 1821 3112 1950 3182; x_wconf 90' lang='lat' dir='ltr'>ejus</span> <span class='ocrx_word' id='word_1_237' title='bbox 1981 3127 2113 3165; x_wconf 93' lang='lat' dir='ltr'>con-</span> 
     </span>
    </p>
   </div>
   <div class='ocr_carea' id='block_1_35' title="bbox 466 3196 2116 3269">
    <p class='ocr_par' dir='ltr' id='par_1_35' title="bbox 466 3196 2116 3269">
     <span class='ocr_line' id='line_1_35' title="bbox 466 3196 2116 3269; baseline 0.001 -17"><span class='ocrx_word' id='word_1_238' title='bbox 466 3212 699 3252; x_wconf 86' lang='lat' dir='ltr'>cessum</span> <span class='ocrx_word' id='word_1_239' title='bbox 730 3204 833 3267; x_wconf 87' lang='lat' dir='ltr'>est,</span> <span class='ocrx_word' id='word_1_240' title='bbox 867 3201 933 3252; x_wconf 89' lang='lat' dir='ltr'>ut</span> <span class='ocrx_word' id='word_1_241' title='bbox 962 3196 1342 3269; x_wconf 89' lang='lat' dir='ltr'>imperfectus</span> <span class='ocrx_word' id='word_1_242' title='bbox 1402 3199 1599 3253; x_wconf 77' lang='lat' dir='ltr'>fierem</span> <span class='ocrx_word' id='word_1_243' title='bbox 1658 3199 1730 3254; x_wconf 90' lang='lat' dir='ltr'>ad</span> <span class='ocrx_word' id='word_1_244' title='bbox 1789 3199 2006 3269; x_wconf 89' lang='lat' dir='ltr'>omnia,</span> <span class='ocrx_word' id='word_1_245' title='bbox 2057 3203 2116 3254; x_wconf 91' lang='lat' dir='ltr'>et</span> 
     </span>
    </p>
   </div>
   <div class='ocr_carea' id='block_1_36' title="bbox 465 3283 2114 3358">
    <p class='ocr_par' dir='ltr' id='par_1_36' title="bbox 465 3283 2114 3358">
     <span class='ocr_line' id='line_1_36' title="bbox 465 3283 2114 3358; baseline 0.002 -18"><span class='ocrx_word' id='word_1_246' title='bbox 465 3283 615 3341; x_wconf 89' lang='lat' dir='ltr'>nihil</span> <span class='ocrx_word' id='word_1_247' title='bbox 646 3285 739 3340; x_wconf 92' lang='lat' dir='ltr'>hic</span> <span class='ocrx_word' id='word_1_248' title='bbox 771 3285 1158 3358; x_wconf 68' lang='lat' dir='ltr'>praesentibus</span> <span class='ocrx_word' id='word_1_249' title='bbox 1187 3301 1378 3343; x_wconf 84' lang='lat' dir='ltr'>essem</span> <span class='ocrx_word' id='word_1_250' title='bbox 1412 3286 1596 3343; x_wconf 89' lang='lat' dir='ltr'>utilis.</span> <span class='ocrx_word' id='word_1_251' title='bbox 1620 3287 1680 3343; x_wconf 93' lang='lat' dir='ltr'><strong>Si</strong></span> <span class='ocrx_word' id='word_1_252' title='bbox 1705 3305 1836 3344; x_wconf 92' lang='lat' dir='ltr'>vero</span> <span class='ocrx_word' id='word_1_253' title='bbox 1865 3288 2114 3344; x_wconf 82' lang='lat' dir='ltr'>firmiter</span> 
     </span>
    </p>
   </div>
   <div class='ocr_carea' id='block_1_37' title="bbox 465 3374 2114 3448">
    <p class='ocr_par' dir='ltr' id='par_1_37' title="bbox 465 3374 2114 3448">
     <span class='ocr_line' id='line_1_37' title="bbox 465 3374 2114 3448; baseline 0.002 -19"><span class='ocrx_word' id='word_1_254' title='bbox 465 3374 528 3429; x_wconf 91' lang='lat' dir='ltr'>in</span> <span class='ocrx_word' id='word_1_255' title='bbox 592 3375 910 3430; x_wconf 88' lang='lat' dir='ltr'>certamine</span> <span class='ocrx_word' id='word_1_256' title='bbox 973 3375 1259 3432; x_wconf 89' lang='lat' dir='ltr'>contendo</span> <span class='ocrx_word' id='word_1_257' title='bbox 1316 3393 1408 3432; x_wconf 92' lang='lat' dir='ltr'>me</span> <span class='ocrx_word' id='word_1_258' title='bbox 1475 3376 1690 3448; x_wconf 83' lang='lat' dir='ltr'>duplex</span> <span class='ocrx_word' id='word_1_259' title='bbox 1762 3378 2114 3448; x_wconf 89' lang='lat' dir='ltr'>participare</span> 
     </span>
    </p>
   </div>
   <div class='ocr_carea' id='block_1_38' title="bbox 466 3463 2113 3533">
    <p class='ocr_par' dir='ltr' id='par_1_38' title="bbox 466 3463 2113 3533">
     <span class='ocr_line' id='line_1_38' title="bbox 466 3463 2113 3533; baseline 0.001 -14"><span class='ocrx_word' id='word_1_260' title='bbox 466 3463 711 3533; x_wconf 90' lang='lat' dir='ltr'>bonum,</span> <span class='ocrx_word' id='word_1_261' title='bbox 775 3463 963 3520; x_wconf 86' lang='lat' dir='ltr'>facere</span> <span class='ocrx_word' id='word_1_262' title='bbox 1028 3464 1251 3520; x_wconf 90' lang='lat' dir='ltr'>scilicet</span> <span class='ocrx_word' id='word_1_263' title='bbox 1307 3481 1373 3520; x_wconf 85' lang='lat' dir='ltr'>ac</span> <span class='ocrx_word' id='word_1_264' title='bbox 1424 3466 1650 3532; x_wconf 91' lang='lat' dir='ltr'>docere,</span> <span class='ocrx_word' id='word_1_265' title='bbox 1704 3483 1820 3521; x_wconf 90' lang='lat' dir='ltr'>non</span> <span class='ocrx_word' id='word_1_266' title='bbox 1874 3465 2113 3521; x_wconf 90' lang='lat' dir='ltr'>omnino</span> 
     </span>
    </p>
   </div>
   <div class='ocr_carea' id='block_1_39' title="bbox 470 3551 2115 3627">
    <p class='ocr_par' dir='ltr' id='par_1_39' title="bbox 470 3551 2115 3627">
     <span class='ocr_line' id='line_1_39' title="bbox 470 3551 2115 3627; baseline 0.002 -20"><span class='ocrx_word' id='word_1_267' title='bbox 470 3551 710 3608; x_wconf 92' lang='lat' dir='ltr'>cuilibet</span> <span class='ocrx_word' id='word_1_268' title='bbox 738 3553 1066 3609; x_wconf 85' lang='lat' dir='ltr'>adversanti</span> <span class='ocrx_word' id='word_1_269' title='bbox 1095 3555 1362 3609; x_wconf 88' lang='lat' dir='ltr'>cederem</span> <span class='ocrx_word' id='word_1_270' title='bbox 1396 3554 1540 3609; x_wconf 90' lang='lat' dir='ltr'>mihi</span> <span class='ocrx_word' id='word_1_271' title='bbox 1571 3571 1687 3610; x_wconf 88' lang='lat' dir='ltr'>non</span> <span class='ocrx_word' id='word_1_272' title='bbox 1718 3572 1848 3611; x_wconf 83' lang='lat' dir='ltr'>esse</span> <span class='ocrx_word' id='word_1_273' title='bbox 1890 3560 2115 3627; x_wconf 89' lang='lat' dir='ltr'>partem</span> 
     </span>
    </p>
   </div>
   <div class='ocr_carea' id='block_1_40' title="bbox 475 3642 2111 3714">
    <p class='ocr_par' dir='ltr' id='par_1_40' title="bbox 475 3642 2111 3714">
     <span class='ocr_line' id='line_1_40' title="bbox 475 3642 2111 3714; baseline 0.001 -18"><span class='ocrx_word' id='word_1_274' title='bbox 475 3657 608 3696; x_wconf 91' lang='lat' dir='ltr'>cum</span> <span class='ocrx_word' id='word_1_275' title='bbox 639 3643 1021 3714; x_wconf 90' lang='lat' dir='ltr'>operantibus</span> <span class='ocrx_word' id='word_1_276' title='bbox 1052 3648 1110 3698; x_wconf 92' lang='lat' dir='ltr'>et</span> <span class='ocrx_word' id='word_1_277' title='bbox 1140 3642 1224 3698; x_wconf 86' lang='lat' dir='ltr'>sic</span> <span class='ocrx_word' id='word_1_278' title='bbox 1279 3642 1336 3696; x_wconf 91' lang='lat' dir='ltr'>in</span> <span class='ocrx_word' id='word_1_279' title='bbox 1396 3643 1690 3714; x_wconf 90' lang='lat' dir='ltr'>operando</span> <span class='ocrx_word' id='word_1_280' title='bbox 1748 3643 2111 3699; x_wconf 90' lang='lat' dir='ltr'>docentibus.</span> 
     </span>
    </p>
   </div>
   <div class='ocr_carea' id='block_1_41' title="bbox 476 3729 2120 3803">
    <p class='ocr_par' dir='ltr' id='par_1_41' title="bbox 476 3729 2120 3803">
     <span class='ocr_line' id='line_1_41' title="bbox 476 3729 2120 3803; baseline 0.001 -17"><span class='ocrx_word' id='word_1_281' title='bbox 476 3730 586 3786; x_wconf 92' lang='lat' dir='ltr'>Ubi</span> <span class='ocrx_word' id='word_1_282' title='bbox 617 3729 773 3786; x_wconf 92' lang='lat' dir='ltr'>enim</span> <span class='ocrx_word' id='word_1_283' title='bbox 803 3730 1019 3802; x_wconf 82' lang='lat' dir='ltr'>duplex</span> <span class='ocrx_word' id='word_1_284' title='bbox 1048 3735 1155 3799; x_wconf 88' lang='lat' dir='ltr'>est,</span> <span class='ocrx_word' id='word_1_285' title='bbox 1188 3731 1269 3785; x_wconf 91' lang='lat' dir='ltr'>ibi</span> <span class='ocrx_word' id='word_1_286' title='bbox 1303 3747 1534 3802; x_wconf 91' lang='lat' dir='ltr'>quoque</span> <span class='ocrx_word' id='word_1_287' title='bbox 1565 3736 1655 3788; x_wconf 91' lang='lat' dir='ltr'>est</span> <span class='ocrx_word' id='word_1_288' title='bbox 1685 3731 1952 3803; x_wconf 81' lang='lat' dir='ltr'>simplex.</span> <span class='ocrx_word' id='word_1_289' title='bbox 2004 3732 2120 3788; x_wconf 89' lang='lat' dir='ltr'>Ita-</span> 
     </span>
    </p>
   </div>
   <div class='ocr_carea' id='block_1_42' title="bbox 481 3818 2123 3890">
    <p class='ocr_par' dir='ltr' id='par_1_42' title="bbox 481 3818 2123 3890">
     <span class='ocr_line' id='line_1_42' title="bbox 481 3818 2123 3890; baseline 0.001 -16"><span class='ocrx_word' id='word_1_290' title='bbox 481 3833 617 3890; x_wconf 88' lang='lat' dir='ltr'>que,</span> <span class='ocrx_word' id='word_1_291' title='bbox 675 3820 723 3874; x_wconf 90' lang='lat' dir='ltr'>si</span> <span class='ocrx_word' id='word_1_292' title='bbox 783 3818 1015 3875; x_wconf 82' lang='lat' dir='ltr'>fecerim</span> <span class='ocrx_word' id='word_1_293' title='bbox 1075 3836 1140 3875; x_wconf 90' lang='lat' dir='ltr'>ac</span> <span class='ocrx_word' id='word_1_294' title='bbox 1196 3821 1516 3889; x_wconf 89' lang='lat' dir='ltr'>docuerim,</span> <span class='ocrx_word' id='word_1_295' title='bbox 1557 3820 1691 3890; x_wconf 89' lang='lat' dir='ltr'>quis</span> <span class='ocrx_word' id='word_1_296' title='bbox 1721 3837 1878 3876; x_wconf 65' lang='lat' dir='ltr'>sane</span> <span class='ocrx_word' id='word_1_297' title='bbox 1911 3821 2123 3875; x_wconf 91' lang='lat' dir='ltr'>mentis</span> 
     </span>
    </p>
   </div>
   <div class='ocr_carea' id='block_1_43' title="bbox 481 3907 2126 3981">
    <p class='ocr_par' dir='ltr' id='par_1_43' title="bbox 481 3907 2126 3981">
     <span class='ocr_line' id='line_1_43' title="bbox 481 3907 2126 3981; baseline -0.001 -17"><span class='ocrx_word' id='word_1_298' title='bbox 481 3907 732 3964; x_wconf 80' lang='lat' dir='ltr'>faciendi</span> <span class='ocrx_word' id='word_1_299' title='bbox 764 3908 951 3980; x_wconf 87' lang='lat' dir='ltr'>gloria</span> <span class='ocrx_word' id='word_1_300' title='bbox 980 3925 1072 3964; x_wconf 92' lang='lat' dir='ltr'>me</span> <span class='ocrx_word' id='word_1_301' title='bbox 1101 3907 1274 3964; x_wconf 89' lang='lat' dir='ltr'>vellet</span> <span class='ocrx_word' id='word_1_302' title='bbox 1302 3909 1594 3979; x_wconf 88' lang='lat' dir='ltr'>orbatum,</span> <span class='ocrx_word' id='word_1_303' title='bbox 1645 3910 1746 3981; x_wconf 90' lang='lat' dir='ltr'>qui</span> <span class='ocrx_word' id='word_1_304' title='bbox 1799 3925 2126 3980; x_wconf 87' lang='lat' dir='ltr'>consequor</span> 
     </span>
    </p>
   </div>
   <div class='ocr_carea' id='block_1_44' title="bbox 478 3996 2125 4054">
    <p class='ocr_par' dir='ltr' id='par_1_44' title="bbox 478 3996 2125 4054">
     <span class='ocr_line' id='line_1_44' title="bbox 478 3996 2125 4054; baseline 0.002 -4"><span class='ocrx_word' id='word_1_305' title='bbox 478 4012 662 4051; x_wconf 90' lang='lat' dir='ltr'>unum</span> <span class='ocrx_word' id='word_1_306' title='bbox 693 4002 749 4051; x_wconf 90' lang='lat' dir='ltr'>et</span> <span class='ocrx_word' id='word_1_307' title='bbox 775 3996 1027 4052; x_wconf 86' lang='lat' dir='ltr'>alterum</span> <span class='ocrx_word' id='word_1_308' title='bbox 1058 3998 1348 4053; x_wconf 89' lang='lat' dir='ltr'>comitans</span> <span class='ocrx_word' id='word_1_309' title='bbox 1383 3999 1610 4054; x_wconf 86' lang='lat' dir='ltr'>fortiter</span> <span class='ocrx_word' id='word_1_310' title='bbox 1639 3999 1850 4054; x_wconf 79' lang='lat' dir='ltr'>teneo?</span> <span class='ocrx_word' id='word_1_311' title='bbox 1877 3999 1935 4053; x_wconf 88' lang='lat' dir='ltr'>Si</span> <span class='ocrx_word' id='word_1_312' title='bbox 1993 4014 2125 4054; x_wconf 85' lang='lat' dir='ltr'>vero</span> 
     </span>
    </p>
   </div>
   <div class='ocr_carea' id='block_1_45' title="bbox 478 4084 2126 4159">
    <p class='ocr_par' dir='ltr' id='par_1_45' title="bbox 478 4084 2126 4159">
     <span class='ocr_line' id='line_1_45' title="bbox 478 4084 2126 4159; baseline 0.002 -21"><span class='ocrx_word' id='word_1_313' title='bbox 478 4084 613 4155; x_wconf 81' lang='lat' dir='ltr'>quis</span> <span class='ocrx_word' id='word_1_314' title='bbox 671 4086 844 4141; x_wconf 91' lang='lat' dir='ltr'>modo</span> <span class='ocrx_word' id='word_1_315' title='bbox 895 4087 1216 4158; x_wconf 87' lang='lat' dir='ltr'>expositam</span> <span class='ocrx_word' id='word_1_316' title='bbox 1248 4086 1650 4158; x_wconf 86' lang='lat' dir='ltr'>duplicitatem</span> <span class='ocrx_word' id='word_1_317' title='bbox 1681 4087 2001 4159; x_wconf 87' lang='lat' dir='ltr'>explicans,</span> <span class='ocrx_word' id='word_1_318' title='bbox 2034 4103 2126 4143; x_wconf 90' lang='lat' dir='ltr'>res</span> 
     </span>
    </p>
   </div>
   <div class='ocr_carea' id='block_1_46' title="bbox 478 4173 2126 4246">
    <p class='ocr_par' dir='ltr' id='par_1_46' title="bbox 478 4173 2126 4246">
     <span class='ocr_line' id='line_1_46' title="bbox 478 4173 2126 4246; baseline 0.002 -19"><span class='ocrx_word' id='word_1_319' title='bbox 478 4176 712 4229; x_wconf 88' lang='lat' dir='ltr'>nostras</span> <span class='ocrx_word' id='word_1_320' title='bbox 743 4173 956 4229; x_wconf 87' lang='lat' dir='ltr'>rationi</span> <span class='ocrx_word' id='word_1_321' title='bbox 985 4173 1205 4244; x_wconf 89' lang='lat' dir='ltr'>sujicit,</span> <span class='ocrx_word' id='word_1_322' title='bbox 1235 4174 1406 4246; x_wconf 89' lang='lat' dir='ltr'>quasi</span> <span class='ocrx_word' id='word_1_323' title='bbox 1438 4191 1543 4230; x_wconf 88' lang='lat' dir='ltr'>nos</span> <span class='ocrx_word' id='word_1_324' title='bbox 1601 4177 1669 4231; x_wconf 92' lang='lat' dir='ltr'>ad</span> <span class='ocrx_word' id='word_1_325' title='bbox 1732 4177 1953 4232; x_wconf 91' lang='lat' dir='ltr'>bonum</span> <span class='ocrx_word' id='word_1_326' title='bbox 2009 4193 2126 4232; x_wconf 85' lang='lat' dir='ltr'>non</span> 
     </span>
    </p>
   </div>
   <div class='ocr_carea' id='block_1_47' title="bbox 477 4262 2125 4338">
    <p class='ocr_par' dir='ltr' id='par_1_47' title="bbox 477 4262 2125 4338">
     <span class='ocr_line' id='line_1_47' title="bbox 477 4262 2125 4338; baseline 0.002 -20"><span class='ocrx_word' id='word_1_327' title='bbox 477 4262 737 4335; x_wconf 90' lang='lat' dir='ltr'>duplicia</span> <span class='ocrx_word' id='word_1_328' title='bbox 793 4265 1225 4337; x_wconf 87' lang='lat' dir='ltr'>conjungamus</span> <span class='ocrx_word' id='word_1_329' title='bbox 1282 4266 1581 4337; x_wconf 87' lang='lat' dir='ltr'>(docentes</span> <span class='ocrx_word' id='word_1_330' title='bbox 1613 4267 1848 4338; x_wconf 89' lang='lat' dir='ltr'>quidem</span> <span class='ocrx_word' id='word_1_331' title='bbox 1881 4267 2125 4335; x_wconf 88' lang='lat' dir='ltr'>bonum,</span> 
     </span>
    </p>
   </div>
   <div class='ocr_carea' id='block_1_48' title="bbox 475 4354 2125 4426">
    <p class='ocr_par' dir='ltr' id='par_1_48' title="bbox 475 4354 2125 4426">
     <span class='ocr_line' id='line_1_48' title="bbox 475 4354 2125 4426; baseline 0.002 -19"><span class='ocrx_word' id='word_1_332' title='bbox 475 4368 590 4408; x_wconf 93' lang='lat' dir='ltr'>non</span> <span class='ocrx_word' id='word_1_333' title='bbox 623 4358 819 4408; x_wconf 90' lang='lat' dir='ltr'>autem</span> <span class='ocrx_word' id='word_1_334' title='bbox 849 4358 907 4410; x_wconf 90' lang='lat' dir='ltr'>et</span> <span class='ocrx_word' id='word_1_335' title='bbox 939 4354 1258 4425; x_wconf 83' lang='lat' dir='ltr'>facientes),</span> <span class='ocrx_word' id='word_1_336' title='bbox 1292 4355 1570 4411; x_wconf 87' lang='lat' dir='ltr'>ascendat</span> <span class='ocrx_word' id='word_1_337' title='bbox 1601 4355 1778 4411; x_wconf 89' lang='lat' dir='ltr'>etiam</span> <span class='ocrx_word' id='word_1_338' title='bbox 1812 4357 1883 4411; x_wconf 88' lang='lat' dir='ltr'>ad</span> <span class='ocrx_word' id='word_1_339' title='bbox 1917 4356 2125 4426; x_wconf 90' lang='lat' dir='ltr'>hujus-</span> 
     </span>
    </p>
   </div>
   <div class='ocr_carea' id='block_1_49' title="bbox 475 4443 2127 4515">
    <p class='ocr_par' dir='ltr' id='par_1_49' title="bbox 475 4443 2127 4515">
     <span class='ocr_line' id='line_1_49' title="bbox 475 4443 2127 4515; baseline 0.002 -18"><span class='ocrx_word' id='word_1_340' title='bbox 475 4443 633 4498; x_wconf 91' lang='lat' dir='ltr'>modi</span> <span class='ocrx_word' id='word_1_341' title='bbox 665 4448 980 4514; x_wconf 91' lang='lat' dir='ltr'>certamen,</span> <span class='ocrx_word' id='word_1_342' title='bbox 1005 4447 1063 4500; x_wconf 92' lang='lat' dir='ltr'>et</span> <span class='ocrx_word' id='word_1_343' title='bbox 1094 4444 1153 4498; x_wconf 90' lang='lat' dir='ltr'>in</span> <span class='ocrx_word' id='word_1_344' title='bbox 1186 4460 1279 4500; x_wconf 91' lang='lat' dir='ltr'>me</span> <span class='ocrx_word' id='word_1_345' title='bbox 1313 4448 1534 4515; x_wconf 89' lang='lat' dir='ltr'>spectet</span> <span class='ocrx_word' id='word_1_346' title='bbox 1565 4444 2127 4512; x_wconf 89' lang='lat' dir='ltr'>sacerdotem,malis</span> 
     </span>
    </p>
   </div>
   <div class='ocr_carea' id='block_1_50' title="bbox 476 4531 2123 4604">
    <p class='ocr_par' dir='ltr' id='par_1_50' title="bbox 476 4531 2123 4604">
     <span class='ocr_line' id='line_1_50' title="bbox 476 4531 2123 4604; baseline 0.002 -19"><span class='ocrx_word' id='word_1_347' title='bbox 476 4531 714 4602; x_wconf 90' lang='lat' dir='ltr'>quidem</span> <span class='ocrx_word' id='word_1_348' title='bbox 745 4533 1018 4589; x_wconf 89' lang='lat' dir='ltr'>omnibus</span> <span class='ocrx_word' id='word_1_349' title='bbox 1049 4533 1273 4590; x_wconf 91' lang='lat' dir='ltr'>artibus</span> <span class='ocrx_word' id='word_1_350' title='bbox 1304 4533 1565 4603; x_wconf 92' lang='lat' dir='ltr'>undique</span> <span class='ocrx_word' id='word_1_351' title='bbox 1597 4539 1959 4604; x_wconf 90' lang='lat' dir='ltr'>coopertum,</span> <span class='ocrx_word' id='word_1_352' title='bbox 2021 4534 2123 4590; x_wconf 90' lang='lat' dir='ltr'>sed</span> 
     </span>
    </p>
   </div>
   <div class='ocr_carea' id='block_1_51' title="bbox 472 4608 2197 4694">
    <p class='ocr_par' dir='ltr' id='par_1_51' title="bbox 472 4608 2197 4694">
     <span class='ocr_line' id='line_1_51' title="bbox 472 4608 2197 4694; baseline -0.002 -18"><span class='ocrx_word' id='word_1_353' title='bbox 472 4621 627 4676; x_wconf 89' lang='lat' dir='ltr'>bona</span> <span class='ocrx_word' id='word_1_354' title='bbox 685 4623 1021 4689; x_wconf 91' lang='lat' dir='ltr'>docentem;</span> <span class='ocrx_word' id='word_1_355' title='bbox 1081 4627 1140 4678; x_wconf 92' lang='lat' dir='ltr'>et</span> <span class='ocrx_word' id='word_1_356' title='bbox 1193 4638 1297 4694; x_wconf 89' lang='lat' dir='ltr'>ego</span> <span class='ocrx_word' id='word_1_357' title='bbox 1325 4622 1562 4694; x_wconf 91' lang='lat' dir='ltr'>quidem</span> <span class='ocrx_word' id='word_1_358' title='bbox 1595 4623 1814 4678; x_wconf 87' lang='lat' dir='ltr'>desisto</span> <span class='ocrx_word' id='word_1_359' title='bbox 1844 4640 2122 4678; x_wconf 88' lang='lat' dir='ltr'>concessa</span> <span class='ocrx_word' id='word_1_360' title='bbox 2150 4608 2197 4673; x_wconf 91' lang='lat' dir='ltr'><strong>D</strong></span> 
     </span>
    </p>
   </div>
   <div class='ocr_carea' id='block_1_52' title="bbox 471 4711 2121 4784">
    <p class='ocr_par' dir='ltr' id='par_1_52' title="bbox 471 4711 2121 4784">
     <span class='ocr_line' id='line_1_52' title="bbox 471 4711 2121 4784; baseline 0.002 -19"><span class='ocrx_word' id='word_1_361' title='bbox 471 4711 892 4784; x_wconf 89' lang='lat' dir='ltr'>propositione,</span> <span class='ocrx_word' id='word_1_362' title='bbox 923 4712 1079 4783; x_wconf 92' lang='lat' dir='ltr'>quod</span> <span class='ocrx_word' id='word_1_363' title='bbox 1109 4712 1264 4766; x_wconf 85' lang='lat' dir='ltr'>bona</span> <span class='ocrx_word' id='word_1_364' title='bbox 1293 4713 1532 4767; x_wconf 86' lang='lat' dir='ltr'>doceam</span> <span class='ocrx_word' id='word_1_365' title='bbox 1559 4711 1736 4767; x_wconf 88' lang='lat' dir='ltr'>simul</span> <span class='ocrx_word' id='word_1_366' title='bbox 1769 4719 1826 4767; x_wconf 90' lang='lat' dir='ltr'>et</span> <span class='ocrx_word' id='word_1_367' title='bbox 1857 4712 2121 4782; x_wconf 91' lang='lat' dir='ltr'>edocear,</span> 
     </span>
    </p>
   </div>
   <div class='ocr_carea' id='block_1_53' title="bbox 472 4799 2128 4873">
    <p class='ocr_par' dir='ltr' id='par_1_53' title="bbox 472 4799 2128 4873">
     <span class='ocr_line' id='line_1_53' title="bbox 472 4799 2128 4873; baseline 0.002 -19"><span class='ocrx_word' id='word_1_368' title='bbox 472 4799 764 4870; x_wconf 89' lang='lat' dir='ltr'>siquidem</span> <span class='ocrx_word' id='word_1_369' title='bbox 797 4802 924 4856; x_wconf 61' lang='lat' dir='ltr'>vita</span> <span class='ocrx_word' id='word_1_370' title='bbox 955 4807 1188 4872; x_wconf 88' lang='lat' dir='ltr'>tempus</span> <span class='ocrx_word' id='word_1_371' title='bbox 1217 4801 1706 4873; x_wconf 84' lang='lat' dir='ltr'>extenditur.lpse</span> <span class='ocrx_word' id='word_1_372' title='bbox 1734 4818 1866 4857; x_wconf 92' lang='lat' dir='ltr'>vero</span> <span class='ocrx_word' id='word_1_373' title='bbox 1887 4803 2128 4857; x_wconf 90' lang='lat' dir='ltr'>demon-</span> 
     </span>
    </p>
   </div>
   <div class='ocr_carea' id='block_1_54' title="bbox 469 4889 2121 4962">
    <p class='ocr_par' dir='ltr' id='par_1_54' title="bbox 469 4889 2121 4962">
     <span class='ocr_line' id='line_1_54' title="bbox 469 4889 2121 4962; baseline 0.001 -20"><span class='ocrx_word' id='word_1_374' title='bbox 469 4891 618 4943; x_wconf 89' lang='lat' dir='ltr'>stret</span> <span class='ocrx_word' id='word_1_375' title='bbox 649 4889 706 4943; x_wconf 90' lang='lat' dir='ltr'>in</span> <span class='ocrx_word' id='word_1_376' title='bbox 741 4890 886 4945; x_wconf 91' lang='lat' dir='ltr'>meis</span> <span class='ocrx_word' id='word_1_377' title='bbox 917 4890 1191 4961; x_wconf 87' lang='lat' dir='ltr'>operibus</span> <span class='ocrx_word' id='word_1_378' title='bbox 1221 4889 1600 4954; x_wconf 88' lang='lat' dir='ltr'>malitiam,ut</span> <span class='ocrx_word' id='word_1_379' title='bbox 1631 4891 1949 4962; x_wconf 87' lang='lat' dir='ltr'>perfectum</span> <span class='ocrx_word' id='word_1_380' title='bbox 1975 4890 2121 4945; x_wconf 91' lang='lat' dir='ltr'>mihi</span> 
     </span>
    </p>
   </div>
   <div class='ocr_carea' id='block_1_55' title="bbox 469 4975 2122 5050">
    <p class='ocr_par' dir='ltr' id='par_1_55' title="bbox 469 4975 2122 5050">
     <span class='ocr_line' id='line_1_55' title="bbox 469 4975 2122 5050; baseline 0.002 -19"><span class='ocrx_word' id='word_1_381' title='bbox 469 4975 691 5034; x_wconf 90' lang='lat' dir='ltr'>bonum</span> <span class='ocrx_word' id='word_1_382' title='bbox 721 4978 781 5034; x_wconf 89' lang='lat' dir='ltr'>in</span> <span class='ocrx_word' id='word_1_383' title='bbox 816 4978 1144 5046; x_wconf 87' lang='lat' dir='ltr'>dimidiam,</span> <span class='ocrx_word' id='word_1_384' title='bbox 1179 4979 1423 5050; x_wconf 89' lang='lat' dir='ltr'>redigat.</span> <span class='ocrx_word' id='word_1_385' title='bbox 1467 4979 1535 5034; x_wconf 90' lang='lat' dir='ltr'>Et</span> <span class='ocrx_word' id='word_1_386' title='bbox 1589 4980 1639 5034; x_wconf 89' lang='lat' dir='ltr'>si</span> <span class='ocrx_word' id='word_1_387' title='bbox 1697 4984 1758 5035; x_wconf 91' lang='lat' dir='ltr'>tu</span> <span class='ocrx_word' id='word_1_388' title='bbox 1824 4979 2122 5036; x_wconf 86' lang='lat' dir='ltr'>adversari</span> 
     </span>
    </p>
   </div>
   <div class='ocr_carea' id='block_1_56' title="bbox 472 5065 2120 5140">
    <p class='ocr_par' dir='ltr' id='par_1_56' title="bbox 472 5065 2120 5140">
     <span class='ocr_line' id='line_1_56' title="bbox 472 5065 2120 5140; baseline 0.002 -19"><span class='ocrx_word' id='word_1_389' title='bbox 472 5081 588 5121; x_wconf 92' lang='lat' dir='ltr'>non</span> <span class='ocrx_word' id='word_1_390' title='bbox 619 5065 797 5132; x_wconf 88' lang='lat' dir='ltr'>vales,</span> <span class='ocrx_word' id='word_1_391' title='bbox 831 5066 1125 5123; x_wconf 84' lang='lat' dir='ltr'>abduxisti</span> <span class='ocrx_word' id='word_1_392' title='bbox 1158 5067 1263 5122; x_wconf 89' lang='lat' dir='ltr'>tibi</span> <span class='ocrx_word' id='word_1_393' title='bbox 1294 5067 1696 5139; x_wconf 83' lang='lat' dir='ltr'>nigredinem;</span> <span class='ocrx_word' id='word_1_394' title='bbox 1733 5069 1782 5125; x_wconf 92' lang='lat' dir='ltr'>si</span> <span class='ocrx_word' id='word_1_395' title='bbox 1811 5086 1944 5125; x_wconf 91' lang='lat' dir='ltr'>vero</span> <span class='ocrx_word' id='word_1_396' title='bbox 1994 5085 2120 5140; x_wconf 84' lang='lat' dir='ltr'>quae</span> 
     </span>
    </p>
   </div>
   <div class='ocr_carea' id='block_1_57' title="bbox 469 5153 2119 5228">
    <p class='ocr_par' dir='ltr' id='par_1_57' title="bbox 469 5153 2119 5228">
     <span class='ocr_line' id='line_1_57' title="bbox 469 5153 2119 5228; baseline 0.002 -19"><span class='ocrx_word' id='word_1_397' title='bbox 469 5153 692 5210; x_wconf 85' lang='lat' dir='ltr'>faciunt</span> <span class='ocrx_word' id='word_1_398' title='bbox 723 5156 792 5211; x_wconf 90' lang='lat' dir='ltr'>ad</span> <span class='ocrx_word' id='word_1_399' title='bbox 826 5155 1388 5213; x_wconf 89' lang='lat' dir='ltr'>demonstrationem</span> <span class='ocrx_word' id='word_1_400' title='bbox 1421 5160 1607 5228; x_wconf 86' lang='lat' dir='ltr'>potes,</span> <span class='ocrx_word' id='word_1_401' title='bbox 1638 5162 1777 5213; x_wconf 93' lang='lat' dir='ltr'>tunc</span> <span class='ocrx_word' id='word_1_402' title='bbox 1808 5159 2119 5214; x_wconf 87' lang='lat' dir='ltr'>adversum</span> 
     </span>
    </p>
   </div>
   <div class='ocr_carea' id='block_1_58' title="bbox 463 5243 2122 5318">
    <p class='ocr_par' dir='ltr' id='par_1_58' title="bbox 463 5243 2122 5318">
     <span class='ocr_line' id='line_1_58' title="bbox 463 5243 2122 5318; baseline 0.003 -20"><span class='ocrx_word' id='word_1_403' title='bbox 463 5246 521 5300; x_wconf 89' lang='lat' dir='ltr'>te</span> <span class='ocrx_word' id='word_1_404' title='bbox 578 5243 874 5316; x_wconf 89' lang='lat' dir='ltr'>judicium</span> <span class='ocrx_word' id='word_1_405' title='bbox 963 5245 1216 5316; x_wconf 85' lang='lat' dir='ltr'>proferet</span> <span class='ocrx_word' id='word_1_406' title='bbox 1299 5261 1532 5301; x_wconf 89' lang='lat' dir='ltr'>sacrum</span> <span class='ocrx_word' id='word_1_407' title='bbox 1599 5246 1999 5318; x_wconf 86' lang='lat' dir='ltr'>Evangelium,</span> <span class='ocrx_word' id='word_1_408' title='bbox 2067 5254 2122 5303; x_wconf 88' lang='lat' dir='ltr'>et</span> 
     </span>
    </p>
   </div>
   <div class='ocr_carea' id='block_1_59' title="bbox 462 5333 2118 5407">
    <p class='ocr_par' dir='ltr' id='par_1_59' title="bbox 462 5333 2118 5407">
     <span class='ocr_line' id='line_1_59' title="bbox 462 5333 2118 5407; baseline 0.001 -18"><span class='ocrx_word' id='word_1_409' title='bbox 462 5333 838 5405; x_wconf 80' lang='lat' dir='ltr'>exprobrabit</span> <span class='ocrx_word' id='word_1_410' title='bbox 868 5333 1249 5402; x_wconf 86' lang='lat' dir='ltr'>tibi,diversis</span> <span class='ocrx_word' id='word_1_411' title='bbox 1273 5334 1342 5388; x_wconf 89' lang='lat' dir='ltr'>de</span> <span class='ocrx_word' id='word_1_412' title='bbox 1373 5334 1654 5401; x_wconf 87' lang='lat' dir='ltr'>causis,et</span> <span class='ocrx_word' id='word_1_413' title='bbox 1675 5351 1740 5390; x_wconf 91' lang='lat' dir='ltr'>eo</span> <span class='ocrx_word' id='word_1_414' title='bbox 1760 5335 1915 5406; x_wconf 91' lang='lat' dir='ltr'>quod</span> <span class='ocrx_word' id='word_1_415' title='bbox 1948 5351 2118 5407; x_wconf 92' lang='lat' dir='ltr'>opor-</span> 
     </span>
    </p>
   </div>
   <div class='ocr_carea' id='block_1_60' title="bbox 464 5422 2118 5495">
    <p class='ocr_par' dir='ltr' id='par_1_60' title="bbox 464 5422 2118 5495">
     <span class='ocr_line' id='line_1_60' title="bbox 464 5422 2118 5495; baseline 0.002 -19"><span class='ocrx_word' id='word_1_416' title='bbox 464 5422 628 5479; x_wconf 90' lang='lat' dir='ltr'>tebat</span> <span class='ocrx_word' id='word_1_417' title='bbox 655 5426 712 5478; x_wconf 89' lang='lat' dir='ltr'>te</span> <span class='ocrx_word' id='word_1_418' title='bbox 742 5427 952 5478; x_wconf 90' lang='lat' dir='ltr'>cuncta</span> <span class='ocrx_word' id='word_1_419' title='bbox 979 5439 1107 5495; x_wconf 68' lang='lat' dir='ltr'>quae</span> <span class='ocrx_word' id='word_1_420' title='bbox 1135 5439 1240 5495; x_wconf 85' lang='lat' dir='ltr'>ego</span> <span class='ocrx_word' id='word_1_421' title='bbox 1291 5423 1468 5478; x_wconf 90' lang='lat' dir='ltr'>doceo</span> <span class='ocrx_word' id='word_1_422' title='bbox 1529 5423 1738 5492; x_wconf 84' lang='lat' dir='ltr'>facere,</span> <span class='ocrx_word' id='word_1_423' title='bbox 1799 5440 1929 5480; x_wconf 88' lang='lat' dir='ltr'>mea</span> <span class='ocrx_word' id='word_1_424' title='bbox 1982 5441 2118 5480; x_wconf 87' lang='lat' dir='ltr'>vero</span> 
     </span>
    </p>
   </div>
   <div class='ocr_carea' id='block_1_61' title="bbox 468 5512 2116 5586">
    <p class='ocr_par' dir='ltr' id='par_1_61' title="bbox 468 5512 2116 5586">
     <span class='ocr_line' id='line_1_61' title="bbox 468 5512 2116 5586; baseline 0.001 -19"><span class='ocrx_word' id='word_1_425' title='bbox 468 5529 645 5583; x_wconf 90' lang='lat' dir='ltr'>opera</span> <span class='ocrx_word' id='word_1_426' title='bbox 696 5529 813 5568; x_wconf 91' lang='lat' dir='ltr'>non</span> <span class='ocrx_word' id='word_1_427' title='bbox 875 5512 1452 5569; x_wconf 63' lang='lat' dir='ltr'>imitari.Pr&amp;scribit</span> <span class='ocrx_word' id='word_1_428' title='bbox 1483 5518 1681 5569; x_wconf 88' lang='lat' dir='ltr'>autem</span> <span class='ocrx_word' id='word_1_429' title='bbox 1713 5513 1820 5570; x_wconf 88' lang='lat' dir='ltr'>tibi</span> <span class='ocrx_word' id='word_1_430' title='bbox 1851 5529 2116 5586; x_wconf 87' lang='lat' dir='ltr'>arguere,</span> 
     </span>
    </p>
   </div>
   <div class='ocr_carea' id='block_1_62' title="bbox 466 5599 2120 5675">
    <p class='ocr_par' dir='ltr' id='par_1_62' title="bbox 466 5599 2120 5675">
     <span class='ocr_line' id='line_1_62' title="bbox 466 5599 2120 5675; baseline 0.002 -21"><span class='ocrx_word' id='word_1_431' title='bbox 466 5605 524 5654; x_wconf 90' lang='lat' dir='ltr'>et</span> <span class='ocrx_word' id='word_1_432' title='bbox 554 5599 999 5672; x_wconf 83' lang='lat' dir='ltr'>reprehendere,</span> <span class='ocrx_word' id='word_1_433' title='bbox 1033 5606 1088 5656; x_wconf 91' lang='lat' dir='ltr'>et</span> <span class='ocrx_word' id='word_1_434' title='bbox 1119 5600 1430 5668; x_wconf 83' lang='lat' dir='ltr'>exhortari,</span> <span class='ocrx_word' id='word_1_435' title='bbox 1463 5605 1519 5657; x_wconf 84' lang='lat' dir='ltr'>et</span> <span class='ocrx_word' id='word_1_436' title='bbox 1574 5603 1658 5658; x_wconf 88' lang='lat' dir='ltr'>sic</span> <span class='ocrx_word' id='word_1_437' title='bbox 1713 5620 1837 5675; x_wconf 66' lang='lat' dir='ltr'>quae</span> <span class='ocrx_word' id='word_1_438' title='bbox 1897 5603 2120 5658; x_wconf 89' lang='lat' dir='ltr'>ducunt</span> 
     </span>
    </p>
   </div>
   <div class='ocr_carea' id='block_1_63' title="bbox 466 5689 2118 5763">
    <p class='ocr_par' dir='ltr' id='par_1_63' title="bbox 466 5689 2118 5763">
     <span class='ocr_line' id='line_1_63' title="bbox 466 5689 2118 5763; baseline 0.004 -21"><span class='ocrx_word' id='word_1_439' title='bbox 466 5689 538 5743; x_wconf 90' lang='lat' dir='ltr'>ad</span> <span class='ocrx_word' id='word_1_440' title='bbox 609 5704 798 5746; x_wconf 91' lang='lat' dir='ltr'>meam</span> <span class='ocrx_word' id='word_1_441' title='bbox 862 5689 1278 5747; x_wconf 88' lang='lat' dir='ltr'>correctionem</span> <span class='ocrx_word' id='word_1_442' title='bbox 1339 5689 1664 5763; x_wconf 88' lang='lat' dir='ltr'>adhibere,</span> <span class='ocrx_word' id='word_1_443' title='bbox 1733 5709 1850 5750; x_wconf 90' lang='lat' dir='ltr'>non</span> <span class='ocrx_word' id='word_1_444' title='bbox 1919 5695 2118 5750; x_wconf 88' lang='lat' dir='ltr'>tamen</span> 
     </span>
    </p>
   </div>
   <div class='ocr_carea' id='block_1_64' title="bbox 2143 3253 2186 3322">
    <p class='ocr_par' dir='ltr' id='par_1_64' title="bbox 2143 3253 2186 3322">
     <span class='ocr_line' id='line_1_64' title="bbox 2143 3253 2186 3322; baseline 0 0"><span class='ocrx_word' id='word_1_445' title='bbox 2143 3253 2186 3322; x_wconf 89' lang='lat' dir='ltr'>C</span> 
     </span>
    </p>
   </div>
   <div class='ocr_carea' id='block_1_65' title="bbox 2203 576 3859 657">
    <p class='ocr_par' dir='ltr' id='par_1_65' title="bbox 2203 576 3859 657">
     <span class='ocr_line' id='line_1_65' title="bbox 2203 576 3859 657; baseline -0.003 -19"><span class='ocrx_word' id='word_1_446' title='bbox 2203 584 2266 638; x_wconf 88' lang='grc' dir='ltr'>τὸ</span> <span class='ocrx_word' id='word_1_447' title='bbox 2313 577 2569 657; x_wconf 79' lang='grc' dir='ltr'><strong>ἔγκλημα</strong></span> <span class='ocrx_word' id='word_1_448' title='bbox 2618 587 2804 640; x_wconf 80' lang='grc' dir='ltr'>τοῦτο.</span> <span class='ocrx_word' id='word_1_449' title='bbox 2854 581 2927 636; x_wconf 84' lang='grc' dir='ltr'><strong>Ού</strong></span> <span class='ocrx_word' id='word_1_450' title='bbox 2977 582 3076 657; x_wconf 76' lang='grc' dir='ltr'><strong>γὰρ</strong></span> <span class='ocrx_word' id='word_1_451' title='bbox 3125 580 3184 636; x_wconf 82' lang='grc' dir='ltr'><strong>ἄν</strong></span> <span class='ocrx_word' id='word_1_452' title='bbox 3218 603 3322 650; x_wconf 89' lang='grc' dir='ltr'><strong>τις,</strong></span> <span class='ocrx_word' id='word_1_453' title='bbox 3376 576 3499 635; x_wconf 71' lang='grc' dir='ltr'><strong>οὔτε</strong></span> <span class='ocrx_word' id='word_1_454' title='bbox 3541 579 3610 634; x_wconf 79' lang='grc' dir='ltr'>τὰ</span> <span class='ocrx_word' id='word_1_455' title='bbox 3660 580 3859 653; x_wconf 78' lang='grc' dir='ltr'><strong>ἱμάτια</strong></span> 
     </span>
    </p>
   </div>
   <div class='ocr_carea' id='block_1_66' title="bbox 2207 666 3858 747">
    <p class='ocr_par' dir='ltr' id='par_1_66' title="bbox 2207 666 3858 747">
     <span class='ocr_line' id='line_1_66' title="bbox 2207 666 3858 747; baseline -0.001 -21"><span class='ocrx_word' id='word_1_456' title='bbox 2207 669 2520 747; x_wconf 62' lang='grc' dir='ltr'><strong>διαρρήξας,</strong></span> <span class='ocrx_word' id='word_1_457' title='bbox 2554 669 2677 727; x_wconf 67' lang='grc' dir='ltr'><strong>οὔτε</strong></span> <span class='ocrx_word' id='word_1_458' title='bbox 2717 673 2815 741; x_wconf 73' lang='grc' dir='ltr'><strong>τὴν</strong></span> <span class='ocrx_word' id='word_1_459' title='bbox 2865 670 3107 747; x_wconf 72' lang='grc' dir='ltr'><strong>κεφαλὴν</strong></span> <span class='ocrx_word' id='word_1_460' title='bbox 3157 672 3447 746; x_wconf 79' lang='grc' dir='ltr'>γυμνώσας</span> <span class='ocrx_word' id='word_1_461' title='bbox 3490 666 3614 724; x_wconf 67' lang='grc' dir='ltr'><strong>οὔτε</strong></span> <span class='ocrx_word' id='word_1_462' title='bbox 3659 670 3725 724; x_wconf 82' lang='grc' dir='ltr'>τὸ</span> <span class='ocrx_word' id='word_1_463' title='bbox 3761 670 3858 743; x_wconf 76' lang='grc' dir='ltr'>μὲ-</span> 
     </span>
    </p>
   </div>
   <div class='ocr_carea' id='block_1_67' title="bbox 2203 755 3861 835">
    <p class='ocr_par' dir='ltr' id='par_1_67' title="bbox 2203 755 3861 835">
     <span class='ocr_line' id='line_1_67' title="bbox 2203 755 3861 835; baseline -0.001 -21"><span class='ocrx_word' id='word_1_464' title='bbox 2203 781 2385 815; x_wconf 90' lang='grc' dir='ltr'><strong>τωπον</strong></span> <span class='ocrx_word' id='word_1_465' title='bbox 2447 762 2929 835; x_wconf 79' lang='grc' dir='ltr'><strong>παρατριψάμενος</strong></span> <span class='ocrx_word' id='word_1_466' title='bbox 2963 807 2978 833; x_wconf 89' lang='grc'>,</span> <span class='ocrx_word' id='word_1_467' title='bbox 3037 757 3162 815; x_wconf 72' lang='grc' dir='ltr'><strong>οὐδὲ</strong></span> <span class='ocrx_word' id='word_1_468' title='bbox 3222 761 3329 833; x_wconf 70' lang='grc' dir='ltr'><strong>μὴν</strong></span> <span class='ocrx_word' id='word_1_469' title='bbox 3383 755 3861 832; x_wconf 86' lang='grc' dir='ltr'><strong>ἀναιδευσάμενος,</strong></span> 
     </span>
    </p>
   </div>
   <div class='ocr_carea' id='block_1_68' title="bbox 2208 843 3864 925">
    <p class='ocr_par' dir='ltr' id='par_1_68' title="bbox 2208 843 3864 925">
     <span class='ocr_line' id='line_1_68' title="bbox 2208 843 3864 925; baseline -0.001 -22"><span class='ocrx_word' id='word_1_470' title='bbox 2208 848 2503 925; x_wconf 75' lang='grc' dir='ltr'><strong>ἐπικαλὲσῃ</strong></span> <span class='ocrx_word' id='word_1_471' title='bbox 2563 853 2699 922; x_wconf 71' lang='grc' dir='ltr'><strong>ἡμῖν</strong></span> <span class='ocrx_word' id='word_1_472' title='bbox 2752 847 2874 905; x_wconf 62' lang='grc' dir='ltr'><strong>οὔτε</strong></span> <span class='ocrx_word' id='word_1_473' title='bbox 2919 850 2983 905; x_wconf 90' lang='grc' dir='ltr'>τὸ</span> <span class='ocrx_word' id='word_1_474' title='bbox 3029 853 3318 925; x_wconf 83' lang='grc' dir='ltr'><strong>προσεχῶς</strong></span> <span class='ocrx_word' id='word_1_475' title='bbox 3376 843 3700 916; x_wconf 78' lang='grc' dir='ltr'><strong>ἀπόϐλητον</strong></span> <span class='ocrx_word' id='word_1_476' title='bbox 3757 869 3864 902; x_wconf 80' lang='grc' dir='ltr'><strong>κα-</strong></span> 
     </span>
    </p>
   </div>
   <div class='ocr_carea' id='block_1_69' title="bbox 2205 933 3860 1015">
    <p class='ocr_par' dir='ltr' id='par_1_69' title="bbox 2205 933 3860 1015">
     <span class='ocr_line' id='line_1_69' title="bbox 2205 933 3860 1015; baseline -0.002 -21"><span class='ocrx_word' id='word_1_477' title='bbox 2205 939 2454 1008; x_wconf 76' lang='grc' dir='ltr'>κὸν,τήν</span> <span class='ocrx_word' id='word_1_478' title='bbox 2513 935 2568 994; x_wconf 78' lang='grc' dir='ltr'>ἕν</span> <span class='ocrx_word' id='word_1_479' title='bbox 2615 961 2674 994; x_wconf 89' lang='grc' dir='ltr'>τε</span> <span class='ocrx_word' id='word_1_480' title='bbox 2727 938 2978 1015; x_wconf 76' lang='grc' dir='ltr'>πράξεσιν</span> <span class='ocrx_word' id='word_1_481' title='bbox 3039 934 3093 993; x_wconf 76' lang='grc' dir='ltr'>ἕν</span> <span class='ocrx_word' id='word_1_482' title='bbox 3148 959 3207 993; x_wconf 90' lang='grc' dir='ltr'>τε</span> <span class='ocrx_word' id='word_1_483' title='bbox 3263 936 3448 1013; x_wconf 84' lang='grc' dir='ltr'>λόγοις</span> <span class='ocrx_word' id='word_1_484' title='bbox 3507 933 3860 1008; x_wconf 85' lang='grc' dir='ltr'><strong>δαιμονιώδη</strong></span> 
     </span>
    </p>
   </div>
   <div class='ocr_carea' id='block_1_70' title="bbox 2208 1023 3861 1104">
    <p class='ocr_par' dir='ltr' id='par_1_70' title="bbox 2208 1023 3861 1104">
     <span class='ocr_line' id='line_1_70' title="bbox 2208 1023 3861 1104; baseline -0.002 -22"><span class='ocrx_word' id='word_1_485' title='bbox 2208 1025 2734 1104; x_wconf 73' lang='grc' dir='ltr'><strong>ἑτεροδιδασκαλίαν,</strong></span> <span class='ocrx_word' id='word_1_486' title='bbox 2794 1025 2919 1082; x_wconf 69' lang='grc' dir='ltr'><strong>οὐδὲ</strong></span> <span class='ocrx_word' id='word_1_487' title='bbox 2979 1028 3107 1101; x_wconf 75' lang='grc' dir='ltr'><strong>μὴν,</strong></span> <span class='ocrx_word' id='word_1_488' title='bbox 3161 1027 3235 1088; x_wconf 84' lang='grc' dir='ltr'><strong>ὡς</strong></span> <span class='ocrx_word' id='word_1_489' title='bbox 3293 1023 3417 1081; x_wconf 65' lang='grc' dir='ltr'><strong>οὔτε</strong></span> <span class='ocrx_word' id='word_1_490' title='bbox 3471 1024 3811 1097; x_wconf 73' lang='grc' dir='ltr'>ἐποιήσαμεν</span> <span class='ocrx_word' id='word_1_491' title='bbox 3846 1070 3861 1093; x_wconf 94' lang='grc'>,</span> 
     </span>
    </p>
   </div>
   <div class='ocr_carea' id='block_1_71' title="bbox 2209 1112 3864 1192">
    <p class='ocr_par' dir='ltr' id='par_1_71' title="bbox 2209 1112 3864 1192">
     <span class='ocr_line' id='line_1_71' title="bbox 2209 1112 3864 1192; baseline -0.002 -20"><span class='ocrx_word' id='word_1_492' title='bbox 2209 1117 2330 1172; x_wconf 74' lang='grc' dir='ltr'><strong>οὕτε</strong></span> <span class='ocrx_word' id='word_1_493' title='bbox 2377 1115 2691 1191; x_wconf 79' lang='grc' dir='ltr'>ἐδιδάξαμεν</span> <span class='ocrx_word' id='word_1_494' title='bbox 2734 1118 2932 1192; x_wconf 82' lang='grc' dir='ltr'><strong>ἀγαθὸν</strong></span> <span class='ocrx_word' id='word_1_495' title='bbox 2966 1114 3122 1171; x_wconf 70' lang='grc' dir='ltr'><strong>οὐδὲν</strong></span> <span class='ocrx_word' id='word_1_496' title='bbox 3177 1113 3228 1170; x_wconf 77' lang='grc' dir='ltr'><strong>ἐν</strong></span> <span class='ocrx_word' id='word_1_497' title='bbox 3258 1121 3374 1177; x_wconf 85' lang='grc' dir='ltr'>τοῖς</span> <span class='ocrx_word' id='word_1_498' title='bbox 3399 1117 3516 1179; x_wconf 85' lang='grc' dir='ltr'><strong>καθ’</strong></span> <span class='ocrx_word' id='word_1_499' title='bbox 3547 1117 3699 1188; x_wconf 81' lang='grc' dir='ltr'><strong>ἡμᾶς</strong></span> <span class='ocrx_word' id='word_1_500' title='bbox 3730 1112 3864 1184; x_wconf 81' lang='grc' dir='ltr'><strong>ὦδε,</strong></span> 
     </span>
    </p>
   </div>
   <div class='ocr_carea' id='block_1_72' title="bbox 2212 1202 3862 1284">
    <p class='ocr_par' dir='ltr' id='par_1_72' title="bbox 2212 1202 3862 1284">
     <span class='ocr_line' id='line_1_72' title="bbox 2212 1202 3862 1284; baseline -0.002 -24"><span class='ocrx_word' id='word_1_501' title='bbox 2212 1205 2468 1281; x_wconf 80' lang='grc' dir='ltr'><strong>ὀκνηρίας</strong></span> <span class='ocrx_word' id='word_1_502' title='bbox 2525 1206 2559 1275; x_wconf 74' lang='grc' dir='ltr'><strong>ἢ</strong></span> <span class='ocrx_word' id='word_1_503' title='bbox 2617 1207 2853 1280; x_wconf 80' lang='grc' dir='ltr'>ἀμαθίας</span> <span class='ocrx_word' id='word_1_504' title='bbox 2911 1203 3086 1284; x_wconf 86' lang='grc' dir='ltr'><strong>λόγῳ,</strong></span> <span class='ocrx_word' id='word_1_505' title='bbox 3144 1205 3180 1275; x_wconf 77' lang='grc' dir='ltr'>ἢ</span> <span class='ocrx_word' id='word_1_506' title='bbox 3237 1206 3355 1269; x_wconf 81' lang='grc' dir='ltr'><strong>καθ’</strong></span> <span class='ocrx_word' id='word_1_507' title='bbox 3416 1203 3623 1280; x_wconf 72' lang='grc' dir='ltr'><strong>ἒτίραν,</strong></span> <span class='ocrx_word' id='word_1_508' title='bbox 3679 1205 3746 1273; x_wconf 78' lang='grc' dir='ltr'>ἦν</span> <span class='ocrx_word' id='word_1_509' title='bbox 3799 1202 3862 1257; x_wconf 80' lang='grc' dir='ltr'><strong>ἃν</strong></span> 
     </span>
    </p>
   </div>
   <div class='ocr_carea' id='block_1_73' title="bbox 2208 1289 3865 1372">
    <p class='ocr_par' dir='ltr' id='par_1_73' title="bbox 2208 1289 3865 1372">
     <span class='ocr_line' id='line_1_73' title="bbox 2208 1289 3865 1372; baseline -0.002 -22"><span class='ocrx_word' id='word_1_510' title='bbox 2208 1295 2412 1372; x_wconf 75' lang='grc' dir='ltr'>ἐξεύροι</span> <span class='ocrx_word' id='word_1_511' title='bbox 2450 1317 2550 1364; x_wconf 87' lang='grc' dir='ltr'><strong>τις,</strong></span> <span class='ocrx_word' id='word_1_512' title='bbox 2601 1295 2798 1354; x_wconf 75' lang='grc' dir='ltr'><strong>αἰτίαν.</strong></span> <span class='ocrx_word' id='word_1_513' title='bbox 2844 1294 2909 1350; x_wconf 75' lang='grc' dir='ltr'>Εἰ</span> <span class='ocrx_word' id='word_1_514' title='bbox 2957 1293 3014 1350; x_wconf 74' lang='grc' dir='ltr'>δὲ</span> <span class='ocrx_word' id='word_1_515' title='bbox 3063 1316 3146 1358; x_wconf 88' lang='grc' dir='ltr'>τις</span> <span class='ocrx_word' id='word_1_516' title='bbox 3191 1289 3449 1356; x_wconf 73' lang='grc' dir='ltr'><strong>διάϐολος</strong></span> <span class='ocrx_word' id='word_1_517' title='bbox 3495 1291 3568 1347; x_wconf 82' lang='grc' dir='ltr'><strong>ὥν</strong></span> <span class='ocrx_word' id='word_1_518' title='bbox 3614 1294 3865 1366; x_wconf 80' lang='grc' dir='ltr'><strong>ἀποθρα-</strong></span> 
     </span>
    </p>
   </div>
   <div class='ocr_carea' id='block_1_74' title="bbox 2210 1379 3868 1460">
    <p class='ocr_par' dir='ltr' id='par_1_74' title="bbox 2210 1379 3868 1460">
     <span class='ocr_line' id='line_1_74' title="bbox 2210 1379 3868 1460; baseline -0.002 -22"><span class='ocrx_word' id='word_1_519' title='bbox 2210 1385 2427 1455; x_wconf 82' lang='grc' dir='ltr'><strong>συνθείη</strong></span> <span class='ocrx_word' id='word_1_520' title='bbox 2486 1386 2602 1439; x_wconf 82' lang='grc' dir='ltr'><strong>καθ’</strong></span> <span class='ocrx_word' id='word_1_521' title='bbox 2658 1387 2820 1457; x_wconf 76' lang='grc' dir='ltr'><strong>ἡμῶν</strong></span> <span class='ocrx_word' id='word_1_522' title='bbox 2877 1383 2929 1446; x_wconf 80' lang='grc' dir='ltr'>ἐς</span> <span class='ocrx_word' id='word_1_523' title='bbox 2986 1387 3242 1438; x_wconf 74' lang='grc' dir='ltr'>τοσοῦτον</span> <span class='ocrx_word' id='word_1_524' title='bbox 3303 1382 3679 1460; x_wconf 76' lang='grc' dir='ltr'>ἀποφάνσεως,</span> <span class='ocrx_word' id='word_1_525' title='bbox 3741 1379 3868 1435; x_wconf 71' lang='grc' dir='ltr'><strong>ἰδοὺ</strong></span> 
     </span>
    </p>
   </div>
   <div class='ocr_carea' id='block_1_75' title="bbox 2208 1467 3870 1548">
    <p class='ocr_par' dir='ltr' id='par_1_75' title="bbox 2208 1467 3870 1548">
     <span class='ocr_line' id='line_1_75' title="bbox 2208 1467 3870 1548; baseline -0.003 -20"><span class='ocrx_word' id='word_1_526' title='bbox 2208 1474 2420 1548; x_wconf 85' lang='grc' dir='ltr'><strong>καιρὸς,</strong></span> <span class='ocrx_word' id='word_1_527' title='bbox 2477 1473 2567 1528; x_wconf 83' lang='grc' dir='ltr'><strong>καὶ</strong></span> <span class='ocrx_word' id='word_1_528' title='bbox 2615 1472 2776 1535; x_wconf 79' lang='grc' dir='ltr'>αὐτὸς</span> <span class='ocrx_word' id='word_1_529' title='bbox 2838 1474 2931 1546; x_wconf 72' lang='grc' dir='ltr'>μὲν</span> <span class='ocrx_word' id='word_1_530' title='bbox 2990 1471 3395 1548; x_wconf 70' lang='grc' dir='ltr'><strong>καταχασκὲτω’</strong></span> <span class='ocrx_word' id='word_1_531' title='bbox 3424 1474 3588 1544; x_wconf 78' lang='grc' dir='ltr'><strong>ἡμεῖς</strong></span> <span class='ocrx_word' id='word_1_532' title='bbox 3645 1467 3706 1524; x_wconf 71' lang='grc' dir='ltr'>δὲ</span> <span class='ocrx_word' id='word_1_533' title='bbox 3757 1491 3870 1524; x_wconf 81' lang='grc' dir='ltr'>πα-</span> 
     </span>
    </p>
   </div>
   <div class='ocr_carea' id='block_1_76' title="bbox 2213 1557 3869 1638">
    <p class='ocr_par' dir='ltr' id='par_1_76' title="bbox 2213 1557 3869 1638">
     <span class='ocr_line' id='line_1_76' title="bbox 2213 1557 3869 1638; baseline -0.002 -22"><span class='ocrx_word' id='word_1_534' title='bbox 2213 1557 2515 1638; x_wconf 77' lang='grc' dir='ltr'><strong>ραϐύσομεν</strong></span> <span class='ocrx_word' id='word_1_535' title='bbox 2548 1567 2626 1634; x_wconf 79' lang='grc' dir='ltr'>τῷ</span> <span class='ocrx_word' id='word_1_536' title='bbox 2658 1563 2903 1638; x_wconf 82' lang='grc' dir='ltr'><strong>χάσματι</strong></span> <span class='ocrx_word' id='word_1_537' title='bbox 2954 1563 3022 1618; x_wconf 81' lang='grc' dir='ltr'>τὰ</span> <span class='ocrx_word' id='word_1_538' title='bbox 3067 1563 3126 1616; x_wconf 72' lang='grc' dir='ltr'><strong>ἐκ</strong></span> <span class='ocrx_word' id='word_1_539' title='bbox 3174 1559 3306 1617; x_wconf 80' lang='grc' dir='ltr'>Θεοῦ</span> <span class='ocrx_word' id='word_1_540' title='bbox 3354 1559 3744 1636; x_wconf 74' lang='grc' dir='ltr'><strong>ἐμφράγματα,</strong></span> <span class='ocrx_word' id='word_1_541' title='bbox 3779 1561 3869 1620; x_wconf 78' lang='grc' dir='ltr'>οἷς</span> 
     </span>
    </p>
   </div>
   <div class='ocr_carea' id='block_1_77' title="bbox 2209 1647 3868 1727">
    <p class='ocr_par' dir='ltr' id='par_1_77' title="bbox 2209 1647 3868 1727">
     <span class='ocr_line' id='line_1_77' title="bbox 2209 1647 3868 1727; baseline -0.002 -22"><span class='ocrx_word' id='word_1_542' title='bbox 2209 1651 2299 1705; x_wconf 85' lang='grc' dir='ltr'><strong>καὶ</strong></span> <span class='ocrx_word' id='word_1_543' title='bbox 2355 1650 2596 1725; x_wconf 80' lang='grc' dir='ltr'><strong>στόματα</strong></span> <span class='ocrx_word' id='word_1_544' title='bbox 2652 1650 2886 1706; x_wconf 86' lang='grc' dir='ltr'>λεόντων</span> <span class='ocrx_word' id='word_1_545' title='bbox 2945 1651 3086 1727; x_wconf 81' lang='grc' dir='ltr'><strong>ἀργᾶ</strong></span> <span class='ocrx_word' id='word_1_546' title='bbox 3136 1653 3334 1712; x_wconf 68' lang='grc' dir='ltr'><strong>ἐκεῖνος</strong></span> <span class='ocrx_word' id='word_1_547' title='bbox 3381 1655 3531 1705; x_wconf 87' lang='grc' dir='ltr'><strong>ποιεῖ</strong></span> <span class='ocrx_word' id='word_1_548' title='bbox 3585 1647 3868 1704; x_wconf 77' lang='grc' dir='ltr'><strong>ἀπεσθίειν</strong></span> 
     </span>
    </p>
   </div>
   <div class='ocr_carea' id='block_1_78' title="bbox 2210 1738 2958 1818">
    <p class='ocr_par' dir='ltr' id='par_1_78' title="bbox 2210 1738 2958 1818">
     <span class='ocr_line' id='line_1_78' title="bbox 2210 1738 2958 1818; baseline 0.007 -26"><span class='ocrx_word' id='word_1_549' title='bbox 2210 1738 2336 1801; x_wconf 82' lang='grc' dir='ltr'><strong>τοὺς</strong></span> <span class='ocrx_word' id='word_1_550' title='bbox 2362 1740 2760 1818; x_wconf 62' lang='grc' dir='ltr'><strong>τεθαρρηκότας</strong></span> <span class='ocrx_word' id='word_1_551' title='bbox 2789 1741 2958 1814; x_wconf 81' lang='grc' dir='ltr'><strong>αύτῷ.</strong></span> 
     </span>
    </p>
   </div>
   <div class='ocr_carea' id='block_1_79' title="bbox 2282 1861 3872 1939">
    <p class='ocr_par' dir='ltr' id='par_1_79' title="bbox 2282 1861 3872 1939">
     <span class='ocr_line' id='line_1_79' title="bbox 2282 1861 3872 1939; baseline -0.003 -19"><span class='ocrx_word' id='word_1_552' title='bbox 2282 1867 2377 1927; x_wconf 83' lang='grc' dir='ltr'><strong>κς”</strong></span> <span class='ocrx_word' id='word_1_553' title='bbox 2437 1864 2654 1934; x_wconf 89' lang='grc' dir='ltr'><strong>Ταύτης</strong></span> <span class='ocrx_word' id='word_1_554' title='bbox 2712 1861 2770 1919; x_wconf 72' lang='grc' dir='ltr'>δὲ</span> <span class='ocrx_word' id='word_1_555' title='bbox 2813 1867 2914 1934; x_wconf 77' lang='grc' dir='ltr'><strong>τῆς</strong></span> <span class='ocrx_word' id='word_1_556' title='bbox 2982 1861 3264 1939; x_wconf 80' lang='grc' dir='ltr'><strong>δισχιδοῦς</strong></span> <span class='ocrx_word' id='word_1_557' title='bbox 3319 1861 3666 1933; x_wconf 81' lang='grc' dir='ltr'><strong>φαυλότητος</strong></span> <span class='ocrx_word' id='word_1_558' title='bbox 3728 1862 3872 1916; x_wconf 77' lang='grc' dir='ltr'><strong>ὀπο-</strong></span> 
     </span>
    </p>
   </div>
   <div class='ocr_carea' id='block_1_80' title="bbox 2217 1950 3872 2034">
    <p class='ocr_par' dir='ltr' id='par_1_80' title="bbox 2217 1950 3872 2034">
     <span class='ocr_line' id='line_1_80' title="bbox 2217 1950 3872 2034; baseline -0.002 -25"><span class='ocrx_word' id='word_1_559' title='bbox 2217 1955 2564 2034; x_wconf 79' lang='grc' dir='ltr'><strong>φασκομὲνης</strong></span> <span class='ocrx_word' id='word_1_560' title='bbox 2594 1956 2780 2026; x_wconf 76' lang='grc' dir='ltr'><strong>ἡμῶν,</strong></span> <span class='ocrx_word' id='word_1_561' title='bbox 2809 1953 2878 2023; x_wconf 79' lang='grc' dir='ltr'>ἧς</span> <span class='ocrx_word' id='word_1_562' title='bbox 2928 1955 2956 2008; x_wconf 90' lang='grc' dir='ltr'>ὁ</span> <span class='ocrx_word' id='word_1_563' title='bbox 3003 1953 3170 2015; x_wconf 85' lang='grc' dir='ltr'>τόπος</span> <span class='ocrx_word' id='word_1_564' title='bbox 3201 1951 3252 2008; x_wconf 81' lang='grc' dir='ltr'>ἐν</span> <span class='ocrx_word' id='word_1_565' title='bbox 3284 1958 3401 2014; x_wconf 88' lang='grc' dir='ltr'><strong>τοῖς</strong></span> <span class='ocrx_word' id='word_1_566' title='bbox 3431 1952 3693 2026; x_wconf 82' lang='grc' dir='ltr'><strong>ἀνωτὲρω</strong></span> <span class='ocrx_word' id='word_1_567' title='bbox 3722 1950 3872 2023; x_wconf 73' lang='grc' dir='ltr'><strong>πέμ-</strong></span> 
     </span>
    </p>
   </div>
   <div class='ocr_carea' id='block_1_81' title="bbox 2214 2039 3869 2117">
    <p class='ocr_par' dir='ltr' id='par_1_81' title="bbox 2214 2039 3869 2117">
     <span class='ocr_line' id='line_1_81' title="bbox 2214 2039 3869 2117; baseline -0.004 -19"><span class='ocrx_word' id='word_1_568' title='bbox 2214 2065 2348 2105; x_wconf 88' lang='grc' dir='ltr'><strong>πτος</strong></span> <span class='ocrx_word' id='word_1_569' title='bbox 2401 2064 2484 2104; x_wconf 88' lang='grc' dir='ltr'><strong>τις</strong></span> <span class='ocrx_word' id='word_1_570' title='bbox 2540 2041 2772 2117; x_wconf 77' lang='grc' dir='ltr'><strong>ἐτάχθη,</strong></span> <span class='ocrx_word' id='word_1_571' title='bbox 2823 2042 2906 2096; x_wconf 84' lang='grc' dir='ltr'><strong>ναὶ</strong></span> <span class='ocrx_word' id='word_1_572' title='bbox 2964 2044 3073 2114; x_wconf 85' lang='grc' dir='ltr'>μήν</span> <span class='ocrx_word' id='word_1_573' title='bbox 3129 2041 3217 2096; x_wconf 83' lang='grc' dir='ltr'><strong>καὶ</strong></span> <span class='ocrx_word' id='word_1_574' title='bbox 3273 2048 3374 2110; x_wconf 80' lang='grc' dir='ltr'><strong>τῆς</strong></span> <span class='ocrx_word' id='word_1_575' title='bbox 3431 2043 3545 2113; x_wconf 87' lang='grc' dir='ltr'><strong>μετ’</strong></span> <span class='ocrx_word' id='word_1_576' title='bbox 3594 2040 3770 2109; x_wconf 73' lang='grc' dir='ltr'><strong>αὐτὴν</strong></span> <span class='ocrx_word' id='word_1_577' title='bbox 3814 2039 3869 2094; x_wconf 80' lang='grc' dir='ltr'><strong>ἐν</strong></span> 
     </span>
    </p>
   </div>
   <div class='ocr_carea' id='block_1_82' title="bbox 2214 2127 3870 2207">
    <p class='ocr_par' dir='ltr' id='par_1_82' title="bbox 2214 2127 3870 2207">
     <span class='ocr_line' id='line_1_82' title="bbox 2214 2127 3870 2207; baseline -0.003 -20"><span class='ocrx_word' id='word_1_578' title='bbox 2214 2135 2433 2207; x_wconf 73' lang='grc' dir='ltr'><strong>ἀριθμῷ</strong></span> <span class='ocrx_word' id='word_1_579' title='bbox 2461 2129 2624 2204; x_wconf 70' lang='grc' dir='ltr'><strong>ἕκτῳ,</strong></span> <span class='ocrx_word' id='word_1_580' title='bbox 2672 2133 2788 2186; x_wconf 79' lang='grc' dir='ltr'><strong>καθ’</strong></span> <span class='ocrx_word' id='word_1_581' title='bbox 2835 2133 2896 2200; x_wconf 78' lang='grc' dir='ltr'><strong>ἣν</strong></span> <span class='ocrx_word' id='word_1_582' title='bbox 2945 2127 3098 2192; x_wconf 76' lang='grc' dir='ltr'><strong>ὄντος</strong></span> <span class='ocrx_word' id='word_1_583' title='bbox 3153 2135 3250 2185; x_wconf 77' lang='grc' dir='ltr'>τοῦ</span> <span class='ocrx_word' id='word_1_584' title='bbox 3294 2128 3640 2191; x_wconf 81' lang='grc' dir='ltr'>διδάσκοντος</span> <span class='ocrx_word' id='word_1_585' title='bbox 3672 2128 3870 2184; x_wconf 75' lang='grc' dir='ltr'><strong>ἄπεστι</strong></span> 
     </span>
    </p>
   </div>
   <div class='ocr_carea' id='block_1_83' title="bbox 2213 2216 3876 2296">
    <p class='ocr_par' dir='ltr' id='par_1_83' title="bbox 2213 2216 3876 2296">
     <span class='ocr_line' id='line_1_83' title="bbox 2213 2216 3876 2296; baseline -0.003 -20"><span class='ocrx_word' id='word_1_586' title='bbox 2213 2227 2275 2277; x_wconf 80' lang='grc' dir='ltr'><em>τὸ</em></span> <span class='ocrx_word' id='word_1_587' title='bbox 2309 2219 2695 2294; x_wconf 83' lang='grc' dir='ltr'>διδασκόμενον</span> <span class='ocrx_word' id='word_1_588' title='bbox 2744 2220 2993 2292; x_wconf 78' lang='grc' dir='ltr'><strong>σύστημα</strong></span> <span class='ocrx_word' id='word_1_589' title='bbox 3039 2219 3207 2293; x_wconf 80' lang='grc' dir='ltr'><strong>(ὀκνῶ</strong></span> <span class='ocrx_word' id='word_1_590' title='bbox 3253 2219 3354 2296; x_wconf 77' lang='grc' dir='ltr'><strong>γὰρ</strong></span> <span class='ocrx_word' id='word_1_591' title='bbox 3409 2218 3486 2280; x_wconf 64' lang='lat' dir='ltr'>sic</span> <span class='ocrx_word' id='word_1_592' title='bbox 3523 2216 3699 2273; x_wconf 69' lang='grc' dir='ltr'><strong>πλέον</strong></span> <span class='ocrx_word' id='word_1_593' title='bbox 3756 2217 3876 2272; x_wconf 76' lang='grc' dir='ltr'><strong>ἐπι-</strong></span> 
     </span>
    </p>
   </div>
   <div class='ocr_carea' id='block_1_84' title="bbox 2220 2303 3879 2385">
    <p class='ocr_par' dir='ltr' id='par_1_84' title="bbox 2220 2303 3879 2385">
     <span class='ocr_line' id='line_1_84' title="bbox 2220 2303 3879 2385; baseline -0.002 -21"><span class='ocrx_word' id='word_1_594' title='bbox 2220 2317 2520 2385; x_wconf 83' lang='grc' dir='ltr'><strong>μνησθῆναι</strong></span> <span class='ocrx_word' id='word_1_595' title='bbox 2577 2309 2789 2381; x_wconf 83' lang='grc' dir='ltr'><strong>αὐτῆς),</strong></span> <span class='ocrx_word' id='word_1_596' title='bbox 2850 2303 3217 2381; x_wconf 74' lang='grc' dir='ltr'><strong>ἐπιϐαλοῢμεν</strong></span> <span class='ocrx_word' id='word_1_597' title='bbox 3288 2307 3588 2383; x_wconf 75' lang='grc' dir='ltr'><strong>ἀναγκαίως</strong></span> <span class='ocrx_word' id='word_1_598' title='bbox 3646 2311 3732 2378; x_wconf 76' lang='grc' dir='ltr'>τῷ</span> <span class='ocrx_word' id='word_1_599' title='bbox 3787 2328 3879 2361; x_wconf 89' lang='grc' dir='ltr'><strong>τε-</strong></span> 
     </span>
    </p>
   </div>
   <div class='ocr_carea' id='block_1_85' title="bbox 2213 2393 3875 2476">
    <p class='ocr_par' dir='ltr' id='par_1_85' title="bbox 2213 2393 3875 2476">
     <span class='ocr_line' id='line_1_85' title="bbox 2213 2393 3875 2476; baseline -0.001 -22"><span class='ocrx_word' id='word_1_600' title='bbox 2213 2402 2418 2476; x_wconf 86' lang='grc' dir='ltr'><strong>τάρτῳ,</strong></span> <span class='ocrx_word' id='word_1_601' title='bbox 2470 2399 2608 2463; x_wconf 79' lang='grc' dir='ltr'><strong>καθὰ</strong></span> <span class='ocrx_word' id='word_1_602' title='bbox 2657 2399 3032 2474; x_wconf 77' lang='grc' dir='ltr'><strong>ὑπεσχήμεθα,</strong></span> <span class='ocrx_word' id='word_1_603' title='bbox 3083 2399 3172 2452; x_wconf 85' lang='grc' dir='ltr'><strong>καὶ</strong></span> <span class='ocrx_word' id='word_1_604' title='bbox 3223 2395 3644 2470; x_wconf 79' lang='grc' dir='ltr'><strong>ἑπελευσόμεθα,</strong></span> <span class='ocrx_word' id='word_1_605' title='bbox 3712 2393 3770 2450; x_wconf 76' lang='grc' dir='ltr'>εἶ’</span> <span class='ocrx_word' id='word_1_606' title='bbox 3819 2397 3875 2452; x_wconf 86' lang='grc' dir='ltr'><strong>τί</strong></span> 
     </span>
    </p>
   </div>
   <div class='ocr_carea' id='block_1_86' title="bbox 2214 2483 3876 2560">
    <p class='ocr_par' dir='ltr' id='par_1_86' title="bbox 2214 2483 3876 2560">
     <span class='ocr_line' id='line_1_86' title="bbox 2214 2483 3876 2560; baseline -0.003 -16"><span class='ocrx_word' id='word_1_607' title='bbox 2214 2511 2320 2544; x_wconf 86' lang='grc' dir='ltr'>που</span> <span class='ocrx_word' id='word_1_608' title='bbox 2349 2487 2514 2543; x_wconf 87' lang='grc' dir='ltr'><strong>καλὸν</strong></span> <span class='ocrx_word' id='word_1_609' title='bbox 2566 2487 2602 2556; x_wconf 75' lang='grc' dir='ltr'><strong>ἢ</strong></span> <span class='ocrx_word' id='word_1_610' title='bbox 2649 2491 2930 2548; x_wconf 77' lang='grc' dir='ltr'><strong>ποιοῦντες</strong></span> <span class='ocrx_word' id='word_1_611' title='bbox 2960 2485 2996 2555; x_wconf 77' lang='grc' dir='ltr'><strong>ἢ</strong></span> <span class='ocrx_word' id='word_1_612' title='bbox 3030 2483 3370 2546; x_wconf 84' lang='grc' dir='ltr'>διδάσκοντες</span> <span class='ocrx_word' id='word_1_613' title='bbox 3404 2484 3466 2540; x_wconf 81' lang='grc' dir='ltr'>οὐ</span> <span class='ocrx_word' id='word_1_614' title='bbox 3512 2484 3876 2560; x_wconf 80' lang='grc' dir='ltr'><strong>κατῃσχύνα-</strong></span> 
     </span>
    </p>
   </div>
   <div class='ocr_carea' id='block_1_87' title="bbox 2220 2572 3876 2652">
    <p class='ocr_par' dir='ltr' id='par_1_87' title="bbox 2220 2572 3876 2652">
     <span class='ocr_line' id='line_1_87' title="bbox 2220 2572 3876 2652; baseline -0.003 -20"><span class='ocrx_word' id='word_1_615' title='bbox 2220 2599 2313 2652; x_wconf 89' lang='grc' dir='ltr'>μεν</span> <span class='ocrx_word' id='word_1_616' title='bbox 2373 2576 2496 2638; x_wconf 77' lang='grc' dir='ltr'><strong>τοὺς</strong></span> <span class='ocrx_word' id='word_1_617' title='bbox 2565 2576 2639 2638; x_wconf 76' lang='grc' dir='ltr'>εἷς</span> <span class='ocrx_word' id='word_1_618' title='bbox 2715 2573 3008 2648; x_wconf 80' lang='grc' dir='ltr'><strong>μαθητείαν</strong></span> <span class='ocrx_word' id='word_1_619' title='bbox 3068 2572 3598 2647; x_wconf 70' lang='grc' dir='ltr'><strong>ἐμπεπιστευμένους</strong></span> <span class='ocrx_word' id='word_1_620' title='bbox 3679 2577 3826 2645; x_wconf 85' lang='grc' dir='ltr'><strong>ἡμῖν</strong></span> <span class='ocrx_word' id='word_1_621' title='bbox 3862 2630 3876 2642; x_wconf 50' lang='grc' dir='ltr'><strong>ο</strong></span> 
     </span>
    </p>
   </div>
   <div class='ocr_carea' id='block_1_88' title="bbox 2218 2662 3880 2740">
    <p class='ocr_par' dir='ltr' id='par_1_88' title="bbox 2218 2662 3880 2740">
     <span class='ocr_line' id='line_1_88' title="bbox 2218 2662 3880 2740; baseline -0.002 -20"><span class='ocrx_word' id='word_1_622' title='bbox 2218 2665 2316 2720; x_wconf 84' lang='grc' dir='ltr'>Καὶ</span> <span class='ocrx_word' id='word_1_623' title='bbox 2349 2664 2458 2740; x_wconf 76' lang='grc' dir='ltr'>ἐγώ</span> <span class='ocrx_word' id='word_1_624' title='bbox 2492 2665 2586 2738; x_wconf 74' lang='grc' dir='ltr'>μὲν</span> <span class='ocrx_word' id='word_1_625' title='bbox 2643 2666 2798 2737; x_wconf 78' lang='grc' dir='ltr'><strong>οἶμαι</strong></span> <span class='ocrx_word' id='word_1_626' title='bbox 2856 2663 3040 2719; x_wconf 85' lang='grc' dir='ltr'><strong>πολλά</strong></span> <span class='ocrx_word' id='word_1_627' title='bbox 3097 2663 3186 2717; x_wconf 85' lang='grc' dir='ltr'><strong>καὶ</strong></span> <span class='ocrx_word' id='word_1_628' title='bbox 3235 2663 3614 2732; x_wconf 75' lang='grc' dir='ltr'><strong>πεποιηκέναι,</strong></span> <span class='ocrx_word' id='word_1_629' title='bbox 3647 2662 3740 2717; x_wconf 79' lang='grc' dir='ltr'><strong>καὶ</strong></span> <span class='ocrx_word' id='word_1_630' title='bbox 3798 2663 3880 2723; x_wconf 82' lang='grc' dir='ltr'>είς</span> 
     </span>
    </p>
   </div>
   <div class='ocr_carea' id='block_1_89' title="bbox 2219 2750 3880 2826">
    <p class='ocr_par' dir='ltr' id='par_1_89' title="bbox 2219 2750 3880 2826">
     <span class='ocr_line' id='line_1_89' title="bbox 2219 2750 3880 2826; baseline -0.001 -17"><span class='ocrx_word' id='word_1_631' title='bbox 2219 2753 2571 2810; x_wconf 84' lang='grc' dir='ltr'><strong>διδασκαλίαν</strong></span> <span class='ocrx_word' id='word_1_632' title='bbox 2625 2754 3073 2826; x_wconf 72' lang='grc' dir='ltr'><strong>προτεθεικέναι·</strong></span> <span class='ocrx_word' id='word_1_633' title='bbox 3132 2751 3220 2806; x_wconf 82' lang='grc' dir='ltr'><strong>καὶ</strong></span> <span class='ocrx_word' id='word_1_634' title='bbox 3279 2752 3307 2806; x_wconf 84' lang='grc' dir='ltr'>ὁ</span> <span class='ocrx_word' id='word_1_635' title='bbox 3374 2751 3544 2816; x_wconf 80' lang='grc' dir='ltr'><strong>θέλων</strong></span> <span class='ocrx_word' id='word_1_636' title='bbox 3607 2750 3880 2822; x_wconf 76' lang='grc' dir='ltr'><strong>ἐνστάτης</strong></span> 
     </span>
    </p>
   </div>
   <div class='ocr_carea' id='block_1_90' title="bbox 2221 2838 3882 2918">
    <p class='ocr_par' dir='ltr' id='par_1_90' title="bbox 2221 2838 3882 2918">
     <span class='ocr_line' id='line_1_90' title="bbox 2221 2838 3882 2918; baseline -0.002 -20"><span class='ocrx_word' id='word_1_637' title='bbox 2221 2843 2350 2916; x_wconf 77' lang='grc' dir='ltr'><strong>ἐμὸς</strong></span> <span class='ocrx_word' id='word_1_638' title='bbox 2397 2843 2635 2918; x_wconf 72' lang='grc' dir='ltr'><strong>γενέσθαι</strong></span> <span class='ocrx_word' id='word_1_639' title='bbox 2687 2843 2974 2915; x_wconf 89' lang='grc' dir='ltr'><strong>στομούτω</strong></span> <span class='ocrx_word' id='word_1_640' title='bbox 3019 2842 3120 2910; x_wconf 82' lang='grc' dir='ltr'>τήν</span> <span class='ocrx_word' id='word_1_641' title='bbox 3182 2838 3457 2915; x_wconf 79' lang='grc' dir='ltr'><strong>γλῶσσαν,</strong></span> <span class='ocrx_word' id='word_1_642' title='bbox 3512 2843 3602 2894; x_wconf 83' lang='grc' dir='ltr'>οἷα</span> <span class='ocrx_word' id='word_1_643' title='bbox 3649 2843 3741 2896; x_wconf 78' lang='grc' dir='ltr'><strong>καὶ</strong></span> <span class='ocrx_word' id='word_1_644' title='bbox 3801 2843 3882 2911; x_wconf 78' lang='grc' dir='ltr'><strong>ξί-</strong></span> 
     </span>
    </p>
   </div>
   <div class='ocr_carea' id='block_1_91' title="bbox 2221 2924 3880 3011">
    <p class='ocr_par' dir='ltr' id='par_1_91' title="bbox 2221 2924 3880 3011">
     <span class='ocr_line' id='line_1_91' title="bbox 2221 2924 3880 3011; baseline 0 -25"><span class='ocrx_word' id='word_1_645' title='bbox 2221 2953 2341 3011; x_wconf 74' lang='grc' dir='ltr'><strong>φος,</strong></span> <span class='ocrx_word' id='word_1_646' title='bbox 2401 2931 2479 2993; x_wconf 86' lang='grc' dir='ltr'><strong>εἷς</strong></span> <span class='ocrx_word' id='word_1_647' title='bbox 2537 2930 2769 3008; x_wconf 73' lang='grc' dir='ltr'><strong>ἐμφανὲς</strong></span> <span class='ocrx_word' id='word_1_648' title='bbox 2805 2975 2819 3000; x_wconf 92' lang='grc'>,</span> <span class='ocrx_word' id='word_1_649' title='bbox 2867 2930 2957 2985; x_wconf 81' lang='grc' dir='ltr'><strong>καὶ</strong></span> <span class='ocrx_word' id='word_1_650' title='bbox 3011 2929 3120 3005; x_wconf 74' lang='grc' dir='ltr'><strong>ἐγὼ</strong></span> <span class='ocrx_word' id='word_1_651' title='bbox 3174 2924 3518 3002; x_wconf 74' lang='grc' dir='ltr'><strong>ἀπαμϐλυνῶ</strong></span> <span class='ocrx_word' id='word_1_652' title='bbox 3571 2930 3743 2998; x_wconf 75' lang='grc' dir='ltr'><strong>αὐτὴν</strong></span> <span class='ocrx_word' id='word_1_653' title='bbox 3815 2930 3880 2986; x_wconf 80' lang='grc' dir='ltr'><strong>ού</strong></span> 
     </span>
    </p>
   </div>
   <div class='ocr_carea' id='block_1_92' title="bbox 2219 3016 3880 3097">
    <p class='ocr_par' dir='ltr' id='par_1_92' title="bbox 2219 3016 3880 3097">
     <span class='ocr_line' id='line_1_92' title="bbox 2219 3016 3880 3097; baseline -0.002 -21"><span class='ocrx_word' id='word_1_654' title='bbox 2219 3021 2419 3097; x_wconf 78' lang='grc' dir='ltr'><strong>τριχθὰ</strong></span> <span class='ocrx_word' id='word_1_655' title='bbox 2447 3021 2536 3076; x_wconf 86' lang='grc' dir='ltr'><strong>καὶ</strong></span> <span class='ocrx_word' id='word_1_656' title='bbox 2586 3020 2858 3095; x_wconf 80' lang='grc' dir='ltr'><strong>τετραχθᾶ</strong></span> <span class='ocrx_word' id='word_1_657' title='bbox 2907 3017 3226 3095; x_wconf 82' lang='grc' dir='ltr'><strong>διαθρύψας,</strong></span> <span class='ocrx_word' id='word_1_658' title='bbox 3256 3016 3678 3091; x_wconf 76' lang='grc' dir='ltr'><strong>ἐνδυναμοῦντος</strong></span> <span class='ocrx_word' id='word_1_659' title='bbox 3710 3024 3880 3090; x_wconf 76' lang='grc' dir='ltr'><strong>Θεοῦ,</strong></span> 
     </span>
    </p>
   </div>
   <div class='ocr_carea' id='block_1_93' title="bbox 2222 3107 3882 3182">
    <p class='ocr_par' dir='ltr' id='par_1_93' title="bbox 2222 3107 3882 3182">
     <span class='ocr_line' id='line_1_93' title="bbox 2222 3107 3882 3182; baseline -0.002 -17"><span class='ocrx_word' id='word_1_660' title='bbox 2222 3107 2368 3166; x_wconf 79' lang='grc' dir='ltr'>ἀλλὰ</span> <span class='ocrx_word' id='word_1_661' title='bbox 2423 3110 2512 3163; x_wconf 78' lang='grc' dir='ltr'><strong>καὶ</strong></span> <span class='ocrx_word' id='word_1_662' title='bbox 2568 3110 2646 3171; x_wconf 78' lang='grc' dir='ltr'><strong>εἲς</strong></span> <span class='ocrx_word' id='word_1_663' title='bbox 2701 3107 2940 3182; x_wconf 79' lang='grc' dir='ltr'>ἀτόμους</span> <span class='ocrx_word' id='word_1_664' title='bbox 2995 3107 3394 3169; x_wconf 80' lang='grc' dir='ltr'><strong>ἀπολεπτύνας’</strong></span> <span class='ocrx_word' id='word_1_665' title='bbox 3455 3108 3521 3162; x_wconf 85' lang='grc' dir='ltr'><strong>ού</strong></span> <span class='ocrx_word' id='word_1_666' title='bbox 3569 3108 3672 3181; x_wconf 73' lang='grc' dir='ltr'>γὰρ</span> <span class='ocrx_word' id='word_1_667' title='bbox 3723 3108 3882 3162; x_wconf 75' lang='grc' dir='ltr'>οὕτω</span> 
     </span>
    </p>
   </div>
   <div class='ocr_carea' id='block_1_94' title="bbox 2221 3192 3886 3275">
    <p class='ocr_par' dir='ltr' id='par_1_94' title="bbox 2221 3192 3886 3275">
     <span class='ocr_line' id='line_1_94' title="bbox 2221 3192 3886 3275; baseline -0.001 -22"><span class='ocrx_word' id='word_1_668' title='bbox 2221 3199 2699 3275; x_wconf 80' lang='grc' dir='ltr'><strong>παρακεχώρημαι</strong></span> <span class='ocrx_word' id='word_1_669' title='bbox 2750 3198 2973 3273; x_wconf 83' lang='grc' dir='ltr'><strong>ἀχρεῖος</strong></span> <span class='ocrx_word' id='word_1_670' title='bbox 3019 3197 3264 3272; x_wconf 73' lang='grc' dir='ltr'><strong>γενέσθαι</strong></span> <span class='ocrx_word' id='word_1_671' title='bbox 3311 3192 3507 3256; x_wconf 76' lang='grc' dir='ltr'><strong>δοῦλος</strong></span> <span class='ocrx_word' id='word_1_672' title='bbox 3562 3194 3746 3251; x_wconf 75' lang='grc' dir='ltr'><strong>αὐτοῦ.</strong></span> <span class='ocrx_word' id='word_1_673' title='bbox 3805 3197 3886 3258; x_wconf 82' lang='grc' dir='ltr'>ὡς</span> 
     </span>
    </p>
   </div>
   <div class='ocr_carea' id='block_1_95' title="bbox 2222 3281 3883 3356">
    <p class='ocr_par' dir='ltr' id='par_1_95' title="bbox 2222 3281 3883 3356">
     <span class='ocr_line' id='line_1_95' title="bbox 2222 3281 3883 3356; baseline -0.003 -13"><span class='ocrx_word' id='word_1_674' title='bbox 2222 3285 2518 3356; x_wconf 78' lang='grc' dir='ltr'><strong>ἀσυντελὴς</strong></span> <span class='ocrx_word' id='word_1_675' title='bbox 2571 3281 2838 3351; x_wconf 76' lang='grc' dir='ltr'><strong>ἀποϐῆναι</strong></span> <span class='ocrx_word' id='word_1_676' title='bbox 2895 3287 3034 3341; x_wconf 90' lang='grc' dir='ltr'>κατὰ</span> <span class='ocrx_word' id='word_1_677' title='bbox 3077 3285 3141 3340; x_wconf 85' lang='grc' dir='ltr'>τὸ</span> <span class='ocrx_word' id='word_1_678' title='bbox 3169 3285 3295 3352; x_wconf 85' lang='grc' dir='ltr'><strong>πὰν,</strong></span> <span class='ocrx_word' id='word_1_679' title='bbox 3324 3283 3414 3339; x_wconf 85' lang='grc' dir='ltr'><strong>καὶ</strong></span> <span class='ocrx_word' id='word_1_680' title='bbox 3446 3283 3521 3346; x_wconf 69' lang='grc' dir='ltr'><strong>εἲς</strong></span> <span class='ocrx_word' id='word_1_681' title='bbox 3561 3281 3718 3338; x_wconf 71' lang='grc' dir='ltr'><strong>οὐδὲν</strong></span> <span class='ocrx_word' id='word_1_682' title='bbox 3749 3289 3883 3346; x_wconf 85' lang='grc' dir='ltr'>τοῖς</span> 
     </span>
    </p>
   </div>
   <div class='ocr_carea' id='block_1_96' title="bbox 2223 3371 3882 3451">
    <p class='ocr_par' dir='ltr' id='par_1_96' title="bbox 2223 3371 3882 3451">
     <span class='ocr_line' id='line_1_96' title="bbox 2223 3371 3882 3451; baseline -0.002 -20"><span class='ocrx_word' id='word_1_683' title='bbox 2223 3375 2448 3439; x_wconf 74' lang='grc' dir='ltr'><strong>ἐνταῦθα</strong></span> <span class='ocrx_word' id='word_1_684' title='bbox 2479 3377 2780 3451; x_wconf 78' lang='grc' dir='ltr'><strong>χρήσιμος.</strong></span> <span class='ocrx_word' id='word_1_685' title='bbox 2815 3374 2878 3428; x_wconf 77' lang='grc' dir='ltr'>Εἰ</span> <span class='ocrx_word' id='word_1_686' title='bbox 2908 3371 2974 3444; x_wconf 75' lang='grc' dir='ltr'><strong>δὴ</strong></span> <span class='ocrx_word' id='word_1_687' title='bbox 3023 3378 3120 3429; x_wconf 75' lang='grc' dir='ltr'>τοῦ</span> <span class='ocrx_word' id='word_1_688' title='bbox 3168 3371 3533 3442; x_wconf 84' lang='grc' dir='ltr'><strong>διπλάζοντος</strong></span> <span class='ocrx_word' id='word_1_689' title='bbox 3565 3371 3738 3427; x_wconf 87' lang='grc' dir='ltr'><strong>καλοῦ</strong></span> <span class='ocrx_word' id='word_1_690' title='bbox 3777 3395 3882 3445; x_wconf 82' lang='grc' dir='ltr'><strong>με·</strong></span> 
     </span>
    </p>
   </div>
   <div class='ocr_carea' id='block_1_97' title="bbox 2221 3458 3880 3540">
    <p class='ocr_par' dir='ltr' id='par_1_97' title="bbox 2221 3458 3880 3540">
     <span class='ocr_line' id='line_1_97' title="bbox 2221 3458 3880 3540; baseline -0.002 -20"><span class='ocrx_word' id='word_1_691' title='bbox 2221 3465 2401 3540; x_wconf 77' lang='grc' dir='ltr'><strong>τέχειν</strong></span> <span class='ocrx_word' id='word_1_692' title='bbox 2453 3464 2882 3539; x_wconf 78' lang='grc' dir='ltr'><strong>ἐπαγωνίζομαι,</strong></span> <span class='ocrx_word' id='word_1_693' title='bbox 2929 3467 3027 3517; x_wconf 82' lang='grc' dir='ltr'>τοῦ</span> <span class='ocrx_word' id='word_1_694' title='bbox 3079 3461 3170 3517; x_wconf 69' lang='grc' dir='ltr'><strong>καὶ</strong></span> <span class='ocrx_word' id='word_1_695' title='bbox 3222 3469 3447 3532; x_wconf 80' lang='grc' dir='ltr'><strong>ποιῆσαι</strong></span> <span class='ocrx_word' id='word_1_696' title='bbox 3501 3460 3591 3516; x_wconf 81' lang='grc' dir='ltr'><strong>καὶ</strong></span> <span class='ocrx_word' id='word_1_697' title='bbox 3636 3458 3880 3534; x_wconf 78' lang='grc' dir='ltr'><strong>διδάξαι,</strong></span> 
     </span>
    </p>
   </div>
   <div class='ocr_carea' id='block_1_98' title="bbox 2227 3547 3883 3622">
    <p class='ocr_par' dir='ltr' id='par_1_98' title="bbox 2227 3547 3883 3622">
     <span class='ocr_line' id='line_1_98' title="bbox 2227 3547 3883 3622; baseline -0.002 -14"><span class='ocrx_word' id='word_1_698' title='bbox 2227 3555 2329 3609; x_wconf 85' lang='grc' dir='ltr'>ούκ</span> <span class='ocrx_word' id='word_1_699' title='bbox 2365 3551 2426 3608; x_wconf 80' lang='grc' dir='ltr'>ἃν</span> <span class='ocrx_word' id='word_1_700' title='bbox 2464 3553 2679 3614; x_wconf 89' lang='grc' dir='ltr'><strong>πάντως</strong></span> <span class='ocrx_word' id='word_1_701' title='bbox 2728 3549 3052 3622; x_wconf 83' lang='grc' dir='ltr'><strong>ὗπεκσταίην</strong></span> <span class='ocrx_word' id='word_1_702' title='bbox 3103 3547 3280 3606; x_wconf 78' lang='grc' dir='ltr'><strong>οὐδενὶ</strong></span> <span class='ocrx_word' id='word_1_703' title='bbox 3327 3549 3736 3618; x_wconf 84' lang='grc' dir='ltr'><strong>ἀντιπίπτοντι,</strong></span> <span class='ocrx_word' id='word_1_704' title='bbox 3802 3553 3883 3613; x_wconf 83' lang='grc' dir='ltr'>ὡς</span> 
     </span>
    </p>
   </div>
   <div class='ocr_carea' id='block_1_99' title="bbox 2230 3637 3894 3715">
    <p class='ocr_par' dir='ltr' id='par_1_99' title="bbox 2230 3637 3894 3715">
     <span class='ocr_line' id='line_1_99' title="bbox 2230 3637 3894 3715; baseline -0.004 -18"><span class='ocrx_word' id='word_1_705' title='bbox 2230 3644 2332 3697; x_wconf 79' lang='grc' dir='ltr'><strong>οὐκ</strong></span> <span class='ocrx_word' id='word_1_706' title='bbox 2361 3640 2500 3697; x_wconf 78' lang='grc' dir='ltr'><strong>ἔστιν</strong></span> <span class='ocrx_word' id='word_1_707' title='bbox 2553 3641 2677 3714; x_wconf 75' lang='grc' dir='ltr'><strong>ἐμοὶ</strong></span> <span class='ocrx_word' id='word_1_708' title='bbox 2739 3640 2891 3715; x_wconf 83' lang='grc' dir='ltr'><strong>μερὶς</strong></span> <span class='ocrx_word' id='word_1_709' title='bbox 2942 3640 3032 3694; x_wconf 80' lang='grc' dir='ltr'><strong>καὶ</strong></span> <span class='ocrx_word' id='word_1_710' title='bbox 3095 3639 3229 3712; x_wconf 79' lang='grc' dir='ltr'><strong>μετὰ</strong></span> <span class='ocrx_word' id='word_1_711' title='bbox 3281 3643 3389 3693; x_wconf 82' lang='grc' dir='ltr'>τῶν</span> <span class='ocrx_word' id='word_1_712' title='bbox 3446 3637 3750 3694; x_wconf 71' lang='grc' dir='ltr'><strong>ποιούντων</strong></span> <span class='ocrx_word' id='word_1_713' title='bbox 3792 3641 3894 3694; x_wconf 79' lang='grc' dir='ltr'><strong>καὶ</strong></span> 
     </span>
    </p>
   </div>
   <div class='ocr_carea' id='block_1_100' title="bbox 2233 3727 3895 3804">
    <p class='ocr_par' dir='ltr' id='par_1_100' title="bbox 2233 3727 3895 3804">
     <span class='ocr_line' id='line_1_100' title="bbox 2233 3727 3895 3804; baseline -0.002 -19"><span class='ocrx_word' id='word_1_714' title='bbox 2233 3730 2375 3785; x_wconf 78' lang='grc' dir='ltr'>οὕτω</span> <span class='ocrx_word' id='word_1_715' title='bbox 2425 3727 2783 3785; x_wconf 83' lang='grc' dir='ltr'><strong>διδασκόντων</strong></span> <span class='ocrx_word' id='word_1_716' title='bbox 2839 3729 2890 3784; x_wconf 77' lang='grc' dir='ltr'><strong>ἐν</strong></span> <span class='ocrx_word' id='word_1_717' title='bbox 2945 3734 3024 3801; x_wconf 80' lang='grc' dir='ltr'>τῷ</span> <span class='ocrx_word' id='word_1_718' title='bbox 3067 3734 3272 3784; x_wconf 87' lang='grc' dir='ltr'><strong>πονεῖν.</strong></span> <span class='ocrx_word' id='word_1_719' title='bbox 3323 3731 3502 3785; x_wconf 81' lang='grc' dir='ltr'><strong>’Ὁπου</strong></span> <span class='ocrx_word' id='word_1_720' title='bbox 3554 3728 3653 3804; x_wconf 71' lang='grc' dir='ltr'><strong>γὰρ</strong></span> <span class='ocrx_word' id='word_1_721' title='bbox 3704 3729 3769 3782; x_wconf 81' lang='grc' dir='ltr'><strong>τὸ</strong></span> <span class='ocrx_word' id='word_1_722' title='bbox 3812 3727 3895 3784; x_wconf 81' lang='grc' dir='ltr'>δι-</span> 
     </span>
    </p>
   </div>
   <div class='ocr_carea' id='block_1_101' title="bbox 2233 3816 3893 3891">
    <p class='ocr_par' dir='ltr' id='par_1_101' title="bbox 2233 3816 3893 3891">
     <span class='ocr_line' id='line_1_101' title="bbox 2233 3816 3893 3891; baseline -0.001 -16"><span class='ocrx_word' id='word_1_723' title='bbox 2233 3819 2430 3891; x_wconf 76' lang='grc' dir='ltr'><strong>πλοῦν,</strong></span> <span class='ocrx_word' id='word_1_724' title='bbox 2480 3820 2590 3874; x_wconf 80' lang='grc' dir='ltr'><strong>ἐκεῖ</strong></span> <span class='ocrx_word' id='word_1_725' title='bbox 2635 3818 2850 3881; x_wconf 89' lang='grc' dir='ltr'><strong>πάντως</strong></span> <span class='ocrx_word' id='word_1_726' title='bbox 2905 3818 2994 3873; x_wconf 85' lang='grc' dir='ltr'><strong>καὶ</strong></span> <span class='ocrx_word' id='word_1_727' title='bbox 3051 3819 3115 3873; x_wconf 86' lang='grc' dir='ltr'>τὸ</span> <span class='ocrx_word' id='word_1_728' title='bbox 3167 3816 3398 3874; x_wconf 80' lang='grc' dir='ltr'><strong>ἅπλοῦν.</strong></span> <span class='ocrx_word' id='word_1_729' title='bbox 3448 3818 3662 3875; x_wconf 74' lang='grc' dir='ltr'><strong>Οὐκοῦν</strong></span> <span class='ocrx_word' id='word_1_730' title='bbox 3713 3817 3758 3872; x_wconf 76' lang='grc' dir='ltr'><strong>εἰ</strong></span> <span class='ocrx_word' id='word_1_731' title='bbox 3803 3820 3893 3873; x_wconf 79' lang='grc' dir='ltr'><strong>καὶ</strong></span> 
     </span>
    </p>
   </div>
   <div class='ocr_carea' id='block_1_102' title="bbox 2235 3903 3900 3985">
    <p class='ocr_par' dir='ltr' id='par_1_102' title="bbox 2235 3903 3900 3985">
     <span class='ocr_line' id='line_1_102' title="bbox 2235 3903 3900 3985; baseline -0.002 -22"><span class='ocrx_word' id='word_1_732' title='bbox 2235 3908 2466 3978; x_wconf 75' lang='grc' dir='ltr'><strong>ἐποίησα</strong></span> <span class='ocrx_word' id='word_1_733' title='bbox 2511 3909 2600 3963; x_wconf 81' lang='grc' dir='ltr'><strong>καὶ</strong></span> <span class='ocrx_word' id='word_1_734' title='bbox 2649 3905 2861 3977; x_wconf 80' lang='grc' dir='ltr'><strong>ἐδίδαξα</strong></span> <span class='ocrx_word' id='word_1_735' title='bbox 2894 3951 2908 3975; x_wconf 86' lang='grc'>,</span> <span class='ocrx_word' id='word_1_736' title='bbox 2965 3906 3046 3969; x_wconf 89' lang='grc' dir='ltr'>τίς</span> <span class='ocrx_word' id='word_1_737' title='bbox 3104 3903 3165 3960; x_wconf 77' lang='grc' dir='ltr'>ἂν</span> <span class='ocrx_word' id='word_1_738' title='bbox 3230 3905 3476 3985; x_wconf 73' lang='grc' dir='ltr'><strong>ἐχέφρων</strong></span> <span class='ocrx_word' id='word_1_739' title='bbox 3537 3907 3900 3980; x_wconf 65' lang='grc' dir='ltr'><strong>ἀποστερήσῃ</strong></span> 
     </span>
    </p>
   </div>
   <div class='ocr_carea' id='block_1_103' title="bbox 2241 3993 3901 4071">
    <p class='ocr_par' dir='ltr' id='par_1_103' title="bbox 2241 3993 3901 4071">
     <span class='ocr_line' id='line_1_103' title="bbox 2241 3993 3901 4071; baseline -0.002 -18"><span class='ocrx_word' id='word_1_740' title='bbox 2241 4020 2307 4071; x_wconf 88' lang='grc' dir='ltr'>με</span> <span class='ocrx_word' id='word_1_741' title='bbox 2346 4001 2445 4063; x_wconf 83' lang='grc' dir='ltr'>τῆς</span> <span class='ocrx_word' id='word_1_742' title='bbox 2493 4001 2591 4052; x_wconf 78' lang='grc' dir='ltr'><strong>τοῦ</strong></span> <span class='ocrx_word' id='word_1_743' title='bbox 2633 4002 2808 4051; x_wconf 88' lang='grc' dir='ltr'><strong>ποιεῖν</strong></span> <span class='ocrx_word' id='word_1_744' title='bbox 2857 3993 3230 4067; x_wconf 77' lang='grc' dir='ltr'><strong>ἐνδοξότητος,</strong></span> <span class='ocrx_word' id='word_1_745' title='bbox 3283 3997 3340 4057; x_wconf 79' lang='grc' dir='ltr'>ὃς</span> <span class='ocrx_word' id='word_1_746' title='bbox 3387 3996 3479 4049; x_wconf 86' lang='grc' dir='ltr'><strong>καὶ</strong></span> <span class='ocrx_word' id='word_1_747' title='bbox 3529 3996 3698 4051; x_wconf 75' lang='grc' dir='ltr'><strong>αὐτοῦ</strong></span> <span class='ocrx_word' id='word_1_748' title='bbox 3729 4017 3901 4071; x_wconf 81' lang='grc' dir='ltr'><strong>περι-</strong></span> 
     </span>
    </p>
   </div>
   <div class='ocr_carea' id='block_1_104' title="bbox 2237 4081 3901 4162">
    <p class='ocr_par' dir='ltr' id='par_1_104' title="bbox 2237 4081 3901 4162">
     <span class='ocr_line' id='line_1_104' title="bbox 2237 4081 3901 4162; baseline 0 -22"><span class='ocrx_word' id='word_1_749' title='bbox 2237 4084 2453 4157; x_wconf 82' lang='grc' dir='ltr'><strong>ἐπολαι,</strong></span> <span class='ocrx_word' id='word_1_750' title='bbox 2484 4086 2574 4140; x_wconf 85' lang='grc' dir='ltr'><strong>καὶ</strong></span> <span class='ocrx_word' id='word_1_751' title='bbox 2603 4090 2700 4140; x_wconf 81' lang='grc' dir='ltr'>τοῦ</span> <span class='ocrx_word' id='word_1_752' title='bbox 2749 4085 3182 4162; x_wconf 73' lang='grc' dir='ltr'><strong>σᾶνεφεπομένου</strong></span> <span class='ocrx_word' id='word_1_753' title='bbox 3232 4081 3290 4138; x_wconf 78' lang='grc' dir='ltr'>δὶ</span> <span class='ocrx_word' id='word_1_754' title='bbox 3341 4085 3637 4159; x_wconf 74' lang='grc' dir='ltr'><strong>ἀντέχομαι</strong></span> <span class='ocrx_word' id='word_1_755' title='bbox 3684 4104 3698 4152; x_wconf 92' lang='grc'>;</span> <span class='ocrx_word' id='word_1_756' title='bbox 3730 4084 3807 4138; x_wconf 80' lang='grc' dir='ltr'>Εἰ</span> <span class='ocrx_word' id='word_1_757' title='bbox 3841 4083 3901 4140; x_wconf 67' lang='grc' dir='ltr'><strong>δέ</strong></span> 
     </span>
    </p>
   </div>
   <div class='ocr_carea' id='block_1_105' title="bbox 2235 4170 3901 4250">
    <p class='ocr_par' dir='ltr' id='par_1_105' title="bbox 2235 4170 3901 4250">
     <span class='ocr_line' id='line_1_105' title="bbox 2235 4170 3901 4250; baseline -0.001 -21"><span class='ocrx_word' id='word_1_758' title='bbox 2235 4196 2318 4236; x_wconf 90' lang='grc' dir='ltr'><strong>τις</strong></span> <span class='ocrx_word' id='word_1_759' title='bbox 2367 4176 2466 4243; x_wconf 78' lang='grc' dir='ltr'>τήν</span> <span class='ocrx_word' id='word_1_760' title='bbox 2511 4172 2886 4246; x_wconf 79' lang='grc' dir='ltr'><strong>ἐκτεθειμὲνην</strong></span> <span class='ocrx_word' id='word_1_761' title='bbox 2934 4171 3052 4250; x_wconf 75' lang='grc' dir='ltr'><strong>ἄρτι</strong></span> <span class='ocrx_word' id='word_1_762' title='bbox 3104 4170 3338 4242; x_wconf 76' lang='grc' dir='ltr'><strong>διπλόην</strong></span> <span class='ocrx_word' id='word_1_763' title='bbox 3382 4172 3757 4239; x_wconf 83' lang='grc' dir='ltr'><strong>ἀναπτύσσων,</strong></span> <span class='ocrx_word' id='word_1_764' title='bbox 3797 4171 3901 4227; x_wconf 81' lang='grc' dir='ltr'>λο-</span> 
     </span>
    </p>
   </div>
   <div class='ocr_carea' id='block_1_106' title="bbox 2235 4257 3901 4338">
    <p class='ocr_par' dir='ltr' id='par_1_106' title="bbox 2235 4257 3901 4338">
     <span class='ocr_line' id='line_1_106' title="bbox 2235 4257 3901 4338; baseline -0.002 -20"><span class='ocrx_word' id='word_1_765' title='bbox 2235 4263 2464 4338; x_wconf 87' lang='grc' dir='ltr'><strong>γιστεύει</strong></span> <span class='ocrx_word' id='word_1_766' title='bbox 2494 4263 2562 4318; x_wconf 78' lang='grc' dir='ltr'><strong>τὰ</strong></span> <span class='ocrx_word' id='word_1_767' title='bbox 2588 4264 2708 4327; x_wconf 77' lang='grc' dir='ltr'><strong>καθ’</strong></span> <span class='ocrx_word' id='word_1_768' title='bbox 2755 4265 2924 4335; x_wconf 77' lang='grc' dir='ltr'><strong>ἡμᾶς,</strong></span> <span class='ocrx_word' id='word_1_769' title='bbox 2976 4262 3052 4325; x_wconf 85' lang='grc' dir='ltr'><strong>ὡς</strong></span> <span class='ocrx_word' id='word_1_770' title='bbox 3098 4263 3172 4333; x_wconf 81' lang='grc' dir='ltr'>μή</span> <span class='ocrx_word' id='word_1_771' title='bbox 3226 4257 3590 4333; x_wconf 81' lang='grc' dir='ltr'><strong>δυαζομὲνους</strong></span> <span class='ocrx_word' id='word_1_772' title='bbox 3637 4260 3721 4322; x_wconf 72' lang='grc' dir='ltr'><strong>εἰς</strong></span> <span class='ocrx_word' id='word_1_773' title='bbox 3756 4261 3901 4335; x_wconf 79' lang='grc' dir='ltr'><strong>ἀγα-</strong></span> 
     </span>
    </p>
   </div>
   <div class='ocr_carea' id='block_1_107' title="bbox 2237 4347 3898 4425">
    <p class='ocr_par' dir='ltr' id='par_1_107' title="bbox 2237 4347 3898 4425">
     <span class='ocr_line' id='line_1_107' title="bbox 2237 4347 3898 4425; baseline -0.002 -18"><span class='ocrx_word' id='word_1_774' title='bbox 2237 4353 2326 4407; x_wconf 84' lang='grc' dir='ltr'>Θὸν</span> <span class='ocrx_word' id='word_1_775' title='bbox 2390 4349 2680 4425; x_wconf 79' lang='grc' dir='ltr'><strong>(διδάσκειν</strong></span> <span class='ocrx_word' id='word_1_776' title='bbox 2744 4352 2836 4424; x_wconf 80' lang='grc' dir='ltr'>μὲν</span> <span class='ocrx_word' id='word_1_777' title='bbox 2893 4352 2993 4425; x_wconf 73' lang='grc' dir='ltr'>γὰρ</span> <span class='ocrx_word' id='word_1_778' title='bbox 3047 4351 3110 4404; x_wconf 90' lang='grc' dir='ltr'>τὸ</span> <span class='ocrx_word' id='word_1_779' title='bbox 3159 4349 3350 4422; x_wconf 86' lang='grc' dir='ltr'><strong>καλὸν,</strong></span> <span class='ocrx_word' id='word_1_780' title='bbox 3409 4349 3476 4403; x_wconf 81' lang='grc' dir='ltr'>οὐ</span> <span class='ocrx_word' id='word_1_781' title='bbox 3531 4350 3636 4421; x_wconf 78' lang='grc' dir='ltr'>μην</span> <span class='ocrx_word' id='word_1_782' title='bbox 3698 4347 3759 4404; x_wconf 84' lang='grc' dir='ltr'>δὶ</span> <span class='ocrx_word' id='word_1_783' title='bbox 3801 4350 3898 4404; x_wconf 83' lang='grc' dir='ltr'><strong>καὶ</strong></span> 
     </span>
    </p>
   </div>
   <div class='ocr_carea' id='block_1_108' title="bbox 2237 4437 3898 4514">
    <p class='ocr_par' dir='ltr' id='par_1_108' title="bbox 2237 4437 3898 4514">
     <span class='ocr_line' id='line_1_108' title="bbox 2237 4437 3898 4514; baseline -0.002 -18"><span class='ocrx_word' id='word_1_784' title='bbox 2237 4445 2460 4514; x_wconf 85' lang='grc' dir='ltr'><strong>ποιεῖν),</strong></span> <span class='ocrx_word' id='word_1_785' title='bbox 2509 4437 2765 4511; x_wconf 77' lang='grc' dir='ltr'>ἆναϐήτω</span> <span class='ocrx_word' id='word_1_786' title='bbox 2810 4440 2900 4494; x_wconf 84' lang='grc' dir='ltr'><strong>καὶ</strong></span> <span class='ocrx_word' id='word_1_787' title='bbox 2948 4439 3023 4502; x_wconf 83' lang='grc' dir='ltr'>εἷς</span> <span class='ocrx_word' id='word_1_788' title='bbox 3066 4443 3315 4494; x_wconf 76' lang='grc' dir='ltr'>τοιοῦτον</span> <span class='ocrx_word' id='word_1_789' title='bbox 3365 4439 3560 4513; x_wconf 82' lang='grc' dir='ltr'><strong>ἀγῶνα,</strong></span> <span class='ocrx_word' id='word_1_790' title='bbox 3610 4439 3706 4492; x_wconf 75' lang='grc' dir='ltr'><strong>καὶ</strong></span> <span class='ocrx_word' id='word_1_791' title='bbox 3756 4450 3898 4501; x_wconf 81' lang='grc' dir='ltr'><strong>θεω-</strong></span> 
     </span>
    </p>
   </div>
   <div class='ocr_carea' id='block_1_109' title="bbox 2239 4524 3900 4607">
    <p class='ocr_par' dir='ltr' id='par_1_109' title="bbox 2239 4524 3900 4607">
     <span class='ocr_line' id='line_1_109' title="bbox 2239 4524 3900 4607; baseline -0.002 -22"><span class='ocrx_word' id='word_1_792' title='bbox 2239 4531 2399 4607; x_wconf 88' lang='grc' dir='ltr'><strong>ρείτω</strong></span> <span class='ocrx_word' id='word_1_793' title='bbox 2434 4551 2500 4604; x_wconf 90' lang='grc' dir='ltr'>με</span> <span class='ocrx_word' id='word_1_794' title='bbox 2540 4530 2616 4591; x_wconf 79' lang='grc' dir='ltr'><strong>εἰς</strong></span> <span class='ocrx_word' id='word_1_795' title='bbox 2665 4530 2830 4603; x_wconf 72' lang='grc' dir='ltr'><strong>ἱερέα,</strong></span> <span class='ocrx_word' id='word_1_796' title='bbox 2879 4533 3066 4590; x_wconf 82' lang='grc' dir='ltr'><strong>κακοῖς</strong></span> <span class='ocrx_word' id='word_1_797' title='bbox 3119 4529 3212 4600; x_wconf 75' lang='grc' dir='ltr'><strong>μὲν</strong></span> <span class='ocrx_word' id='word_1_798' title='bbox 3269 4528 3460 4581; x_wconf 79' lang='grc' dir='ltr'><strong>ἅπασιν</strong></span> <span class='ocrx_word' id='word_1_799' title='bbox 3508 4524 3900 4598; x_wconf 71' lang='grc' dir='ltr'><strong>ἀποτελέσμα-</strong></span> 
     </span>
    </p>
   </div>
   <div class='ocr_carea' id='block_1_110' title="bbox 2233 4614 3900 4697">
    <p class='ocr_par' dir='ltr' id='par_1_110' title="bbox 2233 4614 3900 4697">
     <span class='ocr_line' id='line_1_110' title="bbox 2233 4614 3900 4697; baseline -0.004 -22"><span class='ocrx_word' id='word_1_800' title='bbox 2233 4642 2312 4675; x_wconf 89' lang='grc' dir='ltr'><strong>σιν</strong></span> <span class='ocrx_word' id='word_1_801' title='bbox 2376 4616 2686 4697; x_wconf 79' lang='grc' dir='ltr'><strong>ἔμφορτον,</strong></span> <span class='ocrx_word' id='word_1_802' title='bbox 2738 4615 3054 4673; x_wconf 79' lang='grc' dir='ltr'><strong>διδάσκοντα</strong></span> <span class='ocrx_word' id='word_1_803' title='bbox 3106 4614 3164 4671; x_wconf 73' lang='grc' dir='ltr'>δὲ</span> <span class='ocrx_word' id='word_1_804' title='bbox 3220 4616 3412 4691; x_wconf 81' lang='grc' dir='ltr'><strong>ἀγαθά·</strong></span> <span class='ocrx_word' id='word_1_805' title='bbox 3472 4618 3558 4671; x_wconf 79' lang='grc' dir='ltr'><strong>καὶ</strong></span> <span class='ocrx_word' id='word_1_806' title='bbox 3616 4614 3730 4690; x_wconf 83' lang='grc' dir='ltr'>ἐγὼ</span> <span class='ocrx_word' id='word_1_807' title='bbox 3795 4617 3900 4688; x_wconf 79' lang='grc' dir='ltr'><strong>μὶν</strong></span> 
     </span>
    </p>
   </div>
   <div class='ocr_carea' id='block_1_111' title="bbox 2233 4702 3900 4783">
    <p class='ocr_par' dir='ltr' id='par_1_111' title="bbox 2233 4702 3900 4783">
     <span class='ocr_line' id='line_1_111' title="bbox 2233 4702 3900 4783; baseline -0.004 -19"><span class='ocrx_word' id='word_1_808' title='bbox 2233 4710 2426 4783; x_wconf 81' lang='grc' dir='ltr'><strong>ἀπορῶ</strong></span> <span class='ocrx_word' id='word_1_809' title='bbox 2483 4711 2779 4781; x_wconf 82' lang='grc' dir='ltr'><strong>Λήμματος</strong></span> <span class='ocrx_word' id='word_1_810' title='bbox 2827 4703 3283 4782; x_wconf 73' lang='grc' dir='ltr'>ὁμολογουμένου</span> <span class='ocrx_word' id='word_1_811' title='bbox 3325 4710 3422 4760; x_wconf 73' lang='grc' dir='ltr'>τοῦ</span> <span class='ocrx_word' id='word_1_812' title='bbox 3473 4704 3646 4779; x_wconf 78' lang='grc' dir='ltr'><strong>ἀγαθᾶ</strong></span> <span class='ocrx_word' id='word_1_813' title='bbox 3677 4705 3774 4758; x_wconf 77' lang='grc' dir='ltr'><strong>καὶ</strong></span> <span class='ocrx_word' id='word_1_814' title='bbox 3810 4702 3900 4758; x_wconf 79' lang='grc' dir='ltr'><strong>δι-</strong></span> 
     </span>
    </p>
   </div>
   <div class='ocr_carea' id='block_1_112' title="bbox 2233 4792 3900 4871">
    <p class='ocr_par' dir='ltr' id='par_1_112' title="bbox 2233 4792 3900 4871">
     <span class='ocr_line' id='line_1_112' title="bbox 2233 4792 3900 4871; baseline -0.004 -18"><span class='ocrx_word' id='word_1_815' title='bbox 2233 4797 2445 4854; x_wconf 89' lang='grc' dir='ltr'><strong>δάσκειν</strong></span> <span class='ocrx_word' id='word_1_816' title='bbox 2496 4798 2588 4853; x_wconf 85' lang='grc' dir='ltr'><strong>καὶ</strong></span> <span class='ocrx_word' id='word_1_817' title='bbox 2638 4793 2949 4867; x_wconf 80' lang='grc' dir='ltr'><strong>διδάξασθαι</strong></span> <span class='ocrx_word' id='word_1_818' title='bbox 3007 4793 3082 4860; x_wconf 73' lang='grc' dir='ltr'>δὲ,</span> <span class='ocrx_word' id='word_1_819' title='bbox 3133 4792 3284 4871; x_wconf 82' lang='grc' dir='ltr'><strong>εἷ’περ</strong></span> <span class='ocrx_word' id='word_1_820' title='bbox 3312 4795 3340 4848; x_wconf 82' lang='grc' dir='ltr'><strong>ὁ</strong></span> <span class='ocrx_word' id='word_1_821' title='bbox 3373 4794 3574 4871; x_wconf 81' lang='grc' dir='ltr'><strong>χρόνος</strong></span> <span class='ocrx_word' id='word_1_822' title='bbox 3603 4800 3707 4862; x_wconf 84' lang='grc' dir='ltr'>τῆς</span> <span class='ocrx_word' id='word_1_823' title='bbox 3744 4800 3900 4863; x_wconf 76' lang='grc' dir='ltr'>ζωῆς</span> 
     </span>
    </p>
   </div>
   <div class='ocr_carea' id='block_1_113' title="bbox 2232 4881 3900 4964">
    <p class='ocr_par' dir='ltr' id='par_1_113' title="bbox 2232 4881 3900 4964">
     <span class='ocr_line' id='line_1_113' title="bbox 2232 4881 3900 4964; baseline -0.005 -21"><span class='ocrx_word' id='word_1_824' title='bbox 2232 4888 2606 4964; x_wconf 83' lang='grc' dir='ltr'><strong>παρατείνεται</strong></span> <span class='ocrx_word' id='word_1_825' title='bbox 2663 4885 2824 4947; x_wconf 81' lang='grc' dir='ltr'><strong>αὐτὸς</strong></span> <span class='ocrx_word' id='word_1_826' title='bbox 2883 4881 2940 4939; x_wconf 63' lang='grc' dir='ltr'>δὲ</span> <span class='ocrx_word' id='word_1_827' title='bbox 2996 4881 3258 4938; x_wconf 87' lang='grc' dir='ltr'><strong>δεικνύτω</strong></span> <span class='ocrx_word' id='word_1_828' title='bbox 3313 4884 3415 4952; x_wconf 80' lang='grc' dir='ltr'><strong>τήν</strong></span> <span class='ocrx_word' id='word_1_829' title='bbox 3467 4883 3519 4936; x_wconf 78' lang='grc' dir='ltr'>ἐν</span> <span class='ocrx_word' id='word_1_830' title='bbox 3571 4887 3690 4946; x_wconf 84' lang='grc' dir='ltr'>τοῖς</span> <span class='ocrx_word' id='word_1_831' title='bbox 3730 4881 3900 4954; x_wconf 82' lang='grc' dir='ltr'><strong>ἐμοῖς</strong></span> 
     </span>
    </p>
   </div>
   <div class='ocr_carea' id='block_1_114' title="bbox 2233 4969 3897 5051">
    <p class='ocr_par' dir='ltr' id='par_1_114' title="bbox 2233 4969 3897 5051">
     <span class='ocr_line' id='line_1_114' title="bbox 2233 4969 3897 5051; baseline -0.003 -20"><span class='ocrx_word' id='word_1_832' title='bbox 2233 4974 2411 5051; x_wconf 81' lang='grc' dir='ltr'><strong>ἔργοις</strong></span> <span class='ocrx_word' id='word_1_833' title='bbox 2442 4976 2658 5042; x_wconf 83' lang='grc' dir='ltr'><strong>κακίαν,</strong></span> <span class='ocrx_word' id='word_1_834' title='bbox 2698 4973 2790 5029; x_wconf 71' lang='grc' dir='ltr'><strong>’ίνα</strong></span> <span class='ocrx_word' id='word_1_835' title='bbox 2834 4973 2898 5028; x_wconf 88' lang='grc' dir='ltr'><strong>τὸ</strong></span> <span class='ocrx_word' id='word_1_836' title='bbox 2945 4969 3151 5028; x_wconf 76' lang='grc' dir='ltr'><strong>τέλειόν</strong></span> <span class='ocrx_word' id='word_1_837' title='bbox 3198 4993 3292 5045; x_wconf 87' lang='grc' dir='ltr'>μοι</span> <span class='ocrx_word' id='word_1_838' title='bbox 3343 4972 3537 5048; x_wconf 77' lang='grc' dir='ltr'><strong>ἀγαθὸν</strong></span> <span class='ocrx_word' id='word_1_839' title='bbox 3585 4970 3661 5034; x_wconf 81' lang='grc' dir='ltr'>είς</span> <span class='ocrx_word' id='word_1_840' title='bbox 3712 4972 3897 5045; x_wconf 73' lang='grc' dir='ltr'><strong>ἥμισυ</strong></span> 
     </span>
    </p>
   </div>
   <div class='ocr_carea' id='block_1_115' title="bbox 2231 5058 3896 5139">
    <p class='ocr_par' dir='ltr' id='par_1_115' title="bbox 2231 5058 3896 5139">
     <span class='ocr_line' id='line_1_115' title="bbox 2231 5058 3896 5139; baseline -0.003 -19"><span class='ocrx_word' id='word_1_841' title='bbox 2231 5067 2558 5139; x_wconf 74' lang='grc' dir='ltr'><strong>καταστήσῃ.</strong></span> <span class='ocrx_word' id='word_1_842' title='bbox 2613 5064 2710 5119; x_wconf 82' lang='grc' dir='ltr'>Καὶ</span> <span class='ocrx_word' id='word_1_843' title='bbox 2760 5062 2806 5118; x_wconf 78' lang='grc' dir='ltr'><strong>εἰ</strong></span> <span class='ocrx_word' id='word_1_844' title='bbox 2859 5063 2953 5136; x_wconf 74' lang='grc' dir='ltr'>μὶν</span> <span class='ocrx_word' id='word_1_845' title='bbox 3005 5059 3378 5131; x_wconf 77' lang='grc' dir='ltr'><strong>ἆδυνατήσεις,</strong></span> <span class='ocrx_word' id='word_1_846' title='bbox 3439 5058 3484 5114; x_wconf 84' lang='grc' dir='ltr'>ὧ</span> <span class='ocrx_word' id='word_1_847' title='bbox 3533 5059 3595 5114; x_wconf 78' lang='grc' dir='ltr'><strong>σὺ</strong></span> <span class='ocrx_word' id='word_1_848' title='bbox 3635 5058 3896 5130; x_wconf 74' lang='grc' dir='ltr'><strong>ἐνστάτα,</strong></span> 
     </span>
    </p>
   </div>
   <div class='ocr_carea' id='block_1_116' title="bbox 2230 5148 3898 5229">
    <p class='ocr_par' dir='ltr' id='par_1_116' title="bbox 2230 5148 3898 5229">
     <span class='ocr_line' id='line_1_116' title="bbox 2230 5148 3898 5229; baseline -0.004 -20"><span class='ocrx_word' id='word_1_849' title='bbox 2230 5155 2522 5229; x_wconf 74' lang='grc' dir='ltr'><strong>ἀπηνὲγκω</strong></span> <span class='ocrx_word' id='word_1_850' title='bbox 2571 5154 2667 5222; x_wconf 78' lang='grc' dir='ltr'>τήν</span> <span class='ocrx_word' id='word_1_851' title='bbox 2721 5151 2998 5226; x_wconf 73' lang='grc' dir='ltr'><strong>μέλαιναν·</strong></span> <span class='ocrx_word' id='word_1_852' title='bbox 3053 5149 3099 5205; x_wconf 83' lang='grc' dir='ltr'>εί</span> <span class='ocrx_word' id='word_1_853' title='bbox 3149 5148 3205 5204; x_wconf 69' lang='grc' dir='ltr'><strong>δὲ</strong></span> <span class='ocrx_word' id='word_1_854' title='bbox 3235 5149 3323 5204; x_wconf 85' lang='grc' dir='ltr'><strong>καὶ</strong></span> <span class='ocrx_word' id='word_1_855' title='bbox 3372 5149 3681 5219; x_wconf 77' lang='grc' dir='ltr'><strong>εύτονήσεις</strong></span> <span class='ocrx_word' id='word_1_856' title='bbox 3712 5150 3779 5204; x_wconf 74' lang='grc' dir='ltr'>τὰ</span> <span class='ocrx_word' id='word_1_857' title='bbox 3814 5150 3898 5212; x_wconf 79' lang='grc' dir='ltr'><strong>εἷς</strong></span> 
     </span>
    </p>
   </div>
   <div class='ocr_carea' id='block_1_117' title="bbox 2231 5240 3891 5317">
    <p class='ocr_par' dir='ltr' id='par_1_117' title="bbox 2231 5240 3891 5317">
     <span class='ocr_line' id='line_1_117' title="bbox 2231 5240 3891 5317; baseline -0.002 -18"><span class='ocrx_word' id='word_1_858' title='bbox 2231 5242 2520 5314; x_wconf 83' lang='grc' dir='ltr'><strong>ἀπόδειξιν,</strong></span> <span class='ocrx_word' id='word_1_859' title='bbox 2575 5240 2931 5317; x_wconf 77' lang='grc' dir='ltr'><strong>δικηγορήσει</strong></span> <span class='ocrx_word' id='word_1_860' title='bbox 2977 5243 3276 5310; x_wconf 83' lang='grc' dir='ltr'><strong>τηνικαῦτα</strong></span> <span class='ocrx_word' id='word_1_861' title='bbox 3317 5240 3455 5293; x_wconf 80' lang='grc' dir='ltr'><strong>κατὰ</strong></span> <span class='ocrx_word' id='word_1_862' title='bbox 3500 5244 3597 5294; x_wconf 74' lang='grc' dir='ltr'>σοῦ</span> <span class='ocrx_word' id='word_1_863' title='bbox 3643 5240 3706 5293; x_wconf 87' lang='grc' dir='ltr'>τὸ</span> <span class='ocrx_word' id='word_1_864' title='bbox 3738 5241 3891 5312; x_wconf 71' lang='grc' dir='ltr'><strong>ἱερὸν</strong></span> 
     </span>
    </p>
   </div>
   <div class='ocr_carea' id='block_1_118' title="bbox 2227 5325 3892 5410">
    <p class='ocr_par' dir='ltr' id='par_1_118' title="bbox 2227 5325 3892 5410">
     <span class='ocr_line' id='line_1_118' title="bbox 2227 5325 3892 5410; baseline -0.004 -21"><span class='ocrx_word' id='word_1_865' title='bbox 2227 5331 2578 5410; x_wconf 80' lang='grc' dir='ltr'><strong>Εὐαγγέλιον,</strong></span> <span class='ocrx_word' id='word_1_866' title='bbox 2626 5332 2717 5388; x_wconf 82' lang='grc' dir='ltr'><strong>καὶ</strong></span> <span class='ocrx_word' id='word_1_867' title='bbox 2767 5332 3080 5402; x_wconf 72' lang='grc' dir='ltr'><strong>ἐπιτιμήσει</strong></span> <span class='ocrx_word' id='word_1_868' title='bbox 3111 5325 3300 5390; x_wconf 68' lang='grc' dir='ltr'>ἄλλως</span> <span class='ocrx_word' id='word_1_869' title='bbox 3342 5348 3400 5382; x_wconf 72' lang='grc' dir='ltr'>τε</span> <span class='ocrx_word' id='word_1_870' title='bbox 3429 5327 3759 5403; x_wconf 83' lang='grc' dir='ltr'><strong>πολλαχῶς,</strong></span> <span class='ocrx_word' id='word_1_871' title='bbox 3791 5330 3892 5383; x_wconf 78' lang='grc' dir='ltr'><strong>καὶ</strong></span> 
     </span>
    </p>
   </div>
   <div class='ocr_carea' id='block_1_119' title="bbox 2231 5413 3894 5498">
    <p class='ocr_par' dir='ltr' id='par_1_119' title="bbox 2231 5413 3894 5498">
     <span class='ocr_line' id='line_1_119' title="bbox 2231 5413 3894 5498; baseline -0.006 -20"><span class='ocrx_word' id='word_1_872' title='bbox 2231 5421 2320 5478; x_wconf 81' lang='grc' dir='ltr'><strong>διὰ</strong></span> <span class='ocrx_word' id='word_1_873' title='bbox 2345 5427 2442 5478; x_wconf 79' lang='grc' dir='ltr'>τοῦ</span> <span class='ocrx_word' id='word_1_874' title='bbox 2473 5428 2672 5498; x_wconf 81' lang='grc' dir='ltr'><strong>χρῆναι</strong></span> <span class='ocrx_word' id='word_1_875' title='bbox 2721 5420 2894 5476; x_wconf 88' lang='grc' dir='ltr'><strong>πάντα</strong></span> <span class='ocrx_word' id='word_1_876' title='bbox 2942 5419 3058 5492; x_wconf 79' lang='grc' dir='ltr'><strong>μὲν,</strong></span> <span class='ocrx_word' id='word_1_877' title='bbox 3111 5416 3209 5472; x_wconf 74' lang='grc' dir='ltr'><strong>ὅσα</strong></span> <span class='ocrx_word' id='word_1_878' title='bbox 3257 5415 3367 5491; x_wconf 66' lang='grc' dir='ltr'><strong>ἐγὼ</strong></span> <span class='ocrx_word' id='word_1_879' title='bbox 3413 5413 3674 5484; x_wconf 82' lang='grc' dir='ltr'><strong>διδάσκω,</strong></span> <span class='ocrx_word' id='word_1_880' title='bbox 3705 5423 3894 5470; x_wconf 82' lang='grc' dir='ltr'><strong>ποιεῖν</strong></span> 
     </span>
    </p>
   </div>
   <div class='ocr_carea' id='block_1_120' title="bbox 2230 5503 3892 5585">
    <p class='ocr_par' dir='ltr' id='par_1_120' title="bbox 2230 5503 3892 5585">
     <span class='ocr_line' id='line_1_120' title="bbox 2230 5503 3892 5585; baseline -0.004 -19"><span class='ocrx_word' id='word_1_881' title='bbox 2230 5533 2308 5585; x_wconf 86' lang='grc' dir='ltr'>σε,</span> <span class='ocrx_word' id='word_1_882' title='bbox 2334 5518 2456 5576; x_wconf 89' lang='grc' dir='ltr'>τοῖς</span> <span class='ocrx_word' id='word_1_883' title='bbox 2505 5509 2563 5566; x_wconf 71' lang='grc' dir='ltr'><strong>δὲ</strong></span> <span class='ocrx_word' id='word_1_884' title='bbox 2611 5509 2766 5583; x_wconf 79' lang='grc' dir='ltr'><strong>ἐμοῖς</strong></span> <span class='ocrx_word' id='word_1_885' title='bbox 2813 5506 2994 5585; x_wconf 79' lang='grc' dir='ltr'><strong>ἔργοις</strong></span> <span class='ocrx_word' id='word_1_886' title='bbox 3049 5507 3126 5578; x_wconf 78' lang='grc' dir='ltr'><strong>μὴ</strong></span> <span class='ocrx_word' id='word_1_887' title='bbox 3178 5503 3591 5569; x_wconf 77' lang='grc' dir='ltr'><strong>ἐπακολουθεῖν.</strong></span> <span class='ocrx_word' id='word_1_888' title='bbox 3638 5511 3892 5579; x_wconf 72' lang='grc' dir='ltr'><strong>Παρακεο</strong></span> 
     </span>
    </p>
   </div>
   <div class='ocr_carea' id='block_1_121' title="bbox 2228 5593 3889 5670">
    <p class='ocr_par' dir='ltr' id='par_1_121' title="bbox 2228 5593 3889 5670">
     <span class='ocr_line' id='line_1_121' title="bbox 2228 5593 3889 5670; baseline -0.005 -15"><span class='ocrx_word' id='word_1_889' title='bbox 2228 5599 2441 5656; x_wconf 77' lang='grc' dir='ltr'><strong>λεύεται</strong></span> <span class='ocrx_word' id='word_1_890' title='bbox 2493 5597 2550 5655; x_wconf 80' lang='grc' dir='ltr'>δι</span> <span class='ocrx_word' id='word_1_891' title='bbox 2600 5620 2684 5654; x_wconf 92' lang='grc' dir='ltr'><strong>σοι</strong></span> <span class='ocrx_word' id='word_1_892' title='bbox 2729 5599 2818 5654; x_wconf 84' lang='grc' dir='ltr'><strong>καὶ</strong></span> <span class='ocrx_word' id='word_1_893' title='bbox 2874 5599 2935 5654; x_wconf 85' lang='grc' dir='ltr'><strong>τὸ</strong></span> <span class='ocrx_word' id='word_1_894' title='bbox 2995 5593 3229 5670; x_wconf 75' lang='grc' dir='ltr'><strong>ἐλέγξαι,</strong></span> <span class='ocrx_word' id='word_1_895' title='bbox 3259 5596 3348 5649; x_wconf 78' lang='grc' dir='ltr'><strong>καὶ</strong></span> <span class='ocrx_word' id='word_1_896' title='bbox 3404 5594 3744 5667; x_wconf 81' lang='grc' dir='ltr'><strong>ἐπιτιμῆσαι,</strong></span> <span class='ocrx_word' id='word_1_897' title='bbox 3785 5595 3889 5648; x_wconf 80' lang='grc' dir='ltr'><strong>καὶ</strong></span> 
     </span>
    </p>
   </div>
   <div class='ocr_carea' id='block_1_122' title="bbox 2227 5682 3893 5765">
    <p class='ocr_par' dir='ltr' id='par_1_122' title="bbox 2227 5682 3893 5765">
     <span class='ocr_line' id='line_1_122' title="bbox 2227 5682 3893 5765; baseline -0.004 -21"><span class='ocrx_word' id='word_1_898' title='bbox 2227 5687 2644 5765; x_wconf 73' lang='grc' dir='ltr'><strong>παρακαλέσαι,</strong></span> <span class='ocrx_word' id='word_1_899' title='bbox 2701 5688 2790 5744; x_wconf 83' lang='grc' dir='ltr'><strong>καὶ</strong></span> <span class='ocrx_word' id='word_1_900' title='bbox 2850 5687 2990 5743; x_wconf 72' lang='grc' dir='ltr'>οῧτω</span> <span class='ocrx_word' id='word_1_901' title='bbox 3057 5682 3342 5764; x_wconf 78' lang='grc' dir='ltr'><strong>φρονίμως</strong></span> <span class='ocrx_word' id='word_1_902' title='bbox 3403 5683 3893 5761; x_wconf 79' lang='grc' dir='ltr'><strong>μεταχειρίσασθαι</strong></span> 
     </span>
    </p>
   </div>
  </div>
