4114 6200
257 410 361 470 657

1224 405 1302 465 ΙΝ
1350 405 1414 464 S.
1462 403 2150 475 QUADRAGESIMAM
2193 405 2488 468 ORATIO
2530 406 2637 468 IlI.

3517 409 3636 472 658

249 540 309 594 τὰ
336 536 405 598 εἰς
436 535 572 608 ιμήν
615 531 924 608 διόρθωσιν,
957 533 1019 589 ού
1075 534 1182 608 μὴν
1242 530 1520 612 ὀφεωδῶς,
1553 533 1642 590 καὶ
1691 535 1764 596 ὡς
1811 532 1857 589 ἂι

1989 539 2324 610 serpentino
2380 539 2572 609 modo,
2615 542 2673 594 et
2727 537 2808 593 ita
2854 541 2920 593 ut
2971 538 3260 594 dmmones
3315 539 3629 610 gaudeant.

248 626 473 702 χαίροιεν
503 620 774 695 δαίμονες.
808 623 980 696 Οἶμαι
1027 621 1106 694 δὲ,
1139 621 1219 677 ὅτι
1266 622 1353 677 καὶ
1404 621 1588 684 ἄλλως
1636 623 1870 678 αἰτιάσε-

245 715 320 770 ταί
347 735 400 768 σε
437 713 464 766 ὁ
497 711 656 786 ὀρθὸς
688 710 877 787 λόγος,
911 712 960 766 εἴ
993 713 1067 786 μὴ
1127 711 1258 788 χθές
1316 733 1421 767 που
1477 713 1566 767 καὶ
1627 712 1732 786 πρὸ
1761 712 1873 784 τρί-

243 826 330 874 της
383 802 468 857 καί
523 799 604 856 ἔτι
638 800 829 875 μικρόν
888 823 942 857 τι
994 800 1207 870 ἀνόπιν,
1234 800 1359 857 ἀλλ’
1388 800 1440 872 ἐξ
1467 801 1633 871 αὐτῆς
1665 804 1867 878 ἀρχῆς,

243 893 320 947 ὅτε
346 895 436 945 τοῦ
465 892 614 966 ἱεροῦ
641 891 836 946 τούτου
869 890 1078 967 λάχους
1111 889 1377 966 ἐγενόμην
1443 890 1608 967 μέχρι
1655 891 1746 945 καὶ
1775 892 1871 962 τή-

244 1000 389 1056 μερον
445 976 859 1056 ἁνεξελέγκτως,
909 978 1275 1056 λογοπραγεῖς
1329 999 1417 1053 με,
1463 980 1556 1034 τὸν
1609 979 1698 1033 καὶ
1749 976 1869 1034 διά-

238 1090 376 1125 κονον
446 1072 553 1122 τῶν
627 1072 723 1122 τοῦ
805 1073 939 1124 Θεοῦ
1014 1069 1352 1144 μυστηρίων,
1407 1068 1497 1123 κᾶὶ
1555 1067 1720 1144 ἱερέα,
1775 1067 1864 1124 καὶ

237 1155 492 1233 ἀρχιερέα,
523 1155 614 1211 καὶ
665 1155 854 1228 Θύτην,
902 1156 993 1212 καὶ
1045 1157 1252 1231 μύστην
1313 1161 1469 1228 Θεοῦ,
1511 1157 1600 1212 καὶ
1663 1177 1864 1230 μυστα-

232 1247 392 1323 γωγὸν
443 1245 494 1299 ἐν
552 1245 705 1319 ὑμῖν,
736 1247 822 1300 καὶ
875 1247 1079 1322 πατέρα
1124 1246 1260 1302 κατᾶ
1295 1249 1529 1319 πνεῦμα,
1559 1245 1647 1301 καὶ
1708 1241 1863 1300 διδά-

231 1333 430 1406 σκαλον,
476 1333 570 1388 καὶ
635 1335 892 1410 ἁγιαστήν
949 1333 1001 1388 ἐν
1061 1339 1214 1407 Θιῷο
1268 1334 1357 1389 καὶ
1410 1337 1701 1411 πράγματα
1756 1353 1860 1388 πα-

231 1424 393 1499 ρέχεις
422 1423 511 1477 καὶ
541 1424 918 1499 κατακραυγὰς
949 1424 1040 1478 καὶ
1094 1423 1380 1500 ὀχλήσεις,
1411 1424 1501 1480 καὶ
1552 1422 1621 1478 δι’
1652 1419 1860 1499 ὕϐρεων

229 1509 375 1588 ἄγεις,
421 1511 510 1565 καὶ
587 1512 691 1580 τήν
764 1508 1108 1589 ἀδελφότητα
1164 1510 1352 1587 ψεύδῃ,
1402 1515 1489 1568 καὶ
1551 1519 1652 1583 τῆς
1711 1514 1858 1587 ἱερᾶς

227 1601 479 1676 ἀποσχίζῃ
530 1601 822 1671 συνάξεως,
854 1601 942 1655 καὶ
1001 1599 1126 1657 οὐδὲ
1180 1603 1280 1672 τὴν
1341 1603 1508 1672 αὐτὴν
1564 1609 1666 1677 γῆν
1719 1604 1856 1674 ἡμῖν

226 1690 372 1764 ἀνέχῃ
421 1695 639 1758 πατεῖν,
686 1687 809 1745 οὐδὲ
882 1691 973 1746 τὸν
1034 1691 1194 1746 αὐτὸν
1257 1691 1499 1747 έναπνεῖν
1555 1690 1706 1768 ἀέρα,
1766 1690 1855 1745 καὶ

226 1781 526 1849 συναντήσας
587 1776 651 1834 δέ
708 1800 814 1834 που
864 1781 982 1844 καθ’
1039 1779 1163 1836 ὁδὸν
1223 1779 1454 1856 ἐκτρέπῃ
1513 1779 1852 1857 πλαγιάζων,

220 1867 296 1922 καὶ
349 1868 563 1922 σεαυτὸν
637 1868 914 1947 ἀφορίζεις
973 1868 1022 1942 ἐξ
1066 1867 1267 1943 ἡμῶν,
1306 1872 1394 1925 καὶ
1463 1867 1626 1934 δίδως
1681 1869 1852 1931 οὕτως
1887 1910 1934 1976 Β

227 1955 239 1976 9
285 1958 296 1974 \
359 1957 372 1976 \
483 1961 509 1972 ν
572 1958 586 1976 1
992 1957 1003 1976 Ι
1231 1958 1241 1974 \
1341 1961 1353 1976 ο
1561 1958 1581 1976 Ἴ
1635 1960 1645 1976 \
1745 1956 1769 1976 δ
1816 1958 1827 1976 1

226 1955 298 2012 ἐπὶ
324 1957 410 2012 τὸν
445 1958 624 2012 νῶτόν
678 1979 774 2012 σου
822 1957 1116 2013 τεκταίνειν
1161 1958 1288 2021 τοὺς
1329 1958 1691 2035 ἁμαρτωλοὺς
1741 1956 1856 2012 δαί-

233 2066 400 2117 μονας,
446 2046 536 2101 καὶ
595 2045 698 2108 τὰς
754 2046 890 2119 ψόας
950 2068 1046 2102 σου
1102 2045 1377 2121 ἐμπιπλᾷν
1438 2048 1855 2122 ὲμπαιγμάτων.

233 2139 380 2204 Στῆθι
426 2135 652 2212 μικρὸν,
684 2130 981 2210 ἔμῦλεψον,
1014 2135 1256 2207 λάλησον
1312 2136 1389 2199 εἷς
1447 2136 1701 2214 ἐμφανὲς,
1729 2156 1861 2212 προ-

231 2216 380 2278 ϐαλοῦ
430 2226 497 2279 τὰ
573 2223 876 2294 λυποῦντα,
934 2222 1312 2295 καταδίκασόν,
1372 2223 1716 2296 δικαιώθητι,
1766 2223 1858 2279 καὶ

229 2312 333 2366 τότε
373 2313 537 2382 ποίει,
593 2313 731 2389 ὅπερ
789 2313 1013 2378 ἐθέλεις·
1064 2316 1153 2370 ὅτε
1188 2318 1408 2386 νικήσας
1472 2317 1564 2390 μὶν
1629 2315 1859 2390 βελτιώ-

230 2421 322 2463 σεις
366 2405 529 2474 ἡμᾶς,
577 2402 826 2474 νικηθεὶς
883 2401 940 2458 δὶ
993 2403 1082 2459 καὶ
1136 2403 1390 2479 ἐπιγνοὺς
1442 2404 1678 2475 τάληθὶς
1731 2403 1858 2480 βελ-

227 2491 466 2566 amem,
518 2493 901 2557 άποκαταστᾶς
947 2493 1024 2558 εἰς
1077 2489 1352 2572 ἔμφρονα·
1387 2491 1574 2556 ἄλλως
1625 2492 1683 2548 δὲ
1741 2491 1858 2548 δια-

230 2572 354 2647 ϐίου,
384 2583 517 2653 ἡμῖν
575 2581 808 2658 ἀπέχειν
844 2582 1034 2656 μανίας
1066 2581 1317 2658 ἄντικρυς
1366 2585 1537 2647 πάθος
1568 2581 1862 2654 ἐξιστώσης

227 2687 435 2744 φρενων.

283 2776 373 2844 κζ’.
424 2775 610 2832 Ἀλλὰ
654 2779 1086 2848 καταστήσαντες
1143 2779 1234 2833 καὶ
1288 2782 1449 2833 τοῦτο
1501 2775 1748 2845 ἐνταῦθα,
1798 2777 1860 2832 οὗ

229 2860 504 2938 δεησόμεθα
540 2871 770 2942 μακρῶν
804 2865 986 2942 λόγων
1046 2864 1172 2922 οὐδὲ
1224 2866 1301 2930 εἰς
1355 2868 1417 2922 τὸ
1454 2871 1696 2942 πρῶτον,
1728 2865 1860 2942 ὅπερ

227 2952 282 3021 ἦν
328 2955 385 3008 τὸ
432 2955 796 3032 ἀγαθουργεῖν
853 2956 943 3010 καὶ
1013 2956 1135 3031 ἄτερ
1213 2953 1586 3018 διδασκαλίας.
1639 2955 1704 3012 Εἰ
1757 2957 1860 3030 γὰρ

228 3039 496 3118 ἐδείξαμεν,
531 3047 622 3101 ὅσι
675 3047 766 3100 καὶ
829 3046 1159 3120 ἐποιήσαμεν
1218 3047 1308 3102 καὶ
1367 3051 1656 3120 ποιοῦμεν,
1709 3067 1863 3100 συνα-

226 3129 539 3190 ποδέδεικται
569 3132 843 3205 δήπουθεν
901 3135 989 3190 καὶ
1045 3134 1175 3190 αὐτὸ
1227 3133 1365 3197 τέως
1421 3156 1485 3210 γε
1546 3136 1674 3208 μὴν,
1710 3133 1860 3208 εἷ’περ

226 3220 478 3278 καὶτοῦτο
503 3223 670 3279 πέσοι
727 3222 780 3285 ἐς
833 3220 1215 3294 ἀπόδειξιν.”0
1259 3225 1388 3286 Θεὸς
1434 3225 1528 3297 μὲν
1579 3223 1744 3294 εἰδείη
1798 3221 1859 3278 ἂν

227 3309 300 3362 καὶ
354 3312 403 3366 οἱ
460 3313 704 3368 ἑκάστων
764 3312 1000 3391 φύλακες
1055 3311 1275 3388 ἄγγελοι
1328 3315 1502 3368 πάντα
1561 3312 1629 3368 τὰ
1682 3317 1860 3376 κακῶς
1893 3280 1936 3348 C

228 3400 524 3472 ποιούμενα,
563 3400 851 3478 ἅνθρωπος
912 3399 970 3457 δὲ
1018 3401 1116 3457 οὐκ
1175 3403 1326 3475 οἶμαι
1395 3400 1544 3477 εἷ’περ
1594 3402 1753 3464 ἅπας.
1796 3401 1864 3458 Ei’

228 3487 313 3563 γὰρ
335 3494 436 3544 τῶν
471 3495 692 3563 σεμνῶς
714 3491 804 3545 καὶ
854 3488 982 3546 οὐδὲ
1032 3491 1262 3553 κανόνος
1311 3487 1412 3563 ἔξω
1471 3490 1857 3566 πραττομένων

229 3574 284 3629 τὸ.
308 3575 474 3633 πλείω
507 3577 814 3658 διεκφεύγει
868 3581 964 3642 τὰς
1019 3584 1126 3634 τῶν
1159 3578 1388 3635 πολλῶν
1441 3578 1716 3649 αἰσθήσεις
1769 3579 1859 3633 καὶ

225 3665 306 3729 τὰς
330 3665 563 3732 ἐντεῦθεν
597 3666 849 3739 εἰδήσεις,
883 3667 1065 3744 σχολῇ
1098 3690 1158 3744 γε
1189 3669 1247 3723 ἂν
1279 3669 1346 3723 τὰ
1374 3665 1624 3746 σφοδρῶς
1673 3668 1860 3742 ἡμαρ-

226 3754 431 3825 τημένα,
464 3757 555 3812 καὶ
614 3752 808 3812 σκὸτου
855 3756 996 3828 ἄξια,
1028 3757 1117 3812 καὶ
1167 3756 1428 3833 αἰσχύνην
1471 3752 1858 3832 ἐπισυρόμενα,

223 3843 297 3896 καὶ
349 3842 533 3909 αἰδοῦς
595 3843 761 3916 αἴτια,
795 3846 1048 3922 πρόοπτα
1101 3845 1341 3922 γίνοιντο
1401 3844 1483 3915 ἂν,
1546 3845 1634 3901 καὶ
1690 3849 1859 3900 ταῦτα

224 3937 324 3992 τοῖς
356 3936 492 4006 μήτε
519 3941 626 4005 τῆς
658 3935 822 4006 αὐτῆς
851 3934 1048 4004 ἐστίας,
1085 3938 1224 4008 μήτε
1271 3935 1473 4014 ὀρόφου
1517 3939 1614 3990 τοῦ
1670 3933 1853 4004 αὐτοῦ,

229 4022 350 4090 μήτε
375 4026 650 4098 τραπέζης
684 4031 810 4098 μιᾶς
837 4029 1142 4086 κοινωνοῖς.

282 4226 380 4288 κη’.
411 4220 508 4276 Καὶ
571 4218 716 4275 οὕτω
767 4221 858 4295 μὲν
913 4219 1023 4297 ἐγὼ
1081 4219 1218 4299 ἀμφὶ
1269 4220 1484 4283 τούτοις
1517 4218 1653 4296 ἔχω,
1683 4220 1850 4296 τυχὸν

228 4305 307 4374 μὲν
354 4309 480 4383 ὀρθὰ
546 4307 808 4381 δοξάζων,
836 4308 968 4372 ἴσως
1029 4306 1087 4364 δὲ
1137 4310 1225 4364 καὶ
1269 4307 1666 4388 σφαλλόμενος·
1701 4309 1855 4382 ὑμεῖς

226 4387 291 4463 δὶ,
322 4395 362 4449 ὧ
409 4398 573 4472 φίλον
613 4398 1001 4475 ἀκροατήριον,
1055 4399 1100 4453 ὧ
1149 4397 1202 4454 ἐν
1251 4387 1470 4473 Χριστῷ
1527 4395 1774 4475 ἀδελφοὶ,
1808 4399 1853 4452 ὧ

227 4476 394 4540 δοῦλοι
425 4492 561 4544 Θεοῦ
592 4489 728 4552 καθὰ
755 4489 846 4543 καὶ
878 4487 1006 4563 ἐγὼ,
1034 4488 1079 4542 ὦ
1115 4488 1206 4542 καὶ
1251 4491 1469 4565 φρονεῖν
1529 4485 1705 4562 ἄκροι,
1762 4486 1852 4540 καὶ

225 4573 405 4645 κρίνειν
430 4577 497 4632 τὰ
522 4577 763 4653 πρακτέα
820 4578 994 4653 ὀρθῶς
1055 4574 1240 4649 δεξιοὶ,
1272 4577 1408 4652 πρὸς
1462 4581 1569 4631 τῶν
1626 4575 1850 4650 ἀρετῶν,

228 4658 279 4722 ’ἀς
305 4660 415 4719 ἰδοὺ
465 4666 924 4743 έπεμαρτυράμην
973 4668 1123 4740 ὑμῖν,
1171 4667 1309 4742 πρὸς
1363 4666 1524 4722 αὐτοῦ
1583 4669 1715 4720 Θεοῦ
1757 4669 1853 4720 τοῦ

230 4747 344 4825 ὖπὶρ
413 4757 620 4810 ἅπασαν
697 4756 915 4831 ἀρετὴν,
966 4752 1275 4831 διακρίνατε
1341 4755 1428 4810 καὶ
1505 4754 1853 4832 άποφήνασθε

228 4838 303 4891 καὶ
333 4838 571 4917 διδάξατέ
603 4866 687 4919 με,
721 4844 828 4916 ὅπη
860 4849 968 4899 τῶν
993 4843 1280 4919 ἀπηριθμη
1293 4844 1467 4918 μένων
1524 4843 1705 4898 τόπων
1762 4864 1853 4897 τε·

226 4925 458 5003 τάξομαι·
491 4934 567 4998 ὡς
620 4933 680 4988 ἂν
737 4934 921 5007 μαθὼν
974 4935 1065 4988 τὸν
1121 4932 1251 5006 ἐμὸν
1292 4934 1485 5004 τόπον,
1537 4934 1852 4988 κατασταθῶ

229 5013 294 5076 εἷς
338 5039 388 5074 τι
443 5022 634 5100 πάγιον
693 5022 729 5093 ἢ
781 5024 1035 5100 γνώσεως
1064 5023 1099 5092 ἢ
1145 5022 1530 5098 ἀπογνώσεως,
1564 5023 1638 5085 ὡς
1667 5027 1760 5078 νῦν
1791 5043 1854 5098 γε

229 5106 419 5190 νομίζω
474 5117 765 5190 σταθιρῶς,
799 5112 880 5168 ὅτι
939 5111 1029 5168 καὶ
1090 5110 1319 5183 ἐποίησα
1369 5113 1458 5166 καὶ
1519 5117 1665 5168 ποιῶ
1716 5111 1852 5189 πρὸς

231 5188 435 5269 δύναμιν
482 5188 643 5276 ἐμήν,
670 5202 758 5257 καὶ
819 5199 1033 5273 ἐδίδαξα
1087 5201 1176 5257 καὶ
1237 5198 1494 5269 διδάσκω,
1553 5201 1688 5256 καθά
1743 5188 1852 5255 ἔνε-

228 5282 403 5359 χώρει.
435 5295 587 5346 Δοκῶ
637 5293 712 5365 μή
765 5293 969 5366 μακράν
1018 5292 1152 5347 εἶναι
1196 5295 1293 5347 τοῦ
1342 5291 1431 5346 καὶ
1477 5290 1584 5366 ἐγὼ
1645 5292 1852 5366 ἅνθρω-

228 5389 317 5456 πος
368 5377 495 5432 εἶναι
547 5385 705 5454 Θεοῦ,
759 5381 833 5444 ὡς
887 5381 976 5436 καὶ
1037 5381 1189 5456 ὑμῶν
1249 5377 1510 5443 ἕκαστος·
1562 5379 1650 5434 καὶ
1710 5379 1851 5434 οὕτω

232 5455 446 5533 δοξάζων
504 5468 632 5540 ἀξιῶ
690 5468 740 5543 ἐξ
813 5469 1071 5545 ἀνάγκης,
1131 5469 1417 5546 ἀναλόγως
1474 5473 1542 5544 τῇ
1588 5469 1703 5525 κατ’
1756 5468 1853 5542 ἐμὲ

232 5546 585 5629 ἀνθρωπότητι
634 5558 950 5636 ἐξευρίσκειν
1006 5559 1075 5614 τὰ
1121 5558 1258 5635 πρὸς
1317 5557 1414 5633 ἐμὲ
1469 5558 1546 5621 ὡς
1603 5556 1853 5613 ἑκάστοτε

233 5645 609 5726 συμπτώματα.
642 5649 774 5707 Οἴόν
821 5669 874 5705 τι
916 5646 1104 5726 λέγω;
1138 5646 1347 5713 Ἐθέλω
1406 5646 1644 5726 εὐλογῶν
1705 5668 1853 5712 τινας

229 5724 371 5794 αὐτὸς
412 5736 485 5809 μὴ
532 5724 1003 5818 κακολογεῖσθαι,
1034 5733 1175 5814 μηδὲ
1228 5735 1281 5792 ἐν
1333 5741 1413 5812 τῷ
1469 5724 1702 5796 ἐπαινεῖν
1756 5757 1851 5793 πε-

1984 627 2126 682 Puto
2160 645 2292 682 vero
2320 628 2468 698 quod
2505 628 2682 682 etiam
2713 627 2952 683 aliunde
2984 632 3038 682 te
3067 632 3225 682 recte
3256 626 3402 682 ratio
3435 643 3633 698 repre-

1981 716 2216 784 hendet,
2250 717 2298 772 si
2337 734 2450 772 non
2501 717 2644 788 heri,
2679 733 2867 788 neque
2917 715 3134 772 nudius
3177 716 3407 780 tertius,
3441 733 3630 788 neque

1981 806 2154 877 paulo
2177 811 2328 872 ante,
2361 807 2461 861 sed
2484 822 2552 860 ex
2573 806 2699 877 ipso
2722 805 3030 877 principio,
3061 822 3195 861 cum
3216 822 3443 861 sacram
3476 806 3630 862 hanc

1979 899 2194 950 sortem
2229 894 2684 966 obtinui,usque
2716 896 2786 950 ad
2817 899 3162 965 praesentem
3194 894 3371 962 diem,
3405 895 3627 966 absque

1978 983 2318 1055 probatione
2364 983 2745 1039 calumniaris
2793 999 2906 1051 me,
2951 989 3008 1039 et
3056 982 3469 1056 mysteriorum
3521 983 3625 1038 Dei

1976 1072 2332 1141 ministrum,
2365 1078 2424 1128 et
2463 1073 2846 1143 sacerdotem,
2880 1077 2937 1128 et
2985 1072 3536 1140 archisacerdotem,
3567 1077 3627 1129 et

1975 1161 2403 1228 sacricolam,et
2416 1163 2513 1218 Dei
2538 1165 2872 1234 mystam,et
2893 1167 3304 1233 mystagogum
3327 1161 3481 1216 inter
3494 1178 3620 1232 vos,

1973 1254 2029 1306 et
2075 1252 2400 1307 secundum
2430 1251 2704 1323 spiritum
2738 1256 2985 1322 patrem,
3019 1255 3076 1304 et
3120 1250 3438 1318 doctorem,
3471 1253 3527 1305 et
3559 1251 3620 1308 in

1971 1340 2088 1396 Deo
2118 1341 2640 1407 sanctificatorem;
2672 1344 2728 1394 et
2759 1339 2988 1409 negotia
3019 1339 3241 1411 praebes
3294 1341 3351 1394 et
3399 1339 3618 1396 clamo-

1971 1445 2064 1484 res
2093 1434 2149 1484 et
2176 1430 2384 1486 turbas
2412 1430 2612 1500 cies,et
2641 1429 2696 1483 in
2699 1427 2923 1498 juriose
2953 1427 3162 1500 agis,et
3192 1428 3619 1485 fraternitatem

1970 1518 2259 1589 mentiris,
2293 1523 2350 1573 et
2379 1535 2413 1573 a
2469 1533 2638 1573 sacra
2685 1517 3100 1573 communione
3155 1519 3212 1572 te
3269 1533 3530 1588 separas,
3563 1522 3622 1574 et

1967 1621 2074 1661 nec
2103 1607 2370 1662 eamdem
2422 1611 2637 1662 terram
2673 1623 2736 1661 ac
2779 1623 2886 1662 nos
2916 1605 3157 1672 calcare,
3193 1622 3299 1662 nec
3341 1607 3615 1663 eumdem

1966 1695 2190 1766 spirare
2220 1712 2412 1751 aerem
2445 1696 2726 1762 sustines,
2758 1700 2816 1751 et
2845 1696 2894 1750 si
2928 1695 3073 1751 forte
3105 1695 3275 1751 nobis
3319 1711 3614 1763 occurras,

1965 1799 2282 1840 conversus
2331 1784 2567 1857 oblique
2598 1801 2630 1839 a
2659 1785 2752 1839 via
2795 1783 3072 1852 declinas,
3106 1789 3163 1840 et
3193 1789 3250 1840 te
3280 1800 3554 1857 segreges
3581 1801 3616 1841 a

1965 1873 2156 1939 nobis,
2189 1877 2246 1929 et
2288 1872 2369 1929 ita
2409 1875 2515 1929 das
2573 1890 2752 1946 super
2809 1874 3049 1928 dorsum
3106 1877 3276 1928 tuum
3326 1873 3613 1930 fabricare

1966 1967 2298 2034 peccatores
2327 1963 2642 2029 daemones,
2675 1966 2732 2018 et
2757 1977 2925 2017 renes
2954 1965 3089 2016 tuos
3119 1961 3353 2032 impleri
3383 1961 3611 2018 illusio-

1966 2053 2160 2108 nibus.
2195 2053 2344 2108 Siste
2402 2051 2732 2123 paululum,
2764 2050 3015 2117 intuere,
3061 2050 3334 2122 loquetur
3389 2056 3611 2123 aperte,

1967 2140 2184 2212 projice
2233 2158 2362 2213 quae
2411 2147 2468 2196 te
2521 2140 2892 2209 contristent,
2942 2140 3288 2207 condemna,
3321 2140 3612 2210 justitiam

1969 2246 2156 2295 sume,
2188 2234 2245 2286 et
2273 2235 2414 2286 tunc
2449 2231 2535 2286 fac
2566 2229 2722 2301 quod
2773 2228 2859 2284 vis
2888 2245 2901 2284 :
2935 2228 3090 2299 quod
3123 2228 3172 2282 si
3220 2228 3429 2285 viceris
3478 2228 3616 2300 qui-

1968 2321 2124 2386 dem,
2157 2319 2428 2375 meliores
2481 2336 2588 2375 nos
2619 2319 2796 2374 facies
2823 2336 2836 2386 ;
2869 2318 2918 2373 si
2949 2333 3084 2373 vero
3132 2316 3322 2373 victus
3353 2317 3534 2373 fueris
3560 2321 3618 2373 et

1967 2425 2170 2466 verum
2201 2408 2777 2480 cognoveris,melior
2803 2407 3036 2476 evades,
3061 2407 3132 2462 ad
3164 2423 3405 2462 sensum
3437 2422 3620 2463 rever-

1969 2515 2091 2554 sus.
2123 2498 2406 2554 Caeterum
2439 2502 2635 2553 autem
2665 2497 2810 2568 vive,
2845 2513 2952 2552 nos
2982 2512 3017 2551 a
3047 2495 3238 2551 mania
3269 2512 3398 2568 qua:
3453 2511 3618 2568 pror-

1971 2604 2075 2643 sus
2105 2587 2397 2644 subvertit
2428 2602 2669 2643 sensum
2703 2585 3066 2642 abalienans.

2038 2785 2130 2842 27.
2159 2783 2377 2840 Verum
2425 2785 2603 2840 etiam
2651 2783 2762 2839 hoc
2808 2781 2892 2837 ibi
2943 2781 3154 2854 posito,
3185 2797 3376 2853 neque
3425 2780 3618 2853 longis

1970 2891 2116 2946 opus
2148 2874 2260 2929 erit
2289 2873 2458 2929 nobis
2490 2871 2864 2929 sermonibus
2893 2872 2964 2927 ad
2995 2871 3274 2944 primum,
3308 2870 3464 2942 quod
3495 2872 3622 2926 erat

1971 2979 2138 3034 agere
2181 2963 2400 3019 bonum
2453 2961 2631 3017 etiam
2682 2961 2901 3031 absque
2953 2959 3234 3016 doctrinae
3281 2958 3618 3015 traditione.

1969 3053 2026 3106 Si
2057 3051 2213 3108 enim
2246 3051 2637 3121 ostendimus,
2672 3051 2825 3121 quod
2859 3053 2916 3105 et
2947 3048 3190 3105 fecimus
3238 3053 3296 3104 et
3342 3047 3617 3114 facimus,

1970 3140 2148 3196 simul
2180 3139 2374 3211 aliquo
2425 3139 2597 3195 modo
2627 3139 3095 3194 demonstratum
3141 3141 3231 3194 est
3260 3137 3369 3193 hoc
3397 3136 3620 3208 ipsum,

1971 3228 2203 3296 saltem,
2238 3233 2523 3301 quantum
2577 3232 2635 3284 et
2681 3228 2839 3283 istud
2895 3227 3007 3282 sub
3062 3227 3622 3283 demonstrationem

1970 3319 2177 3375 cadere
2235 3321 2446 3390 potest.
2501 3317 2654 3374 Deus
2710 3317 2949 3388 quidem
3004 3315 3133 3382 scit,
3193 3331 3418 3370 necnon
3477 3331 3622 3369 cun-

1970 3413 2200 3464 ctorum
2259 3407 2530 3462 custodes
2587 3405 2780 3478 angeli
2835 3404 3034 3460 omnia
3091 3402 3244 3459 male
3300 3403 3472 3472 facta,
3504 3418 3620 3457 non

1970 3501 2165 3552 autem
2219 3495 2647 3566 unusquisque,
2703 3497 2864 3566 puto,
2925 3492 3285 3549 mortalium.
3347 3492 3406 3546 Si
3461 3490 3621 3547 enim

1969 3587 2169 3639 sancte
2209 3589 2266 3639 et
2310 3601 2424 3639 non
2474 3587 2637 3638 extra
2689 3581 2950 3654 regulam
3003 3583 3290 3637 factorum
3343 3579 3622 3651 pleraque

1970 3673 2199 3744 fugiant
2229 3672 2626 3728 multitudinis
2670 3688 2880 3727 sensus
2926 3671 3174 3741 ideoque
3203 3667 3616 3741 cognitionem,

1969 3761 2152 3817 multo
2176 3761 2371 3817 minus
2389 3777 2512 3832 qum
2537 3760 2788 3832 graviter
2807 3759 3211 3830 suntfpeccata
3240 3757 3617 3828 tenebrisque

1967 3850 2165 3923 digna,
2198 3855 2255 3906 et
2306 3851 2588 3922 pudorem
2640 3848 2921 3904 habentia
2969 3846 3264 3917 comitem,
3314 3850 3371 3902 et
3417 3844 3617 3918 probri

1966 3956 2178 4011 causae,
2213 3939 2525 3996 manifesta
2569 3939 2797 4004 ﬁerent,
2831 3942 2888 3993 et
2935 3937 3029 3992 his
3059 3936 3160 4008 qui
3193 3953 3298 3992 nec
3345 3935 3615 4006 ejusdem

1965 4033 2110 4086 sunt
2139 4030 2490 4097 domus,nec
2522 4032 2738 4085 tectum
2762 4027 2918 4083 idem
2941 4043 3126 4098 neque
3147 4041 3325 4082 unam
3347 4039 3616 4081 mensam

1965 4118 2337 4191 participant.

2033 4226 2123 4281 28.
2157 4225 2226 4281 Et
2274 4224 2358 4281 sic
2409 4224 2649 4296 quidem
2697 4240 2876 4296 super
2918 4222 3015 4280 his
3061 4239 3167 4296 ego
3217 4221 3426 4293 sentio,
3473 4219 3619 4276 forte

1965 4312 2203 4386 quidem
2235 4318 2389 4370 recte
2420 4314 2691 4386 opinans,
2728 4313 2971 4372 forsitan
3004 4317 3199 4369 autem
3229 4315 3286 4368 et
3315 4312 3618 4382 deceptus.

1962 4403 2080 4461 Vos
2135 4409 2354 4474 autem,
2388 4421 2420 4459 ο
2472 4404 2718 4460 charum
2778 4402 3159 4468 auditorium,
3198 4418 3230 4458 o
3286 4400 3493 4456 fratres
3553 4398 3616 4454 in

1963 4492 2214 4565 Christo,
2249 4509 2281 4548 ο
2308 4493 2404 4548 Dei
2429 4493 2578 4549 servi
2601 4493 2758 4548 sicut
2778 4495 2835 4548 et
2868 4507 2994 4563 ego,
3029 4508 3060 4546 ο
3085 4505 3324 4562 sagaces
3355 4485 3612 4558 ingenio,

1963 4581 2309 4654 habilesque
2340 4582 2411 4638 ad
2434 4581 2824 4654 judicandum
2859 4596 2984 4651 quas
3015 4583 3168 4634 recte
3197 4577 3318 4632 sint
3347 4579 3496 4641 acta,
3514 4590 3614 4644 per

1963 4671 2230 4739 virtutes,
2263 4672 2333 4728 de
2364 4671 2581 4742 quibus
2611 4670 2805 4726 testati
2835 4685 3042 4724 sumus
3072 4666 3256 4734 vobis,
3283 4681 3385 4738 per
3412 4663 3608 4736 ipsum

1964 4764 2145 4816 Deum
2181 4761 2281 4832 qui
2313 4761 2492 4831 super
2538 4775 2771 4814 omnem
2802 4757 3072 4814 virtutem
3125 4759 3234 4824 est,
3267 4752 3608 4825 dijudicate,

1962 4854 2020 4905 et
2047 4850 2471 4919 denuntiate,et
2499 4850 2698 4904 docete
2729 4864 2823 4903 me
2854 4862 3109 4920 quonam
3134 4846 3611 4900 enumeratorum

1963 4937 2226 4994 locorum
2273 4939 2648 5010 reponendus
2679 4935 2838 4992 sim:
2875 4940 2960 5006 ut,
3008 4951 3134 4990 meo
3181 4933 3416 5006 cognito
3462 4931 3609 4999 loco,

1965 5027 2289 5082 constituar
2338 5027 2395 5082 in
2443 5027 2698 5098 quadam
2750 5023 3070 5081 stabilitate
3115 5021 3468 5096 cognitionis
3520 5019 3609 5077 vel

1967 5114 2370 5186 ignorationis,
2403 5115 2556 5172 sicut
2604 5131 2757 5170 nunc
2789 5114 3038 5168 firmiter
3085 5113 3280 5181 credo,
3311 5112 3466 5183 quod
3518 5126 3613 5166 se-

1965 5205 2224 5261 cundum
2271 5222 2464 5261 meam
2513 5207 2858 5277 potestatem
2909 5201 3016 5258 feci
3063 5207 3120 5258 et
3150 5201 3317 5272 facio,
3351 5204 3407 5256 et
3443 5200 3616 5271 juxta

1961 5293 2139 5366 vires,
2171 5295 2344 5350 docui
2402 5299 2456 5350 et
2511 5294 2710 5348 doceo.
2769 5292 2918 5348 Puto
2976 5307 3092 5346 non
3150 5288 3351 5363 procul
3409 5288 3616 5343 abesse

1964 5382 2102 5454 quin
2133 5389 2190 5439 et
2239 5401 2344 5457 ego
2393 5383 2502 5439 sim
2555 5383 2729 5438 homo
2761 5380 2881 5448 Dei,
2916 5380 3069 5437 sicut
3098 5383 3154 5435 et
3205 5377 3614 5450 unusquisque

1961 5476 2266 5541 vestrum;
2328 5477 2386 5528 et
2435 5473 2516 5527 ita
2573 5475 2808 5543 putans,
2841 5470 3084 5540 dignum
3141 5485 3209 5524 ex
3263 5465 3613 5522 necessitate

1962 5561 2248 5632 existimo,
2283 5565 2368 5627 ut,
2419 5576 2488 5615 ex
2537 5557 2805 5631 analogia
2852 5575 2984 5614 cum
3038 5557 3406 5613 humanitate
3454 5571 3606 5625 mea,

1961 5650 2246 5722 reperiam
2294 5665 2430 5722 ergo
2484 5664 2578 5704 me
2636 5663 2870 5720 semper
2923 5646 3127 5702 eadem
3186 5647 3604 5720 symptomata.

1959 5738 2110 5804 Quid
2128 5739 2256 5796 dico
2280 5738 2308 5796 ‘2
2327 5737 2471 5798 Volo
2492 5736 2781 5812 quosdam
2798 5735 3150 5794 benedicens
3170 5751 3288 5795 non
3308 5732 3602 5807 maledici,
