  <div class='ocr_page' id='page_1' title='image "/cluster/home/n/w/nwhite01/storage/ocr_20150623/135/hvd.32044073502528/335.png"; bbox 0 0 4114 6200; ppageno 0'>
   <div class='ocr_carea' id='block_1_1' title="bbox 472 401 3894 473">
    <p class='ocr_par' dir='ltr' id='par_1_1' title="bbox 472 401 3894 473">
     <span class='ocr_line' id='line_1_1' title="bbox 472 401 3894 473; baseline 0.004 -13"><span class='ocrx_word' id='word_1_1' title='bbox 472 401 595 461; x_wconf 79' lang='grc'><strong>659</strong></span> <span class='ocrx_word' id='word_1_2' title='bbox 1250 404 1669 468; x_wconf 84' lang='lat' dir='ltr'><strong>EUSTATHII</strong></span> <span class='ocrx_word' id='word_1_3' title='bbox 1713 404 2486 470; x_wconf 80' lang='lat' dir='ltr'><strong>THESSALONICENSIS</strong></span> <span class='ocrx_word' id='word_1_4' title='bbox 2533 407 3117 470; x_wconf 70' lang='lat' dir='ltr'><strong>METROPOLITE</strong></span> <span class='ocrx_word' id='word_1_5' title='bbox 3773 413 3894 473; x_wconf 82' lang='lat'><strong>660</strong></span> 
     </span>
    </p>
   </div>
   <div class='ocr_carea' id='block_1_2' title="bbox 473 532 2147 614">
    <p class='ocr_par' dir='ltr' id='par_1_2' title="bbox 473 533 2132 608">
     <span class='ocr_line' id='line_1_2' title="bbox 473 533 2132 608; baseline 0.003 -21"><span class='ocrx_word' id='word_1_6' title='bbox 473 548 605 600; x_wconf 87' lang='lat' dir='ltr'><strong>nec,</strong></span> <span class='ocrx_word' id='word_1_7' title='bbox 640 533 780 590; x_wconf 91' lang='lat' dir='ltr'><strong>dum</strong></span> <span class='ocrx_word' id='word_1_8' title='bbox 813 533 1007 603; x_wconf 85' lang='lat' dir='ltr'><strong>laudo,</strong></span> <span class='ocrx_word' id='word_1_9' title='bbox 1039 535 1389 607; x_wconf 77' lang='lat' dir='ltr'><strong>vituperari:</strong></span> <span class='ocrx_word' id='word_1_10' title='bbox 1423 553 1568 608; x_wconf 65' lang='lat' dir='ltr'><strong>aegre</strong></span> <span class='ocrx_word' id='word_1_11' title='bbox 1605 537 1745 608; x_wconf 91' lang='lat' dir='ltr'><strong>fero,</strong></span> <span class='ocrx_word' id='word_1_12' title='bbox 1781 554 1896 593; x_wconf 90' lang='lat' dir='ltr'><strong>non</strong></span> <span class='ocrx_word' id='word_1_13' title='bbox 1927 537 2132 592; x_wconf 87' lang='lat' dir='ltr'><strong>furans</strong></span> 
     </span>
    </p>
   </div>
   <div class='ocr_carea' id='block_1_3' title="bbox 2259 532 3894 614">
    <p class='ocr_par' dir='ltr' id='par_1_3' title="bbox 2259 532 3894 614">
     <span class='ocr_line' id='line_1_3' title="bbox 2259 532 3894 614; baseline 0.004 -23"><span class='ocrx_word' id='word_1_14' title='bbox 2259 532 2614 611; x_wconf 80' lang='grc' dir='ltr'>›ιυ6ρίζεσθαι</span> <span class='ocrx_word' id='word_1_15' title='bbox 2673 538 3004 614; x_wconf 79' lang='grc' dir='ltr'>βάρύνομαι,</span> <span class='ocrx_word' id='word_1_16' title='bbox 3069 541 3144 612; x_wconf 80' lang='grc' dir='ltr'>μή</span> <span class='ocrx_word' id='word_1_17' title='bbox 3231 539 3482 596; x_wconf 82' lang='grc' dir='ltr'>κλέπτων</span> <span class='ocrx_word' id='word_1_18' title='bbox 3539 541 3894 613; x_wconf 76' lang='grc' dir='ltr'>κλέπτεσθαι,</span> 
     </span>
    </p>
   </div>
   <div class='ocr_carea' id='block_1_4' title="bbox 475 621 2147 708">
    <p class='ocr_par' dir='ltr' id='par_1_4' title="bbox 475 621 2130 697">
     <span class='ocr_line' id='line_1_4' title="bbox 475 621 2130 697; baseline 0.003 -23"><span class='ocrx_word' id='word_1_19' title='bbox 475 621 596 693; x_wconf 82' lang='lat' dir='ltr'><strong>pati</strong></span> <span class='ocrx_word' id='word_1_20' title='bbox 628 623 872 692; x_wconf 84' lang='lat' dir='ltr'><strong>furtum,</strong></span> <span class='ocrx_word' id='word_1_21' title='bbox 908 641 1021 680; x_wconf 91' lang='lat' dir='ltr'><strong>non</strong></span> <span class='ocrx_word' id='word_1_22' title='bbox 1055 624 1287 696; x_wconf 82' lang='lat' dir='ltr'><strong>rapiens</strong></span> <span class='ocrx_word' id='word_1_23' title='bbox 1315 625 1582 697; x_wconf 82' lang='lat' dir='ltr'><strong>rapinam</strong></span> <span class='ocrx_word' id='word_1_24' title='bbox 1638 626 1863 694; x_wconf 88' lang='lat' dir='ltr'><strong>subire,</strong></span> <span class='ocrx_word' id='word_1_25' title='bbox 1897 643 2012 680; x_wconf 93' lang='lat' dir='ltr'><strong>non</strong></span> <span class='ocrx_word' id='word_1_26' title='bbox 2047 625 2130 679; x_wconf 87' lang='lat' dir='ltr'><strong>la-</strong></span> 
     </span>
    </p>
   </div>
   <div class='ocr_carea' id='block_1_5' title="bbox 2259 621 3896 708">
    <p class='ocr_par' dir='ltr' id='par_1_5' title="bbox 2259 627 3896 708">
     <span class='ocr_line' id='line_1_5' title="bbox 2259 627 3896 708; baseline 0.002 -26"><span class='ocrx_word' id='word_1_27' title='bbox 2259 629 2320 696; x_wconf 72' lang='grc' dir='ltr'><strong>ιη</strong></span> <span class='ocrx_word' id='word_1_28' title='bbox 2371 629 2623 702; x_wconf 76' lang='grc' dir='ltr'>ἁρπάζων</span> <span class='ocrx_word' id='word_1_29' title='bbox 2702 628 3048 702; x_wconf 71' lang='grc' dir='ltr'><strong>ἁρπάζεσθαι,</strong></span> <span class='ocrx_word' id='word_1_30' title='bbox 3103 631 3178 700; x_wconf 80' lang='grc' dir='ltr'>μή</span> <span class='ocrx_word' id='word_1_31' title='bbox 3242 627 3592 702; x_wconf 84' lang='grc' dir='ltr'>συμποδίζων</span> <span class='ocrx_word' id='word_1_32' title='bbox 3652 632 3896 708; x_wconf 71' lang='grc' dir='ltr'>σφάλλε-</span> 
     </span>
    </p>
   </div>
   <div class='ocr_carea' id='block_1_6' title="bbox 478 713 2147 793">
    <p class='ocr_par' dir='ltr' id='par_1_6' title="bbox 478 713 2130 785">
     <span class='ocr_line' id='line_1_6' title="bbox 478 713 2130 785; baseline 0.002 -20"><span class='ocrx_word' id='word_1_33' title='bbox 478 727 656 782; x_wconf 90' lang='lat' dir='ltr'><strong>queos</strong></span> <span class='ocrx_word' id='word_1_34' title='bbox 689 729 914 784; x_wconf 88' lang='lat' dir='ltr'><strong>ponens</strong></span> <span class='ocrx_word' id='word_1_35' title='bbox 954 713 1346 785; x_wconf 86' lang='lat' dir='ltr'><strong>supplantari,</strong></span> <span class='ocrx_word' id='word_1_36' title='bbox 1380 730 1495 769; x_wconf 91' lang='lat' dir='ltr'><strong>non</strong></span> <span class='ocrx_word' id='word_1_37' title='bbox 1547 714 1776 770; x_wconf 89' lang='lat' dir='ltr'><strong>luctans</strong></span> <span class='ocrx_word' id='word_1_38' title='bbox 1811 715 1869 770; x_wconf 89' lang='lat' dir='ltr'><strong>in</strong></span> <span class='ocrx_word' id='word_1_39' title='bbox 1913 720 2130 770; x_wconf 89' lang='lat' dir='ltr'><strong>terram</strong></span> 
     </span>
    </p>
   </div>
   <div class='ocr_carea' id='block_1_7' title="bbox 2259 713 3901 793">
    <p class='ocr_par' dir='ltr' id='par_1_7' title="bbox 2259 715 3901 793">
     <span class='ocr_line' id='line_1_7' title="bbox 2259 715 3901 793; baseline 0.005 -25"><span class='ocrx_word' id='word_1_40' title='bbox 2259 718 2383 783; x_wconf 74' lang='grc' dir='ltr'>ιΟαι,</span> <span class='ocrx_word' id='word_1_41' title='bbox 2441 717 2517 789; x_wconf 81' lang='grc' dir='ltr'>μὴ</span> <span class='ocrx_word' id='word_1_42' title='bbox 2603 715 2850 771; x_wconf 88' lang='grc' dir='ltr'>παλαίων</span> <span class='ocrx_word' id='word_1_43' title='bbox 2936 717 3437 793; x_wconf 75' lang='grc' dir='ltr'>καταῤῥιπτεῑσθαι.</span> <span class='ocrx_word' id='word_1_44' title='bbox 3519 717 3690 776; x_wconf 76' lang='grc' dir='ltr'>Ούδέν</span> <span class='ocrx_word' id='word_1_45' title='bbox 3774 718 3901 776; x_wconf 75' lang='grc' dir='ltr'>οὔτε</span> 
     </span>
    </p>
   </div>
   <div class='ocr_carea' id='block_1_8' title="bbox 480 799 2147 882">
    <p class='ocr_par' dir='ltr' id='par_1_8' title="bbox 480 799 2134 873">
     <span class='ocr_line' id='line_1_8' title="bbox 480 799 2134 873; baseline 0.002 -19"><span class='ocrx_word' id='word_1_46' title='bbox 480 799 706 871; x_wconf 83' lang='lat' dir='ltr'><strong>projici.</strong></span> <span class='ocrx_word' id='word_1_47' title='bbox 739 801 852 856; x_wconf 89' lang='lat' dir='ltr'><strong>Nec</strong></span> <span class='ocrx_word' id='word_1_48' title='bbox 884 801 1295 873; x_wconf 88' lang='lat' dir='ltr'><strong>subripio,nec</strong></span> <span class='ocrx_word' id='word_1_49' title='bbox 1327 803 1603 859; x_wconf 86' lang='lat' dir='ltr'><strong>abstrabo</strong></span> <span class='ocrx_word' id='word_1_50' title='bbox 1635 804 1893 859; x_wconf 90' lang='lat' dir='ltr'><strong>alienum</strong></span> <span class='ocrx_word' id='word_1_51' title='bbox 1927 820 1940 858; x_wconf 91' lang='lat'>:</span> <span class='ocrx_word' id='word_1_52' title='bbox 1976 804 2134 858; x_wconf 89' lang='lat' dir='ltr'><strong>unde</strong></span> 
     </span>
    </p>
   </div>
   <div class='ocr_carea' id='block_1_9' title="bbox 2259 799 3896 882">
    <p class='ocr_par' dir='ltr' id='par_1_9' title="bbox 2259 804 3896 882">
     <span class='ocr_line' id='line_1_9' title="bbox 2259 804 3896 882; baseline 0.003 -24"><span class='ocrx_word' id='word_1_53' title='bbox 2259 805 2595 882; x_wconf 57' lang='grc' dir='ltr'>ὶφαιροῦμαι,</span> <span class='ocrx_word' id='word_1_54' title='bbox 2651 804 2772 860; x_wconf 74' lang='grc' dir='ltr'>οὔτε</span> <span class='ocrx_word' id='word_1_55' title='bbox 2845 806 3079 861; x_wconf 89' lang='grc' dir='ltr'>ἀποσπῶ</span> <span class='ocrx_word' id='word_1_56' title='bbox 3153 806 3470 881; x_wconf 87' lang='grc' dir='ltr'>ἀλλότριον·</span> <span class='ocrx_word' id='word_1_57' title='bbox 3533 808 3746 863; x_wconf 90' lang='grc' dir='ltr'>ἀπαιτῶ</span> <span class='ocrx_word' id='word_1_58' title='bbox 3808 809 3896 863; x_wconf 75' lang='grc' dir='ltr'><strong>οῦν</strong></span> 
     </span>
    </p>
   </div>
   <div class='ocr_carea' id='block_1_10' title="bbox 478 889 2147 969">
    <p class='ocr_par' dir='ltr' id='par_1_10' title="bbox 478 889 2134 963">
     <span class='ocr_line' id='line_1_10' title="bbox 478 889 2134 963; baseline 0.002 -20"><span class='ocrx_word' id='word_1_59' title='bbox 478 894 630 960; x_wconf 91' lang='lat' dir='ltr'><strong>peto,</strong></span> <span class='ocrx_word' id='word_1_60' title='bbox 665 894 729 944; x_wconf 90' lang='lat' dir='ltr'><strong>ut</strong></span> <span class='ocrx_word' id='word_1_61' title='bbox 757 906 861 945; x_wconf 92' lang='lat' dir='ltr'><strong>nec</strong></span> <span class='ocrx_word' id='word_1_62' title='bbox 892 889 987 945; x_wconf 89' lang='lat' dir='ltr'><strong>alii</strong></span> <span class='ocrx_word' id='word_1_63' title='bbox 1022 891 1168 947; x_wconf 88' lang='lat' dir='ltr'>nihil</span> <span class='ocrx_word' id='word_1_64' title='bbox 1198 891 1392 947; x_wconf 89' lang='lat' dir='ltr'><strong>simile</strong></span> <span class='ocrx_word' id='word_1_65' title='bbox 1437 893 1831 959; x_wconf 82' lang='lat' dir='ltr'><strong>committant,</strong></span> <span class='ocrx_word' id='word_1_66' title='bbox 1863 909 1967 947; x_wconf 89' lang='lat' dir='ltr'><strong>nec</strong></span> <span class='ocrx_word' id='word_1_67' title='bbox 1997 908 2134 963; x_wconf 83' lang='lat' dir='ltr'><strong>erga</strong></span> 
     </span>
    </p>
   </div>
   <div class='ocr_carea' id='block_1_11' title="bbox 2259 889 3896 969">
    <p class='ocr_par' dir='ltr' id='par_1_11' title="bbox 2259 891 3896 969">
     <span class='ocr_line' id='line_1_11' title="bbox 2259 891 3896 969; baseline 0.002 -22"><span class='ocrx_word' id='word_1_68' title='bbox 2259 891 2386 963; x_wconf 66' lang='grc' dir='ltr'>εηδὶ</span> <span class='ocrx_word' id='word_1_69' title='bbox 2442 892 2646 958; x_wconf 77' lang='grc' dir='ltr'>ἄλλους</span> <span class='ocrx_word' id='word_1_70' title='bbox 2673 895 2918 950; x_wconf 80' lang='grc' dir='ltr'>τοιοῦτόν</span> <span class='ocrx_word' id='word_1_71' title='bbox 2945 916 2997 950; x_wconf 94' lang='grc' dir='ltr'><strong>τι</strong></span> <span class='ocrx_word' id='word_1_72' title='bbox 3029 894 3383 968; x_wconf 71' lang='grc' dir='ltr'><strong>πλημμελεῖν</strong></span> <span class='ocrx_word' id='word_1_73' title='bbox 3442 898 3581 969; x_wconf 78' lang='grc' dir='ltr'>μήτε</span> <span class='ocrx_word' id='word_1_74' title='bbox 3639 896 3729 952; x_wconf 75' lang='grc' dir='ltr'><strong>ἐπί</strong></span> <span class='ocrx_word' id='word_1_75' title='bbox 3756 918 3896 952; x_wconf 87' lang='grc' dir='ltr'>τισιν</span> 
     </span>
    </p>
   </div>
   <div class='ocr_carea' id='block_1_12' title="bbox 479 976 2147 1063">
    <p class='ocr_par' dir='ltr' id='par_1_12' title="bbox 479 976 2131 1052">
     <span class='ocr_line' id='line_1_12' title="bbox 479 976 2131 1052; baseline 0.003 -22"><span class='ocrx_word' id='word_1_76' title='bbox 479 977 745 1047; x_wconf 71' lang='lat' dir='ltr'><strong>quaedam</strong></span> <span class='ocrx_word' id='word_1_77' title='bbox 780 976 914 1046; x_wconf 91' lang='lat' dir='ltr'><strong>alia,</strong></span> <span class='ocrx_word' id='word_1_78' title='bbox 942 995 1046 1035; x_wconf 90' lang='lat' dir='ltr'><strong>nec</strong></span> <span class='ocrx_word' id='word_1_79' title='bbox 1077 996 1216 1052; x_wconf 91' lang='lat' dir='ltr'><strong>erga</strong></span> <span class='ocrx_word' id='word_1_80' title='bbox 1247 985 1526 1036; x_wconf 85' lang='lat' dir='ltr'><strong>mea.Mea</strong></span> <span class='ocrx_word' id='word_1_81' title='bbox 1555 982 1713 1037; x_wconf 92' lang='lat' dir='ltr'><strong>enim</strong></span> <span class='ocrx_word' id='word_1_82' title='bbox 1746 981 1896 1047; x_wconf 86' lang='lat' dir='ltr'><strong>dico,</strong></span> <span class='ocrx_word' id='word_1_83' title='bbox 1929 985 1986 1036; x_wconf 89' lang='lat' dir='ltr'><strong>et</strong></span> <span class='ocrx_word' id='word_1_84' title='bbox 2016 997 2131 1036; x_wconf 91' lang='lat' dir='ltr'><strong>non</strong></span> 
     </span>
    </p>
   </div>
   <div class='ocr_carea' id='block_1_13' title="bbox 2259 976 3900 1063">
    <p class='ocr_par' dir='ltr' id='par_1_13' title="bbox 2259 980 3900 1063">
     <span class='ocr_line' id='line_1_13' title="bbox 2259 980 3900 1063; baseline 0.002 -27"><span class='ocrx_word' id='word_1_85' title='bbox 2259 980 2460 1048; x_wconf 74' lang='grc' dir='ltr'>ἵλλοις,</span> <span class='ocrx_word' id='word_1_86' title='bbox 2505 985 2642 1056; x_wconf 74' lang='grc' dir='ltr'>μήτε</span> <span class='ocrx_word' id='word_1_87' title='bbox 2698 983 2786 1038; x_wconf 79' lang='grc' dir='ltr'><strong>ἐπὶ</strong></span> <span class='ocrx_word' id='word_1_88' title='bbox 2841 989 2963 1047; x_wconf 83' lang='grc' dir='ltr'>τοῖς</span> <span class='ocrx_word' id='word_1_89' title='bbox 3020 982 3198 1056; x_wconf 77' lang='grc' dir='ltr'>ἐμοῖς.</span> <span class='ocrx_word' id='word_1_90' title='bbox 3233 986 3372 1058; x_wconf 78' lang='grc' dir='ltr'><strong>Ἐμᾶ</strong></span> <span class='ocrx_word' id='word_1_91' title='bbox 3421 987 3521 1060; x_wconf 87' lang='grc' dir='ltr'><strong>γάρ</strong></span> <span class='ocrx_word' id='word_1_92' title='bbox 3582 1007 3753 1063; x_wconf 79' lang='grc' dir='ltr'>φημι,</span> <span class='ocrx_word' id='word_1_93' title='bbox 3807 986 3900 1040; x_wconf 84' lang='grc' dir='ltr'><strong>καὶ</strong></span> 
     </span>
    </p>
   </div>
   <div class='ocr_carea' id='block_1_14' title="bbox 475 1063 2147 1150">
    <p class='ocr_par' dir='ltr' id='par_1_14' title="bbox 475 1063 2132 1143">
     <span class='ocr_line' id='line_1_14' title="bbox 475 1063 2132 1143; baseline 0.004 -25"><span class='ocrx_word' id='word_1_94' title='bbox 475 1063 922 1139; x_wconf 74' lang='lat' dir='ltr'><strong>immerito,qua:</strong></span> <span class='ocrx_word' id='word_1_95' title='bbox 954 1069 1096 1124; x_wconf 89' lang='lat' dir='ltr'><strong>mibi</strong></span> <span class='ocrx_word' id='word_1_96' title='bbox 1134 1074 1282 1126; x_wconf 83' lang='lat' dir='ltr'>Deus</span> <span class='ocrx_word' id='word_1_97' title='bbox 1312 1070 1369 1125; x_wconf 91' lang='lat' dir='ltr'><strong>in</strong></span> <span class='ocrx_word' id='word_1_98' title='bbox 1392 1071 1816 1143; x_wconf 85' lang='lat' dir='ltr'><strong>providentiam</strong></span> <span class='ocrx_word' id='word_1_99' title='bbox 1838 1069 2132 1126; x_wconf 90' lang='lat' dir='ltr'><strong>submini-</strong></span> 
     </span>
    </p>
   </div>
   <div class='ocr_carea' id='block_1_15' title="bbox 2259 1063 3902 1150">
    <p class='ocr_par' dir='ltr' id='par_1_15' title="bbox 2259 1068 3902 1150">
     <span class='ocr_line' id='line_1_15' title="bbox 2259 1068 3902 1150; baseline 0.002 -25"><span class='ocrx_word' id='word_1_100' title='bbox 2259 1068 2368 1125; x_wconf 77' lang='grc' dir='ltr'>›ύδέ</span> <span class='ocrx_word' id='word_1_101' title='bbox 2399 1071 2730 1150; x_wconf 69' lang='grc' dir='ltr'>ἐπισφαλῶς,</span> <span class='ocrx_word' id='word_1_102' title='bbox 2764 1073 2796 1126; x_wconf 76' lang='grc' dir='ltr'>ἃ</span> <span class='ocrx_word' id='word_1_103' title='bbox 2845 1094 2938 1146; x_wconf 91' lang='grc' dir='ltr'><strong>μοι</strong></span> <span class='ocrx_word' id='word_1_104' title='bbox 2991 1073 3310 1148; x_wconf 72' lang='grc' dir='ltr'><strong>ἐνεχείρισεν</strong></span> <span class='ocrx_word' id='word_1_105' title='bbox 3373 1075 3401 1128; x_wconf 80' lang='grc' dir='ltr'>ὁ</span> <span class='ocrx_word' id='word_1_106' title='bbox 3454 1076 3582 1136; x_wconf 83' lang='grc' dir='ltr'>Θεὸς</span> <span class='ocrx_word' id='word_1_107' title='bbox 3635 1075 3713 1138; x_wconf 84' lang='grc' dir='ltr'>εἷς</span> <span class='ocrx_word' id='word_1_108' title='bbox 3768 1095 3902 1150; x_wconf 88' lang='grc' dir='ltr'>προ-</span> 
     </span>
    </p>
   </div>
   <div class='ocr_carea' id='block_1_16' title="bbox 476 1154 2147 1239">
    <p class='ocr_par' dir='ltr' id='par_1_16' title="bbox 476 1154 2133 1230">
     <span class='ocr_line' id='line_1_16' title="bbox 476 1154 2133 1230; baseline 0.003 -22"><span class='ocrx_word' id='word_1_109' title='bbox 476 1154 903 1228; x_wconf 84' lang='lat' dir='ltr'><strong>stravit.Arguo</strong></span> <span class='ocrx_word' id='word_1_110' title='bbox 933 1173 1060 1229; x_wconf 67' lang='lat' dir='ltr'><strong>quae</strong></span> <span class='ocrx_word' id='word_1_111' title='bbox 1094 1159 1191 1214; x_wconf 88' lang='lat' dir='ltr'><strong>Dei</strong></span> <span class='ocrx_word' id='word_1_112' title='bbox 1225 1165 1364 1215; x_wconf 86' lang='lat' dir='ltr'><strong>sunt</strong></span> <span class='ocrx_word' id='word_1_113' title='bbox 1393 1165 1450 1215; x_wconf 89' lang='lat' dir='ltr'><strong>et</strong></span> <span class='ocrx_word' id='word_1_114' title='bbox 1478 1164 1820 1216; x_wconf 91' lang='lat' dir='ltr'><strong>sanctorum</strong></span> <span class='ocrx_word' id='word_1_115' title='bbox 1852 1160 1979 1230; x_wconf 88' lang='lat' dir='ltr'><strong>ejus</strong></span> <span class='ocrx_word' id='word_1_116' title='bbox 2011 1158 2133 1213; x_wconf 84' lang='lat' dir='ltr'><strong>fur-</strong></span> 
     </span>
    </p>
   </div>
   <div class='ocr_carea' id='block_1_17' title="bbox 2259 1154 3901 1239">
    <p class='ocr_par' dir='ltr' id='par_1_17' title="bbox 2259 1158 3901 1239">
     <span class='ocr_line' id='line_1_17' title="bbox 2259 1158 3901 1239; baseline 0.003 -26"><span class='ocrx_word' id='word_1_117' title='bbox 2259 1161 2496 1229; x_wconf 65' lang='grc' dir='ltr'>ιηθειαν.</span> <span class='ocrx_word' id='word_1_118' title='bbox 2559 1158 2807 1237; x_wconf 84' lang='grc' dir='ltr'>Ἐλέγχω</span> <span class='ocrx_word' id='word_1_119' title='bbox 2853 1161 2980 1223; x_wconf 82' lang='grc' dir='ltr'>τοὺς</span> <span class='ocrx_word' id='word_1_120' title='bbox 3022 1161 3457 1239; x_wconf 69' lang='grc' dir='ltr'>ἀφαιρουμένους</span> <span class='ocrx_word' id='word_1_121' title='bbox 3504 1161 3792 1239; x_wconf 78' lang='grc' dir='ltr'><strong>ἁρπάγδην</strong></span> <span class='ocrx_word' id='word_1_122' title='bbox 3837 1165 3901 1218; x_wconf 76' lang='grc' dir='ltr'>τὰ</span> 
     </span>
    </p>
   </div>
   <div class='ocr_carea' id='block_1_18' title="bbox 473 1242 2147 1328">
    <p class='ocr_par' dir='ltr' id='par_1_18' title="bbox 473 1242 2132 1321">
     <span class='ocr_line' id='line_1_18' title="bbox 473 1242 2132 1321; baseline 0.003 -24"><span class='ocrx_word' id='word_1_123' title='bbox 473 1242 582 1297; x_wconf 87' lang='lat' dir='ltr'><strong>tim</strong></span> <span class='ocrx_word' id='word_1_124' title='bbox 615 1243 1012 1318; x_wconf 88' lang='lat' dir='ltr'><strong>subripieutes</strong></span> <span class='ocrx_word' id='word_1_125' title='bbox 1038 1265 1051 1314; x_wconf 90' lang='lat'><strong>;</strong></span> <span class='ocrx_word' id='word_1_126' title='bbox 1081 1253 1137 1303; x_wconf 86' lang='lat' dir='ltr'><strong>et</strong></span> <span class='ocrx_word' id='word_1_127' title='bbox 1168 1248 1292 1321; x_wconf 91' lang='lat' dir='ltr'><strong>ipse</strong></span> <span class='ocrx_word' id='word_1_128' title='bbox 1323 1266 1518 1320; x_wconf 64' lang='lat' dir='ltr'><strong>quaero</strong></span> <span class='ocrx_word' id='word_1_129' title='bbox 1559 1249 2052 1313; x_wconf 83' lang='lat' dir='ltr'><strong>criminationem,</strong></span> <span class='ocrx_word' id='word_1_130' title='bbox 2085 1247 2132 1302; x_wconf 83' lang='lat' dir='ltr'><strong>si</strong></span> 
     </span>
    </p>
   </div>
   <div class='ocr_carea' id='block_1_19' title="bbox 2259 1242 3905 1328">
    <p class='ocr_par' dir='ltr' id='par_1_19' title="bbox 2259 1248 3905 1328">
     <span class='ocr_line' id='line_1_19' title="bbox 2259 1248 3905 1328; baseline 0.002 -25"><span class='ocrx_word' id='word_1_131' title='bbox 2259 1253 2338 1303; x_wconf 79' lang='grc' dir='ltr'><strong>τοῦ</strong></span> <span class='ocrx_word' id='word_1_132' title='bbox 2388 1253 2522 1304; x_wconf 87' lang='grc' dir='ltr'>Θεοῦ</span> <span class='ocrx_word' id='word_1_133' title='bbox 2578 1249 2667 1304; x_wconf 81' lang='grc' dir='ltr'>καὶ</span> <span class='ocrx_word' id='word_1_134' title='bbox 2695 1255 2802 1304; x_wconf 88' lang='grc' dir='ltr'><strong>τῶν</strong></span> <span class='ocrx_word' id='word_1_135' title='bbox 2839 1249 3002 1326; x_wconf 81' lang='grc' dir='ltr'>ἁγίων</span> <span class='ocrx_word' id='word_1_136' title='bbox 3035 1249 3218 1306; x_wconf 80' lang='grc' dir='ltr'>αὐτοῦ·</span> <span class='ocrx_word' id='word_1_137' title='bbox 3256 1256 3404 1320; x_wconf 80' lang='grc' dir='ltr'>ζητῶ</span> <span class='ocrx_word' id='word_1_138' title='bbox 3431 1253 3520 1306; x_wconf 81' lang='grc' dir='ltr'><strong>καὶ</strong></span> <span class='ocrx_word' id='word_1_139' title='bbox 3551 1253 3718 1314; x_wconf 80' lang='grc' dir='ltr'>αὐτὸς</span> <span class='ocrx_word' id='word_1_140' title='bbox 3753 1248 3905 1328; x_wconf 76' lang='grc' dir='ltr'>ἔλεγ-</span> 
     </span>
    </p>
   </div>
   <div class='ocr_carea' id='block_1_20' title="bbox 475 1333 2147 1415">
    <p class='ocr_par' dir='ltr' id='par_1_20' title="bbox 475 1333 2133 1411">
     <span class='ocr_line' id='line_1_20' title="bbox 475 1333 2133 1411; baseline 0.004 -25"><span class='ocrx_word' id='word_1_141' title='bbox 475 1335 534 1386; x_wconf 90' lang='lat' dir='ltr'><strong>et</strong></span> <span class='ocrx_word' id='word_1_142' title='bbox 561 1347 667 1405; x_wconf 91' lang='lat' dir='ltr'><strong>ego</strong></span> <span class='ocrx_word' id='word_1_143' title='bbox 699 1333 758 1389; x_wconf 94' lang='lat' dir='ltr'><strong>in</strong></span> <span class='ocrx_word' id='word_1_144' title='bbox 789 1351 971 1392; x_wconf 87' lang='lat' dir='ltr'><strong>causa</strong></span> <span class='ocrx_word' id='word_1_145' title='bbox 997 1336 1181 1392; x_wconf 83' lang='lat' dir='ltr'><strong>simili</strong></span> <span class='ocrx_word' id='word_1_146' title='bbox 1215 1339 1396 1394; x_wconf 89' lang='lat' dir='ltr'><strong>stulte</strong></span> <span class='ocrx_word' id='word_1_147' title='bbox 1427 1339 1972 1411; x_wconf 89' lang='lat' dir='ltr'><strong>egerim.Terminis</strong></span> <span class='ocrx_word' id='word_1_148' title='bbox 2007 1355 2133 1393; x_wconf 83' lang='lat' dir='ltr'><strong>ma-</strong></span> 
     </span>
    </p>
   </div>
   <div class='ocr_carea' id='block_1_21' title="bbox 2259 1333 3900 1415">
    <p class='ocr_par' dir='ltr' id='par_1_21' title="bbox 2259 1337 3900 1415">
     <span class='ocr_line' id='line_1_21' title="bbox 2259 1337 3900 1415; baseline 0.002 -24"><span class='ocrx_word' id='word_1_149' title='bbox 2259 1357 2372 1412; x_wconf 68' lang='grc' dir='ltr'>(ον,</span> <span class='ocrx_word' id='word_1_150' title='bbox 2403 1337 2489 1392; x_wconf 79' lang='grc' dir='ltr'><strong>ἐὰν</strong></span> <span class='ocrx_word' id='word_1_151' title='bbox 2520 1339 2609 1393; x_wconf 86' lang='grc' dir='ltr'>καὶ</span> <span class='ocrx_word' id='word_1_152' title='bbox 2642 1338 2746 1415; x_wconf 84' lang='grc' dir='ltr'>ἐγὼ</span> <span class='ocrx_word' id='word_1_153' title='bbox 2776 1338 2852 1401; x_wconf 77' lang='grc' dir='ltr'>εἷ¹ς</span> <span class='ocrx_word' id='word_1_154' title='bbox 2895 1361 2947 1394; x_wconf 90' lang='grc' dir='ltr'><strong>τι</strong></span> <span class='ocrx_word' id='word_1_155' title='bbox 2998 1340 3190 1412; x_wconf 75' lang='grc' dir='ltr'>ὅμοιον</span> <span class='ocrx_word' id='word_1_156' title='bbox 3238 1338 3580 1415; x_wconf 80' lang='grc' dir='ltr'>ἐμωράνθην.</span> <span class='ocrx_word' id='word_1_157' title='bbox 3635 1342 3900 1415; x_wconf 83' lang='grc' dir='ltr'>ὈρογΑυ-</span> 
     </span>
    </p>
   </div>
   <div class='ocr_carea' id='block_1_22' title="bbox 475 1417 2147 1505">
    <p class='ocr_par' dir='ltr' id='par_1_22' title="bbox 475 1417 2134 1497">
     <span class='ocr_line' id='line_1_22' title="bbox 475 1417 2134 1497; baseline 0.006 -24"><span class='ocrx_word' id='word_1_158' title='bbox 475 1417 658 1492; x_wconf 83' lang='lat' dir='ltr'><strong>lignis</strong></span> <span class='ocrx_word' id='word_1_159' title='bbox 689 1426 853 1494; x_wconf 91' lang='lat' dir='ltr'><strong>petor</strong></span> <span class='ocrx_word' id='word_1_160' title='bbox 880 1440 913 1480; x_wconf 75' lang='grc' dir='ltr'><strong>ε</strong></span> <span class='ocrx_word' id='word_1_161' title='bbox 946 1423 1146 1480; x_wconf 88' lang='lat' dir='ltr'><strong>multis</strong></span> <span class='ocrx_word' id='word_1_162' title='bbox 1182 1442 1195 1482; x_wconf 90' lang='lat'><strong>:</strong></span> <span class='ocrx_word' id='word_1_163' title='bbox 1230 1427 1401 1497; x_wconf 85' lang='lat' dir='ltr'><strong>cujus</strong></span> <span class='ocrx_word' id='word_1_164' title='bbox 1432 1427 1670 1483; x_wconf 84' lang='lat' dir='ltr'><strong>tandem</strong></span> <span class='ocrx_word' id='word_1_165' title='bbox 1716 1426 1983 1483; x_wconf 90' lang='lat' dir='ltr'><strong>omnium</strong></span> <span class='ocrx_word' id='word_1_166' title='bbox 2018 1426 2134 1482; x_wconf 68' lang='lat' dir='ltr'><strong>bae-</strong></span> 
     </span>
    </p>
   </div>
   <div class='ocr_carea' id='block_1_23' title="bbox 2259 1417 3899 1505">
    <p class='ocr_par' dir='ltr' id='par_1_23' title="bbox 2259 1424 3899 1505">
     <span class='ocr_line' id='line_1_23' title="bbox 2259 1424 3899 1505; baseline 0.002 -27"><span class='ocrx_word' id='word_1_167' title='bbox 2259 1429 2450 1502; x_wconf 78' lang='grc' dir='ltr'>ροῦμαι</span> <span class='ocrx_word' id='word_1_168' title='bbox 2532 1428 2825 1505; x_wconf 71' lang='grc' dir='ltr'>προφανῶς</span> <span class='ocrx_word' id='word_1_169' title='bbox 2901 1427 3004 1482; x_wconf 78' lang='grc' dir='ltr'>ὑπὸ</span> <span class='ocrx_word' id='word_1_170' title='bbox 3061 1424 3288 1482; x_wconf 76' lang='grc' dir='ltr'>πολλῶν</span> <span class='ocrx_word' id='word_1_171' title='bbox 3325 1447 3338 1462; x_wconf 76' lang='grc' dir='ltr'><strong><em>ο</em></strong></span> <span class='ocrx_word' id='word_1_172' title='bbox 3398 1427 3546 1490; x_wconf 85' lang='grc' dir='ltr'>τίνος</span> <span class='ocrx_word' id='word_1_173' title='bbox 3593 1431 3727 1502; x_wconf 92' lang='grc' dir='ltr'>γοῦν</span> <span class='ocrx_word' id='word_1_174' title='bbox 3791 1432 3899 1482; x_wconf 83' lang='grc' dir='ltr'><strong>τῶν</strong></span> 
     </span>
    </p>
   </div>
   <div class='ocr_carea' id='block_1_24' title="bbox 480 1509 2147 1590">
    <p class='ocr_par' dir='ltr' id='par_1_24' title="bbox 480 1509 1274 1570">
     <span class='ocr_line' id='line_1_24' title="bbox 480 1509 1274 1570; baseline 0.011 -8"><span class='ocrx_word' id='word_1_175' title='bbox 480 1509 716 1565; x_wconf 88' lang='lat' dir='ltr'><strong>reditati</strong></span> <span class='ocrx_word' id='word_1_176' title='bbox 746 1510 1062 1570; x_wconf 79' lang='lat' dir='ltr'><strong>insidiatus</strong></span> <span class='ocrx_word' id='word_1_177' title='bbox 1093 1530 1224 1570; x_wconf 90' lang='lat' dir='ltr'><strong>sum</strong></span> <span class='ocrx_word' id='word_1_178' title='bbox 1246 1515 1274 1569; x_wconf 81' lang='lat'><strong>‘?</strong></span> 
     </span>
    </p>
   </div>
   <div class='ocr_carea' id='block_1_25' title="bbox 2259 1509 3654 1590">
    <p class='ocr_par' dir='ltr' id='par_1_25' title="bbox 2259 1509 3654 1590">
     <span class='ocr_line' id='line_1_25' title="bbox 2259 1509 3654 1590; baseline 0.001 -23"><span class='ocrx_word' id='word_1_179' title='bbox 2259 1513 2495 1569; x_wconf 75' lang='grc' dir='ltr'>ὶπάντων</span> <span class='ocrx_word' id='word_1_180' title='bbox 2527 1513 2845 1590; x_wconf 79' lang='grc' dir='ltr'>κληρουχία</span> <span class='ocrx_word' id='word_1_181' title='bbox 2875 1509 3322 1571; x_wconf 77' lang='grc' dir='ltr'>ἐπιϐεϐούλευται</span> <span class='ocrx_word' id='word_1_182' title='bbox 3355 1517 3444 1570; x_wconf 85' lang='grc' dir='ltr'>ὑπ’</span> <span class='ocrx_word' id='word_1_183' title='bbox 3475 1515 3612 1590; x_wconf 82' lang='grc' dir='ltr'>ἐμοῦ</span> <span class='ocrx_word' id='word_1_184' title='bbox 3639 1535 3654 1584; x_wconf 88' lang='lat'><strong>;</strong></span> 
     </span>
    </p>
   </div>
   <div class='ocr_carea' id='block_1_26' title="bbox 552 1615 2147 1697">
    <p class='ocr_par' dir='ltr' id='par_1_26' title="bbox 552 1615 2136 1690">
     <span class='ocr_line' id='line_1_26' title="bbox 552 1615 2136 1690; baseline 0.005 -22"><span class='ocrx_word' id='word_1_185' title='bbox 552 1615 782 1672; x_wconf 77' lang='lat'><strong>29.1113.</strong></span> <span class='ocrx_word' id='word_1_186' title='bbox 829 1634 954 1690; x_wconf 60' lang='lat' dir='ltr'><strong>qua</strong></span> <span class='ocrx_word' id='word_1_187' title='bbox 985 1635 1055 1674; x_wconf 81' lang='lat' dir='ltr'><strong>ex</strong></span> <span class='ocrx_word' id='word_1_188' title='bbox 1103 1621 1300 1676; x_wconf 86' lang='lat' dir='ltr'><strong>animo</strong></span> <span class='ocrx_word' id='word_1_189' title='bbox 1353 1622 1508 1678; x_wconf 89' lang='lat' dir='ltr'><strong>dicta</strong></span> <span class='ocrx_word' id='word_1_190' title='bbox 1555 1627 1693 1679; x_wconf 90' lang='lat' dir='ltr'><strong>sunt</strong></span> <span class='ocrx_word' id='word_1_191' title='bbox 1723 1623 1850 1679; x_wconf 88' lang='lat' dir='ltr'><strong>volo</strong></span> <span class='ocrx_word' id='word_1_192' title='bbox 1904 1637 2011 1677; x_wconf 89' lang='lat' dir='ltr'><strong>nec</strong></span> <span class='ocrx_word' id='word_1_193' title='bbox 2041 1637 2136 1676; x_wconf 88' lang='lat' dir='ltr'><strong>ca-</strong></span> 
     </span>
    </p>
   </div>
   <div class='ocr_carea' id='block_1_27' title="bbox 2259 1615 3903 1697">
    <p class='ocr_par' dir='ltr' id='par_1_27' title="bbox 2314 1620 3903 1697">
     <span class='ocr_line' id='line_1_27' title="bbox 2314 1620 3903 1697; baseline 0.001 -23"><span class='ocrx_word' id='word_1_194' title='bbox 2314 1622 2414 1684; x_wconf 86' lang='grc' dir='ltr'>κθ’.</span> <span class='ocrx_word' id='word_1_195' title='bbox 2450 1623 2533 1678; x_wconf 86' lang='grc' dir='ltr'>Τά</span> <span class='ocrx_word' id='word_1_196' title='bbox 2582 1641 2641 1676; x_wconf 87' lang='grc' dir='ltr'><strong>τε</strong></span> <span class='ocrx_word' id='word_1_197' title='bbox 2695 1620 2786 1675; x_wconf 76' lang='grc' dir='ltr'><strong>οῦν</strong></span> <span class='ocrx_word' id='word_1_198' title='bbox 2849 1621 3110 1694; x_wconf 73' lang='grc' dir='ltr'>εἰρημένα</span> <span class='ocrx_word' id='word_1_199' title='bbox 3194 1621 3494 1697; x_wconf 77' lang='grc' dir='ltr'>ὁλοψύχως</span> <span class='ocrx_word' id='word_1_200' title='bbox 3551 1621 3729 1685; x_wconf 81' lang='grc' dir='ltr'>ἐθέλω</span> <span class='ocrx_word' id='word_1_201' title='bbox 3814 1623 3903 1677; x_wconf 72' lang='grc' dir='ltr'><strong>καὶ</strong></span> 
     </span>
    </p>
   </div>
   <div class='ocr_carea' id='block_1_28' title="bbox 485 1702 2147 1787">
    <p class='ocr_par' dir='ltr' id='par_1_28' title="bbox 485 1702 2134 1785">
     <span class='ocr_line' id='line_1_28' title="bbox 485 1702 2134 1785; baseline 0.005 -28"><span class='ocrx_word' id='word_1_202' title='bbox 485 1702 779 1762; x_wconf 90' lang='lat' dir='ltr'><strong>lumniose</strong></span> <span class='ocrx_word' id='word_1_203' title='bbox 811 1707 1014 1780; x_wconf 89' lang='lat' dir='ltr'><strong>impeti</strong></span> <span class='ocrx_word' id='word_1_204' title='bbox 1045 1726 1149 1765; x_wconf 92' lang='lat' dir='ltr'><strong>nec</strong></span> <span class='ocrx_word' id='word_1_205' title='bbox 1175 1711 1575 1782; x_wconf 90' lang='lat' dir='ltr'><strong>detrahi,quia</strong></span> <span class='ocrx_word' id='word_1_206' title='bbox 1606 1729 1711 1768; x_wconf 92' lang='lat' dir='ltr'><strong>nec</strong></span> <span class='ocrx_word' id='word_1_207' title='bbox 1742 1729 1848 1785; x_wconf 87' lang='lat' dir='ltr'><strong>ego</strong></span> <span class='ocrx_word' id='word_1_208' title='bbox 1880 1711 1996 1766; x_wconf 85' lang='lat' dir='ltr'><strong>tale</strong></span> <span class='ocrx_word' id='word_1_209' title='bbox 2012 1709 2134 1765; x_wconf 90' lang='lat' dir='ltr'><strong>vul-</strong></span> 
     </span>
    </p>
   </div>
   <div class='ocr_carea' id='block_1_29' title="bbox 2259 1702 3903 1787">
    <p class='ocr_par' dir='ltr' id='par_1_29' title="bbox 2259 1705 3903 1787">
     <span class='ocr_line' id='line_1_29' title="bbox 2259 1705 3903 1787; baseline 0.002 -25"><span class='ocrx_word' id='word_1_210' title='bbox 2259 1706 2389 1779; x_wconf 64' lang='grc' dir='ltr'>αηδὲ</span> <span class='ocrx_word' id='word_1_211' title='bbox 2445 1711 2910 1787; x_wconf 78' lang='grc' dir='ltr'>συκοφαντεῖσθαι,</span> <span class='ocrx_word' id='word_1_212' title='bbox 2974 1707 3115 1784; x_wconf 74' lang='grc' dir='ltr'>μηδὲ</span> <span class='ocrx_word' id='word_1_213' title='bbox 3174 1705 3587 1777; x_wconf 75' lang='grc' dir='ltr'>διαϐάλλεσθαι,</span> <span class='ocrx_word' id='word_1_214' title='bbox 3622 1711 3709 1766; x_wconf 77' lang='grc' dir='ltr'><strong>ὅτι</strong></span> <span class='ocrx_word' id='word_1_215' title='bbox 3764 1709 3903 1783; x_wconf 69' lang='grc' dir='ltr'>μηδὲ</span> 
     </span>
    </p>
   </div>
   <div class='ocr_carea' id='block_1_30' title="bbox 486 1795 2147 1874">
    <p class='ocr_par' dir='ltr' id='par_1_30' title="bbox 486 1795 2134 1874">
     <span class='ocr_line' id='line_1_30' title="bbox 486 1795 2134 1874; baseline 0.005 -26"><span class='ocrx_word' id='word_1_216' title='bbox 486 1811 600 1851; x_wconf 90' lang='lat' dir='ltr'><strong>nus</strong></span> <span class='ocrx_word' id='word_1_217' title='bbox 630 1795 838 1852; x_wconf 67' lang='lat' dir='ltr'><strong>animae</strong></span> <span class='ocrx_word' id='word_1_218' title='bbox 856 1800 1566 1872; x_wconf 74' lang='lat' dir='ltr'><strong>meaeimpressi.Vulnera</strong></span> <span class='ocrx_word' id='word_1_219' title='bbox 1596 1804 1752 1858; x_wconf 93' lang='lat' dir='ltr'><strong>enim</strong></span> <span class='ocrx_word' id='word_1_220' title='bbox 1787 1818 1892 1874; x_wconf 90' lang='lat' dir='ltr'><strong>ego</strong></span> <span class='ocrx_word' id='word_1_221' title='bbox 1923 1818 2134 1874; x_wconf 88' lang='lat' dir='ltr'><strong>oppor-</strong></span> 
     </span>
    </p>
   </div>
   <div class='ocr_carea' id='block_1_31' title="bbox 2259 1795 3900 1874">
    <p class='ocr_par' dir='ltr' id='par_1_31' title="bbox 2259 1797 3900 1874">
     <span class='ocr_line' id='line_1_31' title="bbox 2259 1797 3900 1874; baseline 0 -24"><span class='ocrx_word' id='word_1_222' title='bbox 2259 1797 2354 1871; x_wconf 76' lang='grc' dir='ltr'>ίγὼ</span> <span class='ocrx_word' id='word_1_223' title='bbox 2407 1802 2657 1852; x_wconf 83' lang='grc' dir='ltr'>τοιοῦτον</span> <span class='ocrx_word' id='word_1_224' title='bbox 2719 1797 3058 1872; x_wconf 80' lang='grc' dir='ltr'>ἐνεμαξάμην</span> <span class='ocrx_word' id='word_1_225' title='bbox 3113 1802 3330 1873; x_wconf 83' lang='grc' dir='ltr'>τραῦμα</span> <span class='ocrx_word' id='word_1_226' title='bbox 3399 1801 3469 1872; x_wconf 84' lang='grc' dir='ltr'><strong>τῇ</strong></span> <span class='ocrx_word' id='word_1_227' title='bbox 3537 1797 3650 1872; x_wconf 73' lang='grc' dir='ltr'><strong>ἐμῇ</strong></span> <span class='ocrx_word' id='word_1_228' title='bbox 3722 1802 3900 1874; x_wconf 77' lang='grc' dir='ltr'>ψυχῇ.</span> 
     </span>
    </p>
   </div>
   <div class='ocr_carea' id='block_1_32' title="bbox 484 1882 2147 1982">
    <p class='ocr_par' dir='ltr' id='par_1_32' title="bbox 484 1885 2135 1962">
     <span class='ocr_line' id='line_1_32' title="bbox 484 1885 2135 1962; baseline 0.005 -24"><span class='ocrx_word' id='word_1_229' title='bbox 484 1887 625 1940; x_wconf 86' lang='lat' dir='ltr'><strong>tune</strong></span> <span class='ocrx_word' id='word_1_230' title='bbox 655 1885 784 1942; x_wconf 93' lang='lat' dir='ltr'><strong>dico</strong></span> <span class='ocrx_word' id='word_1_231' title='bbox 816 1889 1166 1959; x_wconf 89' lang='lat' dir='ltr'><strong>spiritualia,</strong></span> <span class='ocrx_word' id='word_1_232' title='bbox 1197 1907 1326 1962; x_wconf 64' lang='lat' dir='ltr'><strong>quae</strong></span> <span class='ocrx_word' id='word_1_233' title='bbox 1355 1891 1598 1946; x_wconf 89' lang='lat' dir='ltr'><strong>veniunt</strong></span> <span class='ocrx_word' id='word_1_234' title='bbox 1627 1909 1696 1948; x_wconf 82' lang='lat' dir='ltr'><strong>ex</strong></span> <span class='ocrx_word' id='word_1_235' title='bbox 1734 1891 2048 1947; x_wconf 88' lang='lat' dir='ltr'><strong>calumniis</strong></span> <span class='ocrx_word' id='word_1_236' title='bbox 2079 1894 2135 1946; x_wconf 91' lang='lat' dir='ltr'><strong>et</strong></span> 
     </span>
    </p>
   </div>
   <div class='ocr_carea' id='block_1_33' title="bbox 2259 1882 3900 1982">
    <p class='ocr_par' dir='ltr' id='par_1_33' title="bbox 2259 1882 3900 1982">
     <span class='ocr_line' id='line_1_33' title="bbox 2259 1882 3900 1982; baseline 0 -40"><span class='ocrx_word' id='word_1_237' title='bbox 2259 1885 2544 1960; x_wconf 88' lang='grc' dir='ltr'>Γραύματα</span> <span class='ocrx_word' id='word_1_238' title='bbox 2612 1887 2712 1962; x_wconf 73' lang='grc' dir='ltr'>γὰρ</span> <span class='ocrx_word' id='word_1_239' title='bbox 2789 1882 3028 1963; x_wconf 78' lang='grc' dir='ltr'>ἀκριϐῶς</span> <span class='ocrx_word' id='word_1_240' title='bbox 3096 1886 3468 1982; x_wconf 74' lang='grc' dir='ltr'>ἀποφαίνομαι</span> <span class='ocrx_word' id='word_1_241' title='bbox 3545 1887 3638 1942; x_wconf 72' lang='grc' dir='ltr'>καὶ</span> <span class='ocrx_word' id='word_1_242' title='bbox 3739 1887 3900 1949; x_wconf 79' lang='grc' dir='ltr'>αὐτὸς</span> 
     </span>
    </p>
   </div>
   <div class='ocr_carea' id='block_1_34' title="bbox 488 1971 2147 2054">
    <p class='ocr_par' dir='ltr' id='par_1_34' title="bbox 488 1975 2135 2054">
     <span class='ocr_line' id='line_1_34' title="bbox 488 1975 2135 2054; baseline 0.004 -25"><span class='ocrx_word' id='word_1_243' title='bbox 488 1975 1040 2046; x_wconf 87' lang='lat' dir='ltr'><strong>detractionibus,et</strong></span> <span class='ocrx_word' id='word_1_244' title='bbox 1060 1982 1301 2037; x_wconf 86' lang='lat' dir='ltr'><strong>vulnera</strong></span> <span class='ocrx_word' id='word_1_245' title='bbox 1320 1987 1460 2038; x_wconf 90' lang='lat' dir='ltr'><strong>sunt</strong></span> <span class='ocrx_word' id='word_1_246' title='bbox 1487 1999 1600 2038; x_wconf 90' lang='lat' dir='ltr'><strong>non</strong></span> <span class='ocrx_word' id='word_1_247' title='bbox 1627 1983 1998 2054; x_wconf 89' lang='lat' dir='ltr'><strong>patientium,</strong></span> <span class='ocrx_word' id='word_1_248' title='bbox 2033 1981 2135 2037; x_wconf 92' lang='lat' dir='ltr'><strong>sed</strong></span> 
     </span>
    </p>
   </div>
   <div class='ocr_carea' id='block_1_35' title="bbox 2259 1971 3899 2054">
    <p class='ocr_par' dir='ltr' id='par_1_35' title="bbox 2259 1971 3899 2053">
     <span class='ocr_line' id='line_1_35' title="bbox 2259 1971 3899 2053; baseline 0.001 -25"><span class='ocrx_word' id='word_1_249' title='bbox 2259 1976 2454 2049; x_wconf 54' lang='grc' dir='ltr'>μύχικά</span> <span class='ocrx_word' id='word_1_250' title='bbox 2501 1976 2569 2030; x_wconf 81' lang='grc' dir='ltr'><strong>τὰ</strong></span> <span class='ocrx_word' id='word_1_251' title='bbox 2623 1976 2682 2030; x_wconf 82' lang='grc' dir='ltr'><strong>ἐκ</strong></span> <span class='ocrx_word' id='word_1_252' title='bbox 2738 1980 3108 2053; x_wconf 65' lang='grc' dir='ltr'>συκοφαντιῶν</span> <span class='ocrx_word' id='word_1_253' title='bbox 3165 1975 3253 2030; x_wconf 82' lang='grc' dir='ltr'><strong>καὶ</strong></span> <span class='ocrx_word' id='word_1_254' title='bbox 3284 1971 3582 2046; x_wconf 71' lang='grc' dir='ltr'>διαϐολῶν,</span> <span class='ocrx_word' id='word_1_255' title='bbox 3612 1977 3899 2052; x_wconf 75' lang='grc' dir='ltr'>καὶτραυο</span> 
     </span>
    </p>
   </div>
   <div class='ocr_carea' id='block_1_36' title="bbox 483 2063 2147 2141">
    <p class='ocr_par' dir='ltr' id='par_1_36' title="bbox 483 2065 2137 2141">
     <span class='ocr_line' id='line_1_36' title="bbox 483 2065 2137 2141; baseline 0.003 -21"><span class='ocrx_word' id='word_1_256' title='bbox 483 2065 667 2122; x_wconf 90' lang='lat' dir='ltr'><strong>multo</strong></span> <span class='ocrx_word' id='word_1_257' title='bbox 715 2069 904 2141; x_wconf 85' lang='lat' dir='ltr'><strong>magis</strong></span> <span class='ocrx_word' id='word_1_258' title='bbox 952 2069 1312 2126; x_wconf 82' lang='lat' dir='ltr'><strong>facientium.</strong></span> <span class='ocrx_word' id='word_1_259' title='bbox 1346 2071 1453 2139; x_wconf 86' lang='lat' dir='ltr'><strong>Qui</strong></span> <span class='ocrx_word' id='word_1_260' title='bbox 1501 2071 1659 2128; x_wconf 90' lang='lat' dir='ltr'><strong>enim</strong></span> <span class='ocrx_word' id='word_1_261' title='bbox 1718 2070 2048 2127; x_wconf 89' lang='lat' dir='ltr'><strong>calumnias</strong></span> <span class='ocrx_word' id='word_1_262' title='bbox 2080 2075 2137 2126; x_wconf 88' lang='lat' dir='ltr'><strong>et</strong></span> 
     </span>
    </p>
   </div>
   <div class='ocr_carea' id='block_1_37' title="bbox 2259 2063 3896 2141">
    <p class='ocr_par' dir='ltr' id='par_1_37' title="bbox 2259 2063 3896 2141">
     <span class='ocr_line' id='line_1_37' title="bbox 2259 2063 3896 2141; baseline 0.001 -24"><span class='ocrx_word' id='word_1_263' title='bbox 2259 2084 2390 2119; x_wconf 74' lang='grc' dir='ltr'>αατα</span> <span class='ocrx_word' id='word_1_264' title='bbox 2444 2065 2506 2119; x_wconf 87' lang='grc' dir='ltr'><strong>ού</strong></span> <span class='ocrx_word' id='word_1_265' title='bbox 2559 2070 2665 2120; x_wconf 88' lang='grc' dir='ltr'><strong>τῶν</strong></span> <span class='ocrx_word' id='word_1_266' title='bbox 2697 2065 3046 2140; x_wconf 83' lang='grc' dir='ltr'>πασχόντων,</span> <span class='ocrx_word' id='word_1_267' title='bbox 3075 2063 3221 2120; x_wconf 84' lang='grc' dir='ltr'><strong>ἀλλά</strong></span> <span class='ocrx_word' id='word_1_268' title='bbox 3249 2063 3448 2138; x_wconf 79' lang='grc' dir='ltr'>πολλῷ</span> <span class='ocrx_word' id='word_1_269' title='bbox 3479 2066 3748 2141; x_wconf 83' lang='grc' dir='ltr'>πρότερον</span> <span class='ocrx_word' id='word_1_270' title='bbox 3794 2067 3896 2120; x_wconf 82' lang='grc' dir='ltr'><strong>τῶν</strong></span> 
     </span>
    </p>
   </div>
   <div class='ocr_carea' id='block_1_38' title="bbox 482 2151 2147 2232">
    <p class='ocr_par' dir='ltr' id='par_1_38' title="bbox 482 2154 2136 2230">
     <span class='ocr_line' id='line_1_38' title="bbox 482 2154 2136 2230; baseline 0.004 -22"><span class='ocrx_word' id='word_1_271' title='bbox 482 2154 871 2214; x_wconf 86' lang='lat' dir='ltr'><strong>detractiones</strong></span> <span class='ocrx_word' id='word_1_272' title='bbox 918 2160 1076 2230; x_wconf 88' lang='lat' dir='ltr'><strong>passi</strong></span> <span class='ocrx_word' id='word_1_273' title='bbox 1123 2164 1284 2226; x_wconf 88' lang='lat' dir='ltr'><strong>sunt,</strong></span> <span class='ocrx_word' id='word_1_274' title='bbox 1315 2177 1592 2216; x_wconf 86' lang='lat' dir='ltr'><strong>coronam</strong></span> <span class='ocrx_word' id='word_1_275' title='bbox 1651 2160 1873 2215; x_wconf 87' lang='lat' dir='ltr'><strong>habent</strong></span> <span class='ocrx_word' id='word_1_276' title='bbox 1923 2178 1956 2215; x_wconf 87' lang='lat' dir='ltr'><strong>a</strong></span> <span class='ocrx_word' id='word_1_277' title='bbox 1999 2159 2136 2227; x_wconf 90' lang='lat' dir='ltr'><strong>Deo,</strong></span> 
     </span>
    </p>
   </div>
   <div class='ocr_carea' id='block_1_39' title="bbox 2259 2151 3898 2232">
    <p class='ocr_par' dir='ltr' id='par_1_39' title="bbox 2259 2151 3898 2232">
     <span class='ocr_line' id='line_1_39' title="bbox 2259 2151 3898 2232; baseline 0.002 -27"><span class='ocrx_word' id='word_1_278' title='bbox 2259 2153 2570 2209; x_wconf 73' lang='grc' dir='ltr'>ποιούντων.</span> <span class='ocrx_word' id='word_1_279' title='bbox 2630 2155 2698 2211; x_wconf 75' lang='grc' dir='ltr'><strong>Οἱ</strong></span> <span class='ocrx_word' id='word_1_280' title='bbox 2759 2153 2853 2226; x_wconf 74' lang='grc' dir='ltr'>μὲν</span> <span class='ocrx_word' id='word_1_281' title='bbox 2907 2154 3008 2229; x_wconf 78' lang='grc' dir='ltr'><strong>γὰρ</strong></span> <span class='ocrx_word' id='word_1_282' title='bbox 3073 2152 3571 2232; x_wconf 75' lang='grc' dir='ltr'>συκοφαντούμενοι</span> <span class='ocrx_word' id='word_1_283' title='bbox 3630 2154 3722 2209; x_wconf 76' lang='grc' dir='ltr'><strong>καὶ</strong></span> <span class='ocrx_word' id='word_1_284' title='bbox 3788 2151 3898 2209; x_wconf 82' lang='grc' dir='ltr'>δια-</span> 
     </span>
    </p>
   </div>
   <div class='ocr_carea' id='block_1_40' title="bbox 484 2234 2147 2320">
    <p class='ocr_par' dir='ltr' id='par_1_40' title="bbox 484 2244 2138 2320">
     <span class='ocr_line' id='line_1_40' title="bbox 484 2244 2138 2320; baseline 0.002 -22"><span class='ocrx_word' id='word_1_285' title='bbox 484 2244 586 2314; x_wconf 91' lang='lat' dir='ltr'><strong>qui</strong></span> <span class='ocrx_word' id='word_1_286' title='bbox 641 2246 874 2302; x_wconf 90' lang='lat' dir='ltr'><strong>virtutis</strong></span> <span class='ocrx_word' id='word_1_287' title='bbox 933 2249 1254 2304; x_wconf 88' lang='lat' dir='ltr'><strong>certamina</strong></span> <span class='ocrx_word' id='word_1_288' title='bbox 1311 2253 1740 2316; x_wconf 87' lang='lat' dir='ltr'><strong>remuneratur,</strong></span> <span class='ocrx_word' id='word_1_289' title='bbox 1808 2248 1927 2304; x_wconf 85' lang='lat' dir='ltr'><strong>sive</strong></span> <span class='ocrx_word' id='word_1_290' title='bbox 1983 2247 2138 2320; x_wconf 93' lang='lat' dir='ltr'><strong>capti</strong></span> 
     </span>
    </p>
   </div>
   <div class='ocr_carea' id='block_1_41' title="bbox 2259 2234 3901 2320">
    <p class='ocr_par' dir='ltr' id='par_1_41' title="bbox 2259 2234 3901 2320">
     <span class='ocr_line' id='line_1_41' title="bbox 2259 2234 3901 2320; baseline 0.001 -25"><span class='ocrx_word' id='word_1_291' title='bbox 2259 2234 2582 2314; x_wconf 65' lang='grc' dir='ltr'>Ξαλλόμενοι</span> <span class='ocrx_word' id='word_1_292' title='bbox 2641 2238 2830 2317; x_wconf 78' lang='grc' dir='ltr'>ἔχουσι</span> <span class='ocrx_word' id='word_1_293' title='bbox 2888 2242 3145 2318; x_wconf 78' lang='grc' dir='ltr'>στέφανον</span> <span class='ocrx_word' id='word_1_294' title='bbox 3204 2241 3264 2297; x_wconf 83' lang='grc' dir='ltr'><strong>ἐκ</strong></span> <span class='ocrx_word' id='word_1_295' title='bbox 3318 2247 3474 2312; x_wconf 83' lang='grc' dir='ltr'>Θεοῦ,</span> <span class='ocrx_word' id='word_1_296' title='bbox 3503 2247 3601 2298; x_wconf 87' lang='grc' dir='ltr'><strong>τοῦ</strong></span> <span class='ocrx_word' id='word_1_297' title='bbox 3666 2239 3901 2320; x_wconf 72' lang='grc' dir='ltr'>βραϐευ-</span> 
     </span>
    </p>
   </div>
   <div class='ocr_carea' id='block_1_42' title="bbox 486 2335 2136 2412">
    <p class='ocr_par' dir='ltr' id='par_1_42' title="bbox 486 2335 2136 2412">
     <span class='ocr_line' id='line_1_42' title="bbox 486 2335 2136 2412; baseline 0.002 -22"><span class='ocrx_word' id='word_1_298' title='bbox 486 2335 724 2392; x_wconf 62' lang='lat' dir='ltr'><strong>malitia</strong></span> <span class='ocrx_word' id='word_1_299' title='bbox 811 2337 1034 2395; x_wconf 85' lang='lat' dir='ltr'><strong>retibus</strong></span> <span class='ocrx_word' id='word_1_300' title='bbox 1120 2339 1358 2407; x_wconf 87' lang='lat' dir='ltr'><strong>fuerint,</strong></span> <span class='ocrx_word' id='word_1_301' title='bbox 1429 2341 1551 2396; x_wconf 87' lang='lat' dir='ltr'><strong>sive</strong></span> <span class='ocrx_word' id='word_1_302' title='bbox 1616 2339 1720 2395; x_wconf 90' lang='lat' dir='ltr'><strong>illa</strong></span> <span class='ocrx_word' id='word_1_303' title='bbox 1803 2339 2136 2412; x_wconf 71' lang='lat' dir='ltr'><strong>eﬂugerint.</strong></span> 
     </span>
    </p>
   </div>
   <div class='ocr_carea' id='block_1_43' title="bbox 487 2425 2135 2496">
    <p class='ocr_par' dir='ltr' id='par_1_43' title="bbox 487 2425 2135 2496">
     <span class='ocr_line' id='line_1_43' title="bbox 487 2425 2135 2496; baseline 0.001 -16"><span class='ocrx_word' id='word_1_304' title='bbox 487 2425 597 2490; x_wconf 87' lang='lat' dir='ltr'><strong>Qui</strong></span> <span class='ocrx_word' id='word_1_305' title='bbox 640 2442 774 2482; x_wconf 90' lang='lat' dir='ltr'><strong>vero</strong></span> <span class='ocrx_word' id='word_1_306' title='bbox 832 2427 1190 2484; x_wconf 87' lang='lat' dir='ltr'><strong>calumniam</strong></span> <span class='ocrx_word' id='word_1_307' title='bbox 1235 2432 1292 2484; x_wconf 91' lang='lat' dir='ltr'><strong>et</strong></span> <span class='ocrx_word' id='word_1_308' title='bbox 1349 2428 1674 2485; x_wconf 91' lang='lat' dir='ltr'><strong>convicium</strong></span> <span class='ocrx_word' id='word_1_309' title='bbox 1733 2432 2135 2496; x_wconf 87' lang='lat' dir='ltr'><strong>exercuerunt,</strong></span> 
     </span>
    </p>
   </div>
   <div class='ocr_carea' id='block_1_44' title="bbox 2243 2331 3898 2408">
    <p class='ocr_par' dir='ltr' id='par_1_44' title="bbox 2243 2331 3898 2408">
     <span class='ocr_line' id='line_1_44' title="bbox 2243 2331 3898 2408; baseline 0.002 -24"><span class='ocrx_word' id='word_1_310' title='bbox 2243 2334 2340 2384; x_wconf 89' lang='grc' dir='ltr'><strong>τοῦ</strong></span> <span class='ocrx_word' id='word_1_311' title='bbox 2394 2335 2500 2385; x_wconf 88' lang='grc' dir='ltr'><strong>τῶν</strong></span> <span class='ocrx_word' id='word_1_312' title='bbox 2561 2333 2678 2386; x_wconf 82' lang='grc' dir='ltr'>κατ’</span> <span class='ocrx_word' id='word_1_313' title='bbox 2709 2332 2900 2407; x_wconf 74' lang='grc' dir='ltr'>ἀρετὴν</span> <span class='ocrx_word' id='word_1_314' title='bbox 2952 2332 3198 2408; x_wconf 79' lang='grc' dir='ltr'>ἀγώνων,</span> <span class='ocrx_word' id='word_1_315' title='bbox 3259 2331 3366 2387; x_wconf 66' lang='grc' dir='ltr'>εἴτε</span> <span class='ocrx_word' id='word_1_316' title='bbox 3422 2331 3759 2408; x_wconf 77' lang='grc' dir='ltr'>κατάσχετοι</span> 
     </span>
    </p>
   </div>
   <div class='ocr_carea' id='block_1_45' title="bbox 2246 2417 3901 2496">
    <p class='ocr_par' dir='ltr' id='par_1_45' title="bbox 2246 2417 3901 2496">
     <span class='ocr_line' id='line_1_45' title="bbox 2246 2417 3901 2496; baseline 0.003 -25"><span class='ocrx_word' id='word_1_317' title='bbox 2246 2440 2466 2488; x_wconf 88' lang='grc' dir='ltr'>νωνται,</span> <span class='ocrx_word' id='word_1_318' title='bbox 2527 2417 2632 2475; x_wconf 82' lang='grc' dir='ltr'>εἶ’τε</span> <span class='ocrx_word' id='word_1_319' title='bbox 2685 2421 2775 2475; x_wconf 83' lang='grc' dir='ltr'><strong>καὶ</strong></span> <span class='ocrx_word' id='word_1_320' title='bbox 2833 2419 3252 2486; x_wconf 76' lang='grc' dir='ltr'>διεκπετασθῶσι</span> <span class='ocrx_word' id='word_1_321' title='bbox 3307 2427 3417 2476; x_wconf 90' lang='grc' dir='ltr'><strong>τῶν</strong></span> <span class='ocrx_word' id='word_1_322' title='bbox 3491 2420 3747 2496; x_wconf 85' lang='grc' dir='ltr'>παγίδων</span> <span class='ocrx_word' id='word_1_323' title='bbox 3807 2428 3901 2490; x_wconf 81' lang='grc' dir='ltr'><strong>τῆς</strong></span> 
     </span>
    </p>
   </div>
   <div class='ocr_carea' id='block_1_46' title="bbox 489 2505 2147 2590">
    <p class='ocr_par' dir='ltr' id='par_1_46' title="bbox 489 2513 2140 2590">
     <span class='ocr_line' id='line_1_46' title="bbox 489 2513 2140 2590; baseline 0.001 -21"><span class='ocrx_word' id='word_1_324' title='bbox 489 2513 578 2583; x_wconf 89' lang='lat' dir='ltr'><strong>si,</strong></span> <span class='ocrx_word' id='word_1_325' title='bbox 635 2516 864 2572; x_wconf 89' lang='lat' dir='ltr'><strong>coronis</strong></span> <span class='ocrx_word' id='word_1_326' title='bbox 921 2517 1150 2587; x_wconf 89' lang='lat' dir='ltr'><strong>orbati,</strong></span> <span class='ocrx_word' id='word_1_327' title='bbox 1225 2517 1370 2572; x_wconf 88' lang='lat' dir='ltr'><strong>nihil</strong></span> <span class='ocrx_word' id='word_1_328' title='bbox 1422 2520 1549 2590; x_wconf 90' lang='lat' dir='ltr'><strong>jam</strong></span> <span class='ocrx_word' id='word_1_329' title='bbox 1620 2518 1850 2589; x_wconf 88' lang='lat' dir='ltr'><strong>possint</strong></span> <span class='ocrx_word' id='word_1_330' title='bbox 1907 2521 2140 2589; x_wconf 87' lang='lat' dir='ltr'><strong>propter</strong></span> 
     </span>
    </p>
   </div>
   <div class='ocr_carea' id='block_1_47' title="bbox 2259 2505 3902 2590">
    <p class='ocr_par' dir='ltr' id='par_1_47' title="bbox 2259 2505 3902 2585">
     <span class='ocr_line' id='line_1_47' title="bbox 2259 2505 3902 2585; baseline 0.002 -24"><span class='ocrx_word' id='word_1_331' title='bbox 2259 2509 2558 2571; x_wconf 62' lang='grc' dir='ltr'>κακώσεως·</span> <span class='ocrx_word' id='word_1_332' title='bbox 2619 2510 2671 2563; x_wconf 67' lang='grc' dir='ltr'>οἱ</span> <span class='ocrx_word' id='word_1_333' title='bbox 2728 2508 2785 2564; x_wconf 86' lang='grc' dir='ltr'><strong>δέ</strong></span> <span class='ocrx_word' id='word_1_334' title='bbox 2840 2531 2903 2585; x_wconf 89' lang='grc' dir='ltr'><strong>γε</strong></span> <span class='ocrx_word' id='word_1_335' title='bbox 2956 2512 3056 2580; x_wconf 75' lang='grc' dir='ltr'>τὴν</span> <span class='ocrx_word' id='word_1_336' title='bbox 3113 2505 3378 2579; x_wconf 77' lang='grc' dir='ltr'>διαϐολὴν</span> <span class='ocrx_word' id='word_1_337' title='bbox 3432 2511 3524 2565; x_wconf 82' lang='grc' dir='ltr'><strong>καὶ</strong></span> <span class='ocrx_word' id='word_1_338' title='bbox 3579 2512 3685 2579; x_wconf 80' lang='grc' dir='ltr'><strong>τήν</strong></span> <span class='ocrx_word' id='word_1_339' title='bbox 3748 2532 3902 2565; x_wconf 78' lang='grc' dir='ltr'>συκοο</span> 
     </span>
    </p>
   </div>
   <div class='ocr_carea' id='block_1_48' title="bbox 490 2604 2140 2678">
    <p class='ocr_par' dir='ltr' id='par_1_48' title="bbox 490 2604 2140 2678">
     <span class='ocr_line' id='line_1_48' title="bbox 490 2604 2140 2678; baseline 0.001 -19"><span class='ocrx_word' id='word_1_340' title='bbox 490 2604 912 2676; x_wconf 87' lang='lat' dir='ltr'><strong>opprobrium,</strong></span> <span class='ocrx_word' id='word_1_341' title='bbox 978 2604 1145 2676; x_wconf 91' lang='lat' dir='ltr'><strong>quasi</strong></span> <span class='ocrx_word' id='word_1_342' title='bbox 1231 2606 1358 2678; x_wconf 91' lang='lat' dir='ltr'><strong>pice</strong></span> <span class='ocrx_word' id='word_1_343' title='bbox 1440 2607 1667 2662; x_wconf 91' lang='lat' dir='ltr'><strong>inuncti</strong></span> <span class='ocrx_word' id='word_1_344' title='bbox 1760 2606 1988 2661; x_wconf 90' lang='lat' dir='ltr'><strong>ridendi</strong></span> <span class='ocrx_word' id='word_1_345' title='bbox 2055 2606 2140 2660; x_wconf 81' lang='lat' dir='ltr'><strong>fo-</strong></span> 
     </span>
    </p>
   </div>
   <div class='ocr_carea' id='block_1_49' title="bbox 490 2693 2138 2766">
    <p class='ocr_par' dir='ltr' id='par_1_49' title="bbox 490 2693 2138 2766">
     <span class='ocr_line' id='line_1_49' title="bbox 490 2693 2138 2766; baseline 0.001 -20"><span class='ocrx_word' id='word_1_346' title='bbox 490 2695 653 2760; x_wconf 88' lang='lat' dir='ltr'><strong>rent;</strong></span> <span class='ocrx_word' id='word_1_347' title='bbox 701 2693 810 2748; x_wconf 88' lang='lat' dir='ltr'><strong>hoc</strong></span> <span class='ocrx_word' id='word_1_348' title='bbox 865 2698 1059 2750; x_wconf 85' lang='lat' dir='ltr'><strong>tamen</strong></span> <span class='ocrx_word' id='word_1_349' title='bbox 1117 2711 1288 2766; x_wconf 90' lang='lat' dir='ltr'><strong>grave</strong></span> <span class='ocrx_word' id='word_1_350' title='bbox 1345 2711 1460 2750; x_wconf 90' lang='lat' dir='ltr'><strong>non</strong></span> <span class='ocrx_word' id='word_1_351' title='bbox 1518 2699 1608 2750; x_wconf 89' lang='lat' dir='ltr'><strong>est</strong></span> <span class='ocrx_word' id='word_1_352' title='bbox 1669 2712 1682 2750; x_wconf 87' lang='lat'><strong>:</strong></span> <span class='ocrx_word' id='word_1_353' title='bbox 1740 2693 1887 2749; x_wconf 91' lang='lat' dir='ltr'><strong>illud</strong></span> <span class='ocrx_word' id='word_1_354' title='bbox 1945 2699 2138 2750; x_wconf 86' lang='lat' dir='ltr'><strong>autem</strong></span> 
     </span>
    </p>
   </div>
   <div class='ocr_carea' id='block_1_50' title="bbox 492 2780 2142 2856">
    <p class='ocr_par' dir='ltr' id='par_1_50' title="bbox 492 2780 2142 2856">
     <span class='ocr_line' id='line_1_50' title="bbox 492 2780 2142 2856; baseline 0.002 -21"><span class='ocrx_word' id='word_1_355' title='bbox 492 2780 775 2837; x_wconf 86' lang='lat' dir='ltr'><strong>miserum</strong></span> <span class='ocrx_word' id='word_1_356' title='bbox 808 2788 866 2838; x_wconf 89' lang='lat' dir='ltr'><strong>et</strong></span> <span class='ocrx_word' id='word_1_357' title='bbox 911 2783 1185 2855; x_wconf 80' lang='lat' dir='ltr'><strong>lacrymis</strong></span> <span class='ocrx_word' id='word_1_358' title='bbox 1219 2782 1394 2856; x_wconf 88' lang='lat' dir='ltr'><strong>plane</strong></span> <span class='ocrx_word' id='word_1_359' title='bbox 1441 2784 1711 2856; x_wconf 89' lang='lat' dir='ltr'><strong>dignum,</strong></span> <span class='ocrx_word' id='word_1_360' title='bbox 1745 2783 1899 2855; x_wconf 72' lang='lat' dir='ltr'><strong>quod</strong></span> <span class='ocrx_word' id='word_1_361' title='bbox 1936 2783 2142 2838; x_wconf 88' lang='lat' dir='ltr'><strong>vulne-</strong></span> 
     </span>
    </p>
   </div>
   <div class='ocr_carea' id='block_1_51' title="bbox 490 2871 2140 2945">
    <p class='ocr_par' dir='ltr' id='par_1_51' title="bbox 490 2871 2140 2945">
     <span class='ocr_line' id='line_1_51' title="bbox 490 2871 2140 2945; baseline 0.001 -20"><span class='ocrx_word' id='word_1_362' title='bbox 490 2876 696 2927; x_wconf 88' lang='lat' dir='ltr'><strong>rentur</strong></span> <span class='ocrx_word' id='word_1_363' title='bbox 723 2871 905 2942; x_wconf 90' lang='lat' dir='ltr'><strong>intus,</strong></span> <span class='ocrx_word' id='word_1_364' title='bbox 938 2871 1299 2929; x_wconf 88' lang='lat' dir='ltr'><strong>conscientia</strong></span> <span class='ocrx_word' id='word_1_365' title='bbox 1329 2872 1571 2944; x_wconf 90' lang='lat' dir='ltr'><strong>quidem</strong></span> <span class='ocrx_word' id='word_1_366' title='bbox 1620 2871 1782 2945; x_wconf 91' lang='lat' dir='ltr'><strong>ipsos</strong></span> <span class='ocrx_word' id='word_1_367' title='bbox 1812 2876 2140 2944; x_wconf 89' lang='lat' dir='ltr'><strong>torquente,</strong></span> 
     </span>
    </p>
   </div>
   <div class='ocr_carea' id='block_1_52' title="bbox 487 2961 2142 3034">
    <p class='ocr_par' dir='ltr' id='par_1_52' title="bbox 487 2961 2142 3034">
     <span class='ocr_line' id='line_1_52' title="bbox 487 2961 2142 3034; baseline 0.001 -18"><span class='ocrx_word' id='word_1_368' title='bbox 487 2961 630 3016; x_wconf 89' lang='lat' dir='ltr'><strong>dum</strong></span> <span class='ocrx_word' id='word_1_369' title='bbox 665 2966 898 3034; x_wconf 91' lang='lat' dir='ltr'><strong>pectora</strong></span> <span class='ocrx_word' id='word_1_370' title='bbox 924 2978 1054 3018; x_wconf 88' lang='lat' dir='ltr'><strong>vero</strong></span> <span class='ocrx_word' id='word_1_371' title='bbox 1099 2961 1452 3032; x_wconf 88' lang='lat' dir='ltr'><strong>lacerantur,</strong></span> <span class='ocrx_word' id='word_1_372' title='bbox 1485 2967 1770 3034; x_wconf 81' lang='lat' dir='ltr'><strong>tanquam</strong></span> <span class='ocrx_word' id='word_1_373' title='bbox 1821 2961 1964 3016; x_wconf 90' lang='lat' dir='ltr'><strong>nihil</strong></span> <span class='ocrx_word' id='word_1_374' title='bbox 1994 2961 2142 3033; x_wconf 89' lang='lat' dir='ltr'><strong>ipsis</strong></span> 
     </span>
    </p>
   </div>
   <div class='ocr_carea' id='block_1_53' title="bbox 486 3049 2142 3123">
    <p class='ocr_par' dir='ltr' id='par_1_53' title="bbox 486 3049 2142 3123">
     <span class='ocr_line' id='line_1_53' title="bbox 486 3049 2142 3123; baseline 0.001 -19"><span class='ocrx_word' id='word_1_375' title='bbox 486 3054 722 3123; x_wconf 86' lang='lat' dir='ltr'><strong>gratum</strong></span> <span class='ocrx_word' id='word_1_376' title='bbox 751 3050 1120 3122; x_wconf 88' lang='lat' dir='ltr'><strong>perfecerint.</strong></span> <span class='ocrx_word' id='word_1_377' title='bbox 1152 3052 1222 3107; x_wconf 88' lang='lat' dir='ltr'><strong>Et</strong></span> <span class='ocrx_word' id='word_1_378' title='bbox 1255 3051 1327 3107; x_wconf 90' lang='lat' dir='ltr'><strong>de</strong></span> <span class='ocrx_word' id='word_1_379' title='bbox 1356 3049 1488 3107; x_wconf 83' lang='lat' dir='ltr'><strong>istis</strong></span> <span class='ocrx_word' id='word_1_380' title='bbox 1520 3057 1609 3106; x_wconf 85' lang='lat' dir='ltr'><strong>est</strong></span> <span class='ocrx_word' id='word_1_381' title='bbox 1657 3050 1897 3122; x_wconf 85' lang='lat' dir='ltr'><strong>pulchre</strong></span> <span class='ocrx_word' id='word_1_382' title='bbox 1943 3049 2142 3106; x_wconf 89' lang='lat' dir='ltr'><strong>dicen-</strong></span> 
     </span>
    </p>
   </div>
   <div class='ocr_carea' id='block_1_54' title="bbox 487 3139 2144 3213">
    <p class='ocr_par' dir='ltr' id='par_1_54' title="bbox 487 3139 2144 3213">
     <span class='ocr_line' id='line_1_54' title="bbox 487 3139 2144 3213; baseline 0 -19"><span class='ocrx_word' id='word_1_383' title='bbox 487 3139 653 3210; x_wconf 91' lang='lat' dir='ltr'><strong>dum,</strong></span> <span class='ocrx_word' id='word_1_384' title='bbox 685 3141 840 3211; x_wconf 91' lang='lat' dir='ltr'><strong>quod</strong></span> <span class='ocrx_word' id='word_1_385' title='bbox 873 3141 933 3196; x_wconf 92' lang='lat' dir='ltr'><strong>in</strong></span> <span class='ocrx_word' id='word_1_386' title='bbox 984 3140 1145 3213; x_wconf 86' lang='lat' dir='ltr'><strong>ipsos</strong></span> <span class='ocrx_word' id='word_1_387' title='bbox 1176 3139 1301 3196; x_wconf 91' lang='lat' dir='ltr'><strong>tela</strong></span> <span class='ocrx_word' id='word_1_388' title='bbox 1326 3144 1528 3196; x_wconf 88' lang='lat' dir='ltr'><strong>contra</strong></span> <span class='ocrx_word' id='word_1_389' title='bbox 1553 3139 1894 3195; x_wconf 87' lang='lat' dir='ltr'><strong>innocentes</strong></span> <span class='ocrx_word' id='word_1_390' title='bbox 1924 3139 2144 3195; x_wconf 88' lang='lat' dir='ltr'><strong>directa</strong></span> 
     </span>
    </p>
   </div>
   <div class='ocr_carea' id='block_1_55' title="bbox 489 3227 2142 3301">
    <p class='ocr_par' dir='ltr' id='par_1_55' title="bbox 489 3227 2142 3301">
     <span class='ocr_line' id='line_1_55' title="bbox 489 3227 2142 3301; baseline 0.001 -19"><span class='ocrx_word' id='word_1_391' title='bbox 489 3231 706 3284; x_wconf 90' lang='lat' dir='ltr'><strong>retorta</strong></span> <span class='ocrx_word' id='word_1_392' title='bbox 746 3234 908 3300; x_wconf 88' lang='lat' dir='ltr'><strong>sunt,</strong></span> <span class='ocrx_word' id='word_1_393' title='bbox 938 3233 994 3286; x_wconf 91' lang='lat' dir='ltr'><strong>et</strong></span> <span class='ocrx_word' id='word_1_394' title='bbox 1037 3229 1301 3301; x_wconf 85' lang='lat' dir='ltr'><strong>ipsorum</strong></span> <span class='ocrx_word' id='word_1_395' title='bbox 1353 3243 1522 3285; x_wconf 89' lang='lat' dir='ltr'><strong>enses</strong></span> <span class='ocrx_word' id='word_1_396' title='bbox 1572 3228 1632 3284; x_wconf 90' lang='lat' dir='ltr'><strong>in</strong></span> <span class='ocrx_word' id='word_1_397' title='bbox 1684 3229 1858 3284; x_wconf 90' lang='lat' dir='ltr'><strong>corda</strong></span> <span class='ocrx_word' id='word_1_398' title='bbox 1907 3227 2142 3301; x_wconf 89' lang='lat' dir='ltr'><strong>propria</strong></span> 
     </span>
    </p>
   </div>
   <div class='ocr_carea' id='block_1_56' title="bbox 2249 2597 3903 2675">
    <p class='ocr_par' dir='ltr' id='par_1_56' title="bbox 2249 2597 3903 2675">
     <span class='ocr_line' id='line_1_56' title="bbox 2249 2597 3903 2675; baseline 0.002 -25"><span class='ocrx_word' id='word_1_399' title='bbox 2249 2598 2470 2674; x_wconf 76' lang='grc' dir='ltr'>φαντίαν</span> <span class='ocrx_word' id='word_1_400' title='bbox 2555 2597 2936 2674; x_wconf 81' lang='grc' dir='ltr'>ἐνηργηκότες,</span> <span class='ocrx_word' id='word_1_401' title='bbox 2989 2599 3034 2654; x_wconf 78' lang='grc' dir='ltr'><strong>εί</strong></span> <span class='ocrx_word' id='word_1_402' title='bbox 3119 2600 3213 2672; x_wconf 75' lang='grc' dir='ltr'>μὲν</span> <span class='ocrx_word' id='word_1_403' title='bbox 3299 2601 3731 2675; x_wconf 73' lang='grc' dir='ltr'>ἀπεστερημένοι</span> <span class='ocrx_word' id='word_1_404' title='bbox 3804 2605 3903 2654; x_wconf 80' lang='grc' dir='ltr'><strong>τῶν</strong></span> 
     </span>
    </p>
   </div>
   <div class='ocr_carea' id='block_1_57' title="bbox 2249 2685 3903 2764">
    <p class='ocr_par' dir='ltr' id='par_1_57' title="bbox 2249 2685 3903 2764">
     <span class='ocr_line' id='line_1_57' title="bbox 2249 2685 3903 2764; baseline 0.002 -25"><span class='ocrx_word' id='word_1_405' title='bbox 2249 2687 2524 2764; x_wconf 76' lang='grc' dir='ltr'>στεφάοων</span> <span class='ocrx_word' id='word_1_406' title='bbox 2585 2689 2930 2763; x_wconf 84' lang='grc' dir='ltr'>ἀχρειοῦνται</span> <span class='ocrx_word' id='word_1_407' title='bbox 2992 2685 3061 2742; x_wconf 87' lang='grc' dir='ltr'>δι’</span> <span class='ocrx_word' id='word_1_408' title='bbox 3092 2688 3378 2763; x_wconf 75' lang='grc' dir='ltr'>αἰσχύνης,</span> <span class='ocrx_word' id='word_1_409' title='bbox 3425 2689 3499 2751; x_wconf 84' lang='grc' dir='ltr'>ὡς</span> <span class='ocrx_word' id='word_1_410' title='bbox 3554 2687 3602 2743; x_wconf 68' lang='grc' dir='ltr'><strong>εἴ</strong></span> <span class='ocrx_word' id='word_1_411' title='bbox 3655 2688 3749 2744; x_wconf 81' lang='grc' dir='ltr'><strong>καὶ</strong></span> <span class='ocrx_word' id='word_1_412' title='bbox 3809 2710 3903 2743; x_wconf 84' lang='grc' dir='ltr'>κα-</span> 
     </span>
    </p>
   </div>
   <div class='ocr_carea' id='block_1_58' title="bbox 2246 2776 3900 2854">
    <p class='ocr_par' dir='ltr' id='par_1_58' title="bbox 2246 2776 3900 2854">
     <span class='ocr_line' id='line_1_58' title="bbox 2246 2776 3900 2854; baseline 0.001 -25"><span class='ocrx_word' id='word_1_413' title='bbox 2246 2776 2534 2850; x_wconf 84' lang='grc' dir='ltr'>τάχριστοι</span> <span class='ocrx_word' id='word_1_414' title='bbox 2563 2777 2727 2851; x_wconf 85' lang='grc' dir='ltr'>πίσσῃ</span> <span class='ocrx_word' id='word_1_415' title='bbox 2784 2776 3152 2850; x_wconf 84' lang='grc' dir='ltr'>ἐπόμπευσαν,</span> <span class='ocrx_word' id='word_1_416' title='bbox 3182 2776 3327 2833; x_wconf 78' lang='grc' dir='ltr'>ἀλλὰ</span> <span class='ocrx_word' id='word_1_417' title='bbox 3380 2782 3544 2832; x_wconf 87' lang='grc' dir='ltr'>τοῦτο</span> <span class='ocrx_word' id='word_1_418' title='bbox 3605 2777 3702 2851; x_wconf 73' lang='grc' dir='ltr'>μὲν</span> <span class='ocrx_word' id='word_1_419' title='bbox 3772 2777 3900 2854; x_wconf 81' lang='grc' dir='ltr'><strong>βαρῦ</strong></span> 
     </span>
    </p>
   </div>
   <div class='ocr_carea' id='block_1_59' title="bbox 2251 2862 3901 2944">
    <p class='ocr_par' dir='ltr' id='par_1_59' title="bbox 2251 2862 3901 2944">
     <span class='ocr_line' id='line_1_59' title="bbox 2251 2862 3901 2944; baseline 0 -25"><span class='ocrx_word' id='word_1_420' title='bbox 2251 2862 2430 2920; x_wconf 81' lang='grc' dir='ltr'>οὐδέν·</span> <span class='ocrx_word' id='word_1_421' title='bbox 2492 2865 2664 2920; x_wconf 84' lang='grc' dir='ltr'>ἐκεῖνο</span> <span class='ocrx_word' id='word_1_422' title='bbox 2725 2864 2781 2921; x_wconf 69' lang='grc' dir='ltr'>δὶ</span> <span class='ocrx_word' id='word_1_423' title='bbox 2837 2869 2978 2921; x_wconf 88' lang='grc' dir='ltr'>πάνυ</span> <span class='ocrx_word' id='word_1_424' title='bbox 3035 2865 3281 2943; x_wconf 86' lang='grc' dir='ltr'>ἀλγεινὸν</span> <span class='ocrx_word' id='word_1_425' title='bbox 3338 2867 3431 2921; x_wconf 85' lang='grc' dir='ltr'><strong>καὶ</strong></span> <span class='ocrx_word' id='word_1_426' title='bbox 3489 2866 3773 2944; x_wconf 82' lang='grc' dir='ltr'>ἀφόρητον</span> <span class='ocrx_word' id='word_1_427' title='bbox 3830 2866 3901 2928; x_wconf 76' lang='grc' dir='ltr'><strong>εἰς</strong></span> 
     </span>
    </p>
   </div>
   <div class='ocr_carea' id='block_1_60' title="bbox 2251 2951 3903 3029">
    <p class='ocr_par' dir='ltr' id='par_1_60' title="bbox 2251 2951 3903 3029">
     <span class='ocr_line' id='line_1_60' title="bbox 2251 2951 3903 3029; baseline 0.001 -21"><span class='ocrx_word' id='word_1_428' title='bbox 2251 2951 2472 3027; x_wconf 79' lang='grc' dir='ltr'>ὀδύνην,</span> <span class='ocrx_word' id='word_1_429' title='bbox 2533 2955 2614 3010; x_wconf 78' lang='grc' dir='ltr'><strong>δτι</strong></span> <span class='ocrx_word' id='word_1_430' title='bbox 2670 2954 3128 3029; x_wconf 85' lang='grc' dir='ltr'>τραυματίζονται</span> <span class='ocrx_word' id='word_1_431' title='bbox 3181 2955 3248 3010; x_wconf 80' lang='grc' dir='ltr'>τὰ</span> <span class='ocrx_word' id='word_1_432' title='bbox 3301 2955 3472 3025; x_wconf 81' lang='grc' dir='ltr'>ἐντὸς,</span> <span class='ocrx_word' id='word_1_433' title='bbox 3529 2956 3597 3010; x_wconf 84' lang='grc' dir='ltr'>τὰ</span> <span class='ocrx_word' id='word_1_434' title='bbox 3656 2957 3756 3028; x_wconf 72' lang='grc' dir='ltr'>μὶν</span> <span class='ocrx_word' id='word_1_435' title='bbox 3810 2963 3903 3024; x_wconf 72' lang='grc' dir='ltr'><strong>τῆς</strong></span> 
     </span>
    </p>
   </div>
   <div class='ocr_carea' id='block_1_61' title="bbox 2250 3040 3901 3119">
    <p class='ocr_par' dir='ltr' id='par_1_61' title="bbox 2250 3040 3901 3119">
     <span class='ocr_line' id='line_1_61' title="bbox 2250 3040 3901 3119; baseline 0.001 -22"><span class='ocrx_word' id='word_1_436' title='bbox 2250 3040 2607 3113; x_wconf 81' lang='grc' dir='ltr'>συνειδήσεως</span> <span class='ocrx_word' id='word_1_437' title='bbox 2653 3042 3007 3115; x_wconf 82' lang='grc' dir='ltr'>πληττούσης</span> <span class='ocrx_word' id='word_1_438' title='bbox 3063 3043 3276 3111; x_wconf 73' lang='grc' dir='ltr'>αὐτοὺς,</span> <span class='ocrx_word' id='word_1_439' title='bbox 3313 3046 3381 3100; x_wconf 77' lang='grc' dir='ltr'>τὰ</span> <span class='ocrx_word' id='word_1_440' title='bbox 3438 3043 3496 3099; x_wconf 75' lang='grc' dir='ltr'><strong>δέ</strong></span> <span class='ocrx_word' id='word_1_441' title='bbox 3557 3044 3901 3119; x_wconf 80' lang='grc' dir='ltr'>σπαραττού-</span> 
     </span>
    </p>
   </div>
   <div class='ocr_carea' id='block_1_62' title="bbox 2252 3130 3901 3211">
    <p class='ocr_par' dir='ltr' id='par_1_62' title="bbox 2252 3130 3901 3211">
     <span class='ocr_line' id='line_1_62' title="bbox 2252 3130 3901 3211; baseline 0 -24"><span class='ocrx_word' id='word_1_442' title='bbox 2252 3153 2354 3203; x_wconf 90' lang='grc' dir='ltr'><strong>σης</strong></span> <span class='ocrx_word' id='word_1_443' title='bbox 2403 3139 2504 3202; x_wconf 83' lang='grc' dir='ltr'><strong>τῆς</strong></span> <span class='ocrx_word' id='word_1_444' title='bbox 2570 3130 2935 3208; x_wconf 81' lang='grc' dir='ltr'>καρδιώξεως,</span> <span class='ocrx_word' id='word_1_445' title='bbox 2990 3134 3036 3188; x_wconf 81' lang='grc' dir='ltr'><strong>εί</strong></span> <span class='ocrx_word' id='word_1_446' title='bbox 3105 3131 3274 3206; x_wconf 78' lang='grc' dir='ltr'>μηδὶν</span> <span class='ocrx_word' id='word_1_447' title='bbox 3343 3131 3671 3189; x_wconf 80' lang='grc' dir='ltr'>ἀπετέλεσαν</span> <span class='ocrx_word' id='word_1_448' title='bbox 3748 3133 3901 3211; x_wconf 73' lang='grc' dir='ltr'>φίλον</span> 
     </span>
    </p>
   </div>
   <div class='ocr_carea' id='block_1_63' title="bbox 2252 3217 3907 3301">
    <p class='ocr_par' dir='ltr' id='par_1_63' title="bbox 2252 3217 3907 3301">
     <span class='ocr_line' id='line_1_63' title="bbox 2252 3217 3907 3301; baseline 0 -25"><span class='ocrx_word' id='word_1_449' title='bbox 2252 3221 2458 3284; x_wconf 74' lang='grc' dir='ltr'>αὐτοῖς.</span> <span class='ocrx_word' id='word_1_450' title='bbox 2519 3223 2623 3278; x_wconf 87' lang='grc' dir='ltr'>Καὶ</span> <span class='ocrx_word' id='word_1_451' title='bbox 2676 3217 2786 3277; x_wconf 80' lang='grc' dir='ltr'>ἔστι</span> <span class='ocrx_word' id='word_1_452' title='bbox 2838 3228 3128 3301; x_wconf 74' lang='grc' dir='ltr'>προσφυῶς</span> <span class='ocrx_word' id='word_1_453' title='bbox 3185 3222 3272 3278; x_wconf 79' lang='grc' dir='ltr'>ἐπὶ</span> <span class='ocrx_word' id='word_1_454' title='bbox 3334 3226 3443 3278; x_wconf 90' lang='grc' dir='ltr'><strong>τῶν</strong></span> <span class='ocrx_word' id='word_1_455' title='bbox 3495 3223 3770 3278; x_wconf 84' lang='grc' dir='ltr'>τοιούτων</span> <span class='ocrx_word' id='word_1_456' title='bbox 3832 3223 3907 3277; x_wconf 74' lang='lat' dir='ltr'><strong>sl-</strong></span> 
     </span>
    </p>
   </div>
   <div class='ocr_carea' id='block_1_64' title="bbox 489 3280 2147 3391">
    <p class='ocr_par' dir='ltr' id='par_1_64' title="bbox 489 3280 2142 3391">
     <span class='ocr_line' id='line_1_64' title="bbox 490 3280 2142 3301; baseline 0 -17"><span class='ocrx_word' id='word_1_457' title='bbox 747 3280 908 3300; x_wconf 48' lang='grc' dir='ltr'>πω,</span> <span class='ocrx_word' id='word_1_458' title='bbox 943 3280 992 3286; x_wconf 72' lang='grc'>,-</span> <span class='ocrx_word' id='word_1_459' title='bbox 1040 3280 1301 3301; x_wconf 45' lang='lat' dir='ltr'><strong>Tn---&quot;</strong></span> <span class='ocrx_word' id='word_1_460' title='bbox 1357 3280 1519 3285; x_wconf 56' lang='grc' dir='ltr'><strong>--ηπ</strong></span> <span class='ocrx_word' id='word_1_461' title='bbox 1691 3280 1858 3284; x_wconf 41' lang='lat' dir='ltr'><strong>ﬁ-”</strong></span> <span class='ocrx_word' id='word_1_462' title='bbox 1908 3280 2142 3301; x_wconf 30' lang='lat' dir='ltr'><strong>thr-“</strong></span> 
     </span>
     <span class='ocr_line' id='line_1_65' title="bbox 489 3315 2142 3391; baseline 0 -20"><span class='ocrx_word' id='word_1_463' title='bbox 489 3315 858 3374; x_wconf 88' lang='lat' dir='ltr'><strong>intraverunt</strong></span> <span class='ocrx_word' id='word_1_464' title='bbox 890 3335 903 3373; x_wconf 90' lang='lat'><strong>:</strong></span> <span class='ocrx_word' id='word_1_465' title='bbox 937 3334 1073 3374; x_wconf 89' lang='lat' dir='ltr'><strong>nam</strong></span> <span class='ocrx_word' id='word_1_466' title='bbox 1126 3335 1253 3391; x_wconf 75' lang='lat' dir='ltr'><strong>quaa</strong></span> <span class='ocrx_word' id='word_1_467' title='bbox 1294 3318 1531 3390; x_wconf 87' lang='lat' dir='ltr'><strong>quidem</strong></span> <span class='ocrx_word' id='word_1_468' title='bbox 1588 3317 1699 3389; x_wconf 91' lang='lat' dir='ltr'><strong>ipsi</strong></span> <span class='ocrx_word' id='word_1_469' title='bbox 1748 3318 2142 3390; x_wconf 87' lang='lat' dir='ltr'><strong>projecerunt,</strong></span> 
     </span>
    </p>
   </div>
   <div class='ocr_carea' id='block_1_65' title="bbox 2259 3280 3905 3391">
    <p class='ocr_par' dir='ltr' id='par_1_65' title="bbox 2259 3280 3905 3388">
     <span class='ocr_line' id='line_1_66' title="bbox 2425 3280 3126 3301; baseline 0.001 -17"><span class='ocrx_word' id='word_1_470' title='bbox 2425 3280 2434 3284; x_wconf 87' lang='lat'><strong>-</strong></span> <span class='ocrx_word' id='word_1_471' title='bbox 2883 3280 2892 3299; x_wconf 84' lang='grc'><strong>,</strong></span> <span class='ocrx_word' id='word_1_472' title='bbox 2993 3280 3004 3301; x_wconf 69' lang='grc'><strong>,</strong></span> <span class='ocrx_word' id='word_1_473' title='bbox 3115 3280 3126 3285; x_wconf 86' lang='grc'><strong>,</strong></span> 
     </span>
     <span class='ocr_line' id='line_1_67' title="bbox 2259 3311 3905 3388; baseline 0.001 -24"><span class='ocrx_word' id='word_1_474' title='bbox 2259 3317 2400 3378; x_wconf 77' lang='grc' dir='ltr'>πεῖν,</span> <span class='ocrx_word' id='word_1_475' title='bbox 2434 3313 2507 3373; x_wconf 85' lang='grc' dir='ltr'>ὡς</span> <span class='ocrx_word' id='word_1_476' title='bbox 2565 3313 2997 3388; x_wconf 86' lang='grc' dir='ltr'>περιετράπησαν</span> <span class='ocrx_word' id='word_1_477' title='bbox 3053 3311 3238 3376; x_wconf 81' lang='grc' dir='ltr'>αὐτοῖς</span> <span class='ocrx_word' id='word_1_478' title='bbox 3287 3313 3343 3367; x_wconf 71' lang='grc' dir='ltr'>αἱ</span> <span class='ocrx_word' id='word_1_479' title='bbox 3398 3313 3536 3367; x_wconf 85' lang='grc' dir='ltr'><strong>κατά</strong></span> <span class='ocrx_word' id='word_1_480' title='bbox 3579 3315 3690 3366; x_wconf 87' lang='grc' dir='ltr'><strong>τῶν</strong></span> <span class='ocrx_word' id='word_1_481' title='bbox 3753 3311 3905 3366; x_wconf 85' lang='grc' dir='ltr'>ἀναι-</span> 
     </span>
    </p>
   </div>
   <div class='ocr_carea' id='block_1_66' title="bbox 489 3405 2146 3480">
    <p class='ocr_par' dir='ltr' id='par_1_66' title="bbox 489 3405 2146 3480">
     <span class='ocr_line' id='line_1_68' title="bbox 489 3405 2146 3480; baseline 0.001 -20"><span class='ocrx_word' id='word_1_482' title='bbox 489 3405 669 3463; x_wconf 89' lang='lat' dir='ltr'><strong>veluti</strong></span> <span class='ocrx_word' id='word_1_483' title='bbox 728 3406 978 3480; x_wconf 89' lang='lat' dir='ltr'><strong>puerilia</strong></span> <span class='ocrx_word' id='word_1_484' title='bbox 1051 3406 1169 3463; x_wconf 88' lang='lat' dir='ltr'><strong>tela</strong></span> <span class='ocrx_word' id='word_1_485' title='bbox 1222 3407 1422 3463; x_wconf 87' lang='lat' dir='ltr'><strong>habita</strong></span> <span class='ocrx_word' id='word_1_486' title='bbox 1478 3411 1638 3476; x_wconf 86' lang='lat' dir='ltr'><strong>sunt,</strong></span> <span class='ocrx_word' id='word_1_487' title='bbox 1697 3411 1754 3463; x_wconf 87' lang='lat' dir='ltr'><strong>et</strong></span> <span class='ocrx_word' id='word_1_488' title='bbox 1829 3407 1974 3462; x_wconf 88' lang='lat' dir='ltr'><strong>forte</strong></span> <span class='ocrx_word' id='word_1_489' title='bbox 2029 3422 2146 3462; x_wconf 90' lang='lat' dir='ltr'><strong>non</strong></span> 
     </span>
    </p>
   </div>
   <div class='ocr_carea' id='block_1_67' title="bbox 493 3495 2148 3568">
    <p class='ocr_par' dir='ltr' id='par_1_67' title="bbox 493 3495 2148 3568">
     <span class='ocr_line' id='line_1_69' title="bbox 493 3495 2148 3568; baseline -0.001 -18"><span class='ocrx_word' id='word_1_490' title='bbox 493 3500 946 3567; x_wconf 82' lang='lat' dir='ltr'><strong>percusserunt;</strong></span> <span class='ocrx_word' id='word_1_491' title='bbox 979 3513 1108 3568; x_wconf 64' lang='lat' dir='ltr'><strong>qua</strong></span> <span class='ocrx_word' id='word_1_492' title='bbox 1160 3513 1293 3552; x_wconf 92' lang='lat' dir='ltr'><strong>vero</strong></span> <span class='ocrx_word' id='word_1_493' title='bbox 1337 3495 1571 3567; x_wconf 86' lang='lat' dir='ltr'><strong>justitia</strong></span> <span class='ocrx_word' id='word_1_494' title='bbox 1618 3499 1821 3552; x_wconf 87' lang='lat' dir='ltr'><strong>contra</strong></span> <span class='ocrx_word' id='word_1_495' title='bbox 1867 3495 2027 3568; x_wconf 89' lang='lat' dir='ltr'><strong>ipsos</strong></span> <span class='ocrx_word' id='word_1_496' title='bbox 2059 3511 2148 3550; x_wconf 88' lang='lat' dir='ltr'><strong>re-</strong></span> 
     </span>
    </p>
   </div>
   <div class='ocr_carea' id='block_1_68' title="bbox 492 3583 2149 3655">
    <p class='ocr_par' dir='ltr' id='par_1_68' title="bbox 492 3583 2149 3655">
     <span class='ocr_line' id='line_1_70' title="bbox 492 3583 2149 3655; baseline -0.001 -15"><span class='ocrx_word' id='word_1_497' title='bbox 492 3585 684 3655; x_wconf 89' lang='lat' dir='ltr'><strong>torsit,</strong></span> <span class='ocrx_word' id='word_1_498' title='bbox 729 3585 790 3640; x_wconf 92' lang='lat' dir='ltr'><strong>in</strong></span> <span class='ocrx_word' id='word_1_499' title='bbox 822 3584 1103 3642; x_wconf 79' lang='lat' dir='ltr'><strong>interiora</strong></span> <span class='ocrx_word' id='word_1_500' title='bbox 1151 3584 1344 3642; x_wconf 89' lang='lat' dir='ltr'><strong>cordis</strong></span> <span class='ocrx_word' id='word_1_501' title='bbox 1392 3584 1758 3642; x_wconf 87' lang='lat' dir='ltr'><strong>intraverunt</strong></span> <span class='ocrx_word' id='word_1_502' title='bbox 1805 3588 1862 3640; x_wconf 90' lang='lat' dir='ltr'><strong>et</strong></span> <span class='ocrx_word' id='word_1_503' title='bbox 1904 3583 2149 3640; x_wconf 87' lang='lat' dir='ltr'><strong>vulnera</strong></span> 
     </span>
    </p>
   </div>
   <div class='ocr_carea' id='block_1_69' title="bbox 498 3673 858 3732">
    <p class='ocr_par' dir='ltr' id='par_1_69' title="bbox 498 3673 858 3732">
     <span class='ocr_line' id='line_1_71' title="bbox 498 3673 858 3732; baseline 0.006 -2"><span class='ocrx_word' id='word_1_504' title='bbox 498 3673 858 3732; x_wconf 80' lang='lat' dir='ltr'><strong>inﬂixerunt.</strong></span> 
     </span>
    </p>
   </div>
   <div class='ocr_carea' id='block_1_70' title="bbox 571 3869 2147 3944">
    <p class='ocr_par' dir='ltr' id='par_1_70' title="bbox 571 3869 2147 3944">
     <span class='ocr_line' id='line_1_72' title="bbox 571 3869 2147 3944; baseline -0.003 -16"><span class='ocrx_word' id='word_1_505' title='bbox 571 3873 660 3928; x_wconf 92' lang='lat'><strong>30.</strong></span> <span class='ocrx_word' id='word_1_506' title='bbox 693 3877 939 3944; x_wconf 86' lang='lat' dir='ltr'><strong>Insuper</strong></span> <span class='ocrx_word' id='word_1_507' title='bbox 967 3871 1095 3928; x_wconf 88' lang='lat' dir='ltr'><strong>volo</strong></span> <span class='ocrx_word' id='word_1_508' title='bbox 1133 3871 1301 3943; x_wconf 89' lang='lat' dir='ltr'><strong>justa</strong></span> <span class='ocrx_word' id='word_1_509' title='bbox 1330 3873 1576 3944; x_wconf 88' lang='lat' dir='ltr'><strong>loquens</strong></span> <span class='ocrx_word' id='word_1_510' title='bbox 1609 3888 1725 3927; x_wconf 91' lang='lat' dir='ltr'><strong>non</strong></span> <span class='ocrx_word' id='word_1_511' title='bbox 1770 3869 2012 3943; x_wconf 91' lang='lat' dir='ltr'><strong>despici,</strong></span> <span class='ocrx_word' id='word_1_512' title='bbox 2045 3869 2147 3925; x_wconf 86' lang='lat' dir='ltr'><strong>sed</strong></span> 
     </span>
    </p>
   </div>
   <div class='ocr_carea' id='block_1_71' title="bbox 499 3958 2149 4032">
    <p class='ocr_par' dir='ltr' id='par_1_71' title="bbox 499 3958 2149 4032">
     <span class='ocr_line' id='line_1_73' title="bbox 499 3958 2149 4032; baseline -0.002 -16"><span class='ocrx_word' id='word_1_513' title='bbox 499 3959 715 4016; x_wconf 89' lang='lat' dir='ltr'><strong>audiri.</strong></span> <span class='ocrx_word' id='word_1_514' title='bbox 748 3961 871 4016; x_wconf 90' lang='lat' dir='ltr'><strong>Non</strong></span> <span class='ocrx_word' id='word_1_515' title='bbox 905 3960 1063 4016; x_wconf 90' lang='lat' dir='ltr'><strong>enim</strong></span> <span class='ocrx_word' id='word_1_516' title='bbox 1097 3960 1176 4016; x_wconf 91' lang='lat' dir='ltr'><strong>ibi</strong></span> <span class='ocrx_word' id='word_1_517' title='bbox 1206 3958 1463 4032; x_wconf 88' lang='lat' dir='ltr'><strong>vulgaris</strong></span> <span class='ocrx_word' id='word_1_518' title='bbox 1512 3964 1612 4016; x_wconf 87' lang='lat' dir='ltr'><strong>aut</strong></span> <span class='ocrx_word' id='word_1_519' title='bbox 1649 3959 1926 4032; x_wconf 88' lang='lat' dir='ltr'><strong>ignobilis</strong></span> <span class='ocrx_word' id='word_1_520' title='bbox 1973 3959 2149 4015; x_wconf 92' lang='lat' dir='ltr'><strong>homo</strong></span> 
     </span>
    </p>
   </div>
   <div class='ocr_carea' id='block_1_72' title="bbox 501 4048 2148 4120">
    <p class='ocr_par' dir='ltr' id='par_1_72' title="bbox 501 4048 2148 4120">
     <span class='ocr_line' id='line_1_74' title="bbox 501 4048 2148 4120; baseline -0.003 -15"><span class='ocrx_word' id='word_1_521' title='bbox 501 4066 656 4115; x_wconf 90' lang='lat' dir='ltr'><strong>sum,</strong></span> <span class='ocrx_word' id='word_1_522' title='bbox 690 4050 788 4104; x_wconf 90' lang='lat' dir='ltr'><strong>sed</strong></span> <span class='ocrx_word' id='word_1_523' title='bbox 824 4049 894 4104; x_wconf 87' lang='lat' dir='ltr'><strong>ad</strong></span> <span class='ocrx_word' id='word_1_524' title='bbox 929 4049 1257 4104; x_wconf 89' lang='lat' dir='ltr'><strong>docendum</strong></span> <span class='ocrx_word' id='word_1_525' title='bbox 1297 4052 1463 4104; x_wconf 88' lang='lat' dir='ltr'><strong>teneo</strong></span> <span class='ocrx_word' id='word_1_526' title='bbox 1511 4049 1944 4120; x_wconf 87' lang='lat' dir='ltr'><strong>principatum;</strong></span> <span class='ocrx_word' id='word_1_527' title='bbox 1976 4053 2031 4103; x_wconf 93' lang='lat' dir='ltr'><strong>et</strong></span> <span class='ocrx_word' id='word_1_528' title='bbox 2061 4048 2148 4102; x_wconf 90' lang='lat' dir='ltr'><strong>di-</strong></span> 
     </span>
    </p>
   </div>
   <div class='ocr_carea' id='block_1_73' title="bbox 501 4136 2148 4210">
    <p class='ocr_par' dir='ltr' id='par_1_73' title="bbox 501 4136 2148 4210">
     <span class='ocr_line' id='line_1_75' title="bbox 501 4136 2148 4210; baseline -0.001 -18"><span class='ocrx_word' id='word_1_529' title='bbox 501 4137 701 4192; x_wconf 90' lang='lat' dir='ltr'><strong>scendi</strong></span> <span class='ocrx_word' id='word_1_530' title='bbox 733 4136 1069 4192; x_wconf 85' lang='lat' dir='ltr'><strong>facultatem</strong></span> <span class='ocrx_word' id='word_1_531' title='bbox 1102 4138 1214 4192; x_wconf 91' lang='lat' dir='ltr'><strong>sub</strong></span> <span class='ocrx_word' id='word_1_532' title='bbox 1245 4155 1337 4193; x_wconf 91' lang='lat' dir='ltr'><strong>me</strong></span> <span class='ocrx_word' id='word_1_533' title='bbox 1369 4138 1650 4210; x_wconf 88' lang='lat' dir='ltr'><strong>magistro</strong></span> <span class='ocrx_word' id='word_1_534' title='bbox 1672 4137 1939 4192; x_wconf 92' lang='lat' dir='ltr'><strong>obtinent</strong></span> <span class='ocrx_word' id='word_1_535' title='bbox 1969 4136 2148 4207; x_wconf 87' lang='lat' dir='ltr'><strong>hujus</strong></span> 
     </span>
    </p>
   </div>
   <div class='ocr_carea' id='block_1_74' title="bbox 503 4224 2148 4297">
    <p class='ocr_par' dir='ltr' id='par_1_74' title="bbox 503 4224 2148 4297">
     <span class='ocr_line' id='line_1_76' title="bbox 503 4224 2148 4297; baseline 0 -17"><span class='ocrx_word' id='word_1_536' title='bbox 503 4224 615 4280; x_wconf 84' lang='lat' dir='ltr'><strong>loci</strong></span> <span class='ocrx_word' id='word_1_537' title='bbox 646 4225 820 4281; x_wconf 87' lang='lat' dir='ltr'><strong>cives.</strong></span> <span class='ocrx_word' id='word_1_538' title='bbox 853 4225 970 4281; x_wconf 87' lang='lat' dir='ltr'><strong>Hoc</strong></span> <span class='ocrx_word' id='word_1_539' title='bbox 1015 4225 1196 4280; x_wconf 88' lang='lat' dir='ltr'><strong>divini</strong></span> <span class='ocrx_word' id='word_1_540' title='bbox 1226 4225 1474 4297; x_wconf 90' lang='lat' dir='ltr'><strong>Spiritus</strong></span> <span class='ocrx_word' id='word_1_541' title='bbox 1520 4227 1742 4281; x_wconf 91' lang='lat' dir='ltr'><strong>donum</strong></span> <span class='ocrx_word' id='word_1_542' title='bbox 1781 4230 1889 4293; x_wconf 90' lang='lat' dir='ltr'><strong>est,</strong></span> <span class='ocrx_word' id='word_1_543' title='bbox 1924 4225 2023 4295; x_wconf 90' lang='lat' dir='ltr'><strong>qui</strong></span> <span class='ocrx_word' id='word_1_544' title='bbox 2058 4241 2148 4280; x_wconf 88' lang='lat' dir='ltr'><strong>me</strong></span> 
     </span>
    </p>
   </div>
   <div class='ocr_carea' id='block_1_75' title="bbox 504 4313 2148 4388">
    <p class='ocr_par' dir='ltr' id='par_1_75' title="bbox 504 4313 2148 4388">
     <span class='ocr_line' id='line_1_77' title="bbox 504 4313 2148 4388; baseline -0.002 -18"><span class='ocrx_word' id='word_1_545' title='bbox 504 4314 563 4370; x_wconf 90' lang='lat' dir='ltr'><strong>in</strong></span> <span class='ocrx_word' id='word_1_546' title='bbox 595 4319 822 4371; x_wconf 90' lang='lat' dir='ltr'><strong>tantum</strong></span> <span class='ocrx_word' id='word_1_547' title='bbox 853 4331 1002 4388; x_wconf 93' lang='lat' dir='ltr'><strong>opus</strong></span> <span class='ocrx_word' id='word_1_548' title='bbox 1031 4315 1638 4387; x_wconf 71' lang='lat' dir='ltr'><strong>ordinavit,cujusque</strong></span> <span class='ocrx_word' id='word_1_549' title='bbox 1668 4315 1855 4386; x_wconf 87' lang='lat' dir='ltr'><strong>gratia</strong></span> <span class='ocrx_word' id='word_1_550' title='bbox 1884 4313 1983 4368; x_wconf 92' lang='lat' dir='ltr'><strong>Dei</strong></span> <span class='ocrx_word' id='word_1_551' title='bbox 2015 4330 2148 4385; x_wconf 87' lang='lat' dir='ltr'><strong>apo-</strong></span> 
     </span>
    </p>
   </div>
   <div class='ocr_carea' id='block_1_76' title="bbox 503 4403 2148 4476">
    <p class='ocr_par' dir='ltr' id='par_1_76' title="bbox 503 4403 2148 4476">
     <span class='ocr_line' id='line_1_78' title="bbox 503 4403 2148 4476; baseline -0.002 -17"><span class='ocrx_word' id='word_1_552' title='bbox 503 4403 691 4460; x_wconf 88' lang='lat' dir='ltr'><strong>stolus</strong></span> <span class='ocrx_word' id='word_1_553' title='bbox 743 4408 800 4460; x_wconf 90' lang='lat' dir='ltr'><strong>et</strong></span> <span class='ocrx_word' id='word_1_554' title='bbox 843 4404 969 4476; x_wconf 87' lang='lat' dir='ltr'><strong>ipse</strong></span> <span class='ocrx_word' id='word_1_555' title='bbox 1017 4405 1253 4461; x_wconf 89' lang='lat' dir='ltr'><strong>habeor.</strong></span> <span class='ocrx_word' id='word_1_556' title='bbox 1286 4405 1601 4476; x_wconf 86' lang='lat' dir='ltr'><strong>Apostolus</strong></span> <span class='ocrx_word' id='word_1_557' title='bbox 1649 4410 1868 4473; x_wconf 88' lang='lat' dir='ltr'><strong>autem,</strong></span> <span class='ocrx_word' id='word_1_558' title='bbox 1901 4403 2052 4458; x_wconf 87' lang='lat' dir='ltr'><strong>sicut</strong></span> <span class='ocrx_word' id='word_1_559' title='bbox 2090 4406 2148 4457; x_wconf 88' lang='lat' dir='ltr'><strong>et</strong></span> 
     </span>
    </p>
   </div>
   <div class='ocr_carea' id='block_1_77' title="bbox 503 4489 2146 4566">
    <p class='ocr_par' dir='ltr' id='par_1_77' title="bbox 503 4489 2146 4566">
     <span class='ocr_line' id='line_1_79' title="bbox 503 4489 2146 4566; baseline -0.003 -17"><span class='ocrx_word' id='word_1_560' title='bbox 503 4492 695 4549; x_wconf 87' lang='lat' dir='ltr'><strong>omnis</strong></span> <span class='ocrx_word' id='word_1_561' title='bbox 743 4493 1064 4566; x_wconf 82' lang='lat' dir='ltr'><strong>presbyter,</strong></span> <span class='ocrx_word' id='word_1_562' title='bbox 1123 4511 1239 4549; x_wconf 87' lang='lat' dir='ltr'><strong>non</strong></span> <span class='ocrx_word' id='word_1_563' title='bbox 1287 4492 1566 4562; x_wconf 81' lang='lat' dir='ltr'><strong>indignus</strong></span> <span class='ocrx_word' id='word_1_564' title='bbox 1623 4493 1942 4547; x_wconf 83' lang='lat' dir='ltr'><strong>attentione</strong></span> <span class='ocrx_word' id='word_1_565' title='bbox 1982 4489 2146 4562; x_wconf 86' lang='lat' dir='ltr'><strong>judi-</strong></span> 
     </span>
    </p>
   </div>
   <div class='ocr_carea' id='block_1_78' title="bbox 502 4581 2144 4656">
    <p class='ocr_par' dir='ltr' id='par_1_78' title="bbox 502 4581 2144 4656">
     <span class='ocr_line' id='line_1_80' title="bbox 502 4581 2144 4656; baseline -0.002 -19"><span class='ocrx_word' id='word_1_566' title='bbox 502 4587 688 4653; x_wconf 84' lang='lat' dir='ltr'><strong>catur,</strong></span> <span class='ocrx_word' id='word_1_567' title='bbox 721 4583 821 4639; x_wconf 88' lang='lat' dir='ltr'><strong>sed</strong></span> <span class='ocrx_word' id='word_1_568' title='bbox 866 4584 1123 4656; x_wconf 91' lang='lat' dir='ltr'><strong>primum</strong></span> <span class='ocrx_word' id='word_1_569' title='bbox 1173 4581 1342 4637; x_wconf 92' lang='lat' dir='ltr'><strong>illum</strong></span> <span class='ocrx_word' id='word_1_570' title='bbox 1374 4582 1645 4647; x_wconf 88' lang='lat' dir='ltr'><strong>audiunt,</strong></span> <span class='ocrx_word' id='word_1_571' title='bbox 1677 4581 1777 4652; x_wconf 91' lang='lat' dir='ltr'><strong>qui</strong></span> <span class='ocrx_word' id='word_1_572' title='bbox 1821 4584 1970 4635; x_wconf 73' lang='lat' dir='ltr'><strong>cmtu</strong></span> <span class='ocrx_word' id='word_1_573' title='bbox 2007 4596 2144 4634; x_wconf 90' lang='lat' dir='ltr'><strong>con-</strong></span> 
     </span>
    </p>
   </div>
   <div class='ocr_carea' id='block_1_79' title="bbox 2255 3398 3904 3478">
    <p class='ocr_par' dir='ltr' id='par_1_79' title="bbox 2255 3398 3904 3478">
     <span class='ocr_line' id='line_1_81' title="bbox 2255 3398 3904 3478; baseline -0.001 -22"><span class='ocrx_word' id='word_1_574' title='bbox 2255 3399 2385 3456; x_wconf 84' lang='grc' dir='ltr'>τίων</span> <span class='ocrx_word' id='word_1_575' title='bbox 2431 3398 2615 3476; x_wconf 84' lang='grc' dir='ltr'>βολαὶ,</span> <span class='ocrx_word' id='word_1_576' title='bbox 2647 3402 2736 3456; x_wconf 82' lang='grc' dir='ltr'><strong>καὶ</strong></span> <span class='ocrx_word' id='word_1_577' title='bbox 2767 3403 2821 3456; x_wconf 72' lang='grc' dir='ltr'>αἱ</span> <span class='ocrx_word' id='word_1_578' title='bbox 2881 3401 3146 3478; x_wconf 79' lang='grc' dir='ltr'>ῥομφαῖαι</span> <span class='ocrx_word' id='word_1_579' title='bbox 3204 3400 3377 3456; x_wconf 82' lang='grc' dir='ltr'>αὐτῶν</span> <span class='ocrx_word' id='word_1_580' title='bbox 3445 3401 3777 3472; x_wconf 71' lang='grc' dir='ltr'>εἷσήλθοσαν</span> <span class='ocrx_word' id='word_1_581' title='bbox 3835 3401 3904 3462; x_wconf 77' lang='grc' dir='ltr'>εἰς</span> 
     </span>
    </p>
   </div>
   <div class='ocr_carea' id='block_1_80' title="bbox 2255 3486 3906 3568">
    <p class='ocr_par' dir='ltr' id='par_1_80' title="bbox 2255 3486 3906 3568">
     <span class='ocr_line' id='line_1_82' title="bbox 2255 3486 3906 3568; baseline 0 -24"><span class='ocrx_word' id='word_1_582' title='bbox 2255 3491 2353 3551; x_wconf 80' lang='grc' dir='ltr'><strong>τὰς</strong></span> <span class='ocrx_word' id='word_1_583' title='bbox 2417 3486 2640 3564; x_wconf 84' lang='grc' dir='ltr'>καρδίας</span> <span class='ocrx_word' id='word_1_584' title='bbox 2693 3489 2908 3546; x_wconf 81' lang='grc' dir='ltr'>αὐτῶν·</span> <span class='ocrx_word' id='word_1_585' title='bbox 2967 3491 3057 3546; x_wconf 83' lang='grc' dir='ltr'><strong>καὶ</strong></span> <span class='ocrx_word' id='word_1_586' title='bbox 3115 3490 3148 3544; x_wconf 78' lang='grc' dir='ltr'>ἃ</span> <span class='ocrx_word' id='word_1_587' title='bbox 3209 3491 3303 3564; x_wconf 73' lang='grc' dir='ltr'>μὶν</span> <span class='ocrx_word' id='word_1_588' title='bbox 3372 3489 3528 3546; x_wconf 74' lang='grc' dir='ltr'>αὐτοὶ</span> <span class='ocrx_word' id='word_1_589' title='bbox 3606 3490 3906 3568; x_wconf 67' lang='grc' dir='ltr'>έπαφῆκαν,</span> 
     </span>
    </p>
   </div>
   <div class='ocr_carea' id='block_1_81' title="bbox 2259 3575 3908 3654">
    <p class='ocr_par' dir='ltr' id='par_1_81' title="bbox 2259 3575 3908 3654">
     <span class='ocr_line' id='line_1_83' title="bbox 2259 3575 3908 3654; baseline 0.001 -22"><span class='ocrx_word' id='word_1_590' title='bbox 2259 3579 2332 3641; x_wconf 86' lang='grc' dir='ltr'>ὡς</span> <span class='ocrx_word' id='word_1_591' title='bbox 2371 3576 2505 3654; x_wconf 84' lang='grc' dir='ltr'>βέλη</span> <span class='ocrx_word' id='word_1_592' title='bbox 2536 3579 2749 3650; x_wconf 87' lang='grc' dir='ltr'>νηπίων</span> <span class='ocrx_word' id='word_1_593' title='bbox 2799 3577 3182 3654; x_wconf 81' lang='grc' dir='ltr'>ἐλογίσθησαν,</span> <span class='ocrx_word' id='word_1_594' title='bbox 3213 3578 3304 3634; x_wconf 81' lang='grc' dir='ltr'><strong>καὶ</strong></span> <span class='ocrx_word' id='word_1_595' title='bbox 3341 3580 3509 3654; x_wconf 86' lang='grc' dir='ltr'>τυχὸν</span> <span class='ocrx_word' id='word_1_596' title='bbox 3556 3577 3684 3635; x_wconf 65' lang='grc' dir='ltr'>οὐδὲ</span> <span class='ocrx_word' id='word_1_597' title='bbox 3737 3575 3908 3648; x_wconf 70' lang='grc' dir='ltr'>ἔπλη-</span> 
     </span>
    </p>
   </div>
   <div class='ocr_carea' id='block_1_82' title="bbox 2260 3665 3904 3746">
    <p class='ocr_par' dir='ltr' id='par_1_82' title="bbox 2260 3665 3904 3746">
     <span class='ocr_line' id='line_1_84' title="bbox 2260 3665 3904 3746; baseline 0.004 -25"><span class='ocrx_word' id='word_1_598' title='bbox 2260 3667 2370 3737; x_wconf 78' lang='grc' dir='ltr'>ξαν·</span> <span class='ocrx_word' id='word_1_599' title='bbox 2407 3667 2439 3721; x_wconf 76' lang='grc' dir='ltr'><strong>ἃ</strong></span> <span class='ocrx_word' id='word_1_600' title='bbox 2470 3665 2528 3722; x_wconf 76' lang='grc' dir='ltr'>δὲ</span> <span class='ocrx_word' id='word_1_601' title='bbox 2555 3669 2590 3738; x_wconf 81' lang='grc' dir='ltr'>ἡ</span> <span class='ocrx_word' id='word_1_602' title='bbox 2647 3665 2769 3738; x_wconf 89' lang='grc' dir='ltr'>δίκη</span> <span class='ocrx_word' id='word_1_603' title='bbox 2826 3670 2942 3724; x_wconf 85' lang='grc' dir='ltr'>κατ’</span> <span class='ocrx_word' id='word_1_604' title='bbox 2983 3668 3157 3724; x_wconf 80' lang='grc' dir='ltr'>αὐτῶν</span> <span class='ocrx_word' id='word_1_605' title='bbox 3216 3665 3490 3746; x_wconf 73' lang='grc' dir='ltr'>ἔστρεψεν,</span> <span class='ocrx_word' id='word_1_606' title='bbox 3520 3665 3630 3724; x_wconf 66' lang='grc' dir='ltr'>ἔσω</span> <span class='ocrx_word' id='word_1_607' title='bbox 3686 3665 3904 3744; x_wconf 73' lang='grc' dir='ltr'>καρδίας</span> 
     </span>
    </p>
   </div>
   <div class='ocr_carea' id='block_1_83' title="bbox 2258 3753 3386 3833">
    <p class='ocr_par' dir='ltr' id='par_1_83' title="bbox 2258 3753 3386 3833">
     <span class='ocr_line' id='line_1_85' title="bbox 2258 3753 3386 3833; baseline 0.004 -21"><span class='ocrx_word' id='word_1_608' title='bbox 2258 3757 2589 3832; x_wconf 78' lang='grc' dir='ltr'>παρέκυψαν,</span> <span class='ocrx_word' id='word_1_609' title='bbox 2619 3757 2709 3812; x_wconf 79' lang='grc' dir='ltr'><strong>καὶ</strong></span> <span class='ocrx_word' id='word_1_610' title='bbox 2738 3756 3024 3833; x_wconf 86' lang='grc' dir='ltr'>τραύματα</span> <span class='ocrx_word' id='word_1_611' title='bbox 3049 3753 3386 3816; x_wconf 79' lang='grc' dir='ltr'>ἐνεϐἀθυναν.</span> 
     </span>
    </p>
   </div>
   <div class='ocr_carea' id='block_1_84' title="bbox 2331 3863 3909 3940">
    <p class='ocr_par' dir='ltr' id='par_1_84' title="bbox 2331 3863 3909 3940">
     <span class='ocr_line' id='line_1_86' title="bbox 2331 3863 3909 3940; baseline 0.001 -21"><span class='ocrx_word' id='word_1_612' title='bbox 2331 3864 2400 3922; x_wconf 86' lang='grc' dir='ltr'><strong>λ’.</strong></span> <span class='ocrx_word' id='word_1_613' title='bbox 2459 3867 2578 3922; x_wconf 85' lang='grc' dir='ltr'>Ἐτι</span> <span class='ocrx_word' id='word_1_614' title='bbox 2631 3863 2802 3930; x_wconf 80' lang='grc' dir='ltr'>ἐθέλω</span> <span class='ocrx_word' id='word_1_615' title='bbox 2859 3865 3046 3922; x_wconf 84' lang='grc' dir='ltr'>λαλῶν</span> <span class='ocrx_word' id='word_1_616' title='bbox 3101 3864 3282 3923; x_wconf 86' lang='grc' dir='ltr'>δίκαια</span> <span class='ocrx_word' id='word_1_617' title='bbox 3340 3868 3414 3940; x_wconf 84' lang='grc' dir='ltr'>μή</span> <span class='ocrx_word' id='word_1_618' title='bbox 3475 3864 3909 3938; x_wconf 75' lang='grc' dir='ltr'>ἐξουθενοῦσθαι,</span> 
     </span>
    </p>
   </div>
   <div class='ocr_carea' id='block_1_85' title="bbox 2259 3951 3908 4031">
    <p class='ocr_par' dir='ltr' id='par_1_85' title="bbox 2259 3951 3908 4031">
     <span class='ocr_line' id='line_1_87' title="bbox 2259 3951 3908 4031; baseline 0 -23"><span class='ocrx_word' id='word_1_619' title='bbox 2259 3953 2385 4010; x_wconf 87' lang='grc' dir='ltr'>ἀλλ’</span> <span class='ocrx_word' id='word_1_620' title='bbox 2443 3953 2832 4020; x_wconf 64' lang='grc' dir='ltr'>εἴσακούεσθαι.</span> <span class='ocrx_word' id='word_1_621' title='bbox 2881 3955 2959 4013; x_wconf 84' lang='grc' dir='ltr'>Οὐ</span> <span class='ocrx_word' id='word_1_622' title='bbox 3007 3955 3109 4031; x_wconf 88' lang='grc' dir='ltr'><strong>γάρ</strong></span> <span class='ocrx_word' id='word_1_623' title='bbox 3174 3955 3286 4030; x_wconf 75' lang='grc' dir='ltr'>εἶμι</span> <span class='ocrx_word' id='word_1_624' title='bbox 3346 3951 3578 4012; x_wconf 82' lang='grc' dir='ltr'>ἐνταῦθα</span> <span class='ocrx_word' id='word_1_625' title='bbox 3628 3952 3757 4014; x_wconf 76' lang='grc' dir='ltr'>οὔτε</span> <span class='ocrx_word' id='word_1_626' title='bbox 3813 3975 3908 4030; x_wconf 84' lang='grc' dir='ltr'>χυ-</span> 
     </span>
    </p>
   </div>
   <div class='ocr_carea' id='block_1_86' title="bbox 2261 4040 3906 4121">
    <p class='ocr_par' dir='ltr' id='par_1_86' title="bbox 2261 4040 3906 4121">
     <span class='ocr_line' id='line_1_88' title="bbox 2261 4040 3906 4121; baseline 0.002 -24"><span class='ocrx_word' id='word_1_627' title='bbox 2261 4040 2412 4106; x_wconf 82' lang='grc' dir='ltr'>δαῖος</span> <span class='ocrx_word' id='word_1_628' title='bbox 2471 4041 2592 4098; x_wconf 71' lang='grc' dir='ltr'>οὔτε</span> <span class='ocrx_word' id='word_1_629' title='bbox 2642 4050 2869 4120; x_wconf 86' lang='grc' dir='ltr'>τυχαῖος</span> <span class='ocrx_word' id='word_1_630' title='bbox 2902 4047 3208 4121; x_wconf 85' lang='grc' dir='ltr'>ἄνθρωπος,</span> <span class='ocrx_word' id='word_1_631' title='bbox 3241 4042 3369 4100; x_wconf 87' lang='grc' dir='ltr'>ἀλλ’</span> <span class='ocrx_word' id='word_1_632' title='bbox 3400 4044 3616 4120; x_wconf 75' lang='grc' dir='ltr'>ἐξάρχω</span> <span class='ocrx_word' id='word_1_633' title='bbox 3656 4041 3906 4100; x_wconf 74' lang='grc' dir='ltr'>διδασκα-</span> 
     </span>
    </p>
   </div>
   <div class='ocr_carea' id='block_1_87' title="bbox 2261 4131 3906 4211">
    <p class='ocr_par' dir='ltr' id='par_1_87' title="bbox 2261 4131 3906 4211">
     <span class='ocr_line' id='line_1_89' title="bbox 2261 4131 3906 4211; baseline -0.001 -23"><span class='ocrx_word' id='word_1_634' title='bbox 2261 4131 2470 4196; x_wconf 75' lang='grc' dir='ltr'><strong>λικῶς⁸</strong></span> <span class='ocrx_word' id='word_1_635' title='bbox 2528 4134 2617 4188; x_wconf 87' lang='grc' dir='ltr'><strong>καὶ</strong></span> <span class='ocrx_word' id='word_1_636' title='bbox 2707 4134 3001 4205; x_wconf 84' lang='grc' dir='ltr'>μαθητείας</span> <span class='ocrx_word' id='word_1_637' title='bbox 3087 4134 3349 4211; x_wconf 74' lang='grc' dir='ltr'>ἐπέχουσι</span> <span class='ocrx_word' id='word_1_638' title='bbox 3407 4133 3577 4188; x_wconf 85' lang='grc' dir='ltr'>τόπον</span> <span class='ocrx_word' id='word_1_639' title='bbox 3638 4134 3725 4188; x_wconf 77' lang='grc' dir='ltr'>ὑπ’</span> <span class='ocrx_word' id='word_1_640' title='bbox 3788 4133 3906 4207; x_wconf 78' lang='grc' dir='ltr'>ἐμοὶ</span> 
     </span>
    </p>
   </div>
   <div class='ocr_carea' id='block_1_88' title="bbox 2259 4219 3907 4295">
    <p class='ocr_par' dir='ltr' id='par_1_88' title="bbox 2259 4219 3907 4295">
     <span class='ocr_line' id='line_1_90' title="bbox 2259 4219 3907 4295; baseline 0 -19"><span class='ocrx_word' id='word_1_641' title='bbox 2259 4219 2572 4295; x_wconf 79' lang='grc' dir='ltr'>διδασκάλῳ</span> <span class='ocrx_word' id='word_1_642' title='bbox 2627 4223 2679 4278; x_wconf 75' lang='grc' dir='ltr'>οἱ</span> <span class='ocrx_word' id='word_1_643' title='bbox 2739 4221 2966 4289; x_wconf 86' lang='grc' dir='ltr'>ἐνταῦθα</span> <span class='ocrx_word' id='word_1_644' title='bbox 3019 4221 3266 4281; x_wconf 85' lang='grc' dir='ltr'>πολῖται.</span> <span class='ocrx_word' id='word_1_645' title='bbox 3317 4222 3474 4279; x_wconf 86' lang='grc' dir='ltr'>Θείου</span> <span class='ocrx_word' id='word_1_646' title='bbox 3530 4227 3693 4278; x_wconf 82' lang='grc' dir='ltr'>τοῦτο</span> <span class='ocrx_word' id='word_1_647' title='bbox 3745 4221 3907 4280; x_wconf 67' lang='lat' dir='ltr'><strong>Ilva-5-</strong></span> 
     </span>
    </p>
   </div>
   <div class='ocr_carea' id='block_1_89' title="bbox 2263 4310 3908 4389">
    <p class='ocr_par' dir='ltr' id='par_1_89' title="bbox 2263 4310 3908 4389">
     <span class='ocr_line' id='line_1_91' title="bbox 2263 4310 3908 4389; baseline 0 -23"><span class='ocrx_word' id='word_1_648' title='bbox 2263 4332 2429 4385; x_wconf 78' lang='grc' dir='ltr'>ματος</span> <span class='ocrx_word' id='word_1_649' title='bbox 2490 4310 2687 4388; x_wconf 87' lang='grc' dir='ltr'>δῶρον,</span> <span class='ocrx_word' id='word_1_650' title='bbox 2738 4313 2996 4383; x_wconf 83' lang='grc' dir='ltr'>τάξαντος</span> <span class='ocrx_word' id='word_1_651' title='bbox 3069 4313 3213 4387; x_wconf 71' lang='grc' dir='ltr'>κάμὲ</span> <span class='ocrx_word' id='word_1_652' title='bbox 3286 4312 3361 4374; x_wconf 81' lang='grc' dir='ltr'><strong>εἰς</strong></span> <span class='ocrx_word' id='word_1_653' title='bbox 3410 4317 3668 4368; x_wconf 85' lang='grc' dir='ltr'>τοιοῦτον</span> <span class='ocrx_word' id='word_1_654' title='bbox 3725 4310 3908 4389; x_wconf 70' lang='grc' dir='ltr'>ἔργον,</span> 
     </span>
    </p>
   </div>
   <div class='ocr_carea' id='block_1_90' title="bbox 2258 4399 3906 4478">
    <p class='ocr_par' dir='ltr' id='par_1_90' title="bbox 2258 4399 3906 4478">
     <span class='ocr_line' id='line_1_92' title="bbox 2258 4399 3906 4478; baseline -0.001 -22"><span class='ocrx_word' id='word_1_655' title='bbox 2258 4402 2320 4456; x_wconf 81' lang='grc' dir='ltr'><strong>οὗ</strong></span> <span class='ocrx_word' id='word_1_656' title='bbox 2378 4401 2540 4477; x_wconf 89' lang='grc' dir='ltr'>χάριν</span> <span class='ocrx_word' id='word_1_657' title='bbox 2593 4401 2684 4456; x_wconf 83' lang='grc' dir='ltr'>καὶ</span> <span class='ocrx_word' id='word_1_658' title='bbox 2743 4401 3047 4464; x_wconf 82' lang='grc' dir='ltr'>ἀπόστολος</span> <span class='ocrx_word' id='word_1_659' title='bbox 3103 4407 3236 4458; x_wconf 85' lang='grc' dir='ltr'>Θεοῦ</span> <span class='ocrx_word' id='word_1_660' title='bbox 3279 4401 3576 4478; x_wconf 82' lang='grc' dir='ltr'>λογίζομαι</span> <span class='ocrx_word' id='word_1_661' title='bbox 3603 4400 3695 4458; x_wconf 82' lang='grc' dir='ltr'><strong>καὶ</strong></span> <span class='ocrx_word' id='word_1_662' title='bbox 3725 4399 3906 4462; x_wconf 73' lang='grc' dir='ltr'>αὐτός.</span> 
     </span>
    </p>
   </div>
   <div class='ocr_carea' id='block_1_91' title="bbox 2258 4479 3910 4568">
    <p class='ocr_par' dir='ltr' id='par_1_91' title="bbox 2258 4479 3910 4568">
     <span class='ocr_line' id='line_1_93' title="bbox 2258 4479 3910 4568; baseline -0.002 -21"><span class='ocrx_word' id='word_1_663' title='bbox 2258 4479 2593 4552; x_wconf 79' lang='grc' dir='ltr'>Ἀπόστολος</span> <span class='ocrx_word' id='word_1_664' title='bbox 2646 4488 2724 4564; x_wconf 73' lang='grc' dir='ltr'>δὲ,</span> <span class='ocrx_word' id='word_1_665' title='bbox 2777 4491 2959 4566; x_wconf 81' lang='grc' dir='ltr'>ὥσπερ</span> <span class='ocrx_word' id='word_1_666' title='bbox 3010 4490 3100 4546; x_wconf 83' lang='grc' dir='ltr'><strong>καὶ</strong></span> <span class='ocrx_word' id='word_1_667' title='bbox 3158 4486 3394 4568; x_wconf 72' lang='grc' dir='ltr'>πρέσϐυς</span> <span class='ocrx_word' id='word_1_668' title='bbox 3449 4491 3613 4560; x_wconf 67' lang='grc' dir='ltr'>ἅπας,</span> <span class='ocrx_word' id='word_1_669' title='bbox 3675 4489 3739 4545; x_wconf 80' lang='grc' dir='ltr'><strong>ού</strong></span> <span class='ocrx_word' id='word_1_670' title='bbox 3797 4490 3910 4566; x_wconf 84' lang='grc' dir='ltr'>κρί-</span> 
     </span>
    </p>
   </div>
   <div class='ocr_carea' id='block_1_92' title="bbox 2259 4579 3906 4658">
    <p class='ocr_par' dir='ltr' id='par_1_92' title="bbox 2259 4579 3906 4658">
     <span class='ocr_line' id='line_1_94' title="bbox 2259 4579 3906 4658; baseline -0.001 -25"><span class='ocrx_word' id='word_1_671' title='bbox 2259 4602 2405 4636; x_wconf 86' lang='grc' dir='ltr'>νεται</span> <span class='ocrx_word' id='word_1_672' title='bbox 2445 4580 2655 4654; x_wconf 82' lang='grc' dir='ltr'>ἀνάξιος</span> <span class='ocrx_word' id='word_1_673' title='bbox 2697 4588 3003 4657; x_wconf 81' lang='grc' dir='ltr'>προσοχῆς,</span> <span class='ocrx_word' id='word_1_674' title='bbox 3032 4579 3179 4638; x_wconf 85' lang='grc' dir='ltr'>ἀλλὰ</span> <span class='ocrx_word' id='word_1_675' title='bbox 3226 4585 3420 4658; x_wconf 81' lang='grc' dir='ltr'>πρῶτα</span> <span class='ocrx_word' id='word_1_676' title='bbox 3468 4582 3563 4654; x_wconf 72' lang='grc' dir='ltr'>μὲν</span> <span class='ocrx_word' id='word_1_677' title='bbox 3624 4581 3906 4635; x_wconf 84' lang='grc' dir='ltr'>ἀκούουσιν</span> 
     </span>
    </p>
   </div>
   <div class='ocr_carea' id='block_1_93' title="bbox 470 4651 2147 4747">
    <p class='ocr_par' dir='ltr' id='par_1_93' title="bbox 470 4651 2147 4744">
     <span class='ocr_line' id='line_1_95' title="bbox 470 4651 2147 4744; baseline -0.002 -18"><span class='ocrx_word' id='word_1_678' title='bbox 470 4651 723 4744; x_wconf 76' lang='lat' dir='ltr'><strong>&#39;gregati</strong></span> <span class='ocrx_word' id='word_1_679' title='bbox 755 4651 933 4740; x_wconf 73' lang='lat' dir='ltr'><strong>sunt;</strong></span> <span class='ocrx_word' id='word_1_680' title='bbox 965 4671 1174 4727; x_wconf 90' lang='lat' dir='ltr'><strong>deinde</strong></span> <span class='ocrx_word' id='word_1_681' title='bbox 1207 4670 1256 4726; x_wconf 91' lang='lat' dir='ltr'><strong>si</strong></span> <span class='ocrx_word' id='word_1_682' title='bbox 1274 4670 1585 4740; x_wconf 80' lang='lat' dir='ltr'><strong>cujusdam</strong></span> <span class='ocrx_word' id='word_1_683' title='bbox 1621 4651 1892 4724; x_wconf 88' lang='lat' dir='ltr'><strong>utilitatis</strong></span> <span class='ocrx_word' id='word_1_684' title='bbox 1923 4671 1980 4724; x_wconf 92' lang='lat' dir='ltr'><strong>et</strong></span> <span class='ocrx_word' id='word_1_685' title='bbox 2000 4684 2147 4723; x_wconf 91' lang='lat' dir='ltr'><strong>com-</strong></span> 
     </span>
    </p>
   </div>
   <div class='ocr_carea' id='block_1_94' title="bbox 2259 4651 3908 4747">
    <p class='ocr_par' dir='ltr' id='par_1_94' title="bbox 2260 4669 3908 4747">
     <span class='ocr_line' id='line_1_96' title="bbox 2260 4669 3908 4747; baseline 0 -22"><span class='ocrx_word' id='word_1_686' title='bbox 2260 4670 2424 4725; x_wconf 79' lang='grc' dir='ltr'>αὑτοῦ</span> <span class='ocrx_word' id='word_1_687' title='bbox 2491 4671 2542 4725; x_wconf 75' lang='lat' dir='ltr'><strong>oi</strong></span> <span class='ocrx_word' id='word_1_688' title='bbox 2619 4669 3018 4746; x_wconf 85' lang='grc' dir='ltr'>συνειλεγμένοι</span> <span class='ocrx_word' id='word_1_689' title='bbox 3089 4672 3207 4727; x_wconf 84' lang='grc' dir='ltr'>κατ’</span> <span class='ocrx_word' id='word_1_690' title='bbox 3281 4669 3531 4747; x_wconf 80' lang='grc' dir='ltr'>ἐντυχίαν</span> <span class='ocrx_word' id='word_1_691' title='bbox 3563 4690 3576 4704; x_wconf 91' lang='grc'><strong>·</strong></span> <span class='ocrx_word' id='word_1_692' title='bbox 3611 4673 3767 4738; x_wconf 79' lang='grc' dir='ltr'>εἶτα,</span> <span class='ocrx_word' id='word_1_693' title='bbox 3827 4669 3908 4726; x_wconf 71' lang='grc' dir='ltr'><strong>ἐὰν</strong></span> 
     </span>
    </p>
   </div>
   <div class='ocr_carea' id='block_1_95' title="bbox 502 4757 2154 4833">
    <p class='ocr_par' dir='ltr' id='par_1_95' title="bbox 502 4757 2154 4833">
     <span class='ocr_line' id='line_1_97' title="bbox 502 4757 2154 4833; baseline -0.001 -17"><span class='ocrx_word' id='word_1_694' title='bbox 502 4761 660 4816; x_wconf 91' lang='lat' dir='ltr'><strong>modi</strong></span> <span class='ocrx_word' id='word_1_695' title='bbox 709 4765 1032 4833; x_wconf 87' lang='lat' dir='ltr'><strong>agnoscant</strong></span> <span class='ocrx_word' id='word_1_696' title='bbox 1081 4777 1211 4816; x_wconf 90' lang='lat' dir='ltr'><strong>esse</strong></span> <span class='ocrx_word' id='word_1_697' title='bbox 1265 4760 1441 4828; x_wconf 87' lang='lat' dir='ltr'><strong>dicta,</strong></span> <span class='ocrx_word' id='word_1_698' title='bbox 1493 4757 1761 4824; x_wconf 89' lang='lat' dir='ltr'><strong>audiunt,</strong></span> <span class='ocrx_word' id='word_1_699' title='bbox 1816 4757 2154 4828; x_wconf 89' lang='lat' dir='ltr'><strong>docilesque</strong></span> 
     </span>
    </p>
   </div>
   <div class='ocr_carea' id='block_1_96' title="bbox 503 4849 2154 4923">
    <p class='ocr_par' dir='ltr' id='par_1_96' title="bbox 503 4849 2154 4923">
     <span class='ocr_line' id='line_1_98' title="bbox 503 4849 2154 4923; baseline -0.002 -17"><span class='ocrx_word' id='word_1_700' title='bbox 503 4856 729 4922; x_wconf 87' lang='lat' dir='ltr'><strong>parent,</strong></span> <span class='ocrx_word' id='word_1_701' title='bbox 759 4857 819 4908; x_wconf 89' lang='lat' dir='ltr'><strong>et</strong></span> <span class='ocrx_word' id='word_1_702' title='bbox 857 4852 916 4908; x_wconf 91' lang='lat' dir='ltr'><strong>in</strong></span> <span class='ocrx_word' id='word_1_703' title='bbox 960 4868 1102 4923; x_wconf 88' lang='lat' dir='ltr'><strong>pace</strong></span> <span class='ocrx_word' id='word_1_704' title='bbox 1134 4851 1397 4906; x_wconf 91' lang='lat' dir='ltr'><strong>locutum</strong></span> <span class='ocrx_word' id='word_1_705' title='bbox 1452 4850 1775 4904; x_wconf 87' lang='lat' dir='ltr'><strong>dimittunt.</strong></span> <span class='ocrx_word' id='word_1_706' title='bbox 1810 4849 1926 4904; x_wconf 90' lang='lat' dir='ltr'><strong>Cur</strong></span> <span class='ocrx_word' id='word_1_707' title='bbox 1972 4849 2154 4920; x_wconf 88' lang='lat' dir='ltr'><strong>igitur</strong></span> 
     </span>
    </p>
   </div>
   <div class='ocr_carea' id='block_1_97' title="bbox 503 4938 2153 5012">
    <p class='ocr_par' dir='ltr' id='par_1_97' title="bbox 503 4938 2153 5012">
     <span class='ocr_line' id='line_1_99' title="bbox 503 4938 2153 5012; baseline -0.001 -18"><span class='ocrx_word' id='word_1_708' title='bbox 503 4955 621 4994; x_wconf 90' lang='lat' dir='ltr'><strong>non</strong></span> <span class='ocrx_word' id='word_1_709' title='bbox 652 4955 756 5011; x_wconf 92' lang='lat' dir='ltr'><strong>ego</strong></span> <span class='ocrx_word' id='word_1_710' title='bbox 781 4956 1014 5012; x_wconf 90' lang='lat' dir='ltr'><strong>quoque</strong></span> <span class='ocrx_word' id='word_1_711' title='bbox 1038 4939 1154 4996; x_wconf 89' lang='lat' dir='ltr'><strong>tale</strong></span> <span class='ocrx_word' id='word_1_712' title='bbox 1175 4940 1411 4995; x_wconf 89' lang='lat' dir='ltr'><strong>obtineo</strong></span> <span class='ocrx_word' id='word_1_713' title='bbox 1441 4939 1660 4994; x_wconf 90' lang='lat' dir='ltr'><strong>bonum</strong></span> <span class='ocrx_word' id='word_1_714' title='bbox 1681 4938 1708 4993; x_wconf 86' lang='lat'><strong>?</strong></span> <span class='ocrx_word' id='word_1_715' title='bbox 1731 4942 1934 5008; x_wconf 87' lang='lat' dir='ltr'><strong>Docco,</strong></span> <span class='ocrx_word' id='word_1_716' title='bbox 1968 4941 2024 4993; x_wconf 91' lang='lat' dir='ltr'><strong>et</strong></span> <span class='ocrx_word' id='word_1_717' title='bbox 2053 4953 2153 4992; x_wconf 90' lang='lat' dir='ltr'><strong>vos</strong></span> 
     </span>
    </p>
   </div>
   <div class='ocr_carea' id='block_1_98' title="bbox 505 5027 2154 5101">
    <p class='ocr_par' dir='ltr' id='par_1_98' title="bbox 505 5027 2154 5101">
     <span class='ocr_line' id='line_1_100' title="bbox 505 5027 2154 5101; baseline 0 -19"><span class='ocrx_word' id='word_1_718' title='bbox 505 5027 730 5084; x_wconf 88' lang='lat' dir='ltr'><strong>discere</strong></span> <span class='ocrx_word' id='word_1_719' title='bbox 775 5033 1002 5101; x_wconf 91' lang='lat' dir='ltr'><strong>oportet</strong></span> <span class='ocrx_word' id='word_1_720' title='bbox 1034 5048 1047 5098; x_wconf 89' lang='lat'><strong>;</strong></span> <span class='ocrx_word' id='word_1_721' title='bbox 1080 5029 1372 5101; x_wconf 90' lang='lat' dir='ltr'><strong>legatione</strong></span> <span class='ocrx_word' id='word_1_722' title='bbox 1405 5027 1637 5100; x_wconf 86' lang='lat' dir='ltr'><strong>fungor,</strong></span> <span class='ocrx_word' id='word_1_723' title='bbox 1673 5027 1890 5094; x_wconf 86' lang='lat' dir='ltr'><strong>audite,</strong></span> <span class='ocrx_word' id='word_1_724' title='bbox 1922 5031 1979 5082; x_wconf 89' lang='lat' dir='ltr'><strong>et</strong></span> <span class='ocrx_word' id='word_1_725' title='bbox 2025 5043 2154 5098; x_wconf 64' lang='lat' dir='ltr'><strong>quas</strong></span> 
     </span>
    </p>
   </div>
   <div class='ocr_carea' id='block_1_99' title="bbox 499 5116 2152 5184">
    <p class='ocr_par' dir='ltr' id='par_1_99' title="bbox 499 5116 2152 5184">
     <span class='ocr_line' id='line_1_101' title="bbox 499 5116 2152 5184; baseline 0 -12"><span class='ocrx_word' id='word_1_726' title='bbox 499 5116 772 5174; x_wconf 85' lang='lat' dir='ltr'><strong>facienda</strong></span> <span class='ocrx_word' id='word_1_727' title='bbox 791 5118 910 5174; x_wconf 89' lang='lat' dir='ltr'><strong>sint</strong></span> <span class='ocrx_word' id='word_1_728' title='bbox 930 5119 1396 5184; x_wconf 84' lang='lat' dir='ltr'><strong>animadvertite;</strong></span> <span class='ocrx_word' id='word_1_729' title='bbox 1418 5117 1637 5172; x_wconf 90' lang='lat' dir='ltr'><strong>missus</strong></span> <span class='ocrx_word' id='word_1_730' title='bbox 1664 5133 1795 5172; x_wconf 90' lang='lat' dir='ltr'><strong>sum</strong></span> <span class='ocrx_word' id='word_1_731' title='bbox 1810 5116 2152 5184; x_wconf 85' lang='lat' dir='ltr'><strong>,observate.</strong></span> 
     </span>
    </p>
   </div>
   <div class='ocr_carea' id='block_1_100' title="bbox 501 5205 2156 5279">
    <p class='ocr_par' dir='ltr' id='par_1_100' title="bbox 501 5205 2156 5279">
     <span class='ocr_line' id='line_1_102' title="bbox 501 5205 2156 5279; baseline -0.001 -15"><span class='ocrx_word' id='word_1_732' title='bbox 501 5209 560 5264; x_wconf 87' lang='lat' dir='ltr'><strong>Si</strong></span> <span class='ocrx_word' id='word_1_733' title='bbox 591 5223 724 5264; x_wconf 90' lang='lat' dir='ltr'><strong>vero</strong></span> <span class='ocrx_word' id='word_1_734' title='bbox 757 5207 912 5263; x_wconf 91' lang='lat' dir='ltr'><strong>dicta</strong></span> <span class='ocrx_word' id='word_1_735' title='bbox 967 5225 1080 5263; x_wconf 91' lang='lat' dir='ltr'><strong>non</strong></span> <span class='ocrx_word' id='word_1_736' title='bbox 1115 5208 1364 5279; x_wconf 88' lang='lat' dir='ltr'><strong>placent,</strong></span> <span class='ocrx_word' id='word_1_737' title='bbox 1398 5207 1682 5274; x_wconf 90' lang='lat' dir='ltr'><strong>dubitate,</strong></span> <span class='ocrx_word' id='word_1_738' title='bbox 1715 5212 1774 5261; x_wconf 90' lang='lat' dir='ltr'><strong>et</strong></span> <span class='ocrx_word' id='word_1_739' title='bbox 1820 5206 1879 5261; x_wconf 92' lang='lat' dir='ltr'><strong>in</strong></span> <span class='ocrx_word' id='word_1_740' title='bbox 1931 5205 2156 5262; x_wconf 83' lang='lat' dir='ltr'><strong>trutina</strong></span> 
     </span>
    </p>
   </div>
   <div class='ocr_carea' id='block_1_101' title="bbox 502 5295 2157 5372">
    <p class='ocr_par' dir='ltr' id='par_1_101' title="bbox 502 5295 2157 5372">
     <span class='ocr_line' id='line_1_103' title="bbox 502 5295 2157 5372; baseline -0.001 -18"><span class='ocrx_word' id='word_1_741' title='bbox 502 5299 902 5372; x_wconf 90' lang='lat' dir='ltr'><strong>ponderentur</strong></span> <span class='ocrx_word' id='word_1_742' title='bbox 930 5302 1200 5354; x_wconf 88' lang='lat' dir='ltr'><strong>accurate</strong></span> <span class='ocrx_word' id='word_1_743' title='bbox 1222 5295 1545 5353; x_wconf 90' lang='lat' dir='ltr'><strong>solutiones</strong></span> <span class='ocrx_word' id='word_1_744' title='bbox 1568 5300 1625 5351; x_wconf 90' lang='lat' dir='ltr'><strong>et</strong></span> <span class='ocrx_word' id='word_1_745' title='bbox 1649 5296 2048 5367; x_wconf 89' lang='lat' dir='ltr'><strong>oppositiones</strong></span> <span class='ocrx_word' id='word_1_746' title='bbox 2068 5313 2082 5363; x_wconf 89' lang='lat'><strong>;</strong></span> <span class='ocrx_word' id='word_1_747' title='bbox 2101 5299 2157 5352; x_wconf 85' lang='lat' dir='ltr'><strong>et</strong></span> 
     </span>
    </p>
   </div>
   <div class='ocr_carea' id='block_1_102' title="bbox 498 5384 2154 5457">
    <p class='ocr_par' dir='ltr' id='par_1_102' title="bbox 498 5384 2154 5457">
     <span class='ocr_line' id='line_1_104' title="bbox 498 5384 2154 5457; baseline -0.003 -13"><span class='ocrx_word' id='word_1_748' title='bbox 498 5388 583 5444; x_wconf 84' lang='lat' dir='ltr'><strong>ita</strong></span> <span class='ocrx_word' id='word_1_749' title='bbox 611 5404 806 5444; x_wconf 89' lang='lat' dir='ltr'><strong>sermo</strong></span> <span class='ocrx_word' id='word_1_750' title='bbox 857 5391 1054 5443; x_wconf 90' lang='lat' dir='ltr'><strong>noster</strong></span> <span class='ocrx_word' id='word_1_751' title='bbox 1081 5386 1259 5442; x_wconf 88' lang='lat' dir='ltr'><strong>libere</strong></span> <span class='ocrx_word' id='word_1_752' title='bbox 1309 5391 1543 5452; x_wconf 87' lang='lat' dir='ltr'><strong>currat;</strong></span> <span class='ocrx_word' id='word_1_753' title='bbox 1573 5384 1685 5455; x_wconf 89' lang='lat' dir='ltr'><strong>vel,</strong></span> <span class='ocrx_word' id='word_1_754' title='bbox 1719 5385 1770 5440; x_wconf 90' lang='lat' dir='ltr'><strong>si</strong></span> <span class='ocrx_word' id='word_1_755' title='bbox 1820 5402 1947 5457; x_wconf 68' lang='lat' dir='ltr'><strong>quae</strong></span> <span class='ocrx_word' id='word_1_756' title='bbox 1991 5384 2154 5440; x_wconf 84' lang='lat' dir='ltr'><strong>falsi-</strong></span> 
     </span>
    </p>
   </div>
   <div class='ocr_carea' id='block_1_103' title="bbox 495 5473 2152 5550">
    <p class='ocr_par' dir='ltr' id='par_1_103' title="bbox 495 5473 2152 5550">
     <span class='ocr_line' id='line_1_105' title="bbox 495 5473 2152 5550; baseline -0.003 -15"><span class='ocrx_word' id='word_1_757' title='bbox 495 5476 639 5535; x_wconf 80' lang='lat' dir='ltr'><strong>tatis</strong></span> <span class='ocrx_word' id='word_1_758' title='bbox 671 5476 930 5550; x_wconf 90' lang='lat' dir='ltr'><strong>suspicio</strong></span> <span class='ocrx_word' id='word_1_759' title='bbox 961 5475 1257 5549; x_wconf 89' lang='lat' dir='ltr'><strong>spirituali</strong></span> <span class='ocrx_word' id='word_1_760' title='bbox 1289 5475 1533 5531; x_wconf 91' lang='lat' dir='ltr'><strong>numulo</strong></span> <span class='ocrx_word' id='word_1_761' title='bbox 1565 5473 1936 5544; x_wconf 87' lang='lat' dir='ltr'><strong>subjiciatur,</strong></span> <span class='ocrx_word' id='word_1_762' title='bbox 1969 5491 2152 5530; x_wconf 91' lang='lat' dir='ltr'><strong>unus-</strong></span> 
     </span>
    </p>
   </div>
   <div class='ocr_carea' id='block_1_104' title="bbox 502 5563 2152 5640">
    <p class='ocr_par' dir='ltr' id='par_1_104' title="bbox 502 5563 2152 5640">
     <span class='ocr_line' id='line_1_106' title="bbox 502 5563 2152 5640; baseline -0.002 -17"><span class='ocrx_word' id='word_1_763' title='bbox 502 5567 758 5640; x_wconf 86' lang='lat' dir='ltr'><strong>quisque</strong></span> <span class='ocrx_word' id='word_1_764' title='bbox 778 5571 1038 5622; x_wconf 88' lang='lat' dir='ltr'><strong>vestrum</strong></span> <span class='ocrx_word' id='word_1_765' title='bbox 1061 5565 1237 5621; x_wconf 87' lang='lat' dir='ltr'><strong>habet</strong></span> <span class='ocrx_word' id='word_1_766' title='bbox 1257 5565 1317 5620; x_wconf 89' lang='lat' dir='ltr'><strong>in</strong></span> <span class='ocrx_word' id='word_1_767' title='bbox 1357 5564 1567 5636; x_wconf 92' lang='lat' dir='ltr'><strong>spiritu</strong></span> <span class='ocrx_word' id='word_1_768' title='bbox 1600 5563 1844 5636; x_wconf 83' lang='lat' dir='ltr'><strong>Lydium</strong></span> <span class='ocrx_word' id='word_1_769' title='bbox 1877 5563 2152 5636; x_wconf 88' lang='lat' dir='ltr'><strong>lapidem,</strong></span> 
     </span>
    </p>
   </div>
   <div class='ocr_carea' id='block_1_105' title="bbox 507 5652 2154 5727">
    <p class='ocr_par' dir='ltr' id='par_1_105' title="bbox 507 5652 2154 5727">
     <span class='ocr_line' id='line_1_107' title="bbox 507 5652 2154 5727; baseline 0 -17"><span class='ocrx_word' id='word_1_770' title='bbox 507 5661 567 5710; x_wconf 87' lang='lat' dir='ltr'><strong>et</strong></span> <span class='ocrx_word' id='word_1_771' title='bbox 594 5671 697 5726; x_wconf 90' lang='lat' dir='ltr'><strong>per</strong></span> <span class='ocrx_word' id='word_1_772' title='bbox 724 5671 860 5711; x_wconf 90' lang='lat' dir='ltr'><strong>eum</strong></span> <span class='ocrx_word' id='word_1_773' title='bbox 891 5655 1190 5727; x_wconf 86' lang='lat' dir='ltr'><strong>explorare</strong></span> <span class='ocrx_word' id='word_1_774' title='bbox 1221 5658 1431 5726; x_wconf 88' lang='lat' dir='ltr'><strong>potest,</strong></span> <span class='ocrx_word' id='word_1_775' title='bbox 1460 5656 1682 5724; x_wconf 87' lang='lat' dir='ltr'><strong>quanta</strong></span> <span class='ocrx_word' id='word_1_776' title='bbox 1728 5652 1954 5725; x_wconf 90' lang='lat' dir='ltr'><strong>puritas</strong></span> <span class='ocrx_word' id='word_1_777' title='bbox 1987 5653 2064 5710; x_wconf 90' lang='lat' dir='ltr'><strong>sit</strong></span> <span class='ocrx_word' id='word_1_778' title='bbox 2093 5653 2154 5710; x_wconf 92' lang='lat' dir='ltr'><strong>in</strong></span> 
     </span>
    </p>
   </div>
   <div class='ocr_carea' id='block_1_106' title="bbox 508 5741 2155 5815">
    <p class='ocr_par' dir='ltr' id='par_1_106' title="bbox 508 5741 2155 5815">
     <span class='ocr_line' id='line_1_108' title="bbox 508 5741 2155 5815; baseline 0.002 -19"><span class='ocrx_word' id='word_1_779' title='bbox 508 5742 852 5812; x_wconf 85' lang='lat' dir='ltr'><strong>bujusmodi</strong></span> <span class='ocrx_word' id='word_1_780' title='bbox 909 5742 1384 5815; x_wconf 75' lang='lat' dir='ltr'><strong>cogitationibus.</strong></span> <span class='ocrx_word' id='word_1_781' title='bbox 1442 5743 1514 5798; x_wconf 88' lang='lat' dir='ltr'><strong>Et</strong></span> <span class='ocrx_word' id='word_1_782' title='bbox 1569 5741 1655 5799; x_wconf 85' lang='lat' dir='ltr'><strong>sic</strong></span> <span class='ocrx_word' id='word_1_783' title='bbox 1711 5741 1950 5814; x_wconf 88' lang='lat' dir='ltr'><strong>quidem</strong></span> <span class='ocrx_word' id='word_1_784' title='bbox 2005 5743 2155 5800; x_wconf 86' lang='lat' dir='ltr'><strong>bene</strong></span> 
     </span>
    </p>
   </div>
   <div class='ocr_carea' id='block_1_107' title="bbox 2260 4757 3906 4837">
    <p class='ocr_par' dir='ltr' id='par_1_107' title="bbox 2260 4757 3906 4837">
     <span class='ocr_line' id='line_1_109' title="bbox 2260 4757 3906 4837; baseline -0.001 -23"><span class='ocrx_word' id='word_1_785' title='bbox 2260 4761 2396 4833; x_wconf 84' lang='grc' dir='ltr'>πρός</span> <span class='ocrx_word' id='word_1_786' title='bbox 2464 4781 2569 4814; x_wconf 84' lang='grc' dir='ltr'>τινι</span> <span class='ocrx_word' id='word_1_787' title='bbox 2635 4758 2873 4837; x_wconf 74' lang='grc' dir='ltr'>ὠφελείᾳ</span> <span class='ocrx_word' id='word_1_788' title='bbox 2955 4759 3046 4815; x_wconf 82' lang='grc' dir='ltr'>καὶ</span> <span class='ocrx_word' id='word_1_789' title='bbox 3123 4758 3434 4832; x_wconf 82' lang='grc' dir='ltr'>λυσιτελείᾳ</span> <span class='ocrx_word' id='word_1_790' title='bbox 3517 4757 3906 4835; x_wconf 88' lang='grc' dir='ltr'>διεγνώσκωσιν</span> 
     </span>
    </p>
   </div>
   <div class='ocr_carea' id='block_1_108' title="bbox 2263 4847 3909 4922">
    <p class='ocr_par' dir='ltr' id='par_1_108' title="bbox 2263 4847 3909 4922">
     <span class='ocr_line' id='line_1_110' title="bbox 2263 4847 3909 4922; baseline -0.002 -18"><span class='ocrx_word' id='word_1_791' title='bbox 2263 4849 2394 4905; x_wconf 75' lang='grc' dir='ltr'>εἶναι</span> <span class='ocrx_word' id='word_1_792' title='bbox 2434 4848 2501 4905; x_wconf 82' lang='grc' dir='ltr'><strong>τά</strong></span> <span class='ocrx_word' id='word_1_793' title='bbox 2548 4847 2882 4922; x_wconf 85' lang='grc' dir='ltr'>λαλούμενα,</span> <span class='ocrx_word' id='word_1_794' title='bbox 2915 4849 3266 4921; x_wconf 77' lang='grc' dir='ltr'>ἐπακούουσι,</span> <span class='ocrx_word' id='word_1_795' title='bbox 3320 4850 3412 4905; x_wconf 82' lang='grc' dir='ltr'><strong>καὶ</strong></span> <span class='ocrx_word' id='word_1_796' title='bbox 3469 4851 3770 4916; x_wconf 82' lang='grc' dir='ltr'>πείθονται,</span> <span class='ocrx_word' id='word_1_797' title='bbox 3825 4847 3909 4903; x_wconf 82' lang='grc' dir='ltr'><strong>καὶ</strong></span> 
     </span>
    </p>
   </div>
   <div class='ocr_carea' id='block_1_109' title="bbox 2262 4936 3906 5015">
    <p class='ocr_par' dir='ltr' id='par_1_109' title="bbox 2262 4936 3906 5015">
     <span class='ocr_line' id='line_1_111' title="bbox 2262 4936 3906 5015; baseline 0 -23"><span class='ocrx_word' id='word_1_798' title='bbox 2262 4937 2314 4993; x_wconf 87' lang='grc' dir='ltr'><strong>ἐν</strong></span> <span class='ocrx_word' id='word_1_799' title='bbox 2376 4939 2560 5015; x_wconf 70' lang='grc' dir='ltr'>εἰρήνῃ</span> <span class='ocrx_word' id='word_1_800' title='bbox 2615 4936 3014 4995; x_wconf 82' lang='grc' dir='ltr'>ἀποστέλλουσι</span> <span class='ocrx_word' id='word_1_801' title='bbox 3071 4941 3161 4995; x_wconf 85' lang='grc' dir='ltr'>τὸν</span> <span class='ocrx_word' id='word_1_802' title='bbox 3222 4936 3564 5011; x_wconf 83' lang='grc' dir='ltr'>λαλήσαντα.</span> <span class='ocrx_word' id='word_1_803' title='bbox 3602 4939 3674 4996; x_wconf 86' lang='grc' dir='ltr'>Τί</span> <span class='ocrx_word' id='word_1_804' title='bbox 3713 4937 3805 4994; x_wconf 84' lang='grc' dir='ltr'><strong>οῦν</strong></span> <span class='ocrx_word' id='word_1_805' title='bbox 3836 4939 3906 5010; x_wconf 73' lang='grc' dir='ltr'>μὴ</span> 
     </span>
    </p>
   </div>
   <div class='ocr_carea' id='block_1_110' title="bbox 2263 5025 3909 5104">
    <p class='ocr_par' dir='ltr' id='par_1_110' title="bbox 2263 5025 3909 5104">
     <span class='ocr_line' id='line_1_112' title="bbox 2263 5025 3909 5104; baseline -0.001 -23"><span class='ocrx_word' id='word_1_806' title='bbox 2263 5028 2352 5082; x_wconf 82' lang='grc' dir='ltr'><strong>καὶ</strong></span> <span class='ocrx_word' id='word_1_807' title='bbox 2409 5027 2519 5103; x_wconf 84' lang='grc' dir='ltr'>ἐγὼ</span> <span class='ocrx_word' id='word_1_808' title='bbox 2575 5027 2825 5083; x_wconf 88' lang='grc' dir='ltr'>τοιούτου</span> <span class='ocrx_word' id='word_1_809' title='bbox 2886 5027 3232 5104; x_wconf 79' lang='grc' dir='ltr'>ἐπιτυγχάνω</span> <span class='ocrx_word' id='word_1_810' title='bbox 3281 5026 3494 5097; x_wconf 88' lang='grc' dir='ltr'>καλοῦ;</span> <span class='ocrx_word' id='word_1_811' title='bbox 3529 5025 3800 5096; x_wconf 35' lang='grc' dir='ltr'>Δι’δάσκω,</span> <span class='ocrx_word' id='word_1_812' title='bbox 3825 5026 3909 5081; x_wconf 80' lang='grc' dir='ltr'><strong>καὶ</strong></span> 
     </span>
    </p>
   </div>
   <div class='ocr_carea' id='block_1_111' title="bbox 2265 5113 3908 5194">
    <p class='ocr_par' dir='ltr' id='par_1_111' title="bbox 2265 5113 3908 5194">
     <span class='ocr_line' id='line_1_113' title="bbox 2265 5113 3908 5194; baseline -0.002 -22"><span class='ocrx_word' id='word_1_813' title='bbox 2265 5117 2377 5192; x_wconf 74' lang='grc' dir='ltr'>χρὴ</span> <span class='ocrx_word' id='word_1_814' title='bbox 2439 5115 2717 5189; x_wconf 81' lang='grc' dir='ltr'>μανθάνειν</span> <span class='ocrx_word' id='word_1_815' title='bbox 2779 5117 2941 5190; x_wconf 78' lang='grc' dir='ltr'>ὑμᾶς’</span> <span class='ocrx_word' id='word_1_816' title='bbox 3002 5113 3308 5194; x_wconf 79' lang='grc' dir='ltr'>πρεσϐεύω,</span> <span class='ocrx_word' id='word_1_817' title='bbox 3368 5117 3654 5187; x_wconf 84' lang='grc' dir='ltr'>ἀκούσατε,</span> <span class='ocrx_word' id='word_1_818' title='bbox 3705 5115 3797 5171; x_wconf 83' lang='grc' dir='ltr'><strong>καὶ</strong></span> <span class='ocrx_word' id='word_1_819' title='bbox 3852 5115 3908 5168; x_wconf 82' lang='grc' dir='ltr'>τὸ</span> 
     </span>
    </p>
   </div>
   <div class='ocr_carea' id='block_1_112' title="bbox 2264 5201 3910 5282">
    <p class='ocr_par' dir='ltr' id='par_1_112' title="bbox 2264 5201 3910 5282">
     <span class='ocr_line' id='line_1_114' title="bbox 2264 5201 3910 5282; baseline -0.001 -23"><span class='ocrx_word' id='word_1_820' title='bbox 2264 5205 2522 5275; x_wconf 85' lang='grc' dir='ltr'>ποιητέον</span> <span class='ocrx_word' id='word_1_821' title='bbox 2576 5206 2884 5280; x_wconf 83' lang='grc' dir='ltr'>κυρώυατε·</span> <span class='ocrx_word' id='word_1_822' title='bbox 2939 5206 3306 5281; x_wconf 82' lang='grc' dir='ltr'>ἀπέσταλμαι,</span> <span class='ocrx_word' id='word_1_823' title='bbox 3357 5207 3678 5282; x_wconf 78' lang='grc' dir='ltr'>προσέχετε.</span> <span class='ocrx_word' id='word_1_824' title='bbox 3731 5204 3796 5261; x_wconf 81' lang='lat' dir='ltr'><strong>Ei</strong></span> <span class='ocrx_word' id='word_1_825' title='bbox 3857 5201 3910 5258; x_wconf 79' lang='grc' dir='ltr'><strong>δέ</strong></span> 
     </span>
    </p>
   </div>
   <div class='ocr_carea' id='block_1_113' title="bbox 2262 5291 3908 5372">
    <p class='ocr_par' dir='ltr' id='par_1_113' title="bbox 2262 5291 3908 5372">
     <span class='ocr_line' id='line_1_115' title="bbox 2262 5291 3908 5372; baseline -0.002 -24"><span class='ocrx_word' id='word_1_826' title='bbox 2262 5294 2328 5349; x_wconf 79' lang='grc' dir='ltr'>τὰ</span> <span class='ocrx_word' id='word_1_827' title='bbox 2399 5291 2717 5368; x_wconf 88' lang='grc' dir='ltr'>λαλούμενα</span> <span class='ocrx_word' id='word_1_828' title='bbox 2771 5294 2873 5350; x_wconf 79' lang='grc' dir='ltr'>οὐκ</span> <span class='ocrx_word' id='word_1_829' title='bbox 2957 5295 3208 5372; x_wconf 83' lang='grc' dir='ltr'>ἀρέσκει,</span> <span class='ocrx_word' id='word_1_830' title='bbox 3269 5295 3618 5370; x_wconf 74' lang='grc' dir='ltr'>ἀπορήσατε,</span> <span class='ocrx_word' id='word_1_831' title='bbox 3672 5294 3762 5351; x_wconf 77' lang='grc' dir='ltr'><strong>καὶ</strong></span> <span class='ocrx_word' id='word_1_832' title='bbox 3827 5292 3908 5348; x_wconf 77' lang='grc' dir='ltr'><strong>ἐπὶ</strong></span> 
     </span>
    </p>
   </div>
   <div class='ocr_carea' id='block_1_114' title="bbox 2262 5381 3908 5458">
    <p class='ocr_par' dir='ltr' id='par_1_114' title="bbox 2262 5381 3908 5458">
     <span class='ocr_line' id='line_1_116' title="bbox 2262 5381 3908 5458; baseline -0.001 -21"><span class='ocrx_word' id='word_1_833' title='bbox 2262 5381 2527 5458; x_wconf 84' lang='grc' dir='ltr'>τρυτάνης</span> <span class='ocrx_word' id='word_1_834' title='bbox 2601 5381 3116 5454; x_wconf 80' lang='grc' dir='ltr'>ταλαντευθήτωσαν</span> <span class='ocrx_word' id='word_1_835' title='bbox 3204 5383 3259 5440; x_wconf 68' lang='grc' dir='ltr'>α’ί</span> <span class='ocrx_word' id='word_1_836' title='bbox 3332 5405 3393 5440; x_wconf 91' lang='grc' dir='ltr'><strong>τε</strong></span> <span class='ocrx_word' id='word_1_837' title='bbox 3467 5382 3758 5446; x_wconf 65' lang='grc' dir='ltr'>ἀντιθέσεις</span> <span class='ocrx_word' id='word_1_838' title='bbox 3823 5381 3908 5436; x_wconf 74' lang='grc' dir='ltr'><strong>καὶ</strong></span> 
     </span>
    </p>
   </div>
   <div class='ocr_carea' id='block_1_115' title="bbox 2264 5468 3906 5548">
    <p class='ocr_par' dir='ltr' id='par_1_115' title="bbox 2264 5468 3906 5548">
     <span class='ocr_line' id='line_1_117' title="bbox 2264 5468 3906 5548; baseline -0.001 -22"><span class='ocrx_word' id='word_1_839' title='bbox 2264 5474 2320 5527; x_wconf 78' lang='grc' dir='ltr'>αἱ</span> <span class='ocrx_word' id='word_1_840' title='bbox 2377 5471 2559 5536; x_wconf 87' lang='grc' dir='ltr'>λύσεις</span> <span class='ocrx_word' id='word_1_841' title='bbox 2608 5473 2744 5546; x_wconf 83' lang='grc' dir='ltr'>πρὸς</span> <span class='ocrx_word' id='word_1_842' title='bbox 2801 5468 3116 5548; x_wconf 78' lang='grc' dir='ltr'>ἀκρίϐειαν·</span> <span class='ocrx_word' id='word_1_843' title='bbox 3174 5473 3264 5529; x_wconf 81' lang='grc' dir='ltr'><strong>καὶ</strong></span> <span class='ocrx_word' id='word_1_844' title='bbox 3333 5472 3478 5530; x_wconf 72' lang='grc' dir='ltr'>οὕτω</span> <span class='ocrx_word' id='word_1_845' title='bbox 3542 5473 3606 5529; x_wconf 83' lang='grc' dir='ltr'>τὸ</span> <span class='ocrx_word' id='word_1_846' title='bbox 3663 5472 3715 5528; x_wconf 71' lang='grc' dir='ltr'><strong>ἐν</strong></span> <span class='ocrx_word' id='word_1_847' title='bbox 3773 5474 3906 5543; x_wconf 75' lang='grc' dir='ltr'>ἡμῖν</span> 
     </span>
    </p>
   </div>
   <div class='ocr_carea' id='block_1_116' title="bbox 2265 5558 3905 5639">
    <p class='ocr_par' dir='ltr' id='par_1_116' title="bbox 2265 5558 3905 5639">
     <span class='ocr_line' id='line_1_118' title="bbox 2265 5558 3905 5639; baseline -0.001 -23"><span class='ocrx_word' id='word_1_848' title='bbox 2265 5558 2524 5638; x_wconf 85' lang='grc' dir='ltr'>λογάριον</span> <span class='ocrx_word' id='word_1_849' title='bbox 2582 5563 2617 5631; x_wconf 74' lang='grc' dir='ltr'><strong>ἢ</strong></span> <span class='ocrx_word' id='word_1_850' title='bbox 2663 5560 3113 5639; x_wconf 75' lang='grc' dir='ltr'>παῤῥησιαζέσθω</span> <span class='ocrx_word' id='word_1_851' title='bbox 3147 5580 3160 5595; x_wconf 88' lang='grc'>⁶</span> <span class='ocrx_word' id='word_1_852' title='bbox 3211 5562 3248 5632; x_wconf 70' lang='grc' dir='ltr'><strong>ἢ</strong></span> <span class='ocrx_word' id='word_1_853' title='bbox 3304 5561 3449 5634; x_wconf 88' lang='grc' dir='ltr'>ἀλλ’,</span> <span class='ocrx_word' id='word_1_854' title='bbox 3507 5560 3564 5619; x_wconf 79' lang='grc' dir='ltr'><strong>εἶ’</strong></span> <span class='ocrx_word' id='word_1_855' title='bbox 3624 5583 3708 5625; x_wconf 81' lang='grc' dir='ltr'><strong>τις</strong></span> <span class='ocrx_word' id='word_1_856' title='bbox 3775 5560 3905 5616; x_wconf 76' lang='grc' dir='ltr'>ὑπό-</span> 
     </span>
    </p>
   </div>
   <div class='ocr_carea' id='block_1_117' title="bbox 2263 5646 3907 5728">
    <p class='ocr_par' dir='ltr' id='par_1_117' title="bbox 2263 5646 3907 5728">
     <span class='ocr_line' id='line_1_119' title="bbox 2263 5646 3907 5728; baseline -0.001 -21"><span class='ocrx_word' id='word_1_857' title='bbox 2263 5672 2380 5708; x_wconf 90' lang='grc' dir='ltr'>νοια</span> <span class='ocrx_word' id='word_1_858' title='bbox 2423 5646 2829 5722; x_wconf 80' lang='grc' dir='ltr'>κιϐδηλεύσεως</span> <span class='ocrx_word' id='word_1_859' title='bbox 2876 5651 2965 5708; x_wconf 76' lang='grc' dir='ltr'>ἐπὶ</span> <span class='ocrx_word' id='word_1_860' title='bbox 3009 5657 3090 5726; x_wconf 80' lang='grc' dir='ltr'>τῷ</span> <span class='ocrx_word' id='word_1_861' title='bbox 3145 5657 3501 5728; x_wconf 78' lang='grc' dir='ltr'>πνευματικῷ</span> <span class='ocrx_word' id='word_1_862' title='bbox 3558 5652 3738 5708; x_wconf 76' lang='grc' dir='ltr'>ὕπεστι</span> <span class='ocrx_word' id='word_1_863' title='bbox 3791 5650 3907 5723; x_wconf 80' lang='grc' dir='ltr'>κέρ·</span> 
     </span>
    </p>
   </div>
   <div class='ocr_carea' id='block_1_118' title="bbox 2268 5737 3906 5818">
    <p class='ocr_par' dir='ltr' id='par_1_118' title="bbox 2268 5737 3906 5818">
     <span class='ocr_line' id='line_1_120' title="bbox 2268 5737 3906 5818; baseline -0.001 -22"><span class='ocrx_word' id='word_1_864' title='bbox 2268 5763 2418 5815; x_wconf 87' lang='grc' dir='ltr'>ματι,</span> <span class='ocrx_word' id='word_1_865' title='bbox 2472 5737 2600 5797; x_wconf 83' lang='grc' dir='ltr'>ἀλλ’</span> <span class='ocrx_word' id='word_1_866' title='bbox 2652 5738 2875 5807; x_wconf 59' lang='grc' dir='ltr'>ἕκαστος</span> <span class='ocrx_word' id='word_1_867' title='bbox 2929 5743 3082 5817; x_wconf 76' lang='grc' dir='ltr'>ὑμῶν</span> <span class='ocrx_word' id='word_1_868' title='bbox 3145 5737 3264 5818; x_wconf 50' lang='lat' dir='ltr'><strong>(xu</strong></span> <span class='ocrx_word' id='word_1_869' title='bbox 3338 5742 3440 5812; x_wconf 77' lang='grc' dir='ltr'>τὴν</span> <span class='ocrx_word' id='word_1_870' title='bbox 3515 5740 3650 5800; x_wconf 74' lang='grc' dir='ltr'>κατὰ</span> <span class='ocrx_word' id='word_1_871' title='bbox 3693 5743 3906 5814; x_wconf 69' lang='grc' dir='ltr'>πνεῦμα</span> 
     </span>
    </p>
   </div>
  </div>
