4114 6200
244 319 344 414 esi

1224 352 1302 412 IN
1349 353 1412 414 S.
1457 349 2143 425 QUADRAGESIMAM
2189 351 2484 416 ORATIO
2529 351 2637 414 IIl.

3519 352 3636 417 662

243 479 426 540 Λυδίαν
498 479 677 550 λίθον,
751 481 839 536 καὶ
919 477 1135 538 δύναται
1211 481 1282 538 δι’
1344 483 1510 555 αὐτῆς
1559 484 1874 562 βασανίζειν,

1995 486 2343 542 constabunt
2389 502 2518 558 qua:
2574 484 2886 558 legationis
2944 488 3002 542 et
3062 500 3193 556 quae
3251 485 3640 558 discipulatus

244 573 352 626 ὅσον
406 568 456 625 ἰν
507 575 628 632 τοῖς
677 569 944 632 τοιούτοις
1005 574 1273 645 νοήμασιν
1351 572 1660 650 ἀρῥύπαρον
1696 618 1708 631 .
1771 574 1869 628 Καὶ

243 660 402 715 οὕτω‹
430 659 525 731 μὶν
580 659 635 713 ἐν
693 657 846 732 καλῷ
892 663 1277 732 καταστήσεται
1318 663 1384 718 τὰ
1412 670 1511 733 τῆς
1572 663 1679 719 εἷ’τε
1708 684 1870 739 πρεσ-

244 743 395 818 ϐείας,
453 746 559 802 εἴτε
633 747 950 821 μαθητείας.
1027 751 1200 825 Πρινὴ
1274 747 1331 805 δὲ
1385 751 1632 807 τοιοῦτόν
1690 773 1748 806 τε
1789 773 1872 827 γε-

239 837 424 904 νέσθαι,
488 837 718 911 μάταιος
781 833 957 912 ὄχλος
1029 840 1056 893 6
1129 837 1516 896 ἀποδυσπετῶν
1575 840 1681 896 εἶτα
1736 842 1871 915 πρὸς

241 922 569 992 διδάσκαλον,
633 924 742 980 εἴτε
794 927 932 1001 πρὸς
984 925 1237 1004 ἄγγελον.
1291 930 1408 986 Οὐκ
1465 930 1795 1002 ἀπεστάλην,
1829 932 1874 985 ὦ

240 1013 394 1086 οὗτοι,
443 1014 613 1085 κόλαξ
669 1014 932 1084 ἐνταῦθα,
991 1017 1067 1080 ὡς
1125 1017 1446 1096 προσφέρειν
1501 1020 1666 1074 ἅπασι
1735 1018 1874 1092 μαλ-

241 1103 418 1168 θακοὺς
466 1102 673 1179 λόγους
719 1103 808 1159 καὶ
853 1101 1002 1167 οἲους
1045 1105 1257 1182 τέρπειν
1301 1107 1466 1180 μόνον
1514 1108 1602 1163 καὶ
1636 1105 1872 1183 διαχέειν

238 1197 392 1249 Τοῦτο
439 1193 544 1266 γάρ
596 1187 954 1263 σκηνοϐατεῖν
1000 1195 1111 1250 εστι
1170 1201 1508 1271 χορευτικῶς
1554 1197 1644 1252 καὶ
1696 1197 1877 1273 ὀρχη-

238 1285 438 1342 στικῶς·
483 1279 676 1346 ἄλλως
721 1278 778 1336 δὲ
828 1281 999 1337 εἰπεῖν
1038 1282 1402 1358 ὑψηλότερον,
1458 1285 1731 1361 ἐχθραίνει
1783 1287 1874 1341 τὸν

246 1370 360 1424 Θεὸν
411 1373 492 1441 τῷ
547 1370 788 1442 τοιούτῳ
844 1368 1177 1444 διδασκάλῳ.
1229 1371 1404 1444 Κόλαξ
1439 1373 1535 1446 μὶν
1579 1374 1681 1451 γὰρ
1739 1375 1876 1438 ἅπας

237 1455 496 1532 ψεύδεται,
548 1459 733 1514 κοινὸν
766 1456 824 1514 δί
852 1457 1005 1514 οὐδὲν
1038 1459 1221 1535 ψεύδει
1251 1483 1309 1516 τε
1363 1463 1450 1517 καὶ
1486 1467 1622 1536 Θεῷ·
1684 1463 1876 1519 ούκοῦν

240 1546 400 1623 ὥσπερ
434 1543 562 1602 ούδὶ
594 1548 623 1603 6
654 1545 882 1623 ψευδὴς,
926 1548 1100 1612 οὕτως
1139 1547 1267 1606 οὐδὲ
1324 1552 1352 1607 ὁ
1401 1551 1567 1626 κόλαξ
1626 1551 1882 1627 φιλόθεός

241 1633 362 1692 ἐστι.

301 1742 731 1818 λα’.Μὲμνημαι
785 1743 876 1800 καὶ
933 1745 1094 1810 αὐτὸς
1124 1743 1186 1801 o’u’
1242 1767 1294 1801 τι
1351 1747 1469 1802 νιον
1522 1768 1604 1822 γε,
1653 1745 1782 1804 ἀλλ’
1824 1745 1884 1802 ἰκ

1982 579 2141 630 sunt.
2172 575 2522 646 Priusquam
2562 579 2760 630 autem
2805 573 2922 630 tale
2953 574 3054 646 qui
3086 575 3208 644 fiat,
3241 573 3453 646 vulgus
3494 591 3639 631 vane

1981 661 2100 718 sive
2147 661 2208 719 in
2278 665 2649 736 magistrum,
2707 663 2826 718 sive
2892 663 2950 717 in
3020 662 3266 718 missum
3318 662 3634 719 invehitur.

1980 751 2105 806 Non
2139 751 2272 819 huc,
2306 753 2523 808 credite
2575 751 2741 817 mihi,
2794 751 3011 807 missus
3067 767 3201 806 sum
3252 751 3540 817 adulator,
3572 754 3639 808 ut

1984 841 2262 896 omnibus
2295 841 2498 897 molles
2531 842 2848 913 proferrem
2882 856 3204 910 sermones,
3248 841 3319 896 ad
3371 840 3633 896 mulcen-

1985 929 2127 984 dum
2160 934 2217 985 et
2245 929 2685 986 dissolvendum
2737 930 3149 986 tantummodo
3201 930 3462 986 idoneos.
3515 930 3634 986 Hoc

1983 1019 2140 1073 enim
2172 1024 2262 1074 est
2291 1019 2706 1074 choreutarum
2739 1035 2804 1074 ac
2834 1019 3228 1074 orchistarum
3286 1017 3592 1091 proprium
3619 1038 3634 1089 ς

1985 1112 2262 1163 caeterum
2293 1123 2450 1175 vero,
2486 1113 2548 1163 ut
2577 1107 2786 1179 loquar
2813 1106 3122 1173 excelsius,
3175 1107 3360 1163 Deum
3392 1108 3501 1164 hoc
3531 1107 3640 1164 tali

1987 1195 2270 1269 magistro
2314 1197 2506 1252 reddit
2546 1195 2869 1253 inimicum.
2926 1195 3210 1251 Adulator
3257 1195 3414 1251 enim
3445 1195 3640 1254 omnis

1988 1286 2291 1351 mentitur,
2326 1289 2384 1340 et
2415 1283 2563 1339 nihil
2614 1289 2728 1340 Deo
2780 1301 2914 1340 cum
2968 1283 3274 1340 mendacio
3328 1301 3640 1342 commune

1987 1377 2095 1442 est,
2127 1374 2350 1445 itaque,
2383 1373 2888 1446 quemadmodum
2921 1388 3111 1444 neque
3141 1373 3503 1442 mendax,sic
3536 1389 3639 1430 ne-

1991 1477 2103 1535 que
2126 1461 2397 1519 adulator
2426 1462 2652 1518 amicus
2682 1462 2799 1519 Deo
2831 1467 2940 1518 est.

2061 1748 2287 1820 31.Ipse
2318 1747 2562 1804 memini
2593 1764 2710 1803 non
2740 1764 2774 1803 a
2798 1746 3038 1817 recenti,
3078 1746 3180 1803 sed
3214 1763 3248 1802 a
3275 1745 3468 1818 longis
3487 1748 3638 1803 tem-

247 1836 450 1905 μακρῶν
510 1832 736 1907 χρόνων
799 1831 978 1895 ἀθεΐας
1052 1833 1377 1906 κολακικῆς,
1433 1832 1881 1910 δημοσιευθείσης

1995 1837 2232 1908 poribus
2261 1837 2583 1910 impietatis
2615 1835 2974 1904 adulatoria,
3005 1835 3066 1891 in
3097 1835 3334 1892 urbium
3379 1835 3637 1892 maxima

248 1919 292 1975 ιν
320 1923 384 1994 τῇ
419 1921 654 1996 μεγίστῃ
685 1926 794 1976 τῶν
851 1921 1090 1993 πόλεων,
1140 1923 1230 1979 ὅτε
1256 1945 1340 1987 τις
1371 1923 1684 1997 ἱπίτριπτος
1713 1923 1882 1996 κόλαξ

252 2009 402 2082 μυρία
450 2009 752 2083 τολμήσας
801 2012 1121 2085 παράσημα,
1181 2012 1294 2068 εἶτα
1344 2013 1434 2068 καὶ
1491 2013 1566 2076 εἰς
1599 2018 1732 2069 Θεοῦ
1764 2015 1879 2068 υἱὸν

246 2095 481 2172 ὶνέγραψε
554 2099 654 2153 τὸν
730 2098 1182 2174 κολακευόμενον·
1264 2103 1498 2173 ὁπηνίκα
1573 2104 1601 2158 ὁ
1676 2101 1736 2158 ἐκ
1778 2109 1882 2172 τῆς

246 2186 476 2250 Ἀτοίκος
506 2186 797 2262 λαματήρ,
848 2187 975 2252 τούς
1024 2190 1455 2268 πατριαρχικοὺς
1513 2190 1706 2247 ἰθύνων
1758 2190 1882 2247 οἷά-

243 2296 345 2345 κας,
419 2275 766 2352 ιπάμφαινεν
840 2275 1006 2352 ἄνδρα
1075 2278 1297 2351 ἐκεῖνον,
1377 2282 1544 2355 μεγαν
1619 2282 1712 2354 μὲν
1789 2283 1877 2337 καὶ

243 2363 348 2435 ἀξίᾳ
399 2366 485 2419 καὶ
545 2365 694 2441 γένει
753 2366 844 2421 καὶ
906 2364 1077 2444 λόγῳ,
1140 2366 1194 2424 εἷ’
1240 2390 1324 2432 τις
1370 2367 1486 2426 οἶδε
1547 2371 1728 2444 μαθὼν
1786 2371 1877 2426 τὸν

243 2450 394 2507 πάλαι
459 2455 766 2523 Ἰκανάτον,
823 2456 883 2517 ὅς
943 2456 1034 2511 καὶ
1101 2455 1328 2521 ἐνταῦθα
1383 2460 1704 2535 προεκάθισε
1760 2456 1882 2515 δου-

239 2542 410 2614 κικῶς,
467 2542 808 2616 σμικρόνοον
869 2541 965 2613 δὲ,
1015 2547 1098 2610 οἷς
1157 2547 1578 2620 θεοποιούμενον
1633 2547 1880 2603 δπίστευε

245 2630 322 2682 καὶ
373 2630 703 2700 συνετίθετο,
763 2630 952 2697 ἄλλως
1009 2630 1066 2688 δέ
1120 2655 1182 2708 γε
1232 2634 1320 2689 καὶ
1350 2635 1695 2707 ἀναίσθητον,
1729 2635 1876 2709 εἰσπερ

240 2721 717 2796 κατατρωγόμενος
775 2718 992 2791 κόλακι,
1051 2722 1228 2798 θηρίῳ
1287 2723 1533 2798 ὑπούλῳ,
1568 2725 1666 2780 οὑκ
1707 2725 1877 2800 ᾐσθά-

246 2826 371 2866 νετο.

306 2911 404 2989 λβ’.
461 2917 698 2993 Γράφειν
777 2914 1051 2989 μεθοδεύει
1129 2920 1156 2974 6
1212 2917 1379 2992 κόλαξ
1439 2920 1515 2984 εἷς
1595 2921 1873 2999 εὐεργέτην

242 3003 320 3056 τὸν
348 3001 576 3082 ἅρπαγα,
639 3006 733 3060 τὸν
800 3003 986 3061 ἔκδικα
1037 3004 1249 3084 δρῶντα
1304 3009 1383 3073 εἲς
1433 3008 1734 3083 εύθυδίκην,
1781 3013 1876 3067 τὸν

246 3091 532 3172 ὁρογλύφον
593 3093 901 3169 προσθὲτην
954 3094 1188 3172 γηδίου,
1245 3099 1338 3153 τὸν
1390 3099 1734 3176 τοκογλύφον
1790 3122 1878 3175 με·

1993 1927 2327 2000 propalataa,
2359 1944 2493 1983 cum
2515 1926 2733 2000 aliquis
2779 1927 2938 1982 vafer
2984 1926 3275 1994 adulator,
3316 1931 3634 1998 postquam

1992 2016 2154 2074 mille
2184 2017 2374 2073 fuerat
2403 2033 2586 2073 ausus
2615 2020 2908 2084 extranea,
2941 2018 3302 2087 postremum
3353 2015 3530 2071 etiam
3575 2015 3635 2069 in

1991 2109 2094 2164 Dei
2127 2108 2308 2164 filium
2343 2107 2646 2180 inscripsit
2675 2108 3002 2172 adulatum,
3035 2109 3173 2162 tunc
3224 2122 3356 2162 cum
3396 2106 3500 2162 illa
3543 2106 3639 2161 fax

1990 2214 2060 2254 ex
2084 2199 2291 2268 Attica,
2325 2197 2710 2270 patriarchica
2731 2195 2992 2268 dirigens
3022 2193 3640 2268 gubernacula,splen-

1991 2287 2226 2343 descere
2283 2286 2421 2342 fecit
2473 2285 2642 2342 illum
2701 2284 3024 2354 hominem,
3068 2300 3350 2356 magnum
3401 2283 3640 2355 quidem

1989 2377 2297 2449 dignitate,
2329 2391 2540 2448 genere
2567 2380 2626 2430 et
2669 2389 2972 2446 sermone,
3041 2373 3091 2430 si
3151 2375 3284 2445 quis
3329 2371 3641 2443 antiquum

1990 2465 2214 2521 audivit
2242 2466 2616 2532 Hicanatum,
2648 2463 2748 2535 qui
2772 2463 2979 2518 huicce
3009 2462 3247 2518 ducatui
3267 2461 3642 2534 praefuit,pu-

1988 2555 2345 2611 sillanimem
2377 2553 2752 2625 autem,quod
2778 2551 3083 2608 deificatus
3114 2551 3433 2608 adhibebat
3463 2550 3638 2605 ﬁdem

1988 2643 2369 2700 adulantibus
2401 2648 2458 2699 et
2505 2642 2958 2707 assentiebatur,
3013 2640 3250 2695 aliunde
3297 2655 3430 2694 vero
3463 2637 3635 2694 stoli-

1987 2734 2152 2802 dum,
2186 2732 2478 2804 siquidem
2511 2732 2582 2787 ab
2612 2729 2935 2801 adulatore,
2969 2727 3220 2786 subdola
3258 2729 3400 2799 fere,
3424 2743 3486 2784 se
3529 2742 3634 2784 vo-

1986 2826 2180 2878 ratum
2211 2838 2326 2878 non
2359 2821 2666 2878 sentiebat.
3078 2810 3085 2817 ’

2056 2930 2142 2985 32.
2177 2929 2411 3000 Erigere
2442 2927 2588 2984 solet
2617 2925 2886 2983 adulator
2932 2926 2993 2981 in
3042 2925 3392 2990 beneﬁcum,
3433 2927 3631 2995 rapto-

1986 3036 2130 3089 rem,
2163 3018 2221 3074 in
2248 3019 2502 3090 justum,
2539 3017 2639 3090 qui
2674 3015 2810 3072 facit
2837 3015 3060 3088 iniqua,
3113 3014 3172 3069 in
3227 3013 3630 3085 adjunctorem

1986 3109 2132 3182 agri,
2157 3108 2258 3182 qui
2283 3106 2715 3180 transgreditur
2769 3104 3080 3170 terminos,
3135 3103 3195 3158 in
3255 3116 3630 3174 generosum,

248 3178 583 3287 γαλόδωρον,
631 3183 726 3238 τὸν
779 3179 1046 3287 κὺϐριστην
1098 3186 1402 3259 ἐπαινέτην.
1462 3190 1542 3246 Τὰ
1589 3189 1693 3245 ὅλα
1749 3211 1874 3246 συν-

1995 3178 2394 3266 feneratorem,
2425 3178 2484 3252 in
2518 3195 2902 3262 laudatorem,
2938 3193 3038 3265 qui
3069 3192 3332 3264 loquitur
3361 3189 3633 3261 injurias.

245 3266 374 3324 ελοῖν
431 3270 506 3333 εἰς
555 3270 638 3341 ἓν,
695 3272 833 3348 πρὸς
891 3274 1282 3348 ἀντονομασίαν
1339 3275 1565 3333 ἔκτοπον
1630 3277 1871 3350 ἕλκεται,

248 3353 306 3410 δι’
365 3359 429 3428 ἧς
487 3362 700 3437 ἀρετῶν
734 3361 990 3435 ὀνόμασιν
1053 3365 1107 3419 αὶ
1178 3365 1362 3420 κακίαι
1417 3367 1764 3441 σεμνύνοιντο
1797 3367 1877 3422 ἃν·

251 3444 303 3500 οὗ
351 3447 401 3502 τί
446 3470 580 3505 ποτε
644 3448 704 3503 ἃν
764 3447 846 3521 εἴη
906 3457 1118 3527 χεῖρον,
1173 3451 1283 3528 εἷ’γε
1349 3455 1641 3531 ύπάγονται
1693 3457 1781 3512 καὶ
1829 3457 1882 3511 οἱ

252 3539 470 3593 τοιοῦτοι
502 3541 568 3594 τὸ
631 3563 661 3591 ‹‹
695 3539 854 3610 οὖαι;
901 3565 930 3594 »
991 3541 1182 3597 ὁποίου
1227 3543 1636 3618 κληρονομοῦσι
1683 3547 1773 3600 καὶ
1831 3548 1883 3600 οἱ

248 3624 302 3678 τὸ
353 3629 539 3703 πικρὸν
567 3627 661 3684 καὶ
694 3629 749 3682 οἱ
777 3630 841 3684 τὸ
898 3630 1088 3692 σκότος
1127 3631 1347 3709 φαύλως
1404 3634 1881 3708 ἀντονομάζοντες.

259 3720 316 3767 ’Ὠ
365 3717 501 3772 πόσα
555 3717 652 3772 καὶ
711 3719 800 3772 οἷα
854 3718 942 3773 καί
1003 3718 1175 3789 ἡλίκα
1247 3723 1314 3776 τὰ
1364 3721 1422 3778 ἐκ
1471 3728 1577 3778 τῶν
1633 3723 1884 3779 κολάκων

256 3798 420 3860 δεινά]
478 3811 650 3879 Φῦμα
723 3808 849 3883 περὶ
905 3809 997 3862 τὸν
1073 3807 1531 3884 κολακευόμενον,
1581 3812 1669 3867 καὶ
1724 3812 1881 3888 ῥαγὶν

258 3887 439 3976 ὄδωδεν
497 3893 894 3970 ἀποτρόπαιον·
945 3896 1034 3950 καὶ
1098 3897 1126 3952 6
1183 3897 1349 3970 κόλαξ
1403 3897 1602 3976 νάρδου
1631 3887 1886 3970 πιστικῆς

260 3975 381 4048 όζειν
409 3983 471 4037 τὸ
522 3983 746 4059 τραῦμά
776 4005 959 4062 φησιν.
991 3987 1094 4043 Τὸν
1126 3984 1354 4061 ἀδρανῆ,
1411 3975 1501 4043 καὶ
1561 3989 1673 4045 οἷον
1703 3991 1887 4063 ἀνέμῳ

257 4070 598 4154 καταπνέοντα
657 4071 992 4142 σκελίζεσθαι
1065 4073 1142 4137 εἷς
1211 4073 1429 4152 ἀνδρίαν
1487 4076 1732 4154 ἐπαίρει·
1796 4079 1887 4134 καὶ

259 4153 446 4233 ῐποχον
493 4157 652 4232 ἵππῳ
706 4160 996 4225 ἀναπείσας
1033 4163 1300 4239 γενέσθαι,
1359 4169 1474 4221 εἶτα
1521 4153 1890 4223 καταπεσόντα

262 4243 318 4297 οὐ
374 4247 660 4326 μέμφεται,
713 4247 860 4306 ἀλλὰ
913 4253 1013 4321 τὴν
1041 4251 1324 4329 ἐφεστρίδα
1354 4253 1586 4311 αἰτιᾶται
1615 4261 1712 4312 τοῦ
1740 4259 1888 4312 πτώ-

263 4352 433 4402 ματος.
494 4335 602 4392 Κᾶν
655 4343 872 4412 τραῦμα
923 4337 1121 4404 ἐκεῖθεν
1200 4343 1365 4406 πάθοι
1438 4344 1500 4398 τὸ
1558 4349 1737 4417 σῶμα,
1795 4346 1886 4400 τὸν

261 4427 452 4495 χιτῶνα
508 4426 685 4502 ψὲγει,
744 4427 819 4489 ὡς
876 4431 966 4484 οἶα
1008 4429 1240 4505 τραχὺν,
1273 4431 1363 4485 καὶ
1395 4431 1537 4488 οὕτω
1587 4434 1688 4502 τήν
1721 4433 1890 4508 σάρκα

260 4510 522 4585 τρίψαντα·
578 4515 676 4571 κᾶν
749 4516 998 4594 ἀπορρυῇ
1075 4521 1234 4592 αἷμα,
1299 4519 1449 4576 τάσιν
1534 4519 1735 4595 μέλους
1809 4523 1885 4587 εἷς

1991 3287 2066 3343 Ut
2093 3287 2155 3342 in
2186 3302 2366 3341 unum
2398 3289 2603 3340 cuncta
2632 3283 2925 3356 colligam,
2959 3282 3018 3336 in
3041 3279 3508 3337 antonomasiam
3532 3278 3637 3334 ad-

1992 3376 2227 3432 ducitnr
2253 3373 2745 3444 inusitatam,qua
2766 3371 3050 3426 virtutum
3074 3369 3416 3425 nominibus
3449 3366 3640 3438 pravi-

1991 3471 2140 3522 tates
2173 3463 2519 3519 honorandm
2553 3461 2761 3518 forent.
2795 3462 2917 3525 Quo
2976 3458 3144 3530 pejus
3194 3457 3336 3528 quid
3395 3455 3643 3512 forsitan

1991 3557 2167 3621 esset,
2201 3551 2513 3624 siquidem
2545 3554 2603 3606 et
2648 3550 2960 3619 subjacent
3005 3548 3103 3617 qui
3155 3546 3302 3601 tales
3351 3548 3515 3614 sunt,
3554 3543 3640 3598 illi

1992 3661 2076 3698 vas
2099 3642 2128 3696 *ἲ
2160 3642 2328 3712 cujus
2359 3639 2537 3695 etiam
2574 3643 2796 3711 partem
2831 3637 3100 3692 obtinent
3131 3635 3228 3706 qui
3279 3634 3433 3706 quod
3484 3648 3649 3688 ama-

1993 3748 2125 3788 rum
2169 3735 2225 3786 et
2272 3728 2648 3784 tenebrosum
2708 3731 2798 3782 est
2853 3722 3321 3780 antonomastiee
3382 3724 3441 3777 et
3500 3719 3644 3776 falso

1991 3818 2309 3876 vocant.0h
2337 3817 2349 3872 l
2384 3821 2528 3889 quot
2557 3820 2613 3871 et
2633 3814 2830 3886 qualia
2861 3818 3202 3886 quantaque
3227 3811 3384 3867 mala
3401 3810 3647 3866 veniunt

1993 3927 2064 3966 ex
2110 3904 2823 3965 adulatoribuslVomica
2873 3918 3052 3974 super
3097 3900 3404 3957 adulatum
3447 3903 3538 3955 est
3583 3903 3643 3954 et

1995 3999 2262 4068 disrupta
2275 3994 2528 4067 graviter
2551 3995 2796 4064 foetet,et
2809 3991 3080 4048 adulator
3093 3990 3365 4063 pisticam
3387 3989 3640 4044 nardum

1995 4087 2213 4142 vulnus
2243 4084 2397 4140 olere
2427 4083 2590 4140 dicit.
2625 4084 2771 4138 Eum
2815 4080 2914 4152 qui
2946 4079 3158 4136 debilis
3187 4082 3279 4135 est
3307 4082 3366 4134 et
3409 4076 3546 4133 talis
3578 4079 3645 4132 ut

1999 4178 2199 4231 contra
2220 4176 2458 4228 ventum
2481 4171 2801 4243 spirantem
2825 4166 3323 4241 supplantetur,in
3338 4165 3647 4222 audaciam

1999 4261 2262 4328 extollit;
2299 4265 2356 4316 et
2406 4265 2721 4332 postquam
2770 4274 2921 4330 equo
2981 4257 3218 4312 firmum
3275 4255 3650 4311 insessurum

2000 4369 2129 4409 esse
2158 4350 2365 4420 suasit,
2397 4348 2599 4420 lapum
2632 4364 2749 4404 non
2781 4346 3101 4418 redarguit,
3143 4345 3247 4402 sed
3278 4343 3650 4415 chlamydem

2000 4442 2070 4497 de
2102 4457 2240 4496 casu
2284 4443 2585 4496 causatur.
2638 4441 2705 4493 Et
2753 4436 2852 4492 ubi
2903 4433 3119 4490 vulnus
3169 4433 3376 4490 exinde
3405 4447 3649 4504 passum

2000 4530 2178 4586 fuerit
2207 4544 2440 4599 corpus,
2472 4528 2734 4582 tunicam
2768 4525 2979 4598 arguit,
3013 4526 3213 4594 utpote
3243 4520 3560 4588 hirsutum,
3593 4521 3651 4574 et

267 4599 449 4687 μέμψιν
497 4585 906 4680 προϐάλλεται,
959 4585 1030 4662 δι’
1177 4585 1408 4686 φλεϐίου
1463 4585 1881 4687 ῥαγέντοςαῖμα

1995 4620 2080 4674 sic
2108 4632 2344 4673 carnem
2376 4620 2772 4671 conterentem
2799 4632 2812 4681 ;
2847 4619 2904 4669 et
2934 4613 2983 4668 si
3041 4611 3283 4680 sanguis
3329 4607 3644 4673 efﬂuxerit,

266 4684 513 4775 ἆξὲκυψεν,
588 4693 672 4764 Ἐξ
749 4695 1049 4771 ἀνθρώπων
1127 4699 1156 4752 6
1191 4684 1374 4768 κόλαξ
1428 4684 1733 4775 γινόμενος,
1787 4684 1887 4757 οὐκ

267 4774 334 4838 εἷς
361 4779 550 4854 ἀγαθόν
574 4803 630 4837 τι
662 4787 824 4853 ζῶον,
885 4783 1009 4840 ἀλλ’
1067 4786 1142 4848 εἲς
1197 4787 1402 4861 κόρακα
1436 4774 1882 4861 μεταπλάττεται.

270 4865 329 4921 Ἦ
377 4869 472 4945 γὰρ
531 4871 594 4926 οὗ
649 4873 842 4928 ταυτόν
899 4895 952 4928 τι
1009 4874 1076 4929 τὰ
1133 4873 1189 4936 ις
1246 4875 1432 4931 κακίαν
1467 4920 1483 4946 ,
1532 4876 1741 4934 κόλακα
1793 4879 1887 4934 καὶ

267 4953 451 5027 κόρακα
504 4958 698 5032 εἰπεῖν,
757 4963 893 5018 κατὰ
920 4963 1014 5017 τὸν
1061 4963 1240 5039 ὀρθῶς
1269 4962 1439 5020 πάλαι
1495 4968 1629 5023 ποτὶ
1684 4971 1891 5043 σκηψά-

273 5061 430 5113 μενον,
475 5049 564 5102 καὶ
599 5048 748 5123 ὀρθῷ
794 5050 1148 5126 στραυλισμῷ
1199 5053 1290 5107 τὸν
1340 5053 1549 5135 κόλακα
1608 5062 1758 5135 φωνῇ
1805 5059 1893 5114 κό-

271 5147 421 5221 ρακος,
465 5135 963 5211 ὑποκορισάμενον;
1025 5139 1216 5210 Πολλή
1274 5161 1359 5203 τις
1425 5131 1656 5219 αἰσχύνη
1721 5131 1888 5221 ῥύπον

273 5217 355 5287 μὶν
408 5219 491 5278 ἰπὶ
540 5226 840 5301 προσώπου
896 5226 1125 5305 φανέντα
1182 5226 1334 5284 ὕδατι
1394 5217 1747 5306 ἀποπλύνειν,
1813 5237 1888 5309 μὴ

271 5324 375 5394 «to:
428 5311 453 5366 6
507 5313 732 5390 φυσικός
781 5315 1105 5393 ἀχρειωθείη
1168 5319 1450 5394 χαρακτὴρ
1520 5325 1616 5376 τοῦ
1681 5321 1891 5387 εἷ’δους·

274 5393 486 5490 κόλακος
543 5400 601 5458 δὲ
655 5405 961 5481 ἀνέχεσθαι,
1024 5405 1280 5482 ῥυπαρῶς
1334 5413 1894 5490 παραζωγραφοῦντος

281 5481 336 5538 ού
390 5487 544 5559 μόνον
601 5493 694 5550 τὸν
740 5491 842 5566 ἔξω
899 5481 1205 5570 ἄνθρωπον,
1252 5481 1423 5552 ἀλλὰ.
1454 5497 1544 5554 καὶ
1747 5501 1896 5565 ἐντός

276 5571 385 5665 ΜὴΔ
413 5575 508 5654 γὰρ
535 5579 635 5639 οὐκ
694 5581 994 5641 ἀπόλλυσιν
1046 5583 1074 5639 ὁ
1122 5581 1289 5655 κόλαξ
1338 5585 1430 5642 καὶ
1489 5589 1674 5665 ψυχὴν
1729 5590 1897 5662 αὐτὴν

282 5661 534 5738 χρώματα
587 5669 789 5750 τρίϐων
846 5669 1075 5754 ἔκφυλα,
1143 5674 1227 5740 εἷς
1280 5661 1605 5752 χριομένοις
1659 5677 1899 5758 ὐπογρα.

1992 4706 2319 4762 tensionem
2353 4702 2598 4758 membri
2634 4707 2803 4758 vocat
2832 4702 2890 4756 in
2941 4699 3481 4772 reprehensionem,
3512 4699 3649 4752 tan-

1996 4809 2175 4865 quam
2206 4807 2307 4863 per
2336 4789 2496 4845 illam
2545 4796 2718 4862 rupta
2759 4805 2906 4844 vena
2957 4803 3130 4842 cruor
3177 4785 3400 4841 effusus
3434 4783 3532 4840 sit.
3565 4783 3647 4838 Ex

1997 4880 2339 4939 hominibus
2365 4879 2636 4934 adulator
2666 4877 3061 4944 natus,nonin
3094 4875 3391 4947 quoddam
3422 4875 3646 4929 bonum

1999 4969 2239 5036 animal,
2300 4967 2401 5024 sed
2463 4968 2521 5024 in
2583 4983 2821 5024 corvum
2880 4964 3358 5021 transformatur.
3441 4962 3648 5018 Nonne

2010 5059 2169 5117 enim
2220 5059 2442 5131 pariter
2495 5057 2854 5114 malitiosum
2913 5060 3002 5111 est
3054 5053 3308 5110 colacem
3363 5050 3653 5122 (adulato-

2003 5153 2150 5218 rem)
2179 5153 2236 5203 et
2281 5164 2545 5203 coracem
2603 5148 2819 5213 dicere,
2879 5152 3170 5216 quatenus
3229 5141 3450 5212 aliquis
3510 5139 3651 5194 olim

2003 5240 2146 5296 forte
2202 5242 2359 5294 recte
2417 5237 2644 5309 fingens
2693 5241 2750 5293 et
2810 5238 2963 5290 recte
3032 5229 3370 5287 balbutiens
3424 5245 3456 5284 e
3512 5241 3653 5283 voce

2005 5327 2226 5385 coracis
2275 5325 2608 5382 blandicule
2669 5321 2985 5381 sonuerit?
3016 5324 3290 5391 Magnum
3350 5315 3651 5389 quoddam

2007 5413 2385 5487 opprobrium
2477 5418 2584 5480 est,
2642 5409 2939 5468 maculam
3025 5408 3086 5463 in
3141 5407 3306 5463 vultu
3366 5419 3652 5477 apparen-

2005 5507 2124 5560 tem
2165 5500 2401 5560 abluere
2431 5518 2605 5575 aqua,
2639 5517 2712 5556 ne
2765 5497 3004 5571 physica
3058 5494 3255 5551 vultus
3301 5495 3491 5551 forma
3545 5490 3650 5546 de-

2006 5591 2216 5658 leatur,
2248 5590 2612 5648 adulatorem
2643 5605 2779 5647 vero
2809 5583 3122 5652 sustinere,
3153 5583 3256 5656 qui
3305 5598 3422 5640 non
3452 5578 3646 5637 solum

2012 5677 2311 5745 hominem
2340 5677 2819 5749 uteriorem,sed
2847 5673 3025 5738 etiam
3043 5671 3384 5736 interiorem
3409 5667 3648 5740 sordide
