4114 6200
425 365 544 427 663

1191 371 1612 433 EUSTATHII
1656 372 2424 434 THESSALONICENSIS
2474 372 3061 436 METROPOLITIE

3722 373 3846 433 664

424 498 708 572 depingit.
740 498 944 556 Nonne
994 501 1148 557 enim
1210 503 1401 574 perdit
1457 504 1725 560 adulator
1776 509 1833 559 et
1882 504 2074 576 ipsam

2204 503 2421 580 ρόμενος
2478 505 2794 578 άχρειοῦται
2824 506 2854 558 6
2878 503 3046 565 καλὸς
3074 501 3381 577 ἄνθρωπος.
3412 504 3474 560 Ὀ
3503 505 3642 577 πρὸς
3670 503 3844 558 κολα-

426 587 711 660 animam,
745 594 1052 646 extraneos
1083 597 1395 646 conterens
1435 592 1683 662 colores,
1711 594 1929 663 quibus
1977 594 2077 649 ad-

429 675 638 732 hibitis
695 677 924 734 deletur
980 680 1237 736 hominis
1295 680 1723 753 pulchritudo?
1777 682 1884 745 Qui
1945 699 2079 738 cum

432 765 766 822 adulatione
823 766 1111 838 loquitur,
1171 769 1419 824 daemoni
1480 769 1916 840 subministrat,
1978 773 2079 843 qni

432 857 490 908 et
542 854 669 926 ipse
727 863 966 927 peccata
1008 857 1449 913 adulationibus
1513 858 1853 914 demulcens
1909 878 2081 916 orna-

3414 593 3473 653 ὂς
3529 593 3623 646 καὶ
3685 591 3848 654 αὐτὸς

2191 681 2449 741 θωπείαις
2485 682 2790 735 ὑποσαίνων
2823 678 3132 755 ἁμαρτάδας
3160 680 3438 758 ὲπαλείςοει
3467 686 3848 752 κομμωτικῶς

2189 591 2335 646 κείαν
2397 590 2579 646 λαλῶν
2637 589 2856 662 δαίμονι
2914 592 3356 666 ὶξηρετεῖται,

2190 771 2280 822 καὶ
2313 770 2387 830 ὡς
2412 769 2487 830 εἷς
2520 770 2818 847 εὗμορςοίαν
2849 772 3050 845 ἀρετῶν
3102 769 3409 844 ἐξωραΐζειν
3466 769 3845 841 ύποκρίνεται,

2193 860 2362 932 ἁγαθᾶ
2393 858 2708 934 ἰπιγράσᾷων
2740 857 2833 913 ὂνό
2841 879 3002 932 ματα.

431 944 650 999 mentis
681 945 931 1016 decorat,
962 951 1021 1001 et
1049 951 1332 1019 tanquam
1365 949 1435 1003 ad
1467 948 1754 1003 virtutum
1785 948 2307 1020 pulchritudinem,
2341 951 2493 1005 bona
2522 950 2851 1007 inscribens
2880 949 3599 1020 nomina,similitudinem
3631 949 3850 1006 habere

431 1031 694 1087 simulat.

501 1120 591 1175 33.
623 1125 706 1177 Ne
731 1137 825 1178 me
844 1138 981 1194 ergo
1013 1141 1274 1195 unquam
1311 1127 1422 1181 ista
1448 1128 1642 1198 capiat
1692 1128 1988 1200 cogitatio,
2020 1133 2086 1182 ut

431 1208 782 1280 magistrum
808 1210 1445 1283 ignobiliteraduler,et
1470 1215 1758 1287 decipiam
1783 1220 1841 1271 et
1862 1216 2081 1270 fallam.

431 1296 650 1353 Fidelis
683 1298 825 1353 mihi
853 1300 1022 1355 testis
1053 1306 1143 1356 est
1172 1301 1348 1371 Deus,
1383 1304 1537 1375 quod
1571 1321 1638 1359 ex
1671 1303 1810 1371 illis,
1845 1307 2087 1376 quibus-

433 1401 569 1441 cum
601 1402 837 1458 semper
863 1404 1193 1458 conversor,
1226 1391 1482 1447 amicum
1517 1393 1901 1459 invenio,non
1933 1393 2082 1448 adu-

434 1473 786 1542 lantem,sed
820 1478 1241 1549 reprehendere
1269 1481 1547 1536 scientem
1578 1483 1646 1537 Et
1677 1482 1850 1538 talem
1882 1480 2085 1552 diligo,

439 1567 498 1618 et
528 1562 586 1618 in
601 1563 710 1619 hoc
727 1588 755 1613 «
772 1567 1008 1636 sapiens
1029 1584 1218 1634 sum,-
1235 1570 1405 1639 juxta
1424 1571 1829 1626 testimonium
1854 1569 2086 1642 sapien-

438 1651 655 1708 tissimi
687 1655 1095 1725 parmmiastae.
1129 1657 1198 1711 Et
1226 1663 1289 1712 tu
1319 1658 1520 1729 igitur,
1536 1659 1788 1731 quisque
1819 1658 1963 1714 mihi
1995 1659 2084 1713 di-

435 1738 745 1809 lectorum,
778 1744 996 1800 bonum
1029 1762 1098 1800 ex
1128 1751 1183 1801 te
1215 1746 1326 1818 fac,
1356 1753 1414 1802 et
1446 1751 1534 1803 l'ac
1593 1749 1752 1804 istud
1804 1747 2082 1819 primum.

439 1829 552 1886 Fac
582 1836 777 1887 autem
811 1833 986 1889 etiam
1020 1851 1088 1889 ex
1127 1834 1260 1890 aliis
1292 1837 1535 1903 bonum,
1592 1843 1656 1892 ut
1710 1837 2083 1902 conveniens,

435 1921 835 1990 suppositum,
869 1927 925 1976 et
955 1939 1026 1978 ne
1059 1923 1289 1995 fugiens
1322 1926 1857 1996 reprehensionem,
1904 1941 2080 1996 quam

2267 1123 2366 1200 λγ.
2395 1127 2485 1194 Mi",
2518 1126 2615 1199 έμὶ
2643 1131 2775 1200 γοῦν
2806 1127 2963 1188 οὗτος
3026 1121 3187 1181 λάϐοι
3249 1125 3515 1200 λογισμός
3556 1146 3717 1192 ποτε,
3771 1126 3845 1187 ὡς

2193 1215 2430 1288 ἀγεννῶς
2492 1213 2809 1270 κολακετειν
2869 1216 2960 1270 καὶ
3015 1217 3216 1285 άπατᾷν
3261 1216 3352 1269 καὶ
3410 1212 3701 1288 ψεύδεσθαι
3753 1215 3845 1269 τὸν

2196 1300 2542 1359 διδάσκαλον.
2606 1304 2802 1366 Πιστός
2862 1325 2956 1376 μοι
3020 1306 3223 1378 μάρτυς
3271 1305 3300 1358 6
3352 1304 3503 1374 Θεὸς,
3532 1301 3616 1380 ἐφ’
3650 1305 3739 1365 οἷς
3767 1303 3848 1358 άεί

2192 1393 2696 1467 πραγματεύομαι,
2758 1393 2916 1470 φίλον
2978 1393 3237 1467 εὑρίσκειν
3294 1391 3394 1446 οὐκ
3449 1389 3634 1447 εἰδότα
3682 1389 3847 1447 κολα-

2192 1480 2390 1547 κεύειν,
2460 1480 2585 1536 ἀλλ’
2641 1481 2964 1558 ἐξελέγχειν.
3023 1482 3120 1535 Καὶ
3182 1483 3372 1557 ἁγαπῶ
3419 1481 3515 1534 τὸν
3568 1485 3844 1547 τοιοῦτον,

2193 1570 2284 1623 καὶ
2336 1595 2365 1620 α
2413 1573 2574 1625 τοῦτό
2602 1573 2662 1647 γέ
2714 1571 2828 1643 εἰμι
2883 1571 3071 1648 σοφὸς,
3107 1595 3134 1620 ››
3165 1571 3303 1624 κατὰ
3346 1569 3692 1644 γνωματεύει
3753 1571 3840 1623 καὶ

2196 1659 2224 1711 6
2281 1656 2556 1736 πάνσοφος
2611 1662 3035 1734 παροιμιαστής.
3090 1660 3296 1714 Οὐκοῦν
3354 1657 3445 1712 καί
3504 1659 3568 1711 σὺ
3615 1658 3842 1721 ἕκαστος

2191 1751 2298 1800 τῶν
2333 1747 2456 1819 ἐμοὶ
2516 1748 2713 1826 φίλων,
2759 1748 2909 1803 ποίοι
2940 1749 3004 1802 τὸ
3060 1746 3226 1802 καλὸν
3260 1744 3497 1801 οἴκοθεν’
3554 1746 3721 1800 τοῦτο
3777 1746 3842 1815 δὴ

2192 1836 2255 1889 τὸ
2292 1841 2531 1909 πρῶτον.
2563 1837 2713 1892 Ποίει
2759 1834 2817 1892 δὲ
2872 1837 2961 1891 καὶ
3009 1838 3071 1891 τὸ
3120 1837 3397 1911 ἑτέρωθεν,
3459 1836 3718 1898 ὑποτεθὲν
3772 1835 3843 1898 ὥς

2193 1922 2359 1986 εἷκός’
2416 1927 2502 1980 καὶ
2575 1927 2674 1998 μὴ,
2736 1926 2946 2002 φεύγων
2983 1925 3075 1980 τὸν
3133 1922 3386 1999 ἔλεγχον,
3446 1925 3504 1977 ὃν
3567 1925 3758 1998 ἀγαπᾷ
3814 1925 3840 1977 ὁ

433 1988 596 2062 amat
625 2007 798 2063 homo
829 2010 1086 2082 sapiens,
1122 1988 1518 2071 adulationem
1555 2016 1817 2087 accipere
1845 1988 1991 2069 velis
2023 2017 2082 2069 et

2204 2015 2352 2090 ποφὸς
2408 2015 2565 2090 άνὴρ,
2627 1988 2759 2079 θέλε⁸
2803 1988 3213 2083 κολακεύεσθαι,
3248 2015 3335 2068 καὶ
3379 2013 3524 2067 οὕτω
3553 2014 3838 2087 παραγρά-

433 2094 520 2150 sic
551 2096 888 2153 deformari.

505 2201 596 2256 34.
624 2201 842 2259 Verum
895 2206 1195 2277 quoniam,
1245 2212 1308 2262 ut
1356 2207 1494 2276 dixi,
1548 2226 1664 2264 non
1715 2209 1785 2264 ad
1839 2207 2083 2264 adulan-

435 2289 580 2345 dum
612 2291 832 2348 missus
864 2310 1020 2362 sum,
1044 2300 1246 2364 restat,
1283 2301 1346 2351 ut
1393 2313 1500 2370 ego
1550 2298 1662 2353 sim
1712 2296 2084 2354 rectitudinis

435 2377 773 2436 vindicatio.
807 2381 1158 2453 Hujusmodi
1186 2389 1382 2440 autem
1414 2386 1519 2440 viri
1544 2387 1802 2442 ofﬁcium
1854 2390 1942 2441 est
1991 2385 2086 2439 di-

439 2483 567 2524 cere
597 2485 800 2524 verum
831 2472 901 2526 ad
937 2474 1281 2540 accidentia,
1309 2492 1436 2547 qua;
1467 2476 1624 2531 varia
1653 2480 1794 2531 sunt
1822 2480 1880 2531 et
1908 2475 2086 2529 innu-

440 2560 769 2631 merabilia,
794 2578 1167 2635 quorumque
1197 2571 1364 2637 pater
1393 2571 1482 2621 est
1530 2567 1771 2639 longum
1829 2571 2084 2640 tempus,

440 2647 758 2704 artiﬁciosa
789 2651 1037 2722 gignens
1067 2657 1124 2708 et
1169 2654 1402 2726 negotia
1447 2659 1504 2711 et
1541 2655 1793 2728 cogitata
1825 2673 1839 2723 ;
1871 2656 2089 2726 quibus

442 2737 542 2807 qui
570 2737 640 2792 ad
665 2740 1166 2797 enumerationem
1193 2742 1541 2800 immoratus
1571 2750 1847 2812 est,astra
1876 2745 2092 2818 ipsam-

441 2841 556 2897 que
609 2843 847 2884 arenam
900 2847 1212 2887 numerare
1261 2849 1432 2904 posse
1473 2835 1544 2889 de
1572 2840 1780 2890 caetero
1811 2834 2085 2891 conﬁdat.

437 2914 509 2970 Et
539 2915 620 2971 ita
649 2917 883 2988 quidem
918 2919 1262 2992 plerumque
1294 2938 1499 2993 puram
1533 2924 1757 2995 absque
1788 2923 2090 2980 reticentia

437 3005 633 3076 qualis
693 3012 802 3078 est,
859 3010 1044 3080 ipsam
1105 3011 1482 3068 administrat
1537 3014 1840 3070 veritatem
1895 3013 2089 3070 omnis

437 3093 638 3166 homo,
671 3097 772 3152 sed
805 3099 1129 3169 praesrtim
1163 3101 1260 3171 qui
1294 3102 1564 3158 eruditus
1605 3107 1714 3171 est,
1765 3103 1953 3176 magis
1985 3119 2088 3158 au-

436 3187 555 3240 tem
587 3185 683 3255 qui
720 3185 1028 3242 institutus
1061 3193 1149 3243 est
1176 3191 1233 3244 in
1276 3191 1624 3258 sacerdotio,
1673 3191 1925 3248 maxime
1956 3209 2089 3248 vero

440 3273 544 3344 qui
574 3275 901 3330 secundum
943 3277 1444 3348 prieeminentiam
1493 3285 1585 3336 est
1627 3281 2086 3337 archisacerdos.

2192 2114 2405 2179 φεσθαι.

2263 2205 2365 2264 λδ’.
2399 2206 2552 2265 Ἀλλ’
2609 2205 2818 2278 ἆπειδή,
2870 2208 3001 2281 ὅπερ
3062 2206 3296 2286 ἐφάμην,
3355 2207 3456 2262 οὐκ
3493 2206 3842 2280 ἁπέσταλμαι

2191 2296 2528 2371 κολακεύειν,
2562 2295 2805 2352 λείπεται
2839 2293 2896 2351 δέ
2939 2295 3236 2366 ὀρθότητος
3283 2296 3414 2349 εἶναί
3466 2316 3534 2368 με
3584 2292 3838 2371 ἔλεγχον.

2190 2370 2419 2462 ⁹Δνδρὸς
2492 2383 2550 2440 δὲ
2617 2387 2869 2440 τοιούτου
2951 2382 3110 2460 ἔργον
3180 2385 3530 2453 ἀληθίζεσθαι
3593 2370 3851 2461 πρὸςῗτᾶ

2192 2474 2622 2550 παραπίπτοντα,
2695 2473 2924 2529 ποικίλα
2995 2469 3122 2527 ὄντα
3195 2473 3284 2527 καὶ
3361 2470 3697 2544 ἆδιεξίτητα,
3775 2473 3848 2526 ὧν

2193 2565 2373 2637 πατὴρ
2440 2565 2468 2618 6
2529 2563 2733 2636 μακρὸς
2790 2563 3015 2638 χρόνος,
3077 2558 3305 2616 δαίδαλα
3343 2560 3490 2636 φύων
3541 2560 3633 2614 καὶ
3667 2561 3845 2636 πράγ-

2200 2674 2343 2726 ματα
2397 2653 2486 2708 καὶ
2543 2655 2829 2725 νοήματα·
2890 2653 2970 2712 οἷς
3027 2652 3056 2705 6
3113 2648 3454 2724 ἐνδιατρίψας
3511 2648 3590 2711 εἷς
3649 2649 3847 2723 ἀπαρί-

2196 2744 2393 2816 θμησιν
2427 2741 2692 2818 θαῤῥείτω
2737 2744 2835 2795 τοῦ
2895 2740 3097 2796 λοιποῦ
3144 2740 3231 2794 καὶ
3293 2738 3520 2812 ἀστέρας
3549 2736 3700 2814 ἔχειν
3764 2759 3850 2810 με·

2195 2837 2340 2907 τρεῖν
2407 2833 2496 2886 καὶ
2565 2831 2749 2903 ἅμμον
2810 2829 3016 2900 αὐτήν.
3091 2827 3189 2882 Καὶ
3269 2827 3411 2882 οὕτω
3465 2827 3560 2900 μὶν
3623 2827 3700 2889 ὡς
3761 2825 3844 2881 ἐπὶ

2196 2917 2452 2975 πλεῖστον
2509 2919 2678 2993 ψιλήν
2713 2917 3097 2979 ἀνυποστόλως
3134 2915 3298 2985 αὐτὴν
3347 2916 3465 2979 καθ’
3523 2916 3699 2984 αὐτὴν
3731 2913 3842 2970 δια-

2197 3008 2495 3086 χειρίσεται
2561 3009 2663 3077 τὴν
2720 3007 2980 3078 ἀλήθειαν
3060 3005 3149 3061 καὶ
3225 3010 3328 3067 πᾶς
3385 3005 3480 3077 μὶν
3540 3005 3842 3080 ἄνθρωπος,

2202 3097 2414 3171 μᾶλλον
2458 3096 2516 3153 δὲ
2574 3099 2602 3152 6
2657 3095 3110 3170 πεπαιδευμένος,
3168 3094 3256 3150 ἐπὶ
3288 3093 3364 3149 ἔτι
3419 3091 3478 3148 δὶ
3533 3093 3705 3149 πλέον
3737 3095 3764 3148 6
3795 3093 3842 3147 ἐν

2197 3187 2482 3262 ἱερωσύνη,
2545 3185 2781 3260 μάλιστα
2839 3183 2896 3240 δὲ
2949 3186 3068 3240 καθ’
3127 3184 3407 3260 ὑπεροχὴν
3466 3183 3495 3237 ὁ
3538 3182 3842 3258 ἀρχιερεύς.

2201 3276 2551 3351 Περιπετείας
2604 3273 2660 3330 δέ
2713 3296 2856 3337 τινος
2906 3272 3288 3350 ἐπιγενομένης
3322 3316 3337 3341 ,
3411 3272 3499 3326 καὶ
3580 3271 3844 3326 ἐπαινέσε-

441 3362 796 3418 Occurrente
820 3381 952 3420 vero
984 3367 1240 3437 quodam
1255 3370 1592 3441 eventu,qui
1616 3371 1751 3426 talis
1781 3375 1869 3426 est
1901 3371 2085 3426 decu-

2204 3388 2284 3420 ται
2318 3365 2584 3437 ἀκροατὴν
2634 3365 2669 3434 ἢ
2727 3362 3009 3437 ἄνθρωπον
3069 3364 3104 3432 ἢ
3156 3359 3337 3434 δῆμον
3383 3361 3412 3414 6
3467 3364 3723 3424 τοιοῦτος
3762 3357 3844 3414 διὶ

434 3451 676 3522 jusdam
700 3452 835 3508 boni
850 3454 1275 3525 gratiﬁcatione
1286 3457 1612 3514 auditorem
1627 3458 1714 3514 vel
1730 3459 2090 3532 singularem

443 3538 532 3594 vel
568 3539 849 3612 populum
895 3541 1178 3599 laudabit.
1237 3545 1305 3602 Et
1361 3546 1471 3602 hoc
1502 3564 1616 3604 non
1671 3553 1760 3604 est
1811 3547 2090 3604 adulatio.

446 3627 699 3684 Multum
727 3630 882 3686 enim
914 3630 1141 3688 adulari
1173 3634 1633 3708 spiritaliterque
1674 3637 1915 3693 laudare
1943 3637 2095 3692 inter

447 3732 511 3772 se
539 3717 892 3791 discrepant,
915 3724 1581 3795 tantumque,quantum
1612 3726 1828 3782 veritas
1859 3745 1892 3781 a
1925 3743 2090 3781 men-

444 3806 633 3875 dacio,
666 3809 1050 3881 studiumque
1081 3827 1210 3867 acre
1240 3829 1273 3866 a
1303 3812 1438 3869 lusu
1471 3815 1684 3870 dill'ert.
1737 3817 1798 3870 In
1848 3817 2094 3871 veritate

443 3895 660 3966 quippe
692 3901 888 3951 manet
914 3898 1238 3969 spiritualis
1270 3899 1559 3964 laudator.
1591 3903 1689 3974 qui
1729 3919 1862 3960 vero
1890 3903 2094 3959 laudat

444 3983 505 4038 in
536 3983 893 4052 adulatione,
952 3987 1381 4056 prmvaricatur.
1439 3990 1589 4047 Laus
1647 3997 1868 4062 autem,
1914 4009 2092 4064 quam

447 4087 606 4126 nunc
637 4088 881 4144 expono,
923 4090 1115 4130 sermo
1146 4082 1234 4132 est
1263 4078 1333 4132 ad
1365 4079 1829 4137 benedictionem
1889 4097 2090 4137 eorum

449 4159 552 4230 qui
576 4160 746 4230 juxta
785 4161 1059 4217 virtutem
1110 4164 1348 4234 vivunt;
1383 4171 1442 4221 et
1474 4167 1582 4223 iste
1611 4168 1698 4225 vel
1754 4170 1948 4225 brevis
2006 4170 2094 4226 vel

449 4247 643 4319 gravis
673 4253 782 4315 est,
813 4251 1139 4306 secundum
1175 4255 1434 4325 magistri
1460 4257 1776 4327 judicium,
1810 4261 2095 4331 quemad-

451 4336 694 4392 modum
726 4337 940 4395 iterum
971 4341 1344 4412 reprehensio
1375 4360 1566 4400 sermo
1611 4351 1702 4402 est
1751 4347 2094 4417 hujusmodi

449 4424 612 4480 laudi
643 4425 972 4498 oppositus,
1005 4445 1139 4484 eum
1173 4430 1275 4502 qui
1309 4431 1585 4488 virtutem
1621 4452 1734 4490 non
1767 4436 1906 4490 colit
1945 4436 2095 4490 vitu-

451 4529 682 4586 perans.
714 4516 798 4570 Ad
833 4531 1008 4587 quem
1060 4517 1255 4590 ipsum
1300 4521 1477 4576 etiam
1527 4532 1851 4594 opportune
1897 4541 2095 4580 recur-

451 4605 701 4659 rendum
734 4610 822 4661 est
851 4606 921 4660 ab
953 4623 1018 4662 eo
1050 4608 1145 4676 qui
1178 4607 1385 4680 spiritu
1429 4610 1614 4677 docet,
1663 4613 1909 4680 enitens,
1959 4613 2096 4669 hinc

452 4693 691 4764 quidem
723 4693 895 4749 melle
924 4695 1263 4767 caeterisque
1294 4699 1684 4756 suavitatibus
1717 4702 1880 4774 pium
1927 4719 2096 4758 sanc-
2127 4723 2175 4788 D

453 4785 695 4851 tumque
724 4783 1010 4839 suscitare
1038 4785 1418 4857 desiderium,
1451 4787 1610 4844 illinc
1639 4795 1834 4846 autem
1859 4792 2094 4847 medici-

458 4868 693 4924 nalibus
752 4872 970 4928 amaris
1026 4889 1093 4928 ac
1149 4873 1391 4946 reliquis
1445 4878 1862 4935 acerbitatibus
1938 4882 2093 4952 quod

458 4958 801 5014 morbosum
844 4964 933 5016 est
989 4963 1060 5016 ad
1119 4962 1428 5020 sanitatem
1484 4967 1779 5024 reducere.
1837 4969 2097 5033 Quorum

457 5044 639 5116 priori
668 5046 824 5103 dicta
850 5047 981 5105 laus
1007 5052 1520 5122 proportionaliter
1547 5055 2098 5130 infunditur,poste-

455 5133 713 5192 rioribus
742 5141 937 5192 autem
965 5139 1358 5210 reprehensio.

527 5242 616 5298 35.
649 5243 748 5299 llis
777 5245 1120 5316 praemissis,
1153 5247 1271 5317 iam
1304 5247 1476 5321 plane
1509 5251 1750 5308 intellixi
1785 5253 1928 5310 mihi
1979 5272 2096 5311 non

457 5343 587 5386 esse
619 5329 845 5388 licitum
871 5332 1100 5389 adulari
1129 5351 1231 5390 vos
1261 5336 1356 5408 qui
1389 5339 1504 5394 mei
1543 5340 1707 5412 estis,
1741 5342 1958 5413 quibus
2008 5343 2097 5398 in-

460 5418 698 5490 servire,
732 5436 880 5492 quos
910 5421 979 5477 ad
1009 5421 1225 5478 bonum
1259 5440 1628 5500 componere,
1661 5446 1807 5501 quos
1837 5430 1898 5486 in
1945 5431 2097 5486 veri-

461 5509 646 5564 tatem
676 5508 954 5566 indueere
980 5509 1130 5568 volo.
1164 5511 1380 5570 Vereor
1423 5515 1601 5585 enim,
1647 5534 1741 5586 ne,
1791 5518 2098 5575 blandiens

458 5591 521 5648 in
553 5595 811 5653 docendo
841 5598 1041 5669 sicque
1056 5599 1578 5672 mentiens,centra
1610 5608 1789 5664 Deum
1821 5623 2095 5680 pugnem.

465 5682 694 5739 Etenim
719 5684 1034 5756 aliquando
1064 5687 1374 5761 blandiar;
1417 5695 1518 5750 sed
1541 5711 1676 5752 eum
1713 5697 1786 5753 ad
1841 5696 2099 5769 aliquem

2200 3453 2372 3510 καλοῖ
2401 3475 2548 3518 τινος
2601 3449 2861 3508 ἐπίδοσιν
2920 3453 3008 3506 καὶ
3069 3449 3210 3506 εστιν
3269 3449 3400 3504 αὐτὸ
3457 3449 3523 3504 ού
3560 3447 3841 3506 κολακεία.

2203 3543 2438 3614 ΙΙλείστη
2488 3543 2591 3618 γὰρ
2644 3541 2744 3613 ὅση
2814 3538 3046 3616 διαφορὰ
3091 3544 3188 3594 τοῦ
3241 3536 3561 3594 καλακεύειν
3617 3538 3710 3592 καὶ
3755 3542 3844 3592 τοῦ

2201 3637 2580 3706 πνευματικῶς
2642 3631 2893 3700 ἐπαινεῖν,
2950 3628 3210 3700 τοσαύτη,
3284 3626 3382 3694 ὅση
3441 3628 3530 3681 καὶ
3593 3626 3847 3698 ἀληθείας

2201 3723 2338 3797 πρὸς
2397 3719 2642 3796 ψεῦδος,
2705 3721 2792 3775 καὶ
2855 3716 3098 3787 σπουδῆς
3154 3718 3291 3790 πρὸς
3347 3715 3630 3791 παίγνιον.
3685 3717 3844 3785 Ἀλη-

2203 3811 2372 3866 θεύειν
2435 3811 2528 3883 μὲν
2584 3811 2687 3885 γὰρ
2720 3811 2748 3864 6
2787 3807 3155 3881 πνευματικὸς
3212 3804 3518 3874 ἐπαινέτης,
3578 3804 3846 3879 παρεργά-

2205 3905 2347 3969 ζεται
2406 3896 2464 3954 δὲ
2515 3900 2543 3954 6
2601 3897 2735 3954 κατὰ
2762 3895 3067 3952 κολακείαν.
3134 3901 3286 3950 Ἔστι
3327 3891 3384 3949 δὲ
3414 3895 3443 3948 6
3496 3891 3743 3959 ἔπαινος,
3791 3892 3842 3946 ὃν

2205 3987 2311 4062 ἐγὼ
2368 3987 2486 4064 ἄρτι
2546 3987 2819 4060 έκτίθεμαι
2851 4030 2866 4056 ,
2925 3983 3090 4061 λόγος
3149 3982 3502 4058 εύλογθτικὸς
3570 3986 3682 4036 τῶν
3737 3981 3846 4035 κατ’

2204 4079 2399 4153 ἀρετὴν
2461 4077 2714 4146 ζώντων.
2774 4075 2871 4130 Καὶ
2925 4075 3086 4137 αὐτὸς
3141 4072 3177 4142 ἢ
3235 4071 3288 4127 ἐν
3342 4071 3748 4146 στενολεσχίᾳ,
3809 4070 3841 4138 ἣ

2203 4163 2480 4235 ἀποτάδην
2518 4210 2532 4235 ,
2592 4166 2666 4227 ὡς
2718 4165 2746 4219 6
2801 4159 3128 4224 διδάσκαλος
3185 4158 3488 4234 διακρινεῖ·
3552 4159 3733 4235 ὥςπερ
3785 4157 3844 4212 αὖ

2203 4253 2368 4310 πάλιν
2424 4256 2592 4330 ψόγος
2647 4255 2675 4308 6
2725 4257 2805 4326 τῷ
2839 4250 3073 4324 τοιούτῳ
3120 4249 3322 4322 ἐπαίνῳ
3352 4248 3629 4311 ἀντίθετος
3661 4246 3843 4322 λόγος,

2205 4341 2505 4422 δυσφήμῶν
2562 4344 2652 4398 τὸν
2711 4343 2786 4415 μή
2846 4341 3139 4415 ἀρετῶντα.
3197 4336 3275 4397 Οὗ
3325 4337 3415 4392 καὶ
3444 4336 3610 4391 αὐτοῦ
3643 4356 3848 4411 στοχα-

2206 4433 2354 4488 στέον
2389 4432 2439 4487 ἐν
2490 4431 2664 4508 καίρῷ
2717 4431 2809 4486 τὸν
2863 4429 2998 4485 κατὰ
3034 4433 3247 4501 πνεῦμα
3304 4424 3650 4497 διδάσκοντα,
3684 4445 3847 4501 πραγ-

2209 4523 2599 4595 ματευόμενον,
2656 4527 2732 4590 πῆ
2766 4521 2858 4593 μὶν
2919 4518 3099 4592 μέλιτι
3129 4517 3218 4572 καὶ
3287 4515 3506 4576 λοιποῖς
3547 4511 3849 4587 ἡδύσμασιν

2206 4612 2527 4673 ἀνακτᾶσθαι
2584 4609 2684 4678 τὴν
2759 4605 2990 4685 θεοφιλῆ
3046 4603 3241 4683 ὄρεξιν,
3289 4610 3365 4674 πῆ
3421 4601 3480 4658 δέ
3537 4604 3850 4678 πικράσμα-

2207 4721 2288 4754 σιν
2352 4699 2707 4774 ίατρευτικοῖς
2754 4698 2841 4751 καὶ
2904 4695 3126 4757 λοιπαῖς
3184 4692 3510 4768 δριμύτησιν
3569 4691 3846 4766 ἐπανάγειν

2203 4789 2266 4844 τὸ
2317 4791 2617 4863 καχεκτοῦν
2677 4785 2752 4848 εἷς
2818 4783 3040 4860 ὑγίειαν
3100 4785 3172 4838 ὧν
3229 4787 3310 4854 τῷ
3346 4782 3437 4855 μὶν
3492 4781 3703 4856 πρώτῳ
3729 4777 3851 4833 ἀνά-

2210 4876 2372 4953 λογον
2421 4873 2720 4932 διεκπίπτει
2773 4875 2801 4928 ὁ
2863 4872 3048 4949 ῥηθεὶς
3104 4869 3345 4942 ἔπαινος,
3402 4870 3569 4945 ψόγος
3629 4866 3689 4924 δὶ
3743 4872 3851 4928 τοῖς

2209 4963 2502 5041 δευτέροις.

2280 5251 2377 5308 λε’.
2428 5248 2651 5305 Τούτων
2721 5249 3210 5324 προεκτεθειμένων
3247 5289 3261 5315 ,
3339 5241 3478 5321 ἕχωῖ
3535 5246 3845 5320 συναγαγῶν

2209 5337 2318 5410 ἤδη
2360 5336 2607 5407 ἐντελῶς,
2665 5337 2740 5400 ὡς
2800 5337 2899 5392 οὐκ
2954 5335 3123 5408 ἔξεστί
3185 5357 3278 5410 μοι
3334 5333 3652 5390 κολακεύειν
3713 5333 3848 5405 ὑμᾶς

2207 5430 2334 5492 τοὺς
2395 5428 2584 5503 ἐμοὺς,
2644 5427 2738 5490 οὕς
2785 5424 3014 5505 ὠφελεῖν
3047 5423 3241 5495 ἐθέλω,
3271 5425 3362 5488 οὕς
3412 5425 3490 5486 εἰς
3527 5422 3726 5497 ἀγαθὸν
3756 5440 3847 5475 κα·

2205 5518 2493 5596 ταρτίζειν,
2553 5516 2646 5581 οὕς
2697 5515 2903 5591 ινάγειν
2948 5516 3084 5590 πρὸς
3135 5517 3417 5587 ἀλήθειαν.
3467 5509 3693 5568 Δέδοικα
3722 5508 3841 5596 γὰρ,

2213 5592 2289 5680 μὴ
2337 5606 2427 5662 καὶ
2485 5608 2768 5682 θεομαχῶ,
2825 5599 3135 5658 κολακεύων
3195 5601 3247 5658 ἰν
3300 5607 3382 5676 τῷ
3438 5597 3728 5665 διδάσκειν,
3757 5592 3840 5682 καί

2209 5692 2352 5751 οὕτω
2411 5680 2766 5770 ψευδόμενοςσ
2825 5689 3152 5753 Κολακεύσω
3213 5691 3308 5766 μὶν
3365 5691 3468 5768 γάρ
3517 5707 3671 5745 ποτε·
3721 5680 3841 5740 ἀλλ’
