4114 6200
265 357 367 416 665

1252 355 1332 416 IN
1380 356 1446 416 Ξ.
1495 353 2173 427 QUADRAGESIMAM
2221 354 2510 416 ORATIO
2554 354 2662 414 III.

3525 349 3644 408 666

262 484 339 541 ὅτε
389 481 652 551 ποππύζω
712 479 844 556 πρός
899 503 1040 552 τινα,
1100 484 1227 539 ὡσεὶ
1297 483 1385 540 καὶ
1439 483 1610 538 ἵππον
1671 484 1877 560 ἀγριού-

1999 486 2190 553 sibilo,
2223 489 2506 558 tanquam
2538 487 2608 541 ad
2642 499 2856 555 equum
2888 484 3200 552 agrestem,
3223 479 3310 537 vel
3343 480 3525 536 feram
3549 481 3642 537 in-

264 571 491 647 μενον,ἢ
540 572 628 626 καὶ
687 574 912 644 καταψῶ
970 572 1158 647 θηρίον
1219 573 1526 636 ἀτίθασσον·
1579 575 1659 635 οἷς
1721 594 1886 648 προσ-

259 660 418 726 θετέον
470 660 556 715 καί
607 659 877 729 ἀφύκτους
933 659 1186 736 ἐχθροὺς,
1251 660 1304 715 εἷ’
1371 673 1535 725 ποθεν
1609 661 1882 732 κατάσκή-

254 754 411 825 ψαιεν.
443 747 536 804 Καὶ
593 749 703 820 μὴν
757 748 980 822 ὲγὼ(ἧν
1034 770 1169 804 ποτε
1222 751 1409 822 καιρὸς
1469 749 1672 812 ἐκεῖνος
1706 751 1882 804 ’ἀπευ-

251 843 439 910 κταῖος,
467 836 660 892 ὁκατά
704 838 806 906 τὴν
859 836 1266 912 αἰχμαλωσίαν)
1314 837 1404 892 καί
1453 834 1659 893 ὤκνουν
1707 837 1878 893 κολα-

255 925 598 996 κεύειν,καὶὸ
649 926 782 988 Θεὸς
838 923 1022 981 ἵστατο
1071 928 1196 1002 παρ’
1229 926 1350 999 ἐμοὶ
1411 927 1500 983 καὶ
1559 925 1649 981 διὰ
1695 932 1878 982 τοῦτο·

254 1013 551 1088 εὐδοκίμουν
611 1016 719 1089 γάρ
789 1012 1003 1085 τάληθῆ
1082 1012 1260 1090 λέγων
1320 1013 1653 1088 εύμεθόδως.
1708 1016 1771 1072 Ei
1825 1014 1882 1070 δὲ

251 1124 366 1160 ποτε
416 1102 504 1158 καὶ
559 1101 746 1178 χολήν
802 1124 920 1158 τινα
973 1109 1091 1166 τοῖς
1123 1101 1407 1166 δεσπόταις
1436 1103 1658 1165 ἐκείνοις
1692 1105 1880 1159 ὑπεκί-

249 1189 546 1266 νουν,ἀλλᾶ.
602 1192 697 1246 καὶ
745 1193 933 1254 αὐτοῖς
989 1191 1131 1269 ταχὺ
1178 1193 1242 1248 τὸ
1299 1197 1407 1269 πῦρ
1459 1188 1764 1261 ἐσϐέννυτο,
1809 1195 1878 1266 τῇ

251 1281 424 1346 ἄνωθεν
457 1280 637 1356 δρόσῳ
672 1281 1095 1357 μαραινόμενον.

311 1369 406 1434 λς’.
434 1372 552 1424 Ἔτι
598 1375 1014 1446 προσεπιζητῶ,
1045 1369 1134 1425 καί
1191 1370 1392 1449 σοφοὺς
1457 1371 1590 1426 εἶναι
1644 1372 1734 1426 καὶ
1782 1370 1880 1444 ἐμὲ

247 1459 322 1514 καὶ
379 1458 533 1525 ὑμᾶς.
579 1457 860 1531 .Ἐσόμεθα
918 1456 975 1513 δὲ
1028 1463 1269 1513 τοιοῦτοι
1329 1459 1390 1514 ού
1448 1459 1600 1532 πόνῳ
1656 1457 1877 1532 πολλῷ,

250 1547 300 1603 οὗ
332 1542 552 1622 βιϐλίων
610 1546 979 1616 ἐπελεύσεσιν,
1030 1548 1110 1626 ἐφ’
1162 1550 1244 1612 οἷς
1300 1547 1581 1623 ἀφθαλμοὶ
1637 1549 1876 1623 κάμνου-

250 1635 419 1705 σιν,οό
449 1633 794 1692 διδασκάλων
856 1635 1194 1712 αὖστηρίαις,
1229 1639 1304 1692 ὧν
1348 1638 1403 1691 αἱ
1456 1644 1639 1713 χεῖρες
1697 1637 1876 1714 ἀλγει-

246 1725 351 1787 νοίις
404 1719 706 1801 ἑντρίϐουσι
769 1723 1073 1798 μώλωπας,
1125 1725 1232 1802 οὐχ
1289 1725 1458 1781 ὕπνου
1511 1729 1744 1803 ἀργίαις,
1806 1725 1876 1782 δι’

249 1816 310 1869 ῶν
358 1815 441 1868 καὶ
499 1814 678 1868 αὐτῶν
740 1815 883 1870 πολὺ
934 1816 998 1870 τὸ
1055 1820 1203 1877 σῖνος
1249 1821 1366 1878 τοῖς
1399 1817 1782 1892 ἀγρυπνοῦσιν,
1814 1817 1874 1872 οὐ
1909 1858 1953 1922 Β

313 1900 366 1922 δι’
563 1902 574 1922 Ι
747 1902 794 1922 τι
846 1902 899 1922 ιθ
1102 1909 1130 1918 σ-
1270 1903 1283 1922 ,
1340 1901 1362 1922 δ
1461 1906 1470 1921 Ι
1719 1911 1740 1920 υ

245 1900 405 1958 ποδῶν
435 1902 705 1977 καμάτοις
743 1902 794 1974 ἐξ
839 1902 1195 1979 ὁδοιποριῶν,
1229 1903 1290 1958 ού
1336 1901 1595 1967 δαπάναις
1651 1911 1768 1967 ταῖς
1820 1926 1879 1960 τε

254 1989 426 2053 ἄλλαις
481 2008 572 2046 και
630 1991 788 2054 ὅσαις
820 1992 1263 2068 ἐκθεραπεὺονται
1296 1991 1477 2069 λίχνοι
1538 1992 1876 2062 διδάσκαλοι,

255 2079 340 2132 οὐκ
387 2074 579 2141 ἄλλοις
608 2079 852 2149 τούτοις,
886 2081 960 2134 ὧν
997 2079 1201 2154 μυρίων
1233 2083 1268 2149 ἡ
1312 2080 1448 2134 κατὰ
1496 2079 1683 2156 σοφίαν
1734 2078 1876 2158 ἐφίε-

252 2186 325 2220 ται
352 2166 558 2241 ἀγωγή.
595 2165 780 2223 Ἀλλὰ
826 2169 938 2245 χρὴ
998 2167 1161 2240 μόνον
1216 2165 1471 2238 ἐθελῆσαι
1523 2169 1614 2223 καὶ
1668 2167 1878 2224 ἐπινεῦ-

254 2275 324 2308 σαι
351 2257 512 2328 ἠμᾶς,
539 2255 629 2310 καὶ
661 2255 859 2311 αὐτίκα
890 2255 1250 2334 σεσοφίσμεθα
1279 2255 1528 2318 ἐντελῶς.

313 2429 402 2500 λζ’.
434 2431 650 2507 Σοφίζει
723 2429 780 2487 δὲ
835 2432 1007 2495 οὕτως
1057 2435 1206 2507 ἡμᾶς
1265 2434 1628 2509 ἀγαπώμενος
1660 2436 1687 2489 ὁ
1717 2429 1879 2510 ἔλεγ-

252 2538 360 2594 χος·
394 2521 698 2597 «Ἔλεγχε
727 2521 850 2597 γὰρ,
909 2545 938 2574 ››
994 2522 1148 2600 φησὶ,
1176 2547 1205 2574 ‹‹
1247 2522 1433 2597 σοφὰν,
1465 2523 1555 2578 καὶ
1609 2525 1876 2599 ἀγαπήσει

254 2627 320 2674 σε,
350 2633 376 2660 ››
403 2608 654 2686 ἀφορμὴν
695 2611 930 2665 ἐντεῦθεν
964 2606 1148 2666 λαϐὼν
1176 2615 1274 2665 τοῦ
1317 2612 1408 2666 καὶ
1456 2613 1763 2690 σοφώτερος
1806 2613 1877 2667 εῖ-

253 2716 344 2753 ναι.
389 2699 450 2752 Ὠ
497 2695 830 2761 διδάσκαλος
889 2699 1047 2762 οὗτος
1105 2699 1441 2774 εύπόριστος,
1502 2699 1546 2755 ὣ
1605 2704 1800 2778 σαφὴς,
1834 2699 1878 2756 ὣ

252 2786 448 2861 γοργὸς,
481 2785 524 2842 ὣ
555 2787 763 2865 δώροις
787 2787 1088 2860 ἀνάλωτος,
1122 2787 1167 2844 ὣ
1194 2791 1283 2844 καὶ
1337 2787 1604 2845 διδάσκων
1649 2793 1760 2864 ἅμα
1788 2791 1878 2846 καὶ

256 2871 506 2950 ἰατρεύων,
537 2877 600 2932 τὸ
657 2877 778 2951 μὲν,
812 2878 895 2940 οἷς
946 2875 1222 2951 μεθοδεύει
1280 2881 1348 2932 τὰ
1403 2882 1666 2954 σωτήρια,
1698 2880 1759 2935 τὸ
1809 2878 1876 2950 δ’,

257 2961 326 3016 ὅτι
375 2971 472 3034 τῆς
528 2969 780 3042 ψυχικῆς
839 2966 1091 3041 καχεξίας
1147 2967 1447 3022 ἀποκενοῖ⁶
1507 2967 1550 3023 ὣ
1599 2969 1687 3024 καὶ
1744 2969 1880 3044 πρὸς

256 3050 374 3126 χάος
423 3048 652 3109 ἄϐυσσον
711 3054 956 3129 κατάγων
1028 3057 1120 3110 καὶ
1176 3057 1314 3130 πρὸς
1370 3056 1596 3132 οὐρανὸν
1653 3059 1799 3131 ὑψῶν
1851 3059 1879 3112 6

255 3140 412 3211 αὐτὸς,
465 3144 526 3198 τὸ
574 3148 822 3220 πρῶτον,
875 3145 956 3208 οἷς
1001 3151 1370 3200 ταπεινοποιεῖ
1425 3145 1484 3200 ἐκ
1541 3145 1878 3220 μεταμέλοι),

1995 576 2277 631 domitam
2313 575 2654 641 demulceo;
2705 573 2920 644 quibus
2970 569 3327 642 adjungendi
3379 575 3520 624 sunt
3550 570 3640 625 in-

1993 665 2330 720 eluctabiles
2375 663 2619 728 inimici,
2668 680 2714 718 ει
2765 661 3034 716 alicunde
3084 659 3331 714 irruant.
3372 659 3440 713 Et
3489 664 3642 714 certe

1993 769 2119 825 ego,
2157 785 2225 794 —
2255 759 2380 809 erat
2409 754 2544 807 olim
2579 759 2811 823 tempus
2861 749 3006 804 illud
3040 749 3395 820 captivitatis
3424 748 3642 804 abomi-

1993 844 2277 909 nandum,
2311 874 2378 883 —
2406 841 2632 897 adulari
2663 840 2965 912 quondam
3010 837 3302 902 nolebam,
3335 841 3392 892 ct
3422 836 3640 892 idcirco

1993 931 2136 986 mihi
2194 933 2342 987 Deus
2391 933 2633 986 aderat:
2668 933 2906 984 amabar
2955 927 3111 982 enim
3163 927 3338 997 plana
3383 927 3477 980 via
3506 942 3641 982 vera

1991 1019 2257 1092 loquens.
2293 1021 2352 1076 Si
2385 1020 2619 1092 quando
2649 1034 2781 1073 vero
2812 1017 2985 1072 bilem
3019 1014 3487 1071 dominatoribus
3519 1014 3638 1070 illis

1993 1125 2306 1172 moverem,
2356 1125 2488 1164 ecce
2533 1107 2692 1165 brevi
2743 1105 2918 1178 ignis,
2968 1121 3095 1161 rore
3143 1106 3395 1176 desuper
3442 1103 3637 1159 infuse

1991 1197 2487 1270 exstinguebatur.

2060 1375 2148 1430 36.
2182 1375 2250 1429 Et
2278 1374 2470 1429 adhuc
2503 1390 2594 1428 me
2623 1378 2678 1430 et
2709 1389 2809 1427 vos
2841 1388 2968 1428 esse
2999 1371 3293 1442 sapientes
3325 1387 3632 1442 praesumo.

1988 1463 2160 1518 Tales
2190 1468 2382 1518 autem
2426 1462 2649 1518 erimus
2697 1478 2811 1516 non
2846 1459 3032 1516 multo
3063 1458 3280 1528 labore,
3308 1476 3425 1513 non
3457 1458 3633 1513 libro-

1989 1569 2120 1607 rum
2169 1553 2521 1619 accessione,
2572 1568 2750 1622 super
2805 1550 3024 1621 quibus
3083 1549 3404 1620 fatigantur
3458 1545 3635 1616 oculi,

1989 1658 2102 1697 non
2132 1640 2551 1713 magistrorum
2585 1638 2946 1702 austeritate,
2979 1653 3230 1708 quorum
3263 1653 3476 1690 manus
3509 1652 3636 1689 mo-

1987 1729 2166 1784 lestas
2230 1729 2449 1784 vibices
2513 1728 2884 1800 imprimunt,
2947 1742 3062 1780 non
3129 1724 3465 1792 insomniis,
3535 1740 3638 1795 per

1988 1836 2116 1890 quas
2174 1817 2429 1873 multum
2497 1817 2846 1872 damnorum
2919 1815 3159 1869 affertur
3231 1811 3634 1885 vigilantibus,

1989 1923 2102 1962 non
2155 1908 2370 1978 pedum
2417 1923 2485 1962 ex
2517 1906 2825 1961 itineribus
2867 1903 3166 1971 aerumnis,
3200 1919 3315 1958 non
3344 1901 3634 1973 "(expensis

1986 1995 2326 2051 istiusmodi
2369 1995 2584 2066 quibus
2640 1994 2870 2067 cupidis
2927 1991 3226 2064 magistris
3277 1989 3634 2054 deserviunt,

1988 2101 2105 2140 non
2137 2084 2268 2140 aliis
2299 2084 2456 2139 mille
2484 2083 2725 2149 talibus,
2758 2099 2888 2154 qua:
2917 2084 3243 2137 secundum
3287 2078 3632 2150 sapientiam

1988 2174 2257 2229 educatio
2290 2173 2564 2244 attingit;
2597 2173 2698 2228 sed
2748 2170 3118 2228 solummodo
3153 2185 3258 2224 nos
3289 2167 3432 2222 velle
3462 2171 3518 2221 et
3546 2183 3634 2221 as-

1988 2262 2192 2318 sentiri
2222 2259 2465 2332 oportet,
2489 2267 2546 2316 et
2573 2263 2772 2316 statim
2803 2276 3036 2316 omnem
3060 2256 3407 2329 sapientiam
3440 2254 3633 2327 acqui-

1987 2349 2320 2406 siverimus.

2057 2440 2146 2494 37.
2179 2439 2392 2495 Reddit
2420 2444 2614 2495 autem
2649 2438 2728 2494 ita
2749 2455 2854 2493 nos
2886 2436 3180 2508 sapientes
3202 2433 3530 2490 desiderata
3551 2448 3632 2488 re-

1988 2527 2318 2600 prehensio.
2357 2551 2378 2579 c
2415 2528 2794 2600 Reprehende
2823 2526 3001 2591 enim,
3036 2524 3248 2596 inquit,
3283 2523 3632 2594 sapientem,

1987 2621 2046 2671 et
2075 2617 2297 2671 amabit
2325 2621 2402 2683 te,
2439 2639 2467 2666 ι»
2497 2616 2862 2672 occasionem
2885 2613 3019 2668 inde
3048 2629 3290 2668 sumens
3322 2617 3386 2666 ut
3406 2611 3636 2682 sapien-

1987 2705 2247 2761 tiorliat.
2297 2708 2340 2761 0
2372 2705 2651 2778 magister
2680 2703 2776 2758 ille
2825 2703 2987 2758 aditu
3031 2701 3252 2756 facilisl
3298 2716 3473 2771 quam
3509 2715 3634 2753 ma-

1991 2793 2257 2859 nifestus,
2293 2811 2468 2865 quam
2500 2794 2731 2860 ardens,
2757 2809 2932 2863 quam
2965 2791 3134 2845 donis
3162 2786 3628 2844 inaccessibilisl

1994 2883 2115 2938 Una
2143 2883 2314 2938 docet
2359 2888 2416 2937 et
2461 2886 2649 2949 sanat,
2683 2881 2840 2936 istud
2892 2879 3124 2950 quidem
3177 2894 3243 2933 eo
3288 2876 3442 2948 quod
3476 2874 3636 2930 salu-

1988 2972 2138 3028 taria
2169 2971 2512 3044 praescribit,
2547 2971 2653 3025 hoc
2680 2975 2876 3025 autem
2925 2985 2990 3023 eo
3024 2967 3177 3038 quod
3210 2966 3413 3020 morbo
3458 2963 3638 3034 spiri-

1987 3061 2090 3117 tali
2122 3058 2369 3134 purgatl
2403 3060 2562 3116 Idem
2594 3059 2650 3114 in
2679 3057 3023 3129 profundam
3047 3055 3322 3128 abyssum
3357 3052 3636 3121 demittit,

1989 3156 2047 3207 et
2095 3150 2155 3205 in
2206 3149 2414 3205 caelum
2463 3147 2706 3215 extollit,
2755 3145 2922 3214 illud,
2972 3145 3127 3216 quod
3176 3161 3246 3200 ex
3293 3140 3638 3215 poenitentia

252 3229 305 3284 τὸ
343 3227 600 3307 δεύτερον,
669 3235 751 3294 οἷς
808 3232 993 3308 ἀνάγει
1051 3237 1118 3308 τῇ
1169 3232 1228 3288 ἐκ
1288 3234 1568 3306 μετανοίας
1623 3236 1876 3311 καθάρσει

1992 3239 2288 3305 bumiliat,
2349 3241 2476 3309 hoc,
2536 3237 2691 3308 quod
2744 3237 2999 3309 puritate
3045 3252 3115 3290 ex
3173 3231 3516 3306 paenitentia
3565 3229 3636 3284 ad

253 3321 370 3391 πρὸς
397 3322 483 3376 τὸν
516 3321 742 3396 ὕψιστον
790 3320 1008 3399 Κύριον.
1042 3322 1106 3378 Εἴ
1163 3320 1221 3378 δέ
1276 3344 1359 3385 τις
1410 3325 1727 3398 ἁμαρτάνων
1784 3325 1875 3379 τὸν

253 3413 472 3464 τοιοῦτον
531 3405 766 3486 ἔλεγχον
837 3410 1172 3486 σκορακίζειν
1250 3412 1441 3466 ἑαυτοῦ
1520 3418 1790 3487 πειρᾶται,
1850 3415 1878 3468 6

253 3501 472 3560 τοιοῦτος
526 3499 794 3574 φριξάτω,
845 3493 1264 3572 εὐλαϐούμενος,
1327 3501 1401 3572 μή
1462 3520 1593 3554 ποτε
1647 3500 1736 3553 καὶ
1785 3499 1876 3555 αύ-

254 3583 331 3644 τὸς
357 3585 608 3658 αἰτιαθείη
646 3584 855 3658 δεινῶς,
890 3588 964 3649 ὡς
994 3587 1123 3650 τοὺς
1163 3585 1402 3651 δικαίους
1452 3587 1719 3664 ἐλέγχους
1768 3589 1881 3662 μώ-

257 3667 422 3736 λωπας
451 3675 622 3748 ἑαυτῷ
655 3675 984 3750 ἡγούμενος.

316 3776 410 3848 λη.
442 3781 504 3834 Ὢ
552 3780 886 3856 ἁμαρτωλὸς
933 3781 1060 3859 ἐγὼ,
1109 3783 1197 3838 καὶ
1256 3781 1311 3837 εἴ
1371 3804 1453 3846 τις
1528 3780 1711 3859 ἕτερος
1759 3784 1876 3838 κατ’

257 3861 356 3937 ἑμί.
408 3868 473 3926 Τί
529 3867 738 3942 δήποτε
790 3869 1309 3946 κεκαυτηριασμένοι
1379 3873 1477 3941 τὴν
1546 3869 1873 3943 συνείδησιν,

256 3955 325 4016 οἷς
354 3954 564 4032 οἴδαμεν
597 3960 1018 4034 ἁμαρτάνοντες,
1048 3960 1139 4015 τὸν
1171 3959 1231 4015 ἐκ
1256 3965 1352 4016 τοῦ
1405 3959 1578 4037 λόγου
1633 3968 1878 4037 καυτῆρα

258 4039 666 4122 δυσωπούμεθα;
728 4050 963 4105 Ἐπαινῶ
1031 4049 1300 4125 καχέκτας
1354 4049 1614 4121 ἐκείνους,
1674 4052 1726 4106 οἳ
1784 4049 1875 4106 καὶ

254 4140 404 4188 νοσεῖν
460 4137 828 4206 αἰσθάνονται,
886 4137 976 4194 καὶ
1033 4137 1316 4214 ἀνέχονται
1391 4140 1676 4212 καιόμενοι
1737 4141 1874 4213 πρὸς

261 4220 459 4296 ὑγίειαν.
489 4227 549 4285 Ὁ
600 4221 906 4303 στραϐίζων
951 4227 1226 4306 ἐμφανῶς,
1260 4227 1347 4283 ἐὰν
1398 4229 1620 4303 ἀκούσῃ,
1664 4228 1874 4291 εὐωπὸς

259 4309 392 4382 εἶναι,
445 4313 704 4389 γελᾶσθαι
761 4316 953 4390 κρίνει,
1009 4317 1100 4370 καὶ
1172 4317 1266 4371 τὸν
1324 4315 1556 4372 ἐπαινεῖν
1617 4315 1876 4373 δοκοῦντα

262 4399 520 4477 μίμφεται.
562 4403 722 4463 Οὕτω
771 4403 828 4459 δὶ
863 4405 952 4460 καὶ
999 4406 1026 4460 6
1075 4402 1486 4478 κυλλοποδίων,
1538 4403 1684 4480 ε’ίπερ
1744 4405 1876 4481 ὀρθὰ

263 4485 470 4559 βαδίζειν
501 4492 739 4571 λέγοιτο.
767 4495 841 4549 T6
875 4491 921 4548 6’
949 4493 1078 4549 αὐτὸ
1107 4494 1195 4548 καὶ
1246 4494 1331 4549 ἐπὶ
1387 4493 1494 4549 τῶν
1549 4494 1734 4550 ἄλλων
1783 4515 1876 4550 κα-

1989 3329 2347 3385 altissimum
2379 3327 2696 3383 Dominum
2744 3324 2964 3381 elevat!
3012 3323 3071 3378 Si
3105 3322 3238 3394 quis
3289 3336 3419 3376 vero
3451 3316 3636 3373 delin-

1991 3434 2200 3489 quens,
2231 3416 2572 3486 hujusmodi
2623 3413 3134 3487 reprehensionem
3183 3429 3216 3466 a
3263 3426 3326 3466 se
3357 3408 3640 3480 projicere

1989 3511 2199 3573 tentat,
2234 3505 2368 3561 talis
2399 3504 2831 3569 contremiscat,
2864 3502 3109 3565 veritus,
3142 3514 3212 3553 ne
3245 3496 3559 3568 aliquando
3583 3498 3640 3549 et

1987 3596 2115 3667 ipse
2171 3595 2231 3649 in
2289 3611 2468 3650 causa
2524 3593 2828 3648 tremenda
2885 3589 3297 3653 constituatur,
3352 3591 3635 3656 tanquam

1979 3686 2178 3757 justas
2209 3683 2692 3755 reprehensiones
2723 3681 2835 3735 sibi
2865 3679 3082 3734 vibices
3108 3677 3427 3732 aestimans.

2056 3791 2146 3846 38.
2179 3791 2222 3846 Ο
2267 3793 2534 3862 peccator
2581 3805 2708 3860 ego,
2759 3791 3213 3859 peccatoresque
3242 3781 3292 3838 si
3343 3781 3487 3836 forte
3517 3780 3639 3836 sint

1987 3880 2134 3936 mihi
2182 3878 2428 3944 similes,
2469 3895 2572 3933 cur
2613 3877 2851 3932 tandem
2903 3873 3256 3929 conscientia
3307 3869 3632 3935 cauteriati,

1986 3970 2085 4040 qui
2114 3985 2220 4023 nos
2251 3983 2379 4023 esse
2413 3970 2745 4038 peccatores
2788 3962 3028 4028 scimus,
3062 3958 3384 4016 cauterium
3416 3973 3483 4012 ex
3513 3972 3633 4011 ser-

1987 4057 2261 4112 monibus
2318 4071 2468 4127 aagre
2528 4051 2816 4108 ferimus?
2863 4052 3061 4107 Morbo
3106 4048 3440 4104 laborantes
3487 4045 3635 4100 istos

1984 4146 2184 4211 laudo,
2217 4145 2315 4218 qui
2348 4161 2409 4200 se
2438 4142 2701 4200 sentiunt
2745 4145 3022 4212 aegrotare
3052 4137 3633 4204 combustionemque

1985 4235 2282 4293 sustinent
2311 4235 2382 4289 ad
2413 4233 2746 4288 sanitatem.
2779 4230 2886 4294 Qui
2919 4229 3226 4283 manifeste
3255 4224 3488 4282 strabus
3518 4228 3630 4289 est,

1984 4325 2035 4382 si
2066 4323 2221 4397 quod
2253 4324 2401 4378 bene
2429 4323 2506 4377 sit
2552 4320 2736 4376 oculis
2765 4319 2988 4385 audiat,
3033 4315 3265 4372 irrideri
3296 4330 3359 4370 se
3380 4313 3632 4384 judicat,

1983 4422 2038 4470 et
2093 4430 2228 4469 eum
2288 4411 2386 4483 qui
2448 4409 2691 4465 laudare
2747 4407 2976 4461 videtur
3035 4405 3248 4476 arguit.
3309 4402 3403 4458 Sic
3461 4416 3631 4472 porro

1983 4502 2160 4558 etiam
2193 4500 2459 4566 claudus,
2493 4499 2542 4554 si
2575 4502 2729 4553 recte
2751 4494 3284 4551 dicaturincedere.
3319 4491 3476 4545 Idem
3497 4505 3631 4543 vero

257 4576 314 4630 τὰ
370 4584 520 4653 σῶμα
573 4584 901 4659 πηρώσεων.
960 4584 1148 4655 Ἡμεῖς
1207 4581 1285 4656 δὲ,
1337 4585 1409 4638 ὧν
1467 4589 1686 4658 πρῶτος
1747 4583 1874 4659 ἐγὼ,

1992 4595 2076 4646 est
2123 4605 2356 4661 quoque
2414 4587 2484 4642 de
2535 4585 2756 4642 caeteris
2815 4582 3077 4654 corporis
3134 4579 3472 4634 defectibus.
3514 4575 3632 4633 Nos

262 4665 518 4743 ἁμαρτίαις
567 4671 930 4750 ἐζοιρωμὲνοι,
987 4673 1077 4726 καὶ
1138 4674 1514 4746 μανθάνοντες,
1573 4677 1687 4749 φῶς
1742 4674 1872 4727 εἶναι

258 4753 335 4807 καὶ
385 4758 614 4826 ἡλιῶδες
672 4760 1094 4837 ἀπαστράπτειν,
1155 4759 1296 4816 διατί
1357 4761 1420 4816 οὐ
1475 4767 1728 4834 νοοῦμεν,
1789 4762 1871 4816 ὅτι

257 4841 554 4927 γελώμεθα;
588 4849 884 4923 Ἐθὲλομεν
935 4847 993 4904 δὲ
1049 4855 1290 4927 συνεχῶς
1345 4849 1474 4906 αὐτὸ
1527 4850 1739 4905 ἀκούειν
1795 4851 1871 4913 εἷς

260 4925 470 5016 ἔπαινον.
504 4939 562 4994 Ei
597 4936 654 4994 δὶ
684 4939 712 4994 6
742 4933 1053 5015 παραϐλὼψ
1082 4939 1172 4994 καὶ
1201 4925 1426 5016 νχωλὸς,
1458 4939 1548 4994 καὶ
1597 4938 1722 5004 ὅσος
1778 4937 1874 4994 ἄλ-

261 5014 364 5104 λοις
398 5026 432 5095 ἡ
479 5030 612 5083 κατὰ
667 5014 826 5102 σῶμα
878 5030 1193 5104 ἡμάρτηται
1222 5014 1471 5100 ἀπλάσις,
1529 5029 1698 5102 θυμὸν
1745 5029 1870 5083 ἀνα-

259 5103 615 5190 λαμϐάνουσιν,
676 5116 766 5172 ὅτε
821 5118 954 5172 ποτὲ
1009 5116 1378 5189 σκώπτονται,
1425 5119 1514 5172 καί
1562 5139 1644 5180 τις
1701 5115 1870 5173 οἵεται

261 5190 336 5282 διὰ
377 5207 550 5272 ταῦτα,
576 5205 664 5260 καὶ
695 5206 786 5260 τὸν
814 5205 1178 5282 ἐλεγχόμενον
1209 5207 1299 5262 καὶ
1355 5206 1498 5262 οὕτω
1528 5206 1867 5282 χολούμενον

261 5279 463 5354 δεόντως
511 5293 840 5370 ἀγανακτεῖν,
1014 5279 1102 5350 οἷα
1148 5279 1654 5372 περιυϐριζόμενον,
1708 5315 1871 5368 γινω-

261 5375 409 5432 σκέτω
438 5380 496 5435 ού
526 5381 710 5446 καλῶς
740 5381 964 5438 οἵεσθαι.
997 5384 1074 5441 Οὐ
1122 5385 1228 5461 γὰρ
1282 5384 1476 5439 ταῦτὸν
1530 5383 1867 5447 σκώπτεσθαι

258 5462 335 5550 fui
373 5465 692 5546 ἐλέγχεσθαι.
722 5471 798 5528 Τὸ
860 5472 954 5546 μὶν
1003 5473 1104 5549 γὰρ
1161 5479 1402 5548 σκῶμμα
1454 5472 1632 5541 παίζει
1683 5492 1868 5550 κυριο-

260 5545 612 5630 λεκτούμενον,
645 5561 674 5615 6
707 5557 764 5615 δὲ
792 5545 1028 5638 ἔλεγχος
1058 5545 1338 5632 ίπουδάζει
1367 5561 1457 5618 καὶ
1482 5559 1717 5637 διορθοῖ.

323 5656 415 5724 λθὀ
444 5662 516 5722 Οὐ
540 5665 717 5723 τοίνυν
750 5663 878 5723 οὐδὲ
931 5668 1094 5741 ἡμεῖς
1154 5666 1553 5732 διδασκαλικῶς
1610 5667 1867 5746 ἐλέγχον-

1985 4683 2202 4746 autem,
2219 4692 2470 4749 quorum
2487 4690 2622 4746 ergo
2644 4673 2892 4745 primus,
2913 4669 3166 4742 peccatis
3183 4665 3477 4736 obcaecati,
3497 4681 3631 4719 cum

1984 4767 2259 4822 audimus
2302 4780 2433 4821 esse
2480 4763 2679 4817 iumen
2727 4767 2785 4816 et
2839 4760 2990 4815 sicut
3041 4757 3125 4813 sol
3175 4755 3419 4827 fulgere,
3451 4769 3631 4825 quare

1982 4872 2090 4910 nos
2137 4852 2362 4909 irrideri
2409 4869 2522 4906 non
2574 4849 2896 4922 putamus?
2942 4848 3053 4903 Sed
3097 4851 3374 4918 perpetuo
3420 4842 3630 4897 lauda-

1979 4943 2199 4998 tionem
2231 4940 2428 4996 audire
2450 4938 2742 4994 volumus.
2766 4937 2820 4992 Si
2850 4953 2981 4993 vero
3003 4936 3242 4992 strahus
3272 4937 3330 4989 et
3358 4932 3628 4998 claudus,

1981 5035 2040 5087 et
2083 5031 2420 5102 quicunque
2470 5027 2571 5083 tali
2602 5026 2864 5099 corporis
2913 5025 3333 5081 deformatione
3379 5021 3626 5090 laborat,

1981 5121 2068 5175 ira
2098 5123 2424 5188 moventur,
2457 5132 2591 5171 cum
2637 5113 3059 5170 cavillationem
3112 5113 3379 5181 audiunt,
3414 5117 3471 5166 et
3499 5109 3629 5163 ideo

1981 5210 2117 5281 quis
2167 5211 2334 5280 putat
2380 5222 2514 5262 eum
2565 5203 2665 5276 qui
2714 5203 3178 5274 reprehenditur,
3229 5218 3364 5256 cum
3395 5200 3481 5254 sic
3511 5197 3625 5252 ira-

1980 5298 2186 5366 scitur,
2213 5295 2415 5352 merito
2433 5292 2728 5364 indignari
2746 5298 3027 5364 tanquam
3058 5289 3333 5363 injuriam
3359 5302 3628 5360 passum,

1980 5385 2234 5443 multum
2266 5388 2440 5441 errat.
2490 5387 2614 5437 Non
2663 5380 2818 5436 enim
2849 5381 3005 5436 idem
3053 5378 3482 5436 cavillationem
3513 5377 3623 5432 sub

1978 5477 2064 5533 ire
2094 5481 2151 5531 et
2190 5471 2533 5546 reprehendi
2569 5488 2581 5526 :
2616 5468 2905 5525 cavillatio
2957 5469 3112 5526 enim
3146 5467 3378 5540 proprie
3409 5482 3510 5537 per
3538 5466 3625 5521 lu-

1979 5566 2121 5622 dum
2152 5564 2291 5638 agit,
2341 5558 2717 5633 reprehensio
2747 5575 2880 5614 vero
2923 5559 3072 5614 serio
3102 5557 3225 5630 agit
3270 5561 3327 5612 et
3357 5555 3616 5627 corrigit.

2047 5673 2136 5729 39.
2163 5671 2279 5728 Nec
2308 5670 2490 5742 igitur
2518 5683 2646 5737 nos,
2677 5681 2814 5722 cum
2843 5666 3103 5723 docendo
3133 5661 3618 5738 reprehendimus
