4114 6200
419 358 536 417 667

1199 357 1614 421 EUSTATHII
1660 359 2431 421 THESSALONICENSIS
2479 361 2532 421 Μ
2545 362 3059 424 ETROPOLITAS

3721 359 3845 419 668

419 505 537 544 non
569 489 871 561 probrose,
905 506 1093 562 neque
1123 491 1425 562 injuriose,
1470 491 1569 546 sed
1605 491 1675 546 ad
1707 489 1910 564 lapsus
1944 508 2067 548 cor-

2201 511 2290 557 τες,
2323 491 2409 546 καὶ
2463 493 2604 564 μήτε
2652 491 3042 562 ὀνειδιστικῶς,
3098 489 3238 565 μηδὲ
3284 492 3422 567 πρὸς
3479 484 3664 564 ὕϐριν,
3695 487 3845 545 ἀλλά

419 579 735 635 rectionem
781 579 1313 651 revelationemque
1359 597 1552 647 casus,
1584 581 1672 636 vel
1704 581 2070 637 cavillatione

419 667 688 738 capimur
731 669 817 724 vel
862 670 1304 740 exprobramus.
1360 674 1430 722 At
1461 687 1591 725 vero
1644 671 1796 725 sicut
1835 671 1932 742 qui
1967 671 2064 726 de-

420 759 546 811 vios
576 775 609 812 a
641 763 795 812 recta
823 758 914 811 via
937 759 1222 812 reducunt
1250 758 1320 813 ad
1353 758 1538 829 illam,
1565 765 1622 815 et
1653 759 2069 832 impugnantes

423 847 800 912 errationem,
858 852 914 901 et
963 849 1115 901 viam
1166 847 1620 903 directissimam
1672 849 1828 904 illico
1879 854 2070 904 osten-

423 936 648 1000 dentes,
681 951 794 989 non
842 934 1218 1002 invehuntur,
1256 954 1356 991 nec
1404 938 1684 1007 injuriose
1730 943 1930 1009 agunt,
1965 953 2070 992 nec

423 1024 854 1087 convitiantur;
907 1024 989 1078 sic
1037 1041 1226 1096 neque
1274 1025 1373 1096 qui
1405 1026 1843 1098 reprehendunt
1869 1026 1927 1081 in
1973 1043 2070 1081 ex-

419 1111 726 1178 hortando,
781 1111 1093 1168 molestum
1143 1114 1285 1185 quid
1337 1115 1580 1180 faciunt,
1622 1115 1723 1170 sed
1776 1132 1925 1188 opus
1959 1117 2070 1172 Deo

419 1205 654 1270 gratum
687 1201 1016 1271 perficiunt,
1050 1204 1190 1257 dum
1242 1205 1301 1257 in
1335 1204 1505 1259 rectis
1537 1204 1764 1277 legibus
1794 1210 1851 1260 et
1881 1205 1938 1260 in
1971 1223 2071 1260 ca-

422 1304 644 1343 nonum
677 1289 1026 1345 rectitudine
1049 1291 1287 1347 firmant
1310 1309 1408 1348 eos
1429 1293 1528 1365 qui
1560 1294 1632 1349 ab
1664 1292 1782 1349 illis
1812 1293 2070 1349 declina-

421 1385 650 1432 verunt.

2177 579 2312 652 πρὸς
2346 577 2636 656 διόρθωσιν
2670 579 2986 659 σφᾶλματος
3040 582 3130 636 καὶ
3178 580 3451 655 ἀνέγερσιν
3509 579 3837 651 πτώματος,

2177 668 2211 736 ἢ
2243 668 2578 742 ἀλισκόμεθα
2628 672 2984 744 σκώμματος,
3033 671 3068 739 ἢ
3118 666 3476 743 ὀνειδίζομεν.
3513 667 3670 724 Ἀλλ’
3735 668 3841 724 ὥσ.

2177 777 2276 832 περ
2327 759 2378 812 οἱ
2424 758 2550 820 τοὺς
2602 760 2959 834 ἐκτραπέντας
2987 762 3087 828 τῆς
3128 759 3295 835 ὀρθῆς
3355 755 3485 812 ὁδοῦ
3537 755 3838 831 ἐπανάγον-

2175 865 2264 907 τες
2295 846 2371 908 εἰς
2421 847 2610 917 αὐτὴν,
2637 849 2726 903 καὶ
2777 846 3119 910 διδάσκοντες
3159 849 3259 917 τὴν
3304 844 3712 915 ἀποπλάνησιν,
3744 846 3836 900 καὶ

2175 936 2277 1002 τὴν
2346 938 2768 1009 σκοπιμωτάτην
2842 937 3165 999 ἐνστατικῶς
3245 933 3677 1001 ὑποδεικνύντες,
3738 933 3841 989 οὐκ

2180 1023 2519 1094 ἐπιτίθενται,
2581 1023 2694 1081 οὐδ’
2779 1025 3130 1100 ἀτιμάζουσιν
3165 1068 3180 1094 ,
3238 1023 3361 1081 οὐδὲ
3453 1021 3836 1092 ὀνειδίζουσιν*

2181 1112 2352 1175 οὕτως
2408 1111 2533 1169 οὐδὲ
2581 1115 2632 1169 οἱ
2685 1114 3061 1190 ἐξελέγχοντες
3093 1115 3233 1191 πρὸς
3290 1113 3626 1188 παραίνεσιν,
3665 1111 3844 1182 λυπη-

2181 1201 2272 1276 ρόν
2301 1208 2649 1272 τιποιοῦσιν,
2682 1202 2827 1259 ἀλλά
2872 1208 2989 1276 Θεῷ
3034 1204 3260 1279 ἀρέσκον
3320 1198 3478 1278 ἔργον
3532 1198 3842 1258 ἀποτελοῦ-
3901 1251 3911 1262 ,

2178 1312 2252 1361 σι,
2283 1292 2473 1364 νόμοις
2507 1292 2691 1367 ὀρθοῖς
2736 1293 2828 1346 καὶ
2871 1294 3113 1348 κανόνων
3161 1290 3446 1362 εὐθύτησιν
3515 1284 3846 1364 ἐμϐιϐάζον-

2177 1401 2264 1442 τες
2295 1380 2423 1444 τοὺς
2447 1379 2498 1451 ἐξ
2529 1380 2704 1436 αὐτῶν
2734 1384 3260 1457 παροιστρήσαντας.

497 1467 586 1520 40.
622 1467 705 1521 Ad
758 1468 898 1539 quid
950 1469 1092 1524 mihi
1146 1470 1304 1525 ista?
1350 1472 1568 1528 Idcirco
1600 1475 1667 1527 ut
1715 1489 1830 1527 non
1871 1487 2072 1527 omnes

2255 1471 2326 1541 μ’.
2356 1469 2496 1542 Πρὸς
2551 1469 2603 1525 τί
2654 1492 2746 1543 μοι
2797 1470 3148 1544 ἀποτέλεσμα
3196 1468 3525 1539 ταῦταςΕῒς
3579 1469 3643 1523 τὸ
3703 1469 3846 1522 πάν-

423 1571 692 1610 moneam
724 1556 973 1613 invicem
1007 1561 1450 1631 reprehendere,
1481 1566 1537 1616 et
1567 1563 1639 1617 ab
1672 1562 1920 1616 invicem
1952 1560 2069 1630 spi-

2201 1578 2272 1619 τας
2303 1560 2450 1630 ἡμᾶς
2482 1562 2684 1633 χρῆναι
2732 1557 3017 1630 ἀλλήλους
3068 1558 3342 1634 ἐλέγχειν,
3374 1557 3465 1612 καὶ
3516 1557 3606 1612 ὑπ’
3662 1553 3849 1625 ἀλλή-

421 1643 712 1700 ritualiter
740 1651 798 1702 et
837 1646 1088 1704 fraterne
1134 1650 1502 1721 reprehendi,
1534 1659 1585 1706 et
1635 1652 1714 1706 ita
1746 1668 1860 1706 non
1890 1665 2071 1704 caecos

2201 1667 2290 1700 ιων
2351 1645 2670 1722 ἐλέγχεσθαι
2731 1652 3114 1721 πνευματικῶς
3193 1647 3283 1702 καὶ
3354 1644 3697 1721 ἀδελφικῶς,
3752 1645 3845 1699 καὶ

425 1732 730 1789 ambulare
778 1734 837 1788 in
889 1735 1024 1805 vita,
1072 1740 1172 1792 sed
1232 1738 1544 1810 diligenter
1588 1739 1732 1794 illud
1782 1739 1935 1811 quod
1979 1753 2069 1793 se-

2201 1733 2321 1789 ιῧτω
2356 1737 2430 1808 μὴ
2459 1734 2696 1814 τυφλοὺς
2737 1742 3050 1812 περιπατεῖν
3101 1735 3154 1792 ἐν
3191 1736 3316 1812 βίῳ,
3346 1733 3473 1791 ἀλλ’
3519 1728 3847 1809 ἐξακριϐοῦ-

427 1822 686 1876 cundum
721 1823 902 1878 Deum
952 1831 1060 1893 est,
1094 1826 1205 1881 iter
1233 1827 1497 1898 implere,
1530 1828 1730 1900 sicque
1779 1828 2072 1900 sapientes

2201 1825 2302 1878 πθαι
2359 1825 2425 1878 τὰ
2479 1827 2615 1880 κατά
2671 1827 2798 1881 Θεὸν
2872 1821 3205 1900 διαδήματα,
3262 1825 3350 1880 καὶ
3427 1822 3573 1879 οὕτω
3631 1821 3844 1901 σοφοὺς

2201 1913 2207 1924 .
2327 1908 2356 1924 ο
2403 1913 2413 1924 ,
2688 1915 2699 1924 .
2812 1915 2823 1924 .
2944 1915 3013 1924 __.
3335 1919 3360 1924 _
3520 1911 3539 1924 ς
3607 1911 3619 1924 ,
3822 1914 3843 1924 -

426 1911 668 1966 evadere
713 1913 883 1982 juxta
932 1914 1087 1970 istud
1142 1932 1154 1970 :
1216 1938 1244 1966 ιι
1276 1917 1560 1973 Dominus
1616 1917 1914 1973 illuminat
1967 1932 2074 1970 caa-

2201 1908 2523 1968 ίπεκϐαίνειν
2577 1915 2712 1970 κατὰ
2763 1915 2846 1970 τόο
2888 1938 2914 1970 ι
2944 1915 3140 1990 Κύριος
3197 1919 3360 1989 σοφοῖ
3413 1911 3680 1991 τυφλούς·
3721 1935 3752 1964 ιι
3792 1914 3844 1968 οἳ

435 2013 535 2053 cos
557 2000 639 2067 ¹⁷;
671 2023 699 2050 »
748 2002 847 2072 qui
898 2020 1038 2058 sane
1092 2005 1248 2060 velut
1278 2007 1334 2061 in
1384 2008 1659 2073 tenebris,
1694 2008 1751 2062 in
1803 2007 1914 2061 hac
1962 2005 2078 2059 vita

2201 2000 2399 2073 Ξηλαδή
2433 2003 2505 2065 ὡς
2536 2003 2588 2058 ἐν
2619 2005 2820 2077 σκότῳ,
2847 2008 2930 2077 τῷ
2980 2004 3084 2081 βίῳ
3122 2002 3322 2076 τούτῳ,
3355 2001 3844 2079 ἀναστρεφόμενοι,

434 2095 864 2157 conversantes,
916 2108 949 2145 a
999 2092 1114 2148 Deo
1170 2100 1322 2149 recte
1369 2095 1726 2166 diriguntur,
1768 2102 1825 2151 et
1871 2095 2080 2150 itinera

2201 2091 2321 2168 Βρθᾶ
2351 2090 2773 2167 ποδηγετοῦνται
2813 2093 3015 2162 θεόθεν,
3043 2093 3133 2148 καὶ
3183 2092 3286 2148 ὑπὸ
3335 2092 3528 2170 φώτων
3580 2089 3845 2165 λαμπροο

435 2178 746 2247 perﬁciunt
771 2181 843 2234 ad
875 2180 1243 2250 splendidam
1269 2183 1562 2239 luminum
1586 2185 1792 2251 facem,
1826 2200 2078 2256 quorum

2201 2183 2362 2236 εάτων
2413 2181 2687 2254 ἐξανύουσι
2735 2182 2832 2244 τὰς
2879 2182 3122 2258 πορείας,
3176 2182 3250 2236 ὧν
3307 2177 3636 2256 θρυαλλίδες
3693 2179 3849 2252 εὖγε-

432 2265 775 2323 excellentia
803 2274 942 2324 sunt
979 2270 1268 2343 ellychnia
1296 2273 1647 2345 spiritalium
1683 2273 2082 2346 reprehensio-

432 2370 576 2411 num
609 2356 952 2429 disciplinae.

506 2445 594 2500 41.
641 2449 887 2518 Insuper
929 2451 986 2502 et
1016 2448 1084 2504 ad
1117 2449 1343 2506 virilem
1397 2450 1763 2507 nobilitatem
1811 2451 2082 2507 exhortor

435 2533 534 2604 qui
567 2551 796 2590 mecum
847 2541 988 2592 sunt
1027 2538 1199 2608 cives,
1232 2545 1288 2595 et
1330 2540 1544 2596 induco
1595 2541 2080 2605 recordationem,

434 2627 500 2676 ut
530 2623 902 2679 dimittantur
930 2625 1040 2680 illae
1072 2628 1354 2698 imperitas
1389 2645 1454 2684 ac
1503 2630 1852 2700 importuna)
1887 2629 2078 2695 minae,

436 2711 531 2766 hic
581 2713 840 2768 dentium
896 2715 1339 2787 intempestivus
1391 2719 1621 2784 stridor,
1657 2717 1714 2772 hi
1768 2719 1823 2772 in
1867 2733 2081 2773 vanum

435 2800 648 2871 lingua:
696 2802 954 2869 ardores,
987 2804 1046 2858 in
1097 2812 1286 2860 mente
1336 2806 1636 2877 proverbio
1686 2805 1882 2862 habito
1927 2805 2081 2877 quod

435 2911 463 2938 ‹‹
498 2889 754 2944 virorum
785 2896 874 2946 est
901 2909 1092 2964 agere,
1128 2893 1442 2950 mulierum
1474 2900 1670 2951 autem
1701 2893 1882 2966 loqui.
1922 2916 1942 2943 ι

507 3069 597 3122 42.
629 3069 747 3140 Ego
783 3068 962 3143 igitur
989 3071 1243 3140 extabui,
1275 3073 1359 3128 sic
1392 3074 1726 3146 frequenter
1772 3073 2082 3130 exterritus

439 3157 640 3227 minis,
670 3158 863 3230 iisque
893 3159 950 3214 in
985 3177 1076 3215 me
1111 3161 1403 3230 maximis,
1431 3163 1656 3219 fratres.
1689 3163 1732 3219 Ο
1758 3181 1880 3226 vos,
1904 3179 2079 3229 unus,

2188 2276 2296 2336 νεῖς
2327 2271 2416 2325 καὶ
2465 2272 2519 2325 αἱ
2570 2271 2707 2326 κατὰ
2759 2269 2886 2333 τοὺς
2931 2269 3328 2345 πνευματικοὺς
3361 2268 3632 2345 ἐλέγχους
3696 2265 3853 2323 διδα-

2190 2359 2434 2417 σκαλίαι.

2265 2451 2370 2523 μα’.
2406 2448 2529 2507 Ἐπὶ
2595 2447 2663 2517 δὴ
2733 2449 2948 2511 τούτοις
3005 2446 3392 2524 προκαλοῦμαι
3451 2447 3528 2510 εἷς
3587 2444 3855 2523 ἀνδρικήν

2191 2537 2454 2614 εὐγένειαν
2508 2538 2636 2600 τοὺς
2683 2539 2776 2594 σὺν
2821 2539 2944 2611 ἐμοὶ
3006 2534 3262 2606 πολίτας,
3311 2536 3403 2592 καὶ
3459 2536 3666 2611 εἰσάγω
3731 2537 3867 2608 μνήο

2195 2648 2301 2699 μην
2364 2626 2608 2702 ἀφίεσθαι
2661 2631 2770 2681 τῶν
2829 2627 2919 2680 καὶ
2976 2625 3210 2698 ἀπείρων
3263 2625 3352 2680 καὶ
3396 2624 3640 2699 ἀκαίρων
3704 2625 3858 2680 ἀπει-

2193 2713 2329 2787 λῶν,
2361 2716 2455 2770 τοῦ
2485 2715 2630 2790 παρά
2681 2715 2824 2790 ὥραν
2879 2715 3131 2790 βρυγμοῦ
3177 2718 3286 2768 τῶν
3335 2711 3598 2784 ὀδόντων,
3623 2718 3740 2768 τῶν
3800 2711 3856 2768 ἐν

2191 2811 2368 2866 κενοῖς
2411 2802 2830 2880 γλωσσαλγιῶν,
2882 2801 3319 2876 ἐνθυμουμένους
3388 2803 3452 2857 τὸ
3506 2799 3855 2876 περιᾳδόμε-

2190 2915 2303 2961 νον,
2335 2894 2410 2956 ὡς
2441 2918 2469 2946 ‹‹
2502 2890 2710 2968 ἀνδρῶν
2748 2893 2842 2966 μὶν
2872 2891 2936 2947 τὸ
2982 2897 3184 2960 ποιεῖν,
3213 2895 3480 2968 γυναικῶν
3532 2888 3594 2948 δὲ
3639 2892 3706 2946 τὸ
3756 2890 3853 2946 λαο

2194 2981 2306 3038 λεῖν
2317 3025 2329 3038 .
2363 3007 2392 3035 ››

2268 3066 2375 3146 με’.
2409 3071 2548 3148 Ἐγὼ
2606 3070 2697 3125 οὗν
2763 3068 3041 3141 ἐκτέτηκα,
3099 3068 3241 3125 οὕτω
3303 3068 3478 3144 συχνᾶ
3550 3063 3856 3144 καταϐρονο

2192 3162 2438 3234 τὼμενος
2489 3157 2763 3231 ἀπειλαῖς,
2811 3157 2901 3213 καὶ
2969 3162 3139 3213 ταῦτα
3190 3162 3310 3220 ταῖς
3360 3157 3488 3231 ἐμοὶ
3542 3157 3855 3230 μεγίσταις,

439 3245 576 3312 duo,
610 3252 748 3315 tres,
783 3247 1000 3319 plures,
1033 3251 1133 3321 qui
1168 3250 1347 3307 nimis
1377 3253 1447 3306 ad
1482 3251 1628 3308 iram
1662 3252 1973 3318 ferventes,
2007 3253 2078 3308 ad

2201 3225 2444 3322 ἀδελφοί.
2475 3250 2536 3304 ’0
2565 3251 2661 3316 εἷς,
2696 3225 2759 3302 οἳ,
2789 3245 2908 3314 δύο,
2939 3249 2990 3302 οἱ
3034 3252 3204 3322 τρεῖς,
3237 3247 3288 3302 οἱ
3343 3225 3554 3302 τούτων
3599 3225 3854 3315 πλείους,

439 3334 777 3390 charitatem
813 3337 1033 3408 frigetis
1074 3344 1130 3394 et
1161 3340 1229 3394 ad
1284 3339 1655 3396 dilectionem
1690 3343 1834 3398 forte
1868 3344 2085 3398 mortui

439 3423 599 3490 estis,
631 3424 806 3480 sinite
839 3442 931 3481 me
981 3427 1137 3482 brevi
1171 3428 1359 3483 vivere
1412 3434 1696 3501 tempore,
1745 3448 1859 3502 quo
1891 3433 2086 3488 victu-

439 3530 542 3568 rus
589 3530 742 3580 sum,
775 3513 860 3569 vel
905 3515 1080 3571 citius
1130 3516 1314 3573 tollite
1369 3534 1462 3574 me
1492 3521 1563 3574 de
1609 3521 1750 3575 vita.
1803 3521 2087 3576 Dimittite

442 3603 712 3658 calcaneo
746 3603 889 3659 mihi
939 3604 1224 3677 insidiari,
1259 3607 1531 3672 scientes,
1570 3611 1926 3681 praecipuum
1959 3626 2088 3666 esse

442 3693 514 3747 ad
571 3693 877 3750 interitum
934 3694 1214 3751 inhaerere
1267 3697 1450 3766 cordi,
1494 3698 1830 3771 visceraque
1879 3699 2089 3755 dilace-

441 3798 569 3838 rare
611 3787 668 3837 et
715 3781 972 3840 lambere
1021 3801 1308 3840 cruorem.
1359 3787 1639 3859 Cogitate,
1683 3789 1839 3860 quod
1893 3804 1992 3844 sex
2034 3791 2092 3843 et

445 3872 645 3927 decem
692 3872 980 3943 annijam
1031 3879 1194 3942 sunt,
1226 3876 1444 3945 quibus
1495 3877 1768 3932 adversos
1817 3894 1924 3933 nos
1954 3878 2091 3932 den-

449 3964 538 4014 tes
569 3960 798 4015 acuitis.
831 3960 1146 4032 Usquequo
1176 3964 1260 4018 sic
1301 3963 1633 4020 laborantes
1681 3965 2093 4022 sustinebitis?

449 4049 614 4116 Ecce,
639 4050 1036 4119 postjudicem
1059 4051 1403 4120 maximum,
1421 4055 1711 4110 caelestem
1736 4056 1886 4122 dico,
1908 4055 2092 4110 maxi-

448 4152 584 4192 mus
614 4136 674 4191 in
704 4136 796 4193 his
840 4137 940 4209 qui
970 4144 1112 4194 sunt
1159 4156 1336 4212 super
1365 4146 1578 4197 terram
1614 4160 1626 4197 :
1662 4143 1720 4198 in
1752 4161 1986 4200 causam
2021 4145 2094 4200 ad

448 4224 618 4280 illum
668 4225 1048 4283 adducendus
1105 4235 1193 4284 est
1248 4230 1438 4286 malus
1496 4232 1934 4289 archisacerdos
1978 4232 2093 4301 ille,

451 4314 553 4386 qui
603 4331 705 4371 vos
749 4316 1021 4386 excoriat,
1073 4318 1171 4388 qui
1221 4317 1395 4389 ledit,
1447 4321 1546 4392 qui
1598 4321 1934 4393 injuriatur,
1995 4321 2096 4392 qui

453 4406 624 4475 raptt,
671 4404 771 4476 qui
821 4407 1216 4478 quodcunque
1263 4408 1484 4463 malum
1534 4410 1690 4464 facit.
1745 4414 1812 4464 Et
1852 4409 1948 4466 ille
1977 4427 2100 4465 ma-

451 4509 634 4564 gnum
683 4493 946 4550 scandali
998 4495 1253 4568 lapidem
1305 4498 1548 4563 auferet,
1595 4502 1652 4553 et
1679 4515 1782 4552 vos
1832 4498 1914 4554 ita
1944 4503 2097 4555 recte

2196 3341 2247 3394 οἱ
2278 3338 2424 3413 παρὰ
2449 3338 2512 3392 τὸ
2543 3335 2662 3392 δέον
2696 3335 2888 3411 θερμοὶ
2920 3336 2971 3400 ἐς
3011 3337 3201 3411 ὀργὴν,
3235 3337 3288 3391 οἱ
3333 3337 3400 3390 τά
3455 3336 3553 3408 μὶν
3617 3335 3674 3398 ἐς
3738 3333 3861 3410 ἀγά-

2194 3450 2302 3498 πην
2357 3427 2585 3502 ψυχροὶ,
2636 3427 2702 3481 τὰ
2759 3423 2816 3480 δὲ
2872 3425 2925 3488 ἐς
2979 3423 3162 3503 φιλίαν
3229 3427 3441 3498 μήποτε
3493 3423 3585 3479 καὶ
3647 3423 3857 3499 νεκροί·

2197 3517 2356 3593 ἄφετέ
2418 3537 2484 3590 με
2543 3519 2639 3590 ζῇν
2695 3515 2784 3570 τὸν
2849 3514 3055 3590 βραχὺν
3123 3514 3346 3590 χρόνον,
3377 3515 3436 3568 ὃν
3474 3515 3784 3590 βιώσομαι,
3825 3512 3859 3582 ἢ

2198 3605 2342 3662 ἀλλὰ
2371 3606 2563 3680 τάχιον
2596 3605 2901 3679 ἀπαγάγετέ
2953 3624 3018 3676 με
3070 3608 3166 3658 τοῦ
3228 3602 3369 3680 βίου.
3403 3608 3612 3678 ’Ἄφετε
3670 3609 3860 3678 τηρεῖν

2203 3716 2296 3769 μοι
2345 3697 2442 3764 τὴν
2493 3694 2746 3770 πτέρναν,
2782 3689 2986 3756 εἰδότες
3037 3692 3246 3768 καίριον
3293 3691 3425 3748 εἶναι
3484 3691 3564 3753 εἷς
3625 3689 3860 3766 ὄλεθρον

2199 3783 2429 3862 ἐμφῦναι
2503 3786 2572 3856 τῇ
2646 3779 2845 3858 καρδιᾳ
2918 3781 3007 3837 καὶ
3086 3780 3350 3857 σπαράξαι
3410 3779 3730 3856 σπλάγχνα,
3776 3779 3862 3835 καὶ

2200 3871 2422 3928 λάπτειν
2455 3870 2704 3945 α’ίματος.
2737 3865 2945 3926 Λάϐετε
2972 3871 3109 3926 κατά
3153 3875 3301 3942 νοῦν,
3337 3870 3424 3925 δτι
3474 3868 3530 3940 ’ἐξ
3588 3866 3704 3940 ἤδη
3758 3890 3862 3925 που

2199 3962 2289 4017 καὶ
2322 3959 2449 4016 δέκα
2478 3959 2735 4027 ἐνιαυτοὶ,
2766 3958 2818 4014 ἐν
2853 3961 2936 4022 οἷς
2988 3961 3105 4014 καθ’
3135 3961 3170 4028 ἡ
3180 3963 3296 4031 μῶν
3344 3958 3645 4021 ἀκονῶντες
3703 3956 3866 4014 ὁδόνο

2200 4071 2295 4113 τας
2333 4050 2563 4123 ὁξόνετε.
2597 4047 2785 4125 Μέχρι
2834 4047 2980 4112 τίνος
3035 4047 3279 4118 ἀνέξεσθε
3326 4046 3472 4104 οὕτω
3517 4048 3864 4121 κάμνοντεςς

2206 4137 2345 4196 Ἰδοὺ
2394 4141 2422 4194 ὁ
2474 4138 2608 4212 μετά
2650 4138 2742 4193 τὸν
2797 4137 3047 4211 μέγιστον
3100 4134 3379 4206 δικαστὴν,
3425 4137 3518 4191 τὸν
3580 4135 3864 4213 οὐράνιον,

2210 4228 2460 4304 μέγιστος
2525 4226 2576 4282 ἐν
2632 4231 2750 4288 τοῖς
2800 4224 2889 4281 ἐπὶ
2945 4231 3049 4301 γῆς
3101 4223 3292 4280 ἀκτέον
3346 4225 3472 4296 παρ’
3524 4223 3721 4297 ἐκείνῳ
3775 4225 3864 4279 τὸν

2205 4318 2365 4373 κακὸν
2390 4315 2669 4392 ἀρχιερέα,
2703 4315 2793 4370 τὸν
2849 4311 3158 4370 σκύλλοντα
3193 4315 3354 4387 ὑμᾶς,
3384 4313 3479 4370 τὸν
3525 4312 3867 4388 βλάπτοντα,

2203 4409 2296 4462 τὸν
2377 4402 2687 4477 ἀδικοῦντα,
2760 4404 2852 4459 τὸν
2929 4402 3261 4477 ἁρπάζοντα,
3312 4403 3403 4458 τὸν
3485 4404 3624 4459 ἅπαν
3705 4403 3869 4459 κακὸν

2204 4499 2488 4553 ποιοῦντα.
2545 4493 2644 4548 Καὶ
2703 4491 2905 4554 ἐκεῖνος
2966 4491 3303 4568 ἐξαιρήσεται
3361 4493 3424 4546 τὸ
3493 4489 3630 4566 μέγα
3693 4492 3870 4568 πρόσ-

452 4582 822 4654 gradiemini.
857 4585 990 4640 Esto
1021 4585 1285 4656 quaedam
1317 4591 1375 4641 et
1418 4603 1486 4641 ex
1513 4585 1674 4642 vobis
1699 4586 1907 4657 gratia,
1939 4587 2087 4659 quod

2203 4606 2414 4658 κομμα,
2456 4583 2546 4638 καὶ
2607 4583 2762 4656 ὑμεῖς
2829 4583 2962 4658 ὀρθά
3017 4581 3160 4637 οὕτω
3223 4577 3484 4656 βαδίσετε.
3543 4582 3729 4638 Ἔστω
3789 4599 3869 4640 τις

452 4687 521 4726 ex
574 4672 968 4728 Romanorum
1025 4679 1182 4730 terra
1231 4691 1333 4748 per
1377 4692 1480 4732 vos
1523 4675 1788 4732 deleatur
1833 4677 2100 4733 omnium

453 4765 657 4816 auctor
688 4761 977 4817 malorum
1029 4763 1390 4819 Eustathius.
1442 4764 1787 4821 Denuntiate
1833 4781 1947 4836 me,
1980 4766 2101 4820 dis-

455 4849 799 4906 simulatum
847 4851 1108 4921 malum;
1165 4852 1413 4910 revelate
1469 4871 1584 4921 me,
1618 4854 1934 4926 perniciem
1986 4872 2102 4911 non

459 4940 734 4994 omnibus
801 4941 1194 4997 manifestam.
1256 4943 1572 4999 Invenietis
1637 4945 1890 5016 gratiam
1947 4944 2103 5016 apud

457 5027 640 5084 Deum
673 5032 729 5084 et
771 5029 1058 5097 homines,
1091 5049 1158 5088 ex
1187 5031 1296 5087 hoc
1327 5048 1492 5088 sacro
1537 5032 1682 5105 loco,
1728 5033 1896 5089 illum
1929 5050 2104 5106 quem

457 5132 559 5172 vos
587 5115 862 5174 indicatis
893 5118 1293 5184 maledictum,
1326 5121 1675 5177 auferentes.
1701 5127 1822 5177 Non
1855 5140 1956 5178 vos
1986 5140 2108 5178 om-

458 5222 584 5277 nes,
635 5206 865 5276 fratres,
921 5209 1144 5280 pudorc
1189 5210 1451 5266 afﬁciens
1495 5210 1618 5268 ha=c
1667 5211 1816 5268 dico.
1853 5212 2107 5268 Perfecta

458 5295 677 5368 quippe
709 5297 866 5362 novi,
889 5298 1045 5353 sicut
1075 5299 1472 5356 numerabiles
1500 5299 1792 5368 inimicos,
1816 5301 1899 5356 sic
1928 5301 2106 5356 etiam

457 5389 694 5441 caeteros
738 5385 838 5457 qui
875 5388 1078 5456 Deum,
1112 5386 1208 5457 qui
1258 5387 1595 5458 Ecclesiam,
1640 5388 1742 5460 qui
1776 5390 2108 5445 sacerdotes

458 5479 676 5544 amant,
723 5492 840 5532 uno
886 5476 1086 5548 verbo,
1139 5476 1240 5548 qui
1287 5477 1348 5532 in
1396 5477 1513 5535 Deo
1559 5479 1767 5536 fratres
1812 5477 2106 5551 diligunt;

534 5689 575 5722 "
606 5689 758 5748 Psal.
791 5705 952 5761 αχεν,
983 5695 1038 5749 8.

2210 4676 2374 4750 χάρις
2402 4673 2492 4728 καὶ
2523 4671 2574 4744 ἐξ
2612 4673 2764 4745 ὑμῶν
2797 4669 2880 4726 ὅτι
2936 4676 3038 4740 τῆς
3078 4667 3382 4743 ⁰Ρωμαῖδος
3423 4667 3492 4724 δι’
3528 4671 3688 4743 ὑμῶν
3742 4671 3870 4726 ἀπα-

2212 4763 2501 4841 λιφήσεται
2555 4762 2585 4816 ὁ
2631 4765 2846 4817 πάντων
2900 4764 3078 4814 κακῶν
3135 4756 3311 4822 αἶ’τιος
3368 4759 3691 4823 Εὐστάθιος.
3746 4761 3865 4815 Ἐκ-

2213 4852 2413 4931 φήνατέ
2447 4872 2533 4924 με,
2563 4850 2626 4904 τὸ
2671 4848 2910 4905 ίὶπουλον
2969 4844 3152 4904 κακόν⁹
3204 4845 3582 4922 ἀνακαλύψατέ
3641 4870 3736 4922 με,
3777 4849 3865 4903 τὸν

2215 4941 2276 4996 οὐ
2306 4937 2609 5010 πασίδηλον
2643 4934 2891 5013 ὄλεθρον.
2922 4938 3196 5014 Εὑρήσετε
3251 4937 3413 5014 χάριν
3469 4939 3618 5014 παρά
3646 4958 3710 4995 τε
3753 4938 3868 5008 Θεῷ

2213 5029 2304 5084 καὶ
2353 5029 2683 5105 ἀνθρώποις,
2735 5025 3100 5103 ἀπαγαγόντες
3173 5023 3392 5081 τοιοῦδε
3457 5025 3632 5082 τόπου
3711 5025 3870 5100 ἁγίου

2215 5119 2306 5173 τὸν
2364 5119 2440 5180 ὡς
2497 5118 2652 5190 ὑμεῖς
2709 5115 2915 5192 κρίνετε
2971 5115 3162 5191 ἐναγῆ.
3223 5114 3340 5173 Οὐκ
3392 5113 3664 5189 ἐντρέπων
3730 5116 3870 5189 ὑμᾶς

2218 5209 2472 5277 ἅπαντας,
2524 5205 2570 5260 ὦ
2615 5203 2868 5284 ἀδελφοὶ,
2911 5208 3081 5261 ταῦτα
3131 5203 3299 5280 λέγω.
3350 5199 3712 5280 Ἠκριϐωκὼς
3771 5204 3871 5278 γὰρ

2217 5294 2358 5372 ἔχω,
2406 5295 2542 5351 καθὰ
2604 5293 2732 5358 τοὺς
2802 5291 3102 5370 μετρητοὺς
3161 5291 3518 5372 φιλέχθρως,
3581 5293 3728 5348 οὕτω
3785 5291 3871 5346 καὶ

2215 5386 2344 5450 τοὺς
2401 5383 2630 5448 λοιποὺς
2687 5384 2997 5460 φιλοθέους,
3045 5382 3174 5446 τοὺς
3244 5380 3696 5461 φιλεκκλησίους,
3745 5381 3871 5443 τοὺς

2217 5473 2596 5554 φιλαργιερεῖς
2633 5475 2695 5532 τὸ
2743 5478 2847 5530 πᾶν
2906 5472 3101 5546 εἷπεῖν,
3131 5471 3258 5536 τοὺς
3305 5470 3356 5530 ἐν
3423 5476 3539 5546 Θεῷ
3596 5468 3872 5550 φιλαδέλ-
