  <div class='ocr_page' id='page_1' title='image "/cluster/home/n/w/nwhite01/storage/ocr_20150623/135/hvd.32044073502528/340.png"; bbox 0 0 4114 6200; ppageno 0'>
   <div class='ocr_carea' id='block_1_1' title="bbox 291 391 404 454">
    <p class='ocr_par' dir='ltr' id='par_1_1' title="bbox 291 391 404 454">
     <span class='ocr_line' id='line_1_1' title="bbox 291 391 404 454; baseline 0 -1"><span class='ocrx_word' id='word_1_1' title='bbox 291 391 404 454; x_wconf 88' lang='lat'><strong>669</strong></span> 
     </span>
    </p>
   </div>
   <div class='ocr_carea' id='block_1_2' title="bbox 1291 385 2690 458">
    <p class='ocr_par' dir='ltr' id='par_1_2' title="bbox 1291 385 2690 458">
     <span class='ocr_line' id='line_1_2' title="bbox 1291 385 2690 458; baseline 0.004 -11"><span class='ocrx_word' id='word_1_2' title='bbox 1291 386 1371 447; x_wconf 88' lang='lat' dir='ltr'><strong>IN</strong></span> <span class='ocrx_word' id='word_1_3' title='bbox 1417 385 1481 446; x_wconf 91' lang='lat' dir='ltr'><strong>S.</strong></span> <span class='ocrx_word' id='word_1_4' title='bbox 1520 385 2202 458; x_wconf 78' lang='lat' dir='ltr'><strong>QUADRAGESIMAM</strong></span> <span class='ocrx_word' id='word_1_5' title='bbox 2250 389 2541 453; x_wconf 82' lang='lat' dir='ltr'><strong>ORATIO</strong></span> <span class='ocrx_word' id='word_1_6' title='bbox 2584 393 2690 454; x_wconf 91' lang='lat' dir='ltr'><strong>III.</strong></span> 
     </span>
    </p>
   </div>
   <div class='ocr_carea' id='block_1_3' title="bbox 3579 397 3699 457">
    <p class='ocr_par' dir='ltr' id='par_1_3' title="bbox 3579 397 3699 457">
     <span class='ocr_line' id='line_1_3' title="bbox 3579 397 3699 457; baseline 0.008 -2"><span class='ocrx_word' id='word_1_7' title='bbox 3579 397 3699 457; x_wconf 84' lang='lat'><strong>670</strong></span> 
     </span>
    </p>
   </div>
   <div class='ocr_carea' id='block_1_4' title="bbox 292 512 1943 599">
    <p class='ocr_par' dir='ltr' id='par_1_4' title="bbox 292 512 1934 599">
     <span class='ocr_line' id='line_1_4' title="bbox 292 512 1934 599; baseline -0.004 -24"><span class='ocrx_word' id='word_1_8' title='bbox 292 540 419 599; x_wconf 76' lang='grc' dir='ltr'><strong>φους</strong></span> <span class='ocrx_word' id='word_1_9' title='bbox 450 536 465 554; x_wconf 70' lang='grc' dir='ltr'>ί</span> <span class='ocrx_word' id='word_1_10' title='bbox 517 517 612 580; x_wconf 82' lang='grc' dir='ltr'><strong>οὖς</strong></span> <span class='ocrx_word' id='word_1_11' title='bbox 639 518 726 572; x_wconf 80' lang='grc' dir='ltr'><strong>καὶ</strong></span> <span class='ocrx_word' id='word_1_12' title='bbox 773 513 1008 572; x_wconf 83' lang='grc' dir='ltr'><strong>δυσωπῶ</strong></span> <span class='ocrx_word' id='word_1_13' title='bbox 1060 514 1382 590; x_wconf 67' lang='grc' dir='ltr'><strong>ἐπεύχεσθαι</strong></span> <span class='ocrx_word' id='word_1_14' title='bbox 1439 519 1508 589; x_wconf 76' lang='grc' dir='ltr'><strong>τῇ</strong></span> <span class='ocrx_word' id='word_1_15' title='bbox 1557 512 1716 570; x_wconf 87' lang='grc' dir='ltr'><strong>πόλει</strong></span> <span class='ocrx_word' id='word_1_16' title='bbox 1765 513 1934 590; x_wconf 77' lang='grc' dir='ltr'><strong>ταύτῃ</strong></span> 
     </span>
    </p>
   </div>
   <div class='ocr_carea' id='block_1_5' title="bbox 2057 512 3695 599">
    <p class='ocr_par' dir='ltr' id='par_1_5' title="bbox 2057 522 3695 595">
     <span class='ocr_line' id='line_1_5' title="bbox 2057 522 3695 595; baseline 0.004 -20"><span class='ocrx_word' id='word_1_17' title='bbox 2057 537 2197 591; x_wconf 81' lang='lat' dir='ltr'><strong>quos</strong></span> <span class='ocrx_word' id='word_1_18' title='bbox 2223 522 2564 594; x_wconf 80' lang='lat' dir='ltr'><strong>suppliciter</strong></span> <span class='ocrx_word' id='word_1_19' title='bbox 2584 523 2881 592; x_wconf 78' lang='lat' dir='ltr'><strong>deprecor,</strong></span> <span class='ocrx_word' id='word_1_20' title='bbox 2910 527 2976 578; x_wconf 91' lang='lat' dir='ltr'><strong>ut</strong></span> <span class='ocrx_word' id='word_1_21' title='bbox 3016 527 3290 595; x_wconf 76' lang='lat' dir='ltr'><strong>exoptant</strong></span> <span class='ocrx_word' id='word_1_22' title='bbox 3309 524 3444 580; x_wconf 87' lang='lat' dir='ltr'><strong>huic</strong></span> <span class='ocrx_word' id='word_1_23' title='bbox 3474 524 3695 582; x_wconf 78' lang='lat' dir='ltr'><strong>civitati</strong></span> 
     </span>
    </p>
   </div>
   <div class='ocr_carea' id='block_1_6' title="bbox 289 602 1938 683">
    <p class='ocr_par' dir='ltr' id='par_1_6' title="bbox 289 602 1938 683">
     <span class='ocr_line' id='line_1_6' title="bbox 289 602 1938 683; baseline -0.004 -19"><span class='ocrx_word' id='word_1_24' title='bbox 289 612 353 664; x_wconf 76' lang='grc' dir='ltr'><strong>τὰ</strong></span> <span class='ocrx_word' id='word_1_25' title='bbox 385 606 660 683; x_wconf 82' lang='grc' dir='ltr'><strong>βελτίονα,</strong></span> <span class='ocrx_word' id='word_1_26' title='bbox 685 603 776 660; x_wconf 69' lang='grc' dir='ltr'><strong>’ίνα</strong></span> <span class='ocrx_word' id='word_1_27' title='bbox 810 606 886 678; x_wconf 80' lang='grc' dir='ltr'><strong>μὴ</strong></span> <span class='ocrx_word' id='word_1_28' title='bbox 933 605 1022 659; x_wconf 79' lang='grc' dir='ltr'><strong>καὶ</strong></span> <span class='ocrx_word' id='word_1_29' title='bbox 1073 603 1300 660; x_wconf 83' lang='grc' dir='ltr'><strong>ἐνταυθα</strong></span> <span class='ocrx_word' id='word_1_30' title='bbox 1347 609 1526 660; x_wconf 81' lang='grc' dir='ltr'>κακῶν</span> <span class='ocrx_word' id='word_1_31' title='bbox 1587 602 1795 677; x_wconf 85' lang='grc' dir='ltr'><strong>ἀνδρῶν</strong></span> <span class='ocrx_word' id='word_1_32' title='bbox 1822 603 1938 659; x_wconf 83' lang='grc' dir='ltr'><strong>ὀλι-</strong></span> 
     </span>
    </p>
   </div>
   <div class='ocr_carea' id='block_1_7' title="bbox 288 695 1931 776">
    <p class='ocr_par' dir='ltr' id='par_1_7' title="bbox 288 695 1931 776">
     <span class='ocr_line' id='line_1_7' title="bbox 288 695 1931 776; baseline -0.001 -22"><span class='ocrx_word' id='word_1_33' title='bbox 288 701 477 776; x_wconf 87' lang='grc' dir='ltr'><strong>γίστων</strong></span> <span class='ocrx_word' id='word_1_34' title='bbox 563 699 668 754; x_wconf 73' lang='grc' dir='ltr'><strong>οὐκ</strong></span> <span class='ocrx_word' id='word_1_35' title='bbox 739 697 816 759; x_wconf 68' lang='grc' dir='ltr'><strong>εἷς</strong></span> <span class='ocrx_word' id='word_1_36' title='bbox 893 697 1096 771; x_wconf 89' lang='grc' dir='ltr'><strong>ἀγαθὸν</strong></span> <span class='ocrx_word' id='word_1_37' title='bbox 1171 695 1488 751; x_wconf 81' lang='grc' dir='ltr'><strong>ἀπολαύωσι</strong></span> <span class='ocrx_word' id='word_1_38' title='bbox 1545 697 1615 751; x_wconf 76' lang='grc' dir='ltr'><strong>τὰ</strong></span> <span class='ocrx_word' id='word_1_39' title='bbox 1669 697 1931 767; x_wconf 71' lang='grc' dir='ltr'><strong>ἡμέτερα.</strong></span> 
     </span>
    </p>
   </div>
   <div class='ocr_carea' id='block_1_8' title="bbox 290 783 1932 866">
    <p class='ocr_par' dir='ltr' id='par_1_8' title="bbox 290 783 1932 866">
     <span class='ocr_line' id='line_1_8' title="bbox 290 783 1932 866; baseline -0.004 -17"><span class='ocrx_word' id='word_1_40' title='bbox 290 794 400 860; x_wconf 79' lang='grc' dir='ltr'><strong>Θεὲ,</strong></span> <span class='ocrx_word' id='word_1_41' title='bbox 433 811 666 865; x_wconf 88' lang='grc' dir='ltr'><strong>παναγιε</strong></span> <span class='ocrx_word' id='word_1_42' title='bbox 700 789 943 866; x_wconf 78' lang='grc' dir='ltr'><strong>βασιλεῦ,</strong></span> <span class='ocrx_word' id='word_1_43' title='bbox 984 789 1073 843; x_wconf 82' lang='grc' dir='ltr'><strong>καὶ</strong></span> <span class='ocrx_word' id='word_1_44' title='bbox 1126 787 1351 864; x_wconf 81' lang='grc' dir='ltr'><strong>βασιλεῦ</strong></span> <span class='ocrx_word' id='word_1_45' title='bbox 1407 785 1548 852; x_wconf 81' lang='grc' dir='ltr'><strong>ἔνθεε</strong></span> <span class='ocrx_word' id='word_1_46' title='bbox 1582 807 1594 820; x_wconf 83' lang='grc'><em>’</em></span> <span class='ocrx_word' id='word_1_47' title='bbox 1631 783 1932 861; x_wconf 67' lang='grc' dir='ltr'><strong>ἐπιϐλέψα-</strong></span> 
     </span>
    </p>
   </div>
   <div class='ocr_carea' id='block_1_9' title="bbox 287 875 1932 958">
    <p class='ocr_par' dir='ltr' id='par_1_9' title="bbox 287 875 1932 958">
     <span class='ocr_line' id='line_1_9' title="bbox 287 875 1932 958; baseline -0.002 -23"><span class='ocrx_word' id='word_1_48' title='bbox 287 902 340 936; x_wconf 89' lang='grc' dir='ltr'><strong>τε</strong></span> <span class='ocrx_word' id='word_1_49' title='bbox 370 879 449 958; x_wconf 74' lang='grc' dir='ltr'><strong>ἐφ’</strong></span> <span class='ocrx_word' id='word_1_50' title='bbox 497 879 674 953; x_wconf 76' lang='grc' dir='ltr'><strong>ᾑμᾶς,</strong></span> <span class='ocrx_word' id='word_1_51' title='bbox 722 879 810 934; x_wconf 78' lang='grc' dir='ltr'><strong>καὶ</strong></span> <span class='ocrx_word' id='word_1_52' title='bbox 854 878 1307 949; x_wconf 78' lang='grc' dir='ltr'><strong>κατασειομὲνους</strong></span> <span class='ocrx_word' id='word_1_53' title='bbox 1360 878 1709 952; x_wconf 83' lang='grc' dir='ltr'><strong>στερεώσατε,</strong></span> <span class='ocrx_word' id='word_1_54' title='bbox 1755 875 1847 931; x_wconf 70' lang='grc' dir='ltr'><strong>’ίνα</strong></span> <span class='ocrx_word' id='word_1_55' title='bbox 1897 875 1932 946; x_wconf 77' lang='grc' dir='ltr'>ἤ</span> 
     </span>
    </p>
   </div>
   <div class='ocr_carea' id='block_1_10' title="bbox 288 962 1934 1045">
    <p class='ocr_par' dir='ltr' id='par_1_10' title="bbox 288 962 1934 1045">
     <span class='ocr_line' id='line_1_10' title="bbox 288 962 1934 1045; baseline -0.004 -20"><span class='ocrx_word' id='word_1_56' title='bbox 288 968 338 1025; x_wconf 76' lang='grc' dir='ltr'><strong>ἐν</strong></span> <span class='ocrx_word' id='word_1_57' title='bbox 368 965 604 1045; x_wconf 74' lang='grc' dir='ltr'><strong>ἀσφαλεῖ</strong></span> <span class='ocrx_word' id='word_1_58' title='bbox 648 967 977 1038; x_wconf 76' lang='grc' dir='ltr'><strong>στησώμεθα</strong></span> <span class='ocrx_word' id='word_1_59' title='bbox 1022 965 1476 1042; x_wconf 80' lang='grc' dir='ltr'><strong>προφαινόμενοι,</strong></span> <span class='ocrx_word' id='word_1_60' title='bbox 1525 962 1562 1033; x_wconf 74' lang='grc' dir='ltr'>ἤ</span> <span class='ocrx_word' id='word_1_61' title='bbox 1593 963 1740 1020; x_wconf 85' lang='grc' dir='ltr'><strong>ἀλλά</strong></span> <span class='ocrx_word' id='word_1_62' title='bbox 1768 985 1934 1019; x_wconf 85' lang='grc' dir='ltr'><strong>κατα-</strong></span> 
     </span>
    </p>
   </div>
   <div class='ocr_carea' id='block_1_11' title="bbox 286 1051 1932 1130">
    <p class='ocr_par' dir='ltr' id='par_1_11' title="bbox 286 1051 1932 1130">
     <span class='ocr_line' id='line_1_11' title="bbox 286 1051 1932 1130; baseline -0.002 -18"><span class='ocrx_word' id='word_1_63' title='bbox 286 1057 534 1117; x_wconf 75' lang='grc' dir='ltr'><strong>πεσόντες</strong></span> <span class='ocrx_word' id='word_1_64' title='bbox 582 1055 880 1128; x_wconf 87' lang='grc' dir='ltr'><strong>κεισόμεθα</strong></span> <span class='ocrx_word' id='word_1_65' title='bbox 929 1054 1006 1118; x_wconf 72' lang='grc' dir='ltr'><strong>εἷς</strong></span> <span class='ocrx_word' id='word_1_66' title='bbox 1061 1054 1375 1130; x_wconf 85' lang='grc' dir='ltr'><strong>ἀνάγερτον.</strong></span> <span class='ocrx_word' id='word_1_67' title='bbox 1429 1059 1586 1108; x_wconf 84' lang='grc' dir='ltr'><strong>Δυοῖν</strong></span> <span class='ocrx_word' id='word_1_68' title='bbox 1633 1055 1736 1128; x_wconf 78' lang='grc' dir='ltr'><strong>γὰρ</strong></span> <span class='ocrx_word' id='word_1_69' title='bbox 1780 1051 1932 1117; x_wconf 84' lang='grc' dir='ltr'><strong>θάτε-</strong></span> 
     </span>
    </p>
   </div>
   <div class='ocr_carea' id='block_1_12' title="bbox 289 1141 1930 1225">
    <p class='ocr_par' dir='ltr' id='par_1_12' title="bbox 289 1141 1930 1225">
     <span class='ocr_line' id='line_1_12' title="bbox 289 1141 1930 1225; baseline -0.003 -23"><span class='ocrx_word' id='word_1_70' title='bbox 289 1168 397 1225; x_wconf 88' lang='grc' dir='ltr'><strong>ρον,</strong></span> <span class='ocrx_word' id='word_1_71' title='bbox 427 1145 465 1216; x_wconf 74' lang='grc' dir='ltr'>ἤ</span> <span class='ocrx_word' id='word_1_72' title='bbox 517 1145 708 1206; x_wconf 81' lang='grc' dir='ltr'><strong>καλῶς</strong></span> <span class='ocrx_word' id='word_1_73' title='bbox 758 1148 876 1219; x_wconf 77' lang='grc' dir='ltr'><strong>ζῇν,</strong></span> <span class='ocrx_word' id='word_1_74' title='bbox 908 1141 945 1213; x_wconf 73' lang='grc' dir='ltr'>ἤ</span> <span class='ocrx_word' id='word_1_75' title='bbox 996 1145 1243 1208; x_wconf 78' lang='grc' dir='ltr'><strong>τεθνάναι</strong></span> <span class='ocrx_word' id='word_1_76' title='bbox 1293 1143 1500 1211; x_wconf 87' lang='grc' dir='ltr'><strong>καλῶς,</strong></span> <span class='ocrx_word' id='word_1_77' title='bbox 1547 1143 1804 1218; x_wconf 69' lang='grc' dir='ltr'><strong>ἰφιίμεθα</strong></span> <span class='ocrx_word' id='word_1_78' title='bbox 1841 1141 1930 1197; x_wconf 85' lang='grc' dir='ltr'><strong>καὶ</strong></span> 
     </span>
    </p>
   </div>
   <div class='ocr_carea' id='block_1_13' title="bbox 214 1230 1929 1308">
    <p class='ocr_par' dir='ltr' id='par_1_13' title="bbox 214 1230 1929 1308">
     <span class='ocr_line' id='line_1_13' title="bbox 214 1230 1929 1308; baseline -0.003 -19"><span class='ocrx_word' id='word_1_79' title='bbox 214 1257 222 1266; x_wconf 94' lang='grc'><strong>·</strong></span> <span class='ocrx_word' id='word_1_80' title='bbox 284 1235 464 1308; x_wconf 73' lang='grc' dir='ltr'><strong>ἡμείς,</strong></span> <span class='ocrx_word' id='word_1_81' title='bbox 517 1233 597 1295; x_wconf 85' lang='grc' dir='ltr'><strong>ὡς</strong></span> <span class='ocrx_word' id='word_1_82' title='bbox 645 1233 923 1308; x_wconf 81' lang='grc' dir='ltr'><strong>ἅνθρωποι</strong></span> <span class='ocrx_word' id='word_1_83' title='bbox 973 1230 1064 1286; x_wconf 83' lang='grc' dir='ltr'><strong>καὶ</strong></span> <span class='ocrx_word' id='word_1_84' title='bbox 1120 1230 1380 1304; x_wconf 77' lang='grc' dir='ltr'><strong>ἐμπαθεῖς</strong></span> <span class='ocrx_word' id='word_1_85' title='bbox 1446 1231 1537 1286; x_wconf 79' lang='grc' dir='ltr'><strong>καὶ</strong></span> <span class='ocrx_word' id='word_1_86' title='bbox 1594 1232 1929 1305; x_wconf 82' lang='grc' dir='ltr'><strong>περιπαθεῖς.</strong></span> 
     </span>
    </p>
   </div>
   <div class='ocr_carea' id='block_1_14' title="bbox 285 1317 1935 1394">
    <p class='ocr_par' dir='ltr' id='par_1_14' title="bbox 285 1317 1935 1394">
     <span class='ocr_line' id='line_1_14' title="bbox 285 1317 1935 1394; baseline -0.003 -15"><span class='ocrx_word' id='word_1_87' title='bbox 285 1326 462 1381; x_wconf 81' lang='grc' dir='ltr'><strong>Ταῦτα</strong></span> <span class='ocrx_word' id='word_1_88' title='bbox 513 1322 713 1391; x_wconf 72' lang='grc' dir='ltr'><strong>εἰπὼν,</strong></span> <span class='ocrx_word' id='word_1_89' title='bbox 763 1322 843 1383; x_wconf 73' lang='grc' dir='ltr'><strong>οἷς</strong></span> <span class='ocrx_word' id='word_1_90' title='bbox 893 1320 992 1376; x_wconf 79' lang='grc' dir='ltr'><strong>οὐκ</strong></span> <span class='ocrx_word' id='word_1_91' title='bbox 1042 1319 1102 1374; x_wconf 79' lang='grc' dir='ltr'><strong>ἃν</strong></span> <span class='ocrx_word' id='word_1_92' title='bbox 1157 1321 1300 1376; x_wconf 73' lang='grc' dir='ltr'><strong>εἴποι</strong></span> <span class='ocrx_word' id='word_1_93' title='bbox 1340 1342 1422 1385; x_wconf 81' lang='grc' dir='ltr'><strong>τις</strong></span> <span class='ocrx_word' id='word_1_94' title='bbox 1455 1321 1531 1394; x_wconf 84' lang='grc' dir='ltr'><strong>μὴ</strong></span> <span class='ocrx_word' id='word_1_95' title='bbox 1562 1320 1652 1375; x_wconf 82' lang='grc' dir='ltr'><strong>καὶ</strong></span> <span class='ocrx_word' id='word_1_96' title='bbox 1687 1317 1935 1375; x_wconf 84' lang='grc' dir='ltr'><strong>διδασκα-</strong></span> 
     </span>
    </p>
   </div>
   <div class='ocr_carea' id='block_1_15' title="bbox 286 1407 1936 1485">
    <p class='ocr_par' dir='ltr' id='par_1_15' title="bbox 286 1407 1936 1485">
     <span class='ocr_line' id='line_1_15' title="bbox 286 1407 1936 1485; baseline -0.002 -19"><span class='ocrx_word' id='word_1_97' title='bbox 286 1410 398 1466; x_wconf 92' lang='grc' dir='ltr'><strong>λίαν</strong></span> <span class='ocrx_word' id='word_1_98' title='bbox 449 1411 668 1479; x_wconf 80' lang='grc' dir='ltr'><strong>πυκνὴν</strong></span> <span class='ocrx_word' id='word_1_99' title='bbox 729 1409 1184 1485; x_wconf 84' lang='grc' dir='ltr'><strong>παρενεσπάρθαι,</strong></span> <span class='ocrx_word' id='word_1_100' title='bbox 1247 1410 1316 1477; x_wconf 82' lang='grc' dir='ltr'><strong>ἧς</strong></span> <span class='ocrx_word' id='word_1_101' title='bbox 1358 1407 1532 1464; x_wconf 65' lang='grc' dir='ltr'><strong>ἕνεκεν</strong></span> <span class='ocrx_word' id='word_1_102' title='bbox 1582 1408 1936 1484; x_wconf 82' lang='grc' dir='ltr'><strong>ὀφειλετικῶς</strong></span> 
     </span>
    </p>
   </div>
   <div class='ocr_carea' id='block_1_16' title="bbox 282 1494 1933 1574">
    <p class='ocr_par' dir='ltr' id='par_1_16' title="bbox 282 1494 1933 1574">
     <span class='ocr_line' id='line_1_16' title="bbox 282 1494 1933 1574; baseline -0.002 -19"><span class='ocrx_word' id='word_1_103' title='bbox 282 1499 503 1556; x_wconf 76' lang='grc' dir='ltr'><strong>ἐνταῦθα</strong></span> <span class='ocrx_word' id='word_1_104' title='bbox 563 1498 1009 1574; x_wconf 76' lang='grc' dir='ltr'><strong>συνηνέχθημεν,</strong></span> <span class='ocrx_word' id='word_1_105' title='bbox 1067 1500 1368 1573; x_wconf 80' lang='grc' dir='ltr'>σιγήσομαι</span> <span class='ocrx_word' id='word_1_106' title='bbox 1417 1502 1514 1552; x_wconf 80' lang='grc' dir='ltr'><strong>τοῦ</strong></span> <span class='ocrx_word' id='word_1_107' title='bbox 1562 1495 1784 1568; x_wconf 77' lang='grc' dir='ltr'><strong>λοιποῦ,</strong></span> <span class='ocrx_word' id='word_1_108' title='bbox 1829 1494 1933 1560; x_wconf 67' lang='grc' dir='ltr'><strong>ἓως</strong></span> 
     </span>
    </p>
   </div>
   <div class='ocr_carea' id='block_1_17' title="bbox 283 1586 1935 1662">
    <p class='ocr_par' dir='ltr' id='par_1_17' title="bbox 283 1586 1935 1662">
     <span class='ocr_line' id='line_1_17' title="bbox 283 1586 1935 1662; baseline -0.003 -17"><span class='ocrx_word' id='word_1_109' title='bbox 283 1589 338 1645; x_wconf 79' lang='grc' dir='ltr'><strong>ἄν</strong></span> <span class='ocrx_word' id='word_1_110' title='bbox 368 1589 417 1662; x_wconf 79' lang='grc' dir='ltr'>ἐξ</span> <span class='ocrx_word' id='word_1_111' title='bbox 453 1590 612 1662; x_wconf 84' lang='grc' dir='ltr'><strong>ὑμῶν</strong></span> <span class='ocrx_word' id='word_1_112' title='bbox 676 1589 908 1661; x_wconf 81' lang='grc' dir='ltr'><strong>μάθοιμι</strong></span> <span class='ocrx_word' id='word_1_113' title='bbox 954 1588 1356 1662; x_wconf 78' lang='grc' dir='ltr'><strong>ἀποφαντικῶς,</strong></span> <span class='ocrx_word' id='word_1_114' title='bbox 1399 1586 1525 1642; x_wconf 79' lang='grc' dir='ltr'><strong>ὅποι</strong></span> <span class='ocrx_word' id='word_1_115' title='bbox 1576 1591 1685 1642; x_wconf 88' lang='grc' dir='ltr'><strong>τῶν</strong></span> <span class='ocrx_word' id='word_1_116' title='bbox 1719 1594 1935 1662; x_wconf 83' lang='grc' dir='ltr'><strong>ῆρωτη-</strong></span> 
     </span>
    </p>
   </div>
   <div class='ocr_carea' id='block_1_18' title="bbox 289 1670 1934 1750">
    <p class='ocr_par' dir='ltr' id='par_1_18' title="bbox 289 1670 1934 1750">
     <span class='ocr_line' id='line_1_18' title="bbox 289 1670 1934 1750; baseline -0.002 -19"><span class='ocrx_word' id='word_1_117' title='bbox 289 1679 456 1750; x_wconf 70' lang='grc' dir='ltr'><strong>μενων</strong></span> <span class='ocrx_word' id='word_1_118' title='bbox 538 1675 730 1731; x_wconf 88' lang='grc' dir='ltr'><strong>τόπων</strong></span> <span class='ocrx_word' id='word_1_119' title='bbox 812 1673 1129 1747; x_wconf 75' lang='grc' dir='ltr'><strong>κατατάξετε</strong></span> <span class='ocrx_word' id='word_1_120' title='bbox 1205 1677 1376 1748; x_wconf 80' lang='grc' dir='ltr'><strong>ἡμᾶς,</strong></span> <span class='ocrx_word' id='word_1_121' title='bbox 1453 1673 1581 1737; x_wconf 77' lang='grc' dir='ltr'><strong>τοὺς</strong></span> <span class='ocrx_word' id='word_1_122' title='bbox 1645 1670 1777 1736; x_wconf 61' lang='grc' dir='ltr'><strong>ἴσως</strong></span> <span class='ocrx_word' id='word_1_123' title='bbox 1838 1674 1934 1747; x_wconf 74' lang='grc' dir='ltr'><strong>μὶν</strong></span> 
     </span>
    </p>
   </div>
   <div class='ocr_carea' id='block_1_19' title="bbox 289 1758 1936 1842">
    <p class='ocr_par' dir='ltr' id='par_1_19' title="bbox 289 1758 1936 1842">
     <span class='ocr_line' id='line_1_19' title="bbox 289 1758 1936 1842; baseline -0.002 -22"><span class='ocrx_word' id='word_1_124' title='bbox 289 1767 530 1842; x_wconf 90' lang='grc' dir='ltr'><strong>χρείους,</strong></span> <span class='ocrx_word' id='word_1_125' title='bbox 591 1763 733 1819; x_wconf 80' lang='grc' dir='ltr'><strong>καθά</strong></span> <span class='ocrx_word' id='word_1_126' title='bbox 760 1785 844 1826; x_wconf 87' lang='grc' dir='ltr'><strong>τις</strong></span> <span class='ocrx_word' id='word_1_127' title='bbox 881 1758 982 1842; x_wconf 77' lang='grc' dir='ltr'><strong>ἔφη</strong></span> <span class='ocrx_word' id='word_1_128' title='bbox 1012 1764 1202 1839; x_wconf 78' lang='grc' dir='ltr'><strong>σοφὸς,</strong></span> <span class='ocrx_word' id='word_1_129' title='bbox 1232 1761 1365 1826; x_wconf 71' lang='grc' dir='ltr'><strong>ἴσως</strong></span> <span class='ocrx_word' id='word_1_130' title='bbox 1399 1761 1455 1818; x_wconf 77' lang='grc' dir='ltr'><strong>δὶ</strong></span> <span class='ocrx_word' id='word_1_131' title='bbox 1485 1763 1762 1838; x_wconf 85' lang='grc' dir='ltr'><strong>ἀχρείους.</strong></span> <span class='ocrx_word' id='word_1_132' title='bbox 1799 1763 1936 1818; x_wconf 89' lang='grc' dir='ltr'><strong>Τότε</strong></span> 
     </span>
    </p>
   </div>
   <div class='ocr_carea' id='block_1_20' title="bbox 2046 610 3695 686">
    <p class='ocr_par' dir='ltr' id='par_1_20' title="bbox 2046 610 3695 686">
     <span class='ocr_line' id='line_1_20' title="bbox 2046 610 3695 686; baseline 0.004 -22"><span class='ocrx_word' id='word_1_133' title='bbox 2046 610 2308 676; x_wconf 89' lang='lat' dir='ltr'><strong>meliora,</strong></span> <span class='ocrx_word' id='word_1_134' title='bbox 2343 629 2413 667; x_wconf 91' lang='lat' dir='ltr'><strong>ne</strong></span> <span class='ocrx_word' id='word_1_135' title='bbox 2445 613 2538 667; x_wconf 90' lang='lat' dir='ltr'><strong>hic</strong></span> <span class='ocrx_word' id='word_1_136' title='bbox 2567 629 2796 684; x_wconf 81' lang='lat' dir='ltr'><strong>quoque</strong></span> <span class='ocrx_word' id='word_1_137' title='bbox 2841 630 2910 668; x_wconf 85' lang='lat' dir='ltr'><strong>ex</strong></span> <span class='ocrx_word' id='word_1_138' title='bbox 2959 615 3336 686; x_wconf 78' lang='lat' dir='ltr'><strong>paucissimis</strong></span> <span class='ocrx_word' id='word_1_139' title='bbox 3383 615 3554 670; x_wconf 87' lang='lat' dir='ltr'><strong>malis</strong></span> <span class='ocrx_word' id='word_1_140' title='bbox 3587 615 3695 670; x_wconf 92' lang='lat' dir='ltr'><strong>ho-</strong></span> 
     </span>
    </p>
   </div>
   <div class='ocr_carea' id='block_1_21' title="bbox 2047 699 3692 774">
    <p class='ocr_par' dir='ltr' id='par_1_21' title="bbox 2047 699 3692 774">
     <span class='ocr_line' id='line_1_21' title="bbox 2047 699 3692 774; baseline 0.004 -20"><span class='ocrx_word' id='word_1_141' title='bbox 2047 699 2306 755; x_wconf 88' lang='lat' dir='ltr'><strong>minibus</strong></span> <span class='ocrx_word' id='word_1_142' title='bbox 2363 718 2455 756; x_wconf 91' lang='lat' dir='ltr'><strong>res</strong></span> <span class='ocrx_word' id='word_1_143' title='bbox 2514 707 2723 757; x_wconf 66' lang='lat' dir='ltr'><strong>nostrae</strong></span> <span class='ocrx_word' id='word_1_144' title='bbox 2779 703 3140 774; x_wconf 85' lang='lat' dir='ltr'><strong>afﬂigantur.</strong></span> <span class='ocrx_word' id='word_1_145' title='bbox 3204 709 3375 773; x_wconf 87' lang='lat' dir='ltr'><strong>Deus,</strong></span> <span class='ocrx_word' id='word_1_146' title='bbox 3437 705 3692 760; x_wconf 86' lang='lat' dir='ltr'><strong>sanctis-</strong></span> 
     </span>
    </p>
   </div>
   <div class='ocr_carea' id='block_1_22' title="bbox 2046 790 3698 864">
    <p class='ocr_par' dir='ltr' id='par_1_22' title="bbox 2046 790 3698 864">
     <span class='ocr_line' id='line_1_22' title="bbox 2046 790 3698 864; baseline 0.004 -22"><span class='ocrx_word' id='word_1_147' title='bbox 2046 790 2195 843; x_wconf 89' lang='lat' dir='ltr'><strong>sime</strong></span> <span class='ocrx_word' id='word_1_148' title='bbox 2228 806 2342 852; x_wconf 85' lang='lat' dir='ltr'><strong>rex,</strong></span> <span class='ocrx_word' id='word_1_149' title='bbox 2376 796 2433 843; x_wconf 91' lang='lat' dir='ltr'><strong>et</strong></span> <span class='ocrx_word' id='word_1_150' title='bbox 2467 807 2565 844; x_wconf 83' lang='lat' dir='ltr'><strong>rex</strong></span> <span class='ocrx_word' id='word_1_151' title='bbox 2597 792 2812 861; x_wconf 89' lang='lat' dir='ltr'><strong>divine,</strong></span> <span class='ocrx_word' id='word_1_152' title='bbox 2845 792 2903 847; x_wconf 92' lang='lat' dir='ltr'><strong>in</strong></span> <span class='ocrx_word' id='word_1_153' title='bbox 2939 809 3044 848; x_wconf 94' lang='lat' dir='ltr'><strong>nos</strong></span> <span class='ocrx_word' id='word_1_154' title='bbox 3089 793 3342 864; x_wconf 84' lang='lat' dir='ltr'><strong>aspicias</strong></span> <span class='ocrx_word' id='word_1_155' title='bbox 3384 799 3441 848; x_wconf 90' lang='lat' dir='ltr'><strong>et</strong></span> <span class='ocrx_word' id='word_1_156' title='bbox 3491 794 3698 849; x_wconf 82' lang='lat' dir='ltr'><strong>robora</strong></span> 
     </span>
    </p>
   </div>
   <div class='ocr_carea' id='block_1_23' title="bbox 2045 879 3696 948">
    <p class='ocr_par' dir='ltr' id='par_1_23' title="bbox 2045 879 3696 948">
     <span class='ocr_line' id='line_1_23' title="bbox 2045 879 3696 948; baseline 0.004 -18"><span class='ocrx_word' id='word_1_157' title='bbox 2045 893 2383 948; x_wconf 87' lang='lat' dir='ltr'><strong>concussos,</strong></span> <span class='ocrx_word' id='word_1_158' title='bbox 2417 885 2482 932; x_wconf 92' lang='lat' dir='ltr'><strong>ut</strong></span> <span class='ocrx_word' id='word_1_159' title='bbox 2509 879 2596 933; x_wconf 86' lang='lat' dir='ltr'><strong>vel</strong></span> <span class='ocrx_word' id='word_1_160' title='bbox 2641 880 2700 935; x_wconf 91' lang='lat' dir='ltr'><strong>in</strong></span> <span class='ocrx_word' id='word_1_161' title='bbox 2732 885 2832 936; x_wconf 94' lang='lat' dir='ltr'><strong>tuo</strong></span> <span class='ocrx_word' id='word_1_162' title='bbox 2867 881 3158 936; x_wconf 80' lang='lat' dir='ltr'><strong>manifesti</strong></span> <span class='ocrx_word' id='word_1_163' title='bbox 3215 887 3576 945; x_wconf 86' lang='lat' dir='ltr'><strong>constemus,</strong></span> <span class='ocrx_word' id='word_1_164' title='bbox 3608 881 3696 938; x_wconf 88' lang='lat' dir='ltr'><strong>vel</strong></span> 
     </span>
    </p>
   </div>
   <div class='ocr_carea' id='block_1_24' title="bbox 2045 968 3696 1041">
    <p class='ocr_par' dir='ltr' id='par_1_24' title="bbox 2045 968 3696 1041">
     <span class='ocr_line' id='line_1_24' title="bbox 2045 968 3696 1041; baseline 0.004 -22"><span class='ocrx_word' id='word_1_165' title='bbox 2045 970 2355 1038; x_wconf 85' lang='lat' dir='ltr'><strong>postquam</strong></span> <span class='ocrx_word' id='word_1_166' title='bbox 2388 968 2859 1034; x_wconf 87' lang='lat' dir='ltr'><strong>ceciderimus,in</strong></span> <span class='ocrx_word' id='word_1_167' title='bbox 2894 970 3086 1040; x_wconf 90' lang='lat' dir='ltr'><strong>quiete</strong></span> <span class='ocrx_word' id='word_1_168' title='bbox 3111 972 3528 1041; x_wconf 84' lang='lat' dir='ltr'><strong>jaceamus.Ex</strong></span> <span class='ocrx_word' id='word_1_169' title='bbox 3558 972 3696 1026; x_wconf 91' lang='lat' dir='ltr'><strong>duo-</strong></span> 
     </span>
    </p>
   </div>
   <div class='ocr_carea' id='block_1_25' title="bbox 2046 1055 3693 1130">
    <p class='ocr_par' dir='ltr' id='par_1_25' title="bbox 2046 1055 3693 1130">
     <span class='ocr_line' id='line_1_25' title="bbox 2046 1055 3693 1130; baseline 0.003 -21"><span class='ocrx_word' id='word_1_170' title='bbox 2046 1056 2156 1110; x_wconf 89' lang='lat' dir='ltr'><strong>bus</strong></span> <span class='ocrx_word' id='word_1_171' title='bbox 2205 1071 2413 1120; x_wconf 88' lang='lat' dir='ltr'><strong>unum,</strong></span> <span class='ocrx_word' id='word_1_172' title='bbox 2444 1056 2530 1110; x_wconf 89' lang='lat' dir='ltr'><strong>vel</strong></span> <span class='ocrx_word' id='word_1_173' title='bbox 2584 1055 2826 1128; x_wconf 87' lang='lat' dir='ltr'><strong>pulchre</strong></span> <span class='ocrx_word' id='word_1_174' title='bbox 2873 1057 3084 1124; x_wconf 85' lang='lat' dir='ltr'><strong>vivere,</strong></span> <span class='ocrx_word' id='word_1_175' title='bbox 3116 1058 3203 1114; x_wconf 91' lang='lat' dir='ltr'><strong>vel</strong></span> <span class='ocrx_word' id='word_1_176' title='bbox 3253 1059 3494 1130; x_wconf 88' lang='lat' dir='ltr'><strong>pulchre</strong></span> <span class='ocrx_word' id='word_1_177' title='bbox 3543 1059 3693 1115; x_wconf 88' lang='lat' dir='ltr'><strong>mori</strong></span> 
     </span>
    </p>
   </div>
   <div class='ocr_carea' id='block_1_26' title="bbox 2044 1143 3693 1217">
    <p class='ocr_par' dir='ltr' id='par_1_26' title="bbox 2044 1143 3693 1217">
     <span class='ocr_line' id='line_1_26' title="bbox 2044 1143 3693 1217; baseline 0.002 -19"><span class='ocrx_word' id='word_1_178' title='bbox 2044 1143 2448 1200; x_wconf 89' lang='lat' dir='ltr'><strong>desideramus</strong></span> <span class='ocrx_word' id='word_1_179' title='bbox 2478 1151 2535 1199; x_wconf 90' lang='lat' dir='ltr'><strong>et</strong></span> <span class='ocrx_word' id='word_1_180' title='bbox 2565 1162 2694 1212; x_wconf 91' lang='lat' dir='ltr'><strong>nos,</strong></span> <span class='ocrx_word' id='word_1_181' title='bbox 2724 1151 3008 1217; x_wconf 89' lang='lat' dir='ltr'><strong>tanquam</strong></span> <span class='ocrx_word' id='word_1_182' title='bbox 3043 1148 3312 1203; x_wconf 87' lang='lat' dir='ltr'><strong>homines</strong></span> <span class='ocrx_word' id='word_1_183' title='bbox 3348 1146 3566 1202; x_wconf 87' lang='lat' dir='ltr'><strong>turbidi</strong></span> <span class='ocrx_word' id='word_1_184' title='bbox 3597 1163 3693 1202; x_wconf 87' lang='lat' dir='ltr'><strong>ve-</strong></span> 
     </span>
    </p>
   </div>
   <div class='ocr_carea' id='block_1_27' title="bbox 2044 1231 3694 1306">
    <p class='ocr_par' dir='ltr' id='par_1_27' title="bbox 2044 1231 3694 1306">
     <span class='ocr_line' id='line_1_27' title="bbox 2044 1231 3694 1306; baseline 0.001 -18"><span class='ocrx_word' id='word_1_185' title='bbox 2044 1231 2460 1305; x_wconf 88' lang='lat' dir='ltr'><strong>hementerque</strong></span> <span class='ocrx_word' id='word_1_186' title='bbox 2508 1235 2807 1305; x_wconf 83' lang='lat' dir='ltr'><strong>exagitati.</strong></span> <span class='ocrx_word' id='word_1_187' title='bbox 2844 1234 2945 1290; x_wconf 86' lang='lat' dir='ltr'><strong>His</strong></span> <span class='ocrx_word' id='word_1_188' title='bbox 2990 1235 3183 1305; x_wconf 87' lang='lat' dir='ltr'><strong>dictis,</strong></span> <span class='ocrx_word' id='word_1_189' title='bbox 3214 1237 3427 1306; x_wconf 84' lang='lat' dir='ltr'><strong>quibus</strong></span> <span class='ocrx_word' id='word_1_190' title='bbox 3459 1253 3573 1291; x_wconf 90' lang='lat' dir='ltr'><strong>non</strong></span> <span class='ocrx_word' id='word_1_191' title='bbox 3607 1236 3694 1290; x_wconf 92' lang='lat' dir='ltr'><strong>di-</strong></span> 
     </span>
    </p>
   </div>
   <div class='ocr_carea' id='block_1_28' title="bbox 2044 1321 3693 1394">
    <p class='ocr_par' dir='ltr' id='par_1_28' title="bbox 2044 1321 3693 1394">
     <span class='ocr_line' id='line_1_28' title="bbox 2044 1321 3693 1394; baseline 0.001 -18"><span class='ocrx_word' id='word_1_192' title='bbox 2044 1322 2191 1377; x_wconf 84' lang='lat' dir='ltr'><strong>xerit</strong></span> <span class='ocrx_word' id='word_1_193' title='bbox 2236 1321 2450 1394; x_wconf 86' lang='lat' dir='ltr'><strong>aliquis</strong></span> <span class='ocrx_word' id='word_1_194' title='bbox 2498 1340 2610 1379; x_wconf 92' lang='lat' dir='ltr'><strong>non</strong></span> <span class='ocrx_word' id='word_1_195' title='bbox 2661 1325 2904 1378; x_wconf 85' lang='lat' dir='ltr'><strong>densam</strong></span> <span class='ocrx_word' id='word_1_196' title='bbox 2947 1323 3332 1381; x_wconf 80' lang='lat' dir='ltr'><strong>intermisceri</strong></span> <span class='ocrx_word' id='word_1_197' title='bbox 3366 1326 3693 1380; x_wconf 86' lang='lat' dir='ltr'><strong>doctrinam</strong></span> 
     </span>
    </p>
   </div>
   <div class='ocr_carea' id='block_1_29' title="bbox 2043 1412 3696 1485">
    <p class='ocr_par' dir='ltr' id='par_1_29' title="bbox 2043 1412 3696 1485">
     <span class='ocr_line' id='line_1_29' title="bbox 2043 1412 3696 1485; baseline 0 -19"><span class='ocrx_word' id='word_1_198' title='bbox 2043 1416 2280 1482; x_wconf 88' lang='lat' dir='ltr'><strong>propter</strong></span> <span class='ocrx_word' id='word_1_199' title='bbox 2311 1428 2488 1484; x_wconf 91' lang='lat' dir='ltr'><strong>quam</strong></span> <span class='ocrx_word' id='word_1_200' title='bbox 2522 1412 2747 1468; x_wconf 88' lang='lat' dir='ltr'><strong>utiliter</strong></span> <span class='ocrx_word' id='word_1_201' title='bbox 2775 1413 2870 1468; x_wconf 90' lang='lat' dir='ltr'><strong>hic</strong></span> <span class='ocrx_word' id='word_1_202' title='bbox 2893 1429 3097 1468; x_wconf 80' lang='lat' dir='ltr'><strong>sumus</strong></span> <span class='ocrx_word' id='word_1_203' title='bbox 3128 1413 3563 1485; x_wconf 86' lang='lat' dir='ltr'><strong>congregati,de</strong></span> <span class='ocrx_word' id='word_1_204' title='bbox 3593 1429 3696 1466; x_wconf 79' lang='lat' dir='ltr'><strong>cae-</strong></span> 
     </span>
    </p>
   </div>
   <div class='ocr_carea' id='block_1_30' title="bbox 2043 1501 3694 1573">
    <p class='ocr_par' dir='ltr' id='par_1_30' title="bbox 2043 1501 3694 1573">
     <span class='ocr_line' id='line_1_30' title="bbox 2043 1501 3694 1573; baseline 0 -19"><span class='ocrx_word' id='word_1_205' title='bbox 2043 1504 2166 1554; x_wconf 89' lang='lat' dir='ltr'><strong>tero</strong></span> <span class='ocrx_word' id='word_1_206' title='bbox 2199 1517 2353 1556; x_wconf 92' lang='lat' dir='ltr'><strong>nunc</strong></span> <span class='ocrx_word' id='word_1_207' title='bbox 2400 1501 2625 1570; x_wconf 88' lang='lat' dir='ltr'><strong>tacebo,</strong></span> <span class='ocrx_word' id='word_1_208' title='bbox 2657 1502 2840 1556; x_wconf 90' lang='lat' dir='ltr'><strong>donec</strong></span> <span class='ocrx_word' id='word_1_209' title='bbox 2871 1516 2940 1556; x_wconf 83' lang='lat' dir='ltr'><strong>ex</strong></span> <span class='ocrx_word' id='word_1_210' title='bbox 2985 1501 3150 1556; x_wconf 89' lang='lat' dir='ltr'><strong>vobis</strong></span> <span class='ocrx_word' id='word_1_211' title='bbox 3199 1508 3397 1573; x_wconf 90' lang='lat' dir='ltr'><strong>aperte</strong></span> <span class='ocrx_word' id='word_1_212' title='bbox 3445 1501 3694 1564; x_wconf 88' lang='lat' dir='ltr'><strong>discam,</strong></span> 
     </span>
    </p>
   </div>
   <div class='ocr_carea' id='block_1_31' title="bbox 2044 1589 3697 1660">
    <p class='ocr_par' dir='ltr' id='par_1_31' title="bbox 2044 1589 3697 1660">
     <span class='ocr_line' id='line_1_31' title="bbox 2044 1589 3697 1660; baseline 0.001 -18"><span class='ocrx_word' id='word_1_213' title='bbox 2044 1604 2160 1659; x_wconf 90' lang='lat' dir='ltr'><strong>quo</strong></span> <span class='ocrx_word' id='word_1_214' title='bbox 2220 1590 2650 1660; x_wconf 85' lang='lat' dir='ltr'><strong>propositorum</strong></span> <span class='ocrx_word' id='word_1_215' title='bbox 2709 1590 2971 1646; x_wconf 91' lang='lat' dir='ltr'><strong>locorum</strong></span> <span class='ocrx_word' id='word_1_216' title='bbox 3032 1591 3317 1646; x_wconf 90' lang='lat' dir='ltr'><strong>ordinetis</strong></span> <span class='ocrx_word' id='word_1_217' title='bbox 3374 1607 3502 1657; x_wconf 88' lang='lat' dir='ltr'><strong>nos,</strong></span> <span class='ocrx_word' id='word_1_218' title='bbox 3552 1589 3697 1645; x_wconf 87' lang='lat' dir='ltr'><strong>forte</strong></span> 
     </span>
    </p>
   </div>
   <div class='ocr_carea' id='block_1_32' title="bbox 2045 1678 3697 1752">
    <p class='ocr_par' dir='ltr' id='par_1_32' title="bbox 2045 1678 3697 1752">
     <span class='ocr_line' id='line_1_32' title="bbox 2045 1678 3697 1752; baseline 0.001 -20"><span class='ocrx_word' id='word_1_219' title='bbox 2045 1678 2283 1748; x_wconf 89' lang='lat' dir='ltr'><strong>quidem</strong></span> <span class='ocrx_word' id='word_1_220' title='bbox 2314 1679 2508 1745; x_wconf 89' lang='lat' dir='ltr'><strong>utiles,</strong></span> <span class='ocrx_word' id='word_1_221' title='bbox 2543 1683 2608 1734; x_wconf 95' lang='lat' dir='ltr'><strong>ut</strong></span> <span class='ocrx_word' id='word_1_222' title='bbox 2636 1681 2766 1751; x_wconf 91' lang='lat' dir='ltr'><strong>quis</strong></span> <span class='ocrx_word' id='word_1_223' title='bbox 2798 1681 2880 1735; x_wconf 88' lang='lat' dir='ltr'><strong>ait</strong></span> <span class='ocrx_word' id='word_1_224' title='bbox 2907 1681 3164 1752; x_wconf 87' lang='lat' dir='ltr'><strong>sapiens,</strong></span> <span class='ocrx_word' id='word_1_225' title='bbox 3199 1681 3346 1736; x_wconf 83' lang='lat' dir='ltr'><strong>forte</strong></span> <span class='ocrx_word' id='word_1_226' title='bbox 3393 1696 3528 1735; x_wconf 87' lang='lat' dir='ltr'><strong>vero</strong></span> <span class='ocrx_word' id='word_1_227' title='bbox 3557 1679 3697 1733; x_wconf 90' lang='lat' dir='ltr'><strong>inu-</strong></span> 
     </span>
    </p>
   </div>
   <div class='ocr_carea' id='block_1_33' title="bbox 2043 1765 3698 1840">
    <p class='ocr_par' dir='ltr' id='par_1_33' title="bbox 2043 1765 3698 1840">
     <span class='ocr_line' id='line_1_33' title="bbox 2043 1765 3698 1840; baseline 0 -20"><span class='ocrx_word' id='word_1_228' title='bbox 2043 1766 2197 1822; x_wconf 85' lang='lat' dir='ltr'><strong>tiles.</strong></span> <span class='ocrx_word' id='word_1_229' title='bbox 2224 1767 2528 1838; x_wconf 77' lang='lat' dir='ltr'><strong>Postquam</strong></span> <span class='ocrx_word' id='word_1_230' title='bbox 2559 1775 2756 1824; x_wconf 87' lang='lat' dir='ltr'><strong>autem</strong></span> <span class='ocrx_word' id='word_1_231' title='bbox 2789 1768 3210 1834; x_wconf 90' lang='lat' dir='ltr'><strong>audiverimus,</strong></span> <span class='ocrx_word' id='word_1_232' title='bbox 3245 1768 3578 1840; x_wconf 88' lang='lat' dir='ltr'><strong>loquemur,</strong></span> <span class='ocrx_word' id='word_1_233' title='bbox 3610 1765 3698 1821; x_wconf 90' lang='lat' dir='ltr'><strong>vel</strong></span> 
     </span>
    </p>
   </div>
   <div class='ocr_carea' id='block_1_34' title="bbox 288 1849 1943 1953">
    <p class='ocr_par' dir='ltr' id='par_1_34' title="bbox 288 1849 1939 1931">
     <span class='ocr_line' id='line_1_34' title="bbox 288 1849 1939 1931; baseline -0.002 -22"><span class='ocrx_word' id='word_1_234' title='bbox 288 1852 341 1910; x_wconf 78' lang='grc' dir='ltr'><strong>δὶ</strong></span> <span class='ocrx_word' id='word_1_235' title='bbox 390 1854 717 1916; x_wconf 88' lang='grc' dir='ltr'><strong>ἀκούσαντες</strong></span> <span class='ocrx_word' id='word_1_236' title='bbox 766 1852 1084 1926; x_wconf 75' lang='grc' dir='ltr'><strong>λαλήσομεν</strong></span> <span class='ocrx_word' id='word_1_237' title='bbox 1133 1849 1170 1921; x_wconf 76' lang='grc' dir='ltr'>ἤ</span> <span class='ocrx_word' id='word_1_238' title='bbox 1213 1853 1605 1928; x_wconf 77' lang='grc' dir='ltr'><strong>περεισμὲνως,</strong></span> <span class='ocrx_word' id='word_1_239' title='bbox 1652 1850 1689 1922; x_wconf 66' lang='grc' dir='ltr'><strong>ἤ</strong></span> <span class='ocrx_word' id='word_1_240' title='bbox 1733 1849 1939 1931; x_wconf 80' lang='grc' dir='ltr'><strong>ἀφειδέ-</strong></span> 
     </span>
    </p>
   </div>
   <div class='ocr_carea' id='block_1_35' title="bbox 2057 1849 2881 1953">
    <p class='ocr_par' dir='ltr' id='par_1_35' title="bbox 2057 1855 2881 1927">
     <span class='ocr_line' id='line_1_35' title="bbox 2057 1855 2881 1927; baseline 0.002 -17"><span class='ocrx_word' id='word_1_241' title='bbox 2057 1871 2242 1927; x_wconf 89' lang='lat' dir='ltr'><strong>parce,</strong></span> <span class='ocrx_word' id='word_1_242' title='bbox 2273 1855 2361 1911; x_wconf 90' lang='lat' dir='ltr'><strong>vel</strong></span> <span class='ocrx_word' id='word_1_243' title='bbox 2391 1857 2590 1912; x_wconf 91' lang='lat' dir='ltr'><strong>minus</strong></span> <span class='ocrx_word' id='word_1_244' title='bbox 2621 1858 2881 1912; x_wconf 89' lang='lat' dir='ltr'><strong>remisse.</strong></span> 
     </span>
    </p>
   </div>
   <div class='ocr_carea' id='block_1_36' title="bbox 291 1964 490 2018">
    <p class='ocr_par' dir='ltr' id='par_1_36' title="bbox 291 1964 490 2018">
     <span class='ocr_line' id='line_1_36' title="bbox 291 1964 490 2018; baseline -0.02 -18"><span class='ocrx_word' id='word_1_245' title='bbox 291 1964 490 2018; x_wconf 84' lang='grc' dir='ltr'><strong>στερον.</strong></span> 
     </span>
    </p>
   </div>
   <div class='ocr_carea' id='block_1_37' title="bbox 359 2047 1940 2129">
    <p class='ocr_par' dir='ltr' id='par_1_37' title="bbox 359 2047 1940 2129">
     <span class='ocr_line' id='line_1_37' title="bbox 359 2047 1940 2129; baseline -0.003 -20"><span class='ocrx_word' id='word_1_246' title='bbox 359 2053 467 2127; x_wconf 84' lang='grc' dir='ltr'><strong>μγ’.</strong></span> <span class='ocrx_word' id='word_1_247' title='bbox 503 2054 608 2124; x_wconf 82' lang='grc' dir='ltr'>Τῷ</span> <span class='ocrx_word' id='word_1_248' title='bbox 640 2049 777 2113; x_wconf 78' lang='grc' dir='ltr'><strong>τέως</strong></span> <span class='ocrx_word' id='word_1_249' title='bbox 829 2050 887 2106; x_wconf 80' lang='grc' dir='ltr'>δὶ</span> <span class='ocrx_word' id='word_1_250' title='bbox 915 2050 1183 2129; x_wconf 78' lang='grc' dir='ltr'><strong>ἀναφωνῶ</strong></span> <span class='ocrx_word' id='word_1_251' title='bbox 1222 2052 1466 2121; x_wconf 69' lang='grc' dir='ltr'><strong>συνήθως</strong></span> <span class='ocrx_word' id='word_1_252' title='bbox 1500 2049 1626 2124; x_wconf 86' lang='grc' dir='ltr'><strong>ύμῖν</strong></span> <span class='ocrx_word' id='word_1_253' title='bbox 1659 2047 1940 2106; x_wconf 83' lang='grc' dir='ltr'><strong>διασκευά-</strong></span> 
     </span>
    </p>
   </div>
   <div class='ocr_carea' id='block_1_38' title="bbox 292 2139 1936 2215">
    <p class='ocr_par' dir='ltr' id='par_1_38' title="bbox 292 2139 1936 2215">
     <span class='ocr_line' id='line_1_38' title="bbox 292 2139 1936 2215; baseline -0.001 -21"><span class='ocrx_word' id='word_1_254' title='bbox 292 2141 464 2210; x_wconf 82' lang='grc' dir='ltr'><strong>ζεσθαι</strong></span> <span class='ocrx_word' id='word_1_255' title='bbox 521 2141 672 2215; x_wconf 80' lang='grc' dir='ltr'><strong>πρὸς</strong></span> <span class='ocrx_word' id='word_1_256' title='bbox 727 2139 817 2194; x_wconf 74' lang='grc' dir='ltr'><strong>τὸν</strong></span> <span class='ocrx_word' id='word_1_257' title='bbox 888 2139 1110 2194; x_wconf 80' lang='grc' dir='ltr'><strong>ἐπιόντα</strong></span> <span class='ocrx_word' id='word_1_258' title='bbox 1183 2147 1286 2209; x_wconf 82' lang='grc' dir='ltr'><strong>τῆς</strong></span> <span class='ocrx_word' id='word_1_259' title='bbox 1335 2139 1587 2210; x_wconf 80' lang='grc' dir='ltr'><strong>νηστείας</strong></span> <span class='ocrx_word' id='word_1_260' title='bbox 1645 2139 1936 2214; x_wconf 84' lang='grc' dir='ltr'><strong>ἁγιασμὸν,</strong></span> 
     </span>
    </p>
   </div>
   <div class='ocr_carea' id='block_1_39' title="bbox 288 2223 1941 2304">
    <p class='ocr_par' dir='ltr' id='par_1_39' title="bbox 288 2223 1941 2304">
     <span class='ocr_line' id='line_1_39' title="bbox 288 2223 1941 2304; baseline -0.001 -20"><span class='ocrx_word' id='word_1_261' title='bbox 288 2229 399 2284; x_wconf 83' lang='grc' dir='ltr'><strong>καθ’</strong></span> <span class='ocrx_word' id='word_1_262' title='bbox 452 2225 618 2293; x_wconf 69' lang='grc' dir='ltr'><strong>οἴους</strong></span> <span class='ocrx_word' id='word_1_263' title='bbox 679 2228 918 2304; x_wconf 84' lang='grc' dir='ltr'><strong>τρόπους</strong></span> <span class='ocrx_word' id='word_1_264' title='bbox 963 2227 1130 2298; x_wconf 79' lang='grc' dir='ltr'><strong>κόλαξ</strong></span> <span class='ocrx_word' id='word_1_265' title='bbox 1191 2228 1458 2302; x_wconf 76' lang='grc' dir='ltr'><strong>ὑπιθέμην</strong></span> <span class='ocrx_word' id='word_1_266' title='bbox 1507 2229 1656 2302; x_wconf 81' lang='grc' dir='ltr'><strong>ὑμῖν.</strong></span> <span class='ocrx_word' id='word_1_267' title='bbox 1690 2227 1799 2284; x_wconf 87' lang='grc' dir='ltr'><strong>Ούκ</strong></span> <span class='ocrx_word' id='word_1_268' title='bbox 1824 2223 1941 2304; x_wconf 79' lang='grc' dir='ltr'><strong>ἔχω</strong></span> 
     </span>
    </p>
   </div>
   <div class='ocr_carea' id='block_1_40' title="bbox 289 2313 1937 2394">
    <p class='ocr_par' dir='ltr' id='par_1_40' title="bbox 289 2313 1937 2394">
     <span class='ocr_line' id='line_1_40' title="bbox 289 2313 1937 2394; baseline -0.001 -22"><span class='ocrx_word' id='word_1_269' title='bbox 289 2319 380 2394; x_wconf 88' lang='grc' dir='ltr'><strong>γάρ</strong></span> <span class='ocrx_word' id='word_1_270' title='bbox 435 2339 488 2374; x_wconf 88' lang='grc' dir='ltr'><strong>τι</strong></span> <span class='ocrx_word' id='word_1_271' title='bbox 550 2316 778 2373; x_wconf 76' lang='grc' dir='ltr'><strong>ἐκείνων</strong></span> <span class='ocrx_word' id='word_1_272' title='bbox 852 2318 1050 2392; x_wconf 74' lang='grc' dir='ltr'><strong>φράσαι</strong></span> <span class='ocrx_word' id='word_1_273' title='bbox 1106 2315 1337 2373; x_wconf 86' lang='grc' dir='ltr'><strong>κάλλιον</strong></span> <span class='ocrx_word' id='word_1_274' title='bbox 1402 2315 1439 2387; x_wconf 71' lang='grc' dir='ltr'>ἤ</span> <span class='ocrx_word' id='word_1_275' title='bbox 1511 2313 1886 2392; x_wconf 76' lang='grc' dir='ltr'><strong>ἀκριϐέστερον</strong></span> <span class='ocrx_word' id='word_1_276' title='bbox 1925 2338 1937 2353; x_wconf 87' lang='grc'>·</span> 
     </span>
    </p>
   </div>
   <div class='ocr_carea' id='block_1_41' title="bbox 290 2403 1941 2482">
    <p class='ocr_par' dir='ltr' id='par_1_41' title="bbox 290 2403 1941 2482">
     <span class='ocr_line' id='line_1_41' title="bbox 290 2403 1941 2482; baseline 0 -20"><span class='ocrx_word' id='word_1_277' title='bbox 290 2406 494 2482; x_wconf 77' lang='grc' dir='ltr'><strong>ἄρτυμα</strong></span> <span class='ocrx_word' id='word_1_278' title='bbox 549 2404 621 2462; x_wconf 70' lang='grc' dir='ltr'><strong>δι</strong></span> <span class='ocrx_word' id='word_1_279' title='bbox 670 2403 808 2462; x_wconf 80' lang='grc' dir='ltr'><strong>ἔστω</strong></span> <span class='ocrx_word' id='word_1_280' title='bbox 864 2407 990 2479; x_wconf 85' lang='grc' dir='ltr'><strong>ὑμῖν</strong></span> <span class='ocrx_word' id='word_1_281' title='bbox 1059 2410 1157 2461; x_wconf 80' lang='grc' dir='ltr'><strong>τοῦ</strong></span> <span class='ocrx_word' id='word_1_282' title='bbox 1234 2407 1519 2481; x_wconf 83' lang='grc' dir='ltr'><strong>θεαρὲστου</strong></span> <span class='ocrx_word' id='word_1_283' title='bbox 1569 2406 1941 2479; x_wconf 88' lang='grc' dir='ltr'><strong>νηστεύματος</strong></span> 
     </span>
    </p>
   </div>
   <div class='ocr_carea' id='block_1_42' title="bbox 298 2492 1939 2572">
    <p class='ocr_par' dir='ltr' id='par_1_42' title="bbox 298 2492 1939 2572">
     <span class='ocr_line' id='line_1_42' title="bbox 298 2492 1939 2572; baseline -0.001 -21"><span class='ocrx_word' id='word_1_284' title='bbox 298 2495 567 2570; x_wconf 73' lang='grc' dir='ltr'><strong>μὴμόνον</strong></span> <span class='ocrx_word' id='word_1_285' title='bbox 626 2498 661 2566; x_wconf 77' lang='grc' dir='ltr'><strong>ἡ</strong></span> <span class='ocrx_word' id='word_1_286' title='bbox 715 2494 1024 2572; x_wconf 82' lang='grc' dir='ltr'><strong>ὀλιγοσιτία</strong></span> <span class='ocrx_word' id='word_1_287' title='bbox 1075 2495 1165 2550; x_wconf 77' lang='grc' dir='ltr'><strong>καὶ</strong></span> <span class='ocrx_word' id='word_1_288' title='bbox 1215 2496 1279 2550; x_wconf 85' lang='grc' dir='ltr'><strong>τὸ</strong></span> <span class='ocrx_word' id='word_1_289' title='bbox 1337 2493 1609 2571; x_wconf 75' lang='grc' dir='ltr'><strong>ἐγκρατῶς</strong></span> <span class='ocrx_word' id='word_1_290' title='bbox 1655 2492 1939 2572; x_wconf 69' lang='grc' dir='ltr'><strong>αὔταρκες,</strong></span> 
     </span>
    </p>
   </div>
   <div class='ocr_carea' id='block_1_43' title="bbox 288 2581 1940 2659">
    <p class='ocr_par' dir='ltr' id='par_1_43' title="bbox 288 2581 1940 2659">
     <span class='ocr_line' id='line_1_43' title="bbox 288 2581 1940 2659; baseline -0.001 -19"><span class='ocrx_word' id='word_1_291' title='bbox 288 2586 350 2640; x_wconf 79' lang='grc' dir='ltr'><strong>τὰ</strong></span> <span class='ocrx_word' id='word_1_292' title='bbox 391 2591 511 2647; x_wconf 85' lang='grc' dir='ltr'><strong>τοῖς</strong></span> <span class='ocrx_word' id='word_1_293' title='bbox 559 2582 820 2639; x_wconf 77' lang='grc' dir='ltr'><strong>πλείοσιν</strong></span> <span class='ocrx_word' id='word_1_294' title='bbox 870 2583 1098 2659; x_wconf 78' lang='grc' dir='ltr'><strong>εὐχερῆ,</strong></span> <span class='ocrx_word' id='word_1_295' title='bbox 1136 2581 1282 2640; x_wconf 86' lang='grc' dir='ltr'><strong>ἀλλά</strong></span> <span class='ocrx_word' id='word_1_296' title='bbox 1330 2583 1419 2638; x_wconf 85' lang='grc' dir='ltr'><strong>καὶ</strong></span> <span class='ocrx_word' id='word_1_297' title='bbox 1455 2583 1688 2656; x_wconf 83' lang='grc' dir='ltr'><strong>μάλιστα</strong></span> <span class='ocrx_word' id='word_1_298' title='bbox 1731 2585 1759 2638; x_wconf 97' lang='lat'><strong>6</strong></span> <span class='ocrx_word' id='word_1_299' title='bbox 1804 2585 1940 2657; x_wconf 86' lang='grc' dir='ltr'><strong>πρὸς</strong></span> 
     </span>
    </p>
   </div>
   <div class='ocr_carea' id='block_1_44' title="bbox 286 2670 1940 2748">
    <p class='ocr_par' dir='ltr' id='par_1_44' title="bbox 286 2670 1940 2748">
     <span class='ocr_line' id='line_1_44' title="bbox 286 2670 1940 2748; baseline -0.001 -18"><span class='ocrx_word' id='word_1_300' title='bbox 286 2674 406 2737; x_wconf 80' lang='grc' dir='ltr'><strong>τοὺς</strong></span> <span class='ocrx_word' id='word_1_301' title='bbox 437 2672 743 2748; x_wconf 73' lang='grc' dir='ltr'><strong>δεομένους</strong></span> <span class='ocrx_word' id='word_1_302' title='bbox 775 2672 928 2736; x_wconf 78' lang='grc' dir='ltr'><strong>ἔλεος</strong></span> <span class='ocrx_word' id='word_1_303' title='bbox 979 2675 1008 2728; x_wconf 88' lang='lat'><strong>6</strong></span> <span class='ocrx_word' id='word_1_304' title='bbox 1057 2673 1192 2728; x_wconf 83' lang='grc' dir='ltr'><strong>κατά</strong></span> <span class='ocrx_word' id='word_1_305' title='bbox 1240 2670 1465 2746; x_wconf 86' lang='grc' dir='ltr'><strong>δύναμιν</strong></span> <span class='ocrx_word' id='word_1_306' title='bbox 1496 2690 1511 2708; x_wconf 88' lang='grc'><strong>·</strong></span> <span class='ocrx_word' id='word_1_307' title='bbox 1545 2673 1601 2727; x_wconf 81' lang='grc' dir='ltr'><strong>ὃν</strong></span> <span class='ocrx_word' id='word_1_308' title='bbox 1635 2670 1749 2728; x_wconf 78' lang='grc' dir='ltr'><strong>οὐδ’</strong></span> <span class='ocrx_word' id='word_1_309' title='bbox 1779 2674 1940 2729; x_wconf 82' lang='grc' dir='ltr'><strong>αὐτὸν</strong></span> 
     </span>
    </p>
   </div>
   <div class='ocr_carea' id='block_1_45' title="bbox 291 2762 1940 2840">
    <p class='ocr_par' dir='ltr' id='par_1_45' title="bbox 291 2762 1940 2840">
     <span class='ocr_line' id='line_1_45' title="bbox 291 2762 1940 2840; baseline 0 -20"><span class='ocrx_word' id='word_1_310' title='bbox 291 2765 785 2840; x_wconf 81' lang='grc' dir='ltr'><strong>ἀποπροσποιεῖται</strong></span> <span class='ocrx_word' id='word_1_311' title='bbox 835 2764 864 2818; x_wconf 89' lang='lat'><strong>6</strong></span> <span class='ocrx_word' id='word_1_312' title='bbox 909 2763 1208 2838; x_wconf 77' lang='grc' dir='ltr'><strong>πάγκοινος</strong></span> <span class='ocrx_word' id='word_1_313' title='bbox 1258 2762 1510 2836; x_wconf 69' lang='grc' dir='ltr'><strong>ἐλεήμων</strong></span> <span class='ocrx_word' id='word_1_314' title='bbox 1557 2763 1709 2834; x_wconf 84' lang='grc' dir='ltr'><strong>Θεὸς,</strong></span> <span class='ocrx_word' id='word_1_315' title='bbox 1760 2763 1858 2820; x_wconf 87' lang='grc' dir='ltr'><strong>ούκ</strong></span> <span class='ocrx_word' id='word_1_316' title='bbox 1888 2764 1940 2820; x_wconf 76' lang='grc' dir='ltr'><strong>ἐν</strong></span> 
     </span>
    </p>
   </div>
   <div class='ocr_carea' id='block_1_46' title="bbox 291 2847 1944 2926">
    <p class='ocr_par' dir='ltr' id='par_1_46' title="bbox 291 2847 1944 2926">
     <span class='ocr_line' id='line_1_46' title="bbox 291 2847 1944 2926; baseline 0.001 -20"><span class='ocrx_word' id='word_1_317' title='bbox 291 2855 363 2924; x_wconf 76' lang='grc' dir='ltr'><strong>τῷ</strong></span> <span class='ocrx_word' id='word_1_318' title='bbox 402 2851 618 2924; x_wconf 69' lang='grc' dir='ltr'><strong>πολλῷ</strong></span> <span class='ocrx_word' id='word_1_319' title='bbox 668 2851 819 2924; x_wconf 85' lang='grc' dir='ltr'><strong>μόνῳ</strong></span> <span class='ocrx_word' id='word_1_320' title='bbox 863 2851 926 2906; x_wconf 88' lang='grc' dir='ltr'><strong>τὸ</strong></span> <span class='ocrx_word' id='word_1_321' title='bbox 980 2851 1116 2926; x_wconf 73' lang='grc' dir='ltr'><strong>μέγα</strong></span> <span class='ocrx_word' id='word_1_322' title='bbox 1159 2857 1262 2920; x_wconf 83' lang='grc' dir='ltr'><strong>τῆς</strong></span> <span class='ocrx_word' id='word_1_323' title='bbox 1310 2847 1689 2923; x_wconf 76' lang='grc' dir='ltr'><strong>ἐλεημοσύνης</strong></span> <span class='ocrx_word' id='word_1_324' title='bbox 1734 2852 1944 2926; x_wconf 64' lang='grc' dir='ltr'><strong>τιθέμεν</strong></span> 
     </span>
    </p>
   </div>
   <div class='ocr_carea' id='block_1_47' title="bbox 293 2939 1939 3016">
    <p class='ocr_par' dir='ltr' id='par_1_47' title="bbox 293 2939 1939 3016">
     <span class='ocr_line' id='line_1_47' title="bbox 293 2939 1939 3016; baseline 0.002 -21"><span class='ocrx_word' id='word_1_325' title='bbox 293 2964 397 3009; x_wconf 91' lang='grc' dir='ltr'><strong>νος,</strong></span> <span class='ocrx_word' id='word_1_326' title='bbox 428 2939 588 2997; x_wconf 70' lang='grc' dir='ltr'><strong>ἀλλὰ</strong></span> <span class='ocrx_word' id='word_1_327' title='bbox 643 2941 733 2996; x_wconf 81' lang='grc' dir='ltr'><strong>καὶ</strong></span> <span class='ocrx_word' id='word_1_328' title='bbox 782 2939 836 2996; x_wconf 85' lang='grc' dir='ltr'><strong>ἐν</strong></span> <span class='ocrx_word' id='word_1_329' title='bbox 881 2945 962 3014; x_wconf 77' lang='grc' dir='ltr'><strong>τῷ</strong></span> <span class='ocrx_word' id='word_1_330' title='bbox 1009 2939 1183 3016; x_wconf 81' lang='grc' dir='ltr'><strong>ὀλίγῳ</strong></span> <span class='ocrx_word' id='word_1_331' title='bbox 1227 2943 1308 3012; x_wconf 76' lang='grc' dir='ltr'><strong>τῷ</strong></span> <span class='ocrx_word' id='word_1_332' title='bbox 1352 2941 1488 2994; x_wconf 83' lang='grc' dir='ltr'><strong>κατά</strong></span> <span class='ocrx_word' id='word_1_333' title='bbox 1535 2939 1717 3016; x_wconf 75' lang='grc' dir='ltr'><strong>ἰσχὺν,</strong></span> <span class='ocrx_word' id='word_1_334' title='bbox 1767 2942 1856 2996; x_wconf 81' lang='grc' dir='ltr'><strong>καὶ</strong></span> <span class='ocrx_word' id='word_1_335' title='bbox 1889 2942 1939 2998; x_wconf 74' lang='grc' dir='ltr'><strong>ἐν</strong></span> 
     </span>
    </p>
   </div>
   <div class='ocr_carea' id='block_1_48' title="bbox 295 3028 1944 3106">
    <p class='ocr_par' dir='ltr' id='par_1_48' title="bbox 295 3028 1944 3106">
     <span class='ocr_line' id='line_1_48' title="bbox 295 3028 1944 3106; baseline 0.001 -20"><span class='ocrx_word' id='word_1_336' title='bbox 295 3031 429 3103; x_wconf 77' lang='grc' dir='ltr'><strong>αὐτῷ</strong></span> <span class='ocrx_word' id='word_1_337' title='bbox 457 3028 516 3086; x_wconf 76' lang='grc' dir='ltr'><strong>δὲ</strong></span> <span class='ocrx_word' id='word_1_338' title='bbox 546 3035 640 3103; x_wconf 79' lang='grc' dir='ltr'><strong>τῷ</strong></span> <span class='ocrx_word' id='word_1_339' title='bbox 684 3029 974 3105; x_wconf 78' lang='grc' dir='ltr'><strong>ὀλιγίστῳ,</strong></span> <span class='ocrx_word' id='word_1_340' title='bbox 1024 3030 1068 3084; x_wconf 86' lang='grc' dir='ltr'><strong>εἰ</strong></span> <span class='ocrx_word' id='word_1_341' title='bbox 1118 3030 1205 3084; x_wconf 85' lang='grc' dir='ltr'><strong>καὶ</strong></span> <span class='ocrx_word' id='word_1_342' title='bbox 1274 3029 1404 3084; x_wconf 76' lang='grc' dir='ltr'><strong>αὐτὸ</strong></span> <span class='ocrx_word' id='word_1_343' title='bbox 1465 3028 1672 3106; x_wconf 69' lang='grc' dir='ltr'><strong>ἱλαρῶς</strong></span> <span class='ocrx_word' id='word_1_344' title='bbox 1699 3030 1790 3086; x_wconf 69' lang='grc' dir='ltr'><strong>καὶ</strong></span> <span class='ocrx_word' id='word_1_345' title='bbox 1825 3029 1944 3087; x_wconf 82' lang='grc' dir='ltr'><strong>δια-</strong></span> 
     </span>
    </p>
   </div>
   <div class='ocr_carea' id='block_1_49' title="bbox 295 3117 1944 3197">
    <p class='ocr_par' dir='ltr' id='par_1_49' title="bbox 295 3117 1944 3197">
     <span class='ocr_line' id='line_1_49' title="bbox 295 3117 1944 3197; baseline 0 -22"><span class='ocrx_word' id='word_1_346' title='bbox 295 3125 544 3197; x_wconf 82' lang='grc' dir='ltr'><strong>κριτικῶς</strong></span> <span class='ocrx_word' id='word_1_347' title='bbox 607 3117 842 3178; x_wconf 86' lang='grc' dir='ltr'><strong>δίδοται.</strong></span> <span class='ocrx_word' id='word_1_348' title='bbox 881 3121 949 3178; x_wconf 71' lang='grc' dir='ltr'>*Ο</span> <span class='ocrx_word' id='word_1_349' title='bbox 999 3117 1057 3175; x_wconf 73' lang='grc' dir='ltr'><strong>δὲ</strong></span> <span class='ocrx_word' id='word_1_350' title='bbox 1112 3119 1163 3174; x_wconf 85' lang='grc' dir='ltr'><strong>ἐν</strong></span> <span class='ocrx_word' id='word_1_351' title='bbox 1205 3124 1322 3181; x_wconf 81' lang='grc' dir='ltr'><strong>τοῖς</strong></span> <span class='ocrx_word' id='word_1_352' title='bbox 1351 3119 1630 3185; x_wconf 72' lang='grc' dir='ltr'><strong>τοιούτοις</strong></span> <span class='ocrx_word' id='word_1_353' title='bbox 1661 3120 1737 3184; x_wconf 79' lang='grc' dir='ltr'><strong>εἷς</strong></span> <span class='ocrx_word' id='word_1_354' title='bbox 1771 3121 1944 3177; x_wconf 80' lang='grc' dir='ltr'><strong>νόστιο</strong></span> 
     </span>
    </p>
   </div>
   <div class='ocr_carea' id='block_1_50' title="bbox 300 3207 1568 3286">
    <p class='ocr_par' dir='ltr' id='par_1_50' title="bbox 300 3207 1568 3286">
     <span class='ocr_line' id='line_1_50' title="bbox 300 3207 1568 3286; baseline 0.002 -20"><span class='ocrx_word' id='word_1_355' title='bbox 300 3232 391 3285; x_wconf 88' lang='grc' dir='ltr'><strong>μον</strong></span> <span class='ocrx_word' id='word_1_356' title='bbox 420 3209 558 3274; x_wconf 76' lang='grc' dir='ltr'><strong>ἅλας</strong></span> <span class='ocrx_word' id='word_1_357' title='bbox 599 3209 894 3286; x_wconf 82' lang='grc' dir='ltr'><strong>λογίζεται,</strong></span> <span class='ocrx_word' id='word_1_358' title='bbox 930 3207 1061 3284; x_wconf 82' lang='grc' dir='ltr'><strong>μηδ’</strong></span> <span class='ocrx_word' id='word_1_359' title='bbox 1089 3211 1222 3265; x_wconf 86' lang='grc' dir='ltr'><strong>αὐτὸ</strong></span> <span class='ocrx_word' id='word_1_360' title='bbox 1247 3208 1568 3268; x_wconf 73' lang='grc' dir='ltr'><strong>ἐλλειπετω.</strong></span> 
     </span>
    </p>
   </div>
   <div class='ocr_carea' id='block_1_51' title="bbox 367 3315 1943 3394">
    <p class='ocr_par' dir='ltr' id='par_1_51' title="bbox 367 3315 1943 3394">
     <span class='ocr_line' id='line_1_51' title="bbox 367 3315 1943 3394; baseline 0.001 -21"><span class='ocrx_word' id='word_1_361' title='bbox 367 3315 469 3392; x_wconf 79' lang='grc' dir='ltr'><strong>μδ¹.</strong></span> <span class='ocrx_word' id='word_1_362' title='bbox 529 3320 693 3373; x_wconf 84' lang='grc' dir='ltr'><strong>Ἔστι</strong></span> <span class='ocrx_word' id='word_1_363' title='bbox 753 3315 812 3374; x_wconf 74' lang='grc' dir='ltr'>δὶ</span> <span class='ocrx_word' id='word_1_364' title='bbox 858 3315 1032 3372; x_wconf 85' lang='grc' dir='ltr'><strong>ἐκεῖνο</strong></span> <span class='ocrx_word' id='word_1_365' title='bbox 1079 3319 1113 3387; x_wconf 79' lang='grc' dir='ltr'>ἡ</span> <span class='ocrx_word' id='word_1_366' title='bbox 1165 3316 1368 3394; x_wconf 82' lang='grc' dir='ltr'><strong>ἀγάπη,</strong></span> <span class='ocrx_word' id='word_1_367' title='bbox 1414 3318 1477 3372; x_wconf 90' lang='grc' dir='ltr'><strong>τὸ</strong></span> <span class='ocrx_word' id='word_1_368' title='bbox 1507 3317 1595 3372; x_wconf 85' lang='grc' dir='ltr'><strong>καὶ</strong></span> <span class='ocrx_word' id='word_1_369' title='bbox 1629 3317 1943 3386; x_wconf 78' lang='grc' dir='ltr'><strong>εὐπόριστον</strong></span> 
     </span>
    </p>
   </div>
   <div class='ocr_carea' id='block_1_52' title="bbox 300 3403 1946 3486">
    <p class='ocr_par' dir='ltr' id='par_1_52' title="bbox 300 3403 1946 3486">
     <span class='ocr_line' id='line_1_52' title="bbox 300 3403 1946 3486; baseline -0.001 -23"><span class='ocrx_word' id='word_1_370' title='bbox 300 3408 512 3485; x_wconf 83' lang='grc' dir='ltr'><strong>ἀγαθὸν,</strong></span> <span class='ocrx_word' id='word_1_371' title='bbox 581 3405 732 3483; x_wconf 80' lang='grc' dir='ltr'><strong>εἶ’περ</strong></span> <span class='ocrx_word' id='word_1_372' title='bbox 790 3405 1050 3480; x_wconf 72' lang='grc' dir='ltr'><strong>ἐθέλομεν</strong></span> <span class='ocrx_word' id='word_1_373' title='bbox 1118 3403 1440 3462; x_wconf 70' lang='grc' dir='ltr'><strong>ἀναϐλέπειν</strong></span> <span class='ocrx_word' id='word_1_374' title='bbox 1509 3407 1596 3462; x_wconf 77' lang='grc' dir='ltr'><strong>καὶ</strong></span> <span class='ocrx_word' id='word_1_375' title='bbox 1665 3405 1946 3486; x_wconf 76' lang='grc' dir='ltr'><strong>ψηλαφᾷν,</strong></span> 
     </span>
    </p>
   </div>
   <div class='ocr_carea' id='block_1_53' title="bbox 299 3492 1945 3571">
    <p class='ocr_par' dir='ltr' id='par_1_53' title="bbox 299 3492 1945 3571">
     <span class='ocr_line' id='line_1_53' title="bbox 299 3492 1945 3571; baseline 0 -19"><span class='ocrx_word' id='word_1_376' title='bbox 299 3499 380 3551; x_wconf 81' lang='grc' dir='ltr'><strong>καὶ</strong></span> <span class='ocrx_word' id='word_1_377' title='bbox 427 3494 816 3571; x_wconf 80' lang='grc' dir='ltr'><strong>δυσπόριστον,</strong></span> <span class='ocrx_word' id='word_1_378' title='bbox 876 3492 986 3570; x_wconf 80' lang='grc' dir='ltr'><strong>εἷ’γε</strong></span> <span class='ocrx_word' id='word_1_379' title='bbox 1039 3495 1387 3569; x_wconf 67' lang='grc' dir='ltr'><strong>καταμύομεν</strong></span> <span class='ocrx_word' id='word_1_380' title='bbox 1444 3496 1534 3550; x_wconf 85' lang='grc' dir='ltr'><strong>καὶ</strong></span> <span class='ocrx_word' id='word_1_381' title='bbox 1586 3494 1945 3571; x_wconf 81' lang='grc' dir='ltr'><strong>διερευνώμε-</strong></span> 
     </span>
    </p>
   </div>
   <div class='ocr_carea' id='block_1_54' title="bbox 302 3582 1945 3660">
    <p class='ocr_par' dir='ltr' id='par_1_54' title="bbox 302 3582 1945 3660">
     <span class='ocr_line' id='line_1_54' title="bbox 302 3582 1945 3660; baseline 0.001 -22"><span class='ocrx_word' id='word_1_382' title='bbox 302 3586 363 3639; x_wconf 82' lang='grc' dir='ltr'><strong>θα</strong></span> <span class='ocrx_word' id='word_1_383' title='bbox 393 3605 406 3618; x_wconf 74' lang='grc'><strong><em>⁸</em></strong></span> <span class='ocrx_word' id='word_1_384' title='bbox 433 3585 558 3658; x_wconf 85' lang='grc' dir='ltr'><strong>περὶ</strong></span> <span class='ocrx_word' id='word_1_385' title='bbox 600 3585 668 3653; x_wconf 74' lang='grc' dir='ltr'><strong>ἧς</strong></span> <span class='ocrx_word' id='word_1_386' title='bbox 721 3583 946 3659; x_wconf 84' lang='grc' dir='ltr'><strong>μυρίους</strong></span> <span class='ocrx_word' id='word_1_387' title='bbox 997 3582 1154 3647; x_wconf 79' lang='grc' dir='ltr'><strong>ὅσους</strong></span> <span class='ocrx_word' id='word_1_388' title='bbox 1213 3585 1410 3660; x_wconf 83' lang='grc' dir='ltr'><strong>Λόγους</strong></span> <span class='ocrx_word' id='word_1_389' title='bbox 1451 3583 1690 3660; x_wconf 74' lang='grc' dir='ltr'><strong>χέαντες,</strong></span> <span class='ocrx_word' id='word_1_390' title='bbox 1737 3584 1836 3640; x_wconf 81' lang='grc' dir='ltr'><strong>οὐκ</strong></span> <span class='ocrx_word' id='word_1_391' title='bbox 1866 3585 1945 3640; x_wconf 73' lang='grc' dir='ltr'><strong>οἷ-</strong></span> 
     </span>
    </p>
   </div>
   <div class='ocr_carea' id='block_1_55' title="bbox 303 3670 1947 3750">
    <p class='ocr_par' dir='ltr' id='par_1_55' title="bbox 303 3670 1947 3750">
     <span class='ocr_line' id='line_1_55' title="bbox 303 3670 1947 3750; baseline 0.001 -22"><span class='ocrx_word' id='word_1_392' title='bbox 303 3670 561 3748; x_wconf 70' lang='grc' dir='ltr'><strong>δα,εῗ’περ</strong></span> <span class='ocrx_word' id='word_1_393' title='bbox 615 3674 712 3736; x_wconf 75' lang='grc' dir='ltr'><strong>τὰς</strong></span> <span class='ocrx_word' id='word_1_394' title='bbox 762 3673 839 3738; x_wconf 83' lang='grc' dir='ltr'><strong>είς</strong></span> <span class='ocrx_word' id='word_1_395' title='bbox 887 3670 1068 3748; x_wconf 75' lang='grc' dir='ltr'><strong>φιλίαν</strong></span> <span class='ocrx_word' id='word_1_396' title='bbox 1121 3673 1404 3750; x_wconf 82' lang='grc' dir='ltr'><strong>ἀτὲγκτους</strong></span> <span class='ocrx_word' id='word_1_397' title='bbox 1463 3673 1654 3749; x_wconf 83' lang='grc' dir='ltr'><strong>ψμχᾶς</strong></span> <span class='ocrx_word' id='word_1_398' title='bbox 1715 3673 1947 3750; x_wconf 80' lang='grc' dir='ltr'><strong>ὑγράνα-</strong></span> 
     </span>
    </p>
   </div>
   <div class='ocr_carea' id='block_1_56' title="bbox 307 3759 1950 3840">
    <p class='ocr_par' dir='ltr' id='par_1_56' title="bbox 307 3759 1950 3840">
     <span class='ocr_line' id='line_1_56' title="bbox 307 3759 1950 3840; baseline 0.001 -23"><span class='ocrx_word' id='word_1_399' title='bbox 307 3783 416 3836; x_wconf 81' lang='grc' dir='ltr'><strong>μεν,</strong></span> <span class='ocrx_word' id='word_1_400' title='bbox 462 3763 555 3818; x_wconf 74' lang='grc' dir='ltr'><strong>καὶ</strong></span> <span class='ocrx_word' id='word_1_401' title='bbox 613 3762 688 3824; x_wconf 77' lang='grc' dir='ltr'><strong>εἷς</strong></span> <span class='ocrx_word' id='word_1_402' title='bbox 736 3761 1010 3840; x_wconf 84' lang='grc' dir='ltr'><strong>κάρπιμον</strong></span> <span class='ocrx_word' id='word_1_403' title='bbox 1069 3759 1432 3836; x_wconf 81' lang='grc' dir='ltr'><strong>διηνοίξαμεν.</strong></span> <span class='ocrx_word' id='word_1_404' title='bbox 1478 3762 1692 3834; x_wconf 80' lang='grc' dir='ltr'><strong>Ταύτης</strong></span> <span class='ocrx_word' id='word_1_405' title='bbox 1740 3761 1950 3819; x_wconf 73' lang='grc' dir='ltr'><strong>ἐπιλει-</strong></span> 
     </span>
    </p>
   </div>
   <div class='ocr_carea' id='block_1_57' title="bbox 303 3851 1949 3929">
    <p class='ocr_par' dir='ltr' id='par_1_57' title="bbox 303 3851 1949 3929">
     <span class='ocr_line' id='line_1_57' title="bbox 303 3851 1949 3929; baseline 0.001 -22"><span class='ocrx_word' id='word_1_406' title='bbox 303 3852 528 3924; x_wconf 88' lang='grc' dir='ltr'><strong>πούσης,</strong></span> <span class='ocrx_word' id='word_1_407' title='bbox 625 3853 802 3926; x_wconf 86' lang='grc' dir='ltr'><strong>μάτην</strong></span> <span class='ocrx_word' id='word_1_408' title='bbox 888 3855 1200 3926; x_wconf 74' lang='grc' dir='ltr'><strong>πονήσομεν</strong></span> <span class='ocrx_word' id='word_1_409' title='bbox 1276 3851 1366 3907; x_wconf 81' lang='grc' dir='ltr'><strong>καὶ</strong></span> <span class='ocrx_word' id='word_1_410' title='bbox 1437 3852 1731 3929; x_wconf 82' lang='grc' dir='ltr'><strong>εὐχόμενοι</strong></span> <span class='ocrx_word' id='word_1_411' title='bbox 1767 3899 1781 3923; x_wconf 92' lang='grc'><strong>,</strong></span> <span class='ocrx_word' id='word_1_412' title='bbox 1859 3853 1949 3909; x_wconf 82' lang='grc' dir='ltr'><strong>καὶ</strong></span> 
     </span>
    </p>
   </div>
   <div class='ocr_carea' id='block_1_58' title="bbox 307 3942 1949 4022">
    <p class='ocr_par' dir='ltr' id='par_1_58' title="bbox 307 3942 1949 4022">
     <span class='ocr_line' id='line_1_58' title="bbox 307 3942 1949 4022; baseline 0.002 -26"><span class='ocrx_word' id='word_1_413' title='bbox 307 3943 679 4014; x_wconf 79' lang='grc' dir='ltr'><strong>νηστεύοντες,</strong></span> <span class='ocrx_word' id='word_1_414' title='bbox 737 3942 830 3998; x_wconf 83' lang='grc' dir='ltr'><strong>καὶ</strong></span> <span class='ocrx_word' id='word_1_415' title='bbox 888 3948 1328 4020; x_wconf 78' lang='grc' dir='ltr'><strong>γονυπετοῦντες,</strong></span> <span class='ocrx_word' id='word_1_416' title='bbox 1385 3943 1475 3998; x_wconf 78' lang='grc' dir='ltr'><strong>καὶ</strong></span> <span class='ocrx_word' id='word_1_417' title='bbox 1531 3943 1949 4022; x_wconf 76' lang='grc' dir='ltr'><strong>ἀγρυπνοῦντες,</strong></span> 
     </span>
    </p>
   </div>
   <div class='ocr_carea' id='block_1_59' title="bbox 303 4025 1948 4109">
    <p class='ocr_par' dir='ltr' id='par_1_59' title="bbox 303 4025 1948 4109">
     <span class='ocr_line' id='line_1_59' title="bbox 303 4025 1948 4109; baseline 0.002 -24"><span class='ocrx_word' id='word_1_418' title='bbox 303 4031 386 4085; x_wconf 82' lang='grc' dir='ltr'><strong>καὶ</strong></span> <span class='ocrx_word' id='word_1_419' title='bbox 433 4027 594 4087; x_wconf 79' lang='grc' dir='ltr'><strong>ἔλεον</strong></span> <span class='ocrx_word' id='word_1_420' title='bbox 636 4025 1110 4106; x_wconf 72' lang='grc' dir='ltr'><strong>προϐεϐλημένοι,</strong></span> <span class='ocrx_word' id='word_1_421' title='bbox 1169 4031 1258 4086; x_wconf 83' lang='grc' dir='ltr'><strong>καὶ</strong></span> <span class='ocrx_word' id='word_1_422' title='bbox 1318 4027 1521 4108; x_wconf 85' lang='grc' dir='ltr'><strong>δάκρυα</strong></span> <span class='ocrx_word' id='word_1_423' title='bbox 1572 4031 1900 4109; x_wconf 70' lang='grc' dir='ltr'><strong>προχέαντες</strong></span> <span class='ocrx_word' id='word_1_424' title='bbox 1931 4051 1948 4068; x_wconf 77' lang='grc' dir='ltr'><strong><em>ο</em></strong></span> 
     </span>
    </p>
   </div>
   <div class='ocr_carea' id='block_1_60' title="bbox 309 4117 1949 4197">
    <p class='ocr_par' dir='ltr' id='par_1_60' title="bbox 309 4117 1949 4197">
     <span class='ocr_line' id='line_1_60' title="bbox 309 4117 1949 4197; baseline 0.001 -21"><span class='ocrx_word' id='word_1_425' title='bbox 309 4118 367 4176; x_wconf 80' lang='grc' dir='ltr'><strong>οὐ</strong></span> <span class='ocrx_word' id='word_1_426' title='bbox 411 4120 510 4197; x_wconf 75' lang='grc' dir='ltr'><strong>γάρ</strong></span> <span class='ocrx_word' id='word_1_427' title='bbox 568 4117 628 4181; x_wconf 79' lang='grc' dir='ltr'><strong>ἃν</strong></span> <span class='ocrx_word' id='word_1_428' title='bbox 662 4118 747 4192; x_wconf 65' lang='grc' dir='ltr'><strong>εἴη</strong></span> <span class='ocrx_word' id='word_1_429' title='bbox 798 4121 890 4175; x_wconf 83' lang='grc' dir='ltr'><strong>τὸν</strong></span> <span class='ocrx_word' id='word_1_430' title='bbox 937 4118 1090 4194; x_wconf 85' lang='grc' dir='ltr'><strong>Θεὸν,</strong></span> <span class='ocrx_word' id='word_1_431' title='bbox 1139 4122 1238 4190; x_wconf 76' lang='grc' dir='ltr'><strong>τὴν</strong></span> <span class='ocrx_word' id='word_1_432' title='bbox 1300 4120 1672 4196; x_wconf 86' lang='grc' dir='ltr'><strong>αύτοαγάπην,</strong></span> <span class='ocrx_word' id='word_1_433' title='bbox 1719 4119 1949 4197; x_wconf 69' lang='grc' dir='ltr'><strong>προσδέ-</strong></span> 
     </span>
    </p>
   </div>
   <div class='ocr_carea' id='block_1_61' title="bbox 309 4208 1951 4286">
    <p class='ocr_par' dir='ltr' id='par_1_61' title="bbox 309 4208 1951 4286">
     <span class='ocr_line' id='line_1_61' title="bbox 309 4208 1951 4286; baseline 0.001 -22"><span class='ocrx_word' id='word_1_434' title='bbox 309 4208 486 4279; x_wconf 76' lang='grc' dir='ltr'><strong>ξασθαί</strong></span> <span class='ocrx_word' id='word_1_435' title='bbox 533 4231 590 4264; x_wconf 86' lang='grc' dir='ltr'><strong>τι</strong></span> <span class='ocrx_word' id='word_1_436' title='bbox 643 4209 704 4266; x_wconf 78' lang='grc' dir='ltr'><strong>ἐκ</strong></span> <span class='ocrx_word' id='word_1_437' title='bbox 755 4213 865 4266; x_wconf 85' lang='grc' dir='ltr'><strong>τῶν</strong></span> <span class='ocrx_word' id='word_1_438' title='bbox 921 4210 1020 4278; x_wconf 79' lang='grc' dir='ltr'><strong>τήν</strong></span> <span class='ocrx_word' id='word_1_439' title='bbox 1087 4209 1300 4286; x_wconf 89' lang='grc' dir='ltr'><strong>ἀγάπην</strong></span> <span class='ocrx_word' id='word_1_440' title='bbox 1360 4209 1801 4283; x_wconf 77' lang='grc' dir='ltr'><strong>ἐξουθενούντων,</strong></span> <span class='ocrx_word' id='word_1_441' title='bbox 1861 4211 1951 4266; x_wconf 86' lang='grc' dir='ltr'><strong>καὶ</strong></span> 
     </span>
    </p>
   </div>
   <div class='ocr_carea' id='block_1_62' title="bbox 307 4299 1947 4377">
    <p class='ocr_par' dir='ltr' id='par_1_62' title="bbox 307 4299 1947 4377">
     <span class='ocr_line' id='line_1_62' title="bbox 307 4299 1947 4377; baseline 0.002 -24"><span class='ocrx_word' id='word_1_442' title='bbox 307 4299 443 4356; x_wconf 61' lang='grc' dir='ltr'><strong>οὕτω</strong></span> <span class='ocrx_word' id='word_1_443' title='bbox 500 4301 1026 4374; x_wconf 79' lang='grc' dir='ltr'><strong>κατανωτιζομὲνων</strong></span> <span class='ocrx_word' id='word_1_444' title='bbox 1074 4301 1164 4354; x_wconf 86' lang='grc' dir='ltr'><strong>καὶ</strong></span> <span class='ocrx_word' id='word_1_445' title='bbox 1211 4301 1310 4370; x_wconf 84' lang='grc' dir='ltr'><strong>τήν</strong></span> <span class='ocrx_word' id='word_1_446' title='bbox 1343 4299 1394 4372; x_wconf 83' lang='grc' dir='ltr'>ἐξ</span> <span class='ocrx_word' id='word_1_447' title='bbox 1434 4299 1640 4356; x_wconf 83' lang='grc' dir='ltr'><strong>ἐκείνου</strong></span> <span class='ocrx_word' id='word_1_448' title='bbox 1675 4301 1947 4377; x_wconf 65' lang='grc' dir='ltr'><strong>βοήθειαν.</strong></span> 
     </span>
    </p>
   </div>
   <div class='ocr_carea' id='block_1_63' title="bbox 309 4388 1950 4469">
    <p class='ocr_par' dir='ltr' id='par_1_63' title="bbox 309 4388 1950 4469">
     <span class='ocr_line' id='line_1_63' title="bbox 309 4388 1950 4469; baseline 0.001 -25"><span class='ocrx_word' id='word_1_449' title='bbox 309 4390 548 4465; x_wconf 84' lang='grc' dir='ltr'><strong>Πονηροὶ</strong></span> <span class='ocrx_word' id='word_1_450' title='bbox 590 4390 642 4444; x_wconf 80' lang='grc' dir='ltr'><strong>οἱ</strong></span> <span class='ocrx_word' id='word_1_451' title='bbox 687 4391 761 4464; x_wconf 82' lang='grc' dir='ltr'><strong>μὴ</strong></span> <span class='ocrx_word' id='word_1_452' title='bbox 813 4390 1125 4466; x_wconf 79' lang='grc' dir='ltr'><strong>ἀγαπῶντες</strong></span> <span class='ocrx_word' id='word_1_453' title='bbox 1159 4409 1172 4422; x_wconf 81' lang='grc'><strong><em>⁸</em></strong></span> <span class='ocrx_word' id='word_1_454' title='bbox 1223 4391 1498 4466; x_wconf 86' lang='grc' dir='ltr'><strong>πονηροὺς</strong></span> <span class='ocrx_word' id='word_1_455' title='bbox 1528 4388 1585 4446; x_wconf 81' lang='grc' dir='ltr'><strong>ὃὶ</strong></span> <span class='ocrx_word' id='word_1_456' title='bbox 1612 4391 1640 4445; x_wconf 89' lang='lat'><strong>6</strong></span> <span class='ocrx_word' id='word_1_457' title='bbox 1672 4390 1858 4469; x_wconf 77' lang='grc' dir='ltr'><strong>φίλιος</strong></span> <span class='ocrx_word' id='word_1_458' title='bbox 1889 4391 1950 4446; x_wconf 86' lang='grc' dir='ltr'><strong>ού</strong></span> 
     </span>
    </p>
   </div>
   <div class='ocr_carea' id='block_1_64' title="bbox 309 4477 1953 4555">
    <p class='ocr_par' dir='ltr' id='par_1_64' title="bbox 309 4477 1953 4555">
     <span class='ocr_line' id='line_1_64' title="bbox 309 4477 1953 4555; baseline 0.002 -23"><span class='ocrx_word' id='word_1_459' title='bbox 309 4479 608 4553; x_wconf 85' lang='grc' dir='ltr'><strong>προσίεται.</strong></span> <span class='ocrx_word' id='word_1_460' title='bbox 640 4477 856 4536; x_wconf 80' lang='grc' dir='ltr'><strong>’Άδικοι</strong></span> <span class='ocrx_word' id='word_1_461' title='bbox 891 4480 942 4534; x_wconf 73' lang='grc' dir='ltr'><strong>οἱ</strong></span> <span class='ocrx_word' id='word_1_462' title='bbox 996 4480 1071 4553; x_wconf 79' lang='grc' dir='ltr'>μή</span> <span class='ocrx_word' id='word_1_463' title='bbox 1119 4480 1435 4555; x_wconf 85' lang='grc' dir='ltr'><strong>ἀγαπῶντες</strong></span> <span class='ocrx_word' id='word_1_464' title='bbox 1471 4497 1485 4513; x_wconf 80' lang='grc'><em>’</em></span> <span class='ocrx_word' id='word_1_465' title='bbox 1517 4477 1728 4544; x_wconf 87' lang='grc' dir='ltr'><strong>ἀδίκοις</strong></span> <span class='ocrx_word' id='word_1_466' title='bbox 1766 4478 1824 4535; x_wconf 72' lang='grc' dir='ltr'><strong>δὲ</strong></span> <span class='ocrx_word' id='word_1_467' title='bbox 1854 4479 1953 4535; x_wconf 85' lang='grc' dir='ltr'><strong>ούκ</strong></span> 
     </span>
    </p>
   </div>
   <div class='ocr_carea' id='block_1_65' title="bbox 309 4565 1949 4646">
    <p class='ocr_par' dir='ltr' id='par_1_65' title="bbox 309 4565 1949 4646">
     <span class='ocr_line' id='line_1_65' title="bbox 309 4565 1949 4646; baseline 0.002 -25"><span class='ocrx_word' id='word_1_468' title='bbox 309 4565 606 4642; x_wconf 71' lang='grc' dir='ltr'><strong>ἐπιλάμπει</strong></span> <span class='ocrx_word' id='word_1_469' title='bbox 649 4568 677 4623; x_wconf 91' lang='lat'><strong>6</strong></span> <span class='ocrx_word' id='word_1_470' title='bbox 727 4575 830 4640; x_wconf 82' lang='grc' dir='ltr'><strong>τῆς</strong></span> <span class='ocrx_word' id='word_1_471' title='bbox 880 4567 1228 4640; x_wconf 81' lang='grc' dir='ltr'><strong>ὃικαίοσύνης</strong></span> <span class='ocrx_word' id='word_1_472' title='bbox 1281 4567 1466 4638; x_wconf 73' lang='grc' dir='ltr'><strong>ἥλιος.</strong></span> <span class='ocrx_word' id='word_1_473' title='bbox 1525 4567 1693 4628; x_wconf 73' lang='grc' dir='ltr'><strong>Οὐδὲν</strong></span> <span class='ocrx_word' id='word_1_474' title='bbox 1755 4570 1949 4646; x_wconf 83' lang='grc' dir='ltr'><strong>ἀγαθὸν</strong></span> 
     </span>
    </p>
   </div>
   <div class='ocr_carea' id='block_1_66' title="bbox 309 4655 1949 4735">
    <p class='ocr_par' dir='ltr' id='par_1_66' title="bbox 309 4655 1949 4735">
     <span class='ocr_line' id='line_1_66' title="bbox 309 4655 1949 4735; baseline 0.002 -25"><span class='ocrx_word' id='word_1_475' title='bbox 309 4657 450 4731; x_wconf 83' lang='grc' dir='ltr'><strong>παρά</strong></span> <span class='ocrx_word' id='word_1_476' title='bbox 490 4663 612 4722; x_wconf 80' lang='grc' dir='ltr'><strong>τοῖς</strong></span> <span class='ocrx_word' id='word_1_477' title='bbox 665 4659 740 4731; x_wconf 74' lang='grc' dir='ltr'>μή</span> <span class='ocrx_word' id='word_1_478' title='bbox 794 4659 1072 4734; x_wconf 85' lang='grc' dir='ltr'><strong>ἀγαπῶσιν</strong></span> <span class='ocrx_word' id='word_1_479' title='bbox 1109 4679 1122 4692; x_wconf 72' lang='grc' dir='ltr'><strong>ο</strong></span> <span class='ocrx_word' id='word_1_480' title='bbox 1175 4659 1204 4712; x_wconf 85' lang='grc' dir='ltr'><strong>ό</strong></span> <span class='ocrx_word' id='word_1_481' title='bbox 1259 4655 1317 4713; x_wconf 70' lang='grc' dir='ltr'><strong>δὶ</strong></span> <span class='ocrx_word' id='word_1_482' title='bbox 1364 4657 1496 4721; x_wconf 85' lang='grc' dir='ltr'><strong>Θεὸς</strong></span> <span class='ocrx_word' id='word_1_483' title='bbox 1537 4659 1748 4735; x_wconf 81' lang='grc' dir='ltr'><strong>ἀγαθῶν</strong></span> <span class='ocrx_word' id='word_1_484' title='bbox 1783 4659 1949 4714; x_wconf 66' lang='grc' dir='ltr'><strong>ἀπάθ-</strong></span> 
     </span>
    </p>
   </div>
   <div class='ocr_carea' id='block_1_67' title="bbox 309 4745 1950 4823">
    <p class='ocr_par' dir='ltr' id='par_1_67' title="bbox 309 4745 1950 4823">
     <span class='ocr_line' id='line_1_67' title="bbox 309 4745 1950 4823; baseline 0.003 -24"><span class='ocrx_word' id='word_1_485' title='bbox 309 4765 410 4800; x_wconf 89' lang='grc' dir='ltr'><strong>των</strong></span> <span class='ocrx_word' id='word_1_486' title='bbox 439 4746 638 4810; x_wconf 72' lang='grc' dir='ltr'><strong>αἴτιος.</strong></span> <span class='ocrx_word' id='word_1_487' title='bbox 665 4747 934 4802; x_wconf 72' lang='grc' dir='ltr'><strong>Κοινωνία</strong></span> <span class='ocrx_word' id='word_1_488' title='bbox 963 4745 1056 4802; x_wconf 76' lang='grc' dir='ltr'><strong>οὖν</strong></span> <span class='ocrx_word' id='word_1_489' title='bbox 1085 4745 1314 4820; x_wconf 83' lang='grc' dir='ltr'><strong>οὐδεμία</strong></span> <span class='ocrx_word' id='word_1_490' title='bbox 1353 4753 1470 4810; x_wconf 84' lang='grc' dir='ltr'><strong>τοῖς</strong></span> <span class='ocrx_word' id='word_1_491' title='bbox 1517 4747 1791 4813; x_wconf 88' lang='grc' dir='ltr'><strong>τοιούτοις</strong></span> <span class='ocrx_word' id='word_1_492' title='bbox 1813 4749 1950 4823; x_wconf 87' lang='grc' dir='ltr'><strong>πρὸς</strong></span> 
     </span>
    </p>
   </div>
   <div class='ocr_carea' id='block_1_68' title="bbox 311 4835 1952 4914">
    <p class='ocr_par' dir='ltr' id='par_1_68' title="bbox 311 4835 1952 4914">
     <span class='ocr_line' id='line_1_68' title="bbox 311 4835 1952 4914; baseline 0.004 -26"><span class='ocrx_word' id='word_1_493' title='bbox 311 4835 395 4890; x_wconf 87' lang='grc' dir='ltr'><strong>τὸν</strong></span> <span class='ocrx_word' id='word_1_494' title='bbox 446 4837 600 4894; x_wconf 88' lang='grc' dir='ltr'><strong>Θεόν.</strong></span> <span class='ocrx_word' id='word_1_495' title='bbox 658 4837 1000 4908; x_wconf 84' lang='grc' dir='ltr'><strong>Βοηθητικὸν</strong></span> <span class='ocrx_word' id='word_1_496' title='bbox 1052 4839 1086 4908; x_wconf 85' lang='grc' dir='ltr'><strong>ἡ</strong></span> <span class='ocrx_word' id='word_1_497' title='bbox 1139 4836 1341 4914; x_wconf 83' lang='grc' dir='ltr'><strong>ἀγάπη,</strong></span> <span class='ocrx_word' id='word_1_498' title='bbox 1386 4835 1685 4913; x_wconf 84' lang='grc' dir='ltr'><strong>ἐπικουρεῖ,</strong></span> <span class='ocrx_word' id='word_1_499' title='bbox 1734 4860 1952 4913; x_wconf 87' lang='grc' dir='ltr'><strong>συμμα-</strong></span> 
     </span>
    </p>
   </div>
   <div class='ocr_carea' id='block_1_69' title="bbox 310 4926 1950 5005">
    <p class='ocr_par' dir='ltr' id='par_1_69' title="bbox 310 4926 1950 5005">
     <span class='ocr_line' id='line_1_69' title="bbox 310 4926 1950 5005; baseline 0.002 -26"><span class='ocrx_word' id='word_1_500' title='bbox 310 4930 418 4999; x_wconf 85' lang='grc' dir='ltr'><strong>χεῖ,</strong></span> <span class='ocrx_word' id='word_1_501' title='bbox 467 4928 685 5002; x_wconf 82' lang='grc' dir='ltr'><strong>Θερμῶς</strong></span> <span class='ocrx_word' id='word_1_502' title='bbox 754 4927 1061 5004; x_wconf 83' lang='grc' dir='ltr'><strong>ὑπερπενεῖ.</strong></span> <span class='ocrx_word' id='word_1_503' title='bbox 1132 4932 1381 4982; x_wconf 86' lang='grc' dir='ltr'><strong>Πονεῖται</strong></span> <span class='ocrx_word' id='word_1_504' title='bbox 1459 4926 1755 5003; x_wconf 82' lang='grc' dir='ltr'><strong>ὁλοψύχως</strong></span> <span class='ocrx_word' id='word_1_505' title='bbox 1819 4928 1950 5005; x_wconf 73' lang='grc' dir='ltr'><strong>ὑπὲρ</strong></span> 
     </span>
    </p>
   </div>
   <div class='ocr_carea' id='block_1_70' title="bbox 311 5015 1950 5094">
    <p class='ocr_par' dir='ltr' id='par_1_70' title="bbox 311 5015 1950 5094">
     <span class='ocr_line' id='line_1_70' title="bbox 311 5015 1950 5094; baseline 0.004 -27"><span class='ocrx_word' id='word_1_506' title='bbox 311 5018 412 5068; x_wconf 87' lang='grc' dir='ltr'><strong>τῶν</strong></span> <span class='ocrx_word' id='word_1_507' title='bbox 445 5015 848 5092; x_wconf 73' lang='grc' dir='ltr'><strong>ἀγαπωμένων.</strong></span> <span class='ocrx_word' id='word_1_508' title='bbox 881 5016 971 5072; x_wconf 86' lang='grc' dir='ltr'><strong>καὶ</strong></span> <span class='ocrx_word' id='word_1_509' title='bbox 1016 5018 1117 5087; x_wconf 79' lang='grc' dir='ltr'><strong>τήν</strong></span> <span class='ocrx_word' id='word_1_510' title='bbox 1161 5018 1347 5093; x_wconf 74' lang='grc' dir='ltr'><strong>ψυχὴν</strong></span> <span class='ocrx_word' id='word_1_511' title='bbox 1381 5016 1545 5072; x_wconf 76' lang='grc' dir='ltr'><strong>αὑτοῦ</strong></span> <span class='ocrx_word' id='word_1_512' title='bbox 1568 5016 1781 5088; x_wconf 86' lang='grc' dir='ltr'><strong>τίθησιν</strong></span> <span class='ocrx_word' id='word_1_513' title='bbox 1818 5018 1950 5094; x_wconf 74' lang='grc' dir='ltr'><strong>ὑπὲρ</strong></span> 
     </span>
    </p>
   </div>
   <div class='ocr_carea' id='block_1_71' title="bbox 312 5102 1951 5184">
    <p class='ocr_par' dir='ltr' id='par_1_71' title="bbox 312 5102 1951 5184">
     <span class='ocr_line' id='line_1_71' title="bbox 312 5102 1951 5184; baseline 0.002 -26"><span class='ocrx_word' id='word_1_514' title='bbox 312 5102 481 5160; x_wconf 67' lang='grc' dir='ltr'><strong>αὐτῶν</strong></span> <span class='ocrx_word' id='word_1_515' title='bbox 511 5125 526 5139; x_wconf 86' lang='grc'><strong>·</strong></span> <span class='ocrx_word' id='word_1_516' title='bbox 559 5107 733 5163; x_wconf 86' lang='grc' dir='ltr'><strong>πάντα</strong></span> <span class='ocrx_word' id='word_1_517' title='bbox 772 5107 995 5184; x_wconf 81' lang='grc' dir='ltr'><strong>πάσχει,</strong></span> <span class='ocrx_word' id='word_1_518' title='bbox 1047 5105 1220 5162; x_wconf 83' lang='grc' dir='ltr'><strong>πάντα</strong></span> <span class='ocrx_word' id='word_1_519' title='bbox 1269 5112 1436 5176; x_wconf 83' lang='grc' dir='ltr'><strong>ποιεῖ,</strong></span> <span class='ocrx_word' id='word_1_520' title='bbox 1493 5107 1666 5162; x_wconf 88' lang='grc' dir='ltr'><strong>πάντα</strong></span> <span class='ocrx_word' id='word_1_521' title='bbox 1698 5107 1951 5182; x_wconf 76' lang='grc' dir='ltr'><strong>ὑπομένει</strong></span> 
     </span>
    </p>
   </div>
   <div class='ocr_carea' id='block_1_72' title="bbox 315 5192 612 5270">
    <p class='ocr_par' dir='ltr' id='par_1_72' title="bbox 315 5192 612 5270">
     <span class='ocr_line' id='line_1_72' title="bbox 315 5192 612 5270; baseline 0.024 -24"><span class='ocrx_word' id='word_1_522' title='bbox 315 5192 342 5246; x_wconf 87' lang='lat'><strong>6</strong></span> <span class='ocrx_word' id='word_1_523' title='bbox 372 5193 589 5270; x_wconf 87' lang='grc' dir='ltr'><strong>ἀγαπῶν</strong></span> <span class='ocrx_word' id='word_1_524' title='bbox 599 5240 612 5254; x_wconf 93' lang='grc'><strong>.</strong></span> 
     </span>
    </p>
   </div>
   <div class='ocr_carea' id='block_1_73' title="bbox 385 5371 1949 5456">
    <p class='ocr_par' dir='ltr' id='par_1_73' title="bbox 385 5371 1949 5456">
     <span class='ocr_line' id='line_1_73' title="bbox 385 5371 1949 5456; baseline -0.001 -26"><span class='ocrx_word' id='word_1_525' title='bbox 385 5374 482 5445; x_wconf 73' lang='grc' dir='ltr'><strong>με’.</strong></span> <span class='ocrx_word' id='word_1_526' title='bbox 510 5375 577 5432; x_wconf 89' lang='grc' dir='ltr'><strong>Τί</strong></span> <span class='ocrx_word' id='word_1_527' title='bbox 605 5374 664 5430; x_wconf 73' lang='grc' dir='ltr'><strong>ἂν</strong></span> <span class='ocrx_word' id='word_1_528' title='bbox 693 5375 940 5456; x_wconf 78' lang='grc' dir='ltr'><strong>ὠφελοίη</strong></span> <span class='ocrx_word' id='word_1_529' title='bbox 975 5379 1106 5447; x_wconf 82' lang='grc' dir='ltr'><strong>ζῶν,</strong></span> <span class='ocrx_word' id='word_1_530' title='bbox 1136 5371 1173 5445; x_wconf 72' lang='grc' dir='ltr'>ἤ</span> <span class='ocrx_word' id='word_1_531' title='bbox 1203 5373 1286 5437; x_wconf 90' lang='grc' dir='ltr'><strong>τίς</strong></span> <span class='ocrx_word' id='word_1_532' title='bbox 1325 5375 1489 5431; x_wconf 76' lang='grc' dir='ltr'><strong>αὐτοῦ</strong></span> <span class='ocrx_word' id='word_1_533' title='bbox 1519 5373 1679 5451; x_wconf 90' lang='grc' dir='ltr'><strong>χρεία</strong></span> <span class='ocrx_word' id='word_1_534' title='bbox 1706 5373 1758 5430; x_wconf 85' lang='grc' dir='ltr'><strong>ἐν</strong></span> <span class='ocrx_word' id='word_1_535' title='bbox 1797 5375 1902 5452; x_wconf 88' lang='grc' dir='ltr'><strong>βίῳ</strong></span> <span class='ocrx_word' id='word_1_536' title='bbox 1935 5394 1949 5446; x_wconf 85' lang='grc'><strong>;</strong></span> 
     </span>
    </p>
   </div>
   <div class='ocr_carea' id='block_1_74' title="bbox 314 5461 1948 5542">
    <p class='ocr_par' dir='ltr' id='par_1_74' title="bbox 314 5461 1948 5542">
     <span class='ocr_line' id='line_1_74' title="bbox 314 5461 1948 5542; baseline 0.002 -26"><span class='ocrx_word' id='word_1_537' title='bbox 314 5461 498 5536; x_wconf 80' lang='grc' dir='ltr'><strong>Ὁρᾶτε</strong></span> <span class='ocrx_word' id='word_1_538' title='bbox 527 5465 659 5540; x_wconf 85' lang='grc' dir='ltr'><strong>πρὸς</strong></span> <span class='ocrx_word' id='word_1_539' title='bbox 688 5467 751 5522; x_wconf 85' lang='grc' dir='ltr'><strong>τὸ</strong></span> <span class='ocrx_word' id='word_1_540' title='bbox 804 5465 895 5522; x_wconf 85' lang='grc' dir='ltr'><strong>καὶ</strong></span> <span class='ocrx_word' id='word_1_541' title='bbox 942 5469 1162 5542; x_wconf 86' lang='grc' dir='ltr'><strong>πρῶτον</strong></span> <span class='ocrx_word' id='word_1_542' title='bbox 1209 5464 1298 5520; x_wconf 86' lang='grc' dir='ltr'><strong>καὶ</strong></span> <span class='ocrx_word' id='word_1_543' title='bbox 1359 5463 1522 5538; x_wconf 84' lang='grc' dir='ltr'><strong>μόνον</strong></span> <span class='ocrx_word' id='word_1_544' title='bbox 1571 5466 1660 5520; x_wconf 83' lang='grc' dir='ltr'><strong>καὶ</strong></span> <span class='ocrx_word' id='word_1_545' title='bbox 1696 5465 1948 5541; x_wconf 76' lang='grc' dir='ltr'><strong>μέγιστον</strong></span> 
     </span>
    </p>
   </div>
   <div class='ocr_carea' id='block_1_75' title="bbox 317 5545 1949 5631">
    <p class='ocr_par' dir='ltr' id='par_1_75' title="bbox 317 5545 1949 5631">
     <span class='ocr_line' id='line_1_75' title="bbox 317 5545 1949 5631; baseline 0.005 -30"><span class='ocrx_word' id='word_1_546' title='bbox 317 5545 368 5601; x_wconf 73' lang='grc' dir='ltr'><strong>ἰν</strong></span> <span class='ocrx_word' id='word_1_547' title='bbox 397 5555 510 5613; x_wconf 82' lang='grc' dir='ltr'><strong>τοῖς</strong></span> <span class='ocrx_word' id='word_1_548' title='bbox 555 5549 674 5628; x_wconf 74' lang='grc' dir='ltr'><strong>ἄρτι</strong></span> <span class='ocrx_word' id='word_1_549' title='bbox 731 5551 1098 5631; x_wconf 81' lang='grc' dir='ltr'><strong>παράδειγμα,</strong></span> <span class='ocrx_word' id='word_1_550' title='bbox 1147 5553 1238 5608; x_wconf 85' lang='grc' dir='ltr'><strong>τὸν</strong></span> <span class='ocrx_word' id='word_1_551' title='bbox 1294 5551 1688 5629; x_wconf 79' lang='grc' dir='ltr'><strong>αὐτοκράτορα,</strong></span> <span class='ocrx_word' id='word_1_552' title='bbox 1729 5551 1787 5615; x_wconf 82' lang='grc' dir='ltr'><strong>ὃς</strong></span> <span class='ocrx_word' id='word_1_553' title='bbox 1816 5551 1949 5629; x_wconf 75' lang='grc' dir='ltr'><strong>ἀγα-</strong></span> 
     </span>
    </p>
   </div>
   <div class='ocr_carea' id='block_1_76' title="bbox 319 5641 1953 5719">
    <p class='ocr_par' dir='ltr' id='par_1_76' title="bbox 319 5641 1953 5719">
     <span class='ocr_line' id='line_1_76' title="bbox 319 5641 1953 5719; baseline 0.006 -29"><span class='ocrx_word' id='word_1_554' title='bbox 319 5641 434 5692; x_wconf 87' lang='grc' dir='ltr'><strong>πῶν</strong></span> <span class='ocrx_word' id='word_1_555' title='bbox 461 5641 550 5697; x_wconf 83' lang='grc' dir='ltr'><strong>τὸν</strong></span> <span class='ocrx_word' id='word_1_556' title='bbox 577 5642 807 5719; x_wconf 82' lang='grc' dir='ltr'><strong>κόσμον,</strong></span> <span class='ocrx_word' id='word_1_557' title='bbox 860 5642 949 5699; x_wconf 76' lang='grc' dir='ltr'><strong>οἶα</strong></span> <span class='ocrx_word' id='word_1_558' title='bbox 997 5641 1088 5698; x_wconf 79' lang='grc' dir='ltr'><strong>καὶ</strong></span> <span class='ocrx_word' id='word_1_559' title='bbox 1133 5642 1212 5708; x_wconf 76' lang='grc' dir='ltr'><strong>εἷς</strong></span> <span class='ocrx_word' id='word_1_560' title='bbox 1258 5645 1377 5708; x_wconf 82' lang='grc' dir='ltr'><strong>θεὸν</strong></span> <span class='ocrx_word' id='word_1_561' title='bbox 1410 5642 1556 5718; x_wconf 77' lang='grc' dir='ltr'><strong>αὐτῷ</strong></span> <span class='ocrx_word' id='word_1_562' title='bbox 1585 5641 1953 5719; x_wconf 65' lang='grc' dir='ltr'><strong>ἐπικεκλημέ-</strong></span> 
     </span>
    </p>
   </div>
   <div class='ocr_carea' id='block_1_77' title="bbox 320 5731 1952 5812">
    <p class='ocr_par' dir='ltr' id='par_1_77' title="bbox 320 5731 1952 5812">
     <span class='ocr_line' id='line_1_77' title="bbox 320 5731 1952 5812; baseline -0.001 -20"><span class='ocrx_word' id='word_1_563' title='bbox 320 5745 410 5792; x_wconf 71' lang='grc' dir='ltr'><strong>νθς</strong></span> <span class='ocrx_word' id='word_1_564' title='bbox 457 5732 587 5804; x_wconf 76' lang='grc' dir='ltr'><strong>μετὰ</strong></span> <span class='ocrx_word' id='word_1_565' title='bbox 635 5735 728 5790; x_wconf 85' lang='grc' dir='ltr'><strong>τὸν</strong></span> <span class='ocrx_word' id='word_1_566' title='bbox 799 5732 1214 5810; x_wconf 81' lang='grc' dir='ltr'><strong>ὁπερουπάνιον,</strong></span> <span class='ocrx_word' id='word_1_567' title='bbox 1293 5731 1478 5790; x_wconf 80' lang='grc' dir='ltr'><strong>οὐσίαν</strong></span> <span class='ocrx_word' id='word_1_568' title='bbox 1538 5732 1718 5812; x_wconf 76' lang='grc' dir='ltr'><strong>ὥσπερ</strong></span> <span class='ocrx_word' id='word_1_569' title='bbox 1777 5733 1952 5809; x_wconf 73' lang='grc' dir='ltr'><strong>ὶαυτῷ</strong></span> 
     </span>
    </p>
   </div>
   <div class='ocr_carea' id='block_1_78' title="bbox 1982 4619 2030 4686">
    <p class='ocr_par' dir='ltr' id='par_1_78' title="bbox 1982 4619 2030 4686">
     <span class='ocr_line' id='line_1_78' title="bbox 1982 4619 2030 4686; baseline 0 -2"><span class='ocrx_word' id='word_1_570' title='bbox 1982 4619 2030 4686; x_wconf 93' lang='lat' dir='ltr'><strong>D</strong></span> 
     </span>
    </p>
   </div>
   <div class='ocr_carea' id='block_1_79' title="bbox 2121 2052 3699 2125">
    <p class='ocr_par' dir='ltr' id='par_1_79' title="bbox 2121 2052 3699 2125">
     <span class='ocr_line' id='line_1_79' title="bbox 2121 2052 3699 2125; baseline 0.001 -18"><span class='ocrx_word' id='word_1_571' title='bbox 2121 2053 2209 2109; x_wconf 72' lang='lat'><strong>43.</strong></span> <span class='ocrx_word' id='word_1_572' title='bbox 2247 2053 2560 2125; x_wconf 88' lang='lat' dir='ltr'><strong>Hucusque</strong></span> <span class='ocrx_word' id='word_1_573' title='bbox 2608 2070 2740 2109; x_wconf 91' lang='lat' dir='ltr'><strong>vero</strong></span> <span class='ocrx_word' id='word_1_574' title='bbox 2789 2053 2860 2108; x_wconf 93' lang='lat' dir='ltr'><strong>de</strong></span> <span class='ocrx_word' id='word_1_575' title='bbox 2909 2068 3070 2109; x_wconf 88' lang='lat' dir='ltr'><strong>more</strong></span> <span class='ocrx_word' id='word_1_576' title='bbox 3117 2052 3367 2125; x_wconf 76' lang='lat' dir='ltr'><strong>praedico</strong></span> <span class='ocrx_word' id='word_1_577' title='bbox 3411 2052 3597 2122; x_wconf 89' lang='lat' dir='ltr'><strong>vobis,</strong></span> <span class='ocrx_word' id='word_1_578' title='bbox 3633 2055 3699 2108; x_wconf 92' lang='lat' dir='ltr'><strong>ut</strong></span> 
     </span>
    </p>
   </div>
   <div class='ocr_carea' id='block_1_80' title="bbox 2050 2141 3696 2215">
    <p class='ocr_par' dir='ltr' id='par_1_80' title="bbox 2050 2141 3696 2215">
     <span class='ocr_line' id='line_1_80' title="bbox 2050 2141 3696 2215; baseline -0.001 -19"><span class='ocrx_word' id='word_1_579' title='bbox 2050 2141 2458 2215; x_wconf 78' lang='lat' dir='ltr'><strong>praeparemini</strong></span> <span class='ocrx_word' id='word_1_580' title='bbox 2489 2142 2558 2198; x_wconf 91' lang='lat' dir='ltr'><strong>ad</strong></span> <span class='ocrx_word' id='word_1_581' title='bbox 2592 2143 3137 2214; x_wconf 87' lang='lat' dir='ltr'><strong>instantemjejunii</strong></span> <span class='ocrx_word' id='word_1_582' title='bbox 3170 2141 3696 2198; x_wconf 83' lang='lat' dir='ltr'><strong>sanctiﬁcationem</strong></span> 
     </span>
    </p>
   </div>
   <div class='ocr_carea' id='block_1_81' title="bbox 2049 2230 3696 2302">
    <p class='ocr_par' dir='ltr' id='par_1_81' title="bbox 2049 2230 3696 2302">
     <span class='ocr_line' id='line_1_81' title="bbox 2049 2230 3696 2302; baseline -0.001 -18"><span class='ocrx_word' id='word_1_583' title='bbox 2049 2230 2167 2286; x_wconf 88' lang='lat' dir='ltr'><strong>illis</strong></span> <span class='ocrx_word' id='word_1_584' title='bbox 2200 2230 2411 2297; x_wconf 90' lang='lat' dir='ltr'><strong>modis,</strong></span> <span class='ocrx_word' id='word_1_585' title='bbox 2443 2231 2608 2302; x_wconf 89' lang='lat' dir='ltr'><strong>queis</strong></span> <span class='ocrx_word' id='word_1_586' title='bbox 2639 2231 2802 2286; x_wconf 91' lang='lat' dir='ltr'><strong>vobis</strong></span> <span class='ocrx_word' id='word_1_587' title='bbox 2849 2231 3118 2287; x_wconf 88' lang='lat' dir='ltr'><strong>adulator</strong></span> <span class='ocrx_word' id='word_1_588' title='bbox 3164 2230 3506 2302; x_wconf 88' lang='lat' dir='ltr'><strong>suppositus</strong></span> <span class='ocrx_word' id='word_1_589' title='bbox 3539 2244 3696 2284; x_wconf 88' lang='lat' dir='ltr'><strong>sum.</strong></span> 
     </span>
    </p>
   </div>
   <div class='ocr_carea' id='block_1_82' title="bbox 2050 2315 3700 2392">
    <p class='ocr_par' dir='ltr' id='par_1_82' title="bbox 2050 2315 3700 2392">
     <span class='ocr_line' id='line_1_82' title="bbox 2050 2315 3700 2392; baseline -0.002 -18"><span class='ocrx_word' id='word_1_590' title='bbox 2050 2319 2174 2374; x_wconf 87' lang='lat' dir='ltr'><strong>Non</strong></span> <span class='ocrx_word' id='word_1_591' title='bbox 2206 2321 2363 2376; x_wconf 88' lang='lat' dir='ltr'><strong>enim</strong></span> <span class='ocrx_word' id='word_1_592' title='bbox 2394 2320 2580 2375; x_wconf 89' lang='lat' dir='ltr'><strong>habeo</strong></span> <span class='ocrx_word' id='word_1_593' title='bbox 2610 2319 2800 2376; x_wconf 91' lang='lat' dir='ltr'><strong>dicere</strong></span> <span class='ocrx_word' id='word_1_594' title='bbox 2848 2319 3169 2392; x_wconf 89' lang='lat' dir='ltr'><strong>quidquam</strong></span> <span class='ocrx_word' id='word_1_595' title='bbox 3201 2319 3320 2376; x_wconf 89' lang='lat' dir='ltr'><strong>illis</strong></span> <span class='ocrx_word' id='word_1_596' title='bbox 3365 2319 3578 2375; x_wconf 88' lang='lat' dir='ltr'><strong>melius</strong></span> <span class='ocrx_word' id='word_1_597' title='bbox 3608 2315 3700 2374; x_wconf 90' lang='lat' dir='ltr'><strong>vel</strong></span> 
     </span>
    </p>
   </div>
   <div class='ocr_carea' id='block_1_83' title="bbox 2051 2407 3698 2480">
    <p class='ocr_par' dir='ltr' id='par_1_83' title="bbox 2051 2407 3698 2480">
     <span class='ocr_line' id='line_1_83' title="bbox 2051 2407 3698 2480; baseline -0.001 -17"><span class='ocrx_word' id='word_1_598' title='bbox 2051 2409 2382 2480; x_wconf 87' lang='lat' dir='ltr'><strong>perfectius.</strong></span> <span class='ocrx_word' id='word_1_599' title='bbox 2416 2408 2502 2464; x_wconf 87' lang='lat' dir='ltr'><strong>Sit</strong></span> <span class='ocrx_word' id='word_1_600' title='bbox 2549 2413 2741 2464; x_wconf 89' lang='lat' dir='ltr'><strong>autem</strong></span> <span class='ocrx_word' id='word_1_601' title='bbox 2775 2409 2940 2464; x_wconf 91' lang='lat' dir='ltr'><strong>vobis</strong></span> <span class='ocrx_word' id='word_1_602' title='bbox 2980 2409 3194 2479; x_wconf 88' lang='lat' dir='ltr'><strong>jejunii</strong></span> <span class='ocrx_word' id='word_1_603' title='bbox 3245 2412 3358 2464; x_wconf 91' lang='lat' dir='ltr'><strong>Deo</strong></span> <span class='ocrx_word' id='word_1_604' title='bbox 3411 2407 3698 2480; x_wconf 86' lang='lat' dir='ltr'><strong>placentis</strong></span> 
     </span>
    </p>
   </div>
   <div class='ocr_carea' id='block_1_84' title="bbox 2051 2497 3699 2570">
    <p class='ocr_par' dir='ltr' id='par_1_84' title="bbox 2051 2497 3699 2570">
     <span class='ocr_line' id='line_1_84' title="bbox 2051 2497 3699 2570; baseline 0 -18"><span class='ocrx_word' id='word_1_605' title='bbox 2051 2497 2490 2553; x_wconf 89' lang='lat' dir='ltr'><strong>condimentum</strong></span> <span class='ocrx_word' id='word_1_606' title='bbox 2539 2515 2653 2554; x_wconf 90' lang='lat' dir='ltr'><strong>non</strong></span> <span class='ocrx_word' id='word_1_607' title='bbox 2705 2497 2894 2554; x_wconf 88' lang='lat' dir='ltr'><strong>solum</strong></span> <span class='ocrx_word' id='word_1_608' title='bbox 2949 2497 3061 2553; x_wconf 90' lang='lat' dir='ltr'><strong>cibi</strong></span> <span class='ocrx_word' id='word_1_609' title='bbox 3115 2498 3390 2570; x_wconf 88' lang='lat' dir='ltr'><strong>parcitas,</strong></span> <span class='ocrx_word' id='word_1_610' title='bbox 3422 2502 3478 2553; x_wconf 85' lang='lat' dir='ltr'><strong>et</strong></span> <span class='ocrx_word' id='word_1_611' title='bbox 3527 2497 3699 2552; x_wconf 79' lang='lat' dir='ltr'><strong>firma</strong></span> 
     </span>
    </p>
   </div>
   <div class='ocr_carea' id='block_1_85' title="bbox 2049 2586 3700 2660">
    <p class='ocr_par' dir='ltr' id='par_1_85' title="bbox 2049 2586 3700 2660">
     <span class='ocr_line' id='line_1_85' title="bbox 2049 2586 3700 2660; baseline 0.001 -18"><span class='ocrx_word' id='word_1_612' title='bbox 2049 2586 2456 2659; x_wconf 89' lang='lat' dir='ltr'><strong>temperantia,</strong></span> <span class='ocrx_word' id='word_1_613' title='bbox 2507 2603 2638 2659; x_wconf 66' lang='lat' dir='ltr'><strong>quae</strong></span> <span class='ocrx_word' id='word_1_614' title='bbox 2683 2587 2980 2660; x_wconf 88' lang='lat' dir='ltr'><strong>plerisque</strong></span> <span class='ocrx_word' id='word_1_615' title='bbox 3039 2587 3231 2643; x_wconf 82' lang='lat' dir='ltr'><strong>facilia</strong></span> <span class='ocrx_word' id='word_1_616' title='bbox 3287 2590 3446 2655; x_wconf 87' lang='lat' dir='ltr'><strong>sunt,</strong></span> <span class='ocrx_word' id='word_1_617' title='bbox 3480 2587 3579 2642; x_wconf 88' lang='lat' dir='ltr'><strong>sed</strong></span> <span class='ocrx_word' id='word_1_618' title='bbox 3641 2591 3700 2643; x_wconf 88' lang='lat' dir='ltr'><strong>et</strong></span> 
     </span>
    </p>
   </div>
   <div class='ocr_carea' id='block_1_86' title="bbox 2051 2674 3698 2748">
    <p class='ocr_par' dir='ltr' id='par_1_86' title="bbox 2051 2674 3698 2748">
     <span class='ocr_line' id='line_1_86' title="bbox 2051 2674 3698 2748; baseline 0.001 -18"><span class='ocrx_word' id='word_1_619' title='bbox 2051 2674 2303 2730; x_wconf 81' lang='lat' dir='ltr'><strong>maxime</strong></span> <span class='ocrx_word' id='word_1_620' title='bbox 2358 2691 2496 2745; x_wconf 82' lang='lat' dir='ltr'><strong>erga</strong></span> <span class='ocrx_word' id='word_1_621' title='bbox 2542 2693 2826 2748; x_wconf 87' lang='lat' dir='ltr'><strong>pauperes</strong></span> <span class='ocrx_word' id='word_1_622' title='bbox 2882 2675 3283 2732; x_wconf 89' lang='lat' dir='ltr'><strong>misericordia</strong></span> <span class='ocrx_word' id='word_1_623' title='bbox 3331 2677 3502 2747; x_wconf 81' lang='lat' dir='ltr'><strong>juxta</strong></span> <span class='ocrx_word' id='word_1_624' title='bbox 3545 2676 3698 2731; x_wconf 88' lang='lat' dir='ltr'><strong>vires</strong></span> 
     </span>
    </p>
   </div>
   <div class='ocr_carea' id='block_1_87' title="bbox 2050 2764 3698 2836">
    <p class='ocr_par' dir='ltr' id='par_1_87' title="bbox 2050 2764 3698 2836">
     <span class='ocr_line' id='line_1_87' title="bbox 2050 2764 3698 2836; baseline 0.001 -18"><span class='ocrx_word' id='word_1_625' title='bbox 2050 2764 2337 2832; x_wconf 84' lang='lat' dir='ltr'><strong>exercita;</strong></span> <span class='ocrx_word' id='word_1_626' title='bbox 2373 2780 2548 2836; x_wconf 88' lang='lat' dir='ltr'><strong>quam</strong></span> <span class='ocrx_word' id='word_1_627' title='bbox 2581 2781 2685 2819; x_wconf 89' lang='lat' dir='ltr'><strong>nec</strong></span> <span class='ocrx_word' id='word_1_628' title='bbox 2715 2765 2904 2836; x_wconf 86' lang='lat' dir='ltr'><strong>ipsam</strong></span> <span class='ocrx_word' id='word_1_629' title='bbox 2939 2765 3172 2836; x_wconf 89' lang='lat' dir='ltr'><strong>abjiciet</strong></span> <span class='ocrx_word' id='word_1_630' title='bbox 3201 2765 3464 2820; x_wconf 86' lang='lat' dir='ltr'><strong>omnium</strong></span> <span class='ocrx_word' id='word_1_631' title='bbox 3521 2765 3698 2820; x_wconf 89' lang='lat' dir='ltr'><strong>mise-</strong></span> 
     </span>
    </p>
   </div>
   <div class='ocr_carea' id='block_1_88' title="bbox 2052 2852 3699 2925">
    <p class='ocr_par' dir='ltr' id='par_1_88' title="bbox 2052 2852 3699 2925">
     <span class='ocr_line' id='line_1_88' title="bbox 2052 2852 3699 2925; baseline 0 -17"><span class='ocrx_word' id='word_1_632' title='bbox 2052 2857 2212 2908; x_wconf 89' lang='lat' dir='ltr'><strong>rator</strong></span> <span class='ocrx_word' id='word_1_633' title='bbox 2245 2859 2413 2924; x_wconf 89' lang='lat' dir='ltr'><strong>Deus,</strong></span> <span class='ocrx_word' id='word_1_634' title='bbox 2439 2854 2536 2924; x_wconf 89' lang='lat' dir='ltr'><strong>qui</strong></span> <span class='ocrx_word' id='word_1_635' title='bbox 2571 2870 2684 2909; x_wconf 90' lang='lat' dir='ltr'><strong>non</strong></span> <span class='ocrx_word' id='word_1_636' title='bbox 2719 2854 2908 2910; x_wconf 91' lang='lat' dir='ltr'><strong>solum</strong></span> <span class='ocrx_word' id='word_1_637' title='bbox 2943 2856 3106 2925; x_wconf 89' lang='lat' dir='ltr'><strong>ponit</strong></span> <span class='ocrx_word' id='word_1_638' title='bbox 3136 2855 3194 2908; x_wconf 90' lang='lat' dir='ltr'><strong>in</strong></span> <span class='ocrx_word' id='word_1_639' title='bbox 3231 2852 3418 2909; x_wconf 91' lang='lat' dir='ltr'><strong>multo</strong></span> <span class='ocrx_word' id='word_1_640' title='bbox 3449 2853 3699 2908; x_wconf 90' lang='lat' dir='ltr'><strong>eleemo-</strong></span> 
     </span>
    </p>
   </div>
   <div class='ocr_carea' id='block_1_89' title="bbox 2053 2943 3698 3016">
    <p class='ocr_par' dir='ltr' id='par_1_89' title="bbox 2053 2943 3698 3016">
     <span class='ocr_line' id='line_1_89' title="bbox 2053 2943 3698 3016; baseline -0.001 -18"><span class='ocrx_word' id='word_1_641' title='bbox 2053 2959 2207 3015; x_wconf 74' lang='lat' dir='ltr'><strong>synaa</strong></span> <span class='ocrx_word' id='word_1_642' title='bbox 2240 2943 2724 3014; x_wconf 85' lang='lat' dir='ltr'><strong>magnitudinem,</strong></span> <span class='ocrx_word' id='word_1_643' title='bbox 2759 2943 2861 2998; x_wconf 89' lang='lat' dir='ltr'><strong>sed</strong></span> <span class='ocrx_word' id='word_1_644' title='bbox 2911 2943 3086 2999; x_wconf 89' lang='lat' dir='ltr'><strong>etiam</strong></span> <span class='ocrx_word' id='word_1_645' title='bbox 3132 2943 3191 2998; x_wconf 92' lang='lat' dir='ltr'><strong>in</strong></span> <span class='ocrx_word' id='word_1_646' title='bbox 3243 2959 3429 3016; x_wconf 88' lang='lat' dir='ltr'><strong>pauco</strong></span> <span class='ocrx_word' id='word_1_647' title='bbox 3474 2943 3698 2997; x_wconf 90' lang='lat' dir='ltr'><strong>viribus</strong></span> 
     </span>
    </p>
   </div>
   <div class='ocr_carea' id='block_1_90' title="bbox 2052 3031 3700 3106">
    <p class='ocr_par' dir='ltr' id='par_1_90' title="bbox 2052 3031 3700 3106">
     <span class='ocr_line' id='line_1_90' title="bbox 2052 3031 3700 3106; baseline -0.002 -18"><span class='ocrx_word' id='word_1_648' title='bbox 2052 3032 2461 3104; x_wconf 87' lang='lat' dir='ltr'><strong>respondente,</strong></span> <span class='ocrx_word' id='word_1_649' title='bbox 2491 3033 2591 3087; x_wconf 89' lang='lat' dir='ltr'><strong>sed</strong></span> <span class='ocrx_word' id='word_1_650' title='bbox 2625 3037 2681 3088; x_wconf 89' lang='lat' dir='ltr'><strong>et</strong></span> <span class='ocrx_word' id='word_1_651' title='bbox 2708 3033 2769 3086; x_wconf 90' lang='lat' dir='ltr'><strong>in</strong></span> <span class='ocrx_word' id='word_1_652' title='bbox 2809 3032 2938 3105; x_wconf 90' lang='lat' dir='ltr'><strong>ipso</strong></span> <span class='ocrx_word' id='word_1_653' title='bbox 2968 3032 3347 3106; x_wconf 88' lang='lat' dir='ltr'><strong>paucissimo,</strong></span> <span class='ocrx_word' id='word_1_654' title='bbox 3381 3033 3429 3087; x_wconf 91' lang='lat' dir='ltr'><strong>si</strong></span> <span class='ocrx_word' id='word_1_655' title='bbox 3471 3033 3578 3088; x_wconf 92' lang='lat' dir='ltr'><strong>hoc</strong></span> <span class='ocrx_word' id='word_1_656' title='bbox 3608 3031 3700 3103; x_wconf 85' lang='lat' dir='ltr'><strong>ip-</strong></span> 
     </span>
    </p>
   </div>
   <div class='ocr_carea' id='block_1_91' title="bbox 2053 3119 3699 3188">
    <p class='ocr_par' dir='ltr' id='par_1_91' title="bbox 2053 3119 3699 3188">
     <span class='ocr_line' id='line_1_91' title="bbox 2053 3119 3699 3188; baseline -0.002 -10"><span class='ocrx_word' id='word_1_657' title='bbox 2053 3138 2184 3178; x_wconf 90' lang='lat' dir='ltr'><strong>sum</strong></span> <span class='ocrx_word' id='word_1_658' title='bbox 2221 3121 2482 3177; x_wconf 88' lang='lat' dir='ltr'><strong>hilariter</strong></span> <span class='ocrx_word' id='word_1_659' title='bbox 2511 3126 2567 3178; x_wconf 90' lang='lat' dir='ltr'><strong>et</strong></span> <span class='ocrx_word' id='word_1_660' title='bbox 2595 3122 2844 3179; x_wconf 82' lang='lat' dir='ltr'><strong>discreta</strong></span> <span class='ocrx_word' id='word_1_661' title='bbox 2875 3123 3060 3178; x_wconf 89' lang='lat' dir='ltr'><strong>detur.</strong></span> <span class='ocrx_word' id='word_1_662' title='bbox 3099 3124 3262 3188; x_wconf 88' lang='lat' dir='ltr'><strong>Quod</strong></span> <span class='ocrx_word' id='word_1_663' title='bbox 3294 3126 3488 3178; x_wconf 87' lang='lat' dir='ltr'><strong>autem</strong></span> <span class='ocrx_word' id='word_1_664' title='bbox 3520 3121 3580 3176; x_wconf 89' lang='lat' dir='ltr'><strong>in</strong></span> <span class='ocrx_word' id='word_1_665' title='bbox 3607 3119 3699 3176; x_wconf 90' lang='lat' dir='ltr'><strong>his</strong></span> 
     </span>
    </p>
   </div>
   <div class='ocr_carea' id='block_1_92' title="bbox 2059 3210 3237 3284">
    <p class='ocr_par' dir='ltr' id='par_1_92' title="bbox 2059 3210 3237 3284">
     <span class='ocr_line' id='line_1_92' title="bbox 2059 3210 3237 3284; baseline 0 -17"><span class='ocrx_word' id='word_1_666' title='bbox 2059 3210 2201 3267; x_wconf 88' lang='lat' dir='ltr'><strong>utile</strong></span> <span class='ocrx_word' id='word_1_667' title='bbox 2231 3211 2316 3267; x_wconf 91' lang='lat' dir='ltr'><strong>sal</strong></span> <span class='ocrx_word' id='word_1_668' title='bbox 2347 3216 2670 3284; x_wconf 85' lang='lat' dir='ltr'><strong>reputatur,</strong></span> <span class='ocrx_word' id='word_1_669' title='bbox 2703 3228 2809 3268; x_wconf 91' lang='lat' dir='ltr'><strong>nec</strong></span> <span class='ocrx_word' id='word_1_670' title='bbox 2839 3213 3034 3284; x_wconf 88' lang='lat' dir='ltr'><strong>ipsum</strong></span> <span class='ocrx_word' id='word_1_671' title='bbox 3067 3212 3237 3268; x_wconf 90' lang='lat' dir='ltr'><strong>desit.</strong></span> 
     </span>
    </p>
   </div>
   <div class='ocr_carea' id='block_1_93' title="bbox 2132 3317 3701 3391">
    <p class='ocr_par' dir='ltr' id='par_1_93' title="bbox 2132 3317 3701 3391">
     <span class='ocr_line' id='line_1_93' title="bbox 2132 3317 3701 3391; baseline -0.001 -17"><span class='ocrx_word' id='word_1_672' title='bbox 2132 3320 2218 3375; x_wconf 68' lang='grc'><strong>44.</strong></span> <span class='ocrx_word' id='word_1_673' title='bbox 2251 3321 2352 3375; x_wconf 87' lang='lat' dir='ltr'><strong>Est</strong></span> <span class='ocrx_word' id='word_1_674' title='bbox 2399 3324 2592 3376; x_wconf 87' lang='lat' dir='ltr'><strong>autem</strong></span> <span class='ocrx_word' id='word_1_675' title='bbox 2624 3319 2780 3376; x_wconf 87' lang='lat' dir='ltr'><strong>istud</strong></span> <span class='ocrx_word' id='word_1_676' title='bbox 2828 3319 3100 3389; x_wconf 78' lang='lat' dir='ltr'><strong>Charitas,</strong></span> <span class='ocrx_word' id='word_1_677' title='bbox 3133 3320 3347 3391; x_wconf 89' lang='lat' dir='ltr'><strong>adeptu</strong></span> <span class='ocrx_word' id='word_1_678' title='bbox 3382 3317 3550 3374; x_wconf 77' lang='lat' dir='ltr'><strong>facile</strong></span> <span class='ocrx_word' id='word_1_679' title='bbox 3599 3319 3701 3372; x_wconf 91' lang='lat' dir='ltr'><strong>bo-</strong></span> 
     </span>
    </p>
   </div>
   <div class='ocr_carea' id='block_1_94' title="bbox 2058 3408 3703 3480">
    <p class='ocr_par' dir='ltr' id='par_1_94' title="bbox 2058 3408 3703 3480">
     <span class='ocr_line' id='line_1_94' title="bbox 2058 3408 3703 3480; baseline -0.002 -17"><span class='ocrx_word' id='word_1_680' title='bbox 2058 3425 2220 3477; x_wconf 88' lang='lat' dir='ltr'><strong>num,</strong></span> <span class='ocrx_word' id='word_1_681' title='bbox 2256 3409 2571 3464; x_wconf 89' lang='lat' dir='ltr'><strong>dummodo</strong></span> <span class='ocrx_word' id='word_1_682' title='bbox 2597 3408 2845 3464; x_wconf 87' lang='lat' dir='ltr'><strong>velimus</strong></span> <span class='ocrx_word' id='word_1_683' title='bbox 2876 3425 3114 3464; x_wconf 77' lang='lat' dir='ltr'><strong>sursum</strong></span> <span class='ocrx_word' id='word_1_684' title='bbox 3165 3409 3424 3480; x_wconf 89' lang='lat' dir='ltr'><strong>aspicere</strong></span> <span class='ocrx_word' id='word_1_685' title='bbox 3455 3412 3513 3463; x_wconf 90' lang='lat' dir='ltr'><strong>et</strong></span> <span class='ocrx_word' id='word_1_686' title='bbox 3541 3425 3703 3479; x_wconf 73' lang='lat' dir='ltr'><strong>qua:-</strong></span> 
     </span>
    </p>
   </div>
   <div class='ocr_carea' id='block_1_95' title="bbox 2058 3495 3703 3564">
    <p class='ocr_par' dir='ltr' id='par_1_95' title="bbox 2058 3495 3703 3564">
     <span class='ocr_line' id='line_1_95' title="bbox 2058 3495 3703 3564; baseline -0.002 -11"><span class='ocrx_word' id='word_1_687' title='bbox 2058 3515 2203 3564; x_wconf 91' lang='lat' dir='ltr'><strong>rere,</strong></span> <span class='ocrx_word' id='word_1_688' title='bbox 2231 3497 2468 3553; x_wconf 79' lang='lat' dir='ltr'><strong>difficile</strong></span> <span class='ocrx_word' id='word_1_689' title='bbox 2516 3514 2650 3554; x_wconf 87' lang='lat' dir='ltr'><strong>vero</strong></span> <span class='ocrx_word' id='word_1_690' title='bbox 2695 3498 2936 3553; x_wconf 90' lang='lat' dir='ltr'><strong>inventu</strong></span> <span class='ocrx_word' id='word_1_691' title='bbox 2995 3498 3040 3553; x_wconf 88' lang='lat' dir='ltr'><strong>si</strong></span> <span class='ocrx_word' id='word_1_692' title='bbox 3099 3497 3446 3553; x_wconf 82' lang='lat' dir='ltr'><strong>claudamus</strong></span> <span class='ocrx_word' id='word_1_693' title='bbox 3503 3495 3703 3552; x_wconf 88' lang='lat' dir='ltr'><strong>oculos</strong></span> 
     </span>
    </p>
   </div>
   <div class='ocr_carea' id='block_1_96' title="bbox 2058 3585 3704 3659">
    <p class='ocr_par' dir='ltr' id='par_1_96' title="bbox 2058 3585 3704 3659">
     <span class='ocr_line' id='line_1_96' title="bbox 2058 3585 3704 3659; baseline -0.002 -17"><span class='ocrx_word' id='word_1_694' title='bbox 2058 3591 2116 3642; x_wconf 91' lang='lat' dir='ltr'><strong>et</strong></span> <span class='ocrx_word' id='word_1_695' title='bbox 2144 3587 2615 3659; x_wconf 88' lang='lat' dir='ltr'><strong>inquiramus,de</strong></span> <span class='ocrx_word' id='word_1_696' title='bbox 2645 3604 2761 3659; x_wconf 91' lang='lat' dir='ltr'><strong>qua</strong></span> <span class='ocrx_word' id='word_1_697' title='bbox 2791 3604 2924 3642; x_wconf 88' lang='lat' dir='ltr'><strong>cum</strong></span> <span class='ocrx_word' id='word_1_698' title='bbox 2957 3586 3118 3642; x_wconf 90' lang='lat' dir='ltr'><strong>mille</strong></span> <span class='ocrx_word' id='word_1_699' title='bbox 3148 3603 3444 3643; x_wconf 86' lang='lat' dir='ltr'><strong>sermones</strong></span> <span class='ocrx_word' id='word_1_700' title='bbox 3475 3585 3704 3640; x_wconf 85' lang='lat' dir='ltr'><strong>infude-</strong></span> 
     </span>
    </p>
   </div>
   <div class='ocr_carea' id='block_1_97' title="bbox 2058 3674 3702 3742">
    <p class='ocr_par' dir='ltr' id='par_1_97' title="bbox 2058 3674 3702 3742">
     <span class='ocr_line' id='line_1_97' title="bbox 2058 3674 3702 3742; baseline -0.002 -10"><span class='ocrx_word' id='word_1_701' title='bbox 2058 3677 2264 3742; x_wconf 89' lang='lat' dir='ltr'><strong>rimus,</strong></span> <span class='ocrx_word' id='word_1_702' title='bbox 2295 3676 2491 3732; x_wconf 89' lang='lat' dir='ltr'><strong>nescio</strong></span> <span class='ocrx_word' id='word_1_703' title='bbox 2544 3694 2616 3732; x_wconf 91' lang='lat' dir='ltr'><strong>an</strong></span> <span class='ocrx_word' id='word_1_704' title='bbox 2673 3677 2865 3732; x_wconf 85' lang='lat' dir='ltr'><strong>aridas</strong></span> <span class='ocrx_word' id='word_1_705' title='bbox 2917 3677 2988 3732; x_wconf 88' lang='lat' dir='ltr'><strong>ad</strong></span> <span class='ocrx_word' id='word_1_706' title='bbox 3048 3676 3416 3731; x_wconf 88' lang='lat' dir='ltr'><strong>dilectionem</strong></span> <span class='ocrx_word' id='word_1_707' title='bbox 3477 3674 3702 3729; x_wconf 87' lang='lat' dir='ltr'><strong>animas</strong></span> 
     </span>
    </p>
   </div>
   <div class='ocr_carea' id='block_1_98' title="bbox 2060 3763 3701 3836">
    <p class='ocr_par' dir='ltr' id='par_1_98' title="bbox 2060 3763 3701 3836">
     <span class='ocr_line' id='line_1_98' title="bbox 2060 3763 3701 3836; baseline -0.003 -15"><span class='ocrx_word' id='word_1_708' title='bbox 2060 3766 2568 3836; x_wconf 90' lang='lat' dir='ltr'><strong>madefecerimus,</strong></span> <span class='ocrx_word' id='word_1_709' title='bbox 2600 3769 2657 3820; x_wconf 92' lang='lat' dir='ltr'><strong>et</strong></span> <span class='ocrx_word' id='word_1_710' title='bbox 2677 3765 2747 3819; x_wconf 89' lang='lat' dir='ltr'><strong>ad</strong></span> <span class='ocrx_word' id='word_1_711' title='bbox 2800 3764 3307 3820; x_wconf 81' lang='lat' dir='ltr'><strong>fructiﬁcationem</strong></span> <span class='ocrx_word' id='word_1_712' title='bbox 3338 3763 3701 3836; x_wconf 90' lang='lat' dir='ltr'><strong>aperuimus.</strong></span> 
     </span>
    </p>
   </div>
   <div class='ocr_carea' id='block_1_99' title="bbox 2059 3853 3706 3928">
    <p class='ocr_par' dir='ltr' id='par_1_99' title="bbox 2059 3853 3706 3928">
     <span class='ocr_line' id='line_1_99' title="bbox 2059 3853 3706 3928; baseline -0.002 -18"><span class='ocrx_word' id='word_1_713' title='bbox 2059 3856 2177 3911; x_wconf 90' lang='lat' dir='ltr'><strong>Ista</strong></span> <span class='ocrx_word' id='word_1_714' title='bbox 2201 3855 2832 3928; x_wconf 60' lang='lat' dir='ltr'><strong>pratermissaJrustra</strong></span> <span class='ocrx_word' id='word_1_715' title='bbox 2851 3853 3250 3910; x_wconf 89' lang='lat' dir='ltr'><strong>laborabimus</strong></span> <span class='ocrx_word' id='word_1_716' title='bbox 3276 3858 3511 3910; x_wconf 88' lang='lat' dir='ltr'><strong>orantes</strong></span> <span class='ocrx_word' id='word_1_717' title='bbox 3541 3857 3596 3908; x_wconf 85' lang='lat' dir='ltr'><strong>et</strong></span> <span class='ocrx_word' id='word_1_718' title='bbox 3615 3853 3706 3923; x_wconf 85' lang='lat' dir='ltr'><strong>je-</strong></span> 
     </span>
    </p>
   </div>
   <div class='ocr_carea' id='block_1_100' title="bbox 2052 3939 3706 4016">
    <p class='ocr_par' dir='ltr' id='par_1_100' title="bbox 2052 3939 3706 4016">
     <span class='ocr_line' id='line_1_100' title="bbox 2052 3939 3706 4016; baseline -0.002 -17"><span class='ocrx_word' id='word_1_719' title='bbox 2052 3945 2354 4016; x_wconf 88' lang='lat' dir='ltr'><strong>junantes,</strong></span> <span class='ocrx_word' id='word_1_720' title='bbox 2386 3947 2444 3999; x_wconf 91' lang='lat' dir='ltr'><strong>et</strong></span> <span class='ocrx_word' id='word_1_721' title='bbox 2472 3943 2954 4016; x_wconf 78' lang='lat' dir='ltr'><strong>genuflectentes,</strong></span> <span class='ocrx_word' id='word_1_722' title='bbox 2987 3947 3044 3998; x_wconf 89' lang='lat' dir='ltr'><strong>et</strong></span> <span class='ocrx_word' id='word_1_723' title='bbox 3091 3942 3419 4015; x_wconf 88' lang='lat' dir='ltr'><strong>vigilantes,</strong></span> <span class='ocrx_word' id='word_1_724' title='bbox 3451 3945 3506 3997; x_wconf 91' lang='lat' dir='ltr'><strong>et</strong></span> <span class='ocrx_word' id='word_1_725' title='bbox 3535 3939 3706 3996; x_wconf 88' lang='lat' dir='ltr'><strong>mise-</strong></span> 
     </span>
    </p>
   </div>
   <div class='ocr_carea' id='block_1_101' title="bbox 2060 4029 3704 4104">
    <p class='ocr_par' dir='ltr' id='par_1_101' title="bbox 2060 4029 3704 4104">
     <span class='ocr_line' id='line_1_101' title="bbox 2060 4029 3704 4104; baseline -0.002 -16"><span class='ocrx_word' id='word_1_726' title='bbox 2060 4033 2372 4089; x_wconf 89' lang='lat' dir='ltr'><strong>ricordiam</strong></span> <span class='ocrx_word' id='word_1_727' title='bbox 2403 4037 2755 4100; x_wconf 84' lang='lat' dir='ltr'><strong>exercentes,</strong></span> <span class='ocrx_word' id='word_1_728' title='bbox 2789 4037 2843 4089; x_wconf 89' lang='lat' dir='ltr'><strong>et</strong></span> <span class='ocrx_word' id='word_1_729' title='bbox 2884 4031 3170 4104; x_wconf 85' lang='lat' dir='ltr'><strong>lacrymas</strong></span> <span class='ocrx_word' id='word_1_730' title='bbox 3202 4032 3515 4088; x_wconf 91' lang='lat' dir='ltr'><strong>fundentes</strong></span> <span class='ocrx_word' id='word_1_731' title='bbox 3548 4047 3560 4085; x_wconf 87' lang='lat'>:</span> <span class='ocrx_word' id='word_1_732' title='bbox 3594 4029 3704 4084; x_wconf 89' lang='lat' dir='ltr'><strong>im-</strong></span> 
     </span>
    </p>
   </div>
   <div class='ocr_carea' id='block_1_102' title="bbox 2061 4119 3705 4195">
    <p class='ocr_par' dir='ltr' id='par_1_102' title="bbox 2061 4119 3705 4195">
     <span class='ocr_line' id='line_1_102' title="bbox 2061 4119 3705 4195; baseline -0.003 -16"><span class='ocrx_word' id='word_1_733' title='bbox 2061 4121 2338 4195; x_wconf 88' lang='lat' dir='ltr'><strong>possibile</strong></span> <span class='ocrx_word' id='word_1_734' title='bbox 2390 4122 2545 4178; x_wconf 89' lang='lat' dir='ltr'><strong>enim</strong></span> <span class='ocrx_word' id='word_1_735' title='bbox 2578 4128 2686 4192; x_wconf 89' lang='lat' dir='ltr'><strong>est,</strong></span> <span class='ocrx_word' id='word_1_736' title='bbox 2721 4123 2873 4194; x_wconf 92' lang='lat' dir='ltr'><strong>quod</strong></span> <span class='ocrx_word' id='word_1_737' title='bbox 2906 4121 3082 4188; x_wconf 87' lang='lat' dir='ltr'><strong>Deus,</strong></span> <span class='ocrx_word' id='word_1_738' title='bbox 3114 4121 3245 4194; x_wconf 84' lang='lat' dir='ltr'><strong>ipsa</strong></span> <span class='ocrx_word' id='word_1_739' title='bbox 3287 4121 3562 4188; x_wconf 87' lang='lat' dir='ltr'><strong>charitas,</strong></span> <span class='ocrx_word' id='word_1_740' title='bbox 3593 4119 3705 4175; x_wconf 86' lang='lat' dir='ltr'><strong>ali-</strong></span> 
     </span>
    </p>
   </div>
   <div class='ocr_carea' id='block_1_103' title="bbox 2061 4209 3707 4284">
    <p class='ocr_par' dir='ltr' id='par_1_103' title="bbox 2061 4209 3707 4284">
     <span class='ocr_line' id='line_1_103' title="bbox 2061 4209 3707 4284; baseline -0.002 -17"><span class='ocrx_word' id='word_1_741' title='bbox 2061 4213 2200 4284; x_wconf 90' lang='lat' dir='ltr'><strong>quid</strong></span> <span class='ocrx_word' id='word_1_742' title='bbox 2250 4211 2498 4284; x_wconf 86' lang='lat' dir='ltr'><strong>accipiat</strong></span> <span class='ocrx_word' id='word_1_743' title='bbox 2527 4229 2589 4268; x_wconf 82' lang='lat' dir='ltr'><strong>ex</strong></span> <span class='ocrx_word' id='word_1_744' title='bbox 2613 4211 2703 4266; x_wconf 89' lang='lat' dir='ltr'><strong>his</strong></span> <span class='ocrx_word' id='word_1_745' title='bbox 2745 4212 2844 4283; x_wconf 88' lang='lat' dir='ltr'><strong>qui</strong></span> <span class='ocrx_word' id='word_1_746' title='bbox 2893 4211 3238 4266; x_wconf 89' lang='lat' dir='ltr'><strong>charitatem</strong></span> <span class='ocrx_word' id='word_1_747' title='bbox 3275 4209 3707 4282; x_wconf 88' lang='lat' dir='ltr'><strong>parvipendunt</strong></span> 
     </span>
    </p>
   </div>
   <div class='ocr_carea' id='block_1_104' title="bbox 2061 4298 3706 4371">
    <p class='ocr_par' dir='ltr' id='par_1_104' title="bbox 2061 4298 3706 4371">
     <span class='ocr_line' id='line_1_104' title="bbox 2061 4298 3706 4371; baseline -0.002 -14"><span class='ocrx_word' id='word_1_748' title='bbox 2061 4306 2118 4357; x_wconf 93' lang='lat' dir='ltr'><strong>et</strong></span> <span class='ocrx_word' id='word_1_749' title='bbox 2147 4301 2232 4356; x_wconf 88' lang='lat' dir='ltr'><strong>sic</strong></span> <span class='ocrx_word' id='word_1_750' title='bbox 2262 4299 2545 4356; x_wconf 82' lang='lat' dir='ltr'><strong>auxilium</strong></span> <span class='ocrx_word' id='word_1_751' title='bbox 2597 4315 2664 4355; x_wconf 87' lang='lat' dir='ltr'><strong>ex</strong></span> <span class='ocrx_word' id='word_1_752' title='bbox 2697 4299 2794 4355; x_wconf 93' lang='lat' dir='ltr'><strong>illo</strong></span> <span class='ocrx_word' id='word_1_753' title='bbox 2824 4305 3230 4356; x_wconf 86' lang='lat' dir='ltr'><strong>contemnunt.</strong></span> <span class='ocrx_word' id='word_1_754' title='bbox 3263 4299 3400 4355; x_wconf 88' lang='lat' dir='ltr'><strong>Mali</strong></span> <span class='ocrx_word' id='word_1_755' title='bbox 3436 4304 3575 4355; x_wconf 89' lang='lat' dir='ltr'><strong>sunt</strong></span> <span class='ocrx_word' id='word_1_756' title='bbox 3605 4298 3706 4371; x_wconf 90' lang='lat' dir='ltr'><strong>qui</strong></span> 
     </span>
    </p>
   </div>
   <div class='ocr_carea' id='block_1_105' title="bbox 2061 4389 3708 4460">
    <p class='ocr_par' dir='ltr' id='par_1_105' title="bbox 2061 4389 3708 4460">
     <span class='ocr_line' id='line_1_105' title="bbox 2061 4389 3708 4460; baseline -0.002 -15"><span class='ocrx_word' id='word_1_757' title='bbox 2061 4407 2177 4445; x_wconf 88' lang='lat' dir='ltr'><strong>non</strong></span> <span class='ocrx_word' id='word_1_758' title='bbox 2233 4390 2452 4446; x_wconf 89' lang='lat' dir='ltr'><strong>habent</strong></span> <span class='ocrx_word' id='word_1_759' title='bbox 2499 4389 2845 4446; x_wconf 88' lang='lat' dir='ltr'><strong>charitatem</strong></span> <span class='ocrx_word' id='word_1_760' title='bbox 2877 4408 2891 4458; x_wconf 87' lang='lat'><strong>;</strong></span> <span class='ocrx_word' id='word_1_761' title='bbox 2927 4390 3110 4446; x_wconf 90' lang='lat' dir='ltr'><strong>malos</strong></span> <span class='ocrx_word' id='word_1_762' title='bbox 3165 4395 3362 4446; x_wconf 85' lang='lat' dir='ltr'><strong>autem</strong></span> <span class='ocrx_word' id='word_1_763' title='bbox 3416 4393 3708 4460; x_wconf 87' lang='lat' dir='ltr'><strong>protector</strong></span> 
     </span>
    </p>
   </div>
   <div class='ocr_carea' id='block_1_106' title="bbox 2061 4477 3709 4551">
    <p class='ocr_par' dir='ltr' id='par_1_106' title="bbox 2061 4477 3709 4551">
     <span class='ocr_line' id='line_1_106' title="bbox 2061 4477 3709 4551; baseline -0.003 -16"><span class='ocrx_word' id='word_1_764' title='bbox 2061 4478 2388 4535; x_wconf 84' lang='lat' dir='ltr'><strong>dilectionis</strong></span> <span class='ocrx_word' id='word_1_765' title='bbox 2435 4477 2683 4551; x_wconf 87' lang='lat' dir='ltr'><strong>benigne</strong></span> <span class='ocrx_word' id='word_1_766' title='bbox 2732 4495 2847 4533; x_wconf 91' lang='lat' dir='ltr'><strong>non</strong></span> <span class='ocrx_word' id='word_1_767' title='bbox 2880 4479 3272 4550; x_wconf 82' lang='lat' dir='ltr'><strong>prosequitur.</strong></span> <span class='ocrx_word' id='word_1_768' title='bbox 3306 4477 3516 4549; x_wconf 87' lang='lat' dir='ltr'><strong>lnjusti</strong></span> <span class='ocrx_word' id='word_1_769' title='bbox 3569 4480 3709 4532; x_wconf 86' lang='lat' dir='ltr'><strong>sunt</strong></span> 
     </span>
    </p>
   </div>
   <div class='ocr_carea' id='block_1_107' title="bbox 2062 4564 3707 4638">
    <p class='ocr_par' dir='ltr' id='par_1_107' title="bbox 2062 4564 3707 4638">
     <span class='ocr_line' id='line_1_107' title="bbox 2062 4564 3707 4638; baseline -0.004 -14"><span class='ocrx_word' id='word_1_770' title='bbox 2062 4586 2179 4624; x_wconf 89' lang='lat' dir='ltr'><strong>non</strong></span> <span class='ocrx_word' id='word_1_771' title='bbox 2211 4573 2505 4624; x_wconf 88' lang='lat' dir='ltr'><strong>amantes:</strong></span> <span class='ocrx_word' id='word_1_772' title='bbox 2536 4567 2776 4638; x_wconf 88' lang='lat' dir='ltr'><strong>injustis</strong></span> <span class='ocrx_word' id='word_1_773' title='bbox 2823 4574 3016 4622; x_wconf 88' lang='lat' dir='ltr'><strong>autem</strong></span> <span class='ocrx_word' id='word_1_774' title='bbox 3044 4585 3158 4623; x_wconf 90' lang='lat' dir='ltr'><strong>non</strong></span> <span class='ocrx_word' id='word_1_775' title='bbox 3191 4566 3478 4622; x_wconf 90' lang='lat' dir='ltr'><strong>illucescit</strong></span> <span class='ocrx_word' id='word_1_776' title='bbox 3498 4564 3584 4622; x_wconf 92' lang='lat' dir='ltr'><strong>sol</strong></span> <span class='ocrx_word' id='word_1_777' title='bbox 3607 4566 3707 4636; x_wconf 88' lang='lat' dir='ltr'><strong>ju-</strong></span> 
     </span>
    </p>
   </div>
   <div class='ocr_carea' id='block_1_108' title="bbox 2063 4654 3708 4714">
    <p class='ocr_par' dir='ltr' id='par_1_108' title="bbox 2063 4654 3708 4714">
     <span class='ocr_line' id='line_1_108' title="bbox 2063 4654 3708 4714; baseline -0.004 0"><span class='ocrx_word' id='word_1_778' title='bbox 2063 4657 2254 4714; x_wconf 68' lang='lat' dir='ltr'><strong>stitiae.</strong></span> <span class='ocrx_word' id='word_1_779' title='bbox 2287 4657 2444 4714; x_wconf 89' lang='lat' dir='ltr'><strong>Nihil</strong></span> <span class='ocrx_word' id='word_1_780' title='bbox 2491 4657 2630 4713; x_wconf 91' lang='lat' dir='ltr'><strong>boni</strong></span> <span class='ocrx_word' id='word_1_781' title='bbox 2674 4656 2832 4713; x_wconf 86' lang='lat' dir='ltr'><strong>venit</strong></span> <span class='ocrx_word' id='word_1_782' title='bbox 2873 4675 2908 4712; x_wconf 90' lang='lat' dir='ltr'><strong>a</strong></span> <span class='ocrx_word' id='word_1_783' title='bbox 2951 4674 3065 4712; x_wconf 91' lang='lat' dir='ltr'><strong>non</strong></span> <span class='ocrx_word' id='word_1_784' title='bbox 3113 4655 3469 4712; x_wconf 87' lang='lat' dir='ltr'><strong>habentibus</strong></span> <span class='ocrx_word' id='word_1_785' title='bbox 3518 4654 3708 4709; x_wconf 87' lang='lat' dir='ltr'><strong>chari-</strong></span> 
     </span>
    </p>
   </div>
   <div class='ocr_carea' id='block_1_109' title="bbox 2060 4745 3705 4804">
    <p class='ocr_par' dir='ltr' id='par_1_109' title="bbox 2060 4745 3705 4804">
     <span class='ocr_line' id='line_1_109' title="bbox 2060 4745 3705 4804; baseline -0.002 -1"><span class='ocrx_word' id='word_1_786' title='bbox 2060 4751 2238 4804; x_wconf 87' lang='lat' dir='ltr'><strong>tatem</strong></span> <span class='ocrx_word' id='word_1_787' title='bbox 2267 4765 2280 4802; x_wconf 90' lang='lat'>:</span> <span class='ocrx_word' id='word_1_788' title='bbox 2338 4748 2486 4802; x_wconf 92' lang='lat' dir='ltr'><strong>Deus</strong></span> <span class='ocrx_word' id='word_1_789' title='bbox 2515 4749 2711 4801; x_wconf 84' lang='lat' dir='ltr'><strong>autem</strong></span> <span class='ocrx_word' id='word_1_790' title='bbox 2744 4745 3008 4801; x_wconf 89' lang='lat' dir='ltr'><strong>omnium</strong></span> <span class='ocrx_word' id='word_1_791' title='bbox 3055 4746 3341 4801; x_wconf 88' lang='lat' dir='ltr'><strong>bonorum</strong></span> <span class='ocrx_word' id='word_1_792' title='bbox 3368 4748 3458 4800; x_wconf 89' lang='lat' dir='ltr'><strong>est</strong></span> <span class='ocrx_word' id='word_1_793' title='bbox 3485 4746 3705 4799; x_wconf 88' lang='lat' dir='ltr'><strong>auctor.</strong></span> 
     </span>
    </p>
   </div>
   <div class='ocr_carea' id='block_1_110' title="bbox 2061 4833 3706 4907">
    <p class='ocr_par' dir='ltr' id='par_1_110' title="bbox 2061 4833 3706 4907">
     <span class='ocr_line' id='line_1_110' title="bbox 2061 4833 3706 4907; baseline -0.002 -15"><span class='ocrx_word' id='word_1_794' title='bbox 2061 4835 2432 4907; x_wconf 86' lang='lat' dir='ltr'><strong>Nullaigitur</strong></span> <span class='ocrx_word' id='word_1_795' title='bbox 2452 4834 2670 4890; x_wconf 79' lang='lat' dir='ltr'><strong>talibus</strong></span> <span class='ocrx_word' id='word_1_796' title='bbox 2692 4835 2765 4891; x_wconf 90' lang='lat' dir='ltr'><strong>ad</strong></span> <span class='ocrx_word' id='word_1_797' title='bbox 2814 4836 2997 4890; x_wconf 91' lang='lat' dir='ltr'><strong>Deum</strong></span> <span class='ocrx_word' id='word_1_798' title='bbox 3050 4840 3137 4891; x_wconf 83' lang='lat' dir='ltr'><strong>est</strong></span> <span class='ocrx_word' id='word_1_799' title='bbox 3167 4833 3552 4906; x_wconf 88' lang='lat' dir='ltr'><strong>participatio.</strong></span> <span class='ocrx_word' id='word_1_800' title='bbox 3585 4839 3706 4889; x_wconf 75' lang='lat' dir='ltr'><strong>Au-</strong></span> 
     </span>
    </p>
   </div>
   <div class='ocr_carea' id='block_1_111' title="bbox 2061 4923 3708 4996">
    <p class='ocr_par' dir='ltr' id='par_1_111' title="bbox 2061 4923 3708 4996">
     <span class='ocr_line' id='line_1_111' title="bbox 2061 4923 3708 4996; baseline -0.001 -16"><span class='ocrx_word' id='word_1_801' title='bbox 2061 4925 2316 4982; x_wconf 83' lang='lat' dir='ltr'><strong>xiliatrix</strong></span> <span class='ocrx_word' id='word_1_802' title='bbox 2346 4930 2436 4982; x_wconf 91' lang='lat' dir='ltr'><strong>est</strong></span> <span class='ocrx_word' id='word_1_803' title='bbox 2463 4924 2738 4991; x_wconf 78' lang='lat' dir='ltr'><strong>cher-itas,</strong></span> <span class='ocrx_word' id='word_1_804' title='bbox 2771 4924 3080 4992; x_wconf 89' lang='lat' dir='ltr'><strong>succurrit,</strong></span> <span class='ocrx_word' id='word_1_805' title='bbox 3115 4923 3174 4979; x_wconf 89' lang='lat' dir='ltr'><strong>in</strong></span> <span class='ocrx_word' id='word_1_806' title='bbox 3208 4939 3406 4996; x_wconf 83' lang='lat' dir='ltr'><strong>pugna</strong></span> <span class='ocrx_word' id='word_1_807' title='bbox 3446 4924 3708 4994; x_wconf 84' lang='lat' dir='ltr'><strong>adjuvat,</strong></span> 
     </span>
    </p>
   </div>
   <div class='ocr_carea' id='block_1_112' title="bbox 2061 5013 3712 5087">
    <p class='ocr_par' dir='ltr' id='par_1_112' title="bbox 2061 5013 3712 5087">
     <span class='ocr_line' id='line_1_112' title="bbox 2061 5013 3712 5087; baseline -0.002 -17"><span class='ocrx_word' id='word_1_808' title='bbox 2061 5016 2347 5072; x_wconf 89' lang='lat' dir='ltr'><strong>ferventer</strong></span> <span class='ocrx_word' id='word_1_809' title='bbox 2393 5013 2726 5070; x_wconf 85' lang='lat' dir='ltr'><strong>collaborat.</strong></span> <span class='ocrx_word' id='word_1_810' title='bbox 2779 5013 2856 5068; x_wconf 79' lang='lat' dir='ltr'><strong>Ex</strong></span> <span class='ocrx_word' id='word_1_811' title='bbox 2901 5013 3098 5070; x_wconf 88' lang='lat' dir='ltr'><strong>animo</strong></span> <span class='ocrx_word' id='word_1_812' title='bbox 3149 5013 3426 5084; x_wconf 82' lang='lat' dir='ltr'><strong>fatigatur</strong></span> <span class='ocrx_word' id='word_1_813' title='bbox 3476 5017 3712 5087; x_wconf 85' lang='lat' dir='ltr'><strong>propter</strong></span> 
     </span>
    </p>
   </div>
   <div class='ocr_carea' id='block_1_113' title="bbox 2061 5103 3712 5176">
    <p class='ocr_par' dir='ltr' id='par_1_113' title="bbox 2061 5103 3712 5176">
     <span class='ocr_line' id='line_1_113' title="bbox 2061 5103 3712 5176; baseline -0.002 -14"><span class='ocrx_word' id='word_1_814' title='bbox 2061 5104 2304 5162; x_wconf 84' lang='lat' dir='ltr'><strong>dilectos</strong></span> <span class='ocrx_word' id='word_1_815' title='bbox 2352 5108 2410 5160; x_wconf 87' lang='lat' dir='ltr'><strong>et</strong></span> <span class='ocrx_word' id='word_1_816' title='bbox 2456 5103 2710 5159; x_wconf 87' lang='lat' dir='ltr'><strong>animam</strong></span> <span class='ocrx_word' id='word_1_817' title='bbox 2745 5119 2913 5158; x_wconf 87' lang='lat' dir='ltr'><strong>suam</strong></span> <span class='ocrx_word' id='word_1_818' title='bbox 2945 5119 3048 5175; x_wconf 88' lang='lat' dir='ltr'><strong>pro</strong></span> <span class='ocrx_word' id='word_1_819' title='bbox 3092 5103 3238 5176; x_wconf 90' lang='lat' dir='ltr'><strong>ipsis</strong></span> <span class='ocrx_word' id='word_1_820' title='bbox 3270 5103 3431 5176; x_wconf 90' lang='lat' dir='ltr'><strong>ponit</strong></span> <span class='ocrx_word' id='word_1_821' title='bbox 3465 5121 3478 5158; x_wconf 91' lang='lat'><strong>:</strong></span> <span class='ocrx_word' id='word_1_822' title='bbox 3512 5103 3712 5159; x_wconf 89' lang='lat' dir='ltr'><strong>omnia</strong></span> 
     </span>
    </p>
   </div>
   <div class='ocr_carea' id='block_1_114' title="bbox 2063 5192 3712 5265">
    <p class='ocr_par' dir='ltr' id='par_1_114' title="bbox 2063 5192 3712 5265">
     <span class='ocr_line' id='line_1_114' title="bbox 2063 5192 3712 5265; baseline -0.002 -14"><span class='ocrx_word' id='word_1_823' title='bbox 2063 5195 2289 5264; x_wconf 79' lang='lat' dir='ltr'><strong>suffert,</strong></span> <span class='ocrx_word' id='word_1_824' title='bbox 2333 5192 2532 5251; x_wconf 87' lang='lat' dir='ltr'><strong>omnia</strong></span> <span class='ocrx_word' id='word_1_825' title='bbox 2577 5192 2734 5260; x_wconf 86' lang='lat' dir='ltr'><strong>facit,</strong></span> <span class='ocrx_word' id='word_1_826' title='bbox 2766 5192 2964 5248; x_wconf 86' lang='lat' dir='ltr'><strong>omnia</strong></span> <span class='ocrx_word' id='word_1_827' title='bbox 3012 5194 3265 5250; x_wconf 87' lang='lat' dir='ltr'><strong>sustinet</strong></span> <span class='ocrx_word' id='word_1_828' title='bbox 3313 5193 3412 5265; x_wconf 89' lang='lat' dir='ltr'><strong>qui</strong></span> <span class='ocrx_word' id='word_1_829' title='bbox 3463 5192 3712 5249; x_wconf 86' lang='lat' dir='ltr'><strong>charita-</strong></span> 
     </span>
    </p>
   </div>
   <div class='ocr_carea' id='block_1_115' title="bbox 2060 5285 2402 5344">
    <p class='ocr_par' dir='ltr' id='par_1_115' title="bbox 2060 5285 2402 5344">
     <span class='ocr_line' id='line_1_115' title="bbox 2060 5285 2402 5344; baseline -0.009 0"><span class='ocrx_word' id='word_1_830' title='bbox 2060 5290 2179 5344; x_wconf 85' lang='lat' dir='ltr'><strong>tem</strong></span> <span class='ocrx_word' id='word_1_831' title='bbox 2209 5285 2402 5342; x_wconf 89' lang='lat' dir='ltr'><strong>habet.</strong></span> 
     </span>
    </p>
   </div>
   <div class='ocr_carea' id='block_1_116' title="bbox 2133 5372 3711 5447">
    <p class='ocr_par' dir='ltr' id='par_1_116' title="bbox 2133 5372 3711 5447">
     <span class='ocr_line' id='line_1_116' title="bbox 2133 5372 3711 5447; baseline -0.002 -16"><span class='ocrx_word' id='word_1_832' title='bbox 2133 5376 2220 5431; x_wconf 87' lang='grc'><strong>45.</strong></span> <span class='ocrx_word' id='word_1_833' title='bbox 2255 5376 2402 5442; x_wconf 89' lang='lat' dir='ltr'><strong>Quid</strong></span> <span class='ocrx_word' id='word_1_834' title='bbox 2431 5375 2632 5431; x_wconf 86' lang='lat' dir='ltr'><strong>vivens</strong></span> <span class='ocrx_word' id='word_1_835' title='bbox 2664 5375 2990 5446; x_wconf 88' lang='lat' dir='ltr'><strong>prodesset,</strong></span> <span class='ocrx_word' id='word_1_836' title='bbox 3018 5375 3107 5432; x_wconf 89' lang='lat' dir='ltr'><strong>vel</strong></span> <span class='ocrx_word' id='word_1_837' title='bbox 3141 5374 3297 5447; x_wconf 92' lang='lat' dir='ltr'><strong>quod</strong></span> <span class='ocrx_word' id='word_1_838' title='bbox 3343 5372 3505 5428; x_wconf 90' lang='lat' dir='ltr'><strong>illius</strong></span> <span class='ocrx_word' id='word_1_839' title='bbox 3556 5373 3711 5428; x_wconf 84' lang='lat' dir='ltr'><strong>esset</strong></span> 
     </span>
    </p>
   </div>
   <div class='ocr_carea' id='block_1_117' title="bbox 2061 5459 3708 5536">
    <p class='ocr_par' dir='ltr' id='par_1_117' title="bbox 2061 5459 3708 5536">
     <span class='ocr_line' id='line_1_117' title="bbox 2061 5459 3708 5536; baseline -0.002 -16"><span class='ocrx_word' id='word_1_840' title='bbox 2061 5465 2120 5522; x_wconf 92' lang='lat' dir='ltr'><strong>in</strong></span> <span class='ocrx_word' id='word_1_841' title='bbox 2151 5464 2270 5521; x_wconf 89' lang='lat' dir='ltr'><strong>vita</strong></span> <span class='ocrx_word' id='word_1_842' title='bbox 2312 5465 2685 5521; x_wconf 89' lang='lat' dir='ltr'><strong>commodum</strong></span> <span class='ocrx_word' id='word_1_843' title='bbox 2710 5464 2739 5519; x_wconf 68' lang='grc' dir='ltr'><strong><em>Ἰ</em></strong></span> <span class='ocrx_word' id='word_1_844' title='bbox 2782 5464 3094 5522; x_wconf 86' lang='lat' dir='ltr'><strong>Intuemini</strong></span> <span class='ocrx_word' id='word_1_845' title='bbox 3143 5463 3400 5536; x_wconf 90' lang='lat' dir='ltr'><strong>primum</strong></span> <span class='ocrx_word' id='word_1_846' title='bbox 3427 5465 3485 5517; x_wconf 92' lang='lat' dir='ltr'><strong>et</strong></span> <span class='ocrx_word' id='word_1_847' title='bbox 3515 5459 3708 5516; x_wconf 88' lang='lat' dir='ltr'><strong>solum</strong></span> 
     </span>
    </p>
   </div>
   <div class='ocr_carea' id='block_1_118' title="bbox 2060 5550 3710 5626">
    <p class='ocr_par' dir='ltr' id='par_1_118' title="bbox 2060 5550 3710 5626">
     <span class='ocr_line' id='line_1_118' title="bbox 2060 5550 3710 5626; baseline -0.003 -15"><span class='ocrx_word' id='word_1_848' title='bbox 2060 5559 2120 5612; x_wconf 91' lang='lat' dir='ltr'><strong>et</strong></span> <span class='ocrx_word' id='word_1_849' title='bbox 2143 5555 2470 5612; x_wconf 81' lang='lat' dir='ltr'><strong>maximum</strong></span> <span class='ocrx_word' id='word_1_850' title='bbox 2501 5552 2738 5610; x_wconf 88' lang='lat' dir='ltr'><strong>illorum</strong></span> <span class='ocrx_word' id='word_1_851' title='bbox 2764 5553 2870 5626; x_wconf 86' lang='lat' dir='ltr'><strong>qui</strong></span> <span class='ocrx_word' id='word_1_852' title='bbox 2904 5570 3059 5610; x_wconf 88' lang='lat' dir='ltr'><strong>nunc</strong></span> <span class='ocrx_word' id='word_1_853' title='bbox 3085 5558 3224 5610; x_wconf 88' lang='lat' dir='ltr'><strong>sunt</strong></span> <span class='ocrx_word' id='word_1_854' title='bbox 3253 5550 3571 5624; x_wconf 87' lang='lat' dir='ltr'><strong>exemplar,</strong></span> <span class='ocrx_word' id='word_1_855' title='bbox 3601 5555 3710 5607; x_wconf 82' lang='lat' dir='ltr'><strong>Do-</strong></span> 
     </span>
    </p>
   </div>
   <div class='ocr_carea' id='block_1_119' title="bbox 2062 5641 3712 5717">
    <p class='ocr_par' dir='ltr' id='par_1_119' title="bbox 2062 5641 3712 5717">
     <span class='ocr_line' id='line_1_119' title="bbox 2062 5641 3712 5717; baseline -0.004 -15"><span class='ocrx_word' id='word_1_856' title='bbox 2062 5645 2291 5702; x_wconf 90' lang='lat' dir='ltr'><strong>minum</strong></span> <span class='ocrx_word' id='word_1_857' title='bbox 2313 5643 2798 5717; x_wconf 79' lang='lat' dir='ltr'><strong>omnipotentem,</strong></span> <span class='ocrx_word' id='word_1_858' title='bbox 2831 5643 2930 5716; x_wconf 90' lang='lat' dir='ltr'><strong>qui</strong></span> <span class='ocrx_word' id='word_1_859' title='bbox 2961 5643 3213 5716; x_wconf 82' lang='lat' dir='ltr'><strong>diligens</strong></span> <span class='ocrx_word' id='word_1_860' title='bbox 3244 5641 3555 5710; x_wconf 89' lang='lat' dir='ltr'><strong>mundum,</strong></span> <span class='ocrx_word' id='word_1_861' title='bbox 3586 5647 3712 5698; x_wconf 86' lang='lat' dir='ltr'><strong>tan-</strong></span> 
     </span>
    </p>
   </div>
   <div class='ocr_carea' id='block_1_120' title="bbox 2061 5731 3714 5808">
    <p class='ocr_par' dir='ltr' id='par_1_120' title="bbox 2061 5731 3714 5808">
     <span class='ocr_line' id='line_1_120' title="bbox 2061 5731 3714 5808; baseline -0.003 -17"><span class='ocrx_word' id='word_1_862' title='bbox 2061 5749 2239 5808; x_wconf 88' lang='lat' dir='ltr'><strong>quam</strong></span> <span class='ocrx_word' id='word_1_863' title='bbox 2291 5734 2419 5807; x_wconf 83' lang='lat' dir='ltr'><strong>ipse</strong></span> <span class='ocrx_word' id='word_1_864' title='bbox 2468 5733 2614 5792; x_wconf 79' lang='lat' dir='ltr'><strong>deus</strong></span> <span class='ocrx_word' id='word_1_865' title='bbox 2661 5737 2794 5807; x_wconf 77' lang='lat' dir='ltr'><strong>post</strong></span> <span class='ocrx_word' id='word_1_866' title='bbox 2845 5731 3322 5807; x_wconf 75' lang='lat' dir='ltr'><strong>supercoalestem</strong></span> <span class='ocrx_word' id='word_1_867' title='bbox 3372 5732 3714 5804; x_wconf 86' lang='lat' dir='ltr'><strong>deputatus,</strong></span> 
     </span>
    </p>
   </div>
  </div>
