4114 6200
427 373 538 430 671

431 503 602 575 quasi
633 503 1024 559 substantiam
1055 503 1162 558 sibi
1197 519 1299 574 pro
1333 502 1502 558 nobis
1533 501 1765 557 labores
1793 499 2072 570 assignat,
2103 504 2156 570 Α
2184 499 2312 558 τοὺς

428 600 485 648 et
514 595 584 647 ad
619 593 729 648 hoc
772 609 830 647 se
851 593 1080 663 judicat
1114 598 1338 657 natum,
1369 598 1426 645 et
1470 609 1572 662 pro
1604 591 1824 645 mundo
1854 589 2077 644 laboret

427 689 485 736 et
515 682 744 737 labores
796 682 904 737 sibi
955 699 1068 736 non
1121 680 1424 735 obstacula
1465 681 1682 735 faciant
1725 697 1827 751 per
1872 678 2073 744 vitam,

431 788 619 843 neque
650 773 959 840 die,neque
992 777 1177 836 nocte,
1212 787 1398 839 neque
1429 769 1866 840 hyeme,ipsum
1897 770 2073 824 etiam

428 859 732 914 humorem
762 859 820 912 in
871 858 1149 913 membris
1181 858 1537 914 animalibus
1583 859 1944 930 congelante,
1975 874 2074 912 ne-

428 964 540 1018 que
570 953 765 1002 estate
807 953 1045 1014 urente;
1081 947 1164 1001 ita
1196 955 1262 1001 ut
1289 947 1529 1002 difﬁcile
1562 949 1638 1002 sit
1667 949 1861 1002 videre
1905 946 2073 1000 illum

426 1037 497 1089 de
529 1036 860 1090 actionibus
891 1052 994 1106 pro
1028 1038 1195 1090 nobis
1226 1036 1394 1090 factis
1425 1038 1609 1091 otium
1642 1041 2072 1108 agentem,non

425 1125 554 1179 dico
611 1125 682 1179 ad
742 1125 1185 1194 quiescendum,
1243 1126 1343 1180 sed
1400 1126 1576 1180 etiam
1636 1127 1707 1179 ad
1767 1124 2072 1196 paululum

423 1214 853 1284 respirandum.
887 1215 1028 1269 Ecce
1072 1215 1228 1268 enim
1261 1215 1434 1269 modo
1484 1231 1588 1270 nos
1627 1214 1833 1287 hyems
1880 1213 2072 1269 inclu-

421 1304 596 1358 debat
625 1303 682 1356 in
734 1303 940 1358 domos
989 1308 1272 1373 tanquam
1332 1304 1391 1357 in
1452 1303 1834 1358 latibulorum
1884 1320 2073 1359 reces-

421 1409 528 1447 sus
585 1392 919 1463 impellens,
951 1400 1009 1448 et
1063 1395 1491 1465 unusquisque,
1547 1395 1704 1450 velut
1756 1395 1867 1450 sub
1926 1395 2072 1449 Tar-

423 1486 550 1535 taro
581 1485 826 1544 stantes,
857 1482 1032 1552 gelidi
1063 1482 1445 1553 degebamus,
1484 1488 1540 1538 et
1569 1493 1796 1554 torpore
1827 1485 2073 1538 vexaba-

427 1586 598 1635 mur;
629 1586 734 1623 nos
766 1571 940 1624 etiam
977 1570 1206 1641 pigebat
1233 1571 1515 1626 inclinare
1545 1578 1723 1642 caput
1751 1572 1821 1626 ad
1856 1588 2070 1640 aerem,

426 1663 493 1711 ut
521 1658 601 1711 ita
630 1658 845 1719 dicam,
886 1659 1298 1726 domesticum,
1332 1661 1431 1731 qui
1481 1660 1750 1714 circumit
1798 1661 1983 1727 atria;
2016 1665 2074 1714 et

429 1753 550 1800 arte
579 1748 1033 1803 conficiebamus
1075 1766 1300 1803 smmna
1333 1751 1543 1820 pedum
1586 1749 1904 1815 involucra,
1937 1766 2069 1805 eue-

1205 370 1620 432 EUSTATHII
1670 365 2433 428 THESSALONICENSIS
2479 364 3063 427 METROPOLITE

3716 361 3839 418 672

2365 498 2496 570 ὑπὲρ
2547 499 2710 569 ἡμῶν
2757 496 2957 559 πόνους
3009 496 3248 570 ὁρζεται,
3285 493 3376 548 καὶ
3421 490 3500 553 εἷς
3546 495 3714 546 τοῦτο
3742 511 3839 565 γε-

2185 589 2472 661 γεννῆσθαι
2501 589 2696 662 κρίνει,
2729 588 2792 642 τὸ
2826 586 2955 661 ὑπὲρ
3005 589 3102 640 τοῦ
3149 585 3361 656 κόσμου
3411 587 3726 650 πονεῖσθαι,
3747 581 3837 635 καὶ

2182 675 2311 736 τοὺς
2368 677 2573 739 κόπους
2631 677 2777 748 αὖτῷ
2835 677 2909 747 μή
2986 673 3335 750 ἐγκόπτεσθαι
3394 670 3483 726 διὰ
3542 670 3690 746 βίου,
3758 671 3836 741 μή

2184 764 2416 837 ἡμέρας,
2481 768 2557 837 μή
2618 767 2830 832 νυκτὸς,
2895 766 2972 835 μὴ
3034 767 3333 838 χειμῶνος,
3391 760 3701 836 πηγνύντος
3746 759 3837 812 καὶ

2183 853 2350 920 αὐτὴν
2401 854 2675 928 ὑγρότητα
2719 857 2819 922 τήν
2869 853 2923 908 ἐν
2977 853 3161 925 μέλεσι
3224 854 3469 919 ζωϊκοῖς,
3511 850 3590 921 μὴ
3643 848 3838 922 θέρους

2183 941 2484 1018 φλέγοντος
2516 960 2529 972 ⁸
2588 944 2661 1004 ὡς
2708 941 2866 1018 ἔργον
2921 945 3061 996 εἶναι
3118 938 3322 994 ἰδέσθαι
3390 938 3552 992 αὐτὸν
3611 936 3835 1012 σχολὴν

2182 1031 2428 1104 πράξεων
2458 1036 2564 1085 τῶν
2605 1033 2737 1107 ὑπὲρ
2786 1030 2946 1104 ἡμῶν
3003 1029 3224 1104 ἄγοντα,
3281 1029 3358 1101 μὴ
3391 1029 3475 1082 ὅτι
3504 1047 3568 1103 γε
3599 1027 3678 1089 ὡς
3707 1025 3836 1081 ἀνα-

2181 1118 2504 1186 παύσασθαι,
2554 1117 2699 1173 ἀλλά
2750 1124 2948 1195 μικροῦ
3011 1115 3149 1192 μηδὲ
3209 1117 3285 1178 είς
3334 1114 3517 1171 ἄνετον
3567 1114 3839 1169 ἀναπνεῦ-

2182 1225 2291 1262 σαι.
2330 1203 2467 1262 Ἰδοὺ
2515 1207 2621 1281 γὰρ
2663 1205 2752 1260 καί
2802 1211 2894 1261 νῦν
2943 1207 3092 1278 ἡμᾶς
3149 1205 3244 1279 μὲν
3287 1205 3316 1259 ὁ
3346 1203 3561 1280 χειμὼν
3595 1200 3836 1256 ἐνέκλειε

2180 1289 2474 1368 παραϐὖων
2526 1296 2600 1357 ὡς
2658 1295 2735 1357 εἲς
2794 1294 3023 1372 φωλεῶν
3075 1291 3391 1354 καταδύσεις
3439 1292 3569 1354 τοὺς
3605 1289 3661 1346 ἐν
3693 1291 3834 1361 ἡμῖν

2182 1380 2479 1451 οἷκίσκους,
2537 1383 2628 1437 καὶ
2688 1381 2906 1445 ἕκαστος
2963 1384 3039 1446 ὡς
3097 1384 3184 1437 οἶα
3251 1382 3343 1437 καὶ
3405 1382 3508 1435 ὑπὸ
3560 1378 3834 1453 ταρτάρου

2254 496 2266 512 \

2253 519 2261 536 ι

2181 1469 2356 1537 ὅντες,
2412 1474 2630 1548 κρυεροὶ
2686 1470 2974 1547 διήγομεν,
3040 1473 3130 1527 καὶ
3193 1472 3396 1547 νάρκην
3460 1469 3783 1544 ἐπάσχομεν
3820 1484 3834 1497 ⁸

2178 1560 2269 1612 καὶ
2325 1560 2392 1627 ἧν
2448 1565 2582 1634 ἡμῖν
2643 1559 2824 1628 ὄκνος,
2873 1562 2962 1616 καὶ
3011 1561 3338 1638 προκύπτειν
3395 1560 3472 1622 είς
3523 1558 3682 1632 ἀὲρα,
3740 1556 3832 1609 τὸν

2181 1650 2255 1709 ὡς
2300 1650 2468 1704 εἰπεῖν
2523 1649 2877 1723 κατοικίδιον,
2923 1652 2983 1715 ὃς
3027 1651 3118 1705 καὶ
3168 1649 3522 1725 περικέχυται
3580 1647 3678 1708 τὰς
3737 1646 3830 1700 αῦ-

2183 1739 2281 1801 λάς
2315 1760 2328 1772 ⁸
2361 1742 2451 1795 καὶ
2503 1743 2851 1819 ἐτεχνώμεθα
2905 1740 3089 1798 ποδῶν
3137 1742 3304 1818 ἱλαρὰ
3357 1739 3827 1817 προκαλύμματα,

426 1835 731 1905 midesque
779 1836 1131 1900 luxuriosas,
1164 1844 1220 1892 et
1267 1839 1509 1893 vestitus
1540 1839 1852 1894 velleribus
1901 1856 2069 1893 onus-

2183 1831 2269 1884 καὶ
2323 1831 2595 1904 κνημῖδας
2670 1835 2980 1911 τρυφώσας,
3051 1832 3141 1887 καὶ
3200 1832 3520 1907 ἀμπεχόνας
3585 1827 3828 1902 μαλλοῖς

424 1927 536 1976 tos.
610 1923 770 1978 Multi
854 1941 988 1979 vero
1069 1926 1298 1980 dulcem
1385 1927 1760 1982 enutriebant
1846 1927 2063 1998 ignem,

427 2027 529 2082 per
583 2029 753 2081 quem
812 2013 884 2067 ab
943 2014 1202 2069 humano
1261 2031 1502 2087 corpore
1559 2013 1824 2088 hyemale
1884 2017 2068 2088 frigus

426 2100 804 2169 ejiciebatur;
840 2102 1072 2158 mollior
1118 2108 1312 2158 autem
1363 2105 1434 2158 ad
1467 2104 1614 2160 tales
1664 2105 1933 2161 ferendas
1964 2105 2070 2159 im-

422 2190 776 2259 pressiones,
819 2191 878 2246 in
939 2191 1128 2247 balnei
1181 2192 1372 2248 calore
1423 2196 1781 2250 consistebat
1835 2195 1904 2249 ad
1963 2193 2069 2248 fri-

423 2295 535 2350 gus
563 2279 816 2334 exterius
847 2282 1272 2337 circumdatum
1302 2283 1511 2354 aequali
1539 2284 1593 2338 vi
1618 2283 2066 2340 devincendum.

426 2368 491 2422 Et
521 2367 740 2424 talibus
770 2369 1009 2440 quidem
1040 2373 1366 2428 rationibus
1396 2373 1548 2428 aeris
1578 2375 1944 2429 severitatem
1977 2390 2066 2428 re-

423 2456 810 2528 pellebamus.
874 2461 1213 2516 Domiuator
1271 2468 1489 2528 autem,
1532 2468 1802 2518 assuetus
1848 2463 1974 2533 jam
2034 2479 2070 2518 ιι

426 2563 641 2618 magno
690 2554 748 2602 et
779 2565 812 2603 a
842 2566 1015 2620 parvo
1066 2555 1196 2621 post
1243 2550 1542 2607 infantiles
1588 2553 1799 2608 fascias
1849 2552 2068 2607 talibus

425 2635 726 2692 horrorem
776 2638 1273 2709 imprimentibus,
1305 2645 1381 2704 et,
1433 2640 1611 2696 veluti
1665 2642 1800 2712 quis
1846 2642 2068 2698 urbane

422 2725 660 2792 diceret,
685 2727 1022 2797 jamdulum
1058 2729 1216 2784 frons
1265 2732 1388 2801 ipse
1418 2736 1576 2786 totus
1608 2747 1735 2786 esse
1782 2731 1973 2786 sciens
2007 2731 2066 2785 in

422 2813 516 2868 his
547 2831 676 2886 quae
707 2823 970 2886 spectant
1001 2819 1068 2871 ad
1103 2824 1468 2874 constantem
1498 2821 1967 2875 exercitationem
1994 2820 2067 2876 ad

423 2903 800 2972 perferendas
830 2907 974 2960 tales
1006 2907 1155 2961 aeris
1185 2907 1694 2978 injurias,quando
1724 2909 2065 2963 constantiae

424 3000 653 3062 tempus
681 2993 933 3060 advenit,
967 2994 1111 3049 nihil
1161 2995 1563 3053 circumdatus
1601 3002 1703 3052 aut
1749 2997 2067 3069 praemuni-

423 3085 542 3151 tus,
577 3086 782 3154 preter
837 3089 1042 3138 aestum
1088 3086 1174 3143 ad
1209 3086 1512 3156 quodlibet
1567 3103 1715 3159 opus
1770 3105 1874 3159 pro
1933 3088 2066 3155 Deo,

421 3169 730 3242 zelumque
777 3189 891 3244 quo
924 3173 1178 3229 fervebat
1222 3177 1292 3230 ad
1337 3175 1527 3245 illum,
1562 3177 1704 3232 adeo
1752 3181 1818 3232 ut
1869 3176 2067 3231 incen-

421 3259 659 3315 deretur
689 3261 746 3315 in
797 3262 1144 3332 injustitiam
1179 3265 1551 3321 inimicorum
1601 3267 1767 3337 ejus;
1802 3283 1906 3338 pro
1955 3265 2066 3320 mi-

422 3347 542 3404 hilo
573 3354 850 3421 reputans
882 3352 1074 3407 minas
1103 3358 1160 3408 et
1189 3353 1410 3425 plagas,
1438 3355 1637 3424 quales
1663 3356 1732 3410 ad
1766 3371 2070 3410 summum

422 3437 737 3494 extollebat
786 3439 1010 3512 hyems,
1067 3442 1476 3499 ardentissime
1525 3446 1745 3512 currit;
1797 3449 1854 3499 et
1899 3443 2073 3499 irruit

423 3528 656 3584 medius
710 3529 862 3585 inter
906 3529 1177 3587 inimicos
1207 3531 1472 3588 alienata:
1528 3535 1741 3588 mentis
1770 3539 1826 3589 et
1869 3533 2072 3589 alienae

423 3616 634 3685 linguas
696 3633 1088 3692 prospereque
1140 3620 1399 3691 procedit
1456 3623 1526 3676 ad
1588 3622 2069 3691 extraordinaria,

424 3721 676 3776 quorum
709 3707 882 3762 modo
926 3723 1030 3780 per
1068 3709 1373 3764 ecclesiam
1429 3709 1774 3783 legebantur
1821 3727 2070 3782 evange-

423 3793 522 3864 lia,
555 3795 886 3868 exemplum
919 3803 971 3851 et
1002 3796 1132 3869 ipsa
1177 3799 1482 3855 charitatis
1525 3800 1732 3856 exinde
1776 3801 2068 3872 proﬂuen-

422 3882 540 3951 tis;
584 3900 686 3957 per
737 3902 864 3957 quas
911 3903 1017 3941 nos
1070 3886 1245 3942 etiam
1297 3887 1637 3958 hujusmodi
1685 3890 2068 3946 festivitatum

425 3971 738 4043 participes
787 3975 1038 4030 assumit
1068 3972 1164 4031 ille
1205 3977 1306 4047 qui
1361 3994 1474 4033 non
1525 3978 1714 4034 solum
1764 3978 1823 4034 in
1869 3979 2069 4051 fugam

428 4065 772 4134 perpetuam
805 4062 1074 4118 inimicos
1091 4066 1265 4120 vertit
1294 4071 1350 4120 et
1380 4066 1659 4138 quidquid
1693 4068 1752 4122 in
1783 4068 1930 4140 ipsis
1953 4084 2072 4123 cer-

428 4150 636 4206 tamini
690 4153 1013 4223 proprium,
1046 4155 1268 4224 evertit,
1299 4156 1400 4211 sed
1438 4157 1612 4212 etiam
1669 4159 1929 4230 ipsorum
1962 4165 2074 4214 ter-

431 4257 556 4295 ram
589 4240 1022 4298 habitatoribus
1044 4244 1333 4301 desertam
1359 4245 1512 4310 fecit,
1545 4245 1794 4318 illosque
1825 4247 2074 4317 subjecit

429 4329 600 4385 nobis
630 4332 684 4386 in
719 4331 1201 4404 servitutem,qua
1222 4335 1334 4406 ipsi
1362 4351 1491 4391 vere
1522 4336 1683 4408 digni
1715 4343 1852 4393 sunt
1883 4341 1939 4392 et
1967 4354 2071 4392 no-

429 4435 564 4476 men
595 4419 668 4476 ad
701 4419 757 4475 id
791 4421 1004 4477 ferunt.

499 4637 585 4694 46.
617 4638 783 4694 Tales
833 4638 1014 4711 igitur
1045 4639 1255 4713 regalis
1285 4657 1423 4713 erga
1474 4659 1581 4698 nos
1623 4641 1899 4711 Charitas,
1934 4643 2069 4699 talis

424 4733 662 4799 prepter
687 4745 794 4784 nos
842 4733 899 4784 et
945 4728 1168 4786 similes
1215 4730 1384 4786 nobis
1430 4731 1592 4786 zelus
1639 4732 2068 4788 dominatorem

426 4815 563 4872 urit.
596 4817 686 4873 Sic
717 4817 815 4873 ille
865 4819 1236 4875 sermonibus
1281 4821 1495 4876 docens
1542 4821 1783 4892 optima,
1816 4838 2068 4894 quorum

426 4909 602 4976 caput
650 4910 739 4960 est
789 4907 1065 4979 charitas,
1099 4910 1422 4965 doctrinam
1455 4915 1512 4966 et
1558 4910 1834 4982 operibus
1881 4912 2071 4967 consi-

423 4997 587 5064 gnat,
617 4994 876 5066 seipsum
907 4997 965 5052 in
998 4997 1273 5054 omnibus
1309 4999 1542 5056 virtutis
1572 5001 1836 5072 praebens
1867 5001 2067 5057 arche-

421 5087 647 5154 typum.
682 5083 855 5140 lllum
902 5091 960 5141 et
987 5085 1100 5151 hic,
1134 5091 1420 5159 quantum
1470 5088 1750 5160 possibile
1795 5095 1904 5155 est,
1936 5091 2069 5146 imi-

424 5183 631 5244 temur,
665 5174 943 5245 quoniam
975 5175 1072 5232 ille
1102 5176 1294 5250 imago
1338 5178 1528 5233 cuncti
1580 5178 1715 5233 boni
1758 5181 2065 5252 ﬁguratus,

423 5263 748 5319 maximum
808 5263 1167 5321 Salvatorem
1240 5272 1506 5323 nostrum
1563 5266 1621 5322 in
1677 5267 2065 5326 imitationem

421 5352 817 5426 imaginaliter
859 5370 1212 5425 proponens,
1242 5361 1299 5412 et
1349 5357 1666 5429 gratuitam
1712 5356 1868 5413 illius
1919 5376 2070 5414 mor-

422 5446 536 5498 tem
571 5448 809 5517 propter
859 5461 965 5500 nos
1015 5443 1074 5500 in
1107 5451 1362 5503 mentem
1413 5447 1771 5519 exprimens,
1805 5447 2066 5519 seipsum

423 5538 660 5604 prepter
689 5549 796 5589 nos
845 5534 1018 5590 morti
1065 5535 1264 5592 tradit.
1295 5535 1428 5592 Ideo
1479 5553 1718 5610 prorsus
1764 5537 2064 5609 gauderet,

423 5621 655 5677 discens
705 5627 761 5678 et
809 5639 916 5679 nos
966 5623 1024 5680 in
1087 5624 1240 5680 bono
1289 5623 1620 5697 diligentes,
1678 5625 1956 5697 quoniam
2011 5629 2070 5681 et

424 5707 704 5779 magister
732 5715 790 5766 et
838 5711 1032 5768 omnis
1084 5712 1223 5769 boni
1271 5727 1493 5784 gnarus
1534 5714 1856 5773 monarcha
1899 5714 2068 5773 nobis

2099 4587 2148 4654 D

2187 1913 2516 1994 βεϐριθυίας.
2553 1921 2761 1977 Πολλοὶ
2795 1920 2852 1978 δέ
2881 1944 3019 1984 τινες
3048 1922 3137 1976 καὶ
3163 1926 3269 1996 πῦρ
3306 1920 3551 1994 μολακὸν
3586 1938 3828 1993 περιειρ-

2179 2008 2430 2081 γάζοντο,
2453 2007 2524 2064 δι’
2554 2008 2615 2065 οὗ
2643 2012 2897 2084 σώματος
2946 2010 3284 2085 ἀνθρωπίνου
3327 2013 3506 2085 ψῦχος
3537 2006 3828 2084 χειμέριον

2184 2093 2523 2172 ἐκπορίζεται
2558 2118 2571 2130 ·
2627 2102 2654 2154 ὁ
2705 2098 2762 2155 δὶ
2815 2099 3227 2174 μαλακώτερος,
3278 2093 3606 2174 προσϐολάς
3652 2097 3829 2174 φερειν

2181 2186 2458 2255 τοιαύτας,
2500 2188 2589 2242 καὶ
2640 2188 2950 2264 λουτρῶνος
3004 2188 3210 2264 ἐγίνετο
3263 2187 3323 2242 ’ἀν
3366 2183 3669 2241 ἀντίπαλον
3699 2185 3832 2259 πρὸς

2183 2275 2246 2328 τὸ
2307 2273 2472 2350 δριμὺ
2526 2282 2623 2332 τοῦ
2679 2277 2779 2348 ἔξω
2826 2277 3209 2352 περιέχοντος.
3260 2276 3366 2332 Καὶ
3395 2275 3682 2337 τοιαύταις
3739 2275 3829 2347 μὶν

2186 2366 2352 2436 ἡμεῖς
2411 2365 2661 2440 μεθόδοις
2706 2371 2768 2424 τὸ
2814 2374 2910 2424 τοῦ
2959 2369 3114 2442 ἀέρος
3151 2366 3357 2423 λυποῦν
3390 2367 3832 2443 ἀπεκρουόμεθα.

2187 2456 2248 2512 Ὁ
2280 2453 2338 2511 δὲ
2384 2458 2753 2536 αὐτοκράτωρ,
2804 2459 2927 2524 ἐθὰς
2977 2458 3085 2531 ἤδη
3135 2459 3195 2514 ἐκ
3245 2463 3453 2533 μακροῦ
3498 2459 3593 2513 καὶ
3628 2463 3830 2533 μικροῦ

2191 2549 2324 2621 μετά
2375 2551 2443 2604 τὰ
2503 2552 2731 2627 βρεφικά
2795 2553 3075 2628 σπάργανα
3149 2556 3258 2606 τῶν
3318 2550 3462 2605 οὕτω
3519 2549 3833 2627 φρικαλὲων

2182 2639 2610 2712 καταστημάτων
2669 2642 2983 2716 γενόμενος,
3057 2641 3171 2711 καὶ,
3248 2641 3276 2695 ὃ
3335 2637 3400 2710 δή
3457 2661 3540 2701 τις
3601 2639 3837 2703 ἀστείως

2185 2724 2312 2802 ἔφη,
2344 2728 2516 2784 πάλαι
2564 2731 2696 2786 ποτὲ
2729 2731 2978 2805 μέτωπον
3022 2730 3181 2792 αὐτὸς
3229 2728 3362 2792 ὅλος
3411 2729 3544 2784 εἶναι
3575 2727 3834 2805 διαγνοὺς

2183 2819 2248 2871 τά
2278 2839 2336 2892 γε
2395 2819 2472 2882 εἷς
2517 2822 2839 2897 καρτερικήν
2886 2820 3185 2896 γυμνασίαν
3233 2824 3331 2874 τοῦ
3391 2820 3693 2892 ὑπομὲνειο
3747 2819 3838 2896 ῥᾳ-

2185 2905 2467 2984 διουργίας
2516 2911 2688 2985 ἀέρων
2746 2912 3020 2980 τοιαύτας,
3078 2911 3169 2967 ὅτε
3224 2910 3546 2990 φερεπονίας
3619 2913 3826 2987 καιρὸς.

2183 2992 2654 3072 περιϐεϐλημένος
2703 2997 2739 3070 ἤ
2798 2995 3254 3075 προϐεϐλημένος
3324 2997 3477 3054 οὐδὲν
3554 3001 3829 3075 περιττὸν,

2185 3086 2312 3142 ἀλλ’
2339 3085 2375 3157 ἤ
2405 3091 2504 3158 τήν
2536 3091 2643 3164 πρὸ
2687 3090 2887 3152 πάντὸς
2931 3089 3094 3166 ἔργου
3145 3090 3279 3162 μετά
3333 3091 3462 3145 Θεὸν
3504 3087 3827 3164 θαλπωρῆν,

2181 3176 2269 3230 καὶ
2317 3177 2380 3231 τὸ
2429 3177 2895 3252 διαθερμαίνεσθαι
2946 3179 3024 3241 εἰς
3071 3180 3162 3234 τὸν
3222 3179 3352 3250 ὑπὲρ
3401 3176 3614 3232 ἐκείνου
3663 3176 3826 3248 ζῆλον

2180 3265 2268 3318 καὶ
2301 3266 2374 3327 ὡς
2406 3268 2494 3320 οἷα
2542 3269 2936 3344 πυρφορεῖσθαι
2979 3266 3150 3341 ταύτῃ
3206 3267 3342 3341 πρὸς
3391 3263 3672 3336 ἐκδίκησιν
3730 3267 3826 3334 τήν

2179 3354 2315 3408 κατά
2357 3356 2467 3409 τῶν
2520 3354 2726 3410 ἐκείνου
2781 3355 3016 3430 ἐχθρῶν,
3066 3357 3192 3430 παρ’
3252 3352 3403 3410 οὐδὲν
3465 3355 3689 3426 θέμενος
3735 3354 3825 3417 τας

2179 3443 2265 3497 καὶ
2327 3443 2554 3506 ἀπειλὰς
2600 3445 2688 3499 καὶ
2741 3444 2933 3520 βολάς,
2983 3444 3178 3506 ὁποίας
3232 3445 3260 3498 ὁ
3302 3444 3520 3519 χειμὼν
3551 3443 3634 3507 εἷς
3666 3442 3823 3519 ἄκρον

2181 3531 2536 3602 ἐξησκήσατο,
2579 3532 2825 3610 ἐκτρέχει
2877 3534 3014 3588 κατὰ
3044 3531 3286 3604 σπουδήν
3331 3554 3344 3567 ·
3376 3532 3468 3588 καὶ
3501 3533 3617 3605 ἅμα
3648 3532 3826 3606 ἐμπη-

2181 3619 2246 3691 δᾷ
2273 3628 2389 3686 τοῖς
2419 3621 2724 3701 ἀλλόφροσι
2773 3623 2864 3678 καὶ
2922 3621 3341 3699 ἀλλογλώσσοις
3379 3621 3700 3694 πολεμίοις,
3741 3622 3825 3677 καὶ

2181 3707 2462 3765 εῦοδοῦται
2521 3711 2596 3774 είς
2652 3733 2720 3766 τα
2778 3711 2979 3783 ἐξαίσια
3013 3731 3026 3744 ·
3108 3713 3182 3766 ὧν
3251 3707 3480 3787 ἔναγχος
3534 3709 3826 3786 εὐαγγέλια

2179 3797 2261 3852 ἐπ’
2316 3798 2612 3871 ἐκκλησίας
2664 3801 3110 3876 ἀνεγινώσκοντο,
3163 3798 3355 3876 δεῖγμα
3402 3801 3494 3854 καὶ
3546 3799 3683 3854 αὐτά
3731 3803 3823 3868 τῆς

2181 3886 2377 3952 ἐκεῖθεν
2436 3891 2671 3964 ἀγαπης,
2733 3888 2802 3944 δι’
2861 3891 2934 3944 ὧν
3008 3889 3307 3952 κοικωνοῦς
3362 3892 3515 3963 ἡμᾶς
3572 3890 3663 3944 καί
3718 3894 3820 3944 τῶν

2178 3977 2442 4032 τοιούτων
2490 3977 2854 4054 χαρμοσύνων
2904 3973 3386 4055 προσλαμϐάνεται
3436 3980 3463 4033 ὁ
3527 3980 3605 4052 μή
3663 3978 3819 4051 μόνον

2179 4065 2256 4130 εἷς
2304 4069 2480 4145 φυγὴν
2524 4067 2958 4144 ἀμετάστρεπτον
3015 4069 3141 4130 τοὺς
3192 4067 3426 4143 ἐχθροὺς
3475 4067 3693 4135 κλίνας,
3738 4068 3822 4122 καὶ

2177 4159 2543 4232 καταστρέψας
2601 4159 2663 4213 τὸ
2712 4157 2764 4214 ἐν
2826 4158 3011 4221 αὐτοῖς
3077 4159 3345 4235 μάχιμον,
3394 4155 3543 4212 ἀλλὰ
3589 4158 3681 4212 καὶ
3728 4158 3822 4227 τήν

2178 4246 2295 4300 κατ’
2342 4245 2534 4308 αὐτοὺς
2589 4253 2690 4322 γῆν
2741 4246 3035 4323 ἐρημώσας
3075 4251 3185 4302 τῶν
3219 4245 3551 4320 οἲκητόρων,
3583 4251 3679 4301 καῖ
3707 4247 3825 4321 χώ-

2181 4354 2277 4407 ρας
2331 4333 2664 4398 πολυτενοῦς
2712 4333 3102 4412 αἰχμαλωσίας
3162 4335 3482 4411 ἀπαγαγὼν,
3537 4336 3627 4388 καὶ
3679 4335 3824 4410 ἰγκο-

2178 4425 2449 4494 ταστήσας
2476 4429 2591 4487 τοῖς
2632 4425 2748 4479 καθ’
2799 4427 2948 4498 ἡμᾶς
3000 4424 3076 4486 εἷς
3133 4421 3408 4495 δουλείαν,
3456 4423 3526 4493 ἦς
3554 4422 3711 4479 αὐτοὶ
3736 4443 3824 4478 κα-

2177 4514 2348 4586 ταξιοι
2379 4515 2468 4570 καὶ
2500 4513 2802 4590 ἐπώνυμοι.

2253 4648 2355 4714 μς’,
2387 4640 2638 4696 Τοίοῦτον
2681 4644 2716 4711 ἡ
2765 4639 3024 4718 βασιλική
3082 4639 3206 4717 περὶ
3259 4643 3408 4712 ἡμᾶς
3463 4639 3671 4716 ἀγάπη,
3715 4661 3823 4695 τοι-

2181 4733 2338 4791 οῦτος
2401 4731 2533 4804 ὑπὲρ
2581 4732 2741 4804 ἡμῶν
2791 4731 2880 4786 καὶ
2926 4735 3033 4786 τῶν
3077 4731 3196 4794 καθ’
3239 4732 3388 4803 ἡμᾶς
3421 4728 3622 4784 ἐκκαίει
3659 4728 3823 4799 ζῆλος

2179 4819 2270 4873 τὸν
2324 4818 2694 4894 αὐτοκράτορα
2725 4839 2738 4851 ·
2788 4816 2962 4882 οὕτως
3005 4819 3208 4882 ἐκεῖνος
3253 4818 3343 4872 καὶ
3389 4815 3577 4894 λόγοις
3639 4815 3822 4872 διδάσ-

2181 4927 2290 4961 κων
2339 4907 2407 4962 τά
2458 4907 2732 4983 βέλτιστα,
2783 4908 2857 4962 ὦν
2905 4905 3204 4982 κεφάλαιον
3252 4908 3287 4976 ἡ
3332 4905 3537 4982 ἀγάπη,
3570 4904 3827 4982 ἐπισφρα-

2183 4995 2318 5070 γίζει
2372 4998 2471 5066 τὴν
2531 4994 2879 5052 διδασκαλίαν
2961 4995 3051 5050 καὶ
3110 4993 3310 5072 ἔργοις,
3371 4995 3683 5071 ἀρχέτυπον
3741 4995 3820 5073 ἐφ’

2185 5086 2379 5140 ἅπασιν
2437 5086 2632 5161 ἀρετῆς
2689 5086 2874 5142 ἑαυτὸν
2934 5089 3227 5160 προϊστῶν.
3301 5086 3506 5142 Τοῦτον
3561 5084 3826 5158 μιμησώ-

2187 5186 2321 5248 μεθα
2405 5174 2692 5245 κάνταῦθα,
2779 5173 2903 5230 ὅσον
2984 5171 3233 5248 δύναμις,
3308 5174 3423 5229 ἐπεὶ
3479 5175 3571 5230 καὶ
3623 5175 3825 5235 ἐκεῖνος

2182 5261 2470 5339 ἐκμαγεῖον
2527 5263 2724 5326 πάντὸς
2791 5263 2998 5339 ἀγαθοῦ
3056 5262 3347 5332 τυπωθεὶς,
3421 5263 3514 5318 τὸν
3574 5264 3822 5339 μέγιστον

2184 5357 2416 5429 Σωτῆρα
2446 5354 2607 5426 ἡμῶν
2649 5353 2726 5416 εἰς
2761 5352 2994 5427 μίμησιν
3029 5351 3308 5413 εἰκονικῶς
3354 5354 3820 5428 προστησάμενος,

2177 5442 2269 5496 καὶ
2352 5442 2442 5497 τὸν
2527 5442 2729 5498 ἐκείνου
2840 5441 3044 5528 δωρεὰν
3119 5441 3251 5516 ὑπὲρ
3355 5444 3516 5515 ἡμῶν
3599 5444 3816 5498 Θάνατον

2181 5533 2257 5596 εἷς
2314 5538 2438 5589 νοῦν
2495 5555 2856 5609 τυπουμενος,
2921 5535 3168 5605 Θνήσκειν
3229 5533 3414 5589 ἑαυτὸν
3476 5535 3610 5612 ὑπὲρ
3661 5536 3811 5608 ήμῶν

2181 5622 2496 5699 προτίθησι.
2555 5625 2648 5679 Διὸ
2705 5623 2796 5681 καὶ
2855 5623 3046 5700 χαίροι
3123 5619 3183 5678 ἂν
3242 5627 3483 5693 πάντως,
3544 5622 3806 5697 μανθάνων

2185 5711 2241 5768 αὶ
2295 5713 2444 5787 ἡμᾶς
2499 5709 2875 5790 ἀγαπητικοῦς
2935 5711 2986 5768 ἐν
3039 5709 3219 5784 καλῷ,
3268 5709 3385 5768 ἐπεὶ
3431 5711 3522 5770 καὶ
3572 5710 3806 5769 διδάσκα-
