4114 6200
267 367 374 426 673

1245 356 1326 416 ΙΝ
1369 355 1434 416 S.
1481 351 2164 427 QUADRAGESIMAM
2210 352 2502 413 ORATIO
2544 353 2650 412 III.

3533 358 3653 414 674

265 495 354 558 λος
381 497 513 567 ἡμῖν
541 491 632 546 αἱ
679 489 878 552 παντὸς
933 486 1420 563 ἱπιστημονάρχης
1470 486 1676 560 ἀγαθοῦ
1707 479 1888 539 Θεὸθεν

2027 484 2357 556 proponitur
2384 502 2418 540 a
2448 489 2582 540 Deo.
2616 484 2892 557 Magister
2921 501 3051 540 vero
3083 503 3198 542 non
3229 486 3287 541 in
3347 488 3462 542 vidi
3517 507 3650 562 pro-

264 578 643 661 προϐιϐληται.
695 576 1031 634 Διδασκάλου
1063 575 1119 632 δὲ
1165 576 1400 654 ἀφθόνου
1457 571 1591 630 ἴδιον
1652 574 1892 650 χαίρειν,

265 676 334 736 οἷς
394 668 771 743 εὐδοκιμοῦσιν
797 669 848 722 οἱ
879 665 1282 739 διδασκόμενοι.
1341 662 1666 723 Τούναντίον
1711 661 1895 735 μέντοι

266 758 498 820 θλίϐοιτο
530 761 613 832 ἂν,
648 757 796 834 εἶ’περ
831 758 988 820 αὐτὸς
1024 759 1118 832 μὲν
1144 754 1438 812 κινδυνεύει
1467 753 1536 811 δι’
1565 757 1714 828 ἡμᾶς
1746 757 1812 808 τά
1841 751 1895 815 ἐς

264 852 512 924 πόλεμον,
545 851 592 922 ᾧ
621 849 711 905 καὶ
741 851 954 903 θάνατοι
984 850 1447 924 παρομαρτοῦσιν,
1498 848 1664 919 ἡμεῖς
1695 842 1752 898 δε
1782 844 1898 897 κατ’

264 940 513 1011 ἀλλήλων
546 938 890 1010 ἂνιστώμεθα
940 938 1202 1012 μάχιμοι,
1253 935 1342 990 καὶ
1390 934 1562 997 οὕτως
1611 933 1688 995 εἷς
1741 929 1894 988 οὐδέν

266 1031 370 1087 δέον
403 1026 762 1106 βροτολοιγοὶ
792 1021 1084 1082 ἀπεκϐαίνο
1094 1047 1187 1099 μεν
1199 1069 1212 1082 .

328 1121 428 1194 μζῖ⁸
460 1117 858 1190 Ἐνθυμώμεθα
904 1117 1040 1190 πρὸς
1092 1113 1306 1176 τούτοις
1352 1113 1530 1168 καὶτὸ
1579 1111 1897 1180 κατάντημα

262 1215 346 1265 τοῦ
386 1207 753 1283 προκειμένου
799 1209 1150 1276 νηστευτικοῦ
1206 1199 1424 1258 σταδίου
1454 1248 1469 1273 ,
1523 1203 1624 1270 τήν
1683 1221 1898 1272 κοσμο-

261 1299 515 1372 σωτήριον
562 1293 900 1370 πασχάλιον,
952 1295 1051 1363 τὴν
1111 1293 1372 1368 κυριακὴν
1434 1293 1742 1360 ἀνάστασιν,
1794 1291 1894 1358 τὴν

257 1389 335 1443 καὶ
409 1383 598 1446 ἄλλως
683 1384 775 1457 μὶν
836 1381 1173 1453 ἰξανάστασιν
1231 1381 1498 1454 ἡμετέραν
1567 1379 1626 1434 ἐκ
1681 1399 1895 1454 παραπ-

257 1474 509 1548 τωμάτων
541 1471 778 1528 πολλῶν
831 1471 921 1526 καὶ
979 1475 1088 1526 τῶν
1119 1474 1217 1536 τῆς
1245 1477 1434 1540 κοινῆς
1494 1467 1551 1524 δὲ
1578 1468 1670 1522 καὶ
1711 1466 1897 1522 τελευ-

261 1564 399 1626 ταίας
451 1563 539 1617 καὶ
603 1567 836 1638 φρικτῆς
894 1559 1200 1635 προοιμίων
1270 1559 1676 1636 έπισφράγισμα
1733 1557 1896 1630 ἔκφα-

261 1656 518 1710 νέστατον.
586 1646 1055 1721 Ἀνασκάλλωμεν
1111 1652 1180 1721 τῇ
1241 1645 1451 1718 διανοίᾳ
1500 1658 1598 1714 την
1649 1645 1896 1700 εὐκταίαν

261 1743 445 1812 ταύτην
501 1739 895 1814 κυριώνυμον,
942 1739 1060 1801 καθ’
1117 1739 1178 1805 ἣν
1239 1737 1442 1798 σκοπὸς
1497 1737 1632 1808 ἡμῖν
1689 1734 1900 1808 καίριος

2009 575 2202 647 prium
2259 579 2349 630 est
2404 573 2477 628 iis
2532 575 2806 648 gaudere,
2867 575 3082 644 quibus
3131 575 3406 648 discipuli
3438 577 3651 635 clarifi-

2006 668 2233 717 cantur.
2260 663 2557 718 Contrarie
2588 680 2757 734 porro
2794 664 2988 718 forsan
3040 664 3418 737 afﬂigeretur,
3469 667 3650 738 siqui-

2007 752 2138 807 dem
2171 751 2268 806 ille
2299 769 2401 824 pro
2433 753 2602 809 nobis
2631 753 2879 807 incurrit
2905 753 3162 824 pericula
3194 754 3352 822 belli,
3386 756 3479 811 cui
3504 773 3656 812 mor-

2005 845 2093 896 tes
2139 842 2514 909 comitantur,
2545 843 2685 897 dum
2721 858 2824 898 nos
2883 843 2942 896 in
2997 843 3243 900 invicem
3279 844 3646 920 insurgimus

2008 935 2356 1003 pugnantes,
2386 935 2444 986 et
2473 932 2697 1002 absque
2728 948 2906 986 causa
2936 932 3241 989 homicidas
3269 937 3592 995 evadimus.

2078 1108 2164 1163 47.
2201 1107 2609 1177 Recogitemus
2639 1109 2881 1180 insuper
2937 1111 3219 1184 propositi
3269 1114 3655 1184 jejunationis

2007 1197 2182 1252 stadii
2214 1196 2555 1263 terminum,
2587 1197 2843 1252 salutare
2873 1199 3002 1254 dico
3036 1201 3648 1268 Pascha,Dominicam

2007 1286 2515 1354 resurrectionem,
2551 1291 2812 1342 nostram
2871 1287 3109 1344 aliunde
3167 1293 3651 1350 resurrectionem

2007 1391 2076 1430 ex
2107 1375 2311 1430 multis
2339 1374 2625 1447 lapsibus,
2659 1377 2758 1430 sed
2790 1381 2846 1430 et
2877 1378 3292 1448 prommiorum
3324 1385 3654 1439 communis

2008 1464 2350 1535 ultimaeque
2415 1481 2481 1518 ac
2547 1463 2848 1519 horrenda
2918 1466 3029 1520 dici
3103 1469 3653 1528 manifestissimum

2009 1552 2294 1625 sigillum.
2337 1553 2742 1624 Inspectemus
2801 1555 3150 1626 cogitatione
3206 1557 3653 1616 desiderabilem

2009 1641 2160 1697 hanc
2192 1641 2424 1697 Domini
2453 1642 2629 1710 diem,
2661 1659 2774 1713 qua
2804 1645 2971 1699 nobis
3005 1649 3094 1700 est
3123 1653 3488 1718 opportunus
3523 1649 3656 1707 ﬁnis

2010 1731 2294 1799 intentus,
2326 1731 2521 1803 ipsum
2581 1731 2736 1787 hunc
2794 1749 2988 1805 regem
3048 1737 3526 1806 potentissimum
3589 1757 3656 1796 ac

265 1832 409 1887 αὐτὸν
490 1829 699 1884 ἐκεῖνον
770 1827 861 1882 τὸν
921 1821 1273 1900 παμϐασιλέα
1329 1827 1561 1901 Σωτῆρα
1634 1822 1900 1880 ένοικίσα-

403 1918 415 1930 .
492 1922 501 1930 .
613 1918 628 1930 .
911 1917 934 1930 Α
1105 1916 1116 1930 ,
1310 1911 1334 1930 ρ.
1382 1913 1400 1930 κ
1459 1912 1513 1930 κ,
1659 1914 1672 1930 ς

2027 1819 2361 1875 Salvatorem
2396 1821 2451 1874 in
2488 1825 2744 1876 mentem
2776 1821 3146 1895 hospitaliter
3165 1826 3657 1899 accipiendi,sane

266 1932 373 1985 σθαι
400 1918 449 1980 ἐς
479 1918 695 1993 ψυχὴν,
727 1916 1252 1991 προκαθηραμένους
1305 1911 1545 1983 δηλαδὴ,
1585 1914 1675 1968 καὶ
1709 1933 1901 1988 συρφε-

263 2011 347 2065 τοῦ
374 2009 569 2070 παντὸς
637 2008 731 2062 τὸν
789 2007 924 2061 κατά
977 2009 1100 2060 νοῦν
1158 2005 1208 2059 ὲν
1245 2005 1489 2066 ὶκάστοις
1520 2005 1665 2059 οἶκον
1726 2004 1901 2078 σαρώ-

267 2119 462 2160 σαντας.

331 2189 434 2259 μη’.
468 2183 981 2260 Προσλογισώμεθα
1039 2182 1127 2237 καὶ
1186 2180 1373 2244 ἄλλως
1437 2183 1556 2255 μὲν,
1587 2183 1616 2237 ’ὀ
1665 2183 1755 2237 καὶ
1788 2183 1901 2237 ἑτέ-

269 2278 388 2350 ρωθι
416 2271 646 2349 ἔφαμεν,
706 2277 822 2333 πῶς
876 2270 934 2325 ἃν
999 2270 1050 2326 έν
1104 2273 1240 2343 ἡμῖν
1294 2273 1529 2346 χωρήσῃ
1563 2272 1591 2325 ὁ
1645 2272 1902 2346 μέγιστος

272 2364 477 2440 ἅρχων.
531 2365 560 2418 ὁ
608 2356 994 2434 παμϐασιλεὺς
1037 2361 1206 2429 Θεὸς,
1267 2360 1450 2421 αὐτοῖς
1509 2358 1735 2422 ὀπαδοῖς
1788 2365 1903 2422 τοῖς

270 2454 379 2526 περὶ
425 2452 581 2507 αὐτὸν
621 2497 637 2521 ,
698 2449 784 2505 ἐὰν
858 2449 1001 2504 οὕτω
1074 2447 1312 2524 γέμωσιν
1391 2449 1544 2521 ὑμῶν
1624 2449 1677 2502 αἱ
1735 2448 1901 2504 οἰκίαι

275 2541 477 2618 φαύλων
544 2543 877 2615 περιουσιῶν
952 2539 1042 2592 καὶ
1099 2541 1326 2607 σκευῶν,
1384 2538 1458 2599 ὡς
1523 2539 1596 2610 μὴ
1658 2535 1905 2592 δεδόσθαι

275 2628 469 2700 οἴκησιν
529 2629 705 2700 αὐτῷ.
769 2625 1024 2684 Μάλιστα
1080 2623 1138 2680 δὲ
1187 2627 1799 2702 προσεπιλογισώμεθα,
1832 2627 1906 2689 ὡς

277 2718 316 2773 εἲ
366 2716 448 2772 καὶ
499 2724 678 2773 πᾶσαν
733 2715 871 2786 ὓλην
953 2715 1134 2790 ἑτέραν
1196 2715 1564 2790 ἀπαγάγωμεν
1621 2719 1717 2769 τοῦ
1773 2717 1908 2771 κατά

277 2807 442 2882 ψυχὴν
498 2804 681 2872 οἴκου,
731 2801 1199 2881 φιλοκαλήσαντες
1243 2802 1460 2864 ἑαυτοὺς
1508 2804 1904 2878 ἀπειροκάλως,

277 2895 355 2950 καὶ
409 2894 482 2956 εἷς
543 2893 896 2970 ἀρῥυπάρους
953 2893 1040 2946 καὶ
1095 2891 1412 2968 καθαρείους
1467 2895 1906 2966 καταστήσομεν,

278 2980 322 3037 ἔν
349 2981 402 3038 δέ
454 2983 542 3038 καὶ
602 2977 770 3056 μόνον
799 2978 1120 3056 ἐνδομύχως
1183 2977 1469 3058 ὑφεδρεῦον
1507 2980 1759 3055 ἐάσομεν,
1809 2984 1908 3052 τήν

277 3079 364 3142 τῆς
396 3069 605 3134 δικαίας
641 3071 732 3126 καὶ
803 3069 971 3145 ὀρθῆς
1020 3070 1112 3124 καὶ
1160 3069 1605 3145 ἀπραγματευτου
1643 3071 1733 3126 καὶ
1788 3071 1910 3127 ἀκι-

281 3156 481 3232 ϐὂήλου
511 3161 729 3236 ἀγάπης
780 3156 1074 3214 ἀντίπαλον
1108 3156 1331 3234 ἔχθραν,
1389 3164 1506 3220 πῶς
1551 3158 1612 3213 ἂν
1659 3161 1757 3228 τὴν
1813 3160 1912 3215 αό-

281 3251 541 3325 τοαγάπην
571 3293 586 3319 ,
679 3250 770 3304 τὸν
852 3247 1046 3324 Κύριον
1080 3295 1096 3320 ,
1171 3247 1620 3321 εἰσοικισώμεθα;
1697 3252 1864 3323 Οἶμαι

285 3360 374 3394 ουκ
399 3359 455 3394 αν
467 3383 479 3396 .

351 3448 450 3518 μίν.
504 3444 878 3517 Ἐξελάσωμεν
956 3444 1046 3498 οῦν
1118 3448 1311 3520 πρῶτα
1363 3444 1456 3498 τὸν
1515 3449 1612 3499 τοῦ
1663 3446 1916 3500 τοιούτου

291 3535 538 3608 βασιλέως
604 3534 804 3610 ἐχθρὸν
863 3533 952 3610 ἀφ’
1007 3532 1280 3605 ἠμῶν,τὸ
1312 3531 1597 3608 ἀλόγιστον
1645 3533 1793 3608 λέγω
1827 3541 1916 3607 μῖ-

290 3643 392 3690 σος,
421 3625 552 3699 πρὸς
612 3621 672 3677 δέ
727 3642 787 3698 γε
840 3621 928 3676 καὶ
982 3622 1083 3690 τήν
1134 3621 1301 3676 αὐτοῦ
1357 3621 1627 3694 στρατιὰν,
1669 3623 1763 3685 τὰς
1798 3622 1915 3678 ἐπι-

290 3705 495 3780 ϐουλὰς,
545 3713 645 3772 τὰς
703 3705 986 3778 διαϐολὰς,
1011 3709 1074 3764 τὸ
1123 3708 1314 3786 έφόἴς
1368 3709 1438 3764 οὐ
1485 3709 1677 3783 πρέπει
1726 3712 1918 3785 κρυψί-

287 3805 422 3869 νοῦν,
469 3802 530 3856 τὸ
579 3797 824 3874 ἀγκύλον
881 3799 1039 3867 ἦθος,
1097 3798 1190 3859 τὰς
1238 3796 1633 3863 πολυελίκτους
1673 3802 1916 3872 καμπάς,

286 3888 341 3942 τὸ
369 3887 748 3965 κακόγλωσσον
802 3883 1016 3960 ψεῦδος,
1075 3887 1136 3940 τὸ
1194 3885 1280 3940 ἐπὶ
1339 3886 1494 3964 φιλίᾳ
1545 3888 1918 3964 ὑποκριτικὸν,

286 3976 367 4038 τὰς
445 3974 766 4037 λεοντώδεις
835 3975 1098 4051 ἁρπαγὰς,
1167 3976 1262 4037 τὰς
1336 3973 1592 4038 ἀετώδεις
1661 3975 1918 4054 κλαγγὰς,

289 4062 358 4141 ἐφ’
412 4067 489 4130 οἷς
540 4065 634 4120 καὶ
686 4063 1003 4138 ἀδικοῦμεν,
1035 4065 1094 4118 τὸ
1123 4065 1258 4119 κατά
1307 4069 1415 4119 τῶν
1446 4071 1710 4120 ταπεινῶν
1762 4064 1921 4123 ἀδελ-

291 4157 391 4227 φῶν
421 4155 506 4209 καὶ
565 4153 716 4210 δεινὰ
771 4154 998 4229 βροντᾷν
1049 4153 1136 4208 καὶ
1197 4149 1422 4228 ὄλεθρον
1477 4151 1918 4230 κεραυνοϐολεῖν,

288 4241 347 4294 τὰ
372 4239 508 4298 ἄλλα
563 4242 761 4309 πάντα,
821 4239 892 4296 δι’
939 4243 1014 4294 ὧν
1069 4240 1509 4317 στρατολογεῖται
1571 4248 1730 4314 μῖσος
1779 4244 1920 4298 ἀντί-

290 4329 446 4385 παλον
506 4330 691 4407 ἀγάπῃ
749 4333 818 4404 τῇ
877 4331 1014 4384 κατὰ
1062 4331 1212 4387 θεόν.
1270 4330 1474 4385 Τούτου
1530 4337 1627 4386 τοῦ
1682 4333 1923 4388 πολυκε-

292 4417 451 4493 φάλου
489 4415 732 4494 βλάϐους
761 4417 1118 4495 ἐξαιρεθέντος
1160 4420 1250 4494 ἀφ’
1305 4421 1488 4492 ἡμῶν,
1551 4422 1687 4475 ἅπαν
1721 4421 1923 4500 ὠφέλι-

298 4527 384 4576 μον
424 4507 897 4564 ἀντεισελεύσεται.
954 4507 1128 4586 Νέφος
1187 4507 1297 4563 ἐστί
1354 4510 1416 4563 τὸ
1473 4507 1681 4586 φαῦλον
1740 4517 1919 4582 μῖσος,

2013 1914 2146 1981 post
2173 1909 2652 1981 praeparationem
2681 1915 2738 1966 et
2766 1913 2840 1966 ab
2866 1913 3024 1967 omni
3057 1915 3227 1970 sorde
3258 1916 3539 1987 spiritalis
3599 1919 3658 1974 in

2017 2015 2371 2070 unoquoque
2401 1999 2614 2055 domus
2645 2001 3138 2072 purificationem.

2084 2176 2172 2230 48.
2206 2175 2655 2232 Consideremus
2687 2182 2891 2250 praeter
2920 2179 3060 2245 haec,
3092 2183 3245 2252 quod
3306 2183 3450 2240 alias
3508 2185 3656 2240 dixi-

2015 2282 2170 2333 mus,
2203 2266 2493 2336 quomodo
2523 2266 2712 2321 locum
2741 2267 2800 2322 in
2833 2270 3004 2324 nobis
3035 2269 3248 2326 habere
3279 2273 3462 2343 possit
3485 2276 3666 2330 maxi-

2014 2371 2149 2410 mus
2179 2355 2315 2420 dux,
2341 2355 2783 2426 potentissimus
2813 2374 2911 2413 rex
2942 2363 3115 2428 Deus,
3143 2377 3275 2416 cum
3309 2363 3484 2419 sociis
3515 2365 3662 2432 suis,

2015 2444 2066 2498 si
2095 2445 2306 2498 domus
2365 2448 2568 2498 vestrae
2623 2443 2841 2500 vilibus
2892 2447 3246 2504 substantiis
3304 2455 3360 2504 et
3417 2452 3658 2510 vasibus

2015 2533 2159 2588 adeo
2189 2531 2544 2603 repleantur,
2582 2539 2646 2588 ut
2675 2533 2787 2604 ipsi
2820 2551 2934 2589 non
2967 2538 3325 2594 concedatur
3351 2539 3659 2598 habitatio.

2015 2620 2340 2676 Praeertim
2374 2625 2568 2676 antem
2604 2623 2979 2680 attendamus
3009 2626 3194 2695 iistud
3233 2645 3246 2682 :
3279 2628 3327 2683 si
3385 2635 3660 2688 cunctam

2017 2710 2254 2781 quidem
2285 2715 2619 2765 extraneam
2653 2712 2956 2768 materiam
2977 2716 3477 2787 espiritalidomo
3506 2721 3665 2792 abje-

2019 2799 2272 2855 cerimus
2303 2816 2420 2870 qua
2460 2800 2851 2872 nosmetipsos
2914 2802 3220 2860 inhoneste
3277 2824 3661 2866 exorna-vera-

2019 2905 2173 2955 mus,
2209 2905 2430 2960 nosque
2463 2906 2640 2960 puros
2671 2895 2728 2944 et
2757 2898 3105 2963 expurgatos
3159 2897 3662 2962 constituerimus.

2022 2994 2205 3032 unum
2237 2981 2434 3033 autem
2467 2978 2657 3034 solum
2689 2979 2935 3036 interius
2970 2982 3408 3051 permiserimus
3462 2987 3662 3059 sedile,

2020 3067 2412 3122 adversariam
2457 3069 2654 3137 justas,
2686 3075 2742 3123 et
2774 3075 2962 3140 rectas,
2996 3071 3420 3147 incuriosazque
3452 3093 3516 3131 ac
3547 3081 3666 3132 sin-

2020 3173 2162 3212 cerae
2193 3156 2515 3226 charitatis,
2550 3158 2939 3230 inimicitiam,
2991 3164 3285 3230 quomodo
3325 3165 3668 3222 charitatem

1945 3231 1989 3299 C
2025 3244 2236 3316 ipsam,
2298 3245 2634 3314 Dominum,
2691 3246 2749 3301 in
2809 3247 3130 3320 hospitium
3176 3252 3427 3324 recipere
3457 3257 3672 3327 poteri-

2027 3333 2205 3390 mus?
2234 3333 2377 3389 Puto
2409 3334 2528 3389 ﬁeri
2563 3352 2677 3390 non
2711 3352 2900 3407 posse.

2099 3440 2564 3512 49.Expellamus
2594 3441 2771 3511 igitur
2799 3445 3055 3515 primum
3077 3463 3108 3499 a
3130 3448 3296 3503 nobis
3330 3449 3674 3520 hujusmodi

2028 3545 2223 3600 regem
2254 3528 2790 3596 inimicum,odium
2826 3533 2954 3588 dico
2980 3534 3673 3611 irrationale,deindeque

2027 3618 2215 3689 ipsius
2245 3618 2589 3688 exercitum,
2622 3620 2889 3690 insidias,
2948 3623 3300 3693 calumnias,
3358 3627 3416 3681 in
3478 3630 3673 3698 rebus,

2029 3707 2242 3776 quibus
2303 3723 2415 3762 non
2477 3708 2657 3774 decet,
2705 3709 3196 3780 dissimulatione,
3232 3718 3551 3772 tortuosam
3587 3718 3676 3772 in-

2029 3796 2244 3863 dolem,
2296 3795 2618 3852 multifidos
2676 3798 2862 3865 sinus,
2925 3818 3110 3871 pravas
3167 3801 3379 3874 linguas
3440 3807 3676 3862 menda-

2031 3885 2207 3952 cium,
2265 3884 2324 3939 in
2374 3886 2634 3941 amicitia
2663 3886 3120 3956 simulationem,
3153 3890 3419 3949 leoninos
3454 3901 3676 3966 raptus,

2031 3974 2323 4045 aquilinos
2352 3973 2637 4030 clamores
2669 3975 2725 4029 in
2771 3993 2870 4032 eos
2923 3979 3138 4048 quibus
3195 3980 3472 4051 injuriam
3534 3983 3680 4039 faci-

2031 4080 2187 4126 mus,
2247 4064 2318 4118 ad
2378 4063 2501 4119 haec
2551 4069 2754 4120 contra
2808 4065 3062 4124 humiles
3125 4072 3332 4126 fratres
3378 4074 3678 4129 tremenda

2031 4153 2291 4209 tonitrua
2320 4153 2610 4208 lethaliter
2642 4154 3032 4228 fulminantia,
3058 4167 3262 4215 caetera
3293 4168 3524 4229 cuncta,
3547 4164 3678 4236 qui-

2030 4243 2143 4298 bus
2175 4243 2413 4314 agmina
2442 4244 2743 4314 componit
2763 4247 2963 4300 odium
2992 4248 3262 4305 charitati
3294 4267 3421 4322 quae
3471 4269 3679 4306 secun-

2034 4333 2174 4386 dum
2208 4332 2390 4386 Deum
2422 4337 2513 4386 est
2544 4333 2968 4389 adversarium.
3005 4341 3122 4392 Hoc
3151 4339 3305 4392 enim
3342 4341 3679 4410 multicipiti

2032 4421 2247 4475 damno
2279 4437 2312 4474 a
2344 4421 2513 4475 nobis
2539 4421 2752 4488 ablato,
2790 4423 3114 4494 quodilibet
3142 4429 3513 4482 commodum
3550 4445 3683 4482 suo-

2033 4510 2215 4564 cedet.
2250 4509 2444 4563 Nubes
2477 4513 2566 4564 est
2596 4526 2837 4580 pravum
2866 4512 3086 4579 odium,
3121 4519 3254 4569 ante
3289 4514 3471 4569 solem
3497 4517 3679 4586 justi-

293 4591 634 4670 ἐπιπροσθοῦν
704 4602 784 4668 τῷ
854 4603 953 4665 τῆς
1031 4595 1378 4668 δικαιοσύνης
1457 4597 1624 4671 ἡλίῳ,
1694 4602 1784 4654 καὶ
1846 4603 1909 4674 μθ

2033 4597 2128 4652 tite
2158 4598 2369 4669 posita,
2403 4615 2518 4652 non
2551 4599 2751 4653 sinens
2783 4600 2975 4671 ipsum
3009 4601 3246 4657 illucere
3296 4604 3484 4658 nobis.
3548 4605 3680 4659 Pro-

295 4681 429 4757 ἀφιὲν
481 4686 639 4742 αὐτὸν
671 4684 999 4758 έπιλάμπειν
1055 4689 1214 4759 ἡμῖν.
1279 4687 1552 4762 Ἐκνεφίας
1612 4687 1744 4757 ἐστὶ,
1781 4689 1921 4761 μᾶλ-

297 4767 382 4825 λον
416 4776 506 4845 μὶν
539 4773 634 4830 οὖν
659 4775 850 4850 Τυφὼν
878 4774 1204 4850 βιαιότατος,
1242 4776 1496 4849 βυσσόθεν
1524 4775 1921 4852 ἀναμοχλεύων

295 4863 382 4929 τήν
436 4869 530 4918 τοῦ
585 4865 701 4919 καθ’
758 4867 907 4936 ἡμᾶς
967 4864 1088 4939 βίου
1147 4862 1438 4932 θάλασσαν,
1489 4864 1579 4918 καὶ
1634 4866 1733 4933 τήν
1793 4865 1926 4920 κατά

299 4950 412 5004 Θεὸν
441 4951 680 5027 γαλήνην
724 4952 814 5006 καὶ
873 4951 1146 5025 εἰρηναίαν
1180 4948 1457 5027 διαγωγὴν
1506 4953 1595 5006 καὶ
1654 4953 1924 5028 ἡσυχαίαν

299 5038 597 5095 κατάστασιν
644 5041 864 5114 ἀπάγων
915 5039 966 5111 ἐξ
1015 5043 1196 5112 ἡμῶν.
1249 5039 1546 5115 Τραχύτης
1589 5041 1754 5113 ἐστὶν⁹
1786 5042 1924 5096 ἅπαν

301 5122 578 5199 ἀχρειοῦσα
606 5128 752 5184 λεῖον
799 5127 888 5182 καὶ
948 5128 1118 5196 εὐθὲς,
1154 5126 1222 5183 δι’
1254 5129 1315 5182 οὗ
1367 5129 1506 5203 πρὸς
1539 5130 1669 5184 Θεὸν
1712 5127 1928 5184 εὐοδού-

309 5226 443 5284 μεθα.
501 5219 702 5294 Είρκτή
785 5216 895 5271 ἐστι
953 5216 1169 5295 ζοφερά,
1227 5216 1642 5289 κατακλείουσα,
1699 5219 1774 5282 ὡς
1832 5218 1929 5274 οὐκ

306 5301 356 5355 ἃν
407 5305 604 5376 εὕξαιτό
658 5328 763 5372 τις,
794 5305 884 5361 καὶ
911 5305 974 5360 ού
1018 5307 1179 5378 μόνον
1237 5306 1623 5384 ἀποφραγνῦσα
1675 5307 1763 5362 καὶ
1819 5329 1928 5362 κω-

309 5389 490 5448 λύουσα
553 5396 700 5470 βιοῦν
734 5395 1113 5465 ἀνθρωπίνως,
1175 5393 1265 5457 οὕς
1321 5392 1380 5448 ἂν
1436 5392 1584 5450 ἐνδον
1632 5390 1926 5467 ἀπολαϐοι,

308 5476 436 5535 ἀλλὰ
462 5485 546 5537 καὶ
600 5484 779 5563 φωτὸς
810 5483 1199 5558 ἀποστεροῦσα,
1234 5483 1329 5546 οὕς
1362 5483 1685 5560 ἐναπείργει.

371 5588 509 5643 ν’.Τί
548 5589 731 5646 πολλά
779 5587 953 5664 λέγειν
1003 5587 1080 5651 εἷς
1132 5585 1456 5664 παραϐολὴν
1506 5588 1925 5665 αἲνιγματώδη;

310 5674 549 5747 Δαίμονος
595 5677 752 5757 ἔργον
817 5679 878 5734 τὸ
932 5677 1277 5736 ἀκανόνιστον
1340 5686 1519 5757 μῖσος,
1579 5681 1744 5755 οὗπερ
1800 5681 1927 5761 ἀφε-

2034 4687 2181 4741 cella
2238 4692 2365 4753 est,
2426 4691 2526 4741 aut
2584 4691 2647 4741 ut
2703 4688 2914 4742 melius
2973 4690 3161 4744 dicam
3221 4691 3679 4748 violentissimus

2032 4776 2277 4847 typhon,
2311 4780 2522 4830 nostra;
2554 4792 2713 4831 mare
2744 4777 3009 4833 funditus
3040 4787 3505 4849 commovens,et
3535 4781 3681 4836 divi-

2035 4879 2168 4918 nam
2206 4862 2691 4933 tranquillitatem
2739 4865 3164 4938 paciticumque
3223 4870 3559 4936 transitum,
3621 4888 3687 4926 ac

2037 4967 2305 5006 securam
2365 4951 2677 5008 stationem
2737 4970 2770 5007 a
2828 4955 2998 5009 nobis
3030 4973 3356 5013 removens.
3393 4960 3687 5032 Asperitas

2036 5048 2142 5104 est,
2177 5040 2503 5111 quodilibet
2533 5042 2843 5098 destrucns
2876 5043 3116 5115 planum
3168 5065 3233 5102 ac
3274 5053 3515 5115 rectum,
3574 5066 3690 5120 qua

2036 5131 2107 5184 ad
2142 5129 2323 5184 Deum
2359 5129 2602 5185 feliciter
2633 5133 3054 5202 progredimur.
3089 5138 3293 5192 Carcer
3315 5144 3404 5193 est
3433 5139 3691 5194 tenebro-

2037 5236 2164 5286 sus,
2193 5218 2494 5288 claudens,
2529 5225 2592 5273 ut
2624 5237 2794 5276 nemo
2825 5221 3058 5293 gloriari
3095 5230 3314 5296 posset,
3345 5231 3403 5281 et
3430 5245 3540 5282 non
3595 5243 3687 5282 so-

2035 5308 2159 5364 lum
2219 5307 2615 5363 intercludens
2673 5314 2729 5363 et
2776 5327 2891 5366 non
2949 5311 3149 5368 sinens
3181 5314 3439 5370 humane
3475 5316 3686 5380 vivere.

2040 5414 2186 5468 quos
2217 5397 2370 5452 intro
2398 5397 2796 5469 suscepit,sed
2832 5399 3006 5455 etiam
3040 5402 3256 5458 orbans
3287 5403 3686 5476 lumine,quos

2037 5487 2308 5542 includit.

2104 5596 2193 5649 50.
2213 5595 2360 5658 Quid
2385 5593 2574 5650 multa
2595 5595 2786 5650 dicam
2811 5595 2869 5650 in
2897 5597 3174 5669 parabola
3196 5604 3252 5654 et
3273 5600 3328 5654 in
3354 5600 3692 5672 (enigmata?

2037 5685 2328 5740 Damonis
2356 5687 2448 5740 est
2477 5699 2626 5756 opus
2656 5683 2926 5757 iniquum
2960 5686 3184 5756 odium,
3216 5706 3250 5745 a
3278 5706 3395 5760 quo
3443 5705 3687 5761 prorsus
