4114 6200
432 322 549 382 675
1213 309 1633 376 EUSTATHII
1675 305 2438 368 THESSALONICENSIS
2483 307 3064 372 METROPOLITE
3737 324 3856 384 676

428 452 545 508 illis
577 451 677 524 qui
713 449 809 506 Dei
838 452 980 506 sunt
1005 446 1417 505 abstinendum
1447 441 1836 512 est.lniquum
1872 441 2053 493 auten

2228 435 2301 492 ἒον
2351 436 2567 500 πάντως
2621 437 2750 503 τοὺς
2803 443 2901 494 τοῦ
2927 445 3084 498 Θεοῦ.
3134 443 3514 503 ’Δκανόνιστον
3583 447 3642 505 δὶ
3696 453 3853 524 μίσος

434 523 631 598 odium
664 540 816 608 dico,
847 539 1186 594 discernens
1225 533 1381 590 istud
1414 532 1486 587 ab
1518 528 1640 597 illo,
1694 528 1847 599 quod
1897 528 2059 616 etiam

2229 548 2342 616 ρην,
2400 524 2857 600 διαστελλόμενος
2913 529 3044 586 αὐτὸ
3099 536 3199 587 τοῦ
3257 534 3485 608 ἕτερου,
3545 538 3576 594 ’ὀ
3625 523 3722 594 xui
3777 549 3854 616 τῷ

433 631 500 686 ad
533 629 943 702 gloriationem
1003 625 1204 681 Davidi
1246 625 1568 694 reputatur.
1602 617 1738 674 Odit
1765 615 1921 705 enim
1955 615 2058 705 ille1

2225 612 2346 705 ᾳυῖδ
2404 616 2478 678 εἷς
2529 616 2796 692 καύχημα
2841 617 3174 694 ἐπιλέγεται.
3234 624 3403 680 Μισεῖ
3459 627 3564 703 γὰρ
3622 612 3850 705 ἐκεῖνος,

435 736 582 790 quos
612 717 792 773 amari
823 733 936 770 non
967 713 1267 785 oportebat
1299 727 1311 765 :
1349 709 1408 764 hi
1439 725 1571 764 vero
1602 710 1740 762 sunt
1793 704 1893 776 qui
1953 704 2060 759 odii

2227 702 2270 793 is
2332 704 2534 793 ἐχρῆν,
2575 706 2650 778 μὴ
2706 708 3052 780 ἀγαπᾶσθαιο
3115 711 3167 764 οἱ
3229 709 3286 767 δὲ
3345 714 3480 770 εἰσιν
3535 702 3596 770 οἰ
3658 702 3852 793 λόγοις

434 805 800 863 sermonibus
831 806 1155 866 versantur,
1187 805 1243 855 et
1269 797 1452 870 gratis
1479 795 1633 851 bella
1653 794 1932 849 inferunt.
1957 793 2059 848 Nec

2228 791 2372 854 ίσους
2419 790 2783 867 κυκλοῦντες,
2839 796 2931 850 καὶ
2987 795 3196 873 δωρεὰν
3249 799 3649 875 πολεμοῦντες.
3717 790 3851 864 όῦτε

429 893 735 950 abscondit
761 889 1119 962 {bujusmodi
1174 903 1342 943 suam
1401 888 1684 951 mentem,
1732 883 1833 938 sed
1889 881 2054 938 etiam

2222 881 2398 935 ούπτει
2451 883 2543 936 τὸν
2595 887 2842 938 τοιοῦτον
2875 884 3040 940 αὐτοῦ
3072 891 3224 960 νοῦν,
3286 889 3434 946 ἀλλὰ
3491 894 3584 948 καὶ
3639 893 3847 968 ψάλλει

427 981 741 1054 cogitatum
797 978 1018 1052 psallit,
1077 976 1396 1050 perfectum
1455 974 1654 1030 odium
1685 972 1905 1039 dicens,
1936 970 2052 1026 illo:

2225 968 2470 1042 tvdmm,
2526 969 2734 1026 τέλειον
2803 977 2962 1044 μῖσος
2998 971 3171 1051 λέγων
3234 984 3414 1050 μισεῖν
3476 981 3708 1053 αὐτοὺς,
3761 986 3850 1048 οὓς

427 1069 639 1134 odisse,
671 1085 818 1140 quos
847 1068 1025 1123 etiam
1059 1066 1117 1121 in
1149 1065 1418 1121 inimicos
1448 1061 1574 1118 ﬁeri
1605 1061 1715 1118 sibi
1747 1060 2046 1117 asserebat

2221 1056 2262 1110 ιὶ
2297 1057 2375 1119 εἰς
2417 1057 2646 1134 ἐχθροὺς
2685 1058 2833 1133 αὖτῷ
2879 1063 3143 1138 γενέσθαι.
3195 1064 3300 1136 Εῗη
3357 1065 3418 1124 δὲ
3465 1068 3530 1124 ἃν
3590 1077 3846 1130 τοιοῦτον

423 1159 591 1214 Esset
619 1164 816 1213 autem
847 1155 1189 1227 hujusmodi
1235 1152 1578 1209 Davidicum
1636 1150 1859 1215 odium,
1915 1165 2048 1219 quoc

2223 1143 2458 1201 κυὲτικὸν
2516 1152 2697 1220 μῖσος,
2751 1150 2780 1204 ὃ
2836 1150 2926 1205 καὶ
2971 1151 3120 1216 ἐντὸς
3173 1151 3327 1210 οἴκου
3379 1156 3465 1232 ῥεῖ
3513 1156 3757 1224 δεόντως
3800 1162 3848 1225 ἐς

419 1247 574 1302 intra
631 1247 875 1302 domum
933 1249 999 1301 ut
1053 1245 1218 1299 decet
1245 1242 1303 1297 in
1330 1241 1590 1296 animam
1625 1237 1975 1307 infunditur,
2010 1255 2040 1292 θ

2221 1235 2380 1312 υχὴν,
2435 1235 2524 1291 καὶ
2577 1235 2729 1300 ἐκτὸς
2782 1239 3086 1312 ἀμέμπτως
3138 1242 3529 1320 ἐπιφαίνεκαι.
3588 1247 3846 1307 Τελειου·

418 1335 674 1393 exterius
703 1332 1293 1406 irreprehensibiliter
1323 1328 1734 1402 apparet.Cum
1761 1326 1916 1382 enim
1942 1343 2043 1399 per

2223 1325 2337 1378 ἑνου
2393 1326 2498 1402 γὰρ
2542 1331 2639 1382 τοῦ
2669 1327 2721 1382 ἐν
2754 1330 2890 1400 ἡμῖν
2921 1330 3172 1387 συνθέτου
3232 1329 3294 1388 ἔκ
3351 1356 3413 1390 τε
3439 1342 3541 1392 τοῦ
3603 1359 3848 1416 προφαι-

418 1424 634 1480 fectum
668 1428 756 1480 est
786 1424 845 1478 in
872 1423 1063 1492 nobis,
1097 1422 1252 1493 quod
1287 1437 1354 1476 ex
1384 1418 1692 1474 manifesto
1724 1423 1778 1472 et
1805 1432 1872 1471 ex
1898 1431 2043 1470 men'

2220 1413 2401 1485 ›μὲνου
2458 1414 2547 1468 καὶ
2603 1420 2700 1470 τοῦ
2755 1417 2960 1493 νοερῶς
3017 1423 3477 1495 κρυμπτομινου,
3533 1413 3745 1491 καλῶς
3788 1427 3845 1484 ἄν

417 1512 494 1568 tis
527 1511 865 1568 abscondito
897 1507 1536 1582 componitur,pulcbre
1566 1507 1880 1577 perfectum
1904 1503 2035 1559 Psal

2221 1506 2333 1566 ἶσος
2387 1501 2664 1577 ψαλμικὸν
2739 1505 3098 1580 ἑρμηνεύοιτο
3155 1509 3392 1582 τέλειον,
3458 1515 3521 1570 τὸ
3579 1519 3676 1571 καὶ
3738 1515 3846 1573 ἔσω

424 1601 610 1657 mistae
635 1600 1024 1672 explicaretur
1047 1598 1268 1666 odium,
1303 1597 1455 1669 quod
1489 1595 1650 1650 intus
1682 1597 1879 1648 manet
1907 1597 1963 1648 et
2002 1593 2049 1647 ir

2219 1590 2335 1646 évov
2391 1593 2477 1646 καὶ
2535 1591 2589 1647 ἐν
2641 1599 2758 1656 τοῖς
2802 1591 2904 1666 ἔξω
2960 1605 3230 1671 προῆκον,
3285 1603 3376 1657 καὶ
3437 1603 3515 1666 εἱς
3578 1611 3844 1662 τοσοῦτον

425 1688 807 1746 exterioribus
838 1687 1048 1759 prodit,
1081 1691 1138 1742 et
1167 1687 1223 1740 in
1256 1689 1487 1740 tantum
1520 1699 1589 1739 ex
1633 1682 1862 1738 duobus
1910 1697 2050 1736 cres-

2217 1679 2506 1754 πιραυξηθὲν
2577 1678 2674 1738 δι’,
2723 1683 2925 1761 ἀμφοῖν
2956 1727 2970 1755 ,
3046 1685 3137 1742 καὶ
3213 1684 3414 1765 ἔχθραν
3501 1693 3842 1766 ὑποκινῆσαι

424 1780 523 1846 cit,
554 1784 620 1833 ut
673 1776 1043 1832 inimicitiam
1102 1774 1537 1830 convenientem
1597 1788 1772 1843 quam
1821 1787 2049 1826 sursum

2214 1769 2473 1842 ρὲπουσαν
2534 1770 2645 1824 ἄνω
2703 1777 2878 1842 Θεοῦ,
2937 1775 3127 1830 ὁποῖον
3177 1776 3268 1832 καὶ
3328 1780 3356 1834 6
3399 1780 3594 1853 Δαυίδ,
3654 1784 3750 1838 καὶ
3814 1787 3839 1840 6

2214 1855 2288 1873 ,η
2500 1859 2514 1873 ι
2587 1860 2598 1873 .
2673 1865 2693 1873 -
2801 1861 2812 1873 .
2998 1864 3010 1873 .
3082 1865 3095 1873 .
3216 1867 3226 1873 .

418 1868 595 1923 habet
625 1866 959 1934 Deus,int‘ra
985 1863 1390 1934 moveat,quod
1418 1861 1733 1917 dicendum
1755 1861 1825 1915 de
1852 1859 2043 1914 David,

2215 1855 2372 1930 [λίας,
2429 1859 2516 1913 καὶ
2579 1860 2606 1913 6
2658 1861 2866 1934 Φινεὲς,
2924 1864 3015 1918 καὶ
3075 1865 3102 1920 6
3166 1867 3332 1944 μέγας
3392 1876 3624 1942 Μωσῆς,
3655 1872 3755 1928 καὶ
3788 1879 3840 1932 οἱ

416 1956 561 2024 Elia,
598 1955 826 2022 Phinee,
863 1969 1194 2025 magnoque
1226 1953 1518 2023 Moyse,et
1549 1950 1769 2005 caeteris
1799 1947 2041 2004 zelatori-

2210 1945 2351 2000 οιποὶ
2411 1945 2675 2017 ζηλωταὶ,
2761 1950 2814 2004 οἱ
2888 1954 3023 2008 κατᾶ
3099 1959 3205 2009 τῶν
3249 1942 3472 2013 νκακῶν
3536 1959 3835 2036 πολέμιοι,

417 2045 553 2111 bus,
584 2045 862 2100 adversus
895 2041 1383 2098 malosinimicis.
1433 2039 1560 2095 Alio
1619 2054 1751 2093 vero
1807 2037 1938 2093 odio
1997 2038 2042 2091 in

2214 2033 2435 2108 ἷτεροίου
2512 2033 2569 2091 δὲ
2644 2037 2834 2110 μίσους
2911 2041 3361 2118 ἀπαλλαγείημεν
3426 2047 3481 2102 ἐν
3539 2033 3839 2114 τοῖς-κατ’

413 2134 650 2190 offensis
681 2132 751 2188 ad
783 2131 1032 2186 invicem
1063 2129 1487 2196 abstineamus,
1516 2127 1566 2183 si
1599 2126 1913 2182 Christiani
1953 2142 2038 2181 su-

2212 2121 2428 2214 Κλήλῳν
2485 2133 2792 2205 συρφετοῖς,
2843 2127 2932 2184 ἐὰν
2991 2131 3139 2205 ὦμεν
3201 2135 3551 2210 Χριστιανοὶ,
3597 2147 3837 2214 τηροῦν-

415 2239 569 2293 mus,
602 2225 900 2278 servantes
929 2219 1073 2275 illud
1099 2219 1378 2274 adversus
1409 2215 1566 2289 pravi
1598 2216 1886 2288 serpentis
1936 2215 2040 2270 dis-

2219 2233 2242 2273 ς
2267 2213 2394 2267 αὐτὸ
2425 2214 2559 2269 κατὰ
2585 2219 2692 2270 τῶν
2726 2221 2822 2272 τοῦ
2856 2225 3103 2296 πονηροῦ
3136 2216 3316 2298 ὄφεως
3351 2227 3630 2297 μαθητῶν
3753 2231 3839 2286 καὶ

411 2311 638 2384 cipulos
667 2314 724 2366 et
754 2317 1129 2382 pugnatores,
1162 2324 1387 2363 necnon
1418 2311 1475 2361 et
1503 2305 1669 2361 illum
1703 2306 1920 2377 ipsum,
1953 2320 2028 2374 qu

2211 2306 2454 2375 αχητῶν,
2481 2301 2570 2356 καὶ
2604 2304 2766 2359 αὐτοῦ
2793 2302 2859 2376 δή
2895 2307 3125 2382 ἐκείνου,
3161 2311 3222 2373 ’ὀς
3244 2310 3449 2389 ἔχθραν
3475 2321 3670 2392 τηρῶν
3699 2319 3836 2374 κατᾶ

411 2399 782 2456 inimicitiam
833 2399 1112 2453 adversus
1171 2397 1494 2452 humanum
1554 2411 1740 2467 genus
1789 2411 2028 2449 servans

2207 2392 2254 2442 ›ῦ
2283 2390 2624 2464 ἀνθρωπίνου
2656 2393 2986 2468 σπέρματος,
3031 2396 3217 2462 καλῶς
3270 2401 3330 2455 ἂν
3381 2390 3564 2473 αὐτὴν
3629 2404 3832 2463 ἐκεῖθεν

411 2490 573 2544 illam
607 2488 814 2544 exinde
845 2487 1048 2543 merito
1080 2485 1320 2541 haberet
1345 2484 1405 2539 in
1439 2501 1500 2540 se
1525 2483 1886 2555 replicatam.

1537 2483 1886 2555 replicatam,
2159 2476 2280 2552 ἔχοι
2338 2481 2455 2535 κατ’
2489 2480 2654 2552 αὐτὴν
2685 2483 3162 2557 ἀνακάμπτουσαν.

475 2581 564 2633 51.
598 2580 754 2634 Hanc
783 2578 1064 2633 adversus
1095 2581 1392 2631 auctorem
1422 2571 1558 2627 mali
1591 2577 1646 2628 et
1676 2588 1910 2643 semper
1940 2570 2052 2626 ini-

2228 2568 2324 2660 ναίἶ
2366 2568 2596 2660 ,Ταύτην
2643 2573 2741 2640 τὴν
2794 2567 2993 2651 ἔχθραν
3040 2577 3142 2646 τήν
3199 2581 3339 2635 κατὰ
3386 2586 3484 2637 τοῦ
3512 2583 3831 2660 ὰρχεκάκου

409 2667 626 2722 micum
659 2664 1024 2723 inimicitiam
1052 2664 1203 2719 Deus
1233 2662 1290 2716 in
1325 2661 1490 2717 nobis
1517 2665 1852 2716 constanter
1881 2659 2030 2714 obfir

2206 2656 2244 2710 ιιὶ
2301 2657 2382 2712 ἀεὶ
2440 2658 2711 2732 πολεμίου
2767 2664 3038 2740 παγιώσαι
3119 2668 3146 2722 6
3205 2669 3338 2732 Θεὸς
3415 2670 3468 2724 ἐν
3731 2697 3831 2730 πα-

407 2762 546 2822 met,
582 2756 930 2826 roboretque
963 2770 1068 2809 nos
1099 2753 1169 2808 ad
1201 2767 1434 2823 semper
1475 2750 1824 2804 vincendum
1891 2747 2032 2803 illan

2202 2747 2489 2820 ιμόνιμον,
2521 2747 2610 2802 καὶ
2673 2747 3043 2825 ἐνδυναμώσαι
3099 2757 3247 2829 ἡμᾶς
3293 2757 3373 2820 εἷς
3429 2761 3494 2815 τὸ
3527 2767 3693 2834 νικᾷν
3754 2764 3827 2819 ἀεὶ

405 2844 794 2915 separationis
827 2841 1339 2912 maceriam,quam
1364 2843 1686 2894 evertentes
1703 2839 1759 2892 in
1780 2836 2030 2892 dilectam

2203 2840 2387 2929 ξεῖνον,
2417 2837 2479 2892 τὸ
2521 2839 2683 2894 κακὸν
2733 2841 3082 2918 μεσότοιχον,
3133 2844 3191 2900 ὅν
3223 2833 3644 2914 καταϐαλόντες
3670 2874 3828 2929 γενη-

403 2932 757 2989 intrabimus
789 2931 1230 3000 habitationem,
1263 2945 1433 3000 aqua
1481 2945 1586 2984 nos
1642 2925 1736 2982 ille
1797 2943 2028 2998 neqnan

2202 2922 2362 2997 ἆμεθα
2389 2933 2489 2996 τῆς
2549 2925 2719 3001 φίλης
2753 2928 3040 3005 οἰκήσεως,
3072 2933 3142 3003 ἧς
3190 2934 3583 3012 ἀποτειχίζειν
3617 2922 3827 3013 mihi

403 3021 710 3094 prohibere
765 3036 996 3092 semper
1043 3019 1163 3074 vult
1218 3023 1274 3074 et
1327 3016 1630 3073 annititur.
1685 3016 1811 3071 Haec
1844 3021 2028 3071 autem

2204 3015 2399 3102 ονηρὸς
2429 3016 2519 3070 καὶ
2555 3014 2808 3090 βούλεται
2841 3021 2930 3074 καὶ
2970 3029 3226 3098 τεχνᾶται
3277 3026 3533 3085 πάντοτε.
3592 3027 3746 3102 Φίλη
3776 3029 3829 3087 δὶ

400 3115 491 3167 est
519 3111 696 3167 chara
725 3110 1025 3178 habitatio,
1061 3108 1347 3177 omnium,
1407 3124 1554 3179 quas
1611 3107 1744 3177 quis
1801 3106 2021 3161 diceret

2197 3100 2398 3175 ἷ¹κησις,
2453 3105 2669 3160 ἀπασῶν
2725 3105 2982 3182 φιλτάτη,
3043 3111 3118 3164 ὧν
3178 3112 3241 3167 ἂν
3303 3112 3448 3169 εἷ’ποι
3505 3138 3621 3185 τις,
3775 3118 3822 3174 ἐν

401 3198 770 3266 charissima,
829 3199 889 3254 in
943 3198 1213 3272 paradiso
1262 3197 1398 3264 sita,
1458 3196 1613 3268 quod
1673 3211 1882 3250 sumus
1912 3212 2026 3250 cun

2203 3192 2489 3269 αραδείσῳ,
2536 3193 2626 3250 διὰ
2669 3177 2766 3251 τοῦ
2815 3198 2906 3252 σὺν
2947 3177 3074 3273 ἽΘεῷ
3123 3202 3212 3257 καὶ
3260 3203 3310 3258 ἐν
3359 3210 3481 3278 Θεῷ
3537 3177 3634 3263 xui
3697 3177 3824 3282 μετὰ

403 3295 515 3344 Deo
545 3294 600 3345 et
632 3290 689 3344 in
723 3294 855 3360 Deo,
889 3289 1125 3359 etjuxta
1154 3287 1337 3343 Deum
1365 3303 1468 3358 per
1497 3285 1740 3358 gratiam
1773 3283 2028 3340 omnium

2193 3288 2289 3338 ἐοῦ
2334 3284 2490 3354 εἶναι,
2549 3286 2737 3361 χάριτι
2783 3294 2886 3357 τῆς
2945 3289 3160 3346 πάντων
3221 3295 3593 3370 κυριευούσης
3654 3319 3818 3353 πανα-

405 3377 812 3434 dominatricis
842 3377 1228 3433 sanctissima:
1259 3373 1584 3445 Trinitatis,
1617 3372 1706 3428 cui
1739 3370 1926 3445 gloria
1983 3372 2030 3426 ir

2189 3373 2434 3443 ἰωτάτης
2462 3372 2712 3450 Τριάδος,
2836 3373 2963 3449 δόξα
3002 3379 3080 3442 εἰς
3107 3380 3238 3446 τοὺς
3287 3381 3490 3447 αἰῶνας
3521 3390 3649 3442 τῶν
3692 3385 3814 3442 aid)-

405 3467 618 3528 saacula
645 3467 1017 3525 saculorum.
1050 3472 1257 3522 Amen.

898 3483 1017 3523 um.
1050 3472 1257 3522 Amen.
2159 3483 2288 3519 νων.
2318 3463 2523 3537 Ἀμήν.
