4114 6200
276 344 384 405 677

1276 335 1357 396 IN
1402 334 1466 396 S.
1515 329 2202 405 QUADRAGESIMAM
2245 329 2536 392 ORATIO
2577 331 2680 392 ιν.

3538 337 3658 398 678

1529 671 2383 834 EJUSDEM

922 944 1036 1029 IN
1105 941 1198 1031 s.
1259 941 2260 1056 QUADRAGESIMAM
2320 939 2765 1028 ORATIO
2823 945 2973 1031 IV.

368 1343 468 1395 Τοῦ
498 1336 668 1393 αὐτοῦ
699 1334 864 1412 λόγος
891 1331 1235 1410 προεισόδιος
1264 1341 1364 1404 τῆς
1397 1333 1546 1411 ἀγίας
1577 1337 1776 1392 Τεσσα-

920 1413 1210 1482 ρακοστῆς.

321 1537 382 1590 α’.
437 1531 551 1591 Οὐκ
607 1531 826 1606 εὐπορῶ
884 1526 1114 1584 συνιδεῖν
1151 1577 1166 1603 ,
1227 1527 1271 1584 ὦ
1328 1527 1575 1607 ἀδελφοὶ,
1629 1528 1780 1593 ὅπως
1838 1532 1896 1585 ἂν

259 1624 374 1686 τοὺς
433 1620 634 1697 λόγους
694 1622 830 1693 ἡμῖν
891 1618 1222 1694 ἁρμόσωμαι
1280 1619 1538 1694 σήμερον.
1590 1623 1765 1694 Τριχῆ
1797 1617 1895 1693 γὰρ

263 1712 539 1788 διασχίζων
587 1710 654 1765 τὸ
712 1715 812 1778 τῆς
862 1709 982 1784 ἄρτι
1033 1705 1392 1770 συνελεύσεως
1441 1705 1635 1775 αἶ’τιον,
1682 1707 1780 1762 οὐκ
1836 1707 1894 1762 ἂν

267 1801 440 1878 ἐγγύας
472 1798 629 1869 δοίην
667 1795 948 1875 ἀσφαλεῖς,
999 1793 1317 1867 δυνήσεσθαι
1359 1797 1496 1871 πρὸς
1543 1797 1608 1850 τὰ
1658 1797 1784 1872 τρία
1815 1795 1895 1867 ἐξ·

266 1891 512 1966 αρκέσειν,
563 1888 640 1949 ὡς
690 1885 795 1963 ἐγώ
840 1907 898 1941 τε
946 1885 1216 1958 ἐπιθυμῶ,
1267 1887 1356 1940 καὶ
1388 1887 1461 1948 ὡς
1507 1886 1568 1940 τὸ
1597 1890 1696 1940 τοῦ
1727 1887 1898 1961 πράγ-

271 2000 420 2051 ματος
475 1977 621 2032 ὅσιον
681 1977 917 2031 ἀπαιτεῖ.
954 1970 1241 2051 Πρόδηλον
1299 1975 1422 2051 γὰρ,
1484 1975 1557 2036 ὡς
1614 1973 1675 2028 οὐ
1735 1975 1899 2047 μόνον

263 2068 416 2143 εὐχῆς
468 2063 647 2121 ἕνεκεν
708 2063 886 2133 ἥκετε,
948 2063 1015 2132 ἧς
1069 2063 1229 2139 χάριν
1285 2063 1537 2126 ἀνέκαθεν
1608 2065 1642 2132 ἡ
1703 2063 1894 2136 ἄθροι-

267 2177 336 2218 σις
365 2153 492 2226 αῦτη
544 2151 918 2216 συντελεῖσθαι
970 2150 1178 2220 εἴωθεν,
1240 2152 1314 2213 ὡς
1374 2151 1433 2206 ἂν
1483 2153 1544 2206 τὸ
1602 2173 1896 2224 πνευματι-

262 2244 342 2298 κὸν
388 2240 600 2298 στάδιον
655 2239 970 2310 ἀθλητικῶς
1018 2237 1376 2312 ἐξανύσαντες,
1425 2239 1514 2294 καὶ
1563 2245 1670 2294 τῶν
1718 2261 1898 2313 σκαμ-

269 2333 432 2404 μάτων
483 2329 796 2408 γεγονότες,
845 2324 1029 2404 ἔχοιτε
1088 2327 1148 2382 οὐ
1201 2327 1362 2401 μόνον
1415 2329 1482 2384 τὰ
1531 2330 1896 2403 νενομισμένα

265 2420 496 2490 ἑξανύειν,
528 2417 661 2475 ἀλλ’
711 2414 767 2473 εἷ’
811 2438 918 2472 που
973 2414 1218 2488 δυνατὸν,
1251 2417 1342 2472 καὶ
1401 2417 1532 2493 ὑπὲρ
1579 2419 1646 2473 τὰ
1693 2418 1898 2492 ἐσκαμ-

271 2511 390 2583 μένα
440 2509 745 2585 ὲκτρίχειν,
799 2506 890 2561 καὶ
955 2506 1388 2582 ὑπερακοντίζειν
1447 2506 1732 2579 ἀλλήλους
1781 2515 1897 2572 τοῖς

265 2601 365 2654 καθ’
421 2593 734 2674 ὑπερϐολὴν
789 2593 906 2668 Θεῷ
954 2593 1120 2669 φίλην
1181 2597 1269 2650 καὶ
1329 2596 1722 2672 ἀγωνίσμασιν
1782 2596 1894 2653 ἐπεὶ

267 2688 344 2742 καὶ
373 2688 398 2741 ὁ
427 2692 569 2752 θεῖος
622 2684 790 2760 λόγος
841 2683 1078 2762 φάμενος
1105 2684 1168 2738 τὸ
1199 2708 1227 2734 α
1263 2685 1346 2740 Ἐν
1395 2684 1586 2747 κόποις
1623 2681 1897 2760 ὑπερϐαλ-

269 2773 475 2843 λόντως,
509 2800 533 2829 ι
593 2770 861 2844 διδάσκει,
925 2773 1001 2845 μή
1061 2776 1230 2826 πᾶσαν
1287 2769 1620 2847 ὑπερϐολήν,
1681 2773 1807 2829 ἀλλ’
1861 2774 1894 2843 ἢ

272 2865 421 2938 μόνην
474 2865 572 2933 τήν
641 2862 976 2941 ἐφάμαρτον,
1032 2861 1120 2916 καὶ
1172 2858 1242 2915 δι’
1271 2861 1400 2918 αὐτὸ
1451 2864 1528 2936 μὴ
1561 2863 1897 2942 φιλουμὲνην

269 2959 386 3026 Θεῷ,
427 2953 618 3030 ψόγοις
667 2949 1039 3028 ἀποκληροῦν.
1094 2949 1302 3007 Οὔκουν
1347 2951 1517 3028 εὐχῆς
1570 2948 1743 3026 μόνης
1787 2949 1897 3007 ’ἐνε-

270 3063 363 3114 κεν,
417 3043 488 3104 ὡς
543 3039 786 3117 ἐρρέθη,
849 3039 876 3093 ὁ
930 3043 1031 3104 τῆς
1085 3039 1293 3115 ἡμέρας
1348 3039 1549 3112 ταύτης
1602 3040 1894 3118 σύλλογος,

270 3130 395 3186 ἀλλᾶ
438 3129 524 3185 καὶ
568 3125 950 3195 διδασκαλίας,
1003 3129 1068 3197 ἣν
1125 3129 1177 3182 οἱ
1208 3129 1474 3184 θειότατοι
1517 3130 1748 3206 Πατὲρες
1781 3135 1898 3185 ένο-

273 3219 576 3290 μοθέτησαν,
611 3217 694 3279 οἷς
725 3216 940 3271 ἐποίουν
973 3216 1047 3278 ὡς
1074 3215 1344 3272 ἑκάστοτε.

334 3309 392 3382 β’.
422 3308 488 3363 Τὸ
521 3305 565 3363 δ’
600 3307 657 3362 ἐν
703 3311 820 3368 τοῖς
867 3308 957 3359 νῦν
1006 3305 1185 3383 τρίτον
1235 3303 1408 3361 αἶ’τιον
1441 3310 1534 3361 τοῦ
1594 3306 1892 3379 συνελθεῖν,

270 3395 293 3450 ὃ
341 3401 520 3471 καιροῦ
574 3392 893 3471 περιπίτεια
948 3388 1156 3470 ἔφηνε,
1214 3394 1531 3470 παραμυθία
1585 3397 1674 3451 καὶ
1733 3395 1898 3472 λόγος

272 3487 588 3562 παρήγορος,
654 3483 841 3559 οὗπερ,
902 3482 976 3545 ὡς
1035 3483 1228 3556 οἶμαι,
1287 3483 1377 3538 καὶ
1437 3483 1600 3539 αὐτοῦ
1662 3483 1898 3558 μάλιστα

272 3571 594 3646 προσδέεσθε,
650 3571 695 3627 εἲ
725 3593 777 3627 τι
833 3573 945 3648 χρὴ
1001 3577 1118 3635 τοῖς
1175 3570 1330 3645 ἐμοῖς
1385 3575 1758 3649 τεκμήρασθαι
1805 3575 1896 3630 καὶ

272 3668 328 3717 τά
355 3663 595 3740 ὑμέτερα.
660 3661 757 3716 Καὶ
803 3661 905 3738 γάρ
944 3682 1030 3716 τοι
1076 3663 1164 3716 καὶ
1216 3661 1378 3725 αὐτὸς
1426 3661 1478 3718 ἐν
1509 3668 1628 3726 τοῖς
1670 3668 1762 3718 νῦν
1794 3663 1895 3722 ἄλ·

270 3772 369 3826 γισι
422 3753 511 3808 καὶ
563 3748 785 3808 τοιοῦδε
835 3750 1124 3830 φαρμάκου
1174 3748 1603 3826 προσδεδὲημαι,
1653 3756 1890 3810 ποτνιώ-

271 3860 411 3913 μενος
460 3843 711 3919 εὑρέσθαι
767 3840 929 3904 ποθὶν
991 3838 1240 3914 μέθοδον,
1302 3838 1372 3896 δι’
1423 3844 1489 3911 ἧς
1536 3842 1598 3897 τὸ
1629 3841 1894 3918 ίάτρευμά

269 3951 348 4001 μοι
379 3928 517 3986 ἔσται
547 3931 863 4005 ἠπιώτερον
897 3930 1278 4008 φιλανθρωπίᾳ
1322 3935 1477 4002 Θεοῦ,
1509 3931 1598 3987 καὶ
1643 3935 1719 4006 μή
1755 3935 1891 4010 πρὸς

269 4015 444 4091 ὀδύνην
471 4021 531 4076 οὐ
563 4021 838 4100 φορητήν.
871 4019 940 4076 Τί
984 4017 1041 4074 δέ
1096 4041 1190 4093 μοι
1239 4019 1441 4096 λέγειν,
1475 4022 1550 4084 ὡς
1579 4024 1674 4077 τοῦ
1705 4043 1890 4099 τριτου

265 4105 340 4162 καὶ
372 4109 530 4180 μόνου
560 4109 672 4184 ἐγὼ
704 4105 918 4181 δέομαι,
966 4103 1082 4162 δέον
1130 4107 1320 4180 εἰπεῖν,
1355 4107 1436 4163 ὅτι
1467 4111 1556 4164 καὶ
1584 4115 1691 4166 τῶν
1724 4118 1890 4188 τριῶν

264 4191 467 4260 ἔπιδεῶς
526 4195 667 4275 ἔχω,
720 4195 811 4252 καὶ
873 4196 1217 4273 ὑπερκαίεταί
1270 4219 1362 4271 μοι
1417 4207 1514 4270 τῆς
1562 4199 1734 4256 αὐτῶν
1769 4201 1888 4260 ἐπι-

262 4283 432 4360 τυχίας
462 4289 495 4358 ἡ
526 4287 681 4363 ψυχή
719 4313 734 4357 ς
766 4283 954 4361 Εὐχήν
1001 4307 1057 4341 τε
1108 4289 1213 4361 γὰρ
1262 4287 1352 4342 καὶ
1384 4287 1543 4351 αὐτὸς
1586 4288 1758 4354 ἐθέλω
1787 4291 1886 4360 τὴν

264 4369 307 4442 ἐξ
337 4374 496 4449 ὑμῶν,
558 4374 710 4451 εἴπερ
770 4375 921 4446 ποτε,
979 4374 1067 4430 καὶ
1125 4373 1475 4433 διδασκαλίαν
1527 4376 1584 4433 δὲ
1640 4381 1889 4455 καταρτί-

267 4464 454 4532 ζουσαν,
487 4463 566 4543 ἐφ’
599 4467 681 4526 οἷς
730 4461 806 4527 εῗς
860 4464 957 4531 τὴν
1011 4465 1146 4519 κατά
1191 4466 1320 4521 Θεὸν
1370 4468 1434 4521 οὐ
1484 4467 1730 4542 παύομαι
1760 4467 1884 4525 οδὸν

266 4544 583 4620 παμὸεύων,
636 4547 762 4605 οὐδὲ
808 4555 1057 4626 κατορθῶ
1085 4554 1180 4614 τὰς
1209 4549 1450 4629 τρίϐους,
1481 4555 1748 4632 χωλεύων
1780 4557 1888 4634 οὐχ

265 4632 450 4710 ἅπλῶς,
503 4637 632 4695 ἀλλ’
680 4637 759 4693 ἐπ’
817 4639 1148 4718 ἀμφοτέραις
1205 4640 1436 4717 ἰγνύαις,
1496 4641 1591 4700 εἴθις’
1644 4644 1736 4701 οῦν
1768 4632 1888 4712 τοῖς

263 4724 557 4803 κατὰλόγον
608 4727 697 4782 καὶ
742 4729 932 4804 πρᾶξιν
989 4725 1343 4805 διαδήμασιν.
1394 4739 1512 4788 Ἔτι
1561 4733 1618 4790 δὲ
1647 4737 1736 4791 καὶ
1784 4757 1886 4790 πα-

265 4813 497 4884 ραμύθιον
547 4821 931 4892 προσεπιζητῶ
989 4816 1069 4884 ἐφ’
1128 4821 1371 4894 ὁμοίοις,
1405 4822 1484 4901 ἐφ’
1529 4827 1612 4886 οἷς
1668 4821 1883 4897 δηλαδὴ

264 4901 508 4989 αὐτοὶ
563 4903 926 4983 προκαλεῖσθε
986 4907 1140 4981 οἶμαι
1186 4911 1276 4965 τὸν
1331 4914 1883 4989 παραμυθησόμενον.

265 4986 350 5043 Καὶ
403 4993 550 5067 ὑμεῖς
612 4995 707 5070 μὶν
769 4996 920 5059 ὅπως
973 4995 1032 5052 ἂν
1061 5003 1176 5061 τοῖς
1233 4999 1386 5074 ἐμοῖς
1411 4986 1683 5076 ἀἰτήμασι
1706 4986 1885 5079 ἀπροσ-

266 5081 604 5167 ενεχθήσεσθε,
661 5082 896 5156 είδοίητε
954 5084 1012 5141 ἂν
1073 5089 1227 5144 αὐτοὶ
1263 5134 1276 5159 ,
1336 5090 1426 5146 καὶ
1485 5092 1592 5167 πρὸ
1651 5093 1803 5166 ὑμῶν
1858 5095 1886 5149 ὁ

267 5165 395 5256 θεὸς,
427 5171 452 5225 ὁ
484 5169 806 5244 μεθοδεύσας
838 5172 926 5230 καὶ
969 5175 1107 5248 ὑμᾶς
1140 5175 1216 5240 εἷς
1245 5177 1312 5232 τὰ
1359 5179 1486 5256 τρία
1530 5165 1696 5250 καλὰ,
1750 5180 1882 5256 ὑπὲρ

269 5248 330 5306 ὧν
357 5253 466 5330 ἐμοὶ
508 5259 711 5333 δέησις.

325 5349 380 5416 Υ.
407 5347 543 5424 Ἐγὼ
576 5348 650 5422 δὲ,
685 5352 816 5423 ὅπερ
869 5348 1036 5432 ἔφθην
1088 5355 1276 5427 εἰπὼν,
1331 5357 1392 5413 οὐ
1444 5360 1581 5414 πάνυ
1636 5358 1880 5436 εὐπόρως

1925 1337 1979 1405 Α
2009 1337 2272 1406 Eiusdem
2320 1339 2500 1394 oratio
2543 1344 2947 1410 praeparatorza
2998 1343 3060 1396 in
3106 1351 3350 1398 sanctam
3400 1343 3651 1412 Quadra-

2686 1414 2970 1482 gesimam.

2079 1533 2132 1588 1.
2183 1533 2307 1588 Non
2357 1533 2526 1590 facile
2576 1536 2887 1606 perspicio,
2923 1537 3152 1604 fratres,
3205 1539 3499 1608 quomodo
3549 1539 3659 1594 ho-

2007 1621 2276 1677 diernum
2329 1639 2658 1678 sermonem
2717 1626 2880 1680 vobis
2939 1625 3050 1680 sim
3111 1626 3459 1696 adepturus.
3511 1629 3655 1684 Tres

2007 1711 2188 1780 enim,
2221 1711 2371 1765 inter
2427 1728 2489 1768 se
2520 1712 2782 1778 diversis,
2845 1719 3194 1784 prementem
3255 1717 3656 1788 congregatio-

2009 1814 2141 1854 nem
2175 1805 2564 1870 provocarunt
2600 1817 2788 1856 causa
2817 1819 2830 1868 ;
2863 1807 2954 1856 ast
2986 1819 3078 1856 me
3110 1803 3289 1858 ﬁdum
3325 1821 3441 1858 non
3499 1806 3652 1860 dabo

2008 1904 2350 1959 sponsorem
2383 1889 2637 1960 capitum
2672 1889 2850 1945 trium
2875 1890 2954 1944 ita
2972 1894 3515 1961 pertractandorum
3541 1892 3652 1948 sic-

2009 1981 2074 2032 ut
2104 1976 2371 2032 desidero
2401 1976 2528 2049 ipse
2557 1982 2615 2032 et
2654 1978 2734 2033 rei
2789 1979 3040 2051 gravitas
3083 1981 3430 2052 expostulat.
3466 1982 3651 2037 Mani-

2008 2067 2220 2120 festum
2246 2071 2337 2122 est
2365 2067 2650 2132 enim,vos
2673 2066 2788 2122 huc
2808 2069 3042 2124 venisse
3072 2085 3185 2124 non
3211 2074 3448 2142 propter
3468 2070 3654 2126 solam

2007 2153 2652 2227 supplicationem,quaa
2666 2156 2914 2210 antehac
2928 2156 3124 2212 fideles
3138 2173 3492 2229 congregare
3513 2158 3658 2214 sole-

2007 2242 2129 2312 bat,
2164 2246 2226 2297 ut
2255 2242 2559 2314 spirituale
2591 2244 2848 2300 stadium
2898 2245 3250 2301 athletarum
3301 2263 3462 2302 more
3520 2264 3655 2319 per-

2009 2337 2310 2386 currentes
2341 2331 2558 2387 limites
2579 2349 2752 2388 cursu
2780 2334 3139 2407 attingastis;
3169 2351 3370 2390 verum
3393 2336 3650 2402 etiam,si

2008 2420 2132 2475 fieri
2167 2424 2382 2492 posset,
2435 2420 2652 2476 limites
2709 2423 2984 2478 excedere
3044 2423 3294 2479 studetis
3351 2441 3455 2479 vos
3504 2425 3651 2480 invi-

2008 2525 2129 2564 cem
2161 2511 2457 2580 superare,
2489 2516 2780 2566 certamen
2817 2516 3110 2568 certantes
3157 2513 3650 2584 superabundans

2008 2604 2064 2654 et
2091 2599 2207 2654 Deo
2237 2604 2562 2670 acceptum.
2597 2600 2898 2670 Siquidem
2949 2601 3249 2672 Scriptura
3302 2601 3444 2657 dicit
3477 2620 3490 2659 :
3525 2626 3553 2653 «
3589 2605 3652 2659 In

1929 2707 1976 2772 B
2005 2687 2306 2743 laboribus
2337 2689 2738 2744 abundantius
2770 2693 2813 2755 ¹,
2845 2712 2872 2740 ››
2917 2691 3084 2745 docet
3133 2696 3329 2746 autem
3381 2709 3495 2746 non
3527 2709 3656 2748 om-

2012 2791 2142 2830 nem
2175 2776 2597 2832 abundantiam
2627 2783 2853 2848 gratam
2886 2795 3014 2833 esse
3073 2784 3210 2844 Deo,
3241 2780 3342 2834 sed
3393 2797 3519 2834 eam
3554 2798 3651 2836 so-

2008 2862 2124 2918 lam
2159 2880 2285 2935 quae
2319 2870 2552 2936 peccato
2597 2871 2793 2921 careat
2849 2872 2906 2921 et
2938 2868 3243 2939 vituperio.
3298 2869 3482 2940 igitur
3542 2885 3657 2926 non

2010 2957 2246 3025 propter
2275 2969 2473 3024 preces
2505 2955 2847 3018 tantum,uti
2878 2956 3102 3011 dictum
3134 2961 3243 3012 est.
3279 2956 3420 3012 hum
3453 2973 3662 3031 conve-

2010 3041 2182 3098 nistis
2212 3041 2511 3113 hodie,sed
2537 3044 3116 3115 propterdoctrinam
3140 3062 3318 3117 quam
3337 3046 3518 3101 divini
3545 3051 3654 3102 Pa-

2008 3135 2126 3186 tres
2157 3129 2386 3203 legibus
2443 3131 2678 3204 scriptis
2729 3137 2905 3205 atque
2955 3133 3148 3195 factis,
3179 3135 3348 3190 nobi
3396 3135 3655 3192 tradide-

2008 3226 2167 3274 runt.

2078 3309 2132 3362 2.
2163 3308 2358 3363 Tertia
2405 3308 2586 3379 hujus
2640 3309 2940 3365 concionis
2998 3326 3175 3365 causa
3229 3325 3297 3364 ex
3347 3327 3542 3366 rerum
3603 3314 3661 3366 et

2005 3400 2338 3467 temporum
2375 3401 2586 3452 natura
2617 3397 2860 3453 deﬂuit:
2894 3397 3376 3462 consolationem,
3415 3399 3660 3455 verbum

2006 3486 2377 3557 permulcens
2397 3485 2575 3542 vultis
2597 3487 2916 3558 percipere,
2931 3503 3046 3557 quo
3061 3487 3298 3558 quidem
3320 3487 3486 3542 vobis
3509 3503 3661 3560 Opus

2005 3578 2116 3642 est,
2149 3575 2303 3630 side
2346 3575 2492 3632 meis
2524 3576 2595 3630 ad
2649 3580 2840 3631 vestra
2898 3576 3196 3648 quandam
3255 3576 3658 3647 conjecturam

2007 3662 2262 3735 proferre
2294 3662 2444 3719 licet.
2488 3665 2605 3737 Ego
2636 3664 2791 3720 enim
2826 3664 2971 3735 ipse,
3030 3665 3124 3720 his
3181 3666 3241 3720 in
3299 3664 3654 3721 calamitati-

2003 3753 2140 3822 bus,
2169 3751 2361 3808 solatii
2394 3753 2718 3810 remedium
2754 3753 3041 3823 desidero,
3075 3758 3134 3810 et
3182 3753 3334 3810 viam
3368 3753 3654 3822 invenire,

2006 3859 2142 3915 qua,
2176 3844 2528 3898 concedente
2560 3843 2697 3908 Deo,
2731 3844 2958 3898 sanatio
2990 3847 3192 3899 nostra
3224 3843 3432 3899 evadat
3480 3844 3652 3900 nobis

2005 3930 2230 3987 facilior
2249 3935 2307 3986 et
2337 3947 2452 3986 non
2484 3933 2554 3986 ad
2587 3931 2846 3988 dolorem
2878 3933 3162 4004 perducat
3191 3931 3652 3988 intolerandum.

2003 4020 2120 4076 Cur
2146 4025 2344 4076 autem
2377 4019 2506 4075 dico
2537 4020 2796 4084 tertium,
2831 4019 2938 4075 hoc
2969 4019 3116 4075 mihi
3162 4019 3355 4076 solum
3389 4035 3518 4077 esse
3548 4037 3654 4078 ne-

2003 4109 2345 4174 cessarium,
2378 4125 2510 4165 cum
2543 4113 2700 4165 esset
2729 4109 3132 4165 conﬁtendum
3175 4125 3269 4165 me
3303 4109 3493 4166 tribus
3528 4111 3660 4168 istis

1999 4199 2262 4271 indigere
2291 4202 2349 4253 et
2378 4196 2636 4252 animam
2669 4213 2859 4253 meam
2894 4196 3133 4253 illorum
3162 4197 3487 4270 efﬂagitare
3516 4215 3659 4256 con-

2000 4287 2359 4344 secutionem
2390 4287 2418 4342 ‘I
2449 4291 2653 4342 Preces
2699 4287 2856 4342 enim
2910 4293 3134 4343 vestras
3185 4293 3242 4342 et
3290 4288 3415 4359 ipse
3466 4289 3656 4361 magis

2000 4394 2178 4449 quam
2211 4382 2383 4433 antea
2412 4376 2661 4448 imploro
2690 4382 2746 4432 et
2775 4377 3135 4432 droctrinam
3181 4379 3652 4432 corroborantem

2002 4473 2132 4522 uta
2175 4466 2285 4522 viis
2337 4465 2567 4522 Domini
2626 4483 2740 4522 non
2799 4465 3120 4532 declinem;
3153 4467 3397 4520 semitas
3456 4471 3654 4521 autem

1997 4572 2159 4612 meas
2191 4573 2305 4612 non
2337 4554 2546 4627 dirigo,
2578 4556 2717 4626 quia
2751 4572 2866 4611 non
2899 4571 3016 4609 uno
3048 4553 3312 4609 claudico
3344 4553 3514 4624 pede,
3549 4554 3650 4609 sed

1999 4645 2285 4702 ambobus
2317 4643 2560 4701 deﬂecte
2593 4645 2867 4716 genibus,
2895 4644 3090 4699 verbis
3121 4641 3345 4697 scilicet
3373 4647 3430 4696 et
3460 4641 3652 4698 factis.

1993 4733 2214 4789 Deinde
2243 4735 2518 4790 solatium
2553 4733 2762 4788 iisdem
2797 4732 3068 4804 perquiro
3101 4730 3453 4798 rationibus,
3517 4732 3652 4802 qui-

1997 4822 2108 4879 bus
2137 4839 2240 4879 vos
2260 4823 2372 4893 ipsi
2402 4821 2717 4895 implorare
2739 4820 3020 4878 videmini
3043 4819 3493 4877 consolatorem.
3516 4821 3650 4876 Ideo

1996 4913 2224 4970 rescitis
2255 4914 2368 4986 ipsi
2391 4914 2685 4986 quomodo
2733 4911 2880 4968 meis
2930 4911 3318 4984 implicemini
3350 4913 3600 4984 negotiis
3629 4930 3644 4982 ;

1995 5005 2152 5062 Deus
2181 5011 2376 5062 autem
2397 5007 2562 5078 prius
2586 5021 2705 5061 rem
2725 5009 2908 5060 totam
2934 5004 3355 5076 perspexit,qui
3386 5005 3458 5060 ad
3492 5005 3646 5061 bona

1995 5095 2130 5167 tria,
2163 5112 2289 5168 quis
2322 5095 2380 5151 in
2413 5095 2562 5152 votis
2598 5095 2742 5151 meis
2772 5098 2930 5161 sunt,
2963 5109 3065 5149 vos
3094 5094 3212 5165 jam
3248 5093 3384 5150 olim
3419 5093 3644 5149 condu-

1994 5183 2100 5240 xit.

2067 5363 2121 5418 3.
2155 5363 2460 5436 Equidem,
2492 5363 2646 5419 sicut
2677 5362 2804 5433 jam
2853 5362 3020 5428 dixit,
3052 5377 3171 5417 non
3219 5375 3460 5433 prorsus
3499 5358 3647 5414 bene

268 5422 394 5504 ἔχων
421 5422 546 5513 πρὸς
577 5440 640 5496 τὰ
669 5441 721 5513 ἐξ
755 5422 920 5517 δμοῦ,
944 5422 1026 5500 ὅτι
1061 5443 1202 5518 μηδὲ
1230 5422 1328 5518 την
1361 5449 1554 5527 πρώην
1601 5422 1877 5525 εὐκαιρίαν

2009 5452 2207 5522 labeo;
2242 5451 2459 5508 divitia:
2491 5451 2786 5520 abierunt,
2822 5467 2926 5507 nec
2951 5451 3078 5522 jam
3125 5449 3187 5505 in
3220 5447 3470 5522 pristina
3502 5463 3642 5503 con-

330 5644 350 5687 ⁸
379 5648 421 5704 ll
448 5649 566 5712 Cor.
601 5673 680 5726 ιι,
711 5655 802 5712 23.
