4114 6200
469 343 589 402 679

1249 339 1660 401 EUSTA’I‘HII
1704 335 2470 401 THESSALONICENSIS
2512 341 3100 405 METROPOLITE

3759 344 3882 408 680

467 469 689 525 ditione
731 483 889 538 sum,
932 467 1001 522 de
1029 482 1144 537 qua
1165 464 1402 538 gloriari
1454 465 1709 532 licebat;
1744 464 1843 520 sed
1900 462 2095 518 menti:

2227 461 2473 536 πλουτῶ,
2550 464 2677 522 οὐδὲ
2752 469 3070 524 κατάστασιν
3130 467 3336 541 ἐκείνην
3398 468 3514 545 ἔχω
3571 472 3698 546 περὶ
3756 469 3876 544 ἐμὲ,

467 556 994 631 cogitationes,imo
1008 572 1198 611 sermo
1225 555 1345 626 ipse
1363 559 1625 609 mutatus
1642 558 1731 609 est
1747 554 1806 608 in
1831 552 2112 622 deterius,

468 666 535 704 ac
567 663 916 702 numerosus
947 661 1075 700 esse
1109 643 1283 698 desiit
1312 660 1325 709 ;
1359 644 1543 698 oratio
1571 643 1727 699 enim
1771 659 1886 713 quo
1919 641 2114 696 minus

469 736 611 791 fluat
641 751 850 789 mmror
871 731 1246 804 impedit.Ubi
1271 732 1428 786 enim
1463 732 1591 788 fons
1612 730 2116 801 obslruitur,aqua

465 841 638 898 parce
668 821 1220 893 ﬂuit,quia,quando
1250 821 1407 890 origo
1423 822 1620 875 minus
1638 821 2114 874 beneconstituta

464 920 574 979 est,
608 912 893 984 quidquid
931 911 1063 966 inde
1093 911 1357 982 provenit
1390 909 1648 982 languet.
1682 909 1902 963 Tamen
1936 925 2109 980 opor-

458 1007 539 1058 tet
570 1018 749 1057 causa
797 1005 1064 1056 cessante
1109 1000 1379 1054 eﬂ'ectum
1434 1015 1667 1071 quoque
1718 1014 1969 1052 cessare.
2011 997 2107 1051 Ni-

457 1091 780 1147 hilominus
814 1091 883 1144 ad
920 1090 1278 1160 promissum
1322 1089 1763 1159 exsequendum
1814 1087 2108 1158 accingor,

452 1181 536 1236 ita
567 1185 759 1235 tamen
793 1184 859 1234 ut
889 1179 1044 1249 quod
1080 1179 1332 1232 maxime
1357 1183 1445 1233 est
1478 1177 1876 1232 necessarium
1900 1175 1957 1230 in
1991 1188 2108 1230 me-

452 1270 615 1324 dium
646 1267 963 1340 proferam,
995 1267 1134 1337 quia
1167 1268 1341 1322 talem
1387 1266 1692 1321 materiam
1756 1263 2104 1335 ampliﬁcari

450 1358 748 1412 auditores
779 1356 977 1410 minus
1008 1359 1240 1426 gratum
1276 1354 1711 1409 babent.Pauca
1740 1353 1896 1408 enim
1930 1353 2104 1408 verba

449 1447 640 1502 oranti
663 1452 722 1501 et
742 1445 1068 1500 orationem
1093 1443 1437 1515 suscipienti
1467 1441 2103 1512 sufﬁciuntEjusmodi

447 1554 620 1610 parro
644 1552 844 1608 preces
873 1536 1138 1590 omnium
1170 1533 1430 1590 locorum
1479 1551 1545 1588 ac
1593 1539 1923 1605 temporum
1972 1548 2102 1587 esse

445 1643 618 1681 nemo
648 1624 1018 1680 infitiabitur.
2056 1621 2061 1626 '

2222 554 2340 606 καθ’
2392 555 2453 622 ἦν
2511 554 2864 630 ἠγλαῖζόμην
2943 556 3123 633 λέγων
3183 558 3260 620 εἰς
3330 559 3399 614 τὰ
3453 558 3589 614 κατὰ
3648 560 3876 616 σκοπόν·

2225 639 2370 696 ἀλλά
2403 657 2503 715 μοι
2531 645 2620 699 καὶ
2672 647 2736 700 τὸ
2765 647 2950 720 νοερὸν
3003 646 3325 720 κατάστημα
3376 649 3710 724 ἑτεροιοῦται
3743 650 3878 723 πρὸς

2222 732 2289 784 τα
2342 732 2638 807 πρότερον,
2694 735 2783 790 καὶ
2838 738 2872 805 ἡ
2930 739 3184 814 προφορά
3243 735 3302 791 δί
3354 742 3462 792 τῶν
3518 735 3873 811 λαλουμένων

2221 828 2660 896 καινοπραγεῖται
2695 870 2709 896 ,
2759 825 2848 878 καὶ
2909 823 3016 900 οὐχ
3064 824 3151 880 οἵα
3200 824 3259 880 τέ
3312 824 3450 880 ἐστιν
3510 824 3822 899 ἐμπλατύνε
3852 860 3875 871 -

2222 920 2340 972 σθαι
2374 910 2450 972 εἷς
2481 907 2777 987 ἁϐρότητα.
2811 914 2913 969 Καὶ
2966 913 3081 989 ἔχει
3128 914 3291 991 λόγον
3344 915 3406 970 τὸ
3459 916 3651 977 πάθος.
3686 922 3876 991 Πηγῆς

2218 997 2321 1073 γὰρ
2377 1000 2684 1077 ἀπορρύτου
2734 1001 3224 1080 ὲμπειρραγμὲνης,
3282 1001 3604 1074 ἀκόλουθον,
3665 1003 3874 1060 ἐπιλεί-

2217 1108 2333 1142 πειν
2369 1088 2458 1142 καὶ
2487 1092 2586 1158 τήν
2617 1089 2837 1166 ἐκροήν,
2876 1091 2971 1146 Καὶ
3005 1089 3191 1153 ἄλλως
3223 1089 3281 1146 δὲ
3323 1094 3458 1167 χρὴ,
3487 1097 3584 1147 τοῦ
3632 1099 3870 1168 γεννῶν-

2213 1196 2306 1238 τος
2365 1175 2620 1248 ἐξιτήλου
2666 1181 2986 1255 γενομὲνου,
3050 1178 3191 1253 μηδὲ
3237 1181 3303 1235 τὰ
3349 1182 3669 1256 γεννώμενα
3707 1185 3868 1252 τεθη-

2217 1263 2388 1322 λέναι.
2451 1267 2550 1321 Καὶ
2597 1269 2750 1341 ὅμως
2802 1271 3256 1345 προεκτιθέμενος
3315 1270 3732 1346 ὑπισχνοῦμαι,
3796 1273 3868 1334 ὡς

2214 1353 2381 1430 εὐχήν
2446 1356 2540 1428 μὶν
2599 1355 2898 1412 ἀποδοῦναι
2956 1360 3095 1413 πάνυ
3150 1380 3202 1413 τι
3258 1358 3726 1434 ἀναγκαιότατον,
3781 1361 3867 1415 καὶ

2213 1440 2336 1498 οὐδὲ
2366 1440 2682 1514 διεξοδικὸν,
2737 1446 2820 1501 ὅτι
2861 1443 2997 1518 μηδὲ
3055 1445 3404 1522 λιχνεύονται
3441 1449 3508 1502 τά
3553 1469 3615 1522 γε
3643 1454 3870 1504 τοιαῦτα

2211 1533 2263 1586 οἱ
2322 1533 2579 1608 ἀκροαταὶ
2638 1535 2717 1598 εἴς
2773 1535 2946 1591 πολὺν
3016 1535 3336 1608 πλατυσμόν
3369 1580 3382 1593 .
3444 1537 3706 1612 ’Δρκοῦσι
3763 1539 3865 1614 γὰρ

2207 1621 2297 1674 καὶ
2346 1623 2554 1698 βραχέα
2608 1623 2847 1698 ῥήματα,
2907 1625 3004 1692 τήν
3065 1624 3355 1697 ἐπιθυμίαν
3415 1623 3740 1690 ἀποπλῆσαι
3789 1632 3866 1698 τῷ

444 1713 738 1788 εὐχομὲνῳ
767 1733 824 1767 τε
861 1712 950 1766 καὶ
989 1715 1067 1784 τῷ
1107 1707 1502 1786 ὑποδεχομένῳ
1539 1710 1605 1764 τὰ
1637 1715 1735 1780 τῆς
1770 1709 1965 1784 εὐχῆς,
1999 1709 2087 1762 καὶ
2128 1707 2226 1764 οὐκ
2265 1708 2324 1764 ἃν
2352 1711 2562 1786 γὲνοιτό
2593 1734 2725 1768 ποτε
2761 1713 2882 1768 κίαν
2924 1712 3368 1789 πραγματιιῶδες
3406 1714 3468 1769 τὸ
3508 1714 3560 1770 ἐν
3589 1715 3866 1778 τοιούτοις

444 1799 720 1878 εὔχεσθαι.

508 1915 564 1968 6.
597 1915 734 1977 Quae
763 1911 835 1966 ad
867 1908 1188 1965 orationem
1224 1908 1536 1980 pertinent,
1573 1907 1778 1980 paucis
1799 1907 1925 1977 jam
1958 1922 2084 1978 per-
2118 1907 2164 1972 Β

446 2001 657 2059 strinxi
685 2019 698 2067 ;
755 1999 1020 2054 doctrina
1050 1997 1435 2069 subsequitur
1463 1997 1532 2053 et"
1564 1997 1694 2068 ipsa
1724 1995 1953 2067 triplex.
1987 1997 2092 2050 Ast

444 2092 504 2147 in
538 2087 789 2161 singulis
807 2088 1024 2142 eaedem
1048 2091 1186 2141 sunt
1217 2085 1822 2141 dil'iicultates.Primo
1854 2083 2091 2156 quidem

440 2181 686 2235 verboru
699 2194 752 2232 m
769 2177 1012 2248 penuria
1027 2192 1118 2231 me
1139 2167 1518 2246 vexat,qui'ab
1532 2172 1911 2230 incunabulis
1925 2172 2096 2228 aliter

441 2271 683 2326 edoctus
698 2267 800 2334 fui;
816 2267 1028 2321 deinde
1046 2266 1118 2320 ab
1135 2265 1396 2336 antiquis
1413 2263 1778 2335 temporibus
1791 2279 2091 2318 sacrorum

442 2358 639 2414 cultus
669 2363 725 2411 et
754 2355 1020 2410 doctrina
1052 2355 1357 2410 nobiscum
1401 2359 1538 2408 nata
1587 2353 1914 2408 consenuit.
1950 2352 2091 2406 Pro-

443 2452 644 2519 pterea
678 2445 894 2518 plures,
929 2450 1088 2515 puto,
1140 2459 1441 2498 sermones
1490 2442 1792 2497 hortantes
1842 2441 1910 2494 ad
1937 2440 2092 2510 jeju-

441 2536 629 2602 nium,
649 2535 932 2606 Optimam
966 2537 1290 2587 tractarunt
1323 2531 1627 2586 materiam
1656 2573 1669 2596 ,
1703 2530 1785 2584 ita
1814 2527 2091 2584 onerariae

443 2641 641 2692 naves,
677 2621 880 2676 multis
909 2621 1160 2692 gravida:
1197 2619 1684 2684 mercibus,mare
1715 2619 2089 2688 traiecerunt.

445 2711 840 2768 Novissimam
894 2709 1100 2764 dicunt
1150 2709 1502 2763 cantilenam
1569 2723 1697 2762 esse
1760 2711 2089 2778 pergratam

449 2800 822 2866 hominibus;
854 2815 1052 2853 verum
1089 2798 1186 2852 ubi
1219 2814 1450 2852 carmen
1494 2813 1645 2868 smpe
1675 2796 1890 2867 saepius
1920 2794 2094 2850 luerit

448 2895 772 2954 cantatum,
805 2888 855 2944 si
889 2887 1103 2942 mentis
1134 2902 1271 2958 ager
1303 2886 1478 2940 fuerit
1519 2885 1758 2940 omnino
1805 2883 2088 2951 sulcatus,

443 2995 643 3034 vereor
672 2978 742 3032 ad
776 2993 1014 3048 operam
1056 2976 1350 3031 accedere.
1401 2973 1783 3044 Eloquentem
1844 2989 2092 3043 prazver—

442 3073 576 3124 tunt
605 3068 903 3123 auditores
933 3072 989 3121 et
1019 3068 1228 3121 rubore
1259 3065 1628 3134 suﬂ'undunt,
1662 3065 1803 3119 dum
1837 3063 2092 3135 peregri-

444 3162 662 3213 nantur
689 3155 1109 3211 aures.Natura
1140 3154 1296 3209 enim
1331 3155 1412 3208 ita
1439 3170 1647 3208 sumus
1679 3153 2094 3224 comparati,ut

447 3248 795 3319 plerumque
825 3244 1076 3300 assuetis
1099 3243 1274 3298 rebus
1306 3260 1478 3298 aures
1508 3241 2092 3312 occludamus,atque

447 3337 792 3392 recedamus
822 3351 891 3388 ex
919 3333 1165 3388 ecclesia
1195 3333 1252 3388 in
1299 3350 1416 3404 qua
1449 3333 1618 3387 nobis
1671 3337 1925 3404 pernotaa
1957 3347 2092 3402 pro-

447 3430 746 3497 ponuntur
776 3425 1054 3490 :naterize,
1085 3423 1345 3476 dicentes
1380 3437 1392 3477 :
1428 3422 1660 3477 Scimus
1710 3421 1830 3475 haec
1869 3420 2086 3487 omnia,

443 3520 502 3570 et
533 3515 622 3570 bis
653 3513 1028 3569 sermonibus
1061 3511 1336 3567 nolumus
1391 3510 1720 3581 defetigari.
1775 3509 1920 3575 Quid
1955 3509 2090 3564 inde

443 3603 752 3675 sequitur?
783 3602 844 3658 In
875 3617 1093 3656 vanum
1119 3600 1343 3656 laborat
1365 3605 1561 3654 orator
1593 3605 1656 3654 ut
1677 3599 2091 3655 suosincantet

444 3692 741 3747 auditores
763 3710 780 3757 ;
801 3689 1062 3762 loquitur
1083 3689 1239 3744 enim
1265 3689 1416 3744 sicut
1439 3687 1773 3759 cymbalum
1806 3689 2086 3743 tinniens.

441 3780 570 3836 Haec
636 3779 780 3834 mihi
844 3779 1104 3834 secunda
1169 3793 1348 3833 causa
1411 3782 1502 3832 est
1570 3793 1674 3831 cur
1757 3791 2087 3831 sermonem

441 3869 905 3941 perhorrescam.

2268 1903 2328 1964 δ’.
2364 1907 2461 1962 Καὶ
2495 1909 2638 1963 οὕτω
2691 1911 2784 1982 μὶν
2835 1908 3348 1988 προκειραλαιοῦμαι
3389 1911 3457 1965 τά
3483 1931 3546 1987 γε
3574 1909 3657 1972 εἷς
3691 1909 3859 1987 χάριν

2203 1994 2394 2070 εὐχῆς·
2431 1995 2637 2068 διδάξαι
2667 1995 2724 2053 δὲ
2749 1999 2888 2071 ὑμᾶς
2911 2032 2975 2042 -
2996 1998 3142 2054 ἀλλὰ
3163 2006 3331 2075 τριχῆ
3354 1999 3446 2054 καὶ
3473 1999 3863 2074 αὐτό.Ἐμοιγ⁹

2203 2083 2294 2139 οὖν
2377 2083 2580 2159 ἄπορον
2654 2087 2934 2166 φαίνεται·
2996 2088 3086 2143 καὶ
3153 2093 3343 2163 πρῶτα
3415 2089 3509 2162 μὲν
3565 2092 3706 2145 κατᾶ
3763 2091 3857 2158 τὴν

2200 2175 2321 2248 περὶ
2378 2173 2577 2250 λόγους
2634 2177 2839 2246 πενίαν,
2898 2179 2958 2246 ἣν
3020 2174 3227 2250 δαψιλῆ
3287 2177 3534 2246 πλουτῶ,
3675 2178 3858 2233 συντί-

2203 2274 2472 2339 θραμμαιο
2537 2267 2644 2320 εἶνα
2698 2268 2784 2320 καὶ
2846 2265 2928 2320 ὅτι
2985 2265 3210 2327 αἰώνιος
3267 2265 3450 2339 ἐξότου
3521 2269 3731 2343 χρόνος

2199 2355 2317 2416 καθ’
2391 2356 2540 2426 ἡμᾶς
2593 2354 2859 2429 ἱερωτάτη
2920 2355 3178 2431 θρησκείᾳ
3235 2354 3462 2426 τοιαύτη
3532 2360 3632 2410 τοῦ
3694 2353 3856 2431 λόγον

2202 2439 2312 2496 ἰδία
2366 2442 2457 2497 καὶ
2517 2443 2906 2518 συγγεγενηται
2956 2443 3044 2498 καὶ
3104 2445 3566 2519 παρεκτειναμὲνη
3631 2465 3855 2520 συγγεο

2198 2533 2424 2606 γήρακε.
2460 2533 2550 2587 Διὸ
2597 2533 2686 2587 καὶ
2734 2531 3002 2605 πλείονες,
3062 2532 3241 2606 οἶμαι,
3291 2530 3446 2608 λόγοι
3493 2534 3554 2587 τὸ
3602 2538 3853 2588 τοιοῦτον

2199 2619 2393 2694 ἀγαθὸν
2456 2619 2696 2697 ἔτριψαν,
2753 2620 2819 2675 τὰ
2874 2621 3196 2690 νηστευτικα
3247 2619 3762 2696 παραγγέλλοντεσ,
3822 2623 3854 2690 ἢ

2199 2729 2298 2784 περ
2329 2715 2604 2788 φορτηγοὶ
2652 2717 2778 2780 νῆες
2831 2711 3063 2785 ἀγαθῶν
3102 2709 3412 2781 πλήθουσαι
3450 2713 3549 2780 τήν
3583 2709 3854 2766 Θάλασσαν

2200 2794 2413 2869 ἔτεμον.
2447 2800 2604 2856 ’ΌΘεν
2661 2798 2937 2868 νεωτάτης
2996 2799 3090 2870 μὶν
3147 2798 3229 2852 ἀεὶ
3289 2795 3627 2873 φιλουμὲνης
3682 2797 3854 2871 ᾠδῆς,

2199 2885 2411 2953 ἀπάσης
2447 2883 2504 2941 δὶ
2543 2888 2804 2956 τοιαύτης
2842 2885 3048 2948 ἐννοίας
3095 2885 3364 2950 κάνταῦθα
3393 2884 3672 2950 πολλάκις
3707 2890 3854 2962 ἁμα-

2200 2975 2494 3046 ξευθιίσης,
2527 2976 2556 3030 ὃ
2605 2973 2670 3044 δὴ
2725 2974 2962 3050 λέγεται,
3017 2975 3106 3029 καὶ
3154 2973 3428 3048 μηδεμιᾶς
3459 2975 3728 3051 ἀτρίπτου
3759 2998 3852 3031 πε-

2201 3061 2656 3139 ριλελειμμένης,
2693 3060 2848 3118 ὄκνον
2896 3060 3136 3139 ἔλλογον
3186 3063 3301 3139 ἔχω
3351 3061 3566 3136 λαλεῖν,
3615 3066 3751 3139 ἅπερ
3801 3065 3852 3119 οἳ

2201 3153 2543 3226 ἀκροώμενοι
2605 3151 3046 3229 προαρπάζοντες
3105 3153 3202 3226 ἒμὶ
3259 3153 3352 3226 μὲν
3399 3151 3848 3226 καταιδεσουσιν,

2125 3271 2168 3338 C
2205 3240 2360 3294 αὐτοὶ
2409 3237 2467 3294 δὲ
2511 3240 2924 3295 ἀποκναίσονται
2983 3240 3120 3316 πρὸς
3174 3241 3274 3308 τήν
3327 3236 3518 3295 διόλου
3570 3242 3846 3315 ἀκρόασιν

2210 3329 2222 3348 ’

2204 3329 2317 3385 ἐπεὶ
2364 3331 2453 3384 καὶ
2509 3330 2662 3406 φύσει
2708 3334 2870 3385 τοῦτο
2918 3331 3204 3404 πάσχομεν
3257 3327 3555 3403 ἄνθρωποι,
3606 3330 3681 3391 ὡς
3732 3329 3847 3384 im-

2197 3418 2340 3474 πολὺ
2373 3417 2638 3481 κλείοντες
2671 3417 2725 3473 ἐν
2766 3423 2881 3480 τοῖς
2923 3418 3195 3480 τοιούτοις
3247 3417 3342 3482 τὰς
3389 3419 3576 3489 ἀκοὰς,
3623 3418 3716 3473 καί
3745 3440 3848 3474 που

2197 3509 2286 3563 καὶ
2346 3505 2732 3578 ἀποπηδῶντες
2785 3515 2886 3576 τῆς
2944 3507 3207 3577 συνάξεως
3255 3506 3306 3562 ἐν
3360 3505 3440 3579 τῷ
3483 3510 3845 3583 κατηχεῖσθαι

2195 3600 2263 3652 τὰ
2289 3598 2561 3674 γνώριμα,
2614 3597 2704 3652 καὶ
2753 3599 3180 3674 ἀναφωνοῦντες,
3231 3595 3307 3658 ὡς
3348 3621 3375 3647 ‹‹
3409 3593 3652 3664 Οἴδαμεν
3684 3601 3846 3652 ταῦτα

2197 3687 2388 3757 πάντα,
2421 3685 2509 3740 καὶ
2543 3687 2606 3740 οὐ
2656 3683 2889 3759 δεόμεθα
2932 3683 3345 3761 ἑνασχολεῖσθαι
3375 3685 3650 3747 τοιούτοις
3684 3685 3843 3740 ἁκού-

2199 3794 2414 3849 σμασιν·
2450 3799 2478 3826 ››
2513 3775 2588 3836 ὡς
2637 3773 2874 3838 ἐντεῦθεν
2929 3774 3019 3828 τὸν
3069 3770 3387 3828 διδάσκοντα
3440 3775 3616 3846 μάτην
3658 3774 3846 3849 περιᾴ-

2200 3864 2308 3921 δειν
2338 3865 2402 3920 τὸ
2430 3861 2832 3934 διδασκαλεῖον,
2877 3862 2965 3918 καὶ
3011 3863 3088 3925 ὠς
3138 3861 3214 3925 εἷς
3254 3857 3539 3935 κύμϐαλον
3571 3862 3840 3932 ἀλαλάζον

449 3954 781 4031 λογίζεσθαι.
823 3954 1000 4010 Τοῦτό
1043 3974 1133 4025 μοι
1165 3952 1253 4007 καὶ
1286 3953 1346 4006 τὸ
1374 3949 1620 4028 δεύτερον
1646 3951 1820 4007 αἴτιον
1852 3956 1947 4008 τοῦ
1981 3949 2324 4018 εὐλαϐεῖσθαι
2354 3954 2452 4023 τὴν
2488 3951 2705 4008 λαλιάν.

511 4065 567 4119 5.
600 4061 793 4118 Tertia
824 4066 1041 4124 autem,
1075 4077 1257 4132 eaque
1299 4062 1486 4131 major
1515 4066 1571 4116 et
1600 4061 1830 4134 gravior
1887 4079 2086 4128 causa,

441 4153 500 4207 in
533 4151 792 4207 solatorii
826 4150 1055 4223 generis
1085 4151 1211 4221 lege
1242 4155 1297 4206 et
1328 4167 1594 4207 sermone
1618 4151 1902 4206 consistit.
1934 4154 2088 4215 Quo-

444 4241 618 4296 modo
650 4240 807 4296 enim
841 4239 1139 4295 solaturus
1171 4256 1303 4294 sum
1334 4239 1500 4304 alios,
1537 4243 1638 4312 qui
1699 4241 1767 4295 ad
1839 4244 2086 4295 mortem

441 4329 629 4384 tristis
677 4345 808 4384 sum
861 4329 918 4382 in
973 4330 1170 4383 anima
1219 4328 1396 4383 mea?
1427 4330 1728 4394 Quomodo
1786 4345 1982 4384 vocem
2016 4329 2088 4383 ad

441 4418 644 4474 dulces
674 4419 982 4474 solationis
1015 4419 1288 4473 modulos
1321 4417 1741 4488 inclinabo,qui
1769 4435 1882 4488 pra:
1911 4417 2091 4486 gemi-

439 4509 602 4564 tibus
646 4509 822 4562 verba
877 4523 1098 4576 nequeo
1148 4507 1460 4578 proloqui?
1489 4508 1790 4572 Quomodo
1837 4505 2090 4560 afflictus

441 4599 568 4668 ipse
597 4597 845 4652 aliorum
869 4595 1172 4651 doloribus
1203 4597 1439 4650 afl'eram
1486 4595 1812 4649 remedium
1839 4602 1860 4648 ί
1889 4595 2092 4650 Nonne

443 4686 653 4741 merito
682 4685 827 4740 illud
864 4685 1177 4739 auditurus
1203 4701 1336 4739 sum
1373 4700 1384 4739 :
1421 4706 1447 4732 «
1478 4685 1716 4749 Medice,
1751 4700 1891 4738 cura
1939 4683 2092 4754 teip-

442 4791 576 4830 sum
600 4774 627 4828 ?
659 4796 687 4822 »
719 4775 836 4830 Ista
865 4779 952 4828 est
982 4789 1162 4828 causa
1191 4773 1380 4827 tertia.
1415 4772 1654 4844 Triplici
1690 4771 1871 4843 igitur
1919 4787 2090 4826 coan-

441 4867 716 4935 gustatus
748 4863 978 4917 vinculo
1036 4862 1106 4916 ad
1167 4861 1466 4918 silentium
1529 4859 1796 4932 redigor;
1831 4865 2088 4915 attamen

444 4966 556 5006 non
609 4952 750 5006 cedo
785 4968 798 5006 :
830 4950 1031 5006 multis
1078 4950 1232 5006 enim
1281 4951 1351 5006 de
1399 4966 1629 5006 recessu
1683 4950 1989 5022 perpensis
2021 4950 2092 5004 ad

442 5040 594 5095 hanc
614 5056 856 5112 propero
873 5038 1532 5110 concionem.Allegatas
1549 5040 1823 5094 materias
1839 5039 2095 5094 maxima

2270 4062 2328 4117 ε’.
2361 4060 2432 4114 Τὸ
2479 4057 2536 4113 δὲ
2582 4079 2645 4133 γε
2692 4059 2876 4134 τρίτον
2933 4063 3026 4113 καῖ
3089 4063 3272 4130 μεῖζον
3331 4057 3422 4112 καὶ
3483 4057 3786 4132 βιαιότερον
3817 4057 3843 4110 ὁ

2197 4148 2648 4224 παρηγορητικὸς
2705 4146 2795 4202 καὶ
2854 4147 3020 4220 νόμος
3077 4147 3169 4201 καὶ
3227 4145 3412 4222 λόγος.
3450 4147 3576 4207 Πῶς
3635 4147 3737 4220 γὰρ
3787 4145 3844 4198 ἃν

2197 4239 2288 4294 καὶ
2322 4235 2813 4313 παρηγορησαίμην
2857 4232 3060 4296 ἄλλους
3110 4236 3139 4290 ὁ
3167 4235 3266 4303 τὴν
3307 4235 3491 4310 ψυχήν
3547 4234 3844 4310 περίλυπος

2195 4323 2300 4387 ἕως
2364 4328 2560 4398 μικροῦ
2614 4325 2702 4378 καὶ
2762 4322 2838 4386 εἷς
2885 4322 3107 4377 Θάνατον
3141 4342 3154 4392 ;
3187 4327 3309 4384 Πῶς
3341 4320 3398 4376 δὲ
3427 4321 3484 4376 ἂν
3527 4319 3843 4398 διαρθρὼσω

2200 4415 2384 4491 φωνὴν
2441 4412 2528 4467 ἐπὶ
2584 4411 3104 4488 παραμυθίᾳὸτοῖς
3157 4415 3482 4485 στεναγμοῖς
3538 4413 3604 4465 τὸ
3662 4409 3840 4465 λαλεῖν

2201 4503 2646 4578 ἑγκοπτόμενος;
2706 4505 2829 4563 Πῶς
2859 4497 2906 4553 δ’
2964 4499 3022 4554 ἃν
3085 4501 3112 4554 ὁ
3170 4500 3476 4576 περιπαθὴς
3528 4498 3736 4574 ἑτέροις
3767 4498 3846 4553 ἐπὶ

2200 4593 2390 4655 πάθεσι
2450 4588 2733 4665 θεραπείαν
2776 4589 3148 4663 τεχνώμενος,
3185 4588 3287 4642 οὐκ
3338 4587 3660 4660 ἀκούσωμαὶ
3692 4598 3843 4650 ποθεν

2200 4684 2494 4758 προσφυῶς
2520 4677 2603 4733 τό.
2641 4701 2668 4729 ‹‹
2703 4677 2894 4751 Ἰατρὶ,
2943 4678 3267 4753 θεράπευσον
3313 4675 3532 4731 σεαυτόν
3569 4697 3583 4745 ;
3621 4701 3647 4728 ››
3681 4669 3844 4731 Τοῦτό

2207 4791 2300 4844 μοι
2347 4769 2434 4823 καὶ
2491 4767 2554 4821 τὸ
2600 4766 2806 4838 τρίτον.
2862 4763 3065 4820 οὐκοῦν
3117 4764 3192 4828 ὡς
3225 4767 3316 4820 οἶα
3361 4765 3653 4841 τριπλόκῳ
3677 4763 3845 4834 τούτῳ

2203 4857 2433 4934 σχοινίῳ
2482 4855 2814 4930 ἀγχόμενος,
2869 4853 3126 4930 βιάζομαι
3183 4859 3362 4929 σιγᾷν,
3417 4853 3584 4909 εἶκαὶ
3630 4854 3710 4926 μὴ
3741 4851 3847 4907 πεί·

2205 4950 2390 5020 Οομαι·
2448 4967 2536 5000 και
2589 4942 2777 4999 πολλὰ
2833 4942 3194 5019 λογισάμενος
3247 4943 3326 5005 εἲς
3385 4941 3839 5013 ἀποδυσπὲτησιν,

2206 5035 2325 5090 ἷδοὺ
2349 5035 2571 5110 γίνομαι
2629 5040 2730 5101 τῆς
2759 5030 3143 5104 συνελεύσεως,
3196 5031 3285 5086 καὶ
3333 5033 3586 5104 ὁσιοῦμαι
3634 5031 3704 5085 τὰ
3728 5049 3846 5104 προ·

441 5145 769 5201 prosequor
815 5130 1158 5194 reverentia,
1209 5129 1382 5184 sicuti
1434 5130 1598 5184 decet
1645 5133 1868 5199 patrem
1919 5144 2087 5184 sene«

2207 5123 2502 5197 τεθειμένα,
2533 5123 2608 5184 ὡς
2668 5121 2810 5183 εἰκὸς
2866 5124 3093 5186 ποιῆσαι
3149 5120 3376 5197 γέροντα
3428 5126 3679 5189 παππᾶν,
3712 5119 3842 5173 οὕτω

441 5224 702 5274 scentem
737 5235 750 5286 ;
785 5218 1134 5274 necessitate
1161 5233 1294 5273 vero
1326 5225 1582 5285 coactus,
1632 5218 1746 5272 tria
1794 5217 2091 5288 proposita

440 5307 631 5378 capita
663 5307 892 5375 metior,
926 5307 983 5362 in
1015 5310 1300 5376 quantum
1334 5307 1703 5376 profuturum
1738 5307 1816 5360 sit
1848 5323 1860 5361 :
1898 5305 2093 5360 multi-

439 5396 642 5468 loquia
673 5397 830 5450 enim
862 5401 920 5450 et
955 5397 1265 5450 verborum
1312 5395 1648 5450 resonantia
1695 5395 1804 5450 hoc
1855 5393 1914 5448 in
1967 5394 2091 5449 loco

440 5484 588 5540 nihil
624 5485 1013 5556 prosunt.Res
1044 5484 1204 5554 ipsas
1234 5484 1631 5555 dispositurus
1650 5499 1783 5539 sum
1810 5499 1912 5554 per
1939 5484 2091 5539 viam

439 5571 670 5626 facilem
701 5577 758 5627 et
788 5571 1318 5643 expeditam,atque
1348 5572 1432 5626 sic
1463 5572 1533 5626 ad
1570 5573 1743 5627 finem
1771 5576 2092 5627 conventus

440 5674 685 5730 pergam
714 5677 728 5726 ;
757 5659 994 5715 initium
1026 5675 1162 5715 vero
1193 5676 1428 5716 sumam
1459 5676 1490 5716 e
1521 5677 1718 5716 rerum
1753 5664 1981 5716 natura.

2201 5212 2562 5286 διακείμενον.
2623 5211 2874 5284 Χωρήσω
2932 5207 3022 5264 οὖν
3077 5209 3377 5285 ἀναγκαίως
3437 5207 3526 5264 διὰ
3561 5213 3669 5263 τῶν
3703 5206 3839 5262 ἐκτε-

2201 5303 2460 5376 Οειμὲνων
2507 5303 2670 5374 τριῶν
2721 5299 3056 5376 κεφαλαίων,
3108 5298 3184 5360 εἷς
3218 5300 3340 5354 ὅσον
3389 5299 3724 5372 σύμμετρον·
3752 5316 3840 5349 πο-

2201 5390 2436 5468 λυλογίᾳ
2463 5391 2562 5464 γὰρ
2618 5389 2942 5464 ἐγκροαίνειν
2999 5381 3316 5462 ἁϐρότερον,
3354 5386 3478 5443 οὕτε
3529 5385 3695 5456 ἔστιν,
3729 5381 3840 5437 οὔτε

2200 5476 2368 5552 ἔξεστι
2402 5497 2414 5510 ⁸
2474 5480 2565 5534 καὶ
2622 5477 2920 5552 ἀναμιγνὺς
2957 5476 3092 5532 αὐτᾶ
3131 5476 3229 5531 οὐκ
3277 5473 3560 5550 ἀμεθόδως
3598 5520 3611 5545 ,
3649 5473 3737 5528 καὶ
3774 5469 3839 5526 δι’

2200 5567 2466 5638 ἀλλήλων
2508 5564 2650 5642 ἄγων
2683 5610 2696 5636 ,
2751 5566 3129 5642 περαιώσομαι
3168 5566 3260 5620 τὸν
3304 5566 3508 5620 σκοπὸν
3548 5571 3646 5634 τῆς
3687 5560 3832 5616 συνά-

2201 5661 2352 5730 ξεως,
2393 5658 2715 5733 ἁρξαμενος,
2748 5657 2865 5711 ὅθεν
2893 5653 3192 5729 εὐλογητὸν
3219 5653 3502 5730 ἄρχεσθαι.
3751 5665 3766 5700 )
