4114 6200
61 85 661 180 -π-’θ
700 84 707 85 θ

178 393 277 456 681

1150 393 1230 454 ΙΝ
1274 394 1342 455 S.
1388 388 2069 465 QUADRAGESIMAM
2117 390 2405 453 ORATIO
2449 393 2557 455 IV.

3434 394 3556 456 682

238 530 295 589 ς’.
324 524 382 581 ὐ
422 522 571 591 Θεὸς,
605 523 632 576 ὁ
684 521 795 595 πρὸ
849 522 1063 578 αἰώνων
1115 524 1206 579 καὶ
1264 523 1395 600 ὑπὲρ
1446 522 1666 595 αἰῶνας,
1710 520 1794 577 ὅτι

1976 523 2031 578 6.
2066 524 2236 591 Deus,
2266 525 2366 597 qui
2396 529 2487 581 est
2527 529 2662 581 ante
2689 529 2749 581 et
2774 541 2951 598 super
2978 524 3179 581 omnia
3224 523 3458 592 saecula,
3490 539 3559 581 eo

176 612 253 669 καὶ
280 612 509 682 ποιητὴς
534 610 744 666 αἰώνων
778 610 863 685 (οὐ
901 613 964 667 τὸ
1012 610 1251 689 ἄναρχον
1309 612 1401 667 καῖ
1445 613 1795 688 προάναρχον

177 703 324 758 εἰπεῖν
356 701 446 774 μὲν
484 696 593 756 ἔστι
639 700 774 755 κατά
829 704 955 755 νοῦν
1016 701 1194 776 ὀρθὸν,
1225 701 1315 756 καὶ
1380 697 1797 777 βεϐαιώσασθαι,

175 792 251 847 καὶ
295 787 481 866 καρδίᾳ
525 789 617 845 καὶ
669 788 897 863 στόματι
929 788 1462 865 ἀνομολογήσασθαι,
1492 796 1684 860 νοῆσαι
1743 788 1801 843 δὲ

175 881 292 955 πρὸς
340 873 612 954 ἀκρίϐειαν
659 879 750 933 καὶ
798 874 1118 953 ἐμϐαθῦναι,
1153 877 1553 955 δυσμήχανον),
1584 879 1651 947 ἦν
1702 878 1797 952 μὲν

176 968 264 1039 ἀεὶ,
294 969 466 1044 ὥσπερ
495 968 590 1022 καὶ
637 964 749 1023 ἔστι
812 969 901 1023 καὶ
960 961 1145 1023 ἔσται’
1197 964 1320 1024 οὔτε
1376 965 1435 1023 δὲ
1486 972 1592 1023 τῶν
1651 988 1798 1028 τινος

174 1058 431 1132 ἡμετέρων
490 1054 674 1128 δέησιν
735 1050 864 1132 ἔσχε
919 1056 1073 1124 ποτὶ,
1107 1053 1231 1112 οὕτε
1279 1054 1549 1127 δεήσεται.
1578 1055 1645 1113 Εἰ
1695 1055 1800 1131 γὰρ

174 1144 347 1215 ἐδέετο,
378 1144 632 1216 ἐποίησεν
664 1142 725 1199 ἃν
756 1147 905 1218 ἡμᾶς
960 1143 1119 1222 ἐγγὺς
1165 1178 1231 1188 -
1282 1144 1647 1220 προαιωνίους
1705 1144 1799 1218 μὶν

177 1232 366 1301 οῧκουν,
396 1233 590 1290 ταύτὸν
625 1231 684 1289 δὶ
713 1235 895 1312 φάναι,
928 1232 1301 1305 συναιωνίους,
1335 1233 1484 1303 πλὴν
1524 1230 1652 1288 οὐδὲ
1704 1236 1802 1288 τοῦ

175 1323 382 1399 ἐσχάτου
422 1324 647 1393 αἰῶνος,
676 1320 823 1379 ἀλλά
869 1323 976 1398 πρὸ
1023 1320 1251 1378 πολλῶν
1302 1322 1536 1377 αἰώνων.
1571 1321 1801 1397 Ἀρκού-

178 1434 316 1486 μενος
344 1408 399 1467 δὲ
425 1415 494 1485 τῇ
525 1411 704 1483 οἰκείᾳ
741 1411 920 1483 ούσίᾳ,
953 1412 1041 1467 καὶ
1099 1412 1162 1466 τὸ
1221 1410 1593 1487 πληρέστατον
1650 1413 1801 1466 ἄπει-

174 1521 253 1573 ρον
279 1497 415 1576 ἔχων
448 1500 527 1564 εἰς
581 1498 846 1570 ἀνενδεὲς,
880 1500 970 1555 καὶ
1024 1497 1258 1574 μηδενὸς
1312 1500 1639 1573 λειπόμενος
1691 1504 1798 1554 τῶν

176 1592 259 1645 ὅσα
283 1593 367 1645 καί
421 1586 624 1665 ἔπρεπε
682 1593 816 1645 Θεοῦ
863 1588 1178 1664 ἀγαθότητι,
1210 1589 1301 1644 καὶ
1357 1594 1486 1644 πᾶσι
1528 1593 1804 1650 τοιοῦτοις

177 1677 560 1750 ὑπερπλουτῶν,
614 1677 835 1755 ὕστερον
883 1674 1063 1734 εἷ’λετο
1111 1679 1210 1747 τὴν
1257 1679 1527 1754 ἡμετέραν
1579 1678 1801 1747 πλάσιν,

178 1766 228 1822 ού
250 1764 312 1821 δι’
340 1767 547 1835 ἱαυτὸν,
581 1765 730 1823 ἀλλὰ
777 1764 846 1821 δι’
885 1768 1036 1839 ἡμᾶς
1080 1764 1412 1835 αύτοὺς,’ίνα
1462 1765 1604 1820 οὕτω
1655 1765 1803 1836 πλη-

179 1858 319 1963 θυνεῖ,
349 1856 420 1918 ὡς
469 1855 943 1969 εἷπεξν,’θεότητι,
990 1854 1390 1932 προστεθέντων
1432 1857 1593 1929 ἡμῶν
1649 1852 1803 1931 λόγῳ
1832 1903 1880 1969 Β

179 1942 345 2008 θέσεως
371 1949 447 2018 τῷ
475 1944 618 2001 κατά
644 1943 800 2023 φύσιν
833 1947 968 2016 Θεῷ.

240 2124 291 2190 ζ’.
322 2121 467 2178 Ἐπεὶ
525 2118 585 2176 δὶ
643 2123 680 2191 ἡ
741 2122 927 2197 μήτηρ
988 2127 1060 2197 γῆ
1119 2118 1400 2184 καθέλκειν
1460 2118 1536 2181 εἰς
1610 2119 1803 2189 ἑαυτήν

184 2210 302 2284 εἶχεν
370 2213 535 2283 ἡμᾶς,
596 2211 891 2272 ὀκνοῦντας
967 2211 1388 2288 ἀνωφορεῖσθαι,
1459 2210 1801 2285 προϋπεστή-

185 2317 290 2353 mo
314 2300 395 2354 καὶ
430 2298 680 2377 φύλακας
718 2301 855 2372 ἡμῖν
898 2298 1027 2363 τοὺς
1082 2299 1404 2372 ἀσωμάτους
1450 2299 1639 2373 ἁγίους
1695 2317 1803 2373 χο-

187 2383 311 2457 ροὺς,
356 2389 504 2462 φῶτα
559 2384 801 2448 ἐκείνους
859 2382 1099 2460 δεύτερα,
1157 2384 1492 2461 πυρσεύοντα
1546 2387 1682 2458 ἡμῖν
1739 2386 1802 2440 τὸ

186 2474 443 2545 σωτήριονο
473 2474 565 2529 καὶ
596 2473 897 2543 ἐπαύξοντα
946 2471 1016 2548 τῇ
1071 2478 1217 2551 σφῶν
1251 2472 1498 2545 διακονίᾳ
1523 2475 1623 2543 τήν
1656 2474 1803 2538 θείαν

187 2557 444 2636 ἔλλαμψιν,
475 2563 536 2617 οὗ
585 2564 758 2637 χάριν
804 2561 893 2617 καὶ
951 2563 1197 2638 ζώπυρον
1255 2564 1394 2634 ⁴ἡμῖν
1448 2561 1676 2631 ἐνέθετο,
1708 2583 1803 2617 πε-

188 2650 327 2722 φυκὸς
376 2650 651 2725 Πνεύματι
700 2650 831 2723 θείῳ
873 2650 1173 2727 ῥιπίζεσθαι
1204 2650 1293 2705 καὶ
1353 2651 1673 2714 ἀνάπτεσθαι
1726 2647 1805 2713 εἵς

187 2758 234 2792 τε
256 2739 310 2793 τὸ
336 2737 547 2812 λάμπον
580 2740 639 2795 ἐν
669 2738 883 2811 κόσμῳ,
914 2739 1004 2793 καὶ
1043 2738 1120 2800 εἰς
1167 2739 1231 2794 τὸ
1278 2739 1369 2794 καὶ
1430 2738 1642 2812 θύματα
1670 2743 1805 2794 Θεοῦ

190 2826 261 2880 καὶ
306 2828 453 2891 θύτας
508 2830 665 2902 ἡμᾶς
726 2826 920 2889 αὐτοὺς
976 2824 1284 2901 ἀποτελεῖν,
1333 2827 1422 2882 καὶ
1479 2828 1553 2891 ὡς
1615 2830 1807 2902 θυμιά-

196 2935 311 2985 ματα
336 2914 388 2971 δὲ
414 2917 829 2980 κατευθύνεσθαι
860 2915 936 2978 εἰς
968 2914 1150 2973 αὐτόν.

248 3023 307 3092 η’.
332 3023 468 3079 Ἐπεὶ
521 3022 581 3080 δὲ
624 3022 692 3078 τὸ
738 3021 1105 3095 ἀντικείμενον
1156 3025 1368 3096 πνεῦμα
1423 3020 1802 3097 ἐπιπωμάζον,

193 3110 263 3164 καὶ
291 3113 386 3185 μὴν
433 3114 521 3169 καὶ
566 3111 877 3181 ἀντιπνέον,
917 3111 1050 3167 ποτὶ
1110 3112 1204 3186 μὲν
1264 3110 1538 3188 μαραίνειν
1595 3112 1656 3168 τὸ
1706 3117 1806 3168 τοῦ

195 3200 314 3261 θείου
358 3203 521 3278 πυρὸς
581 3201 837 3278 ἐπειρᾶτο
897 3202 1133 3276 σπέρμα,
1193 3199 1283 3254 καὶ
1368 3199 1574 3280 ἀφιέναι
1630 3196 1805 3274 ’μηδὲ

195 3287 584 3367 ὑποσμύχεσθαι,
634 3290 766 3346 1101}.
823 3288 880 3345 δὲ
943 3289 1033 3345 καὶ
1090 3288 1309 3368 ἐξαφθὲν
1360 3290 1449 3345 καὶ
1504 3295 1803 3367 πυρσεῦσαν

196 3374 495 3451 ἀπεσϐέννυε,
556 3379 699 3457 βαρὺ
774 3379 1095 3447 καταπνέον,
1151 3378 1430 3434 κάντεῦθεν
1510 3379 1649 3455 χάος
1714 3379 1803 3434 καὶ

196 3460 350 3538 ἔρεϐος
401 3474 498 3524 τοῦ
545 3472 667 3525 κατ’
700 3465 982 3544 ἄνθρωπον
1044 3467 1255 3543 κόσμου
1285 3473 1684 3544 κατεκαυχᾶτο,
1715 3470 1803 3524 καὶ

199 3554 423 3621 σκότωσις
457 3558 650 3635 βαθεῖά
704 3579 763 3613 τε
803 3558 895 3613 καὶ
942 3562 1146 3633 παχεῖα
1197 3556 1297 3628 ὅση
1356 3556 1804 3633 ἐπαρρησιάζετο-

198 3648 355 3716 πρῶτα
402 3649 491 3720 μὲν
559 3647 616 3719 ἐξ
679 3646 910 3722 ἀνάγκης
964 3647 1028 3701 τὸ
1080 3645 1410 3720 ἀπαύγασμα
1463 3650 1560 3700 τοῦ
1606 3646 1809 3721 πατρὸς

200 3736 284 3786 τῶν
331 3737 595 3810 φώτων,ὁ
644 3742 745 3806 τῆς
796 3734 1140 3807 δικαιοσύνης
1195 3731 1358 3805 ἥλιος
1417 3734 1492 3797 εἰς
1550 3742 1651 3812 γῆν
1711 3734 1815 3790 ἐνε-

202 3821 341 3895 χθεὶς,
367 3825 451 3880 καὶ
506 3824 788 3902 ἀστραπὰς
843 3824 1151 3896 πληθύνας,
1204 3824 1295 3879 καὶ
1348 3823 1670 3899 συνταράξας
1717 3824 1811 3879 τὸν

204 3906 405 3987 ἄρχοντα
449 3920 544 3970 τοῦ
606 3916 731 3970 καθ’
759 3915 918 3988 ἡμῶν
971 3913 1167 3980 κακοῦ,
1195 3913 1392 3969 ἐκεῖνον
1452 3914 1545 3987 μὲν
1598 3914 1674 3974 ὠς
1712 3913 1813 3981 τήν

201 4002 279 4051 τοῦ
327 4000 595 4081 ἱωσφόρου
654 4004 745 4058 καὶ
802 4001 999 4072 κλῆσιν
1059 4001 1150 4056 καὶ
1224 4002 1414 4076 πρᾶξιν
1475 4000 1811 4075 ἀποθέμενον

204 4082 549 4164 ἀπεκλήρωσεν
597 4092 681 4154 οἷς
712 4091 907 4168 ἐχρῆν,
938 4092 1002 4145 τὸ
1059 4090 1231 4166 βίαιον
1273 4089 1478 4146 ἐκείνου
1526 4089 1816 4167 ἀπαγαγὼν

207 4172 246 4245 ἒξ
291 4179 433 4250 ἡμῶν
481 4186 590 4237 τῶν
649 4179 893 4255 λογικῶν
948 4178 1025 4244 εἰς
1054 4183 1337 4247 τοσοῦτον,
1369 4179 1443 4243 ὡς
1494 4181 1570 4252 μὴ
1618 4178 1700 4234 ὅτι
1755 4200 1817 4253 γε

214 4263 324 4348 ἡμῖν
380 4268 451 4341 μὴ
507 4267 648 4325 ἔχειν
700 4268 1036 4348 ἐπιφύεσθαι,
1068 4266 1214 4323 ἀλλά
1274 4264 1414 4340 μηδὲ
1443 4268 1661 4343 χοίροις
1687 4272 1816 4344 γοῦν

209 4347 518 4425 ἱπεμπίπτειν
549 4357 643 4414 καὶ
677 4358 753 4421 εἰς
786 4353 1009 4432 ὄλεθρον
1039 4354 1168 4433 δίχα
1195 4377 1255 4431 γε
1278 4354 1601 4418 κελεύσεως.

268 4460 320 4522 θ’.
345 4462 483 4519 Ἐπεὶ
514 4463 571 4521 δὶ
601 4463 884 4541 μοχθηρία
914 4467 949 4533 ἡ
990 4462 1126 4519 κατὰ
1163 4462 1501 4539 προαίρεσιν,
1533 4465 1602 4532 ἧς
1652 4464 1815 4537 ἡμεῖς

212 4544 446 4624 ἐλάχομεν
495 4555 629 4610 εἶναι
686 4552 893 4630 κύριοι,
942 4552 1119 4627 ὥσπερ
1177 4551 1379 4607 ἐκεῖνον
1432 4553 1522 4607 τὸν
1581 4552 1820 4628 πονηρὸν

210 4634 281 4687 τὸν
326 4644 573 4716 Σατανᾶν,
622 4642 765 4697 οὕτω
816 4641 906 4697 καὶ
957 4644 1105 4715 ἡμᾶς
1166 4641 1267 4695 οάκ
1320 4640 1487 4710 ἀνῆκε
1545 4640 1679 4715 μετά
1722 4629 1899 4711 τήνῙ)

212 4727 288 4807 τοῦ
333 4733 578 4807 Σωτῆρος
627 4731 919 4806 ἀνάληψιν,
982 4730 1298 4785 ἀνασείουσα
1355 4729 1431 4791 εἰς
1489 4730 1821 4785 ἀποστατικᾶ

215 4806 336 4888 ἔργα,
365 4813 430 4872 δι’
459 4806 530 4875 ὧν
580 4823 609 4877 ὁ
657 4815 1037 4895 παμϐασιλεὺς
1095 4819 1225 4882 Θεὸς
1271 4818 1680 4895 παροργίζεται,
1727 4840 1823 4889 τη-

217 4909 404 4962 νικαῦτα
455 4912 569 4967 ὅσοι
628 4914 944 4991 φρονήσεως
994 4910 1051 4965 εὗ
1118 4906 1366 4985 εἴχομεν,
1399 4910 1639 4987 αἴροντες
1694 4909 1821 4972 τοὺς

219 4990 347 5061 ἡμῶν
389 4990 697 5075 ὀφθαλμοῦς
754 5000 830 5064 εἰς
888 4996 1015 5075 ὅρος
1071 4998 1242 5055 ἐκεῖνο
1289 4999 1351 5054 τὸ
1407 5000 1650 5077 ὕφιστον,
1706 4998 1825 5064 ὅθεν

220 5077 329 5151 ἡμῖν
376 5085 483 5157 ἥξει
528 5091 771 5166 βοήθεια,
812 5086 1268 5165 προεκαλούμεθα
1324 5088 1461 5144 κατά
1499 5093 1596 5143 τοῦ
1654 5110 1828 5144 κατω-

220 5166 335 5252 τέρω
359 5176 439 5229 καὶ
468 5176 524 5233 ἐκ
552 5177 820 5237 πεδιάδων
855 5177 1130 5252 πολεμίου
1185 5177 1276 5233 τὸν
1329 5178 1389 5233 ἐκ
1433 5180 1532 5243 τῆς
1568 5178 1826 5233 ἀνωτάτω

223 5251 535 5344 ἀκροπόλεως
579 5271 739 5342 ἡμῶν
787 5251 1256 5344 ἀρχιστράτηγον.
1297 5268 1358 5324 Ὁ
1391 5264 1449 5322 δὲ
1504 5267 1595 5322 καὶ
1654 5264 1828 5329 ἄλλας

226 5343 303 5431 μὶν
333 5346 625 5430 ἐπικουρίας
670 5343 1092 5431 ἐξεστειλεν,ὧν
1151 5343 1253 5410 οὐκ
1309 5352 1369 5409 ἂν
1429 5350 1677 5427 αἴσθησις
1736 5356 1827 5409 ἀν-

225 5430 504 5496 τιλάϐοιτο·
560 5444 609 5500 ἐν
667 5430 725 5503 δὲ
789 5446 1017 5507 ἐκείναις
1075 5444 1165 5499 καὶ
1233 5445 1329 5508 τὰς
1381 5445 1528 5520 ἱερὰς
1579 5442 1830 5521 διφθέρας

229 5523 477 5601 παρέδοτο,
508 5530 575 5589 δι’
624 5534 697 5592 ὧν
757 5537 854 5592 ὅσα
906 5534 998 5591 καὶ
1050 5531 1289 5589 ἀσπίδων
1351 5532 1679 5611 στερεμνίων
1736 5534 1830 5596 τὰς

229 5614 306 5664 τοῦ
330 5616 579 5692 πολεμίου
622 5624 788 5702 βολὰς
838 5622 1309 5698 ἀποκρουσόμεθα.
1344 5625 1517 5701 Ἔφθη
1571 5623 1671 5700 γὰρ
1730 5623 1830 5679 αὐ·

231 5705 327 5765 ταῖς
374 5716 789 5792 προσεπιγράψαι
835 5715 899 5771 τὸ
947 5713 1139 5769 ἑαυτοῦ
1180 5708 1351 5786 ὄνομα
1404 5712 1480 5776 εἰς
1537 5712 1828 5788 ἐπίσημον,

513 5842 766 5905 Ρετιιοι..
815 5843 924 5905 Gn.
971 5838 1268 5905 CXXXV.

1909 612 2066 683 quod
2099 612 2232 667 fecit
2280 617 2337 669 et
2385 612 2619 681 saecula,
2651 614 2874 685 absque
2921 612 3088 669 initio
3139 616 3274 669 ante
3320 612 3558 669 initium

1908 700 2215 769 dicendus,
2260 707 2454 758 mente
2498 707 2658 758 recta
2702 701 3141 773 concipiendas,
3172 702 3344 758 corde
3373 706 3430 758 et
3462 718 3561 759 ore

1910 805 2057 860 puro
2118 790 2583 862 henedicendus,
2640 790 2940 847 intellectu
3000 794 3198 847 autem
3256 790 3559 862 adaequate

1909 878 2327 949 comprehendi
2358 879 2593 951 nequit;
2626 880 2752 952 ipse
2789 883 2915 935 erat
2964 895 3196 951 semper
3242 878 3416 935 sicuti
3448 883 3560 945 est,

1911 970 2089 1037 atque
2136 967 2268 1035 erit,
2302 983 2406 1023 nec
2454 966 2635 1024 ullam
2685 968 2867 1023 nostri
2914 966 3300 1040 indigentiam
3348 967 3561 1023 habuit

1908 1071 2100 1126 neque
2128 1055 2388 1112 habebit.
2412 1057 2638 1112 Etenim
2674 1056 2723 1112 si
2754 1072 2930 1128 quam
2962 1055 3267 1113 habuisset
3295 1055 3564 1129 indigen-

1910 1144 2077 1209 tiam,
2111 1145 2509 1218 nosmetipsos
2549 1146 2915 1201 efformasset
2956 1145 3218 1217 propius,
3252 1162 3367 1201 non
3428 1149 3563 1202 ante

1911 1232 2143 1300 saecula,
2169 1234 2271 1289 sed
2302 1250 2438 1289 cum
2468 1234 2729 1301 saeculis;
2762 1233 3018 1306 profecto
3049 1250 3165 1289 non
3193 1234 3424 1290 fecisset
3453 1250 3563 1291 nos

1911 1320 2118 1376 ultimo
2161 1322 2395 1390 saaculo,
2427 1324 2528 1379 sed
2576 1322 2780 1378 multis
2827 1328 2998 1377 antea
3038 1320 3288 1377 saculis.
3321 1321 3565 1393 Propria

1912 1410 2248 1466 substantia
2290 1410 2403 1466 sibi
2449 1410 2688 1477 sufficit,
2721 1410 3068 1466 thesaurum
3100 1410 3159 1464 in
3192 1426 3255 1465 se
3302 1409 3566 1482 possidet

1911 1498 2206 1553 infinitum
2250 1504 2425 1571 atque
2473 1499 2911 1570 inexhaustum,
2944 1498 3108 1554 nulla
3138 1514 3199 1553 re
3229 1502 3390 1554 caret
3436 1513 3563 1569 qua

1912 1587 2122 1642 divinae
2180 1588 2534 1644 conveniunt
2590 1588 2860 1656 bonitati,
2908 1592 2967 1644 et
3022 1587 3299 1643 omnibus
3357 1604 3564 1660 super-

1913 1675 2175 1731 abundat
2241 1677 2500 1744 divitiis;
2552 1676 2847 1749 posterius
2912 1680 3175 1732 nostram
3238 1675 3569 1748 assumpsit

1912 1765 2183 1831 formam,
2238 1780 2354 1820 non
2411 1768 2649 1837 propter
2705 1763 3114 1836 semetipsum,
3167 1764 3270 1819 sed
3328 1767 3569 1835 propter

1914 1871 2042 1922 nos,
2075 1858 2139 1909 ut
2171 1871 2278 1911 nos
2320 1854 2753 1926 quodammodo
2783 1871 2893 1909 sua
2932 1852 3208 1926 impleret
3236 1852 3567 1924 divinitate,

1913 1959 2047 1998 eum
2100 1960 2209 1999 nos
2257 1943 2568 2016 adoptione
2625 1942 2711 1998 illi
2769 1942 3159 2014 conjunxerit,
3195 1942 3296 2015 qui
3355 1946 3569 1999 natura

1911 2032 2066 2088 Deus
2095 2036 2205 2088 est.

1977 2122 2036 2175 7.
2072 2126 2220 2176 Dum
2251 2120 2576 2193 possideret
2600 2124 2657 2176 et
2687 2119 3009 2177 attraheret
3046 2122 3236 2176 mater
3264 2126 3418 2176 terra
3454 2119 3567 2175 ho-

1913 2210 2125 2279 mines,
2150 2210 2247 2282 qui
2282 2210 2519 2282 segnius
2552 2210 2621 2264 ad
2655 2208 2866 2265 cmlum
2893 2209 3234 2277 tendebant,
3262 2208 3567 2282 proposuit

1913 2300 2083 2355 nobis
2118 2300 2268 2355 Deus
2311 2299 2606 2365 custodes,
2638 2298 2905 2354 videlicet
2946 2298 3424 2370 incorporearum
3457 2314 3560 2353 an-

1913 2389 2173 2461 gelorum
2204 2387 2435 2453 choros,
2462 2391 2525 2443 ut
2556 2386 2870 2443 luminaria
2897 2386 2999 2443 illa
3028 2386 3376 2443 secundaria
3403 2386 3557 2443 viam

1912 2477 2123 2533 salutis
2152 2476 2555 2533 illuminarent
2593 2480 2650 2532 et
2687 2476 2920 2532 servitio
2951 2492 3058 2532 suo
3089 2476 3355 2531 divinum
3386 2492 3560 2547 auge-

1914 2570 2043 2621 rent
2091 2566 2399 2638 fulgorem.
2432 2565 2612 2620 Nobis
2660 2564 2884 2620 inditus
2933 2569 3023 2620 est
3069 2563 3225 2635 ignis
3254 2564 3421 2621 vivus
3460 2564 3565 2636 qui

1914 2659 2124 2710 natura
2155 2671 2263 2710 sua
2301 2654 2539 2709 accendi
2590 2657 2783 2726 potest
2809 2656 2867 2709 et
2895 2651 3248 2709 inﬂammari
3301 2652 3372 2707 ad
3423 2652 3565 2709 illu-

1914 2742 2299 2798 minationem
2326 2742 2549 2813 mundi,
2582 2741 2683 2814 qui
2714 2758 2822 2797 nos
2851 2742 3129 2815 perﬁcere
3175 2744 3369 2814 potest
3395 2742 3568 2798 victi-

1916 2848 2045 2887 mas
2075 2831 2305 2886 divinas
2350 2834 2526 2902 atque
2556 2830 3003 2899 sacrificatores,
3034 2835 3092 2886 et
3116 2829 3367 2904 dirigere
3415 2830 3571 2887 sicut

1916 2922 2222 2977 incensum
2254 2920 2315 2976 in
2351 2920 2446 2976 Dei
2476 2920 2781 2977 honorem.

1985 3028 2040 3084 8.
2072 3026 2323 3099 Spiritus
2353 3030 2551 3083 autem
2583 3026 2955 3083 adversarius
3000 3026 3156 3083 hunc
3202 3026 3399 3100 ignem
3446 3027 3572 3084 vult

1916 3116 2339 3189 comprimere;
2373 3116 2546 3173 modo
2577 3115 2779 3172 sufﬂat
2808 3132 2839 3171 e
2870 3115 3179 3172 contrariis
3228 3119 3293 3172 ut
3339 3116 3569 3172 scintil-

1915 3203 2004 3260 las
2049 3205 2297 3261 ﬂammas
2330 3204 2536 3260 divinae
2586 3205 2907 3277 dispergat,
2939 3204 3113 3261 modo
3161 3205 3400 3262 accendi
3450 3222 3569 3263 non

1918 3293 2093 3363 sinit;
2128 3294 2222 3350 hic
2254 3296 2615 3350 cremantem
2664 3297 2723 3349 et
2768 3292 3202 3349 illuminantem
3250 3293 3571 3367 exstinguit
3680 3320 3683 3323 ·

1917 3384 2135 3456 ignem,
2169 3383 2346 3455 spirat
2388 3383 2546 3439 enim
2589 3382 2965 3438 vehementer
3011 3398 3042 3437 e
3089 3382 3213 3439 loco
3242 3383 3301 3438 in
3334 3399 3449 3454 quo
3479 3386 3572 3441 est

1919 3472 2093 3527 chaos
2123 3476 2181 3527 et
2209 3476 2467 3528 tartarus
2498 3474 2701 3527 contra
2738 3471 3026 3527 mundum
3061 3472 3444 3544 superiorem,
3469 3472 3570 3529 ubi

1921 3560 2221 3632 profundae
2279 3559 2559 3632 caligines
2614 3564 2670 3615 et
2725 3559 3008 3633 frigorum
3069 3558 3244 3633 rigor.
3289 3559 3574 3633 Splendor

1919 3666 2053 3706 vero
2085 3647 2274 3704 Patris
2302 3647 2620 3716 luminum,
2655 3647 2740 3703 sol
2774 3647 3281 3720 scilicetjustitia,
3315 3649 3413 3704 ubi
3449 3650 3575 3723 pri-

1922 3754 2087 3793 mum
2147 3738 2422 3810 apparuit
2483 3736 2543 3791 in
2605 3736 2798 3804 terris,
2832 3740 2887 3792 et
2933 3736 3128 3792 radios
3160 3753 3300 3793 suos
3354 3738 3573 3811 emisit,

1924 3826 2124 3883 statim
2158 3826 2527 3881 conturbavit
2568 3829 2863 3881 auctorem
2917 3824 3278 3883 infelicitatis
3327 3832 3575 3898 nostra;

1925 3915 2097 3971 sicuti
2146 3914 2311 3988 prius
2361 3913 2720 3984 Luciferum,
2760 3913 2998 3969 nomine
3046 3919 3101 3969 et
3150 3914 3361 3972 virtute
3405 3932 3578 3973 voca-

1924 4009 2073 4070 tum,
2120 4002 2422 4076 expulerat
2470 4006 2529 4059 et
2584 4002 3043 4075 proprietatibus
3091 4003 3465 4074 despoliarat,
3497 4005 3581 4064 ita

1925 4092 2244 4148 violentum
2277 4091 2551 4161 spiritum
2586 4108 2620 4145 a
2644 4090 2813 4146 nobis
2837 4091 3222 4148 rationalibus
3252 4093 3310 4148 in
3341 4097 3577 4152 tantum

1926 4181 2187 4249 abduxit,
2222 4184 2286 4235 ut
2316 4196 2424 4235 nos
2473 4180 2823 4236 immundus
2872 4182 3143 4238 invadere
3190 4199 3305 4238 non
3355 4190 3576 4257 posset,

1928 4271 2027 4327 sed
2062 4286 2134 4326 ne
2172 4270 2230 4325 in
2282 4286 2489 4342 porcos
2538 4269 2779 4343 quidem
2833 4271 2905 4326 ad
2962 4269 3198 4327 illorum
3256 4274 3577 4344 perniciem

1927 4359 2179 4416 transire
2208 4357 2335 4414 sine
2358 4360 2557 4430 jussu.

1996 4467 2049 4521 9.
2085 4469 2192 4521 Ast
2222 4465 2323 4521 ubi
2346 4465 2675 4523 voluntaria
2706 4464 3078 4539 perversitas,
3098 4481 3277 4538 quam
3308 4469 3579 4543 subigere

1930 4559 2197 4613 nostrum
2231 4558 2374 4621 erat,
2395 4555 2548 4611 sicut
2582 4558 2859 4610 Satanam
2892 4553 3028 4610 olim
3072 4554 3154 4611 ita
3183 4572 3290 4612 nos
3322 4559 3394 4614 ad
3426 4559 3583 4617 mala

1932 4661 2109 4717 opera
2161 4645 2251 4700 vel
2310 4648 2442 4716 post
2498 4647 2899 4717 recuperatam
2959 4643 3205 4699 salutem
3275 4648 3581 4721 protrusit,

1931 4734 2146 4806 quibus
2178 4733 2297 4791 Rex
2329 4749 2571 4806 regnum
2610 4738 2760 4789 Deus
2789 4731 3078 4801 irritatur,
3110 4736 3272 4806 tunc,
3296 4740 3584 4810 quotquot

1933 4840 2046 4879 non
2095 4822 2266 4894 plane
2321 4826 2516 4878 mente
2572 4822 2727 4894 capti
2784 4837 3041 4891 eramus,
3075 4821 3321 4881 sublalis
3375 4843 3580 4885 versus

1932 4917 2215 4978 montem,
2248 4911 2403 4966 unde
2456 4909 2615 4966 salus
2664 4913 2867 4966 nostra
2895 4909 3105 4978 veniet,
3135 4911 3346 4985 oculis,
3375 4922 3582 4976 contra

1933 5001 2234 5056 inimicum
2278 5004 2612 5057 terrestrem
2659 5004 2716 5056 et
2756 4999 3073 5071 abjectum,
3108 5016 3138 5057 e
3168 5018 3405 5062 summa
3450 5024 3582 5064 arce

1935 5090 2140 5146 ducem
2188 5089 2246 5144 in
2299 5088 2585 5145 auxilium
2628 5088 3075 5161 appellavimus.
3109 5091 3216 5157 Qui
3265 5108 3400 5150 cum
3448 5095 3583 5153 aliis

1935 5178 2270 5235 caelestibus
2318 5177 2701 5235 auxiliaribus
2748 5177 2985 5233 advenit
3030 5182 3087 5233 et
3136 5179 3333 5239 Libros
3382 5200 3583 5242 sacros

1935 5267 2197 5335 tradidit,
2229 5269 2441 5340 quibus
2472 5271 2537 5323 ut
2565 5269 2750 5324 scutis
2798 5267 3045 5324 fortibus
3075 5268 3191 5337 usi,
3223 5270 3294 5326 ab
3324 5272 3586 5332 hostium

1938 5356 2169 5423 sagittis
2188 5374 2293 5413 nos
2312 5358 2624 5414 defendere
2647 5371 2985 5429 possumus.
3001 5356 3081 5413 Iis
3099 5374 3353 5433 namque
3373 5378 3587 5422 nomen

1939 5462 2114 5501 suum
2148 5448 2302 5519 quod
2337 5447 2408 5503 ab
2439 5444 2790 5503 adversariis
2822 5444 2979 5501 cerni
3020 5453 3239 5519 posset,
3261 5450 3331 5506 ad
3364 5456 3587 5511 metum

1940 5534 2314 5592 inferendum
2372 5534 2706 5607 insculpsit,
2745 5533 2960 5590 additis
3008 5535 3252 5611 insuper
3301 5541 3592 5601 mandatis

1942 5623 2399 5696 divinis,quibus
2420 5624 2679 5696 prolatis,
2695 5639 2840 5695 gens
2859 5625 3076 5695 perfida
3096 5628 3319 5684 utservi
3337 5646 3591 5703 nequam

1943 5717 2002 5769 et
2056 5714 2197 5770 mali
2256 5716 2552 5771 daemones
2605 5713 2884 5786 aufugero
2942 5723 3389 5778 consueverunt.
3445 5722 3595 5780 Sunt

3192 5846 3272 5907 22
