4114 6200
434 383 555 445 683
1204 383 1627 447 EUSTATHII
1669 383 2437 446 TBESSALONICENSlS
2485 382 3074 447 METROPOLITE
3741 386 3857 448 684

440 522 636 576 autem
670 515 774 573 illa
813 516 1209 590 apostolorum
1243 524 1701 588 ceterorumque
1741 514 2083 571 nuntiorum

2214 514 2270 575 ὗς
2305 512 2597 589 βλέπεσθαι
2637 517 2758 575 τοῖς
2813 514 3056 590 ἐχθροῖς,
3113 514 3203 569 καὶ
3263 514 3463 593 φρίκην
3513 515 3703 579 αὐτοῖς
3761 517 3852 590 ἐμ-

442 606 655 680 spiritu
688 605 883 661 divino
913 605 1247 660 inﬂatorum
1281 610 1586 676 praecepta,
1622 603 1838 676 quibus
1869 605 2090 660 auditis

2214 607 2373 657 ποιεῖν
2409 623 2421 637 ·
2483 604 2923 677 προσεπιγράψαι
2985 600 3044 658 δὶ
3095 604 3189 659 καὶ
3241 606 3358 659 θεῖα
3435 608 3851 681 προστάγματα,

440 697 541 753 Dei
575 693 795 750 milites
844 693 1086 749 animati
1117 693 1413 747 daemones
1443 693 1629 747 adorti
1680 693 1919 761 feriunt,
1952 710 2089 765 pro-

2214 692 2271 745 ὒν
2300 690 2706 765 ἐξακουομένων
2736 693 2786 745 οἱ
2817 692 3115 747 ἀποστάται
3167 692 3325 748 κακοὶ
3373 690 3569 749 δοῦλοι
3599 692 3855 768 δαίμονες

443 783 704 858 pellunt,
761 780 1096 837 istiusmodi
1166 780 1350 836 armis
1406 781 1675 837 cominus
1734 798 1801 837 ac
1857 782 2091 837 eminus

2214 778 2606 854 Βραπετεύουσι.
2665 780 2746 837 Τὰ
2799 777 2858 835 δέ
2925 780 3060 835 εἰσιν
3120 782 3174 835 αἱ
3228 786 3336 837 τῶν
3389 782 3715 839 ἀποστόλων
3768 785 3855 839 καὶ

443 876 698 929 utentes.
2197 872 2304 923 τῶν
2361 865 2548 930 ἄλλως
2584 865 2641 922 δὲ
2681 867 2934 940 κηρύκων
2968 869 3029 924 ἐκ
3068 870 3212 933 θείας
3271 869 3551 933 ἐπιπνοίας
3604 868 3859 927 διδασκα-

440 957 678 1027 λίαι,ὦν
736 956 1119 1031 ἐξηχουμὲνων
1176 955 1530 1032 θαῤῥύνονται
1591 957 1644 1011 οἱ
1691 955 1789 1012 τοῦ
1847 961 1980 1013 Θεοῦ
2019 953 2263 1024 ὁπλῖται,
2290 956 2381 1011 καὶ
2428 962 2546 1018 τοῖς
2598 954 2905 1029 δαιμονίοις
2958 955 3463 1031 ἐπεμπηδῶσι,καί
3518 957 3857 1031 πλήττουσι,

442 1048 531 1102 καὶ
567 1046 835 1123 ῥίπτουσι,
868 1046 1148 1122 χρώμενοι
1183 1051 1301 1107 τοῖς
1330 1045 1496 1100 αὐτοῦ
1528 1045 1590 1100 οὐ
1625 1046 1787 1120 μόνον
1822 1044 2060 1101 ἀσπίδων
2096 1044 2273 1113 δίκην,
2299 1045 2448 1101 ἀλλὰ
2474 1049 2565 1100 καί
2596 1046 2775 1100 ὅπλου
2804 1046 3023 1110 παντός.

518 1157 605 1211 10.
637 1155 696 1211 Si
727 1154 904 1226 igitur
931 1153 1055 1209 haec
1084 1154 1167 1209 ita
1203 1171 1265 1209 se
1311 1153 1529 1209 habent
1557 1160 1639 1225 (ut
1667 1171 1800 1211 vere
1831 1152 2093 1226 habent),

443 1244 610 1300 vobis
641 1243 739 1299 Dei
773 1242 1063 1299 militibus
1105 1248 1309 1298 auctor
1352 1259 1486 1298 sum
1537 1250 1598 1298 ut
1644 1260 1713 1299 ex
1760 1244 1871 1299 isto
1898 1260 2090 1299 arma-

446 1332 778 1401 mentario,
836 1331 1158 1404 Scripturis
1223 1332 1405 1387 sacris
1463 1332 1626 1399 dico,
1687 1348 1754 1387 ea
1811 1333 2097 1405 promatis

447 1437 609 1478 arma
644 1436 771 1492 quae
801 1419 1154 1491 cognitionis
1184 1419 1578 1476 instrumenta
1597 1425 1757 1488 sunt,
1778 1421 1993 1493 quibus
2024 1421 2095 1477 ad

445 1514 701 1566 vestram
732 1508 1162 1564 institutionem
1199 1509 1287 1564 usi
1327 1509 1489 1576 estis,
1522 1514 1579 1564 et
1609 1526 1861 1581 quorum
1894 1526 2001 1582 ope
2030 1527 2100 1566 ex

446 1597 722 1654 hostibus
750 1596 1059 1652 hominum
1082 1596 1352 1652 osor-ibus
1382 1613 1535 1669 saepe
1556 1597 1771 1669 saepius
1798 1598 2097 1655 victoriam

450 1687 820 1759 reportastis.
854 1686 965 1742 Sed
999 1687 1126 1757 jam
1177 1686 1322 1742 satis
1353 1686 1462 1742 hac
1505 1688 1575 1743 de
1624 1704 1685 1743 re
1734 1687 1954 1743 dictum
1988 1693 2097 1743 est.

451 1780 643 1832 Sacrae
691 1774 847 1831 enim
905 1775 1128 1848 paginae
1175 1792 1276 1830 vos
1334 1775 1660 1832 edocebunt
1697 1780 1755 1832 et
1795 1776 2100 1832 certamini

455 1865 754 1934 favebunt,
787 1881 903 1937 quo
952 1864 1210 1921 stadium
1264 1864 1527 1937 spiritale
1571 1864 1819 1922 victores
1865 1882 2102 1939 percur-

458 1953 622 2011 retis.

532 2132 620 2188 11.
652 2131 748 2188 Sic
802 2131 982 2203 igitur
1027 2132 1099 2187 ad
1148 2147 1396 2204 magnos
1450 2131 1589 2188 belli
1645 2133 1825 2187 duces
1881 2132 2106 2206 ablego,

457 2237 712 2295 quorum
759 2218 971 2275 militia
1000 2219 1325 2292 spiritualis
1373 2224 1429 2275 et
1475 2219 1555 2276 rei
1609 2219 1823 2276 bellicae
1872 2237 2109 2276 summa

456 2311 685 2383 peritia.
711 2325 961 2382 quorum
994 2309 1147 2364 tubaa
1174 2325 1376 2365 muros
1406 2308 1744 2382 projiciunt,
1769 2326 1917 2382 quos
1946 2308 2110 2364 mali-

450 2399 693 2473 gnitatis
723 2397 1024 2455 architecti
1059 2415 1161 2470 per
1185 2415 1293 2453 nos
1313 2403 1743 2467 exstruxerunt,
1764 2405 2109 2470 cooperante

445 2489 681 2545 malitia:
712 2489 948 2544 doctore
969 2492 1166 2544 autem
1199 2487 1257 2542 in
1283 2486 1538 2542 nihilum
1562 2488 2105 2559 redegerunt.Quod

447 2579 496 2635 si
527 2578 741 2633 horum
783 2576 1039 2648 inopiam
1093 2593 1208 2631 non
1254 2574 1506 2643 habetis,
1543 2580 1803 2631 attamen
1851 2575 1911 2630 in
1961 2594 2104 2648 prae-

448 2667 600 2724 senti
624 2682 818 2723 rerum
842 2664 1104 2721 discrimi
1115 2681 1184 2720 ne
1208 2664 1384 2719 aliam
1412 2665 1700 2736 capessite
1718 2668 2103 2720 armaturam.

448 2756 535 2812 Ad
568 2772 675 2812 nos
706 2754 963 2811 accedite
992 2758 1057 2809 ut
1088 2770 1387 2809 armorum
1422 2753 1757 2825 fabros,qui
1787 2753 2001 2824 quibus
2032 2754 2104 2810 ad

451 2847 564 2902 hoc
613 2848 909 2901 certamen
967 2860 1116 2915 opus
1173 2843 1425 2909 habetis,
1453 2842 1619 2897 vobis
1675 2842 2103 2914 impertiamus.

452 2934 740 3007 Equidem
772 2931 918 2988 nihil
950 2933 1254 3001 recusabo,
1286 2931 1405 2986 imo
1435 2934 1718 3002 quantum
1751 2947 2016 3002 possum,
2046 2931 2107 2987 id

456 3022 708 3079 monebo
739 3037 813 3077 ne
859 3021 931 3077 ad
976 3024 1296 3093 apparatus
1327 3018 1608 3092 pristinos
1636 3036 1739 3075 vos
1769 3019 2104 3091 accingatis.

455 3111 562 3168 Ubi
592 3111 751 3167 enim
781 3110 1113 3166 linothorax
1142 3108 1409 3182 clypeum
1450 3107 1646 3164 induit
1676 3112 1734 3165 et
1764 3108 1940 3182 gladii
1972 3109 2106 3166 hor-

451 3201 618 3258 rendi
661 3200 788 3257 loco
820 3200 1037 3255 framea
1071 3215 1133 3256 se
1162 3198 1430 3266 accinxit,
1464 3202 1619 3253 certe
1646 3214 1679 3253 a
1707 3197 2100 3270 cataphractis

2277 1154 2327 1211 ι’.
2360 1152 2421 1209 Εἰ
2449 1151 2630 1208 τοίνυν
2660 1153 2811 1217 ταῦθ’
2851 1151 3023 1215 οὕτως
3070 1149 3188 1229 ἔχει
3232 1152 3468 1228 (πάντως
3525 1153 3586 1210 δὲ
3639 1154 3740 1211 οὐκ
3798 1155 3858 1212 ἂν

2203 1239 2435 1316 ἄλλως),
2471 1239 2830 1315 ἐπιτέλλομαι
2885 1243 3012 1316 ὑμῖν
3061 1248 3179 1305 τοῖς
3235 1247 3334 1298 τοῦ
3385 1249 3520 1299 Θεοῦ
3580 1244 3860 1317 ὁπλίταις,

2205 1331 2282 1393 εἷς
2329 1331 2390 1385 τὸ
2419 1335 2666 1386 τοιοῦτον
2723 1333 3019 1408 θωρακεῖον
3070 1330 3319 1407 δραμεῖν,
3355 1333 3443 1388 καὶ
3503 1334 3862 1407 ἀναλέξασθαι

2203 1421 2271 1474 τὰ
2323 1421 2609 1499 πρόσφορα
2665 1418 2812 1475 ὅπλα
2864 1420 2933 1475 τὰ
2989 1420 3048 1475 ἐκ
3100 1425 3207 1475 τῶν
3290 1422 3447 1487 θείων
3508 1425 3765 1503 Γραφῶν,
3808 1427 3862 1480 αἳ

2205 1509 2517 1582 πρόκεινται
2578 1508 2653 1572 εἷς
2708 1508 3027 1585 ἀνάγνωσιν,
3059 1508 3121 1573 ’ἀς
3179 1504 3356 1586 ἔχετε,
3403 1508 3479 1565 ὧν
3535 1513 3865 1588 πεπείρασθε

2208 1596 2283 1659 εἷς
2335 1596 2665 1670 ἐπιστήμην,
2712 1600 2797 1660 αῖς
2854 1596 3128 1661 πολλάκις
3182 1600 3555 1675 περιεγένεσθε
3611 1607 3722 1656 τῶν
3769 1624 3860 1676 μι-

2209 1684 2543 1762 σανθρώπων
2603 1686 2956 1763 ἀντιμάχωνο
3017 1687 3107 1742 καὶ
3172 1686 3345 1751 οὕτως
3404 1687 3640 1763 ἐμαυτὸν
3688 1691 3866 1748 ἀπαλ-

2210 1774 2393 1830 λάττω
2422 1779 2518 1829 τοῦ
2548 1772 2724 1829 πλείω
2756 1773 2953 1852 λέγειν.
2988 1776 3158 1831 Δῦταὶ
3189 1778 3293 1852 γὰρ
3347 1778 3404 1832 αἱ
3464 1784 3606 1842 θεῖαι
3662 1779 3865 1836 συλλα-

2215 1859 2307 1918 ϐαὶ
2364 1860 2664 1934 διδάξουσιν
2728 1864 2889 1937 ὑμᾶς,
2917 1864 3007 1920 καὶ
3053 1865 3429 1941 συλλήψονται
3455 1869 3657 1932 παντὸς
3688 1868 3867 1946 ἔργου,

2218 1950 2288 2007 δι’
2346 1952 2408 2007 οὗ
2444 1958 2853 2018 κατευθυνεῖσθε
2906 1953 2983 2017 εἰς
3034 1954 3099 2009 τὸ
3157 1956 3577 2032 προτεθειμένον
3627 1978 3869 2031 πνευμα-

2213 2041 2365 2098 τικὸν
2392 2040 2630 2101 στάδιον.

2291 2136 2375 2185 ια’.
2411 2129 2507 2185 Καὶ
2537 2128 2679 2185 οὕτω
2713 2131 2811 2204 μὲν
2842 2128 2948 2206 ἐγὼ
2995 2132 3197 2205 πέμπω
3250 2133 3389 2206 ὑμᾶς
3446 2132 3523 2196 είς
3581 2134 3718 2198 τοὺς
3781 2158 3871 2211 με-

2212 2218 2413 2296 γάλους
2457 2217 2872 2296 πολεμάρχους,
2922 2220 2997 2274 ὧν
3048 2221 3116 2277 τὰ
3165 2222 3301 2276 κατά
3349 2226 3566 2295 πνεῦμα
3620 2228 3871 2299 τακτικά,

2216 2306 2288 2362 ὧν
2329 2309 2384 2362 αἱ
2424 2309 2562 2362 θεῖαι
2618 2309 2976 2384 στρατηγικαὶ
3041 2306 3287 2383 μέθοδοι,
3329 2311 3403 2364 ὧν
3461 2312 3517 2365 αἱ
3576 2312 3870 2390 σάλπιγγες

2212 2397 2371 2473 τείχη
2403 2396 2881 2474 καταῤῥιπτοῦσιν,
2913 2398 3048 2474 άπερ
3081 2399 3131 2453 0i
3187 2405 3287 2469 τῆς
3337 2399 3530 2463 κακίας
3582 2400 3868 2476 οἰκοδόμοι

2217 2483 2285 2540 δι’
2311 2489 2469 2558 ἡμῶν
2530 2484 3012 2557 ἐπλινθοποίησαν,
3045 2483 3117 2540 ὧν
3151 2487 3205 2541 αἱ
3238 2485 3523 2551 ἐλεπόλεις
3556 2490 3674 2562 ἅμα
3708 2494 3871 2566 προῦ·

2216 2573 2480 2652 φάνησαν,
2510 2573 2599 2628 καὶ
2657 2573 2922 2649 πόργους,
2967 2573 3061 2637 οὓς
3119 2576 3148 2630 6
3209 2577 3470 2654 σοφιστὴς
3520 2584 3625 2648 τῆς
3682 2582 3866 2643 κακίας

2216 2663 2523 2734 ἀνέστησεν,
2582 2663 2659 2727 εἷς
2716 2667 2853 2741 χοῦν
2931 2662 3248 2720 ἐλέπτυναν.
3299 2667 3431 2723 “Οτε
3482 2663 3541 2722 δὲ
3597 2669 3711 2723 τῶν
3777 2671 3864 2743 μὶν

2213 2751 2476 2808 τοιούτων
2532 2751 2813 2829 αὐτάρκως
2861 2749 3036 2829 ἔχετε,
3064 2750 3153 2809 διὰ
3211 2751 3269 2809 δὲ
3322 2755 3384 2810 τὸ
3435 2756 3742 2833 πρόχειρον
3782 2760 3866 2814 καὶ

2216 2840 2533 2915 εὐπόριστον
2590 2843 2709 2896 κατ’
2740 2839 2878 2897 ἰδίαν
2939 2842 3075 2897 αὐτὰ
3119 2842 3359 2916 θέμενοι,
3406 2843 3732 2921 λιχνεύεσθε
3784 2850 3867 2903 καὶ

2215 2930 2293 2994 εἷς
2328 2930 2563 3005 ἑτεροῖον
2597 2930 2895 3005 ὁπλισμὸν,
2925 2931 3014 2986 καὶ
3073 2932 3149 2996 ὡς
3177 2931 3265 2987 ἐπὶ
3324 2931 3671 3000 ὁπλοποιοὺς
3728 2938 3869 3009 ἡμᾶς

2214 3019 2824 3096 ἥκετεχορηγησοντάς
2847 3042 2900 3074 τι
2932 3020 3069 3096 πρὸς
3128 3022 3313 3097 μάχην
3355 3023 3455 3092 τήν
3496 3021 3621 3101 ἄρτι
3652 3045 3864 3101 προκει-

2221 3110 2385 3184 μένην
2433 3106 2764 3180 ἐπιτήδειον*
2798 3105 3051 3164 ἐπιδώσω
3104 3110 3199 3183 μὲν
3251 3109 3303 3181 ἐξ
3350 3109 3613 3189 ἀνάγκης,
3645 3134 3868 3193 προφω-

2215 3200 2451 3272 νήσομαι
2483 3195 2562 3267 δὲ,
2600 3199 2675 3271 μή
2709 3197 2768 3252 ἂν
2810 3195 2958 3274 ἔχειν
3013 3200 3161 3271 ἡμᾶς
3211 3203 3439 3255 τοιαῦτα
3493 3204 3864 3277 σκευάσαοθαι,

448 3290 707 3346 immane
742 3293 1027 3362 quantum
1070 3287 1396 3344 distabunt.
1431 3288 1614 3354 Quam
1664 3286 1848 3359 igitur
1877 3302 1981 3360 ego
2009 3305 2099 3344 ar-

2221 3288 2386 3342 ὁποῖα
2438 3286 2505 3341 τὰ
2555 3283 2784 3360 παλαιὰ,
2818 3284 3082 3360 οὕμενουν
3142 3285 3269 3343 οὐδὲ
3325 3287 3480 3364 ἐγγὺς
3538 3290 3753 3347 ἐκείνων
3793 3292 3863 3355 είς

446 3385 740 3436 maturam
773 3393 1072 3450 nuncupo,
1102 3393 1206 3449 pro
1253 3375 1369 3431 tela
1416 3392 1641 3431 araneas
1673 3375 1987 3431 habebitur
2032 3376 2104 3432 ab

444 3468 521 3526 iis
551 3468 651 3540 qui
703 3484 867 3523 arma
914 3481 1116 3522 severa
1153 3469 1210 3521 et
1252 3464 1554 3521 securitati
1584 3464 1961 3521 inservientia
2008 3482 2092 3521 co-

446 3558 614 3632 gnita
641 3557 879 3614 habent.
910 3560 982 3612 Et
1012 3572 1145 3612 ecce
1174 3571 1281 3628 ego
1324 3555 1449 3628 ipse
1482 3555 1552 3610 ad
1587 3571 1842 3627 pugnam
1874 3572 1976 3611 vos
2006 3573 2105 3611 ex-

444 3649 649 3705 hortor
697 3647 796 3720 qui
851 3663 975 3702 rem
1035 3645 1349 3702 militarem
1409 3644 1678 3700 funditus
1736 3644 1938 3713 didici,
1969 3644 2105 3701 licet

449 3755 626 3796 senex
655 3737 848 3810 quoad
893 3735 1156 3808 corporis
1185 3734 1467 3807 vigorem,
1501 3737 1558 3789 et
1604 3732 1825 3807 ingenii
1857 3734 1930 3804 (si
1961 3734 2102 3806 quid

450 3827 713 3900 alioquin
744 3826 803 3881 in
844 3842 937 3880 me
969 3825 1099 3896 fuit)
1151 3840 1397 3879 acumen
1443 3821 1826 3895 perdiderim;
1858 3823 1916 3877 id
1951 3827 2105 3879 certe

449 3933 659 3974 moneo
691 3918 754 3971 ut
785 3914 938 3986 quod
974 3929 1148 3969 omne
1187 3911 1403 3969 bellum
1455 3912 1765 3982 antecedit,
1799 3913 1870 3967 ad
1903 3928 2103 3985 preces

448 4008 533 4063 rei
565 4020 856 4077 congruas
889 4002 1218 4058 fundendas
1251 4002 1604 4073 procedatis.

2216 3374 2368 3431 οὐδὲν
2420 3375 2486 3432 Ei
2524 3376 2623 3451 γὰρ
2684 3376 2711 3430 6
2758 3376 2895 3431 κατὰ
2949 3379 3163 3450 πνεῦμα
3219 3376 3544 3455 λινοθώραξ,
3575 3380 3668 3436 καὶ
3725 3383 3753 3437 6
3808 3381 3862 3436 ἐκ

2216 3462 2394 3540 λόγων
2442 3461 2642 3520 ἀσπίδα
2688 3465 3060 3542 περιθέμενος,
3093 3464 3184 3521 καὶ
3230 3466 3347 3522 ἀντὶ
3392 3468 3583 3546 ξίφους
3647 3471 3862 3546 βριαροῦ

2213 3554 2411 3630 ἀγεννῆ
2468 3551 2816 3632 παραξιφίδα,
2842 3554 2932 3609 καὶ
2982 3556 3100 3610 ὅσοι
3145 3561 3387 3612 τοιοῦτοι
3437 3591 3509 3600 -
3557 3557 3687 3615 ἀλλ’
3714 3558 3860 3614 αὐτοὶ

2211 3648 2321 3699 τῶν
2349 3644 2739 3721 καταφράκτων
2789 3641 3032 3700 ὁπλιτῶν
3089 3644 3234 3701 πολύ
3288 3667 3340 3701 τι
3400 3643 3798 3724 διενηνόχασιν·
3828 3649 3865 3718 ἡ

2214 3734 2315 3809 ἄρα
2367 3731 2418 3804 ἐξ
2460 3732 2595 3807 ἐμοῦ
2625 3731 2847 3795 ὅπλισις
2887 3733 3167 3810 λογισθείη
3231 3734 3289 3790 ἂν
3349 3734 3602 3813 ἀράχνης
3652 3734 3859 3793 ἐπενδυ-

2214 3843 2297 3884 σις
2353 3827 2470 3885 τοῖς
2530 3818 2717 3885 ἄλλως
2749 3819 2948 3878 εἰδόσιν
3009 3821 3323 3892 ὁπλίζεσθαι
3381 3823 3520 3900 πρὸς
3567 3821 3853 3900 ἀκρίϐειαν,

2211 3912 2301 3966 καὶ
2334 3914 2713 3987 στεγανοῦσθαι
2750 3910 2826 3975 εἷς
2877 3909 3205 3988 ἐχυρότητα.
3234 3914 3333 3967 Καὶ
3390 3912 3548 3987 ὅμως
3607 3912 3721 3970 ἰδοὺ
3771 3914 3855 3969 καὶ

2214 3999 2373 4062 αὐτὸς
2405 3999 2641 4077 ἐξαρτόω
2678 4000 2815 4072 ὑμᾶς
2847 3999 2922 4062 εἷς
2971 3998 3184 4077 μάχην,
3215 4001 3290 4066 ὡς
3340 4001 3431 4056 καὶ
3492 4000 3723 4077 μεθόδου
3766 4006 3860 4059 καὶ

448 4094 728 4168 δυνάμεως
785 4091 875 4145 καὶ
931 4087 1204 4167 χορηγίας
1262 4084 1463 4165 ἔλαχον
1526 4085 1696 4164 ἔχειν,
1756 4089 2034 4166 ἅνθρωπος
2094 4090 2270 4166 γέρων
2332 4089 2481 4164 ἀκμῇ
2538 4090 2610 4161 τῇ
2664 4089 2801 4144 κατὰ
2859 4093 3041 4163 σῶμα,
3072 4090 3163 4145 καὶ
3204 4091 3304 4160 τῆν
3357 4090 3494 4146 κατὰ
3548 4090 3751 4169 λόγους
3790 4090 3858 4164 (εἲ

445 4185 579 4242 ποτέ
625 4202 718 4256 μοι
769 4178 859 4235 καὶ
916 4179 1075 4253 ἦσαν)
1128 4176 1599 4242 συναπολωλεκώς
1632 4198 1644 4212 ·
1703 4178 1792 4233 καὶ
1849 4182 2091 4254 πρῶτον,
2142 4180 2172 4234 ’ὁ
2232 4176 2299 4249 δὴ
2359 4179 2561 4242 παντὸς
2636 4176 2891 4251 πολέμου
2956 4180 3278 4256 προτρέχει,
3335 4185 3482 4236 ποιῶ
3539 4183 3629 4237 καὶ
3686 4181 3857 4246 αὐτὸς,

442 4274 614 4352 εὐχὴν
644 4269 986 4347 προγράψας,
1020 4268 1181 4324 ὁποία
1209 4267 1461 4323 τοιούτου
1489 4268 1891 4343 προκατάρχειν
1926 4267 2088 4344 ἔργου
2120 4266 2291 4348 φιλεῖ.

513 4386 601 4441 12.
633 4385 711 4437 At
739 4381 848 4436 hoc
878 4379 1118 4451 quidem
1161 4378 1285 4433 loco
1315 4381 1408 4433 est
1438 4377 1591 4447 quod
1632 4393 1836 4432 omnes
1865 4381 2093 4433 metua-

441 4490 577 4531 mus
630 4488 722 4539 ne,
755 4469 856 4525 ubi
912 4468 1069 4525 Deus
1114 4466 1175 4522 in
1225 4481 1577 4539 quocunque
1618 4482 1652 4520 a
1692 4464 1860 4520 nobis
1918 4466 2095 4538 perﬁ-

440 4562 649 4620 ciendo
695 4574 870 4632 opere
900 4574 963 4615 se
993 4555 1290 4627 subducit,
1323 4571 1501 4627 opera
1547 4559 1751 4611 nostra
1797 4554 1966 4610 irrita
1996 4554 2091 4611 sit.

441 4653 624 4710 Nobis
662 4652 859 4706 autem
891 4652 1187 4704 certamen
1220 4645 1371 4717 quod
1414 4643 1583 4701 nobis
1614 4642 1903 4699 incumbit
1935 4658 2096 4699 seve-

442 4741 749 4797 rissimum
783 4739 1016 4809 Deoque
1062 4735 1174 4808 ipsi
1206 4733 1633 4806 gratissimum,
1658 4732 1950 4804 jejunium
1984 4736 2095 4801 est,

444 4834 684 4903 propter
738 4827 894 4899 quod
953 4841 1157 4881 omnes
1225 4828 1391 4879 terrae
1459 4823 1795 4878 sacerdotes
1851 4820 2099 4892 hujusce

446 4915 933 4975 considerationis
990 4913 1275 4969 rationem
1325 4911 1474 4966 inire
1519 4912 1752 4967 debent.
1786 4915 2099 4967 Precemur

444 5007 628 5080 igitur
658 5010 725 5060 ut
769 5004 829 5059 in
861 5004 955 5059 his
986 5001 1409 5058 certaminibus
1440 5017 1713 5057 summus
1761 4999 2093 5072 palmarum

444 5094 792 5152 distributor
820 5109 852 5148 e
882 5096 1045 5165 parte
1076 5095 1277 5147 nostra
1306 5094 1450 5159 stet;
1485 5089 1586 5161 qui
1631 5089 1871 5161 quidem
1903 5088 2094 5155 nobis,

441 5184 546 5241 ubi
601 5183 749 5239 bene
795 5180 1240 5247 certaverimus,
1275 5179 1544 5235 meritam
1596 5179 1924 5234 mercedem
1977 5195 2093 5234 non

439 5271 748 5341 refutabit;
780 5271 880 5326 ubi
912 5275 1108 5326 autem
1161 5268 1322 5326 fatali
1362 5268 1618 5341 quodam
1648 5284 1788 5323 casu
1819 5285 1853 5323 θ.
1884 5284 2094 5340 prepo-

439 5365 554 5422 sito
586 5362 993 5431 exciderimus,
1024 5361 1279 5417 victoriae
1311 5360 1657 5416 muneribus
1689 5375 1795 5415 nos
1828 5376 1942 5415 non
1974 5357 2092 5429 pri-

436 5452 597 5511 vabit
634 5458 734 5508 aut
789 5468 922 5508 cum
955 5451 1235 5507 dedecore
1286 5449 1405 5507 labi
1461 5450 1635 5505 sinet.
1666 5453 1794 5505 Non
1842 5447 2094 5503 inaniter

441 5547 638 5598 autem
668 5542 836 5610 fatali
863 5540 1106 5613 quodam
1133 5557 1265 5596 casu
1294 5538 1641 5596 addiderim.
1672 5538 1798 5597 Non
1830 5537 1988 5594 enim
2020 5537 2093 5593 de

444 5628 705 5698 corporis
734 5628 1005 5682 exercitio
1053 5632 1157 5682 aut
1203 5627 1397 5682 carnis
1449 5628 1701 5698 pondere
1749 5625 1944 5698 agitur
1973 5641 2093 5696 qua

446 5714 704 5770 theorice
760 5718 1048 5771 certantes
1105 5714 1567 5783 circumdantur,
1600 5714 1817 5785 quippe
1873 5714 1976 5787 qui
2033 5718 2093 5768 et

2282 4375 2373 4450 ιβ’.
2407 4373 2699 4448 Γινοίμεθα
2750 4375 2946 4437 πάντες
2998 4372 3226 4431 ἐνταῦθα
3277 4371 3475 4454 φόϐου,
3531 4379 3627 4451 ὡς,
3678 4381 3724 4436 εἴ
3778 4381 3847 4453 μή

2207 4465 2236 4518 6
2267 4464 2395 4526 Θεὸς
2427 4466 2564 4537 ἡμῖν
2607 4465 2846 4525 ἅπαντος
2905 4462 3064 4541 ἔργου
3123 4461 3421 4521 σπουδαίου
3481 4472 3845 4547 συνεφάψεται,

2205 4552 2305 4608 οὐκ
2333 4547 2444 4608 ἔστι
2487 4555 2809 4626 κατορθοῦν.
2846 4548 3285 4610 Σπουδαιότατον
3346 4552 3404 4611 δέ
3460 4554 3544 4612 ὅτι
3607 4557 3849 4632 μάλιστα,

2208 4641 2322 4697 ἐπεὶ
2362 4642 2451 4698 καὶ
2499 4641 2933 4719 θεοφιλέστατον,
2986 4643 3046 4697 τὸ
3097 4641 3217 4715 ἄρτι
3265 4644 3629 4718 προκείμενον
3673 4647 3853 4725 ἀγώνι-

2209 4752 2340 4804 σμα,
2372 4733 2406 4801 ἡ
2448 4757 2468 4782 ι
2502 4730 2737 4801 νηστεία,
2774 4754 2802 4782 ››
2835 4727 2906 4785 δι’
2934 4732 2998 4800 ἦν
3038 4732 3067 4786 6
3114 4731 3301 4809 παρὼν
3355 4730 3521 4810 λόγος
3570 4738 3690 4813 ἄρτι
3740 4758 3846 4791 και-

2209 4824 2307 4894 ροῦ
2336 4824 2449 4883 τοῖς
2478 4819 2796 4895 ἁπανταχοῦ
2849 4822 2954 4894 γῆς
3006 4819 3317 4896 ἀρχιερεῦσι
3374 4822 3715 4886 καθίσταται.
3748 4824 3847 4882 Oti-

2206 4914 2332 4963 κοῦν
2368 4907 2692 4984 εὐχοίμεθα,
2721 4908 2857 4983 πρὸς
2885 4912 3045 4982 ἡμῶν
3080 4910 3217 4963 εἶναι
3276 4910 3365 4965 τὸν
3425 4910 3477 4966 ἐν
3532 4919 3651 4975 τοῖς
3679 4912 3844 4969 τοιοῦ-

2204 5018 2320 5059 τοις
2376 4997 2581 5072 ἀγῶσιν
2633 4997 3076 5073 ὑπερκαθήμενον
3128 4996 3349 5071 ὕψιστον
3413 4995 3751 5077 βραϐευτήν·
3793 5002 3844 5061 ’ὀς

2205 5085 2391 5149 καλῶς
2427 5088 2521 5159 μὲν
2546 5089 2682 5160 ἡμῖν
2716 5084 3063 5141 ἀεθλεύσασιν
3127 5086 3195 5141 οὐ
3226 5085 3500 5165 φειδωλὸς
3552 5088 3696 5146 ἔσται
3749 5094 3844 5144 τῶν

2205 5173 2479 5245 ἐπάθλων,
2532 5174 2776 5251 ἀτεχνῶς
2836 5172 2896 5230 δὲ
2943 5173 3311 5232 διεκπεσοῦσιν
3388 5175 3512 5234 οὔτε
3579 5180 3840 5253 προσηνὴς

2206 5270 2472 5344 φανεῖται,
2508 5265 2735 5319 καὶτῶν
2801 5258 3068 5340 βραϐείων
3120 5264 3500 5342 ἀποστερήσει,
3529 5267 3620 5323 καὶ
3671 5265 3841 5326 ἄλλως

2206 5354 2305 5409 οὐκ
2333 5353 2561 5427 ἐντίμως
2620 5354 2916 5409 ἀπώσεται.
2949 5352 3022 5408 Οὐ
3062 5351 3237 5427 μάτην
3288 5352 3346 5411 δέ
3399 5377 3493 5428 μοι
3541 5357 3603 5412 τὸ
3634 5380 3663 5409 ιι
3689 5358 3835 5431 ἀτεχ-
3872 5410 3873 5415 η

2204 5448 2311 5506 νῶς
2342 5442 2627 5498 »ἐνταῦθα
2682 5440 3047 5499 ἐπιλέλεκται.
3098 5444 3178 5501 Οὐ
3236 5442 3335 5520 γὰρ
3395 5446 3705 5518 σωμασκίας
3758 5445 3834 5499 ἐν·

2199 5533 2368 5588 ταῦθα
2414 5531 2577 5609 χρεία
2628 5532 2719 5587 καὶ
2778 5527 3004 5602 στοιϐῆς
3058 5532 3319 5609 κρεάτων,
3351 5535 3418 5603 ἣν
3473 5535 3526 5589 οἱ
3577 5537 3829 5609 θεωρικῶς

2203 5621 2494 5684 ἀθλοῦντες
2554 5623 2902 5696 περίκεινται,
2960 5626 3170 5695 σαρκῶν
3231 5622 3385 5679 αὐτοὶ
3434 5621 3582 5689 ὄντες
3635 5620 3823 5698 ἄνδρες,

2203 5710 2295 5767 καί
2352 5731 2461 5766 που
2536 5710 2627 5766 καὶ
2701 5710 2963 5786 βαρύτητι
3049 5712 3303 5787 σώματος
3376 5713 3827 5792 κεταῤῥιπτοῦντες
