4114 6200
9 79 811 180 quq-Ir"

288 418 407 481 685

1291 416 1371 477 IN
1414 415 1480 477 S.
1522 414 2216 488 QUADRAGESIMAM
2262 416 2555 480 ORATIO
2596 415 2703 479 IV.

3582 419 3711 481 686

281 546 383 603 τὸν
428 542 748 602 ἀντίπαλον·
808 542 956 601 ἀλλὰ
1009 545 1213 623 τέχνης
1286 544 1605 621 εύμεθοδου,
1659 568 1948 622 πνευματι-

2083 548 2174 622 psi
2204 548 2436 606 carnosi
2466 552 2606 605 sunt
2646 548 2937 616 homines,
2971 553 3047 616 et,
3081 550 3344 622 corporis
3392 550 3546 606 mole
3594 567 3714 608 non

286 641 403 697 κῶς
465 634 837 712 ῥυθμιζούσης
874 636 983 695 ,καὶ
1044 635 1338 711 ἅναγούσης
1380 635 1456 699 είς
1488 637 1549 691 τὸ
1580 637 1843 710 εὐσθενὲς,
1878 634 1946 691 δι’

287 727 360 793 ἧς
414 724 489 786 ὡς
546 724 615 777 τὰ
669 720 856 778 πολλὰ
905 725 993 778 καὶ
1028 724 1259 794 ἀπονητὶ
1313 726 1478 800 τὲχνῃ
1519 726 1609 780 καὶ
1640 724 1803 803 σοφίᾳ
1832 726 1950 797 θείᾳ

294 815 450 868 κάτω
485 809 753 888 βάλλουτι
809 813 901 867 τὸν
958 814 1079 877 καθ’
1132 816 1292 887 ἡμῶν
1348 814 1648 891 φρονούντα
1682 817 1946 889 μετέωρα,

285 903 385 958 τὸν
441 901 533 957 καὶ
563 900 702 957 πάνυ
760 902 856 975 μὲν
890 902 1137 977 βριαρὸν,
1165 903 1255 957 καὶ
1286 900 1473 966 ἄλλως
1507 900 1564 958 δὲ
1601 903 1949 979 ἀνδρανέστα-

288 1010 415 1046 τον⁶
464 992 529 1045 τὸ
590 991 711 1063 μὶν,
741 990 788 1046 εί
841 991 1382 1067 καταρρᾳθυμοῦντες
1437 992 1801 1069 χαυνούμεθα,
1861 992 1950 1048 ὅτε

290 1079 388 1135 καὶ
438 1079 731 1153 πίπτομεν,
790 1080 852 1135 τὸ
897 1078 976 1149 δὲ,
1036 1076 1186 1155 εἷ’περ
1243 1081 1604 1158 ἐργηγορότες
1651 1084 1798 1155 ἡμᾶς
1848 1081 1948 1136 αὐ·-

294 1169 430 1231 τοίις
473 1166 695 1232 ἕκαστος
743 1168 822 1232 εἲς
882 1169 1075 1245 θάρσος
1131 1168 1468 1246 ἐκπυροῦμεν
1531 1172 1804 1247 μάχιμον,
1861 1170 1951 1226 ὅτε

290 1258 391 1313 καὶ
424 1257 689 1334 ῥίπτομεν
740 1257 834 1313 τὸν
892 1257 1106 1334 ἐχθρόν.
1164 1259 1373 1335 Τέχνην
1408 1258 1465 1315 δὲ
1492 1262 1749 1330 τοιαύτην
1781 1259 1951 1330 ἀθλη-

287 1349 457 1417 τικὴν
514 1345 862 1423 διδαχθῆναι,
922 1344 1152 1420 οὐδεμία
1179 1350 1340 1424 χρεία
1368 1351 1528 1423 ἡμῶν
1563 1347 1763 1407 οὐδενί.
1807 1347 1948 1404 Πάν-

287 1457 388 1500 τες
443 1436 546 1513 γὰρ
599 1435 691 1491 καὶ
750 1433 1111 1512 δεδιδάγμεθα
1165 1438 1390 1510 ἱκανῶς,
1439 1439 1525 1493 καὶ
1582 1438 1952 1513 πεπειράμεθα

289 1520 583 1600 ἰντριϐῶς,
612 1523 702 1578 καὶ
731 1522 955 1598 οἴδαμεν
1011 1519 1273 1600 ἀκριϐῶς,
1297 1525 1388 1580 καὶ
1419 1524 1687 1600 δυνάμεθα
1727 1524 1953 1589 ἓκαστος

290 1611 568 1684 ἀλείπτης
601 1614 756 1683 εἶναι,
789 1613 1087 1689 στρατηγὶς
1119 1614 1445 1687 αὐτόνομος,
1485 1610 1823 1689 κυϐερνήτης
1856 1615 1952 1671 αὐ-

291 1696 710 1778 τοπρόόλητος,
743 1699 1071 1764 διδάσκαλος
1102 1703 1404 1782 αὐτοφυὴς,
1437 1700 1637 1779 ὁδηγὸς
1668 1705 1755 1783 ἀφ’
1779 1703 1953 1766 ἑστίας

292 1791 623 1864 αὐτομαθὴς
651 1790 709 1863 ὶρ
719 1790 941 1865 μηνεύς.

2056 638 2350 711 impediti,
2399 638 2803 694 adversarium
2854 637 3018 693 humi
3069 639 3415 710 projiciunt;
3467 640 3569 696 sed
3619 657 3717 699 ars

2058 728 2240 800 proba
2290 727 2606 798 requiritur
2646 744 2773 799 quas
2823 726 3088 799 ipsorum
3139 728 3408 800 personis
3438 729 3619 785 decus
3648 747 3715 787 ac

2058 817 2237 871 robur
2279 815 2561 887 impertit,
2595 831 2846 887 quorum
2880 816 3049 871 venia
3093 814 3221 871 sine
3266 816 3489 885 labore,
3518 818 3573 873 vi
3604 834 3708 874 au-

2056 909 2174 960 tem
2206 908 2265 958 et
2294 904 2585 975 sapientia
2615 903 2813 959 divina
2834 902 3057 959 suiiulti
3083 919 3219 959 eum
3250 904 3417 960 humi
3439 910 3712 962 sternunt

2058 993 2158 1066 qui
2191 997 2451 1049 nostram
2483 992 2731 1057 cladem,
2765 992 2899 1047 licet
2940 993 3167 1049 robusti
3197 994 3376 1050 simul
3407 999 3464 1051 et
3489 995 3710 1067 ignavi,

2059 1083 2438 1148 meditantur,
2470 1098 2573 1137 seu
2622 1082 2696 1136 ob
2744 1081 3158 1154 negligentiam
3190 1087 3584 1141 tumescentes
3612 1100 3710 1140 ca-

2059 1171 2276 1239 dimus,
2310 1187 2414 1227 seu
2445 1170 2544 1225 ubi
2597 1185 2745 1226 novo
2777 1185 2909 1225 cum
2957 1170 3155 1243 vigore
3203 1187 3309 1227 nos
3354 1173 3604 1229 invicem
3636 1174 3709 1231 ad

2058 1259 2444 1332 pugnandum
2491 1258 2871 1315 exhortamur
2909 1259 2969 1313 in
3002 1259 3319 1315 adversarii
3369 1262 3711 1333 perniciem.

2057 1353 2220 1404 Hanc
2250 1353 2448 1405 autem
2481 1352 2666 1404 artem
2699 1362 2873 1403 nemo
2906 1352 3174 1403 nostrum
3210 1364 3359 1420 opus
3392 1349 3569 1405 habet
3586 1351 3721 1407 edo.

2060 1437 2196 1493 ceri.
2232 1436 2447 1492 Omnes
2478 1436 2636 1492 enim
2670 1435 2815 1491 satis
2854 1436 3010 1491 eain
3041 1452 3104 1491 re
3141 1436 3420 1492 instructi
3468 1438 3713 1509 experti-

2062 1541 2177 1598 que
2206 1541 2436 1594 sumus,
2461 1530 2518 1580 et
2548 1524 2802 1596 quisque
2833 1529 3104 1580 nostrum
3140 1525 3231 1580 sui
3263 1525 3452 1596 ipsius
3482 1529 3715 1591 unctor,

2062 1614 2182 1669 dux
2229 1613 2321 1670 sui
2363 1612 2540 1684 juris,
2574 1613 2951 1684 gubernator,
3002 1617 3342 1685 praeceptor,
3375 1614 3584 1670 ductor
3611 1615 3714 1671 do-

2064 1701 2367 1771 mesticus,
2397 1703 2685 1772 interpres
2716 1702 2962 1757 idoneus
2993 1717 3122 1757 esse
3152 1705 3361 1775 potest.

380 1899 466 1972 ιγ’.
524 1898 677 1952 Ἐπεὶ
737 1895 795 1952 δὲ
851 1898 1070 1969 ὁσιότης
1128 1898 1616 1975 παρηκολούθησεν
1653 1944 1666 1971 ,
1725 1900 1957 1971 ἑκάστης

2138 1898 2224 1952 13.
2258 1897 2369 1953 Sed
2402 1912 2536 1953 cum
2567 1896 2782 1968 cuique
2822 1912 3038 1970 magno
3063 1898 3293 1969 jejunio
3325 1897 3719 1955 sanctimonia

307 1986 556 2062 μεγάλης
656 1988 949 2058 νηστείας,
1024 1990 1162 2053 καθά
1232 1989 1323 2043 καὶ
1396 1989 1592 2053 παντὸς
1663 1987 1957 2062 πολέμου,

302 2076 672 2152 προηγεῖσθαι
722 2076 934 2148 σύναξιν
988 2076 1078 2132 καὶ
1137 2074 1485 2133 διδασκαλίαν
1534 2078 1633 2147 τὴν
1687 2077 1766 2132 ἐπ’
1824 2078 1959 2152 αὐτῇ

306 2164 591 2239 (πολέμου
646 2165 751 2239 γὰρ
774 2185 828 2219 τι
892 2165 1107 2228 πάντως
1168 2162 1327 2239 εἶδος,
1359 2167 1449 2222 καὶ
1480 2166 1645 2222 αὐτοῦ
1678 2187 1960 2240 σκοπιμω-

301 2254 499 2321 τάτου,
547 2252 639 2308 καὶ
666 2254 730 2308 τὸ
756 2256 850 2309 νῦν
880 2254 1019 2327 ἡμῖν
1062 2254 1417 2331 προκείμενον
1476 2254 1798 2330 σπούδασμα
1830 2255 1964 2330 μετᾶ

303 2346 408 2397 τοῦ
440 2342 693 2419 ἀρχηγοῦ
746 2340 856 2397 τῶν
908 2346 1197 2398 σκοτεινῶν
1253 2344 1499 2418 τάξεων),
1547 2344 1639 2400 καὶ
1693 2344 1965 2422 ἄθροισμα

303 2435 477 2486 τοῦτο
529 2431 675 2505 ἱερὸν
735 2430 1021 2508 συνελέγη,
1053 2432 1144 2488 καὶ
1186 2433 1286 2489 οὐκ
1340 2430 1449 2489 ἔστι
1509 2436 1583 2509 μὴ
1629 2434 1965 2499 καθοσιώσα-

308 2521 437 2574 σθαι
504 2519 568 2573 τὸ
625 2518 853 2596 πρέπον,
914 2519 992 2582 εἷς
1050 2518 1173 2575 ὅσον
1204 2519 1382 2597 ἰσχύς·
1421 2518 1779 2596 μεθοδεύομεν
1836 2522 1965 2595 ὑμῖν

312 2606 631 2682 ἀναγκαίως
680 2609 787 2684 πρὸ
838 2610 1053 2664 πάντων
1113 2607 1325 2683 ἄλλων,
1382 2611 1457 2672 ὡς
1506 2611 1533 2665 ὁ
1570 2617 1674 2679 τῆς
1722 2607 1970 2665 διδασκα-

311 2695 442 2758 λίας
472 2695 604 2772 ὅρος
656 2696 954 2767 κανονίζειν
1011 2696 1288 2773 βούλεται,
1348 2697 1426 2764 εῒς
1453 2703 1579 2753 νοῦν
1622 2693 1876 2763 Λαϐἐσθαι
1903 2697 1970 2753 τά

308 2790 413 2841 τοῦ
441 2790 649 2841 σκοποῦ
702 2793 803 2856 τῆς
830 2787 1106 2858 νηστείας,
1140 2787 1218 2850 είς
1265 2788 1327 2858 ἣν
1359 2786 1467 2860 ἤδη
1500 2782 1965 2862 προϐιϐαζόμεθα.

310 2874 526 2931 Τούτου
551 2878 656 2952 γάρ
711 2876 1017 2952 εὑρημένου
1066 2876 1365 2952 (πρόοπτὸς
1405 2875 1463 2933 δὲ
1518 2878 1733 2940 πάντως
1779 2879 1815 2947 ἡ
1875 2875 1969 2931 αὖ·

310 2968 413 3019 τοῦ
446 2964 604 3041 θύρα,
653 2964 744 3019 καὶ
803 2966 916 3041 χρή
970 2965 1148 3042 μακρὰ
1204 2964 1596 3042 ίσχνηλατεῖν),
1628 2966 1752 3022 οὐτε
1807 2967 1969 3040 ἡμεῖς

310 3054 812 3129 πολυλογήσομεν,
870 3050 994 3110 οὔτε
1026 3055 1179 3128 ὑμεῖς
1208 3057 1528 3127 πονήσεσθε,
1582 3053 1710 3111 ἀλλ’
1754 3053 1815 3110 ἐκ
1842 3076 1975 3131 προ-

315 3142 517 3219 χείρου
551 3141 802 3219 δράξεσθε
839 3148 934 3198 τοῦ
992 3144 1355 3218 ποθουμένου·
1422 3143 1615 3199 ταῦτὸν
1677 3142 1723 3199 δ’
1782 3143 1972 3216 εἰπεῖν,

316 3234 380 3288 τὸ
412 3234 559 3287 θεῖον
617 3231 889 3305 ἐξανύσετε
936 3232 1176 3307 θέλημα,
1233 3234 1295 3288 τὸ
1326 3230 1385 3288 δὲ
1433 3232 1759 3307 σεμνότατον
1789 3233 1969 3311 φάναι,

2068 1987 2329 2054 inhaaret,
2361 1992 2418 2043 et
2456 1990 2520 2042 ut
2552 1987 2610 2041 in
2642 1985 2804 2042 omni
2843 1985 2997 2042 bello
3027 1985 3259 2056 accidit,
3292 1987 3494 2043 concio
3525 1990 3583 2044 et
3610 1987 3720 2043 do-

2070 2076 2257 2131 ctrina
2306 2075 2601 2131 antecedit
2629 2074 2789 2147 (belli
2830 2091 3107 2147 namque,
3139 2079 3196 2131 et
3242 2074 3479 2147 quidem
3529 2077 3601 2132 ad
3648 2075 3721 2131 ﬁ-

2071 2179 2206 2219 nem
2231 2163 2484 2236 aliquem
2519 2163 2875 2235 perducendi
2898 2163 3151 2235 speciem
3182 2164 3400 2236 prtebet
3428 2168 3723 2220 certamen

2073 2253 2228 2325 quod
2261 2269 2369 2309 nos
2400 2256 2648 2324 occupat
2677 2269 2811 2308 cum
2845 2252 2994 2308 duce
3037 2251 3361 2309 cohortium
3401 2253 3726 2310 tenebrico-

2074 2344 2324 2411 sarum),
2355 2345 2411 2397 et
2440 2341 2562 2396 haec
2591 2358 2759 2397 sacra
2788 2340 3043 2412 phalanx
3073 2345 3272 2398 coacta
3299 2345 3390 2399 est
3419 2343 3489 2398 ad
3527 2358 3729 2399 neces-

2076 2431 2294 2487 sariam
2324 2430 2854 2498 consecrationem;
2883 2447 3064 2502 quare
3085 2447 3387 2487 summum
3420 2432 3469 2488 ei
3504 2431 3586 2488 rei
3609 2435 3729 2488 stu-

2075 2520 2238 2576 dium
2272 2519 2696 2593 impendimus,
2730 2524 2797 2576 ut
2834 2520 3116 2576 doctrinas
3145 2537 3330 2577 canon
3381 2520 3727 2593 praescribit,

2077 2614 2135 2665 et
2160 2610 2231 2665 de
2255 2609 2465 2681 jejunii
2499 2610 2654 2681 quod
2706 2609 3043 2681 peregimus
3074 2608 3282 2666 ultimo
3316 2609 3432 2666 fine
3481 2609 3731 2666 medita-

2078 2714 2231 2754 mur.
2267 2699 2382 2754 Hac
2411 2698 2569 2753 enim
2601 2702 2830 2770 reperta
2877 2705 2932 2752 et
2981 2697 3169 2754 facilis
3218 2699 3459 2771 quidem
3493 2699 3564 2755 ad
3597 2713 3729 2754 eam

2078 2786 2275 2844 aditus
2331 2790 2461 2855 est),
2504 2804 2619 2842 non
2675 2786 2882 2842 multis
2936 2785 3107 2843 nobis
3164 2787 3380 2855 verbis,
3411 2791 3511 2843 aut
3563 2786 3732 2844 vobis

2079 2876 2356 2931 diuturno
2412 2875 2610 2932 labore
2663 2891 2812 2948 opus
2866 2875 2995 2941 erit,
3030 2876 3131 2931 sed
3193 2875 3467 2931 desiderii
3526 2874 3732 2931 statim

2082 2967 2380 3036 compotes
2409 2963 2651 3031 erimus,
2686 2967 2789 3019 aut
2818 2968 2883 3019 ut
2914 2962 3046 3020 aliis
3075 2964 3266 3020 verbis
3297 2963 3510 3033 dicam,
3532 2963 3737 3020 volun-

2079 3057 2259 3109 tatem
2294 3052 2547 3108 divinam
2582 3052 2830 3123 facietis,
2861 3051 2980 3109 imo
3022 3053 3140 3109 Deo
3171 3053 3305 3125 ipsi,
3338 3056 3401 3109 ut
3429 3069 3550 3109 rem
3585 3052 3736 3111 sole-

2083 3142 2299 3199 mniter
2329 3142 2543 3208 dicam,
2575 3141 3149 3214 appropinquahitis,
3181 3143 3321 3197 dum
3367 3142 3467 3198 alii
3496 3141 3645 3199 alios
3675 3143 3738 3199 in

2084 3232 2426 3288 veneranda:
2459 3231 2905 3287 resurrectionis
2931 3235 3228 3286 momento
3253 3247 3429 3287 cursu
3461 3246 3739 3303 superare

318 3323 477 3393 αύτῷ
506 3321 625 3394 Θεῷ
650 3295 977 3396 λγγίσεσθε,
1021 3295 1111 3377 κάὶ
1163 3295 1336 3385 άλλος
1369 3295 1543 3378 ἄλλου
1578 3295 1970 3399 προτρέχοντες

2088 3320 2470 3377 contendatis.
2503 3319 2749 3375 Obvium
2782 3323 2976 3374 autem
3023 3335 3158 3374 eum
3207 3295 3741 3387 habebitis,-inter-

320 3409 375 3465 ἐν
416 3414 499 3483 τῷ
545 3416 645 3479 τῆς
697 3408 967 3484 παντίμου
1022 3410 1361 3473 ἀναστάσεως
1421 3413 1615 3486 καιρῷ,
1672 3411 1973 3483 ἐντεύξεσθε

315 3500 492 3572 αὐτῷ,
543 3500 634 3553 καὶ
688 3501 1131 3577 προσφωνήσετε,
1187 3499 1278 3555 καὶ
1331 3501 1397 3556 τὸ
1426 3525 1455 3553 ‹‹
1490 3501 1717 3577 Χαίρετε
1745 3522 1772 3554 ιο
1811 3498 1971 3555 ἀκού-

306 3589 493 3661 σεσθε,
544 3589 633 3642 καὶ
710 3587 821 3645 ὅσο.
866 3587 1012 3644 ἀλλὰ
1087 3609 1373 3667 πρρσφορα
1427 3588 1497 3665 τῇ
1550 3594 1647 3645 τοῦ
1702 3593 1837 3646 Θεοῦ
1884 3588 1974 3643 καὶ

304 3676 600 3732 ἀναστάσει
628 3675 717 3731 καὶ
768 3673 937 3748 λαλιᾷ
983 3680 1052 3750 τῇ
1083 3678 1220 3752 πρὸς
1247 3676 1376 3741 τοὺς
1424 3677 1743 3753 ἀγαπῶντας
1790 3677 1973 3746 αὐτὸν,

311 3766 405 3821 καὶ
440 3765 540 3833 τήν
563 3764 733 3820 αὐτοῦ
767 3765 1061 3838 μαθητείαν
1094 3763 1412 3845 φιλοῦντας,
1442 3767 1533 3822 καὶ
1560 3767 1803 3837 ποθητὸν
1834 3769 1978 3844 ἡγη-

322 3854 597 3929 σαμάνους
624 3855 687 3909 τὸ
734 3851 1037 3910 κολλᾶσθαι
1067 3854 1232 3928 αὐτῷ.

402 3958 487 4016 ιδ’.
525 3960 743 4025 Σκοπὸς
773 3958 840 4031 δὴ
899 3962 1173 4033 νηστείας,
1233 3961 1309 4025 είς
1364 3964 1432 4033 ἢν
1473 3966 1639 4037 ἡμεῖς
1671 3961 1789 4038 ἄρτι
1821 3959 1980 4018 στελ-

324 4046 562 4124 λόμεθα,
595 4050 703 4125 οὐχ
732 4051 845 4105 οἷον
879 4048 1310 4124 ἂπιτηδευόμεθα
1341 4052 1391 4106 oi
1457 4050 1684 4123 πολλοὶ,
1732 4056 1982 4125 κημοῦν-

318 4160 412 4203 τες
442 4140 510 4194 τὰ
539 4137 729 4216 χείλη,
762 4140 838 4202 ὡς
868 4137 928 4195 ἂν
965 4141 1041 4213 μὴ
1072 4141 1135 4195 τὸ
1165 4138 1377 4214 πλῆρες
1406 4145 1503 4197 τοῦ
1542 4141 1793 4215 ταμιείου
1840 4140 1981 4217 ταχὺ

325 4228 559 4303 γίνηται
606 4227 887 4297 ὑπόκενον,
950 4225 1091 4302 μηδὲ
1147 4230 1213 4283 τὰ
1272 4230 1533 4306 ἀναγκαῖα
1578 4229 1776 4304 μύλαις
1827 4228 1982 4284 ὁδόν-

327 4337 441 4372 των
470 4315 766 4388 άλήθεσθαι
820 4313 1305 4394 παραϐάλλωνται,
1370 4321 1569 4391 μήπως
1619 4318 1777 4382 αύτὸς
1808 4320 1835 4373 ὁ
1866 4319 1982 4394 βίος

329 4404 655 4463 ἐλαττοῖτο.
714 4410 843 4468 Τοῖς
896 4406 998 4482 γὰρ
1056 4405 1201 4462 οὕτω
1255 4408 1627 4482 τεχνωμένοις
1684 4408 1983 4479 νηστεύειν,

333 4490 584 4566 ἐμπορία
609 4491 673 4546 τὸ
728 4498 972 4568 πρᾶγμα,
1029 4494 1117 4548 καὶ
1176 4493 1257 4556 τίς
1301 4492 1729 4569 κερδαλεότητος
1759 4495 1982 4571 εὕρεσις.

2082 3409 2376 3483 pellabitis
2406 3413 2460 3464 et
2493 3424 2561 3464 ex
2604 3408 2732 3479 ejus
2762 3424 2860 3463 ore
2891 3430 2920 3457 ‹‹
2953 3407 3182 3464 Salvete
3213 3429 3241 3458 »
3276 3412 3334 3463 et
3362 3412 3605 3465 cunctas
3635 3424 3741 3464 vo-

2082 3518 2179 3557 ces
2212 3500 2462 3555 audietis
2513 3516 2638 3571 quis
2688 3498 3135 3555 resurrectionis
3183 3497 3739 3570 predicationisque

2084 3592 2347 3661 respectu
2380 3588 2454 3644 iis
2502 3587 2601 3660 qui
2632 3604 2767 3643 eum
2815 3586 3071 3660 diligunt
3117 3588 3359 3659 ejusque
3407 3588 3736 3644 doctrinam

2085 3682 2440 3743 reverentur,
2472 3681 2530 3733 et
2585 3692 2718 3733 cum
2778 3676 2907 3749 ipso
2967 3675 3241 3732 unionem
3286 3676 3736 3733 desiderabilem

2087 3767 2332 3824 credunt
2362 3765 2631 3839 proﬁcum
2662 3769 2822 3821 sunt.

2160 3963 2247 4019 14.
2280 3961 2496 4034 Jejunii
2529 3978 2721 4034 porro,
2750 3961 2903 4034 quod
2936 3976 3093 4017 nunc
3120 3960 3491 4032 inchoamus,
3523 3977 3738 4036 propo-

2090 4053 2268 4110 situm
2298 4068 2413 4108 non
2446 4052 2506 4107 in
2537 4067 2604 4107 eo
2637 4050 2929 4122 consistit,
2961 4054 3046 4120 ut,
3076 4051 3148 4107 ad
3179 4049 3509 4124 exemplum
3543 4050 3745 4108 multi-

2090 4141 2339 4209 tudinis,
2370 4140 2527 4196 labia
2574 4156 2969 4210 coerceamus,
3002 4156 3072 4195 ex
3120 4157 3232 4211 quo
3264 4140 3330 4195 ﬁt
3371 4144 3433 4196 ut
3466 4139 3745 4198 frumenti

2092 4231 2454 4288 abundantia
2483 4230 2597 4286 cito
2644 4230 2704 4285 in
2755 4229 3010 4285 nihilum
3044 4230 3236 4299 abeat,
3270 4247 3460 4303 neque
3489 4234 3556 4287 ut
3584 4231 3747 4287 cibos

2094 4319 2369 4376 dentibus
2416 4320 2487 4375 ad
2537 4319 2718 4375 vitam
2777 4319 3226 4375 sustentandam
3278 4318 3595 4375 molamus.
3636 4318 3747 4384 Qui

2095 4409 2246 4466 enim
2279 4400 2388 4463 hac
2413 4408 2633 4464 ratione
2657 4408 2953 4479 jejunium
2976 4412 3267 4476 exercent,
3291 4425 3413 4463 rem
3445 4424 3547 4480 pro
3569 4423 3747 4480 nego-

2094 4500 2174 4554 tio
2197 4497 2399 4570 aliquo
2421 4501 2752 4568 quaestuosa
2775 4495 3201 4553 habent.Tales
3221 4496 3459 4568 quidem
3476 4496 3747 4552 homines

332 4582 435 4637 Καὶ
470 4580 668 4658 ὑγίειαν
730 4580 825 4654 μὶν
858 4624 873 4649 ,
931 4580 978 4637 εί
1026 4580 1168 4637 οὕτω
1222 4582 1406 4659 τύχοι,
1465 4588 1875 4661 περπιοιοῦνται
1934 4587 1970 4640 ο¹

2097 4587 2370 4643 sanitatis
2401 4603 2602 4642 curam
2637 4590 2871 4658 gerunt,
2894 4590 2952 4641 et
2982 4585 3259 4640 dentibus
3289 4588 3562 4656 parcunt;
3595 4583 3749 4640 folli-

330 4669 602 4742 τοιούτοι,
633 4668 726 4724 καὶ
783 4666 908 4724 ούδὶ
937 4669 1064 4733 τοὺς
1097 4667 1323 4736 ὀδόντας
1378 4667 1646 4749 τρίϐουσι’
1685 4674 1878 4747 μεστὸς
1928 4671 1970 4728 δῖ

2094 4676 2263 4733 culus
2293 4680 2488 4731 autem
2521 4679 2755 4731 externo
2799 4674 2872 4731 iis
2922 4672 3130 4747 plenus
3160 4678 3269 4739 est,
3302 4674 3442 4729 dum
3493 4677 3684 4731 utrem
3716 4691 3752 4731 a

329 4760 528 4822 αὐτοῖς
579 4757 656 4820 ὡς
686 4757 771 4813 ἰπὶ
801 4758 945 4815 πολὺ
999 4760 1089 4814 καὶ
1147 4761 1175 4815 ὁ
1206 4760 1307 4834 ἔξω
1335 4760 1604 4838 κώρυκος,
1666 4763 1749 4825 οἷς
1779 4764 1871 4817 τὸν
1906 4763 1987 4818 οἰ-

332 4851 487 4902 κεῖον
546 4845 635 4900 καὶ
687 4844 961 4924 σύμφυτον
1015 4844 1247 4902 θύλακον
1310 4846 1543 4925 λαγαρὸν
1604 4847 1985 4927 φυλάττουσιν.

331 4935 539 5011 Ἀρετὴ
574 4932 633 4989 δὲ
688 4933 740 4990 ἐν
797 4936 981 4999 αὐτοῖς
1037 4932 1283 5009 οὐδεμία.
1340 4934 1548 4994 Οὔκουν
1582 4940 1716 5012 ἡμῖν
1750 4936 1869 5012 ἄρτι
1899 4960 1993 5010 νη-

339 5024 521 5085 στείας
604 5023 865 5094 τοιαύτης
935 5025 1220 5100 κήρυγμα,
1287 5031 1386 5096 τῆς
1454 5027 1543 5081 καὶ
1601 5034 1844 5103 πονηρᾶς
1900 5027 1990 5083 καὶ

338 5114 698 5190 ΐσχνοποιοῦ,
731 5112 807 5171 εἰς
841 5111 992 5169 ούδὶν
1021 5111 1163 5170 δέον·
1221 5113 1682 5191 παραγγέλλομεν
1716 5114 1773 5172 δὲ
1804 5115 1992 5179 ἄλλως

337 5201 589 5273 νηστείαν
620 5202 721 5271 τὴν
780 5203 914 5276 μετὰ
964 5203 1053 5258 καὶ
1110 5210 1318 5283 τροφῆς
1374 5205 1462 5259 καὶ
1492 5212 1700 5284 τρυφῆς
1731 5205 1820 5260 καὶ
1848 5207 1993 5273 πλη-

343 5298 583 5365 σμονῆς,
636 5292 698 5345 τὸ
754 5291 1092 5348 καινότατον.
1149 5292 1668 5370 Προκαλοῦμαιγάρ
1730 5295 1890 5367 ὑμᾶς,
1926 5292 1997 5348 δι’

344 5380 488 5451 ὅλης
518 5386 620 5449 τῆς
646 5380 916 5453 νηστίμου
946 5380 1035 5436 καὶ
1080 5379 1274 5445 ἐσθίειν
1323 5382 1413 5437 καὶ
1450 5382 1622 5437 πίνειν
1679 5382 1769 5437 καὶ
1820 5380 1996 5437 πλείω

342 5474 456 5525 τῶν
518 5470 822 5545 προτέρων,
880 5468 926 5525 εί
986 5468 1227 5539 δυνατὸν,
1261 5471 1347 5525 καὶ
1388 5470 1583 5548 μέχρις
1616 5470 1780 5526 αὐτοῦ
1808 5470 1994 5545 κόρου·

2100 4770 2312 4821 natura
2342 4765 2542 4819 dalum
2578 4764 2809 4819 inanem
2843 4766 3095 4836 gestant.
3129 4762 3197 4818 Hi
3237 4761 3438 4834 igitur,
3470 4766 3536 4818 ut
3564 4762 3750 4831 vides,

2101 4855 2171 4909 de
2199 4853 2413 4908 virtute
2452 4850 2687 4920 gloriari
2719 4867 2833 4906 non
2885 4853 3153 4921 possunt.
3187 4852 3375 4916 Quare
3406 4851 3576 4908 nobis
3606 4869 3753 4925 quo-

2102 4958 2215 5015 qus
2244 4940 2530 5013 ejusmodi
2574 4938 2789 5011 jejunii
2839 4939 3231 4995 ostentatione
3281 4955 3397 4995 non
3446 4957 3593 5012 opus
3641 4944 3753 5007 est,

2101 5030 2253 5102 quod
2288 5046 2403 5084 non
2435 5027 2551 5083 nisi
2599 5028 2859 5100 corporis
2882 5027 3196 5084 maceriam
3229 5028 3439 5102 gignit,
3471 5032 3575 5086 aut
3619 5046 3753 5086 cum

2103 5121 2368 5176 ciborum
2422 5116 2787 5173 abundantia
2832 5120 2891 5172 et
2936 5115 3168 5173 luxurie
3214 5117 3593 5189 conjunctum
3642 5121 3755 5174 est.

2102 5208 2410 5264 Enimvero
2439 5223 2544 5262 vos
2590 5205 2869 5262 exhortor
2898 5209 2962 5259 ut
2991 5204 3207 5276 jejunii
3253 5208 3518 5278 tempore
3548 5206 3619 5263 ab
3649 5222 3755 5261 esu

2106 5303 2282 5368 atque
2314 5301 2452 5367 potu
2482 5295 2572 5350 vel
2615 5295 2686 5350 ad
2718 5295 3048 5349 satietatem
3083 5310 3270 5365 usque
3299 5294 3544 5349 minime
3573 5293 3758 5350 absti-

2107 5385 2317 5442 neatis.
2350 5384 2763 5440 Thesaurizate
2818 5398 2974 5448 vero,
3024 5383 3075 5438 si
3133 5381 3407 5455 potestis;
3458 5383 3543 5439 sic
3598 5382 3756 5439 enim

2108 5474 2253 5531 nihil
2284 5473 2416 5529 novi
2464 5472 2654 5528 facere
2691 5471 3054 5541 videbimini,
3087 5476 3144 5527 et
3172 5487 3343 5526 nemo
3392 5471 3592 5544 inique
3636 5470 3761 5528 laesi

346 5556 600 5616 σπεύδειν
661 5556 719 5614 δὲ
773 5558 866 5614 καὶ
922 5559 1262 5634 θησαυρίζειν
1300 5604 1315 5630 ,
1369 5557 1479 5637 εἷ’γε
1555 5557 1780 5625 δύνασθε
1813 5605 1827 5631 ,
1908 5559 1970 5617 ’ίνι

2111 5554 2371 5635 cOrporis
2400 5578 2502 5618 vos
2533 5560 2821 5617 acusabit.
2846 5560 2991 5615 Cum
3023 5565 3219 5615 autem
3251 5559 3362 5616 hoc
3391 5560 3590 5633 ipsum
3623 5578 3764 5634 prs:-

347 5649 495 5705 οὕτω
556 5644 725 5721 μηδὲν
791 5668 841 5703 τι
874 5654 1251 5723 καινοπραγεῖν
1290 5648 1552 5723 οἰώμεθα,
1612 5648 1717 5705 εἶ’τε
1772 5648 1910 5726 πρὸς
1938 5652 2001 5706 τὸ

2113 5660 2346 5725 ceptum
2406 5650 2846 5705 incommodum
2905 5648 3139 5721 aliquod
3202 5665 3403 5705 secum
3463 5650 3610 5706 ferat
3639 5650 3763 5723 (qui

349 5734 633 5807 νηστεύειν
690 5736 812 5814 ἄρτι
866 5735 1200 5811 ἀπονεύομεν
1235 5782 1249 5807 ,
1310 5738 1386 5801 ὡς
1441 5740 1505 5794 τὸ
1574 5736 1770 5795 δοῦλον
1846 5744 1969 5814 σῶμ

2113 5743 2271 5799 enim
2301 5739 2422 5796 edit
2448 5748 2550 5796 aut
2578 5739 2728 5795 bibit
2757 5737 2868 5795 sibi
2898 5737 3010 5810 ipsi
3035 5736 3320 5795 molestus
3339 5739 3765 5811 quodammodo
