4114 6200
367 397 486 458 68Ἶ

1156 390 1580 452 EUSTATHII
1626 387 2396 450 THESSALONICENSIS
2443 387 3027 451 METROPOLITE

3288 23 3440 60 π,
3807 91 3814 98 ν
4101 37 4114 128 Ι

3543 361 3790 450 ’688

367 532 479 596 est,
512 527 786 598 equidem
834 524 1029 582 omnis
1081 521 1364 578 molestia
1395 521 1678 576 evitanda
1709 519 1875 576 vobis
1925 536 2009 576 aut

2141 523 2478 573 κακοποιεῖν.
2511 519 2663 574 Ἐπεὶ
2712 516 2770 573 δὶ
2809 519 2898 573 καὶ
2955 521 2990 588 ἡ
3047 517 3272 589 τοιαύτη
3335 518 3563 595 ἐπιταγὴ
3619 519 3784 574 πόνον

370 623 493 674 ctor
525 617 756 672 fuerim.

446 903 532 956 15.
567 901 650 955 Ita
675 914 810 953 vero
856 913 917 952 se
965 912 1058 951 res
1106 895 1303 951 habet.
1336 895 1399 949 In
1445 893 1576 949 vitae
1627 893 1903 949 solatium
1955 908 2022 946 ac

371 991 823 1046 allevamentum
874 985 1155 1040 animalia
1185 999 1360 1055 opera
1392 983 1682 1052 gestantis
1727 987 1784 1037 et
1828 980 2024 1036 homi-

367 1095 510 1135 num
542 1093 730 1150 genus
761 1075 1387 1144 invenerunt,quorum
1417 1070 1531 1126 alia
1562 1087 1795 1127 servum
1822 1085 2021 1141 pecus,

365 1169 466 1224 alii
499 1165 766 1222 mercede
797 1163 1071 1219 conducti
1099 1179 1276 1233 opera
1304 1168 1536 1226 navant,
1558 1160 1639 1214 ita
1674 1164 1738 1214 ut
1767 1157 2026 1213 dominis

362 1259 480 1314 otio
511 1256 689 1310 vitam
718 1253 1046 1323 transigere
1087 1267 1254 1306 suam
1289 1250 1478 1304 liceat.
1514 1247 1716 1303 Simile
1746 1246 1887 1319 quid
1919 1262 2024 1317 ego

359 1361 596 1418 quoque
628 1359 735 1398 vos
779 1345 844 1396 ut
893 1339 1125 1395 faciatis
1156 1355 1384 1402 moneo,
1418 1337 1688 1392 homines
1737 1351 2024 1407 pauperes

362 1439 538 1506 atque
570 1447 786 1504 egenos
818 1429 888 1484 ad
924 1427 1214 1500 ejusmodi
1241 1426 1477 1482 servitia
1499 1425 1898 1490 conducendo,
1925 1424 2024 1494 qui

364 1524 569 1580 utilem
614 1521 779 1576 vobis
830 1534 1066 1591 operam
1119 1519 1424 1589 praestent;
1476 1515 1576 1570 Dei
1625 1530 1824 1570 servos
1874 1513 2023 1581 dico,

366 1613 468 1682 qui
498 1609 596 1665 vili
631 1607 901 1663 mercede
933 1610 1169 1674 accepta
1190 1603 1358 1658 duris
1389 1602 1779 1673 accinguntur
1811 1599 2026 1655 labori-

366 1702 499 1757 bus.
535 1698 604 1754 Hi
657 1710 916 1767 namque
947 1694 1042 1748 Dei
1076 1692 1394 1764 imaginem
1428 1708 1542 1762 prm
1592 1707 1654 1744 se
1706 1691 1896 1745 ferunt
1927 1704 2028 1744 eos

367 1787 752 1862 protegentis,
783 1791 836 1839 el
888 1797 1066 1839 onera
1112 1784 1342 1853 portare
1373 1779 1728 1848 didicerunt,
1763 1783 1820 1833 et
1860 1778 2026 1850 quie-

2129 601 2250 682 ἔχει
2283 612 2516 682 (μοχθεῖ
2543 607 2643 682 γὰρ
2677 609 2704 662 6
2759 608 2846 662 καὶ
2899 606 3090 672 ἐσθίων
3145 609 3235 663 καὶ
3279 608 3447 663 πίνων
3478 605 3668 664 πολλά
3696 626 3788 680 καὶ

2129 695 2662 772 χρηματιζόμενος),

2132 806 2161 835 ι(
2193 784 2505 839 ἀκοπίατον.
2541 809 2569 837 ››

2750 694 3029 770 μεθοδεύω
3119 698 3242 770 ὑμῖν
3304 695 3530 753 ἐνταῦθα
3578 699 3667 754 καὶ
3723 701 3790 754 τὸ

2206 891 2281 948 ιε’.
2341 891 2410 945 Τὸ
2469 888 2538 944 δι’
2570 888 2709 946 ἔστιν
2743 888 2886 967 ἔχων
2918 891 3110 956 οὕτως.
3141 892 3551 964 Ἐπινενόηνται
3581 899 3700 956 τοῖς
3731 892 3786 949 ἐν

2137 980 2238 1054 βίῳ
2281 979 2567 1056 ἀχθοφόρα
2617 985 2727 1049 ζῶα
2770 979 2938 1036 λοιπᾶ
2983 982 3074 1036 καὶ
3133 982 3400 1054 πρόσωπα
3450 980 3526 1053 δὲ,
3575 984 3643 1037 τὰ
3691 984 3787 1056 μὲν

2135 1066 2383 1136 δουλικὰ,
2442 1069 2509 1123 τὰ
2539 1066 2596 1122 δὲ
2631 1073 2826 1141 μισθοῦ
2862 1072 3190 1146 μοχθοῦντα,
3227 1068 3295 1125 δι’
3325 1073 3401 1124 ὧν
3457 1073 3507 1125 οἱ
3531 1068 3788 1127 δέσποται

2139 1156 2253 1231 βίον
2311 1151 2587 1231 τρίϐουσιν
2643 1156 2861 1214 ἄπονον.
2916 1163 3174 1213 Τοιοῦτον
3237 1157 3302 1230 δή
3352 1181 3403 1214 τι
3454 1159 3601 1236 κάγὼ
3657 1161 3787 1233 ὑμῖν

2134 1250 2309 1300 ποιεῖν
2339 1245 2685 1318 ὑποτίθεμαι.
2746 1247 2817 1300 Τὸ
2873 1245 2929 1302 δέ
2987 1246 3095 1302 ἐστι
3159 1249 3530 1320 μισθώσασθαι
3569 1249 3791 1311 ἑαυτοῖς

2135 1333 2260 1396 τοὺς
2331 1333 2563 1404 πένητας
2621 1337 2707 1390 καὶ
2761 1335 3020 1412 πτωχοὺς
3071 1335 3144 1398 εἷς
3191 1337 3252 1392 τὸ
3300 1342 3546 1392 τοιοῦτον
3598 1336 3785 1413 ἔργον,

2134 1422 2260 1484 τοὺς
2323 1423 2766 1499 ἀχθοφοροῦντας
2818 1425 2885 1479 τὰ
2940 1427 3076 1498 ἡμῖν
3136 1428 3422 1500 σωτήρια,
3500 1425 3630 1488 τοὺς
3688 1432 3791 1482 τοῦ

2137 1515 2270 1566 Θεοῦ
2329 1510 2580 1586 ἐργάτας,
2638 1512 2765 1574 τοὺς
2831 1513 3174 1589 βραχυτάτου
3203 1514 3490 1590 μισθαρίου
3523 1513 3788 1590 διαπρατ-

2135 1601 2396 1672 τομένους
2451 1601 2518 1654 τὰ
2573 1605 2670 1655 τοῦ
2713 1603 2910 1662 παντὸς
2955 1602 3093 1674 ἄξια,
3161 1603 3288 1666 τοὺς
3343 1604 3622 1678 προσώπῳ
3653 1607 3795 1658 Θεοῦ

2140 1687 2589 1766 ἐπιφαινομένους
2647 1691 2806 1763 ἡμῖν,
2867 1691 2940 1744 ὧν
2998 1691 3062 1745 τὸ
3091 1688 3260 1745 καλὸν
3293 1691 3587 1745 οἰκειοῦται
3632 1693 3790 1764 Θεὸς,

2137 1778 2266 1838 τοὺς
2316 1774 2731 1854 δεδιδαγμένους
2798 1777 2964 1854 α’ίρειν
3023 1778 3258 1857 φόρτους
3311 1780 3617 1852 τοιούτους,
3661 1781 3794 1843 τοὺς

364 1885 482 1936 tem
512 1879 787 1942 sumunt,
821 1874 965 1929 dum
1015 1887 1124 1926 nos
1173 1870 1308 1942 ipsi,
1342 1868 1618 1924 oneribus
1651 1867 1896 1935 curvati,
1930 1883 2009 1923 eo:

2138 1865 2506 1928 ἀναπαύοντας
2542 1913 2556 1938 ,
2612 1865 2761 1942 εἷ’περ
2818 1872 3115 1929 κοπιῶντες
3162 1871 3325 1940 ἡμεῖς
3384 1869 3474 1924 καὶ
3529 1891 3795 1947 πεφορτι-

363 1969 617 2026 adimus.
654 1964 752 2020 His
801 1965 1000 2017 nostra
1041 1958 1481 2030 impertiamus;
1516 1957 1608 2012 his
1641 1956 1699 2011 id
1752 1972 1868 2027 quo
1915 1972 2009 2012 nos

2137 1955 2323 2026 σμένοι
2382 1954 2771 2029 προσέλθωμεν
2835 1955 3040 2018 αὐτοῖς.
3095 1957 3316 2018 Τούτοις
3372 1957 3653 2032 ἀναθῶμεν
3722 1958 3795 2014 τὰ

358 2054 913 2128 superabundamus
954 2046 1250 2120 aequitatis
1297 2046 1521 2100 ratione
1552 2044 1754 2099 habita
1803 2043 2009 2116 largia-

2133 2043 2396 2118 ἡμέτερα,
2441 2042 2660 2098 τούτοισ
2709 2042 3081 2118 ἐπιτρέψωμεν
3143 2049 3250 2100 τῶν
3303 2045 3354 2100 έν
3408 2048 3545 2118 ἡμῖν
3604 2068 3794 2119 περιτ-

359 2161 512 2202 mur.
547 2141 774 2198 Etenim
825 2139 884 2192 id
925 2153 1030 2209 pro
1079 2141 1238 2191 certo
1297 2133 1584 2199 habeatis,
1616 2133 1855 2204 quando
1914 2133 2009 2189 hos

2129 2136 2258 2200 τῶν,
2288 2131 2387 2186 ὅσα
2437 2129 2816 2208 διακρινοῦμεν
2877 2132 3173 2208 ὀρθότητος
3231 2132 3400 2208 λόγῳ.
3450 2135 3627 2207 Ἀμὴν
3682 2137 3792 2212 γὰρ

352 2227 723 2289 vestimentis
744 2225 1133 2291 induerimus,
1155 2223 1211 2278 id
1237 2223 1499 2278 futurum
1526 2237 1654 2276 esse
1680 2226 1744 2276 ut
1765 2238 1871 2276 nec
1904 2221 2018 2293 ipsi

355 2320 692 2378 molestiam
727 2314 966 2388 frigoris
1013 2314 1317 2369 obeamus.
1352 2311 1466 2366 Deo
1515 2309 1672 2365 enim
1705 2311 1882 2365 dante
1914 2327 2020 2365 nos

355 2409 730 2476 calescimus,
764 2403 1058 2476 siquidem
1093 2399 1370 2456 malitiosi
1403 2400 1473 2454 ad
1505 2399 1700 2470 ignem
1735 2403 2017 2452 aaternum

357 2495 634 2555 destinati
665 2495 857 2566 ignem
890 2507 1246 2548 consumens
1278 2488 1565 2553 accendit,
1593 2487 1790 2558 probis
1822 2492 2016 2542 autem

359 2588 609 2645 calorem
643 2587 908 2640 amanter
950 2579 1232 2652 impertit,
1265 2577 1385 2632 sole
1423 2577 1669 2648 justitiae
1699 2583 2017 2646 annuente,

359 2679 510 2735 Dum
544 2674 700 2732 enim
742 2671 824 2727 illi
858 2670 1021 2726 cibos
1073 2687 1106 2724 a
1155 2667 1326 2722 nobis
1375 2665 1602 2721 oblatos
1638 2665 2016 2732 manducant,

360 2783 469 2822 nos
497 2763 611 2836 ipsi
647 2761 935 2817 satiamur
964 2775 1078 2814 non
1112 2761 1362 2822 tantum,
1393 2755 1546 2826 quod
1580 2755 1750 2810 nobis
1782 2771 2016 2827 quoque

361 2855 432 2910 de
463 2851 588 2908 solo
619 2864 767 2920 pane
796 2847 985 2902 vivere
1019 2846 1105 2900 fas
1145 2845 1240 2910 sit,
1274 2844 1373 2899 sed
1425 2845 1562 2914 quia
1607 2860 1877 2898 summus
1909 2844 2013 2898 ali-

359 2943 696 2998 mentorum
727 2935 894 2991 dator
915 2933 1089 2988 rebus
1112 2947 1363 3004 quarum
1396 2929 1642 3002 penuria
1667 2931 2011 3002 premimur,

359 3023 866 3102 imperscrutabile
896 3023 1062 3078 offert
1087 3019 1584 3092 supplementum,
1603 3019 1756 3074 sicut
1787 3019 1846 3074 in
1880 3037 2010 3092 par-

361 3135 460 3176 cos
492 3118 705 3172 famem
738 3111 1008 3169 caninam
1059 3108 1294 3176 emittit,
1329 3125 1446 3180 qua
1491 3107 1880 3179 Erysichthon
1912 3112 2014 3163 aut

359 3205 743 3278 Harpocrates
771 3205 872 3256 aut
901 3199 1052 3255 alius
1104 3199 1251 3253 forte
1282 3201 1383 3253 aut
1429 3195 1697 3262 seleucis,
1722 3212 1847 3267 qua:
1887 3197 2010 3252 avis

359 3301 450 3354 est
499 3291 883 3350 voracissima
920 3287 1302 3354 laboraverit;
1361 3285 1578 3358 quibus
1627 3285 1905 3342 omnibus
1958 3285 2008 3341 is

361 3381 792 3457 comparandus
809 3383 898 3434 est
915 3377 1013 3450 qui
1034 3375 1197 3432 solus
1216 3375 1288 3430 ad
1309 3374 1636 3430 satietatem
1654 3390 1843 3446 usque
1859 3373 2008 3446 gulae

362 3472 651 3546 indulget.
683 3469 926 3534 Quando
974 3465 1156 3538 igitur
1186 3465 1395 3519 fratres
1427 3464 1590 3535 egeni
1624 3463 1890 3518 sitientes
1918 3463 2013 3519 bi-

366 3565 539 3632 bunt,
570 3576 678 3615 nos
707 3557 864 3614 sitim
906 3553 1204 3626 pellimus,
1237 3552 1414 3624 idque
1453 3568 1566 3606 non
1601 3549 1791 3607 solum
1820 3553 2012 3623 quoad

369 3667 602 3724 corpus,
627 3647 724 3702 ubi
747 3646 901 3702 Deus
921 3642 1154 3716 copioso
1178 3658 1284 3696 nos
1314 3640 1560 3696 humore
1589 3643 1818 3694 saturat
1844 3644 1900 3694 et
1930 3657 2016 3696 re-

362 3741 503 3807 ficit,
536 3739 618 3794 ita
652 3740 713 3792 ut
741 3750 930 3805 neque
961 3732 1144 3788 nimio
1192 3730 1333 3786 solis
1363 3730 1569 3784 ardore
1613 3728 2012 3786 incommode-

363 3848 516 3898 mur,
549 3830 650 3883 aut
683 3825 739 3880 in
775 3822 1044 3878 morbum
1096 3819 1474 3876 sudoriﬁcum
1521 3817 1875 3885 incidamus,
1911 3823 2012 3874 aut

357 3920 520 3975 inani
551 3917 764 3972 sudore
804 3911 1111 3965 humorem
1145 3909 1442 3963 internum
1474 3907 1798 3977 ejiciamus,
1832 3907 1912 3962 ita
1945 3912 2010 3964 ut

355 4013 590 4064 externo
613 4002 836 4058 influxu
862 3997 1027 4072 quasi
1053 3997 1314 4052 antidoto
1337 4012 1484 4066 opus
1510 3995 1863 4060 habeamus;
1888 3996 2006 4052 imo

356 4100 614 4158 econtra,
665 4095 730 4145 ut
777 4090 1000 4144 famosa
1052 4085 1266 4141 mulier
1318 4085 1710 4152 Samaritana,
1744 4084 2004 4141 animam

354 4184 550 4242 divino
578 4179 751 4236 latice
792 4178 1099 4232 irroratam
1146 4173 1514 4246 experiemur
1544 4173 1671 4228 sine
1703 4189 1816 4244 quo
1847 4173 1932 4228 vel
1965 4173 2005 4228 ii

354 4273 564 4330 sitiunt
589 4269 688 4341 qui
724 4265 900 4323 maris
929 4265 1078 4320 vada
1109 4263 1290 4320 ramis
1319 4261 1641 4332 trajiciunt.

345 4361 475 4416 Θεὸν
547 4356 856 4428 ἁλλομένου
915 4349 1109 4413 ὕδατος
1175 4348 1548 4425 θεραπεύοιτο,

348 4449 548 4506 λασσαν
558 4493 572 4505 .

415 4559 501 4614 16.
535 4552 816 4622 Quocirca
863 4549 911 4606 si
962 4563 1246 4620 pauperes
1279 4547 1579 4612 vestimus,
1612 4549 1671 4601 et
1724 4545 1897 4601 famis
1928 4562 1994 4601 ac
2022 4551 2069 4616 D

338 4646 469 4703 sitis
500 4641 780 4717 pellenda:
813 4653 1018 4694 ansam
1048 4636 1787 4707 praebemus,nequaquam
1820 4635 1996 4690 rebus

338 4737 410 4791 ad
428 4735 647 4790 victum
670 4726 1015 4784 necessariis
1035 4742 1140 4780 nos
1159 4724 1270 4796 ipsi
1295 4723 1615 4796 privamus,
1642 4727 1704 4778 ut
1720 4723 1996 4780 sensibus

337 4841 403 4880 ao
434 4821 696 4879 oratione
728 4817 870 4872 falsa
901 4814 1055 4887 capti
1088 4817 1426 4881 autumant;
1458 4813 1577 4868 imo
1609 4813 1830 4867 bonum
1862 4829 1990 4868 om-

337 4912 616 4971 nifariam
649 4910 707 4962 in
741 4924 846 4962 nos
877 4905 1013 4960 inde
1036 4903 1509 4974 redundat,quin
1533 4901 1675 4958 alios
1709 4903 1990 4973 privando

337 5017 445 5056 nos
476 4999 589 5072 ipsi
630 4995 1029 5060 abundemus;
1065 5009 1163 5062 per
1198 4997 1470 5046 mutuum
1516 4991 1673 5046 enim
1726 4991 1988 5047 canalem

333 5091 568 5162 utrique
598 5084 917 5142 eorundem
952 5081 1394 5136 commodorum
1436 5079 1736 5135 afﬂuentia
1762 5081 1987 5152 gaude-

332 5197 488 5236 mus.
519 5177 613 5234 Sic
644 5175 824 5247 igitur
854 5188 959 5226 nos
989 5170 1220 5241 quidem
1249 5169 1446 5224 cibum
1479 5186 1543 5224 ac
1579 5174 1782 5241 potum
1813 5168 1985 5224 vesti-

332 5272 666 5338 mentaque,
703 5263 760 5317 id
794 5263 882 5316 est
929 5274 1022 5314 res
1064 5256 1222 5328 parvi
1258 5255 1554 5312 faciendas
1606 5254 1724 5310 illis
1761 5256 1984 5326 praebe-

329 5374 492 5423 mus;
527 5354 627 5427 qui
675 5369 744 5408 ea
790 5365 918 5422 qua:
976 5346 1145 5402 nobis
1203 5346 1437 5412 debent,
1472 5362 1604 5401 cum
1667 5342 1983 5415 multiplici

326 5447 497 5502 nobis
561 5459 742 5498 usura
810 5437 1084 5502 reddunt,
1145 5434 1260 5490 Deo
1318 5434 1718 5506 omnipotente
1779 5432 1983 5489 arrhas

325 5552 428 5607 pro
480 5532 591 5604 ipsi
653 5529 964 5602 praebente,
997 5524 1093 5595 qui
1154 5523 1504 5579 beneficium
1551 5523 1609 5577 in
1660 5537 1980 5594 pauperem

323 5641 424 5694 rep
485 5617 949 5676 misericordiam
1009 5611 1288 5668 collatum
1341 5611 1798 5683 aaquiponderat.
1856 5609 1980 5667 Huc

319 5709 548 5766 accedit
579 5706 733 5777 quod
757 5703 974 5775 quibus
996 5698 1346 5756 beneﬁcium
1369 5701 1571 5756 datum
1606 5699 1734 5767 fuit,
1759 5697 1978 5754 datoris

2133 2218 2275 2295 λέγω
2339 2221 2490 2292 ὑμῖν,
2546 2219 2758 2276 τούτων
2792 2217 3152 2294 ἐνδυομένων,
3201 2225 3363 2294 ἡμεῖς
3421 2219 3545 2278 οὔτε
3573 2243 3788 2300 φορτη-

2129 2312 2333 2382 γοῦμεν
2366 2307 2426 2362 ἐκ
2481 2314 2760 2383 περιττοῦ,
2809 2309 2898 2364 καὶ
2957 2307 3081 2364 οὐδὲ
3115 2309 3398 2385 ῥιγοῦμεν.
3439 2309 3649 2366 Θάλπει
3679 2313 3787 2386 γὰρ

2128 2400 2276 2469 ἡμᾶς
2327 2398 2356 2454 6
2387 2397 2534 2466 Θεὸς,
2591 2403 2706 2459 τοῖς
2766 2398 2859 2470 μὲν
2887 2403 2983 2452 τοῦ
3022 2402 3266 2473 πονηροῦ
3319 2403 3425 2472 πῦρ
3479 2400 3783 2456 καταναλί-

2127 2507 2252 2540 σκον
2285 2484 2662 2558 ἐξαπτόμενος,
2727 2489 2808 2548 οἷς
2851 2487 2938 2540 καὶ
2969 2487 3030 2541 τὸ
3061 2486 3281 2541 αἰώνιον
3325 2481 3608 2562 ἐπιϐρέμει
3642 2493 3776 2563 πῦρ,

2126 2579 2242 2637 τοῖς
2295 2572 2351 2628 δὲ
2409 2574 2628 2650 ἀγαθοῖς
2659 2573 2922 2650 θαλπωρὴ
2981 2575 3314 2650 αὐτόχρημα
3357 2573 3451 2629 ὢν·
3515 2575 3629 2631 ἐπεὶ
3684 2578 3779 2632 καὶ

2128 2660 2474 2734 δικαιοσύνης
2531 2661 2966 2742 πεφιλοσόφηται
3016 2663 3212 2732 ἥλιος.
3269 2664 3520 2720 Έκείνων
3572 2665 3782 2720 ἐσθιόν-

2123 2756 2232 2805 τῶν
2262 2751 2328 2806 τὰ
2387 2748 2455 2804 δι’
2497 2753 2656 2823 ἡμῶν
2715 2752 3124 2826 χορηγούμενα,
3157 2755 3320 2824 ἡμεῖς
3378 2753 3776 2829 κορεννύμεθα,

2125 2839 2186 2893 ού
2251 2839 2433 2912 μόνον,
2484 2835 2668 2894 καθότι
2696 2837 2826 2896 ούδὶ
2881 2843 3026 2913 ἡμᾶς
3081 2839 3168 2895 ἐπὶ
3199 2839 3346 2916 ἄρτῶ
3375 2843 3528 2914 μόνῳ
3563 2846 3659 2916 ζῇν
3690 2841 3784 2898 ἐλ-

2124 2929 2297 2998 πίζειν
2353 2927 2567 3003 πρέπει,
2599 2927 2745 2983 ἀλλὰ
2791 2928 2881 2982 καὶ
2940 2929 3024 2984 ὅτι
3077 2927 3394 3004 παραδόξως
3435 2931 3463 2984 6
3518 2932 3779 3006 μέγιστος

2125 3014 2409 3087 σιτοδότης
2479 3015 2792 3093 ἀναπληροῖ
2837 3017 2899 3072 τὸ
2959 3016 3154 3086 ἐνδέον,
3213 3019 3290 3080 ὡς
3346 3017 3445 3073 οὐκ
3494 3019 3555 3073 ἃν
3607 3023 3778 3094 ἡμεῖς

2127 3106 2413 3178 μάθοιμεν·
2475 3104 2654 3180 ὥσπερ
2713 3104 2778 3160 αὖ
2834 3103 2997 3160 πάλιν
3031 3105 3346 3182 ἀποκληροῖ
3384 3112 3502 3169 τοῖς
3563 3108 3774 3180 ἀμετα-

2125 3195 2304 3259 δότοις
2333 3198 2433 3265 τὴν
2491 3197 2803 3273 βούπειναν,
2852 3199 2913 3266 ἣν
2947 3199 3282 3274 Ἐρυσίχθων
3313 3220 3397 3260 τις
3427 3199 3642 3270 νοσοίη,
3676 3201 3772 3256 καὶ

2122 3286 2450 3362 Ἀρποκρᾶς,
2483 3287 2518 3354 ἡ
2580 3283 2752 3347 ἄλλος
2807 3307 2891 3349 τις
2946 3284 3025 3364 ἐφ’
3082 3287 3297 3360 ὁμοίοις
3352 3285 3773 3360 θρυλλούμενος

2120 3374 2209 3428 καὶ
2239 3371 2482 3436 σελευκὶς
2514 3370 2571 3428 δὲ
2597 3374 2658 3428 τὸ
2687 3373 2740 3428 ἐν
2784 3379 3009 3445 πτηνοῖς
3069 3375 3400 3451 βορώτατον,
3451 3379 3534 3438 οἷς
3590 3398 3773 3452 παρα-

2123 3458 2356 3532 ϐλητέος
2412 3463 2440 3516 6
2485 3461 2559 3524 εἷς
2616 3463 2778 3537 κόρον
2831 3468 3174 3540 μονοφαγῶν.
3233 3466 3351 3519 Ἔτι
3379 3469 3484 3520 τῶν
3517 3467 3769 3536 πενήτων

2121 3548 2370 3628 ἀδελφῶν
2405 3549 2830 3628 ἐμφορουμένων
2875 3550 3110 3622 πόσεως,
3156 3549 3320 3626 δίψης
3377 3549 3578 3628 ἔχομεν
3638 3555 3771 3620 ἄκος

2121 3641 2304 3712 ἡμεῖς,
2337 3639 2425 3694 καὶ
2462 3643 2622 3693 τοῦτο
2655 3638 2716 3693 ού
2760 3639 2923 3712 μόνον
2977 3640 3112 3694 κατὰ
3150 3644 3310 3712 σῶμα
3357 3640 3443 3694 οἶα
3487 3645 3586 3694 τοῦ
3633 3647 3770 3697 Θεοῦ

2120 3725 2384 3797 πολυειδῆ
2450 3729 2660 3804 βροχὴν
2709 3727 3104 3802 ὑπεριστῶντος
3171 3730 3357 3801 ἡμῶν,
3415 3729 3505 3783 καὶ
3563 3729 3772 3802 ἀναψύ-

2118 3837 2339 3892 χοντος,
2395 3819 2478 3879 οἷς
2529 3814 2650 3872 οὕτε
2697 3815 2932 3871 καύσωνι
2965 3817 3404 3892 πυρακτούμεθα,
3436 3817 3599 3872 νόσου
3626 3839 3773 3894 προ-

2117 3904 2465 3978 καλουμένης
2525 3903 2710 3981 ῥανίδα
2767 3902 3146 3980 δροσίζουσαν,
3206 3902 3330 3960 οὔτε
3385 3903 3662 3980 ἱδροῦντες
3712 3908 3767 3963 ἐν

2115 3999 2316 4062 κενοῖς,
2347 3992 2436 4048 καὶ
2465 3994 2526 4048 τὸ
2554 3993 2604 4048 ἐν
2636 3996 2773 4066 ἡμῖν
2813 3993 2987 4055 οὕτως
3038 3995 3200 4068 ὑγρὸν
3261 3994 3654 4073 ἐξατμίζοντες,
3687 3997 3766 4060 ὡς

2117 4079 2321 4137 δέεσθαι
2377 4089 2476 4152 τῆς
2533 4079 2723 4152 ἔξωθεν
2780 4082 3162 4160 ἀντεπιῤῥοῆς,
3213 4083 3292 4161 ἐφ’
3341 4084 3386 4155 ᾦ
3435 4085 3574 4159 πρὸς
3637 4085 3768 4139 ἅνα-

2113 4169 2400 4246 πλήρωσιν
2457 4172 2770 4248 τέγγεσθαι³
2832 4169 2978 4228 ἀλλὰ
3051 4171 3140 4227 καὶ
3217 4173 3411 4245 ἑτέρως
3469 4174 3608 4226 κατά
3658 4174 3762 4241 τὴν

2114 4259 2435 4335 περίκλυτον
2497 4265 2847 4333 Σαμαρεῖτιν,
2899 4261 2974 4323 ὡς
3033 4260 3093 4314 ’ὰν
3145 4263 3297 4336 ψυγή
3353 4258 3442 4316 διὰ
3467 4266 3567 4316 τοῦ
3624 4263 3763 4317 κατὰ

1629 4347 1691 4403 οῦ
1761 4347 2078 4424 στερόμενοι
2131 4346 2358 4424 διψῶσιν
2417 4350 2469 4403 οἱ
2520 4349 2618 4418 τὴν
2669 4347 2919 4425 ἁλμυρὰν
2980 4354 3078 4405 τοῦ
3141 4349 3264 4426 βίου
3316 4350 3603 4423 τέμνοντες
3660 4350 3758 4405 θάη-

2175 4545 2260 4608 ις’.
2295 4542 2392 4599 Καὶ
2446 4545 2588 4600 οὕτω
2649 4543 2746 4618 μὲν
2801 4548 2912 4600 τῶν
2971 4546 3216 4615 πενήτων
3285 4543 3760 4622 ἀμφιεννυμένων,

2105 4633 2194 4688 καὶ
2244 4634 2311 4688 τὰ
2365 4633 2418 4696 ἐς
2473 4635 2681 4712 τροφὴν
2741 4632 2990 4709 ἑκατέραν
3059 4638 3472 4709 προσιεμένων,
3536 4637 3620 4696 οἷς
3676 4633 3759 4690 δι-

2103 4723 2273 4788 καίως
2328 4723 2658 4797 πονούμενοι
2722 4721 3134 4797 μεταδιδόαμεν,
3169 4725 3271 4779 οὐκ
3316 4723 3647 4798 έλαττοῦμεν
3689 4726 3756 4781 τὰ

2101 4810 2153 4876 ἐς
2187 4814 2352 4882 ζωὴν,
2414 4813 2488 4874 ὡς
2544 4819 2659 4874 τοῖς
2716 4810 2956 4875 πολλοῖς
3006 4813 3266 4890 φαίνεται,
3327 4813 3753 4887 ἀποσκοπουμέ-

2099 4921 2214 4963 νοις
2247 4902 2384 4976 πρὸς
2416 4897 2660 4972 οἷ’σθησιν
2693 4899 2923 4976 ἄλογον.
2973 4899 3147 4957 Ἀλλᾶ
3175 4902 3236 4956 τὸ
3292 4901 3634 4958 καινότατον·
3688 4905 3748 4959 τὸ

2100 4988 2298 5044 ἐκεῖθεν
2358 4989 2550 5065 ἀγαθὸν
2617 4988 3059 5067 μεταῤῥυίσκεται
3119 4989 3197 5053 εἷς
3253 4993 3435 5064 ἡμᾶς,
3496 4991 3560 5046 οὐ
3614 4992 3749 5067 πρὸς

2097 5077 2359 5155 ἀναρῥουν
2439 5080 2810 5152 ἀνακάμπτον,
2886 5079 2961 5142 ὡς
3034 5079 3548 5152 ἀντιπεριστάσεως,
3594 5077 3745 5155 λόγῳ

2091 5165 2329 5230 ἐκείνους
2392 5169 2485 5242 μὲν
2527 5167 2795 5241 ἐκκενοῦν,
2854 5171 3002 5242 ἡμᾶς
3053 5165 3110 5224 δὶ
3140 5167 3440 5242 ἐμπιπλᾶν,
3474 5168 3622 5224 ἀλλὰ
3655 5169 3742 5224 καὶ

2095 5255 2319 5319 ἐκείνοις
2353 5254 2421 5312 δι’
2477 5260 2638 5331 ἡμῶν
2697 5258 2787 5312 καὶ
2831 5260 2968 5331 ἡμῖν
3023 5255 3175 5322 αὖθις
3201 5255 3269 5313 δι’
3301 5257 3518 5313 ἐκείνων
3550 5257 3740 5334 ἐποχε-

2091 5346 2408 5421 τευόμενον,
2440 5348 2529 5402 καὶ
2562 5347 2903 5424 ἀπεπιρῥέον
2957 5348 3021 5403 τὸ
3069 5351 3371 5424 χρήσιμον.
3406 5348 3514 5404 Καὶ
3571 5348 3736 5409 οὕτως

2092 5433 2501 5500 ἀνταποδόσεως
2562 5435 2711 5512 λόγῳ
2768 5439 2932 5510 ἡμεῖς
2997 5437 3090 5510 μὲν
3136 5438 3226 5492 καὶ
3274 5436 3620 5512 ψωμίζομεν,
3653 5435 3733 5490 καὶ

2089 5524 2527 5598 ποτίζομεν,καί
2583 5525 2947 5604 ἀμφιέννυμεν
3009 5526 3245 5589 ἐκείνους
3291 5525 3381 5581 καὶ
3437 5525 3596 5600 ὀλίγα
3649 5524 3727 5578 καὶ

2093 5613 2332 5690 βραχέος
2367 5615 2533 5692 λόγου
2562 5618 2679 5690 ἄξια
2710 5617 2798 5671 καὶ
2849 5615 2901 5671 ἐν
2947 5620 3232 5691 σωματικῇ
3287 5617 3591 5692 βραχύτητι
3637 5634 3724 5668 κα-

2089 5703 2397 5777 θορώμενα·
2436 5703 2636 5759 ἐκεῖναι
2694 5701 2751 5759 δὲ
2823 5707 2958 5779 ἡμῖν
3039 5703 3398 5762 ἀλλάττονται
3463 5704 3580 5778 μὶν,
3641 5699 3722 5755 καὶ
