4114 6200
368 359 489 422 689

1378 364 1456 424 IN
1503 367 1568 426 S.
1616 366 2299 438 QUADRAGESIMAM
2345 369 2641 430 ORATIO
2687 370 2790 430 ιν.

3661 366 3780 428 690

365 488 464 544 ὅσα
516 487 747 564 ἔλαχον,
806 488 884 551 εἷς
939 491 1381 562 πολλαπλάσιον,
1440 495 1634 556 τόκους
1703 515 2008 569 προσεπιτι·

2137 503 2415 566 mentem,
2473 503 2539 554 ut
2581 503 2668 555 tas
2719 503 2830 566 est,
2871 499 3034 570 justo
3088 497 3344 568 pondere
3399 495 3774 564 metiuntur;

364 578 543 642 θᾶντες
593 575 682 632 διὰ
733 579 823 633 τὸν
883 579 1077 642 αὐτοὺς
1158 579 1495 657 ἐγγυώμενον
1555 583 2012 660 ἀπειροτάλαντον

361 664 780 737 οἰκοδεσπότην,
813 668 871 729 ’ὸς
901 666 1227 742 ἐλεουμένου
1258 676 1486 747 πτωχοῦ
1544 672 1620 733 εἰς
1680 673 1880 726 οἰκεῖον
1924 671 2018 728 δά-

358 778 499 812 νειον
563 758 816 835 ἑγγράφει
870 759 963 813 τὸν
1020 757 1193 814 ἔλεονο
1227 758 1733 835 προσεπιϐάλλουσι
1793 761 1850 817 δὲ
1900 769 2017 825 τοῖς

355 847 499 919 πρὸς
531 844 780 916 αἴσθησιν
822 847 912 902 καὶ
941 849 1009 902 τὰ
1055 849 1340 922 νοούμενα.
1377 850 1477 906 Καὶ
1538 852 1644 922 μὴν
1703 853 1840 927 πρὸς
1895 851 2017 906 τού-

353 956 476 997 τοις
507 935 819 1010 Θησαυροὺς
871 936 1237 1006 πληθύνεσθαι
1271 939 1324 993 οἱ
1354 937 1504 994 αὐτοὶ
1563 945 1810 994 ποιοῦσιν
1852 944 2015 1013 ἡμῖν,

354 1024 450 1078 ὅτε
497 1025 589 1078 καὶ
653 1025 842 1100 μικρὸν
906 1023 1214 1102 ἀργυρίδιον
1269 1027 1303 1096 ἢ
1336 1027 1481 1083 ἀλλά
1523 1028 1753 1104 χαλκίον
1810 1024 2014 1085 ὀϐολοῦ

355 1112 548 1175 αὐτοῖς
606 1111 1088 1188 ἰνδαψιλευόμεθα.
1139 1113 1602 1190 Χρηματιζὸμεθα
1655 1119 1758 1194 γὰρ
1810 1117 1871 1173 ἐκ
1916 1123 2013 1173 τοῦ

354 1201 756 1275 παμπλοοσίου
788 1207 942 1275 Θεοῦ,
966 1203 1055 1258 ὅτε
1083 1203 1172 1258 καὶ
1202 1203 1448 1260 τοιοῦτόν
1480 1227 1531 1260 τι
1580 1212 1694 1269 τοῖς
1745 1204 2012 1281 ἀδελφοῖς

356 1291 680 1364 πορίζομεν.
743 1293 931 1366 Πατὴρ
986 1294 1087 1368 γάρ
1148 1291 1279 1363 ἐστι,
1338 1293 1427 1348 καὶ
1498 1295 1741 1370 πατέρων
1803 1295 2012 1350 πάντων

357 1379 590 1447 ὕπατος,
648 1378 740 1434 καὶ
821 1379 918 1434 οὐκ
978 1379 1248 1456 ἀνέχεται,
1309 1378 1380 1435 δι’
1433 1381 1592 1437 αὐτὸν
1642 1382 2011 1438 ἀποπλουτεῖν

355 1470 510 1539 ἡμᾶς
556 1473 672 1530 τοῖς
733 1465 1008 1546 ἀδελφοῖς,
1063 1470 1152 1524 καὶ
1209 1468 1366 1542 πενίᾳ
1413 1469 1483 1544 τῇ
1532 1473 1648 1526 καθ’
1701 1475 1852 1545 ἡμᾶς
1907 1475 2006 1542 τὴν

355 1556 578 1611 ἐκείνων
637 1556 1118 1633 ἐκθεραπεύεσθαι’
1181 1557 1325 1614 ἀλλά
1380 1580 1432 1613 τι
1503 1557 1762 1631 διδόντες,
1817 1560 2007 1616 πλεῖον

2127 587 2419 642 nummuli
2477 589 2736 660 argentei
2773 592 2873 642 aut
2904 586 3055 642 oboli
3087 585 3401 657 erei,quod
3434 583 3578 656 ipsis
3609 584 3776 639 dedi-

2129 676 2417 744 mus,loco
2435 677 2741 733 thesauros
2773 683 3003 731 nostros
3037 676 3281 747 largiter
3311 675 3768 746 augmentaudo.

2128 771 2281 821 Deus
2312 767 2490 833 enim,
2523 769 2692 837 cujus
2725 767 3024 820 immensa:
3057 771 3196 820 sunt
3242 764 3478 833 divitiae,
3526 763 3586 816 id
3617 762 3772 833 quod

2125 854 2404 910 fratribus
2433 854 2801 919 donavimus,
2834 872 2967 909 cum
3028 869 3207 908 usura
3265 853 3434 909 nobis
3494 850 3768 906 restituit.

2127 942 2293 998 Pater
2322 943 2480 999 enim
2511 949 2600 998 est
2620 945 2788 1014 isque
2813 944 3079 998 omnium
3105 947 3339 1014 patrum
3374 956 3648 996 summus
3670 940 3772 1010 qui

2123 1049 2237 1087 non
2268 1033 2392 1087 vult
2424 1049 2528 1088 nos
2553 1034 2725 1088 rebus
2759 1033 3010 1104 propriis
3040 1048 3148 1087 nos
3179 1030 3521 1102 spoliantes,
3556 1028 3616 1082 in
3648 1027 3772 1082 illo-

2123 1139 2252 1176 rum
2285 1138 2384 1177 eas
2415 1122 2788 1177 commodum
2813 1119 3141 1187 vertere,ita
3168 1125 3232 1174 ut
3262 1119 3342 1174 iili
3374 1134 3478 1189 per
3507 1117 3767 1189 inopiam

2121 1215 2380 1267 nostram
2415 1210 2894 1273 ditescant.0uod
2927 1208 3084 1265 enim
3117 1207 3556 1272 dedimus,cum
3586 1221 3769 1262 usura

2120 1299 2330 1365 reddit,
2364 1304 2422 1355 et
2449 1299 2549 1354 ubi
2580 1299 2637 1353 in
2673 1298 2863 1369 parvis
2895 1297 3096 1352 ﬁdeles
3127 1314 3233 1352 nos
3265 1302 3536 1367 expertus
3559 1300 3769 1363 est,su~

2121 1403 2224 1458 per
2253 1389 2477 1458 majora
2508 1404 2615 1443 nos
2649 1386 2830 1458 ponit,
2863 1391 2922 1442 et
2949 1391 3180 1441 tantum
3212 1387 3378 1440 abest
3425 1389 3490 1439 ut
3536 1388 3767 1439 nostra-

2119 1492 2251 1531 rum
2283 1493 2480 1531 rerum
2508 1477 2800 1547 jacturam
2835 1476 3142 1542 faciamus,
3195 1479 3261 1529 ut
3309 1473 3551 1528 meliora
3579 1487 3766 1543 eaque

2116 1565 2428 1621 innumera
2458 1565 2904 1636 redipiscamur.

356 1641 865 1720 ἀντιλαμϐάνομεν.
924 1645 1178 1702 Μάλιστα
1239 1647 1333 1719 μὶν
1389 1646 1480 1702 οὗν
1543 1647 1631 1702 ἐπὶ
1693 1649 1851 1724 ὀλίγα
1905 1650 2089 1706 πιστοὶ
2141 1652 2416 1728 φανέντες,
2459 1651 2546 1707 ἰπὶ
2601 1649 2829 1706 πολλῶν
2885 1649 3290 1723 καθιστάμεθα·
3338 1651 3428 1703 καὶ
3485 1649 3597 1722 ἅμα
3649 1645 3762 1717 ἐξαν

350 1735 615 1807 τλοῦμεν,
649 1736 760 1807 ἅμα
786 1734 1044 1809 ἐπεισρέει
1075 1735 1142 1790 τά
1169 1737 1466 1812 κρείττονα,
1499 1739 1585 1791 καὶ
1621 1737 1753 1792 αὗτὰ
1783 1738 1860 1800 εἷς
1896 1739 2316 1814 μυριοπλάσιον.

429 1824 514 1891 ιζ’.
548 1823 656 1879 Καὶ
721 1820 861 1894 ἰδοὺ,
925 1821 1236 1896 μεθώδεοσα
1282 1825 1531 1894 νηστείαν
1589 1827 1716 1899 ὑμῖν
1775 1827 1866 1881 καὶ
1920 1825 2004 1881 ἔν-

2187 1833 2271 1886 17.
2304 1831 2446 1886 Hinc
2475 1836 2715 1902 apparet
2746 1831 2898 1902 quod
2921 1830 3216 1902 jejunium
3250 1832 3306 1884 et
3345 1827 3760 1884 abstinentiam

354 1909 526 1982 δειαν,
558 1918 766 1989 τρυφῆς
823 1911 995 1966 αἰτίαν
1029 1913 1116 1966 καὶ
1166 1911 1653 1987 πλουτισμοῦ,⁹ίνα
1715 1916 1790 1989 μή
1841 1917 2004 1989 μόνον

2124 1919 2902 1992 ρι’ωεοι-ἰὺθηάο,ἀίνὶιίωιυῐη
2919 1920 3410 1992 acquirendarum
3429 1915 3756 1972 vobisviam

359 1994 605 2054 σάϐϐατα
640 2000 879 2078 τρυφερὰ
926 1999 1166 2075 λέγοιτο,
1200 2001 1346 2057 ἀλλὰ
1401 2003 1492 2057 καὶ
1551 2005 1828 2076 νήστευμα
1884 2009 2010 2059 τοῦ-

354 2110 420 2144 το
480 2088 786 2165 τρυφηλὸν,
844 2089 1128 2165 ἳσχναθσις
1185 2089 1528 2165 λιπαίνουσα,
1584 2094 1810 2155 κένωσις
1863 2092 2010 2164 πλή-

354 2180 548 2247 θουσα,
580 2173 752 2232 ἔνδεια
781 2177 1175 2242 πλουτοποιός.

432 2374 526 2444 ιη’.
555 2375 670 2430 Ἵνα
697 2371 754 2428 δὲ
785 2373 874 2429 καὶ
906 2371 1095 2439 ἄλλως
1133 2369 1501 2448 ἐπιϐαλοῦμεν
1559 2381 1682 2438 τοῖς
1739 2375 1945 2442 αὐτοῖς,
1972 2378 2008 2446 ἡ

347 2463 582 2533 τοιαύτη
617 2462 835 2534 νηστεία
867 2460 1016 2518 δοκεῖ
1059 2465 1154 2537 μὲν
1207 2469 1327 2526 τοῖς
1385 2461 1667 2526 ἁπλοϊκῶς
1717 2470 2008 2538 θεωροῦσιν

348 2551 556 2606 ἐνιαῖον
615 2550 782 2606 καλὸν
847 2553 1006 2619 εἶναι,
1037 2555 1126 2608 καὶ
1187 2555 1359 2616 οὕτως
1408 2554 1830 2629 εὖπερίληπτον,
1863 2555 1896 2622 ἢ
1932 2553 2013 2608 εὐ-

348 2641 744 2716 περίγραπτον.
775 2643 854 2698 Τὸ
888 2639 932 2696 δ’
961 2640 1147 2704 ἄλλως
1192 2640 1306 2718 ἔχει
1359 2644 1497 2718 πρὸς
1547 2643 1805 2713 ἀληθείας
1857 2640 2009 2717 ἀκρί-

352 2725 529 2784 ϐειαν.
563 2732 676 2801 Μιᾷ
712 2730 813 2805 γὰρ
862 2729 1030 2804 ταύτῃ
1061 2732 1401 2808 θεοφυτεύτῳ
1453 2731 1575 2807 ῥίζῃ
1624 2733 1713 2786 καὶ
1759 2731 1833 2786 ἐνὶ
1888 2730 2012 2786 τού-

353 2839 440 2889 τῳ
499 2817 701 2892 εὐγενεῖ
755 2819 984 2893 πρέμνῳ
1038 2817 1233 2874 κλάδοι
1321 2819 1502 2896 μυρίοι
1583 2819 2011 2876 ἐπανατέλλουσι

353 2903 669 2974 σπουδαῖοι,
707 2907 947 2981 καρποὺς
1007 2907 1211 2982 ἀρετῶν
1271 2907 1414 2964 ὅλων
1470 2908 1889 2985 προϊσχόμενοι,
1921 2908 2011 2963 καὶ

348 2993 696 3057 τελειοῦντες
745 2996 820 3058 εἰς
870 2998 1116 3072 ψυχικὴν
1161 2995 1484 3054 ἀπόλαυσιν.
1539 2997 1746 3053 Αὐτίκα
1796 2999 1824 3052 ὁ
1870 2998 2011 3052 οὕτω

350 3086 705 3155 νησιωτικὸς
739 3083 1022 3161 ἅνθρωπος
1051 3087 1267 3161 ἀγάπην
1299 3086 1406 3161 πρὸ
1444 3091 1552 3141 τῶν
1604 3085 1790 3142 ἄλλων
1834 3088 2008 3158 ἠσκη-

354 3171 517 3245 μὲνος
575 3171 896 3250 ἐκφαίνεται,
951 3175 1040 3229 καὶ
1101 3173 1438 3252 φιλάδελφος
1509 3175 1642 3229 εἶναι
1705 3172 2010 3250 διαζωγραο

2122 2009 2441 2065 monstravi
2472 2033 2487 2077 ;
2519 2013 2576 2064 et
2605 2009 2759 2080 quod
2794 2025 2908 2063 non
2956 2007 3148 2063 solum
3207 2007 3278 2062 de
3335 2005 3513 2060 lautis
3547 2004 3766 2059 sabba-

2121 2098 2217 2166 tis,
2250 2099 2351 2153 sed
2383 2098 2455 2153 de
2485 2095 2814 2169 splendidis
2838 2096 3084 2167 jejuniis
3114 2100 3172 2151 et
3229 2096 3301 2149 de
3358 2092 3600 2148 materie
3631 2090 3761 2162 pin-

2121 2187 2219 2258 gui
2243 2191 2300 2242 et
2330 2186 2652 2241 inanitione
2683 2185 2980 2257 superﬂua
3012 2201 3077 2240 ac
3107 2185 3178 2240 de
3206 2183 3406 2254 in0pia
3452 2197 3577 2252 quas
3618 2180 3764 2234 divi-

2120 2281 2208 2331 tes
2239 2274 2378 2330 facit
2405 2290 2598 2330 sermo
2624 2275 2826 2344 justus
2857 2290 2984 2330 esse
3010 2273 3245 2345 poterit.

2193 2381 2278 2435 18.
2314 2380 2589 2436 Eamdem
2622 2379 2897 2451 deinceps
2928 2379 3312 2451 quaestionem
3345 2376 3456 2433 alio
3510 2375 3762 2447 quodam

2122 2471 2296 2525 modo
2325 2469 2691 2541 explanaturi
2739 2469 2992 2523 dicimus
3052 2468 3205 2539 quod
3267 2465 3317 2522 si
3361 2465 3658 2537 jejunium
3693 2462 3766 2518 iis

2121 2558 2362 2628 quirem
2412 2557 2667 2630 simplici
2705 2557 2913 2612 obtutu
2971 2556 3441 2626 complectuntur
3471 2551 3768 2623 singulare

2124 2645 2832 2718 quidpiam,indefinitum
2866 2643 3426 2716 atqueillimitatum
3449 2657 3576 2697 esse
3607 2640 3765 2694 vide-

2121 2741 2236 2801 tur,
2271 2737 2425 2807 quod
2459 2735 2696 2806 quidem
2731 2733 2931 2788 stricte
2961 2733 3187 2787 veritati
3220 2731 3615 2804 repugnat.Ex
3648 2745 3766 2782 una

2122 2824 2278 2879 enim
2313 2824 2420 2878 hac
2451 2823 2644 2878 radice
2674 2839 2707 2878 a
2737 2822 2852 2876 Deo
2892 2819 3152 2892 plantala
3199 2824 3254 2875 et
3285 2835 3353 2874 ex
3403 2819 3513 2874 hac
3565 2817 3766 2888 stipite

2122 2913 2302 2968 nobili
2336 2911 2588 2968 sexcenti
2621 2913 2946 2982 assurgunt
2992 2910 3162 2980 rami,
3213 2909 3496 2964 virtutum
3540 2908 3764 2961 fructus

2121 3001 2386 3058 omnium
2419 3000 2758 3056 exhibentes
2781 3004 2837 3054 et
2865 2999 2922 3053 in
2950 2999 3272 3068 spiritalem
3298 2997 3612 3053 fruitionen
3639 2995 3766 3050 laete

2122 3091 2425 3146 abeuntes.
2458 3089 2777 3144 Confestim
2812 3088 2991 3159 igitur
3019 3087 3196 3143 homo
3221 3087 3486 3158 jejunus,
3534 3100 3649 3156 quo
3681 3083 3765 3138 di-

2120 3179 2312 3235 ximus
2347 3178 2541 3249 modo,
2574 3176 2878 3233 charitatis
2913 3177 3141 3248 egregia
3171 3177 3304 3231 edet
3352 3173 3679 3246 specimina
3714 3175 3770 3227 et

351 3266 536 3338 φεῖται
586 3263 688 3334 (μὴ
746 3267 999 3326 τοιοῦτος
1054 3263 1152 3338 γὰρ
1196 3260 1292 3333 ὢν,
1355 3263 1453 3318 οὐκ
1509 3261 1568 3317 ἂν
1629 3263 1867 3337 Heia-gl
1901 3262 2006 3337 πρὸ

2124 3270 2367 3324 fratrum
2402 3283 2464 3323 se
2495 3271 2789 3322 amantem
2823 3264 3122 3337 praestabit
3151 3265 3329 3336 (quod
3363 3264 3413 3319 si
3444 3278 3560 3317 non
3591 3264 3770 3328 esset,

351 3347 413 3404 δὲ
461 3371 523 3424 γε
569 3351 766 3405 τούτου
810 3353 1088 3428 Θεωρεῖται
1130 3351 1406 3430 φιλόθεος.
1441 3353 1525 3410 Τὰ
1579 3354 1682 3428 γὰρ
1735 3357 1832 3408 τοῦ
1881 3357 2015 3407 Θεοῦ

349 3444 476 3500 τοῖς
505 3444 604 3494 τοῦ
654 3444 788 3495 Θεοῦ
839 3440 1116 3514 ἀπονέμει,
1148 3443 1210 3497 τὸ
1270 3438 1314 3496 δ’
1371 3436 1591 3516 ἀκριϐὲς
1648 3442 1836 3510 εἰπεῖν,
1872 3440 2016 3512 αὐτῷ

352 3531 496 3600 Θεῷ,
548 3533 629 3600 τῷ
704 3529 1135 3606 ἀποφηναμὲνῳ,
1198 3554 1225 3585 α
1276 3536 1400 3603 πᾶν,
1459 3529 1592 3604 ὅπερ
1653 3531 1710 3584 ἂν
1774 3529 1851 3584 ὲνὶ
1905 3533 2012 3583 τῶν

349 3615 620 3671 τοιούτων
645 3615 953 3693 ἐλαχίστων
981 3619 1071 3673 καὶ
1129 3616 1376 3697 ἀδελφῶν
1430 3619 1520 3674 καὶ
1581 3615 1792 3673 δούλων
1849 3623 2013 3686 ποιῆ-

349 3726 466 3777 ται,
499 3704 648 3778 αὐτῷ
677 3711 970 3770 ποιεῖσθαι.
1009 3731 1037 3758 ››
1058 3709 1161 3762 Ἦν
1195 3705 1426 3768 δούλους
1477 3707 1572 3780 μὲν
1631 3707 1930 3780 ἡμετέρους
1961 3704 2014 3760 οἱ

353 3793 626 3870 ἐφήμεροι
713 3792 970 3850 δεσπόται
1055 3795 1152 3851 οὐκ
1230 3796 1481 3868 ἀξιοῦμεν
1541 3795 2011 3866 πεκουλιάζεσθαι,

353 3881 482 3937 ἀλλ’
537 3884 675 3955 ἡμὶν
721 3885 910 3948 αὐτοῖς
970 3885 1035 3938 τά
1088 3884 1266 3962 σφίσιν
1326 3885 1644 3960 ὑπάρχοντα
1702 3883 2011 3962 ἐπιγράφειν

351 3972 633 4046 ὁρίζομεν,
665 3971 760 4027 κᾶν
826 3973 989 4050 μυρία
1047 3972 1249 4049 ἔχοιεν·
1302 3975 1330 4028 ὁ
1389 3971 1445 4028 δὲ
1507 3975 1759 4049 μέγιστος
1812 3971 2015 4028 οἰκοδε-

348 4060 562 4130 σπότης
614 4062 742 4124 Θεὸς
800 4062 900 4117 οὐκ
954 4063 1096 4133 ἀξιοῖ
1147 4067 1307 4117 τοῦτο
1367 4060 1589 4124 δικαίως
1647 4064 1735 4138 ἀφ’
1794 4063 2007 4137 ἑαυτοῦ,

345 4150 440 4204 καὶ
492 4149 554 4204 οὐ
607 4147 677 4205 δι’
727 4151 936 4219 ἑαυτὸν,
983 4151 1148 4227 οὗπέρ
1203 4151 1342 4205 ἐστιν
1401 4153 1436 4220 ἡ
1492 4154 1566 4226 γῆ
1613 4150 1703 4206 καὶ
1763 4152 1900 4206 ἅπαν
1948 4152 2011 4206 τὸ

343 4240 467 4294 κατ’
516 4240 686 4308 αὐτὴν
733 4238 1038 4314 πλήρωμα,
1092 4237 1161 4294 δι’
1209 4243 1356 4312 ἡμᾶς
1413 4237 1490 4312 δὲ,
1535 4238 1626 4294 ’ίνα
1681 4241 1865 4295 πιστοὶ
1920 4237 2009 4295 ὅν-

342 4349 434 4389 τες
492 4328 582 4382 καὶ
643 4330 794 4402 αὐτῷ
849 4329 1180 4392 ἀνατιθέντες
1237 4332 1388 4403 ἡμᾶς
1459 4350 1518 4384 τε
1573 4330 1663 4384 καὶ
1717 4329 1886 4385 πάντα
1940 4331 2008 4386 τὰ

342 4417 464 4470 καθ’
513 4419 684 4490 ἡμᾶς,
717 4418 1071 4496 ἀγαπώμεθα,
1106 4419 1181 4484 ὡς
1232 4419 1322 4474 καὶ
1381 4417 1713 4495 εὐγνώμονες
1766 4421 1853 4474 καὶ
1913 4420 2004 4475 πί-

345 4527 461 4560 στιν
497 4502 719 4582 ἴχοντες
752 4508 840 4562 καὶ
869 4509 1140 4564 Δεσπότου
1171 4505 1333 4581 ἄξιοι,
1370 4507 1461 4563 γαὶ
1504 4507 1651 4573 θετοῖ
1695 4507 1841 4581 αὖτῷ
1893 4508 2001 4564 υἱοὶ

340 4594 435 4650 καὶ
470 4596 585 4660 θεοί
615 4615 628 4667 ;

421 4702 507 4756 ιϐ’·
543 4701 750 4779 Ἀγάπη
782 4724 841 4758 τε
880 4702 970 4760 οῦν
1003 4704 1149 4760 οὕτω
1179 4702 1360 4760 τελεία
1391 4704 1741 4781 παραπέφυκε
1786 4707 1854 4778 τῇ
1883 4724 2003 4759 τοι-

341 4789 481 4866 αύτῃ
533 4790 772 4864 νηστείᾳ,
827 4795 887 4862 ἦν
959 4793 1169 4869 ἀγάπην
1240 4791 1513 4856 πολλάκις
1597 4793 2000 4869 ἐθεατρίσαμεν,

339 4879 696 4954 σεμνύναντες
756 4883 1178 4960 πομπικώτερον
1242 4883 1330 4937 καὶ
1391 4881 1719 4956 Λαμπρότης
1778 4882 1999 4959 ἀγγελι-

336 4970 437 5038 κή,
472 4971 608 5045 πρὸς
640 4968 697 5025 δὲ
754 4972 986 5045 μίμησιν
1042 4973 1131 5027 καὶ
1196 4973 1372 5043 θεϊκή.
1408 4973 1468 5029 Ὁ
1527 4973 1628 5048 γὰρ
1687 4972 1739 5026 ἐν
1795 4973 1998 5045 τῷ,ὡς

335 5058 563 5135 ὲῤῥὲθη,
601 5060 877 5132 νηστεύειν
938 5061 1448 5140 ἀποφορτιζόμενος
1501 5063 1567 5116 τά
1623 5063 1868 5137 περιττὰ,
1908 5062 1998 5116 καὶ

337 5149 415 5202 ῶν
479 5145 631 5203 οὐδὲν
692 5147 940 5214 οὐδόλως
1023 5147 1244 5228 ὄφελος,
1302 5149 1527 5225 ὕπερθεν
1586 5157 1688 5224 γῆς
1749 5149 1998 5226 φέρεσθαι

331 5237 764 5311 γνωματεύεται,
812 5239 902 5294 καὶ
965 5237 1118 5295 οὐδὲν
1167 5241 1462 5315 προσήκειν
1515 5237 1673 5312 αὐτῇ,
1708 5242 1790 5301 οἷς
1845 5237 1997 5294 οὐδε-

332 5326 386 5378 νὶ
437 5330 548 5380 τῶν
601 5325 807 5402 γηΐνων
862 5327 1160 5404 ἐνίσχεται,
1193 5327 1340 5383 ἀλλά
1395 5327 1570 5382 πάντα
1623 5329 1771 5382 κάτω
1822 5327 1999 5401 ἀφιεὶς

332 5418 445 5468 τῶν
498 5414 756 5470 ἀνωτάτω
811 5417 1036 5492 γίνεται.
1095 5418 1216 5473 Ἐάν
1277 5413 1334 5470 δὲ
1388 5420 1570 5486 τοῦτο,
1629 5416 1847 5478 πάντως
1907 5417 1993 5470 καὶ

333 5502 456 5558 ἀντὶ
518 5511 835 5578 σωματικοῦ
919 5506 1251 5584 θεωρητικὸς
1323 5499 1653 5578 ἀπεκϐαίνει,
1711 5503 1786 5566 ὡς
1873 5503 1987 5559 ἀντὶ

411 5685 436 5721 ί
464 5685 669 5743 Matth.
704 5703 762 5758 x,
795 5688 886 5744 42.

2033 4633 2081 4699 D

2128 3358 2459 3414 misericors
2516 3371 2820 3426 nunquam
2869 3355 3058 3424 foret).
3107 3353 3208 3409 sed
3257 3351 3359 3408 Dei
3412 3367 3644 3422 quoque
3676 3350 3772 3404 in-

2126 3446 2331 3519 primis
2379 3443 2600 3498 amicus
2651 3459 2780 3498 esse
2839 3441 3163 3514 apparebit.
3241 3444 3374 3504 Qua:
3451 3439 3606 3494 enim
3667 3436 3769 3491 Dei

2124 3539 2284 3598 sunt,
2319 3537 2429 3588 Deo
2461 3532 2652 3586 reddit
2681 3531 2777 3602 qui
2811 3529 2956 3585 dixit
2987 3546 3000 3586 :
3041 3553 3068 3580 (ι
3101 3530 3499 3599 Quodcunque
3522 3526 3768 3581 minimo

2125 3639 2194 3678 ex
2240 3622 2370 3676 istis
2414 3619 2696 3675 fratribus
2739 3627 2795 3674 et
2841 3619 3026 3674 servis
3072 3617 3286 3687 facitis,
3334 3615 3478 3672 mihi
3527 3614 3635 3685 ipsi
3684 3614 3767 3668 fe-

2123 3710 2326 3767 ceritis
2355 3711 2398 3764 ².
2431 3714 2557 3764 Non
2588 3708 2744 3763 enim
2791 3723 3011 3777 servos,
3045 3723 3295 3777 quorum
3354 3721 3458 3778 pro
3507 3710 3768 3774 tempore

2123 3799 2345 3856 domini
2373 3816 2605 3868 sumus,
2639 3797 2905 3852 mercede
2937 3796 3280 3852 defraudare
3311 3795 3370 3850 in
3417 3794 3614 3849 animo
3663 3793 3766 3847 ha-

2122 3892 2352 3957 bemus,
2387 3893 2488 3944 aut
2515 3904 2582 3943 ea
2628 3903 2753 3958 qua:
2786 3886 3048 3957 ipsorum
3099 3889 3238 3940 sunt
3281 3884 3340 3938 in
3389 3882 3766 3939 commodum

2121 3983 2394 4034 nostrum
2443 3981 2667 4031 vertere
2713 3973 3098 4041 intendimus,
3143 3973 3277 4029 licet
3343 3971 3581 4028 maximi
3648 3969 3770 4028 sint

2122 4065 2424 4122 momenti.
2468 4070 2619 4120 Deus
2667 4063 2824 4119 enim
2875 4064 3098 4118 omium
3150 4079 3279 4134 quas
3323 4062 3614 4118 exsistunt
3643 4075 3766 4114 mo-

2122 4157 2355 4212 derator
2383 4153 2525 4210 talia
2556 4152 2802 4224 respuit,
2836 4153 3004 4222 cujus
3042 4157 3132 4207 est
3159 4156 3316 4206 terra
3363 4151 3610 4222 ejusque
3640 4148 3769 4219 ple-

2119 4245 2347 4300 nitudo.
2381 4248 2422 4297 E
2452 4247 2657 4298 contra
2680 4241 2805 4296 vult
2851 4245 2916 4296 ut
2974 4240 3174 4296 ﬁdeles
3232 4244 3288 4295 et
3343 4238 3627 4295 submissi
3660 4253 3766 4292 nos

2118 4333 2366 4388 invicem
2399 4346 2667 4386 amemus
2696 4329 2924 4386 sincero
2957 4329 3130 4385 corde
3160 4328 3211 4384 ei
3245 4328 3358 4384 ﬁde
3390 4327 3762 4395 inconcussa,

2117 4424 2200 4478 ita
2232 4428 2298 4476 ut
2322 4420 2572 4477 Domino
2603 4419 2766 4492 digni
2794 4418 2900 4474 ﬁlii
2933 4417 3288 4490 adoptionis,
3344 4417 3462 4473 imo
3520 4414 3601 4470 dii
3631 4431 3762 4471 eva-

2113 4513 2346 4568 damus.

2187 4706 2275 4762 19.
2310 4705 2434 4761 Tali
2461 4704 2691 4777 jejunio
2723 4704 3028 4760 charitatis
3060 4703 3314 4760 adhaeret
3342 4700 3573 4774 qualem
3606 4716 3758 4771 saepe

2113 4811 2246 4851 cum
2280 4811 2516 4867 pompa,
2549 4793 2859 4866 splendore
2890 4793 3146 4863 angelico
3167 4798 3225 4848 et
3246 4807 3404 4848 more
3437 4797 3548 4846 Deo
3579 4789 3757 4863 digno

2111 4885 2172 4940 in
2205 4901 2381 4941 scena
2410 4884 2819 4955 produximus.
2872 4883 2979 4948 Qui
3034 4883 3212 4950 enim,
3273 4885 3338 4937 ut
3391 4881 3613 4938 dictum
3646 4883 3756 4950 est,

2110 4972 2512 5046 perjejunium
2527 4973 2681 5044 quod
2696 4972 3061 5043 superfluum
3075 4971 3468 5043 est,stquibus
3481 4987 3629 5042 opus
3643 4987 3761 5026 non

2110 5063 2285 5118 habet
2315 5063 2585 5133 abrogat.
2636 5062 2808 5116 rebus
2868 5061 3246 5117 terrestribus
3305 5062 3665 5133 superiorem
3699 5075 3761 5115 se

2111 5151 2443 5216 annuntiat,
2475 5156 2531 5206 ct
2561 5150 2631 5206 iis
2663 5168 2792 5222 quae
2823 5150 2975 5206 infra
3005 5154 3146 5206 sunt
3173 5149 3410 5205 omissi
3433 5150 3503 5204 ad
3536 5167 3603 5204 ea
3632 5165 3759 5220 quas

2107 5241 2423 5296 desursum
2455 5245 2595 5294 sunt
2628 5240 2834 5296 tendit.
2869 5240 3000 5303 Qua
3034 5240 3080 5294 si
3110 5240 3192 5294 ita
3222 5256 3283 5294 se
3329 5239 3568 5304 habent,
3601 5237 3758 5292 idem

2107 5347 2174 5385 ex
2201 5329 2433 5385 homine
2465 5330 2765 5384 mundano
2789 5329 3116 5401 spiritualis
3147 5331 3369 5394 evadet;
3398 5333 3577 5383 totum
3602 5327 3760 5383 enim

2107 5436 2188 5487 se,
2225 5435 2372 5474 vana
2393 5419 2655 5474 terrestri
2681 5419 2798 5474 vita
2820 5416 3542 5489 omissa,contemplationi
3576 5431 3638 5471 se
3659 5416 3758 5470 de-

2108 5509 2347 5580 det,quo
2382 5508 2448 5562 ﬁt
2479 5506 2753 5576 veluti,ut
2784 5523 2996 5564 nomen
3031 5507 3226 5579 ipsum
3259 5506 3499 5576 indicat,
3519 5504 3754 5561 Deusin
