4114 6200
309 335 424 398 691
1083 332 1511 395 EUSTATHII
1553 327 2322 394 THESSALONICENSIS
2368 326 2957 389 METROPOLITE
3605 323 3731 384 692

312 462 572 520 essentia
599 478 708 519 sua
739 462 812 520 ab
842 477 908 519 eo
939 461 1490 534 comprehendatur.
1524 461 1593 516 Et
1641 460 1783 532 quid
1816 474 1958 515 sane
1988 512 1996 526 ι

2110 456 2314 532 ράξεως
2340 461 2440 526 τῆς
2471 455 2592 528 περὶ
2630 452 2745 529 βίον
2775 451 2854 515 εἰς
2902 452 3129 529 θεωρίαν
3175 452 3273 520 τὴν
3326 447 3500 513 ὅντως
3559 470 3734 523 μετα-

315 551 479 609 aliud
536 552 711 610 homo
786 552 1042 625 prudens
1099 555 1156 606 et
1213 551 1314 622 qui
1395 550 1468 605 ad
1521 549 1763 605 meliora
1836 563 1963 604 sese

2110 545 2374 618 ιθέμενος,
2409 541 2479 598 δι’
2508 546 2576 612 ἧς
2610 542 2684 604 ὠς
2715 543 2803 597 καὶ
2835 540 2899 596 τὸ
2923 544 3020 625 τοῦ
3070 539 3339 614 ὀνόματος
3384 537 3582 613 ἔτυμον
3635 536 3735 608 δη-

318 641 575 714 accingit
606 624 798 710 faciet,
831 641 945 696 nisi
977 645 1040 696 ut
1069 658 1103 696 a
1127 640 1254 695 vitae
1287 639 1548 695 tumultu
1604 638 1886 694 liberatus
1912 645 1968 692 et

2113 638 2189 701 οῖ,
2237 634 2365 695 Θεὸς
2407 634 2596 708 ὁρᾶται
2646 624 3225 703 καταλαμϐανόμενος.
3258 629 3327 686 Τί
3376 629 3481 703 γὰρ
3530 626 3595 682 ἃν
3637 627 3732 681 καὶ

318 746 530 803 parum
563 747 779 787 curans
813 730 1022 800 iutilia,
1052 730 1202 785 bona
1218 746 1394 801 opera
1424 729 1688 801 perﬁciat
1708 733 1765 784 et
1793 729 1967 783 rebus

2110 724 2279 795 ποιήσῃ
2308 720 2448 776 ἄλλο
2493 721 2775 796 ἅνθρωπος
2826 714 3072 796 ἔμφρων,
3101 716 3579 803 καθάπαξ-ἑαυτὸν
3627 736 3733 771 πα-

321 801 590 877 honestis
619 835 767 891 quas
819 818 1157 891 cognoverit
1213 816 1683 874 studeat?Idem
1735 831 1970 889 quoque

2113 812 2568 884 ασκευασάμενος,
2601 808 2701 880 ἔξω
2735 809 2999 884 βιωτικῆς
3053 807 3187 862 εἶναι
3244 801 3472 882 τύρϐης,
3505 804 3597 860 καὶ
3654 805 3734 878 μὴ

324 924 443 965 non
473 912 802 965 statuarum
826 907 1028 979 more,j
1039 907 1235 964 unctis
1263 907 1543 963 manibus
1568 906 1968 975 manducabit,

2110 905 2357 963 πονεῖσθαι
2414 899 2536 974 περὶ
2590 898 2659 953 τὰ
2702 898 2941 974 βραχέος
3000 893 3118 966 ἄξια
3171 893 3366 971 λόγου,
3416 895 3452 964 ἢ
3515 895 3737 956 πάντως

2078 991 2352 1067 γενήσεται
2424 986 2600 1043 ἄλλοι)
2660 984 2824 1062 ἔργου
2888 985 3217 1061 κρείττονος,
3274 983 3366 1039 καὶ
3414 984 3742 1059 περινοήσε-

2080 1100 2165 1133 ται
2203 1079 2266 1133 τὸ
2313 1074 2543 1133 κάλλιον
2597 1074 2980 1146 ἔπιλέξασθαι;
3016 1073 3121 1130 Καὶ
3179 1073 3241 1129 οὐ
3294 1074 3607 1149 συναγαγὼν
3656 1071 3740 1126 τὼ

2081 1172 2236 1243 χεῖρε
2263 1164 2591 1234 καθεδεῖται,
2623 1165 2698 1226 ὡς
2757 1165 2871 1219 οἷον
2934 1162 3174 1238 ἄγαλμα,
3206 1161 3244 1233 ἢ
3285 1160 3741 1234 ἀνακλινάμινος,

2083 1255 2269 1332 ἀργίαν
2324 1252 2547 1330 ἀλόγοις
2587 1252 2894 1327 πρέπουσαν
2957 1250 3318 1325 ἀναλήψεται,
3349 1250 3441 1307 καὶ
3499 1250 3593 1305 τὸν
3648 1248 3744 1303 ἄν·

2087 1356 2303 1420 θρωπον
2362 1344 2503 1399 οὕτω
2561 1343 2850 1417 ψεύσεται·
2912 1339 3061 1397 ἀλλά
3120 1340 3258 1396 κατὰ
3312 1339 3485 1414 λόγου
3546 1338 3746 1414 εἰρμοῦ

2087 1432 2304 1490 ἐοικότα
2340 1431 2658 1507 ἐπιτρόποις
2704 1430 2976 1492 τοιούτοις
3009 1428 3161 1504 (τοὺς
3188 1426 3459 1504 ἀδελφοὺς
3508 1425 3567 1483 δὲ
3612 1428 3747 1483 κάν·-

2085 1527 2257 1586 ταῦθα
2311 1520 2402 1576 καὶ
2456 1518 2787 1580 συνδούλους
2839 1518 3076 1589 πένητας
3136 1515 3306 1593 λέγω)
3353 1517 3424 1571 τά
3474 1517 3593 1571 καθ’
3625 1516 3751 1571 tuu-

2086 1612 2179 1666 τὸν
2238 1610 2468 1678 ἀναθεὶς,
2507 1610 2560 1664 οἳ
2603 1609 2693 1664 καὶ
2741 1607 2894 1664 αὐτοὶ
2948 1605 3344 1683 ἒρψονται,καὶ
3403 1602 3747 1676 ἐνδύσονται,

2089 1701 2180 1755 καὶ
2212 1698 2355 1755 οὕτω
2383 1701 2628 1771 ζήσουσι,
2650 1698 2742 1754 καὶ
2783 1698 2932 1770 αύτῷ
2979 1694 3037 1752 δὲ
3092 1695 3160 1751 τὰ
3211 1694 3440 1771 κρείττω
3499 1693 3755 1770 πορίσον-

2089 1810 2200 1861 ται,
2261 1787 2419 1850 αὐτὸς
2492 1785 2635 1843 ἄλλο
2684 1808 2738 1842 τι
2802 1790 3225 1862 μεταχειριεῖται
3305 1785 3749 1861 προσφυέστερον

323 1000 428 1054 aut
456 995 1070 1068 disjunctis,inertiam
1106 1012 1235 1069 qua
1264 995 1548 1052 animalia
1577 996 1750 1051 bruta
1781 995 1967 1059 decet,

322 1084 658 1141 simulando
714 1084 1018 1141 hominem
1077 1101 1139 1141 se
1194 1084 1533 1151 nuntietur;
1570 1085 1688 1139 imo
1749 1083 1973 1138 ratione

324 1171 482 1230 salva
539 1173 759 1230 talibus
830 1173 1147 1230 clientibus
1224 1174 1427 1228 habita
1504 1171 1807 1245 (fratribus
1868 1187 1972 1224 au-

323 1266 442 1319 tem
473 1263 774 1319 conservis
834 1263 1191 1334 pauperibus
1222 1262 1488 1333 inquam)
1520 1260 1808 1317 sacriﬁcia
1835 1277 1975 1332 pra:-

323 1349 525 1406 stabit.
583 1349 675 1405 Illi
733 1350 890 1407 enim
948 1355 1157 1422 sponte
1207 1354 1444 1407 current
1486 1354 1544 1406 et
1601 1350 1813 1419 vivent,
1872 1366 1976 1420 op-

325 1439 475 1496 tima
505 1455 753 1512 quisque
784 1441 844 1494 in
873 1456 1008 1496 eum
1040 1439 1343 1495 conferent
1375 1457 1389 1506 ;
1422 1439 1550 1511 ipse
1579 1443 1772 1495 autem
1800 1438 1979 1493 rebus

332 1544 399 1584 se
427 1526 795 1601 dignioribus
837 1528 1098 1584 studehit
1128 1532 1326 1601 utpote
1354 1528 1528 1584 homo
1560 1532 1834 1600 spectatas
1866 1527 1981 1582 vir-

339 1616 483 1673 tutis
514 1620 573 1672 et
627 1617 730 1687 qui
789 1618 966 1673 rebus
1022 1617 1313 1673 indecoris
1370 1633 1607 1689 operam
1668 1632 1881 1672 navare
1910 1615 1981 1671 de

339 1705 632 1777 dignatur.
688 1706 998 1760 Artiﬁcum
1056 1705 1211 1761 idem
1295 1704 1536 1761 honoris
1610 1705 1980 1777 cupidorum,

338 1791 457 1847 imo
486 1790 885 1866 operariorum
917 1791 1247 1865 vulgarium
1294 1791 1629 1865 exemplum
1682 1796 1981 1864 sequetur,

337 1880 527 1951 quiex
574 1880 839 1937 artiﬁciis
890 1881 1189 1937 fortunam
1239 1886 1299 1938 et
1341 1898 1554 1938 nomen
1605 1882 1823 1955 adepti,
1858 1898 1981 1937 ma-

335 1985 522 2025 nuum
553 1985 729 2041 Opera
784 1985 848 2025 se
889 1970 1173 2039 ditarunt,
1225 1974 1428 2043 postea
1481 1986 1615 2026 vero
1656 1971 1808 2026 altos
1866 1970 1983 2041 spi-

334 2057 488 2114 ritus
519 2062 906 2130 sumpserunt
936 2063 994 2116 et
1023 2064 1146 2116 arte
1177 2061 1271 2115 cui
1301 2060 1537 2115 divitias
1579 2076 1717 2116 suas
1773 2060 1988 2115 debent

333 2144 396 2201 in
453 2151 791 2218 contemptu
845 2147 1065 2216 habita,
1128 2164 1327 2204 rerum
1383 2148 1807 2220 acquisitarum
1859 2149 1984 2219 jac-

333 2238 469 2291 tura
497 2235 652 2293 facta
681 2234 1069 2293 nihilominus
1100 2237 1283 2293 solem
1343 2236 1541 2309 ipsum
1573 2244 1985 2309 aspernantur,

337 2327 512 2396 atque
578 2325 979 2381 instrumenta
1030 2325 1196 2399 prius
1254 2325 1539 2381 salutaria
1595 2326 1655 2380 in
1716 2327 1877 2381 fumo
1933 2327 1992 2380 et

341 2410 527 2481 clavo,
559 2414 756 2486 potius
812 2430 946 2471 vero
1003 2414 1062 2469 in
1114 2413 1362 2487 caligine
1419 2415 1807 2487 suspendunt.
1839 2418 1990 2468 Dum

343 2506 541 2557 autem
573 2502 785 2559 limum
834 2520 1010 2560 suum
1062 2520 1177 2560 non
1227 2502 1508 2576 simplici,
1542 2504 1642 2560 sed
1687 2520 1864 2560 aureo
1895 2520 1992 2559 co-

341 2589 466 2649 lore
494 2591 735 2665 tingunt
783 2596 840 2648 et
894 2592 1072 2665 capiti
1132 2592 1635 2665 pulchritudinem
1695 2592 1992 2649 caelestem

343 2679 620 2748 induunt,
649 2698 778 2754 qua:
807 2686 1005 2737 autem
1036 2699 1216 2755 supra
1244 2697 1373 2738 eam
1395 2682 1685 2738 exsistunt
1712 2681 1825 2737 alio
1855 2698 1996 2753 quo-

345 2768 484 2823 dam
513 2769 687 2825 modo
716 2773 1021 2838 exornant,
1055 2770 1368 2843 antiquum
1400 2770 1686 2826 artiﬁcem
1719 2770 1997 2841 abjurant

343 2860 403 2913 et
431 2857 661 2929 regium
689 2872 912 2915 morem
943 2858 1400 2930 amplectuntur.
1439 2865 1593 2914 Dum
1624 2860 1782 2915 enim
1813 2858 1995 2914 vitam

343 2944 644 3017 puriorem
675 2947 844 3019 sequi
872 2947 1215 3017 instituunt,
1249 2963 1416 3020 reges
1446 2964 1575 3004 esse
1606 2951 1930 3020 coeperunt.

345 3047 423 3094 εις

2092 1879 2288 1950 ἑαυτῷ,
2320 1877 2396 1940 ὡς
2424 1872 2534 1948 ἤδη
2567 1872 2766 1948 ἐνδόξῳ
2822 1876 2910 1930 καὶ
2976 1871 3202 1950 μεγάλῳ
3250 1873 3519 1949 ἀνθρώπῳ
3542 1872 3635 1927 καὶ
3668 1873 3751 1945 μὴ

2093 1967 2356 2042 πρέποντι
2419 1970 2694 2027 ταπεινοῖς
2751 1958 3078 2039 ἐντρίϐεσθαι
3135 1962 3436 2038 πράγμασι.
3496 1963 3602 2018 Καὶ
3663 1982 3758 2034 μι-

2100 2058 2327 2129 μήσεται
2413 2053 2739 2130 φιλοτίμους
2821 2051 3093 2129 τεχνίτας,
3152 2050 3226 2107 ὧν
3279 2051 3370 2106 καὶ
3450 2049 3759 2127 βαναύσους

2096 2143 2235 2200 ἔστιν
2298 2143 2390 2208 οὓς
2447 2141 2555 2198 ἴδοι
2611 2164 2694 2206 τις
2755 2142 2838 2214 ἂν,
2870 2143 2923 2198 οἳ
2968 2140 3028 2198 ἐκ
3054 2145 3163 2197 τῶν
3213 2142 3351 2197 κατὰ
3405 2139 3610 2216 τέχνην
3669 2136 3760 2215 ἔρ-

2095 2255 2203 2309 γων
2235 2233 2394 2288 ἱκανά
2440 2252 2815 2307 πορισαμενοι,
2854 2231 2944 2286 καὶ
3003 2232 3079 2293 ὡς
3139 2232 3255 2285 οἷον
3317 2227 3754 2307 έλλαμφθὲντες,

2098 2326 2182 2384 οἷς
2231 2321 2716 2399 χρηματισάμενοι
2771 2320 3010 2377 πλοῦτον
3055 2317 3232 2375 πολὺν
3289 2317 3627 2394 πειριέθεντο⁹
3654 2316 3757 2374 τοῦ

2099 2410 2300 2466 λοιποῦ
2347 2411 2670 2489 ὑπέρφρονες
2702 2404 3048 2465 ἀναϐαίνουσι
3102 2409 3190 2464 καὶ
3250 2414 3350 2478 τῆς
3406 2409 3759 2482 θρεψαμένης

2100 2499 2477 2557 πλουτοποιοῦ
2528 2498 2728 2575 τέχνης
2781 2498 2855 2563 ὥς
2907 2517 3056 2560 τινος
3086 2496 3311 2573 ἀχρείου
3360 2498 3761 2572 καταχρεμψά-

2107 2610 2281 2664 μενοι,
2313 2588 2426 2659 καὶ,
2459 2587 2850 2662 έξαθερίσαντες
2909 2587 2999 2642 τὸν
3043 2585 3243 2651 ἰκεῖθεν
3289 2586 3382 2641 καὶ
3429 2585 3593 2641 εἰσέτι
3648 2607 3763 2640 πο-

2104 2678 2319 2754 ρισμὸν,
2377 2676 2489 2746 καὶ,
2542 2677 2571 2731 ὃ
2630 2675 2697 2746 δὴ
2758 2674 2992 2752 λέγεται,
3049 2676 3142 2730 τὸν
3199 2673 3362 2744 ἥλιον
3418 2676 3765 2751 περιφρονή-

2105 2786 2313 2834 σαντις,
2378 2767 2510 2840 ὑπὲρ
2566 2770 2773 2821 καπνοῦ
2851 2765 2944 2839 μὶν
3003 2765 3039 2835 ἢ
3097 2762 3400 2832 πασσάλου,
3456 2765 3526 2818 τὰ
3580 2762 3765 2819 πλείω

2107 2851 2165 2909 δέ
2235 2853 2325 2909 xui
2414 2854 2519 2909 ὑπὸ
2602 2853 2782 2927 σκότῳ
2872 2853 2941 2908 τὰ
3028 2854 3220 2926 πρώην
3306 2850 3440 2931 φίλα
3523 2850 3764 2916 τιθέασιν

2107 2938 2337 3019 ὄργανα⁸
2398 2941 2741 3005 ἐσκευακότες
2829 2939 2887 2996 δὲ
2966 2941 3060 2997 τὸν
3125 2943 3243 2996 κατ’
3298 2939 3499 3005 αὐτοὺς
3584 2940 3771 3012 πηλὸν

508 3030 811 3109 έπίχρωσιν
890 3033 998 3110 οὐχ
1080 3033 1267 3097 ἁπλῶς
1343 3032 1689 3109 λάμπουσαν,
1749 3034 1894 3091 ἀλλᾶ
1953 3029 2044 3088 xui
2121 3031 2444 3108 ἐπίχρυσον,
2499 3032 2589 3086 καὶ
2645 3032 2743 3100 τήν
2809 3030 2905 3105 μὶν
2964 3028 3209 3110 κεφαλὴν
3268 3030 3342 3093 ὡς
3396 3027 3472 3092 εἷς
3533 3028 3769 3106 ούρανοῦ

346 3118 557 3184 κάλλος
614 3120 988 3193 εύθεείσαντες,
1037 3125 1104 3179 τὰ
1185 3122 1243 3179 δὲ
1322 3124 1411 3178 ὑπ’
1470 3124 1635 3193 αὐτὴν
1721 3120 1905 3200 ἕτερον
1982 3121 2183 3198 τρόπον
2268 3119 2675 3198 ἐξωραΐσαντες,
2731 3121 2821 3175 τὸν
2908 3119 3003 3193 μὶν
3088 3117 3260 3175 πάλαι
3343 3117 3603 3195 τεχνίτην
3684 3117 3770 3190 ἐξ·

354 3209 632 3282 όμνυνται,
683 3211 759 3274 εἷς
817 3209 874 3267 δὲ
926 3212 994 3268 τὰ
1054 3211 1304 3289 βασίλεια
1361 3208 1765 3289 παραϐύσαντες
1823 3211 2078 3274 ἑαυτούς·
2133 3207 2186 3266 οἵ
2228 3232 2288 3286 γε
2339 3211 2750 3287 καθαρειότερον
2804 3206 3060 3284 ἑλόμενοι
3120 3211 3236 3283 ζῇν,
3292 3208 3344 3264 οἱ
3401 3205 3611 3263 πολλοὶ
3675 3206 3774 3262 καὶ

358 3295 635 3374 βασιλικοὶ
666 3295 1044 3359 ἀποϐαίνουσι.

428 3407 520 3462 20.
565 3409 710 3464 Cum
759 3408 940 3482 igitur
992 3410 1089 3480 qui
1149 3409 1418 3484 religiose
1464 3411 1701 3483 jejunat
1752 3409 1996 3466 aliorum

2186 3408 2252 3463 x'.
2286 3404 2385 3461 Καὶ
2436 3402 2579 3459 οὕτω
2626 3404 2761 3479 πρὸς
2811 3402 3040 3477 μίμησιν
3102 3403 3130 3457 ὁ
3187 3402 3409 3476 ὑψίνους
3464 3402 3772 3473 νηστευτὴς

360 3496 694 3569 exemplum
738 3498 1005 3569 sequitur
1052 3503 1112 3555 et
1169 3498 1393 3555 nullam
1452 3516 1649 3556 rerum
1682 3499 2012 3573 vulgarium

372 3600 575 3641 curam
604 3602 823 3659 gerere,
854 3604 1034 3643 uuam
1064 3605 1200 3645 vero
1225 3604 1474 3660 eamque
1504 3588 1854 3660 pracipuam
1887 3605 2012 3643 am-

373 3670 571 3745 plecti,
603 3692 779 3747 quam
810 3693 1081 3734 summus
1113 3683 1264 3734 Deus
1296 3681 1474 3746 amat,
1508 3679 1663 3750 apud
1693 3695 1755 3734 se
1782 3678 2013 3748 statuit,

372 3761 528 3818 idem
580 3781 966 3839 quascumque
1024 3767 1097 3822 ad
1147 3767 1276 3823 vita:
1333 3766 1702 3823 severitatem
1754 3770 2018 3839 spectant

372 3851 691 3925 abjurabit,
724 3854 798 3910 iis
845 3854 985 3911 solis
1041 3856 1308 3923 studens,
1357 3871 1609 3927 quorum
1658 3855 2016 3928 operationis

373 3940 656 3998 beneﬁcio
687 3944 901 4000 bonam
959 3960 1137 4015 quam
1190 3943 1365 4017 elegit
1396 3948 1621 4016 partem
1677 3960 1795 4000 non
1850 3945 2019 4001 amit-

373 4033 477 4085 tet.
509 4030 659 4087 Fiori
688 4032 846 4087 enim
876 4048 993 4087 non
1023 4036 1216 4104 potest
1262 4037 1327 4089 ut
1355 4032 1552 4102 homo,
1585 4049 1690 4089 nec
1720 4032 1819 4088 ubi
1851 4050 2017 4090 sum-

376 4133 541 4173 mum
572 4118 807 4177 virtutis
859 4121 1158 4194 fastigium
1211 4121 1491 4195 attigerit,
1550 4121 1645 4178 his
1689 4123 2015 4194 praesertim

374 4207 763 4285 temporibus,
814 4209 947 4267 vitis
1002 4210 1312 4266 turbarum
1370 4209 1579 4267 saltem
1637 4209 2016 4282 aliquatenus

374 4295 669 4369 particeps
700 4314 829 4355 esse
885 4298 1134 4356 desinat.
1193 4304 1440 4356 Prorsus
1487 4298 1665 4371 enim,
1724 4303 1790 4356 ut
1847 4299 2016 4356 facile

374 4384 533 4440 cerni
589 4390 800 4459 potest,
850 4387 1035 4462 glebze
1095 4389 1485 4459 adhaeremus,
1543 4406 1659 4445 non
1715 4388 2013 4462 reptilium

372 4475 780 4532 tantummodo
811 4478 883 4533 ad
930 4476 1119 4534 instar
1159 4484 1448 4550 repentes,
1507 4493 1691 4550 neque
1722 4478 2016 4534 subterra-

372 4562 467 4618 nei
486 4568 544 4619 et
572 4565 707 4621 caaci
739 4566 827 4623 uti
856 4565 1027 4640 talpae
1062 4566 1330 4623 tellurem
1355 4567 1677 4623 fodientes:
1704 4566 1804 4623 sed
1837 4566 2014 4622 etiam

371 4667 550 4724 super
576 4656 733 4709 terra
762 4655 948 4711 vivere
978 4660 1037 4711 et
1086 4655 1259 4712 rectis
1297 4655 1545 4728 pedibus
1593 4655 1861 4713 incedere
1921 4670 2015 4710 re-

2125 3497 2309 3552 ὲαυτὸν
2374 3493 2656 3566 ἀποξέσας,
2708 3493 2795 3547 καὶ
2873 3491 3115 3565 καθάπαξ
3170 3491 3419 3568 κυρώσας
3470 3492 3600 3568 παρ’
3654 3492 3782 3547 ἰαυ-

2123 3590 2221 3657 τῷ,
2257 3586 2335 3658 μὴ
2366 3578 2648 3660 τυρϐάζειν
2678 3579 3044 3658 περὶπολλάς
3101 3582 3195 3636 καὶ
3251 3578 3485 3657 χυδαίας
3532 3581 3782 3654 πράξεις,

2126 3672 2272 3729 ἀλλὰ
2318 3679 2445 3747 μιᾶς
2502 3673 2636 3728 εἶναι
2685 3678 2786 3738 τῆς
2843 3672 3162 3749 κορυφαίας,
3189 3669 3280 3725 καὶ
3326 3671 3387 3739 ἢν
3438 3671 3467 3725 ὁ
3505 3664 3788 3743 παμϐασι-

2127 3761 2253 3827 λεὺς
2309 3760 2461 3840 φιλεῖ
2514 3762 2664 3832 Θεὸς,
2706 3761 2843 3815 ἅπαν
2907 3761 3001 3833 μὲν
3056 3757 3198 3815 ἄλλο
3250 3759 3444 3833 σεμνὸν
3505 3759 3782 3834 βιώσιμον

2126 3852 2461 3926 ἀπομόσεται
2513 3851 2650 3906 κατά
2694 3871 2758 3925 γε
2802 3850 2865 3905 τὸ
2913 3846 3218 3926 ἰγχωροῦν,
3250 3845 3541 3923 έπιλέγδην
3594 3847 3785 3925 κρίνας

2125 3940 2343 3997 ἐκείνων
2398 3940 2531 3996 εἶναι
2568 3940 2658 3995 καὶ
2710 3939 2897 4013 μόνον,
2929 3939 3002 3993 ὧν
3045 3936 3449 4014 ἐνεργουμένων
3502 3935 3631 3992 ούδὶ
3678 3944 3786 4007 τῆς

2126 4032 2328 4108 ἀγαθῆς
2381 4026 2602 4104 μερίδος
2647 4028 2923 4106 ἀφαίρεσιν
2976 4028 3257 4084 πείσεται·
3312 4024 3397 4083 ὅτι
3444 4023 3588 4100 μηδὲ
3634 4019 3780 4080 ἔστιν

2125 4120 2420 4196 ἀνθρώπῳ,
2472 4116 2586 4173 οὐδ’
2626 4114 2776 4195 εἴπερ
2826 4117 2903 4181 εἰς
2962 4114 3124 4192 ἄκρον
3176 4116 3371 4192 ἀρετῆς
3430 4112 3780 4191 ὑηρελάσει,

2125 4208 2215 4265 καὶ
2250 4206 2485 4282 μάλιστα
2514 4204 2564 4262 ἒν
2623 4210 2741 4268 τοῖς
2785 4206 2931 4282 ἄρτι,
2966 4206 3043 4279 μὴ
3091 4205 3182 4260 καὶ
3244 4204 3365 4280 βίου
3414 4198 3783 4278 τυρϐαστικοῦ

2129 4298 2376 4373 μετέχειν
2430 4295 2819 4373 ἐφοποσονοῦν.
2852 4296 2998 4350 Πάνυ
3048 4296 3176 4371 γὰρ,
3218 4294 3295 4359 ὡς
3355 4291 3657 4370 βλέπομεν,
3706 4294 3780 4366 τῇ

2124 4391 2194 4462 γῇ
2254 4388 2718 4463 προστετήκαμεν,
2778 4384 2888 4460 οὐχ
2965 4380 3219 4459 ἔρποντες
3301 4382 3463 4457 μόνον
3525 4379 3618 4437 διὰ
3668 4385 3779 4437 τῶν

2126 4475 2317 4545 αὐτῆς,
2350 4472 2496 4531 ἀλλὰ
2517 4476 2584 4530 τὰ
2638 4472 2824 4530 πολλά
2869 4472 2960 4529 καὶ
3013 4471 3408 4547 ἰλυσπώμενον
3446 4473 3667 4545 μήποτε
3721 4467 3779 4525 δι

2124 4565 2214 4620 xui
2266 4564 2538 4639 ὑπόγαιοι,
2572 4562 2889 4626 ἀκολούθως
2935 4559 2994 4618 δὲ
3051 4562 3141 4618 καὶ
3196 4560 3417 4640 τυφλοὶ,
3458 4560 3597 4616 κατά
3650 4558 3778 4623 τοὺς

2124 4652 2462 4723 ἀσπάλακας,
2491 4654 2562 4710 τὰ
2589 4654 2724 4708 κατὰ
2779 4659 2883 4728 γῆς
2938 4651 3232 4729 ὄχλοῦντες
3293 4650 3383 4705 xui
3446 4651 3775 4727 ὑπορύσσον-

371 4749 667 4814 cusantes,
695 4762 769 4803 ne
799 4746 911 4819 ipsi
968 4746 1207 4819 quidem
1260 4746 1373 4803 arti
1427 4745 1748 4804 valedicere
1796 4745 1996 4818 satagi.

2121 4764 2229 4813 τες,
2260 4742 2350 4798 καί
2386 4744 2461 4817 μὴ
2520 4743 2602 4798 ὅτι
2655 4763 2717 4818 γε
2772 4741 3044 4817 ὑπέργειοι
3105 4741 3180 4816 μὴ
3241 4736 3564 4804 σπεύδοντες
3620 4740 3773 4807 εἶναι,

2136 4830 2222 4853 3“
2247 4831 2262 4850 ε
2400 4832 2413 4849 \
2502 4830 2514 4853 ἓ
2584 4829 2622 4853 κ’
2710 4830 2857 4853 ’-μὶν
2925 4830 2953 4853 ο
2984 4827 3161 4853 κδῖν,.ν.
3219 4828 3630 4853 1__-,,n__hl,r-,,__
3688 4826 3773 4853 --μδ

371 4847 526 4903 mus,
577 4836 747 4909 cujus
797 4852 905 4909 ope
935 4852 1030 4892 res
1087 4837 1341 4893 nefarias
1399 4852 1714 4909 operemur
1753 4839 1810 4892 et
1840 4835 1996 4892 rebu:

2126 4830 2272 4888 ἀλλά
2325 4832 2417 4887 καὶ
2462 4830 2527 4887 τὸ
2579 4829 2657 4896 είς
2702 4830 2860 4907 ὀρθὸν
2925 4827 3162 4906 βαδίζειν
3212 4828 3658 4902 ἀπαναινόμενοι,
3687 4826 3774 4883 xui

371 4922 691 4981 mundanis
720 4924 985 4983 omlestes
1015 4925 1461 4999 posthabemus.

435 5209 526 5266 21.
560 5209 843 5275 Quocirca
870 5209 1065 5283 qui,ut
1094 5227 1276 5283 supra
1306 5210 1528 5266 dictum
1558 5214 1667 5279 est,
1698 5208 2013 5267 imitatoris

364 5306 558 5373 partes
590 5298 986 5373 amplectitur,
1018 5304 1075 5357 et
1126 5301 1267 5356 facit
1316 5304 1380 5355 ut
1407 5299 1446 5355 ii
1479 5300 1583 5372 qui
1637 5299 1854 5355 artium
1884 5299 2012 5355 loco

364 5389 553 5462 regios
582 5405 775 5447 mores
805 5392 1106 5445 sectantur
1133 5393 1191 5445 et
1238 5405 1341 5461 pro
1400 5389 1634 5461 regibus
1664 5388 1867 5444 haberi
1916 5404 2013 5460 ge-

364 5478 554 5535 stiunt
582 5480 722 5552 quia
741 5478 1147 5536 auctoritatem
1165 5479 1386 5551 regiam
1403 5476 1865 5535 artiﬁcishumili
1881 5493 2014 5533 cons

366 5566 575 5625 ditioni
604 5569 941 5641 praeferunt,
975 5574 1057 5637 ut,
1090 5569 1243 5639 quod
1272 5568 1488 5626 mirum
1520 5584 1638 5625 non
1677 5570 1785 5636 est,
1819 5566 1878 5621 in
1911 5565 2012 5623 Dei

365 5656 661 5728 manibus,
695 5659 836 5714 dum
866 5657 1025 5729 vivit,
1056 5657 1190 5730 erit,
1243 5674 1358 5729 quo
1400 5658 1460 5715 in
1493 5662 1649 5715 statu
1694 5660 1753 5713 et
1780 5654 2012 5714 deside-

2123 4923 2220 4991 τῆς
2294 4921 2556 4991 συνήθους
2643 4920 2845 4995 τέχνης
2910 4918 3010 4975 οὐκ
3085 4916 3364 4982 ἐθέλοντες
3436 4918 3775 4993 ἀφίστασθαι,

2123 5011 2242 5066 καθ’
2271 5012 2336 5081 ἣν
2386 5010 2712 5087 τεχνώμεθα
2738 5008 2805 5064 τὰ
2857 5009 2933 5083 μή
2982 5009 3282 5084 πρέποντα,
3311 5009 3624 5084 τιμώμενοι
3673 5005 3777 5084 πρὸ

2120 5104 2227 5155 τῶν
2258 5098 2546 5156 ἀνωτάτων
2576 5100 2642 5154 τὰ
2668 5100 2848 5175 γήϊνα.

2192 5208 2293 5263 xu’.
2328 5206 2480 5269 Τέως
2534 5204 2580 5262 δ’
2627 5206 2716 5262 οὖν
2763 5206 2813 5277 ὁ,
2868 5206 2945 5269 ὡς
2999 5207 3426 5279 προεκτέθειται,
3489 5208 3774 5278 μιμεῖσθαι

2121 5295 2454 5373 προθέμενος
2490 5294 2615 5357 τοὺς
2646 5294 2752 5350 ἀπὸ
2803 5297 3013 5371 τεχνῶν
3069 5294 3146 5359 εἷς
3186 5295 3254 5351 τὰ
3313 5291 3566 5370 βασίλεια
3611 5312 3773 5369 παραυ

2121 5384 2442 5454 κύπτοντας,
2495 5384 2586 5439 καὶ
2643 5381 3073 5459 προελομένους,
3139 5381 3369 5459 βασιλέα
3421 5382 3612 5459 κύριον
3661 5381 3772 5437 ἐπι-

2122 5475 2438 5553 γράφεσθαι,
2497 5473 2587 5529 καὶ
2642 5473 2705 5528 τὸ
2760 5477 3007 5529 τοιοῦτον
3068 5472 3205 5549 ὕψος
3253 5472 3619 5549 προθεμένους
3675 5476 3771 5539 τῆς

2120 5566 2379 5640 τεχνικῆς
2428 5562 2812 5635 ὖποπτώσεως,
2859 5558 3006 5618 ἔσται
3059 5564 3148 5617 καὶ
3201 5561 3385 5633 αὐτὸς,
3425 5561 3476 5617 εἷ’
3529 5560 3620 5616 καὶ
3673 5561 3765 5614 τοῦ

2127 5652 2247 5729 βίου
2307 5655 2445 5727 (πῶς
2491 5652 2593 5728 γὰρ
2641 5650 2754 5723 οὕς)
2783 5651 2812 5707 ὁ
2857 5646 2934 5708 ἔτι
2989 5650 3040 5707 έν
3106 5651 3212 5728 βίῳ
3259 5649 3409 5708 ἀλλὰ
3461 5650 3525 5707 τὸ
3581 5646 3761 5705 πλεῖον
