4114 6200
298 272 413 331 693

1294 273 1372 332 ΙΝ
1420 273 1485 333 S.
1535 270 2215 342 QUADRAGESIMAM
2265 275 2556 336 ORATIO
2600 275 2700 338 ιν.

3582 277 3704 336 694

293 403 396 454 τοῦ
427 393 826 470 παμϐασιΑέως
855 405 992 454 Θεοῦ
1027 418 1040 432 ο
1072 401 1161 454 καὶ
1213 401 1458 470 ποθήσας
1486 399 1710 468 ἐκεῖνον,
1751 401 1812 454 τὸ
1849 399 1940 471 μὶν

2060 402 2144 457 rio
2178 403 2410 460 virtutis
2443 406 2695 461 sublime
2726 405 3064 461 exercitium
3097 409 3154 460 et
3185 404 3366 460 altum
3397 405 3696 478 fastigium

296 489 416 542 κατ’
479 489 675 563 ἀρετὴν
731 491 1036 562 μετάρσιον,
1113 488 1202 542 καὶ
1281 490 1342 544 τὸ
1421 488 1590 551 οῧτως
1666 487 1944 562 ἐγγυτάτω

295 578 436 653 πρὸς
474 577 662 651 ἐκείνῳ
695 575 782 633 διὰ
830 577 1059 647 Θεωρίας
1114 578 1246 632 εἶναι
1281 577 1380 647 ἀεῖ,
1427 577 1622 653 ἀφησει
1652 583 1771 639 τοῖς
1804 576 1942 647 ἀλη-

293 669 407 727 θῶς
457 669 798 742 Ναζιραίοις,
856 668 914 722 ὃν
965 667 1214 737 ἐτάξαντο
1261 666 1346 722 ἐπὶ
1387 665 1634 741 ἀγγέλων
1683 667 1744 720 τὸ
1802 665 1944 720 οὕτω

291 759 557 820 πέτεσθαι
595 756 802 830 ὑψηλὰ,
866 757 946 834 ὑφ’
995 759 1066 810 ὧν
1117 754 1359 832 ἀγγέλων
1413 757 1502 810 καὶ
1534 755 1726 810 ἐκεῖνοι
1759 753 1945 828 αἶ’ρον-

288 866 381 900 ται
421 847 562 918 ὑψοῦ
595 845 670 900 είς
704 847 854 902 Θεόν.
899 846 996 900 Καὶ
1055 847 1106 900 oi
1152 845 1338 900 λοιποὶ
1379 842 1436 899 δὲ
1463 852 1564 914 τῆς
1593 852 1693 919 γῆς
1725 844 1818 917 μὲν
1853 845 1945 896 ἄν·

288 937 532 1005 θρωποι,
566 939 698 990 Θεοῦ
752 932 809 990 δὲ
864 937 940 1008 μὴ
991 932 1465 1007 έκλανθανόμενοι,
1499 932 1709 1006 ὁμοίως
1745 951 1944 1007 μεταρ-

281 1028 556 1093 σιοῦνται,
608 1025 683 1087 εἷς
735 1023 856 1079 ὅσον
908 1024 1102 1095 ἔξεστιν
1140 1043 1152 1056 ο
1201 1023 1360 1085 αὐτὸς
1403 1021 1461 1078 δὲ
1509 1021 1694 1084 ἄλλως
1726 1021 1942 1091 ἐνευθη-

281 1115 450 1182 νήσει
505 1119 584 1185 τῷ
641 1114 878 1186 τοιούτῳ
932 1112 1108 1185 καλῷ,
1158 1119 1260 1188 γῆν
1307 1113 1401 1185 μὲν
1452 1106 1680 1187 τρίϐων,
1711 1111 1799 1165 καὶ
1839 1113 1941 1185 γῆς

283 1201 423 1280 ἔργα
469 1208 667 1271 ποιῶν,
731 1205 833 1258 ούκ
888 1202 1164 1280 ἐφέρματα
1224 1201 1428 1274 μέντοι,
1486 1201 1576 1256 καὶ
1636 1202 1722 1254 οἷα
1780 1219 1938 1271 μετα-

280 1301 472 1350 ποιεῖν
503 1294 664 1348 αὐτὸν
696 1326 765 1336 —
795 1290 966 1347 δεινὸν
1000 1291 1117 1364 μὶν,
1146 1290 1189 1344 εἴ
1220 1291 1307 1345 καὶ
1350 1290 1425 1352 είς
1457 1289 1788 1365 αὐτόχρημα
1816 1292 1938 1363 γῆν,

286 1387 515 1456 μήποτε
565 1381 622 1438 δὲ
667 1381 757 1437 καὶ
813 1381 887 1442 είς
945 1380 1248 1452 ὁμοιότητα
1307 1377 1584 1451 δαίμονος.
1634 1378 1845 1432 Ἀνύσει
1886 1374 1942 1432 δὲ

279 1475 353 1527 τὸ
382 1473 462 1545 μὴ
503 1471 834 1549 έφάρματον,
886 1467 1154 1541 καθαίρων
1198 1471 1298 1537 τήν
1355 1467 1405 1522 ἐν
1457 1467 1604 1538 αὐτῷ
1651 1474 1752 1543 γῆν
1803 1467 1940 1520 ἁπά-

282 1583 394 1630 σης
457 1559 824 1637 φαυλότητος,
881 1558 970 1612 καὶ
1042 1557 1298 1627 τοιαύτην
1369 1557 1767 1619 ἀποκαθιστῶν,
1823 1553 1938 1608 οἵαν

283 1651 443 1720 ἀξίαν
478 1649 611 1704 εἶναι
663 1652 782 1720 Θεῷ
828 1647 1179 1716 κηπεύεσθαι,
1225 1647 1287 1700 τὸ
1330 1643 1387 1700 δὲ
1447 1645 1700 1718 μέγιστον
1749 1644 1938 1698 εἰπεῖν.

2055 493 2370 562 desperans
2399 511 2530 550 vere
2559 496 2871 550 Nazarenis
2902 495 3196 550 concedet.
3229 498 3373 549 Eum
3407 495 3562 548 enim
3595 513 3700 550 an-

2056 583 2168 652 geli
2201 581 2257 636 in
2284 583 2535 638 sublime
2553 583 2782 638 volandi
2803 583 3136 638 facultatem
3151 583 3702 638 edocueruntviam-

2055 686 2168 740 que
2198 672 2268 725 ad
2303 677 2482 726 Deum
2518 673 2706 744 ipsum
2740 672 2930 727 volatu
2993 671 3366 744 perveniendi
3423 671 3474 725 ei
3533 688 3699 726 mon-

2055 766 2336 815 strarunt.
2370 763 2474 816 Sed
2504 762 2691 816 caeteri
2726 779 2958 832 quoque
2990 761 3270 816 mortales
3303 760 3402 831 qui
3435 759 3536 815 Dei
3580 777 3702 816 me-

2055 865 2247 903 mores
2278 854 2334 903 et
2359 849 2611 905 cultores
2640 851 2933 914 exstitere,
2965 850 3089 921 pari
3125 852 3291 904 modo
3323 866 3562 904 sursum
3597 848 3703 904 tol-

2053 936 2266 1006 lentur,
2301 937 2358 991 in
2391 942 2675 1010 quantum
2702 939 2823 994 fieri
2857 939 3089 1010 poterit.
3124 938 3397 1010 Alioquin
3429 939 3585 994 idem
3619 941 3700 995 fe-

2051 1026 2144 1080 lici
2180 1044 2286 1082 suo
2318 1033 2473 1082 statu
2509 1028 2751 1094 fruetur,
2783 1033 2996 1082 terram
3028 1028 3266 1098 quidem
3319 1027 3595 1084 calcando
3642 1032 3701 1084 et

2051 1116 2348 1170 terrestria
2406 1133 2580 1188 opera
2617 1117 2966 1188 peragendo,
3002 1115 3220 1172 nullius
3249 1121 3444 1172 tamen
3479 1117 3700 1188 peccati

2052 1209 2316 1269 reus,aut
2347 1205 2758 1260 restaurationi
2793 1205 3076 1260 obnoxius
3107 1207 3425 1260 secundum
3462 1222 3553 1261 res
3583 1206 3696 1261 hu-

2053 1295 2498 1360 manas,nedum
2519 1295 2587 1348 ad
2609 1294 3054 1349 similitudinem
3081 1294 3175 1348 Dei
3196 1300 3518 1366 provectus.
3542 1300 3700 1351 Bona

2050 1387 2245 1437 autem
2278 1399 2452 1454 opera
2479 1383 2758 1454 perﬁciet,
2793 1383 3079 1436 mundum
3113 1383 3224 1437 sibi
3254 1383 3580 1454 ingenitum
3621 1385 3693 1438 ab

2050 1471 2211 1526 omni
2265 1471 2640 1542 perversitate
2671 1487 2928 1542 purgans
2953 1476 3009 1526 et
3036 1471 3212 1526 talem
3243 1472 3602 1527 constituens
3633 1476 3699 1527 ut

2050 1559 2265 1630 dignus
2299 1560 2460 1615 ﬁeret
2488 1559 2586 1630 qui
2618 1560 2676 1614 in
2712 1563 2804 1614 Dei
2836 1561 3004 1615 horto
3028 1560 3394 1631 plantaretur
3421 1565 3479 1616 et
3508 1561 3566 1615 in
3602 1560 3698 1616 Dei

2053 1649 2326 1704 manibus
2357 1649 2649 1720 repositus
2677 1665 2806 1704 vere
2835 1649 3012 1705 homo
3065 1649 3245 1705 ﬁeret.
3305 1651 3467 1714 Quod
3526 1650 3696 1705 nobis

281 1739 570 1809 ἀξιοῦσθαι
631 1736 704 1798 είς
758 1741 947 1812 χεῖρας
1005 1738 1138 1790 Θεοῦ
1196 1739 1427 1802 κεῖσθαι,
1466 1733 1555 1787 καὶ
1605 1733 1680 1794 εἷς
1742 1731 1940 1806 ἀνορω-

2053 1738 2291 1807 contigit
2321 1739 2682 1809 si,quotquot
2713 1755 2944 1809 sumus,
2976 1739 3149 1794 rebu
3180 1739 3450 1795 nefandis
3477 1739 3697 1794 valedi-

281 1848 395 1882 πον
459 1825 834 1881 πλάττεσθαι·
871 1824 1038 1878 εἰπεῖν
1100 1821 1158 1878 δὲ
1206 1821 1394 1884 ἄλλως
1442 1822 1516 1884 εἷς
1563 1822 1626 1876 τὸ
1680 1823 1939 1900 σαφέστε-

286 1937 413 1992 ρον,
470 1912 622 1991 εἴπερ
673 1915 858 1969 ἑαυτὸν
907 1908 1128 1975 ἔκαστος
1189 1912 1622 1986 ἀποκαθαίρομεν
1682 1915 1789 1965 τῶν
1846 1910 1945 1966 ὅσα

285 2005 395 2061 οὐκ
453 2001 592 2059 ἔστιν
647 2003 837 2072 εἷπεῖν,
897 2003 978 2056 δτι
1041 1999 1384 2056 συντελοῦσιν
1458 1999 1533 2062 είς
1583 2000 1760 2078 φύσιν,
1821 2000 1944 2054 οὔτε

289 2096 406 2170 μὴν
453 2097 740 2149 συνιττῶσι
778 2093 877 2160 τὴν
929 2089 1126 2146 πλάσιν
1166 2089 1255 2145 καὶ
1304 2091 1400 2159 τὴν
1443 2089 1788 2164 ἀνθρωπίνην
1823 2088 1944 2144 σύν-

289 2196 468 2254 θεσιν,
498 2181 534 2253 ἤ
568 2180 977 2254 ἀπαρτίζουσιν,
1007 2179 1043 2250 ἤ
1065 2181 1478 2256 περισώζουσιν.

365 2292 478 2367 κβ’,
513 2290 637 2344 Οίόν
668 2310 724 2344 τι
767 2288 915 2364 λέγω
949 2308 961 2321 °
1007 2286 1228 2342 Δέδοταί
1275 2308 1384 2342 σοι.
1436 2287 1480 2341 ὧ
1531 2285 1705 2348 οὗτος.
1740 2283 1945 2362 ὀφθαλ-

295 2401 406 2455 μρν
441 2379 681 2456 συζυγία.
722 2377 898 2434 Βλέπε
947 2374 1036 2431 οὖν
1091 2373 1390 2438 ἀκωλύτως
1426 2396 1438 2409 ·
1482 2374 1628 2431 ἀλλὰ
1661 2377 1737 2447 μὴ
1771 2376 1944 2449 παρά-

288 2465 490 2542 ὅλεπε,
521 2469 588 2524 τὰ
632 2466 818 2522 πολλὰ
860 2465 917 2522 δὲ
962 2467 1051 2521 καὶ
1096 2467 1335 2538 κάμμυε.
1369 2467 1436 2522 Ἣ
1512 2465 1611 2541 γάρ
1652 2465 1712 2519 ού
1743 2485 1948 2541 παραγ-

287 2559 516 2636 γέλλειν
579 2555 724 2612 δοκεῖ
779 2560 940 2610 τοῦτο
998 2555 1087 2610 καὶ
1147 2558 1181 2625 ἡ
1243 2555 1400 2632 φύσις
1450 2554 1609 2624 αὐτὴ,
1657 2553 1947 2624 ἐπιτάξασα

289 2653 414 2710 τοῖς
479 2643 773 2722 βλεφάροις
828 2639 1166 2699 καταϐαίνειν
1239 2665 1298 2698 τε
1358 2643 1446 2697 καὶ
1496 2637 1800 2698 ἀναϐαίνειν
1860 2665 1947 2697 συ-

292 2737 428 2812 χνά,
464 2735 527 2789 ού
562 2734 749 2807 μόνον,
788 2731 880 2788 ’ίνα
930 2731 1100 2794 οὕτως
1151 2734 1185 2801 ἡ
1233 2730 1536 2802 λεπτοτάτη
1573 2729 1813 2801 ἐπιπολή
1845 2739 1946 2802 τῆς

292 2847 354 2880 τι
378 2825 548 2900 κόρης
575 2824 666 2879 καὶ
707 2830 806 2892 τῆς
853 2821 1002 2897 πέριξ
1052 2823 1239 2897 χώρας
1284 2823 1607 2897 τεγγομένη,
1649 2823 1784 2897 μένῃ
1815 2821 1944 2892 ἀξή-

294 2934 518 2989 ραντος,
580 2914 667 2967 καὶ
734 2913 809 2985 μὴ
896 2909 1196 2986 βλάπτοιτο
1271 2913 1306 2980 ἡ
1367 2907 1489 2984 ὄψις
1545 2912 1941 2987 στεγανουμένη

290 3002 661 3079 κραυρότερυν
695 3020 707 3033 ·
770 2998 914 3055 ἀλλὰ
975 3001 1064 3054 καὶ
1127 2999 1204 3062 εἷς
1261 3001 1558 3072 μυστήριον
1612 2995 1948 3072 συμϐολικὸν

291 3097 394 3148 τοῦ
430 3093 631 3166 χρῆναι
679 3090 771 3145 τὸν
821 3089 1106 3166 ὀφθαλμὸν
1150 3090 1226 3162 μὴ
1256 3089 1336 3143 ἀεὶ
1369 3089 1680 3163 χασμᾶσθαι
1721 3087 1946 3164 ἀνεῳγό-

294 3204 385 3249 τα,
423 3181 561 3236 καΘᾶ
612 3177 832 3241 λέοντος
881 3179 970 3233 καὶ
1015 3175 1236 3253 λαγωοῦ
1285 3176 1617 3253 περιᾴδεται,
1666 3178 1754 3232 καὶ
1788 3177 1942 3233 εἷ’τι-

295 3292 391 3332 νος
451 3268 626 3325 ἄλλου
697 3267 946 3323 τοιούτου
1009 3268 1070 3321 τὸ
1139 3268 1318 3330 ἀτενὲς
1399 3274 1783 3343 κατηγορεῖται
1842 3274 1943 3335 τῆς

299 3361 481 3433 ὅψεως
518 3377 530 3390 ·
566 3357 710 3414 ἀλλά
741 3378 872 3412 ποτε
900 3357 988 3412 καὶ
1021 3358 1213 3430 έκοντῇ
1234 3357 1422 3432 τρόπῳ
1460 3357 1944 3435 κατασφαλίζισθαι

298 3447 490 3518 πύλης
548 3445 726 3518 δίκην,
784 3449 856 3520 μή
918 3467 1000 3507 τις
1049 3446 1293 3516 κλέπτης
1349 3445 1613 3520 λογισμὸς
1659 3441 1948 3519 παρεισδὺς

300 3537 767 3612 λῃστρικώτερον,
837 3535 944 3611 ούχ
1019 3534 1305 3610 ὑποκλέψῃ
1395 3533 1606 3601 ἁπλῶς,
1656 3531 1801 3588 ἀλλὰ
1855 3532 1942 3586 καὶ

301 3627 598 3702 ἂιραρπάσῃ
657 3625 749 3680 τὸν
807 3625 986 3688 θεόθεν
1032 3631 1132 3692 τῆς
1185 3627 1369 3699 ψυχῆς
1413 3623 1681 3698 θησαυρόν
1721 3642 1730 3653 ·
1765 3623 1823 3682 ’ὸς
1855 3621 1944 3676 καὶ

297 3712 389 3770 διὰ
420 3713 586 3790 θύρας
620 3715 820 3784 ταύτης
867 3711 1220 3782 εἰσοδιάζεται
1252 3711 1689 3785 πληθυνόμενος,
1721 3711 1809 3766 ὅτε
1839 3733 1944 3766 σω-

294 3806 516 3881 φρόνως
549 3805 599 3860 oi
629 3809 726 3859 τοῦ
753 3805 889 3859 κατᾶ
945 3809 1104 3878 σῶμα
1162 3801 1316 3858 οἷ’κου
1348 3801 1601 3858 δεσπόται
1635 3801 1893 3878 διάγομεν
1928 3825 1940 3838 ⁸

290 3893 354 3948 οὗ
394 3893 421 3948 ὀ
454 3895 585 3956 Θεὸς
633 3892 927 3968 οἷκοδόμος
975 3893 1412 3970 πεφιλοσόφηται
1450 3912 1463 3960 ;
1515 3893 1609 3946 Καὶ
1639 3889 1778 3947 ἔστιν
1812 3895 1939 3968 ὁρᾷν

293 3982 395 4058 μὲν
424 3986 593 4055 ἡμᾶς,
627 3984 700 4046 ὡς
727 3983 753 4036 ὁ
785 3983 914 4044 Θεὸς
961 3981 1231 4055 ἐπιθυμεῖ,
1285 3981 1513 4048 ὁπηνίκα
1563 3979 1684 4036 λεῖα
1739 3980 1940 4056 βλέπο-

290 4093 414 4145 μεν,
461 4072 654 4127 ταύτὸν
706 4069 752 4126 δ’
799 4071 991 4143 εἰπεῖν,
1025 4071 1160 4145 πρὸς
1209 4071 1492 4142 εὐθύτητα,
1527 4070 1591 4140 ἦν
1637 4072 1736 4126 οὐκ
1784 4069 1943 4148 ἔχου-

286 4183 371 4216 σιν
429 4163 503 4228 οἱ,
556 4163 690 4216 καθά
739 4183 822 4224 τις
883 4162 944 4215 ἄν
996 4157 1234 4238 δριμέως
1277 4158 1440 4233 εἴποι,
1475 4155 1798 4237 στράϐωνες.
1835 4160 1940 4218 Εὐ-

285 4250 496 4320 θύτητα
544 4247 602 4304 δέ
649 4269 820 4328 φαμεν
871 4251 968 4319 τήν
1022 4249 1108 4304 ἐπὶ
1162 4251 1362 4311 παντὸς
1399 4253 1496 4305 τοῦ
1547 4249 1686 4304 κατὰ
1729 4255 1940 4324 πνεῦμα

281 4339 589 4412 νοουμένου
648 4343 962 4412 σωματικοῦ
1025 4339 1220 4415 μορίου
1270 4333 1644 4416 ἀρῥέμϐαστον
1697 4337 1936 4412 πρόοδον

279 4429 374 4482 καὶ
436 4428 696 4492 ἷθυτενῶς
759 4428 1078 4500 τοξεύουσαν
1133 4428 1267 4482 κατὰ
1325 4425 1550 4497 σκοποῦ,
1613 4429 1802 4484 ὁποίαν
1872 4429 1939 4483 ού

283 4519 450 4591 μόνον
503 4517 788 4596 ὀφθαλμὸς

2049 1827 2273 1896 cimus;
2306 1844 2436 1898 quae
2462 1827 2597 1898 quia
2628 1832 2848 1882 naturae
2879 1833 3281 1883 consentaneae
3313 1832 3470 1896 sunt,
3504 1827 3696 1883 homi-

2053 1917 2226 1972 nibus
2257 1916 2364 1972 rite
2395 1916 2750 1984 excolendis,
2784 1917 3151 1988 perﬁciendis
3184 1934 3249 1973 ac
3279 1917 3582 1974 servandis
3614 1917 3706 1972 in-

2053 2005 2337 2062 serviunt.

2125 2294 2214 2346 22.
2247 2293 2504 2364 Exempli
2540 2292 2748 2366 gratia,
2781 2293 2983 2348 datum
3016 2291 3144 2359 tibi,
3177 2293 3368 2364 sodes,
3393 2296 3482 2349 est
3514 2291 3711 2349 oculo-

2057 2398 2189 2436 rum
2223 2381 2452 2452 ραι-,Εἰς
2485 2386 2648 2436 utere
2679 2381 2806 2436 sine
2838 2381 3162 2450 obstaculo,
3197 2398 3301 2437 nec
3331 2386 3527 2438 tamen
3560 2381 3710 2437 obli-

2057 2489 2172 2543 qua
2203 2475 2388 2536 tuere,
2422 2487 2572 2542 saepe
2603 2476 2797 2526 autem
2829 2470 3033 2526 claude
3091 2487 3212 2527 eos.
3271 2471 3492 2526 Natura
3550 2471 3708 2527 enim

2056 2578 2163 2633 psa
2219 2560 2328 2615 hoc
2361 2561 2547 2616 facere
2581 2559 2876 2633 palpebris
2907 2560 3238 2632 praescribit
3272 2565 3337 2616 ut
3367 2577 3605 2616 sursum
3639 2576 3705 2616 ac

2058 2652 2332 2706 deorsum
2363 2654 2855 2720 moveantur,non
2885 2653 3116 2705 tantum
3154 2654 3216 2705 ut
3247 2649 3480 2722 pupillae
3506 2665 3706 2720 super-

2057 2739 2218 2794 ﬁcies
2276 2737 2668 2794 sublilissima
2727 2738 3062 2794 humefacta
3121 2738 3394 2802 siccetur,
3452 2742 3508 2792 et
3541 2742 3705 2793 utne

2053 2829 2250 2883 vultus
2305 2829 2484 2882 nimis
2542 2827 2818 2884 astrictus
2866 2828 3126 2883 ledatur.
3157 2828 3266 2882 Sed
3295 2832 3350 2883 et
3379 2828 3452 2882 ob
3487 2830 3704 2898 myste-

2059 2918 2209 2972 rium
2242 2917 2630 2990 symbclicum
2657 2917 2862 2974 oculus
2909 2933 3024 2972 non
3082 2917 3254 2972 debet
3308 2920 3508 2988 aperto
3565 2916 3705 2972 orbe

2056 3007 2313 3071 hiare,nt
2345 3006 2430 3062 leo
2464 3011 2565 3062 aut
2596 3006 2764 3078 lepus
2795 3005 2980 3062 aliave
3010 3005 3288 3061 animalia
3319 3005 3560 3071 faciunt,
3601 3005 3704 3060 sed

2058 3096 2212 3151 sicut
2263 3100 2430 3167 porta
2461 3095 2751 3161 concludi,
2787 3111 2858 3150 ue
2887 3093 3164 3167 cogitatio
3196 3093 3348 3150 male
3379 3094 3494 3148 {ida
3524 3093 3702 3148 latro-

2058 3202 2198 3240 num
2235 3202 2394 3240 more
2423 3185 2650 3240 intrans
2681 3183 2942 3239 divinum
2974 3183 3182 3238 animae
3215 3183 3558 3239 thesaurum
3591 3182 3706 3238 suf-

2056 3275 2313 3341 furetur;
2348 3275 2444 3346 qui
2476 3275 2712 3346 quidem
2745 3274 3114 3329 abundanter
3142 3273 3490 3345 ingreditur,
3525 3289 3708 3343 quan-

2057 3365 2131 3418 do
2161 3364 2426 3433 domum,
2461 3379 2668 3434 corpus
2701 3369 2964 3418 nostrum
2998 3362 3148 3431 dico,
3183 3362 3500 3434 prudenter
3542 3360 3706 3414 inco-

2058 3452 2433 3523 limus,cujus
2464 3453 2778 3507 adiﬁcator
2807 3452 2961 3507 Deus
2993 3468 3025 3506 a
3056 3448 3420 3522 philosophis
3447 3447 3704 3504 celebra-

2056 3545 2169 3595 tur.
2199 3546 2412 3596 Sumus
2443 3547 2634 3596 autem
2696 3539 2865 3607 tales,
2926 3539 3129 3611 quales
3187 3555 3293 3594 nos
3347 3537 3471 3592 vult
3529 3539 3702 3607 Deus,

2056 3630 2290 3700 quando
2349 3636 2572 3685 rectum
2629 3630 2810 3686 oculis
2850 3630 3124 3684 obtutum
3155 3628 3606 3694 demandamus,
3641 3626 3700 3681 id

2054 3720 2205 3790 quod
2241 3720 2426 3774 facere
2457 3718 2636 3774 luscis
2669 3719 2822 3774 haud
2857 3723 2946 3773 est
2978 3717 3224 3772 licitum.
3265 3715 3442 3770 Istam
3503 3719 3698 3770 autem

2055 3808 2204 3864 oculi
2232 3807 2636 3863 rectitudinem
2669 3806 3054 3878 intelligimus
3086 3804 3431 3862 continuum
3465 3820 3702 3874 proces-

2055 3915 2185 3954 sum
2220 3898 2477 3970 corporis
2510 3915 2542 3953 a
2573 3897 2781 3968 spiritu
2809 3895 3050 3964 directi;
3084 3910 3317 3966 semper
3354 3894 3510 3950 enim
3570 3897 3700 3948 sco"

2053 4004 2194 4060 pum
2225 3987 2378 4055 visit,
2411 3987 2565 4058 quod
2599 3987 2782 4041 facere
2813 4002 2926 4039 non
2962 3988 3152 4056 potest
3181 3983 3408 4053 oculus,
3436 3999 3551 4038 non
3599 3997 3701 4054 pes

2053 4077 2150 4148 qui
2183 4093 2354 4132 omne
2385 4075 2518 4130 tulit
2548 4079 2828 4146 punctum
2861 4074 2958 4129 ubi
2993 4072 3331 4128 rectitudini
3364 4072 3570 4127 divinae
3611 4071 3704 4126 in-

2051 4165 2426 4236 sistit,neque
2459 4163 2740 4235 cor,quod
2776 4163 3278 4231 Deus,secundum
3303 4160 3700 4228 Psalmistam,

2051 4253 2284 4328 dirigit;
2316 4253 2568 4308 maxime
2596 4256 2787 4308 autem
2822 4268 3011 4319 mens,
3045 4251 3312 4306 omnium
3342 4250 3549 4306 horum
3583 4265 3704 4304 mo-

2051 4342 2327 4412 deratrix,
2360 4345 2418 4398 et
2447 4358 2572 4413 quae
2600 4357 2733 4396 eum
2766 4340 2866 4412 qui
2899 4339 3052 4411 sapit
3077 4340 3387 4412 gubernat,
3407 4337 3698 4409 siquidem

2050 4431 2293 4488 minime
2325 4432 2491 4486 lusca
2518 4435 2619 4485 aut
2647 4434 2808 4484 torva
2841 4434 2950 4485 est.

885 4513 1030 4594 ἔχειν
1081 4518 1405 4590 ἀπαινεῖται,
1485 4515 1614 4573 ούδὶ
1665 4523 1822 4588 ποῦς,
1883 4522 1941 4582 ὃς
1994 4519 2289 4576 ἐπαινεῖται
2349 4519 2640 4592 ἱστάμενος
2688 4515 2740 4571 ἐν
2791 4520 2858 4590 τῇ
2911 4516 3045 4571 κατᾶ
3097 4515 3224 4571 Θεὸν
3269 4512 3542 4583 εὐθύτητι,
3603 4510 3695 4565 οὐ·

281 4607 340 4665 δὲ
371 4607 588 4684 καρδία,
621 4608 687 4678 ἦν
734 4613 851 4671 τοῖς
909 4608 1128 4684 ἔχουσιν
1179 4608 1432 4684 ἀγαθύνει
1475 4611 1502 4664 ὁ
1544 4609 1766 4686 Κύριος,
1817 4611 1953 4666 κατᾶ
1999 4612 2091 4666 τὸν
2141 4612 2297 4687 ἱερῶς
2346 4607 2651 4684 ψάλλοντα,
2706 4607 2852 4664 ἀλλὰ
2894 4608 3000 4682 πρὸ
3049 4608 3263 4661 πάντων
3311 4604 3399 4659 καὶ
3449 4603 3536 4656 ἐπὶ
3583 4607 3694 4656 πᾶο

281 4721 365 4754 σιν
410 4700 587 4762 ὁτοῖς
635 4697 907 4761 τοιούτοις
968 4697 1266 4754 ἐπιστατῶν
1323 4703 1448 4760 νοῦς
1509 4699 1597 4754 καὶ
1650 4695 2107 4775 προϐαλλομενος
2164 4701 2254 4754 τὸν
2314 4699 2634 4777 εὐούφρονα,
2683 4697 2741 4758 ’ὸς
2800 4696 2921 4752 οὕτε
2970 4691 3308 4770 παραϐλέπει
3365 4688 3688 4769 στραϐίζων,

281 4789 349 4843 οὐ
384 4790 494 4862 μὴν
528 4785 640 4842 οὐδ’
675 4785 842 4844 ἄλλον
873 4787 990 4843 τινὰ
1018 4787 1242 4864 τρόπον,
1274 4789 1392 4853 καθ’
1421 4788 1478 4843 ὃν
1515 4786 1734 4865 λέγοιτο
1767 4789 1824 4845 ἂν
1867 4784 2197 4865 παραϐλώψ.

353 4903 457 4971 κγ’.
493 4897 609 4969 Χρή
644 4895 743 4972 γάρ
795 4918 913 4952 τινα
963 4894 1127 4952 ἵλεων
1179 4895 1365 4972 ἐνορᾷν
1421 4897 1556 4969 μετά
1615 4894 1934 4974 διακρίσεως

2113 4901 2202 4954 23.
2237 4898 2475 4970 Oportet
2503 4897 2659 4954 enim
2693 4897 3008 4953 discrimen
3041 4911 3206 4966 agere
3237 4893 3582 4951 benevolum
3631 4891 3694 4948 in

280 4983 457 5054 Θείας,
489 4983 580 5038 καὶ
630 4980 746 5056 ἅμα
787 4984 849 5038 τὸ
897 4980 1233 5060 πολυσχιδὲς
1293 4979 1660 5060 παραϐλέπειν
1720 4985 1930 5041 ἀπεῖναι

278 5077 380 5129 τοῦ
443 5072 586 5128 οὕτω
643 5070 964 5148 βλέποντος.
1044 5072 1107 5130 Ei
1185 5071 1242 5128 δὲ
1308 5072 1397 5127 καί
1455 5095 1558 5128 τινι
1619 5075 1932 5150 πρόκεινται

280 5162 474 5239 ὁρατὰ,
529 5165 612 5225 οἷς
663 5157 1141 5237 προϐεϐλημένοις
1209 5162 1272 5218 οὐ
1314 5164 1467 5237 θέμις
1519 5159 1810 5236 ἐμϐλέπειν
1840 5165 1928 5220 τὸν

279 5253 560 5330 σώφρονα,
612 5253 640 5306 ὁ
699 5249 756 5307 δὲ
821 5257 1116 5324 τηνικαῦτα
1192 5253 1546 5308 κατακύπτων
1607 5253 1930 5330 ἀποστρέψει

277 5344 379 5412 τὴν
415 5337 622 5417 ὅρασιν,
661 5343 736 5416 μή
795 5342 883 5397 καὶ
944 5339 1272 5418 δραξάμενον
1324 5343 1386 5398 τὸ
1419 5342 1640 5399 ὀπτικὸν
1671 5341 1782 5416 ἅμα
1811 5345 1934 5398 καθ-

283 5430 490 5501 ελκυση
524 5432 616 5487 τὸν
668 5431 796 5488 ὅλον
845 5429 1152 5509 ἄνθρωπον,
1201 5434 1301 5488 ὅσα
1345 5433 1435 5488 καί
1476 5455 1528 5487 τι
1561 5434 1805 5509 σχοινίον
1844 5433 1927 5509 βί-

282 5542 426 5593 αιον,
482 5523 540 5578 ἐκ
585 5527 683 5579 τοῦ
732 5526 866 5580 κατὰ
913 5526 1042 5582 Θεὸν
1093 5523 1283 5598 ὕψους,
1335 5523 1422 5580 καὶ
1458 5520 1764 5600 ὑποϐιϐάσῃ
1797 5525 1931 5600 πρὸς

282 5611 564 5676 ἀπωλείας
612 5614 879 5692 τάρταρον
915 5634 928 5648 ο
980 5613 1104 5670 τότε
1147 5609 1214 5684 δὴ
1268 5613 1565 5688 κατέμυσεν
1601 5615 1628 5670 ὁ
1658 5620 1928 5688 τοιοῦτος,

2043 4989 2134 5044 his
2167 4988 2586 5060 rebus,easque
2617 4985 2784 5042 oculo
2815 4988 3082 5041 irretorto
3113 4981 3695 5056 contemplari.Quod

2045 5077 2090 5132 si
2126 5077 2302 5132 homo
2330 5078 2608 5132 cordatus
2641 5077 2698 5131 in
2739 5092 2831 5131 res
2889 5081 3091 5146 turpes
3148 5074 3439 5141 inciderit,
3497 5071 3697 5128 oculos

2040 5167 2366 5222 verecunde
2421 5170 2658 5232 avertet,
2696 5181 2766 5220 ne
2796 5179 2926 5219 cum
2962 5163 3148 5219 oculis
3178 5169 3364 5218 totum
3397 5161 3700 5216 hominem

2043 5257 2248 5327 perdat
2283 5256 2572 5322 funditus,
2607 5269 2888 5325 rumpens
2918 5252 3170 5321 vincula,
3203 5253 3418 5323 quibus
3450 5252 3560 5306 Deo
3594 5251 3700 5303 ad-

2043 5345 2246 5413 haeret,
2278 5345 2360 5400 ita
2392 5349 2457 5399 ut
2514 5343 2573 5399 in
2633 5348 2916 5399 tartarum
2978 5357 3234 5414 praeceps
3291 5341 3480 5396 cadat.
3541 5340 3693 5393 Tum

2041 5433 2196 5490 enim
2223 5451 2253 5490 e
2283 5435 2537 5490 cecitate
2564 5434 2633 5488 ad
2666 5432 2855 5488 visum
2888 5432 3058 5498 redit,
3090 5434 3146 5486 et
3175 5428 3488 5500 Scriptura;
3517 5444 3695 5497 θείῃ-ω

2042 5541 2157 5580 non
2189 5522 2435 5579 incurrit
2461 5521 2818 5593 vituperium
2851 5537 3029 5576 εει-οε
3069 5520 3207 5576 olim
3267 5535 3401 5574 cum
3459 5517 3691 5573 lidibrio

2040 5611 2544 5685 reprehendentis.
2603 5612 2786 5683 Equo
2817 5609 3032 5667 etenim
3091 5608 3256 5664 oculo
3310 5623 3402 5664 res
3433 5612 3693 5666 contem-
