4114 6200
364 250 486 312 695

1161 251 1582 314 EUSTATHII
1626 253 1726 313 ΤΗ
1737 251 1926 313 ESSA
1937 251 2052 312 LOl

2168 251 2264 311 EN
2275 250 2387 312 SIS
2433 248 3016 312 METROPOLITAE

3670 252 3798 312 696

365 382 583 455 plstur,
618 386 675 439 et
704 383 755 439 ei
788 383 978 457 placet
1007 384 1104 456 qui
1142 385 1200 440 iu
1236 386 1578 441 abscondito
1607 385 1765 440 videt
1795 390 1853 441 et
1895 402 2027 457 pro-

2163 382 2233 436 ιαὶ
2269 380 2486 457 βλέπων
2544 379 2758 458 βλέπει,
2815 382 2904 436 xui
2965 380 3027 435 ού
3088 382 3165 454 μὴ
3217 378 3307 456 ἴδῃ
3368 379 3540 438 ἄλλον
3581 382 3790 458 τρόπον

367 471 564 543 palam
595 473 788 528 reddit
819 489 842 531 :_
869 473 1052 528 altero
1085 478 1284 530 autem
1319 475 1474 530 claro
1503 474 1672 529 oculo
1712 475 1885 530 modo
1941 473 2022 529 vi-

368 560 487 630 det,
522 561 694 616 modo
726 579 840 616 non
869 562 1044 618 videt.

2134 471 2274 546 ἤπερ
2307 474 2340 540 ἡ
2377 472 2652 547 ἁγιωτάτη
2688 471 2876 547 Γραφὴ
2929 465 3139 544 ἔσκωψε
3179 471 3306 532 τοὺς
3345 470 3518 526 πάλαι
3547 471 3797 548 τυφλοὺς

2136 558 2501 636 διορατικούς.
2563 557 2756 614 Βλέπει
2835 560 2936 634 γάρ
3010 557 3219 631 ὅμματι
3305 564 3385 631 τῷ
3435 560 3794 634 καιριωτάτῳ

368 647 458 702 καὶ
520 645 837 726 φιλουμένῳ
891 650 992 704 ὑπὸ
1049 655 1145 704 τοῦ
1205 649 1255 704 ἐν
1308 656 1530 726 κρυπτῷ
1574 650 1870 727 βλέποντος
1927 650 2017 706 καὶ
2075 647 2432 712 ἀποδιδόντος
2490 648 2540 705 ἐν
2589 653 2804 726 φανερῷ
2838 666 2849 678 °
2899 652 2978 720 τῷ
3028 644 3086 702 δὲ
3134 648 3316 722 λοιπῷ
3363 650 3450 703 καὶ
3522 656 3798 727 προφανεῖ

373 734 647 814 ὀφθαλμῷ
677 744 754 808 πῆ
791 738 885 810 μέν
926 737 1135 814 βλέπει,
1180 747 1255 809 πῆ
1293 737 1350 794 δὲ
1384 738 1660 814 οὐδαμῶς.

444 845 642 901 24.Εεῐ
671 851 867 901 autem
887 849 1043 918 quod
1064 848 1192 904 dico
1212 855 1434 905 naturae
1452 850 1941 922 mysterium,nou
1963 849 2034 903 ab

375 931 651 989 omnibus
670 934 1175 1000 observatum,sed
1194 937 1266 992 ab
1282 937 1353 993 iis
1375 940 1659 993 duntaxat
1679 938 1778 1010 qui
1801 938 2035 1010 profun-

376 1021 452 1076 da
465 1021 714 1076 scrutari
728 1021 1080 1079 didicerunt.
1103 1028 1204 1080 Est
1219 1031 1413 1081 autem
1429 1043 1520 1082 res
1537 1027 1891 1097 bujusmodi.
1929 1025 2036 1081 Ubi

377 1109 598 1165 ﬂumen
613 1109 847 1168 visibile
870 1111 929 1167 in
950 1111 1192 1184 planum
1212 1114 1514 1170 descendit
1535 1132 1600 1171 ac
1621 1114 1788 1184 longe
1806 1115 2036 1186 lateque

376 1202 576 1270 patere
588 1199 1144 1272 cmpit,multis,imo
1160 1202 1432 1274 plurimis
1447 1204 1503 1258 in
1520 1221 1694 1259 cursu
1716 1221 1822 1260 suo
1840 1221 2037 1259 occur-

376 1287 609 1342 rit.Non
631 1292 830 1344 tamen
854 1289 955 1345 illa
978 1307 1094 1346 uno
1116 1292 1324 1347 obtutu
1345 1293 1586 1360 videt,et
1610 1311 1810 1349 eorum
1835 1293 2036 1366 cogni-

375 1376 600 1432 tionem
624 1377 737 1432 sibi
759 1378 1049 1447 vindicat;
1079 1381 1179 1436 sed
1202 1381 1301 1436 ubi
1326 1382 1426 1437 uni
1449 1387 1722 1454 certaque
1744 1384 1823 1439 rei
1851 1383 2037 1438 conti-

379 1470 592 1520 nenter
612 1466 980 1538 insistit,quo
1010 1469 1281 1537 tendit,id
1310 1470 1572 1541 attinget;
1593 1476 1732 1526 tunc
1765 1473 2035 1527 observa-

380 1559 475 1609 tor
497 1557 775 1611 strenuus
797 1555 1099 1612 oculorum
1123 1575 1189 1613 ac
1212 1559 1435 1615 fraudis
1458 1559 1848 1616 diti‘erentiam
1880 1561 2037 1615 vide-

384 1642 608 1698 bit.Ubi
631 1644 787 1743 enim
804 1645 1048 1716 spiritus
1062 1646 1309 1702 visibilis
1321 1664 1503 1703 conus
1517 1648 1698 1703 telum
1713 1666 1886 1704 suum
1902 1650 2040 1722 ﬁget
2070 1684 2117 1748 Β

386 1737 445 1786 et
475 1747 596 1787 rem
627 1731 918 1788 visibilem
953 1735 1362 1806 attinget,item
1387 1736 1598 1807 judicii
1657 1754 1763 1809 ope
1820 1744 2038 1793 certam

385 1819 551 1875 illam
584 1837 650 1876 ac
682 1821 952 1878 stabilem
985 1823 1172 1879 sistet.
1200 1825 1274 1880 Ea
1303 1830 1498 1880 autem
1530 1827 1629 1897 qui
1661 1827 2042 1882 circumcirca

392 1913 533 1964 sunt
559 1909 757 1965 minus
788 1916 1054 1967 accurate
1074 1917 1485 1985 tanget,quare
1503 1931 1566 1969 ea
1590 1915 1699 1970 rite
1723 1916 1965 1971 deﬁnire
1985 1919 2042 1970 et

391 1997 718 2067 dijudicare
752 2015 866 2054 non
899 2001 1130 2071 poterit,
1166 2001 1278 2057 nisi
1312 2019 1456 2058 cono
1488 2005 1634 2059 duce
1661 2004 1716 2058 iu
1751 2003 1863 2059 alio
1895 2020 2036 2075 quo-

389 2102 568 2157 quam
599 2102 840 2159 corpore
871 2087 1024 2143 idem
1056 2091 1338 2161 perﬁciat.
1392 2093 1462 2146 Et
1519 2092 1626 2147 hoc
1687 2093 1922 2162 quidem
1979 2092 2039 2147 in

389 2174 668 2230 omnibus
725 2175 1026 2232 similibus
1083 2195 1283 2233 verum
1342 2196 1471 2236 esse
1528 2185 1711 2252 patet.
1751 2181 1926 2253 Atqui
1957 2181 2040 2236 sic

386 2263 564 2319 etiam
580 2263 884 2335 jejunator
905 2267 1005 2337 qui
1033 2283 1159 2337 quas
1178 2267 1335 2323 videt
1355 2269 1654 2337 discernit,
1683 2270 1764 2325 uti
1790 2286 1881 2325 res
1904 2287 2040 2325 con-

385 2358 588 2424 specta
619 2371 734 2409 non
767 2359 998 2411 tantum
1031 2357 1160 2428 ejus
1190 2358 1662 2424 admirationem,
1698 2360 1798 2416 sed
1837 2359 2040 2432 volup-

387 2446 567 2499 tatem
601 2459 835 2514 quoque
868 2449 1077 2512 movet,
1112 2451 1311 2502 caveat
1341 2463 1413 2502 ne
1441 2447 1525 2502 illi
1552 2448 1732 2504 nimio
1764 2448 1896 2521 plus
1952 2449 2041 2503 in-

387 2531 584 2599 sistat,
614 2536 672 2587 et
703 2533 860 2604 quod
891 2533 1046 2590 videt
1101 2535 1279 2591 nimis
1332 2542 1555 2609 urgeat,
1622 2543 1686 2593 ut
1741 2554 1808 2593 eo
1853 2537 2042 2610 magis

390 2620 587 2676 animo
610 2621 881 2690 inculcet;
907 2628 1202 2679 contracto
1221 2628 1414 2680 autem
1437 2643 1609 2682 sensu
1641 2627 1883 2682 visionis
1915 2644 2043 2682 ma-

383 2710 488 2781 jus
520 2709 631 2764 sibi
655 2709 911 2781 spatium
948 2711 1167 2766 creabit
1195 2716 1275 2780 et,
1307 2714 1491 2770 oculis
1523 2714 2042 2782 clausis,aﬁ‘ectum

393 2798 596 2852 minus
628 2798 844 2854 afﬁciet
870 2799 1154 2856 laedendo.
1191 2801 1525 2858 Istiusmodi
1559 2808 1751 2860 autem
1779 2805 2046 2869 homo,ut

387 2887 516 2958 jam
539 2885 817 2952 vidimus,
841 2889 972 2959 plus
1003 2889 1272 2946 minusve
1300 2891 1765 2959 videbit;videbit
1793 2893 1946 2948 enim
1985 2895 2048 2947 ut

393 2975 551 3031 Deus
579 2976 928 3047 praescribit,
953 2983 1056 3032 aut
1085 2995 1201 3033 non
1233 2978 1633 3048 videbit,sieut
1647 2981 2042 3037 adversarius.

393 3061 564 3117 εἷ’πεῖν
624 3062 925 3138 παροξύνας
981 3065 1043 3120 τὸ
1095 3063 1342 3132 ὀπτικὸν,
1407 3065 1547 3139 μηδὲ
1603 3063 2020 3144 ἀκριϐωσάσθω,
2079 3067 2155 3128 ὡς
2216 3060 2515 3138 ἐμϐαθῦνθι
2573 3063 2705 3117 αὐτὸ
2763 3063 3044 3137 προκύψαν
3106 3061 3182 3125 εἷς
3239 3064 3424 3138 ψυχήν
3457 3082 3470 3096 ·

2214 842 2314 901 κδ’.
2337 846 2487 901 Ἓστι
2536 842 2613 911 δὲ,
2661 845 2689 899 ὃ
2731 843 2896 918 λέγω,
2951 846 3246 921 μυστήριον
3291 843 3524 922 φύσεως,
3552 845 3618 900 οὗ
3648 845 3801 900 πολ-

2146 933 2265 995 λοῖς
2321 934 2866 1010 παρατετηρημένον,
2927 931 3055 989 ἀλλ’
3109 931 3145 1002 ἤ
3212 933 3329 988 ὅσοι
3379 928 3798 1006 ἐμϐαθύνουσιν.

2144 1023 2303 1098 Ἔχει
2347 1020 2404 1077 δέ
2452 1045 2569 1086 πως
2624 1022 2766 1077 οὕτω
2825 1023 2887 1076 τὸ
2946 1028 3188 1097 πρᾶγμα.
3248 1023 3325 1078 Τὸ
3384 1021 3609 1077 ὀπτικὸν
3641 1024 3803 1098 χύμα

2148 1109 2580 1186 διαπεπταμένον
2637 1111 2714 1173 εἷς
2761 1111 2989 1182 πλάτος,
3039 1112 3128 1165 καὶ
3174 1107 3385 1174 διαθέον
3425 1111 3516 1165 καὶ
3549 1111 3676 1184 εὐρὺ
3710 1112 3803 1165 καὶ

2151 1204 2436 1275 μήκιστον,
2487 1199 2778 1280 ἐφικνεῖται
2831 1201 2926 1273 μὶν
2980 1198 3230 1267 πολλῶν,
3263 1200 3352 1254 καί
3385 1221 3518 1254 ποτε
3549 1199 3613 1255 ού
3651 1197 3807 1255 πολ-

2148 1288 2260 1345 λῶν
2294 1289 2503 1358 ἁπλῶς,
2538 1287 2684 1346 ἀλλά
2711 1289 2801 1343 xui
2832 1289 2970 1343 πάνυ
3001 1285 3249 1343 πολλῶν.
3280 1287 3356 1344 Οὐ
3402 1289 3508 1362 μὴν
3535 1288 3629 1342 καὶ
3661 1291 3802 1343 πάν-

2145 1398 2212 1431 τα
2259 1377 2435 1433 έκεῖνα
2492 1377 2704 1452 ὁμοίως
2754 1379 2874 1451 ὁρᾷ,
2923 1376 3013 1432 καὶ
3060 1378 3158 1446 τὴν
3211 1375 3426 1431 ἐκείνων
3477 1382 3681 1451 γνῶσιν
3711 1378 3802 1433 καὶ

2149 1462 2356 1536 εἴδησιν
2390 1465 2582 1536 ἐπίσης
2640 1466 3009 1538 ἁπομάττεται
3047 1485 3058 1497 ³
3113 1464 3240 1520 ἀλλ’
3273 1464 3361 1519 ὅτε
3393 1464 3632 1538 στηρίξει
3663 1469 3807 1521 κατά

2145 1575 2292 1616 τινος
2349 1555 2467 1619 ἑνὸς
2527 1555 2717 1627 μόνου,
2767 1555 2858 1609 καὶ
2908 1554 3104 1616 ἀτενῶς
3156 1553 3458 1627 ἐπιστήσει,
3511 1555 3802 1618 ἀκοντίσας

2147 1645 2208 1697 τὸ
2258 1644 2503 1714 όπτικὸν,
2557 1645 2630 1706 ὡς
2696 1643 2867 1699 ἐκεῖνο
2923 1644 3013 1699 καὶ
3067 1645 3232 1718 μόνον
3289 1640 3801 1720 ἐξακριϐώσασθαι·

2147 1732 2272 1787 τότε
2321 1730 2386 1802 δὴ
2418 1733 2678 1809 γνώσεται
2740 1734 2766 1788 6
2812 1734 3027 1795 συνετὸς
3080 1734 3272 1803 θεατὴς
3321 1731 3582 1812 διαφορὰν
3635 1735 3810 1809 βλέμ-

2155 1843 2322 1894 ματος
2375 1821 2464 1876 καὶ
2523 1818 2866 1894 κλέμματος.
2915 1823 3075 1877 Ὃποί
3127 1823 3228 1898 γὰρ
3278 1823 3306 1876 6
3337 1828 3512 1885 κῶνος
3542 1829 3642 1878 τοῦ
3675 1825 3807 1900 ὁρα-

2149 1914 2303 1964 τικοῦ
2360 1909 2665 1982 πνεύματος
2710 1911 2773 1964 τὸ
2825 1911 2940 1964 κατ’
2985 1909 3142 1965 αὐτὸν
3195 1909 3286 1980 ὀξὺ
3348 1909 3532 1986 βαλὼν
3589 1911 3810 1988 ἀπερεί-

2151 2019 2251 2068 σει,
2283 1998 2371 2052 καὶ
2424 1996 2610 2072 ἅψεται
2659 2003 2755 2053 τοῦ
2809 1997 3167 2072 ὑποκειμένου
3216 1999 3353 2074 πρὸς
3411 2000 3622 2073 ὅρασιν,
3663 1999 3811 2055 ἐκεῖ·

2149 2108 2210 2142 νο
2271 2083 2490 2163 ἀκριϐοῖ
2534 2088 2621 2142 καὶ
2704 2085 2993 2164 διευκρινεῖ
3067 2086 3158 2142 καὶ
3228 2088 3510 2164 εὐστόχως
3569 2086 3810 2164 διαπορ-

2151 2175 2335 2249 θμεύει
2365 2181 2433 2250 τῇ
2482 2176 2616 2231 κατά
2672 2181 2796 2231 νοῦν
2857 2177 3039 2252 ὁρασει
3087 2179 3156 2249 τῇ
3186 2181 3428 2251 κριτικῇ.
3462 2180 3588 2234 Τῶν
3619 2175 3678 2233 δὲ
3709 2182 3809 2234 πέ-

2153 2267 2232 2342 ριξ
2275 2264 2383 2340 οὐχ
2415 2264 2556 2320 οὕτω
2594 2265 2723 2338 πρὸς
2771 2260 3046 2339 ἀκρίϐειαν
3101 2263 3345 2338 ἅπτεται,
3407 2266 3482 2330 ὡς
3537 2268 3629 2321 καὶ
3663 2267 3808 2322 ἐκεῖ-

2149 2373 2211 2407 να
2268 2351 2678 2425 λεπτοτομιῖσαι
2739 2353 2825 2407 καὶ
2902 2350 3260 2427 παραπέμψαι
3337 2352 3415 2416 εἷς
3473 2353 3651 2428 κρίσιν
3702 2357 3804 2424 τὴν

2152 2436 2279 2514 ἔσω,
2313 2441 2358 2496 εἷ
2411 2442 2486 2513 μή
2529 2440 2794 2511 ἀποσταίη
2846 2439 3054 2496 ἐκείνου
3111 2441 3462 2516 παρενεχθεὶς
3517 2444 3545 2497 ὁ
3604 2447 3806 2512 κῶνος,

2151 2532 2241 2586 καὶ
2295 2529 2371 2592 εἷς
2419 2529 2595 2605 ἕτερον
2647 2534 2809 2602 σῶμα
2881 2529 3179 2606 ῥυσάμενος
3237 2526 3417 2602 δράσει
3488 2531 3554 2585 τὰ
3612 2528 3805 2604 ὅμοια.

2155 2621 2254 2678 Καὶ
2282 2624 2444 2674 τοῦτο
2475 2619 2566 2673 ἐπῖ
2606 2617 2820 2673 πάντων
2867 2623 2975 2673 τῶν
3028 2616 3293 2673 τοιούτων
3326 2619 3664 2694 πανάληθες.
3700 2621 3809 2679 Οῧ-

2152 2730 2229 2764 τω
2263 2706 2328 2777 δὴ
2362 2706 2452 2762 οὖν
2476 2706 2566 2762 ναὶ
2621 2708 2648 2761 ὁ
2697 2705 3045 2780 διακριτικῶς
3097 2704 3318 2780 βλέπων
3367 2710 3690 2778 νηστευτὴς,
3722 2709 3814 2764 ὅτε

2153 2821 2207 2854 τι
2256 2798 2440 2852 θεατὸν
2501 2795 2850 2872 ἐφελκύσεται
2905 2794 3064 2850 αὐτὸν
3118 2795 3180 2850 οὗ
3209 2796 3346 2872 πρὸς
3370 2798 3552 2870 θαῦμα
3581 2798 3671 2852 xui
3710 2800 3811 2871 μό-

2156 2908 2270 2956 νον,
2302 2885 2446 2940 ἀλλά
2483 2906 2534 2938 τι
2565 2885 2652 2938 καὶ
2708 2884 2846 2959 πρὸς
2897 2881 3208 2954 εὒπαθειαν,
3263 2886 3339 2957 μὴ
3394 2887 3700 2961 στηριζέτω
3734 2887 3814 2950 εἰς

2158 2976 2330 3031 ἐκεῖνο
2407 2973 2839 3049 περιεργότερον,
2918 2973 3318 3045 ἀποστενώσας,
3386 2975 3474 3029 καὶ
3557 2975 3635 3037 ὡς
3696 2975 3812 3030 οἷον

3532 3065 3822 3129 συστείλας

395 3147 456 3206 δὲ
507 3152 606 3220 τὴν
664 3152 944 3228 περίεργον
1006 3152 1151 3227 ὅψιν,
1212 3152 1485 3230 διαχεάτω
1546 3156 1710 3226 αὐτὴν
1771 3155 1981 3225 ἄλλως,
2031 3155 2122 3212 καὶ
2172 3153 2520 3223 πλατυνάτω,
2580 3151 2669 3206 καὶ
2721 3151 2866 3206 οὕτω
2907 3151 3112 3207 κλείσει
3162 3153 3262 3219 τὴν
3316 3151 3538 3225 ἐμπαθή
3602 3152 3818 3228 ὅρασιν,

394 3237 486 3294 xui
542 3240 608 3295 οὐ
663 3241 946 3315 πορνεύσει
1003 3245 1124 3298 κατ’
1171 3243 1337 3315 αὐτῆς
1387 3245 1449 3300 τὸ
1498 3247 1849 3316 παθητιεκόν.
1922 3247 2020 3301 Καὶ
2095 3239 2240 3299 ἔσται
2324 3243 2351 3296 6
2406 3245 2654 3303 τοιοῦτος
2714 3239 3014 3317 ἄνρθωπος,
3075 3241 3151 3302 ὡς
3200 3241 3669 3317 προτεθεώρηται,
3728 3243 3820 3297 καὶ

401 3329 621 3408 βλέπων
679 3333 768 3387 καὶ
827 3334 902 3407 μή
966 3331 1183 3410 βλέπων
1216 3355 1228 3370 ·
1291 3334 1530 3412 βλέπων,
1581 3337 1658 3401 ὡς
1717 3336 1912 3407 ἐθέλει,
1968 3335 2057 3392 xui
2110 3337 2183 3398 ὡς
2235 3331 2407 3406 ἔταξεν
2479 3333 2506 3387 6
2557 3331 2686 3395 Θεύς
2722 3351 2735 3364 '
2793 3333 2868 3406 μὴ
2925 3331 3168 3406 βλέπων,
3231 3332 3307 3394 ὡς
3374 3332 3818 3409 πραγματεύεται

399 3421 429 3476 6
459 3420 854 3495 ἀντικείμενος.

472 3530 699 3586 25.Jam
730 3548 864 3587 vero
892 3532 1072 3588 alium
1105 3534 1363 3606 aliquem
1413 3537 1764 3608 procedendi
1814 3539 2056 3594 modum
2089 3536 2132 3605 C

401 3619 844 3693 lnvestigemus.
898 3626 1266 3694 Proponatur
1304 3626 1626 3697 jejunatori
1659 3645 1806 3700 opus
1835 3627 2058 3699 aliquid

406 3710 658 3764 arduum
692 3711 846 3782 quod
875 3711 945 3766 ad
981 3711 1341 3769 intellectum
1367 3719 1467 3770 aut
1493 3732 1714 3772 meram
1736 3716 1913 3772 vitam
1937 3732 2060 3788 per-

404 3797 609 3874 tineat,
636 3799 790 3870 quod
824 3799 1063 3870 quidem
1096 3801 1259 3872 puris
1291 3802 1477 3859 oculis
1508 3803 1738 3876 lustret,
1759 3809 1823 3860 ut
1853 3810 2064 3860 natura

404 3886 556 3957 vult,
584 3893 638 3943 et
670 3905 702 3942 a
734 3888 956 3945 caeteris
986 3891 1342 3961 spectaculis
1395 3908 1456 3948 se
1513 3898 1771 3963 avertat;
1829 3912 1898 3950 ex
1955 3895 2063 3950 hoc

407 3975 563 4032 enim
596 3977 804 4032 oculus
832 3978 902 4031 ad
937 3978 994 4033 id
1026 3980 1180 4049 quod
1214 3981 1370 4035 dicet
1401 3983 1774 4039 couvertilur.
1809 3984 1926 4040 Hac
1957 3983 2064 4055 igi-

405 4067 504 4119 tur
534 4064 755 4122 ratione
786 4066 946 4123 visus
979 4067 1086 4122 rite
1109 4071 1484 4141 componitur
1513 4077 1569 4127 et
1600 4090 1905 4144 nunquam
1933 4090 2065 4145 pec-

409 4158 538 4222 cat;
571 4158 630 4209 et
660 4153 779 4210 hinc
811 4160 900 4212 est
930 4173 1066 4212 vera
1098 4157 1245 4214 ratio
1276 4176 1368 4215 res
1400 4161 1698 4218 naturales
1728 4162 2064 4218 contuendi.

411 4243 558 4298 Hinc
590 4260 843 4316 quoque,
879 4248 944 4300 ut
975 4263 1008 4300 a
1034 4248 1258 4304 caeteris
1304 4251 1722 4307 abstrahamus
1777 4252 2063 4319 animum,

413 4331 692 4388 olfactum
725 4333 941 4404 pariter
970 4334 1292 4407 dirigemus
1309 4338 1516 4395 odores
1540 4341 1838 4410 jucundos
1858 4357 2066 4395 suave-

416 4421 712 4477 olentibus
754 4423 912 4479 verbi
944 4423 1193 4480 cmlestis
1221 4427 1502 4496 apostolis
1558 4428 1949 4496 attribuendo,
2013 4434 2070 4484 et

419 4527 670 4582 quorum
693 4511 939 4567 odorum
966 4513 1308 4585 praparatio
1332 4514 1570 4587 longum
1591 4516 2066 4589 exigitstudium:

421 4599 574 4672 quod
607 4600 841 4670 quidem
875 4600 989 4656 alio
1021 4606 1282 4674 tempore
1337 4604 1604 4661 fecimus.
1671 4607 1779 4661 Sed
1838 4607 2068 4664 auditui

418 4705 651 4760 quoque
682 4687 1090 4744 rectitudinem
1121 4691 1386 4757 dabit,ut
1415 4693 1537 4748 vult
1565 4699 1718 4750 Deus
1743 4696 1840 4766 qui
1866 4713 2068 4751 aurem

419 4777 753 4848 plasmavit,
784 4777 976 4834 almus
1005 4781 1290 4850 conditor,
1323 4783 1422 4853 qui
1456 4785 1654 4839 omnia
1679 4801 1804 4855 quas
1838 4785 2068 4840 aurium

419 4865 676 4921 castitati
706 4867 908 4922 nociva
936 4872 1095 4937 sunt,
1129 4869 1411 4940 expellere
1436 4871 1577 4941 vult,
1624 4877 1680 4927 et
1736 4874 1836 4944 qui
1895 4888 2069 4929 omne

415 4953 824 5026 vaniloquium
858 4957 1184 5012 detestatur
1214 4975 1328 5029 quo
1362 4961 1721 5030 protolastus
1751 4961 1925 5016 homo
1957 4966 2060 5017 Pa-

415 5043 702 5113 radisum,
736 5045 792 5098 id
827 5051 915 5100 est
944 5046 1216 5116 patriam,
1245 5049 1409 5103 exsul
1442 5049 1772 5122 relinquere
1828 5056 2065 5107 coactus

411 5138 520 5190 est.
553 5134 713 5188 Idem
745 5134 924 5189 etiam
957 5139 1198 5206 gustum
1230 5139 1547 5208 ordiuabit,
1580 5156 1651 5194 ne
1681 5156 1767 5207 eo,
1805 5157 1919 5211 quo
1979 5141 2065 5195 tas

412 5239 527 5278 non
561 5228 669 5289 est,
704 5223 927 5290 tendat,
961 5228 1017 5278 et
1047 5224 1132 5279 sic
1163 5228 1598 5283 contaminatus
1633 5229 1734 5283 Dei
1768 5229 2064 5299 justitiam

411 5312 764 5368 annuntiare
813 5312 938 5382 jam
971 5329 1086 5368 non
1130 5314 1342 5386 dignus
1399 5317 1495 5384 sit,
1554 5323 1754 5390 utpote
1807 5317 2067 5373 humidis

414 5401 758 5473 corporibus
811 5405 868 5457 et
895 5402 1055 5458 vitiis
1077 5404 1286 5460 animae
1317 5406 1374 5462 in
1409 5407 1727 5479 perniciem
1768 5407 2061 5477 delapsus.

417 5489 510 5546 Sic
568 5489 618 5546 is
677 5506 905 5561 quoque
961 5489 1060 5562 qui
1110 5491 1169 5547 in
1201 5493 1401 5550 exsilio
1433 5497 1593 5569 degit
1621 5495 2066 5553 condemnatio-

422 5592 556 5634 nem
588 5580 832 5652 spernit,
866 5597 1044 5651 quam
1075 5580 1365 5654 diabolus,
1395 5584 1533 5644 hine
1581 5602 1796 5646 nomen
1855 5590 2065 5644 nactus

2241 3533 2335 3587 κε’.
2371 3531 2470 3585 Καὶ
2527 3531 2635 3604 μὴν
2683 3527 2907 3585 ἐνταῦθα
2951 3529 3040 3584 καὶ
3093 3526 3240 3601 ἄλλη
3297 3526 3617 3603 μεθόδευσις
3677 3529 3830 3607 εὐρε-

2165 3624 2280 3678 τέα·
2338 3619 2732 3696 Προτειθείσθω
2789 3624 2870 3692 τῷ
2922 3618 3238 3690 νηστεύοντι
3311 3613 3469 3695 ἔργον
3499 3617 3823 3688 σπουδαῖον,

2171 3710 2277 3767 εἴτε
2305 3711 2614 3784 καταμόνας
2663 3707 2992 3783 ἐλλόγιμον,
3043 3705 3150 3763 εἴτε
3179 3707 3270 3763 xui
3302 3706 3490 3773 ἄλλως
3524 3710 3822 3783 βιώσιμον,

2171 3801 2257 3856 xui
2287 3797 2541 3878 ἀφοράτω
2603 3799 2679 3861 εἷς
2737 3797 3082 3870 ἐκεῖνοεμετά
3135 3795 3456 3874 βλέμματος
3509 3802 3825 3875 θεοφιλοῦς,

2174 3890 2248 3951 ὡς
2279 3891 2314 3958 ἠ
2360 3887 2517 3966 φύσις
2564 3887 2748 3963 ὥρισε,
2794 3886 2993 3948 παντὸς
3043 3884 3100 3940 δὲ
3149 3883 3347 3941 λοιποῦ
3401 3885 3672 3958 θεάματος
3701 3886 3828 3965 ἀφι-

2175 3977 2384 4033 στάσθω
2414 3999 2426 4012 ο
2460 3976 2550 4032 xui
2600 3974 2743 4031 οὕτω
2795 3975 3107 4052 ῥυθμίζοιτ⁸
3155 3973 3212 4028 ἃν
3267 3975 3296 4029 6
3329 3971 3617 4053 ὀφθαλμὸς
3650 3973 3730 4037 εἷς
3761 3977 3831 4030 τὲ

2177 4065 2384 4124 δέοντα.
2441 4063 2699 4120 Τοιοῦτον
2745 4066 2780 4134 ἡ
2841 4065 2982 4118 κατὰ
3034 4065 3133 4133 τὴν
3177 4061 3362 4139 ὅρασιν
3430 4063 3602 4140 ἀγαθή
3663 4065 3830 4135 μεθο-

2178 4155 2294 4213 δεία
2325 4175 2338 4188 ⁸
2375 4155 2516 4210 οὕτω
2549 4152 2881 4210 συντελεῖται
2920 4155 2982 4209 τὸ
3014 4155 3131 4208 κατ’
3182 4153 3350 4222 αὐτῆν
3391 4152 3779 4228 ἀναμάρτητον
3813 4172 3827 4186 ·

2175 4250 2335 4301 τοῦτο
2393 4246 2490 4314 τήν
2551 4244 2892 4320 θεωρητικὴν
2953 4242 3146 4317 ἀρετὴν
3205 4246 3286 4314 τῷ
3343 4243 3462 4305 καθ’
3519 4244 3669 4314 ἡμᾶς
3727 4242 3831 4316 βίῳ

2176 4336 2591 4410 παρεισήγαγεν.
2637 4334 2909 4396 Ἐντεῦθεν
2940 4327 3018 4402 δὲ,
3052 4328 3144 4384 ’ἱνα
3201 4331 3277 4402 μὴ
3317 4330 3404 4384 xui
3456 4333 3575 4391 τοῖς
3608 4329 3830 4390 λοιποῖς

2178 4423 2436 4484 ὡσαύτως
2485 4421 2882 4494 ἐπεξέλθωμεν,
2929 4419 3018 4474 xui
3067 4420 3164 4487 τὴν
3215 4417 3479 4496 ὅσφρησιν
3529 4414 3832 4493 διορθώσε-

2176 4509 2264 4566 ταί
2320 4533 2423 4582 τις,
2503 4509 2780 4584 εἰσκρίνων
2857 4504 3082 4569 εὐωδίας
3157 4505 3486 4580 ἀρεσκούσας
3555 4511 3674 4566 τοῖς
3732 4508 3829 4560 τοῦ

2178 4599 2500 4676 ἐπουρανίου
2578 4597 2768 4680 λόγου,
2845 4598 3106 4670 μυρεψοῖς
3173 4592 3528 4680 ἀποστόλοις,
3601 4592 3667 4680 ἃς
3707 4590 3828 4665 ἄρτι

2179 4687 2538 4758 διασκευάζειν
2585 4678 2752 4762 λόγου
2797 4688 3006 4760 μακροῦ
3044 4682 3205 4759 χρεία
3253 4681 3362 4756 (καὶ
3407 4679 3598 4744 ἄλλως
3649 4678 3706 4736 δὲ
3751 4681 3826 4743 εἷς

2177 4778 2306 4833 αὐτὸ
2337 4772 2517 4852 ἔτερος
2548 4779 2697 4846 ἡμᾶς
2723 4775 2916 4849 καιρὸς
2947 4772 3320 4848 ἀπεσχόλησε)
3354 4791 3366 4803 ·
3399 4771 3486 4825 xui
3520 4771 3622 4839 τήν
3659 4770 3824 4839 ἀκοὴν

2179 4865 2237 4922 δὲ
2292 4866 2621 4937 καταρτίσει,
2655 4865 2728 4924 ὡς
2780 4862 2931 4941 φιλεῖ
2973 4862 3127 4929 Θεὸς,
3177 4863 3205 4916 6
3237 4859 3501 4936 φυτεύσας
3525 4861 3589 4915 τὸ
3623 4858 3714 4921 οὖς
3750 4879 3764 4890 ·
3799 4863 3827 4917 ὁ

2099 4915 2146 4980 D
2177 4915 2759 5034 Qaéf'stélt'pfé},
2790 4915 3127 5014 τδξκαὶτέ
3180 4915 3348 5006 λοὶπά
3400 4915 3499 5022 ut;
3550 4915 3828 5022 βλαπτικά

2173 5052 2272 5115 τῆς
2304 5046 2473 5110 ἀκοῆς
2533 5043 2746 5115 ἐξωθεῖν
2798 5039 3114 5113 ἀκούσματα
3171 5038 3448 5114 βούλεται,
3480 5036 3570 5092 xui
3601 5038 3700 5105 τήν
3732 5037 3828 5110 ψί-

2178 5147 2334 5210 θυρον
2371 5132 2427 5188 δὲ
2457 5135 2531 5196 ὡς
2592 5129 2826 5206 μάλιστα
2880 5126 3252 5208 φαυλολογίαν
3293 5126 3627 5202 ἐκκρούεται,
3660 5123 3731 5180 δι’
3760 5125 3828 5194 ἧς

2177 5226 2204 5279 6
2236 5225 2534 5301 προπάτωρ
2564 5223 2664 5289 τὴς
2705 5219 2842 5274 κατά
2888 5218 2979 5273 τὸν
3033 5215 3355 5294 παράδεισον
3399 5212 3660 5291 πατρίδος
3691 5213 3827 5287 ἐξώ-

2178 5334 2380 5391 ριστος,
2458 5311 2817 5384 Κατακεράσει
2874 5305 2932 5362 δὶ
2996 5307 3208 5370 πάντως
3283 5307 3310 5360 ὁ
3369 5305 3528 5368 αὐτὸς
3573 5303 3667 5359 καὶ
3722 5304 3823 5373 τήν

2174 5407 2354 5478 γεῦσιν
2388 5402 2465 5465 εἷς
2522 5401 2834 5475 ἀπρόσιτον,
2887 5395 2979 5452 ’ίνα
3030 5398 3107 5471 μή
3169 5395 3471 5473 καταρρυῇ,
3517 5393 3656 5470 πρὸς
3687 5390 3825 5467 ὅπερ

2175 5489 2326 5548 οὐδέν
2357 5491 2488 5564 ἐστι,
2546 5489 2635 5546 καὶ
2687 5488 2830 5543 οὕτω
2888 5488 3183 5563 χρανθεῖσα
3234 5488 3454 5564 γένηται
3514 5481 3698 5553 ἀναξία
3724 5485 3827 5538 τοῦ

2173 5579 2540 5660 ἐκδιηγεῖσθαι
2589 5582 2722 5636 Θεοῦ
2771 5575 3134 5653 δικαιώματα,
3185 5577 3465 5654 μιανθεῖσαι
3521 5571 3629 5650 οὐχ
3676 5570 3825 5628 οὕτω
