4114 6200
287 332 386 393 69⁵1

1259 334 1339 394 ΙΝ
1384 335 1447 396 S.
1492 336 2176 407 QUADRAGESIMAM
2224 337 2513 399 ORATIO
2558 337 2662 398 IV.

3548 337 3666 400 698

287 480 389 521 τοις
419 457 884 532 σωματικωτέροις
933 462 1022 515 καὶ
1081 459 1370 536 ἐγχόμοις,
1419 465 1542 519 ὅσον
1597 470 1711 527 τοῖς
1774 467 1901 520 ἀσω-

2023 467 2079 521 in
2113 485 2245 523 eum
2281 467 2551 524 contulit.
2602 466 3065 522 Sanctificabunt
3110 481 3244 520 vero
3274 481 3402 520 eam
3435 481 3666 538 quoque

290 547 462 620 μάτοις
491 545 846 623 φαυλότησιν’
912 547 1075 602 ὁποία
1111 549 1200 602 καὶ
1248 552 1282 618 ἡ
1314 556 1413 619 τῆς
1461 546 1748 621 διαϐολῆς,
1782 554 1840 621 ἢν
1877 553 1904 607 ὁ

286 635 580 696 ἐνδιαθέτως
629 635 838 710 φεύγων
891 637 1182 710 ἡγίασται,
1245 639 1564 694 καταπτύων
1607 640 1794 710 αὐτῆς,
1856 641 1905 696 εἷ’

283 746 337 799 γε
363 723 496 778 οὕτω
523 723 720 794 ταύτην
777 725 1088 796 ᾠκειώσατο
1147 724 1383 801 φιλήσας
1435 730 1462 782 6
1519 728 1900 802 ἀντικείμενος.

282 815 348 875 ὡς
396 812 480 868 καὶ
545 813 638 867 ἀπ’
709 813 876 883 αὐτῆς
951 821 1394 891 παρωνυμεῖσθαι
1471 817 1544 879 εἰς
1621 814 1900 876 διάϐολον.

281 903 574 976 Ἃγιασουσι
630 899 687 956 δὲ
742 901 908 972 αὐτὴν
963 903 1049 957 καὶ
1112 901 1253 976 μέλη
1320 906 1454 975 θεῖα,
1527 905 1722 962 ἐκεῖθεν
1781 907 1902 980 ἐξη-

2015 557 2209 612 divina
2239 558 2654 626 carmina,quae
2687 553 3028 610 solemniter
3065 558 3300 609 cantata
3327 554 3663 610 auditorum

2015 646 2243 701 animos
2274 645 2608 700 demulcent
2637 648 2694 698 et
2720 643 2915 714 ipsum
2951 649 3248 697 cantorem
3272 641 3584 710 delectant,
3610 649 3666 698 et

2014 735 2110 805 qui
2143 740 2378 789 cantum
2411 735 2482 789 ad
2515 749 2793 804 magnum
2845 732 3118 786 Davidem
3151 733 3343 787 refert.
3377 733 3484 786 Sed
3519 732 3668 788 bona

2013 840 2244 895 quoque
2275 824 2562 888 doctrina,
2613 839 2738 892 quae
2796 821 2931 875 inde
2983 822 3248 892 emergit,
3309 821 3371 874 in
3404 820 3660 877 similem

2012 911 2534 968 sanctiﬁcationem
2569 911 2806 965 desinit.

278 990 524 1066 χοόμενα,
557 990 649 1045 καὶ
674 990 800 1052 τοὺς
825 992 1210 1068 ἀκροωμένους
1243 993 1530 1069 θέλγοντα,
1582 997 1691 1071 οὐχ
1721 995 1917 1066 ἥκιστα
1949 997 2006 1055 δὲ
2035 1001 2122 1054 καὶ
2152 1001 2251 1068 τὴν
2301 998 2464 1052 αὐτοῦ
2497 997 2700 1052 ἐκείνου
2731 999 2914 1071 ψυχὴν
2946 1001 3043 1050 τοῦ
3085 995 3416 1070 ψάλλοντος,
3465 998 3550 1051 καὶ
3583 1002 3664 1070 τῷ

281 1076 490 1152 μεγάλῳ
519 1077 687 1133 Δαυῗδ
716 1080 814 1148 τὴν
845 1078 1025 1151 καλὴν
1057 1079 1246 1151 ἀοιδὴν
1286 1078 1852 1158 συναναϐαλλομὲνου.
1887 1088 1986 1144 Καὶ
2018 1086 2338 1144 διδασκαλία
2368 1083 2424 1141 δὶ
2455 1086 2628 1161 ἀγαθὴ
2663 1084 2860 1140 ἐκεῖθεν
2893 1084 3246 1154 ἐκκόπτουσα,
3281 1085 3356 1147 εἷς
3397 1085 3661 1161 ἀγιασμὸν

276 1167 450 1240 ὅμοιον
480 1165 837 1239 ἀποτελευτᾷ.

334 1275 426 1337 κς’.
457 1275 610 1330 Ἐστι
665 1272 722 1330 δὲ
776 1274 946 1330 καλὸν
1000 1277 1271 1349 πόματος
1327 1276 1481 1355 ἔργον
1535 1280 1625 1335 καὶ
1681 1284 1716 1351 ἡ
1768 1281 1903 1338 ἐκεῖ·

275 1375 346 1426 θεν
378 1362 598 1438 εὐλογίη
649 1366 738 1418 καὶ
801 1365 862 1419 τὸ
892 1361 1144 1443 ἀϐλάσφη
1158 1388 1277 1440 μον.
1322 1367 1413 1430 Εἷς
1447 1370 1507 1423 τὸ
1536 1370 1774 1426 καθόλου
1803 1373 1902 1447 γὰρ

273 1449 603 1525 ἀναδραμεῖν,
660 1452 887 1528 ὀργάνου
935 1455 1134 1516 παντὸς
1185 1456 1389 1530 ἀγαθοῦ
1445 1459 1661 1534 ἀγαθὸς,
1723 1461 1901 1538 ὥσπερ

273 1540 296 1593 ὁ
325 1541 557 1616 εὑρετὴς,
615 1540 764 1596 οὕτω
810 1543 896 1597 καὶ
933 1544 960 1596 6
1013 1544 1235 1617 σκοπὸς,
1270 1545 1314 1599 εἰ
1346 1546 1434 1600 καὶ
1467 1545 1648 1624 φαύλη
1683 1552 1902 1624 μοχθη-

273 1628 348 1704 ρία
399 1632 590 1704 ψυχῶν
650 1630 872 1705 ἀχρειοῖ
925 1630 1102 1686 ἐκεῖνα
1161 1636 1611 1708 παραχρωμένη,
1686 1637 1760 1698 ὡς
1825 1645 1898 1710 μή

274 1717 447 1792 ἐχρῆν.
494 1717 708 1775 Οὐκοῦν
754 1718 842 1774 καί
887 1723 949 1775 τὸ
994 1725 1092 1775 τοῦ
1136 1719 1355 1796 βλέπειν
1390 1721 1634 1798 ὄργανον,
1693 1727 1780 1780 καὶ
1840 1727 1901 1781 τὸ

270 1811 374 1861 κατ’
424 1805 717 1882 ὄσφρησιν,
776 1811 865 1864 καὶ
917 1809 946 1864 6'
996 1807 1052 1864 δὶ
1107 1811 1370 1886 ὑπουργεῖ
1424 1818 1541 1874 τοῖς
1575 1814 1897 1888 ἀκούσμασι,

2083 1288 2172 1341 26.
2211 1285 2526 1341 Pulchrum
2588 1301 2758 1355 porro
2816 1283 2934 1338 oris
2995 1299 3140 1353 opus
3201 1285 3289 1337 est
3317 1281 3575 1338 laudatio
3605 1287 3663 1338 et

2013 1376 2197 1430 oratio
2227 1372 2909 1430 benevola.lnstrumenti
2945 1373 3099 1424 enim
3125 1370 3337 1442 egregii
3371 1375 3429 1425 et
3458 1372 3660 1426 inven-

2012 1470 2105 1519 tor
2135 1470 2188 1519 et
2220 1480 2432 1535 scopus
2464 1463 2655 1517 bonus
2687 1467 2796 1528 est,
2829 1461 2960 1515 licet
2992 1459 3172 1514 animi
3204 1475 3365 1514 error
3395 1475 3494 1530 per
3517 1461 3657 1514 abu-

2012 1569 2144 1607 sum
2174 1557 2468 1624 operatur.
2501 1551 2592 1606 Sic
2623 1565 2855 1621 quoque
2887 1549 3142 1613 videndi,
3173 1547 3455 1602 odorandi
3487 1551 3660 1617 atque

2011 1641 2286 1696 audiendi
2305 1641 2701 1712 gustandique
2717 1655 2935 1710 organa
2949 1654 3078 1708 quae
3101 1637 3338 1692 vocibus
3355 1637 3659 1707 pateﬁunt,

2011 1747 2044 1786 a
2074 1731 2325 1802 benigno
2387 1734 2644 1785 creatore
2704 1728 2980 1799 praeclara
3029 1731 3150 1780 arte
3181 1727 3468 1781 instructa
3498 1729 3657 1780 sunt.

2009 1819 2194 1882 Quare
2224 1819 2324 1891 qui
2356 1819 2428 1873 iis
2487 1818 2669 1873 utitur
2715 1817 2786 1871 ad
2849 1817 3066 1871 bonum
3098 1815 3275 1870 ﬁnem
3333 1814 3659 1869 secundum

268 1897 346 1950 καὶ
373 1897 431 1950 τὸ
465 1896 541 1959 εἷς
567 1901 775 1972 γεῦσιν,
835 1899 863 1952 ’ὀ
921 1899 1011 1952 καὶ
1069 1898 1148 1961 εἷς
1194 1899 1390 1955 λαλιὰν
1446 1901 1798 1958 ἀποτέτακται
1833 1938 1900 1947 —

2015 1913 2230 1963 natura:
2292 1907 2721 1978 praecriptum,
2774 1923 2887 1960 non
2947 1904 3318 1976 reprehendit
3364 1908 3658 1973 naturam,

269 1986 416 2062 σοφός
442 2006 500 2039 τε
529 1986 621 2039 καὶ
656 1985 856 2060 ἀγαθὸς
895 1987 922 2041 ὁ
952 1990 1208 2058 ποιήσας,
1250 1988 1337 2043 καὶ
1390 1989 1524 2044 αὐτὰ
1553 1990 1671 2045 λίαν
1720 1992 1902 2056 καλῶς

268 2073 339 2127 ἐπ’
368 2075 546 2147 ἀγαθῷ
577 2075 926 2144 πεποίηνται.
979 2077 1082 2132 Καὶ
1137 2077 1338 2146 τοίνυν,
1371 2078 1430 2139 ὃς
1484 2080 1578 2151 μὲν
1632 2080 1766 2136 αὐτᾶ
1813 2104 1902 2137 πε-

268 2167 539 2237 ριποιεῖται
575 2169 770 2235 σκοπῷ
824 2163 1112 2240 κρείττονι,
1173 2167 1306 2242 πρὸς
1355 2167 1412 2221 ὃν
1470 2169 1505 2237 ἡ
1557 2169 1712 2245 φύσις
1769 2170 1901 2226 αὐτὰ

265 2249 590 2314 κελευσθεῖςα
677 2255 1020 2328 κατήρτισεν,
1097 2252 1219 2309 οὔτε
1285 2258 1384 2326 τήν
1447 2255 1601 2334 φύσιν
1655 2255 1895 2334 ἐλέγχει,

267 2339 344 2394 καὶ
391 2341 478 2395 τὸν
539 2339 1036 2418 δημιουργήσαντα
1085 2341 1141 2400 δέ
1164 2344 1422 2420 τεχνίτην
1477 2351 1659 2419 τιμᾷ,
1713 2351 1804 2402 καὶ
1861 2348 2021 2413 αὐτὸς
2067 2351 2264 2427 ἀγαθὸς
2320 2349 2551 2425 ἐργάτης
2601 2347 2886 2424 κρίνεται·

269 2429 494 2500 θειμένος
553 2435 638 2503 τῷ
695 2432 793 2500 τὴν
835 2432 1182 2509 παράχρησιν
1241 2436 1627 2508 τεκτηναμένῳ
1707 2434 1926 2510 δαίμονι
1979 2439 2270 2512 ᾠκείωται,

267 2517 430 2594 Κύριε.

325 2610 417 2676 κζ’.
451 2609 552 2666 Καὶ
601 2615 769 2665 τοῦτο
821 2613 916 2685 μὲν
967 2611 1140 2674 οὕτως
1201 2616 1336 2686 ἡμῖν
1391 2613 1442 2669 ἐν
1503 2613 1639 2689 εὐχῇ
1701 2617 1758 2669 ὅν
1816 2613 1898 2686 εἷίη

268 2695 512 2754 ἐπιτελῶν
548 2703 585 2772 ᾖ
621 2704 732 2753 τῶν
767 2698 992 2756 δικαίων
1025 2702 1201 2778 αὐγῶν
1235 2702 1385 2765 Θεός.
1443 2705 1565 2759 Τῶν
1596 2702 1653 2758 δέ
1701 2725 1763 2779 γε
1790 2726 1904 2759 τεσ-

267 2788 427 2859 σάρων
485 2788 905 2865 αἰσθητηρίων,
959 2795 1054 2844 τοῦ
1113 2792 1281 2867 ὁρᾷν,
1340 2797 1436 2847 τοῦ
1503 2792 1901 2871 ὀσφραίνεσθαι,

267 2875 337 2929 ναὶ
365 2879 468 2948 μὴν
497 2878 676 2947 ἀκοῆς
705 2880 789 2933 καὶ
824 2879 1077 2955 γεύσεως,
1139 2880 1304 2953 ὁμοίᾳ
1361 2879 1541 2958 ἐφόδῳ
1588 2880 1903 2955 τετελεσμέ-

265 2984 360 3018 νων
417 2965 492 3030 εἷ’ς
543 2967 771 3038 ἀρετὴν,
821 2969 956 3023 καθὰ
1008 2969 1373 3046 προέκκειται,
1438 2971 1540 3025 ὑπὸ
1570 2976 1724 3040 Θεοῦ,
1785 2971 1903 3050 ἐφέ-

269 3055 408 3126 ψεται
437 3056 525 3109 καὶ
552 3059 590 3125 ἡ
627 3064 726 3126 τῆς
761 3057 900 3134 ἀφῆς
935 3055 1242 3134 διόρθωσις,
1274 3063 1371 3114 τοῦ
1421 3059 1470 3115 ἐν
1531 3063 1667 3134 ἡμῖν
1725 3059 1906 3136 δυσέρ-

268 3163 356 3215 γου
427 3143 774 3221 πράγματος,
849 3152 945 3201 τοῦ
1022 3144 1581 3218 δυσκαταπαλαίστου,
1636 3155 1733 3204 τοῦ
1787 3151 1906 3205 καθ’

2013 1998 2112 2052 sed
2149 1997 2431 2053 artiﬁcem
2466 2001 2522 2051 et
2571 2001 2868 2050 auctorem
2927 1993 3196 2061 honorat,
3230 1996 3288 2047 et
3317 1993 3441 2063 ipse
3472 1993 3660 2047 bonus

2011 2103 2316 2158 operarius
2347 2103 2476 2141 esse
2506 2085 2781 2140 creditur.
2815 2084 2923 2148 Qui
2954 2089 3157 2138 contra
3186 2081 3346 2146 facit,
3377 2080 3661 2138 daemonis

2009 2175 2105 2246 qui
2139 2176 2252 2229 ista
2281 2175 2338 2229 in
2375 2173 2594 2228 malum
2627 2172 2932 2238 convertit,
2965 2188 3025 2227 se
3057 2169 3364 2234 assimilat,
3398 2174 3455 2224 et
3485 2168 3659 2224 mini-

2009 2279 2102 2318 me
2133 2268 2222 2318 est
2253 2264 2440 2318 bonus
2469 2261 2858 2329 Christianus,
2893 2277 2924 2315 ο
2952 2256 3511 2331 benigne'Dominel

2947 2349 2974 2402 6
3029 2344 3086 2401 δὲ
3148 2347 3222 2420 μὴ
3280 2345 3420 2400 οὕτω
3481 2342 3654 2399 διατε-

2325 2439 2354 2493 ’ὸ
2415 2435 2606 2511 μηδεὶς
2662 2436 2856 2511 ἀγαθὸς
2901 2436 3243 2512 Χριστιανὸς,
3305 2432 3657 2512 φιλάνθρωπε

2079 2621 2169 2673 27.
2206 2619 2439 2675 Utinam
2471 2636 2602 2674 vero
2663 2623 2835 2685 Deus,
2882 2617 2979 2688 qui
3040 2617 3300 2672 animum
3365 2616 3434 2670 ad
3464 2616 3658 2686 Justas

2012 2725 2212 2779 preces
2261 2708 2529 2774 attendit,
2565 2707 2733 2762 nobis
2787 2707 2901 2762 ista
2949 2706 3326 2777 precantibus
3358 2705 3435 2760 sit
3465 2702 3658 2775 propi-

2012 2796 2167 2852 tiusl
2203 2797 2286 2851 Ad
2318 2801 2572 2868 quatuor
2601 2801 2797 2851 autem
2823 2791 3660 2864 senseus,videndi,odorandi,

2013 2884 2284 2940 audiendi
2321 2889 2496 2955 atque
2552 2884 2826 2956 gustandi
2883 2883 3006 2954 qui,
3038 2882 3264 2937 volente
3315 2882 3431 2938 Deo
3463 2897 3664 2935 omnes

2015 2975 2081 3029 ad
2117 2973 2387 3028 virtutem
2421 2973 2690 3042 tendunt,
2723 2972 3000 3044 tangendi
3032 2987 3266 3043 quoque
3296 2970 3539 3043 quintus
3569 2985 3663 3024 ac-

2015 3063 2198 3133 cedet,
2233 3063 2302 3117 ad
2339 3079 2488 3134 Opus
2520 3061 2755 3117 difﬁcile
2787 3066 2843 3116 et
2889 3078 2992 3133 per
3021 3065 3208 3115 totum
3259 3076 3468 3130 corpus
3497 3058 3665 3113 «tiﬁ‘u-

2015 3169 2146 3208 sum
2172 3152 2571 3225 peragendum
2599 3169 2614 3219 ;
2637 3151 2790 3222 quod
2818 3150 3052 3221 quidem
3075 3148 3372 3220 aliquibus
3395 3163 3497 3219 per
3517 3147 3663 3200 duos

271 3229 388 3285 ὅλον
463 3238 630 3308 σῶμα
705 3234 1177 3310 πεπλατυσμένου,
1257 3241 1354 3291 τοῦ
1429 3236 1820 3314 πολυσπερέος·
1877 3241 1901 3294 ’ὁ

343 3319 466 3335 η-
597 3324 612 3335 .
720 3321 802 3335 ...μ
921 3325 945 3335 ..
1026 3323 1048 3335 ,ι
1120 3331 1143 3335 _
1233 3323 1256 3335 -
1376 3326 1413 3335 ..
1553 3327 1575 3335 ..

2020 3241 2258 3312 digitos,
2292 3240 2552 3295 medium
2593 3245 2648 3294 et
2708 3239 2982 3303 indicem,
3036 3235 3440 3292 circumscribi
3493 3250 3666 3305 posse

271 3319 495 3384 πολλοῖς
553 3324 655 3398 μὲν
715 3321 861 3398 δόξοι
920 3325 978 3379 ἂν
1021 3323 1168 3380 δυοῖν
1229 3323 1513 3382 δακτύλοιν
1548 3327 1726 3401 ἄκρως
1754 3349 1907 3405 περι-

273 3413 576 3488 γεγράφθαι,
627 3417 707 3484 τῷ
760 3434 820 3466 τε
879 3414 1027 3486 μέσῳ
1083 3413 1171 3468 καὶ
1219 3413 1299 3487 τῷ
1345 3419 1558 3490 Λιχανῷ
1609 3414 1699 3471 διὰ
1725 3418 1786 3472 τὸ
1816 3417 1909 3472 αὗ-

272 3503 377 3561 τοῖς
434 3495 682 3577 ἀκριϐῶς
706 3503 1045 3576 γνωμονικὸν
1075 3508 1182 3558 τῶν
1229 3503 1365 3558 κατὰ
1421 3504 1726 3582 σφυγμοὺς,
1775 3505 1910 3576 άλη-

272 3590 367 3648 θῶς
421 3585 478 3644 δὲ
533 3590 676 3645 κατὰ
733 3590 858 3652 τοὺς
932 3586 1366 3663 ἐπιϐεϐληκότας
1440 3594 1746 3668 σοφώτατα,
1805 3593 1908 3669 ὅλῃ

271 3673 530 3748 συνδιήκει
615 3683 685 3753 τῇ
766 3678 984 3749 πλάσει,
1072 3681 1146 3743 ὡς
1220 3682 1330 3736 οἷον
1403 3682 1904 3758 ἐγκατεσπαρμένον

268 3763 410 3839 αὐτῇ.
467 3768 670 3843 Διόπερ
711 3766 826 3824 οὐδ’
881 3770 1054 3825 αὑτῶν
1102 3775 1209 3825 τῶν
1263 3771 1663 3847 ὑπερκειμένων
1721 3772 1908 3844 αἰσθή-

268 3871 389 3908 σεων
445 3855 685 3929 οὐδεμία
733 3857 933 3930 ταύτην
993 3856 1407 3937 διεκπέφευγεν,
1466 3859 1516 3914 εἲ
1563 3860 1651 3915 καὶ
1703 3860 1905 3937 τρόπος

269 3938 318 3995 ἐν
347 3943 526 4008 αὐτοῖς
559 3945 802 4020 ἑτεροῖος
834 3954 932 4018 τῆς
986 3949 1106 4002 καθ’
1165 3949 1396 4018 ἑκάστην
1456 3948 1670 4025 ἐπαφῆς
1721 3951 1908 4005 τεθεώ-

269 4049 437 4106 ρηται,
470 4034 695 4113 ἀπαφής
731 4037 850 4110 μὲν,
902 4038 1053 4111 ὅμως
1105 4035 1162 4092 δὲ
1199 4037 1408 4092 πίπτων
1445 4038 1548 4092 ὑπὸ
1593 4038 1902 4114 συγγένειαν

268 4120 507 4194 ἀπτικήν.
569 4125 670 4180 Καὶ
721 4121 830 4180 ἔστι
879 4127 966 4181 καὶ
1019 4129 1053 4195 ἡ
1107 4126 1214 4204 ἆφή
1260 4127 1421 4182 κακὸν
1454 4125 1594 4182 ἄλλο
1649 4125 1904 4204 ἐργῶδες,

267 4206 312 4261 εἷ’
356 4213 428 4283 μή
489 4234 574 4276 τις
633 4213 723 4268 καὶ
780 4215 881 4283 τήν
955 4215 1123 4285 αὒτῆς
1175 4222 1376 4290 χρῆσιν
1438 4215 1589 4288 φύσει
1643 4213 1906 4292 διακρινεῖ

264 4299 389 4372 πρὸς
415 4303 584 4376 νόμον
621 4308 772 4362 Θεοῦ.
807 4303 1158 4379 Συλλήψεται
1209 4303 1266 4359 δὶ
1320 4307 1454 4378 ἡμῖν
1507 4304 1582 4367 εἷς
1635 4305 1906 4380 ὀρθότητα

264 4388 507 4461 τοιαύτης
562 4390 878 4470 διακρίσεως
924 4396 959 4463 ἡ
1005 4395 1222 4471 θεωρία,
1282 4395 1347 4464 ἢν
1407 4394 1902 4469 προανεταξάμεθα.

262 4475 320 4563 ΪΗ
347 4477 442 4553 γὰρ
503 4481 644 4537 κατὰ
690 4482 844 4562 φύσιν
890 4482 942 4538 ἐν
975 4486 1110 4555 ἡμῖν
1143 4483 1444 4561 ἀκρόπολις
1473 4482 1687 4559 ἐχυρως
1737 4484 1902 4563 ἐσφα-

265 4560 530 4642 λισμένη,
589 4572 725 4636 καθᾶ
802 4570 1144 4643 δεδίδακται,
1216 4575 1633 4650 περιποιήσεται
1690 4560 1904 4629 καὶ-τὰ

2021 3329 2268 3384 credunt
2315 3334 2550 3400 propter
2598 3327 2964 3399 pulsationes
3019 3324 3421 3398 gnomonicas,
3469 3322 3666 3377 verius

2020 3421 2240 3485 autem,
2274 3422 2510 3490 propter
2556 3415 3050 3472 constructionem
3102 3409 3536 3485 primordialem
3572 3427 3664 3464 ea-

2018 3505 2245 3576 pienter
2300 3510 2648 3577 coeptatam.
2712 3505 2843 3560 Ideo
2903 3501 3063 3558 nulla
3116 3501 3539 3568 sensationum,
3591 3499 3662 3554 de

2019 3594 2235 3665 quibus
2266 3595 2518 3667 agimus,
2566 3592 2728 3648 illam
2760 3593 3012 3663 effugere
3057 3590 3285 3663 poterit,
3311 3589 3419 3644 etsi
3451 3589 3662 3643 modus

2017 3682 2244 3738 alienus
2275 3683 2428 3738 circa
2459 3686 2723 3737 mutuam
2747 3681 3262 3736 contrectationem
3289 3677 3347 3732 in
3371 3677 3443 3732 iis
3466 3678 3662 3732 obser-

2015 3771 2383 3843 vetur,fallax
2409 3771 2780 3842 quidem,sed
2812 3770 2912 3842 qui
2937 3770 2994 3824 in
3027 3768 3373 3824 afﬁnitatem
3397 3769 3657 3822 contrec-

2015 3861 2253 3916 tabilem
2285 3861 2575 3916 cadit.Sed
2599 3865 2655 3915 et
2677 3865 2867 3916 tactus
2890 3859 2948 3913 in
2981 3860 3200 3914 malum
3226 3856 3458 3927 aliquod
3487 3854 3658 3910 verti-

2014 3949 2252 4020 tur,nisi
2284 3950 2410 4021 ejus
2444 3966 2616 4005 usum
2651 3950 2720 4004 ad
2753 3948 3009 4003 divinam
3038 3946 3224 4019 legem
3257 3943 3660 4000 accommoda-

2016 4055 2170 4094 mus.
2205 4038 2276 4094 Ut
2330 4042 2523 4093 autem
2557 4039 2615 4093 in
2670 4055 2734 4093 eo
2758 4037 2984 4109 judicio
3027 4052 3096 4091 ne
3158 4034 3432 4090 fallamur
3461 4032 3658 4103 regula

2016 4145 2191 4199 quam
2227 4128 2565 4192 statuimus,
2599 4127 2761 4182 utilis
2790 4127 2920 4182 erit.
2954 4130 3068 4181 Arx
3090 4125 3246 4181 enim
3280 4140 3312 4179 a
3344 4127 3552 4178 natura
3574 4123 3660 4177 in-

2013 4221 2106 4272 tra
2136 4235 2241 4273 nos
2276 4217 2604 4283 fortiﬁcata,
2638 4221 2703 4271 ut
2732 4215 2954 4270 dictum
2988 4219 3356 4281 est,munere
3386 4229 3493 4268 suo
3525 4212 3656 4268 fun-

2014 4310 2183 4379 getur
2214 4314 2270 4363 et
2302 4323 2393 4362 res
2425 4313 2657 4361 nostras
2689 4306 2746 4360 in
2780 4306 2924 4361 urbe
2956 4305 3055 4361 Dei
3088 4304 3368 4359 virtutum
3404 4305 3660 4373 ponet,et

2015 4397 2338 4452 daemonem
2392 4395 2787 4452 adversarium
2847 4393 3126 4465 impediet
3151 4410 3267 4465 quo
3299 4392 3497 4446 minus
3528 4407 3657 4445 eam

2013 4491 2311 4559 oppugnet
2339 4489 2438 4542 aut
2471 4487 2948 4558 appropinquans
2982 4482 3239 4539 turribus
3271 4483 3548 4537 coerceat.

267 4651 347 4708 ὑπ’
400 4657 593 4729 αὐτὴν,
643 4661 730 4716 καὶ
764 4662 839 4726 εἷς
873 4663 1008 4735 ὅλην
1042 4663 1202 4719 πόλιν
1235 4667 1333 4718 τοῦ
1364 4666 1498 4718 Θεοῦ
1527 4667 1632 4719 τῶν
1664 4661 1938 4736 δυνάμεων
1999 4664 2230 4737 κυρώσει
2259 4663 2326 4718 τὰ
2353 4664 2470 4726 καθ’
2496 4665 2666 4735 ἡμᾶς·
2698 4661 2788 4716 καὶ
2819 4660 2917 4716 οὐκ
2946 4661 3141 4739 ἀφήσει
3196 4657 3656 4736 παρρησιάζεσθαι

261 4746 368 4799 κατ’
423 4747 589 4814 αὐτῆς
619 4751 710 4806 τὸν
744 4750 1012 4825 πολέμιον
1047 4751 1295 4827 δαίμονα,
1353 4751 1524 4807 εἰπεῖν
1557 4749 1613 4807 δὲ
1640 4751 1898 4824 τάληθὲς,
1955 4750 2080 4807 οὐδὲ
2109 4747 2300 4822 ἔξωθέν
2332 4754 2494 4806 ποθεν
2524 4750 2910 4824 πολιορκῆσαι,
2946 4752 3026 4805 ὅτι
3085 4747 3225 4823 μηδὲ
3254 4746 3488 4804 πελάσαι
3519 4745 3654 4820 αὐτῇ

262 4834 342 4886 καὶ
369 4841 855 4914 πνργηρώσασθαι.

325 4946 426 5014 κη’.
460 4945 639 5002 Ἀλλὰ
671 4970 737 5022 με
769 4950 797 5004 6
829 4947 995 5025 )ὁγος
1030 4950 1187 5014 οὗτος
1229 4947 1590 5023 (ἀναμεινάτω
1623 4945 1679 5003 δὲ
1712 4950 1892 5026 βραχύ

2070 4951 2159 5005 28.
2193 4951 2303 5008 Sed
2335 4966 2527 5006 sermo
2559 4966 2814 5022 praesens
2850 4948 3096 5022 (aliquid
3128 4931 3284 5004 enim
3313 4946 3485 5020 spatii
3518 4945 3654 5002 aliis

260 5049 306 5084 τι
338 5033 477 5109 ὥρας
508 5036 572 5092 τὰ
619 5035 830 5115 ἐφεξῆς)
885 5038 960 5101 είς
1015 5042 1242 5112 μνήμην
1287 5039 1454 5115 ἤγαγε
1507 5043 1608 5108 τῆς
1666 5036 1784 5115 ἄρτι
1843 5039 1893 5094 ἐν

262 5120 384 5191 ἡμῖν
417 5127 786 5188 καταστάσεως
840 5127 925 5182 καὶ
973 5125 1279 5191 διαθέσεως.
1339 5126 1497 5198 Εἷής,
1558 5127 1652 5182 Θεὲ
1710 5127 1897 5202 ὕψιστε

261 5205 618 5284 παμϐασιλεῦ,
668 5215 1221 5294 κατασφαλιζόμενος,
1274 5218 1349 5280 ὠς
1376 5218 1534 5282 αὐτὸς
1565 5216 1734 5288 οἶδας,
1793 5218 1892 5287 τήν

260 5295 631 5373 οἷκουμενικὴν
701 5307 860 5378 ἡμῶν
939 5304 1264 5383 ἀκρόπολιν,
1339 5307 1431 5364 τὸν
1501 5306 1890 5382 αὐτοκράτορα,

257 5387 339 5440 κ²ἶ
369 5394 667 5467 κρατύνων,
700 5393 776 5457 εἷς
805 5395 867 5449 τὸ
903 5392 1044 5470 μηδὲ
1099 5399 1235 5471 ἡμῖν
1286 5396 1516 5453 πελάσαι
1566 5395 1887 5473 πολιορκίαν

257 5475 339 5528 καὶ
370 5485 905 5561 κατακαυχήσασθαι·
960 5486 1037 5559 μὴ
1069 5487 1157 5542 καὶ
1187 5485 1372 5544 τέλεον
1427 5482 1803 5565 ἐκτριϐείημεν
1838 5486 1889 5540 οἱ

256 5560 622 5622 ἐλεείνότατοι-

318 5585 577 5628 εεινοτατο
586 5593 600 5626 ι
609 5615 622 5630 ο

322 5658 419 5714 κθ¹.
479 5662 574 5718 Καὶ
603 5667 764 5720 τοῦτο
817 5664 913 5740 μὲν
957 5662 1045 5720 ἐπὶ
1095 5670 1351 5724 τοσοῦτον
1410 5659 1888 5742 παρεμϐεϐλήσθω

2009 5057 2238 5113 quoque
2270 5039 2696 5113 quastionibus
2727 5040 3146 5095 reservandum
3191 5040 3301 5111 est)
3331 5040 3402 5094 ad
3436 5038 3655 5095 consti-

2005 5129 2252 5186 tutionis
2284 5132 2494 5184 nostrae
2525 5127 2766 5183 internas
2795 5129 3152 5182 mentionem
3189 5126 3512 5183 faciendam
3547 5126 3654 5179 du-

2004 5218 2100 5275 cit.
2135 5223 2216 5274 Tu
2251 5222 2464 5287 autem,
2489 5216 2642 5272 Deus
2676 5215 3089 5284 a1tissime,rex
3119 5215 3402 5280 omnium,
3436 5231 3539 5285 pro
3563 5231 3651 5269 sa-
3725 5262 3736 5274 ,

2003 5307 2224 5380 pientis.
2252 5312 2355 5363 tua
2386 5323 2679 5363 summam
2712 5306 2932 5362 hancce
2962 5303 3279 5376 acropolim
3310 5311 3366 5359 et
3393 5304 3645 5374 impera-

1999 5401 2182 5453 torem
2215 5397 2393 5463 salva,
2426 5402 2484 5452 et
2525 5400 2726 5452 contra
2754 5395 3126 5451 inimicorum
3157 5394 3561 5467 aggressiones
3591 5395 3648 5448 et

1992 5487 2340 5559 jactantiam
2372 5502 2478 5542 nos
2509 5484 2854 5558 defende,ne
2885 5485 2942 5541 in
2975 5489 3293 5542 extremam
3325 5481 3641 5556 perniciem

1997 5575 2496 5738 Ιαέἓῗηέἕῦεωοᾶί
2526 5679 2698 5738 porro
2730 5663 2789 5720 in
2817 5663 3009 5721 verbis
3042 5663 3187 5722 meis
3219 5661 3485 5720 doctrina
3515 5661 3637 5717 elu-
