4114 6200
445 299 567 360 699

1218 303 1268 362 E
1281 303 1650 363 USTATHll
1696 303 1737 361 Ί
1751 300 1996 360 HESSA
2011 297 2468 360 LONlCENSlS
2511 298 3098 361 METROPOLI'I‘IE

3735 309 3859 368 700

445 434 596 499 ceet,
630 431 784 485 sicut
842 431 1172 502 spiritualis
1229 435 1404 487 ardor
1458 439 1782 505 Opportune
1839 432 2095 488 lucescit.

2219 450 2312 501 μοι
2345 428 2398 491 ἐς
2425 431 2525 498 τὴν
2574 427 2946 495 διδασκαλίαν,
2973 430 3048 492 ὡς
3088 432 3124 498 ἡ
3163 431 3299 486 κατὰ
3355 432 3541 506 ψυχὴν
3580 435 3860 508 θερμότης

443 519 603 586 Quod
639 525 831 574 autem
867 520 938 574 de
959 521 1191 575 civitate
1213 527 1410 576 nostra
1432 522 1721 594 spirituali
1746 522 2102 576 mentionem

450 609 580 675 feci,
636 626 812 680 quam
876 615 1086 664 natura
1142 611 1448 675 ordinavit,
1515 613 1663 666 Deus
1723 610 2104 666 consolidavit

447 714 582 752 eum
617 699 673 752 in
709 699 905 767 ﬁnem,
941 704 1003 753 ut
1033 700 1230 753 omnia
1260 702 1481 770 optime
1512 701 2006 754 administrentur
2035 715 2102 753 ec

447 788 941 858 gubernentur,id
973 789 1192 843 dictum
1227 788 1394 843 velim
1420 793 1570 860 quod
1606 790 1805 845 omnia
1828 805 2101 861 prospere

448 877 760 930 succedent
793 880 848 930 et
880 876 1101 946 optime
1133 878 1453 932 constitute
1473 878 1912 941 erunt.Quando
1941 878 2098 933 enim

449 963 653 1020 oculus
711 969 864 1020 recto
923 965 1142 1019 intuitu
1200 970 1410 1036 praeest
1463 971 1527 1020 ut
1583 968 1768 1030 decet,
1819 967 2099 1038 tangendi

445 1069 680 1124 quoque
712 1069 924 1110 sensus
957 1055 1064 1109 rite
1095 1055 1560 1126 obtemperabit;
1609 1058 1654 1110 si
1688 1057 1963 1128 gustandi
1996 1057 2097 1111 de-

443 1143 578 1196 inde
609 1143 1066 1198 instrumentum
1100 1145 1244 1198 bene
1267 1144 1497 1212 judicat
1525 1151 1581 1198 et
1614 1161 1719 1200 nos
1752 1146 1918 1199 docet
1947 1161 2094 1215 quo-

444 1231 616 1284 modo
648 1236 950 1301 unguenta
1005 1232 1476 1287 administranda
1523 1238 1681 1298 sunt,
1729 1238 1940 1304 gustus
1970 1233 2095 1304 ipse

444 1335 687 1374 munere
719 1337 825 1374 suo
858 1320 969 1376 rite
1001 1321 1296 1392 fungetur.
1330 1327 1548 1376 Sensus
1578 1323 1874 1376 auditivus
1903 1322 2097 1391 ubi,ut

444 1409 628 1475 decet,
664 1425 770 1463 nos
801 1409 966 1464 ducit
995 1409 1051 1463 in
1086 1412 1260 1464 rebus
1291 1411 1380 1465 sui
1443 1412 1692 1482 generis.
1729 1412 1785 1465 Id
1821 1411 2000 1465 efﬁcit
2029 1414 2094 1466 ut

442 1501 634 1552 tactus
668 1496 862 1551 minus
889 1501 1273 1565 erret,ccntra
1303 1500 1451 1570 quod
1472 1501 1654 1570 judex
1685 1499 2009 1571 praesertim
2034 1500 2092 1553 in

444 1601 688 1642 munere
719 1588 987 1642 obeundo
1019 1604 1080 1642 se
1110 1588 1304 1658 ipsum
1337 1589 1646 1644 custodiet.
1679 1589 1889 1644 Gustui
1921 1605 2092 1660 porro

443 1674 502 1728 in
533 1674 606 1730 iis
638 1692 762 1746 quas
790 1677 859 1730 ad
892 1693 1026 1730 cum
1059 1683 1328 1748 spectant
1381 1683 1548 1732 certe).
1582 1679 1795 1750 regulae
1828 1677 2092 1748 praescri-

447 1767 556 1834 ptas
589 1769 748 1828 sunt,
781 1781 925 1832 quas
959 1765 1238 1820 audacter
1287 1766 1658 1837 praetergredi
1692 1768 1778 1822 fas
1811 1783 1924 1820 non
1957 1771 2045 1820 est
2075 1782 2088 1833 ;

445 1857 502 1906 et
533 1869 663 1907 ecce
719 1853 812 1906 hic
871 1869 1104 1925 quoque
1162 1855 1280 1908 ima
1332 1855 1583 1910 summis
1642 1856 1985 1922 miscentur,
2040 1860 2096 1909 et

445 1957 596 2011 opus
628 1941 724 1996 Dei
755 1941 1007 1996 maxime
1038 1945 1363 2013 egregium,
1396 1943 1570 1998 homo
1605 1944 2093 2016 integer,jejune-

444 2035 537 2084 tor
571 2031 828 2102 prudens
859 2047 992 2086 cum
1026 2031 1222 2087 divino
1253 2033 1527 2104 psalterio
1559 2033 1812 2088 concinit
1849 2038 1906 2087 et
1937 2032 2094 2087 euri-

444 2119 556 2174 bus
589 2119 890 2190 mentique
921 2121 1063 2176 dum
1095 2121 1168 2176 ab
1211 2122 1431 2178 artiﬁce
1481 2121 1750 2192 pulsatur
1781 2121 2092 2177 satisfecit.

516 2406 605 2460 30.
639 2405 771 2461 Hec
792 2421 926 2461 cum
951 2423 1161 2478 eo,quo
1187 2406 1442 2463 diximus
1467 2409 1639 2464 modo
1663 2407 1933 2462 instituta
1955 2406 2094 2477 sint,

449 2510 762 2550 numerum
787 2513 852 2550 ec
876 2495 1216 2567 rhythmum
1242 2497 1300 2550 in
1325 2498 1501 2552 rebus
1525 2514 1651 2568 quae
1675 2497 1744 2551 ad
1769 2495 2096 2550 doctrinam

448 2589 717 2653 spectant
747 2600 959 2655 ponere
999 2585 1321 2641 debemus:
1376 2586 1460 2641 sic
1508 2586 1665 2640 enim
1699 2601 1866 2640 sacra
1893 2585 2096 2639 concio

448 2691 562 2729 non
621 2675 860 2730 habebit
916 2676 987 2731 de
1043 2693 1158 2747 quo
1201 2681 1492 2748 gravetur.
1558 2675 1872 2748 Diligenter
1900 2679 2096 2730 autem

449 2764 520 2818 ab
554 2764 723 2820 initio
779 2783 966 2836 usque
1018 2767 1090 2821 ad
1151 2767 1326 2822 ﬁnem
1375 2767 1742 2822 observanda
1797 2769 1939 2820 sunt
1968 2782 2096 2837 qua

449 2851 685 2906 divinus
717 2869 901 2908 canon
934 2855 1006 2908 iis
1029 2855 1431 2926 quijejunium
1455 2860 1725 2909 exercent
1750 2854 2091 2925 praescribit.

448 2940 583 3006 Quae
616 2940 854 3012 quidem
885 2942 1256 2998 observantia
1295 2943 1366 2998 ad
1414 2942 1687 2998 virtutem
1738 2947 1871 2998 ante
1900 2943 2098 2997 omnia

448 3031 914 3098 spectat.nedum
947 3031 1122 3086 rebus
1157 3032 1424 3088 futilibus
1473 3034 1725 3087 studeat.
1757 3031 1960 3086 Omnis
1993 3048 2096 3086 au-

447 3120 564 3172 tem
595 3120 782 3174 virtus
812 3119 960 3175 circa
1008 3121 1264 3176 medium
1298 3121 1565 3187 vertitur,
1596 3136 1771 3191 quam
1824 3119 1911 3173 vir
1939 3119 2096 3189 sapi-

447 3222 573 3276 ens,
608 3209 780 3278 cujus
812 3207 1008 3264 studia
1039 3210 1192 3265 circa
1225 3227 1415 3265 mores
1445 3208 1958 3281 versantur,probe
1990 3225 2094 3263 no-

444 3296 616 3351 vitet
647 3299 843 3369 magni
897 3297 1052 3354 facit.
1089 3301 1157 3354 Et
1205 3300 1340 3354 huic
1389 3299 1626 3370 quidem
1677 3315 1781 3354 nos
1813 3298 2097 3353 maximo-

447 3402 583 3455 pere
613 3387 850 3442 studere
902 3388 1204 3454 debemus,
1241 3389 1288 3443 si
1319 3389 1552 3442 virtutis
1609 3404 1786 3458 opera
1835 3403 2100 3442 exercere

447 3474 618 3529 nobis
676 3475 835 3530 cordi
894 3481 1000 3532 eat.
1062 3481 1192 3532 Haec
1270 3477 1425 3531 enim
1479 3476 1854 3547 pulchritudo
1911 3475 2099 3531 varies

445 3568 710 3619 assumet
742 3565 980 3635 formas,
1016 3567 1114 3621 ubi
1151 3571 1300 3621 Deus
1348 3566 1688 3621 hominibus
1722 3583 1783 3620 se
1815 3565 2097 3620 mediato-

445 3669 566 3708 rem
603 3654 931 3724 przebuerit.
999 3654 1326 3710 Divinitatis
1358 3655 1564 3727 igitur,
1623 3655 1854 3724 fratres,
1887 3659 1942 3708 et
1975 3670 2095 3708 me-

445 3741 682 3797 dietatis
715 3744 994 3798 rationem
1030 3745 1550 3813 habeamus,cujus
1570 3744 1740 3798 venia
1760 3748 1816 3798 et
1845 3742 2098 3798 visibilia

444 3834 500 3886 et
532 3831 849 3887 invnsibilia
879 3833 1198 3888 cernimus.
1237 3833 1377 3888 Dein
1428 3834 1526 3888 ubi
1558 3833 1822 3887 examine
1856 3833 2004 3886 facto
2037 3832 2096 3886 in

448 3923 759 3977 medictate
787 3921 978 3976 ideam
1030 3922 1436 3978 rationabilem
1493 3923 1797 3978 videamus
1827 3921 2097 3976 conside-

449 4015 646 4064 rantes
678 4010 829 4079 quod
861 4009 900 4064 ii
923 4011 1024 4082 qui
1057 4011 1312 4065 medium
1337 4011 1490 4081 quod
1525 4009 1657 4083 plus
1689 4026 1864 4080 quam
1896 4009 2099 4063 huma-

449 4114 592 4152 num
623 4099 1067 4169 est,trensgredi
1096 4099 1716 4170 audent,jem,muteta
1739 4098 1952 4165 indole,
1980 4113 2095 4152 non

451 4185 844 4251 homines,sed
879 4185 1069 4259 angeli
1102 4204 1168 4242 ac
1215 4187 1484 4242 caelicolae
1531 4190 1859 4243 evaserunt.
1891 4185 2096 4242 Plures

449 4274 726 4346 deinceps
742 4275 899 4332 fuere
918 4277 1014 4348 qui
1031 4277 1327 4332 hominem
1349 4293 1415 4332 eo
1434 4293 1547 4348 quo
1567 4293 1671 4348 per
1687 4292 1800 4331 non
1820 4279 2097 4347 erat,per-

449 4365 480 4420 d
493 4368 761 4435 uxerunt,
787 4365 866 4420 ita
887 4370 950 4420 ut
967 4369 1116 4421 terra
1129 4382 1256 4422 esse
1271 4365 1707 4435 noluerint,imo
1730 4365 1788 4420 in
1812 4369 2094 4420 tartarum

449 4471 512 4510 se
535 4453 1043 4525 pracipitaverint.
1077 4453 1171 4511 Sic
1227 4454 1409 4526 igitur
1439 4471 1498 4509 re
1555 4470 1841 4525 perpensa
1873 4453 2096 4509 medie-

2216 517 2442 588 ἐξέζεσεν
2505 519 2603 574 οὐκ
2658 515 2758 590 ἔξω
2782 525 2994 596 καιροῦ.
3053 521 3119 574 Ὃ
3177 517 3234 573 δὲ
3286 518 3500 594 ἔλεγον,
3563 547 3592 575 ‹‹
3647 527 3748 589 τῆς
3807 525 3860 580 ἐν

2211 609 2346 678 ἡμῖν
2407 607 2758 682 ἀκροπόλεως
2794 651 2807 676 ,
2871 633 2897 659 ››
2957 610 3021 676 ἦν
3080 608 3234 684 φύσιν
3304 610 3397 681 μὲν
3460 609 3860 687 ἐπιτεταγμένη

2211 693 2629 768 ᾠκοδομήσατο,
2664 699 2691 752 6
2723 698 2848 758 Θεὸς
2881 695 2940 752 δὲ
2969 698 3254 770 συμπήξας
3303 698 3646 772 ἐστερέωσεν,
3696 701 3863 778 ἐχούο

2209 805 2308 854 σης
2343 787 2398 838 εὖ
2427 790 2534 839 τῶν
2563 785 2672 840 ἄνω
2720 785 3112 864 ἐφισταμένων,
3171 789 3504 862 στρατηγίας
3560 791 3710 853 τινὸς
3770 793 3863 846 καὶ

2206 873 2526 948 ταξιαρχίας
2587 871 2767 944 δίκην,
2823 875 2912 929 καὶ
2957 875 3025 929 τὰ
3073 872 3243 930 λοιπὰ
3299 877 3356 931 εὗ
3410 881 3861 949 καθεστήξονται.

2207 961 2527 1037 Ὀφθαλμοῦ
2584 965 2687 1039 γὰρ
2743 963 2874 1039 ὀρθὰ
2939 962 3235 1040 βλέποντος
3287 967 3379 1020 καὶ
3437 965 3863 1041 ἐπιτάσσοντος,

2208 1053 2280 1105 ὧν
2316 1053 2572 1106 ἅπτεσθαι
2620 1051 2737 1107 δέον
2790 1051 2922 1123 ἐστὶ,
2994 1053 3354 1109 ὑπακούσεται
3406 1057 3624 1119 πάντως
3675 1059 3768 1112 καὶ
3829 1061 3864 1128 ἡ

2207 1140 2337 1216 ἁφή.
2375 1143 2723 1218 Ὀσιρρήσεως
2768 1143 3226 1217 γνωματευούσης
3284 1143 3480 1218 ὀρθῶς,
3537 1145 3692 1208 ὅπως
3749 1150 3865 1222 χρὴ

2205 1226 2663 1303 ὃιοικονομεῖσθαι
2739 1233 2838 1300 τήν
2915 1232 3123 1308 ἐπαφὴν
3185 1237 3282 1286 τοῦ
3362 1236 3686 1308 μυροῦσθαι,
3765 1237 3867 1291 οὐκ

2204 1313 2312 1382 ἔσθ’
2364 1319 2512 1380 ὅπως
2573 1321 3012 1396 ἁμαρτηθήσεται
3072 1322 3107 1389 ἡ
3165 1320 3436 1397 ἀνάλογος
3477 1324 3612 1398 ἁρή.
3673 1326 3865 1400 "Expi-

2204 1428 2287 1461 νεν
2347 1410 2380 1476 ἡ
2441 1407 2734 1478 ἀκουστική
2795 1410 2930 1483 πρὸς
2999 1409 3316 1484 ὀρθότητα,
3391 1411 3552 1466 τίνων
3629 1410 3868 1477 δεόντως

2204 1495 2424 1564 ἁπτέον,
2457 1496 2544 1550 καὶ
2606 1502 2724 1558 πῶς
2754 1497 2816 1550 ἃν
2847 1500 2881 1567 ἡ
2916 1498 3026 1576 ἁφὴ
3069 1501 3375 1574 τυραννήσῃ
3422 1500 3558 1554 κατὰ
3595 1508 3700 1569 τῆς
3748 1503 3867 1577 κρί-

2205 1604 2360 1651 σεως,
2420 1585 2486 1653 ἧς
2547 1584 2723 1648 οὐδεὶς
2782 1585 2973 1662 έφέτης
3039 1588 3434 1661 ύπερκάθηται.
3497 1587 3865 1645 Πεπαίδευται

2283 1677 2459 1748 γεῦσις
2491 1677 2744 1729 ἅπτεσθαι
2774 1679 2882 1729 τῶν
2915 1677 3033 1730 κατ’
3065 1674 3293 1747 ἐντολήν
3370 1678 3479 1750 (καὶ
3537 1678 3672 1732 ποία
3733 1691 3863 1754 θρα-

2207 1761 2370 1832 σύτης
2439 1761 2574 1833 αὐτῇ
2635 1761 2998 1840 ἐγγενήσεται,
3055 1772 3507 1841 κατεπιχειρῆσαι
3543 1813 3560 1839 ,
3611 1767 3707 1822 καὶ
3767 1769 3862 1836 τήν

2209 1850 2374 1924 ὀρθὴν
2439 1848 2751 1926 διαπρέψαι
2809 1850 3089 1908 παίδευσιν
3115 1857 3154 1927 ς)
3201 1855 3291 1910 καὶ
3352 1852 3470 1909 ἰδοὺ
3505 1900 3520 1924 ,
3590 1857 3866 1911 κάνταῦθα

2203 1940 2268 1994 τὰ
2296 1941 2444 1994 κάτω
2500 1944 2600 2005 τῆς
2633 1939 2742 1996 ἅνω
2776 1950 3065 2011 συνῆπται,
3106 1944 3194 1998 καὶ
3241 1945 3304 1998 τὸ
3347 1949 3442 1999 τοῦ
3492 1950 3629 2000 Θεοῦ
3681 1946 3867 2019 ἔμμο-

2207 2027 2296 2089 λὲς
2327 2024 2576 2104 ὄργανον,
2633 2031 2660 2085 ὁ
2717 2028 2886 2092 καλὸς
2936 2029 3244 2109 ἄνθρωπος,
3291 2034 3317 2087 ὁ
3368 2035 3534 2109 σοφὸς
3566 2038 3868 2105 νηστευτής

2206 2117 2280 2179 εἷς
2313 2119 2627 2196 συμφωνίαν
2657 2118 2950 2196 ψαλτηρίῳ
3001 2120 3128 2193 θείῳ
3187 2121 3494 2195 πρέπουσαν
3557 2121 3866 2199 ἥρμοσται,

2206 2205 2428 2283 χορδεῖν
2462 2208 2625 2262 ὁποῖα
2657 2209 3130 2284 συγκροτούμενον
3156 2215 3235 2282 τῷ
3283 2210 3590 2284 πενταδικῷ
3648 2219 3762 2268 τῶν
3814 2236 3869 2270 τε

2205 2299 2655 2374 προφαινομένων
2686 2297 3010 2371 αἰσθήσεων,
3042 2299 3130 2354 καὶ
3161 2299 3280 2356 ὅσαι
3311 2301 3448 2356 κατὰ
3476 2299 3621 2359 νοῦν.

2279 2399 2347 2458 λ’.
2406 2403 2626 2459 Τούτων
2687 2402 2752 2474 δὴ
2816 2405 2958 2460 οὕτω
3017 2403 3478 2478 διεσκευασμένων
3535 2410 3677 2481 ἡμῖν
3737 2409 3866 2464 ἀκο-

2208 2488 2425 2555 λούθως
2479 2496 2563 2555 οἷς
2619 2496 3170 2572 προανεφωνήσαμεν,
3231 2495 3552 2571 ῥυθμιστέον
3609 2499 3701 2552 καὶ
3770 2498 3866 2553 ἆλ-

2209 2578 2322 2642 λως
2349 2582 2408 2635 τὸ
2442 2578 2848 2651 διδασκαλικὸν,
2903 2584 2977 2646 ὡς
3024 2583 3123 2638 οὐκ
3170 2582 3230 2638 ἃν
3267 2584 3419 2656 οἶμαι
3457 2585 3778 2660 βαρυνεῖται
3808 2589 3865 2641 τὸ

2205 2673 2322 2732 καθ’
2377 2672 2525 2743 ἡμᾶς
2587 2671 2735 2744 ἱερὸν
2793 2672 3058 2744 ὁμακόϊον
3097 2715 3108 2728 .
3172 2670 3457 2728 Σπουδαία
3513 2677 3867 2751 πραγματεία

2206 2760 2488 2836 πρόκειται
2519 2763 2653 2834 ἡμῖν
2687 2761 2792 2816 ἀπὸ
2822 2769 2923 2831 τῆς
2975 2760 3093 2838 ἄρτι
3134 2763 3223 2817 καὶ
3281 2760 3384 2825 ἓως
3433 2765 3731 2839 τέρματος,
3793 2766 3863 2828 εἷς

2208 2847 2340 2924 ὅπερ
2372 2851 2400 2904 ὁ
2431 2851 2574 2913 θεῖος
2605 2853 2779 2906 κανὼν
2828 2853 2922 2914 τάς
2978 2851 3281 2925 νηστίμους
3341 2851 3528 2927 ὥρισε.
3593 2877 3625 2906 ε(
3680 2861 3863 2910 Σπου-

2209 2934 2359 2992 δαίαν
2396 2963 2422 2990 ››
2483 2936 2540 2994 δέ
2571 2960 2742 3017 φαμεν
2776 2942 2874 3009 τήν
2901 2942 3016 2996 κατ’
3060 2941 3279 3016 ἀρετὴν,
3343 2941 3404 2996 οὐ
3457 2943 3565 3014 μὴν
3621 2944 3722 3013 τὴν
3763 2943 3894 2999 ilo‘

2209 3023 2319 3088 λως
2379 3025 2760 3083 κενόσπουδονο
2823 3030 3018 3106 Ἀρετὴ
3064 3027 3122 3084 δὶ
3179 3036 3326 3085 πᾶσα
3375 3031 3463 3085 καὶ
3516 3033 3640 3107 περὶ
3699 3035 3863 3105 μεσό-

2207 3135 2345 3184 τητα
2377 3116 2716 3192 ἠσχόληται,
2771 3120 2836 3188 ἦν
2870 3120 2898 3173 6
2944 3119 3135 3188 ἠθικὸς
3183 3114 3440 3194 ἀκριϐοῦν
3497 3118 3612 3176 οἶδε
3670 3124 3860 3197 σοφός·

2208 3205 2296 3259 καὶ
2341 3206 2474 3260 αὐτὸ
2532 3205 2589 3262 δὲ
2642 3212 2802 3263 τοῦτο
2863 3208 3098 3280 μεσότης
3139 3208 3230 3262 καὶ
3283 3207 3393 3263 ἐστι
3451 3208 3540 3264 καὶ
3593 3209 3862 3283 ὀνομάζε-

2204 3314 2314 3350 ται.
2374 3295 2594 3365 Ταύτης
2649 3293 2740 3350 οὖν
2791 3295 2880 3351 καὶ
2929 3299 3064 3366 igni)
3126 3297 3453 3373 στοχαστέον
3487 3298 3562 3359 ὡς
3597 3299 3861 3371 μάλιστα,

2208 3381 2320 3457 εἷ’γε
2395 3383 2733 3459 βουλοίμεθα
2810 3386 2878 3440 τὰ
2949 3387 3086 3461 πρὸς
3152 3386 3348 3462 ἀρετὴν
3421 3384 3862 3462 διαπρέττεσθαι,

2209 3471 2312 3528 Καὶ
2343 3470 2487 3527 ἔσται
2523 3474 2616 3546 μὲν
2675 3477 2809 3547 ἡμῖν
2859 3475 2949 3529 καὶ
2994 3472 3180 3537 ἄλλως
3231 3475 3295 3530 τὸ
3341 3473 3512 3530 καλὸν
3539 3481 3705 3531 τοῦτο
3760 3499 3864 3532 πο-

2208 3559 2520 3634 λύτροπον,
2599 3568 2694 3618 τοῦ
2743 3568 2858 3636 Θεῷ
2913 3563 3002 3618 καὶ
3064 3564 3372 3639 ἀνθρώποις
3446 3565 3865 3637 μεσιτεύσαντος

2211 3649 2375 3723 μέσου
2426 3653 2712 3724 γινομένου
2758 3651 3023 3706 κάνταῦθα
3068 3652 3136 3705 τὰ
3187 3651 3262 3712 εἷς
3311 3654 3482 3723 ἡμᾶς.
3535 3651 3867 3726 Εὐπορηθή-

2385 3736 2432 3793 δκ
2543 3739 2557 3760 \
2632 3741 2646 3760 ι
2721 3741 2748 3794 ὁ
3049 3739 3061 3759 ν
3110 3739 3122 3757 \
3236 3741 3250 3760 ο
3470 3740 3481 3761 Ι
3786 3762 3815 3776 .-

2207 3760 2351 3794 σεται
2419 3761 2690 3807 εκαι,ως
2847 3761 2962 3816 λγος
3013 3752 3168 3803 ευθυς
3232 3761 3670 3798 υποτυπωσεται.
3737 3748 3868 3796 Σ.οο

2207 3829 2505 3902 χασώμεθα
2532 3836 2633 3899 τῆς
2694 3831 2973 3898 θεότητος,
3028 3828 3352 3902 μεσότητος,
3384 3831 3430 3884 ὧ
3461 3827 3718 3908 ἀδελφοὶ,
3751 3831 3866 3885 καθ’

2205 3919 2266 3986 ἦν
2319 3917 2370 3972 ἐν
2416 3920 2549 3991 ἡμῖν
2586 3914 2647 3972 τό
2675 3939 2733 3973 τε
2764 3919 2953 3994 ὁρατὸν
2981 3919 3313 3992 τεθεώρηται
3371 3920 3459 3974 καὶ
3491 3919 3556 3974 τὸ
3608 3919 3864 3993 ἀόρατον·

2203 4005 2292 4060 καὶ
2353 4005 2674 4080 σκεψάμενοι
2729 4007 3148 4080 ἐπινοησώμεθα
3209 4008 3512 4080 μεσότητος
3562 4005 3708 4063 ἰδέαν
3777 4007 3867 4065 El-

2207 4093 2390 4170 λογον,
2423 4097 2510 4151 καὶ
2545 4097 2947 4174 ἱστορήσωμεν,
2996 4096 3072 4160 ὡς
3120 4097 3170 4150 οἱ
3219 4097 3312 4169 μὶν
3367 4101 3477 4151 τῶν
3532 4099 3653 4162 καθ’
3715 4101 3869 4170 ἡμᾶς

2207 4179 2608 4256 ὑπεραναϐῆναι
2666 4186 2728 4240 τὸ
2784 4187 2901 4240 κατ’
2972 4186 3258 4260 ἄνθρωπον
3310 4184 3471 4258 μέσον
3545 4183 3868 4256 φιλονεικήο

2207 4293 2414 4343 σαντες,
2442 4272 2747 4350 ἐβιάσαντο,
2786 4276 2861 4348 μὴ
2895 4272 3084 4336 ἁπλῶς
3136 4275 3416 4348 ἄνθρωποι
3480 4281 3684 4347 μεῖναι,
3734 4273 3865 4330 ἀλλ’

2206 4358 2454 4437 ἄντικρυς
2482 4365 2776 4434 νωοθῆναι,
2825 4363 2914 4418 καὶ
2951 4363 3027 4425 είς
3085 4361 3218 4438 ὕψος
3279 4358 3643 4434 ἀναθλιϐῆναι
3704 4363 3861 4441 ἀγγε-

2207 4449 2383 4519 λικὸν,
2415 4452 2504 4506 καὶ
2561 4452 2805 4529 γενέσθαι
2855 4452 3122 4528 οὐράνιοι.
3183 4452 3414 4515 Πλείους
3475 4450 3536 4507 δέ
3590 4475 3654 4529 γε
3696 4452 3860 4509 ἄλλοι

448 4549 628 4599 tatem
662 4544 718 4597 in
752 4543 914 4600 hisce
945 4543 1118 4599 rebus
1176 4543 1602 4615 amplectamus
1634 4560 1646 4610 ;
1687 4547 1743 4596 et
1799 4543 1954 4613 quod
1987 4541 2095 4598 alia

2208 4543 2506 4618 κατήγαγον
2565 4543 2654 4597 τὸν
2713 4542 3016 4618 ἄνθρωπον,
3051 4540 3129 4604 εἷς
3189 4540 3321 4617 ὅπερ
3381 4542 3482 4597 οὐκ
3517 4541 3718 4618 ἐχρῆν,
3774 4543 3862 4597 καὶ

450 4633 523 4688 ad
552 4633 866 4688 volandum
917 4633 1139 4705 prediti
1171 4649 1285 4688 non
1319 4649 1528 4688 sumus
1575 4632 1792 4703 quibus
1822 4632 1880 4686 in
1911 4630 2098 4686 subli-

448 4737 603 4777 mem
635 4737 829 4778 eerem
862 4721 985 4777 tolli
1037 4721 1360 4787 valeamus,
1405 4726 1710 4777 terrestres
1767 4719 2095 4776 animantes

448 4825 576 4865 esse
606 4815 969 4883 satagamus,
1003 4810 1154 4866 sicut
1182 4811 1311 4882 ipse
1342 4815 1550 4866 natura
1582 4809 1860 4883 praecipit.

512 5278 601 5336 31.
634 5283 745 5336 Bos
793 5282 1066 5336 naturam
1115 5293 1284 5334 suam
1344 5293 1457 5333 non
1491 5281 1667 5350 negat
1695 5277 1972 5349 equinam
2005 5278 2087 5333 ei-

439 5369 852 5437 mulandc,nec
909 5367 1287 5425 destinationi
1320 5384 1440 5423 suae
1495 5368 1786 5424 contraria
1829 5367 1984 5423 facit.
2019 5367 2088 5424 O-

437 5459 524 5515 vis
556 5463 820 5516 eamdem
853 5475 1084 5531 semper
1117 5457 1630 5514 mansuetudinem
1665 5463 1954 5513 monstrat
1979 5473 2088 5524 ;ca-

439 5564 545 5620 pre
575 5553 638 5603 ut
669 5548 969 5605 consuevit
998 5546 1281 5621 pascitur,
1314 5551 1371 5602 et
1429 5547 1514 5603 sic
1543 5553 1750 5604 caetera
1804 5545 2087 5605 animalia

441 5635 692 5694 indolem
725 5637 1079 5710 peculiarem
1132 5639 1386 5694 servant.
1417 5635 1608 5702 Quare
1655 5653 1761 5695 nos
1798 5636 1912 5711 ipsi
1944 5653 2086 5710 quo-

2209 4631 2310 4684 ούκ
2339 4631 2623 4705 ἠγάπησαν
2671 4631 2768 4686 κᾶν
2813 4635 2942 4706 γοῦν
3003 4628 3137 4686 εἶ’ναι
3185 4637 3279 4706 γῆ,
3339 4628 3466 4686 ἀλλ’
3526 4627 3857 4686 ὑπεϐίϐασαν

2205 4718 2430 4782 ἑαυτοὺς
2489 4721 2564 4783 ὡς
2623 4719 2701 4782 εἷς
2753 4720 3016 4794 τάρταρον
3054 4764 3067 4776 .
3125 4718 3225 4774 Καὶ
3283 4718 3428 4774 οὕτω
3485 4722 3858 4796 θεωρήσαντες

2203 4811 2367 4881 ἡμεῖς
2400 4812 2684 4886 γενώμεθα
2741 4815 2837 4866 τοῦ
2872 4809 2924 4864 ἐν
2965 4809 3179 4871 τούτοις
3236 4805 3420 4882 μέσου·
3483 4810 3574 4864 καὶ
3634 4811 3719 4866 ὅτι
3781 4812 3855 4882 μὴ

2203 4901 2373 4975 πτερά
2429 4895 2631 4975 ἔχομεν
2692 4899 2866 4974 φύειν,
2929 4896 2999 4953 δι’
3055 4897 3127 4953 ὦν
3190 4899 3300 4953 ἄνω
3352 4899 3702 4978 κουφίζεσθαι
3765 4897 3857 4954 δυ-

2200 4989 2525 5062 νησόμεθα,
2584 4986 2906 5062 σπεύδοιμεν
2966 4987 3112 5044 ἀλλά
3149 4992 3277 5065 γοῦν
3336 4991 3470 5044 εἶναι
3526 4991 3713 5064 γήϊνοι
3764 4988 3854 5044 καὶ

2204 5078 2373 5146 ζωϊκὰ
2403 5083 2639 5154 φρονεῖν,
2673 5078 2747 5140 ὡς
2779 5079 2814 5147 ἡ
2867 5076 2963 5144 τῆς
3009 5075 3218 5152 φύσεως
3265 5077 3495 5153 ὀρθότης
3545 5078 3846 5148 κανονίζειν

2199 5167 2535 5242 προτίθεται.

2270 5274 2374 5333 λα’.
2408 5277 2547 5339 Βοῦς
2579 5277 2642 5331 οὐ
2699 5273 2973 5350 ψεύδεται,
3023 5273 3155 5351 ὅπερ
3203 5274 3367 5347 ἐστὶν,
3400 5275 3528 5331 ούδὶ
3583 5281 3698 5336 τοῖς
3753 5279 3851 5330 τοῦ

2193 5366 2366 5421 ῒππου
2395 5365 2581 5435 ἤθεσιν
2613 5361 2923 5422 ἐπιϐάλλει·
2952 5364 3148 5434 τίππος,
3180 5363 3304 5421 ἀλλ’
3367 5362 3495 5421 οὐδὲ
3539 5366 3699 5429 αὐτὸς
3739 5386 3848 5420 πα-

2197 5461 2422 5529 ρανομεῖ
2448 5457 2515 5511 τὰ
2563 5455 2642 5534 ἐφ’
2703 5457 2784 5518 οἷς
2841 5463 3136 5532 παρῆκται.
3189 5449 3468 5530 Ηρόϐατον
3523 5457 3674 5529 μένει
3716 5453 3846 5525 εὗηο

2196 5555 2281 5609 θες
2313 5543 2402 5600 διὰ
2451 5547 2596 5621 βίου.
2649 5546 2748 5601 Τὸν
2807 5547 2928 5622 αἶγα
2972 5545 3151 5621 βόσκει
3200 5545 3262 5599 τὸ
3309 5545 3425 5600 κατ’
3486 5545 3645 5602 αὐτὸν
3699 5539 3842 5605 ἔθος.

2193 5636 2317 5692 Τῶν
2347 5633 2533 5694 ἄλλων
2587 5632 2809 5693 ἕκαστον
2843 5635 2942 5693 οὐκ
2970 5632 3077 5700 ἔσθ’
3109 5635 3257 5697 ὅπως
3303 5635 3366 5691 τὸ
3423 5637 3647 5713 φυσικὸν
3701 5634 3842 5708 θέμα
