4114 6200
222 316 325 378 701

1224 281 1303 390 iN
1346 329 1410 390 s.
1459 330 2135 403 QUADRAGESIMAM
2184 337 2476 399 ORATlO
2518 338 2629 399 Iv.

3508 341 3628 401 702

214 446 573 542 παρατίθησι.
613 450 902 542 Αῌένοιμεν,
941 452 1031 511 οῦν
1079 458 1170 513 καὶ
1227 459 1394 532 ἡμεῖς
1440 459 1733 538 ἄνθρωποι,
1782 462 1860 517 αῗι

1988 486 2101 542 que
2162 469 2428 525 homines
2485 486 2591 525 nos
2654 470 3017 541 praebeamus
3088 474 3146 525 et
3209 470 3627 527 erubescamus

215 536 575 611 σχυνόμενοι,
609 539 696 594 ἐὰν
745 540 829 597 ἐπ’
872 540 1069 607 ἄλλοις
1120 546 1183 600 οὗ
1214 536 1627 623 παρηγούμεννοι
1657 549 1872 621 ἀπλῶς,

215 624 367 679 ἀλλὰ
416 627 566 703 χειρὶ
617 633 750 684 Θεοῦ
798 631 1198 707 πεπλασμένοι,
1249 636 1338 690 τὸν
1379 638 1633 713 τεχνίτην
1686 640 1877 716 αἰσχύ-

211 735 396 787 νωμεν
428 757 442 771 .
495 716 842 793 Ἐτάχθημεν
889 722 1005 776 κατ’
1046 723 1231 779 εἰκόνα
1271 730 1405 781 Θεοῦ
1439 747 1451 761 ·
1517 726 1658 800 μηδὲ
1703 750 1873 805 παρα-

211 805 617 895 χαράττοιμεν,
645 808 706 862 τὸ
754 810 897 863 θεῖον
938 810 1242 886 είκόνισμα.
1301 814 1548 879 Τεθέντες
1601 817 1652 871 ἐν
1709 839 1877 895 παρα-

211 888 400 964 δείσῳ,
438 893 554 949 εἶτα
603 894 1031 969 ἐκπεπτωκότες,
1076 901 1396 976 βιαζοίμεθα
1441 907 1539 975 τὴν
1590 888 1871 978 ἐπάνοδον,

207 981 301 1073 καὶ
365 982 449 1053 μή
499 983 948 1073 ,φιλοτιμώμεθα
1021 990 1112 1045 τὸν
1172 990 1457 1049 ἐπιπλεῖον
1527 995 1870 1073 ἀφορισμόν.

207 1068 687 1146 Ἐντρεποίμεθα,
733 1076 784 1130 εἷ’
836 1074 1018 1132 τάλλα
1066 1079 1161 1151 μὲν
1219 1085 1329 1150 ζῶα
1372 1081 1434 1137 οὐ
1484 1068 1739 1147 θέλουσιν
1781 1086 1873 1140 ἀν-

206 1158 609 1230 θρωπίζεσθαι,
659 1164 825 1235 ἡμεῖς
874 1161 932 1220 δὲ
960 1165 1352 1244 ἀλογιζόμεθα,
1384 1170 1473 1226 καὶ
1506 1172 1570 1228 τὸ
1598 1176 1698 1239 τῆς
1729 1194 1872 1250 παρ-

204 1255 437 1324 αγωγῆς
488 1251 840 1335 ,ἀχρειοῦμεν
910 1253 1096 1328 τίμιον
1133 1298 1146 1312 .
1207 1258 1448 1335 Ἔχομεν
1519 1257 1873 1335 παμϐασιλέα

202 1337 364 1390 Θεὸν·
428 1334 660 1411 οἴδαμεν
713 1342 805 1396 τὸν
867 1341 919 1413 ἐξ
972 1342 1179 1400 ἐκείνου
1238 1334 1565 1419 ἀποστάντα,
1604 1334 1709 1406 ντὸν
1747 1352 1869 1408 ἀντ-

200 1423 405 1500 ἆρτην,
447 1427 544 1482 τὸν
598 1428 906 1505 ἀλιτήριον.
953 1434 1045 1503 Μὴ
1097 1432 1187 1489 οὖν
1243 1434 1577 1513 ἆνταίρωμεν
1637 1442 1723 1495 καὶ
1782 1441 1872 1496 αὐ-

197 1515 318 1581 τοὶ,
346 1513 500 1571 ἀλλά
546 1521 644 1572 τοῦ
698 1518 966 1593 βασιλέως
1010 1522 1319 1597 γινοίμεθα.
1350 1527 1441 1595 Μή
1474 1526 1870 1604 στρατολογοί-

202 1614 354 1676 μεθα
404 1609 489 1677 τῷ
535 1603 872 1682 κληρονόμῳ
908 1613 1006 1663 τοῦ
1060 1613 1353 1688 ταρτάρου,
1406 1613 1534 1670 ἀλλ’
1562 1615 1868 1673 ἐπακολου-

201 1693 449 1765 θοίημεν
498 1698 578 1767 τῷ
631 1693 706 1758 εἷς
761 1694 985 1771 οὐρανὸν
1019 1700 1165 1772 ἡμᾶς
1196 1702 1470 1778 ἀνάγοντι.
1503 1706 1865 1781 Ἐνθυμητέον

199 1781 266 1836 τὸ
298 1782 517 1857 χωρίον
563 1790 665 1853 τῆς
714 1784 1017 1860 νοουμένης
1066 1797 1296 1865 τρυφῆς,
1346 1790 1622 1864 ἐννοητέον
1665 1795 1728 1850 τὸ
1756 1802 1865 1851 τῶν

197 1871 518 1962 κολάσεωνῖ
546 1872 709 1927 τοῦτο
760 1880 879 1936 τοῖς
928 1874 981 1930 ἐν
1012 1843 1306 1953 ἁμαρτίαις
1355 1843 1685 1953 δαιμιονῶσιν
1716 1884 1867 1962 ἀφώ-
1900 1843 1947 1909 Β

199 1978 392 2033 ρισται
425 2002 442 2028 ,
502 1961 675 2016 ἐκεῖνο
732 1968 849 2027 τοῖς
920 1965 1135 2039 ἀρεταῖς
1191 1966 1483 2047 ἐντυφῶσιν
1533 1961 1814 2029 ἀπόκειται
1851 2017 1866 2032 .

199 2048 451 2124 Πότερον
509 2046 767 2118 κάλλιον,
825 2050 876 2123 ἐξ
935 2053 1166 2128 οὐρανοῦ
1222 2046 1455 2131 πεσεῖν’,
1511 2059 1547 2130 ἢ
1607 2057 1866 2128 ἀναϐῆναι

199 2137 348 2226 πρὸς
405 2136 636 2226 οὐρανόν
666 2157 680 2207 ;
710 2142 887 2197 Τοῦτο
935 2146 1032 2196 τοῦ
1089 2143 1392 2222 ἒωσφόρου,
1452 2148 1624 2204 ἐκεῖνο
1682 2153 1864 2226 ἡμῶν,

200 2223 361 2300 εἴπερ
414 2224 696 2299 ἐθέλομεν.
756 2227 1168 2307 Εὐκολώτερον,
1227 2240 1362 2290 Θεοῦ
1406 2236 1671 2313 γενέσθαι,
1724 2223 1864 2316 ἥπερ

205 2316 428 2389 μακρὰν
483 2316 943 2389 ἀποπλανηθῆναι
998 2327 1100 2390 τῆς
1173 2321 1377 2379 ἐκείνου
1436 2322 1817 2402 χρηστότητος
1849 2372 1864 2388 .

202 2403 561 2479 Μακρύνεται
599 2405 693 2478 μὲν
744 2406 849 2480 γάρ
898 2429 981 2471 τις
1014 2415 1147 2465 Θεοῦ
1180 2410 1280 2485 ὀψέ
1320 2434 1450 2469 ποτε
1500 2412 1589 2471 διὰ
1616 2417 1680 2473 τὸ
1726 2417 1863 2473 ἐκεί-

199 2514 302 2547 νου
330 2493 747 2581 φιλάνθρωπον,
797 2494 993 2572 ἐγγίζει
1041 2495 1099 2553 δὲ
1145 2496 1235 2555 διὰ
1279 2502 1342 2557 τὸ
1389 2506 1489 2569 τῆς
1530 2504 1866 2581 ἀγαθότητος

202 2582 379 2637 αὐτοῦ
410 2580 668 2660 ἐφολκόν.
699 2588 789 2658 Τῷ
838 2582 1058 2659 δαίμονι
1106 2585 1164 2643 δὲ
1192 2589 1306 2663 ἅμα
1345 2580 1673 2667 διανοήματι
1701 2617 1867 2671 προσ-

203 2671 431 2749 ελήφθη
482 2691 587 2739 τις,
646 2671 1100 2749 ἐγκαταλιπόντος
1160 2675 1362 2735 ἐκεῖνον
1420 2687 1518 2737 τοῦ
1574 2689 1728 2754 Θεοῦ,
1775 2684 1866 2742 ὅτε

203 2762 352 2834 μήτε
412 2761 723 2848 πόππυσμα
777 2761 1002 2835 καθιστᾷ
1054 2764 1144 2820 τὸν
1204 2774 1430 2841 στρῆνον
1487 2777 1587 2840 τῆς
1642 2773 1861 2848 σαρκὸς,

204 2849 350 2920 μήτε
381 2848 567 2921 κημὸς
619 2844 775 2925 ἄγχει
823 2849 915 2906 καὶ
965 2850 1194 2927 χαλινὸς
1247 2855 1337 2911 τὸν
1387 2856 1551 2913 αὐτοῦ
1602 2844 1864 2938 ἀποσκιρ-

197 2957 408 2995 τωντα.

273 3041 367 3119 λβ¹
428 3045 550 3101 Ἔτι
600 3043 981 3101 ἀναπεταννύει
1034 3048 1164 3113 Θεὸς
1219 3048 1491 3127 ἀγκάλας,
1550 3057 1641 3110 καὶ
1697 3055 1864 3114 εἰσδέ-

1991 559 2317 616 inhumana
2350 560 2537 616 facere
2566 564 2623 615 et
2652 561 2937 615 artiﬁcem
2974 561 3151 615 Deum
3185 560 3355 631 cuius
3388 562 3459 616 ad
3480 560 3628 617 ima-

1984 649 2175 721 ginem
2212 649 2344 704 facti
2376 666 2606 713 sumus,
2640 665 2711 704 ne
2740 649 3128 705 offendamus.
3161 650 3246 704 Ad
3288 650 3385 705 Dei
3416 650 3628 721 imagi-

1984 754 2117 793 nem
2176 738 2335 794 enim
2392 737 2688 810 plasmati,
2722 738 2871 793 hanc
2929 737 3245 808 imaginem
3290 737 3447 794 haud
3480 739 3627 795 fcede

1985 828 2386 898 deturpemus.
2420 832 2481 882 In
2535 827 2806 898 paradiso
2865 826 3040 898 positi
3083 843 3117 881 a
3147 826 3459 898 principio,
3489 827 3628 884 inde

1983 916 2149 987 ejecti
2180 933 2434 982 sumus;
2494 918 2596 972 sed
2656 915 2837 970 nihilo
2890 915 3081 971 secius
3138 920 3202 970 ut
3256 931 3325 970 eo
3373 921 3627 972 reverta-

1983 1020 2119 1059 mur
2147 1019 2381 1059 omnem
2439 1019 2676 1074 operam
2715 1003 2945 1068 demus,
2977 1018 3126 1073 sigre
3156 1001 3308 1056 banc
3337 1001 3625 1072 separati-

1982 1109 2153 1149 onem
2187 1095 2455 1149 ferentes.
2511 1092 2585 1147 Ut
2610 1097 2817 1147 castora
2874 1091 3109 1163 quidem
3135 1090 3444 1146 hominum
3475 1090 3624 1146 line-

1982 1182 2479 1247 amentainduere
2501 1185 2803 1246 recusant;
2832 1195 2938 1234 nos
2970 1179 3292 1235 humanam
3326 1183 3622 1245 naturam,

1962 1278 2092 1343 'qua
2114 1269 2305 1325 induti
2337 1287 2564 1332 sumus,
2597 1269 2656 1323 in
2715 1268 2953 1325 honoris
3009 1267 3134 1324 loco
3164 1280 3473 1339 ponamus.
3509 1268 3624 1323 Ha-

1979 1360 2189 1415 bemus
2224 1362 2401 1414 Deum
2434 1359 2696 1414 omnium
2730 1358 3157 1413 moderatorem
3191 1374 3205 1413 :
3238 1372 3371 1412 eum
3401 1356 3623 1428 quide-

1981 1449 2138 1515 fecit,
2197 1447 2495 1503 diabolum
2558 1448 2707 1513 dico,
2774 1446 3064 1502 novimus.
3125 1445 3206 1500 Ne
3274 1445 3455 1516 igitur
3514 1462 3622 1501 nos

1979 1554 2214 1610 quoque
2242 1537 2625 1603 obsistamus,
2660 1538 2761 1591 sed
2791 1535 2852 1590 in
2912 1535 3011 1590 Dei
3068 1535 3335 1605 partibus
3374 1539 3623 1605 stemus,

1977 1630 2061 1686 Ne
2108 1646 2142 1684 a
2172 1629 2372 1684 tartari
2427 1628 2654 1684 haerede
2693 1631 2932 1692 stemus,
2986 1626 3088 1681 sed
3124 1641 3270 1680 eum
3302 1641 3626 1696 sequamur

1978 1718 2076 1790 qui
2106 1716 2167 1772 in
2199 1717 2408 1774 emtum
2440 1732 2545 1772 nos
2603 1714 2895 1771 conducit.
2948 1714 3166 1770 Locum
3209 1713 3504 1770 felicitatis
3533 1714 3625 1770 in-

1975 1805 2346 1875 tellectualis,
2371 1805 2564 1861 locum
2598 1803 2920 1876 punitionis
2951 1804 3024 1859 ob
3056 1801 3255 1858 oculos
3287 1818 3577 1873 ponamus
3604 1818 3620 1869 ;

1980 1894 2078 1951 ille
2110 1895 2348 1967 quidem
2378 1894 2574 1966 probis
2605 1892 2943 1949 hominibus
2976 1892 3305 1965 propositus
3343 1896 3434 1947 est
3465 1908 3480 1959 ;
3527 1889 3623 1948 hic

1977 1988 2310 2057 peccatores
2368 1989 2585 2039 manet.
2637 1981 2784 2047 Quid
2818 1982 3004 2037 satius
3034 1986 3143 2045 est,
3174 1998 3205 2037 ο
3234 1980 3373 2036 cmlo
3404 1979 3618 2049 delabi,

1978 2078 2081 2128 aut
2108 2073 2169 2128 in
2200 2073 2411 2129 cmlum
2442 2072 2751 2128 ascendere
2779 2071 2807 2126 ?
2858 2068 3107 2125 Facilius
3137 2076 3228 2125 est
3256 2086 3290 2125 a
3319 2069 3435 2124 Deo
3466 2073 3623 2125 stare

1978 2177 2155 2233 quam
2188 2162 2260 2217 ab
2293 2162 2420 2233 ejus
2477 2161 2790 2217 sanctitate
2837 2160 3103 2215 deﬁcere.
3148 2158 3302 2214 Deus
3332 2157 3488 2213 enim
3519 2173 3623 2228 per

1977 2250 2321 2307 charitatem
2384 2266 2555 2307 suam
2621 2248 2847 2305 homini
2903 2247 3347 2320 prosperitatem
3412 2244 3620 2302 tribuit

1977 2345 2035 2396 et
2065 2339 2159 2396 sui
2191 2339 2446 2395 similem
2478 2354 2614 2395 eum
2672 2338 2830 2407 facit,
2863 2339 3003 2393 dum
3037 2335 3287 2392 damoni
3320 2334 3618 2408 quispiam

1976 2429 2248 2497 adhzeret,
2283 2428 2422 2501 quia
2451 2432 2603 2483 Deus
2632 2427 2829 2500 ipsum
2863 2425 3119 2497 reliquit,
3151 2425 3384 2497 quando
3424 2439 3615 2496 neque

1974 2517 2232 2573 sibilatio
2262 2516 2457 2574 carnis
2487 2515 2791 2573 libidinem
2831 2514 3009 2586 sistit,
3042 2530 3230 2586 neque
3264 2514 3497 2569 frenum
3528 2528 3618 2569 re-

1974 2606 2376 2663 calcitrantem
2408 2607 2730 2678 perdomat.

2043 3053 2131 3109 32.
2165 3052 2289 3108 Huc
2320 3050 2544 3107 accedit
2573 3048 2729 3119 quod
2762 3048 2915 3104 Deus
2932 3046 3175 3103 brachia
3200 3046 3493 3102 tendendo
3515 3061 3620 3101 nos

202 3151 368 3223 ltitat
427 3130 529 3187 ὅσα
581 3133 673 3223 καὶ
734 3132 785 3188 ἐν
845 3132 1068 3223 λιμένι·
1123 3137 1325 3215 ἀνοίγει
1383 3142 1459 3205 ὡς
1507 3142 1583 3206 εἰς
1642 3145 1860 3223 φίλημα

1975 3141 2128 3198 sicut
2172 3141 2328 3196 intra
2384 3144 2618 3212 portum
2676 3136 2901 3210 recipit.
2961 3137 3197 3192 Daemon
3248 3152 3314 3191 os
3344 3134 3515 3223 quasi
3545 3134 3618 3189 ad

200 3221 231 3274 ὁ
264 3217 655 3309 ξαίμων,ᾼκαὶ
705 3216 1146 3309 καταϐροχθίζει,
1207 3208 1314 3303 οῦχ
1371 3231 1471 3286 ὅσα
1514 3234 1603 3287 καὶ

1975 3231 2327 3288 basiandum
2360 3208 2548 3301 a-perit
2576 3232 2633 3284 et
2661 3208 2919 3293 devorat,
2939 3242 3056 3280 non
3089 3228 3151 3279 ut
3179 3225 3354 3279 draco
3387 3227 3487 3278 aut
3508 3222 3620 3289 leo,

204 3308 241 3378 ἦ
271 3307 441 3377 λέων,
474 3305 601 3365 οὖδὶ
634 3311 741 3383 μὴν
795 3310 933 3376 καθά
978 3334 1061 3376 τις
1116 3308 1404 3390 χάρυϐδις,
1439 3318 1566 3375 ἀλλ’
1598 3305 1865 3388 ὡςγαὺτὸς

204 3399 506 3486 τάρταρος.
562 3397 730 3453 Λαλεῖ
789 3400 817 3454 ὁ
871 3402 999 3464 Θεὸς
1052 3403 1142 3457 καὶ
1200 3411 1383 3460 ποιεῖ’
1441 3407 1777 3486 ὑπισχνεῖται
1837 3413 1865 3467 ὁ

205 3484 590 3575 ἀντικείμενος
638 3487 728 3542 καὶ
781 3487 1062 3565 ἀπρακτεῖ.
1121 3492 1405 3563 Ἀληθεύει
1466 3498 1496 3552 ὁ
1542 3484 1863 3575 αῦτάγαθος·

205 3574 467 3652 φαντάζει
543 3576 571 3630 ὁ
645 3576 950 3643 αὐτόκακος
981 3624 992 3637 .
1056 3582 1426 3655 Ἐκνικησάτω
1501 3586 1555 3642 ἐν
1612 3574 1746 3661 ἡμῖν
1800 3590 1863 3646 τὸ

201 3663 482 3756 Θειότερον
514 3666 549 3735 ἠ
600 3667 775 3756 ψυχή,
807 3668 898 3725 καὶ
955 3672 1032 3742 μή
1075 3672 1140 3727 τὸ
1169 3678 1357 3750 χεῖρον
1403 3677 1438 3745 ἡ
1477 3683 1575 3751 γῆ.
1610 3678 1860 3756 Ἀφῶμεν

202 3753 269 3808 τὸ
317 3757 522 3826 σῶμα,
576 3755 860 3831 γενώμεθα
908 3761 1006 3828 τῆς
1060 3763 1267 3837 ψυχῆς.
1327 3763 1390 3818 Εἰ
1450 3762 1508 3820 δὲ
1567 3769 1643 3839 μή
1674 3753 1859 3841 τοῦτο,

200 3840 614 3935 ἀκολουρητὲον
656 3849 802 3935 ⁸γοῦν
860 3849 962 3918 τήν
1021 3849 1191 3925 σάρκα
1247 3855 1317 3926 τῇ
1367 3854 1630 3930 ζωογόνῳ
1681 3860 1855 3935 ψυχῇ,

197 3929 294 3983 καὶ
504 3925 764 4025 ἔμπαλιν.
814 3935 875 3989 Τί
922 3936 1015 4025 τὸν
1058 3937 1232 4005 πηλὸν
1289 3925 1641 4019 περιέπομεν,

198 4039 291 4080 τες
353 4020 477 4108 ’τὴνΔ
515 4021 652 4107 κατὰ
701 4027 914 4096 πνεῦμα
964 4024 1126 4097 ζέσιν,
1185 4028 1222 4103 ᾔ
1281 4032 1603 4108 συνέχεται;
1651 4020 1857 4094 Τί’τὸν

197 4111 339 4185 χοῦν
395 4106 709 4198 στέργομεν,
760 4111 818 4174 ὃς
870 4112 1075 4188 ἀνέμου
1129 4117 1361 4194 βραχείᾳ
1609 4122 1855 4196 σκεδάζε-

196 4217 286 4250 ται
322 4216 337 4266 ;
372 4197 443 4254 Τί
492 4218 624 4254 ποτε
670 4198 981 4275 ἀμελοῦμεν
1042 4204 1321 4281 ἄνθρωποι
1381 4215 1518 4266 Θεοῦ
1576 4212 1710 4269 εἶναι
1766 4214 1854 4271 καὶ

197 4282 392 4363 ἄνδρες
440 4285 767 4362 ἐπιθυμιῶν,
823 4292 1012 4348 ὁποῖαι
1063 4295 1156 4350 τὸν
1212 4295 1375 4373 μέγαν
1418 4301 1623 4372 Δανιὴλ
1671 4301 1855 4374 ἐξεπύ-

197 4394 326 4450 ρουν
361 4376 675 4468 ;-γινόμεθα
705 4376 762 4435 δὲ
809 4378 1055 4439 πλούτου
1104 4382 1316 4462 ἄνδρες,
1347 4390 1429 4452 οἷς
1459 4389 1528 4445 τὰ
1556 4390 1728 4468 χείρω
1759 4392 1856 4468 ἐμ-

195 4465 544 4553 πορευόμεθα
577 4511 592 4539 ,
651 4468 739 4522 καὶ
798 4467 985 4547 ἄνδρες
1074 4475 1320 4548 αἱμάτων
1352 4522 1366 4545 ,
1427 4480 1508 4543 οἷς
1561 4465 1852 4553 ἀλλήλους

1977 3328 2078 3375 aut
2106 3317 2547 3392 charybdis,sed
2582 3317 2736 3371 sicut
2770 3320 3045 3371 tartarus.
3087 3313 3243 3369 Deus
3272 3311 3535 3384 loquitur
3564 3314 3623 3365 et

1974 3413 2285 3481 operatur;
2339 3405 2707 3463 adversarius
2752 3403 3041 3477 promittit
3071 3406 3129 3459 et
3161 3401 3467 3473 promissis
3501 3414 3617 3454 non

1973 3503 2110 3555 stat.
2144 3497 2252 3563 Qui
2309 3500 2522 3553 natura
2578 3496 2769 3550 bonus
2816 3497 2926 3559 est,
2955 3492 3263 3548 veritatem
3295 3488 3434 3545 colit
3466 3506 3480 3555 ;
3514 3486 3617 3559 qui

1976 3587 2299 3659 improbus,
2358 3583 2702 3640 hariolatur.
2762 3581 2973 3636 Vincat
3037 3581 3096 3635 in
3156 3578 3322 3636 nobis
3379 3576 3616 3633 animus

1971 3676 2073 3748 qui
2104 3674 2315 3731 divinis
2342 3678 2435 3729 est
2489 3671 2754 3742 originis,
2803 3685 2909 3731 nec
2956 3685 3089 3729 vero
3146 3672 3322 3734 terra,
3373 3683 3501 3738 quae
3542 3665 3617 3721 ad

1971 3766 2091 3822 ima
2138 3763 2345 3823 tendit.
2404 3762 2635 3818 Omisso
2701 3775 2942 3831 corpore
2999 3757 3181 3813 animi
3240 3760 3434 3828 partes
3491 3770 3616 3809 am-

1968 3855 2314 3928 plectamur.
2358 3851 2457 3907 Sin
2480 3851 2700 3917 minus,
2722 3864 2855 3905 caro
2885 3847 3093 3903 animas
3111 3845 3347 3901 vivifice
3369 3843 3617 3900 submit-

1966 3948 2141 4015 tetur,
2176 3958 2280 3999 nec
2333 3940 2454 3996 vice
2511 3955 2697 3995 versa.
2741 3937 2887 4005 Quid
2920 3935 3126 3990 limum
3159 3933 3481 4003 sequimur,
3514 3949 3611 3988 ca-

1967 4033 2149 4089 lorem
2204 4029 2570 4105 spiritualem
2633 4044 2749 4101 quo
2802 4025 3136 4081 continetur
3192 4021 3614 4096 negligentes?

1966 4122 2113 4190 Quid
2149 4120 2456 4177 colluviem
2488 4116 2805 4181 ambimus,
2837 4131 2964 4187 quae
2985 4114 3093 4169 levi
3114 4117 3284 4169 vento
3310 4110 3612 4167 diruitur?

1964 4216 2077 4267 Cur
2107 4228 2221 4267 non
2281 4208 2551 4265 homines
2592 4205 2693 4261 Dei
2747 4208 2805 4259 et
2858 4203 3284 4259 desideriorum
3316 4217 3444 4257 esse
3473 4199 3609 4255 niti-

1966 4319 2120 4372 mur,
2171 4304 2235 4356 ut
2290 4314 2543 4371 magnus
2600 4292 2849 4351 Daniel?
2905 4294 3022 4350 Cur
3051 4291 3385 4348 divitiarum
3419 4294 3608 4345 secta-

1961 4395 2118 4447 tores
2204 4405 2411 4446 sumus
2494 4402 2623 4458 qum
2693 4400 2801 4438 nos
2844 4381 3224 4443 deteriorant.
3298 4395 3425 4451 quin
3497 4394 3606 4433 nos

1962 4481 2312 4553 sanguinem
2370 4477 2635 4533 sitientes
2689 4471 2946 4528 reddunt
2993 4476 3052 4526 et
3102 4468 3359 4525 latrones
3395 4471 3452 4523 et
3480 4483 3605 4523 om-

195 4549 533 4657 λῃστεύομαι
573 4598 588 4624 ,
640 4555 729 4611 καὶ
786 4563 890 4634 γῆς
966 4555 1223 4634 ἔνδοξοι,
1278 4567 1597 4641 προσθήκης
1668 4549 1848 4626 κακῶν

1973 4549 2138 4627 nibus
2170 4566 2340 4624 malis
2370 4566 2580 4638 dignos
2614 4566 2636 4619 Ρ

194 4641 336 4713 ἄξιοι
372 4660 386 4712 ;

265 4766 599 4859 17'."Qp.oz,
633 4770 716 4826 ὅτι
742 4770 837 4859 τὸν
869 4776 965 4829 τοῦ
996 4780 1131 4832 Θεοῦ
1161 4777 1307 4837 οἶκον
1344 4783 1494 4855 ἡμᾶς
1525 4782 1603 4846 είς
1635 4780 1847 4859 λῃστῶν

196 4856 570 4933 ὗπανοίγομεν
622 4858 916 4932 σπήλαιον,
969 4859 1090 4929 ἔνθα
1147 4864 1265 4923 δέον
1316 4869 1399 4941 ὃν,
1440 4873 1570 4929 Θεὸν
1619 4856 1846 4931 ἐνοικεῖν

192 4946 281 5002 καὶ
316 4946 729 5023 ἐμπεριπατεῖν,
779 4950 907 5009 ἀλλ’
956 4953 1114 5020 αὐτὸς
1159 4957 1236 5020 εἰς
1289 4960 1593 5035 μωμητοὺς
1638 4961 1849 5038 βολεῶ-

190 5056 298 5126 νας
342 5043 758 5126 μεταποιεῖται,
808 5042 883 5096 ὧν
934 5042 1045 5113 ὄζει
1095 5046 1373 5124 φαυλότης
1419 5050 1490 5126 τῇ
1534 5053 1670 5110 κατὰ
1716 5055 1844 5111 Θεὸν

189 5124 466 5217 ἀντίθετος
518 5125 739 5202 εὐωδίᾳ.
772 5129 843 5190 Οἳ
890 5152 1006 5206 μοι,
1040 5133 1123 5190 ὅτι
1165 5137 1230 5193 τὸ
1258 5124 1589 5213 τιμιώτατον
1620 5141 1673 5198 ἐν
1706 5146 1845 5217 ἡμῖν

186 5212 615 5310 ἷλωσσόκομ-ον,
653 5217 719 5273 τὸ
761 5217 929 5310 καλὸν
982 5222 1161 5298 στόμα
1192 5269 1206 5297 ,
1261 5212 1327 5284 οὖί
1372 5232 1635 5307 χρυσέαις
1678 5212 1849 5310 παρα-

186 5298 397 5394 δύεται,
444 5305 537 5385 ἀφ’
579 5308 653 5362 ὦν
702 5308 909 5385 χρύσεα
956 5312 1351 5389 παραδέδονται
1375 5298 1666 5394 ἓτόματα,
1700 5298 1846 5381 ἀλλὰ

185 5387 483 5490 κιϐδήλοις
530 5396 809 5490 γλιὶὸσσαις
849 5401 940 5490 καὶ
992 5387 1357 5482 ὑποχάλκοις,
1385 5407 1457 5465 δι’
1485 5387 1558 5466 ὧν
1612 5387 1844 5490 ἐξηχοῦ-

192 5504 286 5579 μεν
351 5484 431 5579 (ἐς
475 5480 747 5579 ,κόμϐαλα
779 5532 795 5558 ,
854 5480 1285 5579 δυσφημοῦντες,
1340 5480 1794 5579 συκοφαντοῦντες
1825 5546 1842 5574 ,

188 5570 236 5627 εἲ
264 5569 442 5646 μηδὲν
470 5573 633 5651 ἄλλο,
665 5576 857 5666 ἀργοῖς
890 5569 1083 5657 λόγοις
1113 5569 1595 5666 ἐναδολεσχοῦντες
1620 5636 1635 5664 ,
1664 5569 1845 5648 τᾶλλα

188 5667 496 5742 ποιοῦντες,
552 5666 628 5724 ὧν
683 5662 854 5727 ἕνεκεν
911 5668 1078 5730 καλὸν
1130 5675 1196 5747 ἧν
1224 5718 1239 5748 ,
1299 5676 1349 5734 εἲ
1375 5662 1549 5755 *μηδὲ
1588 5662 1845 5759 γλώσσας

2030 4782 2118 4840 33.
2150 4782 2245 4838 Vae
2279 4779 2468 4849 nobis,
2526 4777 2666 4850 quia
2694 4777 2796 4833 Dei
2853 4778 3093 4834 domum
3148 4773 3443 4830 latronum
3468 4787 3605 4844 spe-
3669 4838 3673 4842 _

1960 4873 2198 4929 luncam
2226 4870 2496 4937 facimus,
2532 4868 2630 4924 ubi
2662 4868 2817 4923 Deus
2855 4866 3118 4922 habitare
3147 4868 3206 4921 et
3234 4860 3605 4919 inambulare

1959 4963 2215 5034 deberet,
2249 4974 2352 5034 pro
2383 4975 2498 5033 quo
2544 4958 2605 5014 in
2657 4944 2829 5030 turpe
2875 4960 3103 5014 stercus
3160 4956 3425 5010 mutatur
3448 4951 3603 5009 malo

1959 5054 2135 5110 odore
2186 5049 2448 5123 plenum.
2495 5047 2591 5103 Vss
2640 5045 2830 5118 nobis,
2863 5045 3002 5117 quia
3047 5042 3509 5116 pulcherrimum
3540 5040 3603 5097 in

1958 5142 2129 5201 nobis
2155 5141 2637 5205 instrumentum,
2671 5134 2890 5208 lingua,
2922 5151 3037 5191 non
3068 5132 3260 5191 aureis
3309 5132 3410 5189 sed
3438 5130 3605 5187 adul-

1956 5231 2160 5291 terinis
2192 5234 2248 5287 et
2276 5228 2441 5286 aareis
2472 5227 2712 5285 vocibus
2762 5223 3025 5295 inservit,
3056 5240 3171 5295 quo
3223 5222 3289 5277 fit
3344 5226 3411 5276 ut
3448 5219 3602 5276 sicut

1954 5318 2419 5380 tintinnabulum
2452 5315 2887 5385 maledicamus,
2920 5314 3333 5371 denuntiemus
3363 5313 3465 5367 aut
3484 5307 3602 5366 sal-

1954 5418 2073 5471 tem
2106 5410 2296 5468 tutilia
2351 5408 2742 5481 proferamus,
2798 5421 2915 5462 uno
2976 5404 3169 5463 verbo,
3200 5418 3270 5457 ea
3313 5399 3600 5456 faciamus

1954 5508 2191 5576 propter
2219 5516 2345 5573 quae
2375 5495 2586 5553 melius
2611 5493 2815 5567 lingua
2843 5494 3082 5551 omnino
3104 5505 3453 5548 careremus.
3485 5492 3600 5543 Cur

1951 5592 2191 5666 linguas
2217 5590 2424 5646 inanes
2454 5583 2758 5641 reddimus
2786 5587 2843 5640 et
2869 5600 2937 5640 ea
2966 5581 3215 5641 colimus
3235 5595 3366 5651 quas
3394 5576 3601 5638 domui

1954 5665 2180 5741 nostrae
2211 5676 2579 5752 splendorem
2629 5673 2887 5734 tribuere
2913 5670 3178 5746 queant?
3225 5668 3337 5728 Sed
3366 5665 3587 5725 talibus
