3976 6204
447 328 566 390 703

1218 336 1635 398 EUSTATHII
1683 338 2444 403 THESSALONICENSIS
2491 342 2542 402 M
2556 337 3072 402 ETROPOLITAE

3735 334 3845 393 704

442 480 518 518 ne
551 463 916 520 insistamus.
951 466 1238 522 Odcratus
1271 484 1382 522 non
1441 471 1757 526 admodum
1787 471 1972 527 facilis
2003 476 2090 527 est

2203 469 2445 547 εἷ’χομεν.
2479 472 2544 530 Τί
2583 469 2630 526 δ’
2680 469 2824 526 ἀλλὰ
2870 469 3123 544 γλώσσας
3176 467 3270 540 μὶν
3330 465 3689 540 ἀχρειοῦμεν,
3734 466 3842 519 ὅσοι

443 556 724 621 tractatu,
760 553 912 625 (quis
942 555 1097 609 enim
1132 562 1395 612 nostrum
1429 560 1572 614 adeo
1603 559 1886 616 humidus
1933 567 1989 616 et
2021 561 2085 615 li-

443 642 659 712 quidus
691 647 799 708 est,
829 647 891 697 ut
921 645 1236 715 unguentis
1281 646 1577 702 delibutus
1610 648 1814 704 iisdem
1851 651 1917 704 ad
1955 667 2086 722 per-

446 731 655 786 niciem
689 748 855 786 suam
917 734 1259 804 abutatur?)
1295 736 1392 789 sed
1447 736 1559 790 alia
1589 738 1763 792 etiam
1798 739 2090 794 dementia

450 835 515 873 ac
561 824 786 873 naturae
843 820 1165 876 falsiﬁcatio
1222 823 1532 879 intercedit
1588 842 1714 896 quae
1766 845 1877 882 non
1937 829 2089 884 circa

446 907 774 974 odoratum,
807 909 905 962 sed
957 910 1111 965 circa
1142 913 1686 984 pervestigationem
1721 921 1777 970 et
1815 916 2088 988 vestigio-

445 1011 572 1050 rum
607 998 1025 1053 scrutationem
1062 1001 1326 1068 vertitur,
1346 1005 1511 1070 cujus
1542 1005 1757 1060 auxilio
1791 1006 2087 1062 hominem

444 1087 507 1137 ut
565 1085 803 1140 brutum
839 1086 1054 1142 animal
1086 1089 1461 1146 dilaniamus.
1495 1093 1692 1148 Oculis
1736 1095 1911 1150 etiam
1947 1097 2088 1151 adeo

444 1174 747 1228 abutimur
782 1179 845 1230 ut
878 1175 1063 1247 lyncis
1095 1178 1276 1233 aciem
1311 1180 1613 1236 oculorum
1646 1187 1703 1236 et
1731 1185 1860 1253 ejus
1891 1185 2092 1256 qui,ut

443 1266 533 1316 est
564 1263 621 1316 in
658 1264 982 1333 proverbio,
1011 1267 1208 1320 omnia
1238 1268 1398 1323 videt
1421 1274 1475 1323 et
1507 1272 1674 1341 cujus
1692 1289 1902 1343 corpus
1921 1273 2090 1345 plane

445 1349 742 1405 oculatum
767 1352 838 1405 ab
870 1354 1130 1425 antiquis
1161 1355 1517 1428 depingitur,
1541 1359 1752 1414 habere
1773 1378 2089 1432 praesuma-

449 1455 599 1494 mus.
656 1439 766 1494 Sed
802 1441 1066 1508 equidem
1121 1460 1235 1497 non
1271 1445 1724 1516 pulchritudinis
1763 1451 2089 1505 custodiam

447 1532 548 1580 aut
601 1527 849 1583 visionis
910 1547 1108 1586 curam
1191 1532 1437 1604 indigito
1520 1538 1718 1607 aliam,
1788 1539 1900 1595 nisi
1965 1557 2092 1611 qua;

448 1614 655 1672 alienis
707 1619 956 1689 negotiis
1001 1637 1235 1692 operam
1295 1625 1395 1679 dat
1452 1625 1698 1699 ideoque
1756 1629 1928 1701 culpa
1979 1647 2091 1685 non

445 1712 632 1761 vacat.
679 1710 1046 1766 Vociferatur
1102 1712 1315 1782 aliquis
1373 1717 1444 1770 ob
1502 1717 1753 1786 vineam,
1815 1718 1964 1774 alius
2023 1721 2094 1774 de

2193 561 2436 616 τοιοῦτοί
2485 561 2668 634 ἐσμεν,
2727 558 3094 634 σεμνυνόμεθα
3143 554 3202 611 δὲ
3228 560 3348 617 τοῖς
3396 552 3639 620 λοιποῖς,
3677 550 3747 607 δι’
3778 555 3839 608 ὧν

2195 655 2291 704 τοῦ
2331 652 2448 714 καθ’
2478 653 2626 723 ἡμᾶς
2675 649 2827 704 οῗκου
2874 646 3144 720 τηλαυγὲς
3196 643 3254 699 ἂν
3288 645 3349 698 τὸ
3397 643 3698 718 πρόσωπον
3730 645 3838 718 φαί-

2197 761 2346 794 νοιτο
2381 758 2394 808 ;
2429 737 2637 795 Οὔκουν
2688 737 2786 793 οὐκ
2837 736 3002 809 ἔστιν,
3049 735 3125 797 είς
3173 735 3236 788 τὸ
3283 738 3385 786 πᾶν
3431 731 3625 798 εἰπεῖν,
3655 732 3732 794 ὡς
3761 733 3838 784 xui

2197 829 2704 904 ἀπισχυρίσασθαι.
2760 833 3058 904 ’Όσφρησις
3121 825 3213 897 μὲν
3276 823 3375 897 γὰρ
3441 824 3579 893 ἡμῖν
3662 817 3837 881 ἄλλως

2202 918 2296 991 μὲν
2355 916 2485 979 ῗ¹σως
2539 917 2602 972 οὐ
2659 915 2833 986 πάντη
2891 913 3304 988 δυσανάγωγοςο
3367 912 3471 984 (τίς
3520 911 3621 986 γὰρ
3686 911 3837 982 ἡμῶν

2200 1007 2341 1062 οὕτω
2389 1008 2639 1082 περιττὸς
2683 1006 2774 1060 καὶ
2832 1001 3057 1059 πλαδῶν
3107 1001 3196 1056 καὶ
3241 1001 3440 1077 εὐροῶν
3493 998 3562 1053 τὰ
3601 997 3656 1059 ἐς
3714 998 3836 1070 βίον,

2199 1096 2274 1158 ὡς
2307 1096 2498 1172 μύροις
2535 1089 2899 1171 ἐγκολυμὸᾇν,
2949 1091 3040 1148 καὶ
3088 1094 3190 1161 τήν
3247 1089 3446 1153 ἐκεῖθεν
3494 1087 3836 1162 παράχρησιν

2199 1184 2513 1260 ἐξευρίσκειν
2567 1183 2641 1246 εἷς
2687 1183 2964 1238 ἀπώλειαν
3002 1186 3037 1254 ;)
3088 1179 3233 1251 ἄλλη
3284 1177 3342 1234 δέ
3385 1199 3467 1239 τις
3525 1177 3718 1232 ὕπεστι
3752 1195 3840 1229 πα-

2201 1276 2389 1349 ράνοια
2446 1275 2531 1328 καὶ
2591 1272 2958 1347 παραποίησις
3015 1270 3225 1349 φύσεως
3260 1314 3274 1338 ,
3330 1267 3390 1322 ού
3448 1268 3586 1342 πρὸς
3648 1260 3838 1340 ὄσφραν

2198 1362 2590 1438 ἠσχολημένη,
2624 1361 2768 1418 ἀλλά
2797 1363 2933 1437 πρὸς
2963 1361 3025 1415 τὸ
3059 1356 3362 1436 ῥινηλατεῖν
3412 1356 3501 1410 καὶ
3535 1354 3670 1430 ἴχνη
3707 1353 3840 1425 ἐρευ-

2199 1457 2309 1522 νᾷν,
2359 1450 2429 1506 δι’
2480 1453 2551 1505 ὧν
2598 1451 2899 1526 ἐξευρόντες
2949 1446 3230 1525 ἄνθρωπον
3283 1447 3381 1501 ὅσα
3419 1445 3507 1500 καὶ
3563 1450 3712 1518 θῆρα
3745 1439 3841 1496 δια-

2187 1542 2558 1621 ισπαράξομεν.
2609 1537 2948 1617 Ὀφθαλμοῖς
3002 1535 3058 1592 δὲ
3089 1537 3166 1600 εἷς
3216 1535 3371 1591 τόσον
3407 1532 3840 1621 παραχρώμεβα,

2201 1628 2356 1699 ὥστε,
2416 1627 2615 1702 πρὸςᾶ
2671 1629 2763 1702 μὲν
2801 1629 2876 1701 μὴ
2937 1625 3056 1682 δέον
3114 1625 3249 1697 ἐστὶ,
3307 1624 3561 1700 Λυγκέως
3620 1617 3842 1676 ἆναϐλέ·

2199 1740 2316 1774 πειν
2353 1717 2618 1792 ὀξύτερον,
2651 1718 2686 1787 ἢ
2717 1718 2806 1772 καὶ
2855 1721 2954 1772 τοῦ
3002 1715 3504 1792 παροιμιαζομένου
3546 1711 3840 1776 πανόπτου,

447 1796 621 1850 domo
679 1802 878 1868 erepta
910 1798 1147 1865 clamat,
1207 1802 1356 1859 alius
1387 1807 1537 1874 quod
1593 1807 1815 1876 agellus
1847 1810 1972 1877 ejus
2003 1809 2090 1863 ni-

447 1886 559 1908 ωιε...
605 1885 888 1908 12...2Λ-ι--.-
977 1893 1021 1908 -ι
1100 1891 1138 1908 κ’
1313 1892 1347 1908 In
1461 1894 1496 1908 ι·
1703 1897 1735 1908 ιο
1841 1898 1852 1908 1
1885 1897 1916 1908 ,ι
1962 1899 1972 1908 .

2203 1808 2258 1862 ὃν
2293 1807 2455 1883 λόγος
2487 1809 2515 1862 ὁ
2545 1805 2777 1868 παλαιὸς
2812 1805 3166 1879 ὀλοσώματον
3193 1803 3270 1866 εἷς
3297 1800 3621 1878 ὀφθαλμοὺς
3659 1800 3839 1904 ἤνοιξε.

447 1886 561 1939 mis
604 1885 909 1952 limitetur,
971 1893 1026 1943 et
1092 1891 1176 1944 sic
1208 1892 1393 1948 multa
1424 1894 1538 1949 alia
1590 1897 1771 1950 oculis
1803 1897 2090 1968 objiciun-

448 1978 564 2028 tur.
599 1975 692 2030 Sic
725 1976 878 2032 circa
915 1977 1203 2035 desideria
1230 1986 1431 2037 nostra
1487 1984 1639 2038 oculi
1697 1987 1880 2040 nostri
1923 1993 2096 2042 erunt

449 2063 982 2135 perspicacissimi;
1033 2068 1133 2122 ubi
1191 2074 1385 2124 autem
1440 2072 1588 2128 ratio
1622 2089 1766 2128 sana
1813 2075 1882 2130 ad
1932 2077 2090 2147 aspi-

452 2150 724 2206 ciendum
759 2154 983 2224 invitat,
1017 2156 1287 2214 voluntas
1319 2161 1471 2230 quod
1513 2163 1744 2218 visibile
1773 2168 1861 2218 est
1918 2165 2094 2219 refert

456 2240 525 2294 ad
559 2242 755 2296 odium
789 2249 891 2298 aut
920 2245 991 2299 ad
1024 2252 1242 2302 metum
1295 2266 1496 2320 poenas,
1539 2255 1640 2306 aut
1671 2269 1934 2323 expensas
1964 2271 2090 2309 mo-

455 2329 634 2397 dica;
669 2331 769 2386 sed
811 2333 1130 2390 caecitatem
1190 2338 1452 2394 innatam
1490 2338 1559 2410 (si
1595 2341 1701 2396 hoc
1735 2343 1965 2397 nomine
2010 2342 2094 2397 uti

452 2416 614 2489 libet)
665 2424 998 2491 superando
1025 2423 1298 2480 virtutem
1352 2445 1467 2482 non
1518 2446 1757 2500 parvam
1787 2447 2094 2500 recognos-

453 2506 664 2574 cimus,
697 2511 928 2565 etiamsi
982 2514 1167 2570 oculis
1214 2515 1470 2587 obliquis
1500 2518 1816 2575 intuemur.
1853 2521 2094 2585 Quando

453 2595 791 2666 explorandi
852 2615 1029 2655 causa
1088 2601 1278 2658 locum
1335 2612 1436 2662 aut
1493 2609 1831 2675 salutarem,
1885 2611 1929 2664 si
1992 2625 2095 2680 pro

454 2684 682 2750 amicis,
714 2691 815 2740 aut
845 2689 1262 2760 perniciosum,
1315 2696 1362 2748 si
1417 2713 1519 2766 pro
1541 2697 1817 2761 inimicis,
1851 2715 2095 2770 occupa-

451 2773 664 2840 vimus,
699 2775 757 2828 in
792 2778 1030 2832 salutari
1064 2781 1321 2850 quidem,
1357 2786 1510 2854 quod
1539 2785 1757 2840 bonum
1798 2792 1907 2855 est,
1939 2787 2095 2842 vide-

455 2877 625 2928 mus;
662 2863 719 2917 in
754 2865 1078 2934 pernicioso
1111 2873 1304 2924 autem
1339 2889 1475 2942 non,
1510 2880 1574 2928 ut
1625 2876 1772 2930 Deus
1794 2875 1940 2940 vult,
1964 2893 2094 2947 spe-
2127 2871 2130 2874 ’

453 2949 741 3006 culamur.
777 2953 871 3008 Sic
917 2955 1092 3011 etiam
1126 2959 1173 3012 si
1224 2976 1336 3015 non
1397 2962 1740 3019 imitationis
1771 2964 1959 3034 gratia
1990 2981 2095 3020 nos

461 3039 528 3092 ad
560 3041 801 3110 angelos
832 3044 1160 3112 referimus,
1220 3049 1402 3120 patris
1474 3051 1766 3107 luminum
1844 3057 1908 3107 ut
1959 3070 2092 3108 cum

452 3127 762 3201 Evangelic
821 3131 1155 3204 loquamur,
1219 3138 1421 3194 faciem
1482 3146 1758 3211 perpetuo
1806 3141 2091 3210 videntes,

2201 1897 2300 1952 Καὶ
2367 1897 2428 1952 οὗ
2510 1895 2658 1971 λέγω
2733 1893 2976 1957 κάλλους
3035 1893 3320 1949 ἐποπτείαν
3378 1890 3468 1946 xui
3539 1889 3838 1965 περιεργίαν

2204 1983 2380 2060 ὅψεως
2410 1985 2669 2061 έτεροίαν,
2716 1984 2862 2040 ἀλλὰ
2909 1985 3007 2054 τήν
3058 1980 3566 2057 ἐποφθαλμίζουσαν
3608 1978 3843 2053 πράγμα-

2203 2097 2285 2129 σιν
2339 2072 2683 2150 ἀλλοτρίοις,
2736 2076 2822 2129 καὶ
2887 2073 3058 2136 οὕτως
3117 2069 3406 2127 ἀδικοῦσαν
3453 2067 3529 2132 εἷς
3577 2069 3838 2142 στέρησιν.

2205 2163 2442 2239 Κέκραγέ
2491 2185 2575 2226 τις
2633 2162 2720 2218 ἐπὶ
2779 2162 3088 2235 ἀμπελῶνι,
3155 2162 3257 2236 βοᾷ
3310 2156 3493 2231 ἕτερος
3540 2157 3628 2212 ἐπὶ
3675 2156 3841 2215 οέκίας

2205 2252 2500 2330 ἀφαιρέσει,
2559 2250 2756 2324 ἄλλος,
2814 2249 2898 2306 ὅτι
2954 2249 3345 2327 ὀρογλυφεῖται
3400 2247 3464 2302 τὸ
3515 2245 3638 2300 κατ’
3695 2243 3840 2330 αὐτὸν

2204 2329 2420 2418 γήδιοψ
2471 2339 2657 2396 πολλὰ
2705 2337 2763 2394 δὲ
2813 2339 2901 2394 xui
2942 2336 3096 2414 ἕτερα
3141 2341 3364 2393 τοιαῦτα
3393 2333 3701 2414 ἇφθαλμῶν
3735 2329 3840 2386 ἀδι-

2203 2433 2447 2503 κήματα.
2495 2431 2591 2484 Καὶ
2639 2429 2780 2484 οὕτω
2835 2430 2928 2502 μὲν
2983 2427 3377 2498 ὀξυωπέστατοι
3426 2423 3740 2495 ποιούμεθα
3767 2421 3837 2474 ἐπὶ

2202 2525 2320 2582 τοῖς
2377 2518 2584 2597 ἐφετοῖς
2643 2521 2800 2591 ἡμῖν’
2837 2515 2957 2572 ἔνθα
3015 2515 3072 2571 δὲ
3105 2515 3132 2571 ὁ
3185 2517 3276 2588 μὲν
3326 2514 3482 2589 ὀρθὸς
3518 2511 3693 2586 λόγος
3722 2531 3839 2584 προσ

2204 2607 2450 2663 καλεῖται
2514 2607 2735 2684 βλέπειν
2787 2654 2802 2679 ,
2856 2610 2890 2676 ἡ
2951 2603 3008 2660 δὲ
3046 2605 3360 2681 προαίρεσις
3416 2598 3743 2658 ἀναστέλλει
3788 2599 3838 2651 τὸ

2206 2699 2426 2752 ὀπτικὸν
2475 2697 2512 2766 ἢ
2551 2697 2685 2752 κατὰ
2724 2695 2920 2774 ἔχθραν
2971 2695 3008 2765 ἢ
3057 2689 3211 2772 φόϐῳ
3259 2691 3460 2765 ζημίας
3511 2691 3546 2758 ἧ
3579 2688 3731 2744 ἀλλὰ
3758 2685 3841 2742 δτι-

2204 2787 2377 2857 πάνης
2439 2787 2655 2862 μετρίας
2689 2819 2756 2828 -—
2784 2785 2912 2840 ἀλλ’
2969 2784 3079 2839 ἐκεῖ
3133 2784 3222 2837 καὶ
3274 2785 3373 2851 τήν
3407 2779 3467 2836 ἐκ
3505 2781 3726 2855 γενετῆς
3756 2778 3841 2831 τό·

2205 2875 2432 2953 φλωσιν,
2494 2873 2640 2948 εῗίπερ
2702 2874 2813 2929 οἷόν
2870 2875 2928 2929 τέ
2985 2873 3125 2928 ἐστιν
3185 2872 3393 2937 εἰπεῖν,
3455 2867 3837 2943 ὁπερπαίομεν,

2206 2951 2397 3040 ἆρετήν
2455 2964 2516 3019 οὐ
2575 2965 2768 3040 μικρὰν
2825 2963 3098 3039 κρίναντες
3133 3007 3146 3033 ,
3207 2960 3252 3016 εί
3311 2960 3400 3014 καὶ
3482 2951 3842 3034 παραϐλῶπες

2203 3059 2680 3129 προσενεχθῶμεν.
2740 3053 2844 3109 Καὶ
2905 3054 2994 3107 ὅτε
3053 3051 3110 3106 δὲ
3169 3051 3394 3105 σκοπιὰν
3455 3048 3700 3120 θώμεθα,
3751 3046 3840 3111 τήν

2205 3141 2311 3197 εἷ’τε
2359 3145 2652 3218 σωτήριον,
2708 3142 2798 3197 ὅτε
2855 3143 2986 3213 ὑπὲρ
3046 3139 3220 3219 φίλων
3279 3139 3504 3215 γίνεται,
3564 3135 3672 3190 εἴτε
3725 3132 3841 3188 61e-

450 3217 707 3272 tenebris
764 3219 924 3291 digni
974 3221 1077 3276 ﬁlii
1136 3225 1332 3292 timus,
1381 3227 1478 3282 ubi
1539 3245 1608 3284 ne
1667 3234 1818 3284 Deus
1873 3230 1930 3283 in
1985 3247 2090 3286 nos

458 3307 650 3328 “ﬂ.”
970 3313 980 3322 .
1154 3316 1165 3328 .
1360 3318 1372 3328 .
1943 3321 2003 3328 λ.
2053 3321 2085 3328 ._

2203 3230 2493 3305 θρίαν,ὅτε
2547 3230 2609 3286 τὸ
2667 3230 2957 3302 ἀνάπαλιν,
3007 3233 3105 3284 τοῦ
3165 3228 3259 3302 μὲν
3313 3228 3559 3328 πρώτου..
3578 3222 3844 3328 3910931,-

452 3307 652 3363 oculos
683 3310 1022 3392 vertit'quia
1052 3316 1289 3370 verbum
1322 3318 1449 3388 ejus
1481 3335 1595 3374 non
1628 3337 1912 3383 veremur,
1941 3321 2090 3376 Dixit

2203 3314 2441 3392 νόμενοι,
2475 3317 2529 3383 ἐς
2582 3319 2774 3396 ἀγαθὸν
2831 3317 3126 3396 βλέπομεν·
3191 3314 3481 3387 ζηλοῦντες
3531 3311 3589 3368 δὲ
3632 3313 3689 3366 τὸ
3739 3309 3845 3365 δεύ-

450 3397 607 3452 enim
639 3415 702 3452 se
735 3387 878 3455 tales
910 3401 1177 3460 homines
1209 3387 1559 3462 intuiturum
1592 3425 1719 3465 esse
1741 3409 1894 3465 sicut
1925 3410 2090 3464 mites

2203 3387 2354 3484 τερον
2386 3453 2403 3480 ,
2430 3387 2580 3464 ἄλλα
2624 3387 2746 3463 τότε
2775 3387 2883 3483 ούχ
2915 3455 2930 3481 ,
2963 3387 3036 3470 ὡς
3071 3409 3098 3462 ὁ
3129 3407 3257 3503 θεὸς
3291 3403 3462 3461 ἐθέλει
3500 3447 3514 3470 ,
3553 3400 3840 3503 βλέπομεν

451 3489 507 3541 et
535 3488 887 3559 tranquillos
918 3496 975 3546 et
1005 3493 1266 3563 quiillud
1291 3497 1596 3553 observant
1631 3514 1643 3553 :
1680 3522 1706 3549 «
1734 3499 1842 3564 Qui
1875 3504 1990 3555 stat
2011 3499 2090 3554 vi-

2204 3497 2362 3554 Οὕτω
2413 3495 2470 3552 δὲ
2506 3497 2617 3567 καὶ,
2654 3498 2742 3552 ὅτε
2797 3499 2871 3570 μὴ
2922 3496 2975 3559 ἐς
3025 3494 3289 3571 ἀγγέλους
3341 3496 3658 3596 μιμητικῶξ
3697 3491 3842 3596 ήμξς

451 3574 586 3630 deat
612 3593 683 3631 ne
713 3578 899 3634 cadat.
936 3602 965 3631 »

620 3661 710 3682 ω.
1037 3669 1049 3682 .
1194 3667 1211 3682 .
1294 3675 1321 3682 η
1449 3673 1462 3682 .
1540 3679 1561 3682 μ
1756 3674 1765 3682 .
2048 3672 2087 3682 -.

2203 3587 2402 3648 αὐτοὺς
2433 3587 2721 3662 ἀνάγομεν,
2784 3584 3047 3656 διηνεκῶς
3098 3585 3284 3640 τὸτοῦ
3333 3583 3544 3657 Πατρὸς
3596 3585 3698 3634 τῶν
3732 3577 3839 3682 φώ-

2550 3661 2555 3662 r
3797 3665 3810 3682 \

448 3683 555 3716 των
619 3661 938 3737 βλέποντες,
998 3667 1364 3746 εύαγγελικῶς
1421 3673 1607 3742 εἰπεῖν,
1663 3674 1978 3748 πρόσωπον,
2035 3672 2182 3729 ἀλλὰ
2225 3676 2334 3730 τῶν
2389 3680 2486 3730 τοῦ
2544 3677 2768 3737 σκότους
2827 3675 2983 3747 ὁξίων
3041 3675 3321 3750 γινόμεθα·
3355 3673 3477 3776 ίξτες
3508 3667 3695 3776 063:6,
3721 3673 3840 3721 8:0:

452 3750 530 3776 1--»
563 3754 706 3776 Χηνέα
772 3752 862 3776 n‘i!
1063 3757 1076 3775 ς
1235 3761 1248 3776 ι
1380 3760 1390 3776 ι
1703 3767 1709 3776 ι
1827 3763 1839 3776 ς
1917 3768 1940 3776 .-
2003 3762 2020 3776 ς
2055 3764 2065 3776 ι
2246 3765 2309 3776 ..--
2461 3765 2472 3776 ι
2574 3765 2589 3776 ς
2639 3766 2651 3776 ι
2846 3763 2858 3776 ι
3034 3765 3046 3776 ο
3090 3765 3113 3776 Α
3178 3765 3189 3776 ι
3401 3762 3442 3776 ,ι

451 3750 530 3827 ἐφ’
561 3754 708 3824 ἡμᾶς
772 3752 981 3828 βλέπει,
1045 3757 1119 3820 ὠς
1179 3761 1256 3832 μή
1304 3760 1603 3834 τρέμοντας
1658 3767 1748 3818 τὸν
1784 3763 1944 3818 αὐτοῦ
2003 3762 2184 3839 λόγον.
2246 3765 2384 3842 Ἔφη
2417 3765 2538 3840 γὰρ,
2571 3765 2655 3819 ἐπὶ
2709 3763 2991 3859 τοιούτους
3025 3765 3337 3859 ἀνθρώπους
3366 3757 3581 3859 ἐθέλειν,
3609 3755 3840 3859 βλέπειν,

449 3841 587 3894 καθὰ
614 3842 704 3895 καὶ
736 3843 823 3897 ἐπὶ
853 3844 980 3909 τοὺς
1014 3849 1247 3924 πρᾴους,
1280 3852 1365 3905 καὶ
1399 3852 1688 3928 ἡσυχίους,
1744 3855 1832 3908 καὶ
1867 3852 1995 3916 τοὺς
2027 3841 2331 3930 φυλάσσειν
2373 3851 2582 3916 εἷ’δότας
2623 3854 2686 3909 τὸ
2717 3879 2745 3906 (ι
2773 3854 2831 3910 Ὀ
2891 3850 3064 3908 δοκῶν
3123 3852 3357 3921 ἑστάναι,
3417 3847 3666 3925 βλεπέτω
3697 3889 3712 3916 ν
3771 3864 3842 3917 μη

449 3929 603 4003 πέσῃ.
634 3953 662 3982 ››

527 4057 616 4110 34.
650 4057 717 4111 Et
749 4059 832 4113 sic
865 4060 986 4116 haec
1018 4079 1080 4118 se
1113 4063 1346 4121 habent.
1399 4067 1457 4123 Si
1489 4072 1680 4124 autem
1715 4070 1786 4124 ad
1830 4069 2096 4125 auditum

455 4145 833 4215 quaestionem
891 4151 1091 4218 vertis,
1141 4169 1212 4208 ne
1243 4156 1509 4211 auditum
1543 4158 1780 4229 quidem
1813 4159 1965 4213 sicut
1995 4176 2099 4231 par

452 4234 902 4304 est,recolimus,
937 4241 1036 4295 sed
1071 4258 1242 4299 aures
1266 4242 1561 4315 laudibus,
1595 4247 1922 4318 plausibus,
1954 4265 2094 4303 can-

455 4321 636 4390 tibus,
666 4326 862 4397 nugis,
897 4329 1014 4385 imo
1045 4331 1430 4404 blasphemiis
1477 4336 1875 4404 obtendimus,
1918 4342 2095 4410 atque

452 4412 855 4470 adulatoribus
878 4421 942 4472 ut
966 4435 1064 4475 eas
1082 4421 1276 4490 pravis
1296 4424 1666 4479 sermonibus
1686 4427 2092 4496 transfodiant,

453 4502 502 4557 si
534 4503 731 4559 velint.
771 4504 1020 4561 Verbum
1069 4508 1300 4566 Domini
1335 4511 1688 4579 fastidimns,
1725 4515 1879 4570 unde
1910 4515 2093 4571 fames

454 4608 560 4647 nos
594 4594 807 4665 premit
837 4612 967 4651 cum
1001 4614 1184 4669 eaque
1209 4599 1341 4656 sitis
1370 4602 1545 4657 verba
1565 4601 1761 4657 divina
1781 4602 2089 4661 audiendi:

2279 4065 2379 4124 λδ’.
2414 4069 2513 4123 Καὶ
2559 4067 2714 4123 οὕτω
2771 4068 2863 4140 μὲν
2916 4071 3102 4123 ταῦτα.
3163 4065 3227 4123 Ei
3284 4062 3341 4119 δὲ
3387 4063 3503 4139 χρὴ
3552 4058 3844 4134 πλαγιάσαι

2206 4158 2283 4221 εἷς
2336 4159 2435 4226 τὴν
2499 4158 2689 4227 ἀκοὴν,
2723 4154 2848 4212 οὐδὶ
2907 4157 3075 4224 αὐτὴν
3134 4158 3526 4229 συντηροῦμεν,
3585 4151 3657 4211 ὡς
3699 4147 3843 4220 ἔπρε-

2204 4265 2320 4300 πεν·
2354 4244 2480 4300 ἀλλ’
2539 4244 2781 4308 ἐπαίνοις
2834 4245 2926 4318 μὲν
2983 4244 3071 4300 xui
3127 4243 3417 4320 κροτάλοις
3474 4242 3564 4296 καὶ
3623 4237 3840 4312 μούσαις

2207 4331 2433 4406 ᾠδικαῖς
2486 4333 2574 4390 xui
2632 4333 3031 4407 εὐτραπελίαις,
3065 4330 3174 4403 ἤδη
3235 4330 3292 4387 δέ
3343 4352 3450 4386 που
3480 4329 3572 4384 καὶ
3610 4325 3842 4404 βλασφή-

2207 4444 2330 4496 μοις
2363 4420 2548 4499 λόγοις
2599 4421 2776 4493 ἠδὲως
2815 4421 3133 4496 ἐκδιδόαμεν
3179 4421 3272 4483 τὰς
3301 4420 3496 4492 ἀκοὰς,
3539 4419 3628 4473 καὶ
3661 4415 3841 4484 κόλαξι

2205 4510 2262 4566 δὲ
2333 4511 2728 4587 παρατιθέαμεν
2808 4512 2970 4575 αὐτας
3005 4556 3021 4585 ,
3077 4513 3150 4574 ὡς
3208 4510 3297 4566 καὶ
3354 4511 3735 4580 κατατρυπᾷν,
3793 4501 3838 4556 εἷ

2205 4600 2516 4677 βούλοιντο,
2547 4602 2636 4656 καὶ
2694 4601 2989 4678 ἀνευρύνειν
3044 4600 3118 4662 εἷς
3146 4601 3208 4655 τὸ
3267 4597 3491 4678 φαύλως
3540 4595 3838 4656 ἀκούεσθαι.

453 4680 706 4737 Verbum
728 4682 959 4739 Domini
993 4691 1188 4742 autem
1222 4705 1334 4744 non
1368 4690 1498 4746 dico
1528 4691 1586 4746 id
1621 4690 1834 4760 solum,
1859 4693 2010 4762 quod
2035 4692 2090 4747 in

2204 4691 2374 4765 Λόγον
2411 4689 2469 4746 δὲ
2496 4692 2697 4767 Κυρίου
2745 4691 2956 4746 ἀκούειν
3014 4690 3300 4762 ὀκνοῦμεν,
3333 4686 3451 4743 ὅθεν
3501 4685 3592 4740 xui
3623 4687 3651 4740 ὁ
3681 4681 3836 4774 λιμὸς

451 4771 760 4844 Evangelio
791 4778 848 4828 et
878 4774 936 4829 in
991 4777 1212 4832 caeteris
1255 4779 1652 4851 apostolorum
1685 4780 1921 4853 scriptis
1952 4781 2094 4853 legi-

447 4864 562 4930 tur,
599 4862 698 4917 ubi
756 4862 972 4920 Paulus
1004 4867 1302 4937 apostolus
1353 4869 1579 4924 Domini
1614 4869 1874 4942 loquitur
1903 4875 1959 4926 et
1989 4870 2090 4941 qui

449 4948 624 5004 simul
677 4967 810 5006 cum
865 4970 932 5008 eo
992 4952 1167 5010 locuti
1227 4962 1388 5025 sunt,
1445 4975 1577 5014 cum
1636 4960 1937 5032 gravitate,
1987 4960 2089 5015 sed

447 5037 504 5091 id
562 5040 734 5094 etiam
789 5043 943 5114 quod
1002 5043 1059 5099 in
1111 5047 1334 5102 caeteris
1395 5048 1620 5105 nuntiis
1677 5067 1742 5105 ac
1791 5050 2089 5122 magistris

449 5127 663 5185 divinis
721 5131 1033 5190 invenitur.
1093 5135 1306 5192 Omnes
1385 5137 1542 5194 enim
1622 5156 1686 5194 os
1761 5140 1861 5195 Dei
1928 5144 2085 5210 sunt,

450 5223 515 5274 ut
569 5218 744 5275 etiam
823 5222 1238 5294 prophetarum
1310 5226 1544 5284 chorus.
1619 5229 1840 5284 Idcirco
1907 5230 2084 5285 etiam

441 5309 684 5365 verbum
745 5327 813 5365 ex
866 5311 1073 5370 talium
1125 5315 1382 5372 virorum
1433 5334 1551 5384 ore,
1581 5319 1823 5373 verbum
1859 5318 2086 5374 Domini

446 5403 555 5465 est,
613 5417 718 5456 nec
766 5401 981 5472 solum,
1017 5405 1115 5461 sed
1169 5406 1356 5478 quivis
1392 5424 1582 5464 sermo
1613 5407 1933 5464 Dominicis
1964 5425 2085 5464 ser-

445 5490 722 5547 monibus
780 5491 1014 5562 similis,
1065 5495 1512 5570 quibuscunque
1567 5496 1738 5555 labiis
1770 5498 2082 5570 profertur.

443 5581 646 5650 Itaque
702 5580 974 5639 indocilis
1029 5582 1126 5640 ille
1180 5588 1354 5644 verbo
1411 5587 1645 5644 Domini
1704 5602 1876 5645 aures
1913 5587 2083 5644 obtu-

444 5667 596 5724 ravit
623 5672 679 5728 et
707 5671 998 5730 sententia
1025 5675 1359 5748 evangelica
1395 5677 1456 5734 in
1503 5693 1639 5736 cum
1683 5693 1918 5752 quoque
1947 5693 2083 5736 san-

2204 4783 2340 4854 ἡμῖν
2394 4779 2690 4857 ἐπεισφρεῖ,
2751 4779 3060 4856 συντρέχων
3116 4783 3193 4851 τῷ
3235 4776 3388 4850 λιμῷ
3415 4783 3516 4846 τῆς
3546 4780 3654 4830 τῶν
3687 4770 3832 4827 θείων

2204 4868 2386 4945 λόγων
2444 4871 2630 4940 ἀκοῆς.
2692 4893 2720 4921 ‹‹
2779 4869 2949 4946 Λόγον
3011 4894 3038 4920 ››
3094 4866 3152 4923 Et
3204 4867 3351 4922 εἶπον
3385 4892 3414 4919 (ι
3446 4865 3668 4939 Κυρίου,
3703 4887 3719 4912 ι
3753 4861 3832 4933 μή

2207 4959 2368 5032 μόνον
2400 4959 2494 5014 τὸν
2548 4958 2598 5013 ἐν
2627 4965 2744 5023 τοῖς
2792 4959 2958 5033 ἱεροῖς
2989 4955 3366 5034 Εὐαγγελίοις,
3399 4961 3520 5016 τοῖς
3565 4975 3624 5008 τε
3651 4949 3836 5009 ἄλλοις

2197 5054 2312 5110 τοῖς
2338 5047 2743 5121 ἁποστολικοῖς,
2776 5046 2888 5124 εἷ’γε
2916 5048 3007 5104 xui
3051 5047 3268 5110 Παῦλος
3309 5043 3615 5101 ἀπόστολος
3646 5036 3837 5112 Κυρίου

2201 5136 2637 5214 σεμνολογεῖται,
2698 5138 2774 5201 ὡς
2830 5139 2920 5193 καὶ
2979 5137 3137 5199 αὐτὸς
3187 5136 3561 5215 ἀποφαίνεται,
3612 5128 3834 5186 ἁκολοῦ-

2200 5238 2308 5290 θως
2341 5225 2398 5282 δὲ
2427 5227 2516 5282 καὶ
2549 5228 2600 5282 οἱ
2629 5228 2746 5283 κατ’
2772 5227 2930 5282 αὐτόν
2963 5247 2976 5261 ο
3010 5225 3156 5282 ἀλλὰ
3203 5226 3293 5281 καὶ
3341 5225 3432 5280 τὸν
3483 5223 3536 5278 ἐν
3562 5227 3671 5282 τοῖς
3705 5216 3830 5272 λοι-

2197 5322 2322 5382 ποῖς
2353 5317 2519 5380 θείοις
2551 5318 2745 5394 κήρυξι
2799 5317 2888 5372 καὶ
2949 5314 3311 5378 διδασκάλοις.
3351 5315 3538 5388 Στόμα
3587 5311 3680 5388 γὰρ
3729 5306 3832 5361 αὖ-

2195 5407 2278 5462 τοῖ
2308 5406 2500 5469 πάντες
2548 5407 2765 5481 Κυρίου,
2799 5408 2935 5462 καθὰ
2989 5406 3080 5462 xui
3135 5406 3199 5462 τὸ
3256 5403 3590 5482 προφητικὸν

2193 5497 2291 5551 Καὶ
2343 5497 2522 5552 τοίνυν
2579 5498 2666 5552 xui
2701 5497 2729 5552 ὁ
2760 5496 2820 5552 ἐκ
2870 5496 3132 5553 τοιούτων
3185 5496 3471 5569 στομάτων
3529 5491 3682 5565 λόγος
3713 5492 3828 5541 Κυ-

2195 5584 2319 5661 ρίου
2376 5585 2564 5663 λόγος,
2610 5589 2700 5643 καὶ
2758 5587 2820 5642 ού
2855 5586 3019 5662 μόνος
3068 5585 3249 5655 αὐτὸς,
3300 5583 3447 5640 ἀλλᾶ
3483 5583 3569 5639 xui
3598 5579 3734 5655 εἴπερ
3769 5577 3828 5650 ἐξ

2195 5673 2533 5752 οἱασδήτινος
2563 5675 2822 5756 γλώσσης
2845 5678 3142 5754 ἀπηχεῇαι
3175 5673 3344 5732 λαλιὰ
3373 5673 3652 5755 σύμφωνος
3695 5673 3827 5730 τοῖς
