4114 6200
494 357 610 416 707

1264 353 1688 417 EUSTATBll
1731 353 2499 416 THESSALONICENSIS
2545 354 3128 420 METROPOLITIE

3786 366 3913 427 708

492 489 681 544 litudo
712 489 960 545 aliorum
993 505 1126 544 eum
1159 488 1434 544 alliceret.
1470 487 1615 542 Mihi
1648 492 1843 544 autem
1867 487 1964 559 qui
2007 488 2122 543 tali:

2256 483 2409 541 ἓλεον
2450 485 2624 542 ἐθέλει
2674 485 3014 566 ἐφέλκεσθαι,
3063 489 3301 546 ὀδόντων
3366 494 3460 566 μὲν
3501 497 3648 571 τάχα
3677 518 3792 553 που
3825 498 3912 554 ἐκ-

497 585 585 634 est
615 579 843 634 videtur
871 579 1180 633 auditurus
1227 577 1371 631 illud
1429 593 1593 632 esse:
1651 579 1711 632 In
1766 595 1952 633 annos
1982 577 2139 632 haud

500 669 673 732 venit,
735 669 1022 737 siquidem
1091 672 1442 738 praematura
1511 671 1690 721 morte
1739 674 1973 738 ereptus
2028 672 2135 722 est.

499 758 875 828 Supponatur
903 755 1116 825 aliquis
1148 756 1344 810 ebrius
1395 755 1515 826 qui,
1576 771 1710 808 cum
1754 755 2140 810 fundamenta

497 849 708 902 domus
739 846 866 914 ejus
897 845 1180 898 subversa
1210 849 1367 907 sunt,
1396 843 1642 914 pedibus
1661 848 1815 897 stare
1847 860 1957 898 non
1988 844 2141 898 valet

496 936 570 988 ob
599 935 924 1000 cerebrum,
983 932 1158 1003 pedes
1216 937 1274 986 et
1325 937 1519 1001 caput,
1556 947 1682 1002 quae
1715 931 1866 985 male
1896 932 2136 987 habent.

489 1023 804 1076 Anl'eratur
833 1037 902 1075 ex
949 1036 1047 1074 ore
1101 1021 1391 1091 quidquid
1425 1020 1694 1074 odiosum
1723 1038 1736 1086 ;
1771 1019 1971 1091 lingua
2004 1038 2136 1088 pur-

490 1116 656 1180 getur
686 1109 959 1165 sordibus
988 1109 1244 1179 polluta;
1279 1109 1653 1178 duplicentur
1689 1109 1746 1162 in
1790 1109 1977 1164 oculis
2010 1127 2137 1181 quae

491 1204 810 1254 cernuntur
865 1204 921 1252 et
977 1197 1059 1252 sic
1113 1197 1266 1253 male
1325 1199 1712 1252 retineantur.
1749 1197 1911 1253 Mens
1942 1204 2136 1253 autem

489 1287 828 1355 huiusmodi
856 1285 962 1340 viri
995 1302 1140 1340 sana
1169 1285 1265 1349 sit,
1299 1290 1354 1340 et
1411 1284 1614 1354 lingua
1667 1287 2001 1340 errabunda
2047 1304 2140 1342 res

489 1377 717 1432 debitas
776 1375 938 1430 tenui
991 1391 1128 1429 voce
1173 1374 1419 1441 effutiat,
1455 1379 1519 1428 ut
1574 1374 1736 1429 nullo
1771 1377 1958 1430 facere
1983 1377 2138 1430 vide-

487 1481 642 1519 mus.
677 1465 784 1529 Qui
830 1463 1012 1534 igitur
1059 1464 1215 1533 quod
1252 1463 1414 1517 audit
1465 1464 1622 1534 parvi
1679 1465 1834 1529 facit,
1904 1465 2138 1534 quando

489 1553 832 1624 resipiscere
853 1553 1023 1621 coepit
1054 1568 1158 1606 nec
1200 1551 1371 1622 plane
1418 1551 1618 1606 ebrius
1677 1557 1783 1622 est,
1837 1551 2004 1608 valde
2036 1569 2140 1607 su-

487 1643 700 1714 perbit.

493 1736 616 1802 μοῖς
669 1729 736 1784 τὰ
792 1730 1064 1803 ὁρώμενα,
1129 1728 1217 1783 καὶ
1269 1729 1414 1782 οὕτω
1471 1724 2003 1803 παραϐλεπὲσθωσάν
2043 1749 2056 1762 ⁸

2250 577 2639 650 κεκρουσμένη,
2688 576 3020 649 ἐμπιπλῶσα
3054 577 3110 634 δὲ
3139 581 3199 634 τὸ
3230 581 3408 654 στόμα
3438 584 3862 657 θεοκλυτῆσεως
3896 607 3909 621 ·

2248 665 2276 718 6
2317 663 2494 718 τοίνυν
2535 666 2611 736 μή
2664 666 2822 735 ἀξιῶν
2880 667 3018 742 πρὸς
3065 667 3199 742 αὐτῇ
3249 670 3342 724 τὸν
3396 677 3519 727 νοῦν
3568 671 3744 750 ἔχειν,
3791 678 3913 734 οὔτε

2249 753 2376 806 Θεὸν
2430 748 2766 822 εὐλαϐεῖται,
2813 756 2900 808 καὶ
2952 754 3076 810 οὐδὲ
3125 757 3420 832 καραδοκεῖ
3474 748 3729 832 θάνατον,
3799 769 3913 838 μή-

2248 862 2380 895 ποτε
2431 839 2488 894 δὲ
2546 840 2669 896 οὐδὲ
2767 851 2826 877 ”’”
2965 844 3028 901 E2
3121 847 3132 863 “
3226 847 3284 902 ἐλ
3336 848 3350 867 “
3477 849 3490 870 ’
3539 853 3552 868 “
3660 853 3673 874 ⁸
3741 853 3751 872 ’

2725 865 2920 919 γημας.
3022 867 3176 922 ,γαρ
3293 869 3384 912 πις
3433 872 3592 906 αυτον
3654 873 3915 910 υπεσαινε

2247 929 2676 1005 γηραλεὸτητος,
2737 931 2913 1007 ἐφίλει
2969 933 3030 988 ἂν
3081 937 3143 990 τὸ
3197 937 3550 1008 ὁμοιοπαθὲς.
3603 942 3703 995 Καὶ
3751 946 3911 1016 οἶμαι

2249 1017 2494 1073 ἀκούσειν
2545 1015 2668 1094 ἔχοι
2720 1022 2881 1076 ποθὲν
2931 1023 3019 1077 καὶ
3071 1025 3102 1078 6
3145 1030 3395 1088 τοιοῦτος
3453 1028 3517 1082 τὸ
3554 1049 3575 1078 ι
3630 1031 3708 1101 μὴ
3765 1030 3914 1106 ὥρας

2243 1104 2445 1178 ἵκοιτο,
2498 1131 2527 1158 ››
2581 1108 2708 1163 ἀλλ’
2761 1108 3098 1186 ἐκθερισθείη
3177 1113 3454 1190 πρόωρος.
3515 1104 3915 1175 Ὑποτεθείσθω

2248 1217 2330 1258 τις
2374 1195 2462 1250 καὶ
2525 1197 2755 1269 μεθύων,
2803 1198 2931 1263 τοῦς
2979 1200 3266 1272 θεμελίους
3313 1208 3411 1258 τοῦ
3456 1207 3595 1261 κατᾶ
3641 1212 3809 1280 σῶμα
3831 1231 3917 1265 σε-

2252 1283 2581 1356 σαλευμένος
2613 1281 2788 1359 οἷ’κου,
2842 1288 2931 1341 καὶ
2978 1288 3078 1342 οὐκ
3125 1286 3267 1365 ἔχων
3317 1291 3394 1354 εἷς
3440 1292 3604 1368 όρθὸν
3637 1293 3912 1369 ἵστασθαι,

2249 1374 2311 1427 τὸ
2383 1373 2631 1449 ὐπερῳον
2707 1379 3188 1450 κατασεσεισμένος
3263 1379 3475 1454 (ἐκεῖνοι
3565 1384 3667 1456 μὲν
3727 1383 3914 1459 πόδες,

2247 1466 2408 1516 τοῦτο
2454 1460 2510 1516 δὲ
2559 1463 2792 1540 κεφαλή)
2822 1484 2836 1498 ⁸
2888 1466 3246 1544 ἀποφερὲσθω
3299 1474 3395 1524 τοῦ
3453 1472 3739 1545 στόματος
3769 1474 3917 1531 πολὺ

2250 1550 2310 1637 τὸ
2343 1547 2525 1620 ἀηδὲς,
2560 1553 2949 1631 παραφερὲσθω
2997 1558 3031 1624 ἡ
3084 1555 3310 1630 γλῶσσα
3357 1559 3584 1635 φαύλως
3627 1562 3911 1637 ἐγκολυμ-

2251 1634 2418 1694 ϐοῦσα
2472 1640 2744 1704 τοιούτοις
2799 1643 3067 1718 ῥεύμασι,
3117 1634 3495 1715 δυαζεσθωσαν
3540 1634 3677 1715 τοῖς-
3707 1634 3915 1730 ὀφθαλ-

2118 1731 2148 1783 6'
2207 1733 2329 1790 νοῦς
2382 1725 2440 1782 δὲ
2503 1729 2654 1802 ὅμως
2714 1735 2794 1802 τῷ
2823 1732 3058 1806 τοιούτῳ
3090 1733 3369 1810 ἐρῥώσθω,
3415 1738 3506 1792 καὶ
3555 1725 3915 1799 ὑπολαλείτω

484 1817 970 1892 παρακόπτουσαή
1024 1816 1247 1892 γλῶσσα
1303 1818 1369 1872 τὰ
1415 1815 1624 1886 δέοντα,
1679 1818 1902 1878 ὁποίους
1947 1816 2195 1879 πολλοὺς
2245 1816 2526 1878 τοιούτους
2576 1819 2893 1891 τεθεάμεθα.
2953 1823 3014 1879 Ὀ
3061 1828 3188 1899 γοῦν
3239 1823 3532 1895 ἐξουθενῶν
3590 1829 3660 1884 τὸ
3718 1831 3914 1888 ἀκουό-

491 1927 673 1980 μενον,
709 1907 852 1961 ὀκνῶ
875 1907 1066 1975 εἰπεῖν,
1100 1903 1249 1978 εἶ’περ
1286 1906 1581 1981 ἐγρήγορεν
1607 1905 1685 1968 εἴς
1716 1905 2008 1982 νηφάλιον,
2033 1906 2121 1960 καὶ
2158 1907 2234 1978 μὴ
2264 1906 2445 1977 μεθύει
2478 1904 2622 1961 πολὺ
2651 1907 2714 1962 τὸ
2747 1908 3056 1986 ἀγέρωχον.

542 2017 645 2070 37.
679 2015 783 2070 Sed
817 2013 1199 2107 cur‘longius‘
1245 2013 1305 2068 in
1337 2015 1542 2084 coeptis
1602 2015 1748 2107 meis
1771 2015 2082 2107 procedam
2111 2015 2139 2068 ‘2
2166 2043 2213 2107 B

484 2105 600 2160 Cur
629 2121 744 2159 non
774 2102 969 2158 verbis
1001 2103 1146 2156 meis
1170 2102 1346 2156 finem
1377 2103 1677 2174 imponam
1708 2101 1735 2157 ?
1763 2103 1819 2156 Si
1853 2102 2006 2158 enim
2040 2108 2126 2158 ta-

484 2193 642 2250 libus
673 2208 842 2248 aures
875 2196 1014 2246 sunt
1043 2192 1384 2261 praebendas,
1410 2192 1696 2261 quomodo
1746 2209 1858 2246 non
1918 2192 1968 2246 ei
2029 2192 2125 2261 qui

485 2299 690 2338 omnes
721 2281 1001 2352 superat?
1030 2281 1124 2334 Sic
1148 2286 1342 2334 autem
1373 2281 1590 2335 scimus
1622 2281 1888 2335 omnium
1921 2283 2116 2353 caput,

483 2372 668 2428 Deum
701 2370 965 2441 inquam,
1011 2368 1220 2435 recoli;
1255 2371 1302 2422 si
1362 2370 1634 2424 sensibus
1675 2370 1892 2426 nostris
1949 2371 2123 2425 ﬁnem

481 2458 834 2514 laudabilem
872 2457 1323 2529 praescribimus,
1349 2474 1588 2528 scopum
1623 2463 1782 2528 puta,
1844 2459 1914 2512 ad
1948 2476 2120 2530 quem

483 2565 687 2604 omnes
719 2547 817 2618 qui
847 2545 1170 2600 secundum
1203 2545 1385 2599 Deum
1411 2545 1988 2614 vivunt,visunt.Nou
2038 2551 2123 2602 est

481 2636 750 2691 hiclncus
775 2635 1068 2690 hominem
1086 2633 1407 2688 secundum
1435 2633 1680 2704 populos
1699 2634 2122 2705 distinguendi,

481 2741 663 2795 quare
685 2728 912 2776 tantum
947 2723 1016 2776 de
1047 2725 1259 2776 nostris
1286 2721 1472 2776 aetatis
1516 2721 1754 2777 homine
1813 2739 2000 2793 graeco
2059 2740 2124 2778 ac

479 2811 729 2865 barbaro
753 2810 1108 2864 mentionem
1159 2807 1388 2862 faciam.
1427 2807 1652 2879 Lingua
1707 2812 1901 2864 autem
1941 2825 2126 2879 graeca

482 2900 818 2970 loquentem
851 2897 1074 2965 audire,
1105 2897 1408 2968 eique,ubi
1443 2913 1681 2951 necesse
1709 2903 1817 2966 est,
1867 2898 2121 2966 obedire,

481 3005 654 3044 nemo
687 2986 996 3042 recusabit.
1033 2987 1162 3056 Ipse
1211 2985 1499 3039 barbarus
1548 3001 1640 3040 res
1700 2987 1954 3041 referens
2009 3003 2123 3041 non

480 3077 840 3142 refutandas,
919 3076 991 3129 ab
1073 3073 1310 3128 arbitris
1391 3075 1607 3128 nostris
1677 3075 2120 3132 condemnatur.

478 3165 696 3220 Videns
727 3165 882 3219 enim
915 3179 976 3216 se
1006 3179 1039 3216 a
1062 3160 1230 3216 nobis
1288 3178 1403 3216 non
1452 3161 1698 3235 intelligi
1732 3163 1978 3219 barbare
2035 3163 2123 3220 lo-

480 3259 777 3327 quentem,
803 3270 835 3306 a
861 3266 1130 3307 sermone
1147 3249 1332 3320 patrio
1363 3249 1606 3317 destitit,
1641 3251 1889 3322 digitum
1923 3269 2124 3308 versus

479 3344 689 3399 cmlum
721 3341 1110 3408 tendens,Deo
1137 3338 1355 3394 caelesti
1389 3356 1497 3394 nos
1526 3341 1922 3408 commendat,
1953 3347 2009 3396 et
2039 3343 2124 3399 sic

478 3430 833 3502 theologiam
890 3432 1116 3484 exercet
1145 3428 1440 3483 innuendo
1473 3427 1842 3484 Altissimum
1867 3448 2005 3486 suae
2034 3432 2118 3502 ip-

480 3521 606 3576 sius
626 3535 824 3591 preces
853 3517 1146 3573 exaudire.
1181 3516 1238 3570 Si
1279 3517 1462 3588 igitur
1517 3518 1848 3586 obedimus,
1896 3521 2124 3576 miseri-

477 3609 732 3666 cordiam
766 3608 1025 3662 divinam
1057 3622 1509 3676 recuperamus;
1545 3608 1592 3662 si
1618 3625 1732 3663 non
1763 3611 2124 3682 obtempera-

481 3715 634 3767 mus,
669 3699 727 3752 in
762 3696 1103 3753 barathrum
1135 3695 1409 3766 perniciei
1440 3695 1728 3752 cedimus.

536 4071 628 4125 38.
679 4071 738 4126 Si
796 4069 929 4141 quis
988 4068 1096 4124 hoc
1130 4067 1254 4124 loco
1289 4083 1541 4139 querens
1596 4069 1932 4142 interpellat
1960 4074 2116 4144 quod

465 4176 659 4216 sermo
691 4159 887 4230 ipsum
913 4161 970 4212 et
997 4160 1260 4211 Graecum
1311 4157 1748 4227 barbarumque
1799 4162 1866 4214 ad
1922 4162 2113 4230 justas

462 4248 912 4304 lamentationes
940 4247 1154 4318 adegit,
1190 4263 1292 4317 per
1349 4263 1441 4302 me
1497 4254 1795 4318 queratur,
1859 4250 2000 4305 illud
2053 4253 2110 4306 in

463 4339 807 4394 memoriam
833 4353 1110 4392 revocans
1133 4337 1308 4406 quod.
1333 4337 1487 4391 sicut
1518 4339 1799 4402 conservi,
1833 4341 1914 4394 ita
1934 4341 2109 4396 etiam

462 4443 816 4500 congeneres
883 4441 1092 4481 sumus
1140 4426 1212 4480 ab
1255 4442 1371 4480 uno
1431 4431 1612 4496 patre,
1677 4427 1732 4481 id
1775 4432 1863 4482 est
1921 4445 1955 4483 a
2002 4430 2110 4484 Deo

462 4521 742 4586 creatore,
766 4521 824 4571 et
853 4516 925 4571 ab
950 4532 1067 4570 una
1099 4519 1465 4580 matre,terra
1514 4515 1782 4586 inquam,
1815 4519 2105 4589 prognati.

456 4607 548 4662 Sic
579 4606 814 4679 quidem
838 4603 1268 4676 oppositionem
1303 4604 1435 4673 ejus
1462 4604 1798 4672 admittam,
1830 4606 1887 4660 id
1922 4624 2105 4662 unum

457 4712 704 4751 monens
729 4695 875 4765 quod
909 4693 1059 4748 circa
1087 4691 1276 4746 multa
1316 4692 1430 4746 alia
1462 4691 1631 4746 multi
1663 4710 1872 4749 sumus
1895 4695 1954 4748 in
1987 4697 2106 4750 dis-

457 4785 724 4849 serendo,
775 4781 986 4839 dubias
1018 4781 1372 4853 quaestiones
1403 4783 1803 4852 proponendo,
1832 4783 1891 4837 in
1925 4783 2107 4839 Deum

2236 4791 2429 4862 Βμοίως
2481 4794 2568 4848 καὶ
2631 4793 2717 4849 ἐπὶ
2777 4794 2963 4852 ἄλλων
3031 4799 3231 4858 πολλῶ

457 4875 652 4946 ipsum
683 4872 1051 4942 inquirentes
1082 4885 1188 4924 cur
1225 4871 1280 4924 id
1317 4885 1422 4925 nec
1476 4886 1613 4926 vero
1663 4871 1810 4926 illud
1871 4873 2106 4940 fecerit;

460 4962 570 5018 etsi
601 4962 726 5032 ipse
758 4977 871 5015 non
910 4959 1151 5014 irrideat
1199 4957 1454 5030 maligne
1486 4959 1570 5014 uti
1613 4959 1673 5014 in
1718 4961 1922 5016 multis
1952 4961 2106 5030 aliis,

460 5051 559 5106 sed
619 5049 908 5104 miserans
968 5051 1201 5102 nosmet
1247 5047 1349 5117 qui
1407 5047 1563 5102 circa
1618 5064 1769 5104 vana
1829 5051 2110 5121 profundi

461 5155 692 5198 sumus.
726 5138 804 5193 De
835 5137 925 5193 his
957 5152 1133 5207 quam
1167 5136 1514 5191 brevissime
1545 5153 1787 5206 possum
1838 5141 2106 5207 monebo,

462 5247 534 5286 ne
578 5233 784 5284 contra
826 5233 1002 5281 Deum
1052 5225 1344 5280 luctemus
1399 5230 1475 5289 et,
1534 5225 1716 5280 Deum
1768 5233 2108 5296 correcturi,

461 5317 829 5390 legislatores
851 5331 958 5370 nos
988 5329 1117 5369 esse
1157 5329 1610 5386 praesumamus,
1654 5319 1729 5383 et,
1781 5333 1896 5388 quo
1926 5317 2108 5386 lubet,

459 5408 782 5470 trahentes,
815 5420 845 5460 e
876 5404 1058 5459 servis
1108 5403 1333 5458 domini
1377 5403 1507 5458 facti
1552 5403 1611 5458 in
1647 5404 2106 5464 dominationem

459 5496 651 5566 ipsam
682 5493 1074 5549 dominemur.

2316 2025 2415 2096 λζ’.
2451 2029 2564 2084 ΙΙοῦ
2595 2026 2652 2083 δὲ
2682 2035 3035 2108 προχωρήσω
3084 2038 3179 2088 τοῦ
3233 2035 3434 2091 λοιποῦ
3471 2039 3549 2100 εἷς
3581 2039 3761 2097 πλέον
3794 2051 3910 2106 τοῖς

2247 2113 2306 2210 ἐκ
2357 2121 2466 2210 τῶν
2520 2114 2826 2210 ἐλαττόνων
2885 2120 3305 2210 ἐπιχειγήγμασι,
3362 2128 3454 2181 καὶ
3501 2129 3581 2200 μὴ
3641 2151 3910 2210 συγκεφα-

2239 2201 2547 2277 λαιώσομαι
2579 2206 2670 2260 τὸν
2703 2203 2864 2282 λόγον
2903 2228 2916 2277 ;
2949 2210 3048 2279 ὡς,
3099 2209 3212 2286 εἷ’γε
3257 2214 3535 2278 τοιούτοις
3569 2201 3909 2293 προσώποις

2238 2287 2418 2347 δοτὲον
2469 2293 2562 2354 τὰς
2614 2293 2803 2367 ἀκοὰς,
2849 2301 2926 2368 τῷ
2972 2299 3131 2352 παντὶ
3181 2299 3348 2356 πλέον
3399 2309 3514 2366 τοῖς
3544 2287 3891 2383 ἐνῖὑπερογῆ

2232 2379 2438 2434 τούτων
2466 2381 2553 2435 καὶ
2595 2383 2914 2457 κρείττοσιν.
2966 2386 3149 2449 Οὕτως
3205 2385 3430 2462 οἴδαμεν
3484 2377 3756 2466 τιμᾶσθαι

2238 2469 2491 2559 μεγίστην
2541 2472 2703 2559 ἡᾼμῶν
2752 2473 3017 2550 κεφαλὴν,
3070 2477 3159 2530 τὸν
3215 2477 3367 2549 Θεὸν,
3403 2479 3452 2535 εἷ
3499 2483 3598 2546 τὰς
3651 2484 3708 2538 ἐν
3758 2489 3890 2559 ἡμῖν

2235 2557 2511 2627 αἰσθήσεις
2565 2556 3064 2635 διοικονομούμεθα
3111 2565 3246 2640 πρὸς
3294 2566 3542 2645 ἐνάρετον
3580 2572 3775 2645 τέλος,

2232 2646 2370 2721 πρὸς
2415 2646 2470 2700 ὃν
2514 2649 2711 2702 σκοπὸν
2765 2652 2816 2704 οἱ
2863 2652 3001 2706 κατὰ
3047 2655 3174 2708 Θεὸν
3239 2656 3482 2729 βιοῦντες
3537 2661 3886 2732 τοξάζονται.

2232 2731 2562 2824 Ὑφὲλκομαι
2606 2742 2686 2809 τῷ
2743 2736 2893 2815 λόγῳ
2942 2737 3137 2795 διελεῖν
3187 2745 3303 2799 κατ’
3353 2745 3504 2810 ἔθνος
3551 2731 3648 2804 τὸν
3679 2749 3892 2824 ἄνθρω-

2233 2843 2356 2891 πον,
2407 2823 2496 2877 καὶ
2555 2825 2794 2902 ἀφορίζω
2852 2826 3120 2902 παχυλῶς
3177 2831 3255 2894 εἲς
3310 2854 3368 2888 τε
3423 2837 3514 2890 τὸν
3572 2840 3702 2903 καθ’
3747 2823 3896 2914 ἡμεῖς

2231 2909 2479 3000 Ἕλληνα
2509 2914 2597 2966 καὶ
2639 2914 2716 2976 εἷς
2767 2912 3198 2992 βάρϐαρον.Καὶ
3256 2920 3516 2997 γλώσσης
3568 2927 3667 2998 μὶν
3723 2909 3897 3000 ἑλλη-

2232 2999 2486 3068 νιζούσης
2517 3001 2727 3056 ἀκούειν
2777 3005 2865 3057 καὶ
2916 3004 3224 3080 ὑπακούειν,
3266 3005 3386 3065 ἔνθα
3428 3008 3552 3068 ϐἑον
3583 3014 3760 3084 ἐστὶν,
3794 3019 3892 3074 οὐκ

2234 3086 2292 3142 ἂν
2336 3088 2642 3167 ἀποφάσκοι
2665 3113 2745 3154 τις
2782 3113 2794 3125 ·
2826 3094 2854 3147 6
2899 3090 2955 3148 δὲ
3004 3089 3300 3172 ϐάρϐαρος,
3357 3097 3541 3156 λαλῶν
3575 3107 3665 3160 καὶ
3705 3107 3892 3181 αὐτὸς,

2235 3176 2333 3231 ὅσα
2381 3178 2479 3232 οὐκ
2534 3177 2595 3232 ἂν
2652 3177 2762 3234 δέοι
2837 3184 3260 3260 παρακούεσθαι,
3326 3189 3415 3243 καὶ
3478 3192 3556 3263 μή
3615 3176 3889 3267 εὑρισκων

2233 3265 2585 3338 ἐπιστροφὴν,
2633 3269 2943 3345 κατάκρισιν
2989 3273 3211 3346 ἐμποιεῖ
3266 3279 3355 3332 καὶ
3403 3279 3566 3346 αὐτὸς
3619 3265 3778 3360 παρὰ
3817 3294 3894 3360 τῷ

2153 3401 2195 3468 C
2233 3360 2430 3418 κοινῶς
2460 3353 2772 3412 διαιτῶνται
2795 3365 2913 3422 τοῖς
2944 3364 3060 3415 καθ’
3109 3367 3276 3436 ἡμᾶς.
3337 3366 3518 3432 Εἰδὼς
3547 3373 3674 3446 γὰρ,
3705 3353 3800 3430 δτι
3831 3353 3891 3431 ού

2236 3445 2269 3468 Γ,
2296 3443 2442 3468 ,,!-,,-
2540 3447 2560 3468 ,?
2657 3449 2685 3468 n
2867 3449 2911 3468 Ιυ
3103 3451 3118 3468 \
3175 3453 3187 3468 π
3375 3456 3386 3468 ι
3526 3467 3535 3468 κ
3674 3460 3688 3468 .
3759 3464 3769 3468 -

2234 3443 2498 3517 ξυνίεμεν,
2532 3447 2604 3499 ὢν
2657 3449 2981 3521 βατταρίζει,
3029 3451 3120 3506 καὶ
3163 3453 3433 3531 ἀπογνοὺς
3481 3443 3584 3529 τῆς
3624 3443 3895 3526 πλείονος

2238 3527 2711 3610 βαρϐαροφωνίας,
2765 3536 3020 3593 ἀνατείνει
3109 3527 3372 3599 δάκτυλον
3449 3527 3546 3609 ὡς
3581 3549 3663 3612 εἰς
3727 3553 3893 3608 αὐτὸν

2233 3620 2480 3695 οὐρανὸν,
2521 3624 2610 3678 καὶ
2659 3624 2973 3697 ἀνατίθησιν
3028 3631 3176 3703 ἡμᾶς
3223 3637 3302 3705 τῷ
3345 3634 3579 3710 ούρανιῳ
3629 3643 3890 3714 Θεῷ,καί

2232 3709 2373 3763 οὕτω
2407 3709 2679 3788 θεολογεῖ,
2738 3713 2973 3785 ἐπήκοον
3022 3721 3120 3788 τῆς
3169 3720 3331 3777 αὐτοῦ
3376 3722 3536 3794 λιτῆς
3578 3709 3896 3804 αἰνιττόμε-

2228 3818 2320 3860 νος
2351 3799 2480 3853 εἶναι
2508 3801 2600 3855 τὸν
2662 3802 2934 3876 Ὕψιστον.
2983 3808 3086 3862 Καὶ
3135 3807 3172 3879 ἤ
3225 3813 3544 3886 πειθόμεθα,
3597 3818 3686 3871 καὶ
3724 3799 3892 3875 κατάο

2230 3907 2399 3962 γομεν
2430 3893 2526 3942 τοῦ
2560 3888 2757 3946 λοιποῦ
2787 3893 2880 3947 τὸν
2914 3892 3113 3951 ἄνωθεν
3150 3895 3301 3953 ἔλεον
3338 3921 3350 3934 ·
3457 3899 3892 3981 δυσπειθοῦμεν,

2226 3975 2315 4029 καὶ
2345 3972 2685 4052 καταγόμεθα
2717 3980 2792 4043 εἷς
2827 3982 3082 4057 βάθιστον
3115 3983 3364 4063 ὄλεθρον.

2441 4083 2501 4176 Ειῖ
2535 4081 2710 4176 δέ-τις
2771 4086 2992 4143 ἐνταῦθα
3054 4091 3444 4168 ὑποκρούσεται
3503 4101 3889 4176 μεμφόμενος,

2223 4169 2306 4267 ὅτι
2339 4171 2528 4267 ἑαυτὸν
2565 4173 2767 4267 ἤγαγεν
2802 4179 2830 4231 ὁ
2871 4176 3037 4253 λόγος
3067 4179 3318 4249 Ἔλληνά
3365 4205 3421 4240 τε
3471 4169 3890 4267 καὶβάρ-ϐαρον

2219 4261 2288 4332 τά
2318 4281 2381 4334 γε
2411 4259 2487 4322 εἷς
2526 4263 2588 4316 τὸ
2628 4268 2945 4321 ποτνιᾶσθαι
3003 4267 3250 4340 δικαίως,
3321 4275 3482 4329 αὐτὸν
3537 4259 3634 4350 μὲν
3672 4259 3891 4351 ’ἀφήσω

2218 4350 2356 4418 τηνά
2382 4348 2532 4412 λλως
2566 4351 2777 4420 λαλεῖν,
2833 4351 3124 4413 ὑποϐαλὼν
3176 4358 3473 4434 ἐνθύμησιν
3532 4341 3630 4421 τοῦ
3672 4341 3889 4433 πάντας

2221 4436 2400 4510 ὥσπερ
2461 4437 2823 4511 ὁμοδούλους,
2880 4444 3022 4499 οὕτω
3079 4447 3169 4501 καὶ
3231 4450 3516 4526 ὁμογενεῖς
3563 4456 3692 4511 εἶναι
3738 4480 3752 4492 ο
3806 4460 3889 4514 δτι

2219 4527 2307 4578 καὶ
2340 4528 2544 4602 πατρὸς
2601 4529 2740 4597 ἐνὸς,
2795 4535 2891 4585 τοῦ
2949 4536 3279 4604 ποιήσαντος
3334 4545 3487 4608 Θεοῦ,
3545 4545 3638 4598 καὶ
3668 4549 3892 4620 μητρὸς

2223 4619 2351 4705 μιᾷς
2404 4621 2531 4705 γῆς,
2584 4617 2674 4694 ἀφ’
2729 4619 2796 4688 ἧς
2854 4620 3232 4694 πεπλάσμεθα.
3294 4629 3392 4681 Καὶ
3446 4629 3589 4686 οὕτω
3653 4617 3755 4705 μὶν
3796 4617 3888 4691 ἐν·

2217 4703 2388 4794 τρέψα
2441 4704 2600 4759 αὐτὸν
2639 4713 2756 4794 ,τῆς
2840 4708 3181 4780 ἀντιλαλιᾶς,
3261 4717 3564 4789 ὑπομνάσω
3643 4703 3725 4794 δὲ,
3803 4727 3880 4787 ὡς

3236 4826 3261 4857 ν
3316 4804 3474 4879 ἐσμεν
3534 4807 3721 4880 λάλοι,
3790 4814 3882 4868 καὶ

2220 4879 2716 4975 ἀπορίαςλιξυχρὰς
2771 4881 3227 4975 προϐαλλόμεθα,
3277 4893 3364 4948 καὶ
3416 4895 3888 4975 λογοπραγοῦμεν

2220 4968 2372 5039 Θεὸν,
2403 4970 2492 5024 καὶ
2525 4970 2839 5046 ἐρωτῶμεν,
2883 4973 2973 5030 διὰ
3026 4977 3080 5032 τί
3134 4984 3295 5036 τοῦτο
3337 4986 3430 5039 καὶ
3577 4968 3756 5044 ἐκεῖ.νο
3789 4968 3890 5046 πε·

2218 5056 2492 5127 ποίηκεν;
2553 5060 2598 5114 εἷ
2655 5061 2745 5115 καὶ
2797 5062 2955 5126 αὐτὸς
2991 5066 3236 5142 ἀνέχεται
3295 5071 3394 5128 οὐκ
3441 5056 3702 5150 ἇκγελῶν,
3750 5080 3886 5136 οὐδὲ

2223 5146 2564 5237 μυκταρίζων
2599 5147 2705 5222 (ἐπ’
2735 5147 2929 5214 ἄλλοις
2987 5155 3088 5229 γὰρ
3157 5161 3323 5214 ταῦτά
3378 5167 3480 5237 γε),
3515 5146 3674 5222 ⁷ἀλλά
3699 5167 3881 5224 ἐλεῶν

2220 5236 2368 5327 ἡμᾶς
2397 5235 2522 5297 τοὺς
2574 5237 2624 5291 ἐν
2672 5245 2846 5300 κενοῖς
2905 5241 3240 5321 γλαφυρούς.
3297 5235 3411 5327 Ἐφ’
3471 5255 3554 5314 οἷς
3602 5254 3788 5312 ἐκεῖνα
3827 5258 3881 5314 ἐν

2224 5323 2554 5422 βραχυτάτῳ
2585 5328 2721 5398 ἡμῖν
2783 5329 3134 5422 θιποτίθεμαι,
3189 5334 3279 5392 ἵνα
3451 5343 3541 5397 καὶ
3575 5352 3884 5422 θεομαχῶ-

2224 5432 2341 5485 μεν,
2399 5415 2699 5491 πάσχοντες
2758 5417 2922 5491 οὕτω,
2999 5422 3087 5476 καὶ
3165 5426 3257 5480 τὸν
3331 5431 3458 5484 Θεὸν
3522 5415 3884 5507 διορθοῦσθαι

2219 5500 2573 5577 πειρώμενοι,
2629 5505 3074 5579 θεσμοθετοῦντες
3133 5516 3246 5568 οἷον
3304 5517 3472 5590 αὐτῷ,
3531 5500 3620 5576 καί
3668 5523 3881 5587 καθὲλο

2220 5611 2425 5660 κοντες,
2472 5592 2597 5646 ὅποι
2652 5593 2984 5669 βουλόμεθα,
3036 5600 3123 5654 καὶ
3178 5603 3294 5658 ἀντῖ
3349 5604 3561 5663 δούλων
3609 5608 3879 5669 δεσπόται

2220 5679 2530 5755 γενόμενοι,
2551 5682 2638 5738 καὶ
2671 5690 3059 5760 τυραννοῦντες
3089 5691 3188 5761 τήν
3223 5695 3536 5769 κυριότητα.
