4114 6200
283 381 404 443 709

1283 373 1364 434 IN
1408 374 1475 437 S.
1522 373 2206 447 QUADRAGESIMAM
2251 381 2546 445 ORATIO
2588 383 2695 447 IV.

3586 392 3707 452 7i0

354 510 463 571 λδ.
493 511 612 571 Οὐκ
665 509 833 581 ἄξιον,
887 510 934 564 ὦ
986 509 1141 564 οὗτοι
1201 507 1414 582 πάντες,
1456 503 1784 582 λογιότητος
1842 506 1937 561 ἆν-

2122 512 2211 567 39.
2245 514 2370 571 Non
2401 517 2649 589 dignum
2683 521 2976 591 sapientia
3003 522 3266 579 humana
3312 528 3401 579 est
3448 541 3709 595 quaerere

279 603 594 681 θρωπίνης,
622 601 868 674 ἀπορεῖν,
909 597 1000 654 διὰ
1035 597 1088 652 τί
1144 619 1277 653 ποτε
1332 600 1361 654 6
1401 599 1531 660 Θεὸς
1584 602 1776 653 τοῦτον
1848 598 1944 671 μὶν

274 694 373 749 τὸν
409 691 580 764 ξενον,
632 690 723 746 καὶ
782 689 986 746 ἇκεῖνον
1035 688 1129 743 τὸν
1188 684 1448 762 ἀδελφὸν,
1492 687 1582 741 καὶ
1637 682 1795 741 τόνδε
1847 688 1941 742 τὸν

278 783 528 858 γείτονα,
586 780 677 835 καὶ
736 776 908 835 ἄλλον
960 777 1238 853 περίοικον
1291 774 1661 846 κατήντλησεν
1723 776 1945 850 ἀγαθοῖς

276 876 402 933 τοῖς
431 869 560 945 περὶ
603 868 833 940 κόσμον,
894 861 1250 941 φαιδρότησιν
1307 861 1489 919 οἷκωντ
1532 862 1843 938 ἰλλάμψας,
1890 861 1948 918 οτί

280 961 427 1024 καθὰ
500 958 591 1014 καὶ
663 955 828 1025 ἥλιος
900 954 1322 1030 ἐναστράπτουσι
1395 951 1676 1020 κάλλεσιν,
1750 952 1948 1029 ἀγροὺς

276 1047 575 1118 πληθύνας
653 1045 846 1105 πίονας
880 1086 894 1112 ,
977 1040 1464 1114 ἄνευθηνουμένους
1546 1046 1662 1103 τοῖς
1714 1039 1773 1096 ἑκ
1843 1048 1948 1116 γῆς

275 1138 537 1212 ἀγαθοῖς,
593 1133 662 1188 τά
682 1137 883 1206 ταμεῖα
910 1130 1214 1205 πληρώσας
1269 1129 1477 1197 αὐτοῖς,
1525 1128 1616 1185 καὶ
1674 1148 1947 1204 στενοχω-

277 1227 462 1302 ρήσας
525 1220 936 1296 εὐδαιμονικοῖς
991 1218 1285 1293 ἒνθὲμασι,
1348 1218 1674 1292 θεράποντας
1730 1218 1820 1273 καὶ
1869 1229 1952 1282 θε-

276 1315 560 1391 ραπαίνας
619 1308 839 1373 ἐπιδοὺς
897 1309 973 1370 είς
1042 1306 1358 1387 φιλοτιμίαν
1434 1307 1760 1380 ἀμύθητον,
1840 1311 1951 1376 ζῶα

274 1402 645 1480 προσεπιθεὶς
675 1400 754 1463 είς
811 1396 1184 1471 πλουτισμὸν,
1221 1396 1312 1452 καὶ
1369 1394 1560 1453 τοῦτον
1618 1396 1948 1471 ἀμέτρητον,

2055 601 2271 671 quibus
2296 620 2365 659 ex
2394 607 2589 663 causis
2620 610 2982 682 perigrinum
3018 612 3415 684 aliquem,aut
3445 614 3707 685 fratrem,

2055 695 2156 744 aut
2184 692 2463 761 vicinum,
2496 702 2597 751 aut
2635 697 2782 752 alios
2840 700 3008 754 bonis
3064 702 3446 757 terrestribus
3504 719 3710 758 cumu-

2022 804 2029 805 ί
2055 776 2211 849 larit,
2243 780 2535 838 deliciosis
2568 783 2930 857 locupletans
2961 789 3136 844 rebus
3167 790 3374 846 domos
3404 790 3546 846 solis
3587 792 3711 848 ins-

2055 870 2149 922 tar
2177 869 2573 939 splendentes,
2605 890 2846 946 campos
2872 877 3091 933 fertiles
3122 879 3291 933 fructi
3303 879 3552 945 ﬁcando,
3578 881 3713 935 hor-

2057 969 2157 1011 rea
2187 958 2741 1028 replens,felicitatis
2772 980 3004 1035 germen
3040 966 3258 1039 ubique
3280 967 3713 1040 implantando,

2058 1060 2256 1100 servos
2287 1052 2345 1101 et
2373 1064 2571 1104 servas
2600 1049 2826 1107 zelosas
2857 1054 3147 1121 addendo,
3204 1056 3564 1112 animalibus
3609 1058 3714 1113 do-

2059 1133 2321 1191 mesticis
2350 1136 2470 1191 imo
2501 1139 2661 1193 omni
2694 1142 3102 1211 prosperitatis
3133 1160 3343 1216 genere
3365 1146 3723 1211 cumulavit,

2060 1238 2155 1276 me
2185 1228 2378 1279 autem
2414 1225 2515 1297 qui
2545 1227 2628 1281 illi
2664 1228 2826 1283 nulla
2856 1231 2915 1284 in
2946 1247 3007 1286 re
3039 1232 3276 1288 inferior
3300 1251 3455 1303 sum,
3490 1236 3550 1290 in
3583 1252 3714 1291 om-

2059 1310 2237 1367 nibus
2268 1313 2583 1369 minoravit
2611 1321 2669 1371 et
2699 1316 2917 1389 siliqua
2945 1318 3269 1376 inaniorem
3303 1322 3457 1391 fecit,
3490 1324 3718 1381 cunctis

2061 1400 2352 1469 privatum
2373 1401 2401 1457 ?

272 1493 350 1548 τὸ
383 1489 447 1547 δὲ
475 1496 582 1547 πᾶν
615 1489 807 1559 εἰπεῖν,
839 1488 931 1543 καὶ
959 1492 1079 1551 τοῖς
1101 1480 1208 1541 ἔσω
1238 1485 1330 1540 καὶ
1358 1491 1476 1548 τοῖς
1507 1480 1608 1557 ἔξω
1639 1486 1830 1540 ἑαυτοῦ
1861 1482 2323 1543 πολλαπλασίονα
2368 1491 2691 1568 κορυφώσας
2735 1493 2825 1547 τὸν
2874 1493 3048 1559 οὕτως
3090 1496 3147 1550 εὗ
3196 1496 3455 1561 παθόντα·
3506 1498 3603 1571 ἐμὲ
3662 1496 3721 1555 δὶ

274 1579 446 1638 οὐδὲν
480 1580 778 1636 ἀπεοικότα
802 1576 1008 1657 ἐκείνου
1031 1580 1148 1638 τοῖς
1178 1576 1374 1630 ἅπασιν
1405 1573 1714 1645 ἠλάττωσε,
1749 1573 1838 1629 καὶ
1870 1573 2065 1644 αὐτῆς,
2095 1574 2124 1630 ὃ
2151 1596 2302 1654 φασι,
2348 1573 2644 1651 λεϐηρίδος
2693 1581 2989 1658 κενώτερον
3044 1585 3355 1657 ἀπετέλεσε,
3403 1592 3522 1651 τοῖς
3568 1587 3722 1650 ὅλοις

277 1671 672 1745 ἀποστερήσας
706 1667 804 1741 ἐμὲ
824 1686 838 1736 ;

366 1797 443 1868 μ’.
502 1795 597 1863 Μὴ
660 1790 728 1862 δή
784 1790 1011 1847 τοιαῦτά
1060 1811 1143 1854 τις
1189 1787 1533 1865 ἐπαπορείτω
1567 1833 1582 1859 ,
1638 1786 1958 1867 φιλοσοφεῖν

2140 1790 2227 1846 40.
2261 1790 2442 1849 Nemo
2472 1793 2674 1866 igitur,
2708 1796 3089 1870 philosophiae
3119 1804 3426 1872 prietextu,
3459 1801 3531 1858 de
3573 1819 3722 1859 novo

279 1884 502 1949 ιθὲλων
534 1926 548 1953 ,
599 1882 690 1937 καὶ
747 1884 882 1937 Θεοῦ
929 1879 1445 1968 καταψηφιζόμενος
1498 1875 1952 1968 τὸγάδιάκριτον.

2072 1879 2244 1935 dubia
2275 1897 2537 1954 movens,
2570 1885 2934 1943 confusionis
2962 1891 3143 1943 Deum
3203 1890 3524 1947 accusabit.
3582 1894 3723 1947 For-

279 1971 558 2029 ’.Λκοῦσοι
618 1972 721 2047 γὰρ
782 1968 845 2025 ἄν
903 1980 1067 2033 ποθεν
1116 1966 1177 2023 ἐκ
1231 1972 1337 2023 τῶν
1393 1967 1683 2044 κατωτέρω
1733 1965 1955 2042 (ἄνωθεν

276 2063 395 2139 γὰρ
429 2063 458 2116 6
493 2060 693 2133 Κύριος
721 2059 822 2115 οὐκ
852 2058 912 2113 ’ὰν
950 2058 1027 2131 μή
1089 2057 1188 2112 οὐκ
1233 2054 1560 2131 ἐξουδενώσῃ
1585 2057 1677 2112 τὸν
1710 2060 1955 2112 τοιοῦτον

284 2150 589 2227 διάλογον)
620 2154 811 2224 πρῶτα
866 2149 984 2223 μέν’
1043 2146 1211 2202 Πόθεν
1268 2144 1436 2215 οἶδας,
1488 2145 1532 2201 ὦ
1560 2145 1738 2214 οὗτος,
1772 2147 1846 2208 ὡς
1876 2145 1962 2200 οὗ·

287 2240 386 2297 δὶν
425 2239 686 2301 ἀπέοικας
743 2242 840 2293 τοῦ
890 2236 1287 2316 φθονουμὲνου,
1343 2237 1388 2309 ᾧ
1448 2234 1711 2311 ἐγκοτεῖς,
1766 2234 1811 2289 εί
1867 2256 1961 2289 το-

296 2335 479 2385 σαῦτα
507 2328 808 2400 περίκειται
847 2326 1054 2403 ἀγαθά;
1084 2327 1314 2396 Μήποτε
1361 2325 1465 2402 γὰρ
1495 2324 1558 2379 σὺ
1610 2325 1703 2399 μὶν
1754 2324 1960 2394 ἐνάξιος

294 2417 670 2492 εὐδαιμονεῖν,
703 2416 906 2478 ὶκσῖνος
939 2412 996 2470 δὲ
1024 2414 1294 2485 κατάξιος,
1339 2413 1429 2470 καί
1475 2435 1581 2469 που
1624 2413 1715 2468 καὶ
1769 2411 1961 2468 πλειό-

291 2530 413 2563 νων
447 2506 686 2576 ἔπάξιος.
719 2505 852 2561 Εἶτα
882 2500 1070 2572 ἐπειδὴ
1117 2508 1278 2558 τοὶτο
1336 2500 1544 2557 δάκνειν
1599 2501 1714 2578 ἔχει
1773 2522 1832 2556 σε
1883 2500 1959 2564 εἷς

294 2596 493 2673 ψυχήν
548 2593 661 2664 (καὶ
688 2594 801 2669 γάρ
825 2613 909 2647 τοι
941 2598 1086 2646 πᾶσα
1118 2591 1395 2666 σύγκρισις
1426 2590 1724 2647 ἐλαττοῦσα
1782 2588 1960 2646 δάκνει

290 2687 396 2741 τὸν
458 2676 983 2755 ὑποὸιϐαζόμενον),
1047 2679 1183 2755 μάθε
1229 2678 1452 2749 καὶ,ὅτι
1506 2684 1585 2752 τῷ
1618 2679 1711 2753 μὶν
1742 2676 1964 2758 ἀδελφῷ

292 2774 446 2847 πρὸς
500 2772 726 2842 ἰσότητα
773 2769 926 2839 ἥκεις
982 2767 1469 2843 ταλαντευόμενος.
1526 2770 1705 2825 Ἔστω
1761 2766 1838 2837 δὲ,
1890 2769 1966 2833 ὡς

294 2863 393 2918 καὶ
421 2861 712 2926 καθελκεις
742 2862 812 2934 τῇ
863 2858 1007 2937 ῥοπῇ
1065 2856 1202 2935 πρός
1257 2879 1310 2912 τι
1369 2861 1553 2931 μεῖζον
1604 2855 1695 2911 καὶ
1748 2855 1964 2912 πολλοῦ

300 2952 476 3024 ἄξιον·
509 2949 601 3006 καὶ
649 2948 804 3023 ὅμως
837 2949 865 3004 6
893 2952 990 3004 τοῦ
1054 2947 1174 3024 βίου
1236 2941 1467 3020 βραϐεὺς
1519 2946 1681 3023 μέγας
1738 2946 1888 3016 Θεὸς,
1935 2947 1964 3001 6

303 3040 521 3103 δίκαιος
572 3036 862 3112 διανομεὺς
908 3037 1298 3114 γεωμερτήσας
1336 3034 1421 3090 ἐπὶ
1477 3036 1677 3099 παντὸς
1728 3036 1792 3091 τὸ
1844 3035 1966 3090 ἀνά-

302 3128 499 3206 λογον,
529 3128 620 3183 τὸν
659 3128 753 3200 μὲν
810 3124 1044 3200 ἀδελφὸν
1096 3122 1329 3200 διέκρινε
1372 3121 1655 3194 πλήθοντα
1697 3123 1829 3177 εἶναι
1872 3123 1960 3177 καὶ

302 3224 390 3292 τῷ
426 3219 533 3294 βίω
563 3216 742 3285 πίονα,
774 3216 834 3271 σὶ
863 3212 922 3270 δὶ
978 3213 1125 3271 ἀλλὰ
1178 3212 1373 3289 ῒσχνὸν
1417 3212 1508 3268 καὶ
1566 3208 1849 3269 ὑπόκενον.
1898 3210 1965 3268 Τί

2067 1972 2226 2024 tasse
2255 1970 2408 2025 enim
2442 1970 2516 2026 ab
2547 1971 2683 2029 imis
2714 1973 2858 2030 locis
2889 1977 3224 2044 (desursum
3249 1979 3403 2034 enim
3442 1980 3725 2037 Dominus

2069 2057 2361 2128 ejusmodi
2394 2076 2727 2119 sermonem
2759 2066 3105 2133 contemnit)
3164 2066 3417 2122 audierit
3471 2084 3668 2124 vocem
3704 2085 3719 2125 :

2069 2150 2227 2205 unde
2282 2150 2419 2219 scis,
2475 2153 2670 2224 sodes,
2731 2156 2886 2227 quod
2920 2173 3033 2212 non
3065 2156 3377 2213 dissimilis
3412 2158 3493 2213 sis
3521 2159 3593 2229 ei,
3627 2148 3722 2215 cui

2068 2236 2298 2293 invides
2330 2239 2562 2297 divitias
2583 2242 2611 2296 ?
2642 2243 2763 2298 Non
2794 2243 2950 2300 enim
2984 2250 3048 2301 tu
3081 2245 3383 2319 indignus,
3444 2246 3542 2302 ille
3599 2264 3725 2320 per-

2070 2326 2304 2399 dignus,
2356 2328 2474 2384 imo
2522 2330 2794 2401 pluribus
2825 2350 2998 2404 quam
3032 2351 3162 2406 quae
3193 2335 3454 2407 possidet
3484 2335 3721 2409 dignus.

2071 2417 2235 2482 Quod
2265 2421 2461 2472 autem
2495 2418 2603 2474 hoc
2657 2421 2922 2476 animum
2980 2426 3152 2479 tuum
3212 2425 3451 2480 devorat
3507 2425 3723 2497 (omnis

2072 2505 2228 2561 enim
2288 2508 2649 2578 comparatio
2706 2509 3087 2567 humiliatum
3117 2513 3376 2581 oii'endit)
3410 2514 3554 2570 scito
3581 2530 3717 2569 cum

2074 2594 2251 2650 fratre
2280 2595 2483 2650 eadem
2514 2596 2735 2653 trutina
2764 2604 2821 2654 te
2851 2601 3180 2672 ponderari.
3207 2602 3400 2658 Posito
3433 2608 3628 2659 autem
3662 2607 3729 2658 ut

2072 2686 2137 2738 tu
2170 2683 2411 2754 majoris
2442 2688 2723 2743 momenti
2757 2705 2822 2742 ac
2848 2688 3021 2760 pretii
3052 2691 3135 2745 sis
3158 2690 3449 2758 inventus,
3470 2697 3727 2747 attamen

2074 2773 2251 2840 Deus,
2287 2789 2536 2846 magnus
2564 2775 2693 2830 vitae
2727 2777 3098 2846 distributor,
3157 2780 3257 2850 qui
3320 2779 3521 2835 omnia
3574 2782 3732 2852 iuste

2074 2861 2399 2933 dimetitur,
2460 2863 2698 2920 fratrem
2756 2864 3130 2938 locupletem,
3160 2872 3216 2924 te
3243 2883 3379 2924 vero
3410 2885 3728 2940 pauperem

2074 2966 2205 3006 esse
2234 2952 2440 3007 statuit
2469 2956 2525 3008 et
2555 2953 2980 3011 miserum.Cur
3008 2956 3189 3029 igitur
3218 2956 3466 3013 Domino
3495 2960 3552 3012 et
3572 2958 3730 3014 Patri

2076 3039 2230 3094 diem
2259 3039 2427 3105 dicis,
2456 3046 2513 3096 et
2543 3058 2813 3099 recenses
2844 3045 2975 3113 ejus
3005 3045 3361 3101 creationem
3383 3044 3411 3100 ‘?
3462 3045 3614 3101 Num
3671 3045 3732 3100 in

2074 3126 2309 3182 Domini
2359 3128 2486 3184 loco
2514 3146 2644 3185 eum
2678 3132 2848 3203 ponis
2870 3132 2898 3188 ?
2927 3137 2983 3189 et
3013 3134 3331 3204 quomodo,
3362 3151 3565 3190 servus
3598 3152 3732 3191 cum

2078 3216 2183 3285 sis,
2214 3216 2529 3273 Dominum
2564 3220 2634 3274 ad
2669 3221 2952 3276 rationem
2988 3222 3344 3278 reddendam
3384 3240 3556 3279 vocas
3579 3224 3608 3279 ‘I
3662 3226 3735 3279 At

308 3266 388 3364 ἐξ
427 3266 531 3363 Et;
570 3266 921 3382 'i'éﬂéclsal;
964 3266 1522 3374 έὲᾆζιαὲῖεξπάέην
1570 3266 1661 3357 gl:
1694 3266 1961 3375 ζηαέιρᾷ,

2079 3266 2183 3285 --η
2214 3266 2529 3273 _---_-__---
2565 3266 2634 3274 _..
2670 3266 2952 3276 ,..-.ν..ν,..
2988 3266 3344 3278 “una”...
3394 3266 3556 3279 ,νην
3586 3266 3598 3279 .
3662 3266 3734 3279 ...

2078 3309 2308 3361 Patrem
2360 3308 2645 3363 nominas.
2702 3310 3003 3373 Quomodo
3033 3327 3165 3366 vero
3196 3312 3377 3367 audes
3407 3328 3508 3381 pro
3537 3312 3734 3384 impu-

305 3398 403 3453 καὶ
436 3394 527 3451 διὰ
557 3393 715 3466 δίκης
745 3391 911 3471 ἄγεις,
962 3392 1044 3472 ἐφ’
1075 3394 1159 3456 οἷς
1205 3389 1655 3466 διῳκονομήσατο
1680 3410 1694 3461 ;
1728 3391 1961 3469 Πότερον

308 3485 594 3555 Δεσπότην
626 3483 828 3539 ἐκεῖνον
884 3482 1074 3554 τίθης;
1137 3483 1237 3539 Καὶ
1297 3485 1416 3545 πῶς
1465 3479 1661 3544 δοῦλος
1694 3476 1767 3535 ὤν
1801 3480 1963 3556 λογο-

303 3580 542 3652 πραγεῖς
595 3574 689 3628 τὸν
748 3572 985 3647 Κύριον;
1037 3569 1215 3627 Ἀλλὰ
1260 3570 1464 3648 πατέρα
1500 3570 1805 3644 ὀνομάζεις.
1866 3569 1963 3624 Καὶ

302 3662 461 3719 διατί
510 3660 745 3736 τολμᾷς,
776 3658 1009 3724 ἀναιδῶς
1046 3660 1464 3737 προσφέρεσθαι,
1513 3658 1604 3714 καὶ
1657 3659 1732 3732 μή
1793 3655 1964 3716 δεδιέ-

298 3774 403 3808 ναι
431 3752 532 3821 τὴν
591 3749 819 3824 ἔννομον
877 3750 1232 3824 ἀποκήρυξιν,
1292 3749 1337 3804 εί
1395 3747 1538 3804 οὕτω
1592 3748 1962 3824 καταθρασῦνῃ

300 3838 863 3910 αὖτοῦ;Θεοκλύτει,
915 3836 1175 3911 δυσώπει,
1234 3837 1553 3911 ἐξευμενιζε,
1606 3836 1790 3911 μέσοις
1841 3841 1966 3913 χρῶ

300 3934 437 3992 ταῖς
497 3929 706 4004 εὐχαῖς,
762 3929 851 3984 καὶ
913 3928 1149 4001 μάλιστα
1204 3932 1321 3989 τοῖς
1375 3927 1550 4003 ἁγίοις
1594 3926 1761 3982 αὐτοῦ
1789 3945 1802 3958 ·
1876 3927 1965 3980 καὶ

307 4020 520 4091 οὕτως,
570 4016 721 4095 εἷ’περ
770 4017 887 4075 δεον
937 4019 1070 4075 εἶναι
1122 4015 1404 4092 διακρινεῖ,
1434 4019 1823 4095 ἀπομερίσεται
1869 4021 1965 4073 τοῦ

305 4116 445 4186 παρ’
474 4108 620 4181 αὖτῷ
667 4107 910 4164 πλούτου
957 4108 1047 4163 καὶ
1102 4107 1211 4177 σοὶ,
1257 4106 1348 4163 καί
1407 4103 1711 4185 μυρίολὸον
1767 4107 1967 4162 ἀποκα·

305 4200 573 4271 ταπήσει
607 4218 684 4256 σε.
734 4197 797 4254 Εἰ
846 4195 893 4252 δ’
940 4196 1069 4259 ἴσως
1116 4198 1205 4252 καὶ
1239 4196 1612 4270 ποτνιώμενος
1642 4193 1734 4251 καί
1779 4194 1967 4251 πολλὰ

307 4292 521 4356 ποιῶν,
597 4285 728 4343 ἄττα
796 4287 932 4362 πρὸς
1005 4280 1257 4359 ἔντευξιν,
1329 4286 1506 4359 μένεις
1565 4286 1593 4340 6
1652 4285 1815 4349 αὐτὸς
1868 4288 1964 4339 τοῦ

309 4377 543 4446 λοιποῦ,
576 4373 794 4450 λόγισαι
827 4375 1050 4447 θέμενος
1079 4374 1131 4435 ἐς
1160 4375 1373 4449 ψυχὴν,
1401 4374 1475 4437 ὡς
1504 4373 1540 4443 ἢ
1592 4371 1737 4429 πολὺ
1792 4372 1843 4428 ἂν
1879 4372 1963 4428 σοὶ

307 4468 378 4522 τὸ
409 4465 743 4543 ἑφάμαρτον,
797 4463 890 4519 καὶ
949 4460 1020 4517 δι’
1075 4462 1204 4517 αὐτὸ
1264 4462 1362 4517 οὐκ
1411 4462 1553 4533 ἀξιοῖ
1608 4463 1698 4517 καὶ
1757 4463 1815 4517 σε
1865 4466 1963 4517 τοῦ

2076 3394 2274 3449 dentia
2293 3399 2793 3461 tua,contemnere
2827 3399 3524 3455 excommunicationem?
3555 3400 3731 3454 Auxi-

2073 3481 2220 3537 lium
2253 3484 2504 3556 implora
2561 3485 2865 3555 divinum;
2926 3488 3015 3542 fac
3075 3489 3506 3559 paenitentiam,
3563 3488 3734 3560 expia

2074 3575 2308 3643 peccata
2363 3576 2466 3628 tua
2521 3573 2793 3645 precibus
2842 3575 2982 3640 tuis,
3032 3578 3103 3631 ad
3137 3579 3370 3631 sanctos
3405 3577 3726 3647 praesertim

2074 3660 2202 3730 ejus
2225 3661 2448 3729 effusis,
2477 3667 2531 3717 et
2562 3662 2661 3717 ubi
2693 3679 2841 3734 opus
2872 3663 2983 3718 erit
3012 3663 3244 3720 divitias
3298 3664 3402 3720 tibi
3463 3681 3727 3720 commu-

2076 3749 2321 3815 nicabit,
2352 3754 2408 3805 et
2431 3767 2562 3806 vere
2584 3752 2823 3807 beatum
2858 3752 3081 3808 reddet.
3115 3754 3171 3807 Si
3220 3757 3440 3819 autem,
3501 3753 3729 3825 suppli-

2077 3854 2219 3893 cans
2272 3842 2329 3894 et
2385 3855 2489 3910 pro
2547 3839 2771 3896 viribus
2828 3841 2984 3912 quod
3039 3846 3203 3897 tuum
3237 3846 3329 3897 est
3358 3858 3643 3915 peragens
3671 3841 3731 3897 in

2076 3927 2278 3982 eadem
2310 3928 2545 3984 fortuna
2577 3945 2802 3994 manes,
2838 3929 3030 4002 cogita
3060 3930 3215 4002 quod
3248 3930 3321 3986 ob
3352 3933 3588 4002 peccata
3628 3934 3732 3986 tua

2076 4020 2177 4072 aut
2206 4016 2365 4072 aliud
2398 4018 2694 4089 quoddam
2728 4022 2783 4074 te
2813 4018 3151 4074 divitiarum
3202 4018 3547 4091 participem
3598 4035 3730 4076 esse

2075 4122 2190 4162 non
2221 4104 2538 4162 vult.Nunc
2570 4106 2808 4178 quidem
2826 4106 2942 4163 voti
2961 4111 3290 4181 compotem
3310 4109 3433 4163 ﬁeri
3453 4106 3602 4163 nihil
3625 4108 3732 4164 tibi

2074 4196 2414 4267 prodesset;
2446 4196 2636 4252 veniet
2665 4201 2863 4252 autem
2897 4202 3154 4269 tempus,
3189 4214 3304 4270 quo
3336 4196 3464 4252 vitae
3492 4203 3729 4269 pratum

2072 4284 2328 4354 ﬂorebit,
2357 4289 2413 4340 et
2440 4289 2502 4341 tu
2538 4286 2793 4341 fructum
2836 4285 3244 4357 largissimum
3301 4285 3575 4359 colligere
3634 4305 3763 4358 po-,

2072 4375 2236 4430 teris.
2292 4377 2405 4430 Aut
2463 4391 2575 4431 non
2627 4375 2789 4429 vides
2822 4375 3061 4430 arbores
3092 4374 3385 4431 fructibus
3418 4376 3645 4448 plenos,
3679 4380 3737 4432 et

2068 4463 2424 4536 frugiferos;
2492 4462 2639 4518 alios
2697 4463 3015 4535 quotannis
3092 4464 3313 4534 passim
3395 4463 3731 4534 frugiferos,

308 4555 682 4628 πλουτισμοῦ,
715 4553 752 4623 ἢ
800 4551 942 4609 ἄλλο
984 4574 1057 4607 τι.
1105 4555 1208 4606 Νῦν
1246 4552 1338 4625 μὶν
1370 4551 1433 4607 οὐ
1466 4552 1737 4630 συμφέρον
1785 4574 1868 4607 σοι
1897 4552 1961 4608 τὸ

2072 4554 2293 4625 passim
2353 4551 2587 4608 steriles
2645 4551 2781 4608 folia
2837 4552 3075 4622 dijicere
3132 4557 3191 4607 et
3230 4568 3412 4608 come
3441 4553 3730 4609 naturalis

306 4625 601 4719 πλήρωμα
646 4647 744 4697 τοῦ
792 4641 1112 4716 αῗτήματος·
1165 4638 1313 4697 ἔσται
1362 4638 1420 4696 δὶ
1477 4625 1654 4697 δτέ’δ’
1695 4645 1791 4696 τοῦ
1844 4641 1961 4717 βίου

2074 4642 2371 4697 calvitium
2404 4641 2572 4713 pati?
2603 4641 2764 4707 Quod
2798 4658 2911 4695 non
2975 4657 3190 4696 vanum
3250 4657 3317 4696 ac
3377 4641 3574 4710 inane,
3630 4642 3733 4697 sed

311 4734 529 4806 λειμὼν
558 4732 855 4803 ἐξανθήσει,
888 4732 974 4787 καὶ
1005 4728 1299 4808 δρέψασθαί
1355 4752 1440 4786 σοι
1474 4729 1632 4785 δώσει
1693 4730 1744 4786 ὲν
1795 4734 1971 4806 καιρῷ

312 4822 495 4879 πολὺν
522 4822 615 4877 τὸν
644 4815 873 4896 καρπόν.
912 4822 982 4878 Ἥ
1041 4819 1149 4896 οὐχ
1204 4821 1333 4897 ὁρᾷς
1370 4822 1460 4875 καί
1518 4820 1655 4899 φυτὰ
1712 4817 1968 4895 δένδρων,

311 4912 384 4968 τὰ
412 4912 510 4985 μὲν
555 4916 788 4987 καρποῖς
844 4908 1119 4986 βρίθοντα,
1165 4910 1232 4965 τὰ
1281 4907 1337 4965 δέ
1383 4930 1505 4965 τινα
1535 4906 1821 4971 διαπαντὸς
1872 4910 1972 4964 οὐκ

314 4998 577 5078 inepta;
630 5000 717 5055 καὶ
771 5002 881 5053 τῶν
937 4998 1226 5074 καρπίμων
1277 4999 1344 5053 τὰ
1405 4998 1500 5072 μὲν
1552 4997 1628 5062 είς
1666 4997 1795 5054 δλον
1856 4995 1972 5059 ἔτος

310 5092 592 5167 τηροῦντα
640 5088 703 5143 τὸ
753 5090 947 5165 τρέφον
1010 5091 1183 5165 φῦμα,
1242 5089 1310 5142 τὰ
1365 5084 1423 5142 δὲ
1472 5086 1523 5158 ἐξ
1559 5082 1713 5149 ἔτους
1768 5087 1863 5160 μὲν
1894 5086 1970 5149 είς

314 5176 436 5240 ἔτος
494 5179 826 5255 εὖφοροῦντα
882 5175 943 5232 ἐκ
998 5173 1417 5251 διαλείμματος,
1465 5177 1558 5232 τὸν
1592 5173 1650 5231 δὶ
1710 5176 1761 5232 ὲν
1823 5174 1971 5249 μέσῳ

312 5266 508 5342 καιρὸν
537 5266 599 5321 οὐ
633 5265 798 5339 μόνον
851 5264 1067 5341 ἄκαρπα
1119 5265 1196 5328 εἷς
1250 5264 1314 5321 τὸ
1357 5270 1485 5333 πᾶν,
1518 5263 1663 5321 ἀλλὰ
1689 5266 1775 5320 καὶ
1832 5260 1970 5339 φυλ-

317 5353 653 5432 λοχοοῦντα,
691 5355 781 5410 καὶ
836 5356 937 5424 τὴς
995 5361 1249 5430 φυσικῆς,
1309 5356 1383 5417 ὡς
1416 5354 1603 5423 εἰπεῖν,
1657 5353 1836 5426 κόμης
1869 5373 1970 5427 φα·

316 5444 709 5520 λακροῦμενα;
761 5444 833 5498 T6
890 5441 947 5499 δε
1005 5442 1148 5499 ἐστιν
1207 5442 1271 5498 οὗ
1305 5444 1481 5516 μάτην
1507 5443 1597 5499 καὶ
1629 5443 1768 5511 εἰκῆ,
1825 5439 1972 5497 ἀλλά

314 5532 455 5590 κατὰ
509 5531 665 5610 φύσιν
723 5529 956 5609 ἔλλογον
984 5574 997 5588 .
1056 5535 1182 5591 Ὃτε
1244 5534 1338 5606 μὲν
1392 5532 1493 5611 γὰρ
1553 5531 1692 5587 ἔστιν
1752 5526 1969 5594 ὄνασθαι

312 5644 487 5691 τινας,
522 5620 557 5690 ἤ
589 5619 909 5697 ἀνθρώπους
938 5622 973 5692 ἢ
1005 5620 1243 5697 ἑτεροίαν
1282 5621 1457 5701 φύσιν,
1512 5626 1609 5676 τοῦ
1665 5619 1967 5698 καρπώμα-

313 5733 434 5783 τος,
463 5710 588 5767 τότε
617 5708 685 5781 δὴ
716 5715 909 5789 καιροῦ
937 5713 1025 5768 καὶ
1059 5712 1111 5766 οἱ
1145 5710 1373 5787 βλαστοὶ
1426 5710 1613 5788 μεστοὶ
1660 5710 1751 5767 καὶ
1805 5708 1971 5766 καλοῖ

2081 4730 2405 4785 secundum
2440 4737 2661 4785 natura:
2692 4729 2995 4785 rationem.
3030 4731 3273 4795 Quando
3305 4730 3461 4786 enim
3512 4730 3734 4786 fructus

2083 4821 2184 4873 aut
2212 4816 2572 4882 hominibus,
2608 4822 2711 4873 aut
2741 4819 2965 4874 caeteris
2996 4820 3280 4874 creaturis
3312 4818 3593 4890 prodesse
3633 4821 3733 4876 de-

2082 4908 2240 4973 bent,
2274 4906 2446 4963 ﬂores
2476 4905 2631 4979 pleni
2659 4912 2716 4964 et
2745 4907 2870 4963 visu
2905 4906 3133 4980 pulchri
3162 4912 3465 4980 apparent,
3499 4912 3553 4964 et
3596 4909 3734 4966 folia

2081 4995 2139 5051 in
2174 4996 2428 5051 fructum
2469 4996 2799 5065 virescunt;
2834 4996 2883 5052 si
2913 5002 3108 5052 autem
3142 4998 3367 5053 fructus
3397 4997 3559 5066 abiit,
3594 4998 3735 5054 folia

2083 5101 2315 5158 quoque
2344 5084 2511 5140 humi
2545 5084 2841 5141 labuntnr.
2895 5085 3170 5155 Vivipara
3227 5086 3383 5142 enim
3444 5087 3611 5159 quasi
3668 5088 3730 5142 in

2081 5175 2305 5230 radices
2338 5175 2544 5230 matris
2575 5174 3047 5247 redeunt,ibique
3080 5175 3397 5231 residentis
3427 5176 3646 5231 sensim
3670 5176 3729 5230 in

2080 5280 2180 5319 ver
2209 5280 2425 5320 novum
2459 5263 2813 5319 reviviscunt
2840 5264 3078 5335 quando
3112 5268 3177 5319 ut
3207 5281 3310 5337 per
3364 5264 3600 5320 canales
3643 5280 3730 5321 re-

2081 5359 2348 5420 currunt,
2402 5358 2459 5408 et
2490 5358 2554 5408 ut
2584 5370 2737 5409 anno
2767 5352 2968 5422 elapso
3000 5359 3220 5410 natura;
3254 5353 3563 5425 peculiaris
3594 5370 3732 5409 mu-

2081 5459 2220 5499 nere
2251 5442 2597 5515 funguntur.
2630 5440 2773 5497 Vide
2804 5441 2984 5515 igitur
3028 5459 3098 5499 nc
3148 5446 3212 5497 tu
3266 5459 3500 5514 quoque
3551 5440 3734 5498 simili

2077 5531 2192 5605 legi
2223 5530 2578 5603 subjiciaris,
2611 5533 2668 5586 et
2696 5531 2797 5587 ubi
2828 5530 2910 5586 nil
2942 5532 3049 5588 tibi
3080 5531 3340 5604 proderit
3369 5532 3734 5599 arbor,unde

2078 5622 2251 5676 ﬂores
2319 5626 2407 5675 et’
2443 5620 2669 5676 fructus
2737 5621 3109 5693 spectabiles,
3179 5626 3241 5677 ut
3297 5619 3436 5677 folia
3479 5628 3533 5677 et
3572 5638 3729 5695 quaa-

2076 5724 2308 5781 cunque
2367 5725 2402 5766 a
2459 5710 2614 5767 bona
2655 5710 2861 5768 arbore
2890 5710 3261 5784 proveniunt,
3294 5716 3640 5780 nascuntur,
3670 5713 3735 5769 et
