4114 6200
397 330 509 390 7H

1171 323 1594 389 EUSTATHII
1637 318 2402 386 THESSALONICENSIS
2443 320 3026 384 METROPOLlTxE

3687 324 3815 386 ἨΞ

399 479 494 530 ne,
524 461 576 517 si
606 462 841 533 quando
872 475 972 516 eos
1001 458 1271 530 colligere
1301 455 1489 528 cupis,
1533 454 1732 510 omnia
1786 458 1842 509 te
1897 453 2037 508 etfu-

2160 447 2567 524 βλέπεσθαι,καὶ
2593 449 2660 504 τὰ
2688 447 2872 525 φύλλα
2907 449 3106 521 τέθηλε
3135 448 3225 506 διὰ
3252 453 3344 506 τὸν
3370 454 3580 528 καρπὸν
3613 457 3811 513 ταῦτα.

399 552 582 624 giant,
643 552 784 622 quia
838 556 1072 620 tempus
1131 564 1243 602 non
1275 555 1362 601 est
1394 549 1812 616 Opportunum.
1847 543 1957 597 Sed
1986 541 2042 596 id

400 656 634 711 quoque
664 639 814 702 vide,
846 655 918 692 ne
947 638 1196 692 carduos
1230 635 1288 688 in
1320 633 1500 688 ramis
1532 631 1832 686 sterilibus
1863 633 1965 684 aut
1987 629 2046 683 in

401 730 565 784 rubis
590 732 646 783 et
670 728 812 798 piris
842 725 1204 782 silvestribus
1238 723 1523 794 producas
1572 721 1667 791 (ob
1727 719 1832 774 hoc
1890 717 2046 773 enim

400 819 651 872 fructum
681 815 920 887 quidem
956 813 1196 877 fers,sed
1232 829 1346 866 non
1379 809 1637 864 debitum
1673 811 1729 863 et
1760 822 2044 862 manuum

399 906 724 963 contractui
783 903 1214 974 resistentem).
1272 908 1483 955 Annon
1535 898 1688 953 Deus
1747 896 2043 951 hominem

400 1012 643 1067 parvum
705 994 844 1049 facit
905 998 962 1047 et
1020 990 1310 1046 deminuit
1340 988 1439 1060 qui
1472 988 1542 1042 ad
1578 987 1802 1040 fructus
1831 984 2045 1056 produ-

397 1085 610 1138 cendos
641 1088 816 1138 natus
850 1098 964 1135 non
996 1084 1105 1146 est,
1148 1084 1248 1134 aut
1303 1079 1557 1132 fructum
1617 1075 1853 1146 quidem
1914 1074 2044 1138 fert,

395 1189 494 1227 cos
524 1175 718 1225 autem
752 1170 850 1241 qui
883 1169 1014 1224 illos
1041 1175 1278 1240 tangere
1309 1165 1511 1220 volunt
1534 1161 2046 1236 pungendolazdit?

392 1273 601 1324 Preces
633 1268 810 1322 funde
840 1267 911 1321 ad
949 1271 1150 1330 Deum,
1181 1269 1238 1319 et
1267 1280 1438 1334 spera
1478 1263 1537 1316 in
1595 1277 1751 1324 eum,
1811 1264 1868 1314 et
1921 1259 2046 1330 ipse

393 1357 602 1414 faciet.
663 1355 844 1425 Imple
905 1355 1033 1424 ejus
1090 1354 1470 1412 voluntatem,
1531 1354 1589 1404 et
1648 1349 1750 1403 tibi
1807 1347 2042 1402 favebit.

394 1444 826 1501 Irroralabium
862 1443 1080 1498 siccum
1105 1441 1199 1495 siti
1234 1441 1571 1511 flagrans,et
1603 1437 1761 1510 pluet
1792 1437 1892 1492 tibi
1928 1453 2042 1490 cce-

391 1535 532 1590 litus
564 1550 779 1589 manna
809 1531 1113 1603 spirituale
1135 1537 1189 1585 et
1211 1527 1510 1584 sensibile.
1538 1534 1618 1583 An
1646 1526 1797 1581 nosti
1820 1527 2042 1596 virgam

393 1625 671 1679 virentem
698 1627 755 1676 et
772 1621 894 1677 solo
925 1620 1023 1676 Dei
1055 1635 1353 1674 servorum
1385 1618 1558 1672 verbo
1590 1616 2041 1686 germinantem,

393 1718 694 1768 sexcentos
725 1727 755 1766 e
786 1715 972 1764 morte
1004 1709 1352 1763 excitantem
1378 1705 1398 1761 ?
1432 1707 1511 1760 Te
1542 1709 1737 1760 autem
1780 1703 2041 1775 plantam

392 1801 716 1866 madidam,
752 1815 908 1853 nunc
942 1797 1132 1868 pravis
1163 1794 1585 1866 cupiditatibus
1641 1795 2037 1863 aegrotantem,

391 1907 518 1961 quae
579 1905 609 1944 ο
669 1887 898 1959 paraiso
925 1885 1099 1951 venit,
1134 1885 1401 1950 educare,
1460 1882 1775 1937 insertione
1831 1878 2038 1951 ampli-

390 1979 566 2033 ﬁcare
595 1983 651 2032 et
683 1976 988 2032 fecundam
1024 1975 1265 2029 reddere
1297 1989 1411 2027 non
1445 1970 1841 2026 valesPDesine
1871 1987 1904 2024 a
1925 1969 2039 2023 Deo

389 2072 605 2139 petere,
663 2070 718 2120 et
781 2065 906 2137 ipse
955 2068 1161 2136 sponte
1217 2061 1322 2116 tibi
1391 2061 1572 2116 dabit.
1650 2059 1775 2114 Non
1835 2075 1868 2113 a
1925 2058 2039 2112 Deo

390 2156 607 2228 petiisti
670 2159 734 2208 ut
793 2154 851 2208 in
910 2152 1117 2207 matris
1175 2156 1286 2204 tua:
1349 2156 1511 2206 utero
1544 2147 1950 2220 concipereris,
1983 2151 2042 2201 et

386 2249 582 2300 tamen
614 2243 712 2298 illa
741 2250 796 2298 te
823 2242 1104 2313 concepit.
1134 2246 1211 2294 Ex
1243 2245 1404 2294 utero
1448 2239 1507 2292 in
1567 2237 1756 2292 lucem
1785 2235 2037 2307 prodire,

389 2333 621 2399 nutriri,
683 2333 1016 2405 procedere,
1069 2331 1164 2385 ubi
1201 2345 1356 2384 nunc
1388 2334 1656 2394 stas,non
1691 2333 1802 2380 tua;
1834 2325 2037 2380 volun-

387 2423 524 2478 tatis
557 2422 952 2490 fuit,attamen
986 2420 1104 2473 haec
1134 2419 1351 2486 omnia,
1368 2424 1423 2472 te
1450 2415 1650 2480 invito,
1677 2415 2032 2470 acciderunt.

388 2512 574 2582 Igitur
599 2517 802 2566 caetera
832 2525 1063 2580 quoque
1095 2507 1198 2562 tibi
1251 2507 1566 2572 dabuntur,
1619 2503 1939 2558 dummodo
1971 2517 2039 2556 ea

388 2599 586 2666 facias,
647 2604 780 2670 post
839 2615 965 2669 quas
1012 2603 1215 2650 caetera
1245 2595 1535 2650 addentur
1563 2597 1618 2647 et
1651 2598 1715 2646 ut
1743 2591 1801 2646 in
1836 2591 2038 2645 funda-

387 2693 580 2744 mento
612 2688 780 2741 ﬁrmo
811 2685 1202 2740 stabilientur.
1239 2683 1384 2746 Quid
1451 2681 1692 2736 Domino
1752 2678 2035 2734 reddituri

387 2778 577 2832 simus
610 2777 929 2840 nescimus,
964 2778 1218 2828 attamen
1253 2773 1413 2826 dedit
1445 2770 1632 2835 nobis,
1668 2783 1917 2839 quorum
1950 2771 2038 2822 est

386 2866 436 2921 ei
471 2871 705 2936 accepta
736 2864 967 2918 referre.
1001 2861 1145 2927 Quid
1183 2860 1363 2931 igitur
1394 2864 1586 2931 petere
1614 2857 1702 2912 vis
1759 2875 1792 2911 ο.
1844 2855 2037 2910 credi-

386 2953 555 3009 tore?
602 2951 885 3008 Dominus
914 2950 1241 3006 mercedem
1276 2948 1410 3004 tibit
1440 2946 1573 3002 dedi
1605 2944 1885 3015 servo,cui
1919 2960 2034 2999 non

387 3043 658 3109 debebat,
691 3040 807 3097 noli
841 3041 1020 3113 igitur
1048 3039 1450 3110 impudentem
1487 3040 1539 3091 te
1570 3051 1767 3107 gerere
1799 3038 1854 3088 et
1902 3049 2036 3104 pre-

387 3131 554 3186 cibus
583 3130 700 3186 tuis
734 3129 997 3200 fatigare,
1032 3145 1102 3182 ne
1131 3144 1198 3181 ex
1229 3126 1301 3180 iis
1334 3141 1460 3196 qua)
1497 3123 1759 3196 possides
1801 3121 2034 3177 excidas

2155 541 2283 595 ’Ότε
2313 535 2369 592 δὲ
2401 537 2559 599 αὐτὸς
2590 537 2951 613 summust;
2978 541 3065 594 xui
3101 541 3166 595 τὰ
3196 539 3380 618 φύλλα
3410 539 3565 617 ἔραζε
3596 541 3809 616 πίπτει⁹

2153 629 2241 683 xui
2273 631 2339 682 τά
2369 626 2538 682 λοιπά
2569 627 2627 684 δὶ
2655 635 2751 684 τοῦ
2783 628 3004 705 δένδρου
3030 633 3129 700 τήν
3154 630 3418 707 προτέραν
3444 632 3587 709 ὥραν
3625 633 3807 689 οὐκέτι

2156 716 2291 792 ἔχει.
2323 717 2678 772 Παλιννοστεῖ
2705 720 2805 794 γὰρ
2837 719 2899 774 τὸ
2952 719 3219 795 ζωογόνον
3280 719 3356 783 εἲς
3412 722 3507 783 τάς
3565 723 3808 798 μητέρας

2156 806 2372 860 ἐκείνων
2404 806 2574 881 ῥίζας,
2607 807 2694 861 καὶ
2738 805 3034 882 ὑφεδρεύει,
3094 807 3183 862 καὶ
3246 809 3566 886 ὑποσμύχον
3624 817 3810 881 ζωπυ-

2155 895 2430 969 ρεῖταιεῖς
2487 893 2602 968 ἔαρ,
2665 894 2753 950 ὅτε
2807 893 2972 951 πάλιν
3025 897 3098 958 ὡς
3146 894 3215 950 δι’
3253 897 3579 974 ὑπαγωγέων
3641 906 3806 955 τινῶν

2155 978 2540 1056 ἐκθλιϐόμενον
2573 984 2855 1060 ἀνατρέχει
2888 985 2976 1040 καὶ
3007 990 3165 1060 γεννᾷ
3211 987 3278 1040 τὰ
3323 989 3546 1061 πέρυσιν
3606 989 3803 1064 ἀγαθά.

2152 1075 2292 1145 ’Ὁρα
2323 1077 2476 1147 γοῦν,
2509 1075 2726 1146 μήποτε
2755 1075 2841 1128 καὶ
2878 1074 2938 1128 σὺ
2997 1075 3235 1147 τοιούτῳ
3266 1073 3416 1150 λόγῳ
3473 1077 3805 1134 ὑποπεπτω-

2152 1183 2268 1234 κας,
2318 1161 2406 1215 καὶ
2553 1162 2613 1216 ού
2673 1164 2952 1241 σύμφορόν
3011 1185 3094 1218 σοι
3155 1163 3345 1220 λαλεῖν
3406 1164 3571 1239 ὕλην,
3638 1167 3689 1238 ἐξ
3741 1169 3812 1237 ἧς

2153 1256 2296 1313 ἔσται
2359 1258 2566 1334 βλάστη
2624 1261 2711 1314 καὶ
2786 1261 2993 1337 καρπὸς
3053 1262 3197 1332 ἄξιος
3249 1262 3414 1337 λόγου
3469 1265 3557 1319 xui
3620 1265 3810 1343 φύλλα

2153 1349 2238 1402 καὶ
2281 1346 2450 1416 λοιπή
2510 1355 2652 1403 πᾶσα
2709 1349 2898 1428 εὐφυΐα
2955 1355 3200 1426 χρηστοῦ
3253 1349 3499 1428 δένδρου,
3560 1355 3597 1423 ἤ
3660 1353 3813 1410 ἀλλὰ

2150 1437 2262 1507 καὶ,
2296 1436 2475 1492 εἴποτε
2536 1433 2730 1511 Λάϐης,
2784 1438 2908 1494 ἀλλ’
2941 1441 3092 1504 αὖθις
3136 1440 3540 1516 ἀπορρυήσεταί
3597 1465 3682 1498 σοι
3740 1444 3812 1499 τὰ

2153 1522 2416 1597 δεδομένα
2466 1523 2556 1580 διὰ
2584 1527 2646 1581 τὸ
2675 1529 2749 1599 μὴ
2779 1527 3011 1604 καίριον.
3073 1529 3273 1583 Σκόπει
3306 1527 3363 1584 δὲ
3410 1532 3522 1602 καὶ,
3587 1535 3812 1604 μήποτε

2153 1615 2564 1691 ἀκανθροφορῇς
2589 1617 2724 1670 κατὰ
2747 1617 2842 1678 τὰς
2875 1616 3112 1691 ῥάμνους
3159 1619 3270 1690 (xui
3321 1616 3410 1674 διὰ
3454 1625 3618 1676 τοῦτο
3677 1620 3810 1678 οὐδὲ

2151 1704 2628 1780 καρποφορεῖς),ἢ
2671 1707 2806 1760 κατὰ
2833 1705 2962 1768 τοὺς
3005 1707 3200 1781 βάτους
3250 1708 3340 1763 xui
3394 1709 3522 1772 τοὺς
3580 1711 3808 1786 ἀγρίους

2152 1792 2342 1854 ἀπίους
2396 1793 2506 1865 (xui
2537 1791 2604 1848 δι’
2638 1794 2770 1849 αὐτὸ
2822 1794 2998 1872 φέρεις
3050 1796 3148 1868 μὲν
3204 1799 3433 1871 καρπὸνη
3491 1803 3810 1878 περιφερεις

2153 1879 2197 1935 δ’
2251 1881 2469 1949 ἐκεῖνον,
2527 1883 2713 1936 ὁποῖον
2775 1884 2886 1958 χρὴ
2936 1887 3375 1961 τελεσφορεῖσθαι
3435 1893 3587 1964 φυτῷ
3644 1890 3811 1945 ἀκάν-

2149 1971 2234 2024 θαι
2329 1968 2626 2046 φρίσσοντι,
2719 1971 2806 2025 xui
2902 1973 2967 2026 τὰ
3057 1976 3512 2048 προσαπτομένας
3607 1984 3807 2054 χεῖρας

2151 2057 2489 2131 ἀμύσσοντι).
2551 2060 2617 2113 Ἦ
2674 2061 2775 2135 γὰρ
2832 2060 2892 2114 ού
2943 2062 3225 2138 σμικρύνει
3259 2065 3389 2128 Θεὸς
3429 2067 3521 2120 καὶ
3578 2067 3810 2142 ἀχρειοῖ

2150 2146 2458 2221 ἄνθρωπον,
2515 2147 2574 2209 ’ὸς
2611 2147 2646 2216 ἢ
2676 2156 3072 2228 καρποτροφεῖν
3121 2151 3183 2206 ού
3231 2151 3487 2230 πέφυκεν,
3547 2155 3584 2223 ἢ
3616 2156 3807 2234 τρέφει

2153 2234 2246 2307 μὲν
2305 2236 2550 2310 καρπὸν,
2609 2237 2868 2312 κεντρίζει
2929 2236 2986 2293 δὲ
3039 2238 3167 2302 τοὺς
3251 2240 3657 2316 προσάπτεσθαι
3710 2245 3806 2299 xui

2149 2320 2431 2398 δρέπεσθαι
2488 2322 2784 2395 Θέλονταςς
2836 2323 2994 2400 Εὕξαι
3054 2327 3134 2400 τῷ
3178 2334 3332 2401 Θεῷ,
3390 2331 3464 2392 ὡς
3510 2332 3601 2386 καὶ
3661 2333 3806 2389 ἀπο-

2147 2410 2327 2467 δοῦναι
2359 2411 2503 2485 αύτῷ
2526 2415 2620 2476 τὰς
2653 2415 2836 2491 εὐχάς,
2867 2417 2956 2470 xui
3015 2414 3236 2472 ἕλπισον
3286 2417 3368 2472 ἐπ’
3427 2420 3656 2494 ἐκεῖνον,
3710 2424 3805 2477 καὶ

2145 2501 2302 2563 αύτὸς
2351 2505 2610 2573 ποιήσει.
2680 2504 3120 2582 Πληροφόρησον
3179 2515 3280 2576 τήν
3341 2507 3654 2580 μετάδοσιν,
3708 2514 3805 2566 xui

2145 2587 2398 2646 ἐπιδώσει
2455 2613 2560 2646 σοι.
2597 2593 2852 2668 Δρόσισον
2885 2593 3080 2670 χεῖλος
3136 2593 3330 2667 ἐνδεὲς,
3392 2597 3804 2672 ὑποκαιόμενον

2146 2676 2328 2751 δίψει,
2386 2681 2475 2734 καὶ
2535 2677 2799 2756 ἐπιϐρέξει
2858 2704 2942 2737 σοι
3000 2681 3197 2748 ἄνωθεν
3251 2686 3316 2739 τά
3375 2687 3646 2762 ζωογόνα,
3708 2693 3805 2744 xui

2144 2767 2273 2822 αὐτὸ
2323 2765 2379 2822 δὶ
2435 2768 2624 2842 μάννα,
2684 2771 2744 2825 τὸ
2801 2771 2888 2826 xui
2949 2773 3243 2846 νοούμενον
3299 2774 3389 2828 καὶ
3445 2778 3803 2853 φαινόμενον.

2144 2862 2212 2910 ’Ή
2273 2852 2469 2932 ῥάϐδον
2531 2860 2624 2932 μὲν
2685 2857 2832 2923 οἶδας
2896 2860 3274 2937 βλαστήσασαν
3309 2907 3323 2933 ,
3391 2852 3481 2918 xui
3541 2867 3683 2940 φυτᾶ
3747 2865 3804 2922 δέ

2147 2946 2312 3020 μυρία
2360 2945 2419 3001 ἐκ
2455 2949 2767 3024 νεκρώσεως
2816 2950 3231 3020 ἀναθηλήσαντα
3287 2949 3437 3028 λόγῳ
3493 2953 3581 3007 xui
3646 2955 3804 3028 μόνῳ

2142 3039 2248 3088 τῶν
2299 3040 2396 3090 τοῦ
2428 3041 2559 3091 Θεοῦ
2586 3037 2964 3113 θεραπόντων;
2995 3037 3157 3094 αὐτὸν
3217 3036 3275 3094 δέ
3325 3061 3404 3109 σε,
3461 3042 3526 3096 τὸ
3557 3036 3635 3097 ἔτι
3688 3037 3806 3098 ἔνι-

2143 3144 2281 3196 κμον
2339 3125 2523 3202 φυτὸν,
2583 3127 2646 3181 τὸ
2703 3131 2793 3181 νῦν
2857 3128 2949 3200 μὲν
3007 3128 3350 3204 ἠγριωμένον
3411 3132 3676 3200 πάθεσιν,
3745 3133 3806 3189 ἐκ

387 3237 444 3290 et
474 3231 624 3288 servi
656 3197 884 3284 inutili—s
928 3232 1144 3283 sortem
1201 3224 1490 3296 obtingas.
1551 3224 1720 3278 Pater
1774 3222 2033 3277 heredes

2147 3219 2475 3296 παραδείσου
2537 3221 2593 3278 δὲ
2642 3225 2890 3280 ἀνέκαθεν
2941 3227 3200 3304 πεφυκὸς,
3251 3226 3350 3282 οὐκ
3396 3224 3513 3303 ἔχει
3547 3236 3803 3306 μοσχεῦ-

387 3321 747 3393 designavit;
782 3335 897 3373 non
928 3316 1105 3389 igitur
1138 3315 1193 3370 in
1227 3332 1294 3370 ea
1323 3319 1413 3369 est
1444 3313 1811 3378 necessitate,
1859 3327 2032 3380 quam

387 3417 449 3466 tu
474 3411 523 3465 ei
549 3409 866 3465 attribuere
888 3407 995 3461 vis.
1028 3409 1275 3475 Magnus
1301 3403 1439 3458 olim
1474 3402 1732 3474 possedit
1757 3401 1898 3467 Job;
1931 3400 2033 3454 sed

386 3500 584 3556 omnia
615 3496 1013 3570 perdidit,imo
1046 3511 1108 3550 se
1139 3494 1332 3564 ipsum
1366 3490 1847 3558 amisit._Eftluxit
1876 3488 2032 3543 enim

386 3590 445 3644 in
477 3588 701 3644 saniem
736 3585 1050 3650 resolutus,
1078 3600 1181 3639 nec
1239 3587 1432 3637 tamen
1493 3581 1676 3636 Deum
1738 3577 2036 3657 accusavit

382 3677 830 3739 inconsiderate,
892 3690 1004 3728 non
1065 3673 1137 3726 de
1192 3669 1531 3742 repetundis
1589 3666 1905 3740 postulavit
1931 3681 2034 3720 nec

383 3767 532 3822 dixit
561 3783 622 3822 se
654 3764 876 3835 aliquid
917 3762 1207 3830 amisisse,
1268 3761 1368 3814 sed
1430 3760 1488 3813 in
1549 3758 1663 3813 Deo
1724 3759 2034 3812 facutatem

380 3855 557 3910 dandi
591 3859 645 3909 et
677 3853 961 3924 eripiendi
993 3850 1247 3922 agnovit.
1287 3848 1468 3919 Igitur
1497 3847 1570 3902 ob
1621 3846 2033 3918 gratitudinem

380 3961 496 3998 non
556 3945 834 4012 majorem
895 3940 1227 3996 felicitatem
1290 3936 1597 3992 affectavit.
1659 3937 1776 4006 Ego
1837 3941 2034 3990 autem

382 4037 580 4086 metuo
611 4047 684 4086 ne
715 4031 867 4085 Deus
902 4029 1174 4100 precibus
1205 4027 1323 4080 tuis
1357 4025 1636 4096 fatigatus
1667 4024 1773 4080 tibi
1808 4025 1904 4078 det
1934 4039 2038 4091 aut

381 4119 578 4191 potius
610 4119 882 4174 restituat
912 4117 1066 4188 quod
1109 4115 1214 4170 tibi
1266 4115 1654 4186 expetendum
1715 4131 1830 4168 non
1890 4119 2032 4168 erat.

383 4220 525 4273 Cum
571 4218 728 4273 enim
766 4219 875 4272 Deo
907 4215 1118 4271 dedisti
1149 4216 1301 4286 quod
1337 4231 1442 4286 par
1468 4229 1581 4268 non
1613 4218 1758 4282 erat,
1791 4219 1854 4268 tu
1887 4231 2034 4285 quo-

380 4302 496 4380 que
527 4307 798 4378 redipisci
831 4307 1010 4361 debes
1041 4322 1164 4375 quas
1192 4303 1471 4359 nolueris.
1533 4303 1643 4358 Job
1703 4303 1855 4358 inter
1909 4303 2036 4358 dira

382 4402 671 4453 tormenta
704 4401 815 4451 Deo
848 4412 961 4451 non
995 4394 1318 4465 incongrua
1349 4392 1514 4459 dixit,
1549 4397 1612 4446 tu
1646 4396 1863 4454 autem,
1917 4408 2036 4447 non

383 4486 600 4543 similia
632 4501 866 4558 passus,
897 4499 1030 4538 eum
1065 4481 1658 4554 blasphemas.lgitur
1689 4481 1758 4534 ab
1792 4497 1858 4536 eo
1889 4481 2036 4536 reci-

2145 3331 2271 3381 σαι,
2328 3312 2416 3366 xui
2479 3314 2554 3377 ὡς
2611 3315 2724 3368 οἷον
2788 3312 2857 3369 δι’
2914 3311 3230 3388 ἐπεμϐολῆς
3291 3325 3654 3390 μεταποιῆσαι
3721 3321 3801 3382 εἷς

2144 3400 2316 3471 πάντη
2377 3401 2608 3477 ἥμερον,
2678 3403 2766 3457 καὶ
2839 3401 3272 3459 καταπλουτίσαι
3330 3405 3405 3467 εἷς
3479 3404 3801 3483 ἔγκαρπονς

2145 3490 2308 3566 Ἀφες
2355 3490 2595 3545 ἀπαιτεῖν
2648 3492 2738 3546 τὸν
2792 3493 2920 3547 Θεὸν
2956 3536 2969 3561 ,
3042 3492 3134 3547 καὶ
3191 3493 3350 3558 αὐτὸς
3407 3491 3568 3550 δώσει
3631 3499 3798 3555 ἑκών.

2145 3578 2259 3634 Ούκ
2312 3578 2577 3650 ἐζήτησας
2637 3581 2728 3635 τὸν
2787 3581 2914 3636 Θεὸν
2952 3624 2966 3648 ,
3026 3580 3076 3635 ἐν
3142 3582 3328 3654 κοιλίᾳ
3403 3583 3798 3664 συλληφθῆναι

2148 3667 2353 3742 μητρός
2391 3686 2402 3698 ⁶
2460 3669 2549 3723 xui
2608 3668 2781 3739 ἐκείνη
2843 3665 3102 3725 συνέλαϐε
3159 3693 3215 3726 σε
3247 3716 3262 3729 .
3317 3671 3430 3729 Οὐκ
3487 3674 3800 3750 ἠνάγκασας

2144 3756 2467 3834 πφοσελοεῖν
2531 3760 2763 3833 μήτρας,
2796 3759 2885 3814 καὶ
2935 3765 3048 3836 φῶς
3081 3757 3236 3829 ἰδεῖν,
3294 3763 3383 3815 xui
3444 3761 3802 3839 ἐκτραφῆναι,

2143 3847 2230 3900 xui
2267 3841 2560 3919 προϐῆναι,
2620 3847 2744 3902 ὅποι
2803 3853 2892 3902 νῦν
2951 3845 3200 3920 ἕστηκαςο
3254 3851 3341 3905 καὶ
3399 3856 3567 3906 ταῦτα
3623 3852 3805 3908 πάντα

2143 3935 2332 4010 γέγονέ
2392 3958 2473 3990 σοι
2532 3937 2898 4014 ἀπραγμόνως
2956 3937 3195 4002 ἐκεῖθεν.
3273 3941 3460 3994 Ἔσται
3515 3945 3647 4015 γοῦν
3709 3963 3802 3998 σοι

2147 4022 2354 4095 ὁμοίως
2407 4022 2496 4078 xui
2554 4025 2620 4078 τὰ
2677 4025 2886 4103 ἐφεξῆς,
2921 4026 2968 4080 3i
3027 4026 3192 4098 μόνον
3255 4025 3432 4081 ἔκεῖνα
3486 4034 3684 4098 ποιεῖς,
3719 4028 3798 4084 ὧν

2143 4113 2443 4188 γινομένων
2476 4113 2564 4167 xui
2607 4113 2672 4167 τὰ
2729 4111 2872 4168 ἄλλα
2930 4115 3275 4190 προτίθενται
3316 4117 3406 4170 xui
3465 4116 3798 4195 ὀροφοῦνται

2146 4211 2218 4271 ὡς
2291 4209 2374 4265 ἐπὶ
2453 4209 2690 4283 θεμελίῳ
2764 4212 2991 4288 στερρῷ.
3062 4212 3128 4268 Τί
3204 4210 3662 4287 ἄνταποδώσομεν
3720 4221 3802 4289 τῷ

2147 4299 2409 4372 Δεσπότῃ,
2441 4299 2529 4354 καὶ
2586 4299 2918 4373 ἀποροῦμεν,
2979 4301 3066 4356 xui
3126 4300 3520 4375 μεθοδεύομεν,
3569 4304 3645 4366 ὡς
3702 4308 3800 4360 οἷα

2147 4385 2361 4458 δηλαδὴ
2417 4384 2582 4458 δόντι,
2641 4390 2728 4443 xui
2791 4389 2962 4452 οὕτως
3021 4387 3434 4465 ἐποφειλομένῳ
3474 4393 3539 4446 τὸ
3572 4393 3798 4463 ἀντιση-

2145 4481 2272 4531 κοῦν
2302 4497 2314 4546 ;
2347 4476 2410 4530 Τί
2457 4481 2586 4550 γοῦν
2620 4476 2863 4532 ἀπαιτεῖν
2897 4477 3096 4540 ἐθέλεις
3144 4479 3237 4533 τὸν
3297 4481 3755 4554 χρεωστούμενον
3785 4502 3801 4552 ;

383 4576 506 4647 pies
537 4577 690 4647 quod
727 4574 832 4629 tibi
864 4577 1093 4645 gratum
1127 4571 1370 4626 minime
1419 4569 1546 4635 erit,
1608 4569 1718 4624 nisi
1778 4570 2032 4626 charitas

2147 4562 2408 4620 Ἀπέδοτό
2442 4585 2526 4619 σοι
2551 4566 2640 4619 τὸν
2699 4565 2889 4639 μισθὸν
2942 4567 2970 4620 6
3021 4566 3320 4638 Δεσπότης,
3371 4568 3463 4623 xui
3495 4574 3668 4624 ταῦτα
3719 4572 3797 4643 μὴ

382 4664 579 4719 divina
633 4662 790 4718 mala
843 4680 875 4717 a
932 4667 986 4716 te
1043 4661 1249 4715 aufert.
1283 4659 1338 4713 Si
1374 4664 1565 4713 autem
1598 4658 1670 4712 ob
1702 4659 2032 4714 vexationes

387 4770 724 4808 murmuras
753 4757 810 4808 et
841 4749 1122 4824 quereris,
1159 4756 1212 4804 te
1243 4749 1535 4814 interrogo
1571 4764 1584 4802 :
1621 4752 1695 4801 De
1725 4763 1839 4817 quo
1899 4764 2035 4818 que-

385 4843 531 4898 reris
587 4842 852 4897 amisso?
903 4845 1052 4896 Sane
1110 4839 1269 4893 dices
1329 4837 1488 4891 nulla
1529 4842 1583 4891 te
1616 4853 1676 4892 re
1707 4852 1874 4908 egere
1906 4854 2031 4908 qua:

386 4929 642 4986 hominis
675 4936 891 4984 natura
924 4925 1432 4985 convenit.0mnia
1461 4923 1564 4978 tibi
1612 4926 1766 4979 bona
1824 4933 2032 4996 prmsto

385 5025 546 5075 sunt.
579 5019 954 5073 Metueudum
987 5017 1091 5071 tibi
1125 5033 1241 5071 non
1273 5018 1360 5070 est
1391 5031 1460 5068 ne
1492 5014 1549 5068 in
1585 5015 1854 5068 morbum
1887 5014 2031 5069 inci—

384 5110 508 5164 das.
539 5108 749 5163 Omnia
780 5124 954 5178 opera
983 5106 1244 5161 humana
1276 5103 1551 5176 perﬁcere
1584 5102 1738 5172 potis
1785 5119 1847 5157 es
1897 5104 2033 5157 inde

385 5217 417 5253 a
475 5199 664 5271 prima
720 5203 886 5252 (etate
929 5213 1056 5267 quas
1093 5194 1253 5249 humi
1287 5197 1436 5264 repit
1464 5196 1521 5246 et
1551 5191 1643 5244 vix
1673 5197 1881 5262 sponte
1913 5209 2034 5246 mo-

382 5295 564 5344 vetur.
600 5289 740 5342 Ecce
772 5292 827 5341 te
857 5285 1130 5342 vestitum
1161 5290 1217 5338 et
1247 5299 1425 5354 super
1471 5280 1763 5336 columnis
1821 5281 2032 5347 firmis,

382 5387 628 5458 pedibus
667 5385 796 5440 dico
831 5426 844 5450 ,
887 5383 1273 5439 constitutum
1342 5379 1705 5434 incedentem
1744 5419 1756 5432 .
1825 5377 2036 5435 Omnia

383 5491 574 5546 porro,
607 5473 823 5545 quibus
853 5471 1077 5528 homini
1112 5472 1180 5526 ad
1215 5468 1605 5524 incedendum
1639 5471 1695 5520 et
1724 5465 1871 5520 alias
1902 5483 2036 5538 ope-

384 5563 641 5617 rationes
673 5579 820 5633 opus
853 5566 962 5626 est,
990 5560 1194 5624 babes,
1227 5559 1346 5613 sive
1378 5555 1575 5620 homo,
1639 5554 1757 5609 sive
1809 5553 2031 5609 animal

385 5649 630 5720 simplex
686 5649 990 5719 specteris,
1023 5647 1182 5704 dives
1215 5663 1296 5702 es.
1331 5645 1482 5710 Quid
1515 5644 1689 5716 igitur
1724 5643 2036 5702 Dominum

2143 4654 2374 4714 ὀφείλων
2413 4653 2636 4727 μισθοὺς
2687 4660 2766 4727 τῷ
2798 4652 3002 4728 δούλῳ.
3054 4657 3219 4732 Ἄφες
3273 4656 3363 4712 οῦν
3425 4656 3798 4723 ἀναιδεύεσθαι

2141 4744 2230 4797 xui
2261 4749 2699 4818 προσεπιζητείν,
2737 4745 2813 4817 μή
2844 4745 2934 4800 καὶ
2984 4746 3056 4799 ὧν
3105 4742 3250 4820 ἔχεις
3281 4745 3534 4818 ἐκπέσης,
3588 4749 3675 4802 xui
3730 4748 3800 4802 τὰ

2142 4837 2236 4887 τοῦ
2287 4832 2506 4908 ὀχρείου
2566 4830 2766 4887 δούλου
2833 4835 3261 4904 καθυποσταίῆς.
3326 4834 3792 4911 Ἐκληροδότησεν

2145 4923 2172 4976 6
2206 4923 2412 4995 Πατήρ·
2448 4921 2623 4976 ούκέτι
2651 4925 2779 4998 γοῦν
2815 4923 3048 4998 ἀνάγκην
3099 4920 3220 4999 ἔχοι
3268 4923 3548 4998 τοιαύτην,
3599 4926 3794 4980 ὁποίαν

2145 5031 2227 5063 σοι
2260 5008 2473 5084 ἐπάγειν
2508 5009 2732 5072 ἐθέλεις.
2773 5009 2904 5086 Εἶχε
2960 5031 3094 5066 ποτε
3149 5013 3178 5067 6
3227 5013 3395 5087 μέγας
3457 5009 3605 5078 Ἰῴϐ’
3667 5011 3795 5068 ἀλλ’

2145 5098 2356 5168 ἐξέπεσε
2385 5100 2626 5166 πάντων,
2679 5100 2754 5153 ὧν
2787 5100 2921 5173 εἶχε,
2955 5099 3043 5154 xui
3077 5100 3251 5156 ούκὲτ’
3306 5102 3448 5175 εἶχεν
3482 5099 3610 5156 οὐδὲ
3661 5102 3788 5156 ἑαυ-

2142 5183 2256 5244 τόν.
2317 5187 2579 5264 Ἀπέῥρεε
2630 5188 2755 5262 γὰρ,
2819 5187 2892 5250 εἰς
2954 5188 3162 5264 ἰχῶρας
3215 5189 3608 5263 ἀναλυόμενος·
3666 5189 3795 5244 aM

2145 5279 2246 5332 οὐκ
2303 5275 2612 5340 ἐλογίστευε
2657 5278 2750 5332 τὸν
2793 5278 2944 5345 Θεὸν,
2998 5278 3102 5333 οὐκ
3135 5277 3638 5354 ἐπολυπραγμόνει,
3692 5278 3796 5333 οὐκ

2147 5376 2344 5446 ἐζήτει,
2379 5373 2503 5431 οὐδὲ
2539 5377 2644 5448 μὴν
2678 5374 2880 5452 ἔλεγεν,
2915 5375 3328 5432 ἀπολωλεκέναι
3375 5397 3448 5432 τι·
3502 5375 3646 5432 ἀλλὰ
3692 5377 3788 5430 τὸν

2147 5465 2345 5539 Κύριον
2406 5465 2494 5520 xui
2553 5462 2733 5520 δοῦναι
2787 5465 2876 5519 xui
2922 5463 3210 5542 ἀφελέσθαι
3261 5465 3608 5544 ἀπεφαίνετο.
3641 5465 3790 5521 Οὐκ-

2147 5559 2237 5608 οῦν
2293 5554 2590 5626 ἀνέκαμψεν
2653 5553 2728 5617 εἰς
2783 5555 2843 5608 τὸ
2893 5552 3035 5608 πολὺ
3085 5561 3325 5626 κρεῖττον
3385 5555 3476 5610 xui
3534 5552 3786 5626 εὔδαιμον

2149 5642 2236 5698 διὰ
2286 5643 2348 5698 τὸ
2406 5643 2752 5719 εὐχάριστον.
2814 5643 2952 5718 Ἐγὼ
3020 5640 3075 5698 δὶ
3124 5645 3213 5698 xui
3267 5640 3625 5719 εὐλαϐοῦμαι,
3684 5645 3789 5716 μή·
