4114 6200
218 337 330 398 ’113

1242 334 1325 396 ΙΝ
1369 335 1436 395 S.
1484 333 2176 405 QUADRAGESIMAM
2217 335 2508 401 ORATIO
2552 339 2656 402 IV.

3520 343 3640 402 714

214 489 346 523 ποτε
403 465 770 543 παρενοχλῶν
809 470 890 538 τῷ
934 470 1052 540 Θεῷ
1109 459 1302 540 λάϐῃς,
1362 462 1575 537 μᾶλλον
1624 465 1718 538 μὲν
1777 463 1867 519 οὗν

1989 468 2478 538 liberalissimum,
2521 470 3019 542 gloriosissimum
3069 473 3336 545 fatigas?
3365 477 3480 529 Cur
3523 491 3640 532 non

215 551 534 630 ἀντιλάϐῃς,
567 556 765 618 ἐκεῖθεν
798 555 860 609 τὸ
901 552 1046 627 ἀξιον
1098 555 1218 626 μὲν,
1264 554 1585 610 ἀπευκταῖον
1645 553 1704 610 δέ
1759 575 1864 609 σοι.

213 645 448 703 Διδόντα
476 645 578 722 γάρ
638 665 696 699 σε
750 648 831 716 τῷ
881 649 1018 716 Θεῷ,
1078 646 1212 718 ἅπερ
1260 642 1360 698 οὐκ
1396 642 1590 719 ἔχρῆν,
1645 643 1866 699 ἀντιλα-

209 733 323 792 ϐεῖν
373 737 580 811 χρεὼν,
642 732 674 787 ἃ
732 735 808 806 μὴ
873 729 1229 808 βεϐούλησαι.
1290 734 1530 808 Πάσχων
1592 730 1780 795 δεινῶς
1843 733 1870 786 ὁ

207 828 220 848 ν
262 821 334 846 sp
457 824 469 840 ν
565 820 591 843 ν
1016 821 1030 841 I
1230 825 1256 836 ~
1403 827 1430 836 ~
1560 821 1570 837 ε
1652 819 1694 838 M
1858 829 1871 845 ι

224 829 356 896 Ιωο,
414 846 514 879 ουκ
565 820 761 878 εδωκεν
825 823 1135 899 ἀφροσυνην
1190 843 1271 893 τῳ
1327 827 1465 893 Θεῳ·
1525 843 1588 875 συ
1647 837 1724 890 οε,
1779 844 1872 877 και

209 920 382 971 ταῦτα
435 914 662 989 πάσχων
712 909 865 967 οὐδὲν
896 909 1125 989 φαῦλον,
1158 908 1321 974 δίδως
1352 909 1587 986 ἄφρονας
1647 909 1871 985 λόγους.

212 1008 486 1062 Τοιοῦτον
537 1002 640 1077 γὰρ
697 1002 760 1055 τὸ
820 1001 913 1055 σὸν
953 999 1280 1076 βλάσφημον
1345 1001 1434 1054 καὶ
1492 999 1872 1070 ἀπαιτητικόν.

205 1096 420 1149 Οὐκοῦν
458 1091 738 1163 ἀντιλήψῃ
790 1089 990 1153 έκεῖθεν
1044 1090 1105 1143 τὸ
1165 1088 1249 1143 σοὶ
1309 1083 1640 1158 ἀϐούλητον,
1691 1089 1735 1142 εἷ
1799 1091 1874 1162 μὴ

1978 558 2126 613 sinis
2156 575 2290 613 eum
2322 560 2481 631 regio
2511 577 2650 632 erga
2679 566 2735 615 te
2784 562 2980 617 animo
3013 579 3165 625 esse.
3195 568 3251 617 et
3286 562 3487 635 largiri
3530 564 3639 620 tibi

1979 649 2303 702 secundum
2363 648 2707 704 charitatem
2763 652 2980 705 suam?
3026 673 3054 702 ι(
3089 652 3230 716 Quis
3279 653 3518 708 tandem
3578 669 3640 710 es

1979 737 2166 806 tu,qui
2200 754 2433 793 servum
2465 737 2720 793 alienum
2746 739 3027 807 judicas?
3049 761 3075 788 »
3109 740 3329 810 aliquis
3360 743 3636 809 audierit,

1984 825 2082 895 qui
2127 825 2318 880 alieno
2368 841 2532 881 servo
2572 827 2746 896 jussa
2789 828 2928 882 dare
2976 829 3299 898 praesumit.
3331 829 3637 891 Quomodo

1984 913 2168 984 igitur
2197 931 2312 968 non
2345 913 2470 985 ipse
2500 931 2733 986 quoque
2763 916 2977 971 metuis
3009 933 3081 972 ne
3113 919 3346 988 quando
3383 918 3591 973 audias
3620 935 3634 972 :

1985 1003 2151 1057 Unde
2172 1007 2235 1056 tu
2257 1003 2421 1059 venis
2444 1005 2582 1074 quia
2600 1021 2634 1059 a
2649 1004 2897 1060 Domino
2915 1010 3014 1061 tuo
3037 1007 3322 1063 rationem
3345 1007 3451 1063 tibi
3473 1009 3639 1064 reddi

1988 1091 2327 1162 expostules
2354 1093 2382 1147 ?
2414 1114 2442 1142 »

201 1181 377 1257 ἄραὴ
416 1182 531 1246 θεία
563 1178 950 1258 φιλανθρωπία
1004 1178 1434 1252 προσισταμένη,
1493 1179 1554 1232 τὸ
1617 1177 1860 1252 βλάπτον
1921 1178 2189 1254 ἀπαγάγοι
2245 1177 2304 1233 ἐκ
2361 1184 2476 1236 σοῦ.
2534 1187 2708 1235 Ἔστω
2748 1178 2806 1235 δὲ
2862 1180 2946 1234 ὅτι
3002 1181 3091 1236 καὶ
3148 1183 3379 1257 πάσχῶν
3438 1183 3650 1259 γογγύ-

205 1279 318 1342 ζεις
379 1272 473 1326 καὶ
536 1269 752 1330 λαλεῖς.
815 1270 1036 1342 Ἐρωτῶ
1094 1265 1182 1337 δή.
1247 1268 1364 1322 Ἐπὶ
1416 1268 1528 1322 τίνι
1581 1268 1885 1343 γογγύζεις,
1942 1268 2034 1322 καὶ
2091 1269 2239 1332 τίνος
2296 1268 2660 1343 λειπόμενος;
2725 1270 3014 1334 Λείπεσθαι
3076 1273 3172 1343 μὲν
3233 1271 3374 1346 ἐρεῖς
3433 1271 3495 1328 ἂν
3550 1272 3642 1328 ού-

203 1361 368 1422 δενὸς
425 1364 536 1414 τῶν
593 1357 691 1412 ὅσα
751 1355 1035 1433 ἐπιπρέπει
1093 1354 1407 1430 ἀνθρώπῳ.
1483 1353 1780 1427 Ὁλομελές
1833 1377 1915 1411 σοι
1973 1357 2036 1411 τὸ
2087 1355 2257 1411 καλὸν
2312 1359 2402 1412 καὶ
2456 1359 2630 1430 πάντη
2677 1355 2859 1432 ἄρτιον
2893 1401 2905 1415 .
2987 1358 3102 1416 Οὐκ
3162 1358 3307 1434 ἔχεις
3368 1361 3642 1430 κίνδυνον,

206 1453 537 1512 ἀνακεῖσθαι
620 1446 947 1522 ἀρρώστως.
1029 1443 1237 1514 Ἔξεστί
1323 1465 1407 1498 σοι
1491 1443 1808 1520 ἐργάζεσθαι
1884 1445 2100 1518 πάντα,
2178 1447 2277 1500 ὅσα
2348 1451 2466 1502 κατ’
2540 1445 2822 1524 ἄνθρωπον
2900 1448 3006 1502 ἀπὸ
3079 1454 3291 1523 γυμνοῦ
3368 1445 3634 1525 έμϐρύου,

202 1540 303 1595 καὶ
363 1538 475 1592 ἀπὸ
554 1535 786 1612 βρέφους
863 1533 1248 1604 ἷΛυσπωμένου
1321 1534 1446 1604 περὶ
1499 1540 1599 1605 γῆν
1638 1580 1652 1602 ,
1713 1534 1803 1588 καὶ
1866 1536 1941 1606 μὴ
2001 1532 2228 1610 ἔχοντος
2279 1536 2548 1591 ἀνανεύειν
2584 1579 2597 1592 .
2661 1534 2800 1593 Ἰδοὺ
2855 1537 2945 1591 καὶ
3003 1535 3330 1610 ένδέδυσαι,
3387 1540 3477 1593 καὶ
3547 1539 3636 1595 έπί

197 1627 412 1683 κιόνων
474 1626 767 1700 σταθερῶν,
828 1626 934 1676 τῶν
995 1618 1203 1688 ποδῶν,
1264 1617 1447 1695 ὄρθιος
1507 1619 1902 1692 ἀνεστήλωσαι.
1959 1623 2032 1676 Οὐ
2095 1625 2200 1693 μὴν
2259 1621 2315 1680 δὲ
2347 1623 2494 1680 ἀλλά
2549 1625 2636 1679 καὶ
2691 1627 2758 1679 τά
2815 1625 2890 1687 είς
2946 1627 3048 1694 τὴν
3083 1627 3302 1701 πορείαν
3334 1625 3640 1683 καὶτᾶλλα

198 1727 389 1771 πάντα
445 1715 546 1768 ὅσα
600 1712 910 1768 κατευθύνει
966 1710 1058 1765 τὸν
1120 1707 1404 1784 ἄνθρωπον
1463 1710 1536 1771 ὡς
1587 1711 1676 1764 καὶ
1736 1715 1875 1780 ζῶον
1930 1712 2120 1774 ἁπλῶς
2178 1713 2268 1767 καὶ
2322 1715 2396 1775 ὡς
2455 1712 2761 1789 ἄνθρωπον,
2818 1712 3098 1775 πλουτεῖς.
3157 1714 3225 1771 Τί
3281 1712 3339 1769 δὲ
3399 1714 3491 1770 οὖν
3545 1717 3637 1770 τὸν

191 1810 374 1861 ταῦτα
457 1800 968 1881 φιλοτιμησάμενον
1060 1797 1638 1874 μεγαλοπρεπέστατον
1725 1801 2003 1870 Δεσπότην
2091 1800 2307 1877 ὀχλεῖς,
2387 1805 2478 1856 καί
2559 1801 2657 1856 οὐκ
2734 1802 2902 1877 ἀφίης
2965 1801 3266 1876 βασιλικῶς
3334 1801 3639 1868 διακεῖσθαι

201 1895 338 1971 περὶ
399 1895 480 1966 σὲ,
541 1891 632 1947 καὶ
691 1887 1017 1959 ἐπιδιδόναι,
1075 1889 1248 1945 ὁπόσα
1305 1888 1492 1962 ἐκείνῳ
1551 1889 1690 1944 ἐστὶν
1745 1890 2010 1960 ἐθέλοντι,
2096 1893 2234 1947 κατά
2307 1897 2370 1947 τὸ
2449 1891 2500 1946 έν
2573 1892 2719 1964 αύτῷ
2777 1890 3293 1970 φιλεύσπλαγχνον;
3357 1917 3385 1946 ‹‹
3440 1894 3537 1957 Τίς
3593 1896 3645 1949 εἶ

197 1985 292 2054 cr"),
353 1985 381 2038 6
443 1983 639 2059 κρίνων
697 1979 998 2056 ἀλλότριον
1056 1977 1312 2048 οἰκέτην;
1369 2003 1397 2030 ›)
1453 1978 1678 2034 ἀκούσοι
1733 1980 1793 2034 ἄν
1847 2000 1952 2049 τις,
2001 1981 2130 2036 αύτό
2189 1982 2615 2052 κατεξουσιάζειν
2675 1979 2972 2058 ἀλλοτρίου
3031 1979 3233 2037 δούλου
3262 1983 3634 2058 πειρώμενος.

197 2073 263 2130 Τί
323 2075 457 2147 γοῦν
517 2071 580 2126 ού
639 2067 884 2133 δέδοικας
940 2068 1032 2123 καὶ
1084 2069 1269 2135 αὐτὸς,
1333 2069 1546 2141 μήποτε
1612 2067 1850 2143 ἀκούσῃς
1899 2071 2059 2124 ποθὲν
2118 2070 2203 2125 τό·
2265 2095 2294 2123 ιι
2355 2070 2520 2126 Πόθεν
2565 2069 2628 2126 σὺ
2679 2070 3048 2147 ἀναπέφηνας,
3105 2074 3202 2126 τοῦ
3232 2075 3329 2126 σοῦ
3361 2073 3641 2128 Δεσπότου

203 2163 484 2239 λογιστης
509 2181 524 2231 ;
560 2183 590 2212 »

283 2296 399 2363 μα’.
464 2287 605 2363 Φέρε
634 2281 772 2340 εἷ’πω
820 2305 904 2339 σοι
957 2283 1476 2360 κεφαλαιωσάμενος
1509 2283 1710 2358 λόγον,
1743 2283 1883 2338 ἀντι-
1911 2289 1960 2355 Β

205 2378 438 2458 φάσκειν
501 2376 597 2449 μὲν
645 2371 928 2458 δοκοῦντα,
988 2377 1056 2447 τῇ
1116 2370 1162 2426 δ’
1223 2371 1452 2444 ἀληθείᾳ
1507 2371 1583 2436 εἷς
1630 2373 1682 2427 ἒν
1733 2394 1870 2447 συμ-

207 2456 526 2543 φωνοῦντα.
584 2463 700 2521 Ούκ
748 2456 858 2516 ἔστι
895 2462 1004 2516 τῶν
1035 2461 1086 2516 ἐν
1119 2463 1254 2533 ἡμῖν
1283 2459 1436 2516 οὐδὲν
1495 2463 1634 2532 ἴσον,
1687 2462 1778 2516 καὶ
1807 2460 1873 2517 αὖ

207 2555 382 2612 πάλιν
447 2551 600 2609 οὖδέν
660 2551 770 2608 ἐστι
823 2556 929 2606 τῶν
992 2550 1044 2606 έν
1074 2553 1210 2624 ἡμῖν
1252 2547 1455 2609 ἄνισον.
1491 2555 1875 2626 Πνευματικῶς

211 2644 260 2700 δ’
324 2644 555 2708 ἐνταῦθα
613 2638 785 2697 ἐθέλω
842 2641 1157 2720 ἀντιφωνεῖν
1195 2683 1208 2695 .
1269 2639 1468 2695 Καθότι
1528 2640 1621 2714 μὶν
1681 2640 1783 2716 γὰρ
1845 2640 1872 2694 6

211 2735 348 2796 Θεὸς
408 2729 698 2807 ἀναλόγως
758 2732 1004 2791 ἑκάστοις
1054 2728 1354 2806 ἐπιμερίζει
1403 2729 1470 2784 τὰ
1527 2726 1736 2800 δέοντα,
1783 2729 1874 2783 καὶ

208 2829 324 2880 τῶν
378 2823 476 2896 μὲν
531 2818 708 2897 αἴρει,
774 2823 891 2882 τοῖς
945 2816 1002 2874 Si
1047 2818 1370 2892 προστίθησι
1427 2819 1873 2894 γεωμετρικώτε-

215 2935 336 2990 ρον,
418 2911 608 2982 ἰσότης
688 2908 740 2964 έν
813 2911 949 2982 ἡμῖν
1026 2908 1294 2984 θειότερον
1359 2907 1726 2976 πολιτεύεται,
1786 2907 1875 2962 καὶ

213 3002 404 3058 ἀκούει
436 2997 662 3061 ἕκαστος
689 2998 772 3053 τόν
807 3023 836 3051 ιι
870 2999 1101 3073 Ἑταῖρε,
1135 2992 1281 3072 ἔχεις
1313 2997 1374 3050 τὸ
1406 2996 1667 3071 ἀνάλογον
1703 2995 1816 3052 σόν.
1846 3020 1874 3048 ››

218 3092 328 3150 Καὶ
387 3089 535 3145 οὕτω
568 3088 880 3162 μανθανέτω
911 3085 998 3142 καὶ
1033 3087 1061 3141 6
1086 3087 1149 3141 τὸ
1204 3085 1389 3161 ὀλίγον
1437 3084 1600 3162 ἔχων,
1652 3083 1877 3147 δικαίως

219 3177 371 3258 ἔχειν
406 3179 562 3250 αὐτὸ,
594 3176 690 3234 εἴτ’
739 3175 829 3232 οὖν
887 3177 1024 3251 πρὸς
1079 3175 1568 3251 γεωμετρουμένην
1630 3173 1875 3246 ἴαότητα.

215 3269 427 3324 Ταύτὸν
486 3269 592 3343 γάρ
645 3287 763 3329 πως
826 3290 854 3318 ιι
907 3266 1025 3320 ἴσον
1060 3289 1088 3316 ››
1147 3264 1315 3320 εἷ’πεῖν
1348 3265 1437 3319 καὶ
1497 3289 1526 3317 ιι
1587 3261 1818 3332 δίκαιον,
1849 3287 1878 3314 ››

219 3357 341 3414 ἐπεὶ
393 3359 482 3413 καὶ
519 3356 775 3426 ἲσότητος
806 3357 841 3424 ἡ
876 3351 1187 3424 δικαιοσύνη
1222 3354 1565 3430 στοχάζεται.
1598 3354 1699 3411 Καὶ
1736 3351 1878 3407 οὕτω

220 3448 320 3521 μὶν
353 3447 448 3501 ἶσα
478 3450 593 3506 τοῖς
620 3443 774 3506 ὅλοις
808 3445 1034 3512 ἅπαντα,
1070 3442 1224 3518 λόγῳ
1258 3440 1305 3496 δ’
1351 3440 1508 3515 ἄλλῳ
1557 3443 1645 3497 καὶ
1705 3439 1875 3496 ἄνισα·

216 3537 308 3591 καὶ
371 3537 400 3590 ὁ
459 3532 625 3610 λόγος
675 3532 710 3602 ἢ
757 3533 893 3587 κατά
939 3533 1002 3587 τὸ
1053 3530 1246 3586 δοκοῦν
1313 3537 1431 3593 τοῖς
1493 3532 1879 3606 ἀμαθεστέροις

219 3624 432 3694 (δοτέον
484 3621 543 3678 δὲ
600 3623 767 3678 είπεῖν
826 3622 917 3676 καὶ
969 3621 1374 3695 ἀμαθεστέροις)
1432 3622 1467 3691 ἢ
1538 3624 1665 3697 γοῦν
1734 3617 1880 3675 ἀλλά

216 3716 358 3769 κατὰ
389 3713 649 3790 ἀριθμὸν,
683 3711 757 3773 ὡς
785 3711 918 3765 εἶναι
966 3711 1034 3764 τά
1090 3711 1210 3774 καθ’
1267 3712 1415 3783 ἡμᾶς
1471 3683 1645 3771 οὕτως
1693 3708 1879 3764 ἀνακε-
1909 3683 1952 3750 C

216 3803 467 3876 κραμένα
527 3801 738 3871 ἰσότητι
788 3799 877 3854 καὶ
936 3798 1254 3870 ἀνισότητι,
1311 3796 1402 3853 xui
1461 3797 1652 3869 ἐξεῖναι
1704 3798 1877 3875 λέγειν

215 3895 319 3962 τὴν
349 3892 608 3967 ἁρμογὴν
637 3893 733 3943 τοῖ’)
766 3888 816 3944 έν
845 3891 979 3961 ἡμῖν
1035 3887 1159 3963 βίου
1215 3889 1250 3958 ἢ
1310 3887 1603 3958 ἀνισότητα
1647 3884 1792 3958 ἴσην,
1844 3886 1879 3956 ἢ

214 3984 281 4036 τὸ
313 3979 610 4036 ἀνάπαλιν.
668 3977 807 4034 Μένε
837 3979 948 4050 οὗν,
1011 3976 1063 4031 ἐν
1121 3979 1204 4038 οἷς
1253 3976 1514 4052 ἐτάχθης,
1573 3978 1618 4031 ὧ
1660 3973 1879 4054 ἀδελφέ,

219 4072 314 4125 καὶ
350 4068 597 4144 χαρίτων
650 4065 938 4143 ὀφειλέτην
988 4063 1148 4129 εἰδὼς
1193 4071 1274 4138 τῷ
1321 4070 1437 4137 Θεῷ
1495 4065 1737 4133 σεαυτὸν,
1797 4063 1881 4120 εὕ-

219 4181 353 4236 χου,
418 4156 511 4211 καὶ
571 4154 782 4225 ἔλπιζε,
833 4155 923 4211 καὶ
976 4158 1117 4228 μήτε
1162 4156 1254 4210 τὸν
1297 4151 1636 4231 κυϐερνήτην
1665 4153 1883 4233 μέμφου

223 4249 530 4326 στρέφοντα
585 4246 684 4314 τήν
743 4246 862 4299 καθ’
909 4248 1055 4318 ἡμᾶς
1119 4242 1323 4300 ὁλκάδα
1387 4246 1721 4320 τεχνηέντως
1778 4243 1884 4300 ὧδε

219 4338 313 4392 καὶ
349 4336 481 4404 ἐκεῖ,
539 4334 644 4397 ἓως
699 4333 758 4389 ἂν
804 4335 924 4410 περῖ
977 4333 1104 4396 τοὺς
1156 4334 1445 4410 βιωτικοὺς
1473 4331 1729 4408 πλέωμεν
1789 4337 1884 4390 σά-

221 4427 383 4489 λους
424 4427 564 4498 μήτε
620 4425 712 4478 τὸν
773 4422 1063 4500 σύμπλουν
1097 4420 1327 4501 ἀδελφὸν
1365 4422 1602 4501 μέμφου,
1648 4423 1692 4478 εἰ
1745 4425 1883 4501 πρὸς

217 4518 316 4571 τὸν
369 4513 428 4568 εὖ
481 4510 684 4590 ἔχοντα
734 4517 926 4588 τοῖχον
956 4514 983 4567 6
1013 4519 1114 4582 τῆς
1144 4513 1279 4574 νεὼς
1331 4511 1516 4586 κύριον
1550 4512 1706 4566 αὐτὸν
1757 4513 1882 4567 ἐτά-

218 4606 374 4676 ξατο.
417 4603 476 4656 Τί
507 4604 609 4679 γᾶρ
653 4603 741 4657 καί
796 4602 1118 4680 φθονητέον,
1171 4597 1296 4655 ἔνθα
1343 4603 1378 4670 ἡ
1434 4601 1639 4675 μέμψις
1673 4595 1882 4656 διαϐαί-

227 4717 313 4749 νει
346 4693 487 4768 πρὸς
517 4692 607 4747 τὸν
664 4690 858 4766 Κύριον
889 4710 902 4761 ;
935 4691 996 4748 Ὁ
1028 4686 1258 4767 ἀδελφὸς
1289 4688 1444 4744 οὐδὲν
1493 4690 1695 4745 οἰκεῖον
1743 4690 1880 4767 ἔχει,

223 4781 359 4839 οὐδὲ
393 4781 446 4852 ἐξ
478 4781 670 4847 αὐτοῦ,
731 4778 856 4834 ἀλλ’
906 4777 1039 4855 ὅπερ
1081 4776 1312 4833 δέδωκεν
1360 4781 1387 4834 6
1437 4778 1584 4843 Θεός.
1635 4783 1725 4852 Τῷ
1755 4785 1884 4855 γοῦν

220 4870 455 4950 ἀδελφῷ
510 4872 720 4948 φθονῶν
752 4914 765 4940 ,
831 4865 1072 4938 λέληθας
1122 4867 1342 4922 σεαυτὸν
1397 4867 1745 4944 μεμφόμενος
1790 4870 1881 4925 τὸν

220 4963 382 5033 Θεὸν,
418 4959 507 5014 καὶ
561 4959 703 5013 οὕτω
750 4956 953 5034 τρόπον
1002 4958 1123 5010 τινὰ
1183 4962 1494 5034 θεομαχῶν.
1554 4957 1621 5015 Τί
1652 4955 1710 5013 δὶ
1741 4957 1884 5016 οὕτω

2062 2287 2299 2343 41..Ιειω
2332 2287 2586 2359 denique
2616 2303 2948 2344 sermonem
2979 2304 3176 2345 meum
3204 2303 3502 2344 resumam
3537 2287 3641 2361 qui

1984 2378 2382 2434 contradicere
2427 2376 2676 2444 videtur,
2711 2394 2771 2433 re
2813 2394 2947 2434 vera
2978 2380 3169 2433 autem
3199 2377 3255 2432 in
3309 2378 3467 2432 idem
3498 2393 3637 2432 con-

1981 2466 2163 2522 venit.
2196 2465 2353 2523 Nihil
2402 2483 2605 2523 eorum
2658 2483 2784 2539 quae
2835 2466 2992 2522 intra
3041 2484 3170 2536 nos,
3220 2465 3442 2522 similia
3498 2469 3638 2522 sunt

1939 2582 1942 2586 ~
1983 2569 2175 2626 neque
2219 2553 2552 2610 dissimilia.
2595 2554 2991 2627 Spiritualiter
3039 2559 3235 2610 autem
3283 2555 3638 2627 respondere

1981 2643 2132 2699 volo.
2185 2643 2691 2709 Quemadmodum
2737 2645 2894 2699 enim
2945 2644 3098 2700 Deus
3144 2643 3397 2717 singulis
3443 2643 3637 2700 officia

1985 2750 2090 2806 pro
2148 2733 2371 2788 viribus
2428 2731 2750 2800 distribuit,
2813 2732 2942 2788 aliis
3001 2732 3238 2804 quidem
3301 2733 3634 2803 detrahens,

1986 2821 2132 2878 alios
2159 2822 2330 2877 bonis
2361 2821 2692 2888 cumulans,
2726 2821 2810 2876 sic
2837 2821 3079 2894 mquitas
3109 2821 3383 2879 diviniori
3413 2822 3640 2878 ratione

1985 2912 2140 2967 intra
2187 2927 2294 2967 nos
2344 2911 2483 2983 agit,
2518 2915 2575 2967 et
2605 2911 2824 2984 singuli
2877 2913 3124 2968 audiunt
3156 2930 3168 2968 :
3206 2913 3425 2981 Amice,
3457 2912 3642 2967 babes

1986 3001 2334 3073 contingens
2383 3003 2571 3055 tuum.
2607 3000 2817 3072 Sicque
2867 3001 2967 3073 qui
2999 3017 3181 3073 pauca
3224 3001 3402 3057 habet
3449 3001 3644 3057 discat

1987 3107 2121 3146 cum
2173 3105 2410 3145 summa
2450 3089 2686 3161 justitia
2733 3105 2800 3144 ea
2831 3089 3151 3161 possidere.
3185 3090 3437 3161 [Equum
3482 3089 3640 3147 enim

1989 3195 2055 3234 ac
2079 3180 2310 3250 justu’n
2344 3178 2535 3233 dicere
2559 3177 2713 3233 idem
2746 3182 2837 3233 est
2866 3194 2998 3234 cum
3023 3179 3429 3249 justitia,cum
3462 3179 3642 3251 aequi-

1988 3273 2106 3324 tate
2154 3267 2489 3323 societatem
2537 3266 2687 3322 inire
2733 3267 2939 3322 tendit.
2978 3267 3072 3322 Sic
3120 3267 3396 3322 omnibus
3442 3267 3642 3323 omnia

1989 3374 2154 3429 aequa
2183 3359 2241 3412 et
2270 3355 2495 3426 iniqua,
2527 3360 2584 3410 et
2613 3369 2806 3410 sermo
2856 3359 2972 3410 stat
3001 3359 3102 3410 aut
3151 3356 3474 3410 secundum
3508 3372 3640 3427 spe-

1989 3447 2137 3500 ciem
2163 3443 2416 3500 indoctis
2448 3443 2547 3514 qui
2582 3443 2802 3516 aliquid
2836 3444 3081 3499 docendi
3115 3449 3273 3512 sunt,
3294 3449 3395 3500 aut
3425 3461 3639 3500 secun-

1989 3537 2127 3590 dum
2160 3548 2494 3598 numerum,
2526 3533 2606 3587 ita
2652 3537 2717 3587 ut
2747 3548 2838 3587 res
2871 3536 3082 3587 nostrae
3109 3533 3191 3588 sic
3235 3532 3554 3604 aequalitati
3585 3536 3643 3590 et

1988 3623 2374 3697 inaequalitati
2398 3622 2672 3677 immistze
2695 3626 3016 3694 appareant
3046 3627 3103 3678 et
3131 3627 3195 3678 ut
3227 3622 3489 3678 ordinem
3512 3623 3642 3679 vita

1991 3720 2201 3770 nostra
2234 3711 2690 3784 inaequalitatem
2713 3711 2997 3784 aequalem
3023 3716 3125 3768 aut
3144 3712 3269 3768 vice
3295 3729 3461 3768 versa
3482 3713 3640 3768 dica-

1990 3804 2318 3860 mus.Mane
2344 3802 2524 3875 igitur
2544 3801 2602 3856 in
2633 3801 2932 3870 iis,frat.er,
2956 3801 3012 3856 in
3039 3801 3256 3872 quibus
3288 3801 3643 3858 constitutus

1989 3911 2072 3961 es,
2105 3897 2162 3949 et
2192 3910 2326 3949 cum
2376 3891 2528 3948 scias
2559 3895 2614 3948 te
2661 3889 2772 3948 Deo
2804 3891 3022 3963 gratias
3063 3906 3234 3964 agere
3278 3891 3508 3961 debere,
3538 3909 3640 3948 ora

1990 3988 2046 4038 et
2076 3998 2267 4054 spera,
2301 3986 2358 4036 et
2405 3998 2476 4036 ne
2533 3980 2770 4036 incuses
2801 3981 3252 4054 gubernatorem
3304 3981 3404 4052 qui
3434 3998 3640 4038 navem

1991 4076 2252 4127 nostram
2287 4070 2430 4126 scite
2461 4073 2674 4140 movet,
2697 4071 2880 4125 donec
2912 4070 2982 4125 ad
3017 4070 3144 4124 vita
3176 4074 3412 4142 portum
3441 4067 3642 4141 appel-

1991 4161 2222 4230 lamus;
2253 4177 2438 4232 neque
2491 4159 2650 4214 fratri
2702 4159 2919 4232 navigii
2967 4159 3220 4215 consorti
3273 4159 3558 4227 invideas,
3592 4157 3643 4214 si

1992 4250 2301 4306 nauclerus
2332 4250 2442 4322 ipsi
2473 4252 2868 4321 opportunum
2925 4249 3118 4305 locum
3155 4249 3495 4321 assignavit.
3528 4249 3646 4304 Cur

1990 4339 2146 4395 enim
2213 4337 2432 4393 invidia
2491 4343 2863 4405 exerceatur,
2934 4338 3032 4394 ubi
3103 4337 3502 4393 incriminatio
3569 4336 3641 4390 ad

1995 4427 2304 4484 Dominum
2338 4443 2520 4498 usque
2555 4426 2865 4482 ascendit?
2897 4428 3098 4482 Frater
3148 4427 3292 4482 nihil
3325 4424 3642 4499 peculiare,

1992 4517 2138 4574 nihil
2172 4517 2472 4590 proprium
2524 4517 2700 4572 habet
2730 4516 2842 4571 nisi
2877 4519 3030 4588 quod
3061 4517 3214 4572 Deus
3245 4516 3295 4570 ei
3337 4513 3640 4586 impertiit.

1994 4612 2137 4662 Dum
2171 4607 2352 4680 igitur
2393 4605 2554 4662 fratri
2587 4605 2834 4672 invides,
2868 4607 3050 4661 Deum
3086 4605 3317 4661 nescius
3368 4602 3643 4675 blasphe-

1993 4697 2170 4752 masti
2203 4700 2258 4752 et
2304 4697 2738 4768 quodammodo
2789 4694 3008 4750 bellum
3042 4694 3093 4749 ei
3137 4692 3414 4749 intulisti.
3449 4694 3644 4758 Quan-

1991 4791 2190 4859 topere
2222 4785 2402 4859 igitur
2449 4801 2676 4857 peccas,
2713 4784 2808 4839 Dei
2861 4784 2945 4840 sic
2976 4799 3286 4840 censuram
3339 4782 3561 4837 faciens
3592 4785 3650 4836 et

1994 4892 2140 4949 pene
2189 4876 2238 4930 ei
2291 4892 2420 4946 quin
2470 4874 2658 4929 facere
2710 4873 2915 4929 debeat
2966 4871 3400 4945 praescribens?
3445 4875 3650 4927 Nonne

1993 4966 2155 5021 vides
2212 4969 2267 5020 te
2323 4963 2735 5036 blasphemare
2800 4979 3041 5036 prorsus
3098 4962 3147 5018 si
3207 4963 3443 5017 dubitas
3506 4977 3651 5017 num

221 5053 324 5126 μὲν
377 5049 470 5103 τὸν
518 5048 656 5110 Θεὸν,
711 5045 1046 5123 ἀνακρίνων,
1093 5045 1184 5101 καὶ
1238 5047 1536 5123 μονονουχὶ
1591 5047 1879 5105 έπιτάσσωκ

1998 5054 2224 5128 Olympi
2261 5052 2464 5109 incola
2496 5052 2624 5109 sine
2645 5056 2804 5108 metu
2837 5054 2939 5106 aut
2967 5067 3099 5106 cum
3132 5067 3382 5107 maerore
3409 5050 3651 5107 vivant?

215 5141 287 5196 τὸ
334 5137 624 5206 ποιητέον,
681 5134 1010 5211 ἁμαρτωλὸν
1061 5140 1287 5210 πρᾶγμα
1342 5141 1555 5204 ποιεῖς;
1618 5138 1889 5214 Ἀπορού-

223 5250 392 5303 μενος
452 5225 532 5298 δὲ,
580 5225 632 5279 τί
687 5221 910 5296 δήποτε,
969 5223 1159 5280 ἄλλων
1217 5224 1270 5279 έν
1313 5223 1590 5299 Ὀλυμπίᾳ
1625 5228 1883 5302 βιούντων

212 5323 332 5376 τῶν
391 5315 486 5372 καὶ
546 5313 768 5389 ἀτρεμεὶ
804 5314 1041 5384 ζώντων,
1085 5313 1214 5368 αὐτὸ
1243 5313 1332 5368 καὶ
1385 5313 1564 5385 λύπην
1621 5313 1738 5392 ἔχει
1795 5318 1880 5371 καὶ

215 5404 424 5487 φόϐον,
459 5403 639 5467 δοκεῖς
682 5403 870 5459 λαλεῖν
919 5403 1273 5478 ἀναμάρτητα
1321 5404 1382 5458 ού
1438 5406 1698 5475 πάντως;
1759 5406 1882 5461 Δέον

213 5497 408 5554 τοίνυν
467 5494 737 5549 κάνταῦθα
792 5490 1167 5568 διαγνομονεῖν
1230 5514 1290 5548 σε
1343 5492 1410 5548 τά
1458 5495 1592 5549 κατά
1647 5496 1743 5563 σε,
1795 5497 1885 5551 καὶ

215 5579 588 5663 συμϐιϐάζειν
641 5582 826 5644 αὐτοῖς
884 5583 952 5636 τά
996 5603 1057 5637 τε
1103 5579 1259 5652 ἡδέα,
1303 5584 1370 5640 τά
1416 5605 1475 5639 τε
1503 5582 1744 5660 λυπηρὰ,
1795 5587 1884 5642 καὶ

563 5715 835 5777 Panos.
882 5713 995 5778 Gs.
1043 5712 1334 5778 CXXXV.

1999 5145 2240 5216 Oportet
2285 5143 2466 5216 igitur
2493 5147 2552 5197 te
2597 5158 2666 5198 ea
2696 5158 2824 5212 quae
2861 5145 2963 5196 tua
3007 5145 3148 5198 sunt
3192 5141 3504 5197 decernere
3534 5138 3654 5195 sive

1989 5233 2254 5304 jucunda
2285 5232 2424 5302 sint,
2450 5233 2570 5286 sive
2597 5247 2818 5295 amara,
2852 5230 3053 5300 sicque
3085 5246 3292 5285 causas
3322 5229 3652 5300 ponderan-

1997 5323 2069 5374 do
2098 5321 2207 5376 tibi
2239 5319 2517 5375 solatium
2561 5319 2787 5373 afferre.
2822 5318 2902 5374 De
2934 5319 3007 5374 iis
3037 5318 3290 5390 denique
3339 5333 3464 5388 quas
3496 5330 3652 5371 nunc

1995 5410 2271 5468 accidunt
2301 5409 2470 5481 plura
2502 5409 2691 5464 dicere
2728 5425 2817 5464 me
2861 5425 2976 5463 non
3010 5409 3210 5476 decet;
3245 5423 3423 5479 penes
3471 5407 3650 5461 Deum

1995 5501 2151 5557 enim
2194 5499 2423 5570 judicia
2463 5514 2713 5570 quorum
2766 5497 3134 5569 profunditas
3183 5502 3274 5553 est
3323 5496 3651 5568 incompre-

1993 5588 2325 5647 hensibilis.

3255 5719 3335 5778 93
