4114 6200
502 400 624 461 ’115

1280 399 1704 461 EUSTATHII
1749 397 2514 464 THESSALONIGENSIS
2560 403 3150 466 METROPOLITJE

3816 407 3918 467 716

501 530 646 586 οὕτω
700 535 770 606 τῇ
817 529 1122 604 καταλήψει
1175 533 1282 584 τῶν
1331 528 1520 584 αἰτίων
1571 525 1863 602 λςμϐἀνειν
1922 551 1976 584 τι
2031 531 2397 604 παραμύθιον,
2453 532 2543 588 καὶ
2603 532 2670 603 δὴ
2731 534 3034 610 θεωρητέον
3091 535 3227 591 αὐτὸ
3287 535 3366 600 εἰς
3423 534 3633 611 ὀλίγον.
3697 538 3803 594 Καὶ
3837 537 3912 596 ἐπὶ

497 626 605 677 τῶν
667 623 786 697 ἄρτι
846 617 1215 695 συμϐαμάτων
1277 621 1371 694 μὶν
1437 620 1540 674 οὐκ
1590 615 1707 696 ἔχω
1754 619 1947 674 εἷπεῖν·
2005 620 2068 674 ού
2126 620 2226 697 γὰρ
2285 622 2428 677 οὕτω
2482 621 2803 700 δεδίδαγμαι
2836 644 2848 658 '

497 716 633 785 ἡμῖν
666 709 1066 787 ἀπερίληπτος.

2910 630 3045 682 Θεοῦ
3103 623 3161 680 δὶ
3215 627 3484 702 κρίματα,
3531 627 3606 681 ὧν
3667 628 3696 682 6
3761 629 3914 704 βυθὸς

566 803 654 856 42.
690 803 805 857 Ista
836 805 1030 856 autem
1063 799 1288 856 theoria
1319 798 1740 855 consolationis
1771 815 2003 870 quoque
2034 817 2108 854 no

2228 859 2234 866 _
2337 801 2446 874 μβ⁹.
2481 802 2543 858 Ἡ
2577 799 2634 857 δὶ
2664 803 2888 875 τοιαύτη
2941 803 3139 880 θεωρία
3197 802 3340 860 ἔσται
3391 807 3586 866 αὐτίκα
3632 814 3724 867 καὶ
3778 835 3908 887 παρ-

496 906 702 961 parum
733 889 1013 954 continet,
1045 895 1111 943 ut
1141 905 1322 960 supra
1353 889 1633 943 diximus.
1667 888 1817 942 Sunt
1847 889 1906 942 in
1937 889 2150 944 vicinia

494 984 715 1046 nostra,
750 994 881 1050 quas
931 977 1044 1033 late
1076 983 1250 1048 patet,
1287 982 1343 1032 et
1388 978 1544 1032 inter
1571 976 1884 1047 populares
1917 983 2147 1033 nostros

493 1069 594 1126 alii
625 1068 979 1139 baptismate
1020 1065 1306 1133 immersi,
1340 1065 1438 1120 alii
1472 1067 1530 1119 in
1582 1065 1862 1136 abyssum
1895 1065 2144 1121 tristitia

490 1158 766 1231 baptizati
826 1160 984 1220 sunt,
1038 1156 1193 1210 unde
1251 1155 1513 1228 plerique
1574 1174 1666 1213 res
1724 1158 1953 1212 futuras
2008 1173 2141 1211 cum

489 1248 704 1305 timore
744 1245 1084 1318 praevident,
1112 1261 1362 1315 quarum
1420 1247 1596 1302 ﬁnem
1657 1264 1772 1302 non
1831 1243 1998 1300 facile
2054 1249 2144 1300 est

488 1337 706 1393 videre.
741 1339 820 1389 Ex
840 1333 934 1388 bis
980 1333 1078 1405 qui
1101 1333 1160 1388 in
1182 1334 1460 1402 abyssum
1489 1336 1748 1408 prolapsi
1781 1339 1920 1392 sunt
1951 1333 2140 1405 lacry-

490 1426 604 1481 mis
652 1423 815 1496 digni
849 1427 1025 1489 sunt;
1061 1423 1157 1492 qui
1211 1427 1406 1478 autem
1439 1426 1509 1480 ad
1544 1426 1739 1480 faecem
1791 1441 1976 1496 usque
2009 1440 2138 1494 per-

486 1517 814 1582 venerunt,
881 1528 1080 1583 preces
1143 1517 1200 1567 et
1258 1511 1372 1583 ipsi
1454 1513 1666 1569 faciant
1733 1519 1790 1570 et
1855 1514 1926 1568 ab
2006 1511 2137 1569 aliis

488 1603 786 1658 faciendas
816 1605 1057 1668 curent;
1084 1600 1182 1672 qui
1217 1608 1412 1656 autem
1445 1602 1654 1658 timore
1685 1603 1981 1674 trepidant
2011 1619 2138 1674 pre-

485 1692 654 1746 cibus
683 1691 857 1746 etiam
890 1689 1209 1762 gratiarum
1235 1690 1496 1747 actiones
1528 1692 1749 1747 addant
1779 1692 1894 1748 Deo
1917 1698 2135 1747 aeterno

483 1780 612 1836 vitm
643 1780 883 1836 auctori.

2258 890 2458 963 ήγορος
2517 889 2720 965 λόγος,
2773 894 2908 947 καθά
2963 892 3257 970 φθάσαντες
3314 897 3698 974 ὑπεσχήμεθα.
3762 903 3903 957 Εἰσὶν

2258 975 2309 1030 ἰν
2366 983 2435 1052 τῇ
2483 982 2602 1034 καθ’
2649 983 2796 1054 ἡμᾶς
2851 983 3151 1058 περιχώρῳ
3202 985 3290 1039 καὶ
3341 987 3657 1062 συμφύλῳ,
3707 989 3778 1062 τῇ
3825 993 3903 1046 καὶ

2254 1065 2541 1122 πολυτενεῖ
2580 1070 2670 1124 καὶ
2724 1070 3034 1147 εὐρυχόρῳ,
3095 1073 3147 1126 oi
3183 1073 3278 1145 μὲν
3334 1075 3410 1137 εἰς
3475 1077 3608 1150 βαθὺ
3648 1074 3902 1152 βεϐαπτι-

2255 1157 2439 1227 σμένοι
2475 1156 2672 1230 λύπης,
2707 1162 2758 1214 οἱ
2791 1157 2849 1214 δὲ
2879 1160 2955 1222 εἰς
3006 1155 3262 1231 ἄϐυσσον,
3316 1161 3480 1219 ἄλλοι
3531 1164 3589 1221 δὲ
3645 1169 3902 1242 βάψαντες

2250 1242 2358 1315 ἤδη
2387 1245 2487 1301 οὐκ
2516 1247 2569 1309 ἐς
2598 1253 2878 1318 τοσοῦτον,
2929 1251 2981 1304 oi
3012 1249 3233 1312 πλείους
3283 1249 3339 1307 δὲ
3389 1252 3439 1308 ἐν
3470 1257 3551 1326 τῷ
3583 1253 3904 1328 δεδοικέναι,

2248 1333 2338 1387 καὶ
2391 1334 2536 1407 αὐτῷ
2589 1337 2624 1405 ἢ
2681 1335 2769 1391 διά
2815 1360 2867 1392 τι
2926 1336 3133 1413 ἐγγίζον
3177 1339 3266 1394 xui
3324 1344 3627 1416 πρόοπτον,
3691 1347 3729 1416 ἢ
3777 1349 3903 1403 κατά

2249 1420 2507 1498 διέχειαν,
2541 1426 2601 1494 ἣν
2657 1427 2758 1481 οὐκ
2807 1425 2918 1482 ἔστι
2973 1425 3203 1482 συνιδεῖν
3263 1438 3555 1508 σταθερῶς.
3590 1436 3825 1491 Τούτων
3857 1440 3900 1493 oi

2400 1520 2498 1581 τῆς
2555 1508 2791 1570 ἀϐύσσου
2839 1517 3124 1591 γεγονότες
3177 1517 3546 1583 κλαιέσθωσαν
3578 1542 3591 1554 ’
3668 1525 3746 1594 (τί
3807 1529 3899 1600 γάρ

2246 1597 2388 1654 ἄλλο
2414 1601 2452 1673 ;)
2503 1603 2555 1655 οἱ
2587 1600 2644 1656 δὲ
2704 1606 2873 1675 μήπω
2903 1607 2998 1659 τοῦ
3035 1606 3233 1680 βυσσοῦ
3277 1608 3366 1662 καὶ
3418 1613 3521 1672 τῆς
3567 1614 3689 1666 κατ’
3747 1597 3899 1670 αὐτὸν

2242 1689 2436 1764 τρυγὸς
2469 1686 2634 1760 ὄντες,
2693 1691 2857 1767 εὐχὰς
2887 1693 2977 1747 καὶ
3003 1692 3158 1748 αὐτοὶ
3209 1695 3590 1768 ποιείσθωσαν,
3645 1701 3739 1756 καὶ
3795 1704 3897 1759 ἰτέ-

2244 1787 2412 1850 ρωθεν
2445 1776 2740 1854 ἐχέτωσαν,
2772 1782 2910 1836 καθὰ
2933 1783 3023 1836 καὶ
3055 1783 3106 1836 oi
3142 1784 3217 1857 μὴ
3268 1783 3320 1855 ἐξ
3380 1784 3680 1858 ἐπιπολῆς.
3735 1793 3803 1846 Oi
3848 1791 3897 1849 Si

2241 1869 2320 1936 τῷ
2349 1860 2505 1942 φόϐῳ
2537 1867 2709 1930 οὕτως
2751 1869 2785 1938 ἢ
2837 1869 3009 1932 οὕτως
3074 1869 3492 1946 ὑποτρέμοντες,
3552 1876 3684 1934 ἀλλ’
3750 1880 3895 1936 αὐτοὶ

2242 1955 2378 2027 πρὸς
2401 1960 2518 2017 ταῖς
2549 1957 2743 2032 εὐχαῖς
2774 1959 2863 2013 καὶ
2895 1959 3384 2035 εύχαριστείτωσαν
3409 1967 3486 2037 τῷ
3509 1966 3601 2020 καὶ
3626 1967 3710 2023 ἀεὶ
3743 1974 3895 2038 ζῶντι

2241 2042 2329 2096 καὶ
2360 2048 2457 2098 τοῦ
2486 2049 2579 2119 ζῇν
2615 2045 2773 2118 αἰτίῳ
2803 2052 2941 2120 Θεῷ.

553 2158 638 2213 43.
673 2160 792 2213 Hoc
823 2156 1004 2228 igitur
1027 2157 1252 2228 jugiter
1280 2156 1352 2212 ob
1386 2153 1583 2212 oculos
1621 2158 1928 2211 teneamus
1959 2158 2113 2226 atque

2317 2151 2426 2225 μγ’.
2456 2151 2555 2206 Καὶ
2584 2157 2744 2208 τοῦτο
2777 2155 2868 2226 μὶν
2900 2160 3098 2218 κοινῶς
3155 2157 3354 2222 κείσθω
3384 2162 3521 2233 ἡμῖν
3577 2161 3659 2225 είς
3721 2162 3894 2237 διηνε-

479 2246 883 2304 examinemus
934 2261 1049 2317 quo
1081 2245 1138 2300 in
1190 2245 1317 2300 loco
1347 2244 1387 2298 ii
1416 2244 1516 2316 qui
1549 2243 1708 2300 curis
1739 2261 1804 2300 ac
1853 2243 2132 2298 sollicitu-

421 2363 423 2366 ⁴
477 2337 613 2393 dine
665 2338 954 2392 vexantur
1009 2334 1366 2405 omninoque
1425 2333 1622 2389 tristes
1679 2338 1818 2389 sunt
1876 2332 2129 2404 ponendi

474 2430 666 2482 erunt.
701 2423 934 2479 Primus
967 2423 1204 2496 quidem
1238 2439 1305 2478 ac
1332 2421 1629 2478 secundus
1655 2421 1980 2492 tertiusque
2011 2420 2128 2474 Deo

470 2517 698 2570 favente
753 2530 788 2569 a
844 2511 1117 2568 societate
1175 2516 1378 2567 nostra
1436 2510 1689 2583 separati
1745 2515 1953 2576 erunt;
2008 2527 2124 2565 non

471 2604 628 2660 enim
676 2601 827 2656 faecis
858 2605 960 2656 aut
1009 2600 1204 2674 abyssi
1254 2604 1354 2654 aut
1392 2599 1789 2655 immersionis
1836 2598 2123 2654 rationem

472 2693 778 2748 habemus.
807 2691 942 2744 Sine
964 2694 1118 2744 metu
1150 2693 1342 2744 autem
1382 2704 1683 2759 nunquam
1718 2688 1958 2750 erimus.
1988 2687 2123 2742 licet

472 2779 734 2852 plerique
764 2778 824 2834 id
877 2779 1162 2849 ignorent.
1197 2778 1355 2832 Idem
1408 2780 1563 2832 esset
1593 2776 1642 2832 si
1674 2776 1806 2847 quis
1835 2776 2060 2831 tonitru
2091 2793 2123 2832 θ

473 2868 793 2941 longinquo
850 2867 1118 2923 auditum
1177 2866 1236 2920 in
1295 2864 1727 2936 proximitatem
1776 2865 2121 2921 transferret

476 2957 728 3014 aurium.
762 2959 875 3012 Cur
920 2955 1103 3027 igitur
1131 2953 1445 3010 immodico
1477 2969 1585 3009 nos
1632 2954 1940 3009 tradamus
1974 2970 2117 3009 mm-

476 3047 592 3103 rori
614 3046 642 3101 ?

535 3424 622 3478 44.
657 3423 775 3479 Hoc
828 3420 1075 3478 dicendo
1125 3437 1240 3477 non
1292 3421 1375 3477 ita
1420 3419 1591 3476 velim
1641 3417 1911 3492 intelligi,
1943 3419 2110 3492 quasi

2241 2239 2332 2300 κὲς
2363 2238 2638 2314 ἐνθύμιον.
2700 2243 3068 2317 Ἐξετάσωμεν
3102 2243 3158 2300 δὲ
3197 2251 3286 2300 νῦν
3344 2249 3481 2323 πρὸς
3529 2247 3818 2327 ἀκρίϐειαν
3848 2257 3893 2310 oi

2241 2329 2621 2404 συγχεόμενοι,
2657 2333 2730 2396 ὡς
2771 2333 2932 2400 εἰκὸς,
2983 2334 3072 2388 καὶ
3122 2334 3500 2412 ἐμφρόντιδες,
3573 2342 3668 2395 xui
3730 2342 3893 2417 ἐμ.μὲ-

2239 2435 2442 2490 ριμνοι,
2474 2419 2586 2487 καὶ,
2647 2421 2675 2474 ὃ
2707 2417 2773 2489 δὴ
2809 2418 3040 2497 λέγεται,
3071 2425 3440 2496 κηραίνοντες,
3473 2433 3574 2482 ποῖ
3622 2451 3761 2486 ποτε
3808 2433 3891 2488 τό·

2235 2526 2340 2559 που
2388 2511 2495 2562 τῶν
2523 2555 2538 2580 ,
2597 2508 2671 2570 ὠς
2715 2508 2902 2586 ἐρρέθη
2932 2555 2945 2579 ,
3008 2512 3357 2586 λυπευμὲνων
3417 2517 3796 2591 τεταξόμεθα;
3838 2525 3890 2581 Ὀ

2233 2599 2450 2669 πρῶτος
2484 2597 2580 2668 μὲν
2623 2598 2714 2652 xui
2746 2601 2773 2654 6
2833 2597 3080 2676 δεύτερος
3107 2601 3196 2656 καὶ
3229 2603 3256 2657 ὁ
3295 2605 3478 2677 τρίτος
3527 2609 3710 2678 πάντη
3763 2612 3890 2666 πάνυ

2231 2704 2340 2745 τως
2372 2689 2505 2739 Θεοῦ
2553 2684 2837 2752 ἐλεοῦντος
2891 2691 3050 2761 ἡμῶν
3111 2690 3543 2766 ἀπεσχοίνισται·
3610 2694 3740 2752 οὔτε
3793 2701 3886 2774 γὰρ

2229 2773 2448 2848 τρυγίας
2496 2775 2557 2828 τὸ
2604 2776 2703 2849 [ἐν]
2751 2779 2886 2849 ἡμῖν
2934 2784 3237 2852 θεωρεῖται,
3270 2782 3460 2843 ὁποῖος
3493 2780 3738 2859 εἷ’ρηται,
3770 2787 3889 2844 οὖδὶ

2235 2863 2343 2933 μὴν
2389 2863 2575 2936 βάθος,
2609 2863 2734 2919 ἀλλ’
2787 2863 2916 2920 οὐδὲ
2962 2863 3428 2942 καταϐαπτισμός.
3491 2868 3681 2928 Φόϐου
3733 2875 3792 2932 δὲ
3841 2899 3886 2932 τι

2228 2951 2444 3014 πάντως
2473 2954 2608 3025 ἡμῖν
2674 2952 2962 3030 ἐγγίνεται·
3012 2954 3160 3026 πλὴν
3219 2957 3364 3014 ἀλλὰ
3416 2962 3506 3015 xui
3565 2963 3703 3019 αὐτὸ
3766 2965 3884 3021 οὔτι

2227 3037 2530 3114 πρόδηλον,
2585 3039 2711 3096 ἀλλ’
2769 3041 2893 3097 οὐδε
2946 3045 3273 3120 ἀρίγνωτον.
3333 3051 3562 3122 Ὅμοιον
3619 3049 3698 3121 δὲ,
3740 3056 3814 3117 ὡς
3842 3055 3887 3110 εἴ

2226 3128 2315 3183 καὶ
2350 3129 2581 3203 βροντὴν
2613 3137 2917 3187 κτυποῦσαν
2951 3134 3010 3188 ιχ
3037 3134 3405 3211 ποῤῥωτάτων
3455 3138 3763 3216 καραδοκεῖ
3808 3165 3887 3207 τις

2227 3216 2395 3272 εἲκότι
2429 3217 2583 3294 λόγῳ
2632 3220 3013 3291 ἀκουτισθῆναι
3061 3224 3136 3286 εἷς
3184 3224 3493 3302 ἐγγύτερον.
3544 3230 3608 3284 Τί
3659 3228 3734 3301 δὴ
3798 3232 3884 3288 οὖν

2225 3309 2782 3383 κατεν[εχθ]ησόμεθα
2811 3311 2887 3373 είς
2921 3311 3177 3387 ἀμετρίαν
3209 3314 3485 3390 θλίψεως

2299 3410 2404 3487 μδ’.
2438 3415 2610 3471 Τοῦτο
2642 3413 2700 3471 δὲ
2748 3415 2918 3494 λέγων
2971 3418 3070 3474 οὐκ
3115 3419 3434 3499 ἀπαλείφειν
3481 3419 3656 3489 ἔθὲλω
3691 3428 3759 3482 τὸ
3795 3450 3889 3501 με·

464 3529 666 3570 curam
686 3528 750 3568 ac
771 3511 1206 3568 solicitudinem
1255 3509 1534 3583 temporis
1557 3508 1738 3564 futuri
1772 3509 2066 3565 abolerem
2092 3527 2106 3578 ;

2228 3507 2416 3597 ριμνᾷν
2474 3503 2527 3597 ἒξ
2572 3506 2734 3577 ἡμῶν
2791 3503 2914 3562 οὔτε
2960 3508 3022 3563 τὸ
3070 3509 3192 3586 περὶ
3240 3514 3342 3576 τῆς
3393 3510 3605 3585 αὔριον,
3653 3514 3787 3572 οὔτε
3825 3519 3883 3572 τὸ

464 3603 582 3659 imo
615 3603 674 3658 id
706 3606 934 3658 tantum
966 3617 1172 3656 moneo
1191 3616 1262 3656 ne
1292 3600 1470 3655 nimis
1502 3598 1968 3670 afﬂigamur,sed
1993 3615 2110 3654 mo-

465 3694 609 3748 dum
640 3692 698 3747 in
731 3708 797 3747 ea
825 3706 1056 3762 quoque
1088 3707 1148 3745 re
1196 3689 1596 3745 observemus.
1629 3688 1743 3744 Cur
1785 3687 1939 3742 enim
1991 3703 2110 3744 me-

465 3798 597 3838 rum
636 3782 695 3836 in
751 3780 914 3837 vobis
964 3779 1298 3851 exstirpem,
1333 3795 1467 3834 cum
1527 3777 1709 3834 sciam
1768 3781 1991 3832 metum
2051 3778 2111 3833 in

465 3871 760 3944 plerisque
787 3887 909 3925 rem
941 3886 1069 3924 esse
1101 3868 1418 3923 salutarem
1441 3868 1468 3922 ?
1498 3867 1797 3932 Quomodo
1820 3867 2110 3923 afﬁrmem

471 3975 775 4014 maerorem
825 3974 1057 4028 semper
1107 3955 1448 4011 abfuturam
1498 3971 1626 4011 esse
1674 3954 1846 4010 abiis
1895 3954 2110 4027 quibus

467 4048 634 4104 locus
655 4045 1089 4103 lamentationis
1111 4045 1442 4116 assignatus
1462 4048 1586 4112 est;
1613 4045 1712 4115 qui
1745 4044 1922 4099 vitam
1955 4045 2112 4101 curis

465 4140 798 4208 exemptam
855 4136 1128 4208 ignorant
1180 4160 1193 4203 ;
1253 4135 1468 4206 quibus
1539 4138 1697 4190 terra
1751 4135 1999 4190 carduos
2056 4138 2113 4191 et

463 4225 670 4283 folium
719 4225 923 4297 gignit.
956 4227 1077 4289 Quo
1108 4224 1284 4294 igitur
1311 4222 1594 4295 vituperio
1645 4240 1752 4278 nos
1782 4241 1897 4280 non
1949 4224 2112 4296 digni

459 4318 682 4373 erimus
737 4315 838 4387 qui
894 4331 1140 4370 mmrore
1198 4312 1448 4385 exempli
1505 4313 1600 4369 Dei
1656 4312 2112 4370 obliviscimur?

452 4404 652 4462 Melior
682 4403 839 4460 enim
873 4421 987 4460 non
1021 4408 1109 4459 est
1142 4405 1461 4474 praceptor
1511 4417 1776 4456 mcerore.
1810 4401 1954 4456 Cum
1984 4413 2110 4467 curi

452 4494 738 4551 memoria
790 4492 890 4550 Dei
940 4492 1267 4549 revertitur.
1300 4491 1556 4546 Vexatur
1601 4489 1863 4563 aliquis?
1909 4491 2109 4546 statim

451 4584 655 4640 audies
714 4587 978 4639 orantem
1030 4599 1043 4638 :
1107 4580 1372 4651 Domine,
1424 4580 1624 4652 juva;
1680 4583 1782 4635 aut
1841 4579 2110 4650 Domine,

451 4673 730 4731 miserere
763 4673 918 4740 mei;
951 4676 1009 4728 et
1033 4674 1152 4742 jam
1190 4671 1285 4727 Dei
1317 4669 1504 4726 sancti
1552 4669 1909 4725 clamoribus
1941 4669 2109 4725 solli-

445 4763 724 4819 citantur.
779 4762 838 4818 Si
891 4779 920 4817 e
970 4766 1174 4817 contra
1233 4776 1337 4832 per
1394 4759 1629 4831 aliquod
1688 4763 1923 4831 tempus
1982 4759 2108 4817 sine

443 4852 724 4908 aerumnis
753 4851 1175 4919 sumus,Deum
1211 4851 1480 4906 invocare
1511 4848 1877 4918 desistimus,
1911 4845 2100 4905 sancti

439 4942 570 5013 ejus
599 4945 654 4998 et
691 4941 894 5015 hymni
951 4941 1010 4996 in
1059 4957 1262 4996 eorum
1317 4939 1599 4994 honorem
1649 4938 1852 5010 scripti
1903 4937 2092 5010 negli-

435 5037 691 5105 guntur;
718 5031 842 5103 jam
891 5030 1048 5086 enim
1099 5029 1302 5101 lingua
1346 5027 1507 5084 canit
1537 5027 1760 5095 sordes,
1795 5025 1896 5082 Dei
1942 5027 2090 5084 iram

433 5127 733 5195 provocat,
766 5137 872 5177 nos
906 5137 1036 5177 vero
1063 5122 1338 5176 canentes
1369 5115 1712 5186 corrumpit.

501 5302 590 5357 45.
615 5299 742 5356 Non
764 5299 1024 5373 igiturid
1048 5297 1340 5372 praecipio,
1376 5301 1441 5353 ut
1478 5295 1728 5353 tristitiae
1778 5296 2081 5353 renuntie-

2222 3590 2309 3681 επὶ
2340 3598 2459 3656 ταῖς
2510 3593 2717 3672 ἐφεξῆς·
2775 3595 2919 3651 ἀλλά
2965 3597 3028 3652 τὸ
3078 3597 3198 3654 λίαν
3233 3600 3442 3677 ἀπάγῳ,
3476 3603 3576 3672 τήν
3639 3602 3887 3681 ὑπερϐο-

2222 3679 2326 3751 λὴν
2381 3681 2609 3752 ἑλαττῶ,
2669 3686 2766 3754 τὴν
2828 3686 3084 3761 ἀμετρίαν
3118 3685 3234 3762 ἄγω
3283 3689 3357 3751 εἰς
3404 3679 3762 3768 σύμμετρονξ
3795 3696 3884 3757 Εἰς

2219 3770 2270 3825 τί
2302 3773 2406 3847 γὰρ
2454 3773 2542 3826 καὶ
2573 3773 2925 3850 πειράσομαι,
2961 3777 3016 3830 τὸ
3066 3774 3184 3840 δέος
3232 3776 3284 3832 ἐν
3331 3781 3466 3852 ἡμῖν
3517 3784 3886 3860 καταρῥίψαι,

2222 3860 2249 3913 6
2281 3861 2488 3933 μαθὼν,
2521 3869 2722 3937 χρῆναι
2765 3863 2854 3918 καὶ
2913 3860 3031 3926 δέος
3074 3863 3126 3918 ἐν
3184 3865 3422 3932 πολλοῖς
3480 3869 3698 3927 ἑστάναι
3765 3875 3887 3929 καί-

2223 3969 2336 4023 ριον
2367 3969 2380 4019 ;
2414 3954 2535 4012 Πῶς
2565 3947 2610 4004 δ’
2659 3949 2721 4006 ἂν
2774 3950 3146 4027 ἐγγυησαίμην
3198 3955 3259 4009 τὸ
3319 3953 3551 4027 ἄλυπον,
3587 3963 3675 4022 οἷς
3713 3963 3746 4017 6
3794 3967 3890 4018 τοῦ

2219 4037 2579 4111 κλαυθμῶνος
2610 4041 2776 4104 τόπος
2814 4040 3190 4112 ἀποτέτακται,
3246 4046 3322 4105 εἷς
3381 4043 3564 4110 οὐδεὶς
3613 4043 3893 4124 ἕγνῶσται

2226 4127 2342 4201 βίος
2395 4126 2628 4195 ἄλυπος,
2688 4131 2768 4191 οἷς
2820 4131 3040 4185 ἄκανθαι
3085 4131 3175 4186 καὶ
3217 4128 3474 4207 τρίϐολοι
3523 4144 3694 4212 γῆθεν
3757 4143 3894 4196 ἀνα-

2217 4216 2432 4272 τέλλειν
2486 4218 2563 4281 εἷς
2610 4217 2942 4297 ἐπιστροφὴν
2995 4218 3410 4298 ἐπετάχθησαν,
3494 4228 3655 4303 φάναι
3715 4228 3780 4285 δὲ
3832 4232 3893 4286 τὸ

2223 4304 2437 4378 μᾶλλον
2471 4306 2898 4382 ἑπιστρεπτικὸν,
2948 4307 3000 4363 οἵ
3048 4310 3394 4386 χρονίζοντες
3443 4310 3643 4369 ἄλυποι
3685 4315 3896 4373 ἐκλαν-

2221 4395 2491 4484 θανόμεθα
2540 4403 2712 4468 Θεοῦ;
2965 4399 3068 4475 γὰρ
3131 4399 3270 4456 ἔστιν
3329 4405 3464 4476 ἡμῖν
3524 4402 3896 4484 παιδαγωγὸς

2217 4483 2459 4541 καλλίων
2492 4494 2589 4557 τῆς
2651 4485 2851 4558 λύπης.
2912 4490 3058 4562 Ἅμα
3093 4487 3266 4562 λύπη,
3310 4494 3401 4546 xui
3451 4493 3642 4550 αὐτίκα
3682 4483 3893 4570 μνήμη

2218 4580 2371 4631 Θεοῦ.
2405 4576 2651 4646 Κνίζεται
2715 4597 2821 4646 τις,
2879 4577 2969 4632 καὶ
3011 4577 3099 4633 ἐπὶ
3162 4579 3432 4654 στόματος
3485 4581 3652 4637 αύτοῦ
3723 4587 3893 4647 εὐθὺς

2215 4664 2298 4720 τό⁶
2337 4692 2356 4717 ε
2394 4665 2560 4740 Κύριε
2607 4667 2816 4742 βοήθει·
2877 4689 2906 4718 ››
2964 4667 3081 4722 Καί·
3144 4693 3171 4720 ‹‹
3229 4669 3402 4745 κύριε,
3463 4668 3728 4741 ἐλέησον*
3796 4676 3891 4730 xui

2216 4752 2684 4830 παρενοχλοῦνται
2744 4755 2897 4831 βοαῖς
2943 4756 2994 4810 oi
3051 4760 3147 4810 τοῦ
3192 4761 3324 4812 Θεοῦ
3375 4760 3542 4834 ἅγιοι.
3594 4763 3890 4837 Διάγομεν

2214 4845 2401 4920 καιρόν
2432 4866 2551 4899 τινα
2582 4843 2762 4914 λύπης
2795 4841 2948 4920 δίχα,
2980 4846 3070 4899 καὶ
3107 4845 3283 4921 ὀψίζει
3332 4849 3460 4922 παρ’
3487 4851 3622 4921 ἡμῖν
3657 4853 3732 4906 τὸ
3771 4852 3894 4907 ἐπι-

2204 4931 2481 4989 καλεῖσθαι
2529 4933 2678 4989 Θεόν·
2730 4935 2819 4988 καὶ
2871 4934 2924 4988 οἳ
2987 4935 3080 5007 μὲν
3127 4935 3295 4990 αὐτοῦ
3344 4937 3487 5012 ἅγιοι
3533 4939 3621 4992 καὶ
3653 4942 3736 4994 τὶ
3805 4943 3895 4996 ἐπ’

2201 5022 2384 5085 αὐτοῖς
2413 5021 2624 5097 ᾅσματα
2673 5021 3008 5078 ξκκλείονται
3063 5028 3160 5079 τοῦ
3219 5026 3512 5099 στόματος,
3565 5027 3886 5102 ᾆσμα-τέξει

2200 5110 2256 5167 δὲ
2287 5115 2320 5183 ἡ
2353 5111 2591 5187 γλῶσσα,
2648 5112 2744 5167 ὅσα
2797 5113 2888 5167 καὶ
2941 5112 3106 5184 αὐτὴν
3167 5113 3410 5187 μολύνει,
3477 5117 3567 5171 xui
3598 5117 3700 5172 τὸν
3743 5123 3890 5176 Θεὸν

2195 5201 2503 5277 παροξύνει,
2536 5202 2625 5256 xui
2656 5204 2806 5275 ἡμᾶς
2853 5203 3071 5257 κακύνει
3099 5202 3227 5266 τοὺς
3256 5198 3505 5274 ᾅδοντας.

2267 5293 2365 5364 με’.
2402 5290 2478 5349 Ού
2507 5289 2686 5346 τοίνυν
2735 5289 2998 5364 παιδεύω,
3057 5293 3132 5365 μὴ
3190 5291 3475 5348 λυπεῖσθαι
3531 5293 3697 5365 (αὐτὸ
3779 5299 3888 5370 μὲν

2187 5380 2286 5458 γὰρ
2318 5380 2404 5435 καὶ
2468 5378 2750 5436 ἀδύνατονο
2786 5383 2820 5450 ἡ
2877 5377 2934 5435 δὲ
2982 5379 3260 5444 παίδευσις
3310 5381 3397 5437 ἐπὶ
3452 5388 3572 5447 τοῖς
3625 5380 3892 5460 δυναμέο

2185 5489 2299 5532 νοις
2330 5469 2612 5544 γίνεσθαι),
2663 5468 2806 5525 ἀλλά
2841 5469 3062 5545 βάπτειν
3114 5471 3207 5543 μὲν
3261 5471 3334 5533 εἷς
3361 5471 3541 5544 λύπην
3572 5467 3885 5549 ἔμφρονα,

2181 5559 2270 5614 xui
2303 5558 2385 5634 ἐφ’
2416 5561 2500 5622 οἷς
2531 5561 2667 5635 χρὴ,
2725 5560 2852 5635 παρ’
2911 5559 3046 5615 αὐτὰ
3074 5557 3131 5615 δὲ
3163 5566 3451 5636 μεριμνᾷν,
3515 5562 3880 5636 ἐξευρίσκειν

2177 5652 2240 5705 τὸ
2284 5649 2573 5722 λαθικηδὶς
2616 5653 2702 5706 xui
2773 5655 2949 5706 κακῶν
3004 5651 3264 5722 ἐπίληθον
3319 5652 3564 5708 ἁπάντων
3609 5656 3882 5729 φάρμα-

2176 5762 2293 5812 κον,
2328 5738 2397 5795 δι’
2446 5740 2508 5795 οὗ
2553 5739 2876 5812 ἁλεξικάκου
2918 5741 2982 5797 τὸ
3030 5739 3296 5815 θηριῶδες
3347 5739 3531 5819 δῆγμα
3574 5748 3686 5811 τῆς
3751 5743 3881 5801 λύ-

427 5390 504 5448 tis
535 5390 716 5464 (quod
740 5406 844 5445 nec
868 5389 990 5445 fieri
1016 5393 1201 5462 potest
1227 5407 1240 5456 ;
1265 5403 1369 5444 nec
1411 5387 1567 5443 enim
1619 5385 1731 5440 nisi
1777 5385 2081 5457 possibilia

429 5481 633 5536 docere
664 5479 987 5551 convenit);
1013 5479 1113 5535 sed
1138 5482 1202 5534 ut
1228 5475 1574 5550 afﬂigamini
1605 5479 1661 5532 et
1689 5473 1924 5531 solliciti
1947 5475 2076 5533 sitis

425 5571 496 5625 de
551 5570 726 5624 rebus
786 5568 1092 5640 luctuosis,
1127 5573 1184 5624 et
1243 5565 1518 5638 quaeratis
1577 5565 2071 5621 medicamentum

421 5657 575 5728 quod
612 5642 782 5711 curas
810 5658 1062 5729 abigere,
1086 5661 1142 5712 et
1176 5673 1292 5728 quo
1319 5655 1494 5711 homo
1526 5654 1781 5711 afflictus
1806 5670 2068 5710 morsum

418 5743 654 5800 fatalem
706 5761 914 5801 sanare
942 5745 1152 5802 valeat.
1187 5745 1372 5815 Hujus
1405 5748 1600 5800 autem
1653 5743 2066 5800 medicamenti
