4114 6200
309 409 432 467 ’117

1332 411 1413 471 lN
1455 412 1523 472 8.
1569 406 2249 482 OUADRAGESIMAM
2294 407 2586 470 ORATIO
2637 407 2743 469 IV.

3606 407 3729 468 718

302 558 417 609 πης
465 538 930 613 ἂπαλειφθήσεται
998 540 1028 593 ὁ
1077 538 1439 613 λυπούμενος.
1495 544 1601 595 Τοῦ
1658 538 1716 595 δὲ
1776 537 1958 595 τοιού-

2077 538 2441 610 dispensator
2468 542 2559 594 est
2587 538 2762 606 Deus,
2787 538 2888 612 qui
2915 552 3151 595 omnem
3181 538 3440 610 corporis
3467 538 3731 596 inﬁmi-

303 646 404 681 του
462 626 908 703 άλεξιφαρμάκου
955 629 1207 704 χορηγὸς
1260 630 1288 683 ὁ
1334 628 1485 693 Θεὸς,
1520 628 1735 700 ἀπάσης
1792 648 1959 704 καχε-

301 716 423 786 ξίας
482 718 842 790 θεραπευτής,
871 716 947 778 είς
1007 717 1066 771 ’ὸν
1123 717 1399 781 ἀναθέντες
1430 720 1580 791 ἡμᾶς
1624 716 1818 780 αὐτοὺς
1873 720 1964 772 0:-

302 806 786 878 ραπευθησόμεθα,
819 805 1093 880 χαρέντες,
1126 806 1215 860 καὶ
1266 805 1406 861 οὕτω
1462 810 1563 876 τὴν
1619 806 1799 877 λύπην
1857 806 1966 880 ἒξε-

301 894 589 955 Αάσαντες.
639 894 699 948 Τί
776 894 878 968 γὰρ
944 891 1085 949 ἄλλο
1142 894 1397 964 ποιητέον
1463 893 1514 949 ἐν
1572 900 1691 957 τοῖς
1750 896 1825 968 μὴ
1884 892 1965 972 ἐφ’

298 984 465 1054 ἡμῖν,
498 981 535 1051 ἢ
588 983 802 1044 πάντως
856 983 919 1037 τὸ
976 982 1063 1037 ἐπὶ
1121 985 1257 1056 ἡμῖν
1317 984 1526 1056 αὐτοῖς,
1580 984 1745 1059 οὗπερ
1804 986 1968 1055 ἡμεῖς

296 1069 462 1144 ἔσμεν
509 1070 731 1148 κύριοι,
792 1070 1124 1146 Κυριεύομεν
1190 1068 1248 1127 δὲ
1317 1072 1368 1127 ἐν
1434 1070 1631 1135 λύπαις
1688 1072 1966 1135 τοιαύταις

294 1161 392 1215 καὶ
464 1155 661 1237 φόϐοις
727 1160 1097 1234 ἰπικειμὲνοις
1148 1160 1465 1237 ἀμηχάνοις
1538 1166 1635 1216 τοῦ
1708 1159 1914 1225 δέεσθαι
1950 1178 1963 1193 ·

296 1247 517 1304 δέεσθαι
556 1247 615 1304 δὶ
659 1249 722 1304 ού
769 1254 870 1304 τοῦ
899 1249 1265 1325 τυγχάνοντος
1303 1249 1629 1324 άμύντορος,
1659 1248 1807 1305 ἀλλὰ
1869 1254 1967 1304 τοῦ

295 1337 706 1396 δυνατωτάτου.
761 1342 1027 1401 Τοιοῦτος
1086 1336 1142 1394 δὲ
1202 1340 1230 1393 ὁ
1287 1340 1418 1401 Θεὸς
1479 1343 1587 1393 τῶν
1647 1337 1963 1412 δυνάμεων·

294 1428 467 1483 αύτοῦ
524 1425 625 1499 ἄρα
676 1428 767 1481 καὶ
813 1424 1057 1498 δεητὲον,
1101 1431 1198 1482 τοῦ
1249 1428 1477 1490 καὶτὰς
1538 1425 1747 1490 δικαίας
1802 1426 1968 1503 εὐχὰς

295 1517 390 1572 καὶ
457 1517 555 1579 τὰς
613 1516 809 1590 ἀγαθὰς
872 1514 1102 1579 ἐλπίδας
1175 1514 1658 1596 τελεσφοροῦντος.
1721 1517 1967 1592 Ἰσχυρὸς

292 1606 460 1670 αὐτὸς
517 1605 703 1679 μόνος·
739 1602 825 1660 διὸ
879 1606 969 1661 καὶ
1028 1608 1250 1677 ποιήσει
1306 1604 1537 1683 ῥᾳδίως.
1587 1612 1644 1664 '0
1703 1604 1749 1661 δ’
1807 1606 1967 1669 αὐτὸς

289 1696 387 1750 καὶ
453 1696 845 1770 μακρόθυμος·
881 1696 942 1750 οὗ
1001 1695 1165 1771 χάριν
1230 1701 1495 1773 μακρυνεῖ
1554 1696 1650 1758 τὰς
1699 1695 1970 1769 ἁμαρτίας

288 1789 481 1858 ἡμῶν,
534 1785 626 1840 καὶ
684 1783 926 1840 ἱλάσεται
986 1787 1149 1858 ἡμῖν,
1200 1786 1350 1861 εἶπερ
1412 1788 1447 1855 ἡ
1516 1783 1700 1853 δέησις
1751 1783 1970 1854 ἐκτενής

287 1874 387 1929 καὶ
448 1873 501 1944 ἐξ
555 1871 911 1976 δληςῖιιίυχῖγς
967 1875 1058 1929 καὶ
1116 1871 1358 1976 διανοίας
1406 1876 1496 1930 καὶ
1551 1879 1807 1976 καθαροιῖ
1847 1874 1970 1929 στό-
2002 1910 2050 1976 Β

299 1983 517 2037 ματος·
564 1963 624 2024 ὃς
673 1960 797 2018 οὐδὲ
859 1962 1116 2037 ἀναμένει
1183 1961 1590 2040 διαρθρωθῆναι
1640 1965 1732 2019 τὸν
1780 1961 1973 2035 δεητή-

296 2075 445 2128 ριον,
493 2050 623 2108 ἀλλ’
652 2050 731 2107 ἔτι
788 2050 1094 2114 λαλοῦντός
1148 2074 1300 2115 τινος
1349 2052 1632 2128 πάρεστιν,
1682 2055 1971 2127 Ἐπιθυμεῖ

293 2142 404 2218 γάρ
466 2139 713 2212 δέξασθαι
774 2140 979 2196 ἱκεσίαν
1056 2140 1286 2217 ἔλλογον
1363 2142 1451 2197 καὶ
1523 2141 1794 2220 εὐεργεσίᾳ
1874 2146 1970 2197 τοῦ

298 2228 753 2294 θεοκλυτοῦντος.
803 2232 872 2284 Ἦ
938 2231 1042 2307 γὰρ
1121 2230 1376 2306 βασιλεὺς
1456 2232 1550 2306 μὶν
1608 2231 1830 2308 ἀγαθὸς,
1891 2232 1966 2304 μὴ

293 2320 643 2397 εὐεργετικὸς
703 2323 994 2397 προσφυῶς
1054 2320 1114 2376 ἃν
1178 2319 1328 2398 λέγοι
1367 2322 1429 2376 τό
1492 2342 1577 2376 τι·
1634 2346 1661 2374 «ι
1716 2323 1969 2397 Σήμερον

288 2409 397 2465 οὐκ
426 2404 769 2465 ἐϐασίλευσα·
804 2407 930 2464 οὐδὲ
959 2410 1060 2485 γάρ
1118 2409 1389 2486 εὐηργέτη
1405 2418 1471 2465 κα
1498 2437 1513 2481 ;
1544 2432 1570 2463 ιι
1607 2412 1663 2465 Ὁ
1723 2408 1780 2465 δὶ
1836 2410 1966 2478 Θεὸς

286 2499 557 2570 ἀνέξεται,
621 2499 697 2571 μὴ
758 2495 1129 2563 ἀδιαλείπτως
1192 2498 1519 2576 εὐεργετεῖν,
1574 2504 1737 2555 τοῦτο
1791 2496 1971 2569 διηνε-

279 2590 380 2651 κὶς
439 2584 599 2662 ἔργον
653 2586 855 2643 αὐτοῦς
891 2586 1005 2642 ἦπεὶ
1067 2588 1157 2643 καὶ
1218 2587 1518 2666 αὐτάγαθός
1575 2587 1683 2644 ἐστι
1733 2588 1821 2645 καὶ
1877 2588 1969 2644 αὐ-

284 2671 646 2739 τοϐασιλεύς.
715 2677 809 2731 Διὸ
858 2677 950 2731 καὶ
1014 2672 1308 2750 λαμϐάνων
1370 2675 1577 2749 δέησιν,
1639 2677 1736 2733 οὐκ
1798 2678 1972 2749 ἀνέξε-

286 2788 409 2835 ται,
445 2766 523 2839 μή
552 2764 737 2821 κλίναι
792 2767 855 2820 τὸ
913 2763 1007 2828 οὖς
1057 2788 1174 2839 σου,
1208 2769 1294 2823 καὶ
1351 2767 1647 2823 ἐπακοῦσαι
1701 2767 1777 2830 είς
1837 2768 1966 2843 ἀγα·

296 2856 422 2925 θὸν,
479 2853 625 2910 ἀλλὰ
689 2858 1063 2930 συμμετρήσει
1119 2862 1198 2929 τῷ
1269 2862 1366 2913 τοῦ
1422 2856 1676 2914 κινδύνου
1721 2860 1812 2913 καὶ
1867 2862 1965 2913 τοῦ

291 2940 476 3023 φόϐου
532 2949 707 3020 καιρῷ
755 2945 844 3000 καὶ
898 2946 997 3015 τήν
1058 2946 1330 3022 σύναρσιν.
1382 2946 1593 3005 Μέλλει
1654 2949 1716 3004 τὸ
1772 2950 1960 3019 κακὸν,

287 3036 384 3089 καί
440 3031 824 3089 διαεκεδσὶσει⁸
880 3034 1101 3112 ἐγγίζει,
1158 3036 1249 3091 καὶ
1304 3036 1596 3095 ἀπώσεται.
1642 3037 1800 3101 Ἀλλ’
1849 3035 1958 3109 ἤδη

2078 633 2255 684 tatem
2286 631 2477 684 sanat.
2500 630 2559 683 In
2580 644 2713 684 eum
2746 630 2945 701 itaque
2972 643 3206 684 omnem
3225 645 3389 701 spem
3413 645 3727 701 ponamus,

2075 723 2132 774 et
2162 717 2525 787 sanabimur,
2558 723 2615 773 et
2652 719 3045 790 gaudebimus
3095 718 3254 773 omni
3291 717 3443 773 malo
3473 717 3727 777 liberati.

2077 805 2223 873 Quid
2256 806 2413 860 enim
2467 805 2625 861 aliud
2675 807 3008 863 faciendum
3057 810 3146 862 est
3174 806 3234 861 in
3264 806 3339 862 iis
3387 824 3519 879 quas
3551 825 3731 880 penes

2078 910 2185 949 nos
2216 911 2330 949 non
2375 898 2538 963 sunt,
2570 902 2673 950 aut
2711 895 2903 966 potius
2947 894 3007 949 in
3040 894 3112 951 iis
3143 894 3291 966 ipsis
3322 912 3448 967 qua
3480 912 3515 952 a
3557 898 3731 955 nobis

2077 983 2380 1055 pendent?
2410 984 2472 1039 ln
2507 983 2787 1039 aerumnis
2818 989 3012 1039 autem
3044 988 3102 1039 et
3134 988 3294 1039 metu
3324 1000 3461 1040 cum
3493 1002 3729 1056 sumus,

2078 1072 2348 1144 precibus
2379 1089 2554 1145 quem
2585 1072 2858 1130 volumus
2907 1073 3067 1129 adire
3099 1089 3443 1145 possumus,
3477 1076 3579 1131 sed
3610 1092 3729 1133 non

2077 1163 2147 1217 ad
2181 1178 2612 1234 quemcunque,
2645 1162 2746 1218 sed
2773 1161 3251 1234 potentissimum
3273 1164 3544 1221 accedere
3564 1181 3735 1238 expe-

2077 1250 2182 1306 dit.
2215 1251 2317 1307 Est
2364 1255 2558 1307 autem
2606 1250 2701 1307 hic
2751 1256 2903 1307 Deus
2950 1251 3282 1321 virtutum;
3333 1253 3523 1325 ipsius
3553 1254 3737 1327 igitur

2078 1339 2363 1396 auxilium
2412 1339 2820 1412 imploremus,
2861 1339 2962 1412 qui
3009 1355 3210 1412 preces
3258 1340 3448 1411 iustas
3494 1346 3551 1397 et
3597 1360 3734 1416 spes

2076 1431 2264 1486 bonas
2295 1430 2366 1485 ad
2392 1429 2609 1486 exitum
2630 1430 2947 1502 perducere
2963 1429 3134 1486 valet.
3166 1434 3316 1486 Deus
3343 1431 3504 1487 solus
3529 1431 3733 1502 fortis;

2078 1519 2294 1575 idcirco
2326 1518 2491 1574 facile
2513 1518 2792 1590 perﬁciet.
2816 1519 2972 1575 Idem
2992 1533 3128 1574 vero
3160 1518 3337 1574 etiam
3358 1518 3736 1591 longanimus

2079 1612 2205 1675 est;
2266 1623 2445 1678 quare
2503 1611 2744 1680 peccata
2802 1611 3006 1663 nostra
3062 1608 3341 1663 diminuit
3398 1613 3457 1664 et
3503 1609 3734 1667 veniam

2080 1697 2252 1753 nobis
2301 1698 2502 1767 donat,
2536 1697 2857 1753 dummodo
2907 1712 3108 1769 preces
3155 1714 3224 1753 ex
3261 1702 3386 1754 tota
3435 1697 3636 1754 anima
3666 1715 3735 1755 ac

2079 1790 2202 1842 tota
2247 1790 2443 1842 mente
2487 1790 2543 1843 et
2590 1802 2621 1842 e
2669 1803 2817 1858 puro
2864 1804 2962 1843 ore
3010 1788 3336 1859 prodeant;
3387 1791 3538 1844 Deus
3577 1788 3736 1845 enim

2081 1892 2195 1931 non
2213 1878 2515 1947 exspectat
2530 1876 2715 1932 donec
2732 1874 3026 1932 desideria
3047 1878 3249 1932 nostra
3269 1877 3735 1948 exposuerimus;

2081 1981 2216 2020 nam
2246 1963 2521 2036 loquente
2563 1967 2620 2020 te
2651 1964 2867 2034 adhuc,
2900 1965 3029 2035 jam
3077 1965 3261 2020 adest.
3306 1964 3450 2021 Vult
3478 1981 3737 2038 namque

2081 2059 2142 2106 ut
2200 2050 2300 2123 qui
2352 2050 2719 2123 supplicatur
2767 2052 3095 2107 secundum
3149 2051 3439 2107 rationem
3484 2055 3542 2107 et
3585 2053 3737 2110 bene

2078 2156 2330 2211 operans
2377 2156 2440 2196 se
2486 2140 2675 2195 adeat.
2729 2140 2885 2197 Num
2934 2156 3033 2196 rex
3080 2140 3273 2196 bonus
3323 2140 3583 2213 quidem,
3625 2142 3731 2199 sed

2079 2229 2280 2285 minus
2310 2229 2629 2300 beneﬁcus,
2656 2228 2875 2285 diceret
2906 2245 2920 2285 :
2951 2228 3128 2285 Hodie
3157 2246 3271 2285 non
3305 2229 3575 2302 regnavi;
3609 2246 3730 2288 non

2078 2318 2235 2373 enim
2262 2318 2568 2374 benefeci?
2614 2317 2769 2373 Deus
2817 2320 3013 2374 autem
3063 2334 3181 2374 non
3229 2334 3463 2390 semper
3486 2319 3728 2376 benefa-

2078 2408 2217 2477 ciat,
2248 2424 2383 2464 cum
2414 2407 2473 2462 id
2498 2406 2550 2463 ei
2583 2406 2875 2479 peculiare
2905 2408 3019 2476 sit;
3070 2407 3303 2463 bonitas
3345 2408 3444 2480 qui
3476 2412 3566 2465 est
3592 2408 3726 2482 ipsa

2076 2501 2133 2553 et
2158 2514 2258 2553 rex
2288 2497 2697 2553 universorum
2718 2496 2747 2551 ?
2776 2497 2981 2569 Itaque
3010 2512 3211 2569 preces
3235 2502 3372 2553 tuas
3399 2496 3725 2555 admittens

2076 2586 2136 2641 in
2165 2587 2541 2643 commodum
2588 2586 2824 2659 quidem
2854 2591 3024 2642 tuum
3070 2590 3250 2642 vertet
3278 2590 3540 2658 tempore
3571 2586 3726 2661 peri-

2077 2675 2189 2731 culi
2223 2680 2280 2731 et
2308 2675 2559 2732 timoris.
2591 2679 2912 2731 Cunctatur
2937 2674 3157 2731 malum
3195 2694 3208 2732 :
3242 2676 3502 2732 destruet
3531 2675 3722 2747 illud;

2074 2766 2511 2838 appropinquat
2550 2783 2564 2822 :
2606 2765 2877 2837 depellet.
2925 2766 3033 2820 Sed
3077 2765 3327 2837 jamjam
3375 2764 3554 2834 venit,
3595 2767 3724 2837 jam

2072 2854 2192 2910 cuti
2219 2855 2482 2922 inhaeret,
2516 2856 2616 2912 sed
2649 2856 2853 2911 afﬂatu
2879 2854 3078 2911 divino
3109 2853 3431 2911 inﬁrmavit
3458 2853 3644 2910 telum
3666 2859 3727 2911 et

2072 2949 2226 3000 retro
2272 2945 2542 3017 conjecit.
2573 2946 2683 3002 Sed
2732 2948 3028 3018 postremo
3075 2948 3396 3001 retrorsum
3449 2944 3509 2999 in
3550 2944 3723 3001 corde

2070 3034 2362 3107 sagittarii
2393 3035 2565 3108 ﬁget;
2615 3034 2751 3091 talis
2790 3035 2948 3092 enim
2978 3039 3069 3093 est
3098 3033 3351 3093 scelestis
3407 3033 3721 3091 auxiliator

286 3122 558 3201 ἐφῆπται,
609 3122 699 3175 καὶ
746 3120 798 3176 ἐν
846 3127 972 3198 χρῷ
1013 3120 1239 3198 γέγονε·
1288 3123 1378 3178 καὶ
1423 3123 1588 3198 ψύξας
1656 3128 1841 3201 ἠσυχῆ
1896 3126 1959 3181 τὸ

2077 3123 2142 3181 iis
2174 3124 2275 3198 qui
2303 3140 2439 3182 eum
2471 3125 2762 3182 invocant.

295 3210 465 3287 βέλος
495 3209 752 3283 ἐπιπνοίᾳ
800 3211 933 3284 θείᾳ,
968 3212 1181 3288 στρέψει
1246 3212 1440 3269 ὀπίσω.
1472 3215 1542 3268 Τὸ
1602 3211 1659 3269 δὶ
1705 3212 1955 3270 καινότα-

287 3284 410 3357 τον·
444 3300 806 3375 ἀντιστρέφει,
836 3303 925 3357 καὶ
988 3284 1064 3365 εἰς
1110 3284 1219 3373 τὴν
1264 3306 1361 3357 τοῦ
1413 3302 1678 3379 βαλόντος
1726 3302 1951 3381 καρδίαν
1985 3284 2029 3354 C

290 3390 556 3465 ἐμπήξει,
614 3394 862 3453 τοιοῦτος
949 3392 1113 3455 αὐτὸς
1199 3391 1486 3469 ἐπίκουρος
1564 3392 1761 3449 ἄνωθεν
1837 3399 1957 3458 τοῖς

290 3478 583 3555 προκαλου
592 3479 723 3553 μίνο
742 3499 787 3541 ις
818 3480 1001 3536 αὐτόν.

369 3605 481 3678 μετ’.
515 3606 658 3680 Ἐγὼ
691 3602 751 3660 δὲ
806 3626 897 3660 και
928 3604 1071 3661 ἄλλο
1101 3607 1240 3683 πρὸς
1264 3608 1605 3683 παραμυθίαν
1666 3608 1792 3682 ὑμῖν
1853 3607 1960 3684 ἐρῶ

289 3694 728 3749 πειστίκώτατόν
810 3716 862 3749 τι
929 3695 1019 3751 καὶ
1096 3695 1563 3752 λυσιτελέστατον.
1614 3697 1962 3773 Ἀνενὲγκατε

289 3786 362 3857 τῇ
402 3784 594 3858 μνήμῃ
627 3783 723 3845 τὰς
751 3784 933 3859 ψυχὰς
993 3784 1068 3847 εἷς
1120 3786 1210 3841 τὸν
1266 3783 1441 3842 ἔνθεον
1485 3785 1645 3859 ἡμῶν
1704 3786 1966 3861 αύτοκρά,

288 3891 453 3946 τορα,
485 3873 573 3925 καὶ
632 3870 702 3926 δι’
760 3872 966 3928 ἐκείνου
1026 3874 1117 3929 καὶ
1176 3877 1623 3952 παρηγορήθητε,
1670 3876 1760 3931 καὶ
1824 3877 1963 3952 βοή-

292 3972 452 4025 θειαν
511 3959 755 4035 εύρὲσθαι
833 3962 1141 4018 σπεύσατε·
1200 3964 1289 4019 καὶ
1345 3966 1607 4040 βοηθήσει
1673 3966 1766 4039 μὶν
1825 3967 1961 4038 ἡμῖν

293 4049 509 4113 ἆκεῖνος
567 4052 657 4104 καὶ
735 4049 945 4106 οἷ’κοθεν
1001 4050 1184 4128 ἔργοις
1240 4054 1550 4129 βασιλικοῖς
1602 4054 1693 4110 καί
1750 4076 1968 4132 προμη-

293 4138 421 4210 θείᾳ
484 4139 620 4210 θείᾳ,
681 4140 791 4215 οὐχ
833 4141 1030 4210 ἥκιστα
1085 4140 1143 4197 δὲ
1196 4144 1309 4215 καὶ,
1369 4139 1518 4220 εἷίπερ
1578 4144 1765 4221 εὐχαῖς
1833 4145 1963 4200 Θεὸν

290 4228 580 4300 πείθομεν,
624 4230 1045 4305 συνεφάπτεσθαι
1103 4235 1210 4286 τῶν
1271 4228 1445 4307 ἔργων
1502 4233 1672 4305 αὐτῷ,
1705 4232 1792 4289 καὶ
1840 4254 1967 4308 συγ-

288 4315 639 4379 κατευθύνειν
699 4319 762 4372 τὸ
822 4316 952 4394 δόρυ
1014 4320 1150 4375 κατᾶ
1221 4320 1398 4391 πάσης
1457 4319 1802 4395 παλαμναίας
1859 4323 1966 4399 φά-

296 4404 517 4481 λαγγος
607 4407 938 4483 ἀντιμάχου.
996 4410 1448 4485 ΙΙαρηγορήσεται
1532 4408 1589 4466 δὶ
1666 4418 1781 4474 τοῖς
1845 4413 1966 4476 καθ’

294 4495 518 4562 ἑαυτὸν,
574 4496 663 4550 καὶ
733 4499 817 4560 οἷς
877 4498 959 4553 ἀεὶ
1008 4504 1253 4555 πονεῖται
1314 4500 1444 4576 ὑπὲρ
1503 4505 1612 4555 τῶν
1668 4502 1763 4555 τοῦ
1809 4504 1963 4559 Θεοῦ.

294 4581 505 4641 υἷ’δατε
533 4583 774 4655 πάντως,
806 4587 902 4658 ὡς,
938 4587 1120 4661 ἐξότου
1167 4590 1195 4644 ὁ
1254 4588 1527 4665 βασίλειος
1581 4590 1740 4645 αὐτὸν
1797 4587 1967 4664 ἔλαχε

2139 3607 2230 3661 46.
2279 3605 2471 3660 Aliam
2519 3620 2642 3661 rem
2690 3603 3109 3661 consolativam
3156 3618 3319 3675 asque
3365 3617 3433 3658 ac
3479 3614 3718 3673 persuan

2070 3697 2255 3753 sivam
2287 3694 2450 3750 vobis
2491 3694 2835 3750 edisseram.
2880 3692 3087 3749 Tollite
3134 3692 3194 3748 in
3245 3690 3458 3764 spiritu
3487 3689 3718 3746 animas

2070 3791 2297 3841 vestras
2324 3784 2395 3838 ad
2421 3783 2833 3855 imperatorem
2877 3791 3145 3839 nostrum
3168 3781 3451 3837 divinitus
3473 3776 3721 3849 inspira-

2072 3882 2222 3940 tum,
2255 3877 2312 3929 et
2354 3872 2737 3928 consolamini
2788 3876 3036 3939 vosmet,
3080 3876 3138 3928 et
3192 3869 3477 3927 auxilium
3518 3882 3721 3939 exspe-

2073 3969 2243 4019 ctate.
2269 3962 2369 4018 Ille
2391 3963 2547 4018 enim
2570 3961 2847 4035 operibus
2864 3961 3043 4033 regiis
3063 3966 3117 4018 et
3140 3958 3506 4033 providentia
3518 3955 3721 4013 divina

2073 4055 2241 4111 nobis
2270 4059 2591 4122 succurret,
2635 4052 2957 4124 praesertim
3004 4052 3053 4107 si
3081 4054 3261 4109 Deum
3308 4049 3580 4121 precibus
3611 4049 3719 4102 ile-

2072 4144 2288 4199 ctimus
2318 4151 2374 4198 et
2402 4143 2514 4215 ipsi
2545 4158 2928 4213 cooperamur
2949 4145 3006 4198 et
3034 4140 3216 4196 telum
3247 4144 3451 4196 contra
3479 4152 3718 4194 omnem

2072 4234 2368 4288 cohortem
2384 4231 2683 4285 inimicam
2702 4230 3050 4302 sanguinem
3068 4231 3370 4286 sitientem
3382 4226 3718 4299 dirigimus.

2072 4321 2539 4379 Consolationem
2574 4325 2770 4375 autem
2801 4324 3003 4376 contra
3034 4320 3387 4376 tentationes
3417 4314 3720 4389 praebebit.

2074 4412 2259 4466 Probe
2296 4410 2482 4465 nostis
2514 4410 2668 4482 quod
2700 4425 2770 4464 ex
2814 4425 2929 4480 quo
2961 4424 3203 4481 regnare
3233 4406 3426 4479 cmpit,
3462 4404 3534 4458 ad
3566 4402 3725 4457 hunc

2078 4516 2265 4572 usque
2300 4499 2456 4554 diem
2506 4516 2622 4554 non
2673 4498 2941 4561 cessavit,
2975 4514 3090 4553 non
3120 4497 3251 4553 dico
3299 4495 3589 4559 laborare,
3621 4490 3726 4546 sed

2080 4607 2185 4645 nec
2252 4588 2441 4645 oculis
2497 4604 2602 4643 nec
2668 4586 2997 4658 superciliis
3063 4586 3318 4657 quietem
3384 4581 3568 4648 dedit,
3626 4579 3732 4636 sed

294 4674 526 4749 θρόνος,
556 4673 658 4729 οὐκ
685 4674 953 4732 ἐπαύσατο
1015 4678 1183 4753 μέχρι
1235 4679 1324 4734 καὶ
1376 4681 1613 4754 σήμερον
1666 4681 1741 4752 μὴ
1793 4678 1875 4733 ὅτι
1906 4698 1966 4753 γε

2077 4678 2353 4751 periculis
2384 4695 2446 4733 se
2475 4677 2708 4748 objecit,
2735 4677 2833 4731 ubi
2857 4677 2929 4731 de
2958 4679 3166 4743 morte,
3200 4690 3318 4729 non
3351 4670 3602 4745 placida,
3626 4669 3731 4726 sed

295 4766 541 4835 κοπιῶν,
574 4764 663 4818 καὶ
696 4764 861 4821 ὕπνον
899 4768 975 4838 μὴ
1019 4764 1203 4830 διδοὺς
1254 4767 1560 4846 ὀφθαλμοῖς
1619 4769 1709 4823 καὶ
1765 4766 1968 4846 βλεφά-

300 4873 428 4929 ροις
460 4851 784 4919 ἀνάπαυσιν,
818 4853 966 4910 ἀλλὰ
994 4855 1082 4910 καὶ
1113 4854 1385 4919 κινδύνοις
1438 4858 1623 4912 ἑαυτὸν
1684 4852 1970 4933 παραϐάλ-

300 4941 447 5013 λων,
480 4941 569 4996 καὶ
617 4940 891 5005 κινδύνοις
944 4950 1063 5007 τοῖς
1115 4943 1465 5014 δεινοτάτοις,
1518 4948 1592 5001 ὧν
1644 4944 1823 5023 ἔργον,
1863 4950 1968 5019 ψυ-

298 5033 419 5107 χὴν
483 5029 705 5107 ἀπάγειν
769 5034 1046 5106 σώματος,
1098 5034 1165 5089 ού
1221 5036 1358 5089 κατὰ
1406 5035 1583 5112 φύσιν,
1633 5034 1779 5091 ἀλλὰ
1828 5035 1968 5107 πρὸς

302 5119 456 5194 βίαν.
488 5120 548 5173 Τί
579 5120 780 5190 τοίνυν,
816 5120 1022 5177 ἐκείνου
1078 5123 1177 5191 τὴν
1243 5125 1331 5179 ὑπ’
1384 5125 1610 5200 οὐρανὸν
1664 5124 1747 5179 ἐπ’
1776 5124 1969 5197 ὤμων,

298 5209 386 5271 ὠς
434 5207 626 5276 εἰπεῖν,
664 5210 1026 5285 βαστάζοντος
1085 5212 1173 5266 καὶ
1236 5212 1312 5275 εἰς
1370 5213 1527 5267 τόσον
1587 5213 1968 5289 ἀχθοφοροῦν-

294 5320 420 5369 τος,
455 5299 546 5353 καὶ
604 5299 757 5372 ὅμως
819 5299 1099 5379 φέροντος,
1146 5302 1235 5357 καὶ
1294 5300 1738 5379 ἀπεκδεχομένου
1799 5302 1972 5377 ἀγαθὰ

294 5390 377 5462 τῇ
439 5387 515 5449 εἷς
567 5390 695 5443 Θεὸν
752 5393 1077 5462 πεποιθήσει
1132 5390 1345 5467 (θαιριὅεῖ
1399 5393 1522 5470 γὰρ,
1571 5394 1655 5453 οἷς
1719 5393 1971 5466 μυριάκις

297 5476 398 5532 καὶ
429 5474 597 5541 ἔπαθε
639 5479 729 5533 καὶ
788 5475 1069 5551 ἐϐοηθήθη
1130 5482 1206 5542 εἱς
1254 5481 1420 5545 θάλος
1477 5483 1565 5537 καὶ
1632 5481 1829 5557 σαρκὸς
1880 5482 1971 5535 καὶ

298 5569 545 5641 ψυχῆς),
585 5568 752 5640 ἡμεῖς
812 5570 865 5623 οἱ
928 5564 1367 5644 βασιλευόμενοι,
1425 5571 1515 5626 καὶ
1574 5570 1971 5643 ἀπαιτούμενοι

300 5652 708 5721 ἐπακολουθεῖν
738 5663 854 5721 τοῖς
892 5659 1081 5728 αὐτοῦ,
1118 5659 1193 5731 μή
1245 5658 1608 5722 ἐφοποσονοῦν
1664 5659 1973 5739 ἑφεπόμεθα

298 5745 453 5804 κατὰ
486 5743 722 5821 μίμησιν
759 5748 857 5818 τὴν
891 5746 1121 5820 δυνατὴν
1180 5750 1269 5805 καὶ
1329 5752 1521 5828 ἀρετῆς
1576 5750 1869 5827 ἀπόμαξιν,
1902 5748 1974 5806 δι’

2076 4767 2335 4824 violenta
2394 4767 2697 4837 agebatur.
2747 4765 2896 4831 Quid
2945 4765 3147 4837 igitur,
3196 4780 3330 4818 cum
3389 4759 3490 4817 ille
3540 4764 3735 4814 totum

2078 4861 2280 4915 orbem
2312 4855 2579 4911 humeris
2619 4856 2729 4910 fert
2759 4859 2816 4909 et
2862 4855 3014 4910 bona
3043 4852 3251 4923 recipit
3294 4852 3355 4907 in
3387 4848 3524 4906 ﬁdei
3556 4863 3734 4920 quam

2078 4948 2137 5003 in
2172 4945 2288 5001 Deo
2320 4944 2504 5017 ponit,
2556 4943 2859 5015 praemium
2893 4941 3156 5014 (conﬁdit
3198 4940 3379 5009 enim,
3410 4938 3549 4994 licet
3578 4933 3737 4992 mala

2079 5038 2393 5092 innumera
2422 5050 2657 5107 passus,
2697 5036 2755 5089 et
2783 5048 3018 5088 carnem
3050 5037 3108 5087 et
3145 5032 3404 5088 animam
3437 5032 3737 5084 restaura-

2077 5126 2221 5197 vit);
2277 5142 2384 5179 nos
2433 5123 2534 5194 qui
2586 5123 2646 5177 in
2678 5124 2834 5177 statu
2886 5120 3233 5177 obedientize
3284 5134 3495 5175 sumus
3540 5120 3600 5172 et
3636 5114 3739 5187 qui

2072 5216 2358 5288 jubemur
2385 5231 2518 5269 eum
2570 5212 2761 5284 sequi,
2794 5227 2911 5267 non
2952 5227 3056 5283 pro
3086 5209 3313 5265 viribus
3346 5225 3413 5263 ac
3460 5203 3742 5261 facultate

2080 5308 2209 5377 ejus
2262 5305 2538 5360 virtutem
2594 5300 2918 5367 imitamur,
2973 5316 3088 5371 qua
3137 5297 3423 5355 auxilium
3475 5293 3743 5348 divinum

2081 5397 2490 5466 impetramus.
2550 5391 2676 5446 Non
2735 5390 2893 5445 enim
2953 5390 3080 5458 ejus
3152 5384 3483 5457 exemplum
3554 5383 3745 5445 secuti

2081 5487 2308 5557 operari
2327 5482 2620 5537 volumus.
2646 5478 2848 5534 Simile
2871 5494 3127 5549 namque
3146 5474 3404 5532 ofﬁcium
3428 5469 3599 5526 nobis
3623 5485 3740 5525 non

2079 5571 2391 5639 incumbit,
2424 5574 2480 5625 et
2511 5569 2558 5625 si
2593 5568 2982 5638 incumberet,
3014 5583 3132 5622 non
3163 5561 3346 5621 simili
3376 5560 3550 5618 modo
3572 5574 3743 5647 exse,

2083 5677 2417 5736 queremur.
2472 5658 2620 5714 lllud
2651 5674 2754 5714 vos
2803 5673 3034 5725 moneo,
3068 5670 3141 5711 ne
3191 5650 3430 5709 omnino
3473 5647 3655 5706 metui
3684 5658 3750 5710 et

2082 5748 2481 5826 desperationi
2503 5746 2928 5806 succumbatis.
2952 5749 3099 5805 Ante
3115 5742 3316 5803 oculos
3338 5739 3537 5816 ponite
3553 5740 3747 5796 undas
