4114 6200
354 331 473 393 721

1366 337 1445 396 1N
1488 336 1555 397 S.
1602 335 2283 409 QUADRAGESIMAM
2329 340 2628 402 ORATIO
2673 340 2779 404 IV.

3655 346 3785 408 ’122

349 460 510 525 ὅπως
570 461 672 518 οὐκ
728 464 1095 519 εισακούσεται
1161 466 1316 538 ἡμῶν
1373 466 1401 519 6
1442 465 1594 528 Θεός.
1644 468 1706 524 Ὁ
1735 466 1850 522 κατ’
1880 464 1982 540 ὅψιε

2120 472 2212 524 est
2237 471 2395 541 quod
2416 469 2572 527 Deus
2603 488 2710 528 nos
2742 489 2857 528 non
2888 472 3182 530 exaudiat.
3217 472 3327 540 Qui
3358 489 3555 529 coram
3586 474 3781 550 impe-

358 549 584 626 βασιλεῖ
639 550 1009 628 ἐντυγχάνων,
1066 553 1157 608 καὶ
1225 555 1530 629 παρεστὼς,
1587 554 1677 609 καὶ
1736 552 2010 628 δεόμενος,

350 637 514 695 οὐδέν
546 661 601 695 τι
630 645 736 694 τῶν
769 639 822 695 ἐν
867 638 981 713 ὅκῳ
1029 644 1111 714 τῷ
1145 640 1250 717 βίῳ
1301 638 1645 711 εἷσοικίζεται
1675 642 1813 698 κατά
1841 642 1966 697 νοῦν
1996 658 2009 673 '

352 726 510 784 ἆλλὰ
537 728 633 793 τὰς
676 728 809 791 ὅλας
859 728 1078 793 κλείσας
1131 737 1231 800 τῆς
1276 733 1464 807 ψυχῆς
1515 730 1700 805 θύρας,
1733 731 1807 792 ὡς
1841 727 2007 803 μηδὲν

351 837 407 871 τι
440 821 550 873 τῶν
602 815 703 891 ἔξω
757 818 1225 895 παρεισκρίνεσθαι
1275 819 1351 882 εἷς
1394 820 1588 890 αὐτὴν,
1640 816 1860 890 ἷ¹διάζειν
1915 820 2005 876 τὸν

349 904 482 961 νοῦν
546 905 737 986 ἀφίησι
795 907 886 962 καὶ
924 907 1118 963 ἑαυτοῦ
1163 909 1298 964 εἶναι
1357 909 1448 964 καὶ
1501 907 1688 965 λαλεῖν
1746 910 1814 965 τὰ
1868 910 2004 986 πρὸς

348 992 560 1067 δέησιν.
615 996 730 1054 Οὐκ
779 995 1090 1071 ἐνθυμεῖται
1140 996 1416 1074 συζυγίαν,
1472 998 1538 1054 οὐ
1578 999 1677 1069 τὴν
1726 999 2003 1078 σύμφυτον

341 1082 612 1161 γλυκεῖαν
645 1084 868 1163 ἀγέλην,
920 1086 982 1142 οὐ
1036 1084 1293 1157 κλοῦτον,
1339 1086 1402 1142 οὐ
1450 1093 1640 1158 κτῆσιν
1676 1107 1689 1122 ·
1720 1088 1784 1143 τὸ
1817 1093 2002 1160 μεῖζον

343 1173 547 1243 εἰπεῖν,
604 1175 694 1230 καὶ
756 1176 947 1232 ἑαυτοῦ
1005 1176 1034 1233 6
1080 1181 1329 1240 τοιοῦτος
1387 1175 1678 1251 ἐξίσταται,
1733 1176 1823 1233 καὶ
1868 1177 2005 1233 κατὰ

341 1260 609 1338 οὐδεμίαν
695 1260 945 1336 αἴσθησιν
1024 1264 1269 1341 ἐνεργεῖ.
1359 1251 1589 1329 ὁύδενὸς
1664 1271 1772 1322 τῶν
1846 1266 2001 1344 πέριξ

338 1352 531 1408 ἀκούει
562 1373 575 1386 °
608 1352 698 1408 καὶ
756 1355 883 1430 γὰρ,
944 1353 988 1409 εἰ
1039 1353 1129 1410 καὶ
1194 1356 1467 1432 βροντῶσι
1510 1361 1627 1420 τοῖς
1672 1355 1880 1433 λόγοις,
1935 1356 1998 1412 οὐ

339 1440 637 1517 πλαγιάζει
691 1426 785 1499 τὸν
832 1426 1143 1522 ⁷ὀφθαλμὸν
1331 1442 1546 1518 οὐδένα,
1597 1446 1685 1501 καὶ
1734 1426 1880 1509 ύλως
1934 1444 1997 1501 οὐ

340 1528 611 1586 πλατύνει
669 1532 732 1587 τὸ
792 1531 1102 1600 αἰσθητικόν
1136 1553 1147 1565 ·
1226 1532 1376 1589 ἀλλὰ
1447 1539 1802 1611 στενοχωρεῖ,
1860 1535 1998 1610 πρὸς

338 1617 422 1674 ἐνὶ
451 1620 540 1675 καὶ
577 1622 731 1695 μόνῳ
779 1620 968 1696 ἐκείνῳ
1018 1624 1329 1699 τυγχάνων,
1388 1628 1466 1695 τῷ
1519 1622 1755 1701 βασιλεῖ,
1797 1624 1888 1678 καὶ
1920 1624 1994 1688 εἷς

336 1710 485 1786 πρὸς
516 1705 606 1765 ἕνα
662 1716 956 1788 μετρεῖται,
1005 1711 1094 1767 καὶ
1152 1713 1313 1786 μόνος
1371 1712 1540 1786 μόνου
1583 1712 1805 1789 γίνεται.
1833 1710 1997 1771 Οἴδα-

338 1818 442 1872 μεν
475 1798 723 1862 πολλοὺς
776 1799 829 1856 ἐν
883 1804 999 1863 τοῖς
1044 1799 1319 1864 τοιούτοις
1372 1802 1463 1857 καὶ
1513 1806 1723 1878 τριχῶν
1755 1800 1992 1877 ἐλκομὲ-

333 1908 489 1961 νους,
556 1889 645 1943 καὶ
705 1884 1107 1954 ἀντιϐαίνοντας
1169 1890 1290 1964 μὶν,
1350 1890 1412 1946 οὐ
1462 1890 1868 1965 σκοπουμένους
1910 1890 1987 1962 δὲ,

333 1975 479 2051 πρὸς
526 1977 693 2032 τίνων
750 1973 1023 2036 ἕλκονται.
1104 1980 1388 2056 Πάσχουσι
1472 1980 1560 2035 καὶ
1614 1978 1850 2056 κληγάς,
1896 1981 1985 2035 καὶ

327 2062 452 2120 οὐδ’
510 2065 685 2131 οὕτως
733 2065 1169 2144 ἐπιστρέφονται,
1215 2067 1361 2125 ἀλλὰ
1418 2065 1792 2141 διατέθεινται,
1850 2069 1989 2134 καθὰ

324 2155 421 2210 καὶ
458 2152 606 2220 λίθοι
658 2153 1055 2231 πληττόμενοι.
1086 2152 1328 2231 Ὓϐρεων
1377 2152 1435 2214 δὲ
1491 2156 1823 2231 ἐμπάζεσθαι
1860 2157 1989 2222 τοὺς

322 2243 641 2314 τοιούτους,
689 2249 809 2308 πῶς
860 2244 921 2301 ἃν
962 2243 1049 2318 εἴη
1086 2266 1101 2317 ;
1150 2245 1473 2322 Κωφεύουσι
1521 2247 1628 2325 γὰρ
1672 2248 1809 2324 πρὸς
1843 2246 1984 2304 ἄλλο

326 2332 472 2387 ἅπαν
525 2331 798 2408 ἄκουσμα,
874 2332 1300 2413 καραδοκοῦντες
1375 2336 1439 2391 τὸ
1510 2333 1797 2413 βασιλικὸν
1848 2335 1985 2393 ἀπό-

325 2423 568 2500 φθεγμα·

403 2512 465 2568 ν’.
500 2512 599 2568 Καὶ
632 2510 776 2569 οὕτω
807 2534 987 2570 τοινυν
1046 2513 1135 2570 καὶ
1191 2516 1341 2588 ἡμᾶς
1390 2510 1643 2591 εὔχεσθαι
1677 2515 1817 2591 χρὴ,
1857 2515 1986 2591 βρα-

325 2605 489 2677 χεῖαν
519 2605 651 2676 γοῦν
697 2600 904 2674 ἐκείνην
956 2601 1101 2679 ὥραν
1152 2603 1509 2681 ἆφορίζοντας
1558 2608 1638 2677 τῷ
1686 2608 1805 2676 Θεῷ
1836 2621 1850 2638 ’
1893 2604 1983 2658 καὶ

325 2688 506 2751 οὕτως
552 2689 818 2764 ἀνύσομεν
886 2692 948 2746 τὸ
1022 2691 1378 2766 ζητούμενον.
1444 2691 1866 2764 Συλλαλήσουσι
1926 2690 1984 2748 δὲ

324 2777 551 2842 πάντως
604 2784 724 2843 ταῖς
777 2780 968 2857 εὐχαῖς
1032 2778 1315 2853 κυκλόθεν,
1376 2781 1466 2836 καὶ
1538 2777 1594 2837 εἷ’
1641 2802 1782 2844 τινες
1840 2782 1978 2854 ἡμῖν

322 2867 551 2944 πράξεις
600 2868 791 2945 ἀγαθαὶ
847 2870 1367 2946 προκατώρθωνται,
1423 2870 1514 2926 καὶ
1571 2871 1677 2947 πρὸ
1723 2874 1831 2926 τῶν
1880 2867 1978 2925 ἅλ-

332 2953 451 3012 λων
485 2958 521 3027 ἡ
565 2955 937 3031 ἐλεημοσύνη,
995 2958 1083 3014 καὶ
1127 2957 1289 3029 αὐτὴ,
1339 2960 1428 3014 ὅτε
1479 2960 1613 3033 μετᾶ
1651 2958 1978 3034 ἱλαρότητος

328 3044 570 3122 γίνοιτο.
618 3044 859 3123 Οἴδαμεν
930 3047 1057 3124 γὰρ,
1118 3071 1147 3101 ‹‹
1207 3046 1396 3123 ἱλαρὸν
1455 3045 1619 3121 δότην
1673 3049 1977 3124 ἀγαπᾶσθαι

324 3136 479 3212 παρὰ
507 3140 641 3192 Θεοῦ⁹
670 3155 682 3169 ·
716 3162 741 3192 ι
781 3136 897 3192 ἐπεί
926 3157 1036 3210 τοι,
1082 3137 1141 3201 ’ὀς
1175 3139 1254 3211 μή
1295 3137 1467 3202 οὕτως
1498 3137 1660 3208 ἐλεεῖ,
1700 3138 1848 3196 ἀλλᾶ
1879 3160 1976 3214 με-

2124 561 2283 613 rator
2311 560 2557 632 supplex
2588 566 2743 617 astat
2773 561 2922 616 nihil
2952 561 3112 618 alind
3145 563 3205 618 in
3238 566 3494 618 mentem
3528 563 3774 635 ingerit;

2122 647 2222 702 sed
2266 648 2543 705 omnibus
2602 649 2811 706 animm
2861 653 3049 724 portis
3107 651 3349 719 clausis,
3399 651 3480 707 ita
3510 656 3575 707 ut
3627 652 3776 709 nihil

2120 736 2483 794 extrinsecus
2516 739 2736 796 intrare
2766 740 2978 811 possit,
3008 744 3263 798 mentem
3293 739 3611 814 oolligit,ut
3641 749 3774 800 tan-

2121 827 2246 881 tum
2292 844 2384 883 res
2405 829 2477 883 ad
2504 829 2843 901 petitionem
2859 836 3195 902 spectantes
3219 830 3623 904 proloquatur.
3644 832 3770 888 Non

2115 915 2575 988 conjugem,non
2606 917 2805 976 dulces
2835 923 3022 989 natos,
3043 937 3159 975 non
3190 919 3446 989 divitias,
3480 937 3597 976 non
3626 937 3763 992 pos-

2113 1004 2409 1062 sessiones
2440 1011 2576 1063 ante
2605 1007 2806 1066 oculos
2836 1008 3046 1076 habet;
3079 1008 3197 1065 imo
3229 1009 3386 1082 quod
3425 1009 3621 1081 majus
3650 1016 3761 1083 est,

2112 1093 2207 1149 sui
2229 1110 2469 1167 compos
2491 1113 2608 1153 non
2664 1103 2751 1153 est
2806 1102 2863 1155 et
2918 1098 3210 1155 sentiendi
3267 1097 3542 1155 facultate
3587 1099 3762 1173 plane

2112 1181 2452 1241 destitutus.
2505 1184 2599 1241 Nil
2646 1203 2849 1243 eorum
2898 1203 3024 1259 quas
3077 1203 3258 1260 prope
3306 1204 3442 1244 eum
3483 1188 3762 1246 dicuntur

2111 1270 2296 1339 audit,
2330 1278 2390 1329 et
2440 1272 2574 1331 licet
2619 1291 2834 1349 magno
2890 1275 3147 1334 clamore
3189 1277 3596 1344 vociferantur,
3639 1295 3754 1335 non

2109 1358 2308 1429 nictat,
2358 1361 2503 1418 nihil
2546 1365 2724 1420 sentit
2774 1384 2788 1433 ;
2840 1366 3253 1438 imperatorem
3323 1365 3517 1422 solum
3576 1367 3734 1424 videt

2108 1447 2160 1503 ei
2191 1448 2300 1505 soli
2351 1452 2570 1521 studet,
2624 1453 2898 1509 adhaaret.
2952 1453 3165 1511 Multos
3214 1454 3480 1509 crinibus
3536 1458 3754 1512 tractos

2106 1536 2361 1597 vidimus
2391 1540 2663 1597 incedere
2693 1542 3021 1599 nescientes
3051 1559 3086 1598 a
3115 1542 3332 1616 quibus
3362 1543 3753 1600 traherentur.

2107 1626 2355 1685 Verbera
2382 1646 2614 1703 quoque
2644 1631 2943 1704 accipiunt
2973 1631 3123 1688 nihil
3157 1630 3578 1700 sentientes,ut
3601 1631 3752 1705 lapi-

2105 1715 2209 1773 des
2250 1718 2558 1776 verberati.
2612 1720 2782 1777 Tales
2833 1721 3109 1793 injuriam
3160 1719 3282 1793 pati
3333 1737 3577 1793 prorsus
3633 1738 3751 1777 non

2101 1812 2388 1877 possunt;
2421 1809 2585 1865 surdi
2611 1811 2769 1865 enim
2790 1816 2931 1867 sunt
2958 1810 3033 1866 ad
3064 1826 3269 1868 omnes
3297 1810 3750 1885 voces,impera-

2097 1894 2243 1953 toris
2272 1913 2555 1971 responso
2594 1898 2767 1956 unice
2803 1898 3033 1957 intenti.

2160 2517 2251 2573 50.
2284 2515 2380 2572 Sic
2410 2514 2590 2589 igitur
2619 2531 2726 2571 nos
2756 2531 2992 2589 quoque
3023 2515 3247 2588 precari
3314 2516 3498 2573 decet.
3558 2519 3736 2573 Breve

2090 2605 2271 2679 igitur
2293 2604 2572 2677 temporis
2603 2604 2862 2677 spatium
2895 2609 3007 2662 Deo
3049 2622 3461 2662 consecremus
3492 2608 3550 2662 et
3584 2605 3743 2678 quod

2087 2694 2363 2767 cupimus
2394 2694 2982 2750 nanciscemur.Dum
3013 2712 3120 2751 nos
3152 2694 3593 2767 precamus,alii
3624 2693 3743 2749 cir-

2087 2801 2154 2840 ca
2173 2802 2279 2840 nos
2311 2783 2783 2853 confabulantur,
2805 2788 3060 2839 attamen
3094 2784 3278 2840 bonas
3309 2782 3540 2855 aliquas
3563 2783 3740 2840 actio-

2088 2891 2194 2930 nes
2223 2878 2562 2948 agnoscent,
2595 2877 2653 2929 et
2678 2872 2833 2928 inter
2861 2871 2976 2929 alia
2995 2872 3466 2930 misericordiam
3513 2876 3570 2928 et
3600 2872 3739 2929 cha-

2088 2963 2321 3019 ritatem
2354 2962 2624 3019 hilarem.
2657 2961 2889 3018 Scimus
2918 2962 3076 3019 enim
3125 2961 3376 3018 hilarem
3410 2962 3674 3018 datorem
3706 2979 3741 3018 a

2087 3056 2202 3108 Deo
2231 3051 2437 3108 amari.
2470 3051 2689 3108 Revera
2718 3051 2875 3107 enim
2908 3051 3010 3124 qui
3041 3069 3157 3108 non
3182 3052 3267 3108 sic
3289 3051 3391 3109 (ιιι
3418 3050 3740 3123 eleemosy—

2086 3142 2356 3211 nam,sed
2383 3159 2517 3197 cum
2540 3140 3216 3215 asperitate,nutricibus
3246 3142 3461 3199 similis
3491 3145 3581 3198 est
3610 3156 3737 3213 qua)

316 3224 392 3280 τὰ
445 3224 669 3301 πικρίας
724 3222 1110 3300 δυσπροσίτου,
1169 3224 1313 3282 ἔοικε
1376 3232 1501 3293 ταῖς
1543 3234 1793 3306 τροφοῖς,
1854 3230 1974 3286 ὅσαι

2097 3247 2412 3287 mammam
2443 3230 2558 3287 bile
2588 3234 2874 3303 ungentes
2915 3247 3119 3288 recens
3151 3235 3321 3289 natos
3352 3231 3596 3288 lactant.
3629 3229 3738 3295 Qui

316 3312 478 3390 χολῇ
531 3314 632 3383 τήν
688 3313 869 3385 θηλὴν
925 3313 1311 3388 ἐπαλείφουσαι
1367 3315 1867 3393 ἀπογαλακτίζουσι
1913 3318 1981 3374 τὰ

318 3402 541 3478 νεογνά.
572 3400 730 3460 Οὕτω
782 3403 887 3480 γὰρ
942 3404 971 3458 6
1025 3404 1160 3477 μετὰ
1206 3402 1391 3481 χολῆς
1444 3405 1636 3475 ἐλεῶν,
1668 3406 1976 3485 ἀπότροφον

319 3491 417 3547 τὸν
450 3496 717 3563 ζητοῦντα
766 3492 971 3562 πένητα
1019 3495 1252 3565 τίθησιν.
1312 3493 1389 3552 Οὐ
1440 3494 1545 3571 γὰρ
1575 3492 1637 3551 ἂν
1668 3494 1871 3561 ἐκεῖνος
1900 3495 1979 3559 εἰς

321 3577 579 3656 δευτέραν
602 3579 875 3638 ἐλεύσεται
905 3578 1112 3653 δέησιν.

397 3671 501 3729 va’.
532 3668 929 3747 Ὑπερλαλήσει
985 3677 1088 3742 τῆς
1139 3669 1412 3746 ἡμετέρας
1460 3671 1634 3748 εὐχῆς
1677 3672 1769 3729 καὶ
1808 3676 1844 3744 ἡ
1877 3674 1977 3751 φύ-

320 3779 411 3822 σις
443 3759 608 3829 αὐτὴ,
652 3758 740 3814 ἐὰν
796 3756 1029 3823 δεόντως
1085 3758 1407 3839 φυλάξωμεν
1462 3761 1525 3816 τὸ
1571 3768 1671 3832 τῆς
1721 3760 1975 3827 πλάσεως

315 3851 468 3904 θεῖον
509 3852 590 3922 τῷ
644 3869 704 3904 τε
754 3846 959 3924 κυρίως
1017 3846 1318 3923 μοναδῖκῷ,
1370 3847 1460 3904 καὶ
1503 3847 1585 3923 τῷ
1634 3851 1750 3905 κατ’
1795 3850 1978 3906 εῗκόνα

318 3934 398 4011 (ἔν
461 3934 521 3992 δὲ
568 3937 786 4000 πάντως
844 3935 1011 4014 ἄμφω
1064 3941 1254 4009 ταῦτα,
1328 3938 1411 3995 ὅτι
1467 3937 1558 3992 καὶ
1615 3936 1668 4009 ἐξ
1712 3938 1829 4001 ἑνὸς
1884 3939 1974 3994 καὶ

318 4026 465 4102 πρὸς
485 4022 598 4099 ἕνα)
634 4044 647 4056 ·
706 4023 785 4081 ἔτι
844 4022 901 4081 δὲ
954 4024 1068 4095 καὶ,
1128 4024 1215 4080 ἐὰν
1274 4023 1480 4102 τρόπον
1542 4022 1715 4081 ἄλλον
1761 4028 1826 4082 τὸ
1854 4028 1976 4092 καθ’

314 4117 471 4189 ἡμᾶς
499 4102 700 4171 ἱνιαῖον
759 4118 920 4171 τοῦτο
967 4112 1578 4190 πολλαπλασιάσωμεν,
1621 4115 1973 4189 ἐννοούμενοι

310 4205 384 4261 τὰ
412 4209 515 4274 τῆς
563 4208 895 4280 παραγωγυῦ
942 4205 1258 4273 συνθέσεως,
1307 4203 1398 4259 καὶ
1451 4205 1527 4280 μή
1564 4204 1727 4279 μόνον
1761 4207 1973 4282 σχιζώ-

317 4304 461 4367 μεθα
518 4290 595 4354 εἰς
646 4289 875 4368 τετράδα
943 4296 1305 4367 στοιχειακῶς
1377 4298 1496 4355 ταῖς
1563 4299 1801 4368 γενικαῖς
1849 4294 1970 4371 ἀρε-

313 4388 466 4448 ταῖς,
508 4379 657 4436 ἀλλὰ
682 4382 770 4436 καὶ
805 4379 993 4445 ἄλλως
1043 4379 1475 4456 πολιτικώτερον
1508 4383 1596 4437 καὶ
1628 4384 1969 4455 κοσμικώτε-

2087 3320 2248 3376 enim
2271 3319 2355 3375 sic
2376 3335 2512 3375 cum
2535 3318 2652 3375 bile
2682 3319 3148 3376 misericordiam
3170 3325 3398 3377 exercet
3413 3334 3736 3393 pauperem

2089 3408 2429 3464 mendicum
2468 3407 2762 3481 peregrini
2820 3407 2946 3464 loco
3007 3408 3204 3478 habet,
3259 3410 3361 3482 qui
3409 3411 3565 3465 certe
3617 3423 3736 3464 non

2089 3497 2412 3554 secundam
2442 3496 2788 3569 petitionem
2814 3496 3007 3554 faciet.

2156 3675 2247 3731 51.
2281 3675 2560 3732 Precibus
2615 3676 2833 3733 nostris
2860 3675 2992 3749 ipsa
3053 3679 3265 3733 natura
3319 3675 3552 3742 favebit,
3614 3674 3735 3744 ubi,

2086 3765 2240 3822 sicut
2275 3764 2845 3833 debemus,divinam
2872 3764 3158 3821 unitatem
3179 3769 3238 3821 et
3266 3764 3585 3837 imaginem
3598 3780 3737 3821 con-

2085 3853 2453 3911 servabimus
2505 3854 2654 3927 (quae
2686 3854 2802 3909 duo
2837 3869 3019 3909 unum
3052 3857 3195 3909 sunt
3238 3852 3295 3908 in
3345 3858 3634 3925 quantum
3665 3869 3736 3910 ex

2084 3959 2203 4000 uno
2233 3947 2291 3999 et
2320 3943 2392 3999 ad
2420 3942 2658 4012 unum);
2693 3942 2904 3998 deinde
2932 3942 2984 3998 si
3017 3958 3199 3998 unum
3255 3941 3401 3998 illud
3459 3943 3615 4015 quod
3672 3942 3734 3998 in

2085 4032 2252 4087 nobis
2282 4035 2372 4087 est
2402 4030 2960 4104 multiplicabimus,
2984 4030 3473 4103 compositionem
3507 4031 3739 4087 deriva-

2082 4124 2203 4177 tam
2237 4120 2588 4191 mediantes,
2628 4137 2735 4176 nec
2791 4119 2853 4175 in
2911 4121 3356 4192 quaternionsm
3409 4121 3739 4177 scindimur

2081 4210 2367 4266 virtutum
2399 4209 2838 4265 elementalium
2866 4216 2926 4266 et
2965 4209 3329 4282 generalium
3361 4211 3600 4276 auxilio,
3633 4210 3738 4267 sed

2082 4298 2199 4354 alia
2229 4298 2455 4353 ratione
2486 4296 2736 4364 civill,ut
2763 4297 2845 4353 ita
2866 4297 3081 4367 dicam,
3114 4302 3171 4353 et
3218 4298 3408 4370 magis
3438 4297 3731 4367 terrestri;

2081 4389 2130 4443 si
2163 4389 2375 4443 caelum
2406 4385 2608 4455 ﬁmus,
2641 4392 2835 4442 mente
2865 4402 3058 4442 aerem
3088 4387 3478 4457 pervolantes,
3518 4393 3575 4442 et
3604 4386 3736 4443 stel-

315 4491 415 4548 ρον
450 4490 463 4503 ’
495 4469 545 4524 εἲ
596 4469 863 4544 γινόμεθα
919 4470 1145 4545 οὐρανὸς
1189 4470 1284 4544 μὶν
1337 4476 1456 4533 ταῖς
1513 4468 1776 4548 αἷθερίαις
1834 4471 1969 4527 κατὰ

2102 4494 2271 4532 arum
2304 4476 2489 4532 instar
2519 4474 2837 4549 fulgamus,
2870 4493 3050 4548 super
3099 4475 3315 4547 quibus
3345 4476 3537 4547 angeli
3572 4476 3732 4533 ince-

311 4563 446 4614 νοῦν
494 4554 784 4614 ἀναϐάσεσι
840 4559 931 4615 καὶ
1007 4564 1125 4622 ταῖς
1199 4561 1315 4614 κατ’
1391 4557 1560 4637 ἄστρα
1630 4559 1968 4636 ἐλλάμψεσιν

2097 4566 2323 4633 lunt,et
2353 4566 2509 4622 unde
2543 4565 2776 4621 Lucifer
2806 4566 3026 4621 amissa
3055 4564 3183 4621 luce
3216 4569 3424 4637 sponte
3454 4565 3732 4637 delapsus

313 4653 394 4703 ὧν
428 4646 653 4722 ἄγγελοι
691 4648 789 4720 μὶν
846 4640 1240 4715 ἐπιϐαίνουσιν,
1291 4647 1517 4724 ἆστοχεῖ
1559 4646 1617 4704 δὲ
1649 4649 1677 4703 6
1709 4647 1845 4704 ἑκὼν
1873 4671 1968 4705 κα-

309 4730 733 4808 ταϐεϐλημένος
790 4737 986 4791 ἐκεῖθεν
1063 4736 1333 4799 σκοτεινὸς
1402 4737 1725 4816 ἒωσφόρος’
1781 4737 1973 4794 αὐτίκα

314 4822 377 4881 δὲ
410 4821 524 4899 ἅμα
552 4824 642 4880 καὶ
701 4832 794 4901 γῆ,
818 4824 980 4900 πρὸς
1035 4825 1269 4899 μίμησιν
1318 4827 1724 4903 κοσμογενείας,
1754 4829 1873 4882 καθ’
1901 4825 1967 4897 ἤν

318 4915 548 4991 οὐρανὸς
577 4914 665 4969 καὶ
723 4918 797 4991 γῆ
855 4919 1048 4990 πρῶτα
1096 4914 1467 4987 πεποίηνται·
1518 4919 1589 4993 γῆ
1652 4914 1731 4988 δὲ,
1779 4918 1854 4980 ὡς
1890 4918 1967 4991 μή

313 5004 469 5061 κάτω
505 5004 709 5081 βρίθειν
738 5003 928 5076 εἰσαεὶ,
977 5004 1065 5059 καὶ
1113 5005 1189 5077 μὴ
1236 5001 1429 5059 εἰδέναι
1466 5005 1565 5075 τὴν
1600 5005 1969 5084 ἀνωφόρησιν,

316 5092 465 5149 ἄλλά
494 5093 584 5149 καὶ
612 5097 772 5148 τοῦτο
805 5094 899 5167 μὶν
932 5096 1001 5167 τῇ
1049 5093 1368 5148 ταπεινώσει
1410 5094 1498 5148 καὶ
1547 5098 1627 5166 τῷ
1660 5095 1737 5168 μὴ
1770 5093 1971 5159 ἐθέλειν

313 5181 759 5261 ὐπερφαίνεσθαι,
812 5179 959 5238 ἀλλὰ
1005 5181 1129 5259 περὶ
1186 5182 1285 5252 τήν
1348 5182 1555 5260 μητέρα
1611 5191 1715 5260 γῆν
1765 5185 1968 5239 κυπτά-

317 5277 426 5343 ζειν
480 5273 570 5327 καὶ
629 5271 923 5327 ἐννοεῖσθαι
982 5270 1410 5346 ἀναστρέφομεν,
1479 5271 1567 5327 καὶ
1626 5272 1769 5328 οὕτω
1822 5293 1969 5328 κατω

317 5359 547 5439 βάλλειν
608 5367 775 5417 πᾶσαν
836 5359 1061 5436 ἔπαρσιν
1104 5361 1197 5415 καὶ
1238 5358 1375 5416 ἅπαν
1442 5361 1698 5439 φρόνημα
1741 5366 1966 5440 κοῦφον,

311 5451 404 5507 καὶ
454 5454 530 5526 μὴ
591 5452 728 5508 κατὰ
768 5451 897 5508 Θεὸν
957 5449 1415 5528 μεταρσιούμενον
1452 5470 1465 5482 ·
1501 5449 1741 5525 μάλιστα
1770 5449 1829 5506 δὲ
1868 5450 1965 5506 ἄλ-

314 5541 431 5604 λως
458 5548 529 5617 γῆ
560 5540 703 5597 πίων
726 5538 817 5597 διὰ
864 5545 965 5598 τοῦ
1007 5541 1083 5615 μὴ
1127 5540 1352 5617 πέτραις
1406 5538 1698 5611 πληθύειν,
1732 5541 1853 5596 ὅσαι
1888 5541 1965 5615 μὴ

313 5630 452 5706 πρὸς
478 5632 623 5686 θεῖον
680 5628 881 5710 σπόρον
929 5629 1344 5700 αὐλακίζονται,
1398 5625 1541 5703 μηδὲ
1572 5630 1683 5703 μὴν
1714 5629 1968 5693 ἀκάνθαις

288 5717 537 5786 ’θάλλειν
570 5717 1000 5796 συμπνιγούσαις
1050 5718 1118 5775 τὰ
1163 5717 1303 5776 κατᾶ
1348 5720 1441 5775 τὸν
1488 5718 1618 5775 Θεὸν
1647 5720 1956 5796 σπὶρματα.

2080 4659 2170 4711 est
2198 4654 2449 4723 ;deinde
2478 4658 2635 4709 terra
2666 4655 2738 4709 ad
2770 4653 3159 4709 imitationem
3184 4653 3389 4708 mundi
3418 4654 3732 4710 creationis

2085 4744 2409 4799 secundum
2433 4758 2610 4814 quam
2652 4741 2863 4797 coelum
2895 4747 2953 4797 et
2981 4746 3137 4797 terra
3165 4746 3301 4796 ante
3330 4741 3735 4798 omniacreata

2082 4836 2223 4888 sunt
2254 4850 2267 4899 ;
2299 4836 2456 4886 terra
2485 4834 2680 4885 autem
2714 4831 2912 4897 ﬁmus,
2936 4848 3050 4885 non
3081 4830 3140 4885 in
3173 4834 3461 4901 quantum
3511 4829 3730 4902 procli-

2078 4937 2199 4989 ves,
2254 4918 2506 4975 humiles
2554 4925 2611 4975 et
2668 4937 2702 4975 a
2749 4919 3028 4992 superbia
3076 4919 3285 4975 remoti
3344 4936 3574 4991 sumu,
3625 4922 3729 4978 sed

2078 5014 2247 5066 terra:
2272 5008 2477 5065 matris
2518 5009 2867 5065 modestiam
2916 5009 3217 5065 imitantes
3247 5025 3479 5066 omnem
3511 5011 3727 5067 fastum

2079 5099 2442 5173 spiritusque
2498 5098 2703 5155 inanes
2735 5106 2787 5155 et
2820 5116 2854 5155 a
2910 5099 3027 5154 Deo
3068 5098 3351 5155 alienatos
3378 5100 3679 5171 rejicimus
3711 5118 3727 5169 ;

2080 5187 2332 5259 denique
2362 5193 2520 5243 terra
2546 5188 2782 5260 pinguis
2841 5188 3055 5258 simus,
3095 5192 3153 5244 et
3208 5187 3451 5245 minime
3501 5195 3734 5262 petrosa

2079 5295 2207 5351 qua
2237 5294 2438 5334 semen
2469 5277 2731 5333 divinum
2762 5276 2989 5350 respuit
3017 5281 3076 5334 et
3130 5276 3334 5333 folium
3392 5278 3544 5334 fovet
3574 5279 3732 5351 quod

2079 5385 2278 5427 semen
2307 5366 2571 5423 divinum
2611 5365 2880 5423 sulfocat.
