4114 6200
1152 329 1577 396 EUSTATHII
1619 319 2388 390 THESSALONICENSIS
2436 316 3023 380 METROPOLITE.
3682 318 3801 376 724

2219 450 2324 525 νβ’.
2372 448 2658 509 Τοιούτοις
2705 444 2763 502 δὲ
2814 446 3002 522 λόγοις
3048 445 3140 501 καὶ
3186 444 3263 509 εἷς
3315 443 3586 509 θάλασσαν
3633 446 3801 519 μεγά-

2152 538 2259 609 λην
2325 534 2514 610 ’ἕξομεν
2576 537 2667 591 καὶ
2725 535 3026 611 εὐρύχορον
3091 534 3502 590 ἐκπετάννυσθαι
3563 531 3656 588 διὰ
3712 539 3802 589 τοῦ

2153 628 2322 683 ἐλεεῖν
2383 627 2474 681 καὶ
2532 626 2850 702 εὐεργετεῖν,
2904 625 2994 679 καὶ
3070 624 3214 679 οῧτω
3268 623 3483 701 τρέφειν
3555 628 3688 693 ζῶα,
3745 622 3801 678 οὒ

2159 718 2318 791 μόνον
2360 717 2548 792 μικρὰ,
2600 715 2680 788 ἐφ’
2731 715 2813 778 οἷς
2872 714 3107 789 βραχεῖα
3160 714 3251 768 καὶ
3304 716 3340 783 ἡ
3399 711 3640 784 δαπάνη,
3664 710 3803 768 ἀλλᾶ

387 336 507 399 723

459 469 552 523 52.
583 467 688 523 His
744 465 1073 523 rationibus
1091 465 1276 535 adjuti
1327 481 1502 535 super
1533 479 1695 517 mare
1718 476 1785 516 ac
1807 464 2037 514 vastum
2068 458 2122 523 Α

391 555 829 629 eleemosynam
858 560 917 611 et
972 555 1067 628 pia
1097 570 1271 626 opera
1318 553 1597 608 facientes
1632 567 1742 607 nos
1769 548 2041 604 extende-

393 660 567 713 mus;
601 645 686 701 sic
717 643 998 700 animalia
1034 643 1386 708 nutriamus,
1417 658 1534 697 non
1592 656 1771 711 parva
1825 636 2043 702 solum,

397 749 527 806 quis
560 734 790 790 modico
822 737 1065 805 sumptu
1118 736 1309 805 egent,
1368 731 1471 787 sed
1528 745 1767 801 magna,
1829 727 2046 800 quibus

395 800 743 879 fortioribus
770 800 1066 876 alimentis
1096 800 1243 890 opus
1272 825 1363 875 est
1394 837 1408 887 ;
1441 824 1500 874 et
1528 800 1782 873 muriam
1805 813 2046 871 volenti-

2193 808 2242 861 αὶ
2300 803 2531 880 μεγάλα,
2592 806 2666 859 ὦν
2723 801 2988 879 ἁδροτέρα
3041 804 3131 857 καὶ
3188 805 3225 872 ἡ
3282 804 3458 880 τροφή
3496 821 3511 833 ’
3571 801 3662 857 καὶ
3709 800 3803 856 ἆλ-

395 913 509 969 bus
534 910 739 982 largiri
764 908 1089 982 poterimus
1116 924 1401 976 amaram,
1461 923 1589 978 quae
1630 907 1754 962 viro
1811 904 2046 960 cuidam

2190 917 2268 963 ιην
2337 891 2395 948 δὲ
2445 898 2562 954 τοῖς
2634 890 2913 955 ἐθέλουσιν
2989 888 3430 965 ἐνδαψιλεύεσθαι
3490 890 3659 960 αὐτὴν
3717 912 3803 945 πι-

398 978 714 1058 subamara
764 978 1098 1055 Dalmionis
1153 1014 1367 1054 nomen
1416 997 1596 1065 dedit,
1653 994 1757 1051 sed
1815 992 2048 1049 dulcem

2190 984 2312 1059 ρὰν,
2358 982 2409 1053 ἐξ
2455 983 2524 1051 ἧς
2575 981 2711 1058 ἀνήρ
2765 1003 2851 1045 τις
2908 980 3144 1045 παλαιὸς
3205 980 3507 1057 ὑπόπικρος
3556 978 3806 1053 ’Δλμὶων

398 1088 562 1145 illam
580 1087 689 1144 sali
712 1086 909 1143 divino
940 1087 1232 1156 similem;
1257 1087 1414 1143 unde
1461 1084 1831 1158 proverbium
1863 1106 1890 1133 ‹‹
1920 1097 2049 1137 mu-

2190 1072 2591 1147 ταρωνομάσθη,
2640 1069 2786 1126 ἀλύά
2832 1071 2930 1139 τήν
2972 1067 3198 1138 λοιπὴν,
3245 1070 3346 1139 τὴν
3396 1069 3684 1142 νόστιμον,
3712 1070 3809 1137 τήν

399 1177 549 1234 riam
580 1192 698 1232 non
731 1176 943 1232 habere
977 1200 997 1227 ι
1033 1178 1106 1233 de
1133 1176 1278 1233 viris
1307 1157 1528 1232 odiosis
1557 1174 2051 1244 dicitur,quorum

2194 1166 2240 1234 ᾦ
2275 1160 2403 1233 θείῳ
2452 1163 2848 1245 συστοιχοῦσαν
2899 1157 3082 1232 ἅλατι,
3127 1158 3217 1235 ἀφ’
3266 1161 3334 1247 ἧς
3379 1159 3471 1213 καὶ
3516 1159 3812 1233 παροιμιᾶ-

401 1265 590 1340 aliqui
618 1265 862 1338 insuper
881 1264 1095 1322 insulsi
1118 1272 1555 1337 nuncupantur.

2190 1258 2307 1317 ζεται
2352 1250 2416 1305 τὸ
2476 1273 2505 1302 «
2549 1249 2626 1321 μή
2677 1247 2861 1322 ἅλμην
2913 1246 3059 1324 ἔχειν
3091 1269 3117 1300 ι
3177 1247 3265 1303 ἰπὶ
3296 1246 3422 1302 τῶν
3474 1246 3816 1323 ἀηδεστέρων

2164 1337 2393 1415 ἀνδρῶν,
2449 1339 2541 1392 καὶ
2597 1338 2671 1399 ὡς
2728 1337 2899 1392 εἰπεῖν
2981 1338 3340 1407 ἀναρτώντων
3371 1358 3383 1371 ·
3446 1336 3531 1414 ἐφ’
3585 1336 3662 1392 ὧν
3717 1359 3816 1392 κα-

2162 1433 2231 1484 τά
2256 1449 2403 1489 τινας
2428 1428 2519 1482 καὶ
2545 1428 2609 1482 τὸ
2646 1450 2674 1483 α
2703 1423 2933 1482 ἄναλτον
2968 1451 2997 1478 ››
3040 1426 3335 1503 ἥρμοσται,

478 1551 571 1606 53.
613 1550 808 1607 Simili
857 1550 1031 1607 modo
1087 1550 1148 1606 in
1194 1567 1326 1607 aere
1372 1556 1473 1607 aut
1521 1549 1734 1606 aethere
1790 1549 2060 1620 (uterque

2239 1550 2337 1618 νγ’.
2397 1542 2556 1618 Λόγῳ
2612 1540 2670 1598 δὶ
2718 1540 2975 1621 ἀναλόγιε
3034 1542 3178 1598 οὕτω
3233 1544 3324 1597 καὶ
3372 1542 3450 1606 εἷς
3496 1542 3659 1619 ἀέρα,
3712 1541 3820 1599 εἴτε

411 1640 569 1696 enim
601 1639 968 1711 splendidus)
999 1644 1219 1694 naturae
1254 1639 1514 1703 viviﬁca,
1547 1638 1869 1700 odoriferis,
1902 1652 2060 1708 purae

2190 1632 2259 1687 ιαὶ
2323 1630 2531 1706 αῗθέρα,
2581 1629 2871 1706 λαμπροὺς
2921 1631 3012 1685 καὶ
3060 1631 3430 1710 ἀμφοτέρους,
3468 1629 3820 1687 διασκευάσο-

413 1746 523 1785 nos
548 1728 1035 1796 assimilabimus,
1068 1729 1207 1799 quia
1235 1730 1432 1784 anima
1476 1727 1758 1784 nebulosa
1804 1743 1919 1781 non
1950 1728 2062 1792 est,

2190 1743 2269 1776 ιεν
2329 1720 2551 1784 ἑαυτοὺς
2597 1725 2679 1793 τῷ
2725 1721 2982 1795 ζωογόνῳ
3025 1720 3117 1775 καὶ
3167 1720 3380 1794 εὐπνόῳ
3434 1720 3527 1776 καὶ
3571 1726 3820 1796 καθαρῷ,

417 1823 475 1875 et
493 1817 744 1891 spiritus
774 1817 1037 1874 caelestes
1069 1834 1169 1889 per
1198 1818 1419 1874 scalam
1456 1816 1825 1890 spiritualem
1857 1830 2061 1871 ascen-

2190 1810 2263 1866 Ξιὰ
2288 1810 2352 1865 τὸ
2393 1811 2529 1865 κατὰ
2571 1811 2757 1885 ψυχὴν
2810 1808 3067 1887 ἀνέφελον
3113 1810 3202 1864 καὶ
3245 1814 3315 1883 τῇ
3366 1807 3436 1864 δι’
3482 1808 3651 1865 αὐτοῦ
3704 1812 3821 1866 ἀνε-

418 1908 588 1975 dunt,
618 1912 677 1963 et
697 1907 830 1963 aliis
861 1907 1190 1964 rationibus
1232 1924 1380 1979 quas
1436 1925 1545 1964 nos
1597 1907 1826 1964 concise
1854 1903 2065 1960 deﬂui.

2176 1899 2352 1956 λεύσει
2382 1904 2487 1953 τῶν
2544 1897 2809 1974 οὐρανίων
2842 1897 3005 1966 νόων,
3051 1895 3143 1953 διὰ
3186 1902 3285 1965 τῆς
3334 1898 3586 1972 ἐναρέτου
3624 1899 3828 1973 κλίμα-

425 2012 601 2065 mus;
631 2012 733 2053 vos
762 2002 956 2052 autem
990 1996 1049 2051 in
1078 2012 1273 2052 errore
1302 1997 1462 2053 estis.
1487 1996 1710 2053 Idcirco
1741 1993 2067 2051 doctrinam

2190 2009 2291 2057 ιος,
2324 1986 2562 2050 πολλοῖς
2610 1984 2668 2041 δὲ
2722 1987 2811 2041 καὶ
2866 1986 3060 2050 ἄλλοις
3110 1988 3355 2063 τρόποις,
3405 1988 3489 2050 οἷς
3536 1989 3632 2043 καὶ
3663 1990 3825 2061 ἡμεῖς

422 2085 865 2158 profundiorem
897 2102 1012 2140 non
1034 2085 1343 2142 sectamini
1385 2086 1448 2143 in
1500 2086 1677 2142 rebus
1723 2101 1873 2155 quas
1921 2082 2068 2139 alios

422 2176 631 2232 docere
660 2175 929 2246 potestis,
961 2173 2067 2248 quiacandelam,pharum,lampadem

420 2284 681 2338 querere
705 2283 854 2339 opus
885 2285 1001 2324 non
1028 2273 1139 2336 est,
1172 2270 1314 2324 dum
1344 2268 1445 2324 lux
1493 2267 1703 2324 solaris
1749 2267 2070 2339 Scriptura-

418 2375 553 2415 rum
574 2375 878 2415 sacrarum
907 2358 967 2413 in
998 2375 1130 2415 aere
1178 2358 1381 2415 lucens
1410 2359 1565 2415 viam
1600 2362 1864 2414 nostram
1906 2356 2071 2412 illus-

417 2451 573 2516 trat;
604 2464 735 2519 nec,
757 2449 911 2505 sicut
930 2447 971 2502 ii
1017 2448 1120 2520 qui
1168 2448 1325 2504 viam
1374 2464 1492 2520 qua
1540 2448 1933 2504 incedendum
1981 2451 2071 2502 est

419 2537 687 2593 nondum
715 2536 1142 2607 didicerunt,ad
1176 2536 1497 2593 maximum
1526 2538 1869 2611 Magistrum
1902 2553 2072 2593 acce-

421 2626 557 2682 dere
577 2642 896 2698 possumus
925 2626 1150 2682 verbis:
1187 2648 1216 2676 ‹‹
1277 2626 1541 2683 Monstra
1588 2626 1754 2683 mihi.
1803 2626 2068 2698 Domine,

422 2714 605 2782 viam,
634 2731 754 2786 qua
782 2714 1115 2786 procedam.
1149 2736 1179 2764 »
1223 2714 1441 2770 Omnes
1486 2715 1643 2771 enim
1691 2716 1869 2787 probe
1916 2715 2073 2771 novi-

427 2818 564 2857 mus
593 2818 713 2873 qua
733 2803 1120 2859 incedendum
1143 2803 1241 2873 sit,
1290 2808 1348 2859 et
1392 2820 1427 2859 a
1473 2820 1591 2875 qua
1631 2802 2069 2872 declinandum,

428 2905 781 2962 persuasum
800 2891 1085 2948 habentes
1133 2893 1287 2963 quod
1320 2896 1477 2947 recta
1505 2893 1599 2948 via
1624 2899 1713 2949 est
1746 2892 2072 2948 secundum

428 2979 616 3036 Deum
638 2979 810 3048 actio,
833 2981 1235 3037 cuicontraria
1275 2987 1366 3037 est
1419 2998 1487 3036 ea
1537 2998 1654 3053 qua
1707 2981 2073 3038 declinamus

430 3084 466 3124 α
494 3068 730 3137 virtute,
778 3070 1104 3125 secundum
1152 3086 1287 3126 eum
1319 3070 1603 3141 quijubet
1632 3072 1820 3126 facere
1850 3071 2071 3126 bonum

2181 2073 2635 2151 βραχυλογοῦμεν
2665 2093 2679 2106 ·
2738 2072 2869 2130 ἀλλ’
2921 2078 2956 2144 ἡ
3012 2074 3208 2147 κάρδία
3251 2078 3402 2148 ὑμῶν
3431 2075 3827 2134 πεπλάτυνται.

2177 2164 2375 2239 Διόπερ
2432 2161 2557 2218 οὐδὲ
2634 2165 2973 2240 μακροτέρας
3049 2164 3262 2242 ἐφίεσθε
3317 2162 3694 2235 διδασκαλίας,
3751 2166 3831 2245 ἐφ’

2177 2254 2260 2317 οἷς
2286 2253 2376 2308 καὶ
2405 2252 2619 2328 ἑτέρους
2669 2250 2935 2308 διδάσκειν
2987 2250 3229 2323 δύνασθε,
3284 2254 3367 2309 δτι
3414 2253 3555 2329 μηδὶ
3586 2259 3704 2331 χρὴ
3740 2254 3829 2311 λυ-

2178 2342 2421 2417 χνίσκον,
2451 2340 2488 2411 ἤ
2539 2342 2753 2417 φανίον,
2800 2342 2836 2411 ἤ
2884 2364 3006 2397 τινα
3057 2343 3357 2420 λαμπτῆρα
3409 2350 3618 2415 ζητειν,
3653 2348 3829 2423 φωτὸς

2176 2434 2403 2506 Γραφῶν
2460 2432 2621 2505 ἱερῶν
2680 2430 3053 2504 αἶθριάζοντος
3099 2431 3358 2504 ἡλιακοῦ,
3408 2433 3499 2487 καὶ
3554 2434 3658 2502 τὴν
3712 2431 3823 2489 ἵδὸν

2181 2516 2613 2581 ὑποδεικνύντος.
2672 2516 2814 2576 Οὐδὶ
2867 2514 3041 2595 ἔχομε
3094 2520 3185 2574 καὶ
3241 2521 3398 2575 αὐτοὶ
3457 2519 3687 2584 ἕκαστος
3734 2521 3830 2598 ἄρα

2177 2631 2232 2664 τι
2267 2610 2404 2664 κατά
2444 2608 2571 2670 τοὺς
2626 2611 2797 2681 μήπω
2850 2611 3271 2679 συνετισθὲντας,
3306 2608 3433 2664 ὅποι
3493 2613 3609 2687 χρὴ
3676 2609 3829 2667 ὁδεύ·

2181 2719 2279 2770 ειν,
2314 2695 2487 2774 λέγειν
2532 2698 2670 2773 πρὸς
2716 2699 2809 2752 τὸν
2853 2698 3100 2773 μέγιστον
3154 2696 3488 2755 Διδάσκαλον
3516 2718 3529 2731 ·
3568 2724 3592 2752 ι
3630 2702 3831 2770 Γνώρι-

2180 2786 2271 2842 σόν
2307 2808 2422 2859 μοι,
2456 2786 2642 2862 Κύριε,
2696 2784 2844 2857 ὁδὸν,
2888 2784 2955 2856 ἤν
3007 2787 3367 2862 πορεύσομαι.
3404 2811 3433 2840 ››
3494 2788 3699 2852 Πάντες
3731 2790 3828 2865 γάρ

2182 2874 2565 2947 ἐπιστημόνως
2614 2872 2861 2948 οἴδαμεν,
2911 2875 3037 2929 ὅποι
3084 2896 3143 2930 τε
3191 2873 3470 2952 βαδιστέον
3505 2876 3705 2950 ὀρθὴν,
3744 2878 3829 2932 καὶ

2182 2966 2320 3019 ὅπου
2378 2963 2735 3039 ὲκτραπέσθαι
2776 2963 2978 3039 χρεὼν.
3037 2966 3221 3037 ’Ἰσμεν
3281 2962 3536 3036 ἅπαντες,
3598 2966 3677 3029 ὡς
3741 2968 3836 3041 ὁρ-

2182 3053 2250 3121 θὴ
2306 3052 2401 3125 μὲν
2453 3054 2489 3121 ἡ
2548 3053 2684 3107 κατά
2729 3055 2858 3108 Θεὸν
2916 3053 3128 3128 πρᾶξις,
3184 3054 3423 3129 έκτροπὴ
3496 3052 3554 3109 δὲ
3602 3055 3632 3109 ὁ
3694 3054 3837 3111 ἐκεῖ·

430 3172 499 3213 ac
519 3155 813 3213 declinare
858 3175 893 3213 a
943 3157 1117 3214 malo.
1178 3158 1409 3214 Scimus
1438 3140 1549 3214 ubi
1599 3160 1952 3215 morandum
2009 3176 2074 3215 ac

2190 3153 2274 3205 θεν
2333 3140 2695 3217 πλαγιασμὸς,
2761 3141 2898 3196 κατά
2967 3143 3060 3197 τὸν
3128 3140 3594 3219 παραγγείλαντα,
3654 3144 3835 3201 ἐκκλί-

430 3245 845 3302 diversandum
879 3247 975 3314 sit,
1009 3252 1068 3303 et
1104 3248 1338 3319 quando
1370 3246 1526 3303 ultra
1573 3249 1633 3303 in
1691 3249 1783 3305 via
1828 3264 2074 3321 pergen-

430 3336 596 3391 dum.
619 3336 981 3393 Morabimus
1009 3336 1189 3406 enim,
1220 3337 1281 3392 in
1310 3338 1409 3393 Dei
1458 3354 1657 3394 amore
1689 3337 2077 3406 diversantes,

430 3440 463 3481 e
490 3429 693 3481 contra
720 3442 959 3481 cursum
1006 3427 1573 3497 procrastinabimus
1604 3428 1840 3498 quando
1863 3427 2078 3501 cogita-

427 3513 619 3570 tiones
649 3513 944 3570 insidiosee
972 3531 1078 3570 nos
1099 3514 1585 3573 circumveniunt.
1611 3520 1739 3573 Non
1769 3534 1885 3572 una
1907 3517 2077 3573 nobis

431 3603 553 3658 vita
570 3602 663 3659 via
701 3607 900 3675 aperta
947 3609 1055 3670 est,
1106 3604 1208 3659 sed
1263 3604 1479 3677 plures,
1535 3622 1786 3677 quarum
1845 3605 1956 3661 hoc
2005 3605 2076 3660 ad

433 3691 679 3760 bonum,
711 3692 784 3749 ad
817 3692 1040 3748 malum
1072 3692 1174 3749 illa
1190 3693 1370 3749 ducit.
1424 3695 1747 3750 Dicendum
1808 3710 1945 3765 ergo
1991 3700 2083 3750 est

436 3781 794 3852 quod,sicul.
833 3781 894 3837 in
926 3798 1277 3854 quacunque
1331 3782 1461 3838 vitii
1508 3782 1600 3839 via
1656 3784 1991 3840 incedentes
2049 3799 2083 3838 ε

436 3869 650 3926 virtute
669 3869 1037 3937 aberramus,
1064 3870 1146 3925 ita
1176 3872 1331 3942 quod
1350 3887 1787 3943 quamcumque
1800 3872 2081 3927 virtutem

438 3956 708 4026 colimus,
757 3958 944 4014 Deum
993 3956 1285 4030 hospitem
1314 3960 1676 4017 ditissimum
1712 3965 1770 4017 et
1817 3961 2081 4032 judicem

440 4046 850 4118 uquissimum
876 4045 1112 4103 obvium
1142 4046 1512 4106 habebimus.

511 4422 602 4480 54.
633 4423 772 4480 Post
815 4422 924 4480 has
980 4425 1388 4483 conclusiones
1447 4430 1644 4483 metuo
1681 4442 1754 4483 ne
1782 4443 1816 4482 ε
1845 4427 2087 4499 quibus-

442 4513 580 4615 dam
601 4529 803 4587 preces
832 4518 1043 4616 nostris
1072 4530 1224 4588 agre
1252 4515 1533 4586 ferantur,
1567 4515 1617 4572 si
1648 4532 1765 4571 non
1814 4532 1847 4571 a
1867 4532 2087 4588 paupe-
2118 4551 2165 4616 Β

444 4602 633 4671 ribus,
654 4606 715 4659 at
744 4620 779 4660 a
806 4604 1164 4661 creditorum
1212 4605 1672 4669 fraudatoribus,
1705 4621 1854 4673 quos
1883 4621 2089 4677 graves

445 4692 677 4749 dolores
704 4696 914 4749 vexant
945 4698 1026 4762 ut,
1077 4694 1400 4750 secundum
1434 4694 1788 4766 Scripturas,
1813 4694 2088 4751 mulieres

444 4781 836 4853 parturientes
893 4786 1194 4855 anguntur
1248 4788 1487 4855 propter
1554 4786 1785 4855 partum
1833 4800 2092 4840 exsecra-

444 4870 646 4926 bilem.
673 4876 784 4928 Deo
814 4872 1135 4945 ingratum,
1186 4877 1409 4928 naturae
1462 4873 1843 4942 contrarium,
1905 4873 2089 4929 feram

445 4957 790 5031 immanem,
848 4960 1311 5029 voracissimam,
1380 4967 1585 5017 contra
1632 4979 1809 5033 quam
1876 4979 2089 5019 canum

445 5063 641 5104 mores
664 5049 1029 5105 rabiosorum
1070 5049 1396 5121 sepissime
1426 5050 1793 5120 latravimus,
1825 5055 1883 5107 et
1909 5068 2086 5123 quam

442 5154 474 5195 e
504 5154 749 5194 caverna
780 5138 1188 5210 protraherein
1206 5155 1323 5210 qua
1353 5140 1696 5195 abscondita
1716 5146 1805 5197 est
1825 5140 2087 5213 (abscon-

441 5226 603 5281 ditur
622 5224 682 5281 in
705 5225 1115 5299 plerarumque
1144 5226 1379 5299 animis)
1397 5232 1498 5284 aut
1529 5228 1812 5300 impedire
1842 5245 1913 5285 ne
1942 5246 2085 5301 pau-

441 5330 611 5389 peres
632 5315 882 5372 miseros
919 5314 1168 5372 dilaniet
1194 5320 1252 5373 et
1278 5316 1579 5389 dilacerat,
1610 5334 1728 5375 non
1760 5318 2084 5391 potuimus.

516 5602 604 5657 55.
630 5600 819 5673 Igitur
840 5617 997 5658 nunc
1027 5600 1267 5673 quidem
1298 5606 1488 5660 tacere
1541 5603 1732 5661 visum
1763 5608 1870 5662 est.
1909 5603 2089 5661 Video

446 5688 604 5746 enim
635 5689 813 5761 quod,
847 5705 962 5761 quo
987 5690 1176 5762 magis
1202 5706 1336 5747 cum
1366 5691 1669 5764 Scriptura
1698 5697 1902 5751 contra
1928 5694 2094 5752 tene-

2186 3251 2295 3285 νειν
2345 3231 2439 3304 μὲν
2478 3231 2541 3285 τὸ
2597 3232 2781 3298 κακὸν,
2837 3236 3013 3286 ποιεῖν
3073 3229 3132 3286 δὲ
3175 3232 3239 3287 τὸ
3294 3233 3512 3307 ἀγαθόν.
3569 3231 3832 3307 Οἴδαμεν,

2187 3318 2311 3383 ἔνθα
2366 3321 2477 3395 χρὴ
2537 3318 2823 3374 καταλύειν
2884 3320 2973 3374 καὶ
3023 3322 3375 3393 παραμένειν,
3427 3320 3521 3376 καί
3558 3322 3730 3377 πάλιν
3759 3320 3835 3377 ἔν-

2188 3420 2253 3472 θα
2282 3405 2399 3462 δέον
2430 3408 2765 3481 παρατείνειν
2821 3407 2898 3470 εἰς
2946 3406 3115 3463 πλέον
3173 3410 3242 3464 τὰ
3284 3410 3387 3479 τὴς
3436 3407 3586 3466 ὀδοῦ.
3619 3413 3830 3468 Μενοῦ-

2192 3518 2286 3571 μεν
2344 3497 2471 3573 γὰρ,
2527 3494 2921 3559 καταλύσαντες
2996 3496 3049 3552 ἐν
3122 3502 3192 3573 τῇ
3249 3503 3347 3554 τοῦ
3400 3503 3535 3555 Θεοῦ
3594 3500 3781 3575 ἀγάπῃ
3815 3519 3829 3533 ο

2188 3591 2592 3662 παρατενοῦμέν
2647 3583 2705 3641 δὲ
2757 3588 2850 3641 τὸν
2886 3584 3111 3661 δρόμον,
3162 3584 3286 3642 ἔνθα
3338 3584 3537 3663 λῃσταί
3578 3588 3834 3666 ὐφεδρεύ-

2191 3697 2309 3730 ουσι
2359 3674 2642 3751 λογισμοί.
2692 3675 2770 3733 Οὐ
2810 3676 2909 3748 μία
2955 3678 3091 3749 ἡμῖν
3141 3675 3332 3753 τρίϐος
3382 3678 3725 3755 ὑπέστρωται
3761 3680 3840 3755 βία

2191 3786 2275 3836 ου,
2306 3762 2454 3819 ἀλλὰ
2501 3761 2867 3840 πολισχιδής,
2916 3764 3099 3842 ὥσπερ
3147 3769 3183 3835 ἡ
3237 3766 3314 3830 εἰς
3362 3767 3429 3821 τὰ
3459 3766 3665 3842 φαῦλα,
3698 3767 3839 3822 οὕτω

2188 3854 2340 3924 καὶὴ
2401 3853 2478 3916 εἷς
2526 3853 2594 3908 τὰ
2642 3854 2945 3929 κρείττονα.
3000 3852 3260 3929 Εἴπωμεν
3310 3856 3425 3925 οῦν,
3475 3856 3722 3932 καθάπερ
3756 3856 3840 3912 ἐπὶ

2189 3942 2397 4005 κακίας.
2452 3943 2550 4011 ὡς,
2601 3941 2711 3997 εἷ’τε
2752 3943 2957 4015 ταύτην
3003 3943 3039 4013 ἤ
3086 3946 3186 4014 τήν
3240 3945 3421 4020 ἑτέραν
3455 3952 3489 4015 ῆ
3521 3946 3623 4015 τήν
3664 3944 3841 4017 ἄλλην

2196 4029 2554 4108 βαδιούμεθα,
2602 4029 3000 4106 πλανησόμεθα
3045 4040 3148 4103 τῆς
3198 4034 3517 4110 ὀρθότητος,
3582 4032 3729 4090 οὕτω
3760 4035 3843 4090 καὶ

2194 4118 2281 4175 ἐπὶ
2332 4121 2550 4196 ἀρετῆς.
2607 4121 2713 4189 ὅτι,
2754 4120 2949 4176 ὁποίαν
2993 4121 3350 4196 στελούμεθα,
3411 4123 3487 4185 εἰς
3544 4123 3637 4179 τὸν
3669 4122 3843 4179 πλου-

2194 4208 2456 4264 σιώτατον
2499 4207 2589 4263 καὶ
2637 4205 2970 4287 εὐδιάκριτον
3042 4208 3330 4288 ξενοδόχον
3380 4213 3511 4269 Θεὸν
3574 4214 3843 4284 καταντή-

2194 4319 2255 4353 σο
2262 4319 2358 4372 μεν
2368 4341 2381 4355 .

2266 4411 2362 4474 νδ’.
2395 4412 2617 4470 Τούτων
2670 4413 2813 4471 οὕτω
2858 4414 3311 4493 συμπεραθέντων
3372 4421 3529 4492 ἡμῖν,
3578 4414 3843 4475 εὐλαϐοῦ-

2200 4524 2318 4578 μαι,
2353 4505 2575 4577 μήποτε
2622 4503 2905 4568 δυσκόλως
2946 4511 3066 4569 ταῖς
3119 4505 3414 4581 ἡμετέραις
3462 4508 3652 4584 εὐχαῖς
3698 4510 3845 4564 ἀντι-

2198 4587 2481 4663 ϐήσονται,
2514 4592 2560 4648 εὶ
2590 4592 2679 4648 καὶ
2714 4596 2789 4667 μή
2834 4615 2978 4657 τινες
3022 4592 3186 4651 ἄλλοι
3227 4598 3471 4673 πτωχοὶ,
3510 4595 3639 4653 ἀλλ’
3668 4594 3761 4652 οὖν
3796 4597 3846 4650 οἱ

2200 4683 2710 4757 χρεωκοπούμενοι,
2762 4682 2853 4746 οὕς
2903 4683 3068 4755 ὀξεῖαι
3121 4683 3306 4741 ὀδύναι
3371 4685 3643 4758 δύνουσιν,
3703 4687 3735 4740 ὃ
3780 4684 3843 4755 δὴ

2202 4768 2433 4847 λέγεται,
2482 4772 2619 4827 κατά
2664 4772 2760 4835 τὰς
2808 4773 2994 4848 (ἱερῶς
3042 4773 3233 4848 εἰπεῖν)
3287 4772 3586 4838 ὠδινούσας
3630 4777 3719 4830 καὶ
3757 4774 3845 4850 ἐγ-

2199 4861 2454 4936 γιζούσας
2484 4866 2581 4916 τοῦ
2604 4867 2800 4932 τεκεῖν,
2842 4859 2933 4917 διὰ
2980 4863 3071 4917 τὸν
3125 4860 3414 4940 ἀλιτήριον
3444 4866 3602 4921 τόκον
3634 4866 3726 4921 τὸν
3761 4858 3841 4919 ἕκ-

2198 4949 2388 5028 φυλον,
2445 4952 2535 5007 τὸν
2597 4959 2850 5024 θεομισῆ,
2906 4952 2999 5007 τὸν
3039 4954 3186 5030 παρὰ
3236 4955 3417 5029 φύσιν,
3476 4955 3540 5010 τὸ
3595 4957 3845 5010 κάκιστον

2198 5038 2414 5115 ἀηρίον,
2446 5041 2507 5095 τὸ
2554 5040 2843 5117 παμφάγον
2874 5060 2889 5074 ο
2943 5041 3004 5096 οὗ
3063 5044 3319 5118 μυριάκις
3365 5044 3459 5117 μὲν
3507 5044 3845 5114 καθυλακτή·

2199 5149 2389 5202 σαμεν,
2442 5129 2541 5184 ὅσα
2596 5129 2687 5184 καὶ
2746 5128 3086 5201 λυσσητῆρες
3135 5131 3317 5199 κύνες,
3367 5133 3468 5188 οὐκ
3506 5131 3740 5210 ἔσχομεν
3787 5130 3843 5187 δὶ

2199 5217 2341 5273 οὕτω
2375 5223 2472 5273 τοῦ
2519 5218 2737 5296 φωλεοῦ
2787 5218 3068 5290 έκσπάσαι,
3129 5220 3206 5284 εἷς
3260 5222 3318 5276 ’ὸν
3370 5222 3661 5298 κρύπτεται
3692 5220 3842 5297 (κρύ-

2196 5329 2383 5363 πτεται
2416 5305 2474 5363 δὲ
2518 5306 2572 5363 ἐν
2619 5313 2735 5371 ταῖς
2785 5312 2891 5364 τῶν
2953 5307 3223 5365 πλειόνων
3273 5314 3520 5388 ψυχαῖς),
3579 5309 3702 5367 οὐδὲ
3733 5311 3842 5384 μὴν

2198 5393 2519 5477 ἐκφοϐῆσαι,
2581 5399 2655 5460 ὡς
2731 5400 2807 5472 μὴ
2881 5397 3172 5473 προπηδᾷν
3249 5402 3339 5456 καὶ
3397 5400 3687 5477 λαφύσσειν
3752 5399 3843 5455 καὶ

2200 5489 2522 5564 σπαράσσειν
2553 5487 2681 5550 τοὺς
2710 5486 2976 5552 ἐλεεινοὺς
3003 5488 3291 5566 πτωχούς.

2268 5606 2357 5675 νε’,
2415 5604 2631 5678 Ἔδοξεν
2689 5604 2780 5660 οῦν
2843 5626 2937 5679 μοι
2999 5604 3106 5662 ἀπὸ
3162 5613 3265 5677 τῆς
3314 5604 3435 5683 ἅρτι
3478 5615 3786 5685 σεσιγῆσθαι
3820 5648 3839 5666 .

2200 5690 2399 5754 Βλέπω
2454 5694 2580 5771 γὰρ,
2638 5692 2721 5750 ὅτι
2779 5692 2858 5759 εἷς
2915 5692 3041 5751 ὅσον
3100 5693 3205 5771 ἐγὼ
3256 5695 3323 5753 τὰ
3375 5700 3483 5754 τῶν
3529 5696 3833 5775 ῒερωτάσων
