4114 6200
278 264 386 320 ’125

1275 259 1353 318 ΙΝ
1402 259 1466 318 S.
1513 256 2203 328 QUADRAGESIMAM
2247 258 2542 320 ORATIO
2584 258 2686 318 Ιν.

3571 259 3694 318 726

271 393 490 466 Γραφῶν
541 381 872 461 ἀναϐοῶμαι
916 392 1034 449 τοῖς
1085 385 1474 465 τοκογλυφοις,
1533 391 1792 442 τοσοῦτον
1834 387 1923 442 αύ-

2044 393 2265 445 ratores
2296 389 2582 455 declamo,
2615 405 2682 444 eo
2737 389 2967 460 pejores
2994 387 3173 442 futuri
3205 391 3361 456 sunt,
3422 391 3480 444 et
3535 391 3690 461 quod

271 481 346 535 τοὶ
401 471 749 532 ἐκϐαίνονται
808 477 882 538 εἰς
939 474 1294 531 πολυτοκίαν·
1355 477 1444 531 καὶ
1506 477 1648 532 οὕτω
1700 478 1766 532 τὰ
1825 475 1929 549 ἐμὰ

271 565 610 634 διδασκάλια,
667 564 741 621 δι’
789 567 861 620 ὧν
909 565 1256 622 ἀναστέλλειν
1309 571 1581 639 πειρῶμαι
1628 566 1701 626 ὡς
1733 563 1820 620 διά
1844 587 1925 619 τι-

271 679 357 718 νος
389 653 655 725 ἐπαοιδῆς
713 656 812 724 τὴν
860 659 956 710 τοῖ’)
1005 655 1201 731 θηρίου
1247 655 1561 730 ἀγριότητα,
1597 650 1929 727 ἐμϐοήματα

267 746 584 820 κρίνονται,
649 741 725 798 δι’
782 742 856 798 ὧν
934 743 1064 799 αὐτὸ
1123 743 1412 818 ἐρεθίζεται
1464 742 1779 815 καταπηδᾷν
1838 745 1926 799 καὶ

273 834 527 911 βλάπτειν
560 835 697 895 τοὺς
742 837 820 905 τῷ
865 837 982 904 Θεῷ
1036 832 1133 906 μὶν
1165 831 1538 906 ἠλεημένους,
1570 831 1838 912 ἀδελφοὺς
1872 831 1928 888 δὲ

268 928 394 997 ἡμῖν
450 922 884 997 λογιζομένους,
943 923 1079 976 καθά
1128 923 1219 976 καὶ
1274 923 1561 997 θρέμματα
1617 921 1799 992 πίονα,
1853 923 1926 976 ὧν

264 1014 348 1068 καὶ
404 1010 554 1087 γάλα
607 1011 705 1066 καὶ
769 1011 968 1086 σάρκας
1015 1010 1104 1065 καὶ
1157 1008 1329 1084 δέρμα
1357 1012 1447 1066 καὶ
1501 1006 1645 1083 ἔριον
1679 1011 1754 1074 εἷς
1785 1013 1928 1086 χρή-

268 1122 420 1174 σιμον
467 1099 521 1154 οἱ
577 1097 968 1155 οἷ’κοδεσπόται
1021 1101 1476 1177 προσφερόμενοι,
1507 1100 1598 1155 καὶ
1661 1098 1788 1172 μηδ’
1837 1099 1930 1153 αὗ-

267 1196 366 1245 τῶν
397 1194 507 1244 τῶν
574 1188 656 1250 εἷς
719 1190 922 1264 βρῶσιν
976 1187 1212 1262 ἀχρείων
1257 1188 1616 1264 ἀπεχόμενοι,
1664 1187 1796 1242 αὐτὰ
1830 1189 1927 1262 βο-

265 1278 441 1340 τάναις
473 1277 706 1356 ἀφιᾶσιν
755 1276 1093 1356 ἐντρέφεσθαι
1152 1278 1240 1332 καὶ
1277 1276 1532 1340 θαλλοῖς.
1563 1283 1630 1332 Ἠ
1677 1277 1780 1352 γὰρ
1821 1276 1930 1352 οὐχ

269 1367 431 1428 οὕτως
466 1365 788 1445 ὀφειλέταις
841 1367 929 1422 καὶ
985 1369 1148 1439 ἡμεῖς
1191 1367 1654 1443 προσφερόμεθας
1690 1366 1790 1422 Καὶ
1826 1386 1928 1438 μα-

266 1457 468 1532 κάριον,
522 1455 683 1530 εἷ’περ
744 1454 938 1518 οὕτως’
993 1459 1081 1510 νῦν
1138 1453 1194 1510 δὲ
1223 1457 1312 1510 καὶ
1361 1462 1548 1532 χεῖρον
1582 1453 1930 1529 διατιθέμεθα

269 1544 344 1600 ἐπ’
376 1545 585 1606 αὐτοῖς.
624 1543 916 1618 Θρέμμασι
980 1545 1074 1617 μὶν
1131 1545 1233 1620 γὰρ
1281 1550 1396 1606 τοῖς
1446 1550 1808 1618 κτηματικοῖς
1837 1545 1927 1598 καὶ

266 1631 469 1688 κλίσιον
533 1631 896 1710 ἆνεγείρομεν
931 1678 944 1704 ,
1002 1631 1092 1687 καὶ
1154 1630 1390 1708 μάνδραν
1449 1637 1720 1709 γυροῦμεν
1768 1678 1783 1699 ,
1837 1631 1926 1686 καὶ

273 1721 537 1795 σταθμοὺς
625 1721 906 1798 ἕτεροίους
989 1724 1397 1799 περιγράφομεν
1433 1768 1449 1794 ,
1501 1722 1591 1776 καὶ
1668 1721 1928 1796 συρφετὸν

279 1808 685 1883 κειμηλιοῢμεν
750 1810 826 1874 εἰς
895 1811 1104 1884 τροφήν
1164 1811 1468 1886 χειμέριον,
1523 1810 1613 1864 καὶ
1672 1809 1926 1885 ἀμέλγειν

275 1898 399 1954 αὐτὰ
438 1898 741 1972 ὀκνοῦμεν,
776 1901 865 1954 ὅτε
895 1901 922 1954 ὁ
953 1903 1048 1953 τοῦ
1096 1898 1367 1974 γάλακτος
1414 1900 1598 1960 αὐτοῖς
1629 1900 1823 1974 ὀχετὸς
1855 1900 1922 1954 ού

273 1987 536 2059 πέπληθε’
597 1989 695 2044 καὶ
754 1989 1020 2061 ποιμένας
1070 1989 1412 2067 ἐφιστῶντες,
1467 1993 1563 2044 τοῦ
1592 2010 1650 2044 τε
1702 1991 1775 2062 μή
1808 1992 1925 2062 ψω-

279 2083 387 2153 ριᾷν
440 2079 895 2153 προμηθούμεθα
928 2123 942 2148 ,
993 2077 1098 2133 εἴτε
1177 2079 1267 2133 καὶ
1344 2075 1532 2142 ἄλλως
1589 2083 1872 2153 καχεκτεῖν
1911 2097 1923 2109 ·

280 2173 558 2248 κηδόμεθα
617 2173 679 2231 δὲ
738 2174 849 2244 καί,
904 2174 1111 2247 πηνίκα
1166 2180 1360 2252 καιροῦ
1389 2177 1478 2231 καὶ
1527 2181 1626 2231 ποῖ
1655 2197 1785 2230 ποτε
1816 2175 1928 2231 λει-

284 2268 454 2336 μῶνος
513 2266 886 2338 βοσκήσονται
919 2284 932 2297 ·
991 2265 1082 2320 καὶ
1137 2269 1234 2320 τοῦ
1290 2264 1438 2340 ἐρίου
1495 2262 1553 2320 δὲ
1607 2263 1875 2339 φιλοῦμεν
1913 2310 1927 2334 ,

275 2352 357 2406 ὅτε
386 2351 506 2408 οὕτε
564 2356 763 2428 ψυχῆς
822 2351 1000 2408 δάκνει
1061 2350 1352 2428 δριμύττον
1408 2352 1482 2414 εἷς
1541 2353 1781 2429 ῥίγωσιν,
1827 2351 1931 2408 ἀλ-

274 2439 340 2494 λὰ
361 2441 446 2495 καί
479 2441 540 2495 τὸ
595 2435 755 2517 ἔριον
807 2442 1111 2516 αὐτόματον
1165 2441 1467 2517 καταρῤέει,
1515 2443 1603 2496 καὶ
1647 2442 1692 2497 εἰ
1737 2444 1810 2514 μή
1841 2443 1933 2497 τά-

278 2547 391 2605 χιον
449 2529 620 2608 ἆφαιρ
640 2533 758 2605 εθῇ,
813 2530 1065 2594 ἀκάνθαις
1121 2531 1412 2606 ἀρπάζεται
1469 2532 1558 2585 καὶ
1615 2529 1930 2602 κολλᾶται,

2038 483 2324 550 praecepta
2354 495 2481 534 mea
2514 478 2751 549 quibus,
2786 481 2852 533 ut
2907 475 3434 545 incantationibus,
3494 479 3693 534 bestiae

2036 566 2198 622 illius
2228 568 2585 623 ferocitatem
2619 568 2858 622 domare
2887 583 3086 630 conor,
3111 581 3214 637 pro
3246 565 3408 620 inani
3442 564 3696 622 clamore

2039 656 2347 724 habentur,
2374 672 2490 726 quo
2521 655 2623 710 illa
2652 655 2940 710 excitatur
2970 655 3042 709 ad
3067 653 3467 725 proruendum
3483 645 3694 710 noce-n-

2039 745 2300 816 dumque
2329 745 2402 800 iis
2433 761 2582 817 quos
2625 745 2774 800 Deus
2833 745 3146 800 miseretur
3204 748 3262 797 et
3327 741 3426 812 qui
3486 743 3693 800 fratres

2039 835 2221 888 nostri
2257 839 2596 900 censentur,
2629 838 2693 889 ut
2720 850 2853 890 oves
2883 833 3133 905 pingues
3181 848 3430 902 quarum
3488 831 3579 888 lac
3638 840 3695 888 et

2038 938 2295 988 carnem,
2329 922 2538 993 pellem
2568 927 2626 977 et
2668 922 2867 978 lanam
2902 921 3186 977 oaconomi
3217 921 3278 976 in
3312 937 3487 976 usum
3509 937 3686 977 suum

2036 1015 2404 1082 vertunt,nec
2433 1012 2506 1067 iis
2537 1029 2663 1082 qua
2694 1011 2821 1068 esui
2852 1028 2968 1066 non
3001 1011 3329 1066 inserviunt
3358 1014 3689 1081 parcentes,

2038 1100 2260 1172 plantis
2290 1105 2348 1155 et
2383 1101 2693 1156 arboribus
2726 1100 3118 1156 slercorandis
3150 1099 3453 1155 adhibent.
3485 1099 3691 1154 Nonne

2039 1206 2145 1245 nos
2176 1205 2410 1260 quoque
2465 1189 2525 1244 in
2585 1189 2913 1244 debitorum
2965 1187 3296 1243 conditione
3341 1187 3592 1243 sumus?
3619 1189 3692 1243 Et

2038 1279 2260 1345 bene,si
2293 1278 2373 1333 ita
2404 1277 2684 1334 est.Nunc
2716 1282 2909 1332 autem
2941 1275 3230 1348 iniquiore
3257 1275 3316 1329 in
3356 1276 3688 1332 conditione

2038 1384 2268 1424 sumus.
2325 1371 2592 1438 Namque
2646 1366 2956 1438 pecoribus
3014 1364 3316 1421 stabulum
3363 1364 3684 1434 aperimus,

2039 1457 2348 1511 mandram
2387 1455 2766 1511 concedimus
2798 1455 2855 1509 in
2887 1454 3134 1526 campis,
3167 1460 3225 1508 et
3267 1453 3421 1524 quod
3453 1458 3688 1508 susten-

2036 1544 2231 1599 tandis
2262 1545 2507 1599 inservit
2537 1561 2642 1616 per
2679 1544 2934 1599 hiemem
2987 1542 3310 1612 offerimus,
3363 1540 3502 1596 lacti
3551 1558 3688 1613 par-

2036 1639 2253 1704 centes,
2287 1638 2549 1706 pastores
2573 1631 3154 1705 prmponimusJuem
3172 1630 3435 1701 aliosque
3453 1631 3688 1686 morbos

2037 1722 2108 1777 ab
2139 1722 2214 1778 iis
2244 1726 2803 1794 removemus,prata
2819 1721 3188 1792 depascendo
3206 1722 3466 1790 tempore
3478 1735 3688 1790 oppor-

2034 1817 2177 1867 tuno
2209 1812 2576 1878 recludimus,
2600 1811 2735 1866 lana
2769 1811 3060 1876 exuimus,
3089 1809 3322 1881 quando
3337 1824 3452 1864 non
3467 1806 3685 1880 algent,

2034 1911 2153 1965 imo
2185 1910 2320 1966 lana
2348 1910 2475 1982 ipsa
2531 1910 2670 1979 exit,
2730 1913 2787 1964 et
2845 1926 2878 1964 θ.
2936 1908 3170 1963 carduis
3227 1906 3537 1973 laceratur,
3568 1905 3682 1960 nisi

2036 1999 2386 2070 quantocius
2416 1999 2801 2054 tondeas.Nos
2823 2001 3020 2054 autem
3044 1995 3192 2052 nihil
3210 1995 3326 2051 tale
3356 1994 3414 2049 in
3447 1994 3681 2050 miseris

2036 2086 2294 2144 alumnis
2326 2088 2423 2144 Dei
2457 2088 2728 2157 facimus,
2761 2087 2898 2159 quin
2940 2087 3058 2141 imo
3096 2084 3318 2140 nullam
3350 2100 3549 2139 eorum
3583 2099 3685 2138 cu-

2038 2194 2161 2232 ram
2196 2182 2453 2248 agentes,
2486 2179 2885 2249 deportamus,
2919 2176 3098 2231 ubera
3121 2172 3508 2245 exprimimus
3539 2189 3686 2244 quo-

2038 2267 2201 2333 tidie,
2236 2267 2386 2322 fame
2432 2282 2736 2333 necamus,
2769 2265 3085 2335 nudamus,
3133 2263 3388 2329 edimus,
3449 2277 3562 2316 non
3625 2264 3688 2316 ut

2038 2355 2298 2410 vultures
2343 2357 2644 2420 cadavera,
2713 2355 2814 2410 sed
2849 2354 3002 2409 sicut
3033 2351 3243 2424 aquila:
3277 2349 3686 2406 Prometheum

2041 2445 2170 2516 rupi
2202 2443 2572 2516 impositum,
2604 2449 2660 2500 et
2690 2444 2774 2499 sic
2808 2443 2989 2499 cruda
3014 2441 3276 2496 humana
3332 2454 3506 2495 carne
3561 2455 3689 2494 ves-

2043 2550 2251 2589 clmur.

277 2619 401 2673 ὅπου
430 2619 594 2696 χρεία
641 2617 1088 2693 οὖδεμία.⁹Ημεῖς
1122 2617 1179 2674 δὲ
1208 2617 1360 2674 οὐδέν
1395 2642 1447 2675 τι
1477 2624 1724 2675 τοιοῦτον
1758 2619 1844 2675 ἐπὶ
1873 2625 1990 2682 τοῖς
2020 2620 2278 2684 ἐλεεινοῖς
2307 2620 2519 2684 τούτοις
2549 2626 2646 2676 τοῦ
2677 2625 2809 2676 Θεοῦ
2837 2617 3329 2693 διοικονομούμεθα
3360 2617 3688 2691 θρέμμασιν,

277 2707 410 2762 ἀλλὰ
466 2706 754 2782 μηδεμίαν
803 2706 1134 2782 κηδεμονίαν
1195 2708 1245 2764 ἐν
1308 2709 1494 2771 αὐτοῖς
1554 2706 1974 2783 ἐνδεικνύμενοι,
2036 2710 2415 2784 ἀποικίζομεν,
2477 2710 2793 2783 ἆκπιὲζομεν
2863 2705 3150 2783 ὁσημέραι,
3212 2706 3689 2781 λιμαγχονοῦμεν,

277 2801 604 2871 γυμνοῦμεν,
647 2798 973 2872 ἀπεσθίομεν
1013 2797 1330 2874 τεραστίως,
1364 2798 1424 2853 οὐ
1455 2800 1593 2863 καθά
1621 2803 1784 2873 γῦπες
1812 2797 2034 2873 νεκρούς
2062 2821 2228 2873 τινας,
2260 2799 2388 2855 ἀλλ’
2444 2800 2519 2862 ὡς
2577 2799 2724 2855 άεταὶ
2771 2799 2862 2854 τὸν
2924 2796 3010 2853 ἐπὶ
3068 2795 3340 2860 σκόλοπος
3394 2796 3691 2870 Προμηθέα

275 2884 483 2958 ὶκεῖνον,
513 2887 616 2942 καὶ
652 2886 824 2952 οὕτως
854 2889 1140 2962 ἁνεψήτοις
1172 2887 1535 2963 ἀνθρωπίνοις
1568 2886 1909 2965 ἰντρυφῶμεν
1942 2887 2176 2966 κρέασιν.

334 3024 424 3086 νς’.
480 3023 815 3101 ³Δπάγαγε,
882 3023 1232 3102 φιλάνθρωπε
1298 3025 1467 3102 Κύριε
1501 3068 1514 3094 ,
1573 3027 1672 3095 τὴν
1751 3025 1922 3080 ἀπάν-

2103 3029 2194 3084 56.
2227 3031 2463 3094 Amove,
2514 3045 2736 3101 quaeso,
2790 3026 3036 3084 Domine
3091 3024 3448 3092 misericors,
3495 3038 3688 3078 mores

276 3111 472 3182 θρωπον
530 3112 745 3185 ταύτην
802 3111 1151 3192 φιλοτησίαν,
1208 3114 1298 3170 καὶ
1355 3115 1553 3177 παντὸς
1617 3115 1710 3188 μὲν
1744 3113 1919 3170 ἄλλου

277 3202 591 3273 Χριστιανοῦ
632 3244 646 3270 ,
718 3202 807 3257 καὶ
891 3205 1052 3276 ἡμῶν
1115 3200 1213 3273 δὲ,
1268 3204 1320 3258 οἳ
1374 3205 1922 3281 ἁνθρωποιραγοῦντες

279 3286 571 3363 ψευδόμεθα
609 3292 708 3360 τὴν
740 3294 854 3346 κατ’
902 3289 1183 3366 ἄνθρωπον
1237 3292 1574 3369 ἡμερότητα.
1627 3295 1724 3355 Δὸς
1782 3295 1916 3366 ἡμῖν

277 3371 615 3451 λογίσασθαι,
667 3379 749 3435 ὅτι
797 3380 1050 3454 κάλλιον,
1105 3382 1343 3454 καθάπαξ
1394 3384 1604 3460 ἀφεῖναι
1635 3383 1724 3437 τὸν
1757 3380 1919 3437 ἁδελ-

279 3464 365 3540 φὸν
421 3465 730 3543 ἐγχανόντα
782 3475 980 3539 θανεῖν,
1035 3467 1174 3545 ἤπερ
1231 3469 1319 3525 ἐπὶ
1371 3469 1516 3525 πολὺ
1574 3470 1921 3547 στρεύγεσθαι

278 3551 650 3630 χαλεπωτάτῳ
701 3556 874 3631 λιμῷ.
927 3556 1237 3634 Ὀδήγησον
1279 3563 1426 3632 ἡμᾶς
1456 3563 1650 3629 ποιεῖν,
1683 3560 1712 3614 ’ὀ
1741 3563 1920 3622 κακῶς

281 3637 554 3716 δυνάμεθα.
617 3647 895 3720 Δυνάμεθα
944 3644 1001 3702 δὶ
1048 3648 1160 3703 θεοὶ
1205 3649 1446 3723 γενέσθαι
1495 3649 1631 3702 κατὰ
1677 3649 1740 3702 τὸ
1777 3667 1920 3722 παρ-

279 3729 518 3806 άγγελμά
581 3757 701 3809 σου,
762 3756 820 3812 9c
876 3734 1029 3791 οὐδὲν
1087 3733 1209 3791 οὔτε
1267 3735 1544 3808 ἀδύνατον,
1598 3734 1720 3791 οὔτε
1763 3734 1921 3807 ἄηθες

279 3820 678 3895 παραδέδωκας.
740 3823 948 3896 Δοίης,
993 3827 1069 3900 μὴ
1127 3831 1301 3881 ποιεῖν
1360 3827 1530 3898 ἡμὰς,
1591 3825 1688 3881 ὅσα
1742 3831 1922 3887 κακῶς

281 3904 554 3984 δυνάμεθα·
621 3913 779 3968 κακία
839 3911 896 3968 δὲ
956 3911 1239 3987 δυνάμεως
1292 3915 1571 3986 τοιαύτης,
1625 3915 1688 3970 τὸ
1732 3908 1924 3986 δαιμοέ

278 3998 360 4064 νᾷν
401 3999 486 4052 καὶ
547 4005 630 4073 τῷ
690 3997 1004 4073 διδασκάλῳ
1061 4004 1158 4070 τῆς
1216 4001 1560 4078 φαυλότητος
1620 4001 1921 4058 ἐπακολου-

282 4089 402 4144 θεῖν.
434 4088 707 4160 Διδάξαις,
768 4089 1006 4165 γίνεσθαι
1055 4095 1152 4145 τοῦ
1211 4091 1464 4168 ούρανοῦ,
1519 4092 1596 4150 εἷς
1654 4093 1712 4147 ’ὀν
1764 4091 1921 4153 αὐτὸς

280 4177 622 4248 προεκαλέσω
679 4181 848 4252 ἡμᾶς,
905 4179 1208 4253 κατελθὼν,
1255 4178 1349 4236 *ίνα
1391 4176 1699 4255 ἀναδῶμεν,
1730 4201 1922 4236 ταπει-

281 4267 476 4340 νωθεὶς,
509 4269 587 4330 ὡς
643 4268 705 4323 ἂν
761 4269 1086 4342 ὑψωθῶμεν.
1119 4270 1211 4338 Μὴ
1267 4267 1445 4332 ἐάσαις
1493 4273 1640 4343 ἡμᾶς
1669 4274 1765 4325 τοῦ
1791 4290 1924 4344 ταρ-

281 4352 436 4424 τάρου
461 4355 725 4432 γενέσθαι,
785 4355 863 4419 εἷς
923 4357 981 4411 ’ὸν
1036 4363 1282 4432 πειρᾶται
1337 4357 1586 4434 κατάγειν
1642 4360 1670 4414 ὁ
1719 4360 1918 4422 ἄνωθεν

285 4441 465 4524 πεσὼν,
522 4445 615 4500 καὶ
675 4446 737 4501 τὸ
802 4447 1140 4520 ἀνθρώπινον
1197 4445 1396 4511 ἐθέλων
1455 4452 1916 4524 συγκατενεγκεῖν,

280 4522 363 4583 ἵνα
413 4534 732 4598 ἁπεναντίας
777 4533 857 4608 τῷ
904 4534 1346 4592 ἐθέλοντιπλείω
1383 4522 1620 4614 γίνεσθαι
1649 4540 1717 4593 τὰ
1761 4522 1916 4609 εὐερ-

285 4620 565 4695 γετούμενα
619 4621 891 4696 πληθυνεῖ
944 4625 1105 4691 αὐτὸς
1159 4627 1227 4682 τὰ
1288 4627 1725 4703 κακοποιούμενα
1757 4671 1771 4697 ,
1829 4628 1918 4682 καὶ

286 4713 602 4787 συμμερίτας
631 4709 734 4791 ἔχῃ
768 4712 1023 4780 πλείονας
1051 4723 1152 4787 τῆς
1183 4715 1479 4780 κολάσεως.

349 4829 437 4914 νζ.
485 4830 721 4896 ’Ἡθελον
778 4831 942 4888 εἰσέτι
998 4832 1174 4889 πλείω
1229 4831 1520 4908 διδάσκειν,
1590 4833 1635 4889 ὦ
1694 4833 1918 4914 ἀδελφοὶ

286 4913 367 4967 καὶ
397 4917 570 4994 φίλοι,
622 4919 738 4975 ἐπεὶ
801 4919 940 4994 μηδὶ
988 4924 1163 4992 πάντη
1212 4924 1310 4992 τήν
1351 4922 1490 4997 ἐμὴν
1521 4913 1920 5000 κλεψύδραντὸ

288 5005 373 5055 τοῦ
402 5003 575 5082 λέγειν
628 5006 772 5085 ὕδωρ
826 5009 1194 5068 ἐπιλέλοιπεν.
1230 5011 1388 5068 Ἀλλ’
1446 5012 1528 5068 δτι
1559 5016 1654 5070 κάν
1702 5014 1918 5076 τούτοις

287 5090 343 5143 τὸ
399 5096 611 5172 μέτριον
673 5106 1096 5177 συγκροτεῖται,
1165 5102 1503 5178 βραχύτατόν
1559 5125 1612 5160 τι
1669 5104 1920 5180 προσθεὶς

294 5184 520 5241 πεπαύσο
529 5209 601 5261 μα
611 5209 645 5244 ι.

357 5319 451 5386 νη’.
507 5323 952 5398 Μετεχειρήσατο
1008 5323 1252 5380 κόσκινον
1310 5326 1337 5380 ὁ
1395 5325 1525 5389 Θεδς
1582 5330 1670 5400 (ού
1724 5327 1923 5404 μακρο⁹ί

301 5401 430 5495 οξτοι
487 5409 763 5487 ἐνιαυτοὶ),
823 5413 894 5470 δι’
953 5415 1118 5492 οὗπερ
1174 5417 1358 5489 ἡμᾶς,
1420 5412 1575 5479 ὄντας
1635 5401 1732 5492 μὲὖ
1784 5401 1922 5495 πρὸς

302 5488 540 5564 «Meum
594 5502 774 5566 σίτους
831 5509 992 5578 Θεοῦ,
1055 5488 1396 5570 συνιαθέντας
1451 5502 1508 5561 δὲ
1560 5488 1644 5579 τῷ
1690 5488 1867 5581 ἐξαιτή
1901 5541 1924 5551 -

302 5584 499 5664 σαμένῷ
541 5593 690 5666 ἡμᾶς
742 5598 973 5668 Σατανᾷ,
1017 5593 1108 5651 καὶ
1159 5593 1610 5672 συναναμιγέντας
1659 5599 1761 5654 οὐκ
1789 5599 1924 5674 ἁγα-

2029 3116 2176 3174 istos
2199 3117 2553 3174 inhumanos
2585 3123 2711 3174 tum
2744 3118 2816 3173 ab
2844 3117 3000 3173 omni
3052 3115 3287 3187 quidem
3328 3113 3688 3180 Christiano,

2031 3224 2165 3262 cum
2198 3225 2231 3262 a
2261 3208 2431 3264 nobis
2456 3209 2557 3279 qui
2588 3223 2761 3263 carne
2791 3206 3054 3262 humana
3080 3209 3380 3261 vescentes
3412 3219 3690 3258 mansue-

2029 3297 2220 3351 tudini
2253 3313 2383 3368 quae
2403 3297 2702 3352 hominem
2725 3295 3349 3360 decet,renuntiamus.
3387 3293 3464 3348 Da
3493 3295 3558 3346 ut
3587 3292 3686 3347 in-

2028 3385 2366 3457 telligamus
2397 3386 2584 3441 satius
2615 3401 2744 3441 esse
2770 3385 3009 3440 fratrem
3061 3383 3123 3438 in
3178 3381 3384 3437 mortis
3438 3377 3682 3436 articulo

2029 3475 2314 3542 deserere,
2349 3491 2527 3546 quam
2562 3474 2736 3530 famis
2789 3471 3101 3528 tormentis
3150 3470 3502 3527 excruciare.
3540 3469 3686 3524 Doce

2031 3580 2136 3619 nos
2167 3564 2392 3634 operari
2424 3580 2528 3635 pro
2560 3563 2802 3618 viribus.
2830 3566 3157 3617 Possumus
3188 3564 3385 3615 autem
3446 3557 3526 3613 dii
3558 3557 3684 3612 fieri

2031 3658 2096 3707 ut
2116 3657 2178 3707 tu
2209 3652 2337 3724 ipse
2368 3652 2586 3718 dixisti,
2621 3652 2721 3723 qui
2773 3650 2916 3706 nihil
2961 3654 3172 3707 contra
3219 3647 3524 3704 facultates
3581 3651 3683 3701 aut

2031 3758 2224 3797 mores
2253 3741 2679 3797 instituisti.Ne
2712 3740 3020 3812 permittas
3053 3738 3223 3794 nobis
3256 3736 3680 3794 faceremalum

2032 3831 2705 3903 quodcunque,da3moni
2725 3829 3006 3899 magistro
3030 3825 3423 3900 perversitatis
3453 3826 3682 3881 obtem—

2031 3920 2309 3986 perando.
2335 3920 2485 3975 Doce
2516 3935 2621 3975 nos
2654 3919 2912 3974 caelestes
2937 3917 3081 3983 fieri,
3114 3915 3392 3989 quoniam
3444 3918 3508 3970 tu
3554 3915 3682 3986 ipse

2030 4007 2091 4062 in
2123 4007 2333 4063 coelum
2358 4025 2463 4063 nos
2494 4009 2736 4074 vocasti,
2768 4012 2827 4063 et
2847 4009 3100 4063 adventu
3135 4011 3233 4061 tuo
3265 4004 3451 4060 fecisti
3496 4009 3556 4059 ut
3580 4020 3684 4059 nos

2032 4097 2517 4165 ascenderemus;
2551 4097 2651 4168 qui
2683 4101 2739 4151 te
2769 4096 3098 4152 humiliasti
3146 4099 3213 4151 ut
3261 4111 3367 4150 nos
3397 4093 3678 4149 exaltare-

2031 4202 2184 4243 mur.
2217 4186 2298 4241 Ne
2328 4185 2489 4242 sinas
2512 4203 2619 4241 nos
2651 4186 2855 4242 tartari
2900 4185 3123 4241 incolas
3154 4184 3300 4253 ﬁeri,
3335 4184 3396 4239 in
3425 4199 3597 4254 quem
3631 4181 3682 4237 is

2032 4274 2379 4346 quicmlitus
2408 4275 2611 4347 lapsus
2657 4281 2745 4330 est
2776 4291 2883 4330 nos
2905 4274 3186 4346 projicere
3243 4276 3450 4339 tentat,
3495 4287 3680 4343 genus

2031 4363 2337 4421 hominum
2370 4365 2800 4432 destructurus,
2825 4367 2881 4419 et
2909 4363 3010 4435 qui
3043 4363 3195 4419 mala
3225 4359 3577 4432 multiplicat
3615 4363 3681 4414 ut

2029 4470 2095 4510 eo
2125 4453 2294 4526 plura
2333 4453 2614 4510 beneficia
2646 4456 2970 4525 emergant,
3003 4456 3060 4509 et
3089 4457 3154 4508 ut
3186 4467 3252 4508 eo
3277 4450 3475 4523 plures
3532 4448 3676 4504 adu-

2027 4543 2264 4601 lationis
2296 4547 2596 4601 consortes
2625 4543 2857 4601 habeat.

2098 4841 2190 4896 57.
2220 4839 2390 4896 Plura
2419 4839 2610 4895 adhuc
2641 4839 2831 4896 dicere
2858 4839 2916 4894 in
2949 4837 3146 4894 animo
3194 4839 3340 4903 erat,
3397 4851 3429 4890 ο
3469 4835 3678 4890 fratres

2029 4934 2085 4987 et
2115 4929 2311 4997 amici,
2348 4946 2463 4984 non
2495 4929 2652 4984 enim
2709 4933 2946 5000 tempus
3004 4923 3483 4983 sermocinationi
3537 4939 3676 4979 meae

2030 5034 2377 5074 concessum
2411 5017 2654 5073 effluxit.
2679 5017 2789 5072 Sed
2817 5033 2949 5072 cum
2974 5015 3185 5070 modus
3217 5013 3361 5069 mihi
3391 5014 3680 5070 tenendus

2033 5113 2142 5175 est,
2171 5123 2466 5180 perpauca
2495 5107 2763 5163 addendo
2803 5104 3244 5176 ﬁnemﬁicendi
3275 5104 3500 5160 faciam.

2103 5331 2192 5386 58.
2226 5334 2500 5388 Vannum
2528 5336 2700 5400 Deus,
2743 5330 3024 5403 proximis
3053 5329 3268 5401 elapsis
3289 5327 3460 5384 annis
3491 5325 3680 5381 mani-

2035 5419 2277 5492 pulavit,
2309 5437 2426 5493 qua
2483 5437 2611 5493 nos,
2670 5420 2929 5477 veritatis
2978 5419 3049 5475 ad
3099 5419 3283 5474 Deum
3313 5418 3676 5473 frumentum

2036 5510 2219 5565 factos
2249 5513 2306 5564 et
2335 5511 2562 5566 Satante
2594 5527 2767 5582 opere
2821 5506 3030 5565 semini
3080 5505 3234 5562 malo
3283 5505 3488 5561 mundi
3529 5503 3677 5561 ulte-

2036 5598 2210 5655 rioris
2242 5597 2535 5658 immistos
2568 5599 2722 5661 sicut
2749 5600 2940 5657 bonus
2967 5595 3223 5671 agricola
3252 5595 3680 5667 dijudicavit,et
