4114 6200
487 358 606 420 727

1263 351 1683 415 EUSTATHII
1725 352 2496 415 THESSALONICENSIS
2544 353 3134 416 METROPOLITE
3787 359 3884 418 728

483 486 784 545 distinctis
813 484 1256 556 distinguendis
1279 500 1384 539 nos
1415 501 1513 541 eos
1567 485 1724 554 fecit,
1757 485 1858 557 qui
1907 501 2137 556 sumus,

2255 485 2371 546 θοῖς
2430 486 2698 560 σπέρμασι
2750 490 2867 548 τοῖς
2927 483 2985 540 ἐκ
3038 489 3140 554 τῆς
3187 482 3472 556 ἀντιπέραν
3514 483 3769 560 ἠπείρου,
3809 487 3879 540 καὶ

481 578 677 654 ῥοηοε
707 576 859 632 dico.
893 575 953 630 Id
985 590 1124 646 ergo
1185 573 1400 630 studiis
1451 575 1710 630 assiduis
1758 575 2044 630 faciamus
2073 589 2145 629 ne

486 668 627 724 lolio
657 682 724 722 ac
745 663 984 720 zizaniis
1019 679 1223 735 agrum
1257 667 1525 719 nostrum
1578 680 2051 736 corrumpamus,
2075 679 2146 718 ne

489 754 968 828 paniﬂcationem
1001 751 1363 822 spiritualem
1414 757 1472 808 et
1503 753 1586 810 sic
1635 754 1857 809 bonum
1890 753 2148 808 fermen-

492 848 624 902 tum
655 844 991 917 perdamus.
1013 845 1262 914 Operam
1293 843 1504 899 demus
1527 859 1598 900 ne
1615 842 1908 914 reprobati
1949 858 2144 898 coram

485 950 637 1006 pane
667 933 905 1000 cmlesti,
955 947 1098 987 neve
1149 930 1328 987 vitulo
1386 932 1652 1005 saginata
1704 931 1950 1004 mystice
2006 947 2146 1002 pro-

487 1023 673 1080 misso
732 1020 962 1093 indigni
993 1021 1228 1088 ﬁamus,
1273 1037 1377 1076 nec
1437 1022 1508 1076 ad
1558 1021 1856 1077 caminum
1909 1020 2146 1092 igneum

487 1110 888 1182 castigationis
909 1125 1046 1182 ergo
1077 1110 1560 1177 condemnemur,
1589 1111 1688 1166 sed
1737 1127 1919 1181 panes
1951 1113 2148 1164 matu-

489 1217 590 1257 ros
620 1200 721 1256 Dei
773 1215 840 1256 ac
893 1199 1126 1254 Domini
1179 1215 1396 1254 mensa:
1451 1199 1853 1271 imponamus,
1903 1204 1969 1254 ut
2022 1199 2144 1252 fru-

487 1293 756 1346 mentum
789 1289 1164 1360 simus,quod
1198 1288 1320 1359 ipse
1353 1294 1510 1344 amat
1539 1289 1841 1358 edere,nos
1877 1292 2149 1342 amanter

491 1378 890 1450 complectens
949 1394 1053 1448 per
1105 1377 1429 1433 bonitatem
1483 1378 1534 1433 ei
1575 1375 2146 1433 consubstantialem

487 1470 625 1522 ante
657 1466 871 1522 secula
901 1471 959 1520 et
988 1466 1045 1519 in
1065 1465 1264 1521 omnia
1287 1466 1522 1522 secula.
1546 1469 1752 1522 Amen.

2253 575 2351 641 τήν
2412 572 2680 648 σπόριμον
2739 573 3066 650 εὐχρηστίαν
3125 573 3526 645 ἀπειπαμένους
3565 618 3578 644 ,
3641 570 3878 648 διέκρινεν

2255 663 2454 735 ἀγαθοῦ
2509 667 2754 739 γεωργοῦ
2810 660 2992 732 δίκην,
3049 661 3140 716 καὶ
3190 661 3256 716 τὰ
3303 661 3679 738 συγκεχυμένα
3734 662 3884 734 εὐκρι-

2253 753 2419 820 νήσας
2447 751 2894 822 ἆπεκατέστησεν,
2930 751 3005 813 εἷς
3061 753 3192 826 ὅπερ
3223 751 3386 822 ἦμεν.
3425 751 3529 806 Καὶ
3562 749 3708 818 ἰδοὺ,
3740 751 3878 824 ἐσμὲν

2255 838 2306 894 ἐν
2337 839 2554 903 καλοῖς.
2610 841 2939 914 Σπεῦσωμεν
2991 838 3082 894 οὖν
3133 837 3203 894 δι’
3252 838 3553 910 ἐντεύξεων,
3611 842 3686 913 μή
3736 841 3879 895 πάλιν

2255 927 2432 1001 ατίραις
2483 930 2573 985 καὶ
2624 929 2881 1000 ζιζανῐοις
2910 927 3120 1006 φύρδην
3171 929 3584 1004 ἆναχρωσθῆναι
3623 973 3637 999 ,
3697 927 3767 984 δι’
3821 931 3881 985 ὧν

2255 1018 2636 1094 ἀχρειώσομεν
2683 1020 2780 1088 τήν
2832 1019 2970 1074 κατά
3015 1023 3228 1090 πνεῦμα
3277 1016 3604 1090 σιτοποιῒαν,
3653 1019 3743 1074 καὶ
3799 1021 3883 1088 τὴν

2257 1106 2558 1163 ἀκόλουθον
2622 1108 2821 1181 ζύμην,
2853 1109 2944 1163 καὶ
2999 1108 3061 1162 τὸ
3122 1105 3204 1162 ἐπ’
3257 1105 3395 1180 αὐτῇ
3450 1106 3619 1163 καλὸν
3664 1107 3888 1185 φύραμα.

2257 1195 2834 1272 Πραγματευσώμεθα,
2885 1197 2962 1268 μὴ
3010 1196 3100 1250 καὶ
3150 1193 3330 1258 ἅθετοι
3386 1199 3467 1266 τῷ
3524 1195 3764 1270 οὐρανίῳ
3817 1195 3890 1272 ἄρα

2253 1307 2334 1357 τῳ
2381 1285 2684 1360 γενώμεθα,
2733 1285 2822 1338 καὶ
2871 1281 2996 1338 οὐδὲ
3050 1288 3148 1338 τοῦ
3209 1288 3483 1356 μυστικῶς
3541 1282 3888 1356 ἐλπιζομένου

2257 1378 2498 1428 σιτευτοῦ
2533 1372 2746 1448 μόσχου
2796 1374 2941 1445 ὦμεν
2994 1370 3154 1442 ἄξιοι,
3191 1370 3330 1444 μηδὲ
3379 1367 3628 1445 κλιϐάνῳ
3658 1373 3889 1428 κολαστι·

2255 1467 2353 1517 κοῦ
2385 1463 2554 1538 πυρὸς
2596 1459 3107 1535 ἀποκληρωθῶμεν,
3157 1462 3271 1515 ἀνθ’
3320 1460 3394 1515 ὦν
3446 1460 3633 1524 ἄλλως
3675 1460 3782 1518 ἔδει
3811 1485 3888 1518 κα-

484 1553 694 1629 πυροὺς
727 1552 923 1629 ἄρτους
967 1557 1037 1627 τῇ
1067 1558 1162 1609 τοῦ
1221 1554 1493 1610 Δεσπὸτου
1551 1560 1685 1610 Θεοῦ
1737 1555 2169 1630 προσενεχθῆναι
2226 1553 2484 1626 τραπέζῃ,
2543 1553 2631 1606 καὶ
2685 1553 2923 1626 γενέσθαι
2982 1551 3058 1613 εἷς
3121 1553 3343 1628 βρῶσιν,
3405 1554 3470 1623 ἣν
3530 1553 3697 1615 αὐτὸς
3758 1553 3890 1631 φιλεῖ

485 1643 902 1722 προσφέρεσθαι,
935 1642 1306 1716 οἰκειούμενος
1334 1646 1483 1718 ἡμᾶς
1511 1642 1909 1720 φιλανθρώπως
1942 1640 2012 1698 δι’
2043 1641 2350 1719 ἀγαθότητα
2380 1642 2822 1715 συνουσιωμένην
2857 1642 3006 1714 αὐτῷ
3034 1641 3141 1716 πρὸ
3183 1641 3397 1696 αἰώνων
3446 1642 3537 1696 καὶ
3586 1643 3664 1706 εἲς
3704 1642 3886 1699 πάντας

493 1735 714 1798 αἰῶνας.
745 1735 944 1810 Ἀμήν.
