4114 6200
309 382 433 441 729

1326 389 1429 450 DE
1470 388 1962 450 EMENDANDA
2008 391 2192 451 vrra
2237 370 2717 453 MONACBICA.

3607 382 3727 457 730

312 542 3725 586 Μ

1598 759 2448 920 EJUSDEM

979 1048 1124 1135 DE
1183 1051 1863 1139 EMENDANDA
1922 1054 2201 1143 Vl'l‘A
2264 1053 2961 1143 MONACHICA.

292 1439 405 1490 Τοῦ
524 1436 693 1490 αὐτοῦ
799 1440 1096 1496 Εὗσταθίου

371 1510 506 1592 quc.
558 1509 680 1583 βίου
769 1517 1072 1587 μοναχικοῦ
1149 1512 1236 1568 ἐπὶ
1308 1509 1591 1592 διορθώσει
1662 1518 1954 1591 τῶνπερὶ

374 1580 562 1635 αότὸνέ

365 1703 437 1758 α’.
472 1706 538 1756 Ὦ
600 1698 842 1778 ἀκριϐεῖς
900 1706 1177 1783 μοναχοί·
1233 1710 1279 1763 ὦ
1336 1707 1561 1780 ἀληθεῖς
1620 1716 1903 1788 Ναζιραῖοι
1941 1731 1954 1745 ·

291 1792 340 1845 ὦ
376 1791 755 1867 ἀναχωρηταί·
793 1794 838 1848 ὧ
880 1797 978 1863 τὴν
1026 1791 1232 1870 τύρϐην
1281 1799 1373 1871 μὲν
1426 1798 1678 1862 λιπόντες
1725 1802 1813 1856 καὶ
1864 1800 1956 1856 τὸν

290 1882 438 1935 κατὰ
488 1882 607 1954 βίον
660 1884 865 1957 ἀγῶνα,
918 1888 1017 1951 τῆς
1066 1890 1265 1962 γωνίας
1316 1884 1373 1942 δὲ
1415 1885 1503 1943 διὰ
1546 1890 1638 1944 τὸν
1687 1891 1817 1945 Θεὸν
1869 1911 1959 1965 γε⁴

290 1969 571 2041 νόμενοι’
632 1972 724 2025 καὶ
782 1971 994 2047 κόσμου
1061 1974 1155 2047 μὶν
1214 1974 1659 2047 ἀπαναστάντες,
1719 1982 1836 2051 Θεῷ
1903 1976 1961 2033 δὲ

290 2061 822 2134 προσχωρήσαντες,
872 2062 962 2116 καὶ
1009 2066 1078 2137 τῇ
1128 2066 1441 2137 καταμόνας
1494 2066 1702 2143 ἡσυχίᾳ
1737 2066 1958 2144 πράξεσι

289 2149 611 2223 θεαρὲστοις
671 2149 1136 2225 ἐγγυμνασάμενοι
1196 2154 1332 2228 πρὸς
1389 2152 1684 2228 έντέλειαν,
1742 2157 1831 2211 καὶ
1888 2161 1957 2230 τῇ

293 2237 506 2310 θεωρίᾳ
534 2234 886 2302 ἐπαναϐάντες
935 2240 1011 2304 εἷς
1060 2243 1122 2297 τὸ
1176 2242 1434 2318 ἀγχίθεον
1484 2244 1575 2300 καὶ
1608 2244 1781 2308 οὕτως
1813 2244 1960 2323 ἰσάγ-

291 2326 489 2401 γελον’
522 2327 612 2382 καὶ
663 2331 762 2399 τήν
813 2330 910 2404 μὲν
948 2330 1096 2386 κάτω
1141 2329 1390 2387 δουλείαν
1440 2332 1819 2407 ἀπειπάμενοι,
1868 2335 1959 2390 καὶ

293 2418 391 2470 τὸν
446 2422 549 2485 τῆς
598 2417 791 2480 κακίας
842 2417 1015 2481 οὕτως
1063 2416 1307 2496 ἄρχοντα
1362 2419 1739 2501 διεκφυγόντες
1798 2421 1957 2479 εὐλο-

293 2504 462 2579 γητοὶ
524 2502 810 2582 δραπέται,
850 2513 933 2581 τῷ
992 2504 1050 2564 δὲ
1103 2505 1272 2571 ὅντως
1323 2509 1660 2585 ἐλευθερωτῇ
1718 2513 1958 2587 Δεσπότῃ

293 2591 792 2669 προσδραμόντες,
851 2597 940 2651 καὶ
1018 2602 1125 2652 τῶν
1204 2597 1413 2674 γηΐνων
1468 2599 1835 2675 ἀλλαξάμενοι
1890 2603 1960 2657 τὰ

297 2682 549 2759 οὐράνια·
585 2685 630 2739 ὦ
677 2686 859 2740 τοίνυν
909 2686 1064 2759 ὑμεῖς
1118 2687 1258 2742 ὅσιοι
1308 2692 1387 2761 τῷ
1427 2694 1563 2761 Θεῷ,
1594 2690 1684 2745 καὶ
1715 2692 1833 2746 ἀντὶ
1861 2713 1958 2747 κο-

296 2771 660 2846 σμοπολιτῶν
717 2773 1141 2850 οὖρανοπολῖται
1166 2823 1181 2848 ,
1226 2777 1477 2834 ἀκούοιτέ
1535 2800 1641 2852 μου
1688 2780 1954 2853 εὐμενῶς,
1986 2819 2035 2885 Β

299 2863 619 2885 ---Α-γειη-γ
699 2860 721 2885 Ἰ
761 2861 913 2885 γἿΑ-νν
1054 2863 1093 2885 ,\
1252 2864 1265 2883 ἱ
1371 2865 1386 2885 3
1531 2874 1555 2884 υ
1710 2870 1756 2885 Α.
1815 2873 1829 2885 ο
1891 2876 1920 2885 ι..

292 2863 642 2937 προθεμένου
699 2860 938 2933 λαλῆσαι
995 2863 1135 2941 πρὸς
1183 2864 1313 2929 τοὺς
1368 2865 1420 2921 ἐν
1464 2874 1583 2930 τοῖς
1638 2870 1756 2924 καθ’
1804 2873 1955 2943 ἡμᾶς

296 2950 601 3025 ἀνομοίους
628 2956 697 3027 τῇ
750 2952 801 3006 ἦν
854 2953 981 3027 ὑμῖν
1029 2951 1304 3027 πολιτείᾳ,
1339 2955 1426 3011 καὶ
1470 2955 1721 3034 ἐγκράξαι
1767 2957 1954 3022 αὐτοῖς

291 3038 796 3116 ἀποπλανωμένοις
844 3048 945 3112 τῆς
998 3038 1212 3119 τρίϐου,
1244 3045 1305 3113 ἦν
1369 3045 1525 3118 ὑμεῖς
1578 3044 1807 3111 ε’ίλεσθεο
1865 3047 1955 3103 καί

295 3150 395 3203 μοι
464 3129 759 3205 συνάρασθε
814 3137 915 3201 τῆς
972 3132 1300 3208 προθέσεως,
1352 3132 1404 3189 εἷ’
1437 3155 1554 3198 πως
1609 3136 1951 3210 βελτιωθεῖεν

287 3222 407 3275 τῶν
436 3239 579 3282 τινες
609 3220 733 3296 περὶ
765 3219 884 3294 ἐμὲ,
917 3222 1002 3283 οἷς
1050 3219 1178 3277 οὐδὲ
1215 3223 1604 3299 ἀποκρύψομαι
1653 3222 1816 3297 τήνδε
1851 3227 1951 3296 τήν

286 3305 520 3377 λαλιὰν,
571 3306 698 3364 ἀλλ’
738 3309 817 3371 εἷς
864 3308 1098 3385 ἐμφανὲς
1144 3310 1488 3384 ἀναμνήσας,
1536 3312 1572 3382 ἢ
1619 3312 1952 3370 ἀνακαλέσο-

290 3417 397 3471 μαι
427 3396 531 3467 τῆς
558 3391 902 3471 ἀϐελτερίας,
929 3399 966 3469 ἢ
999 3397 1147 3455 ἀλλᾶ
1189 3401 1253 3455 τὸ
1298 3404 1427 3477 γοῦν
1479 3399 1611 3476 ἐμὸν
1642 3402 1952 3474 ἀποπλήσω

286 3483 490 3563 χρέος,
546 3486 636 3541 καὶ
686 3485 926 3563 ἐλέγξω,
978 3488 1069 3543 καὶ
1128 3491 1533 3564 ἀνεπιτιμήτως
1589 3492 1952 3567 παρακαλέσω

294 3575 585 3651 (ἅπιτιμᾷν
612 3576 714 3655 γὰρ
763 3577 948 3642 αὐτοῖς
996 3577 1094 3635 οὐκ
1123 3576 1312 3655 ἔστιν),
1346 3581 1421 3643 ὡς
1451 3579 1579 3636 οὐδὲ
1606 3587 1723 3645 τοῖς
1753 3582 1866 3655 πλη
1880 3605 1952 3657 μ-

292 3661 491 3739 μελῶς
545 3664 887 3744 πεπληγόσιν
939 3666 1015 3730 εἷς
1087 3668 1253 3744 βάθος
1309 3668 1599 3725 ἐπισπάσαι
1660 3670 1808 3747 ῥίζας
1866 3693 1953 3727 πι-

284 3756 456 3830 κρὰς,
495 3752 534 3826 ἢ
585 3751 783 3832 δριμέα
826 3753 1175 3832 προσπλάσαι
1227 3758 1484 3835 φάρμακα
1517 3779 1530 3794 ·
1564 3758 1655 3814 καὶ
1679 3760 1816 3825 τέως
1844 3761 1948 3837 πρό

283 3864 354 3919 γε
397 3847 509 3898 τῶν
558 3843 747 3900 ἄλλων
795 3848 1020 3920 μνήμην
1078 3846 1266 3909 αὐτοῖς
1324 3847 1651 3904 ἀνακαινίσω
1696 3855 1794 3905 τοῦ
1823 3870 1949 3906 σκο-

282 3935 424 4006 ποῦ,
471 3935 588 3989 καθ’
633 3932 692 3989 ’ὃν
740 3933 1068 4007 ἀπελέξαντο
1114 3937 1214 4007 τήν
1263 3939 1461 4008 λαϊκὴν
1509 3940 1821 4010 κοινότητα,
1857 3940 1948 3995 καὶ

283 4022 356 4077 τὸ
414 4020 559 4078 οὔτω
606 4023 871 4098 κοσμικὸν
920 4019 1219 4081 κοινόῦιον·
1268 4027 1359 4081 καὶ
1413 4027 1489 4089 είς
1534 4027 1830 4101 ἐνθύμησιν
1890 4027 1949 4084 δὶ

281 4108 610 4186 ἀνακομίσω
662 4116 772 4169 τῶν
830 4111 1201 4192 ὖποσχέσεων,
1258 4113 1321 4177 ’ἀς
1377 4120 1474 4171 τοῦ
1523 4112 1775 4192 δευτέρου
1826 4117 1946 4193 βίου

1212 1442 1609 1521 βεσσαλονίκης
1714 1444 1899 1500 ἐπίσκε
1929 1478 1949 1521 τ

2065 1450 2327 1521 Ejusdem
2379 1452 2671 1506 Eustathz'i
2720 1453 3206 1508 Thessalonicensis
3237 1456 3371 1510 vita:
3398 1455 3718 1509 monasticae

2138 1523 2509 1597 consideratio
2581 1526 2655 1579 ad
2732 1526 3165 1581 emendationem
3239 1542 3427 1582 eorum
3501 1526 3597 1597 qui
3663 1527 3719 1580 ei

2140 1609 2336 1649 nomen
2366 1595 2651 1652 dederunt.

2141 1718 2191 1771 1.
2226 1717 2270 1773 Ο
2301 1720 2525 1774 strenui
2556 1721 2848 1789 monachi,
2882 1738 2913 1777 ο
2943 1720 3059 1777 veri
3110 1718 3369 1789 Nazirsei,
3401 1737 3433 1776 ο
3466 1720 3717 1776 anacho-

2068 1809 2205 1861 retaa
2231 1805 2242 1860 ί
2273 1824 2377 1864 vos
2407 1808 2506 1880 qui
2543 1811 2748 1864 mundi
2802 1814 2859 1865 et
2886 1810 3016 1865 vitae
3049 1809 3268 1866 relictis
3299 1810 3480 1880 curis,
3513 1809 3716 1882 anguli

2066 1909 2203 1950 vero
2252 1905 2487 1968 propter
2539 1903 2721 1953 Deum
2754 1898 3134 1966 habitatores,
3167 1916 3197 1955 e
3229 1900 3448 1955 mundo
3479 1898 3718 1970 quidem

2069 1984 2414 2053 recessistis,
2457 1985 2573 2041 Deo
2623 2001 2756 2042 vero
2805 1987 3364 2060 appropinquantes,
3415 1986 3477 2041 in
3516 1985 3719 2041 solita-

2069 2071 2156 2127 ria
2184 2073 2613 2145 tranquillitate
2672 2074 2948 2146 operibus
2998 2080 3109 2131 Deo
3140 2074 3321 2146 gratis
3349 2091 3453 2130 vos
3482 2074 3552 2128 ad
3586 2090 3717 2146 per-

2069 2160 2378 2218 fectionem
2410 2168 2763 2231 exercentes,
2788 2169 2846 2219 et
2866 2163 3358 2235 contemplatione
3389 2163 3460 2218 ad
3492 2161 3717 2217 cultum

2072 2247 2193 2302 Deo
2227 2248 2555 2320 propiorem
2602 2254 2659 2305 et
2706 2249 2791 2305 sic
2820 2249 3045 2322 angelis
3076 2267 3275 2322 parem
3308 2250 3715 2318 ascendentes,

2068 2339 2342 2392 terrestre
2400 2337 2636 2409 quidem
2696 2339 2999 2395 servitium
3031 2344 3365 2406 renuentes,
3390 2344 3445 2394 et
3474 2338 3713 2395 malitia

2067 2423 2152 2479 sic
2182 2424 2507 2497 principem
2540 2426 3147 2499 fugientes,benedicti
3177 2427 3496 2500 transfugas
3528 2428 3599 2483 ad
3620 2443 3720 2482 vsa

2068 2528 2197 2567 rum
2230 2512 2600 2570 liberatorem
2640 2515 2955 2571 Dominum
2985 2521 3289 2572 currentes
3316 2521 3374 2571 et
3414 2515 3714 2572 terrestria

2067 2601 2404 2658 calestibus
2435 2604 2853 2671 immutantes;
2888 2621 2921 2661 ο
2948 2621 3052 2661 vos
3089 2605 3310 2677 igitur'
3355 2611 3466 2661 Deo
3497 2604 3714 2660 sacrati

2065 2694 2123 2745 et
2154 2691 2468 2747 mundanae
2497 2692 2880 2749 habitationis
2912 2693 3037 2750 loco
3066 2694 3301 2762 caelites,
3334 2693 3585 2765 benigne
3616 2709 3712 2748 me

2066 2778 2282 2849 audite,
2308 2780 2409 2851 qui
2456 2781 2529 2835 ad
2579 2781 2899 2837 dissimiles
2928 2783 3082 2838 inter
3109 2799 3217 2838 nos
3244 2783 3317 2838 ab
3344 2782 3713 2838 ordinatione

2064 2867 2427 2940 vestraloqui
2444 2874 2790 2942 propono,et
2810 2870 2971 2943 ipsos
2988 2887 3278 2944 argueres
3299 2871 3510 2928 semita
3531 2888 3709 2944 quam

2062 2973 2166 3014 vos
2221 2957 2480 3031 elegistis
2536 2959 2870 3017 deviantes:
2930 2966 2987 3017 et
3041 2962 3338 3033 proposito
3395 2977 3524 3017 meo
3570 2977 3711 3018 con-

2064 3046 2280 3104 formes
2333 3047 2484 3116 sitis,
2544 3050 2597 3105 si
2643 3051 2788 3105 forte
2819 3050 3090 3107 meliores
3137 3052 3428 3107 evaserint
3468 3049 3710 3122 quidam

2065 3137 2136 3192 de
2165 3135 2259 3199 his
2281 3138 2381 3209 qui
2411 3142 2606 3210 partes
2640 3155 2799 3195 meas
2820 3142 3021 3195 tenent
3045 3158 3059 3208 ;
3092 3143 3148 3195 et
3177 3138 3393 3212 quibus
3414 3138 3523 3195 hoc
3539 3137 3713 3195 collo-

2065 3225 2270 3297 quium
2329 3243 2447 3282 non
2504 3227 2725 3296 celabo,
2760 3228 2861 3284 sed
2919 3228 2978 3283 in
3025 3228 3216 3284 lucem
3250 3229 3578 3299 producens
3610 3231 3711 3283 aut

2064 3315 2136 3370 ab
2168 3314 2509 3387 insipientia
2560 3318 2843 3372 revocabo
2872 3322 2975 3372 aut
2994 3317 3161 3373 aliter
3190 3316 3382 3373 ofﬁcio
3415 3332 3542 3371 meo
3574 3333 3710 3387 per-

2064 3403 2277 3474 fuugar
2306 3409 2363 3460 et
2421 3421 2665 3477 arguam
2697 3411 2755 3461 et
2794 3404 3386 3477 irreprehensibilitsr
3414 3404 3709 3459 advocabo

2064 3480 2515 3562 (reprehendero
2572 3493 2728 3548 enim
2772 3492 2904 3548 illos
2944 3509 3057 3548 non
3091 3491 3247 3563 licet)
3277 3496 3558 3563 tanquam
3593 3509 3707 3547 non

2061 3580 2143 3636 sit
2190 3581 2599 3637 convenienter
2626 3581 2740 3637 alte
2766 3598 3182 3653 percussorum
3213 3581 3440 3637 radices
3473 3597 3707 3637 amaras

2061 3669 2399 3739 extraxisse,
2446 3674 2547 3725 aut
2595 3670 2802 3726 acerba
2859 3671 3287 3727 medicamenta
3333 3670 3704 3739 confecisse;

2059 3763 2117 3815 et
2140 3762 2281 3815 tunc
2310 3764 2443 3816 ante
2491 3760 2605 3815 alia
2645 3761 2987 3817 memoriam
3043 3760 3189 3831 ipsis
3236 3760 3513 3815 reducam
3545 3758 3707 3831 scopi

2060 3854 2297 3922 prepter
2324 3865 2499 3921 quem
2531 3848 2746 3905 laicum
2807 3850 3245 3918 commercium,
3274 3854 3332 3905 et
3370 3848 3504 3905 licet
3530 3864 3708 3903 mun-

2058 3939 2273 3995 danam
2306 3956 2679 3995 communem
2712 3938 2888 3995 vitam
2918 3938 3256 4009 elegerunt;
3290 3943 3347 3995 et
3384 3939 3443 3993 in
3477 3938 3705 3994 deside-

2059 4024 2213 4080 rium
2245 4025 2511 4081 invehau‘.
2579 4027 3037 4097 promissionum
3086 4044 3236 4098 quas
3271 4027 3540 4081 secundae
3571 4027 3701 4081 vitae

2058 4120 2194 4170 ante
2224 4118 2458 4188 tempus
2488 4114 2781 4173 solverant
2835 4133 3030 4172 coram
3063 4117 3438 4173 sanctissimo
3476 4133 3705 4188 praepo—

283 4195 768 4276 προητεὸάλοντο
821 4202 904 4258 ἐπ’
950 4202 1117 4258 αὐτοῦ
1175 4203 1481 4279 ἁγιωτάτου
1530 4206 1777 4284 ἀρχείου,
1826 4204 1947 4272 ἔνθα

2065 4203 2304 4260 sitorum
2337 4210 2511 4274 coetu,
2545 4206 2644 4261 ubi
2703 4206 2823 4279 regi
2883 4207 3139 4262 maxime
3170 4211 3284 4262 Deo
3324 4223 3459 4262 cum
3490 4221 3702 4263 convo-

287 4288 514 4366 βασιλεῖ
570 4289 807 4369 μεγίστῳ
862 4296 941 4367 τῷ
993 4296 1109 4367 Θεῷ
1168 4292 1255 4349 ἰπὶ
1309 4293 1622 4372 συγκλήτου
1673 4297 1772 4367 τῆς
1828 4297 1945 4352 κατ’

286 4377 452 4436 αὐτὸν
485 4378 757 4452 ἐτάξαντο.

361 4468 430 4544 β’.
478 4466 696 4524 Τούτων
757 4466 815 4525 δὲ
864 4464 1335 4547 προϐεϐλημένων
1373 4514 1388 4543 ,
1439 4479 1541 4543 τῆς
1593 4475 1899 4552 προθέσεως
1929 4521 1944 4547 ,

282 4554 459 4635 λέγω,
486 4558 550 4628 ἢν
603 4559 850 4623 ἱκάστοις
882 4560 911 4614 ὁ
942 4564 1073 4625 νοῦς
1129 4558 1390 4633 ὠδίνησε,
1438 4561 1528 4618 καί
1572 4569 1673 4633 τῆς
1705 4564 1944 4640 ὑποσχέ-

284 4667 449 4721 σεως,
492 4647 555 4717 ἢν
604 4647 879 4723 ἀπέτεκεν,
923 4648 1161 4729 ἐκφήνας
1213 4650 1375 4714 αὐτὰς
1424 4651 1499 4715 είς
1547 4656 1750 4730 γνῶσιν
1808 4652 1947 4708 ἐνώ-

282 4757 414 4793 πιον
474 4737 818 4813 ἀνθρώπων,
879 4736 973 4804 οὓς
1023 4740 1052 4795 ὁ
1109 4739 1302 4805 καθένα
1356 4736 1583 4818 ἤθροισε
1638 4743 1943 4818 πανηγυρί-

286 4847 481 4889 σοντας
536 4825 624 4883 ἐπὶ
680 4831 751 4903 τῇ
809 4828 975 4884 αὐτοῦ
1034 4829 1301 4906 σωτηρίᾳ,
1360 4831 1451 4886 καὶ
1499 4830 1606 4906 πρό
1651 4853 1712 4908 γε
1766 4831 1941 4889 αὐτῶν

282 4913 371 4971 ἐπὶ
425 4919 585 4986 Θεοῦ,
633 4917 724 4973 καὶ
773 4921 878 4973 τῶν
927 4916 1092 4974 αὐτοῦ
1141 4918 1408 4995 ἀγγέλων,
1442 4919 1557 4976 εἶτα
1596 4921 1942 4997 προενέγκω-

287 5027 386 5079 μαι
420 5005 497 5062 εἷς
534 5002 740 5071 ἔκθεσιν
795 5006 896 5063 οὐκ
938 5001 1433 5088 ἀμφιϐαλλομένην
1490 5010 1581 5065 καὶ
1627 5008 1754 5072 τοὺς
1789 5010 1941 5086 βίους

281 5094 371 5151 καὶ
429 5094 527 5159 τᾶς
574 5094 884 5169 πολιτείας,
938 5097 1012 5152 ὧν
1067 5095 1309 5174 γίνονται
1362 5100 1414 5154 οἱ
1458 5096 1671 5155 ένδατοὶ
1707 5098 1941 5177 μοναχοὶ

285 5186 422 5260 μετᾶ
448 5187 550 5257 τὴν
593 5184 692 5242 τοῖ’)
733 5185 947 5261 κόσμου
975 5184 1325 5263 ἀπαλλαγήν
1357 5190 1433 5251 ὡς
1463 5186 1548 5259 ἃν,
1582 5187 1631 5244 εἴ
1673 5189 1767 5263 μὲν
1799 5187 1943 5244 καλᾶ

281 5278 530 5347 ποιοῦσι,
587 5275 677 5331 καὶ
736 5277 889 5350 ὑμῶν
941 5280 1047 5332 τῶν
1106 5277 1271 5354 ἁγίων
1331 5278 1471 5351 ἄξια,
1531 5279 1669 5353 πρὸς
1717 5277 1811 5341 οὓς
1865 5278 1941 5341 ὡς

280 5363 565 5443 ἀρχέτυπα
612 5370 729 5430 θεῖα
777 5368 1073 5422 τυποῦνται
1119 5365 1213 5422 καὶ
1257 5368 1576 5446 γράφονται,
1623 5367 1762 5433 καθὰ
1805 5365 1942 5442 πέμ-

280 5474 443 5511 πουσι
506 5451 755 5527 δόκησιν,
813 5454 1221 5532 έπευλογήσητε
1277 5455 1497 5529 αὐτοὺς,
1552 5456 1643 5513 καὶ
1689 5457 1758 5512 τὰ
1812 5452 1942 5534 ἔργα

2054 4299 2182 4350 cato
2213 4298 2361 4350 coetu
2388 4294 2486 4367 qui
2521 4294 2620 4351 Dei
2649 4298 2737 4351 est
2758 4296 3011 4352 ordinati
3040 4301 3200 4353 sunt.

2124 4475 2177 4528 2.
2209 4470 2313 4527 His
2360 4470 2702 4545 pramissis,
2738 4472 3037 4545 propositi,
3072 4472 3222 4543 dico,
3256 4473 3412 4544 quod
3444 4470 3697 4543 singulis

2054 4575 2221 4616 mens
2278 4561 2606 4634 parturivit,
2662 4567 2718 4617 et
2774 4560 3187 4633 promissionis
3244 4576 3423 4633 quam
3474 4559 3701 4631 peperit

2051 4648 2183 4705 illas
2241 4649 2302 4705 in
2357 4650 2745 4723 cognitionem
2803 4652 3081 4707 amittens
3119 4665 3314 4705 coram
3356 4648 3698 4704 hominibus

2051 4755 2201 4811 quos
2230 4738 2405 4795 unius
2433 4756 2595 4796 more
2624 4740 2997 4813 congregavit
3052 4740 3267 4796 festum
3316 4742 3556 4810 agentes
3593 4754 3699 4810 pro

2052 4827 2268 4884 mentis
2323 4829 2590 4899 ejusdem
2623 4828 2832 4895 salute,
2864 4833 2921 4884 et
2969 4832 3101 4884 ante
3132 4827 3330 4884 omnia
3361 4843 3465 4900 pro
3498 4831 3611 4883 Deo
3642 4831 3700 4882 et

2052 4917 2281 4990 angelis
2339 4918 2488 4988 ejus,
2548 4916 2757 4974 deinde
2814 4918 2873 4972 in
2931 4916 3404 4990 explanationem
3473 4917 3698 4972 adduco

2051 5005 2297 5063 minime
2356 5006 2598 5061 dubiam
2675 5011 2733 5063 et
2790 5006 2938 5063 vitas
3015 5011 3072 5063 et
3136 5006 3374 5080 regendi
3441 5005 3700 5063 rationes

2051 5111 2304 5168 quarum
2333 5094 2650 5169 participas
2680 5095 2831 5151 ﬁunt
2858 5096 3145 5170 indigenae
3172 5096 3440 5153 monachi
3466 5100 3601 5169 post
3614 5112 3703 5152 se-

2050 5184 2413 5259 parationsm
2438 5202 2471 5241 a
2502 5185 2722 5242 mundo
2750 5210 2765 5255 ;
2803 5186 2886 5242 ita
2917 5190 2979 5242 ut
3013 5186 3062 5243 si
3092 5187 3331 5259 quidem
3364 5186 3519 5240 bona
3556 5201 3699 5257 ope-

2050 5278 2257 5333 rantur
2280 5277 2335 5331 et
2365 5274 2541 5332 vestri
2570 5278 2916 5331 sanctorum
2972 5276 3153 5349 digna
3196 5292 3301 5349 pro
3342 5274 3559 5347 quibus
3603 5290 3696 5330 ar-

2050 5365 2296 5439 chetypa
2327 5365 2523 5421 divina
2571 5364 2985 5439 insculpsntur
3014 5372 3115 5422 aut
3154 5365 3511 5429 scribantur,
3544 5361 3700 5419 sicut

2051 5455 2332 5513 emittunt
2377 5455 2896 5527 exspectationem,
2929 5472 3028 5513 eos
3081 5455 3405 5512 benedicite
3435 5457 3493 5510 et
3520 5469 3699 5525 opera

277 5546 386 5600 τῶν
437 5547 645 5621 χειρῶν
695 5544 872 5602 αὐτῶν
920 5546 1288 5602 κατευθυνεῖτε
1320 5590 1334 5616 ,
1385 5545 1680 5622 ψαλμικῶς
1739 5545 1934 5615 εἷ’πεῖν,

2065 5561 2335 5602 manuum
2367 5560 2572 5601 eorum
2629 5544 2864 5617 dirigite
2919 5562 3099 5618 super
3153 5560 3273 5612 eos,
3304 5547 3372 5600 ut
3418 5542 3498 5598 ait
3528 5541 3695 5598 Psal-

280 5630 362 5690 tn’
405 5632 626 5698 αὐτούς.
679 5634 747 5693 Εἰ
805 5632 864 5691 δὲ
920 5634 994 5698 ὠς
1053 5632 1431 5711 ἰκλαθόμενοι,
1481 5635 1583 5692 δτι-
1619 5633 1934 5711 μονάζουσι,

280 5723 455 5781 πάντα
497 5719 676 5779 τᾶλλα
717 5728 987 5797 ποιοῦσιν,
1038 5722 1182 5804 ἤπερ
1223 5725 1289 5782 τὸ
1337 5727 1614 5803 προτεθὲν,
1645 5727 1681 5799 ἢ
1717 5724 1933 5783 οἰκονο-

2044 5635 2237 5692 mista.
2260 5634 2322 5690 Si
2350 5648 2484 5690 vero
2532 5636 2817 5706 tanquam
2848 5632 3014 5691 obliti
3046 5634 3202 5707 quod
3235 5631 3507 5690 monachi
3533 5635 3695 5701 sunt,

2046 5723 2247 5781 omnia
2275 5720 2392 5779 alia
2418 5721 2644 5779 faciunt
2694 5722 2848 5780 sicut
2892 5722 3262 5796 propositum
3295 5725 3407 5795 est,
3438 5723 3541 5778 aut
3569 5720 3693 5777 dis-
