4114 6200
445 318 554 377 731

1226 317 1642 380 EUSTATHII
1689 313 2461 377 THESSALONICENSIS
2508 313 3089 375 METROPOLITE

3745 313 3881 373 733

453 455 698 522 pensata
728 451 1145 505 correctionem
1180 466 1307 520 quae
1348 449 1494 522 ipsis
1527 448 1823 520 competit,
1859 448 2089 503 abolen-

2216 467 2427 518 μησητε
2483 443 2770 520 διορθωσιν
2830 445 2930 513 τὴν
2984 443 3065 498 ἐπ’
3125 444 3341 514 αὐτοῖς,
3402 464 3878 519 καταργησαντες,

450 543 539 594 tes
572 557 696 610 quae
752 539 972 610 operati
1034 543 1173 594 sunt
1207 556 1219 594 :
1251 543 1351 594 aut
1383 539 1524 594 alias
1557 556 1659 610 pro
1693 539 1862 594 nobis
1893 554 2097 608 opera-

452 629 594 683 mini
627 646 728 701 pro
761 629 875 684 Deo
934 628 1221 700 legatione
1273 629 1602 700 fungentes,
1636 627 1842 682 animae
1875 626 2099 681 sereni-

447 722 651 785 tatem,
687 719 823 788 quia
855 733 1007 772 nunc
1039 733 1151 770 non
1186 716 1241 770 in
1280 717 1506 771 malitia
1536 717 2096 786 stetimus,quorum

445 806 755 878 perniciosi
780 805 1357 876 agitantventi,sicut
1379 807 1989 875 videmus,salutarem
2017 804 2096 860 si-

446 895 718 966 num,qui
740 894 903 950 solus
925 894 1009 950 eis
1031 895 1127 965 qui
1149 912 1178 950 e
1202 895 1329 950 vitas
1354 897 1501 950 mari
1519 895 1824 967 appellunt
1843 894 1912 949 ad
1937 910 2099 950 secu-

444 1000 538 1038 ros
562 988 789 1054 portus,
823 983 1061 1038 brachia
1110 984 1380 1052 offerens,
1413 983 1696 1040 salutaria
1727 983 2020 1056 proponit.

513 1091 565 1145 3.
610 1092 812 1162 Itaque
860 1106 894 1144 a
951 1106 1219 1146 sermone
1278 1096 1476 1146 nostro
1536 1091 1881 1162 projiciatur
1938 1090 2094 1161 quod

442 1183 879 1252 proposuerunt
939 1181 1173 1251 quando
1230 1181 1303 1236 ab
1360 1179 1526 1235 initio
1559 1181 1688 1236 vitae
1740 1179 1959 1235 exitum
1995 1195 2094 1234 cu-

440 1275 756 1335 raverunt;
815 1285 921 1324 nec
969 1268 1108 1323 inihi
1143 1267 1317 1340 longo
1349 1286 1619 1325 sermone
1645 1286 1795 1340 opus
1829 1269 1957 1333 erit,
1993 1283 2097 1321 nec

436 1363 676 1430 tempus
725 1374 1070 1412 consumam
1121 1357 1276 1412 ultra
1309 1357 1464 1430 quod
1525 1361 1688 1413 decet
1729 1357 2093 1412 disserendo.

439 1449 603 1505 Sicut
633 1450 811 1517 enim,
846 1448 1115 1518 inquam,
1147 1448 1357 1503 animas
1389 1448 1551 1503 salus
1581 1453 1638 1502 et
1670 1449 1742 1503 ad
1780 1452 1981 1512 Deum,
2013 1445 2096 1500 sio

439 1538 707 1593 studium
741 1553 843 1592 eos
876 1537 1106 1592 reduxit
1151 1555 1185 1590 a
1213 1537 1332 1592 vita
1363 1555 1396 1592 a
1427 1554 1544 1607 qua
1597 1554 1785 1609 nuper
1815 1535 2096 1591 desertio-

441 1642 576 1682 nem
636 1626 910 1682 fecerant.
968 1626 1114 1680 Nam
1163 1642 1291 1680 eam
1349 1626 1587 1697 quidem
1646 1627 2093 1688 damnaverunt,

439 1715 743 1771 meliorem
775 1731 908 1769 vero
939 1713 1263 1786 elegerunt,
1291 1715 1676 1786 apostolicam
1712 1715 1963 1785 ideoque
1993 1730 2096 1768 an-

2207 534 2240 588 ’ὰ
2298 532 2636 610 ἐκεργοῦσιν,
2696 535 2728 604 ἢ
2787 533 2932 588 ἀλλᾶ
2988 532 3472 610 πραγματεύσησθε
3527 535 3685 607 ἡμῖν,
3753 537 3881 603 Θεῷ

2206 618 2615 699 πρεσϐεύοντες,
2674 622 2918 698 γαλήνην
2973 627 3192 699 ψυχῆς·
3255 624 3329 685 ὡς
3386 627 3474 678 νῦν
3532 645 3591 699 γε
3645 621 3756 678 οὐκ
3823 621 3878 677 ἐν

2206 711 2495 784 ἀκυμάντῳ
2543 711 2894 786 καθέσταμεν,
2947 715 3030 775 οἷς
3081 712 3358 786 πνεύματα
3406 712 3619 787 πονηρᾶ
3660 711 3879 786 ταράτ-

2204 802 2413 868 τουσιν,
2446 800 2542 854 ὅσα
2570 821 2629 876 γε
2669 801 2758 855 καὶ
2808 807 2956 874 ἡμᾶς
3013 800 3255 877 βλέπειν,
3309 800 3519 857 κόλπον
3563 802 3880 877 σωτήριον,

2206 889 2266 951 ’ὀς
2315 890 2479 962 μόνος
2531 896 2630 958 τῆς
2685 888 2745 944 ἐκ
2793 889 3067 960 θαλάσσης
3117 889 3236 965 βίου
3285 891 3629 965 καταίρουσιν
3683 887 3880 944 ἀκλύ-

2208 999 2366 1040 στους
2397 977 2604 1052 ὅρμους
2635 978 3070 1054 ἀγκαλιζόμενος
3100 978 3354 1056 ἐγγυᾶται
3384 980 3451 1034 τὰ
3482 979 3755 1049 σώζοντα.

2275 1087 2343 1160 γ’.
2383 1086 2694 1160 Προκείσθω
2741 1085 2922 1140 τοίνυν
2972 1090 3069 1140 τοῦ
3117 1084 3283 1163 λόγου
3334 1089 3489 1160 ἡμῖν,
3535 1086 3670 1162 ὅπερ
3705 1087 3885 1142 αὐτοὶ

2204 1173 2492 1249 προέθεντο
2525 1221 2540 1248 ,
2598 1174 2761 1245 ἡνίκα
2814 1176 2914 1244 τὴν
2972 1174 3152 1252 ἀρχὴν
3216 1174 3546 1248 ἐμελέτησαν
3606 1177 3888 1252 γενέσθαι

2203 1259 2446 1318 ἀπόϐιοιο
2507 1264 2596 1318 καὶ
2657 1263 2718 1318 ού
2777 1261 3043 1337 δεήσομαι
3107 1263 3273 1339 λόγου
3335 1269 3542 1340 μακροῦ
3611 1265 3885 1333 ἐνταῦθα,

2205 1352 2330 1409 οὐδὲ
2376 1353 2554 1429 τρίψω
2603 1353 2828 1428 χρόνον,
2880 1354 3017 1430 πέρα
3063 1357 3160 1408 τοῦ
3192 1351 3407 1416 δέοντος
3437 1351 3885 1427 ἐμπλατυνόμε-

2202 1464 2316 1504 νος.
2349 1443 2437 1504 Ὠς
2469 1443 2594 1517 γὰρ,
2641 1439 2770 1504 ἳπος
2819 1444 3004 1520 φάναι,
3055 1442 3300 1517 σωτηρία
3347 1446 3532 1518 ψυχῆς
3581 1443 3672 1497 καὶ
3729 1443 3886 1516 πρὸς

2203 1533 2355 1598 Θεὸν,
2389 1530 2561 1593 οὕτως
2610 1530 2880 1592 οἰκείωσις
2918 1531 3282 1601 ἀπανέστησεν
3316 1530 3534 1601 αὖτοὺς,
3563 1531 3632 1599 ἧς
3666 1532 3884 1606 πρώην

2208 1625 2614 1694 μετεποιοῦντο,
2670 1625 2837 1689 ζωῆς.
2892 1621 3076 1690 Αὐτῆς
3133 1622 3226 1693 μὲν
3273 1620 3374 1695 γὰρ
3410 1619 3712 1695 κατέγνων,
3747 1618 3884 1674 ἐπέ-

2201 1730 2384 1783 κριναν
2447 1706 2503 1763 δὲ
2559 1710 2657 1778 τὴν
2719 1707 2993 1782 βελτίονα,
3051 1711 3150 1778 τήν
3203 1707 3597 1778 ἀποστολικῆν,
3645 1709 3740 1762 καὶ
3778 1706 3886 1762 διὰ

440 1800 730 1873 gelicam;
790 1807 847 1856 et
903 1801 1042 1856 huic
1092 1801 1524 1867 incumbentes,
1559 1802 1975 1873 elongaverunt
2007 1801 2089 1854 fu-

2215 1805 2378 1855 κοῦτο
2412 1797 2722 1874 ἀγγελικήνη
2773 1798 2862 1853 καὶ
2912 1799 3046 1872 πρὸς
3094 1798 3230 1872 αὑτῇ
3281 1797 3580 1874 γενόμενοι,
3623 1796 3886 1873 ἐμάκρυ-

437 1890 682 1960 gientes,
738 1889 893 1944 sicut
950 1891 1010 1944 in
1090 1891 1318 1945 deserto
1398 1891 1710 1960 mansuri;
1771 1890 2091 1963 praesertim

441 1980 688 2050 quidem
731 1979 882 2035 sicut
912 1978 969 2033 in
1007 1979 1417 2049 promissionis
1449 1986 1662 2036 terram
1696 1980 2041 2035 restituendi
2076 1995 2090 2047 ;

441 2085 545 2140 per
574 2085 751 2140 quam
775 2069 955 2124 vitam
989 2073 1271 2139 tanquam
1313 2074 1423 2125 Deo
1455 2075 1693 2125 vocante
1724 2069 1990 2125 exierunt
2020 2069 2092 2123 ab

440 2157 702 2228 ipsorum
735 2163 889 2213 terra
917 2162 973 2212 et
1027 2158 1397 2229 cognatione,
1429 2165 1489 2215 et
1554 2163 1840 2214 venerunt
1886 2159 1945 2213 in
1977 2149 2090 2213 ter-

443 2263 569 2302 ram
603 2252 658 2301 et
686 2248 858 2302 vitam
911 2246 1142 2317 qualem
1177 2247 1326 2303 Deus
1359 2250 1614 2304 ostendit
1645 2249 1717 2304 iis
1763 2247 1864 2320 qui
1905 2247 2091 2302 Abra-

447 2335 612 2390 hami
636 2340 828 2407 partes
871 2339 1092 2402 tenent,
1123 2341 1181 2392 et
1212 2341 1498 2409 quotquot
1526 2337 1625 2392 illo
1667 2336 1826 2409 digni
1859 2340 2017 2392 sunt.

517 2443 567 2496 4.
603 2447 669 2496 Et
700 2441 794 2496 hic
818 2443 1055 2513 quidem
1081 2442 1226 2515 ipsis
1250 2444 1438 2499 exsilii
1456 2444 1944 2514 terminus,cujus
1965 2459 2093 2514 gra-

447 2531 528 2586 tia
560 2531 653 2586 hic
687 2531 993 2586 mulierem
1025 2536 1081 2586 et
1112 2531 1459 2598 liberos,ille
1485 2532 1878 2588 substantiam
1913 2537 1967 2588 et
1995 2549 2093 2603 pe-

443 2620 704 2692 ripsema
724 2636 895 2675 omne
918 2619 1043 2675 vitae
1065 2621 1421 2688 commercii,
1447 2622 1600 2676 sicut
1619 2622 1828 2677 dixerit
1856 2620 2091 2691 aliquis,

443 2708 772 2779 generatim
805 2725 938 2764 vero
972 2709 1167 2763 cuncti
1190 2709 1436 2779 quodvis
1459 2711 1778 2766 secundum
1808 2711 2091 2765 mundum

449 2796 713 2868 cupitum
747 2798 1099 2866 deserentes,
1131 2815 1306 2853 unam
1339 2801 1744 2870 eamdemque,
1767 2800 2092 2854 secundum

446 2886 602 2956 quod
660 2885 806 2956 ipsis
862 2887 1228 2958 propositum
1261 2894 1406 2952 erat,
1439 2888 1740 2960 elegerunt
1769 2889 1967 2956 vitam,
2001 2887 2093 2942 cui

446 2975 790 3030 insistentes
823 2979 878 3029 et
919 2991 1046 3030 sese
1095 2976 1467 3048 accingentes
1525 2979 1596 3032 ad
1647 2994 1822 3049 opera
1878 2977 2094 3049 quibus

450 3063 721 3119 homines
755 3063 869 3119 tale
900 3064 1211 3120 consilium
1248 3066 1546 3136 capientes
1576 3067 1634 3120 in
1667 3071 1886 3122 rectam
1918 3066 2093 3121 semi-

443 3157 564 3207 tam
599 3153 1177 3225 deducuntur,idque
1230 3171 1346 3209 non
1391 3154 1739 3227 simpliciter
1785 3160 1842 3210 et
1879 3159 1944 3210 ut
1973 3156 2092 3210 fors

438 3241 637 3297 tulerit
695 3247 752 3296 et
810 3247 874 3295 ut
932 3241 1044 3312 ipsi
1093 3242 1346 3310 voluere,
1401 3244 1676 3314 operibus
1719 3243 1930 3298 divinis
1959 3247 2085 3298 stu-

439 3333 710 3386 duerunt.
745 3331 1040 3402 Numquid
1091 3332 1246 3386 enim
1298 3334 1368 3387 de
1413 3334 1538 3388 suis
1571 3333 1824 3404 peccatis
1851 3349 2085 3388 excusa-

436 3421 656 3475 tionem
723 3419 1026 3490 haberent,
1080 3425 1278 3492 utpote
1343 3421 1444 3493 qui
1521 3422 1633 3494 ipsi
1691 3426 2084 3488 tentaverunt,

439 3508 554 3581 ipsi
610 3509 988 3580 denoverunt,
1023 3508 1135 3581 ipsi
1191 3515 1510 3582 coeperunt,
1542 3512 1695 3567 viam
1735 3510 1968 3566 nemine
2001 3527 2087 3565 re-

439 3598 680 3664 ferente,
742 3598 976 3652 nemine
1040 3599 1337 3666 edocente,
1407 3599 1639 3655 nemine
1705 3600 1857 3655 viam
1921 3615 2087 3654 mon-

440 3691 683 3753 strante,
719 3687 953 3742 nemine
985 3687 1378 3759 impediente;
1414 3690 1662 3761 ideoque
1693 3689 1837 3744 nihil
1870 3689 2088 3743 mirum

441 3775 663 3831 faciunt
691 3775 740 3830 si
800 3775 952 3830 viam
987 3777 1160 3832 aliam
1205 3793 1271 3832 ac
1321 3779 1679 3849 propositam
1712 3778 1895 3833 secuti
1928 3782 2085 3846 sunt,

444 3881 634 3935 neque
692 3865 978 3920 rationem
1031 3865 1272 3920 reddere
1303 3867 1536 3936 debent,
1567 3884 1632 3922 eo
1665 3869 1818 3939 quod
1852 3867 2089 3922 inventa

445 3953 810 4021 difficultate,
843 3953 904 4008 in
953 3953 1025 4009 iis
1070 3971 1196 4023 quae
1244 3955 1640 4026 cogitaverant
1669 3961 1726 4012 et
1754 3958 2091 4028 inceperunt

440 4041 747 4112 inexperti,
779 4042 852 4097 ob
910 4058 1040 4096 eam
1099 4042 1333 4113 longius
1366 4044 1446 4099 ire
1495 4045 1864 4113 destiterunt,
1895 4050 1952 4101 et
1981 4045 2091 4101 ali-

443 4129 790 4202 quantisper
822 4131 1114 4203 progressi
1158 4140 1389 4204 sperata
1419 4133 1660 4205 planitie
1693 4136 1898 4206 pedem
1931 4140 2088 4191 retu-

445 4217 664 4290 lerunt,
698 4236 764 4274 eo
808 4219 962 4288 quod
1019 4220 1172 4275 viam
1232 4221 1563 4278 habuerunt
1618 4224 1934 4295 asperam?
1964 4224 2088 4280 Non

447 4307 630 4380 igitur
659 4307 990 4364 inconsulte
1021 4309 1200 4364 vitam
1232 4311 1636 4368 monachicam
1668 4312 1947 4381 inierunt,
1972 4313 2089 4368 imo

437 4414 572 4453 vero
632 4413 764 4453 cum
817 4395 1237 4454 deliberatione
1269 4404 1322 4454 et
1368 4399 1610 4456 consilio
1641 4406 1953 4474 postquam
1984 4403 2093 4458 ad-

445 4487 654 4542 moniti
688 4492 744 4542 et
774 4487 928 4542 docti
987 4487 1245 4557 fuerunt,
1280 4489 1625 4561 plerumque
1663 4496 1796 4562 post
1823 4491 2091 4548 traditio-

2215 1910 2304 1944 ναν
2362 1885 2790 1964 φυγαδεύοντες,
2849 1887 2922 1948 ὡς
2980 1886 3030 1942 ἐν
3092 1887 3288 1962 ἐρήμῳ
3345 1885 3826 1958 αὐλισθησόμενοι
3867 1935 3883 1960 ,

2207 1976 2442 2051 μάλιστα
2493 1978 2586 2050 μὲν
2651 1974 2739 2030 οὖν
2803 1977 2876 2038 ὡς
2927 1975 3002 2038 είς
3058 1983 3158 2050 γῆν
3215 1975 3536 2052 ἐπαγγελίας
3577 1977 3877 2030 ἀποκατα-

2202 2067 2550 2139 (κτησόμενοι⁸
2609 2063 2677 2120 δι’
2725 2064 2790 2134 ἥν
2851 2065 2925 2127 ὠς
2985 2069 3118 2120 Θεοῦ
3171 2063 3469 2126 καλοῦντος
3523 2063 3752 2133 ἐξῆλθον
3815 2064 3882 2118 ἐκ

2200 2159 2300 2225 τῆς
2352 2159 2455 2230 γῆς
2503 2156 2679 2209 αὐτῶν
2738 2153 2828 2208 καὶ
2891 2152 2950 2208 ἐκ
3004 2161 3106 2224 τῆς
3166 2153 3497 2228 συγγενείας,
3547 2153 3639 2207 καὶ
3686 2152 3877 2221 ἦλθον

2232 2246 2246 2268 9
2355 2252 2381 2262 υ
2537 2244 2552 2264 \
2745 2244 2758 2261 κ
3260 2244 3273 2262 \
3374 2244 3387 2263 ε
3481 2240 3506 2258 ἢ
3545 2242 3557 2262 Ι
3817 2248 3843 2258 ο

2203 2267 2278 2307 εις
2311 2266 2414 2320 γην
2463 2265 2554 2298 και
2608 2244 2820 2319 βιοτην,
2877 2242 3071 2298 ὁποίαν
3124 2244 3152 2297 ὁ
3184 2250 3312 2305 Θεος
3368 2257 3710 2298 υποοεικνυσι
3742 2263 3876 2305 τοις

2200 2338 2296 2389 τοῦ
2330 2327 2598 2408 ’Δόραᾶμ,
2625 2332 2715 2386 καὶ
2748 2330 2865 2388 ὅσοι
2901 2333 3066 2387 αὐτοῦ
3099 2331 3226 2386 εἶσιν
3261 2333 3422 2402 ἄξιοι.

2275 2438 2338 2497 δ’.
2371 2440 2469 2494 Καὶ
2514 2443 2762 2500 τοιοῦτος
2814 2441 2907 2512 μὲν
2955 2440 3145 2501 αὐτοῖς
3195 2440 3222 2493 6
3253 2440 3583 2510 σκοπὸς-τῆς
3628 2461 3867 2512 μετανα-

2203 2530 2486 2597 στεύσεως,
2545 2528 2607 2583 οὗ
2655 2529 2819 2604 χάριν
2875 2529 2902 2584 6
2961 2530 3052 2602 μὲν
3108 2528 3196 2583 καὶ
3253 2534 3478 2604 γυναῖκα
3531 2529 3624 2583 καὶ
3676 2531 3865 2596 τέκνα,

2205 2621 2232 2674 6
2278 2618 2335 2673 δὲ
2390 2619 2476 2672 καὶ
2539 2617 2852 2692 περιουσίαν
2910 2618 2999 2672 καὶ
3059 2619 3318 2694 συρφετὸν
3377 2619 3586 2672 ἅπαντα
3639 2625 3747 2688 τῆς
3808 2617 3864 2672 ἐν

2209 2708 2310 2784 βίῳ
2341 2707 2704 2784 ἀναστροφῆς,
2739 2708 2927 2762 ὁποῖον
2983 2705 3045 2761 ἂν
3075 2705 3218 2761 εἴποι
3248 2727 3354 2778 τις,
3384 2712 3584 2770 κοινῶς
3635 2705 3695 2761 δὲ
3724 2708 3868 2761 πάν-

2200 2818 2288 2860 τες
2317 2797 2379 2852 τὸ
2409 2796 2544 2851 κατά
2571 2795 2778 2867 κόσμον
2811 2794 3030 2869 θέλημα
3077 2794 3417 2862 ἐκλιπόντες,
3458 2795 3578 2858 ἐνὸς
3611 2795 3865 2872 ἐγένοντο

2201 2887 2288 2940 καὶ
2327 2885 2494 2958 μόνου
2550 2889 2646 2938 τοῦ
2704 2885 2839 2939 κατὰ
2890 2885 2989 2954 τήν
3051 2883 3455 2960 ἐκλελεγμένην
3506 2886 3786 2958 πρόθεσιν

2202 2975 2292 3030 καὶ
2347 2975 2757 3049 στοιχήσαντες,
2818 2975 2930 3029 εἶτα
2984 2975 3072 3029 καὶ
3135 2975 3370 3047 ἅψασθαι
3418 2972 3716 3046 μέλλοντες
3773 2969 3868 3044 ἕρ-

2201 3086 2334 3138 γων,
2384 3065 2533 3126 ὅσοις
2581 3062 2926 3139 ἐξορθοῦνται
2987 3063 3065 3125 εἷς
3123 3059 3246 3117 ὁδὸν
3309 3060 3590 3138 ἄνθρωποι
3632 3066 3869 3116 τοιαῦτα

2122 3190 2165 3256 C
2203 3153 2554 3228 προθέμενοι,
2609 3151 2718 3227 οὐχ
2765 3149 2980 3220 ἁπλῶς,
3010 3152 3100 3206 καὶ
3149 3153 3298 3214 ὅπως
3329 3149 3387 3206 ἃν
3435 3151 3631 3227 τύχοι,
3663 3151 3755 3205 καὶ
3789 3153 3869 3212 ὡς

2245 3242 2256 3256 9
2334 3241 2347 3256 ι
2413 3237 2467 3256 ὀ
2541 3239 2560 3256 κ
2602 3243 2640 3256 ι-
2931 3246 2954 3256 ε.
3035 3243 3059 3256 Α
3103 3241 3114 3256 Ι
3250 3239 3273 3256 )1
3465 3239 3478 3256 ς
3537 3235 3597 3256 ID
3639 3241 3660 3256 ς
3794 3247 3864 3256 -—

2198 3241 2350 3297 αὐτοὶ
2409 3237 2812 3312 ἐϐουλήθησαν,
2865 3246 2980 3302 τοῖς
3035 3241 3198 3303 θείοις
3249 3239 3425 3317 ἔργοις
3460 3235 3759 3295 ἐπέϐαλον.
3794 3247 3864 3296 Ἠ

2192 3332 2291 3406 γὰρ
2325 3330 2384 3385 ἂν
2416 3331 2564 3405 εἶχον
2597 3328 2874 3404 ἀπόλογον
2923 3328 3168 3401 ὕστερον,
3199 3329 3278 3408 ἐφ’
3319 3331 3400 3391 οἷς
3425 3331 3859 3402 προσέπταισαν,

2197 3418 2273 3480 ὠς
2304 3419 2460 3473 αὐτοὶ
2511 3418 2952 3493 ἐγχειρήσαντες,
2984 3417 3136 3472 αὐτοὶ
3185 3418 3549 3493 κυρώσαντες,
3583 3418 3743 3472 αὐτοὶ
3771 3417 3861 3471 ἐν·

2196 3508 2508 3584 αρξάμενοι,
2570 3506 2800 3580 μηδενὸς
2855 3508 3292 3580 ὑπομνήσαντος,
3340 3503 3578 3580 μηδενὸς
3612 3503 3859 3577 διδάξειν-

2194 3619 2311 3666 τος,
2349 3595 2581 3671 μηδενὸς
2618 3593 2992 3667 ὑποδείξαντος
3020 3598 3119 3666 τὴν
3155 3593 3303 3663 ὁδὸν,
3340 3594 3577 3668 μηδενὸς
3610 3593 3860 3668 ἐμπεδὼ-

2198 3707 2410 3759 σαντος,
2443 3684 2594 3741 οὐδέν
2621 3707 2673 3740 τι
2705 3684 3153 3762 καινοπραγοῦσι,
3183 3685 3514 3762 τραπόμενοι
3546 3682 3726 3752 ἄλλην
3754 3706 3856 3740 πα-

2200 3776 2266 3852 ρὰ
2293 3777 2392 3844 τὴν
2444 3783 2543 3846 τῆς
2587 3777 2918 3850 προθέσεως,
2967 3773 3093 3830 οὐδὲ
3145 3775 3451 3830 ὑπόκεινται
3484 3773 3860 3850 λογοπραγίᾳ,

2199 3861 2467 3940 ίργωδίαν
2524 3863 2838 3937 εὑρηκότες,
2893 3862 2971 3941 ἐφ’
3030 3865 3112 3926 οἷς
3169 3861 3499 3934 ἐσκὸπησαν,
3559 3864 3651 3918 καὶ
3703 3863 3860 3938 ἐνήρ-

2199 3955 2353 4025 ξαν-ιο
2401 3953 2766 4025 ἀνεπίτακτοι,
2816 3952 2907 4007 καὶ
2957 3950 3026 4008 δι’
3075 3952 3243 4023 αὐτὴν
3299 3952 3558 4029 ἀφέμενοι
3589 3957 3700 4008 τῶν
3737 3953 3860 4029 ἐφε-

2199 4046 2314 4116 ξῆς,
2347 4044 2432 4098 καὶ
2467 4039 2891 4119 προποδίσαντες
2926 4043 3020 4116 μὲν
3060 4041 3238 4118 βραχὺ
3270 4039 3452 4097 ἐλπίδι
3481 4043 3582 4110 τῆς
3617 4042 3859 4115 ὁμαλῆς,

2198 4129 2614 4195 ἀναποδίσαντες
2667 4129 2723 4186 δὲ
2776 4132 2951 4200 αὖθις,
3002 4131 3084 4186 ὅτι
3134 4137 3392 4206 τραχεῖαν
3422 4126 3635 4206 ἔτριϐον
3676 4150 3690 4200 ;
3725 4129 3862 4188 05x-

2200 4243 2290 4276 ουν
2346 4217 2802 4295 ἀπροϐουλεύτως
2865 4219 3156 4296 ἐνῄρξαντο
3208 4225 3305 4275 τοῦ
3357 4224 3668 4296 μεναχικοῦ
3715 4220 3858 4292 βίου,

2199 4309 2345 4366 ana.
2399 4308 2750 4384 σκεψάμενοι,
2810 4309 2898 4364 καὶ
2962 4307 3428 4385 βουλευσάμενοι,
3474 4308 3566 4362 καὶ
3622 4309 3861 4382 ἀναμνηο

2201 4402 2431 4472 σθέντες,
2489 4399 2579 4455 καὶ
2633 4397 2978 4476 διδαχθέντες
3010 4442 3025 4470 ,
3077 4400 3164 4454 καὶ
3233 4393 3366 4473 μετά
3431 4401 3856 4474 παρεγγυήσεων

2203 4491 2254 4544 οἱ
2285 4489 2506 4552 πλείους
2537 4488 2625 4544 καὶ
2652 4487 3011 4560 καταθέσεων,
3058 4487 3149 4544 καί
3181 4488 3378 4557 αὐτῶν,
3426 4489 3611 4542 ὁποῖαι
3655 4487 3855 4563 φρέκης

443 4592 579 4632 nem
637 4581 695 4632 et
747 4576 1232 4645 admonitionem,
1267 4594 1482 4650 easque
1529 4561 1839 4636 formidine
1870 4580 2089 4653 plenas,

2205 4579 2481 4654 γέμουσιν,
2517 4577 2564 4634 εἴ
2620 4579 2710 4634 καὶ
2774 4581 2938 4652 μόνον
2999 4577 3274 4654 λέγοιντο·
3319 4577 3407 4632 καὶ
3461 4576 3855 4652 ὑποκρούσεται

346 4659 347 4662 “
439 4664 489 4718 si
540 4666 716 4720 modo
795 4665 1164 4736 audirentur,
1220 4683 1369 4738 quas
1419 4667 1722 4725 discursus
1779 4671 2089 4739 sermonis,

440 4759 730 4825 quantum
762 4755 907 4811 satis
931 4755 1062 4826 erit,
1099 4755 1322 4812 innuet.

513 4843 566 4897 5.
597 4847 738 4899 Cum
796 4845 878 4899 ita
936 4844 1057 4900 sint
1089 4861 1214 4916 quze
1264 4847 1599 4903 istiusmodi
1640 4847 1909 4906 homines
1939 4853 2092 4906 certe

441 4935 498 4987 et
530 4931 876 4989 inconcusse
935 4941 1366 5006 proposuerunt
1413 4941 1471 4991 et
1519 4942 1972 5009 assumpserunt
2019 4940 2094 5009 (et

444 5019 612 5077 aliter
644 5023 885 5078 minime
936 5039 1060 5078 sese
1091 5023 1499 5096 habent),jam
1559 5026 1806 5083 breviter
1846 5029 2094 5086 dicenda

443 5128 570 5184 qua
607 5112 760 5183 apud
796 5129 894 5168 eos
936 5113 1112 5168 hodie
1157 5114 1724 5171 animadvertuntur.
1759 5121 1824 5172 Et
1869 5118 2090 5174 utinam

441 5217 557 5256 non
594 5198 767 5271 longe
800 5200 918 5256 sint
961 5219 993 5256 a
1045 5202 1163 5258 vita
1193 5219 1372 5274 quam
1403 5201 1740 5276 elegerunt:
1778 5209 2091 5279 nequidem

443 5290 549 5346 hoc
581 5289 882 5345 eveniente
940 5307 1178 5348 necesse
1209 5292 1318 5348 erit
1373 5309 1494 5362 eos,
1533 5298 1667 5364 post
1708 5295 1884 5352 allata
1914 5315 2093 5371 argu-

445 5383 1070 5452 menta,resurgere,ut
1091 5382 1203 5437 duo
1224 5381 1426 5454 gravia
1455 5381 1570 5438 ista
1607 5400 1720 5438 non
1757 5387 2092 5456 admittant,

443 5467 606 5540 ipsos
638 5472 800 5524 extra
829 5468 983 5524 viam
1027 5477 1247 5526 rectam
1279 5487 1428 5540 esse,
1463 5476 1638 5543 atque
1669 5473 1814 5530 alios
1861 5477 1931 5532 ad
1963 5494 2092 5535 eam

446 5557 786 5615 sectandam
838 5558 1081 5618 idoneos
1139 5560 1266 5618 suis
1327 5560 1611 5634 exemplis
1668 5563 2094 5626 deducentibus

448 5659 739 5701 τονοοατθ.

2204 4669 2367 4730 αὐτὰς
2399 4669 2426 4723 6
2453 4668 2616 4744 λόγος
2648 4669 2878 4743 προϊὼν,
2911 4667 2993 4745 ἐφ’
3023 4667 3146 4722 ὅσον
3181 4665 3327 4722 ἔσται
3359 4667 3566 4723 ἱκανόν.

2207 4765 2219 4770 ’
2276 4765 2332 4813 ε’.
2365 4756 2552 4819 Οὕτως
2582 4755 2670 4812 οῦν
2724 4757 2990 4833 ἐχόντων,
3025 4757 3096 4812 ὧν
3144 4755 3234 4812 καὶ
3283 4757 3569 4832 προέθεντο
3601 4755 3694 4811 καὶ
3732 4753 3855 4812 ὑπέ-

2204 4867 2404 4922 σχοντο
2435 4846 2778 4921 ἀμεταθέτως
2827 4847 2918 4902 καὶ
2969 4846 3224 4926 ἀσφαλῶς
3273 4848 3324 4900 οἱ
3355 4849 3600 4900 τοιοῦτοι
3643 4843 3855 4921 (ἔχουσι

2206 4933 2263 4990 δὲ
2293 4937 2506 4999 πάντως
2540 4936 2639 4992 οὐκ
2670 4934 2903 5010 ἄλλως),
2937 4935 3172 4992 ἐκθετέον
3211 4935 3665 5013 βραχυλογικῶς,
3697 4937 3731 4989 ἆ
3765 4939 3858 4990 νῦν

2212 5023 2487 5101 βλέπομεν
2541 5025 2622 5080 ἐπ’
2656 5025 2863 5088 αὐτοῖς.
2897 5028 2990 5081 Καὶ
3029 5026 3112 5098 εἷή
3147 5028 3222 5100 μή
3265 5025 3603 5102 παρεκνεύειν
3636 5025 3862 5095 αὐτοὺς,

2208 5117 2275 5184 ἧς
2334 5113 2606 5190 ἐκύρωσαν
2643 5159 2656 5185 ,
2716 5113 3020 5178 πολιτείαςο
3082 5115 3192 5187 ὡς,
3263 5114 3371 5193 εἴγε
3425 5119 3587 5170 τοῦτο
3645 5114 3861 5191 φανείη,

2205 5204 2412 5281 ἀνάγκη
2471 5206 2710 5269 πάντως.
2763 5212 3176 5282 κατορθωθῆναι
3231 5204 3360 5268 τοὺς
3408 5205 3695 5267 τοιούτους
3732 5204 3866 5278 μετᾶ

2199 5296 2298 5365 τὴν
2350 5294 2437 5350 ἐπὶ
2489 5293 2735 5372 ἐλέγχων
2782 5289 3024 5366 ἕνδειξιψ
3075 5293 3166 5350 1’ίνα
3200 5295 3275 5369 μὴ
3311 5292 3407 5349 δύο
3446 5292 3862 5368 πλημμελῶσιν

2204 5384 2379 5440 ἐκεῖνα
2429 5385 2680 5463 φορτικὰ,
2736 5388 2875 5458 μήτε
2908 5385 3059 5440 αὐτοὶ
3091 5385 3375 5461 γινόμενοι
3405 5391 3503 5453 τῆς
3544 5385 3741 5460 ὀρθῆς,
3771 5382 3865 5438 καὶ

2202 5474 2328 5538 τοὺς
2377 5472 2707 5550 δυναμένους
2750 5472 2807 5531 δὲ
2850 5470 3164 5552 προϐαίνειν
3215 5473 3350 5550 αὐτῇ
3404 5474 3733 5552 ἀπάγοντες,
3781 5473 3869 5538 οἶς

2204 5562 2398 5630 αὐτοὺς
2424 5569 2493 5641 τῇ
2528 5565 2757 5640 μιμήσει
2791 5563 3159 5644 ἐκτρέπονται.
