  <div class='ocr_page' id='page_1' title='image "/cluster/home/n/w/nwhite01/storage/ocr_20150623/135/hvd.32044073502528/372.png"; bbox 0 0 4114 6200; ppageno 0'>
   <div class='ocr_carea' id='block_1_1' title="bbox 195 390 321 449">
    <p class='ocr_par' dir='ltr' id='par_1_1' title="bbox 195 390 321 449">
     <span class='ocr_line' id='line_1_1' title="bbox 195 390 321 449; baseline 0 0"><span class='ocrx_word' id='word_1_1' title='bbox 195 390 321 449; x_wconf 86' lang='lat'><strong>733</strong></span> 
     </span>
    </p>
   </div>
   <div class='ocr_carea' id='block_1_2' title="bbox 1219 390 2617 455">
    <p class='ocr_par' dir='ltr' id='par_1_2' title="bbox 1219 390 2617 455">
     <span class='ocr_line' id='line_1_2' title="bbox 1219 390 2617 455; baseline -0.003 -2"><span class='ocrx_word' id='word_1_2' title='bbox 1219 394 1323 454; x_wconf 88' lang='lat' dir='ltr'><strong>DE</strong></span> <span class='ocrx_word' id='word_1_3' title='bbox 1366 392 1859 455; x_wconf 81' lang='lat' dir='ltr'><strong>EMENDANDA</strong></span> <span class='ocrx_word' id='word_1_4' title='bbox 1902 390 2085 451; x_wconf 75' lang='lat' dir='ltr'><strong>VITA</strong></span> <span class='ocrx_word' id='word_1_5' title='bbox 2134 390 2617 452; x_wconf 82' lang='lat' dir='ltr'><strong>MONACHICA.</strong></span> 
     </span>
    </p>
   </div>
   <div class='ocr_carea' id='block_1_3' title="bbox 3498 395 3616 454">
    <p class='ocr_par' dir='ltr' id='par_1_3' title="bbox 3498 395 3616 454">
     <span class='ocr_line' id='line_1_3' title="bbox 3498 395 3616 454; baseline 0.017 -2"><span class='ocrx_word' id='word_1_6' title='bbox 3498 395 3616 454; x_wconf 70' lang='lat'><strong>734</strong></span> 
     </span>
    </p>
   </div>
   <div class='ocr_carea' id='block_1_4' title="bbox 271 519 1864 601">
    <p class='ocr_par' dir='ltr' id='par_1_4' title="bbox 271 519 1849 601">
     <span class='ocr_line' id='line_1_4' title="bbox 271 519 1849 601; baseline -0.003 -22"><span class='ocrx_word' id='word_1_7' title='bbox 271 523 337 585; x_wconf 85' lang='grc' dir='ltr'><strong>ς’.</strong></span> <span class='ocrx_word' id='word_1_8' title='bbox 375 523 697 600; x_wconf 74' lang='grc' dir='ltr'><strong>Ἀναγκαῖον</strong></span> <span class='ocrx_word' id='word_1_9' title='bbox 731 520 788 577; x_wconf 75' lang='grc' dir='ltr'><strong>δὲ</strong></span> <span class='ocrx_word' id='word_1_10' title='bbox 844 519 967 598; x_wconf 69' lang='grc' dir='ltr'>ἄρα,</span> <span class='ocrx_word' id='word_1_11' title='bbox 1002 543 1166 596; x_wconf 81' lang='grc' dir='ltr'>πρινη</span> <span class='ocrx_word' id='word_1_12' title='bbox 1199 528 1637 601; x_wconf 75' lang='grc' dir='ltr'>καταγράψασθαι</span> <span class='ocrx_word' id='word_1_13' title='bbox 1666 525 1765 592; x_wconf 73' lang='grc' dir='ltr'>τὴν</span> <span class='ocrx_word' id='word_1_14' title='bbox 1798 521 1849 577; x_wconf 66' lang='grc' dir='ltr'>ἂν</span> 
     </span>
    </p>
   </div>
   <div class='ocr_carea' id='block_1_5' title="bbox 1975 519 3615 601">
    <p class='ocr_par' dir='ltr' id='par_1_5' title="bbox 2035 522 3615 595">
     <span class='ocr_line' id='line_1_5' title="bbox 2035 522 3615 595; baseline 0.002 -18"><span class='ocrx_word' id='word_1_15' title='bbox 2035 524 2087 577; x_wconf 88' lang='lat'><strong>6.</strong></span> <span class='ocrx_word' id='word_1_16' title='bbox 2122 523 2368 579; x_wconf 85' lang='lat' dir='ltr'><strong>Necesse</strong></span> <span class='ocrx_word' id='word_1_17' title='bbox 2412 522 2609 595; x_wconf 81' lang='lat' dir='ltr'><strong>itaque</strong></span> <span class='ocrx_word' id='word_1_18' title='bbox 2668 526 2776 592; x_wconf 91' lang='lat' dir='ltr'><strong>est,</strong></span> <span class='ocrx_word' id='word_1_19' title='bbox 2836 525 3152 595; x_wconf 77' lang='lat' dir='ltr'><strong>antequam</strong></span> <span class='ocrx_word' id='word_1_20' title='bbox 3200 522 3381 579; x_wconf 91' lang='lat' dir='ltr'><strong>latam</strong></span> <span class='ocrx_word' id='word_1_21' title='bbox 3414 540 3615 580; x_wconf 85' lang='lat' dir='ltr'><strong>mona-</strong></span> 
     </span>
    </p>
   </div>
   <div class='ocr_carea' id='block_1_6' title="bbox 190 608 1858 689">
    <p class='ocr_par' dir='ltr' id='par_1_6' title="bbox 190 608 1858 689">
     <span class='ocr_line' id='line_1_6' title="bbox 190 608 1858 689; baseline 0.001 -24"><span class='ocrx_word' id='word_1_22' title='bbox 190 617 316 675; x_wconf 87' lang='grc' dir='ltr'>τοῖς</span> <span class='ocrx_word' id='word_1_23' title='bbox 348 608 474 686; x_wconf 67' lang='grc' dir='ltr'>ἄρτι</span> <span class='ocrx_word' id='word_1_24' title='bbox 504 612 596 666; x_wconf 79' lang='grc' dir='ltr'><strong>καὶ</strong></span> <span class='ocrx_word' id='word_1_25' title='bbox 624 613 745 676; x_wconf 84' lang='grc' dir='ltr'>καθ’</span> <span class='ocrx_word' id='word_1_26' title='bbox 772 614 924 684; x_wconf 74' lang='grc' dir='ltr'>ἡμᾶς</span> <span class='ocrx_word' id='word_1_27' title='bbox 964 612 1224 668; x_wconf 83' lang='grc' dir='ltr'><strong>πλατεῖαν</strong></span> <span class='ocrx_word' id='word_1_28' title='bbox 1284 615 1590 689; x_wconf 75' lang='grc' dir='ltr'>μοναχικήν</span> <span class='ocrx_word' id='word_1_29' title='bbox 1646 613 1858 689; x_wconf 74' lang='grc' dir='ltr'>βιοτὴν,</span> 
     </span>
    </p>
   </div>
   <div class='ocr_carea' id='block_1_7' title="bbox 190 699 1856 779">
    <p class='ocr_par' dir='ltr' id='par_1_7' title="bbox 190 699 1856 779">
     <span class='ocr_line' id='line_1_7' title="bbox 190 699 1856 779; baseline 0.001 -25"><span class='ocrx_word' id='word_1_30' title='bbox 190 699 476 771; x_wconf 66' lang='grc' dir='ltr'>ἐκθέσθαι,</span> <span class='ocrx_word' id='word_1_31' title='bbox 509 701 598 754; x_wconf 74' lang='grc' dir='ltr'>οἷα</span> <span class='ocrx_word' id='word_1_32' title='bbox 621 703 931 775; x_wconf 73' lang='grc' dir='ltr'><strong>ταξάμενοι,</strong></span> <span class='ocrx_word' id='word_1_33' title='bbox 976 702 1068 756; x_wconf 90' lang='grc' dir='ltr'><strong>τὸν</strong></span> <span class='ocrx_word' id='word_1_34' title='bbox 1120 701 1311 758; x_wconf 84' lang='grc' dir='ltr'>λαϊκὸν</span> <span class='ocrx_word' id='word_1_35' title='bbox 1374 702 1493 779; x_wconf 84' lang='grc' dir='ltr'>βίον</span> <span class='ocrx_word' id='word_1_36' title='bbox 1556 702 1856 775; x_wconf 73' lang='grc' dir='ltr'><strong>μετέθεντο·</strong></span> 
     </span>
    </p>
   </div>
   <div class='ocr_carea' id='block_1_8' title="bbox 193 788 1861 868">
    <p class='ocr_par' dir='ltr' id='par_1_8' title="bbox 193 788 1861 868">
     <span class='ocr_line' id='line_1_8' title="bbox 193 788 1861 868; baseline 0.001 -25"><span class='ocrx_word' id='word_1_37' title='bbox 193 788 319 844; x_wconf 78' lang='grc' dir='ltr'>εἶτα</span> <span class='ocrx_word' id='word_1_38' title='bbox 348 792 421 863; x_wconf 76' lang='grc' dir='ltr'><strong>τῇ</strong></span> <span class='ocrx_word' id='word_1_39' title='bbox 464 789 688 864; x_wconf 78' lang='grc' dir='ltr'>τοιαύτῃ</span> <span class='ocrx_word' id='word_1_40' title='bbox 722 788 937 864; x_wconf 80' lang='grc' dir='ltr'><strong>μεθόδῳ</strong></span> <span class='ocrx_word' id='word_1_41' title='bbox 968 791 1368 865; x_wconf 70' lang='grc' dir='ltr'>ωνεπιπλὲξαι,</span> <span class='ocrx_word' id='word_1_42' title='bbox 1402 793 1491 847; x_wconf 78' lang='grc' dir='ltr'><strong>καὶ</strong></span> <span class='ocrx_word' id='word_1_43' title='bbox 1541 791 1674 868; x_wconf 77' lang='grc' dir='ltr'>ὅπερ</span> <span class='ocrx_word' id='word_1_44' title='bbox 1728 791 1861 863; x_wconf 86' lang='grc' dir='ltr'><strong>μετά</strong></span> 
     </span>
    </p>
   </div>
   <div class='ocr_carea' id='block_1_9' title="bbox 189 878 1859 957">
    <p class='ocr_par' dir='ltr' id='par_1_9' title="bbox 189 878 1859 957">
     <span class='ocr_line' id='line_1_9' title="bbox 189 878 1859 957; baseline -0.001 -25"><span class='ocrx_word' id='word_1_45' title='bbox 189 879 299 946; x_wconf 74' lang='grc' dir='ltr'><strong>τὴν</strong></span> <span class='ocrx_word' id='word_1_46' title='bbox 349 878 594 933; x_wconf 90' lang='grc' dir='ltr'>τύπωσιν</span> <span class='ocrx_word' id='word_1_47' title='bbox 624 878 723 934; x_wconf 84' lang='grc' dir='ltr'><strong>ούκ</strong></span> <span class='ocrx_word' id='word_1_48' title='bbox 771 878 987 934; x_wconf 72' lang='grc' dir='ltr'>ὀκνοῦσι</span> <span class='ocrx_word' id='word_1_49' title='bbox 1036 886 1234 936; x_wconf 79' lang='grc' dir='ltr'>ποιεῖν’</span> <span class='ocrx_word' id='word_1_50' title='bbox 1286 883 1374 937; x_wconf 84' lang='grc' dir='ltr'><strong>καὶ</strong></span> <span class='ocrx_word' id='word_1_51' title='bbox 1435 881 1579 937; x_wconf 75' lang='grc' dir='ltr'>οὕτω</span> <span class='ocrx_word' id='word_1_52' title='bbox 1632 884 1859 957; x_wconf 79' lang='grc' dir='ltr'>περᾶναι</span> 
     </span>
    </p>
   </div>
   <div class='ocr_carea' id='block_1_10' title="bbox 191 967 1075 1043">
    <p class='ocr_par' dir='ltr' id='par_1_10' title="bbox 191 967 1075 1043">
     <span class='ocr_line' id='line_1_10' title="bbox 191 967 1075 1043; baseline 0.002 -19"><span class='ocrx_word' id='word_1_53' title='bbox 191 968 292 1024; x_wconf 85' lang='grc' dir='ltr'><strong>τὸν</strong></span> <span class='ocrx_word' id='word_1_54' title='bbox 324 967 524 1041; x_wconf 84' lang='grc' dir='ltr'>λόγον,</span> <span class='ocrx_word' id='word_1_55' title='bbox 558 967 636 1032; x_wconf 74' lang='grc' dir='ltr'>εἷς</span> <span class='ocrx_word' id='word_1_56' title='bbox 666 968 696 1023; x_wconf 84' lang='grc' dir='ltr'>’ὸ</span> <span class='ocrx_word' id='word_1_57' title='bbox 716 970 1075 1043; x_wconf 85' lang='grc' dir='ltr'>προεθέμεθα.</span> 
     </span>
    </p>
   </div>
   <div class='ocr_carea' id='block_1_11' title="bbox 275 1072 1860 1153">
    <p class='ocr_par' dir='ltr' id='par_1_11' title="bbox 275 1072 1860 1153">
     <span class='ocr_line' id='line_1_11' title="bbox 275 1072 1860 1153; baseline -0.001 -22"><span class='ocrx_word' id='word_1_58' title='bbox 275 1074 339 1144; x_wconf 73' lang='grc' dir='ltr'><strong>ζ’.</strong></span> <span class='ocrx_word' id='word_1_59' title='bbox 378 1073 717 1148; x_wconf 85' lang='grc' dir='ltr'>Μνησόμεθα</span> <span class='ocrx_word' id='word_1_60' title='bbox 747 1072 804 1130; x_wconf 75' lang='grc' dir='ltr'><strong>δὲ</strong></span> <span class='ocrx_word' id='word_1_61' title='bbox 834 1075 940 1149; x_wconf 88' lang='grc' dir='ltr'><strong>πρό</strong></span> <span class='ocrx_word' id='word_1_62' title='bbox 971 1097 1035 1151; x_wconf 88' lang='grc' dir='ltr'><strong>γε</strong></span> <span class='ocrx_word' id='word_1_63' title='bbox 1080 1081 1189 1132; x_wconf 79' lang='grc' dir='ltr'><strong>τῶν</strong></span> <span class='ocrx_word' id='word_1_64' title='bbox 1235 1074 1422 1132; x_wconf 74' lang='grc' dir='ltr'>ἄλλων</span> <span class='ocrx_word' id='word_1_65' title='bbox 1471 1076 1713 1153; x_wconf 78' lang='grc' dir='ltr'><strong>εὐλόγως</strong></span> <span class='ocrx_word' id='word_1_66' title='bbox 1762 1082 1860 1146; x_wconf 82' lang='grc' dir='ltr'><strong>τῆς</strong></span> 
     </span>
    </p>
   </div>
   <div class='ocr_carea' id='block_1_12' title="bbox 199 1163 1854 1243">
    <p class='ocr_par' dir='ltr' id='par_1_12' title="bbox 199 1163 1854 1243">
     <span class='ocr_line' id='line_1_12' title="bbox 199 1163 1854 1243; baseline -0.001 -24"><span class='ocrx_word' id='word_1_67' title='bbox 199 1163 257 1219; x_wconf 62' lang='grc' dir='ltr'>ἂν</span> <span class='ocrx_word' id='word_1_68' title='bbox 300 1169 426 1225; x_wconf 87' lang='grc' dir='ltr'>τοῖς</span> <span class='ocrx_word' id='word_1_69' title='bbox 482 1163 756 1226; x_wconf 74' lang='grc' dir='ltr'><strong>τοιούτοις</strong></span> <span class='ocrx_word' id='word_1_70' title='bbox 815 1164 1150 1241; x_wconf 73' lang='grc' dir='ltr'>ἔξαρχούσης</span> <span class='ocrx_word' id='word_1_71' title='bbox 1201 1164 1565 1243; x_wconf 84' lang='grc' dir='ltr'>ὁμηγύρεως,</span> <span class='ocrx_word' id='word_1_72' title='bbox 1621 1171 1720 1235; x_wconf 79' lang='grc' dir='ltr'><strong>τῆς</strong></span> <span class='ocrx_word' id='word_1_73' title='bbox 1768 1165 1854 1219; x_wconf 84' lang='grc' dir='ltr'><strong>καὶ</strong></span> 
     </span>
    </p>
   </div>
   <div class='ocr_carea' id='block_1_13' title="bbox 196 1252 1858 1329">
    <p class='ocr_par' dir='ltr' id='par_1_13' title="bbox 196 1252 1858 1329">
     <span class='ocr_line' id='line_1_13' title="bbox 196 1252 1858 1329; baseline -0.002 -20"><span class='ocrx_word' id='word_1_74' title='bbox 196 1252 422 1314; x_wconf 83' lang='grc' dir='ltr'>τελείας</span> <span class='ocrx_word' id='word_1_75' title='bbox 478 1254 569 1308; x_wconf 83' lang='grc' dir='ltr'><strong>καὶ</strong></span> <span class='ocrx_word' id='word_1_76' title='bbox 623 1254 991 1323; x_wconf 79' lang='grc' dir='ltr'>τελειοποιοῦ,</span> <span class='ocrx_word' id='word_1_77' title='bbox 1050 1254 1110 1323; x_wconf 77' lang='grc' dir='ltr'>ἦν</span> <span class='ocrx_word' id='word_1_78' title='bbox 1163 1256 1191 1309; x_wconf 93' lang='lat'><strong>6</strong></span> <span class='ocrx_word' id='word_1_79' title='bbox 1223 1254 1384 1329; x_wconf 81' lang='grc' dir='ltr'>ὀρθὸς</span> <span class='ocrx_word' id='word_1_80' title='bbox 1412 1254 1588 1309; x_wconf 86' lang='grc' dir='ltr'>κανὼν</span> <span class='ocrx_word' id='word_1_81' title='bbox 1623 1255 1858 1322; x_wconf 84' lang='grc' dir='ltr'>ἀπαιτεῖ,</span> 
     </span>
    </p>
   </div>
   <div class='ocr_carea' id='block_1_14' title="bbox 200 1340 1859 1419">
    <p class='ocr_par' dir='ltr' id='par_1_14' title="bbox 200 1340 1859 1419">
     <span class='ocr_line' id='line_1_14' title="bbox 200 1340 1859 1419; baseline 0 -22"><span class='ocrx_word' id='word_1_82' title='bbox 200 1342 304 1397; x_wconf 78' lang='grc' dir='ltr'><strong>ὅσα</strong></span> <span class='ocrx_word' id='word_1_83' title='bbox 332 1342 427 1397; x_wconf 86' lang='grc' dir='ltr'><strong>καὶ</strong></span> <span class='ocrx_word' id='word_1_84' title='bbox 458 1340 612 1404; x_wconf 81' lang='grc' dir='ltr'>Θεούς</span> <span class='ocrx_word' id='word_1_85' title='bbox 655 1362 803 1405; x_wconf 89' lang='grc' dir='ltr'>τινας</span> <span class='ocrx_word' id='word_1_86' title='bbox 848 1342 1144 1419; x_wconf 74' lang='grc' dir='ltr'>γραφικοὺς</span> <span class='ocrx_word' id='word_1_87' title='bbox 1190 1349 1307 1407; x_wconf 87' lang='grc' dir='ltr'>τοῖς</span> <span class='ocrx_word' id='word_1_88' title='bbox 1363 1345 1584 1406; x_wconf 84' lang='grc' dir='ltr'>λοιποῖς</span> <span class='ocrx_word' id='word_1_89' title='bbox 1640 1343 1859 1398; x_wconf 75' lang='grc' dir='ltr'>ἐπιστα-</span> 
     </span>
    </p>
   </div>
   <div class='ocr_carea' id='block_1_15' title="bbox 196 1428 1861 1506">
    <p class='ocr_par' dir='ltr' id='par_1_15' title="bbox 196 1428 1861 1506">
     <span class='ocr_line' id='line_1_15' title="bbox 196 1428 1861 1506; baseline 0 -19"><span class='ocrx_word' id='word_1_90' title='bbox 196 1436 315 1487; x_wconf 89' lang='grc' dir='ltr'>τεῖν</span> <span class='ocrx_word' id='word_1_91' title='bbox 367 1436 569 1506; x_wconf 73' lang='grc' dir='ltr'>μικροῦ</span> <span class='ocrx_word' id='word_1_92' title='bbox 621 1428 730 1486; x_wconf 82' lang='grc' dir='ltr'>δεῖν</span> <span class='ocrx_word' id='word_1_93' title='bbox 760 1432 945 1489; x_wconf 78' lang='grc' dir='ltr'>ἅπασι.</span> <span class='ocrx_word' id='word_1_94' title='bbox 1001 1436 1247 1487; x_wconf 78' lang='grc' dir='ltr'>Τοιούτοι</span> <span class='ocrx_word' id='word_1_95' title='bbox 1282 1431 1339 1488; x_wconf 85' lang='grc' dir='ltr'>δέ</span> <span class='ocrx_word' id='word_1_96' title='bbox 1368 1432 1503 1489; x_wconf 75' lang='grc' dir='ltr'>εἶ’σιν</span> <span class='ocrx_word' id='word_1_97' title='bbox 1534 1435 1585 1488; x_wconf 79' lang='lat' dir='ltr'><strong>ol</strong></span> <span class='ocrx_word' id='word_1_98' title='bbox 1630 1437 1727 1488; x_wconf 78' lang='grc' dir='ltr'><strong>τοῦ</strong></span> <span class='ocrx_word' id='word_1_99' title='bbox 1763 1454 1861 1506; x_wconf 89' lang='grc' dir='ltr'>με-</span> 
     </span>
    </p>
   </div>
   <div class='ocr_carea' id='block_1_16' title="bbox 198 1518 1863 1596">
    <p class='ocr_par' dir='ltr' id='par_1_16' title="bbox 198 1518 1863 1596">
     <span class='ocr_line' id='line_1_16' title="bbox 198 1518 1863 1596; baseline 0.001 -21"><span class='ocrx_word' id='word_1_100' title='bbox 198 1520 386 1596; x_wconf 85' lang='grc' dir='ltr'>γάλου</span> <span class='ocrx_word' id='word_1_101' title='bbox 415 1520 506 1574; x_wconf 83' lang='grc' dir='ltr'><strong>καὶ</strong></span> <span class='ocrx_word' id='word_1_102' title='bbox 562 1518 856 1595; x_wconf 87' lang='grc' dir='ltr'>ἀγγελικοῦ</span> <span class='ocrx_word' id='word_1_103' title='bbox 889 1523 1202 1596; x_wconf 80' lang='grc' dir='ltr'>σχήματος,</span> <span class='ocrx_word' id='word_1_104' title='bbox 1236 1524 1288 1577; x_wconf 79' lang='grc' dir='ltr'>οἱ</span> <span class='ocrx_word' id='word_1_105' title='bbox 1340 1519 1410 1577; x_wconf 87' lang='grc' dir='ltr'><strong>δι’</strong></span> <span class='ocrx_word' id='word_1_106' title='bbox 1442 1523 1609 1577; x_wconf 71' lang='grc' dir='ltr'>αὺτοῦ</span> <span class='ocrx_word' id='word_1_107' title='bbox 1640 1520 1863 1593; x_wconf 81' lang='grc' dir='ltr'>ἀληθῶς</span> 
     </span>
    </p>
   </div>
   <div class='ocr_carea' id='block_1_17' title="bbox 206 1609 1859 1685">
    <p class='ocr_par' dir='ltr' id='par_1_17' title="bbox 206 1609 1859 1685">
     <span class='ocr_line' id='line_1_17' title="bbox 206 1609 1859 1685; baseline 0 -21"><span class='ocrx_word' id='word_1_108' title='bbox 206 1610 490 1684; x_wconf 77' lang='grc' dir='ltr'>μεγάλοι,</span> <span class='ocrx_word' id='word_1_109' title='bbox 551 1609 629 1671; x_wconf 84' lang='grc' dir='ltr'><strong>ὡς</strong></span> <span class='ocrx_word' id='word_1_110' title='bbox 694 1609 975 1685; x_wconf 61' lang='grc' dir='ltr'>ἀγγελικώ</span> <span class='ocrx_word' id='word_1_111' title='bbox 1012 1656 1026 1683; x_wconf 90' lang='grc'><strong>,</strong></span> <span class='ocrx_word' id='word_1_112' title='bbox 1082 1611 1218 1666; x_wconf 83' lang='grc' dir='ltr'><strong>κατά</strong></span> <span class='ocrx_word' id='word_1_113' title='bbox 1267 1612 1365 1680; x_wconf 77' lang='grc' dir='ltr'><strong>τὴν</strong></span> <span class='ocrx_word' id='word_1_114' title='bbox 1424 1612 1714 1681; x_wconf 62' lang='grc' dir='ltr'>κωονικήν</span> <span class='ocrx_word' id='word_1_115' title='bbox 1770 1611 1859 1667; x_wconf 79' lang='grc' dir='ltr'><strong>καὶ</strong></span> 
     </span>
    </p>
   </div>
   <div class='ocr_carea' id='block_1_18' title="bbox 204 1697 1859 1773">
    <p class='ocr_par' dir='ltr' id='par_1_18' title="bbox 204 1697 1859 1773">
     <span class='ocr_line' id='line_1_18' title="bbox 204 1697 1859 1773; baseline 0.003 -21"><span class='ocrx_word' id='word_1_116' title='bbox 204 1697 528 1769; x_wconf 85' lang='grc' dir='ltr'>ἀπαίτησιν,</span> <span class='ocrx_word' id='word_1_117' title='bbox 586 1698 676 1753; x_wconf 80' lang='grc' dir='ltr'><strong>καὶ</strong></span> <span class='ocrx_word' id='word_1_118' title='bbox 724 1700 1028 1765; x_wconf 79' lang='grc' dir='ltr'><strong>κατάθεσιν,</strong></span> <span class='ocrx_word' id='word_1_119' title='bbox 1079 1699 1170 1754; x_wconf 81' lang='grc' dir='ltr'><strong>καὶ</strong></span> <span class='ocrx_word' id='word_1_120' title='bbox 1232 1702 1495 1773; x_wconf 75' lang='grc' dir='ltr'>μυστικὴν</span> <span class='ocrx_word' id='word_1_121' title='bbox 1554 1699 1859 1757; x_wconf 81' lang='grc' dir='ltr'><strong>τελείωσιν.</strong></span> 
     </span>
    </p>
   </div>
   <div class='ocr_carea' id='block_1_19' title="bbox 203 1787 1858 1864">
    <p class='ocr_par' dir='ltr' id='par_1_19' title="bbox 203 1787 1858 1864">
     <span class='ocr_line' id='line_1_19' title="bbox 203 1787 1858 1864; baseline -0.001 -20"><span class='ocrx_word' id='word_1_122' title='bbox 203 1787 379 1845; x_wconf 80' lang='grc' dir='ltr'>Αύτοὶ</span> <span class='ocrx_word' id='word_1_123' title='bbox 438 1788 541 1862; x_wconf 75' lang='grc' dir='ltr'><strong>γάρ</strong></span> <span class='ocrx_word' id='word_1_124' title='bbox 597 1789 697 1857; x_wconf 80' lang='grc' dir='ltr'><strong>τήν</strong></span> <span class='ocrx_word' id='word_1_125' title='bbox 745 1795 848 1864; x_wconf 80' lang='grc' dir='ltr'><strong>γῆν</strong></span> <span class='ocrx_word' id='word_1_126' title='bbox 890 1788 1406 1862; x_wconf 71' lang='grc' dir='ltr'><strong>κατανωτισάμενοι,</strong></span> <span class='ocrx_word' id='word_1_127' title='bbox 1469 1787 1706 1863; x_wconf 87' lang='grc' dir='ltr'>μάλιστα</span> <span class='ocrx_word' id='word_1_128' title='bbox 1763 1789 1858 1862; x_wconf 78' lang='grc' dir='ltr'>μὲν</span> 
     </span>
    </p>
   </div>
   <div class='ocr_carea' id='block_1_20' title="bbox 1969 612 3614 685">
    <p class='ocr_par' dir='ltr' id='par_1_20' title="bbox 1969 612 3614 685">
     <span class='ocr_line' id='line_1_20' title="bbox 1969 612 3614 685; baseline 0.001 -17"><span class='ocrx_word' id='word_1_129' title='bbox 1969 612 2211 668; x_wconf 88' lang='lat' dir='ltr'><strong>chorum</strong></span> <span class='ocrx_word' id='word_1_130' title='bbox 2230 613 2408 669; x_wconf 88' lang='lat' dir='ltr'><strong>vitam</strong></span> <span class='ocrx_word' id='word_1_131' title='bbox 2432 630 2714 685; x_wconf 88' lang='lat' dir='ltr'><strong>nuperam</strong></span> <span class='ocrx_word' id='word_1_132' title='bbox 2739 620 2793 669; x_wconf 88' lang='lat' dir='ltr'><strong>et</strong></span> <span class='ocrx_word' id='word_1_133' title='bbox 2813 612 3156 668; x_wconf 82' lang='lat' dir='ltr'><strong>hodiernam</strong></span> <span class='ocrx_word' id='word_1_134' title='bbox 3188 613 3614 682; x_wconf 81' lang='lat' dir='ltr'><strong>describamus,</strong></span> 
     </span>
    </p>
   </div>
   <div class='ocr_carea' id='block_1_21' title="bbox 1906 702 3616 772">
    <p class='ocr_par' dir='ltr' id='par_1_21' title="bbox 1906 702 3616 772">
     <span class='ocr_line' id='line_1_21' title="bbox 1906 702 3616 772; baseline 0.001 -17"><span class='ocrx_word' id='word_1_135' title='bbox 1906 706 1917 717; x_wconf 89' lang='lat'>&#39;</span> <span class='ocrx_word' id='word_1_136' title='bbox 1968 717 2257 772; x_wconf 83' lang='lat' dir='ltr'><strong>exponere</strong></span> <span class='ocrx_word' id='word_1_137' title='bbox 2286 702 2501 772; x_wconf 86' lang='lat' dir='ltr'><strong>quibus</strong></span> <span class='ocrx_word' id='word_1_138' title='bbox 2553 702 2988 758; x_wconf 90' lang='lat' dir='ltr'><strong>conditionibus</strong></span> <span class='ocrx_word' id='word_1_139' title='bbox 3035 702 3212 757; x_wconf 86' lang='lat' dir='ltr'><strong>vitam</strong></span> <span class='ocrx_word' id='word_1_140' title='bbox 3246 702 3452 757; x_wconf 89' lang='lat' dir='ltr'><strong>laicam</strong></span> <span class='ocrx_word' id='word_1_141' title='bbox 3486 719 3616 757; x_wconf 88' lang='lat' dir='ltr'><strong>mu-</strong></span> 
     </span>
    </p>
   </div>
   <div class='ocr_carea' id='block_1_22' title="bbox 1967 792 3618 862">
    <p class='ocr_par' dir='ltr' id='par_1_22' title="bbox 1967 792 3618 862">
     <span class='ocr_line' id='line_1_22' title="bbox 1967 792 3618 862; baseline 0 -17"><span class='ocrx_word' id='word_1_142' title='bbox 1967 795 2259 859; x_wconf 87' lang='lat' dir='ltr'><strong>taverunt,</strong></span> <span class='ocrx_word' id='word_1_143' title='bbox 2288 797 2345 847; x_wconf 89' lang='lat' dir='ltr'><strong>et</strong></span> <span class='ocrx_word' id='word_1_144' title='bbox 2374 792 2581 847; x_wconf 90' lang='lat' dir='ltr'><strong>deinde</strong></span> <span class='ocrx_word' id='word_1_145' title='bbox 2611 792 2811 847; x_wconf 89' lang='lat' dir='ltr'><strong>eadem</strong></span> <span class='ocrx_word' id='word_1_146' title='bbox 2863 792 3087 847; x_wconf 78' lang='lat' dir='ltr'><strong>ratione</strong></span> <span class='ocrx_word' id='word_1_147' title='bbox 3114 796 3458 846; x_wconf 83' lang='lat' dir='ltr'><strong>connectere</strong></span> <span class='ocrx_word' id='word_1_148' title='bbox 3488 808 3618 862; x_wconf 73' lang='lat' dir='ltr'><strong>quae</strong></span> 
     </span>
    </p>
   </div>
   <div class='ocr_carea' id='block_1_23' title="bbox 1970 881 3613 952">
    <p class='ocr_par' dir='ltr' id='par_1_23' title="bbox 1970 881 3613 952">
     <span class='ocr_line' id='line_1_23' title="bbox 1970 881 3613 952; baseline 0.001 -18"><span class='ocrx_word' id='word_1_149' title='bbox 1970 895 2142 951; x_wconf 88' lang='lat' dir='ltr'><strong>agere</strong></span> <span class='ocrx_word' id='word_1_150' title='bbox 2186 886 2322 952; x_wconf 83' lang='lat' dir='ltr'><strong>post</strong></span> <span class='ocrx_word' id='word_1_151' title='bbox 2368 881 2515 935; x_wconf 88' lang='lat' dir='ltr'><strong>hanc</strong></span> <span class='ocrx_word' id='word_1_152' title='bbox 2546 886 2832 952; x_wconf 82' lang='lat' dir='ltr'><strong>receptam</strong></span> <span class='ocrx_word' id='word_1_153' title='bbox 2869 881 3115 935; x_wconf 87' lang='lat' dir='ltr'><strong>formam</strong></span> <span class='ocrx_word' id='word_1_154' title='bbox 3174 896 3287 935; x_wconf 89' lang='lat' dir='ltr'><strong>non</strong></span> <span class='ocrx_word' id='word_1_155' title='bbox 3317 887 3613 949; x_wconf 88' lang='lat' dir='ltr'><strong>verentur,</strong></span> 
     </span>
    </p>
   </div>
   <div class='ocr_carea' id='block_1_24' title="bbox 1969 969 3614 1041">
    <p class='ocr_par' dir='ltr' id='par_1_24' title="bbox 1969 969 3614 1041">
     <span class='ocr_line' id='line_1_24' title="bbox 1969 969 3614 1041; baseline 0 -17"><span class='ocrx_word' id='word_1_156' title='bbox 1969 970 2172 1040; x_wconf 90' lang='lat' dir='ltr'><strong>sicque</strong></span> <span class='ocrx_word' id='word_1_157' title='bbox 2202 985 2534 1025; x_wconf 80' lang='lat' dir='ltr'><strong>sermonem</strong></span> <span class='ocrx_word' id='word_1_158' title='bbox 2564 969 2625 1024; x_wconf 93' lang='lat' dir='ltr'><strong>in</strong></span> <span class='ocrx_word' id='word_1_159' title='bbox 2656 969 2832 1025; x_wconf 78' lang='lat' dir='ltr'><strong>finem</strong></span> <span class='ocrx_word' id='word_1_160' title='bbox 2860 970 3235 1041; x_wconf 65' lang='lat' dir='ltr'><strong>praepositum</strong></span> <span class='ocrx_word' id='word_1_161' title='bbox 3266 969 3614 1025; x_wconf 85' lang='lat' dir='ltr'><strong>conducere.</strong></span> 
     </span>
    </p>
   </div>
   <div class='ocr_carea' id='block_1_25' title="bbox 2038 1074 3617 1148">
    <p class='ocr_par' dir='ltr' id='par_1_25' title="bbox 2038 1074 3617 1148">
     <span class='ocr_line' id='line_1_25' title="bbox 2038 1074 3617 1148; baseline 0.002 -21"><span class='ocrx_word' id='word_1_162' title='bbox 2038 1076 2093 1129; x_wconf 90' lang='grc'><strong>7.</strong></span> <span class='ocrx_word' id='word_1_163' title='bbox 2127 1075 2234 1131; x_wconf 89' lang='lat' dir='ltr'><strong>Sed</strong></span> <span class='ocrx_word' id='word_1_164' title='bbox 2257 1079 2390 1131; x_wconf 82' lang='lat' dir='ltr'><strong>ante</strong></span> <span class='ocrx_word' id='word_1_165' title='bbox 2411 1074 2609 1129; x_wconf 90' lang='lat' dir='ltr'><strong>omnia</strong></span> <span class='ocrx_word' id='word_1_166' title='bbox 2621 1079 2815 1130; x_wconf 88' lang='lat' dir='ltr'><strong>mente</strong></span> <span class='ocrx_word' id='word_1_167' title='bbox 2837 1075 3276 1130; x_wconf 87' lang='lat' dir='ltr'><strong>recordabimur</strong></span> <span class='ocrx_word' id='word_1_168' title='bbox 3295 1090 3617 1148; x_wconf 85' lang='lat' dir='ltr'><strong>congrega-</strong></span> 
     </span>
    </p>
   </div>
   <div class='ocr_carea' id='block_1_26' title="bbox 1967 1162 3616 1236">
    <p class='ocr_par' dir='ltr' id='par_1_26' title="bbox 1967 1162 3616 1236">
     <span class='ocr_line' id='line_1_26' title="bbox 1967 1162 3616 1236; baseline -0.001 -16"><span class='ocrx_word' id='word_1_169' title='bbox 1967 1164 2146 1220; x_wconf 90' lang='lat' dir='ltr'><strong>tionis</strong></span> <span class='ocrx_word' id='word_1_170' title='bbox 2180 1164 2332 1220; x_wconf 90' lang='lat' dir='ltr'><strong>inter</strong></span> <span class='ocrx_word' id='word_1_171' title='bbox 2353 1162 2487 1219; x_wconf 88' lang='lat' dir='ltr'><strong>illos</strong></span> <span class='ocrx_word' id='word_1_172' title='bbox 2510 1164 2710 1235; x_wconf 61' lang='lat' dir='ltr'><strong>prima:</strong></span> <span class='ocrx_word' id='word_1_173' title='bbox 2739 1163 3108 1236; x_wconf 69' lang='lat' dir='ltr'><strong>habitm,quaa</strong></span> <span class='ocrx_word' id='word_1_174' title='bbox 3138 1164 3392 1236; x_wconf 87' lang='lat' dir='ltr'><strong>perfecta</strong></span> <span class='ocrx_word' id='word_1_175' title='bbox 3411 1168 3533 1220; x_wconf 89' lang='lat' dir='ltr'><strong>erat</strong></span> <span class='ocrx_word' id='word_1_176' title='bbox 3559 1167 3616 1219; x_wconf 88' lang='lat' dir='ltr'><strong>et</strong></span> 
     </span>
    </p>
   </div>
   <div class='ocr_carea' id='block_1_27' title="bbox 1970 1251 3611 1327">
    <p class='ocr_par' dir='ltr' id='par_1_27' title="bbox 1970 1251 3611 1327">
     <span class='ocr_line' id='line_1_27' title="bbox 1970 1251 3611 1327; baseline -0.001 -19"><span class='ocrx_word' id='word_1_177' title='bbox 1970 1253 2256 1327; x_wconf 84' lang='lat' dir='ltr'><strong>perfectos</strong></span> <span class='ocrx_word' id='word_1_178' title='bbox 2280 1254 2435 1321; x_wconf 88' lang='lat' dir='ltr'><strong>fecit,</strong></span> <span class='ocrx_word' id='word_1_179' title='bbox 2461 1269 2660 1325; x_wconf 89' lang='lat' dir='ltr'><strong>quam,</strong></span> <span class='ocrx_word' id='word_1_180' title='bbox 2682 1257 2746 1308; x_wconf 89' lang='lat' dir='ltr'><strong>ut</strong></span> <span class='ocrx_word' id='word_1_181' title='bbox 2774 1251 3087 1321; x_wconf 78' lang='lat' dir='ltr'><strong>imaginem</strong></span> <span class='ocrx_word' id='word_1_182' title='bbox 3119 1255 3433 1325; x_wconf 89' lang='lat' dir='ltr'><strong>quamdam</strong></span> <span class='ocrx_word' id='word_1_183' title='bbox 3466 1253 3611 1307; x_wconf 87' lang='lat' dir='ltr'><strong>divi-</strong></span> 
     </span>
    </p>
   </div>
   <div class='ocr_carea' id='block_1_28' title="bbox 1969 1341 3615 1415">
    <p class='ocr_par' dir='ltr' id='par_1_28' title="bbox 1969 1341 3615 1415">
     <span class='ocr_line' id='line_1_28' title="bbox 1969 1341 3615 1415; baseline -0.002 -17"><span class='ocrx_word' id='word_1_184' title='bbox 1969 1360 2129 1411; x_wconf 85' lang='lat' dir='ltr'><strong>nam,</strong></span> <span class='ocrx_word' id='word_1_185' title='bbox 2163 1343 2424 1414; x_wconf 87' lang='lat' dir='ltr'><strong>reliquis,</strong></span> <span class='ocrx_word' id='word_1_186' title='bbox 2457 1344 2577 1397; x_wconf 90' lang='lat' dir='ltr'><strong>imo</strong></span> <span class='ocrx_word' id='word_1_187' title='bbox 2609 1344 2724 1398; x_wconf 82' lang='lat' dir='ltr'><strong>fere</strong></span> <span class='ocrx_word' id='word_1_188' title='bbox 2753 1343 3049 1409; x_wconf 89' lang='lat' dir='ltr'><strong>omnibus,</strong></span> <span class='ocrx_word' id='word_1_189' title='bbox 3081 1343 3325 1415; x_wconf 82' lang='lat' dir='ltr'><strong>proponi</strong></span> <span class='ocrx_word' id='word_1_190' title='bbox 3366 1341 3615 1413; x_wconf 88' lang='lat' dir='ltr'><strong>requirit</strong></span> 
     </span>
    </p>
   </div>
   <div class='ocr_carea' id='block_1_29' title="bbox 1962 1430 3612 1505">
    <p class='ocr_par' dir='ltr' id='par_1_29' title="bbox 1962 1430 3612 1505">
     <span class='ocr_line' id='line_1_29' title="bbox 1962 1430 3612 1505; baseline -0.001 -18"><span class='ocrx_word' id='word_1_191' title='bbox 1962 1432 2064 1505; x_wconf 82' lang='lat' dir='ltr'><strong>jus</strong></span> <span class='ocrx_word' id='word_1_192' title='bbox 2093 1431 2460 1488; x_wconf 89' lang='lat' dir='ltr'><strong>canonicum.</strong></span> <span class='ocrx_word' id='word_1_193' title='bbox 2494 1433 2664 1488; x_wconf 86' lang='lat' dir='ltr'><strong>Tales</strong></span> <span class='ocrx_word' id='word_1_194' title='bbox 2696 1435 2837 1487; x_wconf 91' lang='lat' dir='ltr'><strong>sunt</strong></span> <span class='ocrx_word' id='word_1_195' title='bbox 2869 1432 3063 1504; x_wconf 81' lang='lat' dir='ltr'><strong>magni</strong></span> <span class='ocrx_word' id='word_1_196' title='bbox 3095 1436 3150 1488; x_wconf 89' lang='lat' dir='ltr'><strong>et</strong></span> <span class='ocrx_word' id='word_1_197' title='bbox 3171 1430 3415 1503; x_wconf 80' lang='lat' dir='ltr'><strong>angelici</strong></span> <span class='ocrx_word' id='word_1_198' title='bbox 3445 1430 3612 1486; x_wconf 82' lang='lat' dir='ltr'><strong>habi-</strong></span> 
     </span>
    </p>
   </div>
   <div class='ocr_carea' id='block_1_30' title="bbox 1969 1520 3612 1593">
    <p class='ocr_par' dir='ltr' id='par_1_30' title="bbox 1969 1520 3612 1593">
     <span class='ocr_line' id='line_1_30' title="bbox 1969 1520 3612 1593; baseline -0.002 -16"><span class='ocrx_word' id='word_1_199' title='bbox 1969 1525 2069 1577; x_wconf 89' lang='lat' dir='ltr'><strong>tus</strong></span> <span class='ocrx_word' id='word_1_200' title='bbox 2100 1521 2228 1587; x_wconf 91' lang='lat' dir='ltr'><strong>viri,</strong></span> <span class='ocrx_word' id='word_1_201' title='bbox 2262 1525 2495 1593; x_wconf 90' lang='lat' dir='ltr'><strong>propter</strong></span> <span class='ocrx_word' id='word_1_202' title='bbox 2546 1520 2714 1577; x_wconf 88' lang='lat' dir='ltr'><strong>illum</strong></span> <span class='ocrx_word' id='word_1_203' title='bbox 2773 1538 2901 1576; x_wconf 87' lang='lat' dir='ltr'><strong>vere</strong></span> <span class='ocrx_word' id='word_1_204' title='bbox 2960 1520 3176 1593; x_wconf 82' lang='lat' dir='ltr'><strong>magni,</strong></span> <span class='ocrx_word' id='word_1_205' title='bbox 3222 1525 3279 1576; x_wconf 90' lang='lat' dir='ltr'><strong>et</strong></span> <span class='ocrx_word' id='word_1_206' title='bbox 3335 1521 3487 1577; x_wconf 87' lang='lat' dir='ltr'><strong>sicut</strong></span> <span class='ocrx_word' id='word_1_207' title='bbox 3512 1536 3612 1574; x_wconf 90' lang='lat' dir='ltr'><strong>an-</strong></span> 
     </span>
    </p>
   </div>
   <div class='ocr_carea' id='block_1_31' title="bbox 1970 1609 3613 1682">
    <p class='ocr_par' dir='ltr' id='par_1_31' title="bbox 1970 1609 3613 1682">
     <span class='ocr_line' id='line_1_31' title="bbox 1970 1609 3613 1682; baseline 0 -18"><span class='ocrx_word' id='word_1_208' title='bbox 1970 1609 2107 1681; x_wconf 86' lang='lat' dir='ltr'><strong>geli,</strong></span> <span class='ocrx_word' id='word_1_209' title='bbox 2138 1611 2464 1666; x_wconf 85' lang='lat' dir='ltr'><strong>secundum</strong></span> <span class='ocrx_word' id='word_1_210' title='bbox 2499 1610 2712 1681; x_wconf 71' lang='lat' dir='ltr'><strong>regula:</strong></span> <span class='ocrx_word' id='word_1_211' title='bbox 2761 1615 3136 1682; x_wconf 67' lang='lat' dir='ltr'><strong>praeceptum,</strong></span> <span class='ocrx_word' id='word_1_212' title='bbox 3170 1614 3226 1666; x_wconf 91' lang='lat' dir='ltr'><strong>ct</strong></span> <span class='ocrx_word' id='word_1_213' title='bbox 3275 1609 3613 1665; x_wconf 84' lang='lat' dir='ltr'><strong>institutum</strong></span> 
     </span>
    </p>
   </div>
   <div class='ocr_carea' id='block_1_32' title="bbox 1970 1698 3614 1772">
    <p class='ocr_par' dir='ltr' id='par_1_32' title="bbox 1970 1698 3614 1772">
     <span class='ocr_line' id='line_1_32' title="bbox 1970 1698 3614 1772; baseline -0.001 -18"><span class='ocrx_word' id='word_1_214' title='bbox 1970 1704 2027 1754; x_wconf 88' lang='lat' dir='ltr'><strong>et</strong></span> <span class='ocrx_word' id='word_1_215' title='bbox 2058 1700 2364 1772; x_wconf 79' lang='lat' dir='ltr'><strong>mysticam</strong></span> <span class='ocrx_word' id='word_1_216' title='bbox 2396 1698 2783 1755; x_wconf 84' lang='lat' dir='ltr'><strong>initationem.</strong></span> <span class='ocrx_word' id='word_1_217' title='bbox 2818 1700 2859 1754; x_wconf 92' lang='lat' dir='ltr'><strong>Ii</strong></span> <span class='ocrx_word' id='word_1_218' title='bbox 2890 1700 3046 1755; x_wconf 90' lang='lat' dir='ltr'><strong>enim</strong></span> <span class='ocrx_word' id='word_1_219' title='bbox 3093 1709 3306 1754; x_wconf 85' lang='lat' dir='ltr'><strong>terram</strong></span> <span class='ocrx_word' id='word_1_220' title='bbox 3338 1698 3614 1772; x_wconf 87' lang='lat' dir='ltr'><strong>tergiver-</strong></span> 
     </span>
    </p>
   </div>
   <div class='ocr_carea' id='block_1_33' title="bbox 1970 1786 3617 1860">
    <p class='ocr_par' dir='ltr' id='par_1_33' title="bbox 1970 1786 3617 1860">
     <span class='ocr_line' id='line_1_33' title="bbox 1970 1786 3617 1860; baseline -0.001 -16"><span class='ocrx_word' id='word_1_221' title='bbox 1970 1792 2190 1855; x_wconf 87' lang='lat' dir='ltr'><strong>santes,</strong></span> <span class='ocrx_word' id='word_1_222' title='bbox 2224 1805 2292 1843; x_wconf 81' lang='lat' dir='ltr'><strong>ex</strong></span> <span class='ocrx_word' id='word_1_223' title='bbox 2322 1804 2388 1843; x_wconf 89' lang='lat' dir='ltr'><strong>ea</strong></span> <span class='ocrx_word' id='word_1_224' title='bbox 2420 1789 2491 1843; x_wconf 89' lang='lat' dir='ltr'><strong>ad</strong></span> <span class='ocrx_word' id='word_1_225' title='bbox 2523 1789 2705 1844; x_wconf 88' lang='lat' dir='ltr'><strong>Deum</strong></span> <span class='ocrx_word' id='word_1_226' title='bbox 2741 1788 2850 1844; x_wconf 92' lang='lat' dir='ltr'><strong>alis</strong></span> <span class='ocrx_word' id='word_1_227' title='bbox 2881 1788 3125 1860; x_wconf 82' lang='lat' dir='ltr'><strong>spiritus</strong></span> <span class='ocrx_word' id='word_1_228' title='bbox 3155 1788 3479 1853; x_wconf 89' lang='lat' dir='ltr'><strong>elevati,res</strong></span> <span class='ocrx_word' id='word_1_229' title='bbox 3510 1786 3617 1843; x_wconf 84' lang='lat' dir='ltr'><strong>bu-</strong></span> 
     </span>
    </p>
   </div>
   <div class='ocr_carea' id='block_1_34' title="bbox 206 1873 1864 1959">
    <p class='ocr_par' dir='ltr' id='par_1_34' title="bbox 206 1873 1863 1952">
     <span class='ocr_line' id='line_1_34' title="bbox 206 1873 1863 1952; baseline 0.001 -23"><span class='ocrx_word' id='word_1_230' title='bbox 206 1873 300 1929; x_wconf 77' lang='grc' dir='ltr'><strong>οὗν</strong></span> <span class='ocrx_word' id='word_1_231' title='bbox 332 1874 752 1952; x_wconf 72' lang='grc' dir='ltr'>ἑλαφρισθέντες</span> <span class='ocrx_word' id='word_1_232' title='bbox 791 1876 883 1930; x_wconf 83' lang='grc' dir='ltr'>ἀπ’</span> <span class='ocrx_word' id='word_1_233' title='bbox 936 1876 1104 1947; x_wconf 77' lang='grc' dir='ltr'>αὐτῆς</span> <span class='ocrx_word' id='word_1_234' title='bbox 1163 1879 1378 1950; x_wconf 78' lang='grc' dir='ltr'>πτέρυξι</span> <span class='ocrx_word' id='word_1_235' title='bbox 1427 1878 1756 1950; x_wconf 86' lang='grc' dir='ltr'>πνεύματος,</span> <span class='ocrx_word' id='word_1_236' title='bbox 1790 1879 1863 1940; x_wconf 87' lang='grc' dir='ltr'>ὡς</span> 
     </span>
    </p>
   </div>
   <div class='ocr_carea' id='block_1_35' title="bbox 1975 1873 3614 1959">
    <p class='ocr_par' dir='ltr' id='par_1_35' title="bbox 1975 1878 3614 1951">
     <span class='ocr_line' id='line_1_35' title="bbox 1975 1878 3614 1951; baseline -0.001 -19"><span class='ocrx_word' id='word_1_237' title='bbox 1975 1894 2178 1933; x_wconf 88' lang='lat' dir='ltr'><strong>manas</strong></span> <span class='ocrx_word' id='word_1_238' title='bbox 2206 1894 2276 1932; x_wconf 85' lang='lat' dir='ltr'><strong>ex</strong></span> <span class='ocrx_word' id='word_1_239' title='bbox 2305 1878 2500 1934; x_wconf 89' lang='lat' dir='ltr'><strong>divina</strong></span> <span class='ocrx_word' id='word_1_240' title='bbox 2531 1878 2851 1934; x_wconf 81' lang='lat' dir='ltr'><strong>elevations</strong></span> <span class='ocrx_word' id='word_1_241' title='bbox 2893 1883 3194 1951; x_wconf 73' lang='lat' dir='ltr'><strong>cmperunt</strong></span> <span class='ocrx_word' id='word_1_242' title='bbox 3223 1878 3614 1944; x_wconf 86' lang='lat' dir='ltr'><strong>considerare,</strong></span> 
     </span>
    </p>
   </div>
   <div class='ocr_carea' id='block_1_36' title="bbox 209 1964 1861 2043">
    <p class='ocr_par' dir='ltr' id='par_1_36' title="bbox 209 1964 1861 2043">
     <span class='ocr_line' id='line_1_36' title="bbox 209 1964 1861 2043; baseline 0.001 -25"><span class='ocrx_word' id='word_1_243' title='bbox 209 1964 286 2025; x_wconf 74' lang='grc' dir='ltr'>εἷς</span> <span class='ocrx_word' id='word_1_244' title='bbox 324 1964 489 2019; x_wconf 75' lang='grc' dir='ltr'>αὐτὸν</span> <span class='ocrx_word' id='word_1_245' title='bbox 520 1964 673 2034; x_wconf 86' lang='grc' dir='ltr'>Θεὸν,</span> <span class='ocrx_word' id='word_1_246' title='bbox 734 1964 1045 2020; x_wconf 68' lang='grc' dir='ltr'>ἐποπτεύειν</span> <span class='ocrx_word' id='word_1_247' title='bbox 1097 1965 1453 2030; x_wconf 82' lang='grc' dir='ltr'>ὲπιστατικῶς</span> <span class='ocrx_word' id='word_1_248' title='bbox 1506 1965 1722 2043; x_wconf 67' lang='grc' dir='ltr'>ἔχουσιν</span> <span class='ocrx_word' id='word_1_249' title='bbox 1785 1966 1861 2021; x_wconf 74' lang='grc' dir='ltr'><strong>εἷ’-</strong></span> 
     </span>
    </p>
   </div>
   <div class='ocr_carea' id='block_1_37' title="bbox 208 2049 1858 2129">
    <p class='ocr_par' dir='ltr' id='par_1_37' title="bbox 208 2049 1858 2129">
     <span class='ocr_line' id='line_1_37' title="bbox 208 2049 1858 2129; baseline 0.001 -21"><span class='ocrx_word' id='word_1_250' title='bbox 208 2074 310 2124; x_wconf 72' lang='grc' dir='ltr'><strong>περ</strong></span> <span class='ocrx_word' id='word_1_251' title='bbox 369 2049 674 2126; x_wconf 57' lang='grc' dir='ltr'>ἕθέλοιλσιν,</span> <span class='ocrx_word' id='word_1_252' title='bbox 726 2053 776 2124; x_wconf 66' lang='grc' dir='ltr'><strong>ἕξ</strong></span> <span class='ocrx_word' id='word_1_253' title='bbox 827 2056 1134 2128; x_wconf 74' lang='grc' dir='ltr'>ὑψωμάτων</span> <span class='ocrx_word' id='word_1_254' title='bbox 1167 2055 1327 2110; x_wconf 82' lang='grc' dir='ltr'>θείων</span> <span class='ocrx_word' id='word_1_255' title='bbox 1374 2057 1441 2110; x_wconf 77' lang='grc' dir='ltr'>τὰ</span> <span class='ocrx_word' id='word_1_256' title='bbox 1468 2058 1605 2111; x_wconf 77' lang='grc' dir='ltr'>κατὰ</span> <span class='ocrx_word' id='word_1_257' title='bbox 1631 2056 1858 2129; x_wconf 80' lang='grc' dir='ltr'>κόσμον,</span> 
     </span>
    </p>
   </div>
   <div class='ocr_carea' id='block_1_38' title="bbox 210 2141 1862 2220">
    <p class='ocr_par' dir='ltr' id='par_1_38' title="bbox 210 2141 1862 2220">
     <span class='ocr_line' id='line_1_38' title="bbox 210 2141 1862 2220; baseline 0.001 -23"><span class='ocrx_word' id='word_1_258' title='bbox 210 2141 286 2197; x_wconf 72' lang='grc' dir='ltr'>ἐνί</span> <span class='ocrx_word' id='word_1_259' title='bbox 337 2141 429 2196; x_wconf 79' lang='grc' dir='ltr'><strong>καὶ</strong></span> <span class='ocrx_word' id='word_1_260' title='bbox 485 2142 636 2215; x_wconf 84' lang='grc' dir='ltr'>μόνῳ</span> <span class='ocrx_word' id='word_1_261' title='bbox 686 2143 816 2214; x_wconf 86' lang='grc' dir='ltr'>θείῳ</span> <span class='ocrx_word' id='word_1_262' title='bbox 855 2144 1086 2218; x_wconf 90' lang='grc' dir='ltr'>τάγματι</span> <span class='ocrx_word' id='word_1_263' title='bbox 1141 2143 1534 2220; x_wconf 79' lang='grc' dir='ltr'>έκχωροῦντες,</span> <span class='ocrx_word' id='word_1_264' title='bbox 1588 2145 1676 2200; x_wconf 84' lang='grc' dir='ltr'><strong>καὶ</strong></span> <span class='ocrx_word' id='word_1_265' title='bbox 1707 2145 1862 2216; x_wconf 81' lang='grc' dir='ltr'>ὑπεξ-</span> 
     </span>
    </p>
   </div>
   <div class='ocr_carea' id='block_1_39' title="bbox 211 2228 1859 2311">
    <p class='ocr_par' dir='ltr' id='par_1_39' title="bbox 211 2228 1859 2311">
     <span class='ocr_line' id='line_1_39' title="bbox 211 2228 1859 2311; baseline 0.002 -26"><span class='ocrx_word' id='word_1_266' title='bbox 211 2236 496 2304; x_wconf 80' lang='grc' dir='ltr'>ιστάμενοι</span> <span class='ocrx_word' id='word_1_267' title='bbox 541 2235 640 2286; x_wconf 76' lang='grc' dir='ltr'><strong>τοῦ</strong></span> <span class='ocrx_word' id='word_1_268' title='bbox 688 2235 967 2295; x_wconf 79' lang='grc' dir='ltr'>θειοτάτου</span> <span class='ocrx_word' id='word_1_269' title='bbox 1012 2228 1303 2307; x_wconf 72' lang='grc' dir='ltr'>πρεσϐείου</span> <span class='ocrx_word' id='word_1_270' title='bbox 1348 2237 1428 2305; x_wconf 81' lang='grc' dir='ltr'>τῷ</span> <span class='ocrx_word' id='word_1_271' title='bbox 1470 2234 1859 2311; x_wconf 82' lang='grc' dir='ltr'>ἀρχιερατικῷ,</span> 
     </span>
    </p>
   </div>
   <div class='ocr_carea' id='block_1_40' title="bbox 205 2317 1861 2397">
    <p class='ocr_par' dir='ltr' id='par_1_40' title="bbox 205 2317 1861 2397">
     <span class='ocr_line' id='line_1_40' title="bbox 205 2317 1861 2397; baseline 0.002 -23"><span class='ocrx_word' id='word_1_272' title='bbox 205 2325 312 2374; x_wconf 79' lang='grc' dir='ltr'><strong>τῶν</strong></span> <span class='ocrx_word' id='word_1_273' title='bbox 369 2317 428 2375; x_wconf 74' lang='grc' dir='ltr'><strong>δὲ</strong></span> <span class='ocrx_word' id='word_1_274' title='bbox 480 2319 670 2397; x_wconf 75' lang='grc' dir='ltr'>ἐφεξῆς</span> <span class='ocrx_word' id='word_1_275' title='bbox 742 2322 1172 2395; x_wconf 82' lang='grc' dir='ltr'>ὑπερανεστῶτες</span> <span class='ocrx_word' id='word_1_276' title='bbox 1219 2326 1287 2396; x_wconf 77' lang='grc' dir='ltr'><strong>τῇ</strong></span> <span class='ocrx_word' id='word_1_277' title='bbox 1326 2324 1578 2397; x_wconf 73' lang='grc' dir='ltr'>προθέσει</span> <span class='ocrx_word' id='word_1_278' title='bbox 1637 2325 1726 2378; x_wconf 84' lang='grc' dir='ltr'><strong>καί</strong></span> <span class='ocrx_word' id='word_1_279' title='bbox 1781 2328 1861 2396; x_wconf 80' lang='grc' dir='ltr'>τῷ</span> 
     </span>
    </p>
   </div>
   <div class='ocr_carea' id='block_1_41' title="bbox 202 2410 1861 2489">
    <p class='ocr_par' dir='ltr' id='par_1_41' title="bbox 202 2410 1861 2489">
     <span class='ocr_line' id='line_1_41' title="bbox 202 2410 1861 2489; baseline 0.001 -25"><span class='ocrx_word' id='word_1_280' title='bbox 202 2410 523 2482; x_wconf 87' lang='grc' dir='ltr'>τυπώματι.</span> <span class='ocrx_word' id='word_1_281' title='bbox 569 2414 685 2464; x_wconf 80' lang='grc' dir='ltr'>Τῶν</span> <span class='ocrx_word' id='word_1_282' title='bbox 733 2412 837 2484; x_wconf 77' lang='grc' dir='ltr'>γὰρ</span> <span class='ocrx_word' id='word_1_283' title='bbox 892 2411 980 2465; x_wconf 80' lang='grc' dir='ltr'>ὑπ’</span> <span class='ocrx_word' id='word_1_284' title='bbox 1040 2412 1267 2486; x_wconf 83' lang='grc' dir='ltr'>οὐρανὸν</span> <span class='ocrx_word' id='word_1_285' title='bbox 1323 2411 1480 2466; x_wconf 86' lang='grc' dir='ltr'>Θείων</span> <span class='ocrx_word' id='word_1_286' title='bbox 1508 2414 1626 2468; x_wconf 84' lang='grc' dir='ltr'>κατ’</span> <span class='ocrx_word' id='word_1_287' title='bbox 1653 2412 1861 2489; x_wconf 78' lang='grc' dir='ltr'>ἀνθρώ-</span> 
     </span>
    </p>
   </div>
   <div class='ocr_carea' id='block_1_42' title="bbox 200 2498 1858 2579">
    <p class='ocr_par' dir='ltr' id='par_1_42' title="bbox 200 2498 1858 2579">
     <span class='ocr_line' id='line_1_42' title="bbox 200 2498 1858 2579; baseline 0.002 -26"><span class='ocrx_word' id='word_1_288' title='bbox 200 2520 343 2561; x_wconf 83' lang='grc' dir='ltr'>πους</span> <span class='ocrx_word' id='word_1_289' title='bbox 393 2498 709 2573; x_wconf 82' lang='grc' dir='ltr'>ταγμάτων,</span> <span class='ocrx_word' id='word_1_290' title='bbox 772 2498 806 2553; x_wconf 81' lang='grc' dir='ltr'><strong>’ἁ</strong></span> <span class='ocrx_word' id='word_1_291' title='bbox 850 2503 957 2554; x_wconf 82' lang='grc' dir='ltr'><strong>τῶν</strong></span> <span class='ocrx_word' id='word_1_292' title='bbox 1012 2500 1416 2577; x_wconf 86' lang='grc' dir='ltr'>ὑπερουρανίων</span> <span class='ocrx_word' id='word_1_293' title='bbox 1467 2498 1858 2579; x_wconf 69' lang='grc' dir='ltr'>δευτερεύουσι,</span> 
     </span>
    </p>
   </div>
   <div class='ocr_carea' id='block_1_43' title="bbox 204 2587 1860 2665">
    <p class='ocr_par' dir='ltr' id='par_1_43' title="bbox 204 2587 1860 2665">
     <span class='ocr_line' id='line_1_43' title="bbox 204 2587 1860 2665; baseline 0.001 -22"><span class='ocrx_word' id='word_1_294' title='bbox 204 2587 336 2650; x_wconf 72' lang='grc' dir='ltr'>τοὺς</span> <span class='ocrx_word' id='word_1_295' title='bbox 389 2588 487 2661; x_wconf 78' lang='grc' dir='ltr'>μὲν</span> <span class='ocrx_word' id='word_1_296' title='bbox 533 2592 631 2642; x_wconf 80' lang='grc' dir='ltr'><strong>τοῦ</strong></span> <span class='ocrx_word' id='word_1_297' title='bbox 678 2589 899 2665; x_wconf 86' lang='grc' dir='ltr'>πρώτου</span> <span class='ocrx_word' id='word_1_298' title='bbox 943 2589 1031 2643; x_wconf 85' lang='grc' dir='ltr'><strong>καὶ</strong></span> <span class='ocrx_word' id='word_1_299' title='bbox 1068 2589 1324 2665; x_wconf 86' lang='grc' dir='ltr'>μεγίστου</span> <span class='ocrx_word' id='word_1_300' title='bbox 1358 2597 1457 2659; x_wconf 85' lang='grc' dir='ltr'><strong>τῆς</strong></span> <span class='ocrx_word' id='word_1_301' title='bbox 1486 2593 1646 2665; x_wconf 77' lang='grc' dir='ltr'>ἡμῶν</span> <span class='ocrx_word' id='word_1_302' title='bbox 1678 2612 1860 2661; x_wconf 88' lang='grc' dir='ltr'>σωτη-</span> 
     </span>
    </p>
   </div>
   <div class='ocr_carea' id='block_1_44' title="bbox 208 2678 1858 2755">
    <p class='ocr_par' dir='ltr' id='par_1_44' title="bbox 208 2678 1858 2755">
     <span class='ocr_line' id='line_1_44' title="bbox 208 2678 1858 2755; baseline 0.002 -24"><span class='ocrx_word' id='word_1_303' title='bbox 208 2678 328 2753; x_wconf 83' lang='grc' dir='ltr'>ρίας</span> <span class='ocrx_word' id='word_1_304' title='bbox 361 2678 669 2753; x_wconf 72' lang='grc' dir='ltr'>ἀρχιερέως</span> <span class='ocrx_word' id='word_1_305' title='bbox 719 2678 1062 2750; x_wconf 74' lang='grc' dir='ltr'>ἀντιτύπους,</span> <span class='ocrx_word' id='word_1_306' title='bbox 1113 2680 1165 2733; x_wconf 83' lang='grc' dir='ltr'>οἳ</span> <span class='ocrx_word' id='word_1_307' title='bbox 1215 2685 1507 2755; x_wconf 85' lang='grc' dir='ltr'>προσεχῶς</span> <span class='ocrx_word' id='word_1_308' title='bbox 1553 2681 1619 2735; x_wconf 77' lang='grc' dir='ltr'><strong>τά</strong></span> <span class='ocrx_word' id='word_1_309' title='bbox 1662 2680 1858 2735; x_wconf 66' lang='grc' dir='ltr'>ἐκεῖθεν</span> 
     </span>
    </p>
   </div>
   <div class='ocr_carea' id='block_1_45' title="bbox 208 2766 1862 2844">
    <p class='ocr_par' dir='ltr' id='par_1_45' title="bbox 208 2766 1862 2844">
     <span class='ocr_line' id='line_1_45' title="bbox 208 2766 1862 2844; baseline 0.001 -23"><span class='ocrx_word' id='word_1_310' title='bbox 208 2766 553 2840; x_wconf 70' lang='grc' dir='ltr'>έκμάττοντα</span> <span class='ocrx_word' id='word_1_311' title='bbox 583 2767 777 2843; x_wconf 64' lang='grc' dir='ltr'>ἀγαθά,</span> <span class='ocrx_word' id='word_1_312' title='bbox 837 2768 937 2823; x_wconf 80' lang='grc' dir='ltr'><strong>οὐκ</strong></span> <span class='ocrx_word' id='word_1_313' title='bbox 982 2768 1044 2822; x_wconf 73' lang='grc' dir='ltr'>ἂν</span> <span class='ocrx_word' id='word_1_314' title='bbox 1100 2766 1343 2823; x_wconf 83' lang='grc' dir='ltr'>δύναιντο</span> <span class='ocrx_word' id='word_1_315' title='bbox 1380 2771 1455 2843; x_wconf 82' lang='grc' dir='ltr'>μή</span> <span class='ocrx_word' id='word_1_316' title='bbox 1487 2770 1625 2844; x_wconf 89' lang='grc' dir='ltr'>πρὸς</span> <span class='ocrx_word' id='word_1_317' title='bbox 1673 2768 1862 2842; x_wconf 80' lang='grc' dir='ltr'>ἐκείνῳ</span> 
     </span>
    </p>
   </div>
   <div class='ocr_carea' id='block_1_46' title="bbox 209 2852 1859 2934">
    <p class='ocr_par' dir='ltr' id='par_1_46' title="bbox 209 2852 1859 2934">
     <span class='ocr_line' id='line_1_46' title="bbox 209 2852 1859 2934; baseline 0.001 -23"><span class='ocrx_word' id='word_1_318' title='bbox 209 2856 431 2934; x_wconf 73' lang='grc' dir='ltr'>ἀφιέναι</span> <span class='ocrx_word' id='word_1_319' title='bbox 484 2857 618 2910; x_wconf 75' lang='grc' dir='ltr'>εἶναι</span> <span class='ocrx_word' id='word_1_320' title='bbox 668 2852 916 2925; x_wconf 63' lang='grc' dir='ltr'>ἕκαστον,</span> <span class='ocrx_word' id='word_1_321' title='bbox 968 2857 1042 2919; x_wconf 86' lang='grc' dir='ltr'>ὡς</span> <span class='ocrx_word' id='word_1_322' title='bbox 1094 2856 1423 2933; x_wconf 67' lang='grc' dir='ltr'>ἐτάχθησαν.</span> <span class='ocrx_word' id='word_1_323' title='bbox 1473 2858 1639 2915; x_wconf 74' lang='grc' dir='ltr'>Αὐτοὶ</span> <span class='ocrx_word' id='word_1_324' title='bbox 1676 2856 1733 2913; x_wconf 82' lang='grc' dir='ltr'><strong>δὲ</strong></span> <span class='ocrx_word' id='word_1_325' title='bbox 1759 2862 1859 2923; x_wconf 78' lang='grc' dir='ltr'>τῆς</span> 
     </span>
    </p>
   </div>
   <div class='ocr_carea' id='block_1_47' title="bbox 210 2942 1859 3022">
    <p class='ocr_par' dir='ltr' id='par_1_47' title="bbox 210 2942 1859 3022">
     <span class='ocr_line' id='line_1_47' title="bbox 210 2942 1859 3022; baseline 0.001 -22"><span class='ocrx_word' id='word_1_326' title='bbox 210 2944 407 3022; x_wconf 67' lang='grc' dir='ltr'>ἑφεξῆς</span> <span class='ocrx_word' id='word_1_327' title='bbox 460 2945 825 3020; x_wconf 81' lang='grc' dir='ltr'>τυγχάνουσιν</span> <span class='ocrx_word' id='word_1_328' title='bbox 874 2942 1224 3019; x_wconf 81' lang='grc' dir='ltr'>ἐλλάμψεως,</span> <span class='ocrx_word' id='word_1_329' title='bbox 1268 2944 1359 3001; x_wconf 73' lang='grc' dir='ltr'>’ίνα</span> <span class='ocrx_word' id='word_1_330' title='bbox 1421 2952 1586 3020; x_wconf 82' lang='grc' dir='ltr'>τριῶν</span> <span class='ocrx_word' id='word_1_331' title='bbox 1654 2947 1859 3002; x_wconf 87' lang='grc' dir='ltr'>τούτων</span> 
     </span>
    </p>
   </div>
   <div class='ocr_carea' id='block_1_48' title="bbox 208 3032 1862 3111">
    <p class='ocr_par' dir='ltr' id='par_1_48' title="bbox 208 3032 1862 3111">
     <span class='ocr_line' id='line_1_48' title="bbox 208 3032 1862 3111; baseline 0.002 -24"><span class='ocrx_word' id='word_1_332' title='bbox 208 3034 435 3111; x_wconf 73' lang='grc' dir='ltr'>φώτων,</span> <span class='ocrx_word' id='word_1_333' title='bbox 493 3037 591 3088; x_wconf 75' lang='grc' dir='ltr'><strong>τοῦ</strong></span> <span class='ocrx_word' id='word_1_334' title='bbox 642 3032 976 3109; x_wconf 79' lang='grc' dir='ltr'>ἂσυγκρίτως</span> <span class='ocrx_word' id='word_1_335' title='bbox 1038 3035 1168 3110; x_wconf 73' lang='grc' dir='ltr'>ὑπὲρ</span> <span class='ocrx_word' id='word_1_336' title='bbox 1217 3033 1377 3104; x_wconf 73' lang='grc' dir='ltr'>ἥλιον</span> <span class='ocrx_word' id='word_1_337' title='bbox 1435 3035 1588 3110; x_wconf 76' lang='grc' dir='ltr'>(ὅπερ</span> <span class='ocrx_word' id='word_1_338' title='bbox 1647 3033 1789 3091; x_wconf 77' lang='grc' dir='ltr'>ἔστιν</span> <span class='ocrx_word' id='word_1_339' title='bbox 1834 3036 1862 3091; x_wconf 97' lang='lat'><strong>6</strong></span> 
     </span>
    </p>
   </div>
   <div class='ocr_carea' id='block_1_49' title="bbox 210 3120 1862 3201">
    <p class='ocr_par' dir='ltr' id='par_1_49' title="bbox 210 3120 1862 3201">
     <span class='ocr_line' id='line_1_49' title="bbox 210 3120 1862 3201; baseline 0.001 -23"><span class='ocrx_word' id='word_1_340' title='bbox 210 3124 389 3195; x_wconf 82' lang='grc' dir='ltr'>Θεὸς),</span> <span class='ocrx_word' id='word_1_341' title='bbox 420 3125 524 3175; x_wconf 76' lang='grc' dir='ltr'><strong>τοῦ</strong></span> <span class='ocrx_word' id='word_1_342' title='bbox 579 3122 713 3195; x_wconf 73' lang='grc' dir='ltr'>μετὰ</span> <span class='ocrx_word' id='word_1_343' title='bbox 738 3122 802 3177; x_wconf 89' lang='grc' dir='ltr'><strong>τὸ</strong></span> <span class='ocrx_word' id='word_1_344' title='bbox 826 3120 1111 3198; x_wconf 82' lang='grc' dir='ltr'>ἀγγελικὸν</span> <span class='ocrx_word' id='word_1_345' title='bbox 1152 3121 1431 3193; x_wconf 78' lang='grc' dir='ltr'>ἠλιώδους</span> <span class='ocrx_word' id='word_1_346' title='bbox 1485 3125 1540 3195; x_wconf 82' lang='grc' dir='ltr'><strong>(ὃ</strong></span> <span class='ocrx_word' id='word_1_347' title='bbox 1588 3127 1862 3201; x_wconf 89' lang='grc' dir='ltr'>παραυγά-</span> 
     </span>
    </p>
   </div>
   <div class='ocr_carea' id='block_1_50' title="bbox 211 3210 1864 3287">
    <p class='ocr_par' dir='ltr' id='par_1_50' title="bbox 211 3210 1864 3287">
     <span class='ocr_line' id='line_1_50' title="bbox 211 3210 1864 3287; baseline 0.002 -21"><span class='ocrx_word' id='word_1_348' title='bbox 211 3216 287 3280; x_wconf 82' lang='grc' dir='ltr'><strong>ζει</strong></span> <span class='ocrx_word' id='word_1_349' title='bbox 319 3211 417 3265; x_wconf 88' lang='grc' dir='ltr'><strong>τὸν</strong></span> <span class='ocrx_word' id='word_1_350' title='bbox 451 3210 757 3287; x_wconf 85' lang='grc' dir='ltr'>ἀρχιερέα),</span> <span class='ocrx_word' id='word_1_351' title='bbox 813 3210 903 3265; x_wconf 84' lang='grc' dir='ltr'><strong>καὶ</strong></span> <span class='ocrx_word' id='word_1_352' title='bbox 960 3216 1079 3279; x_wconf 71' lang='grc' dir='ltr'>τοῦ,</span> <span class='ocrx_word' id='word_1_353' title='bbox 1147 3212 1223 3274; x_wconf 85' lang='grc' dir='ltr'>ὡς</span> <span class='ocrx_word' id='word_1_354' title='bbox 1276 3212 1449 3275; x_wconf 81' lang='grc' dir='ltr'>οὕτως</span> <span class='ocrx_word' id='word_1_355' title='bbox 1480 3213 1672 3283; x_wconf 74' lang='grc' dir='ltr'>εἰπεῖν,</span> <span class='ocrx_word' id='word_1_356' title='bbox 1706 3213 1864 3283; x_wconf 81' lang='grc' dir='ltr'>σελη·</span> 
     </span>
    </p>
   </div>
   <div class='ocr_carea' id='block_1_51' title="bbox 205 3298 1861 3377">
    <p class='ocr_par' dir='ltr' id='par_1_51' title="bbox 205 3298 1861 3377">
     <span class='ocr_line' id='line_1_51' title="bbox 205 3298 1861 3377; baseline 0.001 -23"><span class='ocrx_word' id='word_1_357' title='bbox 205 3299 367 3354; x_wconf 85' lang='grc' dir='ltr'>ναίου</span> <span class='ocrx_word' id='word_1_358' title='bbox 396 3303 497 3353; x_wconf 73' lang='grc' dir='ltr'><strong>τοῦ</strong></span> <span class='ocrx_word' id='word_1_359' title='bbox 542 3299 680 3353; x_wconf 85' lang='grc' dir='ltr'><strong>κατά</strong></span> <span class='ocrx_word' id='word_1_360' title='bbox 723 3299 815 3354; x_wconf 88' lang='grc' dir='ltr'><strong>τὸν</strong></span> <span class='ocrx_word' id='word_1_361' title='bbox 852 3298 1319 3375; x_wconf 67' lang='grc' dir='ltr'>μεγαλοσχήμονα</span> <span class='ocrx_word' id='word_1_362' title='bbox 1354 3303 1620 3377; x_wconf 83' lang='grc' dir='ltr'>μοναχὸν,</span> <span class='ocrx_word' id='word_1_363' title='bbox 1650 3301 1861 3377; x_wconf 76' lang='grc' dir='ltr'>ὕστεροι</span> 
     </span>
    </p>
   </div>
   <div class='ocr_carea' id='block_1_52' title="bbox 206 3386 1865 3467">
    <p class='ocr_par' dir='ltr' id='par_1_52' title="bbox 206 3386 1865 3467">
     <span class='ocr_line' id='line_1_52' title="bbox 206 3386 1865 3467; baseline 0.001 -23"><span class='ocrx_word' id='word_1_364' title='bbox 206 3386 660 3444; x_wconf 72' lang='grc' dir='ltr'>ἱπανατέλλωσιν</span> <span class='ocrx_word' id='word_1_365' title='bbox 695 3390 748 3444; x_wconf 77' lang='grc' dir='ltr'>οἱ</span> <span class='ocrx_word' id='word_1_366' title='bbox 780 3387 968 3444; x_wconf 86' lang='grc' dir='ltr'>λοιποὶ</span> <span class='ocrx_word' id='word_1_367' title='bbox 997 3390 1133 3444; x_wconf 78' lang='grc' dir='ltr'>κατὰ</span> <span class='ocrx_word' id='word_1_368' title='bbox 1163 3390 1290 3445; x_wconf 86' lang='grc' dir='ltr'>Θεὸν</span> <span class='ocrx_word' id='word_1_369' title='bbox 1330 3391 1524 3453; x_wconf 86' lang='grc' dir='ltr'>πάντες</span> <span class='ocrx_word' id='word_1_370' title='bbox 1579 3392 1700 3467; x_wconf 75' lang='grc' dir='ltr'>περὶ</span> <span class='ocrx_word' id='word_1_371' title='bbox 1761 3399 1865 3467; x_wconf 85' lang='grc' dir='ltr'><strong>γῆν</strong></span> 
     </span>
    </p>
   </div>
   <div class='ocr_carea' id='block_1_53' title="bbox 206 3477 1868 3555">
    <p class='ocr_par' dir='ltr' id='par_1_53' title="bbox 206 3477 1868 3555">
     <span class='ocr_line' id='line_1_53' title="bbox 206 3477 1868 3555; baseline 0.001 -23"><span class='ocrx_word' id='word_1_372' title='bbox 206 3477 456 3554; x_wconf 80' lang='grc' dir='ltr'>ἀστέρες,</span> <span class='ocrx_word' id='word_1_373' title='bbox 488 3478 630 3553; x_wconf 77' lang='grc' dir='ltr'>φωτί</span> <span class='ocrx_word' id='word_1_374' title='bbox 675 3499 734 3533; x_wconf 90' lang='grc' dir='ltr'><strong>τε</strong></span> <span class='ocrx_word' id='word_1_375' title='bbox 782 3481 1210 3554; x_wconf 83' lang='grc' dir='ltr'>καταυγάζοντες</span> <span class='ocrx_word' id='word_1_376' title='bbox 1258 3481 1345 3534; x_wconf 75' lang='grc' dir='ltr'><strong>καὶ</strong></span> <span class='ocrx_word' id='word_1_377' title='bbox 1383 3479 1674 3555; x_wconf 87' lang='grc' dir='ltr'>ζωογόνοις</span> <span class='ocrx_word' id='word_1_378' title='bbox 1723 3480 1868 3554; x_wconf 81' lang='grc' dir='ltr'>ένερ-</span> 
     </span>
    </p>
   </div>
   <div class='ocr_carea' id='block_1_54' title="bbox 206 3565 1869 3645">
    <p class='ocr_par' dir='ltr' id='par_1_54' title="bbox 206 3565 1869 3645">
     <span class='ocr_line' id='line_1_54' title="bbox 206 3565 1869 3645; baseline 0.001 -23"><span class='ocrx_word' id='word_1_379' title='bbox 206 3566 387 3643; x_wconf 87' lang='grc' dir='ltr'>γείαις</span> <span class='ocrx_word' id='word_1_380' title='bbox 420 3565 719 3631; x_wconf 75' lang='grc' dir='ltr'>θάλποντες</span> <span class='ocrx_word' id='word_1_381' title='bbox 748 3566 879 3631; x_wconf 78' lang='grc' dir='ltr'>τοὺς</span> <span class='ocrx_word' id='word_1_382' title='bbox 917 3568 1330 3644; x_wconf 84' lang='grc' dir='ltr'>ταπεινοτέρους</span> <span class='ocrx_word' id='word_1_383' title='bbox 1387 3569 1720 3645; x_wconf 84' lang='grc' dir='ltr'>ἀνθρώπους,</span> <span class='ocrx_word' id='word_1_384' title='bbox 1771 3568 1869 3624; x_wconf 81' lang='grc' dir='ltr'><strong>ὅσα</strong></span> 
     </span>
    </p>
   </div>
   <div class='ocr_carea' id='block_1_55' title="bbox 206 3657 1871 3735">
    <p class='ocr_par' dir='ltr' id='par_1_55' title="bbox 206 3657 1871 3735">
     <span class='ocr_line' id='line_1_55' title="bbox 206 3657 1871 3735; baseline 0.002 -24"><span class='ocrx_word' id='word_1_385' title='bbox 206 3658 298 3711; x_wconf 80' lang='grc' dir='ltr'>καὶ</span> <span class='ocrx_word' id='word_1_386' title='bbox 352 3663 457 3733; x_wconf 84' lang='grc' dir='ltr'><strong>γῆν</strong></span> <span class='ocrx_word' id='word_1_387' title='bbox 511 3657 675 3711; x_wconf 82' lang='grc' dir='ltr'>πίονα</span> <span class='ocrx_word' id='word_1_388' title='bbox 728 3657 803 3719; x_wconf 86' lang='grc' dir='ltr'><strong>εἰς</strong></span> <span class='ocrx_word' id='word_1_389' title='bbox 855 3657 1237 3734; x_wconf 68' lang='grc' dir='ltr'>καρπογονίαν·</span> <span class='ocrx_word' id='word_1_390' title='bbox 1317 3658 1383 3727; x_wconf 79' lang='grc' dir='ltr'><strong>ἧς</strong></span> <span class='ocrx_word' id='word_1_391' title='bbox 1448 3658 1691 3735; x_wconf 80' lang='grc' dir='ltr'>ἀπαρχαὶ</span> <span class='ocrx_word' id='word_1_392' title='bbox 1741 3658 1871 3734; x_wconf 84' lang='grc' dir='ltr'>ἀφο-</span> 
     </span>
    </p>
   </div>
   <div class='ocr_carea' id='block_1_56' title="bbox 209 3745 1869 3823">
    <p class='ocr_par' dir='ltr' id='par_1_56' title="bbox 209 3745 1869 3823">
     <span class='ocr_line' id='line_1_56' title="bbox 209 3745 1869 3823; baseline 0.002 -23"><span class='ocrx_word' id='word_1_393' title='bbox 209 3750 459 3800; x_wconf 69' lang='grc' dir='ltr'>σιοῦνται</span> <span class='ocrx_word' id='word_1_394' title='bbox 507 3750 625 3819; x_wconf 83' lang='grc' dir='ltr'>Θεῷ</span> <span class='ocrx_word' id='word_1_395' title='bbox 673 3745 763 3801; x_wconf 79' lang='grc' dir='ltr'><strong>καὶ</strong></span> <span class='ocrx_word' id='word_1_396' title='bbox 816 3748 867 3801; x_wconf 74' lang='grc' dir='ltr'>οἱ</span> <span class='ocrx_word' id='word_1_397' title='bbox 913 3752 1154 3803; x_wconf 76' lang='grc' dir='ltr'>τοιοῦτοι</span> <span class='ocrx_word' id='word_1_398' title='bbox 1205 3746 1463 3823; x_wconf 81' lang='grc' dir='ltr'>μοναχοῖ,</span> <span class='ocrx_word' id='word_1_399' title='bbox 1512 3748 1600 3802; x_wconf 85' lang='grc' dir='ltr'><strong>καὶ</strong></span> <span class='ocrx_word' id='word_1_400' title='bbox 1651 3748 1702 3802; x_wconf 77' lang='grc' dir='ltr'>οἱ</span> <span class='ocrx_word' id='word_1_401' title='bbox 1754 3750 1869 3803; x_wconf 83' lang='grc' dir='ltr'>κατ’</span> 
     </span>
    </p>
   </div>
   <div class='ocr_carea' id='block_1_57' title="bbox 209 3832 1870 3913">
    <p class='ocr_par' dir='ltr' id='par_1_57' title="bbox 209 3832 1870 3913">
     <span class='ocr_line' id='line_1_57' title="bbox 209 3832 1870 3913; baseline 0.002 -23"><span class='ocrx_word' id='word_1_402' title='bbox 209 3834 435 3904; x_wconf 76' lang='grc' dir='ltr'>αὐτοὺς,</span> <span class='ocrx_word' id='word_1_403' title='bbox 479 3833 570 3890; x_wconf 78' lang='grc' dir='ltr'><strong>καί</strong></span> <span class='ocrx_word' id='word_1_404' title='bbox 620 3832 808 3898; x_wconf 78' lang='grc' dir='ltr'>ἄλλως</span> <span class='ocrx_word' id='word_1_405' title='bbox 854 3834 911 3891; x_wconf 73' lang='grc' dir='ltr'><strong>δὲ</strong></span> <span class='ocrx_word' id='word_1_406' title='bbox 971 3837 1103 3913; x_wconf 72' lang='grc' dir='ltr'>ὑπὲρ</span> <span class='ocrx_word' id='word_1_407' title='bbox 1161 3836 1358 3892; x_wconf 75' lang='grc' dir='ltr'>αὐτοὺς</span> <span class='ocrx_word' id='word_1_408' title='bbox 1408 3838 1703 3913; x_wconf 84' lang='grc' dir='ltr'>ἀρχιερεῖς·</span> <span class='ocrx_word' id='word_1_409' title='bbox 1752 3839 1870 3893; x_wconf 86' lang='grc' dir='ltr'>κατ’</span> 
     </span>
    </p>
   </div>
   <div class='ocr_carea' id='block_1_58' title="bbox 210 3921 1871 4000">
    <p class='ocr_par' dir='ltr' id='par_1_58' title="bbox 210 3921 1871 4000">
     <span class='ocr_line' id='line_1_58' title="bbox 210 3921 1871 4000; baseline 0.002 -21"><span class='ocrx_word' id='word_1_410' title='bbox 210 3922 410 3985; x_wconf 67' lang='grc' dir='ltr'>αὐτοὺς</span> <span class='ocrx_word' id='word_1_411' title='bbox 464 3924 556 3997; x_wconf 76' lang='grc' dir='ltr'>μὶν</span> <span class='ocrx_word' id='word_1_412' title='bbox 587 3921 676 3978; x_wconf 81' lang='grc' dir='ltr'>διά</span> <span class='ocrx_word' id='word_1_413' title='bbox 702 3926 801 3994; x_wconf 74' lang='grc' dir='ltr'>τὴν</span> <span class='ocrx_word' id='word_1_414' title='bbox 836 3923 1223 3995; x_wconf 73' lang='grc' dir='ltr'>ἴσοπολιτείαν,</span> <span class='ocrx_word' id='word_1_415' title='bbox 1278 3926 1410 4000; x_wconf 77' lang='grc' dir='ltr'>ὑπὲρ</span> <span class='ocrx_word' id='word_1_416' title='bbox 1459 3926 1651 3990; x_wconf 74' lang='grc' dir='ltr'>αὐτοὺς</span> <span class='ocrx_word' id='word_1_417' title='bbox 1683 3925 1739 3982; x_wconf 80' lang='grc' dir='ltr'><strong>δὲ</strong></span> <span class='ocrx_word' id='word_1_418' title='bbox 1783 3925 1871 3983; x_wconf 70' lang='grc' dir='ltr'><strong>διὰ</strong></span> 
     </span>
    </p>
   </div>
   <div class='ocr_carea' id='block_1_59' title="bbox 209 4012 1869 4092">
    <p class='ocr_par' dir='ltr' id='par_1_59' title="bbox 209 4012 1869 4092">
     <span class='ocr_line' id='line_1_59' title="bbox 209 4012 1869 4092; baseline 0.004 -25"><span class='ocrx_word' id='word_1_419' title='bbox 209 4014 274 4068; x_wconf 89' lang='grc' dir='ltr'><strong>τὸ</strong></span> <span class='ocrx_word' id='word_1_420' title='bbox 305 4018 409 4083; x_wconf 85' lang='grc' dir='ltr'><strong>τῆς</strong></span> <span class='ocrx_word' id='word_1_421' title='bbox 470 4012 885 4090; x_wconf 69' lang='grc' dir='ltr'>ἀρχιερωσύνης</span> <span class='ocrx_word' id='word_1_422' title='bbox 915 4014 1159 4090; x_wconf 73' lang='grc' dir='ltr'>ὕψιστον·</span> <span class='ocrx_word' id='word_1_423' title='bbox 1194 4014 1277 4070; x_wconf 81' lang='grc' dir='ltr'><strong>ὅτι</strong></span> <span class='ocrx_word' id='word_1_424' title='bbox 1306 4016 1392 4071; x_wconf 77' lang='grc' dir='ltr'><strong>καὶ</strong></span> <span class='ocrx_word' id='word_1_425' title='bbox 1432 4015 1707 4092; x_wconf 87' lang='grc' dir='ltr'>βασίλειον</span> <span class='ocrx_word' id='word_1_426' title='bbox 1740 4016 1869 4073; x_wconf 79' lang='grc' dir='ltr'>αὐτὸ</span> 
     </span>
    </p>
   </div>
   <div class='ocr_carea' id='block_1_60' title="bbox 208 4098 1868 4181">
    <p class='ocr_par' dir='ltr' id='par_1_60' title="bbox 208 4098 1868 4181">
     <span class='ocr_line' id='line_1_60' title="bbox 208 4098 1868 4181; baseline 0.003 -26"><span class='ocrx_word' id='word_1_427' title='bbox 208 4102 532 4176; x_wconf 74' lang='grc' dir='ltr'>ἱεράτευμα·</span> <span class='ocrx_word' id='word_1_428' title='bbox 578 4098 648 4155; x_wconf 84' lang='grc' dir='ltr'>δι’</span> <span class='ocrx_word' id='word_1_429' title='bbox 698 4100 760 4156; x_wconf 76' lang='grc' dir='ltr'><strong>οὗ</strong></span> <span class='ocrx_word' id='word_1_430' title='bbox 808 4103 898 4159; x_wconf 82' lang='grc' dir='ltr'>καὶ</span> <span class='ocrx_word' id='word_1_431' title='bbox 948 4104 1106 4159; x_wconf 80' lang='grc' dir='ltr'>αὐτοὶ</span> <span class='ocrx_word' id='word_1_432' title='bbox 1155 4104 1439 4176; x_wconf 76' lang='grc' dir='ltr'>ἐξάπαντος</span> <span class='ocrx_word' id='word_1_433' title='bbox 1486 4104 1868 4181; x_wconf 77' lang='grc' dir='ltr'>εὐλογοῦνται,</span> 
     </span>
    </p>
   </div>
   <div class='ocr_carea' id='block_1_61' title="bbox 206 4189 1867 4268">
    <p class='ocr_par' dir='ltr' id='par_1_61' title="bbox 206 4189 1867 4268">
     <span class='ocr_line' id='line_1_61' title="bbox 206 4189 1867 4268; baseline 0.002 -23"><span class='ocrx_word' id='word_1_434' title='bbox 206 4190 284 4253; x_wconf 82' lang='grc' dir='ltr'>ὡς</span> <span class='ocrx_word' id='word_1_435' title='bbox 348 4189 525 4261; x_wconf 81' lang='grc' dir='ltr'>πάντη</span> <span class='ocrx_word' id='word_1_436' title='bbox 588 4191 805 4253; x_wconf 87' lang='grc' dir='ltr'>πάντως</span> <span class='ocrx_word' id='word_1_437' title='bbox 857 4190 1161 4264; x_wconf 84' lang='grc' dir='ltr'>ἐλάττονες,</span> <span class='ocrx_word' id='word_1_438' title='bbox 1216 4194 1319 4249; x_wconf 83' lang='grc' dir='ltr'><strong>ὑπὸ</strong></span> <span class='ocrx_word' id='word_1_439' title='bbox 1375 4195 1650 4268; x_wconf 83' lang='grc' dir='ltr'>μείζονος,</span> <span class='ocrx_word' id='word_1_440' title='bbox 1683 4194 1732 4250; x_wconf 64' lang='grc' dir='ltr'>εἴ</span> <span class='ocrx_word' id='word_1_441' title='bbox 1778 4195 1867 4251; x_wconf 79' lang='grc' dir='ltr'><strong>καὶ</strong></span> 
     </span>
    </p>
   </div>
   <div class='ocr_carea' id='block_1_62' title="bbox 204 4276 1868 4360">
    <p class='ocr_par' dir='ltr' id='par_1_62' title="bbox 204 4276 1868 4360">
     <span class='ocr_line' id='line_1_62' title="bbox 204 4276 1868 4360; baseline 0.004 -25"><span class='ocrx_word' id='word_1_442' title='bbox 204 4280 543 4355; x_wconf 84' lang='grc' dir='ltr'>ἀχθέσονται</span> <span class='ocrx_word' id='word_1_443' title='bbox 598 4276 749 4353; x_wconf 68' lang='grc' dir='ltr'>ἴσως,</span> <span class='ocrx_word' id='word_1_444' title='bbox 792 4280 922 4337; x_wconf 78' lang='grc' dir='ltr'>αὐτό</span> <span class='ocrx_word' id='word_1_445' title='bbox 977 4282 1323 4354; x_wconf 84' lang='grc' dir='ltr'>ἀκούσαντες,</span> <span class='ocrx_word' id='word_1_446' title='bbox 1374 4285 1450 4347; x_wconf 86' lang='grc' dir='ltr'><strong>ὡς</strong></span> <span class='ocrx_word' id='word_1_447' title='bbox 1499 4283 1610 4340; x_wconf 74' lang='grc' dir='ltr'>ἔστι</span> <span class='ocrx_word' id='word_1_448' title='bbox 1656 4287 1868 4360; x_wconf 80' lang='grc' dir='ltr'>τεκμή-</span> 
     </span>
    </p>
   </div>
   <div class='ocr_carea' id='block_1_63' title="bbox 208 4367 1866 4448">
    <p class='ocr_par' dir='ltr' id='par_1_63' title="bbox 208 4367 1866 4448">
     <span class='ocr_line' id='line_1_63' title="bbox 208 4367 1866 4448; baseline 0.004 -25"><span class='ocrx_word' id='word_1_449' title='bbox 208 4371 405 4444; x_wconf 80' lang='grc' dir='ltr'>ρασθαι</span> <span class='ocrx_word' id='word_1_450' title='bbox 445 4415 460 4443; x_wconf 87' lang='grc'><strong>,</strong></span> <span class='ocrx_word' id='word_1_451' title='bbox 518 4369 607 4447; x_wconf 77' lang='grc' dir='ltr'>ἀφ’</span> <span class='ocrx_word' id='word_1_452' title='bbox 656 4371 731 4424; x_wconf 82' lang='grc' dir='ltr'>ὧν</span> <span class='ocrx_word' id='word_1_453' title='bbox 780 4370 854 4433; x_wconf 87' lang='grc' dir='ltr'><strong>ὡς</strong></span> <span class='ocrx_word' id='word_1_454' title='bbox 912 4367 1168 4428; x_wconf 67' lang='grc' dir='ltr'>ἑκάστοτε</span> <span class='ocrx_word' id='word_1_455' title='bbox 1224 4374 1560 4448; x_wconf 83' lang='grc' dir='ltr'>πειρώμεθα·</span> <span class='ocrx_word' id='word_1_456' title='bbox 1623 4375 1725 4430; x_wconf 83' lang='grc' dir='ltr'>οὐκ</span> <span class='ocrx_word' id='word_1_457' title='bbox 1781 4374 1866 4429; x_wconf 82' lang='grc' dir='ltr'>εύ-</span> 
     </span>
    </p>
   </div>
   <div class='ocr_carea' id='block_1_64' title="bbox 203 4455 1899 4540">
    <p class='ocr_par' dir='ltr' id='par_1_64' title="bbox 203 4455 1899 4540">
     <span class='ocr_line' id='line_1_64' title="bbox 203 4455 1899 4540; baseline 0.004 -27"><span class='ocrx_word' id='word_1_458' title='bbox 203 4458 458 4533; x_wconf 81' lang='grc' dir='ltr'>Λόγιστοι</span> <span class='ocrx_word' id='word_1_459' title='bbox 534 4458 731 4515; x_wconf 80' lang='grc' dir='ltr'>ἐκεῖνοι</span> <span class='ocrx_word' id='word_1_460' title='bbox 805 4455 975 4533; x_wconf 73' lang='grc' dir='ltr'>ὄντες,</span> <span class='ocrx_word' id='word_1_461' title='bbox 1053 4460 1137 4518; x_wconf 74' lang='grc' dir='ltr'><strong>ὅτι</strong></span> <span class='ocrx_word' id='word_1_462' title='bbox 1216 4460 1357 4537; x_wconf 74' lang='grc' dir='ltr'>μηδά</span> <span class='ocrx_word' id='word_1_463' title='bbox 1432 4460 1600 4539; x_wconf 85' lang='grc' dir='ltr'>λόγον</span> <span class='ocrx_word' id='word_1_464' title='bbox 1677 4458 1899 4540; x_wconf 76' lang='grc' dir='ltr'>ἔχουσιν</span> 
     </span>
    </p>
   </div>
   <div class='ocr_carea' id='block_1_65' title="bbox 208 4550 585 4619">
    <p class='ocr_par' dir='ltr' id='par_1_65' title="bbox 208 4550 585 4619">
     <span class='ocr_line' id='line_1_65' title="bbox 208 4550 585 4619; baseline 0.003 -14"><span class='ocrx_word' id='word_1_465' title='bbox 208 4550 585 4619; x_wconf 76' lang='grc' dir='ltr'>ἁπαιτήσειεν.</span> 
     </span>
    </p>
   </div>
   <div class='ocr_carea' id='block_1_66' title="bbox 1972 1966 3614 2035">
    <p class='ocr_par' dir='ltr' id='par_1_66' title="bbox 1972 1966 3614 2035">
     <span class='ocr_line' id='line_1_66' title="bbox 1972 1966 3614 2035; baseline -0.001 -14"><span class='ocrx_word' id='word_1_466' title='bbox 1972 1967 2145 2022; x_wconf 91' lang='lat' dir='ltr'><strong>modo</strong></span> <span class='ocrx_word' id='word_1_467' title='bbox 2165 1966 2383 2035; x_wconf 84' lang='lat' dir='ltr'><strong>velint;</strong></span> <span class='ocrx_word' id='word_1_468' title='bbox 2411 1968 2511 2023; x_wconf 89' lang='lat' dir='ltr'><strong>uni</strong></span> <span class='ocrx_word' id='word_1_469' title='bbox 2531 1973 2587 2023; x_wconf 87' lang='lat' dir='ltr'><strong>et</strong></span> <span class='ocrx_word' id='word_1_470' title='bbox 2608 1967 2715 2023; x_wconf 92' lang='lat' dir='ltr'><strong>soli</strong></span> <span class='ocrx_word' id='word_1_471' title='bbox 2741 1968 2929 2024; x_wconf 91' lang='lat' dir='ltr'><strong>ordini</strong></span> <span class='ocrx_word' id='word_1_472' title='bbox 2949 1967 3143 2022; x_wconf 88' lang='lat' dir='ltr'><strong>divino</strong></span> <span class='ocrx_word' id='word_1_473' title='bbox 3161 1967 3353 2023; x_wconf 90' lang='lat' dir='ltr'><strong>locum</strong></span> <span class='ocrx_word' id='word_1_474' title='bbox 3377 1967 3614 2032; x_wconf 87' lang='lat' dir='ltr'><strong>cedunt,</strong></span> 
     </span>
    </p>
   </div>
   <div class='ocr_carea' id='block_1_67' title="bbox 1969 2054 3616 2129">
    <p class='ocr_par' dir='ltr' id='par_1_67' title="bbox 1969 2054 3616 2129">
     <span class='ocr_line' id='line_1_67' title="bbox 1969 2054 3616 2129; baseline 0.001 -19"><span class='ocrx_word' id='word_1_475' title='bbox 1969 2072 2035 2111; x_wconf 84' lang='lat' dir='ltr'><strong>ex</strong></span> <span class='ocrx_word' id='word_1_476' title='bbox 2056 2054 2176 2111; x_wconf 89' lang='lat' dir='ltr'><strong>alta</strong></span> <span class='ocrx_word' id='word_1_477' title='bbox 2188 2073 2295 2112; x_wconf 89' lang='lat' dir='ltr'><strong>sua</strong></span> <span class='ocrx_word' id='word_1_478' title='bbox 2317 2058 2453 2113; x_wconf 89' lang='lat' dir='ltr'><strong>sede</strong></span> <span class='ocrx_word' id='word_1_479' title='bbox 2473 2061 2607 2112; x_wconf 86' lang='lat' dir='ltr'><strong>ante</strong></span> <span class='ocrx_word' id='word_1_480' title='bbox 2629 2057 2962 2129; x_wconf 76' lang='lat' dir='ltr'><strong>pontiﬁcem</strong></span> <span class='ocrx_word' id='word_1_481' title='bbox 2978 2061 3297 2129; x_wconf 85' lang='lat' dir='ltr'><strong>assurgunt</strong></span> <span class='ocrx_word' id='word_1_482' title='bbox 3319 2073 3332 2123; x_wconf 90' lang='lat'><strong>;</strong></span> <span class='ocrx_word' id='word_1_483' title='bbox 3356 2055 3616 2126; x_wconf 86' lang='lat' dir='ltr'><strong>reliquos</strong></span> 
     </span>
    </p>
   </div>
   <div class='ocr_carea' id='block_1_68' title="bbox 1968 2144 3612 2217">
    <p class='ocr_par' dir='ltr' id='par_1_68' title="bbox 1968 2144 3612 2217">
     <span class='ocr_line' id='line_1_68' title="bbox 1968 2144 3612 2217; baseline -0.001 -17"><span class='ocrx_word' id='word_1_484' title='bbox 1968 2161 2103 2201; x_wconf 83' lang='lat' dir='ltr'><strong>vero</strong></span> <span class='ocrx_word' id='word_1_485' title='bbox 2149 2145 2452 2202; x_wconf 88' lang='lat' dir='ltr'><strong>inferiores</strong></span> <span class='ocrx_word' id='word_1_486' title='bbox 2512 2147 2625 2202; x_wconf 81' lang='lat' dir='ltr'><strong>fine</strong></span> <span class='ocrx_word' id='word_1_487' title='bbox 2682 2150 2739 2202; x_wconf 88' lang='lat' dir='ltr'><strong>et</strong></span> <span class='ocrx_word' id='word_1_488' title='bbox 2792 2146 2996 2201; x_wconf 90' lang='lat' dir='ltr'><strong>habitu</strong></span> <span class='ocrx_word' id='word_1_489' title='bbox 3054 2150 3355 2217; x_wconf 88' lang='lat' dir='ltr'><strong>superant.</strong></span> <span class='ocrx_word' id='word_1_490' title='bbox 3388 2144 3612 2199; x_wconf 83' lang='lat' dir='ltr'><strong>Etenim</strong></span> 
     </span>
    </p>
   </div>
   <div class='ocr_carea' id='block_1_69' title="bbox 1971 2234 3614 2301">
    <p class='ocr_par' dir='ltr' id='par_1_69' title="bbox 1971 2234 3614 2301">
     <span class='ocr_line' id='line_1_69' title="bbox 1971 2234 3614 2301; baseline -0.001 -12"><span class='ocrx_word' id='word_1_491' title='bbox 1971 2235 2082 2290; x_wconf 89' lang='lat' dir='ltr'><strong>sub</strong></span> <span class='ocrx_word' id='word_1_492' title='bbox 2126 2235 2270 2291; x_wconf 66' lang='lat' dir='ltr'><strong>coelo</strong></span> <span class='ocrx_word' id='word_1_493' title='bbox 2318 2235 2471 2290; x_wconf 89' lang='lat' dir='ltr'><strong>inter</strong></span> <span class='ocrx_word' id='word_1_494' title='bbox 2520 2235 2751 2291; x_wconf 90' lang='lat' dir='ltr'><strong>divinos</strong></span> <span class='ocrx_word' id='word_1_495' title='bbox 2780 2235 3084 2291; x_wconf 88' lang='lat' dir='ltr'><strong>hominum</strong></span> <span class='ocrx_word' id='word_1_496' title='bbox 3116 2234 3369 2301; x_wconf 89' lang='lat' dir='ltr'><strong>ordines,</strong></span> <span class='ocrx_word' id='word_1_497' title='bbox 3404 2248 3614 2288; x_wconf 87' lang='lat' dir='ltr'><strong>secun-</strong></span> 
     </span>
    </p>
   </div>
   <div class='ocr_carea' id='block_1_70' title="bbox 1972 2322 3615 2396">
    <p class='ocr_par' dir='ltr' id='par_1_70' title="bbox 1972 2322 3615 2396">
     <span class='ocr_line' id='line_1_70' title="bbox 1972 2322 3615 2396; baseline -0.001 -18"><span class='ocrx_word' id='word_1_498' title='bbox 1972 2324 2077 2379; x_wconf 87' lang='lat' dir='ltr'><strong>dos</strong></span> <span class='ocrx_word' id='word_1_499' title='bbox 2136 2330 2267 2396; x_wconf 89' lang='lat' dir='ltr'><strong>post</strong></span> <span class='ocrx_word' id='word_1_500' title='bbox 2320 2324 2625 2391; x_wconf 76' lang='lat' dir='ltr'><strong>ccelestes,</strong></span> <span class='ocrx_word' id='word_1_501' title='bbox 2681 2341 2779 2380; x_wconf 91' lang='lat' dir='ltr'><strong>eos</strong></span> <span class='ocrx_word' id='word_1_502' title='bbox 2839 2325 2940 2396; x_wconf 91' lang='lat' dir='ltr'><strong>qui</strong></span> <span class='ocrx_word' id='word_1_503' title='bbox 3015 2324 3188 2396; x_wconf 90' lang='lat' dir='ltr'><strong>primi</strong></span> <span class='ocrx_word' id='word_1_504' title='bbox 3263 2327 3319 2378; x_wconf 89' lang='lat' dir='ltr'><strong>et</strong></span> <span class='ocrx_word' id='word_1_505' title='bbox 3373 2322 3615 2377; x_wconf 84' lang='lat' dir='ltr'><strong>maximi</strong></span> 
     </span>
    </p>
   </div>
   <div class='ocr_carea' id='block_1_71' title="bbox 1971 2411 3613 2485">
    <p class='ocr_par' dir='ltr' id='par_1_71' title="bbox 1971 2411 3613 2485">
     <span class='ocr_line' id='line_1_71' title="bbox 1971 2411 3613 2485; baseline -0.002 -16"><span class='ocrx_word' id='word_1_506' title='bbox 1971 2417 2184 2469; x_wconf 67' lang='lat' dir='ltr'><strong>nostra</strong></span> <span class='ocrx_word' id='word_1_507' title='bbox 2264 2414 2471 2469; x_wconf 89' lang='lat' dir='ltr'><strong>salutis</strong></span> <span class='ocrx_word' id='word_1_508' title='bbox 2556 2413 2850 2485; x_wconf 80' lang='lat' dir='ltr'><strong>pontificis</strong></span> <span class='ocrx_word' id='word_1_509' title='bbox 2942 2411 3255 2482; x_wconf 81' lang='lat' dir='ltr'><strong>imaginem</strong></span> <span class='ocrx_word' id='word_1_510' title='bbox 3334 2411 3613 2477; x_wconf 79' lang='lat' dir='ltr'><strong>referunt,</strong></span> 
     </span>
    </p>
   </div>
   <div class='ocr_carea' id='block_1_72' title="bbox 1968 2501 3622 2573">
    <p class='ocr_par' dir='ltr' id='par_1_72' title="bbox 1968 2501 3622 2573">
     <span class='ocr_line' id='line_1_72' title="bbox 1968 2501 3622 2573; baseline -0.002 -16"><span class='ocrx_word' id='word_1_511' title='bbox 1968 2501 2074 2557; x_wconf 87' lang='lat' dir='ltr'><strong>viri</strong></span> <span class='ocrx_word' id='word_1_512' title='bbox 2108 2504 2260 2558; x_wconf 89' lang='lat' dir='ltr'><strong>bona</strong></span> <span class='ocrx_word' id='word_1_513' title='bbox 2318 2502 2454 2559; x_wconf 85' lang='lat' dir='ltr'><strong>inde</strong></span> <span class='ocrx_word' id='word_1_514' title='bbox 2510 2503 2812 2558; x_wconf 86' lang='lat' dir='ltr'><strong>manantia</strong></span> <span class='ocrx_word' id='word_1_515' title='bbox 2871 2501 3275 2573; x_wconf 88' lang='lat' dir='ltr'><strong>percipientes,</strong></span> <span class='ocrx_word' id='word_1_516' title='bbox 3330 2517 3447 2555; x_wconf 90' lang='lat' dir='ltr'><strong>non</strong></span> <span class='ocrx_word' id='word_1_517' title='bbox 3489 2515 3622 2570; x_wconf 87' lang='lat' dir='ltr'><strong>pos-</strong></span> 
     </span>
    </p>
   </div>
   <div class='ocr_carea' id='block_1_73' title="bbox 1970 2592 3616 2663">
    <p class='ocr_par' dir='ltr' id='par_1_73' title="bbox 1970 2592 3616 2663">
     <span class='ocr_line' id='line_1_73' title="bbox 1970 2592 3616 2663; baseline -0.002 -16"><span class='ocrx_word' id='word_1_518' title='bbox 1970 2595 2110 2647; x_wconf 88' lang='lat' dir='ltr'><strong>sunt</strong></span> <span class='ocrx_word' id='word_1_519' title='bbox 2141 2592 2445 2663; x_wconf 89' lang='lat' dir='ltr'><strong>prohibere</strong></span> <span class='ocrx_word' id='word_1_520' title='bbox 2492 2592 2663 2662; x_wconf 85' lang='lat' dir='ltr'><strong>juxta</strong></span> <span class='ocrx_word' id='word_1_521' title='bbox 2717 2608 2851 2647; x_wconf 91' lang='lat' dir='ltr'><strong>eum</strong></span> <span class='ocrx_word' id='word_1_522' title='bbox 2902 2596 3056 2646; x_wconf 89' lang='lat' dir='ltr'><strong>stare</strong></span> <span class='ocrx_word' id='word_1_523' title='bbox 3115 2605 3616 2661; x_wconf 88' lang='lat' dir='ltr'><strong>unumquemque,</strong></span> 
     </span>
    </p>
   </div>
   <div class='ocr_carea' id='block_1_74' title="bbox 1969 2679 3617 2756">
    <p class='ocr_par' dir='ltr' id='par_1_74' title="bbox 1969 2679 3617 2756">
     <span class='ocr_line' id='line_1_74' title="bbox 1969 2679 3617 2756; baseline -0.003 -17"><span class='ocrx_word' id='word_1_524' title='bbox 1969 2687 2144 2756; x_wconf 86' lang='lat' dir='ltr'><strong>prout</strong></span> <span class='ocrx_word' id='word_1_525' title='bbox 2174 2683 2478 2739; x_wconf 84' lang='lat' dir='ltr'><strong>ordinatus</strong></span> <span class='ocrx_word' id='word_1_526' title='bbox 2534 2687 2644 2738; x_wconf 84' lang='lat' dir='ltr'><strong>est.</strong></span> <span class='ocrx_word' id='word_1_527' title='bbox 2705 2682 2923 2738; x_wconf 83' lang='lat' dir='ltr'><strong>Exinde</strong></span> <span class='ocrx_word' id='word_1_528' title='bbox 2954 2681 3296 2754; x_wconf 85' lang='lat' dir='ltr'><strong>dignitatem</strong></span> <span class='ocrx_word' id='word_1_529' title='bbox 3357 2679 3469 2751; x_wconf 86' lang='lat' dir='ltr'><strong>ipsi</strong></span> <span class='ocrx_word' id='word_1_530' title='bbox 3502 2685 3617 2735; x_wconf 88' lang='lat' dir='ltr'><strong>sta-</strong></span> 
     </span>
    </p>
   </div>
   <div class='ocr_carea' id='block_1_75' title="bbox 1969 2768 3612 2845">
    <p class='ocr_par' dir='ltr' id='par_1_75' title="bbox 1969 2768 3612 2845">
     <span class='ocr_line' id='line_1_75' title="bbox 1969 2768 3612 2845; baseline -0.002 -18"><span class='ocrx_word' id='word_1_531' title='bbox 1969 2772 2071 2828; x_wconf 87' lang='lat' dir='ltr'><strong>tim</strong></span> <span class='ocrx_word' id='word_1_532' title='bbox 2104 2772 2438 2844; x_wconf 82' lang='lat' dir='ltr'><strong>accipiunt;</strong></span> <span class='ocrx_word' id='word_1_533' title='bbox 2496 2772 2580 2827; x_wconf 91' lang='lat' dir='ltr'><strong>ita</strong></span> <span class='ocrx_word' id='word_1_534' title='bbox 2634 2776 2698 2827; x_wconf 88' lang='lat' dir='ltr'><strong>ut</strong></span> <span class='ocrx_word' id='word_1_535' title='bbox 2755 2775 2886 2845; x_wconf 86' lang='lat' dir='ltr'><strong>post</strong></span> <span class='ocrx_word' id='word_1_536' title='bbox 2941 2770 3055 2825; x_wconf 89' lang='lat' dir='ltr'><strong>tria</strong></span> <span class='ocrx_word' id='word_1_537' title='bbox 3107 2769 3231 2825; x_wconf 68' lang='lat' dir='ltr'><strong>haec</strong></span> <span class='ocrx_word' id='word_1_538' title='bbox 3274 2768 3612 2837; x_wconf 82' lang='lat' dir='ltr'><strong>luminaria,</strong></span> 
     </span>
    </p>
   </div>
   <div class='ocr_carea' id='block_1_76' title="bbox 1970 2856 3614 2933">
    <p class='ocr_par' dir='ltr' id='par_1_76' title="bbox 1970 2856 3614 2933">
     <span class='ocr_line' id='line_1_76' title="bbox 1970 2856 3614 2933; baseline -0.004 -16"><span class='ocrx_word' id='word_1_539' title='bbox 1970 2865 2103 2933; x_wconf 86' lang='lat' dir='ltr'><strong>post</strong></span> <span class='ocrx_word' id='word_1_540' title='bbox 2132 2862 2188 2916; x_wconf 92' lang='lat' dir='ltr'><strong>id</strong></span> <span class='ocrx_word' id='word_1_541' title='bbox 2219 2862 2370 2933; x_wconf 92' lang='lat' dir='ltr'><strong>quod</strong></span> <span class='ocrx_word' id='word_1_542' title='bbox 2404 2860 2607 2933; x_wconf 90' lang='lat' dir='ltr'><strong>procul</strong></span> <span class='ocrx_word' id='word_1_543' title='bbox 2641 2860 2819 2916; x_wconf 91' lang='lat' dir='ltr'><strong>dubio</strong></span> <span class='ocrx_word' id='word_1_544' title='bbox 2867 2865 2956 2916; x_wconf 89' lang='lat' dir='ltr'><strong>est</strong></span> <span class='ocrx_word' id='word_1_545' title='bbox 2986 2876 3165 2931; x_wconf 87' lang='lat' dir='ltr'><strong>supra</strong></span> <span class='ocrx_word' id='word_1_546' title='bbox 3219 2858 3403 2913; x_wconf 89' lang='lat' dir='ltr'><strong>solem</strong></span> <span class='ocrx_word' id='word_1_547' title='bbox 3433 2856 3614 2929; x_wconf 82' lang='lat' dir='ltr'><strong>(quod</strong></span> 
     </span>
    </p>
   </div>
   <div class='ocr_carea' id='block_1_77' title="bbox 1970 2946 3619 3022">
    <p class='ocr_par' dir='ltr' id='par_1_77' title="bbox 1970 2946 3619 3022">
     <span class='ocr_line' id='line_1_77' title="bbox 1970 2946 3619 3022; baseline -0.004 -15"><span class='ocrx_word' id='word_1_548' title='bbox 1970 2953 2061 3007; x_wconf 85' lang='lat' dir='ltr'><strong>est</strong></span> <span class='ocrx_word' id='word_1_549' title='bbox 2090 2950 2262 3022; x_wconf 89' lang='lat' dir='ltr'><strong>Deus)</strong></span> <span class='ocrx_word' id='word_1_550' title='bbox 2290 2976 2303 3016; x_wconf 84' lang='lat'><strong>;</strong></span> <span class='ocrx_word' id='word_1_551' title='bbox 2336 2955 2470 3022; x_wconf 83' lang='lat' dir='ltr'><strong>post</strong></span> <span class='ocrx_word' id='word_1_552' title='bbox 2498 2951 2557 3005; x_wconf 91' lang='lat' dir='ltr'><strong>id</strong></span> <span class='ocrx_word' id='word_1_553' title='bbox 2590 2950 2745 3022; x_wconf 87' lang='lat' dir='ltr'><strong>quod</strong></span> <span class='ocrx_word' id='word_1_554' title='bbox 2778 2948 2887 3005; x_wconf 90' lang='lat' dir='ltr'><strong>soli</strong></span> <span class='ocrx_word' id='word_1_555' title='bbox 2916 2954 3006 3005; x_wconf 90' lang='lat' dir='ltr'><strong>est</strong></span> <span class='ocrx_word' id='word_1_556' title='bbox 3036 2947 3391 3014; x_wconf 85' lang='lat' dir='ltr'><strong>simile,licet</strong></span> <span class='ocrx_word' id='word_1_557' title='bbox 3419 2946 3619 3002; x_wconf 88' lang='lat' dir='ltr'><strong>minus</strong></span> 
     </span>
    </p>
   </div>
   <div class='ocr_carea' id='block_1_78' title="bbox 1972 3036 3623 3112">
    <p class='ocr_par' dir='ltr' id='par_1_78' title="bbox 1972 3036 3623 3112">
     <span class='ocr_line' id='line_1_78' title="bbox 1972 3036 3623 3112; baseline -0.004 -17"><span class='ocrx_word' id='word_1_558' title='bbox 1972 3038 2194 3111; x_wconf 81' lang='lat' dir='ltr'><strong>angelis</strong></span> <span class='ocrx_word' id='word_1_559' title='bbox 2224 3039 2362 3112; x_wconf 90' lang='lat' dir='ltr'><strong>(quo</strong></span> <span class='ocrx_word' id='word_1_560' title='bbox 2394 3039 2651 3111; x_wconf 81' lang='lat' dir='ltr'><strong>pontifex</strong></span> <span class='ocrx_word' id='word_1_561' title='bbox 2695 3038 3084 3109; x_wconf 87' lang='lat' dir='ltr'><strong>resplendet);</strong></span> <span class='ocrx_word' id='word_1_562' title='bbox 3138 3041 3268 3109; x_wconf 89' lang='lat' dir='ltr'><strong>post</strong></span> <span class='ocrx_word' id='word_1_563' title='bbox 3299 3036 3523 3104; x_wconf 88' lang='lat' dir='ltr'><strong>lunare,</strong></span> <span class='ocrx_word' id='word_1_564' title='bbox 3558 3041 3623 3090; x_wconf 88' lang='lat' dir='ltr'><strong>ut</strong></span> 
     </span>
    </p>
   </div>
   <div class='ocr_carea' id='block_1_79' title="bbox 1972 3126 3625 3201">
    <p class='ocr_par' dir='ltr' id='par_1_79' title="bbox 1972 3126 3625 3201">
     <span class='ocr_line' id='line_1_79' title="bbox 1972 3126 3625 3201; baseline -0.002 -18"><span class='ocrx_word' id='word_1_565' title='bbox 1972 3128 2055 3184; x_wconf 89' lang='lat' dir='ltr'><strong>ita</strong></span> <span class='ocrx_word' id='word_1_566' title='bbox 2084 3129 2298 3197; x_wconf 90' lang='lat' dir='ltr'><strong>dicam,</strong></span> <span class='ocrx_word' id='word_1_567' title='bbox 2333 3130 2488 3201; x_wconf 89' lang='lat' dir='ltr'><strong>quod</strong></span> <span class='ocrx_word' id='word_1_568' title='bbox 2538 3129 2597 3185; x_wconf 92' lang='lat' dir='ltr'><strong>in</strong></span> <span class='ocrx_word' id='word_1_569' title='bbox 2657 3128 2946 3184; x_wconf 89' lang='lat' dir='ltr'><strong>monacho</strong></span> <span class='ocrx_word' id='word_1_570' title='bbox 2977 3128 3232 3199; x_wconf 83' lang='lat' dir='ltr'><strong>perfecto</strong></span> <span class='ocrx_word' id='word_1_571' title='bbox 3288 3126 3483 3181; x_wconf 87' lang='lat' dir='ltr'><strong>videre</strong></span> <span class='ocrx_word' id='word_1_572' title='bbox 3512 3128 3625 3194; x_wconf 90' lang='lat' dir='ltr'><strong>est,</strong></span> 
     </span>
    </p>
   </div>
   <div class='ocr_carea' id='block_1_80' title="bbox 1975 3213 3627 3281">
    <p class='ocr_par' dir='ltr' id='par_1_80' title="bbox 1975 3213 3627 3281">
     <span class='ocr_line' id='line_1_80' title="bbox 1975 3213 3627 3281; baseline -0.003 -9"><span class='ocrx_word' id='word_1_573' title='bbox 1975 3233 2181 3273; x_wconf 86' lang='lat' dir='ltr'><strong>omnes</strong></span> <span class='ocrx_word' id='word_1_574' title='bbox 2209 3218 2513 3274; x_wconf 84' lang='lat' dir='ltr'><strong>inferiores</strong></span> <span class='ocrx_word' id='word_1_575' title='bbox 2570 3216 2805 3274; x_wconf 90' lang='lat' dir='ltr'><strong>luceant</strong></span> <span class='ocrx_word' id='word_1_576' title='bbox 2850 3218 3176 3273; x_wconf 91' lang='lat' dir='ltr'><strong>secundum</strong></span> <span class='ocrx_word' id='word_1_577' title='bbox 3232 3220 3435 3281; x_wconf 90' lang='lat' dir='ltr'><strong>Deum,</strong></span> <span class='ocrx_word' id='word_1_578' title='bbox 3471 3213 3627 3269; x_wconf 90' lang='lat' dir='ltr'><strong>sicut</strong></span> 
     </span>
    </p>
   </div>
   <div class='ocr_carea' id='block_1_81' title="bbox 1976 3301 3623 3379">
    <p class='ocr_par' dir='ltr' id='par_1_81' title="bbox 1976 3301 3623 3379">
     <span class='ocr_line' id='line_1_81' title="bbox 1976 3301 3623 3379; baseline -0.004 -17"><span class='ocrx_word' id='word_1_579' title='bbox 1976 3312 2135 3362; x_wconf 87' lang='lat' dir='ltr'><strong>astra</strong></span> <span class='ocrx_word' id='word_1_580' title='bbox 2167 3324 2344 3379; x_wconf 89' lang='lat' dir='ltr'><strong>super</strong></span> <span class='ocrx_word' id='word_1_581' title='bbox 2372 3313 2628 3363; x_wconf 87' lang='lat' dir='ltr'><strong>terram:</strong></span> <span class='ocrx_word' id='word_1_582' title='bbox 2682 3314 2856 3379; x_wconf 88' lang='lat' dir='ltr'><strong>atque</strong></span> <span class='ocrx_word' id='word_1_583' title='bbox 2885 3305 3014 3362; x_wconf 87' lang='lat' dir='ltr'><strong>luce</strong></span> <span class='ocrx_word' id='word_1_584' title='bbox 3061 3304 3421 3368; x_wconf 88' lang='lat' dir='ltr'><strong>illuminent,</strong></span> <span class='ocrx_word' id='word_1_585' title='bbox 3454 3307 3511 3357; x_wconf 91' lang='lat' dir='ltr'><strong>et</strong></span> <span class='ocrx_word' id='word_1_586' title='bbox 3540 3301 3623 3355; x_wconf 85' lang='lat' dir='ltr'><strong>vi-</strong></span> 
     </span>
    </p>
   </div>
   <div class='ocr_carea' id='block_1_82' title="bbox 1974 3390 3624 3465">
    <p class='ocr_par' dir='ltr' id='par_1_82' title="bbox 1974 3390 3624 3465">
     <span class='ocr_line' id='line_1_82' title="bbox 1974 3390 3624 3465; baseline -0.004 -15"><span class='ocrx_word' id='word_1_587' title='bbox 1974 3395 2127 3451; x_wconf 86' lang='lat' dir='ltr'><strong>vidis</strong></span> <span class='ocrx_word' id='word_1_588' title='bbox 2156 3395 2477 3451; x_wconf 88' lang='lat' dir='ltr'><strong>virtutibus</strong></span> <span class='ocrx_word' id='word_1_589' title='bbox 2508 3396 2802 3465; x_wconf 74' lang='lat' dir='ltr'><strong>segniores</strong></span> <span class='ocrx_word' id='word_1_590' title='bbox 2855 3394 3143 3461; x_wconf 87' lang='lat' dir='ltr'><strong>homines,</strong></span> <span class='ocrx_word' id='word_1_591' title='bbox 3177 3398 3241 3448; x_wconf 88' lang='lat' dir='ltr'><strong>ut</strong></span> <span class='ocrx_word' id='word_1_592' title='bbox 3270 3397 3485 3447; x_wconf 91' lang='lat' dir='ltr'><strong>terram</strong></span> <span class='ocrx_word' id='word_1_593' title='bbox 3519 3390 3624 3445; x_wconf 81' lang='lat' dir='ltr'><strong>fer-</strong></span> 
     </span>
    </p>
   </div>
   <div class='ocr_carea' id='block_1_83' title="bbox 1976 3480 3621 3553">
    <p class='ocr_par' dir='ltr' id='par_1_83' title="bbox 1976 3480 3621 3553">
     <span class='ocr_line' id='line_1_83' title="bbox 1976 3480 3621 3553; baseline -0.005 -12"><span class='ocrx_word' id='word_1_594' title='bbox 1976 3485 2241 3553; x_wconf 88' lang='lat' dir='ltr'><strong>tilem,ad</strong></span> <span class='ocrx_word' id='word_1_595' title='bbox 2275 3486 2497 3541; x_wconf 80' lang='lat' dir='ltr'><strong>fructus</strong></span> <span class='ocrx_word' id='word_1_596' title='bbox 2547 3485 2817 3541; x_wconf 85' lang='lat' dir='ltr'><strong>ferendos</strong></span> <span class='ocrx_word' id='word_1_597' title='bbox 2875 3484 3175 3539; x_wconf 87' lang='lat' dir='ltr'><strong>accedant.</strong></span> <span class='ocrx_word' id='word_1_598' title='bbox 3234 3480 3412 3552; x_wconf 87' lang='lat' dir='ltr'><strong>Cujus</strong></span> <span class='ocrx_word' id='word_1_599' title='bbox 3455 3484 3621 3534; x_wconf 68' lang='lat' dir='ltr'><strong>terra)</strong></span> 
     </span>
    </p>
   </div>
   <div class='ocr_carea' id='block_1_84' title="bbox 1976 3570 3624 3646">
    <p class='ocr_par' dir='ltr' id='par_1_84' title="bbox 1976 3570 3624 3646">
     <span class='ocr_line' id='line_1_84' title="bbox 1976 3570 3624 3646; baseline -0.003 -18"><span class='ocrx_word' id='word_1_600' title='bbox 1976 3573 2245 3646; x_wconf 68' lang='lat' dir='ltr'><strong>primitiis</strong></span> <span class='ocrx_word' id='word_1_601' title='bbox 2276 3574 2393 3630; x_wconf 89' lang='lat' dir='ltr'><strong>Deo</strong></span> <span class='ocrx_word' id='word_1_602' title='bbox 2450 3579 2869 3631; x_wconf 87' lang='lat' dir='ltr'><strong>consecrantur</strong></span> <span class='ocrx_word' id='word_1_603' title='bbox 2925 3572 3069 3629; x_wconf 88' lang='lat' dir='ltr'><strong>tales</strong></span> <span class='ocrx_word' id='word_1_604' title='bbox 3123 3570 3416 3636; x_wconf 87' lang='lat' dir='ltr'><strong>monachi,</strong></span> <span class='ocrx_word' id='word_1_605' title='bbox 3449 3572 3624 3640; x_wconf 88' lang='lat' dir='ltr'><strong>atque</strong></span> 
     </span>
    </p>
   </div>
   <div class='ocr_carea' id='block_1_85' title="bbox 1970 3658 3627 3736">
    <p class='ocr_par' dir='ltr' id='par_1_85' title="bbox 1970 3658 3627 3736">
     <span class='ocr_line' id='line_1_85' title="bbox 1970 3658 3627 3736; baseline -0.004 -18"><span class='ocrx_word' id='word_1_606' title='bbox 1970 3662 2141 3734; x_wconf 79' lang='lat' dir='ltr'><strong>juxta</strong></span> <span class='ocrx_word' id='word_1_607' title='bbox 2170 3679 2289 3731; x_wconf 90' lang='lat' dir='ltr'><strong>eos,</strong></span> <span class='ocrx_word' id='word_1_608' title='bbox 2322 3668 2379 3720; x_wconf 91' lang='lat' dir='ltr'><strong>et</strong></span> <span class='ocrx_word' id='word_1_609' title='bbox 2408 3680 2585 3736; x_wconf 89' lang='lat' dir='ltr'><strong>super</strong></span> <span class='ocrx_word' id='word_1_610' title='bbox 2613 3680 2712 3719; x_wconf 85' lang='lat' dir='ltr'><strong>eos</strong></span> <span class='ocrx_word' id='word_1_611' title='bbox 2744 3662 2856 3719; x_wconf 89' lang='lat' dir='ltr'><strong>alio</strong></span> <span class='ocrx_word' id='word_1_612' title='bbox 2887 3663 3059 3719; x_wconf 92' lang='lat' dir='ltr'><strong>modo</strong></span> <span class='ocrx_word' id='word_1_613' title='bbox 3089 3661 3426 3734; x_wconf 80' lang='lat' dir='ltr'><strong>pontifices:</strong></span> <span class='ocrx_word' id='word_1_614' title='bbox 3454 3658 3627 3730; x_wconf 83' lang='lat' dir='ltr'><strong>juxta</strong></span> 
     </span>
    </p>
   </div>
   <div class='ocr_carea' id='block_1_86' title="bbox 1978 3752 3628 3826">
    <p class='ocr_par' dir='ltr' id='par_1_86' title="bbox 1978 3752 3628 3826">
     <span class='ocr_line' id='line_1_86' title="bbox 1978 3752 3628 3826; baseline -0.002 -19"><span class='ocrx_word' id='word_1_615' title='bbox 1978 3753 2386 3826; x_wconf 89' lang='lat' dir='ltr'><strong>quidem,quia</strong></span> <span class='ocrx_word' id='word_1_616' title='bbox 2408 3752 2617 3809; x_wconf 91' lang='lat' dir='ltr'><strong>iisdem</strong></span> <span class='ocrx_word' id='word_1_617' title='bbox 2649 3752 2878 3825; x_wconf 82' lang='lat' dir='ltr'><strong>legibus</strong></span> <span class='ocrx_word' id='word_1_618' title='bbox 2908 3753 3141 3820; x_wconf 86' lang='lat' dir='ltr'><strong>vivunt;</strong></span> <span class='ocrx_word' id='word_1_619' title='bbox 3175 3754 3628 3822; x_wconf 89' lang='lat' dir='ltr'><strong>supra,propter</strong></span> 
     </span>
    </p>
   </div>
   <div class='ocr_carea' id='block_1_87' title="bbox 1979 3834 3626 3914">
    <p class='ocr_par' dir='ltr' id='par_1_87' title="bbox 1979 3834 3626 3914">
     <span class='ocr_line' id='line_1_87' title="bbox 1979 3834 3626 3914; baseline -0.005 -17"><span class='ocrx_word' id='word_1_620' title='bbox 1979 3842 2356 3914; x_wconf 76' lang='lat' dir='ltr'><strong>pontificatus</strong></span> <span class='ocrx_word' id='word_1_621' title='bbox 2398 3841 2816 3898; x_wconf 81' lang='lat' dir='ltr'><strong>excelsitatem.</strong></span> <span class='ocrx_word' id='word_1_622' title='bbox 2874 3840 3142 3910; x_wconf 86' lang='lat' dir='ltr'><strong>Namque</strong></span> <span class='ocrx_word' id='word_1_623' title='bbox 3188 3834 3383 3909; x_wconf 83' lang='lat' dir='ltr'><strong>regale</strong></span> <span class='ocrx_word' id='word_1_624' title='bbox 3414 3839 3501 3890; x_wconf 90' lang='lat' dir='ltr'><strong>est</strong></span> <span class='ocrx_word' id='word_1_625' title='bbox 3533 3851 3626 3889; x_wconf 88' lang='lat' dir='ltr'><strong>sa-</strong></span> 
     </span>
    </p>
   </div>
   <div class='ocr_carea' id='block_1_88' title="bbox 1979 3925 3621 4004">
    <p class='ocr_par' dir='ltr' id='par_1_88' title="bbox 1979 3925 3621 4004">
     <span class='ocr_line' id='line_1_88' title="bbox 1979 3925 3621 4004; baseline -0.005 -19"><span class='ocrx_word' id='word_1_626' title='bbox 1979 3931 2325 4002; x_wconf 87' lang='lat' dir='ltr'><strong>cerdotium,</strong></span> <span class='ocrx_word' id='word_1_627' title='bbox 2359 3949 2393 3987; x_wconf 89' lang='lat' dir='ltr'><strong>a</strong></span> <span class='ocrx_word' id='word_1_628' title='bbox 2451 3948 2566 4004; x_wconf 90' lang='lat' dir='ltr'><strong>quo</strong></span> <span class='ocrx_word' id='word_1_629' title='bbox 2614 3930 2725 4002; x_wconf 91' lang='lat' dir='ltr'><strong>ipsi</strong></span> <span class='ocrx_word' id='word_1_630' title='bbox 2759 3929 2920 3985; x_wconf 89' lang='lat' dir='ltr'><strong>omni</strong></span> <span class='ocrx_word' id='word_1_631' title='bbox 2953 3929 3125 3984; x_wconf 90' lang='lat' dir='ltr'><strong>modo</strong></span> <span class='ocrx_word' id='word_1_632' title='bbox 3173 3925 3621 3991; x_wconf 88' lang='lat' dir='ltr'><strong>benedicuntur,</strong></span> 
     </span>
    </p>
   </div>
   <div class='ocr_carea' id='block_1_89' title="bbox 1979 4014 3628 4092">
    <p class='ocr_par' dir='ltr' id='par_1_89' title="bbox 1979 4014 3628 4092">
     <span class='ocr_line' id='line_1_89' title="bbox 1979 4014 3628 4092; baseline -0.005 -16"><span class='ocrx_word' id='word_1_633' title='bbox 1979 4024 2180 4092; x_wconf 90' lang='lat' dir='ltr'><strong>utpote</strong></span> <span class='ocrx_word' id='word_1_634' title='bbox 2203 4020 2475 4076; x_wconf 87' lang='lat' dir='ltr'><strong>inferiore</strong></span> <span class='ocrx_word' id='word_1_635' title='bbox 2507 4037 2576 4076; x_wconf 83' lang='lat' dir='ltr'><strong>ex</strong></span> <span class='ocrx_word' id='word_1_636' title='bbox 2606 4020 2767 4077; x_wconf 90' lang='lat' dir='ltr'><strong>omni</strong></span> <span class='ocrx_word' id='word_1_637' title='bbox 2816 4023 2977 4091; x_wconf 86' lang='lat' dir='ltr'><strong>parte</strong></span> <span class='ocrx_word' id='word_1_638' title='bbox 3026 4035 3060 4073; x_wconf 92' lang='lat' dir='ltr'><strong>a</strong></span> <span class='ocrx_word' id='word_1_639' title='bbox 3090 4015 3408 4088; x_wconf 88' lang='lat' dir='ltr'><strong>superiore.</strong></span> <span class='ocrx_word' id='word_1_640' title='bbox 3443 4014 3628 4069; x_wconf 87' lang='lat' dir='ltr'><strong>Erunt</strong></span> 
     </span>
    </p>
   </div>
   <div class='ocr_carea' id='block_1_90' title="bbox 1979 4103 3627 4183">
    <p class='ocr_par' dir='ltr' id='par_1_90' title="bbox 1979 4103 3627 4183">
     <span class='ocr_line' id='line_1_90' title="bbox 1979 4103 3627 4183; baseline -0.004 -18"><span class='ocrx_word' id='word_1_641' title='bbox 1979 4110 2128 4166; x_wconf 82' lang='lat' dir='ltr'><strong>forte</strong></span> <span class='ocrx_word' id='word_1_642' title='bbox 2159 4110 2281 4183; x_wconf 90' lang='lat' dir='ltr'><strong>qui,</strong></span> <span class='ocrx_word' id='word_1_643' title='bbox 2315 4109 2407 4166; x_wconf 90' lang='lat' dir='ltr'><strong>his</strong></span> <span class='ocrx_word' id='word_1_644' title='bbox 2436 4109 2673 4181; x_wconf 85' lang='lat' dir='ltr'><strong>auditis,</strong></span> <span class='ocrx_word' id='word_1_645' title='bbox 2708 4108 3267 4180; x_wconf 86' lang='lat' dir='ltr'><strong>indignabuntur,ut</strong></span> <span class='ocrx_word' id='word_1_646' title='bbox 3297 4103 3507 4177; x_wconf 87' lang='lat' dir='ltr'><strong>conjici</strong></span> <span class='ocrx_word' id='word_1_647' title='bbox 3529 4120 3627 4177; x_wconf 91' lang='lat' dir='ltr'><strong>po-</strong></span> 
     </span>
    </p>
   </div>
   <div class='ocr_carea' id='block_1_91' title="bbox 1977 4194 3626 4271">
    <p class='ocr_par' dir='ltr' id='par_1_91' title="bbox 1977 4194 3626 4271">
     <span class='ocr_line' id='line_1_91' title="bbox 1977 4194 3626 4271; baseline -0.004 -16"><span class='ocrx_word' id='word_1_648' title='bbox 1977 4202 2095 4255; x_wconf 88' lang='lat' dir='ltr'><strong>test</strong></span> <span class='ocrx_word' id='word_1_649' title='bbox 2151 4216 2220 4255; x_wconf 79' lang='lat' dir='ltr'><strong>ex</strong></span> <span class='ocrx_word' id='word_1_650' title='bbox 2276 4199 2368 4254; x_wconf 88' lang='lat' dir='ltr'><strong>his</strong></span> <span class='ocrx_word' id='word_1_651' title='bbox 2426 4216 2553 4271; x_wconf 82' lang='lat' dir='ltr'><strong>quae</strong></span> <span class='ocrx_word' id='word_1_652' title='bbox 2611 4199 2872 4271; x_wconf 87' lang='lat' dir='ltr'><strong>undique</strong></span> <span class='ocrx_word' id='word_1_653' title='bbox 2925 4197 3295 4270; x_wconf 81' lang='lat' dir='ltr'><strong>experimur;</strong></span> <span class='ocrx_word' id='word_1_654' title='bbox 3356 4194 3460 4250; x_wconf 89' lang='lat' dir='ltr'><strong>sed</strong></span> <span class='ocrx_word' id='word_1_655' title='bbox 3510 4209 3626 4249; x_wconf 92' lang='lat' dir='ltr'><strong>non</strong></span> 
     </span>
    </p>
   </div>
   <div class='ocr_carea' id='block_1_92' title="bbox 1978 4282 3625 4360">
    <p class='ocr_par' dir='ltr' id='par_1_92' title="bbox 1978 4282 3625 4360">
     <span class='ocr_line' id='line_1_92' title="bbox 1978 4282 3625 4360; baseline -0.002 -17"><span class='ocrx_word' id='word_1_656' title='bbox 1978 4290 2151 4343; x_wconf 88' lang='lat' dir='ltr'><strong>erunt</strong></span> <span class='ocrx_word' id='word_1_657' title='bbox 2179 4286 2350 4344; x_wconf 84' lang='lat' dir='ltr'><strong>laude</strong></span> <span class='ocrx_word' id='word_1_658' title='bbox 2382 4286 2565 4360; x_wconf 86' lang='lat' dir='ltr'><strong>digni,</strong></span> <span class='ocrx_word' id='word_1_659' title='bbox 2597 4287 2888 4360; x_wconf 86' lang='lat' dir='ltr'><strong>siquidem</strong></span> <span class='ocrx_word' id='word_1_660' title='bbox 2940 4287 3113 4343; x_wconf 88' lang='lat' dir='ltr'><strong>istius</strong></span> <span class='ocrx_word' id='word_1_661' title='bbox 3145 4283 3423 4342; x_wconf 66' lang='lat' dir='ltr'><strong>molestia</strong></span> <span class='ocrx_word' id='word_1_662' title='bbox 3455 4282 3625 4339; x_wconf 89' lang='lat' dir='ltr'><strong>ratio-</strong></span> 
     </span>
    </p>
   </div>
   <div class='ocr_carea' id='block_1_93' title="bbox 1975 4371 3619 4450">
    <p class='ocr_par' dir='ltr' id='par_1_93' title="bbox 1975 4371 3619 4450">
     <span class='ocr_line' id='line_1_93' title="bbox 1975 4371 3619 4450; baseline -0.004 -18"><span class='ocrx_word' id='word_1_663' title='bbox 1975 4393 2112 4433; x_wconf 90' lang='lat' dir='ltr'><strong>nem</strong></span> <span class='ocrx_word' id='word_1_664' title='bbox 2144 4378 2280 4433; x_wconf 89' lang='lat' dir='ltr'><strong>dare</strong></span> <span class='ocrx_word' id='word_1_665' title='bbox 2312 4394 2427 4434; x_wconf 88' lang='lat' dir='ltr'><strong>non</strong></span> <span class='ocrx_word' id='word_1_666' title='bbox 2450 4378 2772 4450; x_wconf 86' lang='lat' dir='ltr'><strong>possunt,si</strong></span> <span class='ocrx_word' id='word_1_667' title='bbox 2794 4377 2929 4450; x_wconf 90' lang='lat' dir='ltr'><strong>quis</strong></span> <span class='ocrx_word' id='word_1_668' title='bbox 2953 4392 3082 4433; x_wconf 89' lang='lat' dir='ltr'><strong>eam</strong></span> <span class='ocrx_word' id='word_1_669' title='bbox 3105 4373 3317 4432; x_wconf 89' lang='lat' dir='ltr'><strong>abillis</strong></span> <span class='ocrx_word' id='word_1_670' title='bbox 3340 4371 3619 4447; x_wconf 89' lang='lat' dir='ltr'><strong>postulat.</strong></span> 
     </span>
    </p>
   </div>
   <div class='ocr_carea' id='block_1_94' title="bbox 1976 4456 3624 4541">
    <p class='ocr_par' dir='ltr' id='par_1_94' title="bbox 1976 4456 3624 4541">
     <span class='ocr_line' id='line_1_94' title="bbox 1976 4456 3624 4541; baseline -0.005 -21"><span class='ocrx_word' id='word_1_671' title='bbox 1976 4462 2297 4521; x_wconf 81' lang='grc' dir='ltr'>ἀποδιδόναι</span> <span class='ocrx_word' id='word_1_672' title='bbox 2370 4470 2466 4522; x_wconf 77' lang='grc' dir='ltr'><strong>τοῦ</strong></span> <span class='ocrx_word' id='word_1_673' title='bbox 2538 4463 2788 4521; x_wconf 89' lang='grc' dir='ltr'>τοιούτου</span> <span class='ocrx_word' id='word_1_674' title='bbox 2864 4462 3091 4541; x_wconf 74' lang='grc' dir='ltr'>ἄχθους,</span> <span class='ocrx_word' id='word_1_675' title='bbox 3169 4460 3222 4517; x_wconf 79' lang='grc' dir='ltr'><strong>εἷ’</strong></span> <span class='ocrx_word' id='word_1_676' title='bbox 3286 4481 3369 4523; x_wconf 89' lang='grc' dir='ltr'><strong>τις</strong></span> <span class='ocrx_word' id='word_1_677' title='bbox 3431 4456 3624 4520; x_wconf 78' lang='grc' dir='ltr'>αὐτοὺς</span> 
     </span>
    </p>
   </div>
   <div class='ocr_carea' id='block_1_95' title="bbox 286 4657 1864 4738">
    <p class='ocr_par' dir='ltr' id='par_1_95' title="bbox 286 4657 1864 4738">
     <span class='ocr_line' id='line_1_95' title="bbox 286 4657 1864 4738; baseline 0.01 -29"><span class='ocrx_word' id='word_1_678' title='bbox 286 4658 361 4728; x_wconf 83' lang='grc' dir='ltr'><strong>η’.</strong></span> <span class='ocrx_word' id='word_1_679' title='bbox 416 4657 482 4712; x_wconf 82' lang='grc' dir='ltr'><strong>Εἰ</strong></span> <span class='ocrx_word' id='word_1_680' title='bbox 524 4657 627 4734; x_wconf 78' lang='grc' dir='ltr'><strong>γὰρ</strong></span> <span class='ocrx_word' id='word_1_681' title='bbox 677 4658 813 4721; x_wconf 79' lang='grc' dir='ltr'>ἅπας</span> <span class='ocrx_word' id='word_1_682' title='bbox 868 4659 896 4714; x_wconf 91' lang='lat'><strong>6</strong></span> <span class='ocrx_word' id='word_1_683' title='bbox 943 4658 998 4715; x_wconf 83' lang='grc' dir='ltr'>ἐν</span> <span class='ocrx_word' id='word_1_684' title='bbox 1047 4665 1163 4723; x_wconf 91' lang='grc' dir='ltr'>τοῖς</span> <span class='ocrx_word' id='word_1_685' title='bbox 1212 4666 1326 4725; x_wconf 75' lang='grc' dir='ltr'>καθ’</span> <span class='ocrx_word' id='word_1_686' title='bbox 1375 4662 1523 4735; x_wconf 78' lang='grc' dir='ltr'>ἡμᾶς</span> <span class='ocrx_word' id='word_1_687' title='bbox 1577 4663 1864 4738; x_wconf 77' lang='grc' dir='ltr'>ἁγιασμὸς,</span> 
     </span>
    </p>
   </div>
   <div class='ocr_carea' id='block_1_96' title="bbox 1975 4657 3622 4738">
    <p class='ocr_par' dir='ltr' id='par_1_96' title="bbox 2046 4658 3622 4730">
     <span class='ocr_line' id='line_1_96' title="bbox 2046 4658 3622 4730; baseline -0.005 -10"><span class='ocrx_word' id='word_1_688' title='bbox 2046 4666 2105 4724; x_wconf 88' lang='grc'><strong>8.</strong></span> <span class='ocrx_word' id='word_1_689' title='bbox 2145 4666 2372 4723; x_wconf 82' lang='lat' dir='ltr'><strong>Etenim</strong></span> <span class='ocrx_word' id='word_1_690' title='bbox 2403 4666 2448 4722; x_wconf 88' lang='lat' dir='ltr'><strong>si</strong></span> <span class='ocrx_word' id='word_1_691' title='bbox 2480 4666 2672 4724; x_wconf 88' lang='lat' dir='ltr'><strong>omnis</strong></span> <span class='ocrx_word' id='word_1_692' title='bbox 2700 4663 3084 4722; x_wconf 82' lang='lat' dir='ltr'><strong>sanctificatio</strong></span> <span class='ocrx_word' id='word_1_693' title='bbox 3116 4665 3316 4718; x_wconf 91' lang='lat' dir='ltr'><strong>nostra</strong></span> <span class='ocrx_word' id='word_1_694' title='bbox 3344 4658 3461 4715; x_wconf 86' lang='lat' dir='ltr'><strong>sive</strong></span> <span class='ocrx_word' id='word_1_695' title='bbox 3494 4673 3622 4730; x_wconf 65' lang='lat' dir='ltr'><strong>qua</strong></span> 
     </span>
    </p>
   </div>
   <div class='ocr_carea' id='block_1_97' title="bbox 214 4745 1866 4826">
    <p class='ocr_par' dir='ltr' id='par_1_97' title="bbox 214 4745 1866 4826">
     <span class='ocr_line' id='line_1_97' title="bbox 214 4745 1866 4826; baseline 0.002 -23"><span class='ocrx_word' id='word_1_696' title='bbox 214 4748 333 4803; x_wconf 74' lang='grc' dir='ltr'>οἷον</span> <span class='ocrx_word' id='word_1_697' title='bbox 395 4745 450 4801; x_wconf 68' lang='grc' dir='ltr'>ἰν</span> <span class='ocrx_word' id='word_1_698' title='bbox 479 4750 561 4820; x_wconf 80' lang='grc' dir='ltr'>τῷ</span> <span class='ocrx_word' id='word_1_699' title='bbox 591 4747 876 4823; x_wconf 80' lang='grc' dir='ltr'>ἁγιωτάτῳ</span> <span class='ocrx_word' id='word_1_700' title='bbox 912 4749 1262 4823; x_wconf 86' lang='grc' dir='ltr'>βαπτίσματι,</span> <span class='ocrx_word' id='word_1_701' title='bbox 1312 4750 1401 4805; x_wconf 79' lang='grc' dir='ltr'>καὶ</span> <span class='ocrx_word' id='word_1_702' title='bbox 1451 4751 1478 4804; x_wconf 88' lang='grc' dir='ltr'>ὁ</span> <span class='ocrx_word' id='word_1_703' title='bbox 1509 4748 1560 4805; x_wconf 84' lang='grc' dir='ltr'>ἐν</span> <span class='ocrx_word' id='word_1_704' title='bbox 1592 4755 1661 4824; x_wconf 76' lang='grc' dir='ltr'><strong>τῇ</strong></span> <span class='ocrx_word' id='word_1_705' title='bbox 1694 4748 1866 4826; x_wconf 78' lang='grc' dir='ltr'>λοιπῇ</span> 
     </span>
    </p>
   </div>
   <div class='ocr_carea' id='block_1_98' title="bbox 210 4833 1871 4913">
    <p class='ocr_par' dir='ltr' id='par_1_98' title="bbox 210 4833 1871 4913">
     <span class='ocr_line' id='line_1_98' title="bbox 210 4833 1871 4913; baseline 0.002 -22"><span class='ocrx_word' id='word_1_706' title='bbox 210 4837 358 4891; x_wconf 76' lang='grc' dir='ltr'>κατὰ</span> <span class='ocrx_word' id='word_1_707' title='bbox 410 4834 528 4912; x_wconf 86' lang='grc' dir='ltr'>βίον</span> <span class='ocrx_word' id='word_1_708' title='bbox 558 4836 867 4913; x_wconf 79' lang='grc' dir='ltr'>ἀναςτροφῇ</span> <span class='ocrx_word' id='word_1_709' title='bbox 914 4842 1023 4892; x_wconf 79' lang='grc' dir='ltr'><strong>τῶν</strong></span> <span class='ocrx_word' id='word_1_710' title='bbox 1065 4833 1508 4913; x_wconf 76' lang='grc' dir='ltr'>βεϐαπτισμένων</span> <span class='ocrx_word' id='word_1_711' title='bbox 1558 4839 1648 4894; x_wconf 87' lang='grc' dir='ltr'><strong>καὶ</strong></span> <span class='ocrx_word' id='word_1_712' title='bbox 1696 4840 1747 4894; x_wconf 72' lang='grc' dir='ltr'>οἳ</span> <span class='ocrx_word' id='word_1_713' title='bbox 1795 4841 1871 4895; x_wconf 72' lang='grc' dir='ltr'><strong>ἱε-</strong></span> 
     </span>
    </p>
   </div>
   <div class='ocr_carea' id='block_1_99' title="bbox 209 4925 1873 5004">
    <p class='ocr_par' dir='ltr' id='par_1_99' title="bbox 209 4925 1873 5004">
     <span class='ocr_line' id='line_1_99' title="bbox 209 4925 1873 5004; baseline 0.002 -23"><span class='ocrx_word' id='word_1_714' title='bbox 209 4925 431 5001; x_wconf 83' lang='grc' dir='ltr'>ρατικοὶ</span> <span class='ocrx_word' id='word_1_715' title='bbox 487 4926 689 5001; x_wconf 85' lang='grc' dir='ltr'>βαθμοὶ</span> <span class='ocrx_word' id='word_1_716' title='bbox 725 4928 975 4995; x_wconf 80' lang='grc' dir='ltr'>ἅπαντες,</span> <span class='ocrx_word' id='word_1_717' title='bbox 1007 4925 1115 4998; x_wconf 77' lang='grc' dir='ltr'><strong>ἤδη</strong></span> <span class='ocrx_word' id='word_1_718' title='bbox 1143 4926 1199 4982; x_wconf 65' lang='grc' dir='ltr'>δὲ</span> <span class='ocrx_word' id='word_1_719' title='bbox 1227 4928 1363 5004; x_wconf 88' lang='grc' dir='ltr'>πρὸς</span> <span class='ocrx_word' id='word_1_720' title='bbox 1393 4926 1588 4985; x_wconf 76' lang='grc' dir='ltr'>ἄλλοις</span> <span class='ocrx_word' id='word_1_721' title='bbox 1620 4930 1710 4984; x_wconf 85' lang='grc' dir='ltr'><strong>καὶ</strong></span> <span class='ocrx_word' id='word_1_722' title='bbox 1742 4930 1873 4985; x_wconf 83' lang='grc' dir='ltr'>αὑτὸ</span> 
     </span>
    </p>
   </div>
   <div class='ocr_carea' id='block_1_100' title="bbox 207 5012 1872 5092">
    <p class='ocr_par' dir='ltr' id='par_1_100' title="bbox 207 5012 1872 5092">
     <span class='ocr_line' id='line_1_100' title="bbox 207 5012 1872 5092; baseline 0.001 -20"><span class='ocrx_word' id='word_1_723' title='bbox 207 5018 275 5072; x_wconf 89' lang='grc' dir='ltr'><strong>τὸ</strong></span> <span class='ocrx_word' id='word_1_724' title='bbox 307 5015 609 5089; x_wconf 80' lang='grc' dir='ltr'>κούρευμα,</span> <span class='ocrx_word' id='word_1_725' title='bbox 642 5012 713 5069; x_wconf 83' lang='grc' dir='ltr'><strong>δι’</strong></span> <span class='ocrx_word' id='word_1_726' title='bbox 742 5015 805 5070; x_wconf 79' lang='grc' dir='ltr'><strong>οὗ</strong></span> <span class='ocrx_word' id='word_1_727' title='bbox 836 5016 886 5070; x_wconf 80' lang='grc' dir='ltr'>οὶ</span> <span class='ocrx_word' id='word_1_728' title='bbox 917 5017 1153 5092; x_wconf 83' lang='grc' dir='ltr'>μοναχοὶ</span> <span class='ocrx_word' id='word_1_729' title='bbox 1183 5022 1263 5090; x_wconf 77' lang='grc' dir='ltr'>τῷ</span> <span class='ocrx_word' id='word_1_730' title='bbox 1298 5022 1413 5090; x_wconf 83' lang='grc' dir='ltr'>Θεῷ</span> <span class='ocrx_word' id='word_1_731' title='bbox 1466 5023 1872 5092; x_wconf 82' lang='grc' dir='ltr'>καθοσιοῦνται,</span> 
     </span>
    </p>
   </div>
   <div class='ocr_carea' id='block_1_101' title="bbox 213 5102 1869 5182">
    <p class='ocr_par' dir='ltr' id='par_1_101' title="bbox 213 5102 1869 5182">
     <span class='ocr_line' id='line_1_101' title="bbox 213 5102 1869 5182; baseline 0.001 -21"><span class='ocrx_word' id='word_1_732' title='bbox 213 5106 321 5161; x_wconf 72' lang='grc' dir='ltr'><strong>οὐκ</strong></span> <span class='ocrx_word' id='word_1_733' title='bbox 350 5102 540 5167; x_wconf 75' lang='grc' dir='ltr'>ἄλλως</span> <span class='ocrx_word' id='word_1_734' title='bbox 572 5103 1049 5181; x_wconf 62' lang='grc' dir='ltr'>τελεταρχοῦνται,</span> <span class='ocrx_word' id='word_1_735' title='bbox 1105 5104 1249 5162; x_wconf 86' lang='grc' dir='ltr'><strong>ἀλλά</strong></span> <span class='ocrx_word' id='word_1_736' title='bbox 1297 5112 1376 5180; x_wconf 80' lang='grc' dir='ltr'>τῷ</span> <span class='ocrx_word' id='word_1_737' title='bbox 1431 5107 1713 5182; x_wconf 79' lang='grc' dir='ltr'>νοουμένῳ</span> <span class='ocrx_word' id='word_1_738' title='bbox 1776 5109 1869 5182; x_wconf 76' lang='grc' dir='ltr'>μὶν</span> 
     </span>
    </p>
   </div>
   <div class='ocr_carea' id='block_1_102' title="bbox 213 5192 1871 5272">
    <p class='ocr_par' dir='ltr' id='par_1_102' title="bbox 213 5192 1871 5272">
     <span class='ocr_line' id='line_1_102' title="bbox 213 5192 1871 5272; baseline 0.002 -23"><span class='ocrx_word' id='word_1_739' title='bbox 213 5195 268 5266; x_wconf 80' lang='grc' dir='ltr'><strong>ἐξ</strong></span> <span class='ocrx_word' id='word_1_740' title='bbox 302 5192 460 5270; x_wconf 81' lang='grc' dir='ltr'>ἁγίου</span> <span class='ocrx_word' id='word_1_741' title='bbox 492 5193 828 5266; x_wconf 86' lang='grc' dir='ltr'>Πνεύματος,</span> <span class='ocrx_word' id='word_1_742' title='bbox 878 5199 956 5249; x_wconf 80' lang='grc' dir='ltr'><strong>τῶ</strong></span> <span class='ocrx_word' id='word_1_743' title='bbox 989 5193 1044 5251; x_wconf 79' lang='grc' dir='ltr'><strong>δὲ</strong></span> <span class='ocrx_word' id='word_1_744' title='bbox 1080 5195 1404 5272; x_wconf 77' lang='grc' dir='ltr'>βλεπομένῳ</span> <span class='ocrx_word' id='word_1_745' title='bbox 1433 5197 1468 5267; x_wconf 69' lang='grc' dir='ltr'><strong>ἢ</strong></span> <span class='ocrx_word' id='word_1_746' title='bbox 1521 5198 1623 5253; x_wconf 80' lang='grc' dir='ltr'><strong>ὑπὸ</strong></span> <span class='ocrx_word' id='word_1_747' title='bbox 1654 5199 1871 5253; x_wconf 73' lang='grc' dir='ltr'>ἐπισκό-</span> 
     </span>
    </p>
   </div>
   <div class='ocr_carea' id='block_1_103' title="bbox 211 5281 1869 5359">
    <p class='ocr_par' dir='ltr' id='par_1_103' title="bbox 211 5281 1869 5359">
     <span class='ocr_line' id='line_1_103' title="bbox 211 5281 1869 5359; baseline 0.002 -19"><span class='ocrx_word' id='word_1_748' title='bbox 211 5305 361 5353; x_wconf 89' lang='grc' dir='ltr'>πων,</span> <span class='ocrx_word' id='word_1_749' title='bbox 395 5283 431 5353; x_wconf 72' lang='grc' dir='ltr'>ἣ</span> <span class='ocrx_word' id='word_1_750' title='bbox 463 5281 610 5338; x_wconf 87' lang='grc' dir='ltr'><strong>ἀλλά</strong></span> <span class='ocrx_word' id='word_1_751' title='bbox 642 5283 747 5338; x_wconf 82' lang='grc' dir='ltr'><strong>ὑπὸ</strong></span> <span class='ocrx_word' id='word_1_752' title='bbox 777 5284 987 5359; x_wconf 76' lang='grc' dir='ltr'>ἱερέων,</span> <span class='ocrx_word' id='word_1_753' title='bbox 1045 5284 1135 5347; x_wconf 68' lang='grc' dir='ltr'><strong>οὕς</strong></span> <span class='ocrx_word' id='word_1_754' title='bbox 1189 5286 1241 5341; x_wconf 77' lang='grc' dir='ltr'>οὶ</span> <span class='ocrx_word' id='word_1_755' title='bbox 1290 5285 1574 5342; x_wconf 77' lang='grc' dir='ltr'>ἐπίσκοποι</span> <span class='ocrx_word' id='word_1_756' title='bbox 1605 5287 1869 5343; x_wconf 82' lang='grc' dir='ltr'>τοιούτων</span> 
     </span>
    </p>
   </div>
   <div class='ocr_carea' id='block_1_104' title="bbox 211 5373 1869 5451">
    <p class='ocr_par' dir='ltr' id='par_1_104' title="bbox 211 5373 1869 5451">
     <span class='ocr_line' id='line_1_104' title="bbox 211 5373 1869 5451; baseline 0.002 -22"><span class='ocrx_word' id='word_1_757' title='bbox 211 5375 554 5449; x_wconf 76' lang='grc' dir='ltr'>θεοπραξιῶν</span> <span class='ocrx_word' id='word_1_758' title='bbox 626 5378 957 5446; x_wconf 84' lang='grc' dir='ltr'>προῖστῶσιν</span> <span class='ocrx_word' id='word_1_759' title='bbox 1025 5373 1269 5451; x_wconf 77' lang='grc' dir='ltr'>ἐργάτας,</span> <span class='ocrx_word' id='word_1_760' title='bbox 1346 5381 1464 5439; x_wconf 80' lang='grc' dir='ltr'>πῶς</span> <span class='ocrx_word' id='word_1_761' title='bbox 1527 5374 1586 5431; x_wconf 70' lang='grc' dir='ltr'>ἄν</span> <span class='ocrx_word' id='word_1_762' title='bbox 1630 5397 1713 5441; x_wconf 90' lang='grc' dir='ltr'><strong>τις</strong></span> <span class='ocrx_word' id='word_1_763' title='bbox 1760 5382 1869 5433; x_wconf 85' lang='grc' dir='ltr'>τῶν</span> 
     </span>
    </p>
   </div>
   <div class='ocr_carea' id='block_1_105' title="bbox 218 5461 1871 5541">
    <p class='ocr_par' dir='ltr' id='par_1_105' title="bbox 218 5461 1871 5541">
     <span class='ocr_line' id='line_1_105' title="bbox 218 5461 1871 5541; baseline 0.002 -24"><span class='ocrx_word' id='word_1_764' title='bbox 218 5464 598 5539; x_wconf 77' lang='grc' dir='ltr'>μοναζόντων,</span> <span class='ocrx_word' id='word_1_765' title='bbox 651 5461 743 5525; x_wconf 80' lang='grc' dir='ltr'><strong>οὕς</strong></span> <span class='ocrx_word' id='word_1_766' title='bbox 796 5463 885 5518; x_wconf 83' lang='grc' dir='ltr'><strong>καὶ</strong></span> <span class='ocrx_word' id='word_1_767' title='bbox 934 5462 1149 5536; x_wconf 80' lang='grc' dir='ltr'>αὐτοὺς,</span> <span class='ocrx_word' id='word_1_768' title='bbox 1201 5467 1252 5521; x_wconf 73' lang='grc' dir='ltr'>οἱ</span> <span class='ocrx_word' id='word_1_769' title='bbox 1294 5471 1533 5522; x_wconf 81' lang='grc' dir='ltr'>τοιοῦτοι</span> <span class='ocrx_word' id='word_1_770' title='bbox 1590 5466 1871 5541; x_wconf 78' lang='grc' dir='ltr'>ἀγιάζουσι</span> 
     </span>
    </p>
   </div>
   <div class='ocr_carea' id='block_1_106' title="bbox 218 5549 1871 5634">
    <p class='ocr_par' dir='ltr' id='par_1_106' title="bbox 218 5549 1871 5634">
     <span class='ocr_line' id='line_1_106' title="bbox 218 5549 1871 5634; baseline 0.002 -27"><span class='ocrx_word' id='word_1_771' title='bbox 218 5549 651 5628; x_wconf 83' lang='grc' dir='ltr'>μυστηριωδῶς,</span> <span class='ocrx_word' id='word_1_772' title='bbox 699 5550 975 5626; x_wconf 77' lang='grc' dir='ltr'>τολμήσοι</span> <span class='ocrx_word' id='word_1_773' title='bbox 1024 5554 1309 5627; x_wconf 85' lang='grc' dir='ltr'>ἀντειπεῖν,</span> <span class='ocrx_word' id='word_1_774' title='bbox 1361 5556 1436 5619; x_wconf 83' lang='grc' dir='ltr'>ὡς</span> <span class='ocrx_word' id='word_1_775' title='bbox 1494 5554 1603 5630; x_wconf 79' lang='grc' dir='ltr'><strong>οὐχ</strong></span> <span class='ocrx_word' id='word_1_776' title='bbox 1649 5554 1871 5634; x_wconf 80' lang='grc' dir='ltr'>ὑφίστα-</span> 
     </span>
    </p>
   </div>
   <div class='ocr_carea' id='block_1_107' title="bbox 214 5639 1867 5719">
    <p class='ocr_par' dir='ltr' id='par_1_107' title="bbox 214 5639 1867 5719">
     <span class='ocr_line' id='line_1_107' title="bbox 214 5639 1867 5719; baseline 0.002 -22"><span class='ocrx_word' id='word_1_777' title='bbox 214 5662 311 5697; x_wconf 88' lang='grc' dir='ltr'><strong>ται</strong></span> <span class='ocrx_word' id='word_1_778' title='bbox 359 5645 663 5717; x_wconf 82' lang='grc' dir='ltr'>προεστῶτι</span> <span class='ocrx_word' id='word_1_779' title='bbox 719 5639 1004 5719; x_wconf 74' lang='grc' dir='ltr'>ἀρχιερεῖ,</span> <span class='ocrx_word' id='word_1_780' title='bbox 1048 5644 1137 5699; x_wconf 88' lang='grc' dir='ltr'><strong>καὶ</strong></span> <span class='ocrx_word' id='word_1_781' title='bbox 1186 5643 1423 5702; x_wconf 73' lang='grc' dir='ltr'>ὶλάττων</span> <span class='ocrx_word' id='word_1_782' title='bbox 1476 5645 1617 5702; x_wconf 69' lang='grc' dir='ltr'>ἐστὶν</span> <span class='ocrx_word' id='word_1_783' title='bbox 1667 5643 1867 5718; x_wconf 70' lang='grc' dir='ltr'>αὐτοῦς</span> 
     </span>
    </p>
   </div>
   <div class='ocr_carea' id='block_1_108' title="bbox 216 5729 1870 5808">
    <p class='ocr_par' dir='ltr' id='par_1_108' title="bbox 216 5729 1870 5808">
     <span class='ocr_line' id='line_1_108' title="bbox 216 5729 1870 5808; baseline 0.004 -21"><span class='ocrx_word' id='word_1_784' title='bbox 216 5731 313 5787; x_wconf 80' lang='grc' dir='ltr'><strong>καὶ</strong></span> <span class='ocrx_word' id='word_1_785' title='bbox 346 5729 410 5787; x_wconf 78' lang='grc' dir='ltr'>οὐ</span> <span class='ocrx_word' id='word_1_786' title='bbox 445 5729 617 5806; x_wconf 84' lang='grc' dir='ltr'>μόνου</span> <span class='ocrx_word' id='word_1_787' title='bbox 652 5733 751 5787; x_wconf 75' lang='grc' dir='ltr'><strong>τοῦ</strong></span> <span class='ocrx_word' id='word_1_788' title='bbox 780 5736 1069 5808; x_wconf 82' lang='grc' dir='ltr'>προσεχῶς</span> <span class='ocrx_word' id='word_1_789' title='bbox 1096 5731 1511 5807; x_wconf 84' lang='grc' dir='ltr'>τελειώσαντος,</span> <span class='ocrx_word' id='word_1_790' title='bbox 1553 5734 1643 5793; x_wconf 86' lang='grc' dir='ltr'><strong>καὶ</strong></span> <span class='ocrx_word' id='word_1_791' title='bbox 1698 5732 1870 5799; x_wconf 73' lang='grc' dir='ltr'>οὕτως</span> 
     </span>
    </p>
   </div>
   <div class='ocr_carea' id='block_1_109' title="bbox 1981 4749 3628 4827">
    <p class='ocr_par' dir='ltr' id='par_1_109' title="bbox 1981 4749 3628 4827">
     <span class='ocr_line' id='line_1_109' title="bbox 1981 4749 3628 4827; baseline -0.005 -17"><span class='ocrx_word' id='word_1_792' title='bbox 1981 4754 2043 4810; x_wconf 92' lang='lat' dir='ltr'><strong>in</strong></span> <span class='ocrx_word' id='word_1_793' title='bbox 2074 4772 2238 4811; x_wconf 86' lang='lat' dir='ltr'><strong>sacro</strong></span> <span class='ocrx_word' id='word_1_794' title='bbox 2296 4755 2651 4827; x_wconf 87' lang='lat' dir='ltr'><strong>baptismate</strong></span> <span class='ocrx_word' id='word_1_795' title='bbox 2705 4760 2813 4823; x_wconf 88' lang='lat' dir='ltr'><strong>est,</strong></span> <span class='ocrx_word' id='word_1_796' title='bbox 2873 4752 2991 4809; x_wconf 86' lang='lat' dir='ltr'><strong>sive</strong></span> <span class='ocrx_word' id='word_1_797' title='bbox 3051 4768 3181 4823; x_wconf 71' lang='lat' dir='ltr'><strong>quas</strong></span> <span class='ocrx_word' id='word_1_798' title='bbox 3210 4749 3270 4805; x_wconf 89' lang='lat' dir='ltr'><strong>in</strong></span> <span class='ocrx_word' id='word_1_799' title='bbox 3327 4763 3628 4805; x_wconf 87' lang='lat' dir='ltr'><strong>conversa-</strong></span> 
     </span>
    </p>
   </div>
   <div class='ocr_carea' id='block_1_110' title="bbox 1983 4840 3630 4916">
    <p class='ocr_par' dir='ltr' id='par_1_110' title="bbox 1983 4840 3630 4916">
     <span class='ocr_line' id='line_1_110' title="bbox 1983 4840 3630 4916; baseline -0.003 -18"><span class='ocrx_word' id='word_1_800' title='bbox 1983 4844 2142 4899; x_wconf 88' lang='lat' dir='ltr'><strong>tione</strong></span> <span class='ocrx_word' id='word_1_801' title='bbox 2172 4843 2408 4916; x_wconf 71' lang='lat' dir='ltr'><strong>reliquze</strong></span> <span class='ocrx_word' id='word_1_802' title='bbox 2457 4845 2586 4899; x_wconf 64' lang='lat' dir='ltr'><strong>vita;</strong></span> <span class='ocrx_word' id='word_1_803' title='bbox 2641 4842 3088 4914; x_wconf 90' lang='lat' dir='ltr'><strong>baptizatorum,</strong></span> <span class='ocrx_word' id='word_1_804' title='bbox 3116 4840 3164 4895; x_wconf 90' lang='lat' dir='ltr'><strong>si</strong></span> <span class='ocrx_word' id='word_1_805' title='bbox 3223 4854 3429 4895; x_wconf 90' lang='lat' dir='ltr'><strong>omnes</strong></span> <span class='ocrx_word' id='word_1_806' title='bbox 3461 4852 3630 4893; x_wconf 85' lang='lat' dir='ltr'><strong>sane-</strong></span> 
     </span>
    </p>
   </div>
   <div class='ocr_carea' id='block_1_111' title="bbox 1983 4930 3625 5005">
    <p class='ocr_par' dir='ltr' id='par_1_111' title="bbox 1983 4930 3625 5005">
     <span class='ocr_line' id='line_1_111' title="bbox 1983 4930 3625 5005; baseline -0.004 -18"><span class='ocrx_word' id='word_1_807' title='bbox 1983 4932 2170 4988; x_wconf 84' lang='lat' dir='ltr'><strong>titatis</strong></span> <span class='ocrx_word' id='word_1_808' title='bbox 2198 4933 2439 5005; x_wconf 90' lang='lat' dir='ltr'><strong>gradus,</strong></span> <span class='ocrx_word' id='word_1_809' title='bbox 2470 4937 2527 4987; x_wconf 86' lang='lat' dir='ltr'><strong>et</strong></span> <span class='ocrx_word' id='word_1_810' title='bbox 2558 4932 2851 5003; x_wconf 87' lang='lat' dir='ltr'><strong>imprimis</strong></span> <span class='ocrx_word' id='word_1_811' title='bbox 2882 4931 3010 5002; x_wconf 89' lang='lat' dir='ltr'><strong>ipsa</strong></span> <span class='ocrx_word' id='word_1_812' title='bbox 3065 4934 3330 4996; x_wconf 89' lang='lat' dir='ltr'><strong>tonsura,</strong></span> <span class='ocrx_word' id='word_1_813' title='bbox 3364 4942 3482 4998; x_wconf 89' lang='lat' dir='ltr'><strong>qua</strong></span> <span class='ocrx_word' id='word_1_814' title='bbox 3512 4930 3625 4981; x_wconf 90' lang='lat' dir='ltr'><strong>Deo</strong></span> 
     </span>
    </p>
   </div>
   <div class='ocr_carea' id='block_1_112' title="bbox 1982 5017 3627 5088">
    <p class='ocr_par' dir='ltr' id='par_1_112' title="bbox 1982 5017 3627 5088">
     <span class='ocr_line' id='line_1_112' title="bbox 1982 5017 3627 5088; baseline -0.004 -11"><span class='ocrx_word' id='word_1_815' title='bbox 1982 5021 2254 5077; x_wconf 86' lang='lat' dir='ltr'><strong>monachi</strong></span> <span class='ocrx_word' id='word_1_816' title='bbox 2283 5026 2720 5088; x_wconf 84' lang='lat' dir='ltr'><strong>consecrantur,</strong></span> <span class='ocrx_word' id='word_1_817' title='bbox 2751 5020 2863 5076; x_wconf 88' lang='lat' dir='ltr'><strong>alio</strong></span> <span class='ocrx_word' id='word_1_818' title='bbox 2894 5020 3067 5076; x_wconf 86' lang='lat' dir='ltr'><strong>modo</strong></span> <span class='ocrx_word' id='word_1_819' title='bbox 3122 5035 3237 5075; x_wconf 91' lang='lat' dir='ltr'><strong>non</strong></span> <span class='ocrx_word' id='word_1_820' title='bbox 3271 5017 3627 5073; x_wconf 85' lang='lat' dir='ltr'><strong>benedicun-</strong></span> 
     </span>
    </p>
   </div>
   <div class='ocr_carea' id='block_1_113' title="bbox 1982 5104 3629 5183">
    <p class='ocr_par' dir='ltr' id='par_1_113' title="bbox 1982 5104 3629 5183">
     <span class='ocr_line' id='line_1_113' title="bbox 1982 5104 3629 5183; baseline -0.004 -17"><span class='ocrx_word' id='word_1_821' title='bbox 1982 5118 2096 5179; x_wconf 87' lang='lat' dir='ltr'><strong>tur,</strong></span> <span class='ocrx_word' id='word_1_822' title='bbox 2130 5111 2244 5167; x_wconf 87' lang='lat' dir='ltr'><strong>nisi</strong></span> <span class='ocrx_word' id='word_1_823' title='bbox 2272 5129 2305 5167; x_wconf 89' lang='lat' dir='ltr'><strong>a</strong></span> <span class='ocrx_word' id='word_1_824' title='bbox 2336 5115 2537 5167; x_wconf 88' lang='lat' dir='ltr'><strong>saneto</strong></span> <span class='ocrx_word' id='word_1_825' title='bbox 2584 5110 2806 5183; x_wconf 85' lang='lat' dir='ltr'><strong>Spiritu</strong></span> <span class='ocrx_word' id='word_1_826' title='bbox 2847 5108 3254 5182; x_wconf 89' lang='lat' dir='ltr'><strong>judicantibus</strong></span> <span class='ocrx_word' id='word_1_827' title='bbox 3309 5104 3629 5180; x_wconf 90' lang='lat' dir='ltr'><strong>spirituali-</strong></span> 
     </span>
    </p>
   </div>
   <div class='ocr_carea' id='block_1_114' title="bbox 1978 5195 3626 5272">
    <p class='ocr_par' dir='ltr' id='par_1_114' title="bbox 1978 5195 3626 5272">
     <span class='ocr_line' id='line_1_114' title="bbox 1978 5195 3626 5272; baseline -0.002 -17"><span class='ocrx_word' id='word_1_828' title='bbox 1978 5203 2089 5269; x_wconf 86' lang='lat' dir='ltr'><strong>ter,</strong></span> <span class='ocrx_word' id='word_1_829' title='bbox 2120 5204 2179 5255; x_wconf 90' lang='lat' dir='ltr'><strong>et</strong></span> <span class='ocrx_word' id='word_1_830' title='bbox 2220 5206 2454 5256; x_wconf 82' lang='lat' dir='ltr'><strong>externe</strong></span> <span class='ocrx_word' id='word_1_831' title='bbox 2506 5201 2578 5257; x_wconf 90' lang='lat' dir='ltr'><strong>ab</strong></span> <span class='ocrx_word' id='word_1_832' title='bbox 2630 5199 2947 5272; x_wconf 87' lang='lat' dir='ltr'><strong>epis00pis,</strong></span> <span class='ocrx_word' id='word_1_833' title='bbox 3003 5204 3166 5255; x_wconf 89' lang='lat' dir='ltr'><strong>auta</strong></span> <span class='ocrx_word' id='word_1_834' title='bbox 3222 5195 3626 5253; x_wconf 84' lang='lat' dir='ltr'><strong>sacerdotibus</strong></span> 
     </span>
    </p>
   </div>
   <div class='ocr_carea' id='block_1_115' title="bbox 1982 5285 3627 5363">
    <p class='ocr_par' dir='ltr' id='par_1_115' title="bbox 1982 5285 3627 5363">
     <span class='ocr_line' id='line_1_115' title="bbox 1982 5285 3627 5363; baseline -0.002 -19"><span class='ocrx_word' id='word_1_835' title='bbox 1982 5304 2130 5360; x_wconf 90' lang='lat' dir='ltr'><strong>quos</strong></span> <span class='ocrx_word' id='word_1_836' title='bbox 2159 5289 2414 5363; x_wconf 89' lang='lat' dir='ltr'><strong>episcopi</strong></span> <span class='ocrx_word' id='word_1_837' title='bbox 2472 5289 2678 5345; x_wconf 88' lang='lat' dir='ltr'><strong>horum</strong></span> <span class='ocrx_word' id='word_1_838' title='bbox 2713 5289 2935 5344; x_wconf 87' lang='lat' dir='ltr'><strong>rituum</strong></span> <span class='ocrx_word' id='word_1_839' title='bbox 2985 5304 3285 5344; x_wconf 87' lang='lat' dir='ltr'><strong>sacrorum</strong></span> <span class='ocrx_word' id='word_1_840' title='bbox 3330 5285 3627 5357; x_wconf 86' lang='lat' dir='ltr'><strong>operarios</strong></span> 
     </span>
    </p>
   </div>
   <div class='ocr_carea' id='block_1_116' title="bbox 1980 5375 3624 5451">
    <p class='ocr_par' dir='ltr' id='par_1_116' title="bbox 1980 5375 3624 5451">
     <span class='ocr_line' id='line_1_116' title="bbox 1980 5375 3624 5451; baseline -0.004 -17"><span class='ocrx_word' id='word_1_841' title='bbox 1980 5379 2346 5451; x_wconf 75' lang='lat' dir='ltr'><strong>praaﬁciunt;</strong></span> <span class='ocrx_word' id='word_1_842' title='bbox 2405 5379 2695 5449; x_wconf 90' lang='lat' dir='ltr'><strong>quomodo</strong></span> <span class='ocrx_word' id='word_1_843' title='bbox 2744 5377 2959 5450; x_wconf 85' lang='lat' dir='ltr'><strong>aliquis</strong></span> <span class='ocrx_word' id='word_1_844' title='bbox 2989 5394 3058 5435; x_wconf 77' lang='lat' dir='ltr'><strong>ex</strong></span> <span class='ocrx_word' id='word_1_845' title='bbox 3112 5375 3436 5442; x_wconf 89' lang='lat' dir='ltr'><strong>monachis,</strong></span> <span class='ocrx_word' id='word_1_846' title='bbox 3469 5390 3502 5429; x_wconf 89' lang='lat' dir='ltr'><strong>a</strong></span> <span class='ocrx_word' id='word_1_847' title='bbox 3532 5391 3624 5429; x_wconf 89' lang='lat' dir='ltr'><strong>sa-</strong></span> 
     </span>
    </p>
   </div>
   <div class='ocr_carea' id='block_1_117' title="bbox 1980 5461 3627 5540">
    <p class='ocr_par' dir='ltr' id='par_1_117' title="bbox 1980 5461 3627 5540">
     <span class='ocr_line' id='line_1_117' title="bbox 1980 5461 3627 5540; baseline -0.004 -17"><span class='ocrx_word' id='word_1_848' title='bbox 1980 5469 2315 5525; x_wconf 88' lang='lat' dir='ltr'><strong>cerdotibus</strong></span> <span class='ocrx_word' id='word_1_849' title='bbox 2362 5468 2521 5524; x_wconf 87' lang='lat' dir='ltr'><strong>intra</strong></span> <span class='ocrx_word' id='word_1_850' title='bbox 2577 5466 2853 5540; x_wconf 87' lang='lat' dir='ltr'><strong>mysteria</strong></span> <span class='ocrx_word' id='word_1_851' title='bbox 2908 5472 3304 5534; x_wconf 84' lang='lat' dir='ltr'><strong>consecratus,</strong></span> <span class='ocrx_word' id='word_1_852' title='bbox 3339 5461 3627 5520; x_wconf 85' lang='lat' dir='ltr'><strong>contradi-</strong></span> 
     </span>
    </p>
   </div>
   <div class='ocr_carea' id='block_1_118' title="bbox 1981 5553 3623 5630">
    <p class='ocr_par' dir='ltr' id='par_1_118' title="bbox 1981 5553 3623 5630">
     <span class='ocr_line' id='line_1_118' title="bbox 1981 5553 3623 5630; baseline -0.003 -16"><span class='ocrx_word' id='word_1_853' title='bbox 1981 5573 2109 5614; x_wconf 86' lang='lat' dir='ltr'><strong>cere</strong></span> <span class='ocrx_word' id='word_1_854' title='bbox 2139 5559 2382 5614; x_wconf 86' lang='lat' dir='ltr'><strong>auderet</strong></span> <span class='ocrx_word' id='word_1_855' title='bbox 2408 5574 2471 5613; x_wconf 90' lang='lat' dir='ltr'><strong>se</strong></span> <span class='ocrx_word' id='word_1_856' title='bbox 2527 5558 2796 5630; x_wconf 82' lang='lat' dir='ltr'><strong>praefecto</strong></span> <span class='ocrx_word' id='word_1_857' title='bbox 2828 5556 3092 5630; x_wconf 76' lang='lat' dir='ltr'><strong>pontifici</strong></span> <span class='ocrx_word' id='word_1_858' title='bbox 3147 5571 3262 5612; x_wconf 90' lang='lat' dir='ltr'><strong>non</strong></span> <span class='ocrx_word' id='word_1_859' title='bbox 3294 5553 3623 5624; x_wconf 84' lang='lat' dir='ltr'><strong>subjacere,</strong></span> 
     </span>
    </p>
   </div>
   <div class='ocr_carea' id='block_1_119' title="bbox 1980 5642 3620 5721">
    <p class='ocr_par' dir='ltr' id='par_1_119' title="bbox 1980 5642 3620 5721">
     <span class='ocr_line' id='line_1_119' title="bbox 1980 5642 3620 5721; baseline -0.002 -19"><span class='ocrx_word' id='word_1_860' title='bbox 1980 5663 2171 5721; x_wconf 89' lang='lat' dir='ltr'><strong>neque</strong></span> <span class='ocrx_word' id='word_1_861' title='bbox 2199 5664 2267 5705; x_wconf 90' lang='lat' dir='ltr'><strong>eo</strong></span> <span class='ocrx_word' id='word_1_862' title='bbox 2297 5646 2587 5704; x_wconf 86' lang='lat' dir='ltr'><strong>minorem</strong></span> <span class='ocrx_word' id='word_1_863' title='bbox 2633 5645 2810 5705; x_wconf 83' lang='lat' dir='ltr'><strong>esse?</strong></span> <span class='ocrx_word' id='word_1_864' title='bbox 2840 5661 3031 5719; x_wconf 88' lang='lat' dir='ltr'><strong>neque</strong></span> <span class='ocrx_word' id='word_1_865' title='bbox 3073 5645 3265 5703; x_wconf 90' lang='lat' dir='ltr'><strong>solum</strong></span> <span class='ocrx_word' id='word_1_866' title='bbox 3295 5660 3362 5701; x_wconf 92' lang='lat' dir='ltr'><strong>eo</strong></span> <span class='ocrx_word' id='word_1_867' title='bbox 3419 5642 3520 5715; x_wconf 90' lang='lat' dir='ltr'><strong>qui</strong></span> <span class='ocrx_word' id='word_1_868' title='bbox 3549 5643 3620 5699; x_wconf 87' lang='lat' dir='ltr'><strong>ad</strong></span> 
     </span>
    </p>
   </div>
   <div class='ocr_carea' id='block_1_120' title="bbox 1980 5735 3619 5811">
    <p class='ocr_par' dir='ltr' id='par_1_120' title="bbox 1980 5735 3619 5811">
     <span class='ocr_line' id='line_1_120' title="bbox 1980 5735 3619 5811; baseline -0.003 -17"><span class='ocrx_word' id='word_1_869' title='bbox 1980 5753 2240 5811; x_wconf 85' lang='lat' dir='ltr'><strong>unguem</strong></span> <span class='ocrx_word' id='word_1_870' title='bbox 2270 5736 2512 5810; x_wconf 75' lang='lat' dir='ltr'><strong>perfecit</strong></span> <span class='ocrx_word' id='word_1_871' title='bbox 2538 5743 2596 5795; x_wconf 81' lang='lat' dir='ltr'><strong>et</strong></span> <span class='ocrx_word' id='word_1_872' title='bbox 2614 5735 2699 5795; x_wconf 83' lang='lat' dir='ltr'><strong>sic</strong></span> <span class='ocrx_word' id='word_1_873' title='bbox 2727 5735 3218 5808; x_wconf 86' lang='lat' dir='ltr'><strong>consecravit,sed</strong></span> <span class='ocrx_word' id='word_1_874' title='bbox 3248 5749 3619 5807; x_wconf 86' lang='lat' dir='ltr'><strong>quocunque,</strong></span> 
     </span>
    </p>
   </div>
  </div>
