4114 6200
459 356 578 415 ’135

1236 362 1653 422 EUSTATHII
1698 363 1996 422 THESSA
2009 361 2469 426 LONICENSIS
2516 363 3098 425 METROPOLITJE

3752 366 3906 425 736

461 487 632 557 cujus
662 490 836 560 capiti
864 491 1075 546 deinde
1100 493 1292 548 insani
1325 495 1697 561 insidientur,
1730 495 1906 566 idque
1929 494 2111 550 velint

2229 494 2570 569 ἀγιάσαντος,
2601 493 2749 550 ἀλλὰ
2812 496 3034 566 παντὸς,
3066 494 3376 550 οὑτινοσοῦν
3407 494 3502 550 κ’ὰν
3535 493 3764 572 ὕστερον
3833 497 3900 550 οἳ

463 576 789 633 demittere.
822 578 929 642 Qui
979 581 1090 636 sibi
1148 581 1418 637 videntur
1465 585 1656 653 capita
1711 601 1862 648 esse,
1914 585 2016 640 sed
2049 601 2110 640 re

462 682 599 721 vera
630 683 790 722 mera
821 668 969 724 colla
1001 671 1126 725 sine
1157 672 1366 742 capite,
1399 673 1497 743 qui
1533 690 1640 729 sua
1664 674 1947 743 jactantia
1976 690 2110 728 mu-
2150 680 2161 692 '

468 758 664 810 tantur
695 757 753 810 in
812 774 987 828 opera
1017 776 1124 814 suo
1183 763 1404 816 auctori
1465 764 1943 820 contradicentia.
1977 765 2106 820 Ete-

463 845 585 899 nim
618 861 731 899 non
764 846 1018 915 cogitant
1069 849 1266 905 Patres
1297 851 1534 921 quidem
1565 869 1629 909 se
1657 869 1786 908 esse
1815 853 1872 908 in
1907 853 2110 909 ordine

460 933 842 1004 hierarchico,
877 937 977 991 sed
1011 941 1242 994 Patrem
1289 941 1520 996 Patrum
1572 958 1700 997 esse
1733 941 2108 1013 pontiﬁcem;

461 1037 566 1076 nec
597 1026 859 1093 pastores
891 1025 1129 1096 quidem
1162 1044 1309 1096 sese,
1343 1029 1442 1101 qui
1477 1037 1738 1101 praeeunt
1769 1031 2107 1103 aliquando,

461 1126 763 1166 summum
794 1129 928 1169 vero
957 1121 1252 1185 pastorem
1284 1132 1414 1173 esse
1444 1119 1898 1188 pontiﬁcem,cui
1932 1137 2112 1192 supra

462 1206 788 1269 prmeuntes
820 1219 948 1259 esse
1001 1205 1262 1277 contigit,
1296 1211 1353 1261 et
1411 1225 1562 1280 saepe
1617 1210 1957 1282 episcopum
1985 1211 2111 1282 epi-

461 1303 774 1359 scoporum
805 1309 817 1358 ;
848 1309 1034 1362 neque
1051 1310 1112 1348 se
1135 1295 1429 1350 modicum
1456 1298 1812 1354 monachicis
1835 1300 2109 1370 operibus

461 1378 806 1434 exercitatos
837 1380 896 1434 in
952 1382 1355 1452 pontiﬁcatum
1415 1389 1728 1442 ascendere
1784 1394 2106 1460 Optaturos,

464 1482 578 1520 non
613 1469 764 1538 quod
791 1470 1204 1543 demergantur
1224 1491 1291 1528 ex
1313 1476 1475 1546 apice
1499 1477 1715 1532 montis
1748 1478 1804 1532 in
1829 1495 2107 1550 preceps,

463 1555 562 1609 sed
599 1557 752 1626 quod
785 1575 815 1613 e
845 1563 999 1614 terra
1023 1561 1079 1615 in
1113 1562 1323 1618 coelum
1355 1571 1687 1637 assurgant.

2223 585 2298 655 μὴ
2357 583 2772 660 βαθυγνώμονες
2822 584 3211 660 ἀπεγείρῶνται
3263 589 3382 647 ταῖς
3427 592 3734 663 κεφαλαῖς,
3787 585 3899 640 καὶ

2220 671 2439 747 ἀπάγειν
2500 672 2660 736 αὐτὰς
2720 673 2977 729 ἐθέλωσι·
3041 671 3320 736 δοκοῦντες
3371 675 3464 747 μὲν
3524 675 3575 728 οἱ
3628 675 3900 729 τοιοῦτοι

2217 759 2448 837 κεφαλαὶ
2508 765 2666 828 εἶναι,
2723 769 2803 837 τῷ
2860 759 2972 818 ὄντι
3030 761 3088 818 δὲ
3136 763 3360 838 αὐχένες
3403 759 3552 826 ὄντες
3579 763 3899 842 ἀκέφαλοι,

2217 851 2308 904 καὶ
2340 852 2512 915 οὕτως
2541 851 3035 926 ἀποκαθιστάμενοι
3079 857 3147 927 τῇ
3200 852 3489 925 ἀλαζονείᾳ
3534 852 3612 915 εἷς
3660 858 3896 930 χειρῶν

2217 938 2532 1012 πλάσματα,
2564 947 2680 1002 τοῖς
2729 941 2862 996 αὐτὰ
2909 944 3198 1012 ποιήσασιν
3249 941 3612 1019 ἀντιλέγοντα.
3645 945 3720 998 Οὐ
3771 943 3898 1018 γὰρ

2219 1028 2516 1101 ἐννοοῦσιν,
2573 1031 2654 1084 ὅτι
2686 1031 2918 1106 Πατέρες
2951 1031 3045 1105 μὲν
3075 1031 3226 1087 αὐτοὶ
3263 1029 3627 1107 διακρίνονται
3677 1035 3805 1108 άρχ
3811 1054 3896 1087 ιε-

2219 1125 2422 1195 ρατικῷ
2454 1119 2668 1196 ῥυθμῷ,
2727 1122 2912 1194 Πατὴρ
2945 1119 3002 1175 δὲ
3032 1123 3285 1197 Πατέρων
3321 1123 3349 1176 6
3392 1122 3700 1197 ἀρχιερεύς·
3763 1121 3906 1186 οὗθ’

2219 1211 2301 1264 ὅτι
2355 1210 2610 1282 ποιμένες
2671 1210 2764 1283 μὲν
2820 1209 3015 1280 αὐτοὶ,
3075 1211 3157 1266 ὅτι
3212 1213 3303 1265 καὶ
3362 1212 3663 1286 ἡγούμενοί
3712 1232 3904 1280 ποτε,

2220 1300 2564 1375 ἀρχιποίμην
2617 1296 2675 1354 δὲ
2731 1300 2758 1353 ὁ
2817 1299 3102 1376 ἀρχιερεὺς
3135 1347 3151 1372 ,
3210 1300 3324 1354 ἐπεὶ
3397 1302 3484 1355 καὶ
3547 1302 3898 1375 ἡγουμένων

2219 1389 2440 1462 ὕπερθεν
2490 1385 2687 1464 ἔλαχεν
2748 1390 2901 1461 εἶναι,
2953 1390 2980 1443 ὁ
3011 1390 3098 1444 καὶ
3150 1388 3456 1444 ἐπισκόπων
3488 1389 3803 1452 ἐπίσκοπος
3842 1389 3905 1444 ἐν

2219 1477 2470 1538 πολλοῖς·
2535 1475 2656 1531 οὕτε
2710 1476 2799 1532 ὅτε
2860 1479 3050 1553 μικρὸν
3102 1477 3226 1533 ὅσον
3287 1477 3764 1551 ἐμμελετήσαντες
3825 1478 3906 1545 τῆ

2223 1569 2501 1641 μοναχικῇ
2535 1565 2792 1641 έργωδίᾳ,
2855 1566 2967 1621 εἶτα
3025 1565 3423 1640 ἐπιθυμήσουσι
3472 1568 3661 1630 καὶεῖς
3687 1569 3913 1643 ἱεράρ-

465 1660 571 1716 χας
598 1642 750 1698 αὐτοὶ
801 1643 1118 1717 μεταϐῆναι⁶
1147 1650 1209 1704 οὐ
1240 1649 1416 1722 δήπου
1449 1649 1994 1728 ὑποκαταϐησόμενοι
2019 1655 2092 1717 ὡς
2127 1655 2230 1710 ἀπὸ
2259 1658 2557 1732 ἀκρωρείας
2590 1654 2666 1719 εἴς
2695 1677 2845 1720 τινας
2873 1655 3180 1732 κρημνοὺς,
3207 1654 3333 1712 ἀλλ’
3386 1658 3462 1719 ὡς
3508 1657 3907 1731 άρθησόμενοι

468 1730 527 1784 ὲκ
553 1737 656 1805 γῆς
687 1732 761 1794 εἷς
793 1733 1105 1809 ’¹Ολυμπον.

535 1838 590 1891 9.
625 1839 733 1895 Sed
767 1857 942 1911 quam
975 1846 1048 1900 ob
1069 1863 1307 1904 causam
1341 1850 1598 1923 amplius
1629 1852 1974 1925 divagari,et
2000 1869 2114 1909 non

2269 1851 2337 1914 θ’.
2377 1848 2551 1908 Ἀλλὰ
2573 1851 2626 1906 τί
2685 1874 2778 1925 μοι
2837 1849 3210 1928 παρεξοδεύειν
3269 1852 3348 1915 εἰς
3401 1851 3592 1922 πλέον,
3653 1853 3754 1908 καὶ
3815 1855 3904 1925 μή

467 1929 538 1983 ad
575 1934 1032 1999 percurrendum
1067 1939 1323 1996 stadium
1357 1942 1650 2000 reﬂectere
1671 1943 1699 1997 ?
1725 1945 2024 2016 Agebatur
2045 1945 2116 1999 de

466 2016 735 2089 eligenda
765 2021 883 2076 vita
938 2025 1212 2096 perfecta,
1247 2034 1305 2085 et
1359 2033 1428 2087 de
1481 2032 1907 2089 consideranda
1957 2034 2016 2088 in
2047 2050 2117 2089 ea

467 2106 740 2163 universa
770 2109 888 2165 vita
917 2115 1292 2172 monachica:
1328 2136 1505 2190 quam
1553 2122 1651 2190 qui
1703 2126 1834 2193 post
1865 2122 2115 2195 primam

468 2196 813 2254 describunt
838 2199 1096 2260 illustres
1127 2209 1280 2276 apud
1335 2226 1439 2264 nos
1472 2211 1766 2277 monachi,
1800 2211 1858 2266 in
1898 2228 2114 2268 vanum

469 2283 758 2354 laborant,
793 2291 948 2359 quod
983 2293 1051 2346 ad
1088 2293 1245 2365 ipsos
1277 2296 1502 2353 attinet.
1537 2299 1595 2353 Si
1637 2304 1834 2355 autem
1867 2301 1938 2356 ad
1969 2301 2116 2357 bene

469 2373 864 2432 ordinandum
897 2396 1226 2438 sermonem
1275 2385 1418 2443 istos
1449 2387 1668 2458 primos
1700 2391 2022 2461 aggredior,
2057 2390 2115 2445 id

469 2477 674 2518 omnes
706 2469 1038 2524 mundanus
1085 2473 1320 2529 ordines
1367 2476 1729 2548 docebitﬁiut
1772 2479 1957 2546 aiunt,
1991 2495 2114 2534 ma-

471 2566 652 2622 gnum
684 2559 740 2608 et
772 2572 1037 2628 parvum,
1069 2562 1221 2616 circa
1270 2565 1492 2634 majora
1543 2571 1644 2621 aut
1689 2568 1916 2623 minora
1946 2585 2117 2623 occu-

471 2645 696 2710 patum.
728 2644 892 2700 Alius
951 2650 1186 2718 quidem
1245 2653 1315 2706 ad
1375 2655 1598 2723 majora
1652 2657 1957 2712 ordinatus
2005 2662 2114 2723 est,

471 2728 623 2784 alius
645 2731 716 2784 ad
748 2736 1073 2791 secundum
1106 2738 1321 2807 locum,
1355 2747 1410 2796 et
1457 2745 1664 2799 tertius
1697 2745 1767 2799 ad
1799 2746 2112 2801 inferiora:

474 2833 602 2886 qua
633 2819 866 2891 singula
897 2840 1002 2879 nos
1036 2843 1369 2896 percurrere
1393 2847 1564 2888 nemo
1597 2835 2114 2906 postulabit,siqui-

477 2904 611 2958 dem
670 2923 840 2963 nemo
872 2917 957 2966 est
1008 2914 1107 2984 qui
1141 2915 1293 2972 hanc
1351 2921 1695 2977 sententiam
1756 2924 1816 2978 in
1870 2904 2115 2978 dubium

473 3000 720 3050 revocet.

546 3082 630 3135 1Ο.
667 3084 1083 3147 Monachorum
1123 3108 1308 3164 genus
1354 3097 1638 3155 exercitus
1669 3103 1777 3170 est,
1829 3117 1942 3156 non
1972 3117 2115 3173 qua-

472 3169 798 3242 liscunque,
825 3178 924 3232 sed
956 3195 1090 3236 vere
1119 3183 1374 3240 divinus.
1398 3188 1584 3259 Copia:
1616 3190 1918 3260 sacraa,Dei
1939 3191 2114 3259 acies,

475 3261 640 3314 electi
673 3265 939 3335 Domino,
985 3270 1044 3322 in
1103 3271 1245 3327 caalo
1277 3273 1496 3347 inclyti,
1557 3281 1797 3336 omnino
1829 3285 2115 3354 segregati

475 3365 509 3403 a
539 3354 877 3419 proceribus
909 3362 1072 3412 terra
1121 3363 1337 3431 quibus
1360 3367 1513 3420 mala
1542 3379 1869 3440 servantur,
1903 3372 2119 3428 milites

477 3439 760 3496 adVersus
784 3453 1110 3515 apostatam
1135 3456 1190 3504 et
1221 3454 1490 3509 rebellem
1525 3439 2114 3532 diabolum,rangelo-

473 3544 604 3582 rum
637 3531 1234 3609 imitatores,ideuque
1258 3560 1368 3597 non
1398 3547 1568 3601 modo
1591 3550 1799 3603 animas
1824 3531 2115 3619 humane,

473 3618 575 3672 sed
607 3621 784 3676 etiam
843 3628 1103 3697 corporis
1160 3634 1450 3700 custodes,
1498 3637 1588 3690 cui
1647 3639 1859 3695 amotis
1915 3657 2116 3711 pecca-

473 3706 574 3773 tis,
604 3717 865 3767 nostram
901 3717 1152 3785 primam
1198 3719 1565 3780 harmoniam
1622 3727 1765 3782 bene
1796 3744 2116 3801 congruam

474 3798 876 3886 turbantibus,
908 3806 1219 3862 sanitatem
1253 3813 1500 3868 afferunt
1528 3833 1540 3881 ;
1575 3815 1685 3886 ipsi
1716 3798 1948 3874 virtutis
1977 3835 2119 3874 vasa

474 3884 524 3939 si
553 3887 621 3940 ad
653 3905 782 3944 eam
839 3896 1102 3962 pr0linus
1149 3904 1350 3967 aperta
1393 3907 1572 3973 sunt;
1631 3904 1839 3960 divinae
1871 3908 2117 3979 myrrhas

475 3978 862 4068 receptacula,
917 3986 1149 4051 quando
1202 3990 1456 4059 graviter
1511 4009 1625 4048 non
1657 3993 1849 4062 olent;
1884 3978 2119 4068 aposto-

476 4059 1180 4157 lorum_eftigies,quando
1203 4077 1275 4131 ad
1308 4094 1401 4134 res
1432 4081 1662 4138 divinas
1695 4059 2120 4157 exsculpendas

477 4157 619 4206 sunt
647 4153 878 4224 idonei;
912 4164 1163 4229 paradisi
1208 4165 1518 4239 salutares,
1566 4170 1850 4229 inaccessi
1883 4175 2120 4247 perﬁdis

479 4242 848 4334 serpentibus
879 4264 982 4318 per
1037 4267 1184 4323 quos
1239 4257 1506 4315 diabolus
1532 4276 1665 4316 cum
1725 4242 2122 4334 praebentibus

477 4345 681 4425 aurem
711 4333 836 4425 vult
853 4336 1138 4425 colloqui.
1161 4347 1294 4400 Hec
1312 4344 1709 4416 pulcherrima
1726 4333 1911 4420 iacies,
1943 4370 2122 4425 quam

477 4416 787 4479 hierarcha
817 4423 928 4482 alia
959 4430 1198 4486 omnino
1229 4441 1487 4506 superat,
1520 4443 1777 4495 ostentat
1806 4416 2123 4514 suos.pr:e-

477 4507 636 4604 latos
659 4513 759 4583 qui
791 4520 930 4572 sunt
960 4522 1192 4592 magnis
1222 4522 1485 4595 insignes
1531 4528 1868 4598 virtutibus,
1902 4507 2003 4603 qui
2035 4534 2126 4604 (ut

2223 1938 2604 2016 ἐπανακάμψαι
2656 1941 2732 2004 εἰς
2789 1943 2852 1997 τὸ
2908 1942 3328 2018 προτεθειμένον
3379 1942 3723 2019 τρόχασμα;
3797 1947 3906 1998 Ἦν

2225 2026 2284 2084 δέ
2337 2031 2468 2084 αὐτὸ
2527 2029 2758 2106 ἐπιλογῇ
2817 2038 2918 2101 τῆς
2978 2031 3479 2106 μεγαλοσχήμονος
3525 2033 3744 2107 βιοτῆς,
3803 2032 3905 2085 καὶ

2226 2118 2424 2194 θεωρίᾳ
2482 2117 2553 2173 δι’
2605 2120 2774 2186 αὐτῆς
2823 2125 2922 2176 τοῦ
2979 2120 3112 2176 ὅλου
3169 2125 3476 2196 μοναχικοῦ
3525 2121 3652 2196 βίου
3710 2119 3781 2174 δν
3845 2121 3902 2174 οἱ

2222 2215 2322 2277 τῆς
2378 2210 2496 2263 καθ’
2547 2211 2695 2281 ἡμᾶς
2721 2217 2826 2284 γῆς
2866 2208 3071 2281 ἔνδοξοι
3137 2209 3374 2285 μοναχοὶ
3434 2209 3906 2288 παραγράφοντες

2224 2298 2528 2374 ἀχρειοῦσι,
2581 2300 2644 2354 τό
2697 2319 2760 2374 γε
2818 2299 2894 2362 εἷς
2954 2298 3149 2362 αὐτοὺς
3181 2303 3338 2370 ἧκον.
3374 2299 3441 2355 Εἴ
3469 2297 3527 2354 6‘:
3555 2300 3695 2374 πρὸς
3721 2300 3904 2354 εὐτα-

2225 2388 2337 2459 ξίαν
2397 2386 2568 2463 λόγου
2612 2387 2740 2450 τοὺς
2793 2387 3074 2451 τοιούτους
3103 2390 3353 2463 πρώτους
3398 2387 3900 2465 μπαχειρὶσομαι,

2227 2478 2379 2548 αὐτὸ,
2415 2477 2565 2555 φασὶ,
2595 2474 2834 2548 δηλώσει
2865 2477 3024 2533 παντὶ
3065 2479 3304 2553 τάγματι
3335 2482 3609 2550 κοσμικῷ,
3648 2475 3896 2551 μεγάλῳ

2223 2567 2312 2621 καὶ
2348 2573 2550 2641 μικρῷ,
2581 2569 2703 2643 περὶ
2744 2567 2911 2640 μείζω
2941 2569 3348 2643 καταγινομένῳ
3386 2567 3475 2621 καὶ
3532 2567 3657 2641 περὶ
3719 2565 3898 2621 ἐλάτ-

2224 2677 2376 2712 τονα.
2409 2658 2470 2714 Ὁ
2531 2656 2624 2730 μέν
2682 2678 2764 2719 τις
2823 2656 3162 2712 ἐπιτέτακται
3191 2656 3266 2719 sic
3318 2662 3526 2730 μεῖζον,
3579 2657 3608 2710 6
3681 2653 3742 2710 δὲ
3813 2655 3900 2719 εἷς

2227 2743 2495 2818 δεύτερον,
2544 2747 2630 2800 καὶ
2692 2747 2816 2817 ἑξῆς
2847 2745 2924 2809 εἷς
2981 2743 3385 2820 ὑποδεέστερονο
3419 2745 3510 2801 κλὶ
3558 2743 3893 2819 περιελθεῖν

2225 2834 2576 2911 ἐπαγωγικῶς
2605 2835 2920 2890 τὰτοιαῦτα
2975 2833 3155 2898 οὐδεὶς
3211 2838 3359 2909 ἡμᾶς
3419 2836 3728 2907 ἀπαιτήσει,
3803 2834 3896 2888 ὅτι

2229 2922 2368 2998 μηδέ
2411 2923 2496 2996 εἷή
2530 2925 2591 2979 ἃν
2621 2927 2648 2980 6
2682 2925 2995 3003 ἀμφιγνοῶν
3020 2925 3172 2980 τουτὶ
3201 2925 3264 2980 τὸ
3286 2931 3507 2999 Λῆμμα.

2299 3111 2348 3161 ι’.
2380 3105 2532 3159 Ἔστι
2565 3101 2631 3173 δὴ
2659 3105 2847 3179 τάγμα
2874 3125 2928 3159 τι
2958 3104 3048 3160 καὶ
3077 3107 3140 3160 τὸ
3177 3103 3496 3180 μοναχικὸν,
3551 3103 3640 3157 καὶ
3699 3102 3771 3158 οὗ
3829 3105 3900 3159 τὸ

2146 3227 2189 3295 C
2223 3195 2443 3295 τυχὸν,ο
2473 3191 2618 3248 ἀλλὰ
2674 3199 2816 3258 θεῖον
2853 3199 2948 3295 ὶτῷ
2999 3192 3151 3295 ὅντι·
3213 3193 3438 3295 στρατὸς
3499 3190 3691 3295 ἰερόςς
3745 3196 3900 3295 Θεοῦ

2227 3277 2576 3358 παρεμϐολή·
2625 3282 2870 3338 ἐκλεκτοὶ
2928 3283 3111 3358 Κυρίῳ
3141 3301 3152 3314 ·
3217 3277 3423 3353 ἔνδοξοι
3469 3285 3568 3336 τοῦ
3615 3280 3897 3351 οὗρανοῦο

2223 3377 2302 3444 τῷ
2333 3373 2486 3426 παντὶ
2521 3371 2880 3450 ἀφεστηκότες
2909 3378 3014 3427 τῶν
3047 3369 3277 3443 ἐνδόξων
3307 3378 3407 3440 τῆς
3461 3377 3581 3445 γῆς,
3625 3371 3707 3431 οἶς
3737 3374 3901 3425 κπκᾶ

2225 3461 2610 3536 προτίθενται·
2689 3467 3012 3536 στρατιῶται
3087 3461 3224 3516 κατὰ
3277 3465 3376 3515 τοῦ
3417 3459 3727 3514 ἀποστάτου
3797 3459 3897 3514 καὶ

2226 3551 2493 3626 ἀντάρτου
2526 3549 2801 3624 δαίμονος’
2850 3549 3092 3626 ἀγγέλων
3150 3550 3408 3624 μιμηταὶ,
3467 3548 3556 3604 καὶ
3616 3545 3689 3602 δι’
3751 3549 3900 3604 αὐτὸ

2227 3640 2464 3719 φύλακες
2495 3641 2845 3715 ἀνθρωπίνων
2877 3640 2937 3695 οὐ
2974 3640 3138 3713 μόνον
3171 3643 3389 3715 ψυχῶν,
3449 3636 3592 3693 ἀλλᾶ
3619 3637 3721 3693 καὶ
3787 3660 3900 3693 σω-

2231 3730 2437 3804 μάτων,
2497 3734 2580 3793 οἷς
2615 3729 2943 3807 ὑγιάζουσιν,
2971 3727 3408 3791 ἀπαλλάττοντες
3457 3728 3776 3802 ἁμαρτιῶν,
3842 3728 3902 3784 αἳ

2224 3820 2314 3875 καὶ
2343 3820 2443 3889 τὴν
2504 3818 2555 3874 ἐν
2610 3821 2747 3893 ἡμῖν
2804 3817 3076 3882 πολλάκις
3132 3817 3464 3893 εὐάρμοστον
3524 3819 3901 3893 στοιχειακήν

2227 3909 2488 3984 ἁρμονίαν
2522 3908 2912 3984 παραλύουσιν⁸
2945 3909 3141 3984 ἀρετῆς
3179 3906 3335 3962 αὐτοὶ
3367 3904 3580 3982 δοχεία,
3642 3906 3694 3961 εἰ
3747 3909 3898 3984 πρὸς

2228 4000 2399 4068 αὐτὴν
2428 3998 2656 4062 εὐθέτως
2704 3999 3028 4074 ἆνοίγονταν
3092 3996 3267 4072 μόρου
3321 3997 3468 4061 θείου
3523 3997 3749 4070 ἀγγεῖα,
3804 3997 3904 4052 ὅτε

2233 4088 2308 4161 μή
2376 4086 2586 4162 τύχωσι
2655 4092 2876 4160 σαπρῶς
2941 4081 3108 4162 ἔχειν·
3178 4084 3516 4140 ἀποστολικὰ
3587 4083 3902 4160 ἐκμαγεῖα,

2229 4177 2392 4247 ἡνίκα
2457 4177 2531 4250 μὴ
2595 4176 2778 4253 ἀφυῶς
2831 4172 3051 4252 ἔχουσιν
3099 4174 3454 4250 έκμάττεσθαι
3501 4174 3566 4228 τὰ
3594 4178 3699 4228 τοῦ
3732 4179 3900 4230 Θεοῦ·

2230 4263 2547 4340 παράδεισοι
2579 4267 2865 4341 σωτήριοι,
2923 4259 3256 4340 ἀπρόσϐατοι
3300 4263 3552 4340 ψιθύροις
3599 4259 3792 4338 ὄφεσι,
3829 4261 3905 4318 δι’

2234 4355 2306 4408 ὧν
2341 4356 2370 4408 6
2418 4351 2626 4428 δαίμων
2676 4352 2851 4418 ἐθέλει
2907 4351 3096 4409 λαλεῖν
3147 4354 3294 4428 παρὰ
3319 4358 3438 4415 τοῖς
3472 4351 3900 4424 ἆνορθιάζουσιν

2232 4441 2416 4506 αὐτοῖς
2474 4445 2541 4498 τά
2595 4443 2727 4500 ὦτα.
2779 4446 2949 4498 Τοῦτο
3005 4443 3067 4496 τὸ
3114 4440 3390 4516 πάγκαλον
3449 4441 3663 4515 τάγμα,
3724 4442 3905 4517 οὗπερ

2235 4530 2423 4595 ἄλλως
2453 4536 2826 4608 πρωτοστατεῖ
2873 4533 3090 4594 πάντως
3137 4532 3201 4586 τὸ
3255 4531 3662 4606 ἀρχιερατικὸν,
3726 4543 3906 4605 προϊ-

477 4600 746 4699 ahsolute
777 4605 990 4679 dicam)
1020 4626 1189 4666 suam
1242 4614 1728 4685 magnitudinem,
1756 4624 1812 4675 et
1841 4597 2117 4693 magnum

2236 4597 2532 4695 σταμένους
2559 4623 2722 4699 αὐχεῖ
2747 4621 2877 4684 τοὺς
2905 4625 3001 4676 τοῦ
3028 4619 3251 4692 άληθῶς
3287 4619 3529 4694 μεγάλου
3568 4622 3904 4694 σχήματος,

478 4688 874 4780 characterem
933 4714 1110 4753 suum
1164 4701 1326 4758 nullo
1383 4705 1555 4760 modo
1615 4705 1813 4764 fallere
1865 4688 2117 4780 debent;

477 4779 645 4850 cujus
667 4782 903 4852 quidem
929 4786 1374 4860 intelligentiam
1397 4809 1509 4848 non
1540 4794 1791 4853 arbitror
1810 4797 1894 4854 ita
1918 4816 2120 4856 ascen-

479 4868 615 4924 dere
644 4869 701 4924 in
736 4879 962 4931 mentes
1013 4879 1300 4949 omnium,
1335 4897 1523 4954 neque
1576 4885 1892 4956 perfectam
1925 4890 2120 4961 cogni-

479 4957 790 5029 tionem,ut
821 4964 1008 5035 primo
1038 4967 1246 5024 obtutu
1279 4969 1663 5044 intelligatur.

552 5157 638 5214 11.
723 5161 1041 5235 Propositis
1126 5168 1416 5227 variarum
1505 5173 1833 5246 specierum
1919 5179 2122 5251 ﬁguris

479 5249 932 5322 mathematicis,
966 5257 1194 5327 sphaera
1227 5261 1488 5318 eminere
1515 5262 1939 5338 videtur,cujas
1967 5249 2126 5326 linea

477 5341 900 5411 circumducta,
936 5348 1110 5418 atque
1145 5365 1282 5422 gyro
1332 5367 1439 5407 suo
1491 5354 1690 5409 omnia
1745 5355 1906 5413 intus
1936 5358 2124 5414 invol-

479 5443 980 5506 vens,magnaque
1010 5439 1353 5510 apparentia
1381 5441 1518 5498 inde
1549 5445 1888 5517 conspicua,
1920 5450 2125 5505 merito

481 5517 731 5578 dicenda
760 5527 850 5578 est
871 5540 1084 5598 magna
1111 5527 1298 5600 ﬁgura
1317 5535 1556 5603 propter
1581 5549 1749 5590 suam
1775 5537 2131 5609 magnitudi-

481 5627 639 5669 nem.
675 5615 890 5671 Eodem
923 5618 1097 5673 modo
1139 5619 1486 5686 monachus,
1515 5622 1728 5680 virtute
1775 5624 2044 5698 caelestis,
2072 5632 2130 5684 et

485 5701 852 5774 propinquus
881 5705 1018 5774 Deo,
1079 5709 1136 5762 et
1163 5707 1377 5780 dignus
1434 5708 1632 5782 aliquo
1691 5715 1865 5772 modo
1922 5717 2024 5789 qui
2055 5718 2129 5775 ad

2234 4710 2324 4774 οὕς
2357 4712 2469 4788 χρή
2503 4713 2716 4775 πάντως
2753 4713 2893 4784 μήτε
2919 4712 2982 4766 τὸ
3035 4710 3171 4787 μέγα
3227 4705 3510 4783 ψεύδεσθαι
3570 4708 3902 4782 (ἀπολύτους

2233 4800 2403 4864 οὕτως
2461 4799 2676 4875 εἶπεῖν),
2738 4803 2876 4874 μήτε
2934 4804 3041 4874 μὴν
3095 4797 3355 4861 συνθέτως
3384 4799 3447 4853 τὸ
3483 4799 3618 4873 μέγα
3663 4803 3897 4875 σχῆμα·

2234 4889 2296 4946 οὗ
2324 4893 2424 4960 τὴν
2453 4885 2653 4946 ἔννοιαν
2713 4893 2815 4946 οὐκ
2864 4892 3016 4963 οἶμαι
3062 4890 3138 4952 εἷς
3185 4889 3280 4951 τὰς
3312 4888 3523 4944 πάντων
3580 4885 3903 4944 ἀναϐαίνειν

2233 4980 2434 5056 ψυχὰς,
2464 4982 2529 5036 τά
2557 5002 2614 5037 τε
2645 4980 2720 5044 εἰς
2754 4975 2952 5056 ἀκριϐῆ
2983 4979 3334 5050 κατανόησιν,
3377 4975 3590 5033 τοιάνδε
3633 4978 3760 5032 τινὰ
3805 4979 3910 5033 οὗ-

2235 5091 2353 5141 σαν,
2387 5071 2460 5133 ὡς
2493 5068 2546 5126 ἐν
2580 5072 2770 5145 πρώτῃ
2800 5065 3036 5144 ἐπιϐολῇ
3070 5071 3366 5145 θεωρῆσαι.

2310 5180 2395 5234 ια’.
2427 5183 2542 5232 Τῶν
2575 5179 2711 5234 κατὰ
2763 5180 2992 5252 μάθησιν
3053 5176 3356 5253 σχημάτων
3415 5173 3728 5231 πολυειδῶν
3764 5175 3911 5231 ὅπου

2232 5269 2554 5342 τεθειμένων
2606 5269 2950 5343 ὑπερκεῖσθαι
3007 5267 3068 5322 τὸ
3116 5267 3252 5321 κατὰ
3300 5267 3400 5335 τὴν
3432 5272 3663 5344 σφαῖραν
3718 5263 3907 5336 δοκεῖ,

2233 5361 2352 5423 καθ’
2412 5361 2472 5428 ἣν
2523 5359 2612 5414 καὶ
2669 5360 2702 5429 ἠ
2774 5356 3018 5426 ἀπλανὴς
3074 5356 3448 5433 περιηγμένη,
3505 5354 3593 5410 καὶ
3645 5361 3729 5427 τῷ
3771 5357 3910 5410 κατ’

2235 5447 2402 5517 αὐτὴν
2456 5447 2608 5523 γόρῳ
2662 5450 2725 5504 τὸ
2774 5453 2878 5503 πᾶν
2911 5446 3016 5503 ἔσω
3049 5447 3369 5524 σφίγγουσα,
3426 5447 3511 5500 καὶ
3568 5444 3689 5501 λίαν
3743 5444 3912 5501 πολὺ

2237 5537 2499 5613 σέμνωμα
2524 5537 2757 5602 ἐντεῦθεν
2807 5534 3145 5607 πλουτοῦσα,
3179 5535 3358 5612 ὀρθῶς
3389 5532 3477 5590 διὰ
3504 5535 3567 5590 τὸ
3621 5535 3739 5590 κατ’
3799 5535 3917 5588 αὺ-

2235 5628 2334 5698 τὴν
2379 5626 2670 5703 μεγαλεῖον
2727 5625 2947 5704 λέγοιτο
3000 5627 3061 5681 ἃν
3128 5624 3269 5700 μέγα
3321 5631 3535 5698 σχῆμα.
3597 5625 3658 5682 Ὀ
3703 5621 3907 5679 τοίνυν

2233 5717 2334 5787 τὴν
2366 5717 2561 5794 ἀρετὴν
2608 5717 2860 5796 οὐράνιος
2920 5715 3186 5794 μοναχὸς,
3231 5712 3320 5770 καὶ
3371 5712 3543 5777 οὕτως
3601 5715 3910 5794 ἀγχίθεος,
