4114 6200
465 320 586 381 ’139

1247 312 1675 379 EUSTATHII
1714 312 2481 377 THESSALONICENSIS
2527 313 3114 377 METROPOLITIE

3770 317 3914 379 7&0

468 451 772 526 egregium
829 449 992 505 istud
1048 445 1287 518 animal,
1319 445 1643 516 hominem,
1676 446 1831 519 quod
1886 444 2114 502 nullum

2231 449 2317 521 ρεῖ
2339 448 2437 500 τοῦ
2493 442 2666 501 καλοῦ
2723 444 2889 514 ζώου,
2945 448 3045 500 τοῦ
3100 443 3412 521 ἀνθρώπου,
3444 447 3509 503 τὸ
3542 449 3620 521 μὴ
3687 455 3907 525 σχῆμα

473 541 874 597 characterem
899 537 1133 593 haheat.
1170 539 1342 592 Amat
1370 535 1525 590 enim
1559 551 1665 607 pro
1695 534 2003 591 deﬁciente
2032 534 2122 590 in-

473 636 699 687 certum
731 627 935 699 accipi.
969 629 1096 698 Ipse
1123 630 1319 681 autem
1352 641 1510 694 cum,
1543 623 1782 696 speculo
1823 623 2122 680 conscien-

470 720 563 775 tia:
595 718 702 775 sibi
734 718 989 781 admoto,
1021 715 1178 770 istud
1210 713 1445 770 oculum
1478 713 1628 785 ﬁgit,
1660 717 1835 785 atque
1866 730 1935 769 ex
1973 712 2122 768 ima-

472 809 605 882 gine
628 805 919 880 spirituali
971 804 1195 876 colligit
1224 809 1282 859 et
1326 802 1501 858 discit
1554 803 1803 874 ﬁguram
1862 801 2122 858 hominis

470 896 769 971 propriam
800 894 913 950 sibi
946 895 1172 961 deesse,
1205 892 1359 948 sicut
1389 892 1530 948 facit
1559 891 2123 962 Nabuchodonosor,

471 1003 604 1043 cum
639 1003 669 1040 e
698 986 891 1057 specie
930 982 1185 1039 naturali
1228 982 1460 1049 excidit,
1493 986 1670 1053 atque
1702 980 2121 1037 recentioribus

474 1074 831 1148 temporibus
875 1073 1186 1138 Tiridates,
1222 1072 1349 1144 (cur
1380 1071 1534 1126 enim
1557 1071 1860 1127 Circenses
1891 1069 2120 1126 fabulas

470 1166 529 1221 in
564 1164 821 1219 medium
854 1163 1110 1236 proferre
1141 1161 1190 1233 7)
1239 1166 1381 1215 tunc
1428 1164 1621 1215 tactus
1669 1158 1867 1215 dolore
1905 1159 2122 1231 cogitat

468 1254 610 1327 quid
636 1252 902 1308 faciendo
942 1252 1001 1306 in
1033 1254 1254 1306 certam
1287 1249 1544 1321 aliquam
1572 1248 1826 1320 speciem
1855 1249 2118 1319 seipsum

468 1342 1016 1412 informabit,atque
1038 1340 1258 1395 incerta
1288 1353 1397 1395 sua
1426 1336 1899 1410 stabiliet.lgitur
1927 1342 2120 1393 mente

467 1433 539 1489 ad
572 1430 758 1488 solem
817 1428 1141 1502 fulgentem
1196 1443 1540 1500 assurgens,
1584 1431 1761 1499 atque
1790 1427 1865 1481 ad
1915 1426 2119 1481 lunam

467 1523 664 1591 etiam,
698 1524 754 1576 et
800 1518 962 1575 illius
994 1518 1249 1591 speciem
1304 1517 1363 1571 in
1422 1516 1625 1572 eodem
1670 1520 1829 1571 statu
1889 1531 2121 1587 semper

468 1617 803 1669 manentem
860 1611 1127 1677 miratus,
1163 1608 1312 1665 lunas
1370 1624 1503 1663 vero
1558 1606 1997 1663 vicissitudines
2043 1606 2117 1661 ob

466 1703 692 1760 variam
722 1700 931 1756 faciem
981 1698 1331 1771 despiciens,
1354 1701 1570 1752 terram
1602 1696 1753 1769 fugit
1781 1713 1908 1768 qua
1938 1711 2119 1751 causa

470 1797 560 1849 est
601 1808 706 1847 cur
733 1790 909 1859 luna,
966 1792 1167 1861 utpote
1223 1785 1502 1859 proximae
1559 1790 1748 1852 terrai,
1806 1785 1866 1840 in
1924 1784 2117 1857 specie

463 1882 777 1938 videantur
834 1878 1105 1945 maculae;
1158 1876 1402 1949 ipseque
1454 1892 1635 1947 supra
1690 1878 1940 1931 terrram
1995 1872 2112 1929 ele-

464 1976 655 2029 vatur.

535 2258 622 2313 15.
653 2257 836 2327 Tunc,
868 2253 1047 2310 veluti
1079 2270 1228 2308 ursas
1250 2252 1524 2308 horridus
1549 2254 1607 2307 et
1633 2250 1904 2306 informis
1936 2250 2109 2306 fmtus

463 2347 525 2403 in
565 2344 1065 2419 pulchritudinem
1124 2342 1235 2397 sibi
1292 2340 1584 2415 propriam
1652 2339 1995 2407 translatus,
2047 2340 2109 2393 in

462 2435 746 2510 populum
778 2433 876 2488 Dei
909 2430 1226 2494 excultum,
1252 2434 1312 2485 ut
1344 2429 1672 2502 evangelica
1694 2430 1919 2499 loquar,
1941 2431 1997 2483 et
2025 2427 2111 2483 sic

462 2530 737 2582 ornatum
762 2518 1320 2591 inscriptus,incipit
1341 2520 1609 2574 stabilem
1635 2518 1881 2573 formam
1910 2522 2110 2573 tenere

462 2631 529 2671 ac
560 2614 618 2667 in
648 2612 840 2666 virum
867 2609 1187 2679 perfectum
1232 2606 1499 2673 formari;
1533 2612 1590 2662 et
1621 2607 1873 2660 maxime
1902 2606 1958 2659 in
1993 2607 2108 2660 for-

464 2718 621 2758 mam
679 2700 958 2763 divinam,
990 2702 1046 2753 et
1076 2697 1229 2768 quod
1290 2712 1466 2768 super
1494 2696 1694 2751 omnia
1723 2695 2106 2750 reverendum

463 2797 573 2855 est,
606 2789 706 2845 Dei
733 2788 959 2843 vultum
992 2787 1254 2855 induere,
1288 2785 1613 2839 secundum
1645 2784 1819 2839 verba
1847 2783 2106 2853 Scriptu-

464 2895 688 2936 rarum.
712 2878 844 2933 Jam
877 2892 990 2930 non
1022 2874 1306 2943 ambulat,
1336 2878 1401 2928 ut
1431 2874 1616 2945 prius,
1646 2872 1775 2928 sine
1804 2870 2016 2942 specie,
2046 2870 2103 2937 in

469 2974 638 3025 nocte
663 2967 790 3021 vita;
815 2963 1123 3019 mutationi
1155 2963 1435 3029 obnoxia;
1478 2976 1509 3017 e
1539 2966 1741 3016 contra
1762 2961 1917 3015 sicut
1936 2960 1995 3014 in
2017 2960 2109 3014 die

465 3058 708 3114 honeste
738 3050 1317 3110 circumfertur.Jam
1348 3049 1502 3104 enim
1527 3048 1956 3121 dignusestqui
1978 3064 2110 3103 san-

463 3158 595 3203 ctus
619 3144 793 3199 homo
816 3141 916 3197 Dei
948 3146 1204 3204 vocetur,
1229 3139 1382 3194 sicut
1410 3138 1629 3210 Josepb
1660 3142 1858 3193 custos
1884 3136 2107 3192 domini

461 3238 533 3292 de
562 3238 750 3299 nocte,
782 3231 883 3303 qui
917 3234 1083 3286 nocte
1111 3234 1167 3284 et
1192 3228 1285 3283 die
1323 3228 1587 3299 ejusdem
1631 3226 1868 3283 habitus
1899 3243 2108 3282 secun-

462 3326 602 3381 dum
630 3323 812 3378 Deum
830 3323 977 3384 erat,
1002 3335 1118 3375 non
1152 3322 1416 3372 mutatus
1465 3315 1741 3388 deinceps
1767 3315 1826 3371 in
1850 3314 2109 3371 alienum

465 3428 656 3485 neque
684 3407 987 3475 vacillans,
1021 3423 1211 3478 neque
1239 3405 1633 3471 variatus.Qui
1665 3404 1902 3461 habitus
1925 3404 2111 3460 forma

466 3505 743 3559 renovata
770 3498 828 3553 in
870 3498 927 3553 id
963 3496 1119 3568 quod
1163 3495 1347 3565 decet,
1380 3499 1621 3550 sanctus
1652 3493 1889 3566 quidem
1921 3500 2030 3563 est,
2053 3498 2111 3549 et

467 3589 693 3647 homini
723 3589 944 3660 Optime
975 3584 1347 3653 conveniens,
1380 3583 1517 3655 quia
1546 3599 1615 3639 ex
1662 3582 1867 3638 multis
1899 3582 2110 3655 priscis

469 3679 778 3753 speciebus
812 3674 1107 3731 hominem
1166 3674 1236 3760 ad
1297 3672 1531 3726 unicam
1577 3670 1851 3739 adducit;
1900 3688 2109 3743 parvus

467 3776 664 3825 tamen
698 3770 913 3823 manet.
951 3765 1016 3819 Et
1049 3763 1204 3818 unde
1235 3762 1488 3834 parvus?
1518 3762 1595 3815 Eo
1636 3761 1790 3832 quod
1826 3777 1953 3816 vere
1986 3777 2108 3816 ma-

465 3875 671 3932 gnum,
701 3855 793 3910 hic
825 3854 999 3909 homo
1032 3851 1131 3906 Dei
1164 3856 1322 3905 veste
1347 3850 1511 3920 nigra
1544 3850 1810 3917 indutus,
1848 3851 2108 3905 nondum

465 3946 731 4016 suscepit
782 3958 973 4014 neque
1004 3941 1077 3995 ad
1113 3944 1379 4010 optatum
1410 3940 1583 3993 ﬁnem
1616 3937 1881 3993 altiorem
1915 3955 2112 4010 perve-

464 4037 555 4091 nit
582 4060 596 4103 ;
628 4036 686 4089 in
724 4031 966 4104 planitie
993 4028 1212 4084 versari
1230 4026 1422 4091 desiit,
1448 4028 1572 4097 jam
1605 4033 1862 4083 montem
1896 4028 2108 4101 attigit,

468 4124 529 4179 in
577 4137 713 4177 eum
743 4120 883 4175 totis
913 4117 1137 4174 viribus
1170 4114 1426 4186 adrepit;
1459 4132 1490 4171 e
1543 4116 1782 4188 planitie
1836 4133 2111 4189 egressus

467 4216 576 4279 est,
611 4214 783 4279 atque
813 4224 881 4263 ex
931 4208 1091 4261 fumo
1147 4209 1478 4269 cmanante,
1527 4204 1947 4278 proximusque
1994 4207 2113 4262 aeri

466 4299 686 4374 puriori
713 4302 769 4353 et
797 4294 1034 4368 spiritui
1057 4293 1304 4363 viviﬁco,
1330 4292 1463 4348 licet
1490 4296 1706 4349 terram
1740 4295 1928 4350 adhuc
1947 4312 2114 4351 cons-

461 4390 661 4464 piciat,
693 4392 751 4443 et
781 4387 895 4442 ista
925 4384 1177 4457 pristina
1210 4382 1491 4438 memoria
1539 4382 1809 4451 revolvat,
1844 4384 1955 4439 sub
1986 4385 2113 4456 qui-

460 4481 574 4536 bus
607 4495 737 4533 vera
781 4476 1045 4531 humana
1075 4473 1299 4545 species
1328 4472 1585 4527 latebat:
1620 4478 1679 4528 et
1729 4473 1848 4542 jam
1908 4474 2118 4528 metuit

2230 528 2376 609 ἔχειν
2424 531 2601 591 οὐδέν.
2657 532 2863 597 Ἐθέλει
2922 532 3026 609 γάρ
3084 555 3202 596 πως
3260 537 3295 605 ἡ
3326 536 3576 611 ἀοριστία
3607 538 3908 613 ὑποκρινε-

2231 625 2351 677 σθαι
2410 624 2679 699 στέρησιν.
2736 622 2897 679 Ἀλλ’
2954 621 3169 678 ἐπειδᾶν
3200 625 3359 686 αὐτὸς
3405 627 3469 680 τὸ
3497 633 3602 697 τῆς
3632 625 3904 699 συνειδή-

2230 734 2364 774 σεως
2423 712 2869 788 προστησάμενος
2926 706 3186 788 ἕνοπτρον
3261 713 3515 790 ἀπερείσῃ
3573 718 3635 771 τὸ
3693 718 3904 791 νοερὸν

2234 801 2458 856 ὀπτικὸν
2490 801 2565 864 εἰς
2599 800 2748 870 αὐτὸ,
2775 801 2866 856 καὶ
2915 801 3177 877 φαντασίᾳ
3225 808 3568 878 πνευματικῇ
3614 804 3897 877 ἀναλεξά-

2233 911 2392 964 μενος
2453 891 2650 946 έκεῖθεν
2705 890 2889 963 μάθοι,
2948 891 3023 953 ὡς
3055 890 3152 946 οὐκ
3183 889 3304 968 ἔχοι
3359 892 3629 967 ἀνθρώπῳ
3676 897 3901 969 πρέπον

2230 987 2440 1056 σχῆμα,
2496 981 2524 1034 ὃ
2576 980 2665 1035 καὶ
2716 982 2745 1035 ὁ
2801 976 3293 1057 Ναϐουχοδονόσορ
3353 980 3605 1053 ἂποίησεν
3648 982 3733 1056 ἂν,
3803 985 3905 1040 ὅτε

2394 1071 2723 1140 καθήκοντες
2804 1068 3014 1140 ἐξέπεσε
3097 1074 3469 1147 χαρακτῆρος,
3553 1074 3646 1127 καὶ
3720 1075 3749 1128 ὁ
3836 1074 3894 1129 ἐν

2231 1159 2472 1234 ὑστέροις
2529 1158 2754 1234 χρόνοις
2782 1156 3098 1235 Τιριδάτης,
3131 1158 3280 1231 (τοὺς
3309 1160 3410 1235 γὰρ
3440 1161 3742 1236 Κιρκαίους
3780 1162 3899 1235 μύο

2232 1259 2356 1312 θους
2380 1247 2575 1323 τίχρὴ
2634 1247 3032 1323 παρεισκρίνειν
3090 1246 3352 1317 ἐντυῦθα;
3406 1250 3530 1304 τότε
3587 1248 3655 1321 δὴ
3710 1253 3904 1327 ἀχθε-

2231 1337 2375 1400 σθεὶς
2437 1336 2655 1409 μελετᾷ,
2709 1337 2763 1390 τί
2821 1335 2880 1391 ἃν
2929 1338 3185 1406 ποιήσας,
3219 1337 3296 1401 εἷς
3340 1334 3396 1392 ἓν
3428 1359 3478 1393 τι
3514 1346 3735 1418 μορφῆς
3768 1341 3905 1395 suu-

2225 1426 2316 1479 τὸν
2345 1424 2696 1500 σχηματίσει,
2748 1424 2839 1479 καὶ
2886 1428 3213 1497 καταστήσει
3259 1426 3322 1482 τὸ
3352 1425 3404 1482 ἐν
3438 1426 3585 1500 αὐτῷ
3631 1427 3900 1488 ἄστατον.

2227 1514 2325 1568 Καὶ
2354 1513 2534 1569 τοίνυν
2568 1514 2644 1576 είς
2674 1515 2737 1569 τὸ
2768 1514 2904 1569 κατᾶ
2933 1514 3025 1569 τὸν
3076 1513 3241 1584 ἥλιον
3295 1517 3490 1587 σεμνὸν
3549 1515 3897 1595 ἀναδραμὼν

2225 1608 2293 1678 τῇ
2327 1601 2557 1675 διανοίᾳ,
2591 1599 2668 1659 ἔτι
2701 1601 2759 1658 δὲ
2786 1603 2875 1658 καὶ
2903 1602 2979 1666 εἷς
3022 1604 3086 1659 τὸ
3137 1604 3274 1659 κατὰ
3318 1606 3418 1676 τήν
3476 1603 3743 1679 σελήνην,
3790 1610 3891 1662 καὶ

2227 1692 2428 1749 ἐκεῖνον
2492 1694 2584 1766 μὲν
2648 1694 2927 1767 θαυμάσας
2998 1694 3096 1748 τοῦ
3150 1690 3417 1763 διηνεκῶς
3473 1694 3526 1751 ἐν
3586 1699 3895 1769 ταυτότητι

2228 1074 2324 1123 τοῦ

2146 1822 2193 1887 Β
2231 1781 2482 1856 μένοντος
2510 1784 2819 1858 σχήματος,
2846 1787 2953 1837 τῶν
3011 1779 3067 1837 δὲ
3106 1780 3410 1854 σεληναίων
3460 1785 3892 1859 αὐξομειώσεων

2461 1876 2471 1887 .
2567 1869 2591 1887 ει
2631 1874 2644 1887 .
2746 1873 2759 1887 .
2849 1870 2864 1887 ς
2932 1873 2984 1887 ..Α
3207 1873 3219 1887 .
3321 1872 3334 1887 .
3390 1874 3404 1887 ι
3552 1873 3572 1887 ς
3606 1875 3620 1887 ,

2221 1876 2518 1948 καταγνοὺς
2563 1869 2654 1926 διὰ
2706 1873 2800 1927 τὸν
2846 1870 3045 1927 ἰκεῖθεν
3101 1873 3219 1927 κατ’
3275 1872 3442 1943 αὐτὴν
3474 1873 3890 1952 πολύσχημον,

2222 1962 2402 2038 φεύγει
2438 1960 2532 2034 μὶν
2559 1961 2659 2030 τὴν
2688 1968 2811 2037 γῆν,
2864 1957 2934 2015 δι’
2982 1963 3049 2032 ἢν
3075 1960 3166 2016 καὶ
3197 1961 3334 2037 αὐτῇ
3364 1966 3433 2037 τῇ
3467 1962 3678 2039 σελήνῃ
3707 1985 3889 2039 προσ-

2216 2051 2459 2127 γειοτέρα
2487 2050 2711 2125 κειμένῃ
2733 2049 3020 2128 ῥύσπασμά
3047 2072 3100 2105 τι
3134 2052 3486 2123 προσωπικὸν
3519 2050 3888 2132 ἐπιφαίνεται·

2217 2141 2425 2217 γίνεται
2458 2137 2514 2195 δὲ
2541 2145 2651 2195 τῶν
2686 2139 3021 2216 ὑπεργείων.’

2290 2249 2369 2306 ιε’.
2402 2249 2504 2304 Καὶ
2531 2249 2656 2303 τότε
2698 2245 2766 2316 δὴ
2806 2247 2935 2302 ὡσεὶ
2983 2247 3073 2302 καὶ
3130 2246 3331 2323 ἃρκτου
3363 2246 3611 2326 εἰδεχθὲς
3671 2272 3725 2305 τι
3783 2254 3878 2308 καὶ

2218 2339 2464 2414 ἄμορφον
2525 2331 2761 2412 ἔμϐρυον
2834 2336 2911 2398 εἰς
2991 2336 3289 2415 εὐμορφίαν
3352 2337 3498 2410 αὐτῷ
3556 2340 3875 2416 πρέπουσαν

2221 2426 2625 2500 μεταποιηθεῖς,
2683 2424 2771 2480 καὶ
2803 2424 3088 2502 ἐγγραφεὶς
3121 2426 3195 2489 εἰς
3223 2430 3357 2481 Θεοῦ
3418 2426 3549 2482 λαὸν
3582 2449 3874 2485 κατεσκευ-

2218 2515 2471 2587 ασμένον,
2552 2513 2920 2589 εὐαγγελικῶς
2983 2516 3167 2591 φάναι,
3244 2515 3336 2570 καὶ
3396 2515 3539 2571 οὕτω
3607 2517 3869 2591 κόσμιον,

2216 2600 2498 2677 ἐνάρχεται
2558 2608 2752 2676 σχῆμα
2808 2602 3063 2673 σταθερὸν
3097 2597 3527 2675 ἀπολαμϐάνειν,
3588 2605 3682 2658 καὶ
3715 2625 3870 2681 χρω-

2219 2691 2529 2763 ματίζεσθαι
2582 2690 2657 2751 εἷς
2684 2689 2892 2745 τέλειον
2947 2689 3253 2765 ἄνθρωπονο
3318 2689 3556 2763 μάλιστα
3623 2694 3723 2766 μὶν
3776 2694 3870 2751 οὖν

2215 2779 2291 2841 εἷς
2325 2780 2539 2857 μορφὴν
2572 2777 2953 2835 εἰδοποιεῖσθαι
2997 2780 3156 2850 θείαν,
3214 2781 3278 2835 τὸ
3336 2777 3396 2836 δε
3437 2780 3612 2851 πάντη
3675 2786 3872 2856 σεμνά.

2213 2890 2396 2940 τατον,
2457 2867 2535 2930 εἷς
2592 2873 2748 2939 Θεοῦ,
2804 2872 3082 2946 γραφικῶς
3138 2868 3347 2946 φάναι,
3402 2869 3726 2945 πρόσωπον·
3777 2874 3867 2927 καὶ

2216 2957 2395 3013 οὐκέτι
2423 2953 2780 3032 ἀσχημόνως,
2833 2959 2969 3012 καθὰ
2996 2957 3087 3012 καὶ
3144 2957 3297 3034 πρὶν,
3326 2962 3396 3032 τῇ
3444 2963 3541 3013 τοῦ
3601 2959 3725 3034 βίοο
3776 2961 3876 3034 ἐμ-

2216 3043 2540 3122 περιοδεύει,
2571 3047 2722 3100 νυκτὶ
2754 3044 2879 3104 ἀλλ’
2910 3047 2985 3111 ὡς
3011 3047 3065 3101 εν
3098 3048 3283 3122 ἡμέρᾳ
3312 3046 3683 3123 εὐσχημόνως
3715 3071 3875 3125 περι-

2217 3141 2399 3191 πατεῖ·
2440 3135 2530 3212 καὶ
2589 3134 2705 3210 ἔχει
2751 3134 2841 3189 καὶ
2890 3134 3051 3198 αὐτὸς
3108 3135 3406 3211 εὐσχήμων
3457 3141 3597 3191 Θεοῦ
3658 3139 3874 3213 ἄνθρω-

2220 3246 2321 3287 πος
2380 3224 2736 3298 ὀνομάζεσθαι
2791 3224 3063 3280 κατὰ.τὸν
3124 3225 3379 3299 νύκτερον
3436 3227 3710 3301 κυριακὸν
3763 3230 3875 3282 Ἰωα-

2221 3315 2351 3393 σῆφ,
2382 3314 2441 3375 ὃς
2496 3314 2586 3368 καὶ
2641 3311 2693 3368 έν
2752 3314 2901 3368 νυκτὶ
2935 3313 3024 3368 καὶ
3055 3311 3106 3368 έν
3157 3315 3341 3390 ἡμέρᾳ
3386 3319 3483 3370 τοῦ
3530 3315 3703 3372 αὐτοῦ
3741 3317 3871 3371 κατὰ

2220 3404 2348 3458 Θεὸν
2407 3405 2693 3478 σχήματος
2752 3403 2842 3475 ἦν,
2876 3402 2937 3458 οὐ
2972 3403 3496 3483 μεταμορφούμενος
3521 3409 3624 3460 τοῦ
3672 3404 3863 3461 λοιποῦ

2221 3492 2297 3556 εἷς
2344 3490 2671 3561 ἀλλόκοτον,
2731 3492 2796 3547 οὐ
2859 3492 3229 3564 μεταπίπτων,
3292 3492 3393 3549 οὐκ
3450 3492 3867 3567 ἀλλοιούμενος.

2222 3583 2318 3638 Καὶ
2376 3580 2484 3636 ἔστι
2534 3581 2597 3636 τὸ
2652 3586 2900 3637 τοιοῦτον
2951 3588 3166 3658 σχῆμα,
3222 3582 3284 3636 τὸ
3328 3584 3428 3651 τῆς
3472 3584 3612 3637 κατά
3661 3589 3866 3655 πνεῦμα

2220 3671 2568 3746 εὐσχήμονος
2646 3678 2999 3747 μορφωτικῆς
3074 3670 3334 3745 ἐνάρξεως
3409 3668 3653 3742 δηλαδὴ,
3728 3678 3861 3736 θεῖον

2224 3762 2341 3834 μὶν,
2420 3758 2509 3813 καὶ
2587 3754 2825 3834 ἀκριϐῶς
2904 3760 3361 3835 ἀνθρωποπρεπὶς
3436 3760 3525 3815 καὶ
3604 3762 3861 3836 μεταγρά-

2221 3871 2319 3925 φον
2375 3848 2450 3911 εἷς
2502 3848 2934 3923 μονοπρόσωπον
2982 3847 3074 3902 τὸν
3141 3851 3335 3923 πρώην
3387 3846 3749 3928 πολύμορφον
3782 3851 3862 3903 ἂν·

2221 3951 2458 4014 Θρωπον·
2512 3939 2708 4011 μικρὸν
2737 3936 2794 3992 δὲ
2837 3937 2989 4010 ὅμως
3018 3937 3148 3993 αὐτὸ
3193 3938 3376 3994 εἰσέτι.
3429 3938 3582 3993 Διατί
3635 3938 3857 4012 μικρόνς

2219 4032 2336 4082 Ὅτι
2382 4027 2534 4081 οῧπω
2566 4028 2627 4081 τὸ
2680 4024 2966 4102 μεγαλεῖον
3016 4026 3246 4089 ἐντελῶς
3272 4025 3576 4106 ἀπείληφεν
3607 4028 3635 4081 ὁ
3686 4031 3863 4082 τοιοῦ-

2220 4139 2311 4179 τος
2359 4121 2455 4172 τοῦ
2488 4120 2620 4171 Θεοῦ
2650 4115 3008 4194 μελαμφορος
3039 4115 3345 4191 ἄνθρωπος,
3380 4115 3494 4171 οὐδ’
3544 4116 3624 4178 εἷς
3672 4116 3731 4171 τὸ
3774 4110 3865 4169 ὄν-

2220 4230 2329 4271 τως
2378 4201 2675 4281 ἀκρότατον
2742 4206 2924 4284 ἐφετὸν
3001 4200 3352 4275 ἀναϐέϐηκεν·
3440 4204 3587 4261 ἀλλά
3650 4205 3860 4282 περιπέ-

2226 4301 2336 4365 ζιος
2405 4296 2500 4367 μὲν
2550 4294 2677 4349 εἶναι
2756 4295 2976 4372 ἀφῆκεν,
3031 4294 3308 4370 ἀπήρξατο
3368 4291 3428 4348 δὲ
3481 4294 3719 4369 γίνεσθαι
3772 4296 3862 4347 τοῦ

2224 4385 2404 4460 ὅρους,
2439 4384 2514 4445 ὡς
2573 4383 2965 4459 ἀναρῥιχᾶσθαι
2998 4382 3074 4446 είς
3126 4382 3278 4450 αὐτὸ,
3336 4382 3415 4460 ἐφ’
3455 4382 3582 4438 ὅσον
3629 4378 3861 4456 δύναμις·

2227 4471 2568 4547 ἀπαλλαγεὶς
2617 4473 2709 4545 μὶν
2766 4479 2866 4542 τῆς
2925 4470 3072 4534 λείας
3139 4470 3395 4536 πεδιάδος
3448 4471 3542 4527 καὶ
3599 4476 3696 4527 τοῦ
3749 4471 3862 4544 περῖ

462 4585 533 4625 ne
559 4568 836 4624 decidens
868 4582 936 4622 ex
987 4562 1221 4635 incepto
1261 4577 1329 4617 ex
1361 4560 1597 4633 altoque
1630 4562 1892 4632 dejectus
1923 4563 2114 4635 pejora

2230 4562 2399 4632 αὐτὴν
2430 4558 2747 4625 καπνώδους
2792 4561 2989 4634 ἀτμοῦ,
3050 4561 3288 4624 πελάσας
3319 4558 3378 4617 δὲ
3429 4560 3857 4637 ἀῖλικρινεστέρῳ

461 4657 737 4730 patiatur.

2217 4652 2332 4728 ἀέρι
2383 4651 2472 4707 καὶ
2520 4650 2775 4727 ζωογόνῳ
2804 4651 3094 4725 πνεύματι,
3145 4651 3190 4706 εἰ
3239 4651 3330 4706 καὶ
3386 4646 3718 4707 καταϐλέπει
3764 4650 3855 4702 ἂλ-

461 4744 573 4807 λως
601 4744 678 4807 εἰς
708 4750 811 4819 γῆν
846 4737 923 4797 ἔτι
954 4740 1045 4795 καὶ
1074 4739 1142 4794 τὰ
1167 4738 1289 4814 περὶ
1318 4744 1442 4815 γῆν,
1472 4736 1564 4792 καὶ
1597 4737 1971 4812 ἀναπεμπάζει
2001 4742 2069 4813 τῇ
2106 4743 2300 4816 μνήμῃ
2330 4744 2398 4796 τὰ
2423 4742 2616 4817 πρώην
2671 4739 2866 4811 ἐκεῖνα,
2913 4739 2965 4811 ἐξ
3009 4741 3082 4795 ὧν
3139 4741 3201 4795 τὸ
3257 4738 3480 4812 ἀληθῶς
3535 4740 3852 4816 ἀνθρώπινον

460 4836 656 4911 σχῆμα
685 4833 931 4911 ἠφάνιζε·
966 4830 1055 4885 καὶ
1090 4825 1251 4900 δέδιε,
1289 4829 1364 4900 μὴ
1396 4828 1713 4904 κατασυρεῖς
1738 4832 1837 4894 τῆς
1871 4826 2087 4898 ἀνόδου,
2117 4831 2207 4885 καὶ
2237 4830 2384 4886 κάτω
2415 4830 2615 4898 πεσὼν,
2646 4830 2834 4907 ⁸χεῖρόν
2866 4850 2918 4884 τι
2949 4830 3210 4887 πείσεται.

532 4942 619 4996 16.
656 4944 983 5011 Postquam
1018 4952 1171 5002 vero,
1231 4941 1513 5007 concepto
1545 4935 1799 4991 naturali
1848 4952 1914 4991 ac
1950 4938 2114 5007 justo

459 5029 693 5097 timore,
754 5027 880 5084 alas
939 5042 1079 5082 suas
1135 5024 1421 5091 extendit,
1482 5023 1672 5096 primo
1728 5040 1919 5092 mane,
1952 5024 2114 5097 vigil,

457 5133 783 5190 exsurgens
816 5117 887 5171 ad
924 5113 1216 5170 desideria
1247 5128 1379 5183 qua:
1431 5113 1670 5167 exaudit
1708 5113 1884 5183 Deus,
1917 5113 2119 5169 oculos

457 5222 816 5279 omnemque
848 5220 1091 5260 sensum
1110 5203 1192 5257 ita
1208 5201 1460 5257 recludit
1479 5206 1543 5256 ut
1559 5201 1720 5257 nullo
1754 5205 1924 5257 modo
1943 5202 2118 5257 homo

458 5302 731 5355 terrenus
791 5306 1091 5350 remanere
1147 5290 1310 5359 velit,
1343 5290 1444 5345 sed
1476 5290 1748 5362 caelestis,
1780 5296 1837 5346 et
1866 5290 2121 5363 assurgit

461 5390 733 5443 statuens
763 5382 1012 5438 ﬁrmiter
1042 5380 1193 5452 apud
1230 5396 1292 5435 se
1324 5383 1581 5435 montem
1617 5396 1920 5435 summum
1945 5396 2119 5451 supe-

461 5492 615 5545 rare,
665 5473 930 5546 linquere
961 5486 1098 5526 aera
1127 5469 1459 5539 humidum,
1493 5468 1927 5525 circumductae
1957 5473 2120 5526 teno-

465 5566 702 5634 nebras,
736 5569 794 5618 et
825 5560 1019 5618 omnis
1047 5559 1278 5631 generis
1311 5562 1713 5631 tempestates,
1746 5568 1806 5615 ut
1841 5559 1905 5614 ﬁt
1933 5557 2125 5615 incola

470 5652 724 5722 regionis
750 5650 967 5707 nebula
1002 5647 1255 5705 carentis
1278 5664 1515 5719 semper
1532 5665 1643 5721 que
1659 5649 2119 5720 serenas.Eiaage

2298 4938 2362 4999 ις’
2396 4934 2552 4992 Ἀλλ’
2578 4936 2669 4989 ὅτε
2717 4930 2984 5011 φοϐηθεὶς
3038 4931 3226 5014 φόϐον,
3279 4933 3341 4989 οὗ
3387 4935 3453 5004 ἦν
3504 4930 3695 5013 φόϐος,
3745 4931 3860 4986 ἀνα-

2226 5017 2465 5091 λάϐηται
2521 5021 2791 5097 πτέρυγας
2847 5020 3011 5076 αὐτοῦ
3063 5024 3181 5077 κατ’
3235 5017 3470 5097 ὄρθρον,
3522 5022 3581 5076 ὅν
3640 5018 3858 5097 ὀρθρῖζει

2226 5114 2430 5191 νήφων,
2486 5110 2560 5173 εἰς
2618 5108 2900 5182 έναεύξεις,
2950 5109 3023 5165 ὧν
3069 5109 3321 5167 ἐπακούει
3365 5113 3395 5166 ὁ
3424 5111 3576 5173 Θεόςο
3632 5109 3718 5165 καὶ
3764 5105 3855 5180 μύ-

2230 5222 2307 5255 σει
2350 5198 2479 5262 τοὸς
2525 5200 2868 5279 ὀφθαλμοὺς,
2930 5201 3046 5273 ἅμα
3108 5196 3167 5254 δί
3229 5200 3321 5255 καὶ
3369 5207 3543 5254 πᾶσαν
3602 5198 3857 5267 αἴσθησιν,

2229 5291 2302 5351 ὡς
2355 5290 2549 5361 μηκέτι
2601 5287 2799 5345 ἐθέλειν
2854 5290 2957 5366 γῆς
3011 5286 3297 5364 ἄνθρωπος
3347 5289 3493 5351 ὅλως
3542 5289 3696 5357 εἶναι,
3740 5281 3855 5339 ἀλλ’

2232 5379 2665 5454 ὐπερουράνιος,
2719 5376 2811 5433 καί
2878 5380 3104 5449 στήσει,
3165 5379 3414 5453 κυρώσας
3482 5378 3609 5452 παρ’
3682 5376 3860 5442 irati),

2230 5469 2329 5536 τὴν
2399 5468 2644 5543 ἐνάρετον
2704 5474 2946 5537 πατῆσαε
2996 5467 3319 5544 ἀκρώρειαν,
3395 5468 3486 5522 καὶ
3558 5463 3856 5532 καταλεῐψαι

2238 5555 2331 5629 μέν
2361 5557 2424 5612 τὸ
2453 5562 2550 5612 τοῦ
2581 5558 2736 5631 ἀέρος
2772 5556 3060 5629 λιμνάζον,
3107 5558 3201 5611 καὶ
3254 5556 3381 5620 τοὺς
3409 5558 3531 5632 περὶ
3568 5553 3717 5609 αὐτὸν
3740 5546 3859 5625 γνό-

2235 5667 2391 5721 φους,
2449 5645 2537 5701 καὶ
2590 5647 2684 5708 τὰς
2732 5643 2965 5710 θυέλλας
3013 5648 3107 5707 τὰς
3135 5643 3504 5713 παντοδαπὰς,
3543 5642 3767 5720 γενέσθαι
3796 5632 3857 5689 δέ
