4114 6200
295 364 412 422 741

1324 357 1428 418 DE
1469 355 1964 420 EMENDANDA
2006 356 2192 417 VITA
2237 356 2725 419 MONACHICA.

3609 369 3730 429 ’742

250 464 252 466 γ
294 492 398 549 τοῦ
432 489 701 570 ἀνεφέλου
725 487 898 546 τόπου
926 487 1017 544 καὶ
1063 487 1142 543 ἀεὶ
1188 491 1559 567 φωτοφανοῦς·
1607 488 1697 542 καὶ
1755 483 1821 556 δὴ
1875 507 1939 541 κα

2080 489 2336 560 potiatur
2363 489 2473 546 hoc
2501 491 2768 560 voto,bac
2799 491 3119 564 luoe,juxta
3152 497 3330 551 Deum
3357 497 3553 554 sedem
3586 500 3732 572 ﬁgat

290 582 553 652 ηὔξηται
608 587 710 650 τῆς
754 577 1011 648 τοιαύτης
1069 576 1317 656 ἐφέσεως,
1379 575 1472 632 ε’ίτ⁹
1531 575 1624 632 οὖν
1683 574 1953 654 φαύσεως,

289 671 385 727 καὶ
445 670 523 732 εἰς
580 671 673 724 τὸν
732 668 860 725 Θεὸν
893 667 1265 742 ἀποκαταστῇ,
1296 667 1465 722 τόπου
1493 668 1782 742 γενόμενος
1815 665 1954 738 ὑψη-

292 758 562 829 λοτάτου,
593 759 682 836 ἀφ’
714 759 775 813 οὗ
807 753 1119 813 ἐπιϐλέπων
1165 759 1192 811 6
1239 757 1437 832 Κύριος
1494 753 1761 810 διοπτεῦει
1817 754 1956 807 πάν-

285 872 388 912 τας
445 849 576 911 τοὺς
667 847 816 909 υἱοὺς
887 851 996 901 τῶν
1073 846 1396 919 ἀνθρώπων,
1449 847 1539 900 καί
1595 867 1713 908 πως
1769 842 1953 914 ἐκείνῳ

283 959 764 1015 συμπροκυπτων,
824 933 1044 990 δύναται
1103 934 1192 989 καὶ
1267 936 1429 996 αὐτὸς
1482 934 1674 1010 ἐφορᾷν
1737 933 1951 1006 ἀνθρώ·

284 1051 456 1100 πους,
491 1029 610 1083 ὅσοι
667 1034 770 1096 τῆς
816 1025 980 1080 αὐτοῦ
1037 1023 1283 1102 ἐφορείας
1344 1021 1576 1094 δέονται,
1635 1023 1724 1077 καὶ
1782 1021 1952 1076 πάντα

284 1120 383 1174 καὶ
440 1118 599 1180 αὐτὸς
658 1116 758 1171 ὅσα
783 1114 976 1186 ἐθέλει,
1000 1120 1176 1169 ποιεῖν
1221 1146 1290 1156 ——-
1334 1113 1456 1168 τότε
1515 1111 1582 1182 δὴ
1633 1113 1695 1167 τὸ
1757 1113 1947 1187 μικρὸν

293 1202 662 1282 ὑπεραναῦάς,
719 1205 795 1267 εἷς
875 1203 1000 1259 ὅσον
1053 1202 1153 1258 οὐκ
1207 1201 1266 1257 ἂν
1328 1200 1411 1274 εἵη
1471 1202 1948 1278 ἐξαριθμήσασθαι,

282 1303 389 1353 τοῦ
451 1295 695 1371 μεγάλου
746 1293 934 1369 γέγονε
981 1295 1288 1368 σχήματος,
1347 1294 1626 1367 προσώπῳ
1683 1290 1756 1344 ἐνὶ
1814 1287 1952 1361 λαμ-

283 1391 417 1462 πρῷ
464 1385 556 1439 καὶ
605 1381 972 1458 πολυμεγέθει
1028 1381 1450 1454 σεμνυνόμενος,
1487 1380 1538 1436 ἐν
1595 1384 1674 1451 τῷ
1723 1377 1949 1433 ὀπτάνε-

286 1477 414 1529 σθαι
452 1478 533 1546 τῷ
583 1471 864 1547 προσώπῳ
921 1474 1016 1524 τοῦ
1068 1469 1312 1544 μεγάλου
1369 1473 1502 1525 Θεοῦ
1548 1469 1636 1523 καὶ
1689 1470 1949 1541 Σωτῆρος

277 1567 474 1636 ἡμῶν,
531 1562 714 1632 Ἰησοῦ
784 1562 1044 1635 Χριστοῦ,
1103 1563 1199 1614 τοῦ
1273 1559 1385 1621 ἑνὸς
1455 1564 1553 1627 τῆς
1630 1557 1948 1632 ὑπερφώτου

285 1652 552 1728 Τριάδος,
583 1651 673 1706 καὶ
704 1653 783 1723 τῷ
815 1648 997 1721 λοιπῷ
1051 1645 1108 1704 δὶ
1135 1655 1234 1719 τῆς
1265 1648 1399 1703 κατά
1455 1651 1669 1719 πνεῦμα
1708 1644 1946 1720 διαρτίας

279 1739 336 1812 ἐξ
403 1739 674 1814 ἆναλόγοο
735 1735 1037 1812 μεγαλείως
1095 1737 1187 1792 καὶ
1245 1738 1434 1798 ἑνικῶς
1477 1734 1827 1808 ἐσταλμένος,
1857 1733 1946 1788 καὶ

279 1830 432 1886 οῧτω
466 1831 542 1903 μὴ
574 1824 907 1902 ψευδόμενος
935 1827 1034 1895 τήν
1065 1830 1162 1880 τοῦ
1196 1824 1440 1901 μεγάλου
1498 1827 1787 1900 σχήματος
1819 1823 1947 1877 ἀνά-

2064 577 2205 633 civis
2263 577 2568 635 altissimas
2628 581 2906 654 regionis,
2952 599 2983 637 e
3039 599 3155 654 qua
3214 584 3518 642 universos
3573 588 3726 646 ﬁlios

2063 664 2371 722 hominum
2406 669 2686 725 Dominus
2733 671 3060 742 conspicit;
3097 677 3154 727 et
3184 673 3308 744 ipse
3357 692 3418 731 se
3451 693 3582 732 cum
3616 678 3718 735 illo

2061 755 2258 827 aliquo
2275 758 2747 814 modoinclinans
2765 765 2952 831 potest
2977 761 3243 817 homines
3269 769 3562 836 quotquot
3590 768 3717 838 ipso

2060 843 2208 898 duce
2239 844 2501 917 indigent
2533 848 2812 919 aspicere,
2850 854 2906 904 et
2938 867 3298 922 quascunque
3331 853 3442 908 sibi
3487 856 3718 927 placue-

2059 933 2173 987 rint
2227 949 2521 1007 peragere.
2557 941 2718 992 Tune
2768 940 3068 995 modicum
3120 958 3487 1013 progressus,
3525 963 3717 1016 quan-

2058 1020 2248 1089 tulum
2281 1025 2608 1079 mensurari
2642 1026 2732 1080 vix
2763 1027 3041 1097 possibile
3072 1034 3178 1099 est,
3203 1031 3266 1085 fit
3303 1033 3496 1104 magni
3532 1035 3711 1090 indu-

2058 1111 2240 1166 menti
2271 1113 2582 1185 particeps,
2621 1131 2736 1169 una
2767 1117 2958 1187 specie
2991 1117 3183 1173 lucida
3214 1124 3268 1173 et
3301 1137 3514 1193 magna
3563 1141 3701 1180 con-

2058 1200 2322 1271 spicuus,
2349 1204 2510 1258 visus
2538 1205 2646 1258 sub
2679 1205 2872 1277 specie
2905 1207 3100 1278 magni
3134 1207 3254 1275 Dei,
3289 1215 3345 1264 et
3393 1211 3712 1270 Salvatoris

2057 1291 2240 1344 nostri
2271 1291 2412 1346 Jesu
2462 1292 2698 1363 Christi,
2733 1295 2910 1350 unius
2941 1296 3012 1350 de
3059 1297 3340 1352 Trinitate
3374 1299 3710 1374 incompre-

2056 1378 2354 1448 hensibili,
2377 1386 2434 1436 et
2465 1383 2738 1438 similiter
2769 1383 2994 1454 reliqua
3009 1384 3262 1455 Spiritus
3300 1387 3710 1449 informatione

2057 1467 2308 1524 multum
2359 1479 2414 1525 et
2445 1473 2614 1527 unice
2663 1473 2968 1541 praeditus,
3000 1474 3201 1545 sicque
3245 1479 3707 1548 assumptionem

2057 1557 2254 1629 magni
2303 1558 2629 1614 indumenti
2663 1577 2776 1614 non
2829 1561 3062 1628 fallens,
3095 1564 3249 1633 quod
3283 1566 3538 1622 eveniret
3568 1571 3709 1639 qui-

2057 1647 2187 1700 dem
2241 1648 2356 1716 (res
2400 1647 2688 1704 mirabilis
2718 1649 2960 1721 dictu!)
2999 1651 3112 1705 nisi
3162 1652 3220 1706 id
3269 1656 3456 1710 sancti
3505 1657 3708 1716 Patres

2047 1735 2386 1806 judicarent
2434 1736 2664 1793 differre
2695 1755 2728 1793 a
2758 1738 3016 1794 maxima
3043 1746 3100 1796 et
3147 1741 3323 1797 unica
3355 1744 3453 1800 Dei
3492 1749 3707 1818 specie,

2056 1824 2126 1878 ad
2158 1840 2336 1894 quam
2385 1823 2910 1898 incomparabilem
2959 1828 3030 1883 ab
3063 1834 3280 1886 aeterno
3325 1849 3532 1890 omnes
3583 1835 3708 1892 alits

273 1899 478 1992 ληψιν,
513 1899 644 1991 ὅπερ
670 1899 756 1985 ἦν
789 1912 849 1969 ἂν
883 1947 951 1958 -
993 1914 1085 1970 καὶ
1133 1899 1383 1991 μέγιστον
1444 1899 1612 1968 εἰπεῖν
1667 1946 1732 1956 -
1773 1911 1818 1966 εἰ
1873 1913 1939 1984 μὶ

2056 1912 2214 1969 velut
2245 1914 2464 1968 umbrae
2494 1921 2797 1987 apparent.

269 2005 619 2063 διαστέλλειν
678 2005 810 2060 αὐτὸ
873 2007 924 2060 oi.
982 2005 1215 2080 Πατὲρες
1277 2004 1332 2058 εὗ
1390 2006 1696 2070 ποιοῦντες,
1730 1997 1997 2075 διέκρινον
2046 2006 2148 2068 τῆς
2205 2001 2340 2054 κατά
2394 2001 2520 2055 Θεὸν
2581 2003 2968 2079 παμμεγίστης
3027 2009 3550 2081 μονοσχημοσύνης,
3615 2015 3706 2068 καὶ

273 2099 422 2172 πρὸς
451 2098 513 2165 ἢν
545 2095 961 2172 ἆπαραποίητον
994 2093 1234 2155 αἰωνίως
1265 2092 1423 2147 οὖσαν
1453 2093 1508 2146 αἱ
1538 2090 1728 2146 λοιπαὶ
1761 2089 1887 2144 ὠσεὶ
1921 2087 2009 2143 καὶ
2041 2088 2185 2143 σκιαί
2215 2110 2354 2152 τινες
2385 2091 2765 2166 τεθεώρηνται.

367 2205 452 2271 ιζ.
487 2201 754 2259 Τοιούτου
784 2202 962 2256 τοίνυν
992 2201 1066 2263 ὡς
1100 2199 1150 2255 ἐν
1181 2199 1388 2274 τριπλῇ
1434 2197 1613 2269 ἐννοίᾳ
1672 2193 1823 2258 ὄντος
1852 2200 1949 2250 τοῦ

286 2291 794 2367 μεγαλοτχήμονος
828 2291 969 2366 βίου,
1001 2291 1139 2354 καθά
1168 2287 1402 2362 ε’ἰρηται,
1435 2295 1536 2358 τῆς
1579 2291 1684 2341 τῶν
1734 2286 1944 2361 ἀγαθῶν

279 2385 629 2457 Χριστιανῶν
713 2387 1046 2459 καταφυγῆς,
1129 2377 1218 2433 ὅτε
1299 2376 1582 2450 πολεμίων
1655 2375 1705 2448 ἐξ
1793 2373 1949 2450 ἀέρος

289 2469 618 2544 βαλλόντων
687 2468 1011 2545 κρύψασθαι,
1069 2467 1382 2543 βούλονται,
1443 2466 1708 2539 μακάριος
1771 2465 1861 2536 μὲν
1918 2463 1944 2517 6

282 2560 409 2613 κατ’
441 2558 572 2613 αὐτὸ
621 2557 842 2628 ἀληθῶς
884 2555 1387 2634 ἐσχηματισμένος,
1437 2553 1532 2610 εἶτ’
1591 2551 1682 2608 οὖν
1735 2550 1945 2607 εἷδοπε-

283 2648 595 2721 ποιημὲνος
675 2643 948 2717 θεοειδῶς,
1007 2646 1096 2700 καὶ
1155 2644 1426 2720 θειότερον
1491 2640 1944 2720 μεμορφωμένος,

285 2739 365 2800 ὡς
421 2739 512 2792 οἷα
541 2737 593 2790 ἐν
655 2740 842 2814 μορφῇ
874 2740 1008 2791 Θεοῦ
1040 2733 1336 2801 καθεστὼς,
1368 2731 1457 2787 καὶ
1507 2733 1606 2801 τὴν
1640 2729 1944 2806 μεγαλοσύ-

280 2848 388 2895 νην
452 2824 692 2880 ἐντεῦθεν
751 2824 1034 2899 αὐτοφυῶς
1087 2823 1518 2899 κληρωσάμενος
1553 2839 1566 2852 ·
1617 2819 1693 2875 ἔτι
1754 2818 1811 2874 δὲ
1858 2841 1944 2874 τε·

284 2915 572 2976 λειοποιὸς
596 2919 701 2969 τῶν
738 2915 838 2968 ὑπὸ
867 2915 929 2968 τὸ
962 2913 1116 2988 μέγα,
1148 2913 1237 2967 καὶ
1285 2911 1428 2966 οὕτω
1476 2915 1692 2985 πρῶτον
1750 2916 1943 2984 σχῆμα

283 3001 618 3082 φιλοσοφίας
673 3001 822 3078 λόγῳ
878 3002 967 3056 καὶ
1025 3006 1184 3056 πᾶσιν
1239 2999 1466 3063 ἐκείνοις
1498 3001 1559 3054 τὸ
1616 2996 1792 3054 ἐνδέον
1848 2998 1940 3054 ἀν-

284 3089 560 3166 απληρῶν
619 3089 834 3164 μεθόδῳ
885 3089 1001 3162 θείᾳ
1057 3089 1475 3165 συλλογιπικῇ,
1517 3087 1680 3158 δι’ῆς
1739 3091 1774 3158 ἡ
1834 3088 1938 3142 τῶν

283 3181 505 3256 ἀγαθῶν
538 3185 738 3256 γνῶσις
772 3180 1097 3255 περαίνεται,
1130 3179 1218 3234 ναὶ
1277 3180 1382 3252 μὴν
1435 3180 1525 3234 καὶ
1580 3178 1656 3240 εἷς
1710 3177 1940 3252 οὐρανοῦ

2130 2197 2215 2252 17.
2249 2197 2409 2253 Talis
2439 2215 2572 2253 cum
2604 2200 2703 2268 sit,
2734 2205 2790 2255 et
2837 2201 2947 2256 sub
2986 2200 3199 2274 triplici
3243 2206 3468 2262 ratione
3519 2209 3707 2280 possit

2057 2285 2412 2341 considerari
2444 2287 2563 2342 vita
2596 2289 2990 2360 perfectionis,
3025 2295 3088 2344 ut
3119 2309 3299 2364 supra
3343 2294 3559 2351 dictum
3594 2305 3703 2366 est,

2055 2374 2143 2429 vel
2177 2375 2315 2446 fuga
2344 2375 2630 2431 bonorum
2682 2378 3144 2434 Christianorum
3179 2382 3278 2452 qui
3332 2383 3403 2437 ab
3445 2384 3703 2444 inimicis

2055 2462 2170 2518 tela
2223 2481 2292 2518 ex
2345 2463 2463 2519 alto
2538 2466 2984 2536 conjicientibus
3059 2477 3328 2539 quaerunt
3397 2475 3700 2548 abscondi,

2056 2553 2260 2608 beatus
2293 2569 2433 2608 sane
2455 2559 2544 2609 est
2565 2556 2664 2626 qui
2691 2555 2748 2609 in
2771 2572 2839 2611 ea
2861 2563 3130 2612 sanctum
3164 2560 3428 2616 habitum
3481 2569 3540 2618 et
3569 2582 3701 2637 spe-

2054 2641 2200 2696 ciem
2223 2659 2351 2698 vere
2375 2644 2719 2714 assumpsit,
2756 2645 2857 2716 qui
2906 2647 3100 2702 diviue
3121 2647 3470 2707 informatus
3502 2657 3612 2720 est,
3645 2659 3702 2710 et

2054 2731 2220 2801 quasi
2252 2732 2310 2786 in
2344 2735 2530 2789 forma
2578 2734 2672 2788 Dei
2723 2735 2905 2800 stetit,
2938 2738 3523 2812 magnitudinemque
3565 2744 3701 2814 jure

2052 2821 2295 2891 accepit,
2328 2821 2427 2892 qui
2477 2820 2720 2893 insuper
2768 2824 2997 2893 perﬁcit
3026 2825 3295 2882 homines
3344 2829 3453 2883 sub
3488 2848 3698 2904 magno

2051 2912 2108 2963 et
2142 2909 2331 2981 primo
2364 2911 2566 2966 ordine
2597 2911 2918 2980 interiores,
2949 2913 3370 2986 philosophicis
3399 2919 3610 2986 verbis,
3644 2927 3701 2976 et

2051 2998 2295 3070 reliquis
2333 2999 2630 3055 similibus
2663 3001 3012 3070 rationibus,
3044 3003 3298 3076 implens
3326 3009 3480 3078 quod
3514 3010 3696 3078 deest,

2051 3089 2374 3144 secundum
2407 3089 2700 3161 egregiam
2733 3090 3057 3164 syllogismi
3085 3095 3449 3164 methodum,
3475 3115 3592 3169 qua
3623 3103 3694 3156 ad

2048 3177 2203 3233 bona
2234 3179 2632 3250 cognoscenda
2666 3181 3036 3251 pervenitur;
3073 3187 3247 3254 atque
3275 3186 3452 3241 etiam
3487 3189 3557 3243 ad
3593 3205 3707 3244 cm-

282 3269 706 3342 ἁνατεινόμενος
741 3270 998 3342 μίμησιν,
1032 3270 1106 3331 ὡς
1138 3267 1189 3322 ἐν
1221 3273 1338 3331 τοῖς
1390 3266 1512 3338 ἑξῆς
1573 3268 1934 3337 ὑποτυπωθή-

2056 3266 2284 3323 lestium
2319 3267 2707 3323 imitationem
2741 3270 3218 3340 protendit,sicut
3239 3289 3304 3328 ex
3340 3273 3490 3330 infra
3511 3277 3706 3332 dicen-

281 3381 457 3416 σεται.
492 3359 593 3416 Καὶ
625 3356 767 3413 οὕτω
801 3359 895 3432 μὶν
949 3359 1216 3434 μακάριος
1248 3358 1276 3412 6
1305 3361 1552 3418 τοιοῦτος
1608 3354 1788 3433 λόγων
1831 3377 1942 3410 τοιο

283 3448 464 3503 ούτων
519 3452 707 3522 τριῶν,
763 3445 853 3502 ἐπὶ
936 3441 1185 3501 ἀναϐάσει
1235 3451 1305 3520 τῇ
1355 3445 1492 3502 κατά
1541 3447 1630 3499 τὸν
1697 3443 1939 3520 μεγαλο-

284 3539 569 3612 σχήμονά,
599 3537 671 3597 ὠς
706 3535 780 3599 εἷς
828 3537 1012 3610 τρίτον
1060 3534 1402 3613 ἐλαφρισθεὶς
1463 3533 1714 3610 οὐρανόν·
1749 3531 1937 3610 ἄθλιος

281 3624 360 3696 δὶ,
437 3627 529 3680 καὶ
607 3625 705 3680 οὐκ
771 3625 1012 3697 εἰσάπαξ,
1073 3623 1217 3679 ἀλλά
1294 3622 1607 3698 τρισάθλιος
1665 3623 1692 3676 6
1751 3619 1938 3684 ἄλλως

280 3717 403 3780 καθ’
462 3715 744 3790 ὑπόκρισιν
804 3714 1400 3788 προσωποποιούμενος
1463 3710 1532 3766 δι’
1607 3710 1789 3781 αὐτοῦ,
1848 3725 1938 3780 καῖ

278 3807 534 3880 σχήματι
571 3804 664 3874 μὲν
696 3802 1124 3878 ἁντεπάγγελτος
1169 3806 1301 3858 Θεοῦ
1358 3801 1614 3876 πεφηνὼς
1671 3800 1934 3878 πρόσφυξ,

277 3892 563 3968 πράγματι
599 3891 656 3947 δὲ
688 3890 1141 3967 άπροσκὸλλητος
1194 3889 1266 3946 ὢν
1327 3890 1534 3962 ἐκείνῳ,
1565 3891 1638 3951 ὡς
1689 3891 1723 3958 ἢ
1781 3911 1938 3944 κατα-

277 3982 514 4051 παίζων,
547 3981 582 4051 ἢ
635 3984 710 4054 μὴ
765 3981 1233 4054 ἓκουσιαζόμεννς,
1267 3979 1301 4049 ἢ
1334 3980 1478 4035 ἀλλὰ
1526 3978 1777 4052 ἐμπολῆς
1829 3979 1937 4055 χά-

277 4092 364 4146 ριν
428 4073 491 4126 τὸ
547 4071 714 4126 καλὸν
763 4067 1103 4147 προϐάλλων
1179 4073 1696 4146 πραγματευτικῶς·
1756 4069 1814 4131 ὃς
1871 4069 1934 4124 τὸ

272 4166 492 4237 τριχῶς
521 4159 628 4231 ἤδη
689 4161 1082 4237 ἀνεπτυγμὲνον
1142 4159 1276 4237 μέγα
1333 4162 1524 4236 σχῆμα
1579 4157 1932 4232 ψευσάμενος,

276 4247 406 4304 οὔτε
434 4249 668 4326 λογικῶς
705 4245 1062 4326 μεμὸρφωται
1105 4249 1386 4324 προσώπῳ
1427 4252 1580 4319 Θεοῦ,
1612 4246 1702 4301 καὶ
1761 4246 1934 4302 ἀσυλ-

277 4336 554 4414 λογίστως
591 4340 722 4414 βιοῖ,
755 4340 1252 4417 κατασοφιζόμενος
1289 4338 1390 4392 ὑπὸ
1448 4341 1544 4392 τοῦ
1577 4337 1674 4404 τήν
1743 4336 1928 4392 κακίαν

275 4427 583 4505 πανσόφου,
616 4429 834 4484 καὶτοῦ
865 4431 1000 4484 κατά
1041 4433 1165 4483 νοῦν
1223 4425 1280 4482 δὲ
1337 4426 1568 4502 οὐρανοῦ
1627 4423 1932 4496 άπολισθή-

275 4539 396 4585 σας,
433 4517 508 4580 ὡς
557 4517 633 4581 εἰς
688 4518 962 4597 ἑωσφόρον
1015 4519 1288 4574 κατέπεσε.
1325 4517 1426 4574 Καὶ
1471 4516 1535 4584 ἦν
1595 4513 1696 4590 ἄρα
1753 4521 1931 4591 κρεῖτο

272 4627 365 4660 τον
428 4605 594 4680 αὐτῷ,
628 4609 765 4662 καθά
820 4609 909 4662 καὶ
969 4606 1308 4684 εὐηρεστεῖτο
1372 4605 1422 4659 ἐν
1473 4609 1552 4676 τῷ
1599 4609 1775 4678 καιρῷ
1830 4611 1930 4674 τῆς

269 4701 502 4771 κουρᾶς,
537 4697 613 4768 μὴ
666 4696 918 4768 τάξασθαι
973 4701 1053 4769 τῷ
1111 4697 1248 4768 Θεῷ,
1299 4695 1332 4764 ἢ
1389 4693 1682 4765 ταξάμενον
1733 4694 1928 4768 ψεύσα-

272 4785 422 4840 σθαι.
475 4787 681 4840 Ἐκεῖνο
745 4787 839 4859 μὲν
897 4787 997 4862 γάρ
1048 4785 1192 4862 εἶχεν
1241 4783 1300 4839 ἂν
1360 4790 1550 4858 κρῖμα’
1586 4783 1648 4838 τὸ
1703 4780 1760 4838 δὲ
1810 4781 1928 4838 δεύ-

268 4893 432 4948 τερον
465 4873 542 4936 εἷς
571 4871 771 4950 ἀκριϐῆ
805 4877 1114 4952 κατάκρισιν
1149 4873 1501 4944 ἀποτελευτᾷ.

345 4982 440 5050 ιη’.
495 4981 632 5056 Φέρε
681 4982 806 5056 γὰρ,
853 4981 1203 5059 ὀλιγόπιχον
1253 4979 1557 5056 ἐπιδρομὴν
1611 4978 1930 5051 ποιησώμε-

267 5081 356 5138 θα,
393 5071 468 5124 ὧν
523 5070 896 5135 κατατίθενται
955 5073 1006 5126 οἱ
1065 5075 1202 5148 πρὸς
1260 5069 1638 5146 μεγαλοσύνην
1689 5089 1929 5141 πνευμα-

261 5160 428 5227 τικὴν
491 5159 984 5235 ἐσχηματισμένοι,
1032 5161 1121 5216 καὶ
1176 5161 1350 5221 οὕτως
1412 5157 1782 5235 ὑπεσχημένοι
1843 5158 1926 5213 ὲκ-

266 5253 588 5321 προσωπεῖν
640 5253 720 5320 τῷ
763 5255 898 5322 Θεῷο
928 5248 1020 5304 ’ίνα
1065 5253 1134 5323 τῇ
1187 5249 1320 5325 πρὸς
1350 5249 1486 5303 αὐτὰ
1531 5252 1636 5301 τῶν
1679 5249 1793 5302 κατ’
1831 5247 1926 5301 αὖ·

261 5336 395 5398 τοὺς
450 5336 694 5410 πράξεων
753 5337 1042 5413 παραθέσει
1101 5337 1429 5413 ἒπιγνῶμεν,
1480 5336 1525 5390 εἰ
1574 5337 1708 5409 πρὸς
1771 5336 1923 5408 ἀκρι-

262 5420 358 5486 εὶς
395 5423 770 5496 ἐξομοιοῦνται
802 5427 1158 5502 προκένσημα
1188 5429 1240 5482 οἱ
1282 5429 1418 5503 πρὸς
1466 5424 1643 5488 ἔνθεον
1701 5423 1924 5485 ἑαυτοὺς

261 5512 315 5566 ἐν
392 5519 511 5575 τοῖς
579 5517 704 5590 περὶ
767 5519 917 5590 ἡμᾶς
973 5520 1346 5595 μορφάζοντεσ
1391 5515 1706 5589 πρόσωπον.
1762 5516 1920 5588 Ἔχει

261 5599 321 5658 δὲ
351 5601 420 5657 τὰ
444 5610 543 5673 τῆς
573 5603 839 5679 ἐπιτομῆς
891 5604 1093 5676 ταύτης
1148 5604 1321 5667 οὕτως
1375 5602 1918 5678 ἐπελευστικώτερον.

339 5693 426 5756 ιο’.
465 5698 661 5769 Πρῶτα
711 5696 805 5768 μὲν
863 5695 924 5750 ἐκ
974 5696 1257 5765 θειοτάτης
1307 5693 1624 5764 ὁπλοθήκης
1677 5691 1921 5766 ἀναλαμ-

2056 3357 2147 3412 dis
2178 3356 2420 3428 patebit.
2466 3361 2708 3411 Beatum
2758 3373 2895 3429 ergo
2939 3359 3204 3415 dicemus
3252 3361 3462 3416 borum
3519 3365 3699 3421 trium

2055 3445 2328 3501 ordinum
2381 3445 2702 3510 hominem,
2737 3446 2808 3501 ob
2841 3449 3241 3503 ascensionem
3294 3451 3350 3504 in
3402 3454 3704 3508 monachi-

2055 3551 2183 3590 cam
2243 3533 2679 3604 perfectionem,
2713 3551 2899 3606 usque
2957 3537 3027 3590 ad
3088 3537 3296 3592 coelum
3353 3541 3700 3598 evolantem.

2055 3626 2330 3679 Miserum
2364 3630 2580 3690 autem,
2616 3642 2720 3680 nec
2752 3625 3059 3688 semel.sed
3094 3634 3182 3682 ter
3207 3629 3488 3686 miserum
3523 3633 3703 3705 hypo-

2056 3714 2285 3784 critam,
2319 3715 2418 3785 qui
2471 3714 2578 3769 sub
2634 3715 2737 3768 hac
2787 3716 2980 3786 specie
3011 3715 3184 3771 aliam
3236 3719 3564 3789 abscondit,
3599 3723 3701 3794 qui

2055 3805 2285 3858 videtur
2313 3804 2383 3858 ad
2439 3808 2615 3858 Deum
2670 3805 2983 3875 confugere
3030 3806 3262 3875 dicitur,
3299 3825 3358 3863 re
3398 3815 3593 3866 autem
3649 3812 3702 3867 ei

2058 3893 2302 3948 minime
2345 3893 2609 3959 adhaesit,
2645 3893 2766 3949 sive
2796 3910 2863 3948 ex
2911 3894 3186 3961 ludibrio,
3219 3897 3338 3952 sive
3368 3915 3436 3954 ex
3470 3900 3702 3973 timore,

2056 3983 2176 4037 sive
2205 3999 2274 4038 ex
2304 3981 2544 4038 avaritia
2593 3983 2808 4037 bonum
2843 3983 2951 4038 hoc
2984 3984 3323 4055 praeferente
3372 3989 3441 4042 ad
3477 4005 3568 4045 res
3601 4007 3703 4046 au-

2053 4072 2275 4144 gendas
2299 4089 2311 4138 ;
2338 4071 2436 4144 qui
2470 4071 2757 4142 triplicem
2791 4089 2970 4144 supra
3000 4080 3388 4131 memoratum
3423 4094 3704 4150 magnum

2053 4160 2320 4216 habitum
2366 4162 2706 4226 ementitus,
2770 4179 2838 4216 ne
2888 4162 3111 4219 ratione
3157 4166 3392 4234 quidem
3445 4168 3702 4224 divinam

2053 4249 2307 4321 speciem
2331 4250 2673 4320 assumpsit,
2710 4250 2807 4321 qui
2834 4250 3292 4309 irrationabilem
3316 4256 3494 4311 vitam
3523 4259 3701 4325 ducit,

2050 4338 2341 4411 decipitur
2371 4357 2404 4393 a
2433 4342 2717 4410 magistro
2765 4339 3024 4410 malitiae,
3067 4347 3125 4396 et
3174 4344 3243 4397 de
3293 4345 3436 4400 coelo
3483 4346 3700 4402 intelli-

2049 4429 2278 4499 gentiae,
2311 4427 2465 4484 sicut
2498 4428 2742 4495 Lucifer,
2777 4429 3009 4484 decidit.
3043 4430 3253 4486 Melius
3285 4438 3410 4487 erat
3441 4434 3513 4499 ei,
3549 4435 3702 4489 sicut

2050 4521 2308 4588 tempore
2330 4523 2583 4573 tonsurae
2615 4519 3056 4589 admonebatur,
3087 4521 3194 4574 Deo
3231 4537 3341 4575 non
3375 4522 3694 4590 adhaerere,

2047 4623 2221 4676 quam
2251 4607 2645 4662 adhaerentem
2679 4608 3014 4662 renuntiare
3043 4624 3056 4662 :
3091 4608 3234 4663 illud
3267 4609 3420 4664 enim
3453 4627 3693 4666 excusa-

2053 4656 2220 4676 ,ηπ
2254 4656 2645 4662 __-___-_----_
2679 4656 3011 4662 _---_----_--
3044 4656 3056 4662 -
3093 4656 3234 4663 --._-
3270 4656 3420 4664 ----...
3454 4656 3665 4666 πη-..

1964 4656 2011 4720 D
2045 4695 2263 4750 tionem
2296 4696 2441 4750 forte
2473 4695 2800 4763 habuisset,
2833 4696 2940 4752 hoc
2972 4713 3104 4752 vero
3136 4697 3351 4752 desinit
3381 4698 3439 4753 in
3476 4705 3694 4756 certam

2043 4785 2612 4840 condemnationem.

2113 4981 2200 5036 48.
2233 4983 2352 5052 Age
2383 4997 2539 5051 ergo,
2575 4997 2701 5051 quae
2755 4982 3038 5052 objicient
3085 4982 3353 5039 homines
3403 4986 3472 5040 ad
3519 4984 3693 5056 spiri-

2041 5069 2282 5139 tualem,
2318 5069 2787 5142 magnitudinem
2819 5071 3112 5138 instructi,
3148 5078 3202 5128 et
3233 5078 3344 5130 Deo
3374 5074 3692 5130 assimilari

2040 5159 2244 5230 parati,
2278 5159 2530 5214 breviter
2587 5176 3023 5230 percurramus,
3074 5165 3139 5216 ut
3197 5163 3427 5218 actibus
3484 5165 3556 5219 ad
3621 5181 3689 5219 ea

2037 5247 2268 5303 collatis
2299 5265 2691 5319 agnoscamus
2724 5256 2923 5303 utrum
2957 5251 3027 5304 ad
3062 5257 3429 5320 punctum,et
3459 5253 3530 5307 ad
3566 5269 3692 5324 per-

2036 5336 2252 5391 fectum
2305 5337 2529 5392 similes
2561 5336 2699 5401 sint,
2732 5338 2831 5408 qui
2884 5339 3108 5409 seipsos
3139 5341 3210 5394 ad
3244 5339 3501 5395 divinam
3550 5357 3684 5412 spe-

2035 5426 2182 5481 ciem
2218 5427 2532 5481 informare
2581 5425 2817 5480 debent.
2853 5426 2980 5481 Tali
3016 5429 3187 5484 modo
3239 5428 3451 5484 melius
3482 5445 3689 5486 succe-

2034 5516 2132 5571 det
2160 5515 2263 5571 illa
2293 5515 2482 5571 brevis
2513 5514 2820 5587 expositio.

2102 5693 2534 5766 10.Etprimum
2549 5709 2616 5751 ex
2630 5693 2738 5752 hoc
2751 5695 2947 5753 divino
2961 5697 3412 5756 armamentario
3427 5714 3682 5756 sumun-
