4114 6200
395 316 518 377 743
1176 307 1602 375 EUSTATHII
1641 304 2408 370 THESSALONICENSIS
2449 304 3035 370 METROPOLITE
3692 309 3823 368 ’144

396 449 499 503 tur
524 461 692 503 arma
714 446 788 501 ad
819 443 1041 502 bellum
1071 441 1380 517 spirituale
1408 444 1481 497 ad
1512 441 1670 513 quod
1698 438 2049 495 ordinantur

2159 429 2415 491 ϐάνονται
2467 435 2553 505 τὰ,
2592 456 2897 515 φραγνυντα
2966 435 3203 499 τούτους
3276 440 3658 512 πνευματικῶς
3732 437 3830 494 ἐπὶ

399 542 456 592 et
488 540 917 610 praeparantur.
950 538 1086 601 Quae
1115 532 1272 589 enim
1304 548 1409 604 pro
1458 531 1642 586 armis
1688 530 1842 585 inter
1889 545 2049 584 sacra

2160 522 2416 598 πολέμῳ,
2448 524 2527 587 εἰς
2559 524 2617 579 ’ὸν
2665 525 2989 598 ταττόμενοι
3049 524 3453 599 ἐτοιμάζονται.
3484 527 3548 583 ’Δ
3598 528 3706 601 γάρ
3752 528 3833 582 ἱε-

401 625 757 693 induuntur,
790 623 979 695 pridie
1008 622 1081 677 ad
1129 636 1455 693 vesperam,
1487 622 1649 675 extra
1692 617 1897 690 templi
1929 617 2052 673 adi-

403 719 501 770 tus
532 716 955 786 praeparantur,
986 710 1452 775 sanctiﬁcantur,
1485 714 1543 764 et
1590 707 1959 779 baptizantur
1992 711 2055 761 ut

404 804 550 858 ﬁant
578 801 758 857 lorica
805 817 960 872 aqua
1004 803 1348 870 temperata.
1379 795 1668 853 Postridie
1715 796 1809 851 his
1861 795 2052 867 primo

400 891 735 947 induuntur
781 894 917 944 ante
956 904 1182 943 sacram
1233 886 1648 954 initiationem,
1681 902 1807 957 quae
1857 901 2050 953 mane,

401 986 458 1035 et
500 995 687 1050 usque
735 979 807 1032 ad
862 978 1161 1032 ardentem
1205 975 1388 1031 solem
1440 975 1827 1046 protenditur,
1859 974 1941 1029 ita
1990 979 2054 1027 ut

400 1084 659 1140 vespere,
683 1082 856 1122 mane
877 1072 931 1122 et
954 1064 1195 1121 meridie
1219 1070 1567 1120 enarrantur
1589 1062 1687 1119 Dei
1720 1062 2041 1119 mirabilia.

397 1157 467 1213 Et
498 1173 631 1212 cum
673 1156 1097 1228 perﬁciendum
1148 1160 1237 1210 est
1265 1153 1444 1224 hujus
1478 1153 1627 1208 ritus
1680 1150 2048 1225 mysterium,

395 1246 749 1303 inchoantur
798 1249 1011 1300 cantus
1060 1242 1399 1314 spirituales
1458 1247 1515 1297 et
1569 1240 1798 1312 psalmi,
1833 1241 2050 1313 quibus

395 1335 680 1409 gaudium
735 1334 950 1390 mentis
998 1332 1330 1389 declaratur
1359 1330 1581 1403 (laatum
1622 1330 1780 1386 enim
1827 1328 2050 1400 aliquid

399 1435 607 1481 cantus
627 1426 738 1490 est,
761 1439 866 1478 nec
890 1422 1075 1477 ullum
1097 1420 1317 1477 animal
1344 1420 1507 1476 triste
1527 1437 1736 1475 canere
1765 1419 2000 1486 dicitur)
2034 1435 2047 1474 :

400 1517 725 1584 sequuntur
773 1510 961 1582 elogia
989 1527 1191 1567 eorum
1242 1509 1342 1581 qui
1373 1509 1577 1564 eodem
1623 1509 1796 1564 modo
1845 1524 2052 1562 secun-

400 1604 542 1658 dum
564 1602 745 1657 Deum
767 1599 968 1657 vestiri
990 1599 1313 1670 elegerunt,
1331 1604 1387 1653 et
1403 1598 1820 1669 pronuntiatur
1850 1596 2051 1652 saeculi

402 1687 811 1746 condemnatio
843 1687 901 1741 in
924 1687 1170 1759 psalmis
1191 1684 1320 1741 etin
1345 1700 1634 1755 sermone,
1668 1682 1827 1739 velut
1854 1700 1925 1739 ex
1952 1700 2051 1738 ore

403 1779 566 1835 illius
596 1778 697 1850 qui
740 1776 1074 1833 tondendus
1120 1781 1228 1839 est,
1261 1775 1433 1845 quasi
1479 1789 1614 1829 eum
1664 1771 1942 1845 poeniteat
1994 1778 2051 1828 et

399 1840 636 1940 pudeat,
669 1866 823 1937 quod
872 1865 1132 1936 seipsum
1169 1840 1345 1918 rebus
1387 1861 1633 1918 terrenis
1663 1840 1722 1917 et
1750 1868 2047 1933 contemp-
2078 1840 2125 1906 Β

395 1955 663 2012 tibilibus
716 1953 1101 2025 implicuerit,
1161 1951 1531 2021 ccelestiaque
1607 1950 2043 2021 contempserit.

398 2045 623 2110 Quibus
673 2042 947 2114 peractis,
981 2040 1308 2096 monachus
1346 2039 1474 2111 jam
1506 2039 1579 2094 ad
1626 2044 1807 2094 Deum
1854 2038 2045 2111 proxi-

396 2138 724 2195 mus,stans
746 2132 917 2202 juxta
946 2128 1133 2197 illum,
1165 2132 1224 2184 et
1253 2127 1488 2183 omnino
1520 2142 1889 2200 progressus,
1923 2128 2047 2199 ipse

399 2221 460 2276 in
506 2219 710 2275 limine
759 2220 1157 2291 interrogatur
1205 2234 1323 2289 qua
1369 2218 1440 2272 de
1490 2234 1671 2272 causa
1714 2216 2044 2288 accesserit,

395 2316 599 2365 utrum
648 2309 935 2379 spondeat
979 2323 1323 2379 permanere
1354 2306 1413 2361 in
1458 2305 1835 2372 monasterio,
1867 2310 2045 2376 atque

398 2399 458 2454 in
517 2396 949 2464 exercitatione,
1009 2412 1197 2466 usque
1255 2395 1325 2449 ad
1386 2395 1589 2461 ﬁnem,
1619 2394 1728 2449 hoc
1782 2399 1873 2448 est
1927 2410 2041 2449 non

396 2487 572 2542 modo
605 2501 788 2556 usque
835 2485 907 2540 ad
941 2484 1237 2556 integrum
1271 2487 1327 2539 et
1356 2483 1428 2538 ad
1477 2481 1909 2553 perfectionem,
1941 2482 2042 2537 sed

318 2600 327 2608 -
394 2582 452 2632 et
512 2592 699 2646 usque
756 2575 828 2629 ad
887 2577 1156 2629 mortem.
1216 2573 1421 2628 Postea.
1499 2571 1874 2643 postulantur
1935 2571 2040 2625 ite-

394 2681 527 2725 rum
584 2662 937 2733 obedientia,
998 2660 1301 2734 patientia,
1362 2660 1704 2725 submissio,
1762 2659 2039 2730 solitudo,

396 2760 453 2812 et
480 2753 595 2810 alia
626 2754 720 2809 his
752 2752 1004 2814 similia;
1038 2754 1096 2806 et
1124 2753 1436 2821 postquam
1468 2747 2045 2822 spopondit,jubetur

395 2843 651 2916 cogitare
694 2841 834 2913 quid
867 2840 1226 2912 promiserit,
1260 2838 1352 2893 cui
1386 2839 1745 2910 promissum
1777 2836 2042 2892 credide-

396 2930 760 3003 rit,profecto
782 2928 983 2995 Deo,et
1003 2927 1248 2999 angelis,
1272 2942 1523 2999 quorum
1550 2925 1736 2981 ambit
1763 2926 2039 2997 speciem.

2163 617 2272 688 ρῶς
2330 612 2718 692 ἀμφιέννυνται
2769 613 3050 687 ὁπλισμοῦ
3098 614 3278 687 τύπῳ,
3325 618 3360 685 ἡ
3417 615 3512 689 μὲν
3579 616 3832 694 φθάσασα

2162 700 2357 776 ἕσπερα
2414 696 2518 757 ἔσω
2574 707 2680 758 τῶν
2739 706 2837 757 τοῦ
2880 706 3013 758 ναοῦ
3064 700 3275 758 ἀδύτων
3315 702 3565 777 ταμιεύει
3600 704 3827 780 ἁγιαζό-

2164 811 2319 863 μενα,
2360 792 2447 846 καὶ
2505 789 2648 847 οὕτω
2702 792 3024 868 βαπτόμενα
3068 790 3145 855 εἷς
3194 798 3543 867 θωρακισμοῦ
3596 793 3828 871 στεῤῥό-

2159 900 2299 950 τητα
2332 898 2343 911 ·
2398 883 2433 949 ἡ
2495 876 2553 935 δὲ
2609 880 2799 959 ἐφεξῆς
2856 882 3038 955 ἡμέρα
3102 876 3412 958 προϐάλλει
3470 879 3822 959 περιδύεσθαι

2161 968 2298 1023 αὐτὰ
2352 970 2489 1043 πρὸς
2545 967 2771 1040 τελετὴν
2834 969 3016 1045 ἁγίαν,
3074 970 3498 1047 παρατείνουσαν
3552 969 3659 1035 ἓως
3727 974 3822 1028 καὶ

2160 1056 2237 1118 είς
2267 1058 2475 1134 ἡμέραν
2535 1058 2903 1131 ἀκμάζουσαν,
2934 1057 3028 1115 ἵνα
3079 1060 3168 1114 καὶ
3217 1058 3395 1123 οὕτως
3453 1060 3679 1137 ἑσπέρας
3730 1063 3824 1117 καὶ

2158 1147 2309 1222 πρωῒ
2345 1147 2435 1201 καὶ
2496 1143 2842 1224 μεσημϐρίας
2898 1145 3354 1224 ἀπαγγέλλωνται
3409 1149 3476 1204 τά
3525 1148 3624 1205 τοῦ
3681 1155 3821 1207 Θεοῦ

2160 1235 2449 1308 θαυμάσια.
2481 1239 2609 1294 ’Ότι
2640 1235 2697 1291 δὲ
2735 1236 2827 1291 καὶ
2872 1235 3147 1301 τελεῖσθαι
3207 1239 3321 1314 χρὴ
3377 1238 3442 1292 τὸ
3497 1245 3600 1309 τῆς
3656 1238 3826 1314 ἐργα-

2160 1324 2278 1389 σίας
2320 1324 2525 1396 ταύτης
2570 1327 2892 1400 μυστήριον,
2944 1329 3318 1401 προηγοῦνται
3377 1323 3516 1400 ᾠδαὶ
3574 1348 3825 1391 πνευμα-

2156 1414 2302 1468 τικαὶ
2349 1415 2436 1467 καὶ
2498 1412 2736 1487 ψαλμοὶ,
2797 1414 2982 1490 ψυχὴν
3053 1410 3638 1495 συμϐολογραφοῦντες
3694 1416 3827 1493 χαί-

2160 1522 2355 1578 ρουσαν
2387 1502 2709 1577 (χαροποιὸν
2741 1504 2845 1579 γάρ
2900 1524 2953 1558 τι
3005 1504 3096 1559 καὶ
3152 1506 3188 1575 ἡ
3231 1501 3373 1577 ᾠδὴ,
3404 1506 3537 1560 καθὸ
3584 1507 3676 1560 καί
3732 1505 3827 1561 ού·-

2160 1589 2245 1646 δὶν
2305 1594 2441 1659 ζῶον
2502 1587 2846 1665 λυπούμενον
2906 1590 3052 1663 ᾅδειν
3111 1591 3375 1668 λέγεται)’
3427 1594 3825 1673 συνεφέλκονται

2160 1677 2217 1734 δὲ
2259 1679 2346 1732 καὶ
2418 1681 2756 1756 μακαρισμοὶ
2815 1685 2924 1736 τῶν
2984 1681 3432 1759 προαιρουμένων
3491 1683 3636 1738 οὕτω
3685 1685 3828 1740 κατά

2159 1766 2287 1824 Θεὸν
2348 1769 2802 1843 σχηματίζεσθαι·
2860 1770 2949 1825 καὶ
3026 1770 3146 1845 βίου
3225 1767 3281 1826 δὲ
3345 1771 3681 1848 κατάγνωσις
3737 1772 3825 1829 ἐκ·

2155 1855 2479 1936 φωνουμένη
2537 1856 2939 1933 ψαλμῳδικῶς,
2998 1857 3078 1915 ἔτι
3131 1857 3189 1916 δὲ
3263 1850 3356 1916 καὶ
3432 1859 3821 1937 εὐαγγελικῶς,

2155 1948 2229 2009 ὡς
2278 1946 2338 2002 ἐκ
2377 1948 2679 2025 προσώπου
2727 1954 2824 2004 τοῦ
2879 1947 3183 2024 μέλλοντος
3227 1951 3517 2027 κείρεσθαι,
3550 1953 3644 2006 οἷα
3694 1974 3822 2026 μετ-

2154 2035 2454 2112 εγνωκότος
2502 2037 2592 2093 καὶ
2642 2037 3064 2114 αἰσχυνομένου,
3111 2037 3260 2116 εἴπερ
3318 2041 3504 2096 ἑαυτὸν
3560 2042 3825 2119 ἀπησχὸ-

2155 2123 2237 2180 λει
2267 2131 2383 2189 τοῖς
2436 2124 2583 2182 κάτω
2629 2128 2719 2182 καὶ
2767 2127 3156 2203 πατουμένοις,
3187 2130 3255 2185 τὰ
3302 2129 3560 2186 ἀνωτάτω
3619 2131 3820 2209 ὑπερο-

2155 2219 2283 2292 ρῶν.
2317 2215 2441 2272 Ἐπὶ
2486 2214 2727 2286 τούτοις,
2763 2217 2836 2281 ὡς
2886 2214 2995 2289 ἤδη
3045 2223 3143 2274 τοῦ
3196 2224 3443 2296 μοναχοῦ
3501 2218 3822 2296 ὶγγίσαντος

2150 2308 2230 2376 τῷ
2262 2308 2397 2377 Θεῷ,
2429 2304 2517 2359 καὶ
2574 2306 2716 2380 πρὸς
2773 2311 2920 2379 αυτῷ
2966 2307 3287 2382 γενομένου,
3334 2310 3422 2364 καὶ
3482 2308 3820 2385 αὐτόχρημα

2150 2391 2653 2468 προσεληλυθότος,
2710 2393 2976 2469 ἐρωτᾶται
3033 2398 3062 2451 6
3120 2396 3402 2469 ἔπηλύτης
3475 2397 3531 2453 τί
3605 2395 3816 2470 δήποτε

2150 2485 2450 2558 προσῆλθε,
2494 2484 2584 2538 καὶ
2643 2483 2692 2538 εἴ
2746 2486 3075 2559 παραμένειν
3122 2491 3202 2558 τῷ
3250 2487 3603 2563 μοναστηρίῳ
3651 2508 3814 2543 κατα-

2148 2571 2353 2634 τίθεται
2401 2571 2489 2626 καὶ
2535 2576 2604 2646 τῇ
2655 2573 2878 2644 ἀσκήσει
2932 2569 3036 2637 ἕως
3090 2575 3180 2629 καὶ
3232 2574 3311 2637 εἲς
3348 2576 3547 2639 τέλος’
3604 2577 3634 2631 ’ὀ
3686 2598 3813 2632 ταυ-

2148 2660 2240 2715 τόν
2308 2659 2449 2715 ἐστιν
2506 2660 2567 2716 οὐ
2627 2663 2789 2734 μόνον
2837 2683 2918 2736 τῳ
2965 2662 3042 2725 εἷς
3112 2662 3358 2740 ἀκέραιον
3417 2665 3507 2719 καὶ
3570 2664 3808 2738 ἐντελὲς,

2151 2749 2297 2805 ἀλλά
2340 2749 2429 2804 καὶ
2472 2754 2551 2821 τῷ
2597 2747 2702 2812 ἓως
2767 2751 2856 2806 καὶ
2905 2751 2983 2814 εἷς
3036 2753 3285 2816 θάνατον.
3341 2753 3471 2808 Εἶτα
3530 2774 3811 2825 προσεπε-

2152 2844 2386 2909 ρωτᾶται
2445 2838 2534 2894 καὶ
2597 2840 2860 2912 ὑπακοὴν,
2918 2841 3010 2896 καὶ
3077 2842 3384 2916 ὑπομονὴν,
3441 2843 3532 2897 καὶ
3591 2842 3806 2919 θλίψιν,

2150 2926 2241 2981 καὶ
2300 2927 2363 2981 τὸ
2417 2927 2782 3004 στενόχωρον,
2814 2929 2903 2984 καὶ
2954 2927 3101 2987 ἄλλα
3142 2930 3403 3008 σύστοιχα
3450 2931 3694 2995 τούτοις·
3724 2932 3814 2989 καὶ

397 3015 609 3074 δπειδάν
662 3017 980 3087 κατάθηται,
1039 3011 1472 3091 παραγγέλλεται
1537 3011 1778 3089 βλέπειν,
1842 3013 1929 3067 οἷά
1978 3035 2037 3069 τε
2093 3016 2413 3085 συντίθεται,
2473 3017 2564 3071 καὶ
2621 3016 2729 3073 τίνι
2782 3018 3063 3090 ἀνατίθησι
3109 3020 3210 3090 τὴν
3268 3022 3561 3092 συνθήκην,
3615 3018 3815 3092 δῆλον,

394 3107 477 3163 ὅτι
508 3106 645 3180 Θεῷ,
676 3106 766 3161 καὶ
796 3105 879 3161 ὅτι
910 3103 1184 3181 ἀγγέλοις,
1216 3105 1289 3159 ὧν
1320 3103 1382 3158 τὸ
1414 3110 1608 3179 σχῆμα
1637 3102 1906 3167 ἐπιποθεῖ.

459 3216 757 3273 20.Eidem
789 3215 1097 3271 nuntiatur
1127 3216 1333 3271 adesse
1363 3212 1622 3286 angelos,
1648 3212 1942 3284 promissa
1970 3212 2042 3268 ab

2222 3214 2289 3269 x'.
2324 3211 2767 3270 Ἀναδιδάσκεται
2800 3212 2857 3269 δὲ
2897 3215 2985 3269 καὶ
3039 3213 3122 3271 ὅτι
3171 3213 3399 3292 ἄγγελοι
3456 3225 3811 3295 παρεστᾶσιν,

392 3306 522 3380 ipso
546 3304 761 3361 litteris
775 3303 1287 3360 mandanteszinsu
1296 3317 1397 3375 per
1407 3301 1708 3357 hominem
1724 3300 1806 3356 sic
1820 3300 2050 3356 ordina-

390 3399 518 3451 tum
548 3393 706 3449 cruci
737 3397 792 3448 et
823 3391 997 3448 morti
1025 3391 1325 3447 addictum
1377 3407 1530 3456 esse,
1563 3406 1634 3446 ex
1672 3394 1812 3445 tunc
1859 3389 2050 3446 cruei-

393 3483 693 3555 ﬁgendum
711 3488 768 3538 et
784 3480 1153 3537 moriendum
1168 3497 1297 3536 esse
1317 3481 1560 3549 mundo,
1584 3480 1740 3535 sicut
1760 3481 2050 3535 mundum

394 3573 529 3642 sibi,
564 3577 627 3627 ut
677 3586 781 3628 nec
812 3573 959 3641 ipse,
992 3585 1023 3626 e
1055 3575 1211 3625 terra
1263 3570 1320 3625 in
1351 3568 1539 3625 altum
1572 3570 1657 3625 sic
1699 3567 1962 3624 elevatus
1989 3568 2049 3625 in

394 3677 588 3729 cruce,
640 3660 909 3715 animum
962 3658 1188 3714 mundo
1232 3658 1487 3729 applicet
1519 3676 1532 3714 :
1566 3674 1758 3729 neque
1806 3657 1917 3713 sibi
1966 3657 2051 3713 sic

394 3749 646 3806 exaltato
678 3749 937 3805 mundus
966 3764 1225 3803 amorem
1258 3747 1555 3818 impertiat
1585 3764 1687 3819 per
1729 3763 1870 3803 suos
1921 3763 2050 3818 pro-

393 3840 670 3913 piuquos,
704 3855 775 3894 ne
789 3854 851 3892 se
870 3837 1223 3892 crucifixum
1255 3840 1734 3892 commoveantet
1753 3836 2051 3907 dejiciant.

394 3928 686 3983 Continuo
716 3926 875 3982 enim
900 3926 1147 3996 jubetur
1190 3922 1451 3995 separari
1482 3942 1516 3979 a
1549 3924 1908 3993 parentibus,
1940 3925 2053 3981 fra-

393 4017 611 4082 tribus,
642 4019 700 4070 et
748 4013 911 4069 omni
967 4013 1332 4084 cognatione,
1366 4011 1690 4067 amicorum
1744 4013 2054 4069 familiari-

395 4109 537 4171 tate,
571 4122 604 4160 a
634 4102 974 4169 mundanis,
1006 4102 1292 4169 tumultu,
1326 4100 1800 4173 cogitationibus,
1820 4118 2051 4174 posses-

400 4194 669 4250 sionibus
704 4196 834 4265 post
865 4196 1169 4247 tonsuram
1198 4191 1593 4262 acquirendis,
1627 4191 1816 4261 bouis,
1850 4190 2051 4263 volup-

394 4286 532 4348 tate,
583 4280 792 4354 gloria,
824 4297 938 4335 non
972 4278 1505 4352 qualibuscunquc,
1538 4281 1639 4336 sed
1672 4280 1835 4337 vanis
1877 4280 2053 4351 hujus

394 4370 922 4443 sicculi,siquidem
946 4373 1084 4425 tunc
1109 4369 1347 4425 demum
1371 4369 1684 4425 fruendum
1717 4369 1826 4424 erit
1851 4368 2054 4442 volup.

391 4461 618 4517 tatibus
650 4459 782 4516 aliis
811 4459 1139 4517 secundum
1172 4458 1381 4527 Deum,
1414 4458 1568 4515 inter
1614 4475 1761 4530 quas
1793 4459 2053 4530 primum

391 4550 586 4608 locum
633 4550 862 4606 obtinet
893 4549 990 4604 Dei
1044 4548 1410 4614 meminisse,
1443 4552 1500 4603 et
1528 4549 1599 4603 de
1625 4548 1734 4603 hoc
1774 4549 2051 4620 gaudere,

394 4655 581 4712 eaque
609 4639 796 4713 gloria
826 4656 955 4711 qua:
986 4638 1141 4694 Deus
1167 4636 1476 4710 magniﬁce
1494 4635 2049 4707 gloriﬁcatur.Talcs

393 4746 635 4801 prorsus
666 4733 807 4784 sunt
836 4745 963 4800 quae
995 4745 1029 4783 a
1060 4728 1255 4782 labore
1303 4743 1407 4798 pro
1442 4727 1554 4781 Deo
1593 4730 1890 4798 suscepto,
1923 4731 1987 4782 ut
2017 4744 2051 4783 a

394 4820 575 4887 fonte,
623 4818 985 4887 derivantur,
1015 4816 1308 4889 siquidem
1360 4815 1614 4881 labores,
1650 4819 1712 4870 ut
1754 4815 2047 4885 novimus,

399 4906 647 4980 gloriam
679 4906 933 4980 pariunt.

467 5193 929 5251 2l.Admonetur
958 5207 1130 5264 porro
1160 5191 1336 5247 etiam
1365 5189 1623 5246 animam
1644 5190 2050 5262 abnegandam

399 5300 550 5341 esse.
586 5285 773 5350 Quam
831 5280 1139 5336 animam?
1194 5281 1275 5335 Ea
1328 5278 1550 5334 scilicet
1608 5294 1723 5350 qua
1781 5280 2054 5337 animalis

402 5372 580 5429 homo
612 5390 682 5429 ea
710 5388 840 5444 quis
872 5373 1013 5426 sunt
1040 5368 1302 5442 Spiritus
1323 5384 1437 5424 non
1464 5366 1853 5440 percipit,qua
1883 5370 2054 5425 abne-

402 5467 541 5534 gata
588 5477 823 5518 crucem
879 5457 1152 5527 assumit,
1188 5469 1254 5513 ut
1306 5457 1604 5514 Christum
1655 5468 1953 5529 sequatur.
1987 5461 2056 5515 Et

398 5550 615 5606 iterum
647 5550 749 5622 qui
790 5548 1041 5605 accessit
1086 5548 1159 5602 ad
1212 5546 1398 5603 Deum
1449 5562 1521 5602 ne
1567 5562 1695 5616 quae
1747 5546 2056 5619 requirunt

402 5640 525 5697 otia
572 5656 779 5712 pecora
828 5636 1277 5705 irrationabilia,
1324 5635 1453 5709 ipse
1499 5640 1905 5707 prosequatur,
1950 5653 2055 5696 nec

2162 3300 2621 3380 ἀπογραφόμενοι,
2678 3304 2813 3379 ἅπερ
2880 3302 3041 3366 αὐτὸς
3095 3303 3403 3381 ὁμολογεῖ·
3456 3308 3712 3379 μανθάνει
3761 3305 3815 3363 δὲ

2160 3391 2249 3445 καὶ
2300 3390 2383 3445 ὅτι
2432 3391 2460 3445 6
2504 3391 2677 3456 οὕτως
2730 3392 3174 3465 ἀπο-τασσόμενος
3223 3396 3449 3470 σταυρὸν
3506 3395 3596 3450 καὶ
3657 3396 3814 3451 θάνα-

2158 3501 2251 3535 τον
2306 3478 2723 3556 ἐπαγγέλλεται,
2756 3481 2845 3536 καὶ
2878 3480 2961 3536 ὅτι
3014 3481 3075 3536 ἐκ
3118 3490 3220 3552 τῆς
3280 3480 3401 3560 ἄρτι
3456 3491 3812 3563 σταυροῦσθαι

2160 3570 2274 3644 χρὴ
2328 3569 2417 3625 καὶ
2474 3575 2791 3643 νεκροῦσθαι
2840 3570 2999 3626 αὐτόν
3054 3593 3113 3626 τε
3166 3576 3246 3645 τῷ
3302 3572 3517 3647 κόσμῳ,
3566 3574 3657 3630 καὶ
3718 3576 3806 3631 τὸν

2160 3658 2368 3732 κόσμον
2417 3658 2584 3731 αὐτῷ’
2626 3657 2718 3714 ’ἱνα
2769 3661 2906 3732 μήτε
2953 3660 3113 3725 αὐτὸς
3164 3661 3300 3738 πρὸς
3349 3667 3430 3734 τῷ
3477 3663 3673 3738 κόσμῳ
3723 3665 3811 3719 τὸν

2160 3751 2283 3801 νοῦν
2340 3744 2468 3823 ἔχῃ,
2527 3749 2618 3803 ἅτε
2672 3760 2835 3823 γηθεν
2922 3749 3058 3821 ὑψοῦ
3138 3756 3440 3827 σταυρικῶς
3496 3752 3809 3827 ἐξηρμένος,

2167 3838 2306 3908 μήτε
2378 3838 2406 3891 6
2462 3836 2675 3910 κόσμος
2749 3839 3080 3914 προσπαθῶς
3150 3844 3231 3913 τῷ
3303 3837 3475 3903 οὕτως
3548 3840 3809 3916 ὖψωθὲγτι

2161 3926 2478 4001 προσανὲχῃ
2530 3923 2619 3980 διὰ
2678 3930 2786 3979 τῶν
2840 3927 3343 4001 προσῳκειωμένων
3421 3930 3595 4002 αὐτῷ,
3657 3928 3810 4007 δρατ-

2108 4046 2115 4053 κ
2160 4014 2404 4085 τομὲνων
2468 4016 2582 4069 οἷον
2631 4018 2729 4069 τοῦ
2772 4014 3206 4092 ἒσταυρωμὲνου,
3260 4017 3349 4071 καὶ
3417 4022 3811 4075 κατασπῶντων

2162 4102 2346 4158 αὐτόν.
2400 4101 2605 4158 Αὐτίκα
2650 4104 2751 4179 γὰρ
2804 4103 3174 4180 ἐπιφωνεῖται,
3227 4106 3317 4161 καὶ
3374 4111 3619 4180 γονεῦσιν
3680 4110 3806 4164 ἀπο-

2160 4192 2466 4262 τάσσεσθαι,
2532 4192 2622 4247 καὶ
2695 4189 2977 4271 ἀδελφοῖς,
3025 4194 3115 4249 καὶ
3183 4194 3464 4271 συγγενείᾳ
3519 4196 3686 4272 πάσῃ,
3726 4198 3809 4253 καὶ

2164 4281 2471 4352 συνηθείαις
2570 4279 2851 4356 φιλικαῖς,
2928 4282 3017 4337 καὶ
3096 4283 3306 4357 κόσμου
3396 4280 3654 4361 θορύϐοις
3725 4286 3808 4341 καὶ

2163 4368 2407 4449 φροντίσι
2436 4370 2525 4425 καὶ
2556 4373 2798 4443 κτήσεσι,
2829 4376 2948 4435 ταῖς
2979 4369 3194 4443 δηλαδὴ
3243 4373 3379 4447 μετά
3430 4375 3533 4443 τήν
3590 4377 3807 4450 κουρὰν,

2162 4460 2252 4514 καὶ
2305 4457 2575 4535 ὑπάρξεσι,
2609 4459 2700 4514 καὶ
2748 4457 2944 4535 ἡδονῇ,
2986 4460 3076 4515 καὶ
3121 4457 3270 4537 δόξῃ,
3311 4461 3372 4517 ού
3419 4468 3543 4526 ταῖς
3603 4462 3807 4533 ἁπλῶς,

2163 4546 2311 4603 ἀλλά
2336 4554 2457 4611 ταῖς
2494 4548 2743 4621 ματαίαις
2771 4554 2892 4612 ταῖς
2916 4553 3012 4605 τοῦ
3050 4550 3193 4625 βίου,
3227 4548 3316 4606 διὰ
3360 4552 3425 4607 τὸ
3464 4552 3556 4607 καὶ
3607 4551 3812 4624 ἡδονῶν

2160 4640 2473 4713 θεοπρεπῶς
2522 4637 2717 4713 ἑτέρων
2767 4640 3154 4715 κατάρχεσθαι,
3209 4642 3281 4695 ὧν
3332 4643 3367 4711 ἠ
3435 4644 3706 4718 κορυφαία
3754 4643 3811 4699 τὸ

2163 4729 2469 4801 μεμνῆσθαι
2515 4731 2614 4782 τοῦ
2672 4732 2826 4796 Θεοῦ,
2876 4727 2966 4782 καὶ
3033 4729 3208 4793 οὕτως
3276 4730 3680 4809 εὐφραίνεσθαι,
3728 4733 3808 4788 καί

2163 4814 2327 4887 δοξῶν
2392 4813 2468 4886 δὲ,
2501 4818 2618 4871 καθ’
2651 4816 2710 4880 ’ἀς
2754 4816 2841 4872 καὶ
2894 4814 3052 4880 αὐτὸς
3092 4820 3121 4873 6
3162 4820 3290 4883 Θεὸς
3322 4817 3571 4891 ἐνδόξως,
3605 4819 3808 4893 δοξάζε-

2158 4926 2268 4964 ται.
2298 4905 2563 4963 Τοιαῦται
2596 4902 2654 4971 δὲ
2684 4904 2920 4974 πάντως,
2953 4906 3151 4963 ὁπόσαι
3202 4910 3293 4963 οἷα
3340 4911 3429 4964 καὶ
3475 4912 3680 4985 πατρὸς
3721 4913 3808 4965 τοῦ

2161 4994 2296 5050 κατά
2325 4995 2452 5051 Θεὸν
2503 4993 2673 5051 πόνου
2724 4995 3032 5074 ἐκφύονται,
3065 4995 3112 5052 εἳ
3157 5018 3219 5074 γε
3266 4999 3426 5054 πόνοι
3473 5005 3703 5077 γεννῶσι
3731 4996 3810 5055 δό-

2162 5083 2274 5155 ξαν,
2309 5086 2381 5146 ὡς
2412 5082 2532 5141 οἴδα
2540 5106 2633 5159 μεν
2646 5130 2659 5143 .

2231 5193 2333 5248 xa'.
2392 5193 2532 5264 Πρὸς
2607 5190 2821 5255 τούτοις
2900 5199 3225 5271 κατηχεῖται
3305 5196 3654 5270 ἀπαρνεῖσθαι
3722 5193 3803 5250 καὶ

2161 5282 2333 5352 αὐτὴν
2381 5283 2480 5352 τὴν
2530 5284 2738 5358 ψυχήν.
2788 5282 2951 5338 Ποίαν
3009 5282 3214 5355 αὐτήν,
3264 5286 3395 5341 Καθ’
3442 5286 3505 5354 ἢν
3579 5286 3802 5361 ψυχικὸς

2163 5371 2444 5444 ἄνθρωπος
2489 5370 2551 5425 οὐ
2600 5376 2785 5448 φρονεῖ
2826 5371 2893 5427 τὰ
2939 5376 3035 5427 τοῦ
3087 5372 3424 5447 ΙΙνεύματος·
3458 5376 3524 5445 ἢν
3552 5376 3581 5430 6
3612 5373 3797 5430 ἀπολέο

2163 5460 2252 5530 ξας
2303 5457 2443 5535 α’ίρει
2493 5461 2743 5537 σταυρὸν,
2782 5460 2873 5516 καὶ
2924 5462 3221 5517 ἀκολουθεῖ
3280 5468 3361 5536 τῷ
3407 5465 3643 5539 Χριστῷ.
3688 5465 3796 5519 Ἔτι

2162 5555 2503 5625 παραινεῖται
2584 5553 2879 5619 τηνικαῦτα
2945 5553 2973 5606 6
3049 5557 3129 5626 τῷ
3203 5556 3325 5625 Θεῷ-
3386 5553 3794 5630 προσχώρήσας,

2168 5640 2305 5712 μήτε
2352 5639 2555 5703 ἀνέσεις
2605 5638 2832 5713 ἐθέλειν,
2879 5641 3065 5696 ὁποῖαι
3117 5647 3234 5705 τοῖς
3278 5641 3555 5720 ἀγελαίοις
3594 5642 3679 5700 καὶ
3714 5641 3794 5695 οὔ·
