4114 6200
107 0 110 2 ·
187 0 386 22 ὲ-τ-τ-ν-
421 1 428 4 ·

227 325 346 384 7ιῦ

1237 322 1343 382 DE
1384 320 1868 383 EMENDANDA
1909 319 2097 382 VITA
2140 321 2635 384 MONAGHICA.

3529 324 3650 385 ’146

223 475 333 517 τως
400 455 611 516 ἀνὲτοις
676 451 986 531 φιλοῦνται,
1039 454 1180 528 μήτε
1251 450 1575 530 ἀμεριμνίας
1619 452 1710 506 καὶ
1757 471 1887 527 τρυ-

2003 451 2310 525 incuriam,
2365 471 2471 510 nec
2516 453 2781 511 delicias.
2825 453 3183 511 Accenditur
3209 459 3268 510 et
3311 455 3384 511 ad
3415 471 3648 528 pugnas

225 547 352 622 φάς.
388 543 792 620 Παρακαλεῖται
844 540 902 598 δὲ
953 542 1042 598 καὶ
1092 541 1167 605 εἷς
1216 542 1428 618 ἀγῶνας
1465 542 1884 615 πνευματικοὺς,

222 636 312 690 καὶ
371 634 449 697 εἷς
500 633 801 708 πτωχείανσ
837 631 1027 687 ὁποίαν
1077 631 1277 703 ταύτην
1333 629 1478 687 εἷ’ποι
1525 653 1607 694 τις
1666 630 1751 700 ἂν,
1781 627 1888 685 εἷ’τε

223 726 327 792 τὴν
382 724 519 778 κατά
569 727 801 796 πνεῦμα,
847 723 965 776 καθ’
1010 723 1072 791 ἣν
1121 720 1393 798 πτωχεύει
1451 742 1535 784 τις
1589 722 1885 796 ἁμαρτιῶν,

226 814 335 869 εἴτε
395 814 496 882 τὴν
557 813 610 867 ἐν
661 815 1074 889 περιουσιασμῷ
1149 815 1226 882 τῷ
1289 831 1426 864 κατα
1479 809 1706 882 κόσμον.
1767 811 1886 866 Ἔτι

223 902 593 980 προκαλεῖται
621 904 710 956 καὶ
763 901 841 964 εἷς
892 900 1084 964 πὲνθος
1129 900 1350 976 ἀγαθὸν,
1385 902 1573 955 ὁποῖον
1631 920 1888 974 πραγμα-

219 993 436 1050 τεύεται
492 995 541 1062 ὁ,
589 994 663 1057 ὠς
728 991 943 1068 ἐρῥέθη,
995 990 1395 1066 σταυρούμενος
1452 990 1541 1045 καὶ
1595 988 1888 1066 νεκρούμε-

225 1104 344 1147 νος’
382 1084 442 1144 ’ὀς
474 1082 564 1137 καὶ
599 1087 750 1151 ζητεῖ
792 1083 892 1150 τήν
938 1079 1175 1143 ἐντεῦθεν
1224 1079 1502 1148 ἀνάλυσιν,
1535 1079 1626 1134 καὶ
1682 1079 1884 1134 κλαίων

229 1171 383 1248 λέγει
440 1173 506 1226 τὸ
555 1196 585 1224 ‹‹
633 1168 823 1244 Οἵμοι,
875 1168 957 1224 ὅτι
1007 1171 1042 1238 ἡ
1082 1168 1339 1242 παροικία
1391 1191 1494 1242 μου
1553 1168 1885 1244 ἐμακρύνθη,

224 1264 316 1318 καὶ
377 1261 478 1316 ούκ
525 1258 845 1333 ἀπολύομαι
901 1257 1044 1334 ταχὺ
1095 1265 1196 1328 τῆς
1265 1264 1433 1328 ζωῆςο
1465 1283 1494 1311 ››
1526 1260 1887 1328 Ἐπισκήπτε-

364 1349 410 1370 κκ
543 1351 557 1369 \
657 1354 684 1364 -
842 1345 870 1368 ,Ι
1177 1349 1209 1400 ᾳ
1447 1349 1462 1368 \
1522 1345 1545 1364 Ν
1871 1347 1886 1368 \

219 1374 309 1408 ται
361 1367 420 1406 οε
469 1371 560 1406 και
611 1371 751 1425 φως,
814 1369 997 1403 ειποτε
1053 1368 1320 1418 πεινλσει,
1373 1367 1464 1401 και
1518 1349 1756 1421 οιψήσει,
1796 1367 1888 1401 και

220 1439 596 1517 γυμνιτεύσει,
638 1439 728 1492 καὶ
783 1431 1013 1512 ὑϐρισθῇ
1074 1433 1164 1489 διὰ
1211 1436 1300 1489 τὸν
1357 1435 1409 1488 ἐν
1465 1439 1580 1496 τοῖς
1637 1434 1887 1509 οὐρανοῖς

221 1529 406 1585 πολὺν
463 1527 630 1582 αὐτοῦ
707 1525 898 1599 μισθόν
935 1546 947 1560 υ
1010 1522 1173 1598 οὗπερ
1230 1521 1405 1579 ἕνεκεν
1462 1523 1670 1598 χαίρειν
1732 1520 1890 1576 αὺτὸν

222 1619 438 1694 χρεών.
469 1617 575 1673 Καὶ
606 1611 722 1692 ἔχει
757 1617 851 1689 μὲν
908 1613 959 1669 ἐν
1017 1613 1234 1674 τούτοις
1284 1613 1451 1667 εἰπεῖν
1511 1612 1599 1668 καὶ
1639 1611 1800 1673 αὐτὸς
1827 1612 1890 1666 τὸ

221 1732 253 1760 ε(
302 1707 398 1768 Τίς
450 1706 553 1781 ἄρα
601 1701 820 1759 δύναται
881 1703 1158 1770 σωθῆναις
1210 1725 1238 1754 ››
1291 1698 1469 1762 Εἰδὼς
1528 1698 1585 1755 δὲ
1643 1700 1885 1754 ἀκούσειν

218 1793 640 1871 εὐαγγελικῶς,
717 1794 792 1854 ὡς
865 1792 932 1847 τὰ
1017 1788 1252 1845 ἀδύνατα
1336 1790 1481 1866 παρὰ
1580 1789 1887 1864 ἀνθρώποις

223 1884 430 1940 δυνατά
461 1882 606 1960 παρά
634 1883 714 1954 τῷ
765 1885 903 1954 Θεῷ,
937 1885 1116 1950 σιωπᾷ
1163 1873 1432 1946 εὐλαϐῶς,
1464 1877 1520 1933 εὖ
1577 1899 1637 1954 γε
1692 1883 1888 1951 ποιῶν,

219 1975 316 2031 καὶ
407 1973 785 2029 κατακύπτων.
875 1969 977 2027 Καὶ
1061 1969 1231 2030 οὕτως
1316 1966 1892 2042 ἀνθομολογούμενος,

216 2063 445 2140 δέχεται
477 2062 542 2117 τὰ
589 2059 988 2133 ἐκλαλούμενα,
1022 2057 1520 2134 ψυχαγωγούμενος
1576 2059 1657 2118 οἷς
1708 2056 1891 2111 ἀκούει

219 2153 421 2208 αὐτίκα
447 2150 597 2219 τότε,
643 2151 725 2206 ὅτι
779 2146 1052 2220 ἐξελέξατο
1092 2145 1250 2201 αὐτὸν
1293 2147 1321 2200 ὁ
1369 2147 1521 2213 Θεὸς,
1572 2145 1660 2200 καὶ
1720 2143 1892 2220 διεχώ

222 2263 382 2317 ρισεν
411 2240 520 2295 ἀπὸ
550 2245 651 2308 τῆς
693 2237 747 2292 ἐν
785 2239 978 2309 κόσμῳ
1011 2239 1174 2304 ζωῆς
1206 2235 1296 2289 καὶ
1353 2235 1427 2296 ὡς
1487 2233 1546 2288 ἐκ
1593 2236 1890 2309 προσώπου

222 2333 421 2399 αὐτοῦ,
469 2327 607 2402 πρὸς
655 2327 684 2381 ὃ
753 2324 1152 2402 σχηματίζεται
1231 2321 1672 2398 μεγαλυνόμενος
1743 2321 1890 2378 ἔθετο

1922 1847 1969 1912 Β

1997 542 2355 614 spirituales,
2381 547 2557 615 atque
2577 545 2649 599 ad
2671 548 3075 616 paupertatem
3100 561 3112 598 :
3138 559 3265 599 eam
3292 559 3500 616 nempe
3520 545 3650 600 dico

1997 648 2124 702 quae
2153 637 2242 687 est
2295 633 2588 704 Spiritus;
2641 637 2699 688 et
2729 651 2763 688 a
2808 639 3045 704 peccato
3085 635 3338 704 jejunat,
3373 633 3494 689 sive
3523 651 3651 706 qua:

1996 720 2149 776 circa
2178 723 2540 777 mundanam
2563 723 2988 778 abundantiam
3009 727 3295 779 versatur.
3327 723 3549 779 Deinde
3581 725 3654 780 ad

1995 810 2216 865 bonum
2283 810 2540 866 dolorem
2609 812 2942 883 adducitur,
3008 829 3181 883 quem
3243 813 3530 885 concepit,
3588 818 3655 868 ut

1995 899 2218 955 dictum
2242 903 2352 966 est,
2371 900 2546 955 homo
2579 901 2894 956 cruciﬁxus
2912 905 2971 956 et
3001 906 3293 972 mortuus,
3316 902 3416 972 qui
3444 901 3656 958 exinde

1997 989 2205 1060 quaerit
2233 989 2496 1058 dissolvi,
2525 994 2582 1046 et
2627 991 2706 1044 ait
2737 1007 2872 1045 cum
2906 989 3178 1059 lacrymis
3215 1006 3228 1045 :
3263 1013 3291 1040 «
3324 991 3447 1046 Heu
3481 991 3652 1060 mihi,

1996 1078 2465 1149 quia'incolatus
2497 1095 2662 1135 meus
2710 1078 3092 1152 prolongatus
3141 1084 3294 1151 est‘,
3346 1084 3403 1136 et
3435 1097 3552 1136 non
3584 1097 3654 1137 ex

1995 1170 2117 1223 vita
2144 1167 2258 1222 ista
2285 1167 2534 1223 liberorl
2571 1190 2600 1219 ››
2642 1168 2709 1222 Et
2758 1168 3090 1223 ostenditur
3137 1168 3418 1240 splendor
3449 1169 3646 1240 famis,

1997 1257 2144 1324 sitis,
2191 1257 2497 1324 nuditatis,
2531 1261 2588 1311 et
2632 1257 3008 1327 injuriarum,
3060 1261 3296 1329 propter
3347 1259 3648 1330 copiosam

1998 1347 2323 1401 mercedem
2371 1361 2572 1401 earum
2615 1345 2676 1400 in
2722 1345 2905 1413 coclis,
2937 1346 3093 1400 unde
3143 1347 3470 1402 necessario
3510 1365 3653 1420 gau-

1998 1435 2257 1490 dendum
2289 1435 2397 1505 ipsi
2429 1439 2535 1490 est.
2583 1435 2884 1506 Contingit
2912 1434 3064 1489 inter
3094 1435 3214 1490 haec
3244 1450 3379 1490 eum
3411 1436 3602 1491 dicere
3639 1453 3653 1493 :

1999 1547 2026 1573 «
2060 1524 2200 1589 Quis
2217 1540 2353 1596 ergo
2379 1523 2590 1595 poterit
2622 1524 2818 1580 salvus
2835 1541 2964 1579 esse
2986 1525 3048 1580 2P
3079 1546 3107 1573 »
3141 1525 3251 1579 Sed
3277 1541 3413 1580 cum
3431 1525 3658 1580 audivit

1998 1614 2493 1684 evangelizantem
2541 1612 2935 1684 impossibilia
2967 1614 3122 1685 apud
3158 1613 3430 1670 homines
3462 1613 3655 1686 possi-

1998 1704 2140 1760 bilia
2170 1721 2299 1760 esse
2328 1704 2485 1776 apud
2517 1704 2723 1772 Deum,
2753 1709 2906 1759 tacet
2933 1704 3201 1772 libenter,
3227 1706 3568 1777 prudenter,
3604 1707 3663 1760 et

1999 1798 2174 1865 caput
2223 1791 2536 1850 inclinans.
2589 1793 2683 1849 Sic
2738 1794 3156 1850 coosentiendo
3210 1795 3370 1850 dicta
3426 1795 3656 1867 recipit,

2000 1884 2282 1939 suadetur
2328 1899 2462 1938 cum
2512 1883 2782 1955 protinus
2831 1883 2996 1938 audit
3043 1900 3105 1940 se
3154 1901 3188 1939 a
3237 1884 3353 1940 Deo
3402 1884 3658 1940 electum

2001 1989 2151 2038 esse,
2183 1979 2675 2045 segregatumque
2727 1973 2798 2028 ab
2832 1972 2946 2029 ista
2991 1973 3112 2028 vita
3143 1974 3446 2030 mundana
3474 1991 3487 2043 ;
3522 1990 3658 2030 cum

2003 2062 2168 2117 audit
2198 2061 2358 2118 velut
2386 2079 2456 2117 ex
2486 2078 2734 2134 persona
2774 2061 2935 2117 illius
2985 2063 3312 2118 secundum
3361 2079 3536 2134 quem
3569 2063 3658 2118 in-

2001 2149 2288 2205 formatur
2316 2166 2451 2206 cum
2482 2151 2705 2217 laetitia,
2729 2167 2792 2206 se
2820 2151 3076 2224 positum
3107 2152 3290 2207 fuisse
3319 2151 3565 2208 militem
3596 2152 3656 2207 in

1999 2241 2182 2296 vitam
2215 2239 2559 2312 angelicam,
2590 2239 2651 2295 in
2682 2240 2894 2311 agendi
2927 2241 3213 2298 rationem
3253 2240 3570 2299 sublimem
3600 2244 3659 2297 et

2005 2329 2256 2384 caelestis
2287 2328 2565 2384 similem.

226 2420 403 2475 αὐτὸν
435 2415 893 2491 στρατευσάμενον
929 2415 1006 2475 εὶς
1039 2410 1316 2488 διαγωγὴν
1349 2409 1672 2486 ἀγγελοειὸῆ
1706 2410 1758 2467 ἐν
1791 2412 1911 2487 ὕψει
1943 2415 2397 2492 οὐρανομιμήτου
2427 2415 2728 2478 πολιτείας.

299 2503 412 2564 κδ’.
440 2507 541 2561 Καὶ
602 2504 705 2559 εἰσὶ
766 2504 861 2578 μὶν
919 2502 1009 2558 καὶ
1066 2506 1289 2557 τοιαῦτα
1346 2499 1521 2556 πάντα
1587 2501 1804 2579 φρικτὰ,
1851 2503 1896 2556 ὦ

224 2595 459 2674 ἀδελφέ’
492 2595 589 2668 ἐμὲ
646 2591 704 2648 δὲ
753 2592 922 2647 πλέον
975 2590 1202 2666 παράγει
1265 2589 1317 2652 ἐς
1369 2587 1568 2664 φρίκην
1599 2590 1688 2645 καὶ
1720 2589 1894 2646 ἐκεῖνο

223 2693 326 2744 τοῦ
359 2686 640 2742 θειοτάτου
674 2677 899 2760 βιϐλίου
926 2685 1026 2747 τῆς
1075 2681 1379 2757 ἀποταγῆς,
1412 2677 1494 2735 ὅτι
1558 2683 1634 2744 ὡς
1683 2683 1773 2737 οἷα
1799 2703 1892 2737 κα-

221 2776 586 2853 τηχούμενος
617 2776 646 2829 ὁ
675 2775 924 2834 τοιοῦτος
965 2766 1498 2845 ἀπολαμϐανόμενος
1553 2771 1736 2825 ἀκούει
1789 2771 1890 2848 βά-

221 2886 442 2940 πτισμα
473 2858 768 2936 λαμϐάνειν
820 2861 1029 2929 αὐτίκα,
1057 2860 1119 2915 τό
1165 2881 1224 2915 τε
1273 2859 1348 2922 εἰς
1397 2861 1680 2935 καταρχὴν
1743 2864 1888 2930 ζωῆς

223 2957 416 3033 ἑτέρας
447 2955 538 3010 καὶ
591 2953 712 3028 βίου
761 2953 1060 3024 μετάθεσιν,
1093 2951 1527 3028 προσφιλέστερον
1577 2947 1636 3004 δὲ
1693 2951 1885 3019 εἰπεῖν,

219 3043 654 3120 παλιγγενεσίαν
711 3043 1004 3116 σωτήριον,
1062 3038 1152 3094 καὶ
1208 3043 1314 3117 τῷν
1377 3039 1656 3113 ἁμαρτιῶν
1723 3038 1886 3093 αὐτοϋ

2075 2508 2165 2562 22.
2198 2508 2528 2563 Tremenda
2557 2510 2699 2562 sunt
2747 2506 3021 2578 equidem
3053 2506 3175 2563 hinc
3206 2508 3426 2578 omnia,
3457 2508 3660 2587 frater,

2005 2595 2261 2668 amplius
2293 2599 2488 2651 autem
2522 2596 2593 2651 ad
2616 2597 2990 2652 tremendum
3025 2611 3116 2652 me
3149 2597 3389 2653 adducit
3410 2597 3520 2655 hoc
3540 2616 3662 2656 ver-

2001 2686 2144 2741 bum
2176 2685 2358 2740 divini
2389 2683 2526 2740 libri
2558 2685 2934 2753 initiationis;
2961 2686 3256 2754 eumdem,
3291 2694 3357 2743 ut
3384 2689 3660 2744 catechu-

2001 2790 2264 2841 menum,
2319 2773 2565 2846 suscipi,
2603 2774 2921 2846 juberique
2971 2774 3335 2846 baptismum
3381 2776 3658 2834 continuo

1999 2863 2276 2934 recipere,
2311 2862 2567 2934 incipere
2615 2862 2860 2919 alteram
2902 2863 3106 2931 vitam,
3137 2869 3194 2920 et
3224 2869 3477 2922 veterem
3527 2884 3662 2924 mu-

1998 2955 2140 3019 tare,
2173 2969 2297 3020 seu,
2333 2957 2395 3008 ut
2434 2953 2629 3023 aptius
2677 2952 2904 3024 loquar,
2939 2954 3164 3009 renasci
3194 2955 3267 3010 ad
3311 2955 3588 3018 salutem.
3624 2975 3659 3015 a

1996 3042 2251 3113 peccatis
2283 3041 2581 3111 mundari,
2603 3045 2659 3098 et
2687 3041 2876 3097 ﬁlium
2907 3041 3054 3098 lucis
3086 3045 3231 3100 ﬁeri.
3264 3046 3445 3101 Audit
3474 3046 3652 3104 etiam

218 3136 602 3209 καθαίρεσθαι,
648 3131 738 3186 καὶ
784 3130 899 3192 υἱὸς
958 3129 1138 3207 φωτὸς
1193 3128 1454 3203 γίνεσθαι·
1511 3127 1600 3183 καὶ
1659 3126 1740 3182 ὅτι
1790 3129 1887 3183 αὗ-

2003 3129 2293 3186 Christum
2337 3147 2472 3185 cum
2521 3131 2744 3186 sanctis
2791 3131 3016 3204 angelis
3047 3133 3118 3188 de
3169 3151 3276 3189 sua
3305 3135 3648 3206 pmnitentia

220 3226 319 3286 τὸς
384 3221 676 3297 Χριστὸςὸ
717 3216 848 3282 Θεὸς
876 3219 1161 3294 συγχαίρει
1220 3217 1354 3290 μετὰ
1410 3221 1514 3271 τῶν
1575 3217 1739 3294 ἁγίων
1791 3218 1888 3293 ἀγ-

221 3311 408 3390 γέλιην
441 3309 531 3366 ἐπὶ
560 3313 629 3383 τῇ
657 3309 824 3363 αὐτοῦ
874 3307 1150 3381 μετανοίᾳ,
1185 3305 1327 3369 θύων
1379 3307 1470 3361 τὸν
1527 3307 1737 3382 μόσχον
1796 3308 1888 3362 τὸν

228 3400 500 3458 σιτευτόν·
533 3399 621 3453 καὶ
681 3397 762 3452 ὅτι
825 3396 875 3467 ἐξ
935 3395 1142 3467 ἐκείνης
1192 3402 1290 3466 τῆς
1353 3396 1496 3471 ὥρας
1529 3396 1772 3470 ἔνάγεται
1813 3395 1889 3459 είς

225 3493 291 3546 τὸ
323 3493 643 3566 περιπατεῖν
693 3484 857 3557 ἀξίως
901 3493 1001 3555 τῆς
1052 3483 1324 3556 κλήσεως,
1365 3486 1455 3539 καὶ
1501 3492 1602 3556 τῆς
1637 3490 1744 3540 τῶν
1790 3505 1892 3558 μα-

222 3581 401 3636 ταίων
492 3575 857 3652 προσπαθείας
939 3572 1398 3644 ἀπαλλάττεσθαι,
1455 3574 1544 3629 καὶ
1629 3571 1892 3648 μηδόλως

224 3671 306 3731 εἷς
371 3668 438 3723 τὰ
495 3666 670 3722 ὀπίσω
728 3666 1042 3742 στρέφεσθαι
1077 3685 1090 3698 ο
1150 3665 1228 3737 μή
1286 3664 1375 3718 καὶ
1432 3663 1678 3738 γένηται,
1738 3663 1892 3741 φησὶ,

227 3757 415 3828 στήλη
449 3755 587 3816 ἁλὸς
617 3753 752 3809 κατᾶ
779 3755 879 3823 τὴν
909 3758 1136 3829 γυναῖκα
1187 3753 1284 3807 τοῦ
1344 3753 1489 3822 Λὼτ,
1519 3752 1554 3823 ἢ
1613 3754 1690 3814 ὡς
1728 3752 1892 3822 κύων,

228 3846 428 3926 φησὶν,
482 3844 814 3919 ἐπιστράφων
881 3843 956 3906 είς
1021 3840 1156 3897 ἴδιον
1225 3840 1435 3916 ἔμετον,
1489 3843 1525 3912 ἢ
1586 3841 1893 3916 ἐξομοιωθῇ

1997 3221 2272 3292 gaudere,
2302 3219 2667 3291 vitulumque
2696 3221 3031 3292 saginatum
3059 3223 3342 3293 occidere,
3374 3228 3550 3296 atque
3580 3242 3649 3281 ex

2002 3310 2109 3365 hac
2140 3309 2284 3364 hora
2313 3324 2374 3364 se
2405 3309 2639 3365 invitari
2697 3310 2767 3365 ad
2800 3309 3230 3367 ambulandum
3281 3313 3454 3386 digne
3483 3330 3654 3370 voca-

1999 3397 2158 3453 tione
2185 3414 2312 3464 sua,
2343 3398 2414 3452 ad
2467 3399 2878 3470 deponendum
2925 3399 3203 3456 vanitatis
3235 3417 3518 3467 amorem,
3570 3419 3657 3457 re-

2000 3490 2210 3558 troque
2241 3485 2484 3541 minime
2513 3486 2969 3558 respiciendum,
3003 3504 3075 3543 ne
3107 3489 3228 3558 ﬁet,
3262 3489 3476 3562 inquit,
3515 3489 3656 3546 salis

2003 3579 2214 3643 statua,
2249 3577 2315 3628 ut
2354 3591 2500 3629 uxor
2541 3575 2662 3645 Lot,
2696 3575 2782 3630 vel
2832 3576 2995 3631 canis
3041 3577 3112 3632 ad
3145 3594 3320 3632 suum
3370 3579 3657 3635 vomitum

2004 3663 2256 3730 rediens,
2290 3667 2391 3718 aut
2422 3680 2493 3718 ne
2541 3663 2938 3736 aquiparetur
2985 3665 3210 3722 homini
3244 3683 3486 3723 manum
3521 3669 3657 3724 mit-

2003 3752 2153 3808 tenti
2184 3752 2255 3806 ad
2305 3756 2590 3821 aratrum,
2623 3759 2682 3809 et
2713 3757 2864 3810 retro
2915 3755 3275 3828 respicienti,
3308 3761 3364 3813 et
3413 3758 3661 3815 minime

2005 3847 2140 3914 apto
2171 3843 2241 3898 ad
2275 3857 2521 3914 regnum
2553 3842 2675 3898 Dei.

230 3932 394 4011 ἀνδρὶ
455 3927 776 3988 ἐπιϐαλόντι
835 3936 998 4007 χεῖρα
1054 3931 1142 3986 ἐπὶ
1201 3928 1450 4007 ἄροτρον,
1499 3931 1587 3987 καὶ
1640 3931 1716 3994 εἰς
1772 3932 1839 3985 τὰ
1891 3929 2116 3986 κατόπιν
2180 3928 2489 4007 στραφέντι,
2546 3931 2637 3984 καὶ
2686 3928 2828 3985 οὕτω
2879 3932 2956 4005 μὴ
3017 3931 3218 4006 εὖθίτῳ
3277 3932 3352 3998 εἷς
3407 3941 3505 4006 τῆν
3563 3938 3661 3992 τοὺ⁹

233 4028 379 4083 Θεοῦ
415 4021 696 4098 βασιλείαν
726 4017 858 4079 ὄντι.

303 4121 411 4189 καί.
444 4113 518 4167 Τὸ
551 4109 608 4166 δὶ
638 4112 788 4188 ἅγιον
846 4105 1060 4188 βιϐλίον
1120 4109 1289 4165 ἐκεῖνο
1345 4110 1484 4187 πρὸς
1512 4107 1726 4170 τούτοις
1779 4107 1897 4164 ἐπι-

233 4203 422 4258 τάσσει
468 4201 682 4256 ἀπεῖναι
727 4204 825 4255 τοῦ
877 4198 1375 4275 μεγαλοσχήμονος
1435 4198 1716 4269 ἀνηκοΐαν,
1757 4197 1899 4253 ἀντι-

237 4291 463 4367 λογίαν,
524 4287 916 4368 ὑπερηφανίαν,
975 4285 1109 4365 ἔριν,
1169 4289 1359 4362 θυμὸν,
1411 4289 1676 4363 κραυγὴν,
1724 4287 1897 4362 βλασ-

2075 4109 2166 4165 23.
2191 4108 2329 4163 Vult
2349 4108 2525 4164 etiam
2547 4112 2790 4166 sanctus
2813 4109 2961 4167 liber
2993 4127 3274 4185 magnum
3307 4115 3666 4173 monachum

2007 4197 2264 4255 alienum
2298 4213 2426 4254 esse
2464 4199 2536 4254 ab
2588 4198 3009 4270 inobedientia,
3059 4204 3454 4274 contentione,
3487 4207 3666 4275 fastu,

2008 4287 2322 4355 discordia,
2356 4286 2464 4355 ira,
2519 4286 2793 4357 clamore,
2845 4289 3236 4363 blasphemia,
3282 4295 3667 4352 detractione:

239 4383 484 4460 φημίαν,
550 4377 906 4446 καταλαλιάν,
966 4377 1202 4454 ἀεργίαν,
1274 4377 1602 4454 παρῥησίαν,
1667 4380 1889 4453 μερικὴν

2005 4378 2318 4448 otiositate,
2371 4376 2745 4449 procacitate,
2797 4380 3075 4436 amicitiis
3128 4383 3391 4455 privatis,
3442 4384 3673 4441 occulta

237 4439 903 4549 etilav,'la0pocpavi¢v,
953 4439 1268 4543 περπερίαν,
1337 4439 1679 4543 γογγυσμὸν,
1738 4439 1889 4541 linan-

2011 4468 2388 4533 comestione,
2419 4468 2900 4540 praesumptione,
2947 4471 3206 4542 querela,
3240 4474 3671 4538 susurratione,

240 4559 473 4636 ρισμὸν,
534 4557 816 4627 ἆπίκτησιν
896 4553 1202 4625 ἰδιάζουσαν
1262 4555 1483 4629 οἰκτροῦ
1556 4557 1889 4632 πράγματος⁴

2010 4562 2067 4612 et
2101 4574 2160 4612 re
2192 4555 2515 4612 miserabili
2545 4557 2772 4628 proprie
2795 4559 3154 4630 possidenda
3181 4585 3195 4629 ;
3223 4565 3280 4616 et
3310 4561 3673 4617 miserabilia

245 4647 448 4724 οἰκτρὰ
525 4646 785 4722 λέγοντος
857 4650 954 4701 τοῦ
1014 4643 1472 4721 παραγγέλματος
1528 4646 1563 4716 ἢ
1623 4645 1792 4701 πάντα
1843 4647 1889 4701 τε

2020 4645 2302 4702 dicuntur
2330 4663 2364 4702 a
2410 4645 2537 4719 lege
2587 4645 2786 4701 omnia
2817 4647 2969 4703 bona
3013 4648 3071 4703 in
3104 4649 3212 4704 hoc
3263 4650 3504 4721 mundo,
3539 4652 3678 4722 quia

248 4739 391 4794 κατά
447 4735 584 4813 βίον,
618 4737 694 4799 ὡς
749 4731 937 4791 οἷ’κτου
968 4736 1110 4806 ἄξιον
1175 4734 1547 4791 ἀποτελοῦντα
1603 4737 1694 4792 τὸν
1727 4735 1889 4790 αὐτοῖς

2023 4735 2250 4790 decedit
2300 4735 2515 4806 dignus
2564 4734 2940 4792 miseratione
2999 4737 3099 4808 qui
3147 4737 3220 4794 iis
3279 4738 3680 4810 agglutinatus

253 4828 696 4904 προσανέχοντα,
757 4824 793 4894 ἢ
848 4825 915 4880 τὰ
990 4822 1378 4880 εὐτελέστατα’
1440 4823 1527 4881 ’L'va
1584 4826 1612 4880 ὁ
1669 4825 1882 4901 μοναχὸ

2022 4829 2131 4895 est,
2163 4827 2287 4879 tum
2328 4822 2618 4878 vilissima
2667 4841 2738 4879 ne
2785 4824 3033 4882 minima
3081 4826 3321 4898 quidem
3353 4828 3680 4886 monachus

261 4914 410 4990 μηδὲ
433 4917 502 4971 τὰ
532 4913 872 4990 σμικρότατα
903 4921 1130 4990 εγχειρῆ
1163 4913 1473 4970 ἐπικτᾶσθαι
1509 4933 1521 4945 ·
1551 4915 1578 4969 ὃ
1653 4912 1720 4985 δὴ
1796 4919 1887 4970 τοῖ

2026 4916 2190 4969 curet
2217 4911 2515 4983 acquirere
2550 4929 2563 4967 :
2597 4911 2706 4967 hoc
2737 4913 2893 4968 enim
2927 4915 3179 4972 maxime
3225 4933 3357 4972 vere
3389 4935 3681 4991 pauperes

257 5003 434 5069 ὅντως
469 5005 868 5079 ἀκτημονοῦσιν
923 5002 1208 5079 ἐπιπρέπει
1266 5004 1341 5066 εἷς
1411 5003 1667 5078 μάλιστα,
1701 5006 1752 5060 οἳ
1786 5025 1886 5080 σχε

2027 5003 2192 5058 decet
2223 5000 2323 5074 qui
2355 5000 2471 5056 fere
2499 4999 2646 5054 nihil
2682 5001 2796 5057 nisi
2828 5003 3056 5074 seipsos
3091 5006 3418 5076 possident.
3449 5008 3505 5063 Si
3539 5008 3681 5081 quid

256 5094 352 5152 δὸν
410 5095 613 5168 μόνους
673 5093 896 5156 ἑαυτοὺς
948 5092 1256 5164 κέκτηνται.
1289 5092 1354 5151 Εἰ
1409 5091 1467 5148 δὲ
1520 5115 1572 5149 τι
1629 5093 1718 5149 καὶ
1773 5089 1889 5170 ἔχει

2028 5095 2256 5164 oportet
2284 5089 2430 5146 tales
2460 5089 2674 5146 habere
2707 5091 2780 5163 (et
2807 5091 3111 5149 habebunt
3138 5096 3414 5167 profecto,
3448 5101 3512 5153 ut
3543 5114 3682 5155 con-

249 5184 387 5246 τοὺς
434 5182 721 5246 τοιούτους
778 5183 889 5258 χρὴ
954 5178 1148 5255 (ἕξουσι
1198 5179 1255 5236 δὲ
1302 5182 1540 5251 πάντως,
1573 5183 1647 5246 ὡς
1705 5183 1732 5236 ὁ
1792 5183 1889 5237 Θεὸ

2031 5181 2185 5237 cedit
2227 5181 2420 5252 Deus),
2452 5179 2597 5235 illud
2647 5185 2808 5236 extra
2855 5181 3006 5238 hanc
3037 5183 3217 5240 libelli
3266 5203 3534 5243 normam
3567 5203 3680 5244 non

252 5272 592 5349 ἀρέσκεται),
645 5268 770 5325 ἀλλ’
822 5267 934 5324 οὐδ’
995 5270 1127 5325 αὐτὸ
1210 5264 1310 5341 ἔξω
1385 5276 1556 5326 κεῖται
1614 5277 1714 5341 τῆς
1768 5292 1889 5341 τηνι

2031 5269 2160 5325 erit.
2193 5270 2272 5325 Iis
2301 5269 2460 5325 enim
2496 5286 2598 5341 pro
2622 5271 2991 5342 possessione
3025 5274 3245 5330 sanctis
3273 5292 3533 5348 congrua
3554 5293 3688 5332 con-

253 5366 435 5417 καῦτα
490 5354 782 5436 βιϐλιακῆς
847 5358 1151 5430 ὑποθήκης.
1205 5360 1620 5436 Ἐπιτὲτραπται
1676 5360 1778 5436 γὰρ
1824 5359 1889 5415 αὖ

2034 5375 2200 5416 cessa
2249 5363 2390 5415 sunt
2435 5358 2715 5424 charitas,
2762 5359 3089 5430 silentium,
3149 5364 3430 5433 decentia,
3476 5365 3685 5437 pietas,

253 5457 385 5514 τοῖς
445 5449 521 5512 εἰς
559 5455 750 5519 κτῆσιν
802 5449 1110 5526 ἁγιοπρεπῆ
1163 5446 1514 5528 φιλαδελφία,
1546 5449 1771 5524 ἡσυχία,
1803 5447 1889 5504 ἐπι

2036 5448 2298 5506 studium
2347 5448 2508 5505 verbi
2565 5447 2771 5517 divini,
2829 5448 3025 5519 lectio,
3084 5468 3261 5525 opera
3307 5453 3533 5512 viribus
3591 5471 3690 5512 ac-

346 5670 365 5706 ί
399 5666 553 5726 Psal.
585 5683 736 5739 cm,
764 5666 821 5724 5.
899 5666 922 5703 ³
952 5666 1161 5725 Matth.
1194 5685 1312 5741 xix,
1342 5668 1433 5726 25.

568 5797 832 5856 ΡΑτιιοι..
882 5793 993 5857 Gn.
1040 5796 1331 5862 CXXXV.

2593 5803 2602 5813 ’
3276 5800 3354 5860 24
