4114 6200
440 314 561 373 747

1221 311 1641 372 EUSTATHII
1689 309 2448 370 THESSALONICENSIS
2495 310 3071 371 METROPOLITIE

3737 317 3858 374 748

445 441 835 512 commodata,
858 441 1264 516 temperantia,
1287 445 1460 514 atque
1489 440 1773 513 patientia
1803 455 1990 512 usque
2013 440 2081 496 ad

2206 439 2393 506 είκεια,
2453 433 2708 494 εὐλάϐεια
2767 437 2966 514 μελέτη
3025 439 3183 494 θείων
3238 437 3464 518 λογίων,
3523 443 3858 520 ἀνάγνωσις,

443 542 717 593 mortem.

509 717 600 770 24.
635 714 736 770 His
757 711 1040 785 igiturita
1068 709 1388 766 enuntiatis
1410 709 1468 764 in
1493 725 1652 765 mero
1680 724 1950 765 sermone
1970 726 2086 765 non

341 823 343 826 ‘
440 806 599 863 sistit
629 801 975 866 exhortatio,
997 800 1096 856 sed
1118 801 1513 872 interrogatur
1542 800 1865 854 initiandus
1888 803 2086 854 utrum

437 895 561 950 haec
592 891 790 948 omnia
827 905 1058 945 servare
1089 888 1412 960 promittat,
1445 905 1559 944 non
1611 888 1855 960 propriae
1887 887 2087 942 virtuti

437 982 717 1045 conﬁsus,
740 981 838 1036 sed
864 979 1070 1034 divinae
1096 995 1108 1045 ;
1141 983 1197 1033 et
1213 982 1407 1033 utrum
1429 978 1486 1032 in
1511 977 1604 1033 his
1626 977 1934 1049 promissis
1957 993 2087 1049 per-

437 1086 674 1127 manere
705 1085 894 1140 usque
924 1069 994 1124 ad
1029 1068 1206 1124 ﬁnem
1238 1067 1365 1121 vitae
1397 1068 1705 1138 spondeat,
1739 1084 1853 1122 non
1885 1067 1942 1122 vi
1975 1066 2088 1122 sibi

433 1159 709 1230 naturali,
761 1161 859 1214 sed
908 1157 1103 1228 potius
1153 1155 1340 1228 gratia
1387 1156 1621 1211 Christi.
1673 1156 1742 1210 Et
1781 1159 2088 1228 postquam

430 1248 735 1322 respondit
775 1247 1111 1303 tondendus
1147 1263 1158 1300 :
1196 1247 1297 1312 Ita,
1333 1245 1520 1315 Pater,
1573 1251 1627 1299 et
1657 1245 1741 1300 sic
1770 1245 2086 1300 thesaurus

432 1335 758 1410 spiritualis
791 1336 850 1390 in
900 1338 1027 1388 tuto
1059 1337 1149 1387 est
1196 1333 1444 1404 positus,
1477 1333 1804 1404 exoptanda
1833 1333 2085 1387 tondens

433 1427 688 1495 invocat,
715 1429 774 1479 et
817 1421 1009 1496 sigillo
1040 1422 1347 1477 benedicto
1397 1421 1695 1493 imposito,
1729 1425 1855 1476 orat
1884 1421 2086 1476 dicens

438 1533 567 1589 quis
619 1532 652 1570 a
697 1517 865 1569 tonso
914 1511 1128 1567 servari
1179 1511 1446 1576 debeant,
1488 1511 1721 1581 jacente
1768 1510 1933 1564 humi
1985 1526 2086 1564 us-

437 1619 552 1678 que
583 1603 654 1659 ad
699 1600 1051 1674 completam
1087 1600 1498 1664 initiationem,
1533 1603 1590 1655 et
1641 1599 1807 1671 quasi
1840 1603 2085 1656 matrem

434 1703 652 1750 terram
685 1689 954 1762 amplexo
986 1689 1401 1761 prostratione,
1433 1703 1462 1742 e
1493 1704 1607 1759 qua
1633 1687 1726 1743 hic
1757 1687 1928 1759 longe
1958 1705 2088 1759 pro.

435 1784 693 1839 facturus
725 1783 850 1848 est;
885 1783 948 1832 ut
977 1777 1295 1849 aliquando
1327 1794 1356 1832 e
1387 1793 1559 1832 carne
1580 1776 1895 1848 tranquille
1916 1778 2087 1832 educ-

438 1877 532 1928 tus
563 1887 690 1926 eam
725 1870 796 1924 ad
818 1868 971 1922 infra
999 1867 1288 1939 demittat,
1309 1869 1475 1922 terra:
1507 1865 1794 1934 objectam
1831 1882 1932 1920 seu
1956 1866 2086 1920 red-

436 1962 617 2017 ditam
651 1959 806 2014 unde
837 1960 1075 2028 accepta
1107 1958 1249 2026 erat,
1284 1955 1460 2026 atque
1490 1954 1674 2010 evolet
1708 1955 1890 2010 libera
1917 1971 2086 2010 men-

434 2055 492 2106 te
524 2050 594 2105 ad
627 2063 761 2103 eum
795 2064 828 2102 a
856 2063 968 2118 quo
1003 2049 1241 2100 vocatus
1273 2048 1380 2114 est,
1416 2046 1472 2099 et
1518 2044 1610 2100 cui
1641 2043 1946 2099 ordinatus
1980 2049 2084 2099 est.

2198 527 2415 604 έργασία
2453 530 2488 597 ἡ
2529 530 2664 584 κατὰ
2707 527 2956 604 δύναμιν,
2990 527 3294 604 ἐγκράτεια,
3357 533 3613 605 ὑπομονὴ
3666 537 3702 605 ἠ
3765 537 3858 609 με.

2197 638 2293 694 χρι
2329 618 2581 681 θανάτου.

2267 705 2366 764 κδ’.
2417 706 2636 764 Τούτων
2687 704 2744 761 δὲ
2804 707 2946 763 οὕτω
3004 707 3500 784 παρηγγελμένων,
3562 711 3625 766 ού
3691 712 3860 790 μέχρι

2199 795 2369 871 λόγου
2396 796 2560 870 ψιλοῦ
2588 793 2801 852 ἵσταται
2833 798 2898 852 τὰ
2941 805 3044 868 τῆς
3088 800 3456 874 παραινέσεως
3482 821 3495 835 ·
3541 799 3671 857 ἀλλ’
3721 803 3860 876 ἐρω-

2195 891 2348 940 τᾶται
2382 887 2410 940 6
2443 887 2939 962 σχηματιζόμενος,
2971 887 3016 942 εί
3047 893 3213 943 ταῦτα
3256 888 3430 944 πάντα
3480 889 3625 945 οὕτω
3681 902 3859 957 καθο-

2203 973 2432 1052 μολογεῖ
2457 975 2746 1051 φυλάττειν
2772 977 2855 1031 ἐπ’
2884 975 3088 1046 ἑλπίδι,
3119 979 3180 1033 ού
3209 981 3308 1047 τῆς
3336 981 3456 1034 κατ’
3485 979 3648 1035 αὐτὸν
3691 979 3863 1037 δυνά-

2203 1085 2365 1138 μεως,
2397 1062 2543 1120 ἀλλὰ
2571 1073 2672 1135 τῆς
2702 1069 2798 1120 τοῦ
2839 1071 2995 1121 Θεοῦο
3027 1068 3114 1120 καὶ
3173 1066 3225 1121 ἐν
3273 1067 3496 1131 ταύταις
3539 1075 3664 1133 ταῖς
3722 1071 3860 1128 ὑπο-

2197 1155 2412 1228 σχέσεσι
2521 1154 2887 1228 διακαρτερεῖν
2985 1155 3328 1211 συντάσσεται
3417 1160 3586 1234 μέχρι
3663 1158 3864 1224 τέλους

2201 1249 2366 1314 ζωῆς,
2429 1243 2489 1298 ού
2549 1241 2793 1318 δυνάμει,
2855 1242 2980 1299 οὐδὲ
3031 1245 3162 1300 αὐτὸ
3221 1245 3414 1318 οἰκείᾳ,
3462 1245 3611 1303 ἀλλὰ
3672 1249 3861 1324 χάριτι

2195 1334 2447 1406 Χριστοῦ.
2505 1332 2610 1387 Καὶ
2669 1331 2880 1387 ἐπειδὰν
2941 1334 3001 1388 τὸ
3051 1358 3081 1385 ‹‹
3129 1334 3257 1402 Ναὶ,
3304 1337 3500 1410 Πάτερ,
3539 1362 3562 1390 ι
3602 1338 3630 1392 ὁ
3677 1341 3863 1408 κειρόο

2202 1442 2363 1494 μενος
2419 1422 2711 1497 ἀποκριθῇ,
2761 1423 2851 1477 καὶ
2931 1422 3104 1485 οὕτως
3159 1423 3523 1501 ἀσφαλίσηται
3579 1427 3644 1480 τὸ
3699 1449 3866 1483 πνευ-

2201 1510 2424 1583 ματικὸν
2504 1510 2870 1587 θησαύρισμα,
2926 1511 3214 1586 ἐπεύχεται
3273 1513 3301 1566 ὁ
3359 1513 3554 1590 κείρων
3631 1514 3701 1570 τὰ
3776 1517 3866 1571 εύ-

2196 1604 2374 1653 κταῖα’
2407 1600 2494 1654 καὶ
2565 1597 2834 1677 σφραγῖδα
2887 1600 3145 1664 ἐπιτιθεὶς
3194 1599 3582 1677 εύλογητικήν,
3637 1603 3866 1660 θεοκλυ-

2194 1694 2278 1743 τεῖ
2329 1686 2539 1761 λαλῶν,
2595 1688 2628 1742 ἃ
2683 1690 2796 1766 χρὴ
2858 1687 3143 1766 φυλάττειν
3203 1691 3294 1745 τὸν
3349 1692 3698 1766 κειρόμενον,
3750 1695 3863 1750 κεί-

2201 1799 2358 1851 μενον
2391 1777 2536 1833 κάτω
2575 1775 2680 1840 ἕως
2732 1778 3187 1855 συμπληρώσεως
3243 1787 3346 1849 τῆς
3397 1781 3598 1856 εὐχῆς,
3638 1785 3734 1837 καὶ
3791 1787 3864 1849 ὡς

2199 1869 2313 1922 οἷον
2365 1869 2463 1936 τήν
2517 1869 2725 1944 μητέρα
2787 1876 2888 1944 γῆν
2956 1868 3329 1941 ἀσπαζόμενον
3388 1873 3457 1943 τῇ
3514 1872 3859 1946 κατακλίσει,

2198 1955 2272 2016 ὡς
2340 1955 2546 2030 μακρὰν
2620 1956 2789 2027 αὐτῆς
2849 1956 3125 2030 μέλλοντα
3192 1955 3552 2022 στέλλεσθαι·
3600 1959 3697 2014 ’ἕνα
3745 1964 3860 2016 καθ’

2196 2045 2430 2121 ἡσυχίαν
2463 2042 2756 2109 ἀπολυθεὶς
2809 2053 2909 2115 τῆς
2941 2045 3159 2120 σαρκὸς,
3192 2047 3357 2116 αὐτὴν
3423 2049 3516 2120 μὲν
3578 2048 3630 2102 ἐν
3685 2056 3858 2127 καιρῷ

432 2139 580 2192 κάτω
636 2134 850 2209 πέμψῃ,
881 2137 949 2207 τῇ
1123 2131 1510 2207 προσρίψας,ἢ
1571 2131 1660 2185 καὶ
1720 2129 1874 2201 δίκην
1935 2131 2135 2207 χρέους
2187 2131 2443 2204 ἀποδοὺς,
2503 2133 2637 2210 ὅπερ
2707 2133 2758 2206 ἒξ
2834 2134 2999 2206 αὐτῆς
3075 2131 3224 2211 ἔσχε,
3280 2141 3475 2211 γυμνῷ
3531 2135 3592 2193 δὲ
3639 2143 3725 2212 τῷ
3783 2146 3856 2213 νῷ

434 2223 773 2281 ἆνελεύσεται
807 2221 881 2284 εἰς
911 2221 1000 2275 τὸν
1040 2218 1566 2293 μετακαλεσάμενον,
1598 2219 1643 2290 ᾧ
1665 2220 1750 2272 καὶ
1789 2217 2029 2288 ἐτάξατο.

502 2316 594 2373 25.
646 2315 741 2371 Sic
800 2331 834 2369 a
889 2311 1175 2385 principio
1230 2309 1501 2366 homines
1557 2309 1658 2364 Dei
1709 2308 2085 2380 disciplinam

435 2407 563 2479 ejus
608 2401 881 2477 amplecti
931 2400 1350 2473 promiserunt.
1403 2403 1519 2471 Ego
1567 2401 1763 2454 autem
1817 2397 2085 2452 dicturus

435 2511 568 2552 sum
602 2493 742 2567 quid
774 2496 997 2564 postea,
1023 2493 1224 2544 nostro
1255 2504 1393 2557 avo,
1429 2487 1616 2542 sancti
1641 2485 1912 2542 monachi
1937 2485 2086 2540 mul-

431 2589 557 2640 tum
586 2584 774 2638 vivere
789 2581 920 2649 visi,
942 2597 1002 2634 re
1033 2582 1230 2633 autem
1261 2577 1497 2647 mortui,
1523 2576 1618 2647 qui
1650 2576 1840 2647 primo
1863 2575 2082 2631 versari

427 2675 488 2730 in
521 2672 663 2729 ccelo
696 2670 1141 2732 constituerant,
1174 2671 1231 2722 et
1273 2670 1496 2721 mutato
1529 2665 1770 2721 consilio
1802 2669 1956 2720 terra
1989 2665 2081 2718 lae-

426 2768 666 2828 tantur;
701 2760 802 2833 qui
833 2755 1264 2830 aliquantulum
1299 2755 1566 2810 monachi
1600 2755 1856 2822 fuerunt,
1879 2769 2081 2810 verum

429 2869 566 2908 mox
613 2866 728 2904 non
778 2847 970 2904 solum
1015 2845 1418 2917 duplicantur,
1465 2846 1601 2916 (non
1654 2844 1726 2898 ad
1768 2843 1954 2898 instar
1980 2859 2078 2913 ge-

429 2939 741 2996 mellorum
786 2935 1238 2992 Molionidarum
1291 2935 1366 3003 (2)
1417 2934 1488 2988 ad
1545 2949 1793 3004 quorum
1846 2932 1994 2986 vires
2025 2936 2082 2987 et

428 3030 608 3086 robur
639 3026 912 3083 accedere
949 3028 1040 3080 est
1087 3022 1488 3095 impossibile;
1537 3037 1722 3092 neque
1753 3021 2078 3077 secundum

429 3117 723 3190 duplicem
747 3113 1334 3185 Platoniszhominem,
1361 3112 1532 3182 cujus
1563 3110 1877 3182 duplicitas
1911 3127 2074 3165 mon-

2268 2317 2361 2366 κε’.
2396 2311 2495 2364 Καὶ
2555 2309 2696 2365 οὕτω
2758 2311 2852 2384 μὶν
2907 2311 3152 2376 ἀνέκαθεν
3213 2314 3265 2366 οἱ
3318 2317 3416 2368 τοῦ
3469 2319 3605 2371 Θεοῦ
3646 2313 3855 2392 ἄνθρω-

2195 2419 2289 2453 ποι
2321 2397 2664 2475 ἐκυρώθησαν
2714 2406 2813 2470 τῆς
2863 2399 3026 2455 αὐτοῦ
3067 2401 3306 2476 γίνεσθαι
3357 2402 3662 2480 ὑποταγῆς.
3705 2407 3845 2481 Ἐγὼ

2196 2485 2253 2542 δὲ
2281 2487 2401 2558 ἥκω
2433 2488 2675 2566 φράσων,
2701 2492 2787 2543 οἷα
2813 2491 3166 2565 τεχνάζονται
3221 2489 3441 2566 ὕστερον
3501 2494 3554 2546 οἱ
3603 2498 3705 2548 τοῦ
3735 2496 3851 2559 καθ’

2192 2578 2340 2648 ἡμᾶς
2401 2577 2523 2652 βίου
2580 2579 2722 2653 ἅγιοι
2757 2578 3011 2652 μοναχοῖ,
3058 2579 3108 2632 οἱ
3150 2575 3414 2634 πολύϐιοι
3470 2576 3648 2651 ἅϐιοι,
3683 2585 3738 2637 οἱ

2191 2668 2306 2720 κατ’
2335 2666 2511 2742 ἀρχὴν
2563 2666 2656 2739 μὲν
2715 2668 2964 2740 προθέσει
3026 2663 3484 2742 ούρανοϐάμονες,
3518 2675 3588 2745 τῇ
3650 2669 3712 2726 δὲ
3758 2677 3846 2727 τοῦ

2192 2759 2396 2810 σκοποῦ
2469 2755 2745 2828 μεταθέσει
2801 2761 3147 2831 γεωχαρεῖς·
3210 2758 3262 2811 οἳ
3325 2755 3518 2833 μικρόν
3577 2781 3631 2814 τι
3693 2761 3849 2833 μονά-

2190 2865 2393 2913 σαντες,
2427 2845 2543 2898 εἶτα
2573 2843 2634 2899 ού
2687 2843 2850 2917 μόνον
2903 2842 3184 2913 δυάζονται
3237 2846 3348 2919 (καὶ
3407 2846 3536 2902 αὐτὸ
3598 2847 3662 2903 ού
3719 2850 3848 2904 κατᾶ

2187 2932 2314 2995 τοὺς
2343 2931 2548 3012 διφυεῖς
2578 2931 2929 3007 Μολιονίδας,
2958 2932 3030 2988 ὧν
3087 2935 3150 2990 τὸ
3209 2938 3327 2990 κατ’
3383 2934 3608 3012 ἀνδρίαν
3662 2938 3845 3002 σθένος

2188 3021 2630 3098 ἀπροσπέλαστον
2666 3041 2680 3055 ⁸
2743 3020 2868 3078 οὐδὲ
2946 3025 3052 3096 μὴν
3125 3023 3262 3078 κατὰ
3323 3026 3416 3080 τὸν
3487 3024 3841 3082 Πλατωνικὸν

2192 3109 2420 3167 διπλοῦν
2499 3113 2805 3187 ἄνθρωπον,
2857 3113 3020 3187 οὗπερ
3099 3113 3440 3192 ἀπόστροφος
3518 3116 3547 3169 6
3610 3113 3844 3190 δυασμὸς

425 3177 662 3266 struosa
691 3177 1012 3277 effingitur,
1045 3219 1109 3258 se
1161 3201 1393 3256 duabus
1425 3177 1665 3255 naturis
1691 3199 2076 3272 tergiversan-

2195 3200 2520 3272 πέπλασται,
2553 3200 3067 3274 κατανωτιζομένων
3116 3200 3340 3273 ἄλληλα
3394 3207 3502 3258 τῶν
3557 3211 3841 3281 συμφυῶν·

423 3299 584 3353 tibus
633 3313 648 3364 ;
716 3310 906 3366 neque
965 3291 1292 3348 secundum
1360 3288 1645 3345 celebrem
1705 3289 1921 3344 Janum
1977 3287 2078 3359 qui

427 3388 658 3443 duobus
687 3383 944 3440 vultibus
966 3381 1158 3437 solum
1191 3378 1644 3450 duplicabatur),
1667 3379 1766 3433 sed
1801 3377 1931 3432 aliis
1955 3393 2077 3433 mo-

426 3478 541 3548 dis,
573 3491 679 3531 nec
707 3473 881 3528 laude
933 3470 1150 3542 dignis,
1183 3469 1244 3524 in
1278 3467 1771 3539 multiplicitatem
1815 3465 2077 3522 extendi-

423 3571 523 3622 tur
553 3562 868 3636 duplicitas
901 3576 1126 3616 eorum.
1159 3557 1304 3613 Cum
1337 3557 1490 3612 Deus
1522 3572 1622 3612 eos
1665 3555 1926 3628 jusserit,
1961 3572 2077 3627 quo

419 3662 686 3728 tempore
717 3651 935 3708 caelesti
989 3649 1212 3705 mundo
1245 3663 1306 3702 se
1339 3646 1494 3701 velut
1538 3649 1792 3701 mutatos
1823 3649 1879 3701 et
1909 3661 2077 3700 reno-

423 3750 588 3801 vatos
638 3741 1009 3805 addicebant,
1062 3754 1320 3794 crescere
1369 3741 1427 3791 et
1479 3735 1879 3807 multiplicari,
1913 3751 2076 3789 nem-

424 3852 496 3909 pe
540 3833 714 3890 bonis
759 3831 986 3887 actibus
1036 3831 1093 3883 et
1149 3826 1429 3881 virtutum
1492 3823 1852 3894 excellentia,
1904 3828 2080 3895 atque

427 3925 605 3980 etiam
653 3921 870 3976 multos
891 3914 1210 3988 discipulos
1243 3913 1353 3969 sibi
1387 3929 1503 3968 non
1527 3915 1840 3984 degeneres
1862 3913 2078 3984 produ-

428 4013 612 4070 cendo
638 4029 651 4080 ;
682 4009 780 4065 isti
815 4025 844 4062 e
875 4004 1161 4062 contrario
1183 4020 1250 4058 ex
1272 4002 1387 4058 alto
1418 4003 1691 4058 deorsum
1715 4001 2000 4068 conversi,
2025 4004 2082 4056 et

429 4105 492 4160 in
519 4105 694 4174 caput
714 4095 1082 4172 praecipitati,
1107 4111 1197 4150 res
1227 4093 1427 4166 priscaa
1461 4094 1589 4149 vitae
1620 4097 1836 4166 augent
1856 4097 1912 4148 et
1933 4092 2078 4147 mul-

432 4192 723 4266 tiplicant,
755 4188 994 4243 student
1020 4201 1215 4240 meros
1244 4182 1424 4238 laicos
1455 4182 1624 4238 bonis
1647 4182 1953 4254 acquisitis
1977 4199 2079 4237 su-

432 4297 658 4356 perare,
691 4282 749 4334 et
779 4276 973 4349 priora
993 4278 1246 4330 stercora
1278 4273 1588 4328 mundana:
1619 4271 2080 4328 conversationis

431 4371 720 4442 colligere,
764 4382 890 4438 quae
943 4359 1088 4418 nihil
1139 4365 1278 4417 sunt
1325 4361 1477 4415 facta
1523 4359 1957 4431 comparatione
2007 4357 2079 4412 ad

427 4463 583 4518 bona
607 4460 842 4523 futura;
876 4458 1016 4509 tunc
1039 4449 1348 4523 acquisitis
1371 4449 1539 4504 bonis
1562 4447 1919 4517 immodicis,
1944 4463 2078 4502 cum

2186 3295 2266 3364 τῷ
2316 3291 2472 3344 παντῖ
2536 3287 2594 3344 δὲ
2653 3289 2866 3363 μᾶλλον
2922 3287 3046 3345 οὐδὶ
3103 3290 3239 3346 κατὰ
3295 3293 3388 3346 τὸν
3449 3290 3839 3368 περιᾳδόμενον

2187 3381 2427 3451 Ἰαννον,
2485 3379 2545 3442 ὃς
2621 3379 2936 3454 προσώποις
3030 3379 3216 3454 μόνοις
3309 3378 3588 3455 ἐδυάζετο)
3625 3403 3640 3415 ·
3704 3381 3843 3438 ἀλλᾶ

2185 3467 2412 3542 τρόποις
2471 3465 2686 3536 ἄλλοις,
2748 3467 2845 3522 οὐκ
2897 3467 2954 3522 ἂν
3015 3468 3445 3541 ἐπαινουμένοις,
3500 3469 3578 3532 εἷς
3639 3470 3844 3526 πολλα-

2187 3556 2419 3613 πλάσιον
2481 3558 2508 3612 ὁ
2564 3554 2802 3630 δυασμὸς
2884 3557 3068 3620 αὐτοῖς
3137 3557 3518 3617 ἐπεκτείνεται.
3587 3560 3693 3616 Καὶ
3749 3563 3843 3614 τοῦ

2188 3651 2320 3703 Θεοῦ
2376 3649 2492 3710 τοῖς
2555 3645 2829 3708 τοιούτοις
2886 3645 3102 3709 πάντως
3178 3646 3564 3718 κελεύσαντος,
3625 3650 3716 3704 ὅτε
3771 3653 3844 3720 τῷ

2189 3735 2446 3790 ἀνωτάτω
2495 3733 2686 3809 κόσμῳ
2738 3732 3126 3791 ἐπιδεδώκασιν
3184 3737 3426 3808 ἑαυτοὺς,
3459 3739 3534 3799 ὡς
3600 3740 3717 3792 οἷον
3767 3737 3845 3812 ἑγ-

2187 3824 2576 3897 καινιζόμενοι,
2636 3824 2726 3879 καὶ
2823 3824 2965 3880 οὕτω
3049 3826 3439 3898 μεταθέμενοι,
3501 3826 3841 3896 αὐξάνεσθαι,

2187 3913 2275 3968 καὶ
2346 3911 2734 3984 πληθύνεσθαι,
2794 3919 2912 3976 ταῖς
2985 3914 3405 3991 ἀγαθοπραξίαις
3479 3913 3699 3985 δηλαδὴ
3757 3913 3843 3968 καὶ

2187 4007 2266 4076 τῷ
2321 4004 2437 4057 κατ’
2492 4004 2685 4080 ἀρετὴν
2738 4009 3148 4079 περιουσιασμῷ
3229 4003 3282 4058 ἐν
3370 4002 3551 4081 σφίσιν
3614 4004 3841 4064 αὐτοῖς’

2189 4091 2266 4148 ἔτι
2327 4089 2383 4147 δὲ
2432 4091 2522 4147 καὶ
2559 4097 2639 4164 τῷ
2676 4093 2918 4167 μαθητὰς
2971 4092 3048 4156 εἷς
3105 4090 3322 4163 πλῆθος
3387 4092 3605 4171 ἐκφύειν
3664 4093 3844 4154 αὐτοῖς

2191 4180 2646 4254 έξομοιουμένους
2681 4225 2693 4238 .
2752 4183 2821 4238 Ol.
2914 4178 2971 4237 δὲ
3063 4175 3554 4258 ἐπαναστραφέντες
3642 4179 3840 4244 ἄνωθεν

2188 4272 2358 4338 κάτω,
2401 4271 2489 4325 καὶ
2564 4271 2638 4332 ὡς
2707 4273 2822 4326 οἷον
2889 4270 3177 4347 κατωκάρα
3249 4270 3565 4347 βληθέντες,
3622 4271 3690 4326 τὰ
3745 4273 3841 4324 τοῦ

2187 4360 2454 4434 προτέρου
2530 4358 2653 4435 βίου
2730 4355 2944 4429 αὔξουσι
3023 4359 3112 4414 καὶ
3180 4358 3540 4429 πληθύνουσι,
3599 4358 3838 4436 φιλονει-

2189 4453 2407 4513 κοῦντες
2484 4442 2781 4523 ὑπερϐῆναι
2849 4448 2939 4504 καὶ
3022 4447 3150 4512 τοὺς
3233 4446 3457 4518 ἀληθῶς
3552 4445 3842 4523 βιωτικοὺς

427 4551 594 4609 nulla
623 4564 684 4603 re
733 4545 1020 4616 indigent,
1070 4546 1126 4596 et
1159 4555 1444 4613 pauperes
1497 4554 1623 4593 esse
1673 4541 1920 4609 oportet,
1953 4537 2080 4592 sine

2195 4544 2303 4601 ταῖς
2361 4539 2602 4609 κτήσεσι,
2651 4537 2739 4592 καὶ
2819 4539 2909 4594 τὸν
2969 4537 3232 4614 πρότερον
3293 4537 3557 4612 συρφετὸν
3624 4543 3723 4605 τῆς
3790 4536 3842 4588 ἰν

426 4641 550 4699 ulla
595 4634 938 4694 necessitate
985 4631 1266 4698 ditantur,
1317 4629 1694 4684 immemores
1741 4627 2014 4699 praecepti
2063 4643 2077 4682 :

427 4755 456 4784 «
487 4727 733 4794 Quaerite
763 4738 1010 4796 regnum
1057 4718 1306 4785 caeleste,
1339 4722 1394 4772 et
1427 4723 1727 4773 terrenum
1773 4715 2083 4786 adjiciatur

424 4819 592 4876 vobis
612 4818 652 4852 ³·
675 4837 703 4867 ››
735 4819 861 4868 Non
893 4811 1047 4866 enim
1082 4808 1290 4863 sinunt
1321 4807 1439 4861 haec
1472 4807 1636 4861 aDeo
1663 4805 1881 4860 effundi
1904 4821 2080 4876 spon-

427 4915 623 4977 tanea,
656 4909 712 4962 et
743 4903 928 4958 eii‘usa
949 4915 1155 4954 rursus
1178 4897 1379 4952 referri
1408 4913 1520 4968 quo
1546 4911 1785 4950 necesse
1805 4899 1913 4962 est,
1939 4898 1995 4949 et
2016 4909 2081 4948 eo

430 4997 608 5055 modo
639 4995 709 5050 ad
737 4995 1035 5047 auctorem
1057 4986 1272 5042 reﬂecti
1297 4985 1452 5042 verbi
1480 4985 1668 5058 gratia
1697 4984 2084 5057 eleemosynis

433 5093 491 5147 et
519 5086 634 5144 alia
681 5079 1052 5155 erogatione;
1104 5077 1203 5133 sed
1237 5079 1414 5131 tanta:
1442 5075 1700 5148 passioni
1751 5073 2082 5147 indulgent,

502 5309 524 5345 ³
555 5302 762 5364 Matth.
793 5314 870 5372 vx,
903 5296 991 5353 33.

502 5518 578 5589 (2)
608 5512 862 5589 Narrant
900 5503 1278 5589 fabulatores,
1324 5517 1439 5589 non
1490 5499 1778 5589 historici,
1805 5495 2086 5589 litationi-

435 5572 576 5654 das;
620 5587 769 5642 duos
823 5583 1052 5654 fratres,
1104 5575 1285 5654 fuisse
1335 5575 1734 5646 plaustrorum
1789 5572 2084 5654 ductores,

443 5647 643 5730 eisque
694 5657 810 5710 duo
858 5651 1050 5722 capita
1095 5651 1293 5719 aptata
1338 5661 1484 5716 esse,
1513 5661 1755 5719 .manus
1794 5647 2084 5717 quatuor;

2185 4630 2378 4700 κόσμω
2433 4628 2773 4705 ἀναστροφῆς
2820 4625 3128 4702 ἀπελέγξαι,
3160 4628 3222 4681 τὸ
3284 4622 3458 4699 μηδὲν
3520 4624 3653 4681 ὄντα
3707 4625 3846 4701 πρός

2186 4739 2246 4794 γε
2311 4717 2402 4771 τὸν
2481 4715 2699 4790 ὕστερον
2735 4736 2747 4749 ·
2806 4719 3100 4784 τηνικαῦτα
3166 4713 3627 4789 ἐπερεκπερισσοῦ
3698 4711 3848 4768 κτώ-

2194 4827 2366 4881 μενοι,
2409 4807 2496 4859 ὅτε
2553 4801 2784 4878 μηδενὸς
2843 4801 3215 4878 προσδέονται,
3247 4803 3337 4857 καὶ
3396 4803 3486 4858 ὅτε
3538 4801 3842 4878 πτωχεύειν

2191 4895 2383 4970 ἐχρῆν¹
2441 4892 2806 4954 πλουτοῦντες
2857 4891 2934 4954 εἷς
2993 4889 3144 4946 οὐδὲν
3224 4890 3343 4946 δέον
3376 4910 3389 4923 ⁸
3447 4888 3847 4968 παρανοοῦντες

2191 4982 2340 5037 αὐτοὶ
2372 4983 2433 5036 τὸ
2465 5006 2492 5034 ‹‹
2526 4987 2743 5052 Ζητεῖτε
2773 4979 2870 5050 δὴν
2907 4979 3182 5056 βασιλείαν
3211 4983 3312 5052 τὴν
3369 4978 3502 5052 ἄνω,
3537 4982 3624 5036 καὶ
3671 4999 3844 5054 προσ-

2189 5072 2468 5142 τεθήσεται
2502 5071 2628 5145 ὑμῖν
2684 5071 2750 5126 τὰ
2802 5069 2970 5126 κάτω.
3007 5093 3036 5122 ››
3066 5071 3141 5127 Ού
3199 5071 3302 5149 γὰρ
3364 5071 3581 5148 ἀφιᾶσιν
3638 5068 3847 5145 ἀπραγ-

2195 5513 2294 5554 eos
2325 5512 2501 5571 quam
2533 5495 2788 5571 maxime
2819 5495 3128 5571 concordia
3157 5495 3348 5571 egisse
3374 5513 3388 5567 ;
3421 5498 3478 5554 et
3507 5494 3587 5553 sic
3615 5490 3851 5549 viribus

2197 5566 2524 5643 conjunctis
2553 5568 2808 5628 multum
2837 5566 3114 5628 valuisse.
