4114 6200
455 91 558 112 QV-

257 369 386 429 749

1269 362 1373 424 DE
1417 359 1915 422 EMENDANDA
1955 359 2140 422 VITA
2185 360 2668 423 MONACHICA.

3561 364 3680 427 750

263 501 511 572 μάτευτα
581 495 848 572 ἐπιῤῥὲειν
925 495 1104 551 ἐκεῖνα
1182 496 1318 572 πρὸς
1383 498 1539 566 Θεοῦ,
1599 494 1673 554 ὡς
1727 493 1924 568 ἐπιχυ-

2068 494 2276 566 apiunt
2307 498 2364 550 et
2381 500 2581 568 empta
2609 502 2986 568 seponunt,ct
3015 497 3076 553 in
3107 496 3489 570 receptaculis
3545 513 3681 555 coa-

263 588 430 642 Θέντα
462 585 829 656 ἱξαντλεῖσθαι
883 581 1073 651 πάλιν,
1109 581 1233 638 ὅποι
1289 584 1426 658 χρὴ,
1457 581 1547 636 καὶ
1590 581 1763 642 οὕτως
1794 580 1927 634 ἐπα-

257 676 599 750 νακάμπτιιν
657 675 795 750 πρὸς
847 675 936 730 τὸν
996 675 1299 746 πέμψαντα,
1365 671 1742 744 ἐλεημοσύνης
1802 669 1956 744 λόγῳ
2011 672 2099 724 καὶ
2169 671 2370 740 λοιπῆς
2447 670 2782 747 διακρίσεως

2039 589 2272 638 cervata
2301 585 2723 640 thesaurisant.

2870 671 3015 728 ἀλλὰ
3066 675 3150 728 καὶ
3211 672 3678 750 πραγματεύονται

255 768 324 821 τὸ
354 770 605 821 τοιοῦτον
663 765 852 830 πάθος,
904 763 994 818 καὶ
1053 763 1371 838 ἁρπάζουσι,
1423 761 1513 815 καὶ
1542 762 1612 816 τὰ
1669 759 1813 814 οὕτω
1839 758 2196 836 περιελθόντα
2227 759 2646 830 ἐναποτίθενται,
2679 762 3090 836 Θησαυρίζοντες
3126 761 3177 818 ἐν
3225 767 3304 835 υῷ
3333 763 3421 818 καὶ
3472 763 3680 836 ἀποθή-

259 877 364 918 κας
400 854 625 924 ἀνευρύν
635 874 731 909 ειν.

333 1015 438 1071 κςλ.
504 1005 606 1061 Καὶ
664 1007 729 1075 ἣν
808 1003 868 1059 ἂν
942 1006 1103 1058 τοῦτο
1175 1002 1508 1078 συγγνῶστὸν
1587 1003 1732 1076 τάχα
1807 1006 1922 1062 τοῖς

259 1096 662 1170 ἁπλουστέροις
692 1095 758 1149 τὰ
788 1093 864 1158 εἷς
914 1087 1208 1167 ἀκρίϐειαν.
1261 1093 1323 1146 Οἱ
1385 1089 1442 1146 δέ
1493 1112 1598 1145 που
1647 1091 1736 1145 καὶ
1782 1090 1926 1160 ἐξαν-

255 1186 491 1242 τλοῦσιν
547 1184 678 1240 αύτά
709 1183 1036 1260 ἰπιρῥήτως,
1070 1183 1144 1243 ὡς
1177 1182 1275 1235 οὑκ
1306 1182 1363 1234 ἄν
1405 1202 1488 1242 τις
1538 1177 1663 1235 οὐδὲ
1712 1179 1923 1234 ἀκούων

262 1273 527 1345 ἀνέξεται.
591 1273 692 1330 Καὶ
745 1269 886 1326 ἔστιν
949 1269 1076 1324 αὐτὸ
1128 1274 1225 1325 τοῦ
1279 1269 1510 1330 εἰκότος.
1572 1267 1666 1330 Εἷς
1719 1267 1772 1322 τί
1820 1268 1925 1342 γὰρ

265 1361 326 1418 ἃν
358 1363 452 1418 καὶ
491 1360 854 1434 ταμιεύσηται
900 1363 1150 1420 τοιοῦτος
1207 1357 1508 1435 ἅνθρωπος,
1570 1357 1615 1411 εἰ
1673 1358 1778 1430 μὴν
1840 1355 1928 1410 ἐπὶ

262 1456 578 1523 κανονικῷ;
641 1450 792 1504 Διατί
853 1446 910 1504 δὲ
964 1450 992 1503 ὁ
1047 1449 1379 1523 τεταγμένος
1449 1447 1776 1519 ἀκτημονεῖν
1834 1467 1928 1500 τα-

271 1542 627 1616 μειουχήσει,
685 1539 766 1594 ὅτι
831 1538 906 1610 μὴ
966 1537 1046 1615 ἔφ’
1105 1536 1378 1611 ἁμαρτίᾳ;
1440 1535 1540 1590 Καὶ
1571 1532 1793 1608 οἴδαμεν
1846 1533 1929 1589 ἇν-

267 1633 445 1686 ταῦθα
494 1630 545 1683 οἱ
603 1625 973 1699 διοικούμενοι
1022 1621 1177 1699 ὅψεσί
1219 1646 1278 1679 τε
1325 1625 1415 1680 καὶ
1467 1626 1653 1686 ἀκοαῖς
1702 1623 1929 1686 λαἰκους

270 1717 498 1794 ἄνδρας,
554 1715 648 1780 οὕς
708 1715 910 1793 ῥύπους
965 1715 1258 1790 ἀμπέχων,
1292 1715 1420 1768 ὅλον
1451 1713 1706 1782 ἐπύκαζεν
1751 1712 1932 1774 αὐτοῖς

269 1809 338 1863 τὸ
373 1812 556 1881 σῶμα,
612 1807 685 1867 ὡς
748 1807 836 1859 οἷα
890 1803 980 1858 καί
1030 1798 1450 1878 τιπερίϐλημα,
1511 1803 1601 1857 καὶ
1646 1800 1936 1877 γυμνιτεία

2104 1004 2194 1059 26.
2220 1004 2288 1058 Et
2320 1003 2517 1059 forsan
2567 1003 2726 1060 istud
2773 1006 2940 1062 venia
2968 1006 3213 1078 dignum
3246 1021 3315 1062 ex
3363 1011 3526 1080 parte
3583 1008 3689 1065 ho-

2038 1092 2262 1147 minum
2286 1093 2621 1165 ignarorum
2647 1095 3115 1165 perfectionis.Hi
3136 1101 3329 1151 autem
3356 1097 3513 1153 istud
3545 1100 3689 1155 adeo

2038 1182 2320 1236 audacter
2351 1186 2781 1253 perpetrant,ut
2813 1200 2982 1238 nemo
3015 1185 3262 1240 audiens
3284 1185 3433 1242 ferre
3479 1188 3685 1257 possit.

2037 1272 2105 1326 Et
2134 1270 2338 1326 merito
2362 1270 2620 1342 quidem.
2648 1271 2732 1325 Ad
2761 1272 2898 1342 quid
2917 1271 3070 1327 enim
3096 1273 3230 1329 talis
3254 1274 3428 1331 homo
3451 1275 3683 1332 thesau-

2041 1359 2271 1426 rizahit,
2305 1359 2416 1414 nisi
2450 1360 2520 1415 ad
2552 1359 2882 1432 legitimum
2915 1361 3090 1416 ﬁnem
3121 1361 3148 1416 ?
3171 1363 3473 1419 Professus
3493 1370 3690 1421 autem

2038 1458 2449 1521 paupertatem
2476 1451 2546 1504 ad
2589 1449 2728 1520 quid
2763 1457 3100 1522 congregat,
3151 1451 3262 1506 nisi
3296 1457 3531 1524 propter
3560 1470 3691 1525 pec-

2039 1543 2236 1592 catum
2266 1537 2292 1590 τ
2325 1536 2408 1590 Ibi
2446 1536 2604 1591 enim
2651 1537 2831 1592 veluti
2862 1538 2990 1593 visu
3037 1543 3094 1594 et
3145 1539 3350 1594 auditu
3411 1541 3683 1597 novimus

2040 1624 2221 1680 laicos
2251 1625 2542 1694 homines,
2588 1643 2840 1697 quorum
2898 1643 3111 1698 corpus
3166 1632 3378 1694 totum,
3431 1630 3694 1700 undique

2044 1713 2317 1770 sordibus
2352 1719 2418 1769 ut
2439 1716 2693 1786 quodam
2723 1715 2897 1787 pallio
2920 1717 3469 1786 abscondebatur,et
3499 1719 3695 1774 multae

2045 1807 2239 1874 partes
2265 1804 2522 1875 corporis
2552 1803 2633 1858 ita
2665 1805 2833 1860 nudae
2892 1806 3273 1878 apparebant,
3311 1811 3373 1861 ut
3419 1807 3545 1864 visa
3577 1825 3694 1864 non

274 1896 472 1954 πολλά
518 1893 614 1950 τοῦ
673 1895 928 1966 σώματος
982 1891 1324 1970 ἐνεεράνιζεν,
1385 1887 1502 1944 οὔτι
1556 1890 1748 1944 ἀνεκτὰ
1811 1888 1936 1964 βλέ-

2066 1893 2584 1949 :‘crrentur.Venter
2612 1893 2958 1966 plerumque
2986 1911 3204 1951 vacuus
3252 1897 3702 1953 extenuabatur.

286 1998 490 2051 πεσθαι
526 2030 540 2043 .
600 1982 969 2059 Ἐλαγαροῦτο
1029 1979 1087 2035 δὲ
1141 1981 1228 2035 καὶ
1289 1983 1323 2050 ἡ
1382 1979 1588 2055 γαστὴρ
1626 2025 1641 2049 ,
1699 1976 1941 2040 διάκενος

289 2077 432 2132 οὖσα
481 2075 548 2129 τὰ
603 2071 818 2128 πλείωο
878 2071 963 2126 καὶ
1019 2069 1346 2146 ἐκρύπτοντο
1406 2067 1577 2123 ἐκεῖνο
1636 2065 1724 2122 διὰ
1777 2072 1946 2122 ταῦτα

284 2167 384 2221 τὸν
445 2163 632 2234 ἥλιον,
685 2159 1094 2233 δυσωπούμενοι
1140 2160 1239 2227 τήν
1296 2161 1404 2212 τῶν
1447 2155 1674 2212 πολλῶν
1709 2157 1827 2211 Θέαν
1860 2157 1942 2210 αἱ·

289 2252 424 2317 δοῦς
482 2251 662 2326 λόγῳ,
713 2249 801 2304 καὶ
839 2253 907 2322 τῇ
955 2247 1090 2302 κατά
1150 2245 1266 2322 βίον
1325 2245 1550 2322 ἀφανείᾳ
1599 2245 1942 2322 ζοφούμενοι.

289 2342 451 2400 Ἐπεὶ
500 2338 557 2394 δὲ
586 2338 840 2414 ψυγόντες
895 2337 990 2392 τὸν
1047 2336 1253 2409 κόσμον
1285 2332 1518 2403 ῗδίασαν,
1574 2336 1662 2389 καὶ
1693 2339 1772 2407 τῷ
1829 2338 1944 2406 Θεῷ

289 2434 659 2506 παραστατεῖν
737 2425 1009 2502 ἑκύρωσαν
1046 2467 1060 2493 ,
1138 2422 1444 2497 ἐξέλαμψαν
1515 2423 1942 2498 κοσμικώτερον⁸

289 2521 384 2577 καὶ
441 2520 534 2574 τόν
604 2537 664 2571 τε
721 2515 889 2593 ῥύπον
949 2511 1326 2585 ἐξεκαλέσαντο
1360 2555 1375 2582 ,
1449 2508 1672 2574 πυέλοις
1734 2515 1947 2586 θερμῶν

292 2608 509 2666 ὑδάτων
570 2605 744 2680 συχνά
801 2598 1175 2678 ἐμϐαψάμενοι
1212 2620 1224 2632 ·
1279 2603 1368 2656 καὶ
1425 2599 1598 2664 οὕτως
1659 2599 1719 2654 οὗ
1782 2600 1945 2674 μόνον

287 2701 386 2755 τὸν
416 2696 614 2753 σπῖλον
673 2691 1036 2770 ἀπαγαγόντες
1095 2691 1318 2759 ἑαυτῶν,
1352 2687 1495 2745 ἀλλά
1545 2689 1634 2744 καὶ
1691 2689 1754 2744 τὸ
1813 2710 1949 2762 μεμ·

289 2795 514 2857 νῆσθαι,
575 2783 658 2838 ὅτι
713 2786 812 2837 τοῦ
863 2781 998 2836 κατά
1055 2781 1182 2835 Θεὸν
1233 2777 1530 2854 προσώπου
1562 2777 1718 2846 εἰσὶν,
1753 2779 1826 2840 ὡς
1859 2777 1948 2833 καὶ

301 2877 658 2952 ἀπῃτήθησαν
734 2873 822 2927 καὶ
907 2870 1344 2946 εὐηρεστήθησαν
1381 2887 1393 2900 ⁶
1481 2868 1569 2924 καὶ
1632 2871 1950 2942 ἱματισμοῖς

294 2965 356 3023 δὲ
414 2965 707 3040 ἐνέπρεψαν
763 2959 1124 3036 ψευδομένοις
1187 2959 1279 3014 τὸν
1342 2959 1640 3033 μοναχικὸν
1689 2953 1948 3033 τρίϐωνα,

290 3057 387 3111 καὶ
448 3055 542 3115 τὰς
599 3051 814 3113 κοιλίας
843 3049 1182 3125 έξώγκωσαν,
1241 3049 1316 3109 ὡς
1380 3047 1574 3120 μηκέτι
1633 3045 1773 3120 μηδὲ
1803 3041 1949 3122 ἔχειν

295 3148 483 3224 φέρειν
537 3143 599 3197 τὸ
650 3139 925 3216 σύμφυτον
956 3139 1144 3214 βάρος,
1180 3134 1326 3191 ἀλλὰ
1352 3135 1442 3191 καὶ
1474 3135 1730 3209 ἡμιόνοις
1764 3133 1950 3210 άδροῖς

2055 1981 2188 2038 Ideo
2220 1981 2402 2038 solem
2429 1983 2525 2038 isti
2575 1984 3056 2054 reformidabant,
3105 1985 3307 2042 oculos
3350 1987 3534 2042 turba:
3582 2004 3700 2059 prae

2055 2072 2277 2143 pudore
2308 2088 2424 2127 non
2458 2072 2929 2144 ferebant,arque
2949 2073 3182 2128 obscuri
3206 2075 3265 2128 in
3298 2077 3520 2130 mundo
3542 2076 3704 2148 igno-

2053 2161 2503 2216 rabantur.Cum
2530 2166 2729 2217 autem
2759 2161 2959 2217 relicto
2990 2163 3200 2218 saeculo
3230 2163 3290 2218 in
3322 2163 3701 2220 solitudinem

2055 2253 2424 2320 vcnerunt,et
2445 2254 2781 2305 statuerunt
2834 2251 2950 2306 Deo
2998 2252 3420 2324 propinquare,
3453 2255 3704 2310 munda-

2055 2337 2191 2394 nius
2222 2337 2879 2410 fulserunt;squalorem
2905 2339 3125 2394 crebris
3158 2356 3320 2412 aquis
3352 2340 3554 2398 calidas
3579 2342 3705 2398 bal-

2056 2427 2182 2482 neis
2214 2427 2503 2499 deponere
2533 2427 2642 2484 visi
2673 2432 2898 2498 sunt,et
2925 2427 3010 2484 sic
3039 2444 3154 2484 non
3183 2430 3355 2486 modo
3369 2447 3479 2487 sua
3509 2447 3707 2488 macu-

2057 2515 2145 2573 las
2166 2515 2671 2588 aboleverunt,sed
2694 2517 2858 2572 obliti
2880 2523 3021 2573 sunt
3041 2517 3216 2574 etiam
3235 2535 3298 2575 se
3315 2536 3444 2576 esse
3465 2521 3561 2576 Dei
3584 2537 3710 2593 per-

2059 2621 2378 2677 sonas,quo
2413 2605 2679 2677 requisiti
2701 2611 2886 2677 erant,
2921 2611 2979 2662 et
3055 2611 3287 2680 gratum
3357 2608 3706 2678 habuerant,

2058 2693 2250 2750 induti
2274 2698 2414 2749 sunt
2439 2695 2699 2750 vestibus
2724 2711 2982 2766 pannum
2999 2695 3411 2753 monachicum
3429 2699 3711 2754 mentien-

2059 2783 2305 2852 tibusgin
2333 2787 2566 2838 tantum
2592 2788 2854 2839 ventrem
2875 2785 3304 2840 tumefecerunt
3344 2791 3408 2841 ut
3437 2803 3552 2842 non
3581 2788 3709 2858 jam

2062 2871 2326 2926 naturale
2344 2873 2575 2943 pondus
2597 2872 2903 2928 ferendum
2936 2873 3239 2939 haberent,
3261 2875 3362 2930 sed
3396 2875 3540 2930 illud
3574 2892 3710 2931 mu-

2060 2959 2133 3015 lis
2158 2960 2846 3033 vigorosisimponerent.
2880 2963 2950 3016 Et
2979 2963 3076 3018 isti
3123 2964 3372 3034 pedibus
3442 2964 3710 3021 incedere

2063 3067 2367 3121 nunquam
2400 3050 2944 3122 dedignati,terram
2975 3052 3164 3123 ipsam
3201 3053 3372 3124 plane
3399 3053 3710 3125 irecusant,

2063 3139 2184 3195 sive
2217 3144 2460 3194 matrem
2489 3139 2589 3194 illo
2621 3141 2793 3196 modo
2825 3145 3427 3214 reverentes,eamque
3487 3143 3710 3199 calcare

297 3221 603 3295 ἀνατιθέναι
660 3228 826 3284 αὑτό⁹
902 3227 991 3282 καὶ
1066 3226 1117 3281 οἱ
1190 3221 1465 3298 μηδέποτε
1514 3223 1942 3298 παραιτούμενοι

2066 3245 2174 3283 non
2207 3228 2645 3298 audentes,sine
2677 3228 2988 3299 gestientes
3027 3246 3206 3301 super
3227 3235 3445 3286 terram
3477 3231 3708 3299 elevari;

297 3325 441 3394 πεζῇ
499 3318 714 3396 τρέχειν
770 3317 868 3385 τὴν
926 3321 1026 3392 γῆν
1061 3313 1353 3369 ἀπείπαντο
1413 3312 1579 3381 αὐτὴν
1638 3311 1690 3374 ἐς
1727 3313 1790 3367 τὸ
1821 3334 1952 3367 παν-

295 3411 478 3481 τελὲς,
539 3409 573 3477 ἢ
623 3404 889 3480 τιμῶντές
940 3425 1045 3458 που
1074 3404 1172 3472 τὴν
1209 3403 1418 3479 μητέρα
1448 3401 1643 3470 οὕτως,
1666 3401 1753 3457 καὶ
1787 3422 1955 3456 κατα-

298 3504 491 3556 πατεῖν
547 3495 712 3564 αύτήν
776 3495 1056 3555 ἀκνοῦντες
1091 3537 1104 3563 ,
1173 3491 1209 3561 ἢ
1268 3490 1616 3569 σοφιζόμενοι
1672 3492 1734 3545 τὸ
1793 3491 1951 3566 ὑπέρ-

298 3610 448 3666 γειον
485 3607 499 3620 ·
561 3585 698 3641 ὥστε
751 3583 840 3637 καὶ
889 3584 1077 3637 θᾶττον
1142 3579 1200 3636 ἃν
1289 3581 1502 3655 Πέρσης
1683 3579 1828 3654 παρά
1877 3584 1956 3652 τῷ

2065 3320 2120 3370 et
2152 3315 2236 3371 sic
2269 3321 2443 3372 Persa
2471 3318 2626 3387 apud
2660 3317 2974 3372 candidum
2997 3317 3436 3390 Xenophontem
3463 3319 3710 3390 pedibus

2067 3407 2138 3460 ad
2173 3404 2593 3460 ambulandum
2629 3406 2821 3475 potius
2854 3406 3161 3473 utetur,vel
3187 3408 3258 3462 ab
3288 3424 3438 3478 equo
3462 3407 3714 3463 Centau-

2067 3511 2166 3548 rus
2197 3494 2776 3566 disjungetur,quam
2806 3493 2904 3550 isti
2937 3494 3188 3567 propriis
3218 3495 3468 3566 pedibus
3510 3497 3712 3552 ambu-

2065 3582 2294 3638 labunt.

303 3665 464 3749 καλῷ
520 3676 835 3751 Ξενοφῶντι
870 3672 1167 3748 ἀνάσχοιτο
1199 3669 1361 3724 ποσὶν
1391 3670 1468 3731 εἱς
1526 3665 1735 3745 βάδισιν
1767 3670 2097 3746 χρήσασθαι,
2123 3669 2227 3726 ε’ίτε
2259 3671 2564 3746 Κένταυρος
2605 3669 2921 3742 ἁπολέξεται
2975 3670 3064 3725 τὸν
3113 3668 3306 3739 Ἵππον,
3362 3667 3503 3746 ἤπερ
3561 3669 3715 3727 αὐτοὶ

304 3765 791 3844 προτραπήσονται
823 3759 900 3826 εἷς
926 3758 1048 3816 ὁδὸν
1075 3761 1174 3830 τὴν
1208 3757 1297 3814 διὰ
1325 3755 1507 3815 ποδῶν
1541 3757 1778 3816 οἰκείων.

375 3917 480 3986 κζ’.
543 3917 703 3990 Τάχα
751 3914 854 3991 γὰρ
886 3914 1186 3975 παικτικῶς
1210 3909 1606 3990 ἀφοσιούμενος
1640 3909 1667 3965 ὁ
1710 3913 1956 3971 τοιοῦτος

310 4003 761 4082 μεγαλοσχήμων
826 4003 886 4058 τὸ
941 4002 1297 4076 νενεκρῶσθαι
1355 4005 1471 4062 τοῖς
1503 3998 1649 4054 κάτω
1687 3998 1824 4054 καθά
1870 3998 1958 4053 καὶ

304 4091 718 4172 παρήγγελται,
769 4090 858 4147 καὶ
917 4089 1275 4166 ὡμολόγηκεν
1308 4107 1322 4120 ·
1383 4090 1576 4166 ἀφίησι
1628 4089 1722 4161 μέν
1774 4085 1960 4150 ἄλλως

309 4185 444 4240 αύτὸ
504 4181 898 4244 ἐπιδείκνυσθαι
977 4180 1112 4254 πρὸς
1171 4179 1427 4247 ἀλήθειαν
1505 4175 1573 4232 δι’
1629 4177 1818 4253 ἀργίας
1865 4181 1964 4230 τοῦ

311 4279 410 4348 ζῇν
472 4271 766 4345 ἐμπαθῶς,
835 4270 923 4324 καὶ
981 4272 1078 4323 τοῦ
1134 4269 1208 4340 μὴ
1262 4268 1522 4322 κινεῖσθαι
1579 4266 1716 4321 κατά
1768 4265 1964 4334 ζωϊκάς

313 4361 544 4437 ὀρέξεις·
606 4358 888 4428 ἀνατίθησι
964 4354 1021 4411 δὲ
1089 4354 1162 4416 εἷς
1239 4354 1501 4428 ὁποξύγια
1551 4354 1757 4419 ἑαυτὸν,
1828 4353 1966 4417 καθά

308 4450 403 4506 καί
455 4471 506 4502 τι
539 4446 732 4524 ἄχθος,
778 4446 868 4501 καὶ
920 4444 1051 4500 αὐτὸ
1100 4443 1344 4512 ἐτώσιον,
1404 4443 1495 4498 καὶ
1546 4441 1688 4497 οὕτω
1747 4443 1963 4517 φέρεται

312 4536 572 4613 ξυνωρίδι
625 4534 866 4610 ἀλόγων,
911 4538 1007 4588 τοῦ
1063 4553 1121 4588 τε
1164 4531 1565 4604 κρυπτομένου,
1615 4531 1705 4586 καὶ
1755 4530 1784 4585 ὅ
1830 4552 1964 4606 προ-

312 4628 598 4707 φαίνεται⁹
647 4623 1001 4702 σοφιζόμενυς
1061 4623 1090 4676 ὁ
1148 4621 1403 4687 ἐλεεινὸς,
1452 4619 1540 4675 καὶ
1600 4620 1698 4675 οὐκ
1749 4619 1965 4675 ἐννοού-

318 4737 526 4790 μενος,
605 4715 844 4790 ὲτεροίαν
904 4710 1159 4767 ἱππασίαν
1223 4717 1426 4786 χρῆναι
1483 4711 1752 4763 ποιεῖσθαι
1808 4709 1966 4765 αὐτὸν

2135 3913 2225 3969 27.
2251 3914 2417 3968 Forte
2474 3913 2630 3969 enim
2664 3914 2956 3986 perfectus
2989 3912 3099 3969 iste
3151 3913 3494 3982 monachus,
3526 3918 3592 3970 ut
3615 3930 3720 3987 per

2067 4001 2276 4058 ludum
2311 4002 2634 4058 satisfaciat
2653 4005 2782 4058 voto
2806 4002 3093 4059 moriendi
3115 4003 3429 4068 mundo,ut
3449 4004 3720 4060 admoni-

2070 4097 2165 4148 tus
2193 4096 2348 4148 estet
2363 4091 2960 4164 promisit,contendit
2980 4091 3039 4147 id
3063 4091 3482 4161 aliis'modis,et
3503 4094 3720 4150 veraci-

2071 4186 2161 4238 ter
2179 4181 2733 4251 ostendere,scilicet
2754 4180 3046 4237 otiositate
3067 4182 3194 4236 vitae
3217 4182 3294 4237 im
3306 4183 3564 4255 patibilis
3581 4187 3637 4239 et
3659 4199 3722 4240 se

2073 4286 2187 4324 non
2222 4270 2509 4324 moventis
2529 4270 2852 4324 secundum
2883 4270 3234 4342 cupiditates
3258 4271 3543 4327 animales
3571 4289 3584 4339 ;
3617 4271 3722 4327 sed

2075 4359 2430 4430 seipsum,ut
2461 4359 2752 4413 sarcinam
2781 4360 3099 4428 quamdam
3123 4366 3178 4415 et
3218 4358 3492 4414 inutilem
3545 4376 3724 4430 super

2072 4449 2342 4519 jumenta
2373 4446 2643 4517 imponit,
2675 4451 2733 4502 et
2772 4447 2853 4503 sic
2903 4447 3160 4522 ferturin
3189 4447 3467 4502 societate
3498 4446 3722 4502 anima-

2076 4536 2220 4592 lium
2253 4536 2766 4606 irrationabilium,
2795 4536 2972 4592 unius
3012 4535 3361 4603 absconditi,
3394 4539 3452 4591 et
3476 4534 3723 4592 alterius

2075 4626 2703 4699 manifestiDecipitur
2734 4625 2830 4680 ille
2864 4625 3044 4681 miser
3076 4640 3177 4680 nec
3219 4625 3432 4696 cogitat
3481 4623 3726 4682 alteram

2079 4716 2501 4787 equitationem
2525 4715 2777 4772 sibiesse
2793 4713 3725 4786 faciendam,secandumprophe-

319 4787 705 4882 προφητικήν,
765 4802 862 4870 τὴν
909 4800 998 4855 καὶ
1046 4797 1436 4867 ἀποστολικήν,
1488 4799 1588 4866 τήν
1649 4797 1736 4852 ἐπὶ
1795 4819 1951 4867 σωτηη

2081 4809 2170 4860 tas
2193 4809 2248 4860 et
2268 4804 3006 4876 apostolos,equitationem
3029 4802 3390 4858 salutiferam
3409 4806 3467 4858 et
3481 4803 3727 4860 turban-

317 4897 428 4972 ρία,
464 4895 564 4960 τὴν
604 4890 968 4964 ταράσσουσαν
1027 4885 1214 4958 ὕδατα,
1275 4888 1438 4942 ὁποῖα
1496 4889 1530 4956 ἡ
1592 4889 1776 4965 Γραφὴ
1826 4892 1968 4942 νοεῖν

321 4978 654 5040 ὑποϐάλλει·
692 4980 939 5053 ζωογόνα
999 4979 1094 5051 μὶν
1145 4975 1333 5038 ἄλλως
1379 4973 1710 5042 πολυειδῶς,
1739 4972 1974 5052 παραϐε-

319 5071 580 5146 ϐλημένα
638 5067 694 5124 δὲ
751 5066 992 5142 θαλάσσῃ
1040 5065 1129 5122 διὰ
1171 5067 1235 5121 τὸ
1299 5064 1531 5121 ἄπλετον
1591 5065 1680 5121 καὶ
1749 5065 1972 5136 ἀληθῶς

326 5163 468 5236 μέγα
509 5160 599 5214 καὶ
657 5157 998 5234 εὐρύχωρον,
1043 5153 1151 5226 ἤδη
1204 5151 1261 5209 δὲ
1306 5153 1394 5209 καὶ
1446 5151 1624 5209 διὰτὸ
1682 5152 1973 5230 δυσπρόσι-

321 5271 416 5306 τον
469 5249 548 5310 εἷς
593 5251 771 5323 γεῦσιν
815 5251 932 5307 τοῖς
979 5265 1040 5320 γε
1087 5245 1162 5318 μὴ
1224 5241 1567 5317 δυναμένοις,
1626 5243 1661 5314 ἢ
1700 5245 1975 5315 κατηξιω-

330 5340 519 5414 μένοις
578 5337 790 5411 ἐμπίνει
863 5335 1117 5390 τοιούτου
1180 5332 1394 5396 ὕδατοςο
1456 5335 1586 5410 ὅπερ
1653 5334 1788 5389 κατά
1839 5347 1974 5398 θεω-

325 5430 447 5506 ρίαν
508 5428 742 5503 ἒτεροίαν
791 5431 880 5501 ζῇ,
930 5427 1018 5481 καὶ
1078 5423 1326 5493 ἅλλεται,
1386 5423 1474 5479 καῖ
1553 5431 1696 5494 ζωῆς
1754 5425 1976 5481 αἰωνίου

327 5518 501 5575 αἴτιόν
536 5515 701 5586 ἐστιν,
737 5517 782 5572 εἰ
812 5517 900 5572 καὶ
936 5517 963 5572 ὁ
996 5514 1249 5591 λαμπρὸς
1307 5513 1463 5577 οὗτος
1504 5509 1774 5586 ἀναϐάτης
1808 5510 1976 5580 ἀϐϐἆς

326 5614 426 5665 τοῦ
484 5605 740 5663 τοιούτου
796 5605 1140 5682 ἀπεχόμενος
1193 5603 1412 5676 ὕδατος,
1469 5606 1566 5660 ὅσα
1621 5603 1710 5660 καὶ
1771 5605 1977 5680 ἅλμης,

333 5699 443 5776 οὐχ
470 5695 731 5754 ἱππασίαν
783 5694 1039 5752 ἐννοεῖται
1097 5696 1462 5773 ταράσσουσαν
1519 5691 1687 5751 ὕδατα
1743 5697 1981 5773 γραφικᾶ

2079 4899 2193 4949 tem
2209 4910 2387 4964 aquas
2404 4891 3029 4966 qualesintelligendas
3041 4891 3337 4962 Scriptura
3361 4892 3722 4965 suppeditat.

2082 4984 2209 5039 Istae
2233 4999 2394 5053 aqua
2421 4981 2623 5037 multis
2646 4981 2778 5037 aliis
2801 4981 2991 5036 modis
3011 4981 3294 5048 vivunt,et
3312 4981 3459 5037 mari
3493 4981 3727 5039 assimi-

2083 5072 2437 5143 lantur-quia
2457 5072 2847 5139 abundantes,
2880 5087 3103 5144 magnae
3139 5076 3196 5126 et
3251 5070 3580 5142 immensas,
3639 5076 3728 5128 at-

2085 5179 2198 5234 que
2230 5161 2466 5218 difﬁcile
2496 5162 2566 5217 ad
2592 5178 2691 5217 eas
2720 5161 3045 5234 gustandas
3076 5161 3373 5216 acceditur
3395 5161 3466 5216 iis
3492 5162 3592 5233 qui
3623 5179 3727 5218 ne-

2085 5255 2307 5323 queunt
2325 5256 2425 5306 aut
2445 5251 2834 5322 dedignantur
2855 5250 3028 5306 istam
3053 5266 3262 5320 aquam
3291 5250 3729 5318 bibere;eaadem

2086 5358 2217 5397 vero
2249 5357 2411 5413 aqua
2439 5341 2551 5396 alio
2573 5341 2746 5395 modo
2777 5340 2977 5394 vivunt
3005 5344 3061 5395 et
3089 5339 3451 5408 exsiliunt,et
3482 5341 3624 5395 dant
3644 5341 3735 5397 vi-

2086 5437 2204 5486 tam
2234 5436 2508 5486 aeternam
2543 5430 2592 5484 si
2629 5429 2823 5485 clarus
2853 5430 3351 5501 eques,abbas,ab
3375 5429 3460 5485 eis
3487 5446 3600 5486 non
3631 5431 3737 5486 mi-

2089 5539 2199 5577 nus
2231 5522 2301 5577 ab
2361 5519 2482 5576 sale
2527 5518 2807 5586 obstinet,
2867 5535 2985 5574 non
3043 5517 3260 5591 cogitat
3318 5519 3735 5590 equitationem

2089 5627 2272 5683 aquas
2294 5609 2557 5681 depictas
2587 5612 2970 5676 everrentem,
3017 5612 3072 5664 et
3093 5612 3306 5665 ﬂuctus
3365 5607 3739 5682 procelloso,

2092 5705 2150 5758 et
2178 5698 2547 5772 chlamydem
2571 5702 2631 5756 et
2659 5714 2820 5756 mare
2842 5698 3094 5755 reﬂuens
3119 5714 3237 5756 non
3255 5698 3597 5774 agitatque
3617 5715 3743 5758 om-
