4114 6200
381 340 494 400 ’151

1152 333 1574 396 EUSTATlllI
1621 331 2387 392 THESSALONICENSIS
2434 331 3017 393 HETROPOLITE

3670 338 3784 397 752

380 473 481 528 nia
509 471 807 544 experitur
829 470 1005 526 homo
1026 466 1326 524 secularis
1349 481 1452 538 per
1471 480 1633 521 mare
1651 464 2020 537 negotiorum

2146 461 2333 523 πάλους
2357 459 2417 516 δέ
2443 482 2624 540 τυφων
2635 460 2781 524 ικοίις
2824 462 3061 532 ἀνακυπιᾷ
3086 462 3178 517 καὶ
3223 459 3524 540 χαρύϐδεις
3551 466 3645 520 καὶ
3677 465 3781 539 ἀμ-

381 562 688 633 navigans,
723 577 838 616 non
868 564 1062 614 autem
1096 557 1195 630 qui
1227 557 1402 611 vitam
1433 555 1694 627 quietam
1757 558 1813 609 et
1867 558 2030 609 tran-

378 651 629 724 quillam
659 649 842 722 eli'git.

445 831 537 886 28.
570 832 616 885 Ο
643 826 805 882 Helia
836 824 935 896 qui
965 839 1138 878 curru
1172 826 1381 894 raptus
1411 837 1494 887 es,
1528 838 1633 877 cur
1663 838 1778 876 non
1809 837 1878 876 ex
1908 821 2026 875 alto

376 936 602 987 mones,
662 914 956 986 quomodo
1011 911 1399 983 equitandum
1457 916 1549 965 est
1605 911 1698 966 his
1772 910 2027 965 homini-

374 1013 486 1066 bus
515 1005 641 1072 Dei,
672 1019 744 1058 ne
774 1003 893 1056 vita
923 1001 1247 1073 spiritualis
1294 1017 1362 1055 ex
1419 1005 1652 1056 terrena
1697 999 2029 1071 peregrina-

372 1099 530 1154 tione
577 1090 952 1165 negligatur?
998 1093 1113 1145 Aut
1168 1106 1339 1144 curru
1373 1088 1557 1160 ignito
1603 1087 1882 1158 elevatus,
1928 1105 2026 1142 su-

372 1204 474 1261 per
505 1183 796 1240 mundum
867 1180 1202 1248 ascendens,
1254 1178 1541 1250 numquid
1591 1194 1801 1250 parum
1850 1193 2021 1231 curas

372 1293 506 1333 eum
550 1274 650 1345 qui
684 1271 880 1327 currui
915 1274 1015 1324 tuo
1046 1268 1319 1324 insistere
1357 1271 1608 1333 recusat,
1639 1270 1697 1321 et
1740 1283 1845 1320 nos
1876 1265 2021 1321 sinis

368 1365 628 1439 proferre
648 1378 774 1433 qua
789 1365 938 1415 Deus
963 1357 1622 1430 imperaveritdicendo:
1659 1356 1759 1410 Eia
1787 1371 1914 1427 age,
1939 1355 2021 1410 sic

366 1454 884 1521 faciamus,sancte
913 1448 1014 1503 Dei
1047 1447 1349 1502 monache!
1377 1446 1882 1512 Quemadmodum
1908 1461 2020 1500 non

367 1545 587 1615 ubique
636 1537 1096 1606 ambulandum,
1155 1536 1256 1591 sed
1316 1534 1633 1606 aliquando
1691 1535 2020 1589 sistendum

367 1638 474 1700 est;
509 1645 698 1701 neque
727 1627 886 1683 omni
918 1627 1047 1680 vita
1072 1625 1261 1696 spatio
1285 1629 1438 1680 recte
1462 1628 1518 1677 et
1548 1621 1839 1678 inﬂexible
1861 1627 2021 1677 stan-

368 1723 508 1777 dum
540 1721 798 1785 est,sunt
819 1731 953 1770 vero
975 1719 1242 1785 tempora
1270 1711 1486 1784 quibus
1518 1711 1745 1782 corpori
1791 1726 2018 1766 recum-

367 1813 505 1868 bere
553 1825 668 1864 non
728 1805 919 1862 solum
976 1819 1154 1875 super
1190 1806 1427 1871 terram,
1485 1817 1686 1855 verum
1746 1799 1796 1854 si
1872 1817 2019 1872 opus

369 1905 460 1958 est
488 1899 550 1955 in
581 1895 779 1963 cubili,
812 1894 871 1948 in
904 1891 1138 1957 lectulo,
1171 1907 1303 1946 cum
1337 1890 1631 1962 tapetibus
1661 1889 2020 1944 conceditur:

368 1989 571 2046 eodem
605 1985 777 2041 modo
808 1998 915 2038 nec
944 1981 1201 2052 pudibus
1229 1983 1386 2035 terra
1405 1979 1854 2050 proterendaest
1884 1994 2020 2033 con-

366 2076 660 2147 tinuo,sed
693 2077 750 2129 et
804 2089 980 2128 curru
1039 2069 1324 2125 utendum
1355 2073 1467 2135 est,
1528 2068 1680 2122 inter
1729 2067 2016 2138 quasdam

366 2159 1077 2233 circumstantias,quales
1101 2158 1232 2214 vitai
1264 2162 1390 2212 rota
1421 2171 1488 2212 ex
1535 2155 1651 2211 alto
1709 2157 1769 2210 in
1829 2172 2015 2211 unum

363 2257 626 2313 vertente
656 2255 714 2308 et
743 2267 851 2306 suo
910 2247 1126 2305 circulo
1185 2246 1310 2302 dies
1369 2249 1604 2301 nostros
1664 2244 2016 2310 involvente,

367 2361 520 2418 saape
551 2343 934 2398 reducuntur.
967 2337 1167 2408 Neque
1199 2335 1269 2390 de
1299 2333 1443 2390 solis
1505 2333 1728 2388 morbis
1786 2332 2014 2404 loquor,

368 2435 470 2508 qui
494 2431 671 2488 variis
689 2429 880 2485 modis
903 2427 1190 2498 languens
1207 2439 1421 2495 corpus
1443 2422 1504 2477 in
1524 2423 1802 2478 feretrum
1821 2437 2020 2477 ascen-

366 2527 501 2581 dere
523 2525 761 2594 cogunt,
795 2519 897 2574 sed
954 2521 1010 2571 et
1039 2516 1110 2570 de
1168 2513 1298 2569 aliis
1322 2512 1746 2580 accidentibus,
1793 2510 1854 2565 in
1887 2510 2016 2580 qui-

366 2617 480 2670 bus
505 2612 786 2682 majorem
808 2624 877 2663 ex
909 2603 1210 2661 monachis
1243 2619 1358 2657 non
1390 2617 1627 2656 necesse
1652 2605 1741 2655 est
1770 2600 2020 2672 pedibus

375 2703 666 2759 incedere.
692 2698 892 2768 Longa
933 2693 1156 2750 scilicet
1212 2691 1306 2747 via
1352 2690 1518 2744 illum
1565 2705 1744 2760 super
1779 2705 2018 2744 currum

379 2790 696 2849 ascendere
753 2789 938 2857 coget,
987 2783 1142 2838 sicut
1170 2788 1226 2837 et
1255 2781 1536 2851 majestas
1594 2795 1825 2835 amcsna
1851 2783 1910 2834 et
1939 2779 2023 2834 di-

375 2897 493 2954 gna
524 2877 761 2933 homine
791 2880 1092 2940 sancl0,ne
1120 2869 1292 2941 vulgo
1326 2867 1797 2924 commisceatur.

2136 549 2402 613 πώτιδας⁶
2435 549 2508 604 ὧν
2534 553 2797 620 κοσμικὸς
2826 558 3076 624 πειρᾶται
3107 551 3413 627 ἄνθρωπος,
3471 555 3789 630 νηχόμενος

2140 638 2227 694 διὰ
2252 639 2530 711 θαλάσσης
2553 643 2913 716 πραγμάτων,
2945 641 3007 695 ού
3039 644 3151 714 μῆν
3183 644 3212 696 ὁ
3239 643 3332 697 τὸν
3357 644 3669 717 ἀκύμαντον
3697 646 3784 700 καὶ

2135 728 2427 783 ἀσάλευτον
2464 729 2581 804 βίον
2613 729 2707 784 ἐλό
2716 751 2895 802 μενος.

2203 840 2308 888 κη.
2342 823 2406 872 Ὠ
2463 818 2823 894 ἁρματηλάτα
2885 817 3064 889 Ἠλία,
3111 821 3165 875 τί
3221 819 3429 892 δήποτε
3479 825 3557 896 μὴ
3615 846 3780 881 κατα-

2135 906 2367 978 πὲμπεις
2422 911 2607 985 φωνήν
2659 905 2880 976 ἄνωθεν,
2937 912 3087 972 ὅπως
3144 911 3271 966 τοὺς
3300 917 3396 967 τοῦ
3423 918 3559 968 Θεοῦ
3595 917 3783 970 τοιού-

2132 1017 2258 1058 τους
2307 998 2623 1071 ἀνθρώπους
2701 998 3022 1067 ἱππάζεσθαι
3071 1002 3208 1075 χρὴ,
3258 1002 3335 1063 ὡς
3387 1004 3463 1074 μή
3525 1004 3781 1080 ἀχρειοῦν

2130 1086 2193 1139 τὸ
2224 1086 2359 1140 κατά
2386 1091 2597 1158 πνεῦμα
2642 1082 2951 1142 διαϐατικὸν
3005 1089 3065 1143 ἐκ
3105 1093 3202 1143 τοῦ
3232 1091 3368 1144 κατά
3395 1094 3500 1165 γῆς
3559 1090 3783 1169 ἔρπεινς

2133 1176 2202 1230 Ἥ
2236 1174 2297 1228 ὠ
2354 1176 2448 1248 μὲν
2477 1176 2701 1250 πύρινος
2756 1173 3046 1251 διφρευτὴς
3102 1173 3363 1246 ἀπεκϐἀς,
3405 1182 3496 1234 καὶ
3547 1183 3642 1236 τὸν
3692 1184 3784 1238 κό-

2132 1284 2269 1336 σμον
2320 1260 2674 1339 ὑπεραναϐἀς,
2724 1264 2890 1342 ὀλίγα
2935 1265 3226 1346 ἐπιστρέφῃ
3274 1275 3382 1324 τῶν
3446 1273 3524 1343 μὴ
3563 1272 3782 1328 ἐθελόν-

2130 1373 2236 1406 των
2272 1352 2472 1423 ζηλοῦν
2499 1355 2561 1408 τὸ
2593 1357 2682 1409 σὸν
2717 1353 3007 1433 δίφρευμα·
3067 1360 3203 1428 ἡμῖν
3237 1356 3294 1412 δὲ
3349 1359 3509 1437 ἐφίης
3569 1361 3783 1431 λαλεῖν,

2133 1440 2186 1495 εἷ’
2248 1442 2300 1495 τί
2372 1463 2477 1496 που
2551 1444 2640 1497 καὶ
2721 1444 2898 1507 θεόθεν
2972 1444 3175 1518 ἐπὲλθᾳ
3249 1449 3622 1524 φθέγγεσθαι;
3686 1455 3782 1506 Καὶ

2132 1527 2198 1600 δὴ
2231 1536 2475 1603 ποιῶμεν
2509 1532 2673 1600 οὕτω,
2705 1533 2819 1587 ὅσιε
2869 1539 2947 1606 τῷ
2991 1541 3108 1608 Θεῷ
3167 1537 3399 1613 μοναχὲ.
3459 1542 3664 1615 Ὠσπερ
3725 1541 3783 1596 οὗ

2130 1621 2362 1674 πάντοτέ.
2411 1641 2495 1675 σοι
2549 1619 2828 1695 βαδιστέον
2862 1670 2876 1695 ,
2930 1623 3077 1679 ἀλλά
3131 1647 3237 1680 που
3306 1629 3395 1681 καὶ
3447 1632 3780 1703 ἧρεμητέον·

2132 1705 2260 1763 οὐδὲ
2290 1707 2626 1784 ὀρθοστάδην
2687 1709 2992 1768 διανυστέον
3041 1713 3103 1768 τὸ
3161 1719 3262 1769 πᾶν
3317 1723 3417 1786 τῆς
3453 1723 3598 1788 ζωῆς
3649 1720 3784 1774 ἀκα-

2128 1799 2469 1870 τάκαμπτον,
2529 1798 2675 1854 ἀλλά
2730 1798 2783 1853 ἐν
2833 1807 3044 1878 καιροῖς
3093 1803 3181 1857 καὶ
3225 1804 3540 1861 κατακλίσει
3594 1805 3781 1863 δοτέον

2130 1891 2194 1944 τὸ
2252 1894 2429 1962 σῶμα,
2480 1889 2569 1945 καὶ
2627 1892 2766 1965 αὐτῇ
2827 1892 2888 1946 οὗ
2949 1892 3109 1965 μόνον
3168 1895 3304 1950 κατά
3358 1905 3494 1971 γῆν,
3549 1898 3684 1954 ἀλλ’
3740 1897 3784 1954 εἶ

2132 1975 2312 2048 δεήσει
2355 1977 2406 2033 ἐν
2438 1980 2688 2054 χαμεύνῃ
2711 1980 2800 2034 καὶ
2849 1980 3036 2056 κλίνῃ,
3085 1982 3175 2037 καὶ
3222 1988 3391 2040 ταῦτα
3437 1987 3574 2059 μετά
3604 1988 3784 2062 στρώ-

2128 2086 2320 2140 ματος·
2355 2068 2528 2130 οῧτως
2586 2066 2718 2124 οὐδὲ
2769 2070 2900 2125 ποσὶ
2960 2069 3150 2126 διόλου
3197 2072 3447 2149 τριπτὲον
3504 2077 3607 2145 τήν
3654 2085 3781 2152 γῆν,

2126 2154 2273 2210 ἀλλά
2300 2156 2389 2210 καὶ
2422 2156 2724 2233 ἐποχητέον
2768 2156 2857 2212 διὰ
2901 2161 3268 2233 περιπέτειαν,
3313 2162 3509 2226 ὁποίας
3564 2164 3784 2228 πολλὰς

2127 2246 2157 2299 ὁ
2211 2249 2308 2299 τοῦ
2379 2245 2502 2320 βίου
2575 2247 2778 2322 τροχὸς
2848 2249 3150 2326 περιφέρει,
3226 2252 3596 2329 στρεφόμενος
3673 2253 3783 2309 ἄνω

2128 2335 2274 2388 κάτω
2304 2334 2393 2388 καὶ
2425 2332 2737 2389 ἀνακυκλῶν
2784 2335 2851 2390 τὰ
2903 2337 3153 2412 βιωτικά.
3203 2339 3308 2394 Καὶ
3370 2341 3434 2395 ού
3485 2341 3636 2416 λέγω
3683 2346 3781 2413 τὴν

2127 2425 2262 2478 κατᾶ
2289 2423 2470 2496 νόσον,
2528 2425 2712 2478 ὁποῖαι
2743 2424 2833 2478 καὶ
2892 2425 3050 2479 αὐταὶ
3106 2424 3415 2490 πολυειδεῖς
3437 2430 3499 2484 τὸ
3537 2429 3593 2485 ἐν
3640 2434 3780 2506 ἡμῖν

2127 2513 2376 2566 ταπεινὸν
2471 2514 2748 2585 σωμάτιον
2842 2513 3172 2569 ἀνατιθέασιν
3267 2517 3344 2580 εἷς
3453 2519 3782 2597 βάσταγμα,

2129 2602 2337 2676 ἑτεροῖα
2395 2599 2451 2656 δέ
2500 2623 2619 2656 τινα
2687 2605 3115 2678 περιπτώματα,
3195 2607 3271 2660 ὧν
3346 2605 3517 2663 ἕνεκεν
3582 2611 3782 2685 ἀνέγκη

2127 2687 2217 2742 καὶ
2273 2689 2364 2742 τὸν
2422 2688 2473 2743 ἐν
2538 2694 2805 2765 μοναχοῖς
2866 2690 3170 2768 ὑπὲρμεγαν
3230 2693 3590 2771 ἀπολέγεσθαί
3650 2720 3786 2754 ποτε

2126 2777 2190 2831 τὸ
2220 2778 2346 2832 ποσὶ
2397 2776 2651 2854 βαδίζειν.
2694 2779 2887 2856 Μακρά
2931 2781 3108 2836 τοίνυν
3167 2779 3293 2847 ὁδὸς
3344 2784 3585 2860 βιάσεται
3635 2787 3785 2861 αύτῷ

2127 2867 2225 2936 τήν
2303 2865 2380 2930 εἷς
2460 2866 2750 2943 ὑποζύγιον
2828 2863 3127 2943 ἀνάϐασιν,
3201 2871 3293 2926 καὶ
3377 2876 3649 2947 σεμνότης
3729 2875 3786 2932 δὲ

388 2952 614 3036 ἀστεία,
689 2963 1040 3038 προσήκουσα
1112 2956 1380 3033 καθαρείφ
1473 2956 1744 3030 ἀνθρώπῳ
1778 2996 1792 3023 ,
1890 2952 2323 3029 μεγαλυνομάνῳ
2410 2953 2660 3026 ἐπίτηδες
2692 3000 2708 3028 ,
2794 2955 2889 3013 ἵνα
2989 2961 3064 3033 μὴ
3167 2961 3612 3039 παραῤῥιπτῆται
3712 2966 3784 3029 εἰς

387 3057 417 3082 ’ί

387 3076 711 3205 αγὲξῗκῖἰνέο
768 3143 926 3200 enim
1004 3154 1431 3210 nonnunquam
1489 3135 1850 3193 observanda
1896 3139 2037 3192 sunt

385 3242 625 3314 propter
652 3236 988 3291 insensatos
1016 3229 1115 3302 qui
1159 3227 1458 3285 hominem
1508 3226 1845 3282 interiorem
1905 3242 2034 3298 per-

2215 3135 2313 3192 κθ’.
2362 3133 2665 3211 Πολλαχοῦ
2712 3135 2816 3212 γὰρ
2867 3138 2957 3193 καὶ
3013 3141 3080 3195 τὰ
3125 3144 3350 3197 τοιαῦτα
3406 3146 3804 3222 παρατηρητέα

2147 3221 2235 3278 διὰ
2289 3223 2415 3286 τοὺς
2473 3224 2854 3302 ἀφραίνοντας,
2914 3227 2968 3281 οἵ
3028 3231 3105 3301 μὴ
3180 3231 3509 3305 προκύπτειν
3569 3221 3649 3296 εἰς
3710 3234 3798 3289 τὸν

385 3309 610 3403 spicere
633 3342 748 3382 non
779 3321 1064 3386 valentes,
1097 3317 1262 3374 illum
1296 3334 1365 3374 ex
1393 3315 1777 3373 exterioribus
1830 3314 2031 3371 volunt

2146 3309 2250 3368 ἔσω
2310 3311 2956 3403 δυνάμενοιᾉᾶνθρωπον,
3030 3316 3088 3372 ἐκ
3140 3323 3247 3373 τῶν
3304 3318 3403 3390 ἔξω
3456 3322 3802 3399 χαρακτηρί-

380 3417 668 3492 judicare.
703 3413 787 3468 0b
820 3411 972 3466 hanc
1002 3424 1140 3479 ergo
1170 3422 1410 3463 causam
1441 3421 1559 3461 non
1590 3404 1943 3477 depingatur
1971 3404 2031 3459 in

388 3508 787 3581 portentosam
819 3515 1132 3573 personam
1164 3495 1264 3552 ille
1295 3511 1548 3567 magnus
1573 3493 1915 3563 monachus,
1962 3510 2036 3549 ne

392 3597 749 3668 conspuatur
796 3591 868 3646 ab
899 3586 1141 3661 ignaris,
1176 3603 1210 3640 a
1258 3601 1373 3657 quo
1404 3584 1454 3639 si
1485 3583 1764 3654 abstinet,
1799 3598 1913 3638 non
1936 3582 2040 3638 de-

394 3673 568 3745 erunt
597 3683 721 3740 aliae
746 3681 852 3736 via:
884 3680 956 3735 ad
1016 3676 1358 3734 alliciendos
1389 3675 1610 3730 obvios.
1642 3674 1873 3729 Etenim
1906 3689 2042 3728 cum

393 3781 632 3848 tempus
661 3771 790 3842 erit,
823 3769 1136 3834 lmtabitur,
1170 3782 1457 3838 parceque
1504 3763 1850 3819 subridebit.
1894 3762 2041 3827 Quid

397 3864 590 3938 ergo?
647 3865 812 3934 parta
868 3859 975 3913 hac
1027 3855 1483 3928 aequanimitate,
1549 3854 1743 3909 adhuc
1809 3852 2040 3908 ridebit.

396 3957 524 4013 Non
548 3952 704 4008 enim
737 3964 914 4020 penes
946 3962 1038 4001 me
1068 3945 1337 4000 homines
1367 3944 1554 3999 risum
1619 3942 1854 3997 omnino
1906 3958 2042 3996 con-

397 4045 745 4100 demnantes
768 4035 1222 4110 probare,donec
1250 4033 1443 4088 audivi
1473 4032 1761 4088 dicentem
1795 4049 1808 4087 :
1849 4031 2043 4086 «Beati

398 4131 497 4204 qui
530 4145 685 4186 nunc
716 4125 1030 4196 ﬂetis,quia
1088 4123 1354 4178 ridebitis
1387 4123 1429 4175 ⁴.
1452 4123 1522 4177 Et
1576 4122 1686 4177 iste
1711 4137 1912 4176 servus
1947 4119 2044 4176 Dei

399 4221 604 4278 eodem
637 4217 813 4274 modo
847 4231 908 4271 se
939 4213 1253 4278 habebit,si
1313 4211 1465 4283 quid.
1504 4212 1841 4284 jucundum
1893 4211 2042 4265 acci-

400 4310 589 4368 derit:
651 4324 786 4363 eum
816 4305 1010 4360 videre
1041 4307 1130 4360 est
1179 4301 1349 4358 dulce
1403 4301 1810 4373 aspicientem.
1843 4315 2043 4357 aurem

398 4400 612 4458 blande
643 4397 1020 4470 praabentem,
1054 4392 1173 4448 illis
1205 4408 1341 4448 cum
1402 4391 1618 4464 quibus
1667 4389 2043 4461 colloquitur,

400 4505 498 4548 ore
529 4487 776 4559 benigno
805 4484 1128 4541 intuebitur
1161 4482 1454 4538 hominem
1479 4485 1702 4535 rectum
1733 4479 1804 4534 ad
1849 4494 2046 4534 exem-

399 4580 529 4653 plar
559 4577 713 4650 regis
735 4575 919 4631 nostri
951 4589 1180 4629 amoena
1210 4568 1668 4643 pulchritudine.

469 4760 557 4815 30.
589 4752 1096 4823 Quemadmodum
1147 4765 1281 4820 ergo
1308 4747 1480 4804 certis
1515 4745 1878 4818 temporibus
1937 4761 2045 4800 no-

2149 3408 2254 3471 ζειν
2309 3401 2468 3457 αὐτὸν
2524 3401 2818 3462 ἐθέλουσιν.
2879 3407 3039 3469 ’Όθεν
3086 3403 3214 3462 οὔτε
3271 3407 3348 3471 εἰς
3374 3406 3622 3486 εἶδεχθὶς
3648 3414 3804 3488 χρώ·-

2154 3495 2300 3560 ζοιτο
2333 3492 2390 3545 ἂν
2422 3491 2450 3545 ὁ
2477 3494 2726 3554 τοιοῦτος
2788 3490 2953 3568 μέγας
2988 3496 3251 3570 μοναχὸς,
3277 3493 3371 3552 ἵνα
3426 3500 3502 3572 μὴ
3557 3500 3650 3554 καὶ
3701 3521 3804 3556 σιε-

2152 3577 2488 3656 λογραφῆναι
2517 3585 2636 3642 τοῖς
2691 3579 3055 3648 ἀπαιδεύτοις
3118 3583 3168 3640 εἴ
3221 3582 3278 3640 δὲ
3339 3588 3447 3659 μὴν
3510 3588 3806 3666 ἀπέχοιτο,

2152 3666 2277 3724 οὐδὲ
2353 3672 2450 3724 τοῦ
2517 3667 2706 3733 ἄλλως
2776 3671 3064 3749 ἐπάγεσθαι
3140 3673 3267 3738 τοὺς
3344 3677 3805 3756 ἐντυγχάνοντας.

2154 3758 2251 3812 Καὶ
2309 3759 2410 3835 γὰρ
2463 3759 2552 3813 καὶ
2613 3759 2966 3837 ἰλαρυνεῖται,
3019 3761 3109 3818 ὅτε
3159 3766 3366 3842 καιρὸς,
3425 3769 3516 3822 καὶ
3570 3771 3803 3844 ὑπομει-

2154 3845 2321 3902 διάσει
2366 3845 2670 3922 γαληνιῶν.
2703 3852 2772 3907 Τί
2802 3848 2859 3906 δέ
2883 3870 2896 3921 ;
2924 3853 2970 3907 εἱ
3001 3851 3306 3918 πλεονάσας
3333 3858 3486 3912 τουτὶ
3527 3859 3592 3914 τὸ
3642 3860 3805 3916 mi-

2153 3959 2356 4010 στημα,
2400 3937 2490 3993 καὶ
2545 3938 2780 4016 γελάσει.
2841 3941 2919 4000 Οὐ
2949 3943 3054 4020 γὰρ
3108 3939 3224 4019 ἔχω
3282 3944 3459 4024 φιλεῖν
3514 3946 3624 4024 ἐγὼ
3683 3950 3805 4013 τοὺς

2153 4027 2487 4082 παντάπασιν
2569 4028 2897 4099 ἐξωθοῦντας
2975 4033 3064 4087 τὸν
3141 4032 3376 4109 γέλωτα,
3449 4034 3556 4100 ἓως
3626 4039 3809 4095 ἀκούω

2159 4117 2454 4191 μακαρίους
2513 4117 2645 4172 εἶναι
2701 4118 2831 4181 τοὺς
2875 4119 3163 4184 κλαίοντας
3195 4126 3305 4192 νῦν,
3340 4123 3422 4179 δτι
3455 4123 3806 4201 γελάσουσιν.

2155 4205 2363 4262 Οὐκοῦν
2421 4206 2510 4261 καὶ
2573 4208 2601 4261 ὁ
2648 4213 2894 4264 τοιοῦτος
2946 4219 3278 4285 θεραπευτής
3318 4218 3417 4268 τοῦ
3464 4220 3603 4271 Θεοῦ
3633 4218 3812 4274 πείσε-

2152 4315 2241 4350 ται
2291 4293 2504 4369 ὅμοιον,
2565 4295 2618 4350 εἶ’
2659 4296 2712 4352 τί
2763 4318 2869 4352 που
2924 4300 3228 4374 παραπέσοι
3289 4300 3522 4380 ἐφολκὸν
3598 4305 3679 4369 εἰς
3747 4307 3812 4361 ἀ-

2156 4385 2458 4451 στειότητα·
2509 4387 2599 4439 καὶ
2644 4384 2817 4462 γλυκὺ
2857 4384 2916 4442 δὶ
2964 4383 3250 4464 ἐμϐλέψει,
3309 4391 3398 4446 καὶ
3451 4393 3626 4464 ἀκοὴν
3654 4394 3812 4474 ἐφελ-

2154 4474 2393 4562 κύσεται,
2449 4473 2753 4549 γλυκάζων,
2807 4478 2890 4539 οἷς
2941 4475 3120 4532 λαλεῖ·
3171 4479 3263 4534 καὶ
3297 4480 3507 4545 εὐωπός
3564 4473 3811 4562 ἐντρανί-

2159 4569 2262 4632 ζων
2291 4559 2436 4626 ἕςται
2467 4563 2546 4626 εἷς
2595 4565 2978 4644 ἀνυπόκριτον,
3026 4567 3162 4623 κατὰ
3202 4570 3294 4624 τὸν
3353 4572 3559 4648 ὡραῖον
3613 4559 3812 4632 κάλλει

2155 4651 2350 4729 Κύριον
2383 4656 2567 4727 ἡμῶν.
3731 4703 3738 4709 .

2229 4740 2296 4800 λ’.
2329 4744 2518 4798 Δοτέον
2552 4743 2666 4812 οὗν,
2713 4746 2852 4809 καθὰ
2899 4745 2988 4801 καὶ
3036 4750 3244 4827 τροφὴν
3294 4751 3525 4826 καιρίως
3579 4747 3812 4824 ἔξαλλον

396 4867 507 4907 vus
538 4847 724 4912 cibus,
755 4850 811 4900 et
841 4843 1128 4898 mundum
1161 4839 1529 4907 balneum,et
1559 4835 1735 4892 vestis
1767 4853 1882 4892 non
1941 4835 2031 4890 tri-

2153 4832 2242 4887 καὶ
2269 4831 2497 4907 λουτρὸν
2545 4831 2836 4909 καθάρσιον
2883 4834 2973 4890 καὶ
3021 4835 3225 4907 στολὴν
3269 4834 3489 4915 ἀτριϐῆ,
3523 4839 3670 4898 οὕτω
3720 4843 3811 4898 καὶ

399 4937 593 5005 ta,sic,
629 4938 865 5006 propter
893 4932 1030 5000 ista,
1063 4945 1270 4985 currus
1305 4927 1440 4983 huic
1499 4925 1783 4982 monacho
1836 4923 2046 4996 majori

398 5023 806 5084 concedendus
825 5025 916 5077 est
945 5021 1014 5076 ad
1049 5035 1244 5088 usum,
1278 5033 1391 5072 non
1426 5015 1498 5070 ad
1527 5015 1803 5084 nimium,
1839 5018 1942 5070 aut
1973 5014 2045 5070 ad

397 5115 623 5176 malum
651 5127 846 5168 usum.
879 5109 1038 5174 Quod
1073 5107 1170 5162 ille
1202 5106 1463 5161 modeste
1509 5104 1696 5170 faciet,
1731 5103 1781 5159 si
1822 5105 2045 5176 recogi-

395 5208 574 5273 tat,ut
605 5201 891 5273 scriptum
959 5203 1069 5270 est,
1123 5197 1534 5253 ascendentem
1582 5211 1760 5267 super
1818 5193 2046 5266 pullum

399 5311 576 5368 super
597 5307 771 5366 quem
805 5303 972 5344 neme
1005 5287 1255 5351 sederat,
1288 5289 1343 5341 et
1371 5284 1523 5341 inter
1553 5284 1804 5357 hymnos
1850 5283 2045 5356 splen-

397 5386 531 5442 dide
557 5380 1024 5453 triumphantem
1074 5377 1145 5432 de
1195 5379 1394 5432 nostro
1445 5375 1748 5430 communi
1806 5373 2046 5429 inimico

399 5476 696 5543 damone;
758 5486 876 5527 non
937 5470 1132 5524 autem
1160 5465 1330 5522 aliter
1375 5465 1435 5520 id
1467 5467 1620 5537 agat,
1654 5463 1877 5522 scilicet
1906 5479 2042 5522 cum

466 5689 491 5724 ‘
518 5687 654 5742 Luc.
678 5701 757 5756 v1,
778 5684 868 5738 21.

2156 4918 2351 4997 ὄχημα
2383 4919 2471 4976 διά
2498 4926 2664 4976 ταῦτα
2694 4928 2772 4995 τῷ
2824 4924 3304 5003 μεγαλοσχήμονι,
3363 4927 3501 4985 ὥστε
3546 4938 3811 5008 χρᾶσθαι,

2157 5011 2218 5067 οὐ
2255 5012 2362 5085 μὴν
2393 5012 2781 5088 ὑπερχρᾶσθαι,
2833 5010 2931 5068 εἶτ’
2988 5014 3080 5070 οὖν
3130 5020 3536 5095 παραχρᾶσθαι.
3581 5025 3814 5093 Ποιήσει

2157 5099 2215 5157 δὲ
2271 5100 2402 5156 αὐτὸ
2460 5100 2668 5166 ἐκεῖνος
2717 5098 2990 5174 εὐλαϐῶς,
3048 5104 3452 5180 ἐνθυμούμενος
3516 5110 3612 5166 τὸν
3645 5155 3662 5182 ,
3737 5113 3814 5176 ὡς

2154 5191 2477 5268 γέγραπται,
2538 5190 2624 5246 ἐπὶ
2655 5191 2829 5269 ἀσαγῆ
2862 5194 3052 5251 πῶλον
3100 5191 3488 5269 ἐπιϐεϐηκότα,
3537 5199 3625 5255 καὶ
3678 5202 3815 5274 μετὰ

2156 5281 2338 5355 ὕμνῶν
2412 5275 2853 5355 Θριαμϐεύσαντα
2914 5286 3054 5340 κατὰ
3129 5290 3225 5342 τοῦ
3290 5293 3477 5344 κοινοῦ
3534 5288 3813 5365 πολεμίου

2156 5369 2415 5445 δαίμονος
2455 5377 2770 5444 πομπικῶς·
2825 5374 2891 5429 οὐ
2946 5375 3052 5449 μὴν
3098 5373 3285 5440 ἄλλως
3337 5384 3616 5456 τρυφερῶς
3673 5382 3815 5438 κατὰ

2153 5459 2278 5524 τοὺς
2327 5463 2418 5520 καὶ
2451 5461 2596 5519 οὕτω
2623 5459 3038 5535 σπαταλῶντας,
3064 5462 3158 5522 ’ίνα
3209 5467 3287 5541 μὴ
3316 5471 3396 5542 τῷ
3445 5467 3597 5544 λόγῳ
3618 5470 3811 5546 τούτῳ
