4114 6200
341 422 465 480 753

1363 424 1464 482 DE
1509 423 1992 486 EMENDANDA
2037 429 2219 488 VITA
2264 425 2738 488 MONAGHIGA.

3637 419 3755 478 754

342 551 437 607 καὶ
495 552 566 626 τῇ
614 547 925 627 ἀδιακρισίᾳ
974 551 1064 606 καὶ
1121 557 1200 626 τῷ
1255 550 1536 631 ἀδιαφόρῳ
1587 559 1714 625 τῶν,
1775 555 1820 611 εἰ
1879 561 1984 633 χρὴ

2107 578 2340 633 pompa,
2374 559 2700 616 secundum
2748 554 3112 622 deliciantes,
3147 569 3220 609 ne
3259 551 3375 608 ista
3420 551 3627 623 agendi
3657 568 3748 608 ra-

344 640 495 696 οὕτω
554 643 737 719 φάναι,
794 647 1172 716 προτακτικῶν
1236 645 1288 697 οἱ
1349 643 1697 699 ὑποτακτικοί
1750 643 1990 723 διαστρέ-

342 753 548 800 φωνται
593 735 687 786 τοῦ
747 730 1042 801 ἴθυτενοῦς,
1105 733 1333 810 φαύλοις
1385 734 1606 797 τούτοις
1664 736 1993 811 ἀρχετύποις

341 819 789 895 ἐξομοιούμενοι,
835 823 922 877 καὶ
985 821 1082 877 οὐκ
1142 821 1432 900 ἐντέχνως,
1483 821 1612 879 οὐδὲ
1659 825 1796 898 πρὸς
1846 825 1991 901 ἀκρί-

339 905 495 965 ϐειαν
542 911 610 965 τὰ
665 912 1003 986 πνευματικά
1059 912 1413 989 γραφόμενοι.
1446 915 1535 983 Μὴ
1587 914 1686 989 γὰρ
1739 914 1800 968 οὗ
1833 913 1990 992 φιλο-

337 998 509 1074 σοφία
538 1001 674 1054 κατά
723 1002 852 1064 τοὺς
905 1001 1094 1077 ἁγίους
1136 1003 1376 1077 Πατέρας
1407 1002 1517 1058 ἐστὶ
1547 1004 1636 1058 καὶ
1668 1006 1703 1074 ἡ
1743 1003 1993 1059 πολιτεία

326 1093 444 1143 τῶν
499 1086 671 1151 οὕτως
705 1089 932 1165 ὑψηλῶν
971 1096 1254 1167 μοναχῶν,
1287 1090 1338 1146 ο“ί
1394 1093 1485 1147 τὸν
1507 1097 1588 1166 τῶ
1619 1089 1734 1148 ὄντι
1765 1092 1990 1170 φιλόσο-

335 1200 442 1254 φον
503 1177 556 1233 ἐν
618 1180 797 1257 σφίσιν
860 1180 1044 1243 αὐτοῖς
1104 1181 1446 1255 είκονίζουσι,
1504 1184 1594 1238 τὸν
1648 1183 1722 1248 ὡς
1771 1182 1990 1255 ἀληθῶς

335 1273 565 1341 πρῶτον
611 1269 701 1323 γαὶ
769 1265 1142 1340 ἀνυπόθετον;
1221 1271 1279 1333 ὃς
1334 1272 1470 1347 πρὸς
1529 1269 1782 1346 οὐδεμίαν
1842 1269 1989 1335 ὅλως

340 1357 525 1433 ὀρχὴν
586 1356 765 1430 ἄλλην
830 1360 1160 1435 σχηματίζει
1215 1360 1310 1422 τὰς
1360 1361 1477 1415 κατ’
1533 1361 1690 1418 αὐτὸν
1739 1362 1988 1438 Θεωρίας,

339 1449 429 1500 ὅτι
494 1447 573 1520 μὴ
624 1446 762 1523 πρὸς
807 1449 909 1516 τὴν
962 1449 1272 1524 ὑπέραρχον
1323 1450 1412 1505 καὶ
1457 1452 1694 1528 ἄναρχον
1731 1471 1744 1484 ο
1797 1451 1874 1516 εἷς
1921 1449 1987 1521 ἤν

335 1530 662 1605 ἀναϐαίνων,
695 1537 784 1592 καὶ
836 1534 1197 1613 δραττόμενος
1257 1536 1446 1611 αὐτῆς,
1478 1540 1569 1594 καὶ
1601 1538 1988 1614 ἐμπνεόμενος,

331 1624 676 1696 ἀποκαθιστᾷ
736 1625 922 1681 ἑαυτὸν
981 1626 1058 1690 εἷς
1105 1626 1382 1701 αἰτήματα
1428 1627 1516 1682 καὶ
1573 1629 1854 1701 ¹ἀξιώματα
1900 1629 1991 1684 καὶ

341 1713 582 1782 ἐννοίας,
642 1710 710 1768 δι’
762 1715 837 1769 ὧν
894 1715 1106 1791 συνάγει
1162 1721 1242 1788 τῷ
1301 1720 1416 1788 Θεῷ
1459 1715 1592 1794 φίλα
1639 1719 1990 1794 θεωρήματα,

338 1803 607 1876 θεάμασιν
702 1802 840 1858 αὐτὰ
933 1804 1390 1880 συγκροτοῦμενα,
1468 1806 1549 1867 οἷς
1628 1803 1990 1880 ἐλλάμπεται,

327 1891 551 1964 ἀμέσως
581 1891 796 1965 ὁμιλῶν
826 1897 906 1966 τῷ
956 1897 1071 1966 Θεῷ
1120 1896 1368 1969 σχήματι
1415 1893 1639 1969 μεγάλῳ
1667 1895 1757 1949 καὶ
1790 1895 1990 1970 ὑψηλῷ

326 1984 414 2052 τῷ
445 1983 565 2034 κατ’
605 1979 766 2035 αὐτόν
803 2002 816 2015 ·
865 1981 933 2035 τὰ
978 1983 1146 2056 μικρᾶ
1187 1983 1276 2037 καὶ
1321 1991 1582 2058 χαμερπῆ
1615 1983 1989 2060 παραλυγισά-

327 2090 521 2141 μενος,
570 2069 660 2124 καὶ
719 2070 816 2140 ὡς,
872 2069 917 2124 εἰ
974 2068 1126 2125 οὐδὲν
1175 2071 1420 2146 θέμενος,
1463 2071 1543 2127 ὅτι
1595 2070 1736 2146 μηδὲ
1785 2075 1836 2127 ol
1875 2075 1989 2129 κατ’

331 2156 474 2212 αὐτὰ
546 2158 1020 2234 ἐσχηματισμένοι
1101 2159 1262 2238 λόγοι
1334 2182 1394 2216 τε
1452 2161 1541 2217 καὶ
1601 2159 1878 2236 ἄνθρωποι
1927 2163 1991 2218 τὸ

333 2245 555 2311 ἐντελὶς
585 2246 985 2323 ἀπειλήφασιν.

411 2443 518 2500 λα’.
571 2444 748 2502 Ἀλλὰ
792 2446 893 2524 γὰρ
946 2446 1170 2505 ἐνταῦθα
1221 2445 1606 2523 ὑποϐλέπομαι
1643 2448 1771 2514 τοὺς
1803 2471 1990 2526 μικρο-

337 2536 634 2609 σχήμονας
669 2536 966 2612 μοναχοὺς,
999 2539 1080 2601 οἷς
1111 2562 1185 2612 μη
1199 2539 1345 2613 μηλε
1373 2540 1441 2594 τὰ
1460 2538 1635 2596 πλείω
1658 2539 1985 2613 ἱπποκομεῖν

331 2625 429 2678 καὶ
491 2625 834 2697 ἱππάζεσθαι,
889 2628 1335 2703 τονθορύζοντας,
1394 2629 1483 2684 καὶ
1544 2629 1828 2704 μύζοντας,
1895 2630 1984 2684 καὶ

337 2710 451 2767 ὧδε
480 2715 637 2769 κάκεῖ
678 2718 1074 2794 στρεφομένους
1105 2739 1117 2751 ’
1175 2720 1320 2795 τάχα
1370 2719 1464 2792 μὶν
1524 2718 1602 2782 εἲς
1646 2719 1987 2798 ἀπόστροφον

333 2801 400 2856 τὸ
431 2801 516 2857 ἐπ’
547 2803 696 2878 ἐμοὶ,
739 2806 908 2882 τυχὸν
960 2804 1018 2862 δὲ
1067 2807 1178 2878 καὶ,
1218 2805 1312 2863 ’ίνα
1359 2807 1574 2885 ὀργάνῳ
1622 2829 1985 2886 περιτετυχη-

333 2892 498 2955 κότες
554 2892 606 2964 ἐξ
683 2894 1015 2970 αὐτομάτου,
1072 2899 1390 2973 χρήσωνται
1465 2899 1600 2954 κατᾶ
1670 2904 1778 2954 τῶν
1839 2897 1984 2972 ἐμῶν

337 2979 600 3057 χειλέων,
661 2983 737 3047 ὡς
785 2981 972 3040 λαλων
1027 2986 1159 3062 ὑπὲρ
1214 2987 1276 3042 τὸ
1336 2985 1476 3044 δέον.
1538 2987 1677 3064 Ἐγὼ
1722 2986 1780 3043 δὲ
1809 2990 1985 3067 ἀφιεὶς

335 3070 539 3136 αὐτοὺς
586 3073 722 3127 κατᾶ
776 3075 845 3128 τὰ
895 3080 1324 3150 θυμομαχοῦντα
1379 3081 1484 3132 τῶν
1543 3078 1747 3154 θηρίων
1809 3076 1986 3134 διατε-

333 3162 567 3229 θεῖσθαι,
625 3161 713 3216 καὶ
761 3163 1262 3238 προφωνησάμενος
1316 3166 1594 3240 ἀναμένειν
1650 3171 1834 3244 ἡσυχῆ
1891 3171 1982 3225 τὸν

331 3249 418 3305 ἐπ’
461 3251 646 3314 αὗτοῖς
679 3249 870 3329 λόγον,
901 3257 1008 3308 τῶν
1037 3253 1184 3326 ἐμῶν
1215 3252 1379 3310 πάλιν
1418 3254 1673 3334 μεγάλων
1723 3265 1983 3336 μοναχῶν

328 3341 585 3416 γίνομαι,
639 3339 730 3395 καὶ
779 3340 857 3404 εἷς
900 3347 1025 3397 νοῦν
1076 3342 1262 3407 αὐτοῖς
1310 3345 1528 3419 τίθημι,
1584 3347 1748 3402 ὁποῖα
1776 3349 1870 3421 μὲν
1902 3353 1982 3419 τῷ

329 3434 453 3502 Θεῷ
515 3429 762 3501 ηὔξαντο,
842 3433 931 3486 οἷα
1001 3429 1060 3488 δὲ
1129 3431 1519 3492 ἐπιδείκνυνται
1553 3456 1568 3470 ο
1624 3437 1732 3512 οὐχ
1788 3437 1982 3501 ἁπλῶς

332 3519 570 3595 ἑτεροῖα,
603 3519 639 3589 ἤ
697 3520 918 3590 ἀλλοῖα,
977 3519 1014 3591 ἥ
1075 3521 1238 3593 ἄλλα,
1293 3522 1330 3594 ἤ
1377 3522 1624 3602 διάφορα,
1681 3527 1885 3582 ἐναντία
1925 3526 1982 3584 δὲ

331 3609 412 3672 εἷς
442 3609 508 3664 τὸ
537 3615 665 3678 πᾶν,
697 3609 772 3672 ὡς
822 3607 971 3686 εἴπερ
1016 3614 1092 3685 μή
1144 3614 1509 3688 ἡρωτήθησαν
1560 3614 1647 3670 ἐπὶ
1694 3613 1981 3691 διορθώσει

327 3703 539 3753 κακιῶν
569 3697 658 3753 καὶ
691 3699 773 3754 ἐπ’
813 3698 1080 3775 ἀναλήψει
1137 3703 1337 3777 ἀρετῶν
1373 3723 1386 3736 ·
1423 3703 1547 3760 ἀλλ’
1571 3703 1663 3759 τίνα
1705 3707 1772 3761 τὰ
1801 3705 1982 3784 φαῦλα

322 3787 696 3864 ἐπεγνωκότες
767 3786 1123 3864 ἁνδρίσωνται
1198 3790 1251 3847 ἐν
1331 3792 1514 3857 αὐτοῖς
1583 3795 1832 3865 ἐκείνοις,
1890 3797 1978 3851 καὶ

323 3878 745 3952 ἔρμηνευθέντες
777 3879 844 3934 τὰ
891 3877 1058 3954 δεινὰ,
1111 3884 1193 3944 οἷς
1239 3881 1621 3958 ἐκπολεμεῖται
1663 3885 1690 3939 6
1720 3889 1816 3940 τοῦ
1847 3890 1980 3941 Θεοῦ

323 3964 636 4041 ἅνθρωπος,
685 3971 1160 4046 προσχωρήσωσιν
1212 3970 1296 4028 ἐπ’
1331 3972 1484 4042 αὐτὰ,
1534 3973 1626 4029 καὶ
1690 3973 1980 4052 φιλιωθέν-

324 4077 414 4120 τες
445 4053 677 4111 ἔλθωσιν
707 4078 784 4120 εις
815 4055 869 4114 ἔν
918 4058 1126 4128 αὐτοῖς,
1175 4060 1264 4117 καὶ
1317 4064 1393 4135 μὴ
1442 4060 1614 4138 ἔχωσι
1647 4067 1744 4118 τοῦ
1777 4063 1978 4119 λοιποῦ

325 4145 376 4217 ἐξ
437 4143 657 4202 ἐκείνων
733 4149 1030 4224 πράγματα
1061 4168 1074 4182 ’
1138 4148 1375 4215 δεδιότες
1429 4154 1563 4225 οἷον,
1623 4157 1696 4227 μή
1758 4176 1894 4210 ποτε
1951 4155 1979 4210 6

328 4236 481 4296 Θεῖος
542 4235 838 4311 ὁπλισμὸς,
888 4239 946 4294 ’ὀν
996 4239 1372 4317 ἀναληφθέντα
1415 4241 1475 4297 ἐκ
1520 4247 1617 4298 τοῦ
1665 4243 1803 4299 κατὰ
1850 4245 1976 4300 Θεὸν

325 4324 603 4400 θωρακίου
651 4325 1002 4401 περίκεινται,
1050 4329 1123 4392 ὡς
1168 4328 1354 4385 ἀνόπιν
1407 4332 1435 4387 6
1468 4329 1636 4408 λόγος
1685 4330 1976 4405 ἐδήλωσεν,

325 4413 390 4468 οὗ
423 4410 744 4492 δεφενδεόσῃ
794 4415 978 4481 αὐτοῖς
1007 4419 1107 4488 τήν
1157 4418 1474 4498 ἀσφάλειαν,
1507 4419 1632 4478 οὐδὲ
1661 4420 1979 4494 δυνήσονται

327 4499 661 4560 κατασϐέσαι
702 4505 772 4562 τὰ
816 4507 1182 4583 πεπυρωμένα
1233 4508 1366 4584 βέλη
1416 4515 1514 4566 τοῦ
1561 4509 1764 4588 ἐχθροῦ
1797 4533 1810 4546 ο
1844 4512 1978 4590 ἅπερ

321 4593 466 4649 κατᾶ
522 4595 616 4667 μὲν
667 4592 923 4672 σιδηρέου
991 4599 1257 4676 Θώρακος,
1329 4605 1427 4656 τοῦ
1484 4603 1619 4657 κατά
1677 4602 1830 4671 Θεὸν,
1887 4603 1978 4657 καὶ

2103 651 2280 717 tione,
2333 649 2494 706 nulla
2551 647 2812 704 adhibita
2861 644 3212 700 discretione
3259 646 3316 698 et
3364 640 3691 696 diﬂ'erentia
3720 656 3754 694 a

2102 740 2380 810 praelatis,
2442 739 2491 794 si
2549 738 2630 794 ita
2685 735 3046 808 loquendum
3106 739 3214 801 est,
3271 730 3516 801 subjecti
3575 747 3605 784 a
3660 729 3757 784 via

2103 833 2260 884 recta
2289 830 2673 894 deducantur,
2708 825 2836 881 istis
2875 824 3052 878 variis
3090 821 3373 892 exemplis
3407 821 3549 875 ﬁant
3588 819 3758 873 simi-

2101 917 2208 986 les,
2242 922 2300 973 et
2327 921 2453 973 sine
2496 922 2637 987 arte,
2672 917 2798 971 sine
2853 913 3204 986 perfectione
3254 909 3586 982 spiritualia
3615 908 3756 964 edo-

2103 1012 2362 1062 ceantur.
2395 1007 2600 1062 Nonne
2644 1007 2801 1060 enim
2849 1001 3221 1074 philosophia
3267 1003 3356 1054 est
3398 998 3568 1068 juxta
3618 1013 3754 1052 san-

2102 1101 2225 1153 ctos
2263 1097 2463 1152 Patres
2512 1096 2722 1152 horum
2774 1108 3124 1165 magnorum
3173 1087 3594 1146 monachorum
3645 1102 3752 1158 gu-

2100 1185 2388 1255 bernatio,
2438 1185 2538 1257 qui
2595 1201 2725 1240 vere
2785 1182 3199 1255 philosophum
3259 1180 3411 1234 inter
3470 1191 3754 1247 eos,vere

2101 1276 2383 1349 primum,
2435 1280 2492 1330 et
2548 1273 2695 1329 nulli
2755 1271 3181 1344 praeferendum
3237 1268 3596 1323 imitantur?
3649 1264 3754 1319 Hic

2101 1381 2310 1437 nempe
2341 1365 2413 1420 ad
2447 1363 2677 1419 nullum
2728 1361 2887 1417 aliud
2922 1358 3278 1432 principium
3311 1373 3449 1412 suas
3499 1353 3754 1409 theorias

2100 1453 2403 1523 informat,
2435 1453 2549 1508 nisi
2582 1453 2652 1507 ad
2687 1451 2832 1506 illud
2865 1450 3022 1522 quod
3061 1448 3174 1503 fuit
3203 1450 3338 1502 ante
3371 1460 3544 1500 omne
3593 1442 3754 1514 prin-

2101 1543 2342 1616 cipium,
2376 1559 2481 1599 nec
2538 1541 2716 1598 habet
2772 1539 3153 1612 principium,
3205 1538 3276 1592 ad
3337 1533 3492 1605 quod
3550 1547 3755 1588 ascen-

2101 1634 2264 1703 dens,
2300 1634 2456 1704 quod
2501 1632 2771 1703 adeptus,
2805 1648 2839 1686 a
2870 1647 2985 1702 quo
3036 1626 3382 1698 inspiratus,
3417 1619 3753 1695 quaestioni-

2099 1723 2234 1794 bus,
2269 1721 2786 1794 propositionibus,
2840 1717 3144 1775 sententiis
3192 1721 3248 1771 et
3297 1711 3753 1786 cogitationibus

2100 1810 2409 1881 incumbit,
2443 1815 2501 1867 et
2555 1810 2761 1866 exinde
2820 1806 3318 1866 considerationes
3368 1805 3480 1859 Deo
3530 1803 3750 1873 gratas,

2101 1905 2157 1956 et
2187 1900 2554 1956 auditoribus
2610 1899 3052 1972 applaudendas
3101 1895 3340 1966 colligit,
3375 1898 3432 1948 et
3477 1891 3562 1947 sic
3611 1889 3751 1944 illu-

2100 1996 2339 2060 stratur,
2374 1993 2514 2046 dum
2573 1991 2689 2046 Deo
2748 2005 2960 2061 magno
2992 1993 3048 2042 et
3087 1984 3374 2042 altissimo
3432 1978 3751 2052 exemplari

2101 2079 2438 2136 immediate
2479 2080 2751 2145 adhaeret,
2787 2092 3082 2149 parvaque
3129 2079 3186 2129 et
3233 2080 3460 2128 terrena
3503 2068 3747 2135 fastidit,

2101 2175 2158 2225 et
2185 2187 2290 2241 pro
2339 2169 2522 2225 nihilo
2569 2171 2820 2240 reputat,
2853 2183 2918 2222 eo
2959 2165 3116 2236 quod
3165 2163 3295 2218 istis
3345 2161 3519 2216 rebus
3568 2156 3750 2211 infor-

2099 2259 2242 2314 mati
2299 2258 2566 2316 homines
2614 2263 2671 2315 et
2719 2272 3020 2314 sermones
3070 2252 3383 2310 admittant
3438 2245 3750 2322 perfectio-

2099 2365 2253 2404 nem.

2167 2458 2259 2513 31.
2319 2457 2486 2513 Nunc
2542 2458 2738 2512 autem
2796 2453 3054 2510 minores
3112 2447 3468 2518 monachos,
3529 2444 3745 2516 quibus

2097 2563 2280 2618 equos
2324 2562 2528 2602 curare
2569 2550 2628 2601 et
2673 2543 2989 2600 ascendere
3041 2540 3390 2612 plerumque
3446 2534 3604 2592 cordi
3635 2536 3744 2598 est,

2097 2635 2344 2708 inspicio
2366 2633 2768 2700 mussitantes,
2785 2633 3115 2705 querentes,
3135 2628 3270 2684 hinc
3291 2626 3454 2682 illinc
3473 2623 3744 2695 agitatas,

2098 2729 2218 2782 sive
2273 2729 2338 2781 ut
2392 2742 2487 2780 me
2543 2724 2866 2795 increpant,
2913 2720 3032 2778 sive
3088 2719 3479 2775 instrumento
3537 2713 3742 2784 sponte

2097 2815 2289 2872 oblato
2338 2819 2579 2871 utantur
2633 2817 2836 2870 contra
2887 2810 3044 2866 labia
3099 2825 3232 2864 mea
3269 2803 3519 2862 dicentis
3576 2801 3745 2873 plura

2098 2923 2275 2979 quam
2308 2905 2630 2978 oportebat.
2666 2903 2780 2975 Ego
2827 2917 2960 2958 vero
2991 2900 3135 2956 istos
3167 2913 3330 2954 more
3375 2895 3632 2950 ferarum
3664 2890 3746 2946 si-

2097 3010 2242 3050 nens
2274 2993 2494 3057 saevire,
2527 2996 2582 3048 et
2613 3005 2942 3047 sermonem
2991 2989 3060 3044 de
3112 2988 3258 3059 ipsis
3302 2984 3518 3055 jubens
3549 2979 3742 3045 silere,

2096 3099 2301 3138 rursus
2334 3083 2406 3138 ad
2449 3081 2765 3137 monachos
2797 3094 3043 3151 magnos
3073 3092 3234 3141 meos
3284 3073 3478 3144 redeo,
3511 3086 3745 3127 eorum-

2097 3172 2298 3244 quein
2328 3177 2583 3228 mentem
2627 3185 2828 3226 revoco
2873 3185 3000 3240 qua:
3048 3167 3166 3222 Deo
3198 3163 3477 3230 voverint,
3511 3164 3568 3218 et
3615 3176 3744 3233 qua:

2096 3263 2443 3330 ostendunt;
2475 3278 2592 3317 non
2621 3261 2784 3316 varia
2829 3265 3048 3323 autem,
3081 3260 3184 3312 aut
3227 3255 3474 3320 diversa,
3498 3255 3602 3307 aut
3630 3248 3746 3304 alia

2094 3355 2253 3419 sunt,
2287 3352 2389 3406 sed
2435 3349 2606 3422 plane
2654 3347 2976 3414 contraria;
3027 3341 3199 3417 quasi
3248 3339 3592 3413 interrogati
3623 3355 3740 3394 non

2093 3439 2346 3496 fuissent
2376 3442 2446 3495 de
2474 3439 2630 3495 vitiis
2671 3437 2968 3507 curandis,
3001 3433 3473 3502 assumendaque
3504 3429 3736 3495 virtute,

2092 3531 2193 3586 sed
2228 3535 2293 3585 ut
2321 3529 2554 3600 cognita
2582 3528 2834 3583 vanitate
2879 3526 2950 3582 ad
2999 3542 3128 3581 eam
3162 3523 3412 3578 innuant
3440 3523 3504 3575 ut
3533 3519 3737 3575 admo-

2091 3619 2298 3675 nitide
2331 3618 2607 3690 periculis
2655 3617 2867 3689 quibus
2917 3620 3005 3671 est
3051 3613 3339 3670 obnoxius
3385 3610 3561 3666 homo
3614 3608 3739 3674 Dei,

2089 3707 2148 3764 in
2180 3725 2248 3764 ea
2285 3708 2608 3775 incurrant,
2643 3711 2700 3762 et
2749 3707 2899 3761 facta
2947 3703 3202 3760 amicitia
3233 3702 3294 3756 in
3328 3715 3511 3756 unum
3561 3695 3740 3752 simul

2091 3803 2358 3871 pergant,
2409 3814 2599 3870 neque
2652 3795 2909 3868 amplius
2960 3811 3132 3850 curas
3180 3793 3250 3848 de
3297 3790 3426 3846 istis
3474 3786 3737 3859 capiant;

2091 3889 2260 3960 quasi
2291 3888 2540 3944 timeant
2582 3904 2655 3943 ne
2707 3902 2868 3942 arma
2925 3882 3119 3939 divina
3151 3897 3278 3953 quas
3337 3880 3642 3948 assumpta
3673 3890 3743 3930 ex

2091 3994 2222 4034 arce
2267 3977 2366 4034 Dei
2413 3977 2753 4044 induerunt,
2788 3979 2854 4030 ut
2901 3972 3157 4029 ostendit
3201 3985 3393 4028 sermo
3443 3964 3738 4038 superius,

2089 4067 2463 4124 securitatem
2512 4066 2624 4122 sibi
2673 4082 2791 4121 non
2841 4063 3157 4136 praebeant,
3197 4075 3303 4116 nec
3350 4056 3582 4130 possint
3626 4052 3743 4110 tela

2089 4157 2274 4229 ignita
2301 4156 2527 4212 inimici
2559 4155 2950 4226 exstinguere,
2983 4169 3111 4225 quae
3145 4150 3382 4222 quidem
3425 4150 3629 4203 contra
3661 4142 3738 4199 si-

2089 4247 2321 4303 deream
2361 4249 2418 4301 et
2457 4244 2714 4300 divinam
2767 4243 3085 4313 thoracem,
3116 4239 3204 4296 vel
3232 4239 3456 4297 contra
3501 4236 3740 4291 ﬁrmum

2089 4335 2380 4408 clypeum,
2412 4335 2532 4390 sive
2562 4334 2956 4406 quodcunque
2999 4330 3295 4387 munitum
3327 4340 3739 4400 propugnacu-

2086 4425 2212 4481 lum
2263 4441 2470 4497 parum
2515 4423 2606 4480 vel
2657 4422 2804 4479 nihil
2833 4421 3056 4489 valent;
3090 4423 3292 4477 contra
3323 4417 3579 4474 calamos
3628 4430 3738 4468 au-

2087 4517 2230 4585 tem,
2262 4519 2363 4572 aut
2410 4515 2653 4584 foenum,
2686 4516 2788 4569 aut
2836 4509 3125 4580 reliquum
3171 4521 3439 4564 acervum
3489 4504 3740 4574 possunt

2087 4604 2427 4661 incendium
2459 4608 2516 4660 et
2547 4602 2780 4659 ruinam
2812 4601 3044 4657 inferre.

321 4685 467 4739 κατὰ
522 4689 740 4759 στερεοῦ
799 4688 1013 4764 θυρεοῦ,
1067 4685 1143 4744 ἔτι
1203 4687 1261 4745 δὲ
1340 4690 1430 4746 καὶ
1513 4693 1711 4756 παντὸς
1800 4687 2035 4767 ἐρυμνοῦ
2115 4692 2467 4768 τειχίσματος
2557 4691 2726 4766 μικρὰ
2807 4686 2844 4759 ἤ
2912 4685 3064 4743 οὐδὲν
3125 4684 3422 4759 ἐνεργοῦσι,
3488 4679 3624 4735 κατὰ
3681 4676 3739 4734 δὶ

322 4772 588 4847 καλάμης
620 4775 710 4830 καὶ
744 4775 946 4852 χάρτου
976 4779 1066 4833 καὶ
1098 4784 1294 4836 κοιποῦ
1326 4787 1589 4859 συρφετοῦ
1622 4780 1872 4838 δύνανται
1895 4782 1971 4846 είς
2005 4781 2336 4858 ἐκσλόγωσιν
2363 4781 2454 4836 καὶ
2487 4779 2782 4835 ἀπώλειαν.

397 4874 504 4935 λε’.
549 4881 722 4938 Τοῦτό
755 4903 815 4936 τε
845 4880 935 4937 οὖν
971 4884 1113 4940 οὕτω
1166 4883 1370 4958 δειλιᾷν
1417 4887 1504 4943 ἐπὶ
1534 4895 1652 4952 τοῖς
1683 4911 1977 4964 πνευματι-

2159 4892 2248 4944 32.
2282 4891 2400 4945 Ηοο
2441 4891 2512 4945 de
2559 4886 2969 4960 spiritualibus
3023 4884 3204 4942 armis
3258 4883 3371 4939 isto
3424 4881 3597 4937 modo
3646 4893 3739 4935 re-

321 4977 445 5032 κοῖς
495 4969 693 5034 ὅπλοις
750 4971 976 5044 ἐοίκασι,
1049 4976 1139 5029 καὶ
1215 4974 1341 5032 οὐδὲ
1389 4977 1455 5033 τὰ
1519 4980 1980 5059 προπεφρασμένα

322 5061 450 5137 ἰερα
493 5059 670 5117 ἐκεῖνα
715 5069 815 5134 τῆς
865 5073 1240 5138 πνευματικῆς
1293 5074 1492 5142 κουρᾶς
1542 5069 1617 5132 εἷς
1661 5075 1788 5127 νοῦν
1831 5069 1976 5146 ἄγειν

323 5151 594 5225 ψάλματα
650 5153 956 5231 φαίνονται,
1005 5152 1074 5210 δι’
1133 5156 1206 5210 ὧν
1260 5157 1359 5212 ὅσα
1399 5158 1491 5212 καὶ
1537 5158 1858 5236 σαλπίγγων
1889 5162 1979 5216 καὶ

325 5237 545 5295 λοιπῶν
584 5241 844 5318 ὀργάνων,
899 5245 976 5307 οἷς
1019 5251 1471 5321 θαρσοποιοῦνται
1532 5249 1608 5313 εἷς
1663 5251 1827 5324 μέγαν
1876 5250 1982 5305 πό-

327 5329 503 5404 λεμον
555 5331 856 5408 ἄνθρωποι,
925 5334 1170 5412 γλυκέως
1242 5335 1493 5408 ἐτάξαντο
1546 5340 1639 5394 τὸν
1696 5341 1830 5394 κατά
1885 5343 1982 5394 τοῦ

323 5418 591 5494 δαίμονος
621 5416 842 5488 ἕκαστος
893 5423 1164 5500 πόλεμον,
1199 5425 1636 5503 κατεπᾳδόμενος
1686 5429 1776 5484 καὶ
1811 5451 1983 5501 μακα-

325 5517 575 5588 ρισμοῖς,
608 5512 682 5574 ὡς
725 5512 914 5590 ἐρῥέθη
952 5533 964 5546 '
1019 5517 1091 5570 ὧν
1145 5518 1198 5571 οἱ
1246 5523 1486 5573 τοιοῦτοι
1541 5523 1863 5595 στρατιῶται
1885 5524 1982 5574 τοῦ

330 5605 470 5682 Θεοῦ
521 5600 978 5678 ἐπιτυγχάνουσιν
1023 5605 1454 5681 ἀριστεύσαντες.
1504 5609 1613 5665 Θύκ
1675 5608 1982 5683 ἐνθυμεῖται

332 5688 390 5745 δὲ
414 5691 443 5745 6
474 5695 726 5754 τοιοῦτος
764 5693 1006 5770 μοναχὸς
1038 5692 1167 5751 οὐδὲ
1194 5697 1294 5767 τὴν
1323 5702 1421 5752 τοῦ
1457 5698 1577 5775 βίου
1621 5700 1982 5775 κατάγνωσιν,

330 5778 398 5848 ἦν
438 5777 942 5858 καταψαλλομένην
991 5783 1204 5843 ἀκούων
1254 5787 1664 5864 συνηγαλλιᾶτο
1721 5790 1809 5845 καὶ
1864 5809 1986 5865 συγ-

2089 4979 2404 5037 formidare
2450 4978 2560 5034 visi
2616 4981 2774 5045 sunt,
2809 4981 2865 5033 et
2910 4975 3170 5049 psalmos
3229 4990 3426 5030 sacros
3481 4977 3737 5028 tonsure

2089 5069 2417 5144 spiritualis
2443 5073 2576 5125 ante
2598 5068 2916 5124 celebratos
2946 5066 3004 5122 in
3038 5071 3292 5122 mentem
3323 5080 3590 5120 revocare
3623 5079 3737 5117 non

2088 5161 2382 5232 videntur,
2415 5159 2630 5232 quibus
2660 5157 2818 5214 velut
2855 5157 2998 5213 tuba
3046 5159 3103 5210 et
3151 5155 3281 5211 aliis
3334 5151 3742 5210 instrumentis

2091 5251 2360 5307 homines
2410 5251 2483 5306 ad
2535 5252 2842 5305 strenuum
2901 5245 3119 5302 bellum
3179 5244 3587 5308 excitantibus,
3629 5239 3744 5312 ipsi

2093 5340 2311 5412 singuli
2344 5359 2404 5397 se
2453 5344 2818 5413 pugnaturos
2870 5339 3070 5393 contra
3119 5335 3444 5390 damonem
3497 5331 3749 5385 libenter

2093 5431 2510 5502 promiserunt,
2530 5435 2585 5486 et
2605 5427 2968 5485 beatitudine
2994 5443 3111 5498 qua
3131 5425 3408 5480 fruuntur
3435 5424 3612 5478 fortes
3645 5418 3748 5474 Dei

2095 5519 2332 5588 milites,
2372 5519 2564 5575 allecti
2612 5522 2773 5586 sunt,
2798 5517 2952 5573 sicut
2980 5515 3201 5571 dictum
3250 5522 3355 5569 esl.
3391 5513 3506 5568 Nec
3555 5509 3747 5567 consi-

2094 5611 2258 5665 derat
2313 5611 2423 5665 iste
2471 5608 2797 5664 monachus
2843 5607 2973 5662 vitae
3025 5602 3596 5671 condemnationem,
3630 5617 3748 5672 qua

2095 5699 2294 5755 audita
2322 5697 2672 5764 exsultabat,
2706 5702 2764 5755 et
2797 5697 2922 5770 ipse
2953 5694 3409 5761 condemnabat;
3441 5693 3542 5749 sed
3576 5691 3747 5763 quasi

2094 5805 2230 5846 eum
2262 5788 2538 5861 poeniteat
2569 5788 2725 5861 quod
2754 5785 2975 5859 aliquid
3017 5785 3241 5841 bonum
3273 5780 3749 5840 condemnaverit
