4114 6200
358 427 479 487 ’755
1138 431 1562 492 EUSTHATII
1605 427 2366 490 THESSALONICENSIS
2415 430 2996 491 METROPOLITE
3656 429 3786 488 756

365 562 436 616 ad
469 560 722 634 pristina
753 561 1082 628 revertitur,
1115 578 1182 617 ea
1218 561 1432 618 blande
1461 561 1862 633 amplectitur;
1896 579 2012 617 non

2133 558 2506 635 κατεγίνωσκεν
2543 579 2557 593 ο
2591 558 2717 614 ἀλλ’
2745 560 2818 622 ὡς
2851 562 2968 614 οἷον
3006 557 3473 632 μεταμελόμενος,
3497 557 3579 614 δτι
3601 559 3790 616 καλοῦ

366 650 541 706 modo
572 651 846 722 demisse,
872 655 938 707 ut
966 651 1151 722 prius,
1184 652 1283 706 sed
1317 652 1605 722 abjectius
1636 652 1777 724 agit,
1811 652 1857 706 si
1893 652 2018 707 ﬁeri

2133 669 2447 723 πραγματος
2508 649 2922 724 κατεγίνωσκεν,
2985 648 3252 703 ἐπάνεισιν
3312 648 3390 711 εἷς
3442 649 3510 703 τὰ
3558 651 3788 724 πρώην,

367 745 582 812 potest.
639 739 753 796 Nec
810 739 1063 809 amplius
1121 740 1393 795 meminit
1423 741 1562 813 quid
1620 741 2017 812 interrogatus

2133 739 2213 791 καὶ
2289 737 2688 811 ἐκμειλίσσεται
2760 738 2914 805 αὐτὰ,
2994 737 3254 813 βιοτεύων
3339 737 3582 815 ᾳαόλως,
3673 738 3792 814 οὐχ

368 830 465 900 sit,
515 829 800 900 quidquid
849 829 1234 900 responderit,
1284 835 1484 886 sancta
1538 829 1869 887 initiatione
1921 831 2016 885 in-

2133 826 2306 902 ὥσπερ
2362 831 2450 883 καὶ
2511 831 2664 904 πρὶν,
2724 827 2869 883 ἀλλὰ
2917 827 3266 904 θερμότερον,
3303 825 3455 903 εἴγε
3501 825 3729 882 δύναται
3769 848 3785 861 ·

368 921 564 974 eunte.
2123 915 2212 970 καὶ
2255 916 2316 972 οὐ
2371 915 2763 992 διαλογίζεται,
2797 917 2851 971 τί
2909 917 3005 990 μὶν
3055 918 3350 992 ἠρωτήθη,
3404 912 3788 993 ἐναρχόμενος

2121 1009 2217 1060 τοῦ
2246 1005 2392 1080 ἱεροῦ
2421 1006 2846 1080 πολιτεύματος,
2879 1007 2932 1060 τί
2956 1004 3014 1061 δὲ
3044 1005 3387 1082 ἀπεκρίνατο.

2195 1111 2293 1188 λγ’.
2327 1115 2392 1169 Ἡ
2422 1113 2691 1189 ἐρώτησις
2748 1112 2953 1186 ἐκείνη,
3005 1114 3050 1167 ὦ
3098 1110 3318 1188 ἀδελφὶ,
3349 1114 3412 1168 τὸ
3460 1120 3559 1182 τῆς
3607 1133 3791 1188 προσ-

2125 1201 2386 1267 ελεύσεως
2416 1201 2896 1278 ἐπολυπραγμόνει
2951 1201 3123 1257 αἴτιον
3161 1223 3174 1234 ·
3225 1200 3549 1257 ἐπυνθάνετο
3600 1199 3660 1256 δὲ
3691 1202 3793 1256 καὶ

2127 1291 2172 1345 εἰ
2206 1290 2518 1367 προσελθὼν
2553 1292 2774 1369 ἐργασίᾳ
2823 1289 3244 1364 σπουδαιοτάτῃ,
3275 1296 3606 1367 παραμενεῖς
3641 1290 3795 1365 αὐτῇ

2129 1383 2297 1456 μέχρι
2350 1380 2544 1445 τέλους
2594 1381 3052 1460 φερεπονώτερον,
3085 1380 3129 1434 εί
3178 1382 3290 1456 χρὴ
3337 1381 3401 1435 τὸ
3441 1383 3545 1434 πὰν
3608 1381 3793 1434 εἰπεῖν

2125 1468 2176 1524 ἐν
2211 1471 2380 1532 οὕτως
2420 1469 2706 1546 ὀλιγίστῳ.
2763 1470 2838 1525 Σὺ
2885 1468 2942 1525 δὶ
2989 1469 3220 1525 κατέθου
3275 1475 3514 1543 θερμῶς,
3556 1471 3673 1538 καὶ,
3710 1470 3797 1531 ὡς

2126 1558 2390 1636 ἐφαίνετο,
2426 1559 2485 1615 ἐκ
2529 1560 2719 1635 βυθίου
2773 1562 3108 1632 θελήματος.
3160 1559 3258 1614 Καὶ
3307 1564 3474 1614 τοῦτο
3508 1561 3602 1633 μὶν
3629 1557 3796 1616 τότε.

2125 1650 2229 1704 Καὶ
2260 1650 2311 1703 οἱ
2347 1649 2610 1725 μάρτυρες
2664 1647 2892 1721 πολλοὶ,
2934 1650 3023 1703 καὶ
3081 1646 3207 1703 οὐδὲ
3236 1649 3594 1724 παραγραφὴν
3629 1645 3797 1703 εἶδό-

2123 1759 2212 1800 τες
2263 1740 2514 1813 πάσχειν,
2575 1739 2663 1792 καὶ
2712 1737 2947 1812 μάλιστα
3006 1739 3059 1792 οἱ
3103 1743 3183 1810 τῷ
3229 1737 3492 1812 κρείττονι
3532 1735 3798 1807 πλησιά-

2129 1832 2329 1900 ζοντες,
2363 1829 2436 1881 ὧν
2490 1826 2707 1903 εὕχεταί
2753 1848 2837 1889 τις
2886 1827 3110 1881 ἀκοῦσαι
3162 1827 3370 1902 φωνὴν,
3431 1827 3481 1880 o't
3509 1831 3610 1881 τοῦ
3646 1830 3801 1880 Θεοῦ

437 1113 528 1168 33.
563 1112 683 1170 Ista
727 1112 1128 1187 interrogatio,
1162 1115 1361 1186 frater,
1393 1117 1465 1172 ad
1515 1134 1751 1173 causam
1797 1117 1883 1172 tui
1914 1118 2013 1173 ad-

365 1205 576 1258 ventus
603 1203 858 1260 maxime
880 1205 1206 1276 spectabat;
1241 1207 1538 1277 quaerebat
1556 1206 1799 1279 insuper
1817 1211 2014 1262 utrum

370 1291 528 1363 operi
575 1292 831 1348 maximo
879 1294 1208 1365 applicatus
1236 1295 1296 1350 in
1329 1296 1438 1351 hoc
1483 1313 1671 1368 usque
1718 1297 1787 1351 ad
1837 1295 2014 1351 ﬁnem

370 1379 692 1437 fortissime
767 1399 1161 1453 permaneres,
1208 1382 1258 1438 si
1313 1385 1516 1455 paucis
1571 1385 1764 1440 verbis
1820 1385 2018 1440 omnia

370 1469 619 1524 dicenda
668 1475 826 1526 sunt.
873 1475 942 1526 Et
999 1476 1060 1526 tu
1121 1473 1410 1540 ardenter,
1442 1474 1613 1529 corde
1671 1479 1917 1544 sincero',
1952 1477 2018 1528 ut

367 1557 694 1630 videbatur,
727 1560 1118 1631 spopondisti.
1150 1563 1234 1616 Ita
1274 1560 1375 1617 illo
1419 1568 1701 1634 tempore.
1737 1562 1900 1618 Multi
1932 1566 2014 1618 te-

371 1650 490 1702 stes
520 1663 634 1702 non
659 1648 946 1720 patientes
969 1650 1299 1720 exprobrati
1320 1652 1633 1717 mendacii,
1658 1653 1698 1706 ii
1728 1652 1787 1706 in
1809 1651 2016 1724 primis

373 1735 474 1806 qui
504 1735 902 1808 Omnipotenti
943 1740 1361 1810 propinquant,
1395 1750 1645 1812 quorum
1677 1758 1875 1796 vocem
1907 1758 2016 1796 au-

370 1823 497 1880 dire
527 1826 777 1898 quisque
807 1835 983 1898 optat,
1007 1843 1215 1900 nempe
1245 1828 1430 1899 angeli
1463 1830 1591 1898 Dei;
1626 1846 1772 1901 quos
1804 1829 1852 1884 si
1883 1829 2016 1901 quis

374 1916 667 1971 mendacii
724 1933 968 1988 arguere
1015 1919 1277 1988 auderet,
1326 1918 1453 1989 ipso
1502 1919 1652 1974 facto
1700 1935 1913 1974 manus
1959 1919 2018 1974 in

2133 1915 2349 1993 Ξὶγγελοι
2385 1935 2397 1949 ⁸
2441 1915 2532 1978 οὓς
2589 1912 2645 1970 εἷ’
2687 1938 2772 1980 τις
2822 1917 3270 1991 παραγράψασθαι
3329 1913 3798 1982 ἆπαυθαδίσεται,

372 2004 558 2060 Deum
613 2004 920 2061 attolleret.
980 2007 1096 2062 Nec
1150 2005 1391 2078 longum
1445 2011 1680 2079 tempus
1735 2007 2018 2077 efﬂuerat,

2133 2006 2327 2060 αὐτίκα
2354 2005 2443 2060 καὶ
2483 2010 2617 2060 Θεοῦ
2672 2005 2837 2060 αὐτοῦ
2885 2007 3351 2080 κατεπιχειρήσει.
3387 2003 3465 2061 Οὐ
3514 2003 3702 2065 πολὺς
3743 2001 3805 2058 δὲ

379 2098 436 2150 et
464 2110 597 2150 ecce
627 2096 934 2150 conventio
982 2113 1086 2167 pro
1136 2095 1320 2151 nihilo
1369 2097 1780 2168 reputabatur;
1831 2097 2018 2165 aliter,

2133 2101 2421 2170 καθορᾶται
2454 2095 2677 2171 χρόνος,
2727 2095 2816 2150 καὶ
2865 2097 2900 2163 ἡ
2949 2093 3388 2170 ἀνθομολόγησις
3437 2092 3612 2164 ἐκείνη
3649 2114 3797 2149 κατ-

377 2200 514 2240 cum
544 2185 799 2254 insania,
833 2202 949 2240 non
987 2200 1123 2241 cum
1165 2189 1322 2240 recta
1350 2190 1408 2241 et
1437 2202 1582 2241 sana
1611 2188 1832 2242 ratione
1861 2191 2018 2242 tene-

2133 2185 2368 2259 ήργηταί
2403 2205 2486 2240 σοι
2545 2182 2730 2246 ἄλλως
2785 2181 3191 2259 φυλαττομένη,
3238 2183 3375 2238 κατά
3427 2204 3542 2238 τινα
3598 2185 3800 2259 παρά-

373 2273 567 2329 batur.
601 2273 815 2330 Obedis
870 2279 934 2329 tu
993 2274 1254 2345 quidem,
1287 2275 1388 2328 sed
1447 2291 1561 2330 non
1616 2279 1682 2330 ut
1736 2275 2018 2346 statuisti,

2133 2293 2302 2342 νοιαν,
2343 2272 2434 2327 καὶ
2467 2272 2529 2327 οὐ
2572 2273 2710 2347 πρὸς
2757 2272 3028 2348 ὀρθότητα
3072 2272 3163 2326 κκὶ
3221 2271 3420 2347 ὑγίειαν
3479 2271 3803 2346 λογισμοῦ.

373 2363 608 2434 quando
647 2367 704 2418 te
751 2362 966 2434 aliquis
1015 2364 1086 2418 ad
1145 2361 1368 2417 loculos
1423 2362 1601 2418 simul
1657 2362 2018 2432 dividendos,

2133 2361 2445 2426 Ὑπακοόεις
2497 2362 2590 2434 μὶν
2647 2362 2751 2437 γὰρ
2801 2395 2872 2404 --
2921 2360 3071 2430 πλὴν
3122 2360 3184 2415 οὐ
3233 2361 3373 2415 καθὰ
3429 2361 3615 2433 ἐτάξω,
3657 2359 3804 2416 ἀλλ’

371 2452 443 2507 ad
493 2453 815 2524 parandam
848 2452 1175 2508 innocentis
1223 2450 1482 2507 hominis
1527 2451 2018 2526 inhumationem,

2133 2451 2218 2506 ὅτε
2241 2473 2324 2513 τις
2374 2450 2766 2527 προκαλὲσιταί
2823 2471 2878 2505 σε
2927 2450 3003 2511 εἷς
3045 2450 3422 2520 κοινοποίησιν
3459 2448 3803 2524 βαλαντίου,

370 2546 472 2597 aut
502 2543 572 2596 ad
606 2542 722 2597 alia
752 2541 970 2598 similia
1017 2541 1242 2596 invitat.
1278 2541 1481 2598 Nonne
1525 2541 1681 2596 enim
1715 2543 1830 2598 ista
1859 2548 2018 2612 sunt,

2133 2541 2214 2594 καὶ
2250 2540 2326 2604 εἷς
2368 2541 2692 2617 προαγωγὰς
2734 2539 2982 2616 κρύψεως
3032 2537 3243 2617 ἀνδρῶν
3293 2539 3484 2604 ἆθώων
3530 2539 3605 2601 εἰς
3650 2546 3797 2615 γῆν,

369 2648 496 2702 qua:
554 2649 588 2687 a
645 2639 697 2687 te
755 2632 815 2686 in
874 2631 1143 2686 homines
1215 2629 1361 2684 nihil
1421 2632 1661 2687 meritos
1718 2636 2018 2704 aguntur?

2133 2629 2217 2684 καὶ
2259 2629 2336 2692 εἷς
2388 2628 2532 2684 ἄλλα
2580 2626 2765 2702 ὅμοια.
2798 2631 2870 2685 Ἦ
2917 2631 3018 2705 γὰρ
3070 2629 3132 2682 οὐ
3184 2633 3410 2684 τοιαῦτα
3449 2629 3515 2684 τὰ
3555 2625 3657 2682 διὰ
3695 2633 3806 2684 σοῦ

367 2721 490 2776 Tua
522 2720 679 2776 enim
712 2738 888 2793 opera
917 2736 1046 2776 esse
1083 2723 1326 2775 autumo
1358 2735 1490 2791 quae
1535 2737 1567 2775 a
1616 2725 1670 2776 te
1709 2722 2016 2791 jubentur.

2133 2713 2482 2793 ἐντριϐόμενα
2536 2722 2826 2795 πράγματα
2871 2724 2988 2781 τοῖς
3042 2715 3200 2773 οὐδὲν
3245 2717 3484 2787 ultime;
3537 2722 3654 2772 Σοῦ
3689 2720 3803 2794 γὰρ

368 2810 464 2866 Sic
495 2810 650 2865 enim
683 2811 885 2867 obedis
916 2815 980 2865 ut
1009 2826 1124 2864 non
1157 2809 1431 2864 debebas.
1456 2809 1706 2865 Oculum
1739 2812 2018 2882 projicere

2133 2805 2262 2862 εἷναί
2312 2829 2455 2882 φημι
2516 2804 2644 2884 ἔργα
2691 2808 2759 2862 τὰ
2809 2807 2913 2862 ὑπὸ
2971 2811 3066 2862 σοῦ
3109 2804 3463 2880 κελευόμενα.
3495 2805 3598 2861 Καὶ
3636 2807 3804 2862 οὕτω

367 2915 608 2955 necesse
646 2903 771 2955 erat
819 2899 1010 2971 magis
1055 2914 1233 2971 quam
1280 2897 1362 2953 sic
1413 2899 1613 2954 audire
1657 2903 1710 2955 et
1760 2901 2016 2956 obedire.

2133 2897 2225 2970 μὲν
2285 2896 2595 2966 ὑπακούεις,
2649 2897 2723 2958 ὡς
2778 2897 2853 2970 μὴ
2907 2895 3115 2974 ὤφελες
3147 2915 3162 2929 ⁸
3217 2895 3426 2973 ὤφελες
3467 2896 3570 2970 γὰρ
3603 2917 3802 2951 κεκω-

368 2986 434 3042 In
465 2991 692 3042 tantum
745 2987 931 3060 premi
981 3003 1236 3055 recusas,
1273 2991 1337 3040 ut
1366 2985 1518 3041 oculi
1549 2987 1635 3042 tui
1666 2989 2018 3062 caerulei(4),

367 3091 529 3132 more
565 3076 771 3146 ferino,
803 3079 860 3130 te
907 3075 1202 3146 abripiant
1246 3074 1305 3130 in
1353 3074 1500 3130 alios
1550 3077 1919 3147 premendos,
1955 3083 2020 3134 ut

366 3168 431 3220 tu
463 3164 698 3221 lateris.
731 3170 917 3220 Causa
945 3164 1102 3219 enim
1147 3163 1344 3236 gloriae
1377 3179 1553 3234 quam
1587 3164 1874 3237 repulisti,
1907 3167 2016 3222 sub

367 3254 561 3326 specie
599 3259 971 3326 contemptus
1003 3253 1095 3308 cui
1126 3253 1340 3308 iterum
1372 3254 1744 3321 renuntiasti,
1770 3255 2016 3327 quibus-
2047 3296 2090 3364 C

372 3359 475 3364 μή-
508 3344 896 3364 ι.--μ-ειξι,ι,ᾉ-
965 3344 1080 3364 -μέ-
1133 3342 1226 3364 “-3
1279 3343 1648 3364 __.__-___2-Al
1696 3361 1800 3364 _-,_
1847 3346 2003 3364 ,_,_j,

367 3359 480 3413 que
508 3344 904 3401 humilitatem
956 3344 1082 3400 ovis
1131 3342 1227 3398 Dei
1279 3343 1671 3414 praeposuistl,
1695 3361 1809 3400 non
1845 3346 2016 3401 modo

364 3434 606 3506 premis,
629 3434 749 3490 sive
776 3435 916 3489 teris
939 3433 1115 3504 (quod
1139 3438 1228 3487 est
1249 3425 1501 3504 θλίϐειν),
1523 3433 1620 3487 sed
1647 3433 1822 3490 etiam
1847 3435 2018 3490 strin-

363 3523 475 3595 gis,
515 3524 790 3594 suﬁ'ocas,
825 3522 1122 3590 vulneras,
1155 3520 1509 3593 colaphizas,
1543 3522 1820 3595 castigas,
1854 3541 2016 3595 pres-

363 3629 563 3668 suram
597 3612 822 3668 moliris
853 3629 919 3668 eo
951 3611 1088 3682 ﬁne,
1119 3616 1184 3666 ut
1213 3615 1540 3678 conterens,
1575 3617 1740 3668 stans
1772 3614 2016 3669 seorsim

363 3707 420 3758 et
469 3702 806 3758 inaccessus
837 3719 905 3757 ex
936 3701 1142 3757 alienis
1189 3700 1361 3755 bonis
1410 3701 1603 3772 possis
1650 3701 2014 3774 locupletari.

364 3791 498 3855 Quae
527 3809 673 3848 novo
718 3791 964 3848 consilio
1005 3791 1258 3862 peragis,
1293 3789 1490 3861 sicque
1541 3791 1809 3847 mentiris
1841 3809 2016 3864 quam

365 3880 622 3954 elegeras
652 3884 1078 3954 paupertatem,
1101 3879 1274 3935 hodie
1304 3879 1544 3950 quidem
1569 3881 2016 3954 restringentem

2128 2991 2336 3064 φῶσθαι
2397 2985 2628 3058 μᾶλλον,
2679 2987 2714 3054 ἢ
2793 2984 2966 3047 οὕτως
3042 2984 3254 3039 ἀκούειν
3311 2984 3400 3039 καὶ
3461 2985 3800 3040 ὑπακούειν.

2127 3071 2416 3130 Θλίϐεσθαι
2449 3072 2508 3130 δὲ
2540 3075 2616 3138 εἷς
2641 3078 2901 3130 τοσοῦτον
2933 3073 3178 3149 ἀπέχεις,
3220 3073 3296 3137 ὡς
3330 3071 3419 3128 διὰ
3462 3075 3562 3143 τὴν
3594 3073 3650 3128 ἐν
3709 3077 3804 3129 σοὶ

2128 3162 2375 3240 θηριώδη
2438 3164 2794 3240 χαροπότητα
2861 3163 2948 3218 καὶ
3016 3161 3482 3239 πραγματεύεσθαι
3562 3162 3804 3237 θλίψεις

2127 3253 2354 3329 ἑτέροις,
2389 3250 2474 3308 i'va
2505 3253 2568 3308 σὺ
2598 3253 2822 3330 χαίρῃς,
2852 3256 2948 3325 Τῷ
2977 3253 3081 3328 γὰρ
3112 3248 3262 3329 λόγῳ
3282 3259 3382 3322 τῆς
3402 3251 3802 3325 ἐνδοξότητος,

2127 3340 2193 3412 ἤν
2245 3342 2510 3412 ὰπελὲξω,
2561 3342 2651 3396 καὶ
2698 3345 2766 3416 τῇ
2826 3342 3049 3420 ἀφορμῇ
3107 3347 3204 3397 τοῦ
3248 3343 3735 3420 ἂκαταιρρονήτου,
3773 3345 3804 3399 ὃ

2125 3439 2213 3486 καί
2272 3432 2401 3486 αὐτὸ
2454 3433 2776 3507 ἀπηρνήσω,
2839 3431 2919 3494 οἶς
2996 3426 3272 3506 πρόϐατον
3356 3436 3488 3487 Θεοῦ
3540 3435 3804 3507 γεγονὼς

2125 3521 2390 3596 προείλου
2452 3521 2796 3588 ταπείνωσιν,
2851 3519 2958 3596 οὐχ
3003 3519 3192 3582 ἁπλῶς
3247 3515 3474 3588 θλίϐεις,
3535 3518 3636 3575 εἴτ’
3698 3521 3802 3577 οῦν

2126 3613 2331 3680 πιὲζνις
2375 3615 2561 3682 (τοῦτο
2619 3607 2722 3686 γάρ
2764 3608 2877 3664 ἐστι
2935 3605 3188 3682 θλίϐειν),
3239 3607 3387 3664 ἀλλὰ
3437 3610 3802 3685 συμπνίγεις,

2128 3699 2335 3776 ἄγχεις,
2395 3699 2643 3770 αἱκίζεις,
2701 3696 2973 3768 κολάζεις,
3053 3693 3392 3773 ὑπερϐαίνων
3467 3699 3805 3772 εὗμεθόδως

2124 3793 2222 3858 τὴν
2285 3788 2574 3857 θλιπτικὴν
2633 3786 2896 3862 ἐνέργειαν
2936 3804 2948 3820 ·
3005 3784 3101 3842 τίνα
3155 3789 3530 3862 συντριπτικὸς
3569 3789 3806 3844 ἀποκα-

2124 3878 2320 3941 ταστᾶς
2375 3878 2464 3933 καὶ
2523 3877 2836 3951 ἀπρόσιτος,
2896 3871 3026 3951 ἔχῃς
3066 3881 3184 3938 τοῖς
3230 3874 3537 3952 ἀλλοτρίοι,
3571 3875 3809 3949 ἐμπλα-

363 3973 422 4026 et
451 3971 782 4043 evangelica
806 3973 1189 4042 prementem,
1215 3973 1416 4041 postea
1437 3974 1631 4026 autem
1663 3970 2016 4029 immensam

2133 3969 2370 4025 τύνεσθαι
2401 3987 2413 4000 ·
2447 3967 2476 4020 ὃ
2531 3963 2598 4035 δὴ
2659 3967 2749 4021 καὶ
2796 3970 2975 4027 ποιεῖς
3024 3963 3212 4041 χάριτι
3261 3971 3361 4035 τῆς
3398 3965 3805 4042 ὑστερογενοῦς

363 4057 669 4131 planitiem
701 4059 1078 4130 aperientem.

2133 4057 2181 4114 ἐν
2231 4079 2314 4112 σοι
2365 4056 2675 4133 προθέσεως
2712 4073 2726 4087 °
2777 4054 2867 4109 καὶ
2914 4052 3056 4108 οὕτω
3105 4051 3278 4131 φεύγῃ
3326 4053 3415 4108 καὶ
3464 4055 3565 4122 τήν
3597 4075 3806 4110 necv-

362 4147 602 4221 χωρίαν,
633 4145 700 4216 ἤν
758 4144 1151 4219 ἔστερξας,τήν
1206 4143 1393 4209 ἃλλως
1453 4147 1545 4220 μὲν
1605 4147 2077 4224 ἆποστενουμὲνην
2131 4148 2184 4205 ἐν
2241 4151 2359 4209 τοῖς
2415 4142 2542 4215 ὧδε,
2601 4143 2692 4200 καὶ
2741 4137 3035 4199 θλίϐουσάν
3071 4139 3459 4220 εὖαγγελικῶς,
3491 4140 3543 4197 ἑν
3578 4140 3638 4198 δὲ
3671 4151 3811 4208 τοῖς

361 4234 474 4290 ἐκεῖ
501 4233 814 4310 ἀνοίγουσαν
857 4232 1196 4310 εὐρυχωρίαν
1229 4231 1643 4308 ἀνεκδιήγητον.

434 4326 524 4380 34.
538 4326 682 4382 Ecce
701 4342 856 4382 nunc
871 4325 1032 4381 subit
1050 4326 1328 4381 memoria
1341 4342 1450 4397 pau
1463 4326 1705 4395 pertatis
1724 4343 1840 4382 non
1859 4327 2024 4384 abso-

362 4414 497 4471 lutis
521 4415 673 4473 circa
701 4415 1197 4482 necessaria,sine
1221 4414 1436 4486 quibus
1461 4415 1652 4470 vivere
1684 4432 1799 4471 non
1833 4419 2026 4488 potest

366 4504 782 4578 homo,quiain
798 4523 1011 4579 purum
1031 4504 1294 4560 animum
1312 4504 1633 4560 monachus
1647 4521 1892 4576 magnus
1908 4522 2021 4561 non

2202 4324 2305 4383 λδ’.
2337 4326 2544 4397 Μνήμη
2596 4321 2653 4379 δὲ
2707 4343 2801 4396 μοι
2851 4320 3219 4399 στενοχωρίας
3273 4323 3522 4396 ἐνταῦθα,
3586 4322 3656 4377 οὗ
3731 4327 3809 4399 τῇ

2131 4414 2372 4484 καθάπαξ
2429 4412 2482 4467 ἐν
2540 4417 2658 4476 τοῖς
2714 4410 3052 4487 ἀναγκαίοις,
3102 4410 3192 4464 καὶ
3249 4408 3323 4466 ὧν
3374 4409 3497 4465 ἄνευ
3547 4409 3648 4464 οὐκ
3681 4408 3811 4467 ἔστι.

2135 4505 2285 4580 βιοῦν
2334 4503 2618 4575 ἄνθρωπον
2660 4520 2932 4570 τοιουτον,
2987 4498 3070 4554 ὅτι
3122 4497 3264 4572 μηδὲ
3320 4499 3397 4561 εἷς
3454 4497 3814 4574 αὐτόχρημα

367 4595 688 4652 translatus
705 4600 820 4665 est;
842 4597 942 4652 sed
969 4594 1127 4650 illius
1149 4593 1511 4667 paupertatis
1531 4611 1659 4666 quae
1682 4593 1826 4649 nihil
1848 4594 2018 4651 habet

2133 4599 2255 4648 νοῦν
2286 4595 2314 4648 ὁ
2349 4591 2800 4668 μεγαλοσχήμων
2839 4589 3253 4662 μετεσκεύασται
3292 4607 3304 4619 ·
3338 4587 3484 4644 ἀλλὰ
3525 4591 3622 4658 τῆς
3675 4593 3815 4645 ἀνε-

371 4700 684 4743 oommune
715 4703 847 4742 cum
869 4685 1167 4758 superﬂua
1188 4683 1570 4751 abundantia,
1597 4683 1888 4756 siquidem
1918 4699 2018 4740 nec

2133 4682 2392 4756 πιμίκτου
2449 4685 2530 4753 τῷ
2587 4683 3048 4756 περιουσιαστικῷ
3096 4677 3446 4752 πλατυσμῷ·
3503 4677 3612 4732 ἐπεὶ
3673 4679 3817 4737 οὕτε

372 4781 689 4848 paupertas
721 4775 1052 4832 absolutam
1083 4773 1468 4846 indigentiam
1503 4773 1704 4842 trahit,
1733 4789 1838 4830 nec
1867 4774 2018 4830 idem

2133 4773 2194 4827 τὸ
2254 4767 2590 4846 στενόχωρον
2641 4765 2987 4824 ἀνεπίδεκτον
3045 4767 3152 4822 ἐστι
3206 4772 3305 4822 τοῦ
3362 4764 3509 4830 ὅλως
3554 4774 3812 4843 χωρεῖν,

374 4870 464 4920 est
481 4867 541 4921 in
563 4866 856 4939 angustiis
872 4880 1002 4922 esse
1019 4864 1198 4920 autin
1224 4862 1477 4920 deliciis:
1494 4867 1550 4917 et
1569 4863 1700 4920 ideo
1719 4863 1888 4919 multi
1906 4881 2018 4920 non

2133 4861 2220 4917 καὶ
2254 4859 2379 4916 οὐδὲ
2409 4859 2598 4914 ταυτὸν
2650 4863 3108 4934 σνενοχωρεῖσθαι
3160 4856 3250 4911 καὶ
3304 4855 3753 4930 ἐμπλατύνεσθαι
3794 4877 3812 4890 ο

373 4960 610 5027 egentes
641 4972 927 5028 pauperes
955 4970 1083 5012 esse
1115 4957 1173 5010 et
1217 4952 1328 5008 dici
1377 4958 1647 5025 possunt,
1679 4954 1738 5008 in
1771 4953 1864 5010 his
1895 4971 2018 5026 quae

2135 4948 2219 5006 διὸ
2275 4950 2365 5006 καὶ
2421 4947 2528 5005 ἔστι
2586 4945 2833 5010 πολλοὺς
2877 4950 2952 5020 μή
3015 4946 3332 5020 ἀπερίττους
3381 4941 3561 5017 ὄντας,
3632 4945 3812 5019 ὅμως

373 5043 445 5099 ad
482 5045 792 5113 mundum,
825 5049 926 5101 aut
969 5045 1040 5100 ad
1073 5046 1341 5098 sanctum
1375 5042 1661 5114 Spiritum
1708 5043 2018 5115 pertinent.

2134 5039 2684 5115 ἐστενυχωρημὲνους
2741 5037 2830 5090 καὶ
2883 5038 3014 5091 εἶναι
3065 5035 3154 5090 καὶ
3205 5035 3470 5110 λέγεσθαι,
3524 5034 3612 5089 καὶ
3663 5035 3815 5090 αὐτὸ

367 5133 588 5190 Similis
608 5139 698 5191 est
719 5135 874 5190 enim
897 5134 1041 5190 fonti
1065 5133 1183 5188 vita
1205 5148 1508 5204 prospera,
1533 5137 1589 5188 et
1619 5132 1984 5189 abundantia
2008 5150 2018 5188 :

2135 5129 2223 5185 ἐπί
2252 5151 2310 5184 τε
2353 5133 2462 5183 τῶν
2503 5133 2600 5183 τοῦ
2631 5128 2864 5200 κόσμου,
2919 5125 3010 5180 καὶ
3061 5129 3197 5196 τῶν,
3231 5126 3350 5179 ὅσοι
3377 5128 3477 5179 τοῦ
3507 5124 3818 5188 θειοτάτου

366 5229 422 5281 et
444 5225 945 5298 quemadmodum
967 5240 1144 5296 super
1167 5221 1358 5277 locum
1384 5239 1660 5294 magnum
1677 5228 1734 5278 et
1755 5223 2024 5295 frequen-

363 5318 553 5372 tatum
590 5317 718 5372 fons
746 5332 959 5388 parvus
981 5313 1276 5369 modicum
1299 5317 1528 5385 pratum
1563 5313 1820 5385 irrigans
1851 5313 2028 5367 habet

363 5403 605 5461 inutiles
637 5423 822 5477 aquas
871 5405 1143 5476 exiguas;
1176 5407 1232 5459 et
1274 5407 1477 5458 contra
1525 5401 1575 5456 si
1626 5401 1829 5457 civitas
1879 5401 2026 5456 satis

2135 5219 2469 5293 Πνεύματος.
2531 5220 2715 5272 Ἕοικε
2771 5216 2874 5291 γὰρ
2934 5218 3090 5290 πηγῇ
3139 5236 3246 5270 τινι
3290 5215 3379 5268 καὶ
3433 5215 3461 5268 ὁ
3502 5214 3639 5268 κατᾶ
3676 5215 3816 5289 βίον

2135 5308 2426 5381 πορισμὸς,
2480 5307 2569 5362 καὶ
2624 5307 2652 5360 ὁ
2707 5305 2946 5368 ἐντεῦθεν
2999 5299 3422 5378 περιουσιασμὸς
3457 5322 3470 5334 ·
3513 5304 3602 5357 καὶ
3653 5301 3820 5358 ἔστιν

2137 5396 2294 5467 ἰδεῖν,
2328 5397 2432 5467 ὅτι,
2488 5398 2726 5471 καθάπερ
2777 5394 2866 5449 ἐπὶ
2920 5391 3163 5468 μεγάλου
3218 5391 3310 5446 καὶ
3353 5391 3821 5466 πολυανθρώπου

366 5510 584 5567 magna
614 5499 722 5565 est,
747 5494 1058 5550 abundans
1090 5492 1258 5564 aquis
1289 5507 1431 5547 sane
1462 5491 1889 5546 abundantiam
1923 5506 2028 5546 nec

371 5584 444 5642 ad
474 5585 808 5643 necessaria
829 5583 1067 5656 quidem
1090 5581 1439 5654 dissipabit:
1468 5581 1551 5636 sic
1582 5580 1642 5636 in
1675 5580 2028 5638 monasterio

2135 5487 2307 5542 τόπου
2371 5487 2602 5564 βραχεῖα
2651 5485 2837 5559 πηγήν
2919 5482 3016 5537 οὐκ
3089 5480 3377 5557 ἀξιόλογον
3458 5475 3825 5549 ἐκϐλύζουσα

2140 5569 2416 5649 λιϐάδιον,
2445 5577 2641 5652 ἆχρεία
2671 5573 2782 5630 ἐστὶ
2807 5579 2907 5644 τῆς
2933 5569 3258 5649 ὀλιγότητος
3295 5591 3307 5606 ο
3342 5569 3390 5627 εἰ
3414 5567 3472 5626 δέ
3500 5591 3607 5625 που
3639 5569 3822 5626 εὗπεο

449 5779 523 5849 (4)
557 5782 722 5851 Apud
754 5785 974 5838 veteres
1006 5777 1234 5836 caerulei
1263 5777 1419 5835 oculi
1448 5776 1817 5834 habebantur
1847 5781 1912 5834 ut
1939 5775 2109 5850 signa
2135 5773 2363 5834 roboris
2395 5773 2744 5834 animalium
2778 5777 2837 5832 et
2871 5771 3206 5831 hominum.
