4114 6200
325 344 438 402 757

1327 348 1428 406 DE
1475 347 1962 406 EMENDANDA
2007 347 2193 407 VlTA
2236 345 2720 407 MONACHICA.

3610 343 3729 405 758

313 471 618 549 ρίγραπτός
667 493 752 536 τις
832 471 914 544 εἴη
994 475 1184 548 κώμη,
1245 473 1569 547 πληθύουσα
1627 473 1834 547 ὕδασιν,
1896 475 1959 536 εἷς

2088 495 2264 550 parvo
2298 477 2525 534 inutilis
2555 482 2644 533 est
2674 476 2856 533 nimia
2914 475 3233 547 possessio,
3293 482 3351 530 et
3405 477 3728 546 praesertim

313 559 471 617 οὐδὲν
549 561 725 633 ἐκείνη
817 563 1099 640 ἀναγκαῖον
1178 563 1424 640 εὐμοιρεῖ
1503 570 1598 620 τοῦ
1684 564 1969 640 πλησμίου

308 650 511 716 ὕδατος
563 686 633 695 —
681 651 824 707 οὕτω
863 653 951 708 καὶ
1011 653 1100 708 ἐπὶ
1160 654 1525 730 μοναστηρίου
1582 656 1675 728 μὶν
1737 660 1970 731 σμικροῦ

311 744 548 815 μάταιος
608 744 643 812 ἡ
709 741 1028 816 ὑπέρπλεως
1087 750 1299 812 κτῆσις,
1352 743 1440 797 καὶ
1505 743 1723 816 μάλισθ’
1773 745 1861 798 ὅτε
1918 746 1968 798 οἱ

309 832 642 904 μονάζοντες
694 831 770 895 εἷς
828 834 980 887 κενὸν
1039 833 1224 911 ἀφιᾶσι
1285 836 1624 888 κατακεῖσθαι
1681 836 1742 888 τὸ
1790 855 1972 910 περιτ-

2079 569 2176 623 ubi
2231 567 2500 624 monachi
2564 566 2928 640 superﬂuum
2960 565 3018 619 in
3051 582 3263 620 vanum
3297 565 3454 620 abire
3488 565 3726 635 sinunt;

2081 657 2445 730 amplissimo
2473 663 2668 714 autem
2701 655 3058 712 monasterio
3090 659 3215 710 tum
3247 655 3542 724 domibus,
3602 659 3728 710 tum

2080 747 2256 803 rebus
2289 749 2470 804 sacris
2495 765 2594 804 eos
2625 747 3010 819 replentibus,
3042 747 3280 817 prodest
3304 761 3519 816 magna
3551 745 3734 799 abun‘

2081 837 2305 908 dantia,
2333 838 2486 894 sicut
2517 855 2728 910 magno
2760 837 2918 908 gregi
2946 851 3228 908 pascuum
3261 835 3589 890 abundans.

303 920 427 974 τόν·
468 921 892 996 μεγεθυνομὲνῳ
926 919 1004 994 δὲ,
1035 925 1123 976 καὶ
1156 925 1220 979 οὐ
1255 926 1418 999 μόνον
1455 923 1801 999 οἰκοδομαῖς,
1828 921 1973 980 ἀλλά
2001 923 2090 979 καὶ
2139 924 2455 1000 πληθυσμῷ
2505 925 2654 998 θείῳ,
2688 925 2908 995 πολλῆς
2967 925 3125 1001 χρεία
3178 931 3280 995 τῆς
3336 921 3728 997 περιττότητος

299 1011 448 1063 καθὰ
476 1010 566 1064 καὶ
598 1013 770 1084 νομῆς
804 1008 1070 1085 δαψιλοῦς
1103 1013 1329 1090 μεγάλῳ
1359 1016 1624 1090 ποιμνίῳ.

377 1114 477 1173 λε’.
512 1118 610 1171 Καὶ
669 1113 787 1192 ἔχει
843 1140 928 1180 τις
987 1118 1254 1194 ἆπιλίγειν
1277 1126 1355 1194 τῷ
1417 1122 1512 1195 μὶν
1549 1119 1966 1195 εὐπεριγράπτῳ

294 1205 720 1281 φροντιστηρίῳ
775 1207 840 1261 τὸ
872 1231 901 1259 α
943 1209 1008 1265 Ἡ
1062 1211 1218 1283 πηγή
1281 1230 1367 1264 σοι
1423 1214 1520 1264 τοῦ
1578 1208 1769 1271 ὕδατος
1829 1205 1965 1263 ἔστω

294 1291 440 1361 ἰδία,
499 1295 576 1367 μὴ
630 1295 988 1370 παραπίνοντι
1033 1296 1375 1370 κλοπιμαίας
1429 1296 1792 1374 γλυκύτητος,
1829 1321 1856 1348 ››
1885 1298 1964 1369 τῷ

299 1379 366 1436 δὲ
401 1382 870 1459 εὖπεριουσιάσδῳ
897 1385 981 1447 εἲς
1015 1382 1327 1460 ὑπερϐολὴν
1380 1388 1442 1442 τὸ
1475 1413 1501 1439 κ
1535 1386 1964 1462 Ὑπερεκχείσθω

288 1473 363 1525 τὸ
395 1471 448 1526 ἐν
489 1474 572 1527 σοὶ
609 1471 754 1548 ὕδωρ
787 1472 888 1544 ἔξω
945 1481 1042 1544 τῆς
1099 1483 1371 1553 γραφικῆς
1430 1473 1580 1543 ὁδοῦ,
1616 1500 1644 1526 ››
1676 1476 1728 1530 ἑν
1789 1476 1873 1529 καὶ
1936 1476 1965 1529 ὁ

294 1560 632 1634 Ψάλμῳδὸς
655 1568 724 1637 τῇ
775 1558 959 1636 ἀϐάτῳ
1005 1565 1092 1618 καὶ
1127 1562 1340 1640 ἀνύδρῳ
1383 1563 1833 1621 ἀντιδιαστέλλει.
1867 1562 1965 1618 Καὶ

293 1651 326 1704 ὁ
357 1652 498 1713 Θεὸς
529 1650 608 1714 εἷς
641 1651 850 1728 ἀμάραν
883 1651 1194 1729 πολύρῤουν
1215 1658 1473 1728 τεχνᾶται
1512 1659 1630 1716 τοῖς
1684 1651 1965 1726 δεομένοις

290 1737 525 1814 ἀρδείας
553 1749 867 1812 κανονικῆς’
902 1743 999 1810 ὡς,
1035 1742 1080 1796 εἰ
1140 1745 1214 1816 μή
1272 1764 1333 1819 γε
1391 1743 1563 1806 οὕτως
1624 1742 1960 1818 ἐξαπορῥὲειν

290 1827 510 1901 μὲλλοι
565 1831 628 1885 τὸ
682 1837 782 1900 τῆς
842 1833 1224 1906 ὑηερκτήσεωτ
1278 1829 1446 1907 ὕδωρ,
1501 1839 1744 1907 κρεῖττον
1801 1831 1868 1900 ἦν
1927 1829 1962 1900 ἢ

289 1915 450 1990 μηδδ
479 1919 583 1988 τήν
615 1921 796 1996 ἀρχὴν
824 1917 1054 1993 θεμέλια
1100 1920 1364 1996 όρυγῆναι
1420 1920 1695 1984 τοιαύταις
1741 1917 1962 1976 οἰκοδο-

293 2013 457 2080 μαῖς,
520 2007 555 2076 ἢ
610 2007 758 2064 ἀλλά
809 2008 1294 2087 τελεσφορηθείσας
1364 2009 1424 2065 ἐκ
1504 2012 1670 2085 μέσου
1724 2009 1960 2088 γενέσθαι

290 2096 566 2171 ἁρπυίαις
594 2098 684 2152 καὶ
715 2104 961 2186 σεισμοῖς
987 2098 1075 2153 καὶ
1109 2100 1240 2174 θείῳ
1267 2099 1418 2176 πυρί.

373 2201 482 2273 λζ’.
515 2204 581 2261 Τί
636 2206 738 2280 γὰρ
789 2206 1014 2276 κτητέον
1073 2205 1162 2260 καὶ
1220 2205 1534 2278 ἐπικτητὲον
1586 2207 1663 2271 εἷς
1718 2209 1958 2283 πονηρὰν

287 2300 496 2362 κτῆσιν
545 2293 672 2356 τοὺς
731 2292 958 2364 εἷδότας,
994 2297 1075 2350 δτι
1129 2295 1218 2351 καὶ
1274 2303 1345 2372 γῆ
1409 2295 1702 2370 μετάλλοις
1754 2297 1962 2370 τιμίοις

288 2381 623 2438 πλουτοῦσα
652 2384 714 2438 οὐ
743 2386 958 2460 συνέχει
1013 2385 1150 2439 αὐτά
1207 2385 1282 2447 εἰς
1339 2384 1667 2461 ἐνδόμυχον,
1702 2383 1848 2440 ἀλλά
1895 2388 1963 2441 τὰ

295 2473 403 2544 μὲν
461 2471 736 2542 ἐπιπολῆς
767 2471 990 2544 ἐξανθεῖ,
1052 2475 1128 2536 ὡς
1184 2475 1274 2529 καὶ
1327 2475 1606 2550 φαίνεσθαι
1664 2475 1752 2530 καὶ
1810 2475 1963 2529 συνά-

286 2573 495 2636 γεσθαι
529 2561 605 2624 εἷς
635 2569 836 2638 χρῆσιν
871 2566 1035 2632 ζωῆς·
1067 2564 1134 2618 τὰ
1166 2562 1224 2618 δὶ
1252 2564 1475 2639 κρύπτει
1539 2565 1652 2636 μὲν,
1714 2564 1961 2642 ἐμφαίνει

289 2648 364 2704 δὲ
423 2648 612 2712 ἄλλως
658 2650 708 2704 ἐν
758 2657 837 2724 τῷ
885 2655 1462 2728 πολυπραγμονεῖσθαι
1527 2653 1840 2729 βαθύτερον,
1872 2655 1962 2708 καὶ

291 2738 450 2793 οὕτω
499 2736 705 2794 διδόναι
755 2739 890 2795 αἱ)τά
947 2741 1340 2813 μεταλλευταῖς
1393 2741 1479 2795 ἐπὶ
1538 2741 1857 2820 οἷκωφελίᾳ,
1909 2744 1961 2798 οἳ

288 2829 446 2882 καθά
502 2849 556 2882 τι
607 2825 738 2902 ὄψον
787 2830 962 2884 κόπου
1009 2831 1076 2884 τὰ
1124 2828 1388 2905 κερδαλέα
1445 2827 1820 2903 λαμϐάνουσι;
1865 2833 1962 2886 Καὶ

285 2915 517 2972 κοιλίαι
577 2915 635 2971 δὲ
689 2925 814 2992 γῆς,
878 2916 1070 2980 ὕδατος
1151 2919 1585 2992 μεμεστωμέναι,
1641 2918 1806 2975 ἄλλαι
1867 2921 1960 2994 μὲν

290 3005 689 3081 ἆνεριύγονται
744 3008 807 3062 τὸ
866 3007 917 3062 ἐν
979 3007 1164 3072 αὐταῖς
1226 3008 1392 3065 καλὸν
1453 3010 1528 3072 εἰς
1589 3008 1840 3087 ἐμφανὲς,
1873 3011 1962 3064 καὶ

290 3095 450 3150 οὕτω
513 3097 672 3164 διοινή
731 3095 1035 3160 ἀπόλαυσις
1091 3099 1450 3173 πρόκεινται·
1507 3097 1732 3163 πλείους
1789 3096 1845 3154 δά
1902 3121 1964 3174 γε

295 3183 745 3258 συστελλόμεναι
805 3185 881 3249 εἷς
921 3186 1168 3262 κρύφιον,
1203 3194 1314 3249 τοῖς
1363 3189 1708 3264 φρεωρύχοις
1769 3188 1960 3264 ἀρετὴν

285 3274 629 3349 παρέχουσι,
685 3271 1059 3347 δεξιουμένοις
1138 3276 1300 3338 αὐτάς
1379 3282 1664 3353 τεχνικῶς,
1721 3277 1812 3332 καὶ
1891 3278 1966 3340 εἷς

288 3369 417 3440 φῶς
451 3365 782 3438 προάγουσι.
813 3365 916 3420 Καὶ
950 3364 1092 3420 οὕτω
1143 3367 1260 3438 μὲν,
1294 3367 1339 3420 ὦ
1395 3368 1663 3440 ἡμέτεροι
1727 3367 1968 3443 μεγάλου

289 3452 354 3507 ἄν
415 3459 532 3515 τοῖς
566 3451 672 3508 ὧδε
705 3453 964 3528 μοναχοὶ,
997 3454 1058 3509 οὐ
1109 3457 1226 3509 καθ’
1256 3455 1480 3518 ἑαυτοὺς
1544 3455 1730 3529 μέντοι
1780 3455 1968 3520 ἄλλως

294 3537 566 3613 μεγάλοι,
632 3537 778 3596 ἀλλά
833 3538 922 3594 δια
990 3543 1088 3610 τὴν
1163 3547 1260 3597 τοῦ
1311 3541 1670 3619 εὺαῃελικοῦ
1727 3542 1964 3619 μεγάλου

287 3627 574 3701 περίθεσιν
603 3631 911 3704 σχήματος,
946 3629 1138 3703 ὅμοιον
1172 3629 1229 3685 δὲ
1261 3631 1454 3700 εἷπεῖν,
1495 3629 1584 3686 διὰ
1637 3632 1700 3687 τὸ
1730 3653 1963 3710 προφαι-

285 3713 556 3790 νόμενον,
590 3719 1029 3794 περιουσιαστὲον
1088 3719 1178 3775 καὶ
1213 3721 1350 3786 ὑμᾶς
1401 3720 1624 3798 ὕπερθεν
1687 3720 1816 3784 ἴσως
1873 3724 1964 3795 μὲ-

285 3827 454 3881 τρου·
500 3805 690 3870 ἄλλως
747 3806 804 3863 δὲ
869 3809 967 3864 οὐκ
1027 3810 1108 3867 ἄν.
1145 3813 1461 3885 Προμήθεια
1517 3811 1618 3886 γάρ
1671 3812 1761 3866 καὶ
1823 3811 1958 3884 μόνη

287 3901 396 3950 τοῦ
463 3895 790 3969 μέλλοντος,
823 3900 914 3953 καὶ
972 3898 1107 3968 αὐτὴ
1167 3900 1394 3974 σταθερά
1422 3900 1512 3954 καὶ
1543 3898 1829 3976 θεοφιλὴς,
1863 3903 1962 3970 τὴν

287 3990 394 4040 τοῦ
445 3985 845 4056 πλεονάζοντος
905 3988 1157 4044 ἀπόθεσιν
1218 3994 1457 4060 συνιστᾷ,
1515 3989 1800 4066 χρησίμην
1848 3989 1962 4045 ἐσο-

295 4074 472 4147 μένην
501 4075 589 4130 καὶ
623 4077 910 4151 ἀναγκαίαν
961 4076 1010 4132 ἐν
1068 4082 1186 4140 τοῖς
1238 4077 1528 4135 είσὲπειτα.
1555 4082 1726 4155 Ὅπερ
1781 4077 1831 4135 ἐν
1889 4083 1958 4154 τῇ

295 4164 528 4239 μεγίστῃ
556 4169 664 4220 τῶν
696 4166 912 4222 πόλεων
950 4167 1186 4240 μάλιστα
1226 4166 1580 4246 ἐφωράσαμεν
1643 4168 1961 4242 οἰκονομίας

291 4253 458 4329 λόγῳ
516 4256 981 4332 καταπράττεσθαι
1011 4275 1022 4286 ·
1087 4254 1224 4311 ὅπου
1281 4256 1623 4312 ἀποτίθενται
1684 4259 1776 4331 μὶν
1825 4257 1960 4314 κατά

288 4346 386 4398 καὶ
449 4344 500 4399 ἐν
561 4344 932 4422 εὖαγγελικοῖς
985 4346 1250 4424 κοφίνοις,
1293 4344 1369 4401 ἔτι
1430 4345 1487 4402 δὲ
1543 4347 1634 4402 καὶ
1686 4347 1954 4423 σπυρίσιν,

289 4431 645 4506 ἐλλείμματα
675 4439 790 4506 Θεῷ
836 4433 992 4512 φίλα,
1027 4434 1333 4510 εὐλογητοῦ
1390 4437 1556 4512 κόρου
1615 4434 1860 4511 λείψαναο
1890 4438 1954 4493 οὐ

291 4519 642 4577 δαπανῶνται
675 4521 733 4578 δὲ
762 4524 1000 4600 ἀχρείως
1028 4525 1106 4587 εἷς
1141 4523 1293 4580 οὐδὲν
1329 4523 1470 4596 δέον,
1495 4523 1620 4581 ἀλλ’
1650 4526 1738 4581 ὅτε
1768 4528 1955 4601 καιρὸς

2146 1123 2234 1176 35.
2270 1123 2468 1178 Posset
2497 1121 2712 1194 aliquis
2742 1124 2812 1178 de
2843 1140 3016 1193 parvo
3074 1121 3428 1178 monasterio
3485 1120 3676 1175 dicere
3709 1135 3722 1174 :

2076 1234 2104 1261 ‹‹
2160 1212 2370 1268 Fontes
2427 1228 2716 1283 aquarum
2773 1211 2984 1268 habeto
3045 1211 3222 1278 solos,
3283 1227 3400 1265 non
3432 1210 3503 1265 de
3532 1210 3726 1263 furata

2075 1299 2383 1356 dulcedine
2433 1301 2674 1366 bibens;
2712 1323 2740 1349 »
2771 1305 2828 1355 et
2857 1301 2928 1354 de
2955 1300 3205 1354 nimium
3239 1299 3416 1354 divite
3449 1314 3462 1352 :
3496 1321 3523 1347 ‹‹
3560 1297 3725 1352 Deri-

2073 1394 2280 1444 ventur
2311 1391 2499 1444 fontes
2528 1389 2612 1444 tui
2646 1394 2808 1444 extra
2838 1395 3054 1444 rectam
3089 1389 3240 1442 viam
3274 1388 3370 1458 (5),
3423 1402 3602 1458 quam
3650 1385 3723 1440 ab

2075 1477 2228 1532 invio
2258 1483 2314 1532 et
2343 1478 2578 1533 sitiente
2609 1477 2915 1550 distinguit
2946 1476 3274 1533 Psalmista.
3308 1477 3384 1531 Iis
3415 1475 3515 1547 qui
3548 1489 3723 1545 regu-

2073 1566 2181 1622 lari
2209 1567 2548 1640 irrigatione
2577 1567 2863 1638 indigent,
2896 1567 3126 1640 largum
3180 1565 3434 1621 rivulum
3498 1580 3719 1636 praepa-

2075 1657 2223 1712 ravit
2252 1658 2406 1712 Deus
2434 1683 2448 1722 ;
2478 1657 2577 1712 ubi
2611 1657 2767 1712 enim
2795 1657 3104 1712 abundans
3165 1672 3319 1726 aqua
3375 1655 3555 1710 fluere
3614 1669 3730 1708 non

2074 1746 2397 1812 debuisset,
2460 1745 2672 1802 melius
2731 1747 2962 1812 fuisset,
3021 1746 3071 1800 si
3129 1763 3164 1799 a
3204 1743 3491 1815 principio
3520 1742 3727 1797 funda-

2074 1839 2274 1890 menta
2301 1835 2611 1908 supposita
2639 1852 2754 1891 non
2786 1835 3058 1902 fuissent,
3093 1833 3179 1889 vel
3212 1834 3262 1889 si
3295 1833 3354 1887 in
3382 1831 3568 1888 altum
3611 1830 3733 1886 els-

2071 1928 2206 1980 vala
2234 1930 2399 1980 terra
2432 1929 2616 1993 motu,
2648 1927 3001 1996 tempestate
3033 1927 3089 1978 et
3118 1921 3336 1978 caelesti
3363 1921 3498 1993 igne
3535 1920 3730 1976 diruta

2072 2013 2344 2070 fuissent.

2141 2211 2228 2265 36.
2263 2215 2376 2266 Cur
2404 2210 2560 2267 enim
2592 2211 2811 2267 addent
2839 2214 2897 2266 et
2928 2209 3325 2282 superaddent
3369 2208 3430 2263 in
3475 2225 3714 2280 pravam

2071 2300 2526 2372 possessionem,
2580 2316 2697 2355 non
2754 2299 3092 2371 ignorantes
3150 2298 3423 2371 pretiosis
3465 2296 3718 2353 metallis

2070 2392 2285 2444 terram
2319 2390 2563 2445 ditatem
2605 2406 2674 2445 ea
2733 2389 2792 2443 in
2851 2389 3174 2444 visceribus
3229 2405 3344 2444 non
3405 2387 3720 2456 recludere,

2072 2478 2190 2532 imo
2221 2479 2487 2549 quedam
2520 2479 2879 2534 extrinsecus
2912 2478 3169 2550 pateﬁeri
3203 2478 3412 2548 solere,
3445 2494 3575 2548 quae
3607 2493 3725 2532 ma-

2072 2567 2427 2624 nifestantur
2457 2573 2513 2624 et
2543 2569 2601 2623 in
2636 2585 2809 2624 usum
2841 2569 2970 2623 vitae
3009 2567 3397 2637 colliguntur;
3453 2567 3724 2638 quaedam

2070 2673 2204 2712 vero
2235 2662 2450 2729 tegere,
2483 2663 2540 2713 et
2597 2657 2766 2713 aliter
2824 2659 3102 2729 proferre,
3166 2658 3398 2728 quando
3456 2656 3722 2711 funditus

2072 2746 2372 2814 evertitur,
2395 2762 2579 2818 eaque
2612 2747 2918 2817 profutura
2946 2745 3314 2801 universitati
3346 2745 3574 2800 tradere
3607 2760 3725 2799 me-

2072 2835 2308 2902 tallicis,
2342 2836 2440 2906 qui
2471 2852 2538 2891 ea
2567 2835 2731 2892 lucra
2761 2853 2864 2908 pro
2923 2835 3296 2892 condimento
3352 2833 3570 2889 laboris
3628 2834 3723 2888 sui

2073 2923 2448 2995 percipiunt?
2502 2925 2572 2980 Et
2626 2925 2848 2980 viscera
2907 2929 3068 2980 terra:
3111 2941 3267 2994 aqua
3298 2922 3518 2993 repleta
3548 2923 3720 2976 modo

2073 3012 2291 3067 bonum
2323 3030 2497 3069 suum
2547 3014 2618 3070 ad
2664 3018 2827 3069 extra
2883 3013 3268 3084 profundunt,
3326 3015 3384 3066 et
3432 3011 3725 3068 universis

2073 3106 2342 3172 prosunt,
2401 3108 2457 3158 et
2503 3103 2712 3174 saepius
2765 3117 2894 3158 eam
2934 3102 2992 3156 in
3024 3099 3366 3156 abscondito
3398 3100 3524 3156 loco
3559 3099 3725 3156 colli-

2078 3195 2247 3261 gunt,
2282 3191 2753 3262 fodientibusque
2806 3192 2948 3246 dant
3006 3189 3320 3245 utilitatem
3377 3207 3545 3246 suam
3604 3193 3727 3246 arte

2079 3279 2352 3335 haustam
2414 3285 2471 3335 et
2521 3282 2834 3334 adductam
2871 3281 2944 3335 ad
2974 3278 3186 3334 lucem.
3221 3279 3436 3333 Eodem
3468 3278 3662 3348 modo,
3693 3294 3726 3333 ο

2079 3369 2372 3436 monachi,
2406 3368 2565 3423 hisce
2597 3369 2772 3423 rebus
2804 3368 3026 3440 magni,
3054 3385 3169 3422 non
3202 3371 3394 3422 tamen
3444 3383 3547 3438 per
3604 3383 3728 3422 vos-

2077 3458 2361 3529 metipsos
2420 3457 2643 3527 magni,
2701 3458 2801 3512 sed
2851 3474 2917 3512 eo
2950 3457 3103 3527 quod
3132 3472 3406 3528 magnam
3439 3454 3728 3526 evangelii

2074 3545 2324 3601 formam
2357 3545 2657 3614 induistis,
2692 3545 2859 3618 quasi
2891 3545 3119 3601 dicatur
3149 3562 3217 3601 ex
3246 3562 3313 3600 eo
3345 3545 3501 3617 quod
3546 3561 3725 3616 appa-

2073 3641 2184 3705 ret,
2213 3635 2373 3691 vobis
2406 3637 2551 3690 forte
2581 3651 2762 3706 supra
2807 3636 3047 3690 modum
3109 3634 3535 3690 abundandum
3593 3637 3722 3699 est;

2073 3724 2186 3780 alio
2221 3725 2413 3793 modo,
2444 3723 2708 3779 minime.
2739 3724 2871 3778 Sola
2901 3723 3057 3778 enim
3091 3722 3457 3794 providentia
3497 3727 3721 3792 tempo-

2072 3814 2154 3870 ris
2185 3815 2366 3869 futuri
2398 3830 2582 3886 eaque
2613 3818 2892 3869 constans
2921 3818 2978 3867 et
3001 3811 3280 3883 religiosa
3298 3811 3534 3867 divitem
3557 3811 3725 3866 docet

2072 3919 2351 3975 seponere
2381 3904 2536 3974 quod
2571 3901 2711 3958 utile
2741 3907 2798 3957 et
2827 3901 3224 3957 necessarium
3256 3901 3366 3956 erit
3415 3901 3475 3954 in
3534 3903 3724 3971 poste-

2070 4009 2225 4048 rum.
2287 3995 2472 4058 Quam
2507 3990 3098 4064 dispensationemin
3132 3989 3390 4046 maxima
3419 3988 3720 4044 civitatum

2069 4082 2394 4154 praesertim
2424 4081 2685 4137 vidimus
2715 4080 2984 4148 exerceri,
3018 4079 3148 4149 “ubi
3209 4082 3606 4150 responuutur
3660 4075 3721 4131 in

2069 4169 2344 4226 canistris
2405 4169 2778 4242 evangelicis,
2839 4185 2904 4224 ac
2935 4169 2992 4223 in
3027 4169 3244 4241 sportis
3272 4168 3602 4240 fragmenta
3634 4181 3722 4220 re-

2069 4260 2369 4316 manentis
2397 4263 2456 4315 et
2485 4258 2602 4314 Deo
2632 4263 2819 4330 grata,
2852 4262 3028 4329 atque
3058 4257 3320 4328 reliquis:
3351 4254 3723 4311 abundantiae

2066 4350 2407 4405 benedicta).
2440 4349 2569 4403 Haec
2599 4347 3039 4412 inutiliter,non
3075 4350 3318 4418 urgente
3347 4345 3714 4411 necessitate,

2066 4457 2183 4495 non
2242 4439 2604 4503 dividuntur,
2667 4437 2768 4492 sed
2826 4452 2960 4492 cum
3022 4436 3162 4491 ades
3219 4439 3452 4506 tempus
3512 4432 3716 4486 distri-

2063 4529 2304 4600 buendi,
2366 4527 2607 4584 collecta
2661 4525 2858 4582 omnia
2886 4525 3314 4580 exhauriuntur
3341 4522 3460 4578 sive
3491 4522 3562 4577 ad
3595 4521 3717 4576 ani-

290 4611 513 4667 καλέσει
572 4610 834 4684 δαπάνης,
895 4613 1272 4686 ἐξαντλοῦνται
1327 4615 1394 4669 τὰ
1447 4615 1772 4690 συνηγμένα·
1809 4613 1945 4670 ὥστε

2075 4635 2184 4675 nas
2213 4619 2512 4674 famelicus
2548 4617 2805 4689 panibus
2830 4614 3204 4682 saturandas,
3234 4615 3305 4667 ad
3339 4613 3535 4667 cibum
3563 4614 3712 4667 tem-

291 4703 329 4772 ἢ
361 4704 543 4777 ψυχας
579 4704 846 4765 πεινώσας
895 4702 1175 4776 ἐμπλῆσαι
1227 4703 1426 4780 ἄρτων,
1460 4705 1548 4760 καὶ
1609 4704 1661 4760 ἐν
1711 4707 1944 4781 ἡμὲραις

292 4793 562 4867 χορτάσαι
624 4791 813 4866 λιμοῦ,
873 4794 908 4862 ἢ
967 4795 1102 4848 κατᾶ
1149 4793 1538 4869 αἰχμαλωσίας
1600 4795 1812 4871 ῥυῆναν
1875 4795 1948 4857 ὡς

290 4881 603 4956 παρασῦραι
651 4883 745 4956 μὲν
805 4884 942 4938 κατά
996 4880 1343 4952 δουλώσεως,
1395 4884 1834 4955 ἀποκαταστῆσαι
1893 4881 1949 4939 δὲ

288 4970 422 5034 τοὺς
465 4971 1002 5047 ἠχμαλωτισμὲνους
1050 4973 1125 5037 εἷς
1169 4975 1232 5028 τὸ
1281 4971 1605 5050 ἐλευθεριον·
1639 4975 1674 5045 ἢ
1734 4975 1946 5030 ἀντικα-

287 5067 552 5131 ταστῆναι
601 5061 792 5138 χρόνῳ
840 5058 1122 5140 ἐγχανόντι
1179 5065 1312 5119 κατά
1355 5071 1454 5135 τῆς
1488 5071 1677 5139 μονῆς,
1711 5065 1746 5136 ἢ
1806 5062 1947 5120 ἄλλο

291 5169 344 5204 τι
377 5150 626 5228 ἐνάρετον
669 5153 1121 5228 καταπράξεσθαι.

362 5257 463 5329 λζ’.
488 5261 744 5334 Τοιούτῳ
776 5258 832 5315 δέ
857 5281 962 5316 τινι
995 5259 1148 5337 λόγῳ
1179 5258 1310 5336 δίχα
1338 5259 1564 5317 πολλῶν
1631 5258 1842 5328 ἄλλων,
1882 5257 1951 5315 δι’

291 5349 370 5404 ὧν
430 5349 498 5404 τὰ
553 5350 690 5405 κατὰ
742 5352 949 5425 κόσμον
1007 5349 1335 5421 συνίσταται,
1384 5352 1473 5405 καὶ
1537 5355 1617 5424 τῷ
1678 5355 1949 5423 Δαυϊτικῷ

363 5552 440 5624 (5)
475 5551 1070 5636 Nespimusquonam
1133 5550 1590 5636 Scripturarum.
1623 5548 1941 5636 enemplari

293 5639 440 5697 usus
469 5625 550 5681 sit
578 5624 963 5694 Eustachius;
998 5624 1082 5680 sic
1104 5625 1272 5697 enim
1299 5624 1519 5697 habent
1558 5624 1944 5697 Septuaginta

293 5696 366 5752 ad
391 5695 554 5754 hunc
583 5701 778 5756 locum
807 5714 820 5756 :
855 5719 883 5749 ‹‹
908 5697 1072 5754 Prov.
1103 5694 1173 5765 V,
1206 5695 1273 5752 17
1305 5711 1319 5752 :
1355 5696 1503 5753 Fons
1528 5694 1692 5768 aquae
1722 5694 1836 5752 tuis
1867 5694 1944 5752 sit

2056 4724 2195 4779 pore
2228 4707 2421 4775 famis,
2455 4706 2574 4762 sive
2606 4706 2675 4761 ad
2708 4704 3071 4776 erogandum
3103 4699 3366 4774 captivis,
3393 4699 3551 4756 verbi
3583 4716 3709 4772 gra-

2055 4799 2158 4863 tia,
2187 4797 2254 4852 ad
2280 4796 2600 4850 minuenda
2630 4793 2786 4849 mala
2816 4793 3191 4864 captivitatis,
3224 4791 3294 4846 ad
3317 4806 3514 4846 servos
3540 4788 3712 4844 liber-

2055 4890 2172 4942 tate
2221 4885 2546 4953 donandos,
2579 4887 2680 4939 aut
2719 4883 2788 4938 ad
2818 4881 3283 4939 subveniendum
3338 4880 3698 4938 monasterio

2057 4974 2300 5047 penuria
2331 4973 2694 5042 adveniente,
2719 4972 2838 5030 sive
2868 4973 2941 5030 ad
2973 4971 3132 5029 aliud
3165 4973 3303 5045 quid
3336 4973 3554 5030 bonum
3586 4987 3710 5043 per—

2056 5065 2397 5122 ﬁciendum.

2129 5263 2218 5319 37.
2253 5263 2467 5320 Eadem
2498 5262 2743 5330 ratione,
2777 5261 3014 5318 omissis
3045 5260 3245 5316 multis
3303 5259 3433 5316 aliis
3493 5259 3708 5331 quibus

2061 5353 2370 5410 mundanae
2402 5370 2493 5410 res
2525 5357 2830 5425 reguntur,
2862 5352 2921 5407 in
2952 5351 3229 5408 thesauro
3259 5349 3492 5406 Davidis
3521 5347 3710 5404 multa

2052 5551 2159 5624 tibi
2216 5552 2511 5624 proprius,
2564 5573 2593 5602 »
2624 5555 2681 5608 et
2717 5574 2737 5602 ι
2774 5552 2885 5608 t6:
2949 5551 3076 5608 Non
3135 5548 3700 5622 supereﬂ‘uudantur

2050 5623 2158 5680 tibi
2189 5623 2351 5696 aqua:
2379 5630 2546 5681 tuum
2577 5625 2818 5682 fontem.
2849 5646 2877 5674 ››
