4114 6200
425 348 544 409 759

428 569 523 638 gia
552 568 654 623 illa
684 585 982 636 crumena,
1019 570 1128 625 etsi
1183 569 1512 626 laudendus
1568 587 1685 625 non
1742 568 1916 625 fuerit
1968 568 2074 624 Ju-

429 658 557 725 das,
591 657 693 730 qui
724 674 850 714 eam
890 659 1178 730 portabat.
1214 662 1486 714 Attamen
1519 657 1833 714 concilium
1885 657 2076 713 senio-

428 763 561 802 rum
593 747 976 818 apostolicum
1012 747 1330 803 admodum
1361 747 1937 821 eleemosynaslarge
1958 763 2082 803 ero-

428 841 593 907 gates
621 837 876 892 amabat.
908 841 1226 910 Propterea
1260 854 1542 894 concessa
1583 843 1674 894 est
1724 837 1837 892 ista
1893 837 2078 892 abun-

427 926 649 993 dantia,
709 925 862 981 sicut
917 927 976 981 in
1034 927 1291 998 templis,
1337 944 1608 983 vasorum
1664 943 1968 983 sacrorum
2025 928 2082 980 et

426 1013 677 1070 aliarum
709 1031 906 1070 rerum
938 1031 1192 1088 magnus
1222 1034 1528 1074 numerus.
1564 1018 1645 1072 Ea
1673 1033 1808 1072 vero
1837 1016 1898 1071 in
1945 1015 2079 1070 sinu

425 1103 852 1160 monachorum
911 1105 993 1160 ita
1040 1108 1352 1161 recondere
1411 1111 1476 1161 ut
1505 1106 1943 1162 abscondantur
1966 1105 2079 1159 im-

424 1210 574 1266 pura
604 1197 660 1249 et
683 1197 799 1249 Deo
831 1193 1024 1250 invisa
1055 1195 1188 1265 quis
1222 1194 1595 1266 probaverit?
1653 1195 1856 1266 quales
1914 1195 2082 1250 sinus

423 1283 580 1355 apud
640 1299 748 1340 nos
804 1284 1074 1339 videmus
1107 1283 1470 1355 plenitudine
1503 1300 1786 1340 manuum
1819 1288 2082 1355 tempore

423 1371 659 1436 messis,
694 1376 751 1426 et
780 1371 960 1443 spicis
992 1371 1218 1428 collatis
1251 1373 1340 1444 (ut
1367 1372 1575 1445 loquar
1604 1374 1625 1408 ⁵
1653 1389 1789 1429 cum
1840 1372 2079 1442 Davide)

425 1459 756 1518 cumulatos
785 1460 1118 1529 immodice,
1146 1461 1322 1533 idque
1371 1463 1527 1534 apud
1590 1461 1860 1519 homines
1919 1460 2082 1533 parvi

427 1550 735 1605 momenti.

499 1727 588 1781 38.
621 1726 826 1782 Nonne
856 1726 1011 1782 enim
1045 1726 1318 1783 novimus
1348 1728 1624 1784 hominus
1676 1728 1788 1784 vile
1845 1729 2084 1800 subteg-

432 1830 566 1871 men
617 1819 927 1887 textentes,
959 1816 1172 1889 vixque
1202 1835 1306 1889 pro
1339 1818 1558 1875 laboris
1590 1818 1777 1890 pretio
1810 1834 2087 1873 nummos

434 1904 495 1958 in
528 1905 803 1960 manibus
834 1905 1099 1976 quotidie
1130 1910 1517 1977 reportantes,
1551 1908 1839 1978 quosdam
1898 1911 2090 1962 vestes

431 1993 783 2062 reﬁcientes,
839 2000 942 2050 aut
998 2011 1075 2050 res
1127 1996 1470 2062 tundentes,
1512 2001 1614 2052 aut
1643 2000 1929 2068 ponentes
1958 2001 2087 2051 ten-

428 2082 598 2150 toria,
627 2081 773 2138 alios
804 2099 938 2138 vero
972 2083 1150 2155 pelles
1181 2085 1445 2155 cujusvis
1473 2086 1703 2157 generis
1745 2090 2086 2155 tractantes,

431 2177 489 2226 et
518 2171 666 2226 alios
705 2188 810 2243 pro
837 2173 1069 2229 modica
1099 2172 1302 2229 hordei
1335 2190 1527 2230 massa
1557 2191 1718 2229 mare
1737 2177 2086 2243 everrentes,

431 2261 632 2332 plures
661 2261 838 2317 etiam
869 2261 1190 2334 mendicos,
1223 2263 1587 2335 proindeque
1618 2262 1942 2319 maleﬁcos?
1960 2261 2092 2327 Qui-

431 2349 543 2406 bus
573 2350 827 2406 addendi
859 2355 999 2406 sunt
1028 2350 1292 2408 homines
1321 2351 1667 2423 qui,furatis
1699 2352 1876 2408 rebus
1905 2350 2088 2407 sacris

431 2443 489 2495 et
519 2437 672 2509 aliis,
706 2438 859 2496 hanc
890 2441 1097 2496 urbem
1136 2440 1276 2512 quia
1331 2440 1642 2497 molestam
1701 2441 2086 2513 reliquerunt,

432 2527 756 2600 oculosque
815 2529 874 2584 in
932 2529 1090 2586 hunc
1146 2535 1405 2586 montem
1473 2534 1917 2597 converterunt,
1987 2533 2090 2584 aut

436 2619 620 2676 alium
677 2619 832 2676 circa
890 2637 1019 2688 nos,
1081 2620 1182 2676 ubi
1236 2625 1408 2677 antea
1462 2620 1772 2676 elucebant
1818 2621 2005 2676 virtus
2037 2623 2093 2674 et

436 2708 711 2779 dignitas,
743 2725 900 2765 nunc
930 2713 1128 2765 autem
1159 2710 1486 2778 contraria;
1527 2710 1741 2782 quippe
1799 2726 1901 2782 per
1957 2725 2091 2781 spe-

438 2798 589 2855 ciem
647 2799 856 2854 animaa
901 2814 1193 2855 conversa:
1219 2804 1276 2854 et
1306 2798 1595 2854 salvandze
1626 2816 1901 2855 nummos
1929 2815 2092 2855 acce-

439 2887 992 2958 perunt;homines
1046 2888 1167 2944 sive
1223 2887 1436 2957 nihili,
1496 2889 1617 2944 sive
1675 2888 2089 2960 peccaminosi,

442 2992 695 3048 quorum
727 2992 940 3032 manus
973 2976 1167 3046 hodie,
1200 2981 1267 3032 ut
1296 2993 1424 3046 non,
1456 2977 1708 3043 dicebat,
1767 2993 1873 3032 nec
1929 2993 2094 3048 opor-

439 3065 622 3136 tebat,
676 3065 994 3138 replentur.
1029 3066 1152 3122 Non
1181 3066 1484 3138 oportebat
1514 3067 1771 3137 quidem,
1804 3065 1944 3136 quia
1973 3065 2092 3137 pri—

443 3153 538 3210 die
569 3171 878 3226 pauperes,
912 3155 1084 3210 hodie
1115 3155 1240 3210 ﬁeri
1272 3155 1649 3226 pauperiores
1681 3169 1919 3210 necesse
1969 3159 2092 3222 est;

1210 347 1624 411 EUSTATHII
1669 347 2441 409 THESSALONICENSIS
2485 348 3072 408 METROPOLITIE

430 478 559 534 auri
587 477 810 534 talenta
838 479 1139 534 recondita
1169 478 1678 535 sunt.Gelebratur
1707 478 1886 534 etiam
1913 493 2080 551 egre-

2198 479 2443 550 μνήματι
2525 476 2763 532 τάλαντα

2118 1862 2165 1926 Β

3719 351 3852 411 ’160

2865 473 3189 551 ἕγκέκρυπτο
3271 475 3499 553 χρυσίου
3583 477 3850 535 πολλοῦ.

2186 567 2457 639 Ὑμνεῖται
2505 563 2562 621 δὲ
2617 567 2707 620 καὶ
2764 563 3162 640 γλωσσόκομον
3218 565 3392 621 έκεῖνο
3441 568 3610 622 καλὸν
3679 569 3758 632 ὃν,
3806 569 3856 624 εί

2186 657 2275 711 καὶ
2308 657 2336 710 ὁ
2372 656 2649 731 βαστάζων
2705 655 2835 710 αὐτὸ
2890 653 3100 718 Ἰούδας
3161 655 3222 710 οὐ
3271 653 3441 718 καλὸς
3499 657 3589 725 ἦν.
3626 658 3853 731 Ἠγάπα

2190 743 2247 799 δὲ
2291 745 2380 800 καὶ
2431 748 2464 816 ἠ
2526 743 2866 813 ἀποστολικὴ
2921 745 3177 821 γερουσία
3222 745 3318 809 τὰς
3365 744 3452 800 ἐπὶ
3496 745 3854 822 ἐλεημοσύνη

2190 835 2456 911 ἀρκούσας
2511 834 2844 911 προσφοράς.
2892 836 3320 910 Συγκεχώρηται
3381 835 3471 889 οὗν
3534 832 3623 889 διὰ
3679 841 3856 890 ταῦτα

2187 923 2277 978 καὶ
2343 925 2406 979 τὸ
2455 928 2702 980 τοιοῦτον
2749 922 3106 999 περίσσευμα,
3163 925 3301 978 καθὰ
3352 923 3442 978 καὶ
3501 922 3554 978 ἐν
3607 925 3787 999 ἱεροῖς
3819 926 3853 995 ἡ

2187 1018 2299 1068 τῶν
2333 1013 2496 1090 ἁγίων
2529 1017 2734 1068 σκευῶν
2783 1012 2873 1068 καὶ
2930 1011 3139 1068 λοιπῶν
3200 1013 3446 1083 κτήσεων
3497 1013 3856 1088 περιττότης.

2189 1101 2438 1166 Κόλποις
2493 1101 2551 1158 δὲ
2609 1107 2937 1178 μοναχικοῖς
2997 1100 3147 1164 ἰδίως
3202 1100 3543 1180 ὲμφωλεύειν
3576 1102 3739 1172 αὐτὰ,
3778 1103 3856 1165 ὡς

2188 1193 2280 1248 καὶ
2349 1191 2640 1248 νεοττεύειν
2693 1193 2966 1267 ἀκάθαρτα
3031 1191 3122 1246 καὶ
3197 1197 3276 1263 τῷ
3334 1196 3454 1264 Θεῷ
3505 1192 3857 1271 ἀπρόσφορα,

2187 1281 2269 1344 τίς
2322 1279 2382 1338 ἂν
2439 1281 2911 1358 γνωματεύσειεν;
2981 1282 3208 1342 ὁποίους
3295 1278 3540 1344 κόλπους
3601 1281 3656 1337 ἐν
3736 1287 3857 1343 τοῖς

2189 1373 2308 1427 καθ’
2365 1375 2514 1444 ἡμᾶς
2565 1373 2800 1448 ὁρῶμεν,
2846 1371 2953 1426 ἀπὸ
3008 1376 3211 1447 χειρῶν
3266 1369 3601 1445 κληρώσεως
3651 1370 3712 1426 ἐν
3777 1384 3868 1435 θε-

2193 1466 2376 1537 ρισμῷ
2430 1461 2520 1515 καὶ
2576 1458 2854 1537 συλλογῆς
2932 1457 3258 1537 δραγμάτων
3319 1463 3643 1533 (Δαυϊτικῶς
3718 1463 3866 1538 φρά-

2190 1552 2300 1623 σαι)
2353 1548 2781 1626 ἐξογκουμένους
2837 1549 2915 1612 εἷς
2999 1549 3369 1626 ὑπέρμετρον,
3428 1552 3520 1606 καὶ
3573 1555 3755 1606 ταῦτα
3813 1549 3862 1605 έν

2193 1636 2411 1715 ἀνδράσι
2442 1643 2638 1715 μικροῦ
2664 1633 3100 1712 ἡμιωϐολιαίοις
3115 1682 3128 1698 .

2263 1726 2374 1797 λη’.
2404 1730 2475 1783 Ἦ
2522 1729 2623 1805 γὰρ
2684 1727 2785 1782 οὐκ
2843 1725 3071 1802 οἷ’δαμεν
3123 1724 3345 1804 ἄνδρας,
3375 1727 3504 1790 τοὺς
3557 1729 3654 1798 μὲν
3714 1730 3864 1784 ἱστὸν

2197 1817 2514 1895 ὑφαίνοντας
2571 1815 2768 1891 ὀλίγου
2823 1818 3161 1890 τιμώμενον,
3221 1817 3310 1873 καὶ
3375 1818 3532 1894 μόγις
3586 1817 3660 1873 δι’
3718 1820 3862 1892 iuui-

2197 1926 2292 1982 ρας
2347 1905 2790 1984 ἀποφερομένους
2847 1903 3040 1980 κέρδος
3107 1911 3205 1961 τοῦ
3260 1907 3510 1979 καμάτου
3566 1908 3867 1980 νούμμους

2197 1994 2618 2068 εὐαριθμήτους,
2661 1993 2787 2056 τοὺς
2844 1992 2901 2049 δὲ
2953 1996 3146 2067 ἱμάτια
3198 1995 3514 2071 βάπτοντας,
3545 1996 3583 2066 ἢ
3640 1995 3865 2071 χαλκὸν

2195 2088 2676 2158 κατακροτοῦντας,
2754 2085 2789 2153 ἢ
2870 2085 3071 2154 σκηνὰς
3145 2085 3560 2161 καταρτύοντας,
3636 2084 3868 2161 ἒτὲροος

2197 2171 2257 2228 δὲ
2341 2177 2744 2249 αευωροῦντας
2825 2179 3057 2228 παντοῖα
3136 2157 3406 2249 δέρματα,
3477 2176 3569 2230 καὶ
3647 2175 3869 2236 ἄλλους

2201 2260 2507 2338 ὁχλοῦντας
2564 2263 2664 2332 τήν
2727 2261 2992 2326 θάλασσαν
3051 2261 3139 2318 ἐπὶ
3195 2263 3495 2338 ὀλιγίστοις
3553 2263 3865 2342 ἀλφίτοιςο

2196 2350 2443 2415 πολλοὺς
2501 2349 2560 2406 δὲ
2616 2351 2705 2406 καὶ
2764 2350 3095 2428 αὐτόχρημα
3153 2351 3400 2424 έπαίτας,
3455 2353 3544 2408 καὶ
3603 2351 3681 2407 δι’
3741 2353 3866 2408 αὐτὸ

2199 2440 2572 2517 κακούργους;
2605 2443 2701 2502 Οἷς
2757 2442 3235 2516 προσενθυμητέον
3288 2442 3378 2497 καὶ
3431 2441 3557 2504 τοὺς
3601 2440 3658 2514 ἐξ
3719 2443 3864 2518 ἱερο-

2198 2528 2385 2593 συλίας
2415 2529 2504 2584 καὶ
2554 2528 2758 2599 λοιπῆς
2785 2529 3089 2600 κλεπτικῆς
3135 2533 3237 2602 τὴν
3290 2531 3385 2605 μὲν
3438 2530 3599 2586 πόλιν
3656 2533 3866 2601 ταύτην
3958 2593 3964 2598 _

2201 2620 2602 2692 ἀπειπαμένους
2644 2620 2716 2680 ὡς
2767 2616 3047 2694 δύσεργον,
3084 2617 3315 2693 ἄραντας
3365 2617 3423 2674 δὲ
3470 2619 3597 2683 τοὺς
3644 2620 3871 2696 ὀφθαλ-

2205 2709 2340 2783 μοὺς
2396 2708 2473 2773 είς
2513 2705 2642 2784 ὄρος
2696 2713 2858 2764 τοῦτο
2911 2708 3000 2763 καὶ
3061 2707 3230 2764 ἐκεῖνο
3282 2709 3372 2764 καὶ
3425 2705 3563 2764 ἄλλο
3619 2711 3698 2764 τὰ
3751 2711 3870 2785 περὶ

2199 2801 2371 2872 ἡμᾶς,
2421 2794 2545 2862 ἔνθα
2607 2796 2776 2853 πάλαι
2825 2798 2918 2871 μὲν
2981 2795 3279 2870 ἐνέλαμπεν
3325 2800 3360 2868 ἡ
3408 2797 3568 2873 ἀρετή
3623 2799 3730 2852 καὶ
3811 2799 3871 2852 τὸ

2200 2885 2400 2951 ἐκεῖθεν
2448 2888 2654 2960 τίμιον,
2687 2891 2780 2941 νῦν
2831 2884 2890 2941 δὲ
2933 2887 3000 2943 τὰ
3044 2883 3285 2960 ἔμπαλιν
3311 2907 3323 2920 ο
3358 2887 3448 2942 καὶ
3508 2889 3606 2956 τήν
3662 2886 3872 2952 ἐκεῖθεν

2206 2978 2461 3053 βοήθειαν
2541 2977 3133 3051 πραγματευσαμένους
3205 2976 3272 3031 τά
3345 2998 3408 3052 γε
3474 2976 3549 3039 εὶς
3631 2973 3871 3047 δόκησιν

2204 3066 2292 3120 ἐπὶ
2351 3065 2595 3141 σωτηρίᾳ
2652 3069 2838 3142 ψυχῆς
2895 3066 2986 3121 καὶ
3036 3065 3336 3141 ἀπαλλαγῇ
3391 3065 3518 3128 τοὺς
3578 3067 3679 3139 μὶν
3771 3087 3870 3140 μα-

2201 3156 2358 3210 ταίου
2391 3155 2532 3231 βίου,
2566 3154 2695 3217 τοὺς
2728 3153 2784 3210 δὲ
2840 3155 2930 3210 καὶ
2989 3154 3324 3233 ἐφαμάρτου,
3352 3155 3441 3211 καὶ
3492 3160 3585 3209 νῦν
3642 3155 3874 3223 πεπλη-

437 3260 555 3300 non
616 3244 862 3312 dicebat,
923 3244 1082 3316 quia,
1139 3250 1203 3299 ut
1259 3245 1482 3300 dictum
1514 3249 1622 3312 est,
1654 3248 1888 3316 propter
1912 3244 2086 3299 abun-

2202 3245 2432 3318 σμένους
2488 3245 2584 3306 τὰς
2641 3250 2854 3320 χεῖρας,
2902 3245 2978 3300 ὧν
3031 3231 3162 3299 οὔτε
3218 3244 3408 3320 ἐχρῆν,
3470 3239 3593 3299 οὔτε
3641 3247 3872 3322 πρέπει.

436 3333 698 3391 dentiam
731 3353 1036 3407 manuum,
1070 3337 1247 3408 pedes
1278 3336 1338 3392 in
1370 3336 1657 3391 malitiam
1690 3337 1976 3406 feruntur,
2035 3339 2092 3391 et

431 3422 703 3480 laborant
730 3424 790 3480 in
824 3425 917 3480 his
950 3443 1075 3497 quae
1108 3425 1230 3482 odit
1265 3426 1437 3482 Deus.
1467 3426 1584 3481 Hos
1624 3426 1815 3480 forum
1873 3424 2090 3496 saepius

432 3530 612 3585 quam
642 3513 1177 3572 ecclesiasticorum
1209 3520 1395 3570 enatus
1425 3514 1738 3586 conspicit;
1759 3513 1873 3586 ipsi
1903 3513 2090 3570 liben-

432 3603 552 3660 tius
582 3604 1002 3660 monasterium
1035 3622 1212 3677 quam
1269 3603 1492 3677 plateas
1550 3604 1914 3675 relinquunt.
1977 3604 2092 3660 Hos

434 3693 715 3750 simulare
745 3694 1126 3750 solitudinem
1162 3711 1279 3750 non
1311 3693 1635 3766 oportebat,
1664 3694 1766 3750 sed
1824 3710 2088 3765 perseve-

435 3786 633 3839 ranter
692 3784 949 3855 quietam
1011 3783 1194 3840 vitam
1243 3783 1466 3856 jugiter
1523 3785 1757 3849 ducere,
1789 3799 1895 3838 nec
1925 3787 2087 3840 tran-

436 3870 770 3943 quilitatem
813 3874 1053 3946 ﬁngere,
1113 3888 1220 3928 nec
1279 3889 1348 3928 ex
1405 3888 1473 3928 ea
1527 3888 1706 3929 causa
1753 3871 2090 3945 agitationis

437 3960 752 4032 plusquam
809 3966 1036 4034 oportet
1093 3961 1373 4033 accipere,
1425 3962 1582 4033 quod
1614 3977 1718 4033 per
1739 3961 1942 4032 jocum
1973 3962 2090 4017 dic-

437 4052 565 4105 tum
597 4049 695 4106 sit.

2200 3333 2315 3392 Οὐκ
2341 3331 2510 3409 ἐχρῆν
2549 3334 2664 3406 μὲν,
2701 3334 2782 3388 ὅτι
2844 3330 2964 3388 δέον
3020 3331 3154 3402 ἐστὶ,
3188 3332 3317 3395 τοὺς
3359 3333 3550 3409 πρώην
3609 3333 3870 3407 ἀκτημο-

2200 3427 2419 3484 νοῦντας
2477 3422 2552 3486 εἷς
2607 3421 2775 3478 πλέον
2836 3420 2958 3498 ἄρτι
3007 3422 3292 3484 τοιούτους
3347 3425 3504 3477 εἶναι’
3539 3422 3603 3478 οὐ
3663 3425 3868 3499 πρέπει

2201 3509 2279 3581 δὲ,
2323 3514 2404 3568 ὅτι
2465 3509 2554 3567 διὰ
2609 3514 2694 3585 τὸ,
2747 3513 2821 3574 ὡς
2873 3512 3090 3589 ἐρρέθη,
3149 3511 3434 3588 πλήρωμα
3487 3518 3870 3590 τῶνηχειρῶν

2201 3603 2253 3656 οἱ
2306 3599 2467 3664 πόδες
2555 3602 2738 3664 αὐτοῖς
2822 3601 2901 3664 είς
2974 3601 3160 3657 κακίαν
3219 3601 3509 3678 τρέχοντες
3565 3609 3872 3658 πονοῦνται

2199 3691 2323 3767 περὶ
2381 3691 2447 3746 τὰ
2503 3692 2576 3766 μή
2633 3695 2716 3763 τῷ
2765 3696 2884 3764 Θεῷ
2927 3690 3078 3770 φίλα.
3115 3693 3452 3768 Συχνότερον
3510 3692 3612 3769 γὰρ
3667 3692 3870 3769 βλέπει

2198 3779 2423 3844 τούτους
2481 3783 2516 3850 ἡ
2581 3779 2775 3857 ἀγορὰ,
2826 3778 2966 3856 ἤπερ
3023 3781 3087 3836 τὸ
3144 3781 3590 3852 ἐκκλησιαστικὸν
3666 3782 3869 3858 ἄθροι-

2201 3891 2330 3943 σμα⁸
2364 3871 2416 3924 οἳ
2473 3870 2563 3926 καὶ
2619 3875 2810 3934 θᾶττον
2871 3870 2928 3925 ἂν
2989 3867 3359 3941 ἁπολέξωνται
3405 3872 3650 3945 μονάζειν
3727 3872 3868 3948 ἥπερ

2201 3959 2503 4034 ἀγοράζειν.
2560 3960 2656 4014 Καὶ
2739 3959 2846 4032 μὴν
2915 3956 3021 4014 ἔδει
3080 3958 3208 4022 τοὺς
3255 3960 3538 4025 τοιούτους
3595 3961 3675 4034 μὴ
3736 3961 3869 4035 ψεύ-

2202 4043 2380 4104 δεσθαι
2435 4048 2534 4116 τὴν
2597 4049 2788 4123 μονὴν,
2821 4046 2967 4106 ἀλλά
3027 4048 3285 4122 μένοντας
3316 4051 3541 4124 ἠρεμεῖν
3592 4048 3658 4104 τὰ.
3725 4050 3873 4109 πολ-

437 4132 528 4208 λὰ,
588 4136 678 4191 καὶ
750 4138 825 4210 μὴ
889 4136 1196 4214 σοφίζεσθαι
1273 4137 1372 4206 τὴν
1440 4137 1810 4211 πνευματικὴν
1889 4135 2149 4211 ἡσυχίαν,
2206 4134 2348 4209 μηδὲ
2421 4142 2596 4192 ποιεῖν
2674 4136 2838 4208 αὐτὴν
2899 4138 3080 4214 ἀρχὴν
3137 4143 3236 4194 τοῦ
3299 4144 3582 4207 κινεῖσθαι,
3639 4141 3785 4215 παρ’
3845 4140 3873 4196 ὃ

436 4219 540 4294 δεῖ,
600 4222 653 4281 ἐν
738 4230 818 4298 τῷ
897 4225 1244 4300 παρακούειν,
1296 4227 1529 4302 ἠρεμίαν
1614 4231 1970 4303 προηγεῖσθαι
2045 4223 2225 4298 πάσης
2307 4228 2596 4298 κινήσεως,
2649 4224 2742 4282 ’ίνα
2819 4248 2886 4284 τι
2953 4226 3044 4282 καὶ
3117 4228 3255 4302 πρὸς
3319 4225 3620 4305 ἱλαρότητα
3692 4231 3871 4307 φθέγ-

437 4311 638 4386 ξωμαι.

501 4405 593 4461 39.
625 4409 856 4464 Manere
872 4407 1084 4480 jussus
1113 4423 1198 4476 es,
1229 4422 1262 4462 ο
1293 4405 1597 4474 monache,
1651 4408 1709 4460 et
1759 4404 1843 4460 sic
1900 4403 2086 4476 philo-

2272 4401 2370 4467 λθ’.
2406 4402 2594 4460 Μένειν
2647 4403 2899 4480 ἐτάχθης,
2943 4406 2990 4460 ὦ
3051 4407 3281 4482 μοναχὶ,
3334 4407 3426 4463 καὶ
3486 4405 3628 4462 οὕτω
3699 4407 3871 4486 φιλο-

432 4496 691 4569 aophari,
741 4513 857 4554 non
905 4501 1125 4568 tamen,
1154 4513 1316 4552 more
1346 4494 1886 4567 Peripateticorum,
1921 4494 2005 4549 ire
2029 4497 2087 4549 et

433 4586 657 4656 redire;
692 4594 888 4659 partes
913 4587 1020 4644 tibi
1051 4587 1393 4644 occiderunt
1423 4586 1482 4640 in
1517 4583 1812 4657 praeclaris
1845 4601 1858 4638 :
1893 4600 2089 4639 mona-

433 4677 580 4732 chus
611 4678 800 4734 factus
829 4695 912 4748 es,
947 4678 1064 4735 noli
1098 4682 1295 4734 autem
1326 4676 1635 4748 transfuga
1676 4673 1737 4729 in
1795 4673 2085 4729 mundum

434 4767 646 4823 reverti
682 4773 739 4824 et
768 4767 1100 4825 conversari
1130 4767 1190 4823 in
1222 4766 1465 4834 mundo,
1517 4769 1574 4820 et
1631 4764 1783 4820 inter
1833 4779 1930 4820 eos
1987 4763 2089 4834 qui

435 4859 576 4911 sunt
631 4858 777 4929 ejus.
837 4860 953 4916 Cur
1009 4875 1144 4931 ergo
1203 4856 1417 4912 iterum
1467 4854 1774 4910 reverteris
1804 4853 1878 4909 ad
1908 4853 2091 4908 eum?

436 4944 656 5002 Inaitus
686 4963 748 5003 es
778 4949 879 5005 ubi
914 4947 1079 5004 fuisti
1110 4947 1440 5015 ordinatus,
1464 4948 1520 5000 et
1547 4943 1788 5000 insertio
1845 4948 1948 4998 tua
1999 4946 2090 4999 est

436 5051 586 5107 opus
616 5036 859 5093 dexteras
892 5039 1153 5107 Dei,cum
1188 5034 1500 5093 Psalmista
1521 5033 1570 5090 si
1592 5033 1951 5105 loquendum
1974 5036 2083 5088 est.

433 5125 626 5184 Docus
656 5132 792 5184 tuus
825 5129 1119 5196 solitudo;
1151 5133 1236 5195 tu,
1269 5123 1630 5191 monachus;
1665 5124 1820 5191 ﬁnis,
1855 5123 1934 5177 ibi
1966 5139 2089 5194 per-

434 5234 691 5275 manere.
727 5219 875 5283 Quid
934 5235 1070 5291 ergo
1119 5217 1212 5273 his
1259 5215 1495 5272 fastidio
1544 5212 1783 5280 habitis,
1817 5216 1872 5267 et
1900 5213 2085 5283 teipso

432 5306 517 5363 sic
567 5308 882 5375 eradicato,
916 5306 1280 5381 spiritualem
1315 5303 1645 5361 custodiam
1677 5301 2000 5367 frustraris,
2030 5307 2087 5358 et

430 5397 587 5454 fallis
619 5398 937 5470 agricolam
968 5399 1064 5455 cui
1105 5397 1360 5452 creditus
1419 5392 1522 5450 es?
1580 5393 1856 5459 Remane,
1920 5391 2085 5447 mitte

430 5488 677 5558 radices,
727 5490 976 5546 ascende
1008 5489 1068 5543 in
1101 5489 1286 5543 altum
1318 5481 1814 5555 instarcypressi,
1846 5480 2002 5537 cedri
2031 5485 2088 5538 et

431 5574 574 5646 pini,
609 5594 736 5648 quas
759 5579 832 5635 ad
854 5595 1086 5652 semper
1101 5576 1409 5635 vircndum
1431 5576 1573 5632 sunt
1593 5570 1839 5630 feliciter
1857 5574 2081 5645 creatas,

505 5699 525 5733 ⁵
555 5700 709 5756 Psal.
743 5718 979 5774 cxxvm,
1007 5705 1062 5757 7.

2199 4497 2407 4566 σοφεῖν,
2471 4492 2530 4547 οὐ
2595 4494 2701 4567 μὴν
2758 4500 3200 4570 περιπατητικῶς
3252 4495 3700 4572 ἀναστρέφεσθαι.
3765 4501 3884 4553 Μό-

2198 4601 2357 4654 νιμος
2421 4579 2618 4658 ἔλαχες
2669 4584 2801 4638 εἶναι
2849 4584 3148 4660 θειότερονο
3208 4584 3269 4640 οὐ
3324 4587 3431 4658 μὴν
3495 4580 3868 4659 μεταϐατικὸς

2197 4672 2603 4748 κοσμικώτερον
2671 4672 2974 4745 ἀπανέστης
3028 4675 3116 4729 καὶ
3187 4675 3446 4749 μετέστης
3506 4675 3725 4748 κόσμου
3778 4675 3868 4732 καὶ

2197 4764 2302 4814 τῶν
2347 4759 2397 4815 ὲν
2457 4759 2624 4834 αὐτῷ.
2681 4761 2741 4817 Τί
2791 4767 2916 4838 γοῦν
2975 4763 3350 4839 παλίντροπος
3409 4765 3486 4829 είς
3538 4763 3707 4819 αὐτὸν
3765 4765 3867 4820 i1:—

2197 4847 2453 4925 ανέρχῃ;
2513 4851 2933 4929 Ἐνεφυτεύθης,
2996 4853 3120 4918 ἔνθα
3170 4853 3422 4924 τέταξαι·
3481 4855 3568 4909 καὶ
3628 4857 3662 4924 ἡ
3728 4857 3869 4909 κατὰ

2198 4939 2256 4993 σὲ
2313 4939 2444 5010 αὕτη
2508 4941 2695 5018 φυτεία
2756 4939 2929 5013 δεξιᾶς
2988 4948 3120 5000 Θεοῦ
3187 4943 3365 5020 ἔργον,
3422 4941 3722 5018 ψαλμικῶς
3788 4944 3865 4999 ci-

2195 5034 2335 5083 επεῖν⁸
2397 5028 2487 5084 καὶ
2549 5030 2576 5084 ό
2634 5029 2802 5094 τόπος
2864 5035 3035 5105 μονή·
3091 5033 3181 5088 καὶ
3242 5031 3304 5088 σὺ
3359 5032 3623 5109 μοναχός·
3681 5034 3785 5089 καὶ
3833 5035 3862 5088 ὁ

2197 5120 2398 5181 σκοπὸς
2447 5121 2777 5195 παραμένειν
2838 5121 2968 5177 ἐκεῖ.
3027 5122 3090 5178 Τί
3147 5124 3238 5178 οὖν
3308 5124 3514 5179 τούτων
3591 5144 3866 5197 κατεγνιιμ

2194 5209 2327 5278 κὼς,
2385 5209 2474 5264 καὶ
2556 5209 2727 5273 οὕτως
2803 5209 3048 5266 ἐκκοπῶν
3124 5213 3365 5283 σεαυτὸν,
3429 5213 3673 5289 ἀχρειοῖς
3753 5216 3858 5283 τήν

2195 5299 2566 5372 πνευματικὴν
2618 5296 2909 5379 φυλακίαν,
2960 5301 3047 5356 καὶ
3117 5300 3290 5378 ψεύδῃ
3346 5302 3437 5358 τὸν
3492 5304 3762 5378 γεωργὸν,
3815 5304 3861 5373 ᾧ

2195 5388 2588 5459 πεπίστευσαις
2648 5391 2941 5461 Ῥιζὼθητι
3025 5391 3228 5465 μείνας,
3285 5392 3374 5446 καὶ
3458 5386 3704 5446 όνάὸαινε
3780 5392 3860 5454 εἷς

2196 5479 2329 5553 ὕψος
2381 5478 2717 5553 κυπαρίσσου
2767 5477 2923 5551 δίκην
2966 5481 3055 5536 καὶ
3086 5479 3281 5558 κέρδου
3337 5480 3428 5537 καὶ
3479 5480 3706 5552 πεύκης,
3743 5485 3855 5535 τῶν

2195 5568 2430 5646 εὐγενῶς
2491 5566 2782 5641 ἀειθαλῶν,
2831 5569 2922 5625 καὶ
2989 5566 3068 5626 ἔτι
3125 5570 3263 5627 κατά
3315 5570 3385 5626 τὰ
3441 5567 3671 5650 φιλικῶς
3728 5569 3859 5645 κάρ-
