4114 6200
293 401 412 460 ’761

1317 403 1419 462 DE
1468 401 1952 462 EMENDANDA
2001 400 2189 460 VITA
2235 399 2711 462 MONACHICA.

3588 402 3714 462 ’162

295 551 474 607 πιμαο
515 533 591 597 ὡς
620 529 680 586 ἃ)
712 529 855 588 οὕτω
905 534 990 588 καὶ
1027 532 1176 610 ῥίζας
1237 533 1524 609 ἀπλώσῃς,
1577 531 1644 589 δι’
1694 535 1766 588 ὧν
1814 531 1958 588 ἔσται

2075 539 2133 590 et
2187 535 2365 591 etiam
2425 535 2610 593 instar
2665 536 2941 593 arborum
3001 539 3236 607 propter
3293 535 3516 590 fructus
3572 552 3712 591 suos

299 645 391 678 σοι
422 624 486 677 τὸ
546 619 713 684 θάλος
776 619 1042 693 διηνεκὲς,
1083 623 1172 678 καὶ
1225 623 1299 686 εἷς
1329 622 1568 699 πρέμνον
1603 622 1893 699 ἀδρυνθῇς·
1927 624 1956 677 6'

298 711 397 767 καί
469 708 821 789 παραφυάδας
896 712 1108 790 εὐφυεῖς
1182 712 1559 785 ἀναθηλήσει,
1640 711 1958 788 ἀνθρώπους

302 798 527 872 δηλαδή
559 803 658 869 τὴν
711 803 809 870 σήν
860 801 1055 878 ἀρετὴν
1107 800 1426 872 ζηλοῦντας,
1474 803 1563 858 καὶ
1613 803 1756 858 οῦτῶ
1806 801 1957 878 στερ-

306 891 422 966 ῥῶς
479 890 935 968 παραπεφυκότας
983 913 1094 964 σοι,
1145 891 1234 946 καὶ
1289 889 1524 966 στελέχη
1570 891 1816 947 ἀνατελεῐ
1869 891 1960 946 καὶ

301 978 545 1042 κλάδους
577 979 666 1034 καὶ
723 978 991 1053 ὄρπηκας·
1053 981 1144 1035 καὶ
1193 980 1385 1042 αὐτοὺς
1435 981 1570 1043 τέως
1627 983 1721 1054 μὶν
1781 982 1959 1036 ἄνθεσι

305 1069 578 1143 βρόοντας
607 1074 724 1130 τοῖς
753 1073 849 1124 τοῦ
905 1073 1117 1144 καρποῦ
1159 1067 1519 1147 προδρόμοις,
1569 1069 1620 1125 ἐν
1673 1068 1730 1126 δὲ
1787 1075 1962 1145 καιρῷ

300 1162 788 1233 καρπογονοῦντας
836 1160 904 1214 τά
969 1162 1219 1236 ψυχικῶς
1265 1161 1526 1238 τρόφιμαο
1585 1162 1656 1215 ὧν
1708 1157 1774 1230 δὴ
1829 1159 1960 1215 πάν-

297 1269 412 1303 των
477 1246 758 1320 ἐστέρηται
815 1248 883 1303 τὰ
941 1250 1080 1321 μήτε
1141 1249 1353 1324 παγίως
1409 1249 1484 1311 εἰς
1541 1249 1704 1324 βάθος
1780 1247 1962 1326 ῥιζού-

306 1358 484 1409 μενα,
561 1339 701 1408 μήτι
773 1337 848 1400 εἷς
917 1335 1053 1411 ὕψος
1122 1333 1495 1412 ἀναϐαίνοντα,
1555 1339 1963 1414 προστετηκότα

305 1423 368 1480 δὲ
426 1428 496 1498 τῇ
552 1426 688 1480 κατά
741 1429 844 1499 γῆν
902 1423 1073 1502 ἕρψει.
1127 1427 1222 1482 Ὧν
1287 1427 1556 1506 ἐκφεύγων
1615 1429 1707 1484 τὸν
1769 1427 1959 1498 ζῆλον,

302 1515 352 1569 ὧ
389 1515 620 1589 μοναχέ,
657 1511 798 1587 μηδέ
832 1513 892 1569 σὺ
942 1512 1090 1587 ἕρπε,
1123 1517 1251 1572 ὡσεὶ
1282 1517 1371 1572 καὶ
1428 1512 1686 1592 τρίϐολος
1716 1518 1963 1594 ἀχρειοῦ-

306 1625 376 1658 σα
428 1604 495 1659 τὸ
553 1609 695 1667 θεῖον
749 1605 1043 1678 κήπευμα,
1107 1609 1299 1679 μενοῦν
1355 1627 1417 1683 γε
1476 1605 1616 1680 μηδὲ
1674 1607 1808 1662 κατὰ
1861 1608 1960 1676 τήν

302 1691 608 1768 κάππαριν,
668 1693 735 1762 ἦς
793 1692 840 1748 εἰ
897 1695 985 1748 καὶ
1044 1693 1281 1770 χρηστοὶ
1332 1695 1469 1771 πρὸς
1530 1696 1728 1771 βρῶσιν
1789 1698 1840 1750 οἱ
1869 1695 1963 1751 κό-

304 1775 537 1854 ρυμϐοι,
598 1781 687 1837 καί
735 1803 840 1837 που
872 1782 962 1838 καὶ
991 1785 1058 1838 τά
1113 1780 1274 1860 ἄκρα,
1305 1783 1480 1857 ὅμως,
1515 1787 1598 1846 οἷς
1629 1785 1962 1854 ήκάνθωται,

303 1866 656 1946 ἀπρόσϐατός
689 1871 799 1927 ἐστι
830 1870 918 1926 καί
959 1871 1093 1942 αὐτὴ
1151 1879 1266 1935 τοῖς
1329 1873 1404 1946 μὴ
1463 1877 1650 1936 καλῶς
1703 1870 1963 1928 ὑποδεδε-
1997 1913 2044 1978 Β

305 1959 498 2033 μένοις
558 1961 632 2023 εἰς
682 1959 995 2034 ἐτοιμασίαν
1056 1960 1206 2020 ὁδοῦ.
1270 1963 1534 2017 Ἐνταῦθα
1592 1962 1826 2035 ἐνθυμοῦ
1875 1962 1965 2018 καὶ

301 2049 394 2104 ὅτι
439 2049 612 2123 νόμος
668 2052 971 2126 γεωργικὸς
1043 2048 1405 2125 παραδέδοται
1457 2056 1536 2123 τῷ
1592 2050 1806 2106 πλείονι
1869 2053 1962 2125 μὲν

295 2135 558 2202 ἵστασθαι
633 2141 695 2194 τὸ
754 2141 918 2218 φυτὸν
981 2139 1390 2216 ἐγκεχωσμένον
1462 2143 1532 2214 τῇ
1585 2144 1699 2216 γῇ,
1770 2146 1850 2214 τῷ
1907 2139 1966 2196 δὲ

301 2227 581 2297 ἐλάττονι,
639 2231 924 2297 κινεῖσθαι,
982 2230 1056 2292 ὡς
1121 2228 1182 2284 ἃν
1246 2228 1389 2283 οὕτω
1445 2236 1547 2298 τῆς
1607 2231 1812 2304 μητρὸς
1863 2237 1966 2305 γῆς

300 2315 587 2372 ἀπολαῦον
649 2317 728 2380 εἰς
785 2315 1092 2392 πλήσμιον,
1154 2313 1417 2393 ἀναϐαίνῃ
1479 2315 1660 2393 ὄρθιον
1707 2317 1962 2396 ἀσφαλῶς

301 2406 397 2463 ἐπὶ
450 2411 663 2483 καρποῦ
719 2405 1030 2484 ἐπαγγελίᾳ,
1096 2409 1421 2484 Προσμένων
1479 2405 1569 2462 οὖν
1629 2407 1719 2462 καὶ
1777 2409 1960 2478 αὐτὸς,

299 2495 399 2549 καὶ
433 2495 510 2558 ὡς
565 2498 681 2550 οἷον
713 2495 1183 2572 ἐγκατορυγμένος
1219 2496 1297 2558 εἷς
1326 2503 1428 2572 γῆν
1487 2499 1556 2570 τῇ
1588 2501 1694 2552 τῶν
1728 2495 1828 2569 ἐξω
1859 2495 1961 2568 λή-

304 2596 401 2658 θῃ,
443 2585 536 2639 καὶ
584 2584 927 2660 ῥιζούμενος,
981 2580 1233 2641 ἀνάϐαινε
1278 2590 1359 2657 τῷ
1406 2586 1523 2640 κατ’
1575 2587 1768 2662 ἀρετὴν
1819 2587 1960 2660 ὕψει,

299 2673 394 2728 καὶ
424 2673 571 2728 οὕτω
598 2673 864 2750 τεχνάζου
900 2673 1062 2748 βάθος
1120 2679 1280 2730 τοῦτο
1322 2675 1410 2730 καὶ
1465 2674 1600 2749 ὕψος
1658 2673 1960 2749 θεάρεστον,

304 2757 522 2836 μὸνιμα
550 2764 766 2826 πάντως
794 2763 884 2819 καὶ
913 2763 1068 2821 αὑτά.

382 2874 455 2945 μ’.
491 2872 559 2930 Τί
590 2874 689 2948 γὰρ
743 2872 1088 2951 γελοιότερον
1132 2879 1230 2929 τοῦ
1271 2876 1369 2944 τήν
1425 2875 1518 2948 μὶν
1569 2877 1748 2951 ἀρχὴν
1807 2874 1964 2931 ἐκπε-

303 2965 575 3027 τασθῆναι
624 2967 734 3016 τῶν
788 2963 926 3018 κατά
981 2965 1080 3033 τήν
1151 2961 1318 3018 πόλιν
1377 2958 1666 3038 διατριϐῶν
1702 3007 1716 3033 ,
1767 2964 1854 3019 καὶ
1912 2964 1961 3039 ἐξ

301 3049 612 3128 ὀφθαλμῶν
671 3054 916 3129 γενέσθαι
995 3051 1183 3127 φιλίας
1263 3054 1494 3124 ἀπάσης,
1561 3060 1662 3124 τῆς
1717 3075 1776 3108 τε
1830 3055 1964 3110 κατὰ

301 3141 622 3215 συγγένειαν
669 3142 757 3196 καὶ
809 3141 1032 3212 λοιπῆς,
1084 3143 1170 3196 καὶ
1219 3143 1422 3218 ἀρετῶν
1475 3137 1588 3218 ὄρει
1635 3138 1958 3218 προσϐῆναι,

299 3229 398 3284 καὶ
480 3232 774 3300 ζητεῖσθαι,
848 3232 938 3286 καὶ
1019 3233 1093 3305 μὴ
1155 3231 1511 3306 εὑρίσκεσθαι,
1577 3231 1710 3305 μετὰ
1766 3229 1822 3286 δὶ
1879 3255 1964 3306 μι-

305 3319 442 3394 κρὸν
503 3317 834 3388 ἐπανελθεῖν,
885 3320 974 3375 καὶ
1035 3320 1316 3396 εὑρεθῆναι
1363 3325 1482 3382 τοῖς
1543 3320 1734 3393 μηκέτι
1770 3322 1962 3390 ζητοῦ-

307 3429 420 3476 σιν,
484 3405 610 3463 ἀλλ’
639 3407 1042 3487 ἰκφροντίσασιν
1069 3428 1083 3479 ;
1113 3410 1245 3484 Ὀψέ
1309 3410 1424 3482 μὲν,
1462 3410 1506 3462 ὧ
1555 3411 1733 3477 οὗτος,
1791 3409 1968 3479 ἀπῆλ-

310 3509 404 3562 θες
448 3496 523 3560 ὠς
579 3497 666 3552 ἐπὶ
729 3498 1000 3571 μετανοίᾳ
1059 3498 1200 3574 ταχὺ
1261 3495 1318 3552 δὲ
1372 3497 1672 3568 ἐπανῆλθες
1733 3500 1965 3572 μετάμε-

311 3586 435 3650 λος·
496 3586 808 3660 ἀνέκαμψας
860 3593 1058 3657 κακῶς,
1131 3587 1250 3642 ὅθεν
1312 3588 1693 3665 συμφερόντως
1753 3583 1962 3666 ἔφυγες.

306 3675 432 3751 Οὐχ
463 3675 636 3740 οὕτως
688 3675 816 3733 οὐδὲ
868 3682 1057 3741 πατὸς
1087 3676 1276 3747 ἵππος,
1325 3678 1625 3747 ἀκοστήσας
1682 3677 1768 3732 ἐπὶ
1826 3675 1964 3754 φάτ-

304 3786 401 3839 νῃ,
470 3767 560 3820 καὶ
618 3769 1023 3845 φαντασάμενος
1075 3769 1248 3840 νομάς
1307 3768 1544 3831 παλαιάς
1588 3767 1678 3821 καὶ
1733 3764 1958 3840 λουτρὰ,

307 3857 396 3916 οἷς
448 3855 716 3932 ἐναθύρων
769 3852 978 3928 ἔϐοσκε,
1038 3858 1100 3912 τὸ
1144 3865 1242 3928 τῆς
1302 3855 1590 3930 ἐπιθυμίας
1621 3854 1846 3932 ἄλογον,
1895 3857 1962 3911 τά

304 3941 487 4017 δεσμά
543 3945 729 4020 ῥήξας,
790 3952 902 4002 εκεῖ
958 3946 1164 4024 τρέχει,
1225 3945 1350 4001 ὅποι
1394 3945 1483 4001 καὶ
1541 3947 1734 4020 πρώην
1789 3946 1966 4019 ἐνέμε-

299 4053 390 4091 το.
453 4033 694 4108 Ἀγνοεῖν
745 4033 972 4105 ἔοικας,
1023 4037 1069 4090 ὦ
1128 4033 1346 4114 ἀδελφέ,
1407 4034 1488 4090 6'1:
1548 4036 1648 4104 τήν
1708 4035 1957 4110 θεωρίαν,

300 4123 369 4191 ἣν
431 4125 645 4199 συνάγει
699 4125 727 4180 6
783 4125 1096 4198 καταμόνας
1170 4123 1384 4198 ὁμιλῶν
1454 4129 1593 4197 Θεῷ,
1656 4123 1956 4181 ἀπόλλυσιν

300 4211 485 4284 αὖθις,
539 4212 627 4268 ὅτε
677 4221 777 4285 τῆς
833 4215 1034 4292 ἀγορᾶς
1089 4215 1329 4290 γένηται’
1379 4213 1467 4268 καὶ
1529 4212 1613 4269 6'1:
1645 4214 1957 4291 ἐκκρούεται

300 4303 340 4371 ἡ
377 4305 718 4379 ἡσυχαστικὴ
754 4307 944 4378 μνήμη
1001 4302 1090 4359 διὰ
1130 4307 1231 4374 τῆς
1268 4309 1560 4378 κοσμικῆς,
1621 4305 1712 4359 καὶ
1771 4306 1845 4367 ὡς
1903 4305 1956 4361 ἐν

301 4393 737 4468 ἀντιπεριστάσει
791 4394 900 4449 τινὶ
961 4393 1134 4449 ἐκεῖνα
1203 4394 1294 4468 μὲν
1351 4393 1420 4448 τὰ
1499 4392 1556 4448 ἐκ
1627 4397 1723 4448 τοῦ
1799 4389 1958 4471 ὅρους

299 4484 641 4554 πνευματικά
689 4485 717 4538 6
763 4479 997 4546 καταϐὰς
1072 4485 1312 4553 ἀσκητὴς
1361 4481 1508 4537 κάτω
1566 4483 1758 4560 ἀφίησι
1792 4526 1806 4551 ,
1860 4505 1957 4539 και

305 4573 496 4644 μήλου
546 4569 698 4642 δίκην
751 4572 1088 4648 ἀποθέμενος
1143 4571 1276 4628 αὐτά
1325 4569 1394 4627 δι’
1456 4572 1840 4641 ὑποπτώσεως,
1891 4573 1958 4627 τά

2071 623 2438 695 dilectarum,
2472 630 2536 680 ut
2575 626 2660 681 sic
2713 625 2938 680 radices
2988 625 3101 680 tale
3150 624 3560 680 diffundantur
3587 641 3713 695 quae

2071 719 2411 786 perpetuam
2446 719 2688 770 causent
2716 715 3096 780 viriditatem,
3129 723 3179 769 et
3203 719 3450 770 truncus
3479 713 3712 769 robore-

2069 804 2292 876 tur,qui
2317 805 2553 860 frutices
2580 804 2798 860 fertiles
2817 803 3424 876 germinabit,scilicet
3443 803 3716 858 homines

2071 897 2182 948 tua;
2213 894 2448 949 virtutis
2478 893 3043 964 :emulatores,juxla
3075 898 3126 948 te
3158 892 3707 962 assurgentes,refe-

2071 987 2263 1038 rentes
2290 986 2527 1038 truncos
2578 988 2636 1038 et
2684 999 2878 1038 ramos
2925 987 2984 1038 et
3032 981 3305 1049 frutices;
3339 986 3515 1051 atque
3547 981 3584 1034 ii
3618 997 3717 1052 po-

2073 1076 2198 1127 stea
2228 1089 2384 1128 nunc
2416 1072 2586 1128 flores
2629 1073 2923 1126 fructuum
2973 1070 3284 1142 signiferos
3331 1071 3527 1137 edent,
3558 1085 3716 1125 nunc

2070 1163 2301 1218 fructus
2333 1162 2404 1217 ad
2437 1161 2695 1216 animam
2730 1161 3104 1216 nutriendam
3147 1159 3578 1230 germinabunt.
3614 1157 3715 1214 His

2071 1252 2247 1307 rebus
2279 1251 2554 1307 omnibus
2587 1251 2893 1323 privantur
2923 1250 3160 1305 arbores
3190 1266 3316 1320 quas
3360 1265 3464 1304 nec
3495 1247 3714 1303 solidas

2072 1341 2299 1397 radices
2322 1345 2503 1412 agunt
2534 1341 2591 1395 in
2622 1339 3028 1410 imum,neque
3059 1339 3127 1392 ad
3149 1337 3356 1393 caelum
3372 1339 3712 1407 assurgunt,

2073 1431 2262 1503 magis
2294 1447 2427 1487 vero
2485 1431 2558 1486 ad
2617 1429 2940 1501 rependum
2996 1428 3158 1483 humi
3217 1432 3354 1482 sunt
3388 1425 3710 1480 destinatae.

2073 1519 2225 1583 Quas
2257 1519 2378 1576 noli
2409 1519 2694 1586 simulari,
2729 1536 2760 1574 ο
2789 1517 3094 1586 monaohe,
3138 1515 3303 1571 humi
3347 1514 3622 1586 rependo,
3657 1517 3718 1568 ut

2071 1608 2329 1664 tribulus
2355 1608 2457 1680 qui
2489 1607 2842 1680 optimorum
2875 1607 3100 1662 olerum
3134 1604 3448 1660 utilitatem
3483 1602 3713 1669 adimit;

2074 1714 2178 1754 nec
2208 1697 2384 1754 etiam
2417 1695 3262 1770 cappariaaquiparatur,cujus
3293 1693 3442 1748 rami
3473 1697 3528 1748 et
3550 1708 3719 1747 sum-

2073 1787 2308 1843 mitates
2329 1788 2398 1843 ad
2421 1788 2773 1842 vescendum
2794 1787 2966 1840 utiles
2979 1789 3117 1840 sunt
3135 1800 3150 1838 :
3169 1789 3226 1840 et
3242 1798 3493 1854 quorum
3518 1785 3717 1836 tamen

2073 1877 2268 1949 spinis
2280 1893 2487 1948 aspera
2513 1876 2640 1932 loca
2661 1875 2870 1931 calcari
2891 1891 3004 1930 non
3030 1879 3342 1946 possunt,a
3356 1872 3578 1926 viatore
3600 1869 3716 1925 cal-

2076 1969 2394 2024 ceamentis
2416 1967 2608 2022 itineri
2641 1967 2868 2022 idoneis
2900 1983 3012 2020 non
3043 1963 3718 2034 instructo.Cogitahano

2073 2057 2259 2130 legem
2290 2056 2559 2128 agricolis
2593 2056 2790 2111 datam
2822 2072 2834 2109 :
2871 2055 3078 2111 sistere
3124 2053 3424 2108 meliorem
3485 2067 3715 2107 ramum

2075 2151 2241 2202 terra:
2273 2147 2526 2202 inditum
2559 2162 2574 2213 ;
2609 2146 2892 2201 minorem
2919 2149 3114 2199 autem
3147 2143 3384 2208 moveri,
3419 2146 3483 2196 ut
3512 2157 3578 2195 eo
3597 2157 3718 2195 mo-

2076 2237 2149 2292 do
2179 2241 2335 2292 terra
2364 2240 2429 2291 ut
2459 2239 2643 2291 matre
2674 2235 2934 2290 nutritus
2962 2237 3236 2305 assurgat
3266 2235 3461 2287 rectus
3491 2234 3548 2286 et
3575 2229 3717 2285 vali-

2075 2326 2188 2381 dus
2219 2329 2276 2381 et
2321 2327 2546 2380 fructus
2593 2325 2869 2396 proferat.
2904 2323 2974 2378 Et
3013 2329 3070 2378 tu
3117 2338 3515 2395 perseverans,
3549 2318 3718 2392 quasi

2075 2421 2241 2470 terra:
2275 2415 2534 2470 insertus
2563 2429 2633 2469 ex
2672 2412 2960 2468 oblivione
3007 2428 3201 2468 rerum
3233 2415 3630 2475 externarum,
3661 2412 3717 2463 et

2074 2503 2372 2560 radicibus
2417 2505 2626 2559 ﬁrmus
2658 2503 2908 2558 ascende
2938 2503 3011 2557 ad
3061 2501 3336 2557 verticem
3369 2498 3628 2567 virtutis,
3660 2501 3718 2553 et

2076 2609 2219 2664 para
2248 2593 2709 2664 profunditatem
2742 2595 2798 2647 et
2836 2590 3210 2646 altitudinem
3259 2588 3556 2654 eximiam,
3588 2603 3716 2658 quae

2074 2682 2191 2738 sint
2219 2682 2456 2738 omnino
2487 2680 2840 2738 immobiles.

2143 2879 2231 2934 40.
2265 2878 2412 2942 Quid
2444 2878 2600 2933 enim
2634 2877 2821 2948 magis
2848 2877 3182 2945 ridendum,
3225 2891 3402 2946 quam
3434 2891 3468 2928 a
3495 2871 3711 2945 princi-

2076 2968 2171 3040 pio
2201 2967 2530 3040 relinquere
2582 2967 2814 3038 negotia
2869 2966 3145 3033 civitatis,
3205 2963 3392 3020 oculis
3448 2961 3713 3018 omnium

2073 3057 2395 3114 amicorum
2424 3056 2693 3113 subtrahi
2759 3060 2816 3110 et
2873 3055 3234 3126 reliquorum
3295 3052 3716 3125 proximorum,

2075 3147 2299 3219 apicem
2332 3147 2565 3203 virtutis
2596 3145 2931 3210 ascendere,
2965 3143 3141 3216 quaeri
3174 3148 3230 3198 et
3277 3159 3393 3197 non
3442 3140 3713 3208 inveniri,

2075 3241 2248 3307 atque
2279 3236 2476 3308 elapso
2509 3237 2735 3290 modico
2767 3239 3026 3306 tempore
3065 3233 3292 3299 reverti,
3326 3237 3382 3286 et
3413 3248 3528 3285 non
3560 3247 3716 3300 que-

2075 3326 2360 3392 rentibus,
2395 3326 2512 3380 imo
2572 3342 2686 3379 non
2746 3322 3140 3393 cogitantibus
3201 3319 3528 3392 apparere?
3556 3323 3714 3387 Sero,

2074 3432 2107 3470 ο
2137 3415 2336 3479 homo,
2369 3415 2439 3470 ad
2481 3413 2880 3486 paenitentiam
2942 3428 3208 3475 veneras,
3267 3408 3425 3464 brevi
3490 3411 3712 3462 mutato

2072 3502 2315 3559 consilio
2351 3503 2554 3574 pedem
2580 3500 2850 3567 retulisti,
2884 3517 2950 3556 eo
2984 3498 3146 3554 nullo
3178 3499 3382 3553 decore
3401 3495 3714 3551 reflecteris

2075 3593 2230 3648 unde
2279 3591 2522 3648 feliciter
2575 3607 2837 3646 veneras.
2889 3589 3012 3644 Non
3079 3588 3166 3643 sic
3223 3603 3406 3658 equus
3464 3585 3710 3650 otiosus,

2073 3686 2278 3750 pastus
2310 3681 2367 3735 in
2421 3679 2662 3748 faliscis,
2711 3683 2768 3734 et
2821 3683 2985 3750 prata
3031 3678 3279 3749 pristina
3326 3675 3708 3746 imaginatus,

2073 3788 2138 3826 ac
2168 3774 2377 3842 stagna
2408 3769 2505 3824 ubi
2539 3769 2862 3824 indomitus
2902 3767 3198 3839 pascebat,
3249 3763 3706 3820 irrationabilem

2070 3861 2337 3916 ardorem
2370 3858 2726 3926 manifestat,
2759 3874 2892 3912 cum
2921 3855 3152 3913 vincula
3197 3856 3438 3926 rumpit,
3472 3859 3528 3910 et
3570 3851 3712 3908 illuo

2069 3954 2268 4006 currat
2297 3949 2396 4004 ubi
2435 3948 2598 4021 prius
2652 3947 2947 4019 pascebat.
2996 3946 3268 4018 ignorare
3305 3943 3542 4011 videris,
3589 3943 3712 3999 fra—

2068 4041 2177 4104 ter,
2211 4053 2360 4108 quas
2387 4033 2731 4101 sententias,
2783 4031 2943 4090 solus
2987 4035 3362 4088 conversatus
3407 4046 3540 4086 cum
3570 4029 3708 4099 Deo,

2069 4125 2399 4197 collegerat,
2431 4125 2709 4180 continuo
2738 4141 2837 4180 eas
2867 4123 3107 4196 perdere
3149 4138 3282 4177 cum
3328 4120 3550 4194 plateas
3599 4119 3710 4174 fre-

2069 4219 2346 4287 quentat;
2381 4231 2411 4271 ο
2441 4215 2724 4270 memoria
2765 4212 3060 4270 solitariae
3105 4212 3489 4285 cogitationes
3540 4226 3710 4265 mun-

2069 4305 2238 4360 danis
2267 4304 2497 4377 expelli,
2532 4309 2728 4376 atque,
2764 4303 3007 4359 mutatis
3047 4302 3217 4374 quasi
3269 4302 3516 4372 vicibus,
3548 4314 3710 4356 asce-

2066 4397 2187 4448 tam
2216 4393 2666 4450 descendentem
2697 4391 3029 4464 spiritualia
3057 4408 3125 4446 ex
3154 4390 3270 4446 alto
3313 4391 3590 4445 deorsum
3615 4403 3710 4442 re-

2067 4481 2351 4554 linquere,
2373 4487 2652 4554 eaque,ut
2681 4480 3349 4550 camelum,inclinatum
3381 4479 3702 4550 deponere;

2067 4590 2197 4628 eum
2231 4590 2403 4630 curas
2434 4574 2705 4644 vulgares
2751 4571 2968 4634 subire,
3015 4570 3164 4625 ferre
3208 4569 3267 4624 in
3317 4568 3538 4634 altum;
3573 4582 3704 4636 pro-

301 4659 362 4715 δέ
390 4667 491 4730 τῆς
522 4657 728 4736 τύρϐης
758 4665 1084 4742 ἀχθοφορῶν
1111 4663 1217 4717 ἄνω
1267 4661 1436 4740 φέρει,
1481 4661 1570 4716 καὶ
1616 4666 1710 4716 τοῦ
1757 4664 1954 4725 παντὸς

2072 4662 2240 4732 iicere
2270 4663 2425 4734 quod
2452 4666 2541 4716 est
2569 4677 2747 4732 super
2775 4660 2988 4727 omnia,
3022 4664 3080 4715 et
3119 4657 3364 4714 minima
3410 4656 3704 4727 accipere;

300 4747 679 4823 ἀλλαξάμενος
711 4752 771 4805 τὸ
817 4749 982 4825 μηδὲν
1014 4750 1234 4820 ἄνεισιν,
1280 4751 1394 4805 ἀντὶ
1445 4752 1683 4821 ἀσκητοῦ
1735 4752 1958 4822 ἀσκίτης

297 4837 560 4908 θύλακος,
593 4838 1054 4915 ἐμπεπλησμένος
1083 4842 1150 4896 τά
1175 4838 1362 4897 πολλὰ
1380 4841 1470 4895 καὶ
1495 4841 1955 4918 ἀγωγίμων,ἅπερ

301 4934 555 5003 μισοῦσιν
587 4931 638 4985 οἱ
671 4930 969 5008 ἐγκρατεῖς,
1000 4932 1086 4987 καὶ
1119 4936 1235 4994 τοῖς
1269 4930 1318 5004 ἐξ
1365 4931 1699 5009 ἀῳαιρέσεως
1725 4933 1955 5009 φαντάσ-

301 5039 488 5092 μασιν,
523 5020 686 5075 ὁποῖα
713 5021 947 5076 κάτωθεν
1001 5022 1297 5095 ἀνεμάξατο
1346 5017 1652 5094 ἀπαλείψας
1685 5020 1748 5074 τὸ
1786 5042 1807 5071 ι
1839 5021 1954 5076 κατ’

295 5108 502 5178 εἰκόνα,
537 5134 568 5164 υ
598 5111 628 5164 ’ὁ
656 5107 744 5166 διὰ
784 5109 1076 5186 νοημάτων
1125 5111 1280 5176 θείων
1323 5109 1696 5167 ἐνετυπώσατο
1745 5109 1804 5166 ἐκ
1851 5118 1954 5182 τῆς

298 5205 475 5272 μονῆς
502 5203 539 5270 ἡ
569 5203 745 5278 ψυχήο

375 5308 483 5380 μα’.
546 5304 770 5381 Ἀνέϐης
831 5310 906 5372 εἷς
967 5309 1123 5384 ὕψος,
1180 5311 1224 5364 ὦ
1280 5309 1597 5386 κεκαρμένε,
1655 5329 1951 5382 πνευματι-

289 5400 429 5466 κῶς,
461 5398 552 5452 καὶ
593 5395 879 5475 ἄνθρωπος
939 5400 1110 5462 οὕτως
1170 5399 1357 5476 ἐγένου
1414 5403 1569 5470 Θεοῦ,
1629 5394 1718 5452 ὅτε
1757 5395 1833 5459 εἷς
1888 5399 1951 5452 τὸ

290 5481 426 5561 ὅρος
486 5487 718 5557 ἀνῆλθες
753 5533 766 5546 .
825 5487 884 5544 Τί
936 5494 1063 5564 γοῦν
1120 5490 1583 5563 κατακυλιόμενος
1640 5487 1802 5561 πρινὴ
1859 5487 1948 5540 καὶ

284 5580 738 5651 κατασταθῆναι,
823 5576 1038 5642 πεδινὸς
1114 5580 1285 5659 φέρῃ;
1365 5577 1603 5655 ὙψηΛός
1679 5577 1942 5654 γέγονας·

287 5663 442 5722 διατί
533 5667 893 5738 ἀποτελευτᾷς
979 5667 1057 5732 εἰς
1151 5667 1597 5747 χθαμαλότητα;
1656 5665 1942 5743 Οὗράνιοςσ

278 5753 439 5814 διατί
488 5757 812 5834 κατάγειοςς
844 5752 1032 5831 Διέϐῃς
1063 5756 1122 5816 ἐκ
1153 5765 1360 5838 φθορᾶς
1413 5759 1488 5822 εἷς
1520 5757 1721 5832 ζωνὴν,
1749 5755 1826 5820 ὡς
1857 5758 1946 5813 οἷα

2067 4769 2171 4823 pro
2209 4753 2405 4807 anima
2449 4756 2708 4806 ventrem
2763 4751 3048 4818 dilatare;
3099 4748 3248 4804 cibis
3293 4745 3506 4814 vetitis,
3557 4761 3706 4816 quos

2067 4843 2315 4897 oderunt
2366 4841 2566 4910 sobrii,
2619 4839 2966 4911 plerumque
3013 4837 3260 4910 repleri;
3302 4841 3360 4891 et
3427 4852 3530 4906 pro
3577 4835 3708 4889 abs-

2063 4931 2267 4986 tractis
2321 4929 2844 5002 imaginationibus
2906 4945 3053 5000 quas
3123 4928 3397 4982 deorsum
3459 4923 3706 4996 effingit;

2065 5021 2331 5077 oblivisci
2362 5018 2637 5091 imaginis
2659 5035 2834 5090 quam
2859 5018 2971 5073 sibi
3001 5017 3199 5073 anima
3229 5034 3298 5073 ex
3327 5013 3707 5072 meditatione

2064 5111 2262 5167 divina
2292 5111 2351 5166 in
2383 5108 2699 5166 solitudine
2738 5109 3161 5164 efformaverat.

2131 5311 2220 5365 41.
2254 5309 2317 5364 In
2376 5307 2563 5363 altum
2614 5305 2998 5378 spiritualiter
3039 5307 3407 5374 aseenderas,
3441 5320 3472 5359 ο
3512 5307 3704 5370 tonse,

2061 5404 2118 5455 et
2147 5416 2213 5454 eo
2243 5399 2417 5453 modo
2448 5398 2622 5452 homo
2658 5395 2754 5450 Dei
2803 5411 3090 5466 evaseras,
3143 5412 3278 5450 cum
3327 5396 3385 5449 in
3437 5397 3698 5447 montem

2057 5489 2289 5545 venisti.
2322 5492 2434 5542 Cur
2453 5503 2590 5557 ergo
2623 5486 3274 5558 rovolutus,antequam
3303 5485 3503 5538 sedem
3531 5481 3697 5554 figas,

2057 5578 2328 5635 ambulas
2359 5578 2419 5631 in
2450 5575 2738 5648 planitie?
2767 5575 3045 5632 Excelsus
3071 5593 3220 5642 eras,
3252 5591 3356 5630 cur
3385 5571 3605 5628 desinis
3637 5571 3697 5626 in

2055 5669 2343 5725 humilem
2367 5666 2388 5721 ὲ
2416 5664 2804 5733 Coelestis,our
2829 5665 3128 5723 terrenus?
3147 5670 3190 5721 E
3231 5663 3604 5736 corruptione
3619 5662 3692 5718 ad

2055 5757 2235 5815 vitam
2266 5754 2591 5814 translatus
2621 5770 2772 5824 eras,
2823 5753 2990 5826 quasi
3036 5771 3184 5813 nova
3225 5753 3538 5822 creatione,
3591 5767 3695 5808 cur
