4104 6210
449 358 568 418 763

1225 368 1648 430 EUSTATHII
1688 369 2450 432 THESSALONICENSIS
2494 371 3079 434 METROPOLITE

3737 374 3857 432 764

453 507 590 564 ergo
623 492 683 546 in
740 495 990 566 pristina
1049 497 1290 554 dissolvi
1347 499 1848 571 cupis?Mutatus
1907 518 1990 568 es,
2025 506 2087 558 ut

2205 500 2720 574 μεταπεπλασμένος
2756 520 2770 534 ο
2847 499 2989 555 ἱνατί
3057 505 3184 574 γοῦν
3257 499 3457 562 ἑθέλεις
3527 500 3859 566 ἀναλύεσθαι

461 581 616 637 Enoc
649 592 994 656 assumptus
1025 588 1094 642 ad
1126 588 1306 642 Deum
1341 606 1355 644 :
1390 606 1561 645 mane
1592 607 1728 662 ergo
1778 592 1948 662 juxta
1992 609 2090 647 vo-

449 669 736 728 luntatem
773 676 892 745 Dei,
927 676 1025 747 qui
1055 681 1108 731 te
1140 694 1374 733 manere
1413 679 1584 749 jubet
1635 681 1817 736 donec
1875 682 2090 748 veniat,

451 777 823 834 quocumque
854 766 1023 820 modo
1056 765 1164 821 iste
1211 768 1495 824 adventus
1545 770 1924 842 intelligatur.
1976 771 2090 826 Nec

450 853 540 903 est
570 849 671 903 tibi
707 851 940 920 injuria,
989 853 1037 907 si
1071 858 1232 909 tanta
1287 855 1571 912 instantia
1630 860 1999 928 pmnitentem
2033 866 2089 914 te

445 954 723 993 vocamus
755 958 768 994 :
796 958 909 994 non
941 941 1112 998 debet
1141 944 1276 1000 inde
1305 947 1645 1002 erubescere
1675 947 1772 1018 qui
1798 949 2088 1020 paenitens

447 1025 687 1085 dicitur.
729 1030 1006 1102 Teipsum
1061 1051 1093 1088 a
1148 1035 1358 1091 seculo
1417 1037 1734 1092 removisti.
1795 1039 1942 1103 Quid
2002 1039 2087 1093 vis

442 1113 626 1186 igitur
655 1118 713 1172 in
747 1117 870 1175 loco
929 1121 1180 1192 pristino
1238 1125 1428 1182 incola
1485 1127 1884 1196 annumerari,
1917 1133 1974 1182 et
2003 1127 2088 1182 sic

445 1203 503 1257 in
538 1204 651 1261 fine
675 1207 906 1265 nullum
937 1211 1132 1268 locum
1177 1213 1409 1285 habere,
1460 1221 1635 1286 atque
1687 1217 1888 1272 audire
1935 1217 2086 1272 hanc

445 1292 775 1352 irrisionem
810 1317 823 1354 :
859 1324 885 1350 ‹‹
917 1301 1124 1357 Adhuc
1148 1303 1454 1374 pusillum,
1495 1313 1550 1358 et
1598 1322 1711 1359 non
1743 1311 1855 1360 erit
1883 1323 2083 1377 pecca-

445 1386 565 1450 10Γῖ
599 1390 656 1439 et
686 1402 911 1457 quaeres
933 1388 1124 1446 locum
1150 1395 1363 1462 ejus,et
1387 1411 1499 1448 non
1532 1394 1790 1450 invenies
1810 1396 1888 1448 ⁷.»
1921 1395 2086 1450 Nunc

447 1476 641 1528 autem
704 1476 974 1533 videntur
1030 1483 1305 1538 monachi
1362 1485 1619 1538 minores
1695 1484 1862 1539 nobis
1941 1484 2084 1540 insi-

443 1560 613 1629 diari,
674 1563 773 1634 qui
831 1583 936 1622 nos
993 1585 1026 1622 a
1084 1571 1350 1640 patribus
1405 1589 1606 1628 eorum
1667 1575 2083 1640 distraxerunt,

447 1664 900 1725 sermonemque
930 1657 1001 1710 ad
1052 1673 1423 1716 communem
1472 1662 1943 1734 obiurgationem
1993 1662 2084 1716 di-

445 1743 765 1808 verterunt,
821 1750 885 1798 ut
939 1746 999 1800 in
1048 1745 1156 1802 hac
1233 1751 1566 1823 sympathia
1641 1753 1878 1823 utrique
1935 1751 2086 1824 parti

448 1825 603 1882 dicta
649 1831 910 1900 etﬂuant,
967 1835 1017 1890 si
1075 1837 1353 1907 possibile
1411 1846 1501 1896 est
1549 1841 1649 1913 qui
1698 1858 1912 1914 scapus
1969 1857 2084 1896 non

449 1915 790 1989 attingetur.

523 2183 610 2239 42.
644 2185 786 2243 Ecce
815 2191 972 2246 enim
1004 2193 1224 2250 omissa
1263 2197 1685 2252 communitate
1711 2197 1781 2252 ad
1836 2197 2088 2267 maiores

447 2277 766 2332 monachos
794 2280 1075 2350 redimus,
1110 2283 1209 2354 qui
1244 2284 1414 2340 malis
1446 2285 1570 2340 suis
1600 2285 1882 2358 exemplis
1913 2285 2088 2339 disci-

448 2360 618 2432 pulos
652 2373 1011 2438 pervertunt,
1044 2373 1143 2442 qui
1192 2373 1538 2429 simulantes
1569 2390 1631 2430 se
1689 2392 1802 2430 non
1863 2391 1991 2430 esse
2018 2375 2089 2428 de

451 2447 560 2505 hoc
590 2461 832 2523 mundo,
862 2475 1004 2515 sane
1033 2478 1165 2517 vero
1196 2463 1533 2531 coenobitas,
1558 2481 1623 2520 eo
1655 2465 1808 2536 quod
1841 2463 2088 2519 seorsim

451 2540 668 2613 vivant,
701 2545 813 2602 ista
870 2550 1116 2606 edocent
1172 2553 1318 2609 alios
1366 2553 1685 2625 discipulos
1717 2555 1786 2609 ad
1820 2571 2090 2609 corrum-

450 2633 707 2699 pendum
743 2653 977 2706 pronos.
1023 2642 1084 2694 In
1145 2642 1382 2713 perfecti
1442 2643 1706 2698 monachi
1742 2643 2088 2698 memoriam

448 2736 651 2778 revoco
708 2741 843 2780 eum
903 2729 1236 2786 desiderare
1289 2731 1634 2804 angelorum
1694 2732 1948 2804 speciem
2008 2733 2090 2787 ita

447 2809 816 2870 admonitum
849 2816 1050 2888 fuisse,
1083 2825 1145 2874 ut
1175 2819 1232 2874 in
1265 2821 1587 2891 angelicam
1619 2838 1932 2893 personam
1964 2821 2089 2894 ipse

445 2899 754 2957 ordinatus
787 2905 979 2961 fuerit.
1013 2908 1132 2963 Hoc
1163 2909 1308 2964 forte
1357 2927 1472 2964 non
1524 2909 1775 2965 multum
1835 2911 2092 2966 conferet

447 2989 520 3044 ad
552 2991 998 3051 confundendos
1029 3013 1127 3053 eos
1159 2999 1258 3069 qui
1316 2999 1555 3070 angelos
1612 3000 1966 3073 despiciunt,
2026 3004 2090 3054 ut

447 3078 732 3137 discimus
763 3098 792 3137 e
841 3085 1062 3142 sanctis
1119 3093 1450 3144 ascetarum
1500 3089 1759 3161 scriptis,
1811 3089 1962 3145 sicut
1988 3105 2084 3144 vo-

452 3166 602 3234 lunt,
637 3171 735 3240 qui
758 3173 1084 3230 Psalmistas
1117 3178 1357 3233 verbum
1393 3178 1638 3234 minoris
1695 3179 1938 3248 faciunt,
1973 3177 2083 3234 sei-

2200 590 2274 652 εἷς
2338 592 2406 644 τά
2463 591 2723 666 πρότερον
2759 610 2772 659 ;
2824 591 3082 659 Μετέθου,
3142 590 3278 644 κατά
3304 590 3394 644 τὸν
3430 591 3611 667 Ἑνὼχ
3643 590 3859 662 ἀναλη-

2200 679 2347 756 φθεὶς
2378 685 2456 752 τῷ
2481 685 2618 752 Θεῷ·
2663 686 2845 754 μεῖνον
2879 678 2970 734 οὖν
3002 677 3137 734 κατὰ
3163 679 3224 733 τὸ
3256 678 3472 752 θέλημα
3499 681 3596 734 τοῦ
3629 682 3861 748 Θεοῦ,ὃς

2199 767 2371 831 ἐθέλει
2417 771 2503 823 καὶ
2556 771 2614 823 σὲ
2666 772 2864 842 μένειν,
2899 766 3000 832 ἕως
3031 766 3269 843 ἔρχεται,
3303 769 3493 823 ὁποίαν
3527 769 3590 823 ἂν
3647 770 3856 840 ταύτην

2197 853 2406 912 ἕλευσιν
2436 857 2640 920 ἐθέλεις
2671 864 2836 914 νοεῖν.
2871 858 2980 912 Οὐκ
3023 857 3133 912 ἔστι
3184 878 3266 911 σοι
3317 857 3529 931 ἀτιμία,
3582 858 3733 929 εἴπερ
3785 864 3858 933 τῇ

2195 947 2419 1022 τοιαύτῃ
2488 946 2809 1024 προσεδρείᾳ
2873 946 3231 1021 μεταθέμενόν
3291 969 3350 1002 σε
3415 947 3716 1020 καλοῦμεν.
3780 949 3862 1006 Οὐ

2196 1037 2300 1111 γάρ
2358 1035 2468 1091 ἐστι
2518 1037 2788 1100 κάνταῦθα
2837 1031 3156 1112 ἐφύϐριστος
3205 1037 3234 1092 6
3300 1034 3643 1110 καλούμενος
3693 1059 3862 1110 μετα-

2197 1125 2438 1197 θέμενος.
2493 1126 2833 1196 Ἐξετόπισας
2887 1130 2984 1180 τοῦ
3048 1124 3170 1201 βίου
3229 1126 3446 1181 σεαυτόν
3479 1167 3491 1180 .
3555 1127 3625 1184 Τί
3674 1126 3866 1182 τοίνυν

2197 1212 2400 1276 ἐθέλεις
2479 1211 2702 1278 ἕντοπος
2775 1220 2894 1277 τοῖς
2965 1215 3158 1289 πρώην
3223 1215 3690 1288 προστετηκέναι,
3769 1217 3864 1271 καὶ

2195 1303 2366 1366 οὕτως
2424 1303 2685 1380 ἐκβαίνειν
2747 1302 2970 1372 ἄτοπος,
3029 1304 3119 1358 καί
3171 1325 3277 1358 που
3324 1304 3416 1358 καὶ
3449 1304 3662 1360 ἀκούειν
3700 1307 3782 1369 ὡς
3812 1305 3866 1360 ἐν

2198 1399 2561 1468 μυκτηρισμῷ
2590 1391 3076 1468 καταψαλλόμενόν
3111 1413 3206 1447 σου
3257 1394 3320 1447 τὸ
3378 1419 3404 1444 ‹‹
3454 1396 3574 1450 "Et:
3635 1393 3861 1469 ὀλίγον,

2193 1482 2284 1536 καὶ
2334 1481 2400 1536 οὐ
2453 1484 2528 1554 μή
2586 1482 2792 1558 ὑπάρξῃ
2845 1484 2873 1537 ὁ
2924 1481 3274 1556 ἁμαρτωλὸς,
3319 1485 3408 1536 καὶ
3446 1485 3703 1553 ζητήσεις
3764 1485 3862 1539 τὸν

2192 1572 2362 1626 τόπον
2411 1571 2594 1641 αὐτοῦ,
2640 1573 2730 1627 καὶ
2784 1571 2845 1627 οὐ
2897 1573 2972 1644 μή
3007 1571 3208 1646 εὕρῃς
3241 1595 3270 1623 η
3307 1571 3481 1628 Ἀλλά
3509 1574 3615 1647 γάρ
3673 1571 3864 1628 ἐοίκα-

2196 1681 2278 1714 σιν
2359 1662 2411 1714 ot
2485 1664 2934 1737 μικροσχήμονες
3006 1659 3508 1735 πανουργεῦσασθαι
3591 1661 3688 1715 καὶ
3767 1666 3864 1715 νῦν

2194 1750 2312 1813 καθ’
2369 1752 2552 1822 ἡμῶν,
2616 1753 2698 1811 οἷς
2729 1750 3131 1820 ἀποστήσαντες
3185 1752 3334 1822 ἡμᾶς
3366 1755 3470 1804 τῶν
3503 1751 3623 1804 κατ’
3659 1750 3866 1814 αὐτοὺς

2195 1836 2441 1914 πατέρων
2487 1837 2888 1914 ἀπησχόλησαν
2943 1839 3033 1894 τὸν
3087 1837 3254 1913 λόγον
3308 1839 3445 1914 πρὸς
3490 1844 3610 1900 τοῖς
3641 1845 3861 1902 κοινοῖς

2196 1934 2496 2004 φορτικοῖς,
2531 1928 2604 1990 ὡς
2638 1927 2697 1982 ἃν
2727 1927 2778 1982 έν
2815 1933 2885 2002 τῇ
2914 1926 3140 2001 τοιαύτῃ
3170 1927 3520 2000 κοινοπαθείᾳ
3551 1930 3866 2004 συγχεόμε-

2194 2037 2258 2070 να
2283 2017 2351 2070 τὰ
2375 2017 2639 2093 ἑκατέρων
2681 2016 2900 2094 ἔχωσιν,
2953 2016 2997 2071 εἰ
3049 2015 3295 2088 δυνατὸν,
3343 2017 3702 2090 κρύπτεσθαι.
3735 2019 3863 2076 Οὐκ

2197 2105 2257 2158 ἂν
2288 2102 2346 2158 δὲ
2369 2105 2603 2160 ἀνύσωσι
2628 2107 2690 2160 τὸ
2723 2106 2868 2183 σφίσι
2900 2106 3281 2180 προκείμενον.

2271 2195 2382 2270 μβ’.
2434 2195 2719 2274 Ἀφέμενοι
2774 2196 2896 2272 γάρ,
2958 2193 3097 2263 ἰδοὺ,
3154 2200 3262 2249 τῶν
3319 2200 3541 2265 κοινῶν,
3626 2196 3864 2272 ὶπανερ-

2196 2282 2412 2358 χόμεθα
2443 2285 2578 2356 πρὸς
2609 2285 2808 2356 μόνους
2835 2283 2962 2346 τοὺς
2998 2283 3268 2356 μείζονας,
3325 2283 3377 2339 οἵ
3431 2289 3500 2358 τῇ
3563 2287 3704 2360 πρὸς
3760 2287 3864 2340 αὖ·

2194 2372 2323 2434 τοὺς
2408 2371 2726 2446 ἐξομοιώσει
2800 2371 3272 2448 συνδιαστρέφουσι
3348 2372 3478 2435 τοὺς
3552 2373 3863 2446 ὁμιλητὰς,

2196 2461 2276 2516 κεὶ
2309 2460 2632 2536 ψευδόμενοι
2681 2464 2742 2517 τὸ
2800 2457 2970 2530 ἅδιον,
3003 2462 3141 2525 καθά
3185 2466 3275 2516 καί
3306 2463 3370 2517 τὸ
3399 2458 3706 2531 κοινόϐιον,
3777 2463 3867 2518 διὰ

2195 2555 2291 2605 τοῦ
2347 2553 2476 2605 εἶναι
2529 2546 2772 2618 ἱδιόϐιοι,
2833 2555 3196 2624 καθηγοῦνται
3263 2555 3359 2604 τοῦ
3415 2550 3584 2606 αὐτοῦ
3633 2549 3867 2607 παιδεύ-

2201 2655 2367 2714 ματο>
2414 2642 2503 2695 καὶ
2559 2647 2676 2704 τοῖς
2736 2640 2944 2719 εὐφυῶς
2979 2638 3341 2714 διακειμένοις
3401 2642 3543 2714 πρὸς
3601 2639 3868 2717 διαστρο-

2197 2732 2300 2808 φὴν
2339 2732 2620 2804 μαθηταῖς.
2680 2725 3021 2800 Ἀναῦιϐάζω
3074 2727 3141 2798 δὴ
3187 2729 3240 2792 ἐς
3300 2731 3488 2800 νόησιν
3545 2738 3628 2804 τῷ
3692 2754 3865 2808 μεγα-

2197 2817 2512 2894 λοσχήμονι
2567 2825 2819 2896 μοναχῷ,
2851 2819 2941 2874 καὶ
2971 2818 3052 2874 ὅτι
3100 2819 3345 2894 ἀγγέλων
3405 2827 3603 2896 σχῆμα
3661 2819 3867 2876 ἐπιπο-

2195 2909 2302 2962 θεῖν
2352 2907 2639 2984 ἐδιδάχθη,
2702 2909 2840 2963 ὥστε
2894 2909 2982 2963 καὶ
3043 2905 3122 2970 εἴς
3151 2909 3445 2984 πρόσωπον
3504 2909 3666 2972 αὐτὸς
3701 2912 3868 2985 ἀγγέ-

2198 2996 2298 3053 λου
2328 3001 2594 3055 τέτακται.
2652 3000 2801 3055 ’Ἐστι
2845 2996 2904 3052 δὲ
2957 2995 3060 3073 ἄρα
3113 3001 3274 3052 τοῦτο
3307 2998 3375 3052 οὗ
3439 2997 3576 3071 μέγα
3635 2999 3709 3059 εἷς
3776 2998 3868 3054 ἒν-

2193 3088 2403 3162 τροπὴν
2451 3094 2567 3150 τοῖς
2618 3087 2913 3156 τοιούτοις,
2965 3085 3017 3142 o'i
3064 3086 3153 3141 καὶ
3205 3083 3432 3162 ἄγγελον
3489 3082 3870 3162 ὑπεραναεαί-

2196 3197 2402 3245 νουσιν,
2435 3178 2510 3239 ὡς
2541 3185 2642 3246 τῆς
2693 3175 2991 3253 ἱερωτάτης
3042 3176 3344 3244 άσκητικῆς
3400 3179 3610 3254 γραφῆς
3663 3177 3872 3250 ἐκμαν-

443 3256 602 3327 ipsos
631 3239 840 3316 inﬂant
870 3263 1004 3334 plus
1026 3282 1203 3336 quam
1225 3239 2082 3340 aquumest.Hocigitur'tene,

2201 3266 2447 3340 θάνομεί,
2523 3265 2669 3342 εἷίπερ
2731 3265 2996 3334 ἐθέλουσι,
3075 3268 3176 3335 τὴν
3235 3265 3520 3339 ψαλμικήν
3589 3268 3866 3342 βραχεῖαν

443 3349 728 3404 monache
751 3352 875 3421 jam
910 3369 1022 3407 non
1054 3353 1200 3410 laice
1231 3360 1287 3410 et
1307 3362 1507 3411 sancte
1534 3357 1605 3411 ob
1635 3357 2088 3428 pr0positum,et

441 3435 490 3490 si
523 3441 578 3492 te
608 3437 784 3494 talem
816 3441 1000 3509 decet,
1035 3448 1091 3497 et
1121 3449 1331 3500 natura
1374 3446 1749 3501 immateriali
1780 3446 1838 3500 in
1873 3446 2084 3502 metal-

443 3524 566 3581 lum
597 3527 706 3584 vile
735 3533 793 3585 et
826 3536 1099 3588 terrestre
1127 3551 1348 3604 versus,
1382 3536 1722 3609 oblitusque
1766 3535 2084 3606 solitarios,

444 3619 510 3670 ut
540 3624 783 3674 narrant
811 3621 1062 3694 antiqui;
1095 3640 1230 3679 mox
1281 3624 1527 3695 justitiae
1582 3625 1884 3696 copulatos
1911 3627 2084 3696 ﬂesse,

445 3705 584 3777 quia
613 3709 918 3766 materiam
952 3712 1463 3780 mortificaverant,
1497 3719 1557 3770 tu
1584 3720 1708 3770 esto
1740 3713 1939 3770 saeculi
1970 3731 2089 3770 ma-

443 3799 924 3867 gnes,attrahens
944 3805 1119 3857 tenue
1147 3803 1366 3859 ferrum
1393 3821 1406 3871 ;
1440 3802 1527 3858 vel
1552 3808 1616 3859 ut
1661 3803 1968 3859 succinum
2001 3811 2086 3858 al-

441 3884 656 3942 tollens
690 3888 887 3958 paleas
918 3890 1133 3962 quibus
1166 3909 1258 3947 res
1290 3879 1604 3948 saculures
1626 3894 1762 3963 jure
1792 3909 2089 3965 compara-

442 3981 578 4030 rant
607 3975 726 4046 igni
759 3977 1223 4052 inexstinguibili
1254 3985 1576 4037 reservatis.
1607 3982 1792 4051 Nosti,
1823 3999 1855 4038 ο
1883 3999 2086 4038 mona-

444 4063 574 4134 che,
606 4070 921 4136 potestates
948 4073 1005 4124 et
1025 4069 1262 4142 angelos
1287 4072 1920 4144 secundare,tuamque
1947 4088 2088 4128 con-

447 4151 783 4210 sensionem
805 4155 1124 4215 inscribere
1149 4177 1162 4227 ;
1197 4177 1342 4232 quos
1372 4178 1528 4217 nunc
1554 4162 1890 4235 aggredere,
1922 4161 1971 4217 si
2001 4161 2089 4216 vis

449 4257 586 4314 rape
616 4241 902 4316 libellum,
936 4264 1376 4323 consonumque
1405 4251 1682 4308 insoribe.

518 4513 606 4567 43.
645 4512 940 4573 Didicistis
971 4517 1147 4574 etiam
1178 4537 1411 4576 crucem
1443 4524 1502 4576 et
1535 4523 1780 4576 mortem
1811 4518 1917 4574 tibi
1950 4535 2088 4591 prae-

445 4603 726 4660 nuntiari.
760 4606 818 4660 Si
843 4608 968 4678 jam
1000 4609 1298 4681 desperas,
1333 4610 1486 4681 subi,
1529 4626 1644 4665 non
1677 4624 1934 4676 crucem,
1985 4608 2084 4663 sed

2199 4606 2447 4670 θάνατον.
2523 4604 2587 4660 Et
2663 4609 2793 4680 γοῦν
2869 4600 3279 4676 ἀποδυσπετεῖς,

443 4694 728 4750 mercium
759 4696 1471 4770 fasciculum,deprimens
1503 4697 1919 4770 negotiationis
1939 4714 2088 4754 onus

445 4787 510 4835 ut
536 4782 605 4838 de
643 4782 1057 4856 loquacitatem
1092 4788 1408 4843 irridearis.
1436 4792 1650 4843 Preter
1701 4790 2083 4843 mercaturam

444 4870 602 4926 enim
662 4873 838 4930 etiam
871 4874 1280 4948 loquacitatem
1315 4894 1569 4945 exerces,
1626 4877 1740 4948 cui,
1799 4880 1864 4932 ut
1912 4892 2093 4948 supra

446 4969 749 5021 ostensum
783 4972 892 5034 est,
926 4969 1387 5025 renuntiaveras.
1442 4970 1567 5026 Non
1625 4985 1856 5025 crucem
1912 4968 2092 5040 igitur

446 5052 678 5121 tolle,ut
708 5055 962 5112 diximus
998 5077 1010 5126 ;
1044 5075 1160 5113 non
1184 5059 1312 5129 jam
1344 5059 1887 5128 morere,mundum
1920 5055 2092 5112 relin-

441 5159 626 5214 quens
658 5145 726 5199 ad
762 5148 1102 5202 merendam
1158 5147 1340 5203 vitam
1399 5152 1674 5204 aeternam
1711 5167 1724 5216 ;
1759 5164 1900 5204 sane
1955 5162 2088 5201 vero

441 5232 588 5304 vive,
623 5239 680 5290 et
711 5233 915 5292 laudes
972 5242 1029 5292 et
1081 5237 1454 5293 saltationem
1515 5243 1572 5294 et
1628 5237 1870 5294 delicias
1925 5252 2088 5293 exer-

440 5327 584 5392 ceto;
619 5325 786 5382 fortis
816 5331 942 5383 esto
971 5332 1173 5384 contra
1203 5328 1534 5401 omnia,pro
1556 5332 1611 5384 te
1644 5328 1717 5383 da
1746 5328 1896 5384 hanc
1927 5341 2085 5382 com-

443 5413 832 5472 mutationem
867 5418 1082 5487 morti;
1117 5417 1340 5491 sicque,
1370 5418 1417 5475 si
1441 5417 1720 5491 possibile
1749 5421 1857 5489 est,
1891 5416 2089 5474 omnia

444 5509 601 5560 sorte
631 5505 792 5563 solus
823 5505 1042 5564 obtine.

516 5721 535 5756 "
567 5724 724 5780 Psal.
757 5741 949 5793 xxxvx,
980 5726 1068 5781 10.

2194 3355 2487 3412 έλάττωσιν
2521 3355 2876 3431 παραύξοντες
2910 3354 3062 3410 αὑτοὶ
3109 3355 3199 3408 καὶ
3261 3355 3390 3429 ὑπὲρ
3446 3357 3545 3424 τὴν
3602 3355 3866 3426 ἰσότητα.

2196 3447 2404 3522 Κάτεχε
2433 3446 2547 3514 οὖν,
2584 3447 2628 3499 ὦ
2678 3440 2798 3500 ἄϐιε
2854 3445 2943 3499 καὶ
3001 3447 3068 3518 τῇ
3127 3444 3378 3520 προθέσει
3429 3445 3548 3518 ἅγιε
3617 3447 3866 3522 μοναχὶ,

2194 3537 2283 3591 καὶ
2313 3541 2496 3591 τοῦτο’
2546 3535 2636 3590 καὶ
2691 3532 2745 3589 εἷ’
2794 3555 2878 3588 σοι
2916 3532 3232 3605 τηλικούτῳ
3291 3527 3406 3586 ὄντι
3451 3531 3656 3607 πρέπον
3717 3534 3866 3601 ἐστὶ,

2194 3625 2586 3687 κατασπασθεὶς
2645 3631 2745 3693 τῆς
2803 3622 2990 3685 ἆϋλίας
3050 3622 3126 3684 εἷς
3200 3620 3409 3698 ἀγεννές
3467 3643 3518 3676 τι
3577 3621 3866 3694 μέταλλον

2195 3719 2317 3789 γῆς,
2377 3717 2466 3769 καὶ
2529 3712 2670 3787 μηδὲ
2724 3713 3100 3789 λογισάμενος,
3161 3713 3235 3776 ὡς
3283 3716 3316 3782 ᾇ
3371 3708 3578 3765 παλαιὰ
3642 3713 3870 3787 ἱστορία

2194 3809 2315 3866 τοῖς
2370 3798 2574 3864 ’Δὸίοις
2634 3801 2822 3857 αὐτίκα
2868 3802 2956 3856 καὶ
3014 3801 3076 3855 τὸ
3109 3797 3448 3856 δικαιότατον
3480 3801 3749 3872 συνέθηκε
3784 3800 3872 3856 διὰ

2195 3893 2258 3948 τὸ
2315 3899 2431 3948 κατ’
2486 3891 2685 3954 αὐτοὺς
2741 3888 3055 3967 ὂλιγόϋλον,
3113 3888 3201 3944 ἔσο
3255 3897 3517 3967 μαγνῆτις
3565 3890 3721 3966 βίου,
3759 3891 3874 3947 ἑπι-

2199 3982 2462 4055 σπωμένη
2495 3979 2714 4057 σιδήρια
2743 3979 3025 4056 μοχθηρά’
3086 3979 3121 4048 ἢ
3171 3979 3261 4034 καὶ
3294 3979 3366 4041 ὡς
3397 3977 3670 4055 ἤλεκτρος
3706 3980 3871 4058 ἐφελ-

2195 4073 2428 4144 κόμενος
2487 4071 2686 4146 ἄχυρα,
2755 4070 2836 4132 οῖς
2922 4067 3094 4144 ὀρθῶς
3153 4068 3418 4137 εἰκάζεται
3477 4071 3541 4123 τά
3597 4069 3871 4143 βιωτικὶ,

2196 4161 2366 4236 πυρὸς
2416 4155 2675 4215 ἀσϐέστου
2734 4157 2985 4232 δεόμενα.
3019 4154 3374 4234 Ἐδιδάχθης,
3405 4159 3450 4212 ὦ
3485 4159 3728 4234 μοναχὶ,
3778 4161 3872 4220 τὰς

2199 4251 2371 4325 ἀρχὰς
2425 4249 2514 4305 καὶ
2571 4247 2837 4325 άγγελους
2865 4247 3208 4323 παρεστάναι,
3242 4247 3742 4325 ἆπογραφομίνους
3774 4251 3871 4312 τὰς

2198 4339 2499 4416 ὁμολογίας
2531 4360 2646 4396 σου.
2707 4333 2981 4393 Διάϐαλλε
3034 4337 3212 4393 τοίνυν
3275 4336 3490 4406 αὐτοὺς,
3544 4336 3590 4391 εἰ
3640 4337 3870 4413 βούλει,

2200 4425 2551 4504 ἀφαρπάζων,
2599 4425 2689 4480 καὶ
2714 4425 2776 4480 τὸ
2826 4424 3112 4503 σύμφωνον
3143 4420 3436 4500 ἔγγραψον.

2274 4517 2378 4591 μγ’.
2452 4517 2689 4589 Ἔμαθες
2759 4515 2850 4569 καὶ
2924 4513 3006 4568 ὅτι
3065 4515 3291 4589 σταυρὸν
3366 4512 3702 4589 έπηγγείλου
3781 4517 3867 4569 καὶ

3372 4602 3595 4677 βάσταζε
3662 4607 3868 4677 μηκέτι

2199 4696 2446 4770 σταυρὸν,
2505 4693 2651 4749 ἀλλὰ
2695 4694 2896 4770 ῥῶπον,
2959 4692 3053 4749 εἴτ’
3111 4692 3205 4748 οὗν
3246 4692 3446 4771 φόρτον
3501 4691 3869 4767 πράγματευ-

2198 4785 2346 4840 τικὸν
2395 4784 2542 4840 κάτω
2607 4784 2926 4859 βαρύνονται,
2995 4782 3087 4837 τίνα
3138 4781 3229 4837 καὶ
3289 4780 3366 4843 εἷς
3429 4780 3872 4861 ῥωποπερπερή-

2201 4876 2331 4949 θραν
2391 4873 2667 4952 αωφθῇς.
2727 4873 2870 4948 Πρὸς
2921 4873 3027 4948 γὰρ
3085 4876 3166 4944 τῷ
3224 4871 3396 4947 ρώπῳ
3420 4872 3616 4943 καὶτῷ
3649 4874 3869 4950 πέρ-πε-

2201 4984 2292 5039 ρον
2347 4963 2604 5035 έξασκεῖς,
2661 4963 2710 5018 εἷ’
2758 4962 2847 5017 καὶ
2901 4962 3031 5018 αὐτὸ
3087 4961 3412 5036 ἀπηρνήσω,
3463 4962 3598 5016 καθὰ
3647 4965 3870 5039 προϊὼν

2200 5054 2228 5108 6
2296 5051 2459 5130 λόγος
2516 5053 2802 5131 ἀποφανεῖ.
2861 5053 3016 5123 Μήτε
3069 5051 3249 5106 τοίνυν
3311 5051 3560 5127 σταυρὸν,
3624 5051 3708 5115 ὡς
3743 5049 3871 5131 ἔφα-

2203 5164 2318 5216 μεν,
2380 5143 2424 5196 εί
2485 5142 2694 5217 βούλει,
2775 5140 3019 5216 βάσταζε,
3081 5141 3167 5196 καὶ
3236 5138 3378 5214 μηδὶ
3435 5147 3677 5211 θνῆσκε,
3747 5148 3871 5204 τοῖς

2196 5234 2345 5287 κάτω
2402 5230 2781 5306 νεκρούμενος,
2841 5229 2918 5293 εἷς
2980 5228 3344 5306 ἀντάλλαγμα
3403 5236 3549 5300 ζωῆς
3605 5230 3866 5288 αἰωνίου.

2197 5319 2345 5378 ἀλλά
2378 5325 2519 5392 ζῆθι,
2571 5322 2658 5376 καὶ
2693 5319 2964 5396 ἀγάλλου,
3014 5321 3103 5376 καὶ
3153 5319 3350 5389 ἄλλου,
3401 5321 3488 5375 καὶ
3535 5320 3741 5400 τρῦφα,
3779 5322 3871 5377 καὶ

2195 5413 2331 5468 κατὰ
2387 5413 2599 5468 πάνιων
2660 5409 2937 5490 ἀνδρίζου,
2964 5413 3050 5467 καὶ
3083 5408 3237 5466 δίδου
3269 5411 3562 5487 ἀντίψυχον
3605 5413 3868 5469 τοιοῦτον

2195 5505 2355 5580 χάριν
2391 5524 2487 5559 σου
2515 5507 2595 5576 τῷ
2619 5503 2852 5576 θανάτῳο
2881 5503 2969 5558 καὶ
3005 5500 3201 5571 οὕτως,
3234 5500 3382 5577 εἴπερ
3429 5499 3540 5556 οἶόν
3569 5521 3649 5572 τε,
3692 5502 3873 5576 μόνος

2193 5589 2533 5668 κληρονόμει
2564 5591 2628 5649 τὸ
2656 5595 2779 5651 πᾶν.
