4104 6210
230 446 360 503 765

1245 448 1349 509 DE
1390 448 1874 509 EMENDANDA
1925 444 2111 506 VITA
2154 444 2639 507 MONACHICA.

3531 437 3646 496 766

312 572 423 649 μδ’.
455 576 580 631 Ἔτι
626 577 979 652 κατηχήθης,
1035 575 1165 654 δίχα
1218 584 1325 635 τῶν
1385 577 1594 647 ἄλλων,
1649 582 1757 633 τῶν
1801 578 1876 632 κα

2077 579 2163 634 44.
2203 579 2269 633 Et
2299 578 2540 648 insuper
2566 576 2808 632 edoctus
2836 589 2900 628 es
2946 577 3154 643 praeter
3182 568 3316 636 alia,
3349 572 3405 623 et
3436 567 3642 636 multa,

227 661 470 719 πολλῶν
528 666 620 720 καὶ
683 665 937 741 μεγάλων
998 666 1088 722 καὶ
1141 664 1419 738 εύκόλων,
1477 669 1567 723 καὶ
1621 668 1720 737 τήν
1773 664 1884 742 ἓριν

227 753 806 830 ἀποπροσποιεῖσθαι,
856 761 949 811 καῖ
1002 758 1094 811 τὸν
1155 758 1350 833 θυμὸν,
1400 758 1491 813 καὶ
1541 758 1639 827 τὴν
1696 778 1832 833 γραυ
1864 788 1887 798 -

225 843 364 919 γὴν,
395 843 487 897 καὶ
541 846 641 915 τὴν
695 844 934 922 ἀεργίαν,
991 846 1081 901 καὶ
1131 848 1232 915 τὴν
1284 846 1611 923 παρρησίαν,
1653 847 1744 902 καὶ
1790 846 1889 915 τὴν

232 944 473 1007 μερικην
532 930 719 1011 φιλίαν
756 977 770 1004 ,
828 934 920 989 καὶ
990 934 1054 989 τὸ
1128 935 1567 1012 περπερεύεσθαι,
1635 935 1725 990 καὶ
1793 935 1885 989 τὸν

224 1021 555 1096 γογγυσμὸν
588 1066 605 1094 ,
662 1023 751 1077 καὶ
820 1023 882 1078 τὸ
931 1023 1196 1101 ψίθυρον,
1252 1024 1342 1079 καὶ
1399 1025 1498 1095 τήν
1578 1021 1885 1094 ἰδιάζουσαν

225 1107 523 1180 ἐπίκτησιν
560 1154 574 1168 .
631 1111 1065 1188 Δογοπράγησον
1146 1110 1237 1167 οὖν
1310 1113 1528 1169 σεαυτὸν
1565 1158 1578 1184 ,
1636 1112 1727 1169 καὶ
1799 1109 1888 1167 διὰ

224 1201 345 1254 τῶν
395 1198 664 1254 τοιούτων
713 1198 888 1256 ἐλθὼν
937 1199 1280 1277 ὁμολογιῶν,
1312 1202 1555 1279 αὕχησον
1589 1200 1885 1257 ἀποστολι-

224 1291 346 1348 κῶς
373 1329 388 1356 ,
450 1286 498 1342 εἰ
565 1285 786 1344 δύνασαι
841 1292 1254 1366 καυχήσασθαι,
1296 1289 1384 1346 ἐπὶ
1445 1296 1544 1364 μ.ιᾷ
1591 1295 1720 1366 γοῦν
1774 1294 1883 1346 τῶν

223 1375 502 1431 τοιούτων
554 1398 651 1432 σου
698 1383 1003 1455 συνταγῶν’
1056 1379 1102 1435 εἰ
1154 1377 1212 1435 δὲ
1270 1379 1430 1444 αὐτὸς
1481 1379 1730 1450 ὀκνήσεις
1782 1381 1882 1449 τήν

225 1462 461 1535 λαλιὰν,
523 1463 642 1521 ἰδοὺ
699 1465 809 1543 ἐγὼ
861 1467 948 1523 ἰπὶ
1006 1468 1064 1523 σε
1096 1512 1109 1525 .
1167 1470 1270 1526 Καὶ
1342 1469 1517 1524 τοίνυν
1578 1468 1789 1524 ἀκούων
1846 1468 1883 1538 ἢ

223 1551 496 1630 ὶξὲλεγχε
550 1554 626 1617 ὡς
679 1552 1046 1630 ψευδομένονς
1096 1559 1278 1631 ἡμᾶς,
1335 1557 1371 1627 ἢ
1428 1555 1574 1613 ἀλλὰ
1628 1556 1884 1632 ἐντράπου

222 1643 372 1718 πρὸς
402 1640 720 1719 διόρθωσινο
774 1642 867 1699 ἵνα
901 1644 992 1699 καὶ
1037 1644 1100 1700 σὺ
1147 1644 1412 1721 κερδήσῃς
1457 1646 1553 1714 τὴν
1607 1646 1703 1699 τοῦ
1751 1649 1883 1701 Θεοῦ

221 1733 569 1808 παράστασιν
603 1776 619 1803 ,
679 1733 756 1796 ὡς
821 1732 989 1805 ἰτάξω
1022 1780 1037 1808 ,
1096 1738 1163 1805 ἧς
1241 1735 1598 1812 μακρύνεσθαι
1672 1732 1827 1790 κινδυ
1858 1766 1884 1778 -

220 1820 425 1883 νεύεις·
483 1820 573 1876 καὶ
630 1823 795 1896 ἡμεῖς
839 1824 1027 1905 μισθὸν
1084 1822 1377 1898 ληψόμεθα
1422 1828 1520 1879 τοῦ
1569 1822 1881 1898 ἐπιστρέψαι

223 1930 306 1966 σε.
372 1908 577 1967 Βλέπω
626 1910 719 1966 τὸν
794 1911 965 1986 θυμόν
1023 1933 1121 1967 σου
1188 1912 1617 1989 παρατιθέμενον
1678 1913 1751 1975 ὡς
1808 1912 1883 1975 εἰς

226 1998 501 2072 ὁμοίωσιν
556 2000 754 2078 ύφεως.
816 2001 896 2059 Οὐ
954 2001 1059 2077 γὰρ
1116 2000 1381 2077 συρίττεις
1440 2003 1627 2075 μόνον,
1661 2002 1751 2057 καὶ
1800 2002 1879 2056 ἱὸν

228 2088 479 2159 ἰντήκεις
526 2084 759 2157 δάκνων,
812 2089 884 2145 τὰ
938 2088 1118 2146 πλείω
1175 2088 1232 2145 δὲ
1275 2091 1568 2162 ἀκοντίζων
1619 2090 1781 2145 αὐτὸν
1824 2092 1884 2145 ἐκ

224 2178 525 2251 πόματος·
585 2175 734 2233 ἀλλὰ
776 2179 868 2234 καὶ
913 2179 1003 2234 τὸν
1063 2178 1226 2235 ὁλκὸν
1276 2178 1501 2235 ἑλίττων
1535 2178 1610 2241 εἷς
1643 2174 1879 2256 βλάϐην,

225 2267 313 2331 οἷς
356 2266 420 2321 οὗ
480 2266 640 2341 μόνον
694 2267 936 2346 σφίγγεις
980 2267 1057 2331 είς
1096 2268 1347 2345 ἐμφανὲς,
1390 2268 1535 2326 ἀλλὰ
1588 2270 1679 2325 καὶ
1729 2269 1881 2345 στρέ-

221 2377 344 2432 φων
381 2352 604 2425 δόλους,
651 2352 747 2412 ἕνα
790 2352 1085 2433 προϐάλλῃ
1131 2359 1330 2413 σκοπὸν
1370 2360 1610 2432 πάντων,
1660 2359 1733 2413 ὧν
1787 2358 1881 2434 ῥᾳ-

221 2440 504 2520 διουργεῖς
544 2448 614 2520 τῇ
665 2446 755 2500 καὶ
805 2445 859 2501 ἓν
907 2447 1045 2522 φωτί
1096 2448 1185 2501 καὶ
1238 2446 1290 2502 ἐν
1339 2445 1639 2523 ἀποκρύφῳ
1669 2444 1875 2522 ἐνέδρᾳ·

222 2534 253 2587 ὁ
285 2530 349 2589 δὲ
404 2532 560 2602 ἐστι,
614 2534 707 2589 τὸν
768 2535 944 2590 ἀθῶον
997 2533 1351 2593 ἀποκτείνειν.
1405 2536 1616 2599 Ἀθῶον
1676 2532 1733 2589 δὲ
1786 2539 1876 2589 νῦν

218 2620 376 2698 λέγω
401 2622 467 2678 οὐ
501 2622 666 2697 μόνον
711 2624 802 2678 τὸν
848 2621 1016 2698 μηδὲν
1069 2622 1333 2699 μηδόλως
1371 2624 1736 2699 ἐξαμαρτόντα
1765 2645 1876 2693 σοι,

218 2711 375 2768 ἀλλὰ
431 2712 522 2767 καὶ¹
578 2714 670 2768 τὸν
727 2716 1237 2790 παραπικράναντα,
1302 2713 1494 2789 βιαίως
1553 2712 1610 2769 δὶ
1667 2715 1876 2793 φάναι,

216 2802 311 2856 καὶ
372 2802 467 2857 τὸν
521 2801 589 2858 τὰ
646 2803 897 2879 χείριστα
942 2803 1079 2859 κατὰ
1126 2808 1223 2859 σοῦ
1278 2801 1563 2877 δράσαντα.
1596 2803 1731 2862 Τίνα
1772 2805 1877 2879 γὰρ

223 2891 318 2944 καὶ
374 2884 531 2966 ἔχοις
594 2890 654 2946 ἃν
711 2890 872 2947 αὐτὸς
932 2892 1100 2948 εἰπεῖν
1154 2894 1230 2967 μή
1291 2893 1464 2948 ἀθῶον
1513 2893 1578 2948 τὰ
1626 2892 1714 2947 ἐπὶ
1769 2892 1875 2963 σοὶ,

221 2978 515 3055 ἅνθρωπος
588 2979 988 3055 νενεκρωμένος
1043 2987 1125 3055 τῷ
1180 2982 1375 3057 κόσμῳ
1431 2979 1498 3037 δι’
1553 2981 1876 3054 ἁπλότητα,

217 3068 343 3122 καθ’
398 3068 467 3138 ἦν
541 3068 727 3145 ἀγνοεῖ
781 3090 864 3134 τις
920 3070 983 3125 ού
1037 3067 1182 3143 δεξιὰ
1234 3072 1323 3126 καὶ
1383 3070 1639 3148 ἂριστερὰ
1692 3069 1877 3144 μόνον,

220 3154 374 3212 ἀλλὰ
421 3158 513 3213 καὶ
563 3156 650 3213 ἐὰν
705 3163 792 3233 ζῇ,
824 3158 915 3215 καὶ
974 3161 1120 3236 παρά
1177 3154 1355 3237 ϐραχύ
1412 3182 1464 3216 τι
1516 3155 1755 3233 ἐκϐιοὺς,
1786 3159 1876 3215 καὶ

222 3243 400 3320 μηδὲν
432 3243 597 3323 ἔχων,
647 3248 677 3303 ’ὀ
721 3247 779 3303 ἂν
828 3249 1161 3323 ζημιωθείης
1196 3269 1211 3319 ;
1242 3251 1447 3313 ’ΛΘῶος
1477 3249 1567 3305 οὗν
1617 3249 1679 3305 τό
1707 3271 1769 3325 γε
1799 3250 1874 3312 εἷς

1997 671 2054 722 et
2108 683 2343 739 magna,
2392 672 2450 721 et
2506 664 2718 730 facilia,
2778 663 2977 735 fugere
3036 658 3463 726 contentiones,
3493 655 3642 711 iram

2002 755 2522 824 clamores,otium,
2555 751 2876 817 licentiam,
2918 748 3301 821 particulares
3330 746 3644 812 amicitias,

1998 844 2414 917 arrogantiam,
2447 841 2735 914 querelas,
2770 836 3484 917 detractionem,privatas
3510 851 3644 905 pos-

1996 913 2312 988 sessiones.
2344 913 2655 1002 Responde
2688 913 2823 1000 ergo
2853 943 2958 999 pro
2990 932 3085 994 te;
3121 930 3297 997 atque
3328 923 3418 979 his
3448 925 3520 979 de
3551 940 3644 978 re-

1994 1021 2107 1077 bus
2135 1022 2311 1077 verba
2341 1020 2580 1086 faciens,
2630 1018 2680 1073 si
2711 1016 2947 1090 gloriari
2979 1020 3143 1087 potes
3192 1019 3257 1069 ut
3305 1011 3642 1085 Apostolus,

1994 1110 2243 1182 gloriare
2274 1110 2344 1165 de
2376 1126 2491 1164 uno
2523 1107 2735 1163 horum
2769 1105 3184 1160 mandatorum
3208 1120 3242 1158 a
3289 1105 3344 1157 te
3373 1105 3640 1169 servato;

1995 1200 2149 1271 quod
2181 1199 2231 1254 si
2264 1198 2479 1254 metuis
2529 1194 2813 1264 conﬁteri,
2844 1209 2974 1249 ecce
3022 1207 3128 1264 ego
3161 1207 3263 1263 pro
3309 1194 3384 1245 te.
3417 1189 3642 1253 Quibus

1994 1288 2234 1357 auditis,
2276 1293 2377 1342 aut
2422 1288 2490 1343 de
2537 1283 2841 1341 mendacio
2883 1298 2988 1337 nos
3036 1296 3235 1351 argue,
3267 1283 3368 1335 aut
3414 1278 3644 1334 ﬂectere

1994 1378 2066 1432 ad
2124 1383 2275 1432 recte
2331 1377 2648 1448 agendum,
2711 1377 2774 1428 ut
2836 1370 3110 1427 merearis
3171 1368 3271 1423 Dei
3330 1367 3640 1435 auxilium,

1994 1468 2149 1537 quod
2202 1464 2548 1538 promisisti,
2580 1481 2613 1518 a
2644 1478 2759 1534 quo
2792 1477 2864 1515 ne
2907 1459 3142 1515 decidas
3175 1456 3501 1512 timendum
3534 1461 3644 1521 est,

1994 1573 2101 1610 nos
2153 1560 2351 1610 autem
2400 1552 2726 1608 mercedem
2775 1546 3175 1605 conversionis
3237 1551 3351 1600 tua:
3400 1543 3646 1614 accipia-

1994 1661 2147 1700 mus.
2179 1648 2361 1698 Tuam
2411 1642 2560 1697 iram
2592 1646 2657 1696 ut
2704 1638 2995 1710 serpentis
3025 1636 3191 1691 video
3222 1632 3484 1689 accendi.
3516 1631 3641 1688 Non

1993 1734 2166 1788 modo
2197 1733 2352 1788 enim
2384 1730 2609 1801 sibilas,
2644 1734 2701 1785 et
2731 1743 3019 1784 venenum
3052 1721 3346 1780 morsibus
3379 1721 3643 1778 infundis

1993 1828 2094 1878 aut
2121 1822 2265 1877 illud
2313 1821 2530 1894 saepius
2562 1837 2631 1875 ex
2683 1835 2780 1874 ore
2802 1814 3214 1888 jacularis,sed
3243 1812 3422 1869 etiam
3472 1811 3642 1868 sinus

1993 1911 2246 1966 obvertis
2295 1911 2367 1967 ad
2400 1909 2727 1980 perdendos
2778 1922 2927 1977 quos
2959 1901 3199 1973 stringis
3244 1905 3462 1974 aperte,
3493 1904 3551 1956 et
3577 1899 3640 1956 in

1994 2017 2139 2070 quos
2169 1999 2332 2055 dolos
2366 1998 2569 2065 nectis,
2603 2010 2907 2066 unumque
2938 1992 3195 2048 intendis
3226 2007 3330 2063 per
3353 1988 3552 2045 omnia
3580 1989 3640 2045 in

1992 2088 2142 2156 luce,
2175 2092 2231 2145 et
2262 2090 2319 2144 in
2348 2087 2625 2154 tenebris,
2656 2084 2879 2141 scilicet
2916 2078 3243 2136 innocentis
3291 2077 3641 2151 peremptis-

1990 2195 2143 2235 nem.
2177 2179 2550 2234 Innocentem
2601 2175 2729 2231 dico
2764 2190 2875 2229 non
2910 2171 3082 2227 modo
3114 2186 3247 2225 eum
3297 2166 3397 2240 qui
3428 2171 3635 2223 contra

1991 2271 2049 2322 te
2080 2268 2320 2322 minime
2371 2265 2638 2336 deliquit,
2684 2264 2785 2319 sed
2818 2261 2992 2317 etiam
3026 2259 3120 2330 qui
3152 2263 3207 2314 te
3256 2255 3550 2323 excitavit,
3582 2257 3641 2310 et

1990 2363 2056 2412 ut
2072 2357 2227 2412 brevi
2247 2354 2543 2412 absolvam
2556 2352 2678 2424 ,qui
2693 2352 2951 2425 pessima
2968 2353 3172 2404 contra
3189 2352 3243 2402 te
3260 2342 3635 2419 perpetravit.

1989 2449 2171 2511 Quem
2203 2446 2358 2501 enim
2388 2461 2501 2499 non
2534 2444 2904 2497 innocentem
2937 2455 3074 2510 erga
3104 2442 3160 2492 te
3191 2436 3382 2491 dicere
3409 2449 3634 2507 posses,

1988 2540 2050 2591 tu
2085 2536 2259 2590 homo
2311 2534 2529 2589 mundo
2581 2536 2851 2586 mortuus
2899 2545 2963 2584 ex
3015 2524 3393 2597 simplicitate
3439 2524 3636 2579 dexte-

1990 2641 2115 2679 ram
2148 2628 2204 2680 et
2232 2623 2558 2693 sinistram,
2588 2621 2705 2675 imo
2735 2619 2937 2685 vitam,
2972 2616 3300 2689 ignorante,
3337 2613 3510 2668 homo
3536 2611 3639 2683 qui

1988 2715 2104 2769 vita
2126 2714 2242 2769 fere
2264 2714 2599 2778 defunctus,
2624 2708 2770 2765 nihil
2794 2708 2968 2763 habet
2989 2722 3103 2777 quo
3127 2704 3386 2776 privetur
3402 2701 3431 2757 ?
3461 2703 3634 2757 Inno-

1989 2820 2126 2859 cens
2174 2819 2310 2875 ergo
2343 2806 2453 2865 est,
2487 2802 2639 2873 quod
2672 2798 2883 2854 attinet
2924 2797 2995 2851 ad
3040 2800 3115 2859 te,
3149 2793 3343 2848 omnis
3389 2796 3448 2847 et
3492 2807 3637 2862 qua-

1987 2893 2297 2963 liscunque
2342 2892 2537 2945 homo.
2590 2888 2670 2943 De
2714 2894 2766 2942 te
2815 2884 3045 2941 nullum
3095 2882 3365 2950 dubium,
3417 2894 3640 2952 pauper

1987 2981 2143 3038 enim
2177 2999 2211 3036 a
2241 2980 2400 3036 nullo
2433 2977 2738 3051 spoliatur.
2775 2977 2857 3030 Ad
2889 2973 3028 3044 quid
3060 2988 3195 3043 ergo
3228 2972 3315 3026 ira
3342 2975 3444 3027 tua
3475 2985 3636 3025 com-

1988 3073 2257 3142 ponetur,
2293 3068 2405 3124 nisi
2456 3068 2526 3123 ad
2560 3066 2828 3122 nocivum
2880 3066 3235 3135 serpentem,
3269 3059 3367 3131 qui
3414 3055 3639 3129 similes

1988 3160 2075 3214 tui
2126 3162 2314 3230 potest
2363 3157 2591 3228 punire,
2637 3160 2693 3210 et
2733 3153 2969 3226 provide
3030 3168 3145 3206 non
3200 3150 3482 3204 innocens
3528 3144 3635 3202 tibi

1987 3249 2229 3306 evadit?
2257 3251 2442 3319 Atque
2471 3247 2754 3301 indicium
2785 3243 2881 3297 ira:
2911 3246 3023 3296 tuae
3056 3240 3105 3296 si
3136 3236 3458 3310 quaesieris,
3489 3234 3635 3291 illud

218 3335 278 3390 σὲ
311 3322 644 3404 ἧκονμᾶπας
702 3338 793 3391 καὶ
840 3322 1095 3401 παντοῖος
1150 3337 1452 3416 ἄνθρωπος.
1514 3339 1589 3394 Σὺ
1777 3339 1876 3416 γὰρ

1993 3339 2052 3394 in
2086 3342 2362 3411 promptu
2393 3334 2502 3391 erit
2528 3351 2597 3389 ex
2629 3332 2930 3387 manifesta
2960 3327 3322 3384 ebullitione.

217 3402 559 3502 ἀκραιφνῶςι
623 3424 884 3504 ἀκτήμων
936 3425 996 3481 δὲ
1051 3402 1346 3491 ούδεὶςιᾶν
1401 3402 1664 3502 ζημιοῖτο¹
1712 3402 1861 3504 πρδςι
1908 3402 2145 3487 οὐδενός.
2182 3402 2277 3486 Εἰς
2328 3423 2381 3478 τί
2414 3421 2503 3504 οὖν
2560 3443 2643 3504 σοι
2698 3417 2845 3504 ἔσται
2983 3416 3172 3504 θυμρς,
3357 3402 3637 3504 μῆοιξδνον

292 3484 302 3497 .
401 3484 413 3502 .
526 3484 537 3488 -
745 3484 779 3500 ..
1215 3484 1228 3491 -
1408 3484 1463 3500 .,
1836 3484 1848 3490 -
2113 3484 2121 3487 -
2260 3484 2267 3486 ἡ
3055 3484 3063 3488 ,
3158 3484 3163 3485 ν

219 3505 362 3558 κατᾶ
419 3508 533 3583 τοῦ,
570 3502 845 3579 πολεμίου
898 3505 1096 3582 ὄφεως,
1148 3513 1245 3564 τοῦ
1314 3484 1613 3583 δυναμένου
1670 3484 1795 3571 τούς
1825 3508 1960 3563 κατά
2016 3507 2073 3560 σὲ
2134 3508 2356 3578 ζημιοῦ,
2388 3503 2476 3557 καὶ
2537 3501 2679 3556 οὕτω
2716 3500 2791 3571 μὴ
2822 3497 3003 3561 ἀθώου
3034 3494 3119 3549 ἐπὶ
3174 3484 3637 3547 σοῖἀπεκϐαίνον-

215 3605 314 3647 τος
346 3603 360 3654 ;
391 3583 460 3641 Εἰ
518 3582 576 3640 δὲ
636 3567 818 3657 ζητεῖς
874 3567 1147 3659 ἀπόδειξιν
1204 3593 1302 3644 τοῦ
1359 3588 1411 3644 ἐν
1451 3567 1558 3645 “σοὶ
1620 3567 1989 3666 βραττνομὲνου
2022 3567 2218 3659 (lupo-6',
2430 3582 2521 3656 μὶν
2550 3580 2683 3650 αὕτη
2714 3567 2801 3633 διὰ
2824 3578 2887 3631 τὸ
2917 3582 3015 3645 τῆς
3048 3573 3306 3643 ἐκζὲσεως
3347 3567 3635 3647 ἀρίδηλον.

293 3716 395 3782 με’.
430 3710 604 3767 Ὀκνῶ
656 3707 714 3765 δὲ
754 3716 834 3784 τῷ
884 3712 1020 3775 τέως
1072 3715 1172 3784 τήν
1226 3714 1363 3770 κατά
1418 3715 1578 3791 μέρος
1624 3708 1873 3789 ἠκριϐω-

219 3800 392 3871 μένην
443 3796 533 3853 ἐπὶ
576 3799 661 3854 σοὶ
712 3798 1077 3872 στηλίτευσιν.
1129 3802 1231 3858 Καὶ
1280 3803 1424 3859 οὕτω
1476 3805 1570 3877 μὲν
1627 3797 1874 3876 θυμοϐο-

217 3886 337 3949 λεῖς
380 3886 446 3942 ού
494 3889 833 3965 πρεπόντως,
889 3888 1012 3947 οὔτε
1063 3892 1171 3963 σοὶ,
1219 3891 1343 3949 οὔτε
1390 3890 1549 3967 ἄλλῳ
1589 3894 1697 3949 τινὶ
1734 3892 1872 3969 πρὸς

217 3971 505 4052 ἀκρίϐειαν
580 3981 968 4052 Χριστιανικήν
1022 4023 1037 4038 .
1096 3982 1267 4046 Ἔνθα
1345 3979 1403 4038 δὲ
1486 3983 1657 4057 θυμὸς
1737 3981 1875 4037 οῗκεῖ

216 4066 521 4135 ἀποικίζων
552 4070 655 4141 γῆς
706 4068 919 4145 πραέων
963 4069 1056 4125 τὸν
1105 4067 1194 4126 διὰ
1239 4078 1397 4143 κενῆς
1433 4071 1579 4145 αύτῷ
1608 4073 1871 4147 κάτοχον,

216 4152 333 4211 ἐκεῖ
381 4152 556 4225 δῆλον
607 4153 690 4210 ὅτι
736 4158 825 4212 καὶ
877 4157 1059 4234 φαύλη
1108 4161 1494 4237 παραπὲπηγεν
1540 4157 1677 4238 ἔρις,
1708 4162 1744 4230 ἡ
1773 4163 1872 4215 τοῦ

216 4245 401 4317 θυμοῦ
452 4244 545 4300 καὶ
601 4248 872 4323 πρόγονος
918 4247 986 4303 τὰ
1032 4246 1213 4304 πλείω
1258 4249 1349 4306 καὶ
1396 4248 1667 4327 ἐπίγονος⁸
1701 4249 1868 4305 εἰπεῖν

216 4330 274 4389 δὲ
304 4331 524 4402 ἄλλως,
550 4337 586 4405 ἡ
618 4340 697 4409 τῷ
729 4337 887 4412 θυμῷ
919 4337 1350 4412 συνουσιωμένη,
1382 4338 1472 4395 καὶ
1522 4336 1714 4394 διόλου
1762 4338 1866 4410 ὅλη

216 4424 740 4502 συναναπεφυρμένη
773 4467 789 4484 .
848 4426 983 4482 Οὑτε
1035 4428 1139 4504 γὰρ
1199 4429 1404 4504 μακρὸς
1468 4429 1638 4503 θυμὸς
1691 4425 1872 4490 οὐδεὶς

213 4507 401 4590 ἔριδος
430 4510 583 4589 δίχα,
616 4511 741 4569 ούδέ
774 4517 882 4589 μὴν
916 4513 1028 4592 ἶρις
1078 4518 1301 4591 ἄθυμος,
1330 4517 1381 4573 εἷ’
1412 4520 1487 4591 μή
1535 4539 1618 4580 τις
1650 4517 1872 4582 ἐνταῦθα

211 4603 316 4672 τήν
370 4601 657 4673 ἐπαινετὴν
716 4603 806 4659 καὶ
846 4609 963 4678 Θεῷ
1013 4604 1179 4683 φίλην
1235 4606 1667 4684 ἀντιπαραγάγῃ.
1718 4604 1867 4677 Αὕτη

214 4692 322 4767 γὰρ
385 4695 535 4768 χαρᾷ
592 4691 643 4747 ἓν
702 4697 821 4765 Θεῷ
876 4693 1325 4772 συνανακέκραται
1375 4738 1389 4765 ,
1450 4696 1538 4751 καὶ
1601 4691 1756 4750 οὐδὲν
1816 4694 1870 4751 ἐν

2054 3714 2145 3767 45.
2210 3710 2506 3766 Hactenus
2572 3704 2924 3778 completam
2993 3698 3206 3774 partim
3284 3696 3638 3753 condemna-

1983 3801 2204 3857 tionem
2236 3800 2320 3855 tui
2353 3796 2579 3853 diti‘ero.
2613 3795 2707 3851 Sic
2739 3792 2896 3848 enim
2927 3789 3297 3855 irasceris,ut
3328 3802 3444 3842 non
3475 3784 3641 3839 decet

1983 3907 2173 3962 neque
2205 3895 2279 3957 te,
2312 3904 2500 3959 neque
2551 3898 2915 3958 quemquam
2947 3880 3198 3936 alterum
3250 3874 3637 3931 christianam

1982 3979 2399 4053 perfectionem
2446 3976 2798 4050 professum.
2835 3971 2940 4029 Ubi
2969 3978 3163 4025 autem
3214 3965 3441 4022 habitat
3468 3964 3575 4053 ira,
3606 3978 3639 4019 e

1981 4051 2137 4126 terra
2165 4069 2412 4125 missum
2462 4066 2761 4123 hominem
2791 4078 2859 4117 ea
2906 4075 3051 4115 vane
3082 4054 3433 4129 impeditum
3481 4051 3638 4109 edis-

1983 4175 2143 4227 cens,
2176 4157 2554 4213 manifestum
2599 4158 2687 4209 est
2718 4150 2796 4207 ibi
2846 4165 3023 4206 suum
3068 4144 3389 4202 tentorium
3440 4139 3639 4196 ﬁxisse

1980 4248 2155 4305 vilem
2186 4245 2639 4313 dissensionem,
2673 4258 2802 4313 quae
2834 4236 3047 4310 saepius
3077 4236 3226 4290 iram
3265 4230 3553 4289 antecedit
3583 4233 3641 4286 et

1982 4337 2285 4409 sequitur;
2312 4338 2438 4402 aut,
2455 4337 2521 4388 ut
2537 4330 3103 4395 aliterdicamus,est
3124 4326 3221 4380 ira:
3244 4321 3636 4379 consubstan-

1980 4426 2157 4493 tialis,
2190 4432 2248 4481 et
2268 4422 2525 4480 totaliter
2545 4421 2769 4476 eadem.
2804 4416 2977 4473 Nulla
2999 4413 3154 4471 enim
3194 4413 3283 4467 ira
3303 4425 3521 4482 magna
3549 4410 3640 4463 est

1979 4518 2201 4588 absque
2222 4512 2610 4579 dissensione,
2630 4508 2794 4564 nulla
2814 4504 3105 4562 dissensio
3128 4504 3353 4573 absque
3382 4500 3489 4568 ira,
3522 4495 3637 4553 nisi

1981 4585 2191 4678 agatur
2236 4605 2309 4659 de
2339 4599 2620 4658 laudabili
2651 4604 2707 4653 et
2733 4600 2898 4670 grata
2933 4597 3043 4650 Deo
3080 4589 3471 4648 dissensione.
3503 4585 3636 4641 Hec

1981 4696 2138 4751 enim
2172 4694 2227 4749 in
2265 4695 2376 4748 Deo
2408 4690 2693 4746 miscetur
2722 4682 3115 4758 gaudio,nihil
3148 4682 3207 4735 in
3241 4695 3309 4734 ea
3337 4690 3634 4746 amarum,

389 4762 689 4855 "lumipdv'
752 4762 836 4835 διὸ
893 4777 1019 4836 οὐδὲ
1072 4762 1321 4857 θυμικόν.
1357 4762 1593 4859 ’Ᾰμφοῖν
1648 4779 1706 4837 δὲ
1744 4781 1869 4836 τού-

1988 4779 2536 4859 aut_irascibile.His
2568 4777 2801 4832 duobus
2830 4774 3006 4840 vitiis,
3039 4765 3395 4826 dissensioni
3427 4767 3485 4820 et
3512 4762 3633 4833 irae,

214 4887 356 4934 τοιν,
389 4860 528 4943 ἔριδι
578 4852 670 4923 καὶ
718 4869 897 4943 θυμῷ,
947 4852 1291 4948 παρομαρτεῖ
1336 4852 1438 4927 καὶ-
1472 4852 1680 4949 κραυγὴ
1728 4870 1873 4945 παρά

1988 4852 2205 4929 clamor
2233 4869 2561 4942 copulatur,
2591 4866 2746 4937 apud
2779 4863 3030 4919 acriores
3061 4866 3117 4914 et
3142 4874 3258 4914 non
3291 4854 3633 4929 prudentes.

211 4976 280 5031 γε
332 4961 454 5019 τοῖς
505 4956 775 5032 όξυτὲροις
829 4958 918 5013 καὶ
970 4956 1100 5014 οὐδὲ
1151 4959 1499 5038 βαθύφροσιν.
1532 4961 1599 5019 Οἱ
1640 4961 1742 5037 γὰρ
1771 4958 1869 5015 ἄλ-

214 5042 335 5108 λως
365 5045 694 5122 ἆγχιμαθεῖς
725 5047 815 5102 καὶ
858 5047 1143 5124 ὲχὲμυθοι,
1192 5049 1284 5113 οὓς
1323 5051 1414 5106 καὶ
1450 5048 1868 5125 μεγαλοθύμους

211 5137 250 5205 ἡ
302 5133 519 5191 παλαιά
574 5157 704 5214 φησι
759 5133 1007 5209 λεκτικὴ,
1041 5136 1165 5194 οὕτε
1217 5140 1317 5209 τὴν
1372 5134 1481 5215 ἔριν
1538 5138 1870 5215 προφαίνου-

215 5244 327 5296 σιν,
374 5222 505 5279 ἆλλ’
554 5221 861 5301 ἐνδόμυχον
908 5226 1229 5304 κρύπτουσι,
1278 5228 1369 5284 καὶ
1413 5229 1509 5285 τὸν
1540 5228 1709 5303 Θυμὸν
1747 5229 1871 5304 βυσο

212 5310 612 5388 σοδομεύοντες
667 5313 1068 5390 ἰπηλυγάζουσι
1105 5359 1118 5374 .
1177 5319 1357 5394 Θυμὸς
1432 5323 1563 5396 γοῦν
1600 5318 1707 5373 καὶ
1760 5311 1872 5392 ἔρις

212 5402 369 5478 παρὰ
416 5403 502 5458 σοὶ
550 5403 639 5459 καὶ
687 5406 895 5481 κραυγὴ
956 5409 1360 5484 φατριάζουσιν.
1412 5412 1586 5465 Ὅπου
1645 5404 1703 5462 δὲ
1746 5405 1871 5482 τρία

213 5497 389 5548 ταῦτα
434 5494 576 5548 κακὰ
620 5493 1080 5571 παρρησιάζωνται
1113 5542 1129 5569 ,
1180 5503 1297 5563 πῶς
1344 5498 1407 5554 ἂν
1468 5500 1543 5574 μή
1594 5497 1723 5574 οὐχὶ
1780 5496 1869 5551 καὶ

216 5581 416 5659 ἅεργία
446 5627 463 5657 ,
522 5584 586 5639 τὸ
648 5584 783 5659 μιγα
838 5585 1000 5640 κακὸν
1059 5587 1150 5642 καὶ
1210 5594 1473 5665 μοναγοῖς
1511 5582 1818 5665 ἀπόρρητον
1851 5630 1871 5661 ,

214 5669 667 5750 παρεισκρίνοιτο
728 5692 743 5744 ;
803 5678 971 5759 Ἔνθα
1025 5673 1085 5732 δὲ
1159 5673 1334 5755 τύρϐη
1406 5677 1531 5754 περὶ
1580 5676 1874 5734 ἇπεοικότα

216 5759 414 5819 πολλὰ
442 5760 656 5839 (πολλὰ
710 5760 769 5819 δὶ
804 5761 961 5828 ’τέως
1018 5762 1168 5846 λόγω
1219 5768 1289 5826 τὰ
1334 5765 1677 5846 ἔκτεθειμίνα
1727 5764 1869 5845 τρία,

1979 4962 2091 5019 Alii
2122 4961 2277 5018 enim
2308 4956 2606 5031 graviores
2637 4959 2694 5010 et
2736 4952 2999 5016 silentes,
3032 4948 3186 5022 quod
3219 4942 3635 5019 magnanimos

1978 5056 2207 5121 vocant,
2234 5045 2664 5104 dissensionem
2699 5060 2814 5099 non
2850 5039 3250 5104 manifestant,
3274 5035 3376 5091 sed
3408 5040 3633 5089 mutam

1980 5139 2379 5206 abscondunt,
2439 5141 2615 5206 atque
2672 5134 2820 5188 iram
2881 5142 3279 5202 compressam
3336 5121 3631 5196 operiunt.

1978 5230 2148 5303 Apud
2206 5234 2262 5283 te
2318 5242 2453 5299 ergo
2501 5224 2611 5291 ira,
2643 5226 2701 5278 et
2756 5220 3069 5289 dissensio,
3101 5222 3159 5274 et
3216 5214 3439 5271 clamor
3484 5208 3634 5303 asti-

1982 5298 2283 5393 pulantur.
2352 5298 2460 5371 Ubi
2528 5317 2726 5369 autem
2797 5310 3043 5366 saeviunt
3110 5307 3224 5363 tria
3302 5304 3408 5358 ista
3473 5298 3630 5367 vitia,

1982 5390 2277 5482 quomodo
2334 5407 2568 5462 abesset
2624 5401 2914 5472 otiositas,
2962 5413 3238 5469 magnum
3295 5390 3541 5461 malum,
3573 5392 3632 5445 et

1981 5476 2288 5556 monachis
2336 5490 2781 5569 perniciosum?
2810 5494 2877 5545 Et
2926 5488 3025 5544 ubi
3071 5482 3364 5542 tumultus
3413 5476 3630 5535 multa-

1981 5605 2115 5646 rum
2172 5602 2368 5644 rerum
2427 5582 2789 5639 diversarum
2849 5577 3061 5651 (multa
3115 5576 3244 5631 dico
3299 5570 3456 5638 ista,
3518 5580 3629 5624 nec

1979 5677 2276 5737 immerito
2345 5672 2560 5731 dicitur
2623 5668 3004 5741 multitudo),
3073 5682 3192 5740 qua
3255 5658 3480 5719 ratione
3543 5654 3627 5713 ibi

1981 5768 2171 5828 aderit
2198 5780 2347 5840 opus
2377 5758 2732 5823 monachica
2759 5757 2888 5816 vitae
2936 5761 3141 5833 aptum
3159 5753 3189 5811 ?
3215 5754 3339 5820 Quo
3365 5744 3469 5821 qui
3496 5745 3630 5820 eget
