4104 6210
473 330 591 388 767

1243 336 1667 397 EUSTATHll
1711 331 2475 395 THESSALONICENSlS
2519 330 3105 394 METROPOLITIE

3763 336 3893 395 768

470 477 724 535 magnus
754 465 1078 522 monachus
1128 471 1396 524 mortuus
1427 471 1536 537 est,
1569 469 1760 541 quoad
1799 483 1976 540 opera
2001 467 2116 524 Deo

2232 465 2319 519 xui
2353 465 2417 519 οὑ
2449 461 2719 538 ψεύδομαι
2766 465 2867 533 τήν
2913 463 3172 537 πληθὺν),
3223 469 3331 519 ποῦ
3380 485 3515 520 ποτε
3567 464 3682 520 ἐκεῖ
3727 461 3888 543 ἔργον

472 557 660 624 grata,
695 557 753 609 et
783 553 1032 628 otiosus,
1062 560 1119 611 et
1149 557 1328 613 iners.

544 820 632 873 46.
680 823 746 874 Et
793 820 1182 891 interrogatus
1229 824 1463 891 iterum,
1513 843 1545 882 ο
1606 827 1804 892 frater,
1864 825 2120 880 libertati

470 903 747 975 loquendi
797 908 1167 981 renuntiasti,
1197 911 1582 984 incongruam
1615 915 1745 970 dico
1787 913 2118 969 libertatem

470 991 887 1066 inconsultam,
919 1014 1022 1053 seu
1073 1002 1228 1071 quod
1277 1001 1433 1057 idem
1482 1009 1591 1069 est,
1622 1020 1735 1059 non
1780 1004 2118 1070 discretam,

473 1098 649 1154 quam
683 1085 978 1156 sapientes
1011 1089 1083 1144 de
1113 1106 1181 1146 ea
1210 1095 1530 1147 tractantes
1556 1091 1851 1149 licentiam
1887 1096 2116 1147 vocant.

473 1173 730 1230 Libertas
761 1177 918 1233 enim
949 1181 1184 1252 proprie
1211 1187 1320 1250 est,
1354 1201 1478 1255 qua:
1506 1184 1808 1256 quodlibet
1854 1184 2118 1254 verbum,

471 1262 718 1318 cuilibet
769 1265 1016 1336 homini,
1050 1271 1279 1326 fortiter
1329 1274 1506 1327 audet
1545 1273 1760 1343 dicere,
1792 1272 2118 1328 secundum

471 1350 704 1407 virtutis
735 1352 916 1426 leges,
948 1361 1124 1430 atque
1175 1360 1412 1417 moralis
1452 1361 1705 1418 scientiae
1756 1379 2118 1427 mensuram,

475 1442 665 1511 quoad
697 1447 1292 1518 tempus,personam,
1312 1451 1572 1518 modum,
1605 1457 1662 1506 et
1693 1451 2077 1524 quantitatem
2103 1466 2117 1517 ;

472 1534 540 1583 ut
569 1532 1068 1600 quemadmodum
1123 1536 1271 1593 beati
1303 1545 1442 1595 sunt
1472 1541 1572 1612 qui
1611 1540 1858 1596 audiunt
1889 1544 2124 1612 propter

477 1619 657 1674 Deum
707 1638 879 1677 omne
927 1627 1168 1682 verbum
1217 1645 1506 1698 amarum,
1541 1631 1625 1686 sic
1677 1633 1884 1686 beatus
1915 1633 1992 1686 sit
2021 1629 2121 1701 qui

475 1707 736 1778 quolibet
763 1713 937 1768 verbo
960 1731 1102 1770 usus
1121 1717 1193 1771 ad
1215 1718 1510 1788 juvandos
1540 1720 1854 1791 auditores,
1887 1726 1939 1776 et
1973 1718 2123 1774 nulli

2230 557 2507 629 μοναχικῇ
2565 551 2820 624 πολιτείᾳ
2869 551 3072 628 πρέπον
3131 580 3147 623 ς
3207 554 3371 631 οὗπερ
3427 555 3455 608 ὁ
3514 553 3885 632 ἐστερημένος

2231 645 2398 719 μέγας
2426 644 2668 718 μοναχὸς
2698 644 2887 716 νεκρός
2907 641 3016 698 ἐστι
3041 643 3108 697 τὰ
3136 643 3213 706 εἷς
3239 641 3473 721 θεοφιλῆ
3501 645 3884 722 χειρουργίαν,

2225 733 2315 788 xui
2348 731 2641 809 ἄπρακτος,
2673 733 2762 787 καὶ
2790 731 3159 809 ἀνενέργητος.

2303 829 2408 895 μς’.
2468 825 2588 879 Ἔτι
2635 821 2821 898 ἔχεις,
2880 823 2924 876 ὦ
2981 821 3181 900 ἀδελφέ
3216 868 3231 893 ,
3285 825 3773 898 παραιτησάμενος
3828 824 3892 880 ἰκ

2227 910 2590 990 παραγγελίας
2642 912 2732 967 καὶ
2783 913 2883 981 τὴν
2933 911 3258 988 παρῥησίαν,
3305 914 3404 982 τήν
3467 911 3691 990 ἄκαιρον
3749 917 3891 969 πάν-

2226 1023 2355 1074 τως,
2415 1003 2512 1070 τήν
2566 1000 2805 1076 ἄκριτον,
2859 1002 3052 1057 ταυτὸν
3114 999 3162 1056 δ’
3220 1001 3412 1072 εἰπεῖν,
3463 1004 3568 1058 οὐκ
3607 1001 3894 1081 εὖδιάκρι-

2226 1109 2341 1145 τονο
2389 1092 2451 1160 ἣν
2520 1092 2572 1145 oi
2632 1091 2786 1168 σοφοὶ
2840 1091 3120 1152 συνθέντες
3177 1089 3681 1168 ἀκαιροπαρῥησίαν
3737 1094 3892 1171 ιρασί.

2228 1179 2511 1256 Παῤῥησία
2569 1181 2666 1254 μὶν
2713 1179 2816 1255 γὰρ
2878 1182 2912 1249 ἡ
2971 1179 3174 1256 κυρίως
3231 1179 3371 1236 ἐστὶν
3433 1179 3486 1235 έν
3534 1187 3616 1254 τῷ
3665 1182 3891 1259 Θαρῥεῖν

2227 1275 2330 1323 πᾶν
2368 1268 2520 1346 ῥῆμα
2548 1270 2638 1325 καὶ
2676 1270 2812 1345 πρὸς
2837 1270 3011 1324 πάντα
3041 1267 3324 1347 ἄνθρωπον
3359 1267 3548 1326 λαλεῖν
3591 1271 3895 1345 εὐτόλμως

2229 1359 2425 1434 ἀρετῆς
2479 1359 2663 1414 κανόνι
2721 1358 2810 1414 xui
2861 1360 2998 1433 πρὸς
3048 1359 3242 1436 μέτρον
3292 1361 3490 1430 ἠθικῆς
3545 1361 3892 1434 ἐπιστήμης,

2226 1447 2290 1501 τὸ
2331 1447 2466 1502 κατᾶ
2508 1447 2730 1523 χρόνον,
2765 1447 2828 1502 τὸ
2878 1449 3253 1522 προσωπικὸν,
3283 1449 3346 1504 τὸ
3391 1451 3528 1504 κατᾶ
3553 1451 3793 1516 τρόπον,
3823 1453 3891 1505 τὸ

2230 1536 2280 1592 έν
2333 1537 2622 1607 ποσότητι’
2671 1535 2764 1591 ’ἕνα
2796 1581 2809 1606 ,
2865 1537 3044 1614 ὥσπερ
3104 1539 3156 1593 οἱ
3211 1537 3495 1601 ἀκούοντες
3555 1544 3664 1594 πᾶν
3733 1540 3894 1616 ῥῆμα

2229 1628 2469 1703 πονηρὸν
2526 1623 2700 1682 ἕνεκεν
2748 1631 2849 1681 τοῦ
2889 1629 3026 1685 Οεοῦ
3079 1627 3464 1703 μακαρίζονται
3492 1676 3508 1701 ,
3558 1628 3737 1692 οὕτως
3800 1627 3890 1700 εἴη

2235 1717 2499 1793 μακάριος
2527 1716 2616 1771 xui
2649 1717 2676 1770 ὁ
2707 1716 2868 1772 παντὶ
2923 1716 3130 1792 ῥήματι
3181 1718 3473 1793 χρώμενος
3523 1717 3609 1772 ἐπ’
3641 1716 3895 1796 ὠφελείᾳ

475 1795 721 1853 honesto
764 1802 937 1857 verbo
989 1821 1254 1876 parcens,
1287 1808 1518 1864 etiamsi
1567 1827 1834 1865 amarum
1881 1809 2116 1880 aliquod

475 1887 729 1910 ..-ΑΒΔ-,ι
788 1897 970 1910 ..-ικκι
1042 1898 1051 1910 ι
1090 1894 1102 1906 ο
1261 1896 1298 1910 ες
1566 1899 1620 1910 Α.
1917 1899 1927 1908 .

2232 1810 2335 1860 τῶν
2395 1805 2756 1882 ἀκροωμένων
2790 1850 2805 1877 ,
2863 1805 2951 1860 xui
3017 1803 3184 1880 μηδέν
3262 1828 3316 1862 τι
3372 1805 3719 1862 καταλείπων
3777 1813 3889 1862 τῶν

2234 1893 2258 1910 κ
2302 1894 2314 1910 ι
2530 1893 2544 1910 ,
2605 1903 2662 1910 _-
2879 1901 2894 1910 .
3028 1895 3041 1910 ι
3106 1893 3130 1910 ρ.
3328 1898 3338 1910 .
3627 1898 3671 1910 κ,

473 1887 752 1956 proferat,
786 1897 977 1962 potest
1005 1898 1059 1948 et
1087 1894 1213 1966 ipse
1243 1896 1469 1953 dicere:
1511 1919 1532 1946 ι
1566 1899 1624 1954 Si
1655 1917 1769 1954 non
1800 1899 2115 1965 venissem,

472 1979 528 2028 et
557 1975 790 2034 locutus
821 1981 1062 2038 fuissem
1095 1986 1200 2051 eis,
1222 1992 1525 2057 peccatum
1557 2005 1672 2043 non
1709 1989 1985 2044 haberent
2011 1989 2053 2058 ⁸,
2087 2010 2117 2038 ››

473 2064 614 2136 quia
642 2067 766 2137 pari
793 2068 1067 2142 loquendi
1097 2073 1364 2131 libertate
1396 2078 1467 2132 ad
1501 2083 1768 2133 mutuam
1796 2076 2120 2149 conceptio-

473 2170 630 2222 nem,
665 2163 722 2212 et
769 2159 840 2213 ad
893 2163 1356 2220 convincendum
1406 2167 1668 2222 doctrina
1713 2183 1859 2222 usus
1905 2171 2013 2222 est.
2055 2169 2122 2221 Et

473 2260 727 2316 magnus
777 2248 931 2305 Deus
981 2259 1182 2309 noster
1227 2255 1399 2311 Jesus
1427 2256 1720 2328 Christus,
1755 2275 1889 2314 cum
1939 2257 2120 2312 libere

470 2330 827 2408 loqueretur,
863 2355 1079 2398 munus
1125 2361 1324 2400 eorum
1360 2346 1461 2418 qui
1505 2363 1638 2402 eum
1671 2347 1932 2403 occidere
1960 2346 2120 2402 vole-

474 2421 634 2491 bant,
664 2426 1028 2487 debilitabat.
1061 2436 1373 2508 Propterea
1404 2437 1788 2503 confessores,
1820 2441 1878 2492 et
1909 2435 2119 2508 reliqui

476 2519 760 2587 martyres
797 2533 831 2572 a
860 2518 978 2574 Deo
1029 2519 1252 2578 laudati
1301 2529 1460 2596 sunt,
1493 2525 1594 2596 qui
1626 2525 1752 2598 ipse
1781 2525 1841 2581 in
1873 2524 1997 2581 suis
2029 2524 2121 2578 ul-

473 2601 737 2661 tionibus
768 2608 924 2678 apud
958 2608 1354 2681 Psalmistam,
1387 2636 1415 2664 «
1443 2613 1625 2671 libere
1658 2614 1774 2688 agit
1803 2615 1842 2670 ⁸.
1881 2637 1904 2665 ι

551 2785 639 2838 47.
672 2785 832 2842 Talis
861 2791 951 2844 est
979 2787 1291 2848 laudabilis
1320 2791 1598 2864 loquendi
1644 2795 1908 2865 libertas,
1941 2813 2120 2868 quam

476 2872 645 2930 aliter
667 2880 730 2930 ut
752 2878 1152 2935 fortitudinem
1184 2882 1442 2938 divinam
1469 2889 1524 2939 et
1553 2885 1873 2956 legitimam
1908 2886 2124 2943 haben-

471 2961 606 3018 dam
639 2967 972 3038 suppeditat
1001 2973 1201 3024 sancta
1233 2970 1500 3027 initiatio.
1535 2977 1806 3030 Attamen
1852 2975 1900 3030 si
1934 2977 2122 3048 quod-

467 3049 611 3108 libet
641 3054 878 3110 obvium
930 3057 1001 3112 ad
1053 3058 1348 3129 quoslibet
1395 3060 1529 3132 quis
1581 3068 1827 3130 eructat,
1861 3063 1910 3120 si
1959 3066 2120 3120 omni

467 3142 641 3198 verbo
673 3160 738 3199 os
765 3148 971 3216 aperit,
1003 3148 1250 3204 audacia
1278 3149 1464 3205 utitur
1492 3151 1914 3219 indomita,nec
1945 3154 2121 3211 habet

2230 1893 2460 1949 δεόντων
2523 1893 2796 1971 ῥηθῆναι,
2850 1901 2895 1954 εἰ
2954 1895 3044 1952 καὶ
3103 1893 3345 1971 δακνηρά
3401 1918 3526 1952 τινα
3573 1898 3893 1975 φθέγγεταιο

2217 1971 2314 2039 ’ἶνα
2346 1982 2477 2058 λέγῃ
2505 1987 2594 2042 xui
2629 1988 2786 2052 αὐτὸς
2833 1991 2918 2044 τό·
2955 2015 2983 2041 ‹‹
3038 1989 3102 2044 Ei
3154 1990 3229 2060 μὴ
3277 1986 3451 2056 ἦλθον
3501 1971 3598 2042 xui
3638 1971 3898 2057 ἐλάλησα

2227 2075 2436 2148 αὐτοῖς,
2488 2077 2755 2153 ἁμαρτίαν
2800 2079 2904 2133 οὐκ
2959 2079 3108 2152 εἶχον
3163 2101 3190 2128 ››
3242 2077 3385 2132 οὕτω
3430 2075 3892 2152 παρρησιαζόμε-

2226 2185 2318 2226 νος
2353 2163 2403 2219 έν
2439 2163 2795 2241 ἀλληλουχίᾳ
2823 2169 2891 2240 τῇ
2938 2165 3074 2220 κατὰ
3121 2161 3472 2219 διδασκαλίαν
3502 2163 3593 2217 καί
3626 2160 3892 2238 ἔλεγχον.

2229 2258 2328 2312 Καὶ
2388 2258 2416 2312 ὁ
2473 2259 2641 2333 μέγας
2709 2257 2839 2321 Θεὸς
2896 2259 3106 2330 ἡμῶν,
3165 2257 3378 2326 Ἰησοῦς
3453 2255 3682 2331 Χριστὸς
3719 2301 3735 2325 ,
3799 2254 3893 2308 ὅτε

2227 2345 2504 2423 παρρησίᾳ
2560 2343 2796 2415 ἐλάλει,
2850 2344 3141 2422 έξενεόριζε
3193 2347 3290 2408 τὰς
3349 2350 3542 2420 χεῖρας
3597 2348 3708 2398 τῶν
3771 2343 3891 2407 €05-

2229 2435 2436 2492 λόντων
2482 2433 2857 2509 καταμάλετᾷν
2903 2435 3089 2490 αὐτοῦ.
3122 2436 3202 2488 Δι’
3248 2433 3416 2503 αὐτῆς
3448 2433 3537 2488 καὶ
3568 2434 3620 2488 oi
3663 2431 3890 2507 ὁμολο-

2227 2525 2389 2601 γηταὶ
2445 2525 2534 2580 καὶ
2592 2527 2644 2580 οἱ
2706 2523 2894 2580 λοιποὶ
2949 2522 3006 2579 δὲ
3057 2523 3549 2597 ἑθαυμαστώθησαν
3607 2523 3888 2598 μάρτυρες

2231 2613 2335 2668 ὑπὸ
2364 2619 2465 2669 τοῦ
2495 2619 2650 2684 Θεοῦ,
2677 2619 2774 2670 τοῦ
2825 2612 2913 2669 καί
2946 2613 2998 2668 ἐν
3031 2611 3335 2684 ἐκδικήσεσι
3366 2613 3890 2690 παρρησιαζομένου

2228 2702 2339 2778 ψαλ
2350 2709 2546 2778 μικῶς.

2304 2796 2411 2869 μς’.
2446 2793 2543 2850 Kui
2589 2791 2773 2850 τοιάδε
2825 2795 2918 2867 μὶν
2970 2796 3006 2864 ἡ
3057 2791 3422 2866 ἐπαινουμένη
3472 2791 3780 2868 παρρησία,
3825 2794 3890 2861 ἣδ

2227 2885 2317 2938 καὶ
2377 2882 2565 2947 ἄλλως
2621 2887 2658 2955 ἡ
2717 2883 2984 2960 ἱερωτάτη
3049 2884 3408 2959 μυσταγωγία
3457 2882 3673 2955 τόλμαν
3731 2884 3895 2937 Θείαν

2231 2974 2586 3048 ἀκατάκριτον
2648 2968 2950 3028 ὑποϐάλλει
3006 2979 3149 3028 νοεῖν
3186 3016 3199 3029 .
3404 2971 3586 3046 μέντοι
3653 2978 3766 3027 πᾶν
3832 2974 3895 3027 τὸ

2230 3062 2457 3127 ἐπελθὸν
2515 3063 2605 3118 καὶ
2659 3063 2795 3139 πρὸς
2848 3063 3052 3124 πάντας
3110 3061 3437 3139 έξερεύγεταί
3464 3084 3567 3130 τις,
3595 3062 3689 3116 καὶ
3717 3062 3894 3116 παντί

2232 3152 2436 3228 ῥήματι
2496 3151 2835 3207 ἐκπετάννυσι
2895 3152 2958 3207 τὸ
3016 3151 3212 3224 στόμα,
3265 3157 3493 3225 τολμῶν
3541 3152 3646 3206 οὐκ
3694 3151 3894 3206 εὐπαί-

467 3231 714 3302 positam
744 3235 1072 3290 custodiam
1121 3238 1504 3312 Dominicam,
1538 3259 1728 3314 neque
1758 3243 1974 3299 ostium
2005 3244 2116 3299 cir-

2232 3219 2389 3297 δευτα
2422 3285 2436 3310 ,
2499 3239 2640 3315 μηδὲ
2714 3236 2858 3317 ἔχων
2919 3219 3165 3319 φυλακην
3199 3219 3386 3304 ’θείαν-
3421 3239 3849 3314 έπιτεθειμένην
3877 3288 3892 3313 ,

467 3323 838 3378 cumstantizs
889 3323 1061 3380 labiis
1106 3327 1253 3392 suis,
1303 3327 1400 3385 ille
1446 3332 1702 3404 profecto
1758 3332 2116 3389 daemonium

465 3410 660 3483 habet,
695 3414 854 3468 modi
904 3414 1217 3472 immemor
1245 3425 1596 3493 est,quando
1626 3425 1995 3480 occurrentia
2023 3425 2115 3478 in-

466 3501 732 3558 consulte
757 3502 1230 3576 eloquitur.Cum
1253 3512 1541 3582 reperitur
1558 3513 1672 3568 ista
1705 3514 1857 3570 mala
1877 3513 2117 3570 libertas

465 3592 620 3662 apud
649 3609 848 3648 senem
881 3595 1037 3650 hunc
1071 3601 1682 3670 magnum,audacem,
1707 3603 2117 3661 irreverentem

463 3685 520 3735 et
577 3694 934 3752 protervum,
967 3687 1102 3758 quis
1146 3689 1412 3759 ejusdem
1471 3693 1768 3748 recusabit
1823 3711 2114 3768 murmur,

463 3769 755 3842 querelas,
790 3774 947 3829 mala
997 3774 1246 3845 minora,
1280 3793 1612 3851 causasque
1643 3780 2030 3840 dissensionis
2061 3789 2118 3840 et

465 3858 597 3931 iraa,
658 3860 866 3918 horum
928 3863 1153 3920 scilicet
1209 3865 1499 3924 malorum
1574 3887 1700 3942 qua
1756 3873 1828 3927 ad
1885 3889 2116 3945 pugnos

465 3949 686 4005 abeunt
729 3968 745 4019 ;
802 3956 860 4005 et
918 3968 1172 4023 quorum
1226 3955 1468 4014 effectus
1525 3957 1866 4033 plerumque
1929 3963 2115 4020 cedes

468 4041 580 4093 est.

537 4306 624 4362 48.
660 4307 725 4363 Et
771 4308 1089 4370 amicitiam
1141 4314 1449 4388 privatam,
1482 4335 1514 4375 o
1547 4319 1744 4388 frater,
1777 4319 1970 4376 adhuc
2018 4337 2116 4377 re.

467 4395 672 4464 nuisti,
708 4403 772 4454 ut
813 4399 1034 4458 dictum
1082 4409 1187 4474 est,
1218 4408 1452 4478 quando
1505 4408 1732 4481 angelis
1782 4409 2116 4482 adscriptus

465 4503 550 4556 es,
576 4504 925 4546 accessurus
955 4494 1023 4547 ad
1055 4493 1240 4549 Deum
1266 4497 1366 4568 qui
1397 4497 1719 4554 amicitiam
1751 4500 2112 4556 moderatur.

464 4577 782 4634 Considera
827 4579 1008 4652 igitur
1058 4588 1279 4640 attente
1334 4586 1619 4657 privatam
1681 4588 1999 4644 amicitiam
2042 4591 2113 4646 ab

466 4668 796 4735 universali,
833 4676 988 4726 recto
1025 4673 1271 4742 judicio,
1306 4676 1556 4730 differre.
1600 4676 1819 4732 Forsan
1871 4678 2110 4749 aliquod

461 4758 823 4828 paradoxum
852 4759 956 4814 tibi
990 4763 1163 4816 modo
1189 4764 1554 4835 propositum
1582 4765 1762 4822 fuisse
1785 4767 2109 4823 arbitraris.

464 4844 524 4900 Si
555 4846 713 4916 enim
747 4847 844 4903 ubi
896 4849 966 4904 de
998 4850 1210 4906 atomis
1253 4852 1468 4925 agitur,
1502 4871 1768 4926 parvum,
1801 4857 1993 4928 qualis
2023 4863 2115 4914 est

465 4935 779 5006 peculiaris
828 4938 1103 5007 amicitia,
1141 4941 1482 5013 fugiendum
1512 4949 1622 5012 est,
1658 4951 1878 5018 quanto
1923 4947 2112 5020 magis

464 5025 565 5079 ubi
597 5025 666 5081 de
698 5027 970 5086 universo
1003 5035 1060 5086 et
1089 5031 1160 5087 de
1190 5048 1402 5104 genere
1431 5036 1674 5105 quaestio
1705 5036 1828 5092 est!
1864 5039 1978 5094 Res
2007 5055 2112 5094 au-

464 5119 606 5187 tem,
636 5117 715 5172 mi
750 5117 943 5187 frater,
980 5138 1092 5176 non
1128 5121 1211 5178 sic
1257 5140 1320 5179 se
1351 5124 1544 5192 habet,
1577 5126 1679 5181 sed
1712 5125 1884 5183 hocce
1915 5128 2110 5183 modo.

531 5318 620 5372 49.
648 5317 1000 5376 Difficillime
1017 5321 1395 5396 colliguntur,
1414 5326 1578 5381 etvix
1595 5327 1665 5382 ad
1685 5327 1986 5383 oculorum
2010 5328 2112 5384 ob-

458 5411 654 5465 tutum
677 5416 985 5468 moventur
1003 5413 1413 5486 peculiaria,eo
1430 5419 1582 5489 quod
1601 5435 1714 5474 non
1729 5417 2111 5487 definiuntur,

463 5502 520 5553 et
548 5497 608 5554 in
638 5498 798 5557 mille
849 5502 1166 5574 particulas
1213 5505 1582 5582 dividuntur,
1616 5509 1698 5566 ita
1738 5513 1802 5565 ut
1831 5525 2021 5581 neque
2052 5508 2112 5565 in

527 5698 549 5732 ⁸
577 5699 788 5756 Joann.
820 5719 914 5776 xv,
945 5708 1035 5762 22.
1111 5708 1134 5744 ⁸
1156 5707 1312 5766 Psal.
1343 5725 1507 5779 xcux,
1543 5712 1593 5767 1.

2230 3329 2370 3407 μηδὲ
2399 3333 2562 3406 θυραν
2615 3338 2887 3407 περιοχῆς
2916 3330 3038 3406 περὶ
3095 3329 3162 3384 τὰ
3209 3329 3378 3406 χείλη
3423 3331 3605 3399 αὐτοῦ,
3640 3327 3893 3403 δαιμονᾷ

2227 3424 2254 3478 ὁ
2313 3426 2558 3485 τοιοῦτος
2617 3421 2892 3498 ἄντικρυς,
2942 3422 3030 3477 xui
3083 3420 3182 3476 οὐκ
3235 3419 3288 3477 έν
3354 3426 3650 3486 καθεστῶτι
3708 3421 3888 3494 μένει,

2226 3514 2303 3577 ὡς
2357 3511 2685 3586 ἀδιακρίτως
2731 3512 2799 3567 τὰ
2844 3511 3066 3567 ἐπιόντα
3114 3511 3498 3589 φθεγγόμενος.
3557 3511 3746 3582 Οὔσης
3820 3510 3885 3582 δή

2225 3603 2316 3658 καὶ
2375 3602 2677 3680 παρρησίας
2726 3609 2828 3672 τῆς
2887 3602 3262 3676 άπειρημένης
3313 3601 3460 3678 παρᾶ
3509 3605 3587 3674 τῷ
3633 3603 3888 3674 τοιούτῳ

2230 3689 2476 3767 μεγάλῳ,
2533 3691 2866 3768 καλογὶρῳ,
2925 3693 3041 3746 καθ’
3095 3692 3156 3760 ἣν
3215 3691 3352 3766 πρὸς
3409 3687 3681 3745 ἀναίδειαν
3751 3689 3888 3745 tol-

2229 3786 2344 3857 μῶν
2420 3781 2785 3858 θρασύνεται,
2839 3779 2921 3843 τίς
3005 3778 3065 3834 ἃν
3140 3779 3399 3858 ἀποφήσῃ
3456 3784 3551 3835 τοῦ
3614 3781 3886 3836 τοιούτου

2225 3872 2315 3926 καὶ
2383 3871 2478 3927 τὸν
2561 3871 2874 3948 γογγυσμὸν
2947 3869 3036 3925 καὶ
3092 3869 3156 3924 τὸ
3223 3870 3486 3947 φίθυρον,
3541 3871 3605 3924 τὰ
3667 3867 3889 3926 ἐλάττω

2224 3960 2382 4031 κακὰ,
2435 3960 2524 4016 xui
2579 3961 2894 4036 προάγοντα
2942 3959 3070 4021 τοὺς
3129 3960 3204 4021 ὡς
3262 3961 3379 4014 οἷον
3420 3963 3755 4036 προαγῶνας
3787 3968 3888 4030 τῆς

2221 4071 2281 4106 τε
2338 4046 2517 4127 ἔριδος
2602 4049 2691 4104 καὶ
2745 4054 2844 4104 τοῦ
2927 4050 3104 4122 θυμοῦ
3140 4096 3156 4121 ,
3212 4052 3321 4103 τῶν
3380 4049 3887 4124 προεκτεθειμένων

2225 4139 2526 4216 ἐναγωνίων
2580 4143 2760 4195 κακῶν
2794 4165 2810 4212 ς
2841 4139 2915 4194 ὧν
2969 4137 3061 4194 xui
3110 4135 3266 4217 φόνοι
3323 4135 3616 4213 πολλαχοῦ
3682 4138 3889 4194 ἀποτέ·

2225 4227 2422 4303 λεσμα.

2301 4325 2412 4392 μη’.
2445 4320 2564 4375 Ἔτι
2599 4319 2850 4385 ἀπεῖπας,
2885 4318 2930 4372 ὧ
2976 4313 3197 4396 ἀδελφέ,
3227 4315 3318 4371 καὶ
3365 4318 3488 4388 τὴν,
3521 4315 3596 4378 ὠς
3637 4316 3883 4391 εἴρηται,

2229 4409 2456 4483 μερικὴν
2507 4406 2727 4486 φιλίαν,
2785 4406 2875 4462 ὅτε
2927 4411 3046 4470 τοῖς
3103 4404 3358 4484 ἀγγέλοις
3419 4405 3747 4484 ἰνεγράςρου,
3810 4409 3884 4470 ὡς

2223 4497 2707 4572 παραστησόμενος
2774 4501 2855 4570 τῷ
2923 4495 3012 4552 xui
3076 4499 3177 4562 τῆς
3231 4494 3417 4575 φιλίας
3476 4495 3656 4573 ἐφόρῳ
3721 4502 3883 4568 Θεῷ.

2223 4588 2423 4663 Θεώρει
2486 4587 2664 4642 τοίνυν
2738 4585 3130 4660 ἂναπεμπάζων
3205 4587 3305 4656 τὴν
3387 4586 3609 4661 μερικὴν
3695 4585 3885 4660 φιλίαν

2225 4676 2687 4751 διαστελλομένην
2741 4675 2905 4753 σοφίᾳ
2962 4679 3271 4749 θεωρητικῇ
3331 4675 3468 4751 πρὸς
3513 4675 3611 4743 τὴν
3641 4674 3880 4740 καθολι-

2219 4769 2344 4838 κήν·
2378 4768 2468 4821 xui
2497 4766 2643 4843 τάχα
2677 4767 2770 4840 μὶν
2819 4759 3121 4827 ὑπολάϐοις
3167 4763 3229 4819 ἂν
3259 4761 3560 4841 παράδοξόν
3592 4785 3643 4818 τι
3713 4787 3881 4839 νομοο

2221 4859 2488 4913 Θετεῖσθαι
2542 4879 2626 4913 σοι
2684 4856 2926 4912 ἰνταῦθα.
2959 4855 3022 4910 Ei
3055 4855 3156 4932 γὰρ
3188 4856 3250 4910 τὸ
3311 4854 3362 4910 ὲν
3416 4853 3642 4927 ἀτόμοις
3681 4857 3879 4931 μικρὸν

2225 4945 2506 5023 λογιστέον
2565 4947 2814 5025 φευκτὸν,
2863 4948 3052 5002 ὁποῖον
3111 4945 3201 5000 xui
3256 4946 3320 5000 τὸ
3369 4943 3547 5021 φιλεῖν
3609 4950 3880 5020 μερικῶς,

2221 5035 2421 5110 πολλῷ
2472 5033 2540 5107 δὴ
2592 5033 2760 5091 πλέον
2795 5037 2858 5091 τὸ
2897 5035 2949 5092 ἐν
2987 5041 3068 5109 τῷ
3118 5031 3358 5091 καθόλου
3387 5034 3477 5089 xui
3507 5040 3770 5110 γενικῶς.
3804 5037 3882 5092 Τὸ

2224 5125 2282 5182 δέ
2310 5126 2474 5197 ἐστιν,
2528 5125 2572 5181 ὦ
2623 5123 2822 5205 ἀδελφέ
2851 5173 2864 5200 ,
2898 5125 3000 5203 οὗγ
3034 5124 3177 5181 οὕτω
3209 5123 3563 5201 διακείμενον,
3596 5122 3730 5180 ἀλλ’
3761 5120 3881 5201 ἔχει

2225 5214 2330 5272 ῶδέ
2359 5238 2498 5280 πως.

2299 5333 2402 5399 μθ’.
2457 5324 2531 5378 Τὰ
2587 5323 2780 5400 μερικὰ
2827 5319 3242 5400 δυσπερίληπτά
3302 5321 3404 5378 aiat
3461 5325 3677 5383 πάντως
3714 5366 3730 5391 ,
3791 5321 3882 5376 καὶ

2223 5411 2351 5470 οὐδὲ
2380 5411 2577 5490 ῥᾳδίως
2624 5413 2699 5476 εἷς
2757 5411 3033 5469 έπέλευσιν
3086 5412 3395 5486 ἱκνούμενα,
3431 5407 3519 5466 διὰ
3564 5411 3664 5480 τὴν
3697 5411 3751 5466 έν
3791 5411 3883 5467 αὖ·

2220 5509 2336 5569 τοῖς
2365 5503 2610 5582 ἀπειρίαν
2661 5504 2752 5560 καὶ
2808 5504 2870 5560 τὸ
2924 5502 3159 5570 ἐντεῦθεν
3213 5499 3590 5580 μυριοσχιδὶς,
3632 5501 3728 5557 xui
3760 5504 3878 5556 οἷον
