4104 6210
187 341 306 400 ’169

1202 342 1302 402 DE
1345 342 1837 404 EMENDANDA
1880 345 2065 408 VITA
2120 349 2600 412 MONACHICA.

3487 371 3610 430 ’170

186 475 331 548 μήτε
389 473 470 537 είς
521 475 722 550 γνῶσιν
803 470 1000 539 ἐλθεῖν,
1055 473 1193 546 μήτε
1245 471 1630 547 μεθοδευθῆναι
1702 477 1840 564 πρὸς

1966 481 2346 551 cognitionem
2376 484 2632 556 veniant,
2665 500 2850 557 neque
2879 492 3036 546 certa
3085 492 3210 564 lege
3258 500 3456 554 exacte
3506 501 3602 557 in-

180 558 491 639 ἀκρίϐειαν,
555 564 694 632 μήτε
742 561 819 626 εἰς
865 561 1174 635 ἐπιστήμην
1221 567 1634 641 προενεχθῆναι.
1675 566 1739 622 Ἡ
1788 563 1846 620 δὲ

183 653 464 721 καθολική
525 651 800 725 σύλληψις
851 651 1100 728 ὥρισται,
1160 652 1250 708 καὶ
1311 651 1380 708 δι’
1438 655 1571 710 αὐτὸ
1623 654 1713 709 καὶ
1776 654 1853 719 εἷς

185 743 362 820 ῥᾴονα
418 746 616 818 γνῶσιν
666 741 810 813 ἥκει,
841 741 933 796 καὶ
995 739 1362 815 μεθοδεύεται,
1393 744 1478 798 καὶ
1537 748 1856 820 τεχνοῦται,

178 834 274 888 καὶ
308 833 486 894 οὕτως
536 830 612 893 εἴς
667 828 939 908 βιωφελὶς
986 825 1292 906 προϐαίνει.
1322 831 1419 886 Διὰ
1464 831 1644 887 τοίνυν
1688 837 1856 889 ταῦτα

175 924 273 977 καί
333 923 652 996 ἀπῃτήθης,
697 921 788 974 καὶ
848 918 1074 974 συνέθου
1136 920 1368 976 ἐνώπιον
1425 922 1516 976 καὶ
1575 927 1706 977 Θεοῦ
1764 923 1855 978 καὶ

179 1011 462 1089 ἀγγέλων,
516 1032 590 1082 μη
644 1012 712 1083 τῇ
776 1013 972 1085 μερικῆ
1026 1011 1385 1086 προσανέχειν
1440 1011 1617 1089 φιλίᾳ,
1676 1016 1746 1087 τῇ
1799 1012 1853 1075 ἐς

179 1100 440 1177 ἀπειρίαν
515 1096 907 1172 διεκπιπτούσῃ
986 1097 1405 1176 ἀπερίληπτον,
1459 1099 1553 1156 ’ίνα
1641 1103 1716 1175 μὴ
1789 1101 1857 1157 τὰ

177 1191 431 1266 ἀκίχητα
481 1187 720 1261 διώκων,
751 1189 825 1251 είς
883 1189 1058 1262 μάτην
1111 1193 1312 1263 πονῇς,
1343 1188 1490 1245 ἀλλὰ
1538 1195 1606 1266 τῇ
1669 1213 1854 1248 συνεσ-

172 1281 512 1356 πειραμένῃ,
541 1279 632 1333 καὶ
680 1276 758 1342 εἵς
802 1299 852 1332 τι
899 1277 954 1333 ἓν
1008 1279 1366 1356 σφιγγομὲνῃ,
1415 1280 1507 1334 καὶ
1552 1279 1857 1358 στρογγυλ-

175 1369 395 1444 λομὲνῃ
428 1370 564 1445 πρὸς
599 1367 838 1437 ὁλότητα
868 1367 1015 1440 μίαν.
1041 1369 1149 1423 Καὶ
1191 1367 1252 1422 οὔ
1312 1366 1460 1444 λέγω
1509 1370 1712 1442 ταύτην
1756 1393 1850 1449 γει·

171 1456 481 1531 νικήν,’ίνα
533 1458 608 1531 μὴ
661 1457 752 1510 καὶ
813 1457 890 1519 εἷς
937 1454 1199 1512 ἀδύνατον
1254 1457 1586 1531 ἐκπεσοῦμαι
1643 1461 1854 1536 παράγ-

173 1549 390 1624 γελμα,
420 1544 868 1623 προκαλούμενός
924 1566 980 1600 σε
1035 1546 1237 1608 πάντας
1286 1546 1609 1622 ἀνθρώπους
1659 1547 1853 1612 ἁπλῶς

173 1637 326 1694 οὕτω
380 1637 472 1691 καὶ
527 1635 890 1697 ἀνεπιστάτως
951 1633 1128 1713 φιλεῖν
1168 1656 1179 1669 ·
1215 1635 1346 1711 ὅπερ
1398 1635 1511 1691 οὐδ’
1565 1637 1696 1693 αὐτὸ
1751 1637 1853 1714 ῥᾴ-

173 1727 320 1796 διον,
356 1725 442 1782 ὅτι
503 1726 578 1799 μὴ
635 1725 724 1780 καὶ
779 1723 1016 1797 μᾶλλον,
1045 1731 1146 1794 τῆς
1177 1732 1406 1802 μερικῆς
1463 1726 1554 1781 καὶ
1605 1727 1656 1781 ἐν
1713 1727 1854 1782 ἀτό-

177 1839 307 1893 μοις
389 1815 576 1895 φιλίας
653 1812 1267 1891 δυσκατεργαστότερον.
1334 1813 1552 1872 Οὔκουν
1646 1816 1852 1893 θαῤῥῶ,

169 1875 412 1984 γενικὴν⁸
450 1875 642 1972 εἰπεῖν,
675 1902 821 1959 ἀλλὰ
880 1875 1118 1976 μάλιστα
1153 1875 1383 1976 ’ὑλικήψ
1417 1875 1669 1977 Τοιαύτη.
1808 1875 1850 1977 ἡ,
1882 1875 1928 1940 Β

168 2001 270 2053 τοῦ
333 1999 492 2067 Θεοῦ,
546 1995 582 2063 ἡ
641 1993 778 2068 πρὸς
837 1993 931 2047 τὸν
988 1993 1136 2063 Θεὸν,
1194 1995 1230 2063 ἡ
1287 1993 1424 2048 κατὰ
1483 1996 1637 2067 Θεὸν,
1695 1998 1730 2065 ἡ
1793 1994 1844 2050 ἐν

170 2087 329 2158 αὗτῷ
376 2088 514 2156 Θεῷ·
556 2083 614 2137 ’ὸν
660 2079 808 2156 εἷ’περ
857 2080 1059 2156 φιλεῖς,
1094 2081 1192 2136 οὐκ
1242 2079 1392 2158 ἔχεις
1440 2080 1628 2161 φιλίαν
1690 2105 1845 2161 μερι-

169 2178 302 2244 κὴν,
367 2171 498 2230 οὐδὲ
556 2174 662 2246 μὴν
731 2173 835 2241 τὴν
911 2170 1256 2246 (σεμνότερον
1337 2175 1521 2251 φάναι)
1600 2177 1845 2250 γενικὴν,

172 2265 324 2321 ἀλλὰ
377 2263 736 2339 καιριώτερον
783 2261 1187 2337 ἀποφήνασθαι,
1219 2262 1318 2330 τὴν
1381 2260 1598 2334 ὁλικήν.
1635 2263 1699 2320 Εἰ
1745 2266 1848 2342 γὰρ

170 2356 234 2410 τὸ
283 2351 492 2430 κυρίως
545 2351 674 2407 ὅλον
725 2351 753 2404 6
798 2349 948 2418 Θεὸς,
1000 2347 1070 2405 δι’
1101 2352 1163 2406 οῦ
1197 2350 1456 2425 ξύμπασα
1495 2351 1696 2424 ὁλότης
1751 2355 1847 2410 πὲς

171 2464 370 2522 φηνεν,
398 2441 434 2510 ἥ
491 2461 550 2495 τε
595 2437 732 2494 κατᾶ
775 2438 981 2514 κόσμον
1030 2439 1122 2495 καὶ
1171 2441 1206 2510 ἡ
1243 2440 1644 2517 ὑπερκόσμιος,
1679 2442 1844 2513 ὁλική

170 2534 395 2593 πάντως
456 2529 621 2598 ἐστὶν,
681 2528 858 2599 ὥσπερ
918 2531 952 2599 ἡ
1011 2527 1176 2584 αὐτοῦ
1233 2531 1374 2606 πρὸς
1441 2531 1642 2592 πάντας
1699 2534 1850 2604 ἡμᾶς

171 2621 340 2699 φιλία
389 2620 476 2695 (ὃς
527 2617 658 2681 τοὺς
740 2617 902 2672 αὐτοῦ
969 2617 1298 2693 θεράποντας
1374 2619 1554 2675 οὐκετι
1616 2618 1850 2683 δούλους

165 2711 353 2783 καλεῖ,
387 2707 516 2764 ἀλλ’
547 2707 626 2769 είς
684 2704 878 2784 φίλους
907 2705 1185 2783 ἐγκρίνει),
1219 2705 1361 2762 οὕτω
1392 2710 1480 2763 καὶ
1545 2711 1579 2778 ἡ
1617 2709 1850 2764 ἑκάστου

167 2808 279 2859 τῶν
315 2799 490 2854 αὐτοῦ
540 2795 884 2871 θεραπόντων
930 2796 1066 2871 πρὸς
1119 2795 1276 2851 αὐτὸν
1329 2797 1513 2873 ἀγάπη
1576 2799 1849 2876 φιλοθέως

172 2888 626 2962 ἀνακάμπτουσα,
661 2883 822 2956 ὁλική
859 2884 968 2940 ἔστι
1001 2881 1091 2940 διὰ
1126 2887 1189 2940 τὸ
1239 2887 1355 2940 κατ’
1385 2885 1551 2957 αὐτὴν
1603 2887 1848 2960 ὁλόκλη-

190 3001 310 3057 ρον,
343 2977 438 3033 καὶ
468 2976 521 3031 ἐν
553 2973 891 3051 ἐκεραιότητι
923 2971 1157 3036 ὲντελές.

262 3069 326 3124 ν’.
358 3069 427 3124 Ὁ
454 3068 583 3142 γοῦν
620 3061 1064 3139 μεγαλοσχήμων
1105 3067 1201 3118 τοῦ
1252 3067 1387 3119 Θεοῦ
1445 3062 1594 3130 ὅσιος
1646 3065 1849 3122 ἐκεῖνον

187 3155 374 3232 φιλῶν
436 3153 664 3222 ὸλικῶς,
697 3152 895 3224 καὶτῷ
923 3151 1112 3228 τρόπῳ
1157 3151 1335 3226 τούτῳ
1387 3155 1486 3223 τήν
1545 3155 1682 3222 πρὸς
1724 3155 1853 3220 τοὺς

1967 571 2348 643 vestigentur,
2380 591 2484 629 nec
2515 575 2574 630 in
2607 576 2911 634 scientiam
2943 581 3410 641 introducantur.
3469 590 3609 647 Uni-

1965 677 2131 715 versa
2163 667 2357 717 autem
2391 664 2548 719 notio
2581 667 2823 723 deﬁnita
2852 673 2961 736 est,
2993 675 3049 724 et
3105 672 3163 727 in
3207 677 3596 746 cognitionem

1967 749 2195 804 facilem
2245 753 2419 821 venit,
2480 754 2753 810 methodo
2811 757 3212 829 investigatur,
3265 767 3603 841 meditatur,

1967 843 2024 893 et
2052 844 2140 893 est
2171 841 2353 896 utilis.
2389 843 2518 896 Ideo
2576 845 2968 918 interrogatus
3025 866 3107 917 es,
3157 857 3213 906 et
3261 858 3608 926 promisisti,

1967 928 2026 982 in
2057 935 2368 1001 conspectu
2409 934 2502 986 Dei
2533 938 2588 987 et
2617 936 2958 1005 angelorum
2991 940 3342 1009 peculiarem
3404 949 3606 1002 amici-

1966 1017 2104 1072 tiam
2142 1037 2256 1074 non
2290 1022 2521 1092 sectari,
2553 1040 2677 1093 quae
2707 1027 2894 1080 tendit
2927 1027 2983 1081 in
3017 1030 3343 1096 indeﬁnite,
3376 1040 3432 1089 et
3488 1053 3603 1094 non

1966 1108 2428 1181 circumscripta,
2466 1128 2536 1166 ne
2583 1113 2843 1170 inacessa
2877 1132 3232 1189 persequens
3257 1123 3518 1196 fatigeris
3545 1129 3603 1183 in

1964 1213 2218 1266 vanum;
2255 1200 2440 1271 magis
2473 1206 2667 1257 autem
2701 1204 2966 1259 charitati
2999 1208 3235 1264 studeas
3286 1229 3411 1283 quae
3461 1217 3608 1272 deﬁ-

1967 1285 2088 1340 nita
2110 1294 2218 1353 est,
2251 1305 2374 1359 quae
2397 1292 2734 1345 convenitin
2761 1293 2979 1364 aliquid
3007 1304 3276 1363 unum,et
3297 1301 3448 1358 circa
3471 1308 3605 1360 uni-

1963 1377 2296 1432 versitatem
2330 1379 2563 1435 unicam
2597 1387 2882 1437 versatur.
2906 1384 3019 1439 Nec
3049 1389 3377 1458 generalem
3421 1394 3608 1450 chari~

1965 1468 2141 1519 tatem
2174 1467 2326 1536 dico,
2361 1469 2691 1539 nejubeam
2721 1471 3105 1543 impossibile,
3140 1494 3271 1532 cum
3297 1482 3367 1534 ad
3402 1499 3609 1540 aman-

1965 1554 2070 1608 dos
2128 1571 2331 1610 omnes
2372 1557 2638 1612 homines
2695 1564 2749 1614 te
2809 1561 3158 1633 simpliciter
3215 1572 3272 1622 et
3333 1569 3599 1629 absolute

1965 1643 2182 1711 hortor,
2219 1647 2372 1714 quod
2409 1664 2523 1701 non
2556 1652 2644 1702 est
2677 1649 2927 1718 facilius,
2983 1653 3098 1708 imo
3157 1657 3457 1716 difﬁcilius
3516 1666 3607 1719 est

1967 1749 2140 1804 quam
2174 1734 2483 1805 peculiaris
2539 1738 2792 1807 partium
2848 1742 3127 1797 amicitia.
3181 1747 3421 1804 Minime
3465 1768 3601 1824 ergo

1965 1823 2149 1876 audeo
2176 1824 2504 1893 generalem
2538 1826 2748 1895 dicere,
2783 1831 2883 1884 sed
2937 1833 3187 1890 maxime
3235 1838 3494 1895 totalem.
3540 1823 3605 1898 ils

1956 1916 2044 1966 est
2073 1928 2237 1966 amor
2269 1913 2384 1981 Dei,
2421 1931 2582 1970 amor
2613 1918 2684 1971 ad
2721 1924 2919 1987 Deum,
2953 1925 3278 1981 secundum
3318 1929 3494 1985 Deum
3545 1937 3603 1987 et

1956 2000 2013 2053 in
2048 2000 2199 2067 Deo;
2236 2018 2410 2072 quem
2445 2004 2492 2058 si
2527 2008 2835 2078 amaveris,
2870 2027 2984 2065 non
3042 2013 3395 2082 peculiarem
3445 2036 3606 2076 amo-

1956 2105 2099 2155 rem,
2136 2105 2239 2144 nec
2271 2091 2451 2162 (quod
2511 2094 2842 2151 mirabilius
2903 2099 3208 2169 videbitur)
3265 2108 3599 2174 generalem

1957 2177 2224 2244 habebis,
2248 2181 2347 2235 sed
2380 2183 2573 2237 verius
2606 2184 2862 2240 totalem.
2896 2188 2954 2242 Si
2987 2190 3142 2244 enim
3179 2195 3407 2264 proprie
3451 2202 3600 2254 Deus

1958 2271 2046 2322 est
2103 2272 2314 2336 totum,
2376 2287 2478 2341 per
2535 2289 2708 2343 quem
2767 2279 2925 2331 totus
2978 2279 3308 2352 universus,
3366 2285 3486 2341 sive
3543 2288 3602 2343 in

1960 2359 2200 2422 mundo,
2235 2358 2354 2414 sive
2378 2376 2556 2430 supra
2587 2364 2896 2434 mundum,
2921 2370 3210 2438 apparuit,
3239 2373 3439 2429 totalis
3475 2393 3601 2432 om-

1960 2445 2095 2500 nino
2127 2451 2231 2515 est,
2266 2448 2420 2503 sicut
2451 2450 2549 2504 Dei
2584 2468 2747 2506 amor
2777 2455 2847 2508 ad
2882 2472 2989 2511 nos
3019 2475 3220 2514 omnes
3253 2463 3372 2533 (qui
3401 2464 3600 2524 fideles

1960 2552 2098 2590 suos
2125 2536 2250 2606 jam
2284 2554 2398 2592 non
2430 2556 2625 2595 servos
2657 2546 2841 2612 vocat,
2892 2547 2991 2600 sed
3048 2550 3254 2605 amicis
3291 2561 3602 2625 accenset),

1962 2623 2044 2677 sic
2081 2628 2544 2699 uniuscujusque
2577 2630 2836 2686 ﬁdelium
2871 2650 3035 2689 amor
3063 2636 3122 2692 in
3155 2655 3286 2694 eum
3335 2623 3600 2717 reflexus,

1961 2715 2159 2769 totalis
2191 2721 2297 2783 est,
2331 2718 2469 2788 quia
2499 2719 2794 2792 integrum
2827 2723 3118 2794 objectum
3160 2729 3310 2799 ejus,
3361 2737 3417 2786 et
3471 2715 3600 2806 per;

1962 2802 2110 2859 fecta
2142 2806 2386 2875 puritas.

2030 3164 2114 3217 50.
2151 3164 2400 3219 Sanctus
2431 3181 2565 3236 ergo
2600 3183 2850 3238 magnus
2903 3174 3228 3230 monachus
3283 3177 3383 3233 Dei
3433 3178 3602 3237 illum

187 3243 512 3324 ὁμοφύλους
568 3241 750 3318 φιλίαν
800 3236 944 3317 ἔχων
996 3239 1436 3336 ὁλικήν,-αὖτίκα
1487 3244 1624 3298 κατὰ
1653 3243 1847 3336 μμετά-

1966 3255 2084 3308 toto
2116 3254 2285 3307 corde
2342 3235 2612 3324 diligens,
2664 3235 2867 3324 sicque
2919 3262 3154 3317 totalem
3205 3281 3342 3336 erga
3396 3235 3605 3324 fratres

185 3330 345 3390 ϐασιν
405 3331 656 3389 εὔτακτον
713 3332 787 3393 ὡς
841 3333 1057 3407 γενικὴν
1115 3330 1281 3401 αὐτὴν
1330 3330 1577 3404 πλουτεῖ,
1611 3332 1673 3388 οὐ
1734 3335 1842 3407 μὴν

190 3426 443 3502 μερικήν.
476 3421 642 3478 Παντὶ
690 3421 794 3497 γὰρ
838 3419 1111 3494 ἀνθρώπῳ
1162 3419 1486 3498 φιλουμένῳ
1544 3422 1636 3476 ὑπ’
1682 3421 1847 3478 αὐτοῦ

183 3515 517 3587 ἐπικάμπτει
573 3512 667 3566 τὸν
725 3511 877 3579 Θεὸν,
937 3510 1011 3572 ὡς
1085 3505 1378 3582 λαμϐάνων
1457 3509 1653 3566 ἐκεῖθεν
1722 3515 1847 3583 πᾶν,

185 3605 322 3678 ὅπερ
380 3600 442 3657 ἃν
495 3601 732 3671 αἰτῆται.
768 3599 869 3656 Καὶ
920 3597 1062 3654 οὕτω
1095 3596 1290 3654 λοιπὸν
1343 3599 1444 3654 οὑκ
1473 3599 1848 3677 ἐστενοχωρη-

189 3695 362 3767 μὲνην
435 3691 525 3746 καὶ
597 3689 823 3765 μερικὴν
893 3687 1079 3768 φιλίαν
1148 3686 1288 3766 ἔχει,
1339 3694 1669 3765 προσπαθῶς
1724 3691 1848 3764 περὶ

189 3780 359 3857 μόνον
415 3785 606 3837 τοῦτον
647 3780 682 3849 ἢ
733 3778 934 3833 ἐκεῖνον
988 3775 1413 3852 διατεθειμένος·
1463 3779 1588 3835 ἀλλ’
1640 3778 1851 3853 ἐμπλα-

184 3873 404 3929 τύνεται
453 3871 571 3926 κατ’
601 3869 762 3925 αὐτὸν
810 3873 940 3924 πᾶσι
989 3873 1104 3930 τοῖς
1157 3873 1258 3923 τοῦ
1290 3873 1445 3938 Θεοῦ,
1477 3875 1595 3932 τοῖς
1645 3869 1699 3925 ἰν
1753 3869 1853 3926 πό-

189 3962 332 4035 λεσι,
363 3965 489 4022 τοῖς
512 3958 563 4014 ἐν
593 3959 830 4032 κώμαις,
860 3963 977 4022 τοῖς
1024 3957 1074 4012 ἐν
1129 3957 1345 4034 ἀγροῖς,
1399 3964 1516 4022 τοῖς
1576 3958 1699 4035 περὶ
1759 3961 1854 4031 νή-

187 4073 338 4122 σους,
374 4049 546 4105 είπεῖν
592 4047 860 4116 συνόλως,
909 4052 1027 4104 τοῖς
1087 4045 1368 4124 πανταχοῦ
1421 4055 1546 4124 γῆς,
1599 4047 1736 4104 ὅπου
1796 4048 1855 4105 ἂν

187 4141 466 4215 ἐπινεύσῃ·
495 4137 588 4194 ’ἶνα
637 4141 777 4194 θέσει
826 4137 914 4192 καὶ
965 4135 1125 4200 αὐτὸς
1177 4138 1306 4200 Θεὸς
1353 4137 1446 4208 ὣν,
1481 4135 1702 4194 δύναιτο
1765 4161 1858 4213 φι-

186 4231 302 4287 λεῖν
362 4229 502 4304 πρὸς
561 4233 694 4285 Θεοῦ
753 4225 1072 4301 ἐξομοίωσιν
1118 4224 1346 4297 ὀλικῶς,
1377 4227 1569 4283 αὐτίκα
1630 4225 1686 4284 δί
1737 4237 1863 4284 πως

186 4321 276 4376 καὶ
347 4322 603 4396 γενικῶς,
662 4318 778 4373 καθ’
830 4311 1230 4372 ὑποκατάϐασιν
1301 4314 1359 4372 δὲ
1421 4315 1530 4387 ἤδη
1599 4340 1706 4373 που
1771 4317 1861 4374 καὶ

190 4415 474 4487 μερικῶς⁶
529 4409 575 4483 ᾧ
633 4405 698 4477 δὴ
755 4405 906 4484 λόγῳ
954 4405 1044 4462 καὶ
1089 4408 1118 4462 6
1165 4405 1366 4470 πάντας
1425 4406 1601 4486 φιλῶν
1663 4409 1860 4486 Κύριος

189 4499 369 4577 ἐφίλει
419 4499 509 4554 καὶ
561 4501 825 4565 τοπικῶς,
879 4494 1024 4552 ἀλλὰ
1081 4496 1171 4551 καὶ
1231 4495 1492 4560 ἕνιαίωςο
1554 4497 1631 4561 ὡς
1688 4498 1778 4553 καὶ
1833 4505 1862 4554 6

1958 3358 2213 3396 amorem
2247 3342 2489 3411 habens,
2525 3343 2723 3398 statim
2756 3351 2888 3417 post
2920 3348 3253 3418 ingressum
3288 3356 3604 3425 perfectam

1961 3430 2131 3484 habet
2163 3431 2506 3498 amicitiam,
2565 3437 2763 3503 utpote
2819 3437 3172 3506 generalem,
3232 3459 3346 3497 non
3409 3449 3605 3500 autem

1960 3519 2338 3590 peculiarem.
2379 3521 2462 3574 Ad
2525 3538 2758 3577 omnem
2819 3524 3173 3584 hominema
3205 3548 3265 3586 se
3323 3533 3604 3592 dilectum

1961 3609 2143 3663 Deum
2164 3608 2424 3674 inclinat,
2460 3610 2557 3679 qui
2585 3611 2711 3665 fons
2734 3617 2824 3668 est
2849 3615 3316 3684 cujuslibetdoni
3340 3625 3601 3695 expetiti.

1963 3698 2171 3769 Sicque
2206 3715 2319 3752 non
2353 3704 2665 3770 angustam
2698 3706 2751 3756 et
2785 3704 3067 3773 privatam
3088 3706 3261 3764 habet
3282 3713 3607 3770 amicitiam

1965 3788 2109 3842 bene
2140 3804 2277 3859 erga
2309 3787 2464 3843 hunc
2497 3807 2678 3845 unum
2713 3797 2814 3846 aut
2847 3793 3026 3849 istum
3059 3797 3418 3871 dispositus;
3457 3804 3513 3858 in
3548 3821 3610 3860 se

1967 3882 2160 3932 autem
2192 3877 2438 3933 includit
2469 3896 2674 3935 omnes
2704 3881 2854 3937 ﬁlios
2887 3884 3003 3948 Dei,
3055 3890 3179 3942 tum
3231 3889 3290 3944 in
3342 3891 3610 3960 urbibus,

1968 3966 2181 4020 tumin
2231 3967 2395 4033 vicis,
2458 3968 2547 4023 vel
2596 3969 2655 4024 in
2716 3972 2892 4042 agris,
2950 3974 3036 4029 vel
3091 3975 3149 4031 in
3204 3979 3438 4048 insulis,
3497 3999 3613 4040 uno
3683 3971 3690 3976 ’

1969 4056 2141 4111 verbo
2175 4056 2392 4127 ubique
2422 4061 2710 4114 terrarum
2765 4077 3110 4136 quocunque
3169 4084 3230 4124 se
3275 4075 3498 4141 vertat;
3549 4077 3617 4130 ut

1971 4145 2266 4217 proposito
2299 4145 2534 4202 habitus
2566 4148 2719 4202 sicut
2750 4149 2924 4218 Deus,
2959 4155 3146 4224 possit
3176 4158 3246 4212 ad
3280 4160 3614 4233 exemplum
3716 4177 3720 4180 ’

1972 4236 2072 4288 Dei
2105 4235 2474 4290 dilectionem
2511 4237 2774 4306 totalem,
2809 4256 2943 4296 mox
2973 4243 3148 4300 etiam
3181 4249 3512 4318 generalem
3537 4257 3620 4308 at-

1975 4342 2085 4397 que
2117 4324 2291 4380 etiam
2317 4323 2667 4395 peculiarem
2708 4328 2765 4382 in
2812 4329 3099 4389 descensu
3134 4336 3381 4407 habere;
3413 4343 3616 4399 eadem

1975 4415 2195 4469 ratione
2218 4431 2335 4485 qua
2353 4431 2557 4470 amans
2580 4433 2784 4473 omnes
2808 4421 3110 4491 Dominus,
3145 4432 3416 4498 genteset
3442 4430 3616 4486 etiam

1975 4502 2239 4575 singulos
2270 4503 2539 4559 homines
2571 4507 2807 4561 amabat
2839 4513 2902 4563 ut
2932 4511 3124 4568 videre
3183 4520 3271 4570 est
3317 4516 3374 4570 in
3427 4518 3620 4590 Moyse

187 4588 552 4666 παμφίλητος
599 4590 841 4658 Μωϋσης
886 4583 1234 4679 διαδείκνυσι,
1275 4586 1376 4679 καὶ,
1416 4588 1444 4641 6
1472 4581 1716 4679 ⁸ἔγγιστα
1775 4600 1852 4679 0e-

1974 4593 2376 4660 dileclissimo;
2403 4593 2462 4647 in
2483 4595 2604 4649 viro
2629 4597 2888 4667 proxime
2916 4605 3024 4655 Deo
3047 4604 3372 4661 assimilato
3387 4612 3622 4679 propter

193 4678 448 4756 ραπεύων
508 4679 635 4734 Θεὸν
680 4683 781 4747 τῆς
825 4673 1109 4752 καρτερίας
1164 4675 1324 4752 ἀνὴρ,
1357 4677 1384 4731 6
1415 4675 1653 4748 Αὐσίτης
1709 4673 1855 4736 Ἰώϐ.

190 4770 301 4832 οὓς
333 4768 426 4824 καὶ
461 4771 702 4844 μερικῶς
749 4765 896 4842 ὀρθῷ
924 4764 1079 4842 λόγῳ
1109 4765 1287 4845 φιλεῖν
1339 4763 1562 4840 λέγοιτο
1592 4765 1651 4822 ἂν
1687 4769 1714 4823 6
1746 4768 1854 4824 Κύ-

190 4881 332 4936 ριος,
370 4853 469 4913 εἶτ’
507 4856 598 4912 οῦν
659 4851 901 4932 ἀκριϐῶς
958 4856 1149 4924 εἰπεῖν,
1182 4854 1317 4910 κατὰ
1371 4852 1483 4910 ἕνα·
1517 4857 1709 4920 ὁποῖος
1767 4858 1856 4913 καὶ

190 4950 219 5005 6
284 4949 368 5028 ὶφ⁹
419 4948 663 5022 ἅρματος
751 4945 1012 5023 ἁρπαγεὶς
1103 4945 1270 5018 μόνος
1319 4943 1528 5012 Ἠλίας,
1585 4947 1676 5002 καὶ
1734 4947 1761 5002 6
1807 4947 1856 5022 ἕξ

192 5037 452 5094 ἁπάντων
518 5039 619 5107 εἷς,
668 5036 696 5090 6
755 5035 829 5098 ὡς
884 5035 1047 5098 αὐτὸς
1099 5034 1264 5108 μόνος
1320 5035 1516 5109 μείζων
1573 5035 1624 5091 ἒν
1668 5057 1856 5112 γεννη-

186 5133 314 5190 τοῖς
374 5129 676 5203 γυναικῶν,
735 5123 826 5179 καὶ
881 5125 910 5178 ὁ
965 5124 1080 5179 κατ’
1138 5121 1406 5199 ἐξαίρετον
1465 5126 1858 5200 ἡγαπημένος,

191 5215 348 5272 ἀλλά
403 5235 467 5290 γε
519 5216 608 5269 καὶ
641 5211 1094 5288 συνηγαπημίνος
1133 5211 1292 5268 παντὶ
1328 5218 1564 5290 μερικῶς
1598 5213 1858 5288 ὲκλεκτῷ.

191 5305 276 5364 Οὒ
335 5305 439 5381 γὰρ
487 5307 556 5377 τῇ
606 5305 802 5378 μερικῇ
852 5300 1012 5380 φιλίᾳ
1056 5299 1346 5372 δήπουθεν,
1376 5305 1446 5375 τῇ
1489 5305 1608 5368 καθ’
1639 5300 1860 5361 ἕκαστον

189 5391 476 5461 τοιοῦτον,
527 5387 853 5464 ἐπιϐέϐληται
899 5394 933 5462 ἡ
983 5395 1182 5455 κοινῶς
1228 5390 1414 5465 ὁλική.
1466 5395 1601 5451 Εἰπὶ
1637 5391 1714 5466 ’δή
1767 5417 1860 5469 μοι

188 5483 287 5541 καὶ
336 5482 426 5555 σὺ,
457 5483 502 5538 ὧ
551 5482 669 5539 καθ’
701 5481 862 5555 ἡμῶν
907 5485 1014 5538 τῶν
1064 5480 1318 5540 τελωνῶν
1371 5489 1634 5562 Φαρισαῖε
1692 5505 1862 5561 μεγα-

283 5703 336 5743 ιο
366 5701 578 5763 Matth.
608 5717 691 5776 ιι,
721 5701 813 5762 ιι.

1967 4683 2338 4753 patientiam,
2369 4683 2477 4737 Job
2510 4684 2578 4738 de
2602 4688 2755 4739 terra
2786 4687 2944 4754 Hus;
2980 4705 3127 4759 quos
3158 4709 3289 4748 vere
3339 4695 3620 4766 peculiari

1969 4789 2186 4838 amore,
2222 4772 2341 4827 sive
2374 4773 2568 4827 verius
2590 4773 2877 4846 singulari
2911 4780 3202 4836 amavisse
3234 4783 3388 4839 Deus
3417 4786 3620 4842 dicen-

1970 4864 2079 4916 dus
2112 4861 2422 4916 estzTaIis
2447 4862 2623 4916 etiam
2658 4869 2714 4918 et
2772 4864 2928 4920 Elias
2989 4874 3135 4936 erat,
3194 4879 3397 4943 raptus
3457 4876 3620 4933 solus

1970 4952 2027 5006 in
2061 4968 2275 5006 curru:
2311 4949 2488 5005 etille
2521 4968 2698 5023 super
2756 4970 2960 5010 omnes
3020 4959 3118 5029 qui
3170 4963 3462 5019 maximus
3511 4965 3622 5022 fuit

1971 5041 2182 5096 «inter
2223 5045 2390 5095 natos
2442 5040 2756 5097 mulierum
2792 5044 2854 5111 η,
2892 5067 2920 5094 ››
2953 5051 3009 5101 et
3056 5049 3155 5120 qui
3214 5049 3347 5122 plus
3396 5056 3619 5112 caeteris

1971 5129 2345 5201 diligebatur,
2381 5134 2437 5185 et
2467 5147 2583 5186 una
2632 5148 2764 5188 cum
2798 5136 3022 5192 caeteris
3073 5140 3447 5210 peculiariter
3504 5145 3619 5202 ele-

1971 5220 2079 5275 ctis
2140 5221 2466 5276 amabatur.
2528 5222 2646 5277 Ista
2728 5224 2882 5279 enim
2964 5229 3274 5298 peculiaris
3360 5235 3622 5291 amicitia

1970 5326 2107 5382 erga
2137 5310 2473 5380 nonnullos,
2508 5328 2880 5369 communem
2928 5333 3066 5391 erga
3124 5320 3426 5378 universos
3487 5341 3621 5396 pro-

1971 5400 2116 5455 fecto
2152 5417 2264 5454 non
2299 5400 2661 5455 excludebat.
2720 5403 2817 5458 Dic
2864 5406 3030 5475 mihi,
3065 5425 3097 5464 ο
3131 5411 3436 5480 Pharisee,
3487 5413 3620 5468 ﬁm-

1969 5491 2128 5548 brios
2159 5490 2412 5548 maxime
2445 5491 2831 5566 magniﬁcans
2863 5503 3063 5556 contra
3093 5517 3201 5558 nos
3247 5500 3618 5576 publicanos,
