4104 6210
427 319 540 378 ’ΠΙ

1201 311 1622 374 EUSTATHII
1662 307 2427 372 THESSALONICENSIS
2473 314 3061 380 METROPOLITIE

3721 324 3854 383 ’ΠΣ

429 453 518 508 dic
550 452 747 506 utrum
781 445 1135 521 peculiarem
1174 445 1514 515 amicitiam,
1555 447 1620 501 ut
1666 443 1944 516 diximus,
1979 460 2067 500 re-

2190 439 2687 520 λοσ-χημονὲστατε,
2742 449 2811 519 εἰ,
2872 450 2948 514 ὡς
3005 448 3250 526 εἴπομεν,
3311 455 3523 530 ἀπαρνῇ
3581 455 3684 523 τήν
3749 476 3857 526 με-

425 539 783 615 pudiaveris,
818 553 1027 608 nempe
1053 536 1100 591 si
1133 535 1288 590 dicta
1310 535 1550 590 audisti.
1585 535 1714 590 Sive
1745 534 1854 590 hoc
1901 533 2070 589 intel-

425 633 598 705 ligas,
633 630 751 685 sive
779 644 917 695 non,
946 642 1049 697 ego
1081 625 1183 679 tibi
1218 625 1347 680 dico
1399 625 1718 696 perfectam
1752 623 2072 679 amicitiam

428 719 782 795 peculiarem
816 716 886 770 de
941 713 1108 768 nobis
1140 718 1257 768 ate
1297 713 1685 784 repudiatam.
1739 713 1855 768 Nos
1914 713 2071 768 enim

427 807 694 881 singulos
726 809 919 877 patres
950 807 1084 858 tuos
1129 819 1243 857 non
1295 819 1481 870 amas,
1541 802 1742 873 sicque
1793 818 1898 857 nec
1947 801 2074 856 uni-

426 897 734 960 versalem,
769 910 873 949 nec
929 892 1257 965 generalem
1321 892 1638 946 amicitiam
1693 907 1914 946 servas.
1962 891 2070 956 Qui

422 991 577 1046 enim
614 987 944 1042 membrum
977 984 1172 1056 magni
1204 984 1484 1039 momenti
1504 983 1618 1038 Deo
1641 987 2068 1055 consecratum,

420 1080 590 1151 eique
621 1080 822 1131 contra
853 1079 908 1130 te
938 1074 1246 1140 assistens,
1283 1076 1644 1140 aversantur,
1680 1071 1947 1144 nunquid
1979 1071 2068 1126 di~

422 1167 642 1224 cendus
669 1169 758 1220 est
811 1161 1251 1218 universitatem
1305 1161 1546 1232 diligere
1607 1177 1740 1215 cum
1789 1161 2070 1231 Optimam

419 1261 647 1332 partem
679 1253 914 1310 oderit?
942 1252 1201 1316 Quadam
1235 1251 1389 1306 enim
1426 1255 1608 1322 parte,
1662 1255 1718 1306 et
1767 1249 2069 1320 qualicun-

422 1363 554 1419 que,
583 1362 697 1401 non
728 1343 937 1414 loquor
966 1343 1037 1397 de
1071 1341 1258 1412 magis
1318 1339 1592 1412 pretiosa,
1643 1340 1955 1411 desumpta
2002 1339 2071 1393 de

422 1435 652 1510 generis
683 1432 995 1498 totalitate,
1031 1448 1142 1486 non
1178 1434 1298 1485 tota
1355 1446 1463 1484 sua
1511 1430 1845 1500 integritate
1892 1444 2072 1500 gene-

426 1525 570 1596 rale,
604 1527 706 1580 aut
737 1519 1069 1576 universale
1100 1518 1356 1591 amplius
1385 1534 1516 1573 vere
1544 1519 1854 1573 diceretur.

490 1704 581 1759 51.
603 1702 700 1757 Eia
725 1715 852 1771 ago,
878 1696 990 1752 alio
1015 1700 1251 1762 conatu,
1294 1699 1350 1751 et
1397 1695 1759 1762 evidentiori,
1803 1712 2069 1766 quamam

2183 535 2340 605 ρικήν
2398 536 2607 612 φιλίαν,
2640 559 2683 593 ει
2732 560 2786 594 τι
2833 541 2970 604 τὲως
3001 540 3224 610 ἐπαΐεις,
3260 543 3332 596 ὢν
3366 541 3607 619 λὲγομεν
3643 564 3657 613 ;
3692 542 3855 612 Εἴτε,

2183 617 2241 710 δὲ
2297 629 2462 693 νοεῖς,
2513 625 2620 681 εἷ’τε
2671 626 2760 683 καὶ
2825 630 2924 702 μή,
2977 628 3120 704 λέγω
3179 651 3288 699 σοι,
3345 617 3455 686 ὅτι.
3490 631 3678 710 φιλίαν
3747 636 3854 705 μὲν

2183 709 2471 781 ἐξάπαντος
2523 719 2752 792 μερικὴν
2802 717 3014 795 ἀπαρνῇ
3063 721 3162 789 τὴν
3214 720 3299 798 ἐφ’
3345 709 3688 795 ἡμῖν,ἡμᾶς
3741 724 3854 799 γὰρ

2179 799 2306 862 τοὺς
2353 802 2562 867 ὲνικοῦς
2619 803 2868 868 παπάδας
2918 810 3021 881 (5⁶)
3072 808 3133 863 οὐ
3194 808 3410 886 φιλεῖς·
3462 808 3532 864 δι’
3591 812 3730 866 αὐτὸ
3788 811 3859 866 δὲ

2183 886 2307 943 οὐδὲ
2363 890 2557 962 ὁλικὴν
2615 894 2651 965 ἢ
2702 897 2920 970 γενικὴν
2997 895 3286 974 φυλάττεις
3356 896 3562 976 φιλίαν.
3614 901 3677 957 Ὁ
3739 904 3855 976 γὰρ

2185 979 2347 1054 μέρος
2386 980 2530 1052 ἄξιον
2591 981 2762 1060 λόγου
2815 983 3032 1041 πολλοῦ
3081 988 3696 1062 ἀποπροσποιούμενοε,
3729 995 3858 1062 Θεῷ

2178 1087 2236 1121 τε
2303 1068 2693 1146 ἀφωσιωμένον
2756 1077 2846 1129 καὶ
2903 1081 3390 1151 συμπαραστατοῦν
3461 1076 3652 1151 ἐκείνῳ
3709 1079 3862 1132 κατὰ

2181 1156 2259 1223 σὶ,
2317 1162 2436 1222 πῶς
2515 1160 2574 1214 ἂν
2652 1161 2876 1238 λεχθείη
2935 1167 3056 1228 καθ’
3108 1163 3352 1236 ὁλότητα
3405 1165 3607 1244 φιλεῖν,
3666 1173 3858 1240 μισῶν

3837 1257 3852 1274 ‘

2185 1245 2347 1321 μέρος
2416 1248 2480 1302 τὸ
2552 1252 2912 1325 καιριώτατον
2965 1273 2978 1322 ;
3039 1252 3249 1327 Μέρους
3323 1253 3423 1331 γάρ
3499 1277 3693 1324 τινος,
3758 1257 3859 1311 καὶ

2180 1333 2343 1388 αὐτοῦ
2372 1334 2468 1390 τοῦ
2496 1338 2784 1414 τυχόντος,
2822 1342 2897 1413 μή
2931 1340 3016 1396 ὅτι
3045 1363 3108 1418 γε
3136 1347 3232 1398 τοῦ
3289 1343 3342 1398 ἐν
3393 1341 3608 1398 πλείονι
3666 1342 3858 1419 λόγῳ,

2184 1423 2579 1498 ὑποσπωμὲνου
2635 1426 2694 1482 ἐκ
2769 1435 2869 1499 τῆς
2928 1430 3064 1485 κατὰ
3120 1433 3275 1506 γένος
3321 1430 3685 1509 ὁλοκληρίας,
3751 1434 3862 1488 οὐκ

2181 1508 2242 1565 ἂν
2299 1517 2368 1586 τῇ
2427 1513 2652 1587 ὁλότητι
2710 1518 2855 1592 πάσῃ
2901 1519 2964 1574 τὸ
3022 1520 3228 1595 γενικὸν
3261 1521 3384 1590 ἢτὸ
3429 1518 3558 1575 ὅλον
3621 1519 3860 1593 ἀπαλη-

2183 1600 2414 1664 θεύοιτο.

2251 1698 2348 1748 va’.
2393 1693 2534 1769 Φέρε
2587 1691 2645 1748 δὲ
2700 1696 2789 1750 καὶ
2851 1693 3038 1760 ἄλλως
3097 1693 3402 1768 ἐπιϐαλὼν,
3456 1699 3574 1755 κατ’
3635 1698 3856 1756 ἔννοιαν

419 1795 497 1852 sit
529 1789 792 1848 amicitia
821 1785 1133 1859 peculiaris
1192 1785 1297 1840 tibi
1357 1802 1665 1857 exponam,
1727 1785 1901 1857 idque
1953 1802 2068 1841 non

2190 1779 2500 1856 σαφεστέραν
2537 1777 2776 1856 ἔκθωμαί
2808 1805 2889 1839 σοι
2919 1787 3018 1855 τήν
3082 1788 3310 1861 μερικὴν
3371 1786 3581 1864 φιλίαν,
3615 1787 3711 1843 οἵα
3767 1790 3857 1852 τίς

2190 1865 2202 1884 ,
2425 1866 2497 1884 η,
2593 1871 2619 1884 ..
2905 1873 2916 1884 .
3016 1876 3029 1884 .
3125 1875 3136 1884 .
3366 1878 3427 1884 με

418 1884 592 1954 longe
625 1898 657 1935 a
685 1895 839 1934 vero.
874 1875 1822 1947 Noruntperiti,quemadmodum
1848 1879 2073 1945 partem

419 1973 490 2030 ad
517 1967 816 2034 totum,sic
840 1964 1148 2037 partialem
1177 1963 1564 2034 quantitatem
1591 1963 1662 2018 ad
1686 1962 2075 2018 universalem

423 2058 706 2133 reputari.
741 2057 857 2112 Hac
889 2054 1066 2125 igitur
1096 2053 1321 2107 ratione
1351 2056 1413 2107 tu
1445 2053 1844 2123 interrogatus
1875 2069 1946 2106 an
1974 2068 2075 2124 pe-

419 2148 628 2208 culiari
685 2143 952 2203 amicitiae
1012 2141 1407 2207 renuntiares,
1473 2158 1507 2196 a
1567 2145 1622 2197 te
1674 2158 1801 2198 eam
1862 2159 2076 2197 renun-

415 2239 701 2304 tiandam,
730 2233 1186 2302 sectandamque
1236 2229 1624 2286 universales)
1680 2230 2075 2288 declaravisti.

418 2327 578 2387 Talis
600 2330 687 2383 est
719 2327 914 2381 autem
946 2339 1074 2394 qua
1105 2321 1176 2376 de
1225 2323 1350 2375 tota
1407 2323 1602 2375 mente
1661 2321 1944 2392 procedit,
1993 2319 2074 2376 si-

419 2418 656 2490 quidem
692 2413 888 2484 aliquo
948 2414 1218 2482 respectu
1273 2408 1570 2477 deficiens,
1631 2409 1901 2481 partialis
1963 2409 2076 2466 erit

420 2507 700 2563 amicitia.
734 2505 944 2558 Totam
975 2515 1111 2555 vero
1139 2498 1402 2554 animam
1435 2497 1562 2570 lego
1595 2515 1722 2553 eam
1747 2517 1873 2570 quas
1905 2517 2074 2556 suam

420 2593 828 2653 admirabilem
852 2594 908 2647 et
938 2588 1229 2661 triplicem
1256 2592 1530 2643 naturam
1565 2588 1622 2642 in
1655 2587 1937 2644 charitate
1958 2607 2071 2646 non

420 2687 759 2749 frustratur,
792 2697 914 2752 quae
945 2678 1237 2750 triplicem
1299 2677 1634 2734 facultatem
1695 2694 1810 2732 non
1859 2680 2072 2750 perdit,

2183 1865 2347 1935 ἐστιν,
2379 1866 2508 1924 οὐδὲ
2559 1871 2701 1926 οὕτω
2749 1873 2954 1950 μακρὰν
3005 1875 3328 1951 ἀρθότητος,
3366 1878 3674 1951 Ἔγνωσται
3733 1885 3859 1940 τοῖς

2185 1953 2407 2030 εἰδόσιν,
2439 1957 2619 2035 ὥσπερ
2667 1961 2728 2016 τὸ
2781 1962 2941 2035 μέρος
2993 1965 3129 2038 πρὸς
3188 1962 3346 2036 ὅλον,
3389 1965 3530 2021 οὕτω
3589 1969 3679 2022 καὶ
3746 1971 3851 2037 τήν

2189 2049 2419 2119 μερικὴν
2450 2049 2719 2120 ποιότητα
2774 2052 2910 2124 πρὸς
2969 2054 3066 2121 τὴν
3099 2052 3293 2124 ὁλικήν
3345 2053 3619 2130 λέγεσθαι.
3654 2057 3856 2130 Τούτῳ

2187 2130 2257 2222 δὴ,
2284 2141 2364 2208 τῷ
2396 2136 2544 2212 λόγῳ
2576 2138 2665 2192 καὶ
2697 2139 2758 2194 σὺ
2791 2139 2950 2203 αὐτὸς
2979 2141 3362 2215 ἠρωτημὲνος,
3396 2144 3439 2198 εἶ
3468 2146 3570 2213 τὴν
3609 2149 3856 2222 μερικὴν

2187 2221 2376 2302 φιλίαν
2421 2226 2656 2301 ἀπαρνῇ,
2706 2231 2928 2284 κατὲθου
2976 2231 3253 2306 ἀρνεῖσθαι
3302 2231 3600 2302 αύτὴν,ὡς
3657 2234 3858 2291 ἐντεῦ-

2186 2315 2271 2369 θεν
2329 2315 2728 2392 ἆντεισάγεσθαί
2785 2340 2869 2374 σοι
2925 2321 3025 2390 τὴν
3073 2320 3288 2392 ὁλικήν.
3321 2324 3473 2378 Ἐστι
3521 2321 3582 2378 δὶ
3609 2326 3854 2397 τοιαύτη

2185 2404 2219 2472 ἠ
2253 2402 2302 2474 ἐξ
2334 2403 2471 2475 ὅλης
2503 2409 2712 2482 ψυχῆς,
2745 2408 2820 2470 ὡς
2851 2406 2964 2484 εἷ’γε
2999 2411 3073 2482 μὴ
3105 2411 3355 2484 τοιαύτη,
3391 2413 3592 2488 μερικῆ
3645 2411 3706 2468 ἂν
3759 2413 3853 2484 εἴη

2185 2490 2360 2571 φιλία.
2397 2495 2555 2571 Λέγω
2609 2493 2665 2550 δὲ
2695 2498 2879 2573 ψυχὴν
2912 2497 3068 2570 ὅλην,
3099 2500 3200 2569 τήν
3253 2502 3328 2572 μή
3383 2498 3733 2575 ψευδομένην
3785 2504 3854 2557 τὸ

2183 2583 2298 2637 κατ’
2350 2583 2518 2654 αὐτὴν
2575 2586 2714 2641 θεῖον
2788 2588 3041 2662 τριμερὲς
3099 2587 3151 2643 ἐν
3212 2593 3291 2661 τῷ
3343 2591 3546 2668 φιλεῖν,
3596 2592 3698 2659 τήν
3769 2595 3852 2663 μὴ

2184 2672 2507 2748 ἀχρειοῦσαν
2559 2674 2620 2729 τὸ
2670 2675 2871 2754 ἐμφυὲς
2901 2675 3276 2754 τριστὲλεχον,
3309 2676 3397 2734 ὅτε
3451 2681 3549 2748 τήν
3612 2679 3856 2758 φιλικὴν

2183 2757 2313 2832 ἄνθη
2331 2784 2348 2815 θ
2381 2761 2727 2838 προΐσχεται.

2249 2845 2348 2907 νϐ’.
2381 2853 2511 2908 Οἷον
2559 2851 2612 2907 τί
2660 2850 2806 2928 λέγω
2835 2872 2848 2923 ;
2882 2854 3000 2930 Χρὴ
3055 2854 3145 2909 τὸν
3206 2853 3385 2926 ἀληθῆ
3450 2854 3854 2930 μεγαλομόνα-

2179 2958 2304 3014 χον,
2359 2939 2540 3016 ὥσπερ
2623 2942 2713 2996 καὶ
2789 2942 2959 2998 πάντα
3031 2944 3122 2998 τὸν
3177 2949 3257 3016 τῷ
3314 2941 3428 3000 ὄντι
3485 2947 3852 3020 Χριστιανὸν,

425 3045 508 3096 tot
566 3054 797 3109 semper
854 3038 1123 3106 paratum
1185 3049 1313 3088 esse
1371 3033 1440 3086 ad
1491 3033 1782 3103 juvandos
1854 3035 2071 3091 amicos

2190 3030 2509 3102 ἡτοιμάσθαι
2539 3031 2808 3096 παντοίως
2837 3032 2912 3095 εἷς
2973 3032 3254 3108 θεραπείαν
3289 3031 3460 3112 φίλου
3502 3033 3580 3112 ἐφ’
3616 3036 3853 3106 ἅπασιν,

428 3132 485 3186 in
520 3127 794 3185 omnibus
827 3124 1022 3190 rebus,
1055 3138 1188 3177 cum
1219 3137 1285 3177 eo
1343 3121 1645 3194 indigent;
1706 3125 1904 3178 omnia
1949 3141 2068 3180 suae

2190 3119 2259 3178 ›ἴς
2304 3117 2362 3172 ἂν
2425 3118 2626 3182 ἐκεῖνος
2683 3120 2846 3176 αὐτοῦ
2903 3119 3259 3196 προσδέηται,
3303 3121 3393 3177 καὶ
3443 3129 3700 3192 καθιστᾷν
3753 3125 3852 3178 καὶ

425 3224 482 3276 et
512 3233 708 3274 eorum
744 3213 956 3270 mentis
978 3210 1153 3266 volita
1210 3214 1464 3266 statuere
1522 3215 1579 3266 et
1634 3210 1884 3282 dirigere
1934 3229 2067 3268 con-

2190 3201 2533 3279 συμϐιϐάζειν
2597 3211 2906 3285 ἁρμονικῶς
2950 3195 3074 3266 γκαὶ
3137 3213 3273 3266 κατὰ
3331 3211 3473 3276 θείαν
3536 3211 3854 3285 ἐμμέλειαν

425 3308 758 3373 cordantss,
809 3303 978 3374 juxta
1027 3301 1132 3356 Dei
1188 3301 1499 3366 mandata;
1561 3299 1631 3354 ad
1700 3299 2065 3372 spiritualem

2190 3297 2312 3371 πρὸς
2372 3298 2687 3376 συμφωνίαν
2737 3301 3106 3374 πνευματικὴν
3160 3299 3321 3356 αὐτοῦ
3377 3321 3436 3356 τε
3485 3301 3572 3355 καὶ
3626 3301 3855 3357 ἐκείνου

422 3395 815 3460 concordiam,
862 3396 1039 3463 atque
1097 3389 1169 3444 ad
1223 3389 1531 3444 vicendum
1591 3390 1938 3460 demonem,
1993 3394 2064 3448 ad

2190 3386 2242 3439 τὰ
2270 3385 2404 3439 κατά
2433 3387 2617 3460 ψυχὴν
2652 3385 2684 3441 λ
2721 3389 2850 3462 (5“)
2885 3388 3250 3465 βουλεύματα,
3283 3389 3371 3444 καὶ
3423 3391 3852 3465 συντροχάζειν,

422 3486 575 3559 quod
610 3485 763 3540 Deus
797 3479 1035 3553 praemio
1067 3478 1291 3545 invitat,
1349 3493 1712 3550 concurrere,
1765 3484 1830 3534 ut
1886 3481 2064 3537 simul

2190 3473 2250 3534 In;
2272 3473 2300 3527 ὁ
2332 3475 2460 3538 Θεὸς
2492 3470 2765 3551 βραϐεύει,
2799 3474 2886 3531 ἐπὶ
2917 3477 3042 3552 νίκῃ
3084 3482 3152 3553 τῇ
3202 3479 3338 3532 κατὰ
3393 3483 3490 3532 τοῦ
3540 3476 3848 3552 δαίμονοςο

423 3594 457 3632 a
511 3575 626 3630 Deo
683 3572 991 3644 praemium
1052 3565 1363 3639 accipiant,
1438 3569 1606 3639 cujus
1681 3570 1868 3641 gratia
1941 3570 2068 3642 ipse

2190 3559 2262 3616 ἶνα
2311 3561 2401 3617 καὶ
2450 3563 2513 3618 τὸ
2567 3563 2625 3619 ἐκ
2671 3568 2804 3620 Θεοῦ
2852 3559 3084 3621 ἔπαθλον
3140 3566 3493 3638 κοινώσηται,
3544 3567 3604 3621 οὗ
3663 3569 3848 3644 χάριν

423 3665 588 3741 prius
644 3661 968 3725 ordinatus,
1027 3660 1084 3712 et
1139 3655 1198 3712 in
1259 3671 1320 3712 se
1373 3659 1796 3713 concordanter
1867 3659 2066 3731 dispo-

2190 3649 2335 3714 ιιύτὸς
2425 3651 2689 3728 ῥυθμίσας
2766 3654 3068 3730 πρότερον,
3129 3655 3217 3711 καὶ
3274 3654 3432 3727 τάξας
3494 3655 3851 3729 ἐναρμονίους

425 3771 571 3812 nens
599 3752 899 3816 virtutem,
933 3746 1054 3804 sive
1085 3762 1214 3817 quae
1243 3744 1302 3799 in
1354 3745 1576 3801 ratione
1617 3746 1731 3802 sita
1787 3752 1897 3814 est,
1946 3748 2067 3804 sive

2190 3742 2302 3816 παρ’
2360 3741 2533 3815 ἑαυτῷ
2581 3744 2681 3814 τήν
2731 3765 2792 3799 τε
2847 3746 2984 3800 κατὰ
3035 3746 3097 3800 τὸ
3174 3744 3397 3821 λογικὸν
3457 3746 3678 3821 ἀρετὴν,
3744 3748 3849 3801 καὶ

424 3862 552 3918 quas
609 3838 904 3896 irascibile
961 3835 1298 3890 moderatur
1352 3837 1410 3888 et
1465 3834 1573 3889 rite
1629 3835 1889 3908 corrigit,
1949 3837 2067 3893 sive

2190 3830 2273 3898 rip)
2332 3830 2393 3884 τὸ
2451 3832 2678 3904 θυμικὸν
2733 3838 3028 3908 μετροῦσαν
3091 3834 3180 3890 καὶ
3235 3825 3660 3910 καταρτίζουσαν
3709 3847 3851 3899 Geo.-

423 3916 549 4007 quaa
580 3927 823 3987 instruit
850 3921 1306 3995 concupiscibile
1340 3941 1353 3991 ;
1388 3926 1444 3978 et
1497 3923 1706 3979 deinde
1755 3941 2064 3996 personam

2190 3925 2419 3992 apertam,
2480 3916 2555 3974 ἔτι
2615 3917 2671 3976 δὲ
2737 3923 2827 3977 καὶ
2886 3925 2986 3993 τὴν
3051 3923 3115 3978 τὸ
3173 3922 3489 3996 ἐπιθυμικὸν
3544 3920 3854 3980 παιδεύου-

421 4025 592 4094 cujus
623 4033 876 4076 amorem
928 4011 1267 4069 monachico
1326 4012 1718 4085 prosequitur,
1779 4020 2065 4087 quantum

2190 4029 2292 4080 ταν,
2327 4008 2440 4064 εἶτα
2495 4010 2584 4064 καὶ
2637 4011 2700 4065 τὸ
2757 4011 3049 4087 πρόσωπον
3100 4013 3175 4076 ὡς
3236 4011 3456 4067 δυνατὸν
3516 4013 3688 4084 ἑαυτῷ
3756 4013 3852 4087 ἰξ-

422 4115 634 4185 potest,
669 4109 728 4162 in
762 4123 822 4162 se
852 4117 1198 4168 assumens;
1231 4105 1354 4155 tum
1407 4117 1473 4156 eo
1523 4103 1696 4158 modo
1745 4103 2066 4175 dispositus

2190 4099 2474 4171 ›μοιώσας,
2508 4120 2568 4153 ου
2598 4100 2697 4169 τήν
2754 4099 2939 4178 φιλίαν
2991 4106 3307 4180 μοναχικῶς
3364 4101 3852 4177 πραγματεύεται,

425 4201 495 4258 ad
539 4198 788 4254 alterum
848 4191 1145 4248 hominem
1205 4189 1442 4257 feretur,
1504 4191 1658 4246 sicut
1713 4193 1771 4247 in
1822 4198 2068 4248 tonsura

2190 4187 2587 4262 ιοιουτοψύχως
2654 4192 3149 4265 προσενεχθήσεται
3215 4196 3295 4263 τῷ
3367 4191 3638 4264 τοιούτῳ,
3694 4194 3858 4246 καθᾶ

426 4287 716 4363 promisit,
749 4289 834 4345 ut,
859 4282 1000 4336 dum
1033 4296 1161 4334 sese
1192 4278 1435 4363 ratione,
1469 4280 1730 4351 appetitu
1763 4287 1819 4336 et
1877 4283 2064 4354 passi-

2190 4276 2490 4350 ιειρόμενος
2539 4277 2906 4352 ὡμολόγησε-
2938 4279 3029 4333 καὶ
3095 4285 3174 4352 τῷ
3227 4281 3344 4334 κατ’
3398 4281 3556 4335 αὐτὸν
3619 4278 3854 4356 λογικῷ

424 4359 638 4438 onibus
687 4371 892 4430 amicis
950 4370 1066 4424 Deo
1142 4359 1477 4423 reformatis
1557 4371 1863 4442 conjungit
1930 4388 2064 4426 cum

2190 4367 2554 4439 ἐπιθυμητικῷ
2610 4388 2669 4422 τε
2719 4367 2810 4422 καὶ
2871 4373 3085 4440 θυμικῷ
3143 4367 3417 4443 θεοφιλῶς
3456 4368 3852 4444 ἐρῥυθμισμὲο

422 4469 678 4526 amicum
711 4478 883 4518 suum
916 4457 1366 4514 concordantem
1399 4458 1672 4524 reddidit,
1733 4475 2062 4515 sermonem

2190 4476 2284 4516 νοις
2316 4455 2580 4534 σύμφωνα
2609 4457 2700 4511 καὶ
2741 4456 2810 4511 τὰ
2853 4462 2973 4511 τοῦ’
2997 4455 3160 4535 φίλου
3201 4457 3599 4535 ἁρμοσάμενος,
3635 4457 3853 4532 τριάδα

421 4555 689 4615 amicitias
721 4551 860 4607 huic
891 4545 1148 4603 sermoni
1181 4544 1525 4600 monachico
1550 4547 1784 4618 jungat,
1817 4553 1873 4604 et
1919 4553 2064 4605 tunc

2190 4541 2400 4622 ριλικήν
2448 4543 2626 4620 τριάδι
2688 4544 2861 4620 ἐκείνῃ
2913 4550 3188 4623 μοναχικῇ
3233 4545 3438 4613 ἐνώσει,
3470 4547 3555 4601 καὶ
3613 4547 3696 4608 ὡς
3753 4546 3853 4603 διά

422 4647 589 4718 quasi
639 4659 743 4714 per
801 4638 1121 4711 perfectum
1177 4649 1507 4688 sermonem
1568 4636 1877 4692 roboratus
1930 4655 2063 4694 cum

2190 4654 2319 4694 τινος
2351 4631 2532 4703 ἑξάδος
2559 4635 2761 4704 ταύτης
2791 4634 3000 4697 τελείας
3035 4635 3111 4697 είς
3140 4633 3460 4706 τελειότητα
3513 4639 3852 4712 συγκραθεὶς

424 4735 612 4792 amico
636 4733 706 4786 ad
738 4726 1174 4801 perfectionem,
1228 4723 1546 4776 amicitiam
1593 4731 1892 4796 comparet
1950 4743 2064 4781 non

2190 4727 2253 4794 τῷ
2283 4722 2451 4800 φίλῳ,
2485 4722 2718 4795 ἐξανύσει
2749 4721 2934 4802 φιλίαν
2981 4724 3041 4778 οὐ
3097 4726 3348 4801 μερικὴν,
3384 4723 3528 4781 ἀλλὰ
3581 4729 3669 4797 τῷ
3725 4723 3849 4782 ὄντι

426 4822 753 4897 partialem,
776 4817 877 4873 sed
911 4829 1153 4887 prorsus
1182 4811 1441 4878 totalem,
1501 4815 1660 4868 totus
1697 4814 1802 4868 toti
1858 4814 2066 4882 amico,

2190 4809 2394 4882 ὃλικήν.
2426 4811 2556 4874 ὅλος
2580 4811 2697 4885 ὅλῳ
2729 4813 3159 4888 συγκεκραμένος
3179 4819 3578 4887 πνευματικῶς,
3608 4819 3701 4888 τῷ
3734 4816 3850 4871 εἴτε

429 4917 530 4970 aut
560 4910 744 4973 fratri,
775 4911 876 4962 aut
907 4904 1024 4958 tilio
1069 4899 1454 4972 spiritualiter
1509 4903 1879 4973 conjunctus.
1941 4904 2070 4959 Haec

2190 4899 2344 4977 φίλῳ,
2378 4898 2482 4956 εἷ’τε
2508 4900 2748 4980 ἀδελφῷ,
2784 4901 2889 4958 εἷίτε
2917 4905 3004 4958 καὶ
3051 4906 3238 4976 τέκνῳ.
3274 4902 3452 4959 Πάντα
3507 4904 3608 4980 γὰρ
3668 4910 3853 4961 ταῦτα

429 5001 583 5057 enim
617 4997 814 5054 omnia
834 4996 904 5050 ad
929 4992 1174 5047 invicem
1200 5005 1429 5055 sumus,
1469 4990 1560 5044 Dei
1581 4991 1784 5062 gratia,
1810 4991 1914 5047 filii
1946 4993 2066 5061 Dei,

2190 4994 2315 5044 θεοῦ
2347 4990 2533 5066 χάριτί
2564 4989 2723 5064 ἐσμεν
2757 4989 3032 5062 ἀλλήλοις
3063 4994 3114 5048 οἱ
3150 4997 3247 5048 τοῦ
3287 4998 3440 5061 Θεοῦ,
3473 4991 3560 5048 ἐὰν
3607 5000 3854 5070 φρονῶ-

431 5091 481 5148 si
513 5093 663 5145 recte
685 5085 950 5158 sapimus
975 5097 987 5136 :
1016 5079 1272 5152 primum
1297 5077 1532 5150 quidem
1558 5085 1796 5152 propter
1814 5097 2071 5137 commu-

2190 5100 2277 5154 μεν
2315 5078 2466 5156 ὀρθά·
2497 5081 2560 5136 τὸ
2623 5082 2716 5154 μὲν
2775 5079 2864 5136 διὰ
2916 5082 3014 5151 τήν
3046 5083 3337 5139 κοινωνίαν
3365 5089 3466 5153 τῆς
3508 5082 3646 5138 κατὰ
3707 5085 3848 5140 Θεὸν

424 2791 558 2831 cum
593 2773 792 2827 florem
818 2767 1088 2825 amicitias
1111 2765 1345 2821 emittit.

495 2864 586 2916 5‘2.
619 2860 767 2926 Quid
801 2856 976 2912 dico?
1006 2855 1223 2910 Verum
1276 2858 1332 2909 et
1380 2871 1660 2926 magnum
1715 2857 2069 2914 monachum

424 2951 587 3007 velut
620 2960 1055 3020 quemcumque
1087 2943 1382 2999 sincerum
1437 2942 1858 3013 Christianum,
1907 2963 2072 3018 Opor-

2181 5311 2284 5354 seu
2309 5295 2584 5372 clericum
2617 5296 3049 5366 saecularem,ut
3077 5295 3853 5372 iapopovéxovmonachum

2181 5370 2565 5426 sacerdotem.

2251 5443 2380 5512 (5“)
2414 5441 2532 5497 Hoc
2564 5457 2594 5494 Α
2627 5443 2716 5514 est
2766 5439 3118 5514 ingmargine
3176 5442 3346 5512 cujus
3403 5441 3630 5514 reliqua
3655 5443 3844 5514 bibli-

2179 5511 2379 5586 opegaé
2409 5514 2597 5569 culter
2625 5512 2898 5579 abscidit,
2925 5511 3263 5570 truncatum
3290 5511 3617 5570 videtur—ex
3677 5511 3846 5587 λογι-

2177 5603 2301 5653 κην.

496 5305 572 5379 (5)
599 5377 604 5379 Α
628 5302 753 5358 Vox
782 5295 990 5379 -πάπας
1013 5365 1028 5379 ε
1048 5291 1204 5374 apud
1230 5366 1240 5379 ι
1264 5290 1576 5379 scriptores
1644 5293 2072 5379 ecclesiasticos

423 5363 732 5452 reperitur,
766 5371 836 5426 de
867 5385 993 5452 qua‘
1013 5363 1313 5452 haéc‘inter
1342 5363 1857 5452 alianllucangius:
1894 5390 1923 5418 ‹‹
1952 5368 2069 5452 pb-

424 5435 615 5508 servat
644 5435 902 5512 Goarus;
928 5440 996 5495 ad
1032 5435 1295 5512 Euchol.,
1355 5454 1411 5506 p.
1437 5439 1586 5512 ‘298,
1635 5435 1831 5512 vo'cem
1891 5439 2072 5500 πάπας

426 5506 741 5594 dupliciter
771 5506 1004 5594 efferri}
1040 5506 1316 5594 ac‘iraiitav
1351 5508 1584 5594 quidem
1619 5511 1734 5594 dici
1766 5528 2069 5594 summum

427 5579 798 5670 pontificem,
820 5585 910 5670 vel
942 5579 1229 5670 singulari
1261 5581 1514 5670 quadam
1545 5585 1936 5670 appellatione
1956 5601 2072 5670 pa-

428 5655 742 5726 triarcham
771 5655 1235 5718 Alexandrinum
1261 5668 1275 5722 ;
1308 5655 1488 5707 παπᾶν
1521 5655 1655 5713 νει-ὸ
1677 5655 2068 5731 ⁵ειιειθιιίὶοιξηιι
