4104 6210
280 322 408 383 773

1292 326 1396 387 DE
1438 326 1936 388 EMENDANDA
1977 328 2164 391 VITA
2206 328 2689 395 MONACHIGA.

3581 350 3700 409 ’174

278 450 524 529 ἀγάπης,
583 454 647 509 τὸ
679 451 757 526 δδ,
808 451 893 509 ὅτι
941 453 1034 509 τὸν
1090 453 1262 531 μέγαν
1300 454 1410 552 καὶ.
1448 459 1666 552 πρῶτον
1726 456 1939 552 Πατέρα

2061 476 2184 516 nem
2217 462 2274 517 in
2327 467 2440 519 Deo
2491 482 2789 535 amorem;
2845 470 3190 539 secundum,
3243 474 3381 544 quia
3412 491 3693 552 magnum

278 543 637 617 κοινούμεθα’
664 544 729 599 τὸ
762 540 820 598 δὲ
846 542 1049 620 τρίτον,
1097 545 1181 600 ὅτι
1239 542 1526 616 ἀλλήλους
1571 546 1939 623 ἀναγεννῶμεν

276 633 349 688 τὰ.
394 634 536 701 Θεῖα,
569 634 616 689 εἱ
644 633 737 687 τὸν
764 637 863 688 τοῦ
892 637 1026 689 Θεοῦ
1064 629 1233 711 φόϐον
1288 629 1768 708 συλλαμϐάνοντες
1813 633 1943 690 ὠδί-

277 743 477 794 νομεν,
529 721 619 777 καὶ
673 721 929 796 τίκτομεν
989 723 1263 797 σωτηρίας
1314 728 1548 797 πνεῦμα,
1602 720 1825 787 ἕκαστος
1849 725 1941 780 τὸν

274 811 527 883 πλησίον
574 810 1004 891 ἐπωφελοῦντες·
1052 814 1142 868 ὅτε
1186 812 1275 867 καὶ
1307 813 1335 867 ὁ
1369 814 1465 886 μὲν
1493 812 1724 892 ὠφελῶν
1780 812 1942 892 φίλος

274 902 465 976 πατὴρ
511 899 571 955 ὼ
621 898 903 975 λογίζοιτο
958 898 1051 955 διὰ
1094 901 1158 956 τὸ
1200 903 1316 956 κατ’
1356 902 1550 979 ἀρετὴν
1574 897 1883 979 πρεσϐεῖον,
1914 904 1943 958 ὁ

274 987 336 1045 δι
366 989 759 1069 ὠφελούμενος
793 990 872 1054 εἷς
898 991 1084 1046 τέκνον
1114 989 1389 1047 τάπυιτο.

351 1170 453 1245 νγ’.
510 1169 697 1245 Ἔχεις
724 1165 847 1224 ΐδοὺ
883 1168 977 1224 καὶ
1021 1166 1287 1245 δευτέραν,
1338 1171 1384 1224 ὧ
1437 1167 1658 1246 ἀδελφὶ,
1713 1174 1813 1240 τῆς
1849 1192 1944 1244 με-

280 1261 447 1333 ρικῆς
500 1256 687 1337 φιλίας
740 1258 1060 1330 ἀνάπτυξινο
1111 1258 1201 1314 καὶ
1260 1259 1474 1335 γὲνοιτό
1542 1280 1626 1315 σοι
1685 1258 1746 1315 ἔκ
1810 1263 1944 1315 Θεοῦ

279 1346 543 1403 ἰπίπνοια
577 1394 595 1419 ,
681 1349 1146 1422 καταπράττεσθαι
1218 1348 1282 1404 τὸ
1358 1346 1533 1412 οὕτως
1613 1346 1943 1423 ὁλοκλήρως

274 1436 525 1514 φιλικόν.
588 1433 849 1513 Εῧχομαι
881 1434 942 1492 δὲ.
967 1442 1131 1493 τοῦτο
1161 1437 1260 1493 οὐκ
1291 1437 1368 1500 εἰς
1429 1439 1626 1511 μάτην,
1682 1436 1810 1493 ἀλλ’
1862 1436 1945 1493 ὅτι

282 1524 483 1603 βλᾶπω
511 1526 606 1589 τὰς
660 1526 713 1581 ἐν
760 1532 879 1589 τοῖς
928 1527 1064 1582 κατὰ
1094 1527 1152 1581 σὲ
1180 1524 1556 1605 ἀδελφότητας
1610 1526 1947 1605 φιλουμὲνας

274 1615 421 1674 κατά
450 1616 636 1692 μέρος⁸
681 1615 773 1671 καὶ
805 1614 935 1670 αὐτὸ
988 1613 1116 1691 οὐχὶ
1171 1612 1489 1692 ἀδρομερὶς,
1549 1613 1687 1670 ἰλλὰ
1747 1620 1945 1693 μικροῦ

281 1706 507 1782 ἀμερές.
564 1703 635 1759 Τὸ
700 1700 760 1759 δὲ
824 1701 1021 1773 αἶ’τιον,
1090 1705 1173 1759 ὅτι
1234 1701 1520 1777 δυσμελῶς
1578 1704 1824 1780 ἁρμόττῃ
1883 1705 1946 1759 τὸ

281 1794 585 1872 σύμφωνον
614 1797 714 1848 τοῦ
743 1790 1025 1869 τριαδικοῦ
1072 1796 1169 1863 τῆς
1216 1796 1422 1870 ψυχῆς,
1480 1797 1575 1848 τοῦ
1608 1815 1668 1849 τε
1721 1792 1774 1848 ἐν
1835 1793 1943 1863 σοὶ,

277 1884 379 1939 καὶ
408 1888 508 1939 τοῦ
552 1884 690 1939 κατὰ
717 1884 816 1952 τήν
866 1879 1229 1961 ἀδελφότητα’
1262 1882 1353 1937 καὶ
1384 1879 1508 1938 οὔτε
1550 1881 1678 1945 τοὺς
1736 1883 1946 1955 θυμοὺς

288 1977 537 2050 μετρεῖς,
569 1973 644 2035 ὡς
693 1970 948 2047 ἀνωτέρω
1001 1970 1287 2047 ἐλέγομεν,
1341 1970 1464 2027 οὔτε
1519 1976 1615 2033 τὰς
1663 1970 1949 2045 ἰπιθυμίας

292 2056 682 2135 συμϐιϐάζεις,
737 2061 813 2123 ὡς
861 2061 890 2116 ὁ
935 2061 1114 2115 κανὼν
1177 2059 1453 2136 βούλεταί⁸
1507 2060 1598 2116 καὶ
1647 2061 1709 2115 τὸ
1765 2062 1946 2115 κοινὸν

286 2150 350 2208 δὶ
383 2151 609 2225 λογικὸν
643 2149 695 2205 ἰν
727 2151 863 2224 ἡμῖν
891 2150 1232 2226 τετάρακταιο
1283 2149 1373 2204 καὶ
1426 2150 1491 2205 οὐ
1542 2150 1817 2225 κατέχεις,
1864 2150 1947 2205 ὅτι

287 2242 395 2297 οὐκ
422 2238 566 2296 ἔστιν
614 2237 739 2295 οὔτε
787 2236 1114 2315 ἀδελφότης,
1182 2234 1306 2294 οὔτε
1356 2236 1532 2316 φιλία,
1592 2237 1717 2295 οὕτε
1769 2260 1948 2295 κοινο-

287 2326 548 2406 ϐιαρχία,
583 2324 707 2384 οὔτε
736 2324 882 2399 ἄλλη
913 2348 997 2389 τις
1021 2326 1277 2383 κοινωνία
1307 2327 1419 2402 (καὶ
1463 2328 1528 2383 οὐ
1579 2326 1721 2405 λέγω
1781 2324 1945 2402 μόνον

283 2421 391 2488 τήν
460 2418 856 2491 πνευματικὴν,
924 2413 1070 2471 ἀλλὰ
1123 2416 1214 2470 καὶ
1268 2420 1440 2470 πᾶσαν
1496 2415 1757 2490 ἑτεροίαν)
1797 2415 1850 2472 ἐν
1909 2416 1947 2491 ᾖ

284 2508 392 2563 ούκ
420 2506 565 2563 ἔστιν
628 2505 815 2577 ἰσότης
870 2503 1121 2579 ἔλλογος,
1181 2503 1273 2559 καὶ
1324 2507 1360 2575 ὴ
1393 2503 1628 2560 ἐντεῦθεν
1669 2504 1945 2582 ἴσηγορία.

282 2599 367 2654 Τὸ
395 2597 503 2673 γὰρ
561 2594 822 2669 ἀνόμοιον
869 2593 961 2650 καὶ
1018 2595 1197 2649 ἄνισον
1255 2595 1584 2670 συγχυτικὸν
1641 2600 1944 2671 πανταχοῦ,

285 2688 383 2743 ὅτε
434 2686 513 2759 μὴ
562 2685 701 2739 κατὰ
725 2681 890 2759 λόγον
948 2682 1316 2753 ἀποτελεῖται,
1375 2683 1434 2738 ’ὀν
1470 2681 1688 2738 δύναται
1725 2683 1817 2757 μέν
1864 2706 1948 2749 τις

282 2776 381 2832 καὶ
429 2774 799 2850 γεωμετρικὸν
850 2772 1043 2844 εἰπεῖν,
1102 2772 1161 2835 ὃς
1216 2772 1267 2827 ἂν
1317 2771 1601 2846 ἀνομοίοις
1645 2772 1947 2847 ὁμοιότητα

283 2863 576 2938 φυλάττω
640 2863 876 2936 μάλιστα
928 2858 985 2916 δὲ
1025 2860 1211 2924 καλῶς
1258 2858 1319 2916 ἂν
1357 2859 1500 2917 εἴποι
1557 2861 1945 2937 πνευματικόν,

284 2952 375 3008 ὅτι
404 2952 498 3007 καὶ
529 2950 919 3019 ἀποστολικὸν,
948 2950 1009 3005 οὗ
1041 2951 1243 3024 θεωρία
1293 2949 1385 3005 καὶ
1438 2945 1521 3005 τό·
1558 2973 1588 3003 ι(
1628 2952 1722 3020 Μὴ
1755 2952 1945 3013 πάντες

284 3041 613 3112 ἀπόστολοι,
667 3063 697 3092 ››
743 3039 927 3095 καὶτὰ
982 3038 1132 3112 ἑξῆς·
1182 3037 1313 3116 ὅπερ
1342 3038 1433 3093 καὶ
1490 3039 1554 3094 σὺ
1585 3038 1642 3094 εὖ
1683 3037 1867 3109 εἰδὼς,
1898 3038 1944 3095 ὤ

290 3129 741 3206 μεγαλομόναχε,
801 3129 951 3202 ὅμως
1000 3128 1062 3183 ού
1113 3126 1265 3191 θὲλες
1315 3122 1647 3203 ἐξακριϐοῦνο
1678 3128 1776 3195 ὡς,
1836 3149 1944 3203 ειγε

2051 554 2107 604 et
2139 551 2392 621 primum
2426 558 2647 623 patrem
2703 556 2985 612 habemus
3029 576 3438 634 communem;
3474 551 3532 624 et
3580 577 3693 625 ter-

2050 638 2221 704 tium,
2256 642 2393 710 quia
2440 643 2534 697 alii
2569 644 2713 700 alios
2767 648 2823 701 in
2857 647 3068 705 divinis
3119 653 3291 708 rebus
3324 672 3697 728 generamus,

2053 728 2100 781 si
2135 729 2404 784 timorem
2442 734 2534 786 Dei
2569 735 2982 806 concipientes,
3016 739 3459 809 ingemisaimus
3490 752 3545 802 et
3568 766 3699 820 par-

2051 819 2306 873 turimus
2335 822 2610 891 spiritum
2643 825 2871 892 salutis,
2897 828 3142 899 quisque
3175 834 3505 902 proximum
3531 819 3699 909 adju-

2052 912 2255 961 vantes
2287 925 2298 962 :
2335 912 2567 980 quando
2623 915 2717 984 qui
2754 917 2987 985 adjuvat
3039 936 3104 973 ex
3136 921 3305 976 senili
3357 926 3567 983 virtute
3600 946 3703 1000 pa-

2053 999 2142 1050 ter
2198 999 2468 1053 amabilis
2525 1001 2635 1056 dici
2698 1010 2903 1074 potest,
2962 1012 3018 1061 et
3071 1010 3169 1078 qui
3229 1012 3541 1082 adjuvetur
3595 999 3701 1088 pro

2053 1082 2171 1137 ﬁlio
2200 1086 2477 1155 reputari.

2123 1173 2211 1227 53.
2249 1175 2389 1229 Ecce
2416 1194 2622 1231 novam
2656 1177 2856 1245 habes,
2892 1183 2968 1236 mi
3023 1186 3216 1252 frater,
3252 1189 3513 1259 partialis
3548 1196 3701 1250 ami-

2054 1261 2201 1316 citias
2253 1263 2676 1338 deﬁnitionem,
2708 1273 2763 1322 et
2815 1271 3038 1327 utinam
3085 1278 3139 1328 te
3175 1277 3321 1332 Deus
3355 1279 3597 1351 inspiret
3628 1287 3700 1341 ad

2054 1353 2398 1406 servandam
2434 1353 2593 1409 illam
2626 1357 3010 1414 universalem
3035 1363 3557 1432 amicitiam.Quod
3585 1389 3697 1429 non

2054 1444 2188 1510 opto
2240 1440 2297 1494 in
2346 1459 2561 1498 vanum
2593 1470 2606 1511 ;
2638 1446 2851 1501 etenim
2904 1449 3070 1505 video
3122 1452 3327 1509 fratres
3388 1462 3520 1513 tuos
3569 1477 3703 1531 par-

2053 1529 2182 1594 tim,
2220 1547 2331 1585 non
2377 1549 2592 1603 magna
2621 1551 2687 1589 ex
2735 1542 2918 1608 parte,
2954 1540 3053 1593 sed
3090 1541 3233 1595 forte
3280 1544 3460 1613 nulla,
3496 1529 3701 1607 amari.

2054 1616 2242 1672 Causa
2272 1625 2360 1674 est
2390 1620 2732 1694 discrepans
2783 1627 3092 1683 concordia
3141 1631 3316 1686 trium
3354 1634 3700 1696 facultatum

2055 1707 2282 1776 animas,
2316 1714 2428 1763 tua:
2461 1712 2721 1781 quidem,
2767 1720 2824 1769 et
2855 1716 3097 1772 fratrum
3132 1724 3365 1776 tuorum
3403 1740 3413 1779 :
3451 1743 3554 1782 nec
3585 1728 3705 1783 ira-

2056 1796 2260 1850 scibile
2295 1798 2506 1868 frenas,
2538 1807 2601 1854 ut
2653 1820 2827 1873 supra
2878 1806 3153 1875 diximus,
3188 1827 3290 1865 nec
3341 1818 3706 1887 concupisci-

2058 1884 2171 1937 bile
2205 1889 2530 1958 componis,
2561 1894 2623 1942 ut
2646 1892 2903 1962 postulat
2930 1896 3168 1966 regula;
3204 1917 3337 1956 nam
3371 1908 3705 1964 communis

2058 1974 2207 2028 ratio
2265 1975 2321 2029 in
2384 1978 2552 2031 nobis
2612 1983 2957 2037 conturbata
3011 1994 3097 2041 est
3151 2005 3162 2053 ;
3224 2006 3327 2044 nec
3386 1997 3709 2054 recordaris

2058 2062 2264 2118 abesse
2292 2065 2738 2135 fraternitatem,
2771 2077 2826 2125 et
2875 2073 3215 2143 amicitiam,
3251 2084 3306 2133 et
3336 2080 3512 2137 vitam
3548 2102 3709 2142 com-

2060 2168 2320 2222 munem,
2354 2160 2409 2208 et
2450 2173 2865 2231 quamcunque
2913 2166 3415 2235 communitatem,
3452 2174 3588 2242 (non
3621 2194 3712 2231 so-

2059 2240 2175 2295 lam
2219 2242 2343 2297 dico
2394 2245 2780 2317 spiritualem,
2834 2251 2931 2305 sed
2984 2254 3304 2322 quamlibet
3353 2240 3572 2333 aliam),
3609 2265 3709 2319 ubi

2058 2332 2219 2385 deest
2251 2334 2614 2390 rationabilis
2656 2339 2976 2408 aequalitas,
3025 2341 3283 2415 itemque
3332 2346 3607 2420 loquendi
3641 2353 3709 2409 1i-

2057 2420 2274 2475 bertas.
2302 2422 2434 2485 Quae
2459 2425 2611 2478 enim
2635 2426 2859 2482 diversa
2877 2434 2931 2482 et
2962 2430 3271 2504 inaequalia
3295 2443 3451 2509 sunt,
3474 2458 3705 2515 semper

2058 2509 2487 2581 disturbantur,
2533 2514 2645 2567 nisi
2700 2516 3044 2573 ordinentur
3090 2523 3310 2580 ratione
3360 2544 3535 2598 quam
3568 2548 3702 2604 geo-

2058 2599 2362 2653 metricam
2413 2602 2623 2672 aliquis
2670 2611 2856 2674 potest
2901 2608 3092 2664 dicere
3140 2599 3598 2675 similitudineai
3644 2623 3702 2678 in

2057 2687 2446 2744 dissimilibus
2476 2694 2803 2761 :servatam,
2838 2700 2895 2750 et
2947 2700 3194 2756 maxime
3240 2706 3602 2774 spiritualem
3648 2717 3706 2768 et

2057 2777 2457 2847 apostolicam,
2511 2782 2680 2850 cujus
2733 2784 2853 2838 haec
2904 2791 2992 2841 est
3041 2789 3306 2847 theoria:
3342 2796 3525 2852 «Non
3577 2817 3702 2856 om-

2055 2881 2159 2919 nes
2192 2866 2523 2936 apostoli,»
2572 2873 2626 2923 et
2673 2870 2998 2942 reliqua";
3051 2880 3205 2948 quod
3258 2884 3477 2953 optime
3526 2890 3699 2959 nosti,

2054 2970 2086 3009 ο
2148 2970 2358 3026 magne
2419 2959 2720 3026 monacho,
2783 2965 3057 3032 perﬁcere
3116 2974 3307 3026 autem
3364 2990 3478 3028 non
3538 2977 3624 3033 vis
3685 2997 3698 3037 :

2053 3058 2211 3108 nam,
2260 3048 2314 3098 te
2361 3044 2602 3115 volente,
2638 3064 2873 3106 necesse
2920 3060 3044 3109 erat
3093 3059 3414 3127 quemlibet
3465 3065 3698 3124 obvium

2055 3131 2314 3198 fratrem,
2350 3137 2413 3185 ut
2444 3135 2627 3203 decet,
2662 3155 2693 3191 a
2724 3142 2775 3191 te
2809 3143 3005 3211 statui,
3040 3145 3137 3198 ubi
3168 3151 3490 3217 oportebat.

286 3220 423 3276 αὐτὸ
496 3216 728 3289 ἤθελες,
803 3223 976 3293 ῖχρῆν
1052 3238 1111 3273 σε
1180 3218 1624 3295 προσφερόμενον
1698 3216 1917 3287 ἅπασιν,
1993 3216 2067 3278 ὡς
2144 3215 2400 3292 ἔπρεπεν,
2480 3223 2837 3295 ἀποκαθιστᾷν
2922 3225 3145 3285 ἕκαστον
3227 3232 3494 3312 ἀδελφὸν,
3578 3238 3702 3306 ἔνθα

289 3307 428 3365 ἔδει.

363 3394 465 3453 νδ’.
496 3395 700 3457 Πάντες
747 3393 805 3450 δὶ
852 3391 936 3450 δεῖ
981 3395 1073 3450 τὸν
1136 3395 1233 3468 μὶν
1293 3393 1427 3468 μετὰ
1470 3394 1667 3491 ἀρετῆς
1715 3414 1942 3491 πρακτι-

2125 3397 2214 3450 54.
2249 3401 2483 3469 Oportet
2529 3402 2697 3472 plane
2739 3406 3024 3475 optimum
3077 3414 3406 3481 operarium
3456 3421 3708 3491 negotiis

286 3488 387 3541 κὸν
438 3484 833 3560 ἰγκαθιστάνειν
914 3488 1034 3546 τοῖς
1108 3488 1563 3560 μοναστηριακοῖς
1644 3485 1945 3560 πράγμασι,

287 3576 385 3631 τὸν
443 3571 501 3629 δὲ
559 3571 821 3630 δοκοῦντα
871 3573 964 3646 μὶν
1021 3571 1232 3645 εὐφυῶς
1262 3570 1407 3649 ἔχειν
1464 3568 1777 3647 ὶπιπρέπειν
1809 3571 1949 3649 ἔργῳ

287 3662 551 3737 τοιούτῳ,
615 3664 784 3736 μήπω
812 3659 869 3718 Si
896 3659 1357 3741 πληροφοροῦντα
1410 3661 1507 3730 τὴν
1554 3660 1811 3733 τοιαύτην
1852 3659 1948 3717 δό-

288 3774 476 3824 κησιν,
516 3748 873 3827 παραδιδόναι
932 3755 1013 3823 τῷ
1062 3751 1179 3805 κατ⁹
1228 3750 1423 3825 ἀρετὴν
1480 3755 1842 3827 πραγματικῷ
1893 3749 1947 3806 ἐν

288 3847 418 3905 τοῖς
471 3839 600 3911 ἔξω’
650 3837 744 3895 ἵνα
795 3840 1209 3916 συνεζευγμένος
1270 3838 1476 3912 ἐκείνῳ,
1534 3840 1620 3894 οἶα
1668 3840 1757 3895 καὶ
1819 3837 1949 3916 βοῦς

293 3929 589 4003 ἀπείρατος
672 3927 967 4004 ἰργατείας,
1060 3929 1301 4003 μανθάνῃ
1388 3933 1740 4007 συγγεωργεῖν
1769 3948 1783 3961 ·
1858 3930 1950 3984 καὶ

298 4020 490 4093 μαθὼν
552 4018 649 4091 μὲν
706 4016 1042 4094 ἀποκαχθείη
1074 4018 1165 4072 καὶ
1196 4016 1357 4080 αὐτὸς
1416 4016 1470 4080 ἐς
1501 4019 1629 4093 βοῦν
1670 4018 1948 4095 ἐργατικὸν

296 4104 651 4164 διδάσκαλον·
705 4104 945 4179 σκληρὸς
1017 4103 1076 4161 δὶ
1135 4101 1393 4175 ἀπεκϐὰς,
1448 4107 1525 4169 ὡς
1577 4106 1667 4161 καὶ
1722 4103 1949 4184 ἄροτρον

295 4190 626 4272 συντρίϐειν,
671 4196 763 4251 καὶ
815 4194 1019 4269 ἅμαξαν
1048 4193 1342 4267 κατακλᾷν,
1392 4195 1482 4249 καὶ
1514 4194 1688 4258 οὕτως
1726 4196 1950 4272 ἀχρεῖος

298 4287 460 4353 εἶναι,
516 4283 834 4359 ἐπιταχθείη
888 4282 1035 4339 ἄλλο
1083 4304 1137 4338 τι
1195 4281 1349 4360 ἔργον
1400 4288 1600 4351 ποιεῖν,
1655 4281 1726 4338 δι’
1756 4283 1818 4339 οὗ
1873 4287 1949 4358 μὴ

297 4371 418 4451 ἔχει
456 4372 714 4448 βλάπτειν
740 4373 803 4427 τὸ
864 4374 1250 4449 μοναστήριονο
1296 4371 1358 4427 ού
1419 4373 1525 4446 μὴν
1589 4372 1732 4428 οὕτω
1789 4371 1956 4445 σκλη-

298 4459 725 4537 ροροτράχηλον
759 4458 1127 4537 ἐληλεγμένον
1164 4459 1496 4535 ὑπερτιθὲναι
1548 4460 1637 4517 καὶ
1688 4468 1957 4539 προτιμᾶ-

295 4553 424 4607 σθαι
455 4553 552 4604 τοῦ
596 4549 902 4625 ταλαεργοῦ
929 4549 1020 4604 καὶ
1074 4549 1354 4626 σώφρονος
1407 4547 1611 4605 ἐκείνου
1673 4551 1821 4626 βοὸς,
1880 4552 1955 4616 ὠς

296 4640 465 4695 αὐτὸν
522 4640 615 4712 μὲν
675 4643 1007 4715 παρατηρεῖν
1058 4644 1506 4715 καταγνωστικῶς
1539 4687 1554 4712 ,
1607 4644 1687 4713 τῷ
1748 4640 1806 4696 δὶ
1860 4663 1954 4697 κα-

2058 3489 2397 3543 monasterii
2449 3507 2511 3545 se
2560 3492 2873 3562 applicare,
2929 3496 3349 3573 hominemque
3400 3505 3499 3576 qui
3533 3489 3706 3567 natus

2058 3576 2287 3630 videtur
2316 3579 2383 3630 ad
2440 3579 2556 3633 haec
2588 3597 2761 3650 opera
2812 3600 3085 3656 prospere
3134 3593 3380 3662 agenda,
3433 3593 3512 3649 illi
3548 3599 3705 3668 operi

2060 3680 2120 3718 se
2153 3665 2419 3719 addicere
2447 3685 2458 3733 ;
2487 3684 2736 3739 eumque
2761 3673 2860 3742 qui
2891 3672 3041 3729 hanc
3064 3694 3224 3748 spem
3253 3697 3363 3736 non
3395 3685 3581 3753 affert,
3609 3704 3708 3759 op-

2060 3753 2201 3807 timo
2234 3755 2494 3824 operario
2545 3757 2601 3811 in
2652 3762 2826 3816 rebus
2877 3765 3260 3823 exterioribus
3312 3773 3577 3843 tradere;
3613 3778 3707 3833 cui

2061 3842 2391 3913 colligatus,
2428 3850 2491 3898 ut
2522 3846 2624 3902 bos
2657 3851 2860 3906 arandi
2912 3854 3167 3925 nescius,
3221 3859 3408 3915 discat
3440 3879 3556 3919 una
3587 3882 3711 3921 ara-

2061 3948 2139 3985 re.
2194 3933 2435 3988 Etcum
2497 3936 2794 4005 didicerat,
2859 3941 2984 4012 ipse
3036 3948 3097 3998 ut
3158 3946 3264 4002 hos
3324 3951 3550 4020 operari
3608 3955 3710 4010 do-

2062 4037 2200 4075 cens
2259 4027 2599 4093 statuetur;
2658 4044 2686 4081 e
2741 4034 2943 4084 contra
3001 4049 3128 4088 cum
3188 4036 3459 4095 indoctus
3515 4058 3712 4098 evase-

2060 4110 2155 4177 rit,
2203 4111 2279 4164 ita
2331 4116 2396 4165 ut
2443 4118 2703 4169 aratrum
2763 4120 3110 4191 confringet,
3164 4124 3492 4195 plaustrum
3552 4149 3711 4187 rum-

2064 4203 2184 4270 pat,
2215 4204 2270 4253 et
2319 4202 2394 4254 sit
2443 4202 2690 4269 inutilis,
2743 4208 2811 4260 ad
2863 4208 3097 4280 aliquod
3148 4214 3304 4269 aliud
3359 4235 3508 4289 opus
3557 4220 3712 4275 ordi-

2065 4289 2320 4351 nabitur,
2379 4307 2411 4343 a
2462 4308 2575 4362 quo
2636 4294 3053 4353 detrimentum
3115 4308 3536 4362 monasterium
3598 4326 3711 4364 non

2065 4377 2274 4448 capiat.
2320 4379 2516 4450 Neque
2565 4381 2887 4440 indomitus
2948 4388 3052 4444 bos
3111 4397 3554 4463 anteponendus
3603 4402 3713 4466 est,

2067 4470 2122 4520 et
2166 4467 2351 4538 magis
2400 4468 2801 4543 honorandus,
2855 4492 3029 4547 quam
3085 4479 3182 4534 ille
3239 4483 3461 4552 peritus
3517 4491 3571 4539 et
3621 4502 3713 4540 sa-

2067 4555 2256 4625 piens,
2316 4558 2396 4611 ita
2447 4563 2509 4613 ut
2568 4565 2948 4631 posteriorem
3012 4570 3519 4626 condemnandum
3569 4590 3718 4644 pone

2068 4645 2360 4709 observes,
2405 4649 2776 4721 prioremque
2825 4656 3080 4717 emittas,
3118 4675 3303 4728 neque
3365 4659 3471 4715 hoc
3523 4662 3716 4732 modo,

296 4728 526 4805 κούργῳ
581 4727 771 4802 ἰκείνῳ
816 4728 1018 4804 ἐφιέναι
1069 4729 1137 4784 τὰ
1185 4728 1472 4806 γεωργικάο
1534 4728 1632 4785 ούκ
1666 4730 1817 4826 μαῦτὸ
1867 4733 1949 4805 μό·

2069 4734 2166 4786 sed
2203 4752 2332 4789 cum
2367 4737 2560 4792 videas
2596 4740 2650 4793 in
2676 4757 2808 4795 area
2840 4743 3177 4814 saltantem,
3202 4764 3312 4802 non
3347 4750 3719 4806 triturantem

297 4839 414 4884 νον,
473 4813 618 4871 ὀλλᾶ
646 4817 737 4871 καὶ
795 4821 1052 4893 περιορᾷν
1108 4817 1309 4872 ἱκεῖνον
1364 4822 1803 4894 κατασκιρτῶντα
1864 4826 1961 4890 τῆς

299 4903 520 4972 ἀλωῆς,
564 4900 686 4959 οὔτε
738 4901 1010 4975 ἀλοῶντα,
1066 4906 1141 4968 ὡς
1193 4904 1270 4977 μὴ
1324 4908 1496 4981 φιμοῦ
1552 4901 1782 4970 δίεσθαι,
1817 4902 1962 4962 ἀλλὰ

302 4993 426 5063 εἰκῆ
485 4992 834 5057 κατεσθίοντα
915 4993 985 5047 τὰ
1062 4988 1370 5068 δράγματα,
1445 4988 1568 5048 οὔτε
1624 4993 1966 5070 ἀπεχόμενον

298 5087 403 5139 τοῦ
452 5081 772 5156 σπαράττειν
810 5080 874 5137 τὸ
919 5080 1188 5159 τρόφιμον
1252 5080 1343 5135 σδν
1394 5084 1475 5153 τῷ
1527 5078 1618 5136 καὶ
1669 5080 1970 5155 ιὶμύνεσθα⁸

298 5171 547 5249 κέρασιν,
580 5171 634 5227 εἷ’
674 5191 758 5233 τις
804 5169 1171 5247 προσπελάσει
1223 5168 1424 5234 ιθίλων
1475 5167 1817 5227 ἀποκωλύειν
1870 5178 1969 5229 τοῦ

299 5255 777 5339 καταϐιϐρώσκειν
805 5261 875 5316 τὰ
900 5266 1004 5331 τῆς
1039 5266 1231 5335 μονῆς.

374 5352 469 5409 νε’.
530 5350 628 5406 Καὶ
683 5349 854 5427 ἰχρῆν
911 5350 1005 5423 μὶν
1061 5346 1206 5405 οὕτω
1260 5346 1499 5424 γίνεσθαι
1535 5391 1551 5419 ,
1605 5349 1693 5411 ὡς
1742 5346 1964 5428 ἶφύμενο

300 5442 368 5497 οὗ
423 5442 632 5516 γίνεται
690 5436 767 5495 δὲ.
828 5438 926 5494 Διᾶ
981 5438 1077 5509 τίς
1123 5439 1246 5497 Ὀτι
1277 5443 1376 5509 τῆς
1410 5434 1623 5500 ἅλωνος
1656 5435 1969 5513 ἀπελαθεὲς,

318 5684 325 5689 -
379 5656 421 5694 ι’
457 5656 635 5713 ICor.
667 5671 770 5730 xu,
798 5655 891 5713 29.

2076 4826 2137 4874 ut
2193 4840 2256 4877 os
2310 4824 2530 4893 alligari
2594 4845 2703 4882 non
2767 4831 2843 4883 sit
2901 4849 3156 4901 necesse,
3221 4838 3321 4891 sed
3383 4840 3715 4910 manipulos

2074 4912 2295 4981 passim
2369 4920 2724 4985 carpentem,
2788 4937 2819 4972 a
2890 4921 3017 4976 cibo
3093 4924 3315 4981 edendo
3394 4945 3506 4983 non
3568 4930 3717 4985 desi-

2077 5006 2348 5069 stentem,
2382 5006 2438 5056 et
2482 5006 2756 5061 cornibus
2806 5016 3179 5081 avertentem,
3233 5015 3280 5069 si
3333 5017 3464 5088 quis
3495 5020 3720 5076 accedit

2077 5106 2147 5144 ne
2176 5090 2327 5146 bona
2357 5095 2693 5151 monasterii
2725 5097 3042 5170 disperdat,
3075 5102 3488 5175 impediturus.

2100 5382 2103 5387 -
2149 5358 2237 5414 55.
2273 5360 2354 5415 Ila
2384 5362 2507 5417 ﬁeri
2530 5365 2853 5434 oportebat,
2877 5345 3261 5441 tntdiximus;
3296 5388 3401 5429 nec
3424 5376 3618 5431 tamen
3642 5375 3724 5432 fa-

2082 5452 2239 5503 ctum
2272 5456 2378 5507 est.
2433 5452 2615 5517 Quam
2664 5455 2735 5511 ob
2789 5460 3081 5515 causam?
3136 5462 3275 5534 quia
3334 5480 3403 5520 ex
3448 5481 3583 5523 area
3615 5483 3719 5541 pro
