4104 6210
419 314 539 374 775
1195 307 1612 370 EUSTHATII
1657 305 2432 370 THESSALONICENSIS
2479 307 3065 372 METROPOLITE
3724 317 3845 378 ’Πϐ

423 443 658 519 pulsus,
700 444 772 499 ad
823 445 878 499 te
931 439 1298 513 confugiens,
1357 438 1438 493 mi
1496 437 1693 507 frater,
1754 439 2055 510 postquam

2181 437 2272 492 καὶ
2331 437 2407 502 είς
2467 441 2526 496 σὶ
2564 438 2951 518 προσδραμὼν,
2982 441 3028 496 ὦ
3057 438 3279 520 ἀδελφὶ,
3313 441 3402 499 καὶ
3431 441 3500 498 τὰ
3532 444 3627 517 μὶν
3661 441 3845 502 πλείω

423 535 594 607 plura
639 532 911 600 comedit,
964 531 1237 601 misitque
1286 529 1344 582 in
1391 532 1674 595 ventrem,
1728 543 1904 582 unam
1953 525 2055 597 spi-

2181 532 2725 603 καταμασησάμενος,
2775 531 2866 586 καὶ
2912 530 2989 594 είς
3035 531 3286 608 γαστέρα,
3339 533 3582 607 πεμψας,
3632 531 3730 589 ἕνα
3787 532 3846 590 δὲ

421 641 548 682 cam
582 628 682 679 aut
710 621 952 678 alteram
987 619 1157 674 labiis
1197 619 1535 686 admovens,
1561 616 1789 672 seducit
1811 615 2055 671 clemen'

2184 616 2407 692 στάχυν,
2435 617 2581 688 ἤπου
2624 620 2714 675 καὶ
2774 619 2869 676 δύο
2916 625 3023 676 τῶν
3064 619 3301 696 χειλέων
3352 617 3843 698 προϐεϐλημένος,

420 716 565 770 tiam
621 719 782 768 tuam
842 710 1113 764 mirantis
1172 706 1393 778 aliquid
1452 706 1605 778 quod
1664 706 1871 760 tritum
1930 720 2055 760 con-

2182 707 2432 781 γοητεύει
2474 712 2572 780 τὴν
2619 709 2669 765 ἐν
2721 711 2805 765 σοὶ
2855 709 3163 780 ἐπιείκειαν,
3210 711 3520 788 ἀγαπῶσαν,
3553 712 3638 767 ὅτι
3667 712 3840 769 καλόν

423 805 563 868 ﬁcit,
631 806 694 858 ut
776 802 992 854 bonum
1078 798 1281 853 afferre
1349 797 1420 851 ad
1508 799 1678 850 tuum
1751 793 2046 865 judicium

2179 817 2231 850 τι
2265 799 2625 874 παρακομίζει
2677 805 2744 874 τῇ
2797 798 3057 877 διακρίσει
3117 822 3233 870 σου,
3295 802 3686 877 ὃψωχόμενον
3719 826 3844 858 συνο

422 899 488 948 Et
526 893 680 953 idem
724 890 915 944 videre
965 892 1054 942 est
1103 887 1160 941 in
1212 887 1371 940 omni
1423 884 1534 940 alio
1567 883 1821 940 servitio.
1879 882 2055 938 Minus

2181 885 2348 944 τελεῖ.
2405 890 2482 946 Τὸ
2515 887 2558 944 δ’
2605 889 2734 945 αὐτὸ
2763 890 2852 944 καὶ
2885 889 2970 944 ἐπὶ
3005 890 3182 959 πάσης
3211 887 3391 961 ἄλλης
3418 890 3842 965 πλημμελεῖται

420 982 694 1038 laudatur
738 979 913 1034 homo
964 977 1062 1048 qui
1112 976 1340 1030 vineam
1393 973 1605 1046 diligit,
1659 978 1717 1028 et
1773 971 2055 1044 anteponi

2182 973 2472 1040 διακονίας.
2532 980 2592 1035 Ὁ
2644 978 2733 1034 ἐπὶ
2777 984 2873 1035 τοῦ
2933 979 3262 1052 ἀμπελῶνος
3321 979 3527 1055 ἀγαθὸς
3600 983 3697 1054 μὲν
3762 982 3838 1036 ὧν

418 1076 516 1127 tur
546 1085 911 1125 racemorum
943 1066 1177 1121 artifex:
1199 1065 1349 1120 alius
1380 1064 1617 1136 quidam
1646 1063 2055 1118 condemnatul

2179 1065 2677 1142 παρευδοκιμεῖται,
2753 1064 3231 1143 προσλαμϐάνεται
3308 1066 3367 1124 δὲ
3444 1072 3471 1125 6
3529 1071 3665 1125 κατᾶ
3722 1077 3835 1127 τῶν

418 1177 484 1216 eo
551 1159 706 1231 quod
777 1155 1094 1212 humilium
1167 1155 1467 1210 vinearum
1538 1170 1654 1209 non
1722 1151 2055 1208 misereatui

2183 1157 2426 1232 βοτρύων
2483 1156 2722 1234 ἐνεργής
2785 1157 2821 1232 ᾖ
2883 1159 2980 1232 μὶν
3033 1158 3597 1234 καταγινωσκόμενος,
3657 1161 3838 1232 οἶμαι,

418 1253 764 1305 onustarum
832 1246 1123 1302 fructibus
1204 1245 1504 1316 gravibus,
1572 1244 1629 1298 et
1711 1241 1780 1296 ad
1855 1245 2055 1296 terram

2178 1243 2261 1300 ὅτι
2323 1248 2398 1319 μὴ
2453 1244 2596 1302 ἐλεεῖ
2647 1246 2742 1310 τὰς
2815 1249 3064 1303 ταπεινὰς
3122 1245 3402 1321 ἀμπὲλοτς
3464 1250 3844 1325 βαρυνομὲνας

418 1341 904 1412 prostraturum;
962 1334 1114 1390 alius
1172 1338 1368 1389 autem
1425 1333 1698 1387 laudatur
1755 1329 1894 1401 quia
1949 1347 2055 1386 sarl

2177 1332 2408 1411 ἐπαχθεῖ
2451 1340 2530 1408 τῷ
2584 1340 2796 1412 καρπῷ,
2855 1337 2930 1398 ὡς
2985 1336 3075 1392 καὶ
3124 1339 3492 1393 κατασπᾶτθαι
3550 1338 3629 1402 είς
3656 1346 3783 1414 γῆνο
3815 1341 3842 1396 6

420 1432 618 1484 menta
675 1424 962 1498 permittit
1019 1425 1336 1495 quiescere,
1393 1420 1625 1478 sublato
1685 1420 1864 1475 nimio
1920 1435 2055 1492 pon-

2177 1420 2234 1477 δὲ
2286 1421 2704 1498 εὐλογούμενος,
2761 1423 2843 1480 ὅτι
2903 1425 3162 1480 ἀναπαύει
3192 1425 3258 1481 τὰ
3285 1423 3566 1498 κλήματα,
3595 1428 3662 1482 τὸ
3687 1426 3842 1483 πολὺ

419 1519 578 1583 dere,
629 1520 686 1572 et
734 1531 802 1571 ea
857 1514 928 1570 ad
988 1513 1177 1583 magis
1234 1511 1660 1567 ﬂorescendum
1712 1514 1916 1581 postea
1963 1509 2055 1563 ad-

2173 1515 2270 1566 τοῦ
2331 1511 2528 1589 βάρους
2587 1513 2806 1588 ἀπάγων
2837 1561 2853 1586 ,
2933 1516 3025 1569 καὶ
3083 1513 3256 1578 οὕτως
3310 1512 3586 1570 ἐνδίδωσιν
3647 1516 3842 1582 αὐτοῖς

418 1606 598 1662 ducit.
643 1605 699 1661 Si
760 1604 894 1676 quis
944 1603 1203 1658 furatum
1253 1602 1324 1656 ad
1384 1606 1609 1672 patrem
1659 1598 1918 1672 projecit,
1958 1598 2055 1654 hoc

2174 1600 2261 1655 ἐπὶ
2314 1601 2480 1657 πλέον
2541 1601 2759 1667 θάλλειν
2817 1602 2870 1667 ἐς
2897 1604 3085 1660 νέωτα.
3119 1604 3182 1658 El
3216 1601 3273 1659 δά
3299 1626 3352 1660 τι
3381 1609 3478 1660 τοῦ
3507 1603 3840 1679 κλίμματος

414 1697 485 1753 ad
579 1693 825 1751 salutem
912 1693 963 1748 ei
1031 1691 1129 1763 qui
1216 1695 1518 1763 peccatum
1608 1689 1912 1744 confessus
1978 1691 2055 1743 est

2171 1690 2260 1745 καὶ
2314 1696 2391 1763 τῷ
2435 1691 2599 1767 πατρέ
2649 1694 2963 1769 προσφέρει,
2999 1691 3147 1748 ἀλλά
3201 1698 3362 1749 τοῦτο
3416 1694 3492 1758 εἰς
3550 1696 3836 1772 σωτηρίαν

409 1785 587 1856 idque
617 1783 765 1856 patri
814 1800 847 1838 a
877 1781 1163 1854 principio
1195 1779 1442 1846 'evolvit,
1491 1779 1807 1848 deputatur
1835 1794 1847 1832 :
1881 1781 1939 1832 et
1979 1777 2055 1832 sic

2173 1780 2360 1853 ἐκείνῳ
2409 1781 2642 1857 κρίνεται
2699 1782 3281 1859 ἀνθομολογησαμένῳ
3323 1785 3384 1838 τὸ
3439 1789 3710 1857 πταῖσμα,
3745 1789 3837 1840 καὶ

413 1875 605 1931 furata
636 1871 1038 1928 benedictione
1088 1870 1214 1940 ipse
1257 1869 1314 1924 in
1350 1867 1686 1939 paradisum
1717 1866 2055 1922 intromitti-

2172 1871 2426 1946 ἀπαρχὴν
2479 1869 2642 1926 αὐτοῦ
2699 1871 3110 1948 προσενεγκόντι
3169 1878 3248 1946 τῷ
3300 1873 3487 1948 πατρὶ,
3531 1875 3622 1928 καὶ
3658 1874 3837 1937 οὕτως

410 1968 530 2032 tur,
587 1962 923 2033 talibusque
977 1960 1194 2032 dignus
1249 1958 1501 2014 habetur
1569 1957 1718 2011 votis
1785 1955 2055 2027 qualibus

2170 1958 2221 2013 ἰν
2253 1964 2330 2031 τῷ
2357 1961 2457 2028 τήν
2515 1957 2765 2036 εὐλογίαν
2793 1959 2989 2035 κλέψαι
3021 1962 3268 2036 ἀφεθέντι
3327 1963 3402 2025 εἷς
3449 1963 3609 2018 αὐτὸν
3652 1967 3833 2039 παρά-

409 2053 588 2112 Jacob
619 2068 752 2108 cum
804 2067 1085 2124 magnum
1133 2053 1358 2121 patrem
1404 2051 1462 2103 et
1503 2045 1899 2118 patriarcham
1931 2044 2055 2099 cibo

2170 2046 2367 2117 δεισον,
2427 2051 2614 2122 μήπου
2667 2047 2724 2104 δὲ
2779 2051 2870 2105 καὶ
2929 2051 3110 2126 εὐχῶν
3167 2051 3570 2122 καταξιωθέντι,
3616 2054 3831 2109 ὁποίων

409 2142 611 2199 illexit.
662 2141 866 2196 Adhuc
912 2143 969 2196 et
1017 2138 1286 2194 cellarius
1337 2137 1436 2208 qui
1469 2139 1634 2191 curat
1680 2136 1750 2190 de
1795 2149 2058 2189 commu-

409 2232 592 2288 nitate
621 2231 890 2299 fratrum,
923 2243 1053 2284 vere
1085 2243 1334 2298 magnus
1384 2243 1416 2280 a
1445 2229 1501 2280 te
1532 2241 1646 2281 non
1677 2224 1928 2279 habetur
1955 2240 1967 2289 ;
2000 2228 2058 2276 te

408 2325 603 2377 tamen
662 2318 824 2391 angit
871 2317 921 2373 si
971 2332 1212 2388 parvum
1265 2318 1321 2370 et
1368 2313 1692 2369 maximum
1741 2312 1800 2365 in
1853 2311 2056 2366 eodem

408 2411 594 2485 gradu
625 2409 893 2482 reponit;
943 2411 1000 2462 et
1029 2405 1080 2462 si
1130 2404 1375 2460 ﬁrmiter
1405 2402 1600 2458 taliter
1647 2399 2055 2473 permanserit,

407 2517 540 2557 eum
573 2517 605 2556 a
631 2497 930 2555 laboribus
963 2495 1262 2566 quiescere
1293 2509 1535 2565 prorsus
1571 2489 1830 2562 jubebis.
1865 2489 1923 2545 Si
1953 2505 2056 2545 au-

407 2596 527 2647 tem
577 2603 900 2654 successor,
960 2601 1139 2640 causa
1195 2582 1448 2656 cognita,
1501 2580 1722 2653 piscem
1773 2579 2054 2635 eximium

409 2678 782 2750 comparavit,
825 2692 1032 2748 parum
1082 2677 1183 2729 aut
1215 2671 1361 2727 nihil
1393 2687 1604 2726 curans
1652 2670 1722 2724 de
1753 2667 2052 2732 fratribus,

408 2773 464 2823 et
493 2768 543 2822 si
574 2767 684 2838 ipsi
737 2761 1254 2832 murmuraverint,
1286 2766 1426 2816 tunc
1477 2762 1787 2816 coronatur
1816 2757 1914 2829 qui
1947 2755 2055 2812 tibi

409 2855 729 2926 inservivit,
761 2859 818 2909 et
847 2852 1113 2925 arguitur
1161 2848 1554 2906 communitas
1601 2864 1722 2918 quae
1753 2845 1887 2902 talis
1918 2861 2052 2900 cum

409 2946 508 3015 sit,
540 2943 644 2999 tali
677 2947 734 2998 et
762 2947 882 2997 tam
923 2957 1134 3013 magno
1181 2956 1243 2994 se
1273 2937 1554 3010 aequalem
1598 2937 1752 2991 facit.
1787 2936 1866 2991 De
1896 2939 2054 2990 caete-

411 3034 494 3090 ris
526 3033 728 3090 eadem
762 3046 992 3103 semper
1022 3028 1360 3102 praestantia
1402 3027 1595 3083 locum
1626 3025 1823 3081 habet.
1857 3025 2054 3080 Edunt

2167 2138 2259 2193 καὶ
2316 2139 2343 2192 6
2403 2135 2618 2208 Ἰακὼϐ,
2676 2137 2763 2194 ὅτε
2813 2141 2902 2195 τὸν
2967 2141 3135 2216 μεγαν
3187 2143 3275 2196 καὶ
3333 2143 3541 2218 πατέρα
3569 2143 3665 2196 καὶ
3722 2163 3829 2197 πα-

2167 2227 2438 2302 τριάρχην
2491 2228 2688 2302 θρέψας
2738 2227 3194 2304 ἐψυχαγώμτβεν.
3246 2231 3364 2287 Ἒτι
3394 2230 3484 2286 καὶ
3516 2233 3545 2286 6
3597 2230 3830 2304 ὀψωνηο

2166 2317 2291 2386 τῆς,
2344 2314 2649 2390 κηδόμενος
2711 2318 2806 2390 μὶν
2861 2325 2960 2388 τῆς
3010 2317 3311 2397 ἀδελφικῆς
3365 2320 3716 2392 κοινότητος,
3767 2321 3831 2376 ού

2165 2405 2300 2460 πάνυ
2357 2405 2521 2483 μέγας
2576 2405 2814 2483 κρίνεται
2874 2409 2978 2463 ὑπὸ
3027 2412 3142 2464 σοῦ.
3177 2406 3350 2466 Ἀλλά
3379 2431 3485 2464 που
3514 2410 3608 2464 καὶ
3641 2405 3829 2474 θλίϐει

2167 2515 2243 2567 σε,
2303 2494 2349 2550 εί
2402 2500 2519 2558 τοῖς
2573 2501 2790 2572 μικροῖς
2848 2494 2901 2559 ἐς
2957 2496 3151 2552 ταυτὸν
3205 2494 3320 2574 ἄγει
3377 2499 3470 2554 τὸν
3529 2497 3583 2553 ἐν
3642 2498 3830 2562 αὐτοῖς

2166 2585 2407 2658 ὕψιστον.
2468 2585 2565 2640 Καὶ
2619 2585 2822 2656 τοίνυν,
2883 2586 2928 2640 εί
2982 2586 3243 2662 συχνάκις
3297 2591 3549 2652 τοιοῦτος
3578 2585 3829 2661 διαμένε,

2164 2673 2489 2736 καταπαύεις
2547 2673 2718 2730 ἐκεινο
2775 2679 2876 2730 τοῦ
2929 2681 3143 2746 κοπιᾷν.
3205 2676 3272 2733 El.
3327 2673 3384 2731 δὲ
3441 2679 3470 2732 6
3503 2677 3620 2749 μετ’
3664 2676 3830 2733 αὐτὸν

2163 2762 2416 2838 ἐπιγνοὺς
2473 2763 2536 2818 τὸ
2589 2760 2801 2834 α’ίτιον,
2861 2759 3025 2838 ἀϐρὸν
3087 2764 3242 2840 ίχθὺν
3298 2765 3780 2842 πραγματεύσεται
3810 2813 3824 2838 ,

2166 2852 2332 2925 μικρὰ
2386 2851 2422 2922 ἢ
2481 2849 2631 2907 οὐδὲν
2690 2855 2790 2918 τῆς
2845 2851 3217 2932 ἄδελφότητος
3279 2854 3687 2928 ἑμπαζόμενος,
3733 2856 3822 2910 καὶ

2160 2941 2313 2997 αὐτοὶ
2371 2941 2716 3016 ἐπιμύζουσι,
2767 2943 2889 2998 τότε
2944 2945 3010 3013 νὴ
3069 2947 3421 3021 στεφανοῦται
3479 2945 3507 2998 ὁ
3554 2945 3626 2999 τὰ
3685 2945 3821 3021 ὑπὲρ

2162 3035 2256 3084 σοῦ
2313 3027 2656 3101 διακονήσας,
2715 3031 2806 3086 καὶ
2863 3031 3384 3109 καταῤῥητορεύεται
3437 3036 3471 3103 ἡ
3528 3033 3820 3106 κοινότης,

408 3123 530 3194 alii,
563 3127 618 3177 et
665 3121 772 3177 soli
816 3125 983 3175 terrea
1032 3120 1245 3175 debent
1287 3133 1395 3197 sua
1442 3117 1760 3181 alimenta;
1809 3118 1871 3169 tu
1915 3129 2049 3169 vero

2167 3120 2326 3175 ὁποία
2381 3122 2513 3175 οὖσα
2571 3118 2671 3193 οτίῳ
2699 3121 2786 3175 καὶ
2846 3119 3030 3193 ἡλίκῳ
3088 3117 3411 3200 ἀντιφερίζει
3465 3124 3660 3197 πατρί.
3715 3125 3819 3180 Καὶ

407 3193 540 3285 plus
572 3212 746 3267 etiam
780 3211 950 3277 mari,
983 3226 1013 3264 e
1044 3225 1155 3279 quo
1199 3193 1569 3262 abundantes
1601 3206 1779 3276 dapes
1808 3203 2047 3276 accipis,

2167 3213 2257 3264 τοῦ
2289 3207 2486 3264 λοιποῦ
2516 3209 2717 3284 γίνεται
2771 3212 2806 3280 ἠ
2834 3210 3057 3280 τοιαύτη
3089 3193 3425 3286 προτίμησις
3458 3210 3511 3273 ἐς
3544 3193 3822 3282 διηνεκές.

407 3307 659 3374 quantas
711 3317 827 3356 non
887 3300 1103 3354 habent
1159 3298 1217 3352 in
1266 3295 1476 3352 saeculo
1525 3294 1824 3367 epulones.
1876 3294 2054 3348 Num-

405 3391 542 3464 quid
607 3391 778 3460 jubes
846 3393 1051 3444 caetera
1115 3386 1452 3442 istiusmodi
1522 3401 1556 3440 a
1620 3401 1713 3440 me
1770 3382 2051 3456 percurri,

403 3480 490 3536 vel
559 3479 732 3535 non?
787 3479 865 3534 Te
923 3482 1274 3551 negaturum
1331 3475 1600 3530 arbitror.
1663 3474 1839 3530 Facta
1895 3471 2050 3527 enim

402 3569 655 3638 licentia,
699 3570 822 3640 jam
885 3584 1000 3624 non
1060 3565 1276 3639 poteris
1328 3581 1457 3621 eam
1509 3565 1756 3630 auferre,
1808 3579 1943 3618 cum
1987 3577 2052 3618 os

404 3677 521 3734 pra:
587 3659 801 3715 rubore
858 3657 1214 3713 demittetur.
1282 3655 1401 3711 Hoc
1465 3655 1638 3710 modo
1697 3651 2052 3723 peculiarem

405 3749 722 3806 amicitiam
792 3763 1022 3803 servare
1089 3763 1201 3802 non
1267 3744 1503 3817 poteris,
1560 3759 1751 3814 neque
1808 3743 1868 3796 in
1929 3757 2052 3796 mo-

401 3839 680 3908 nasterio,
742 3842 800 3894 et
857 3835 1043 3892 multo
1101 3837 1298 3890 minus
1365 3835 1438 3890 ad
1496 3841 1656 3889 extra
1689 3849 1701 3888 :
1735 3831 1836 3903 qui
1893 3829 2052 3886 enim

403 3931 562 3986 intus
616 3945 731 3983 non
782 3931 871 3982 est
919 3926 1248 3993 ordinatus,
1299 3924 1392 3979 vix
1438 3923 1499 3979 in
1549 3923 1726 3979 rebus
1758 3919 2053 3978 exteriori-

407 4019 519 4074 bus
549 4018 816 4074 ordinem
850 4015 1268 4072 manifestabit.

475 4233 565 4288 56.
628 4232 895 4302 Insuper,
953 4229 1032 4284 mi
1090 4228 1348 4293 domine,
1432 4225 1797 4298 investigabo
1855 4240 2051 4280 annon

406 4326 464 4378 te
512 4320 874 4394 superaverit
919 4318 1264 4391 arrogantiae
1323 4315 1570 4384 malum,
1630 4331 1807 4388 quam
1855 4328 2056 4384 super-

407 4413 515 4468 biae
563 4410 748 4467 sociat
800 4409 1102 4480 Scriptura
1151 4424 1336 4477 sacra,
1392 4405 1649 4476 dicitque
1707 4421 1740 4459 a
1786 4405 1896 4459 Deo
1946 4419 2052 4474 op-

405 4503 550 4558 timo
607 4500 739 4556 odio
798 4497 1045 4566 haberi;
1105 4514 1282 4569 quam
1343 4493 1742 4567 arrogantiam
1800 4492 1899 4548 alii
1957 4509 2055 4548 au-

2163 3299 2260 3353 Καὶ
2313 3299 2364 3352 oi.
2425 3300 2518 3372 μὲν
2575 3297 2738 3353 ἄλλοι
2797 3298 3070 3369 ἐσθίουσι,
3127 3304 3195 3374 τῇ
3255 3303 3328 3375 γῇ
3391 3301 3526 3374 μόνῃ
3582 3303 3827 3377 χάριτας

2161 3384 2422 3466 ὅφλοντες
2479 3395 2581 3458 τῆς
2637 3394 2866 3466 τροφῆςο
2928 3387 2993 3442 σὺ
3053 3386 3110 3442 δὶ
3153 3392 3222 3462 τῇ
3251 3387 3490 3463 Θαλάσσῃ
3521 3389 3590 3444 τὰ
3619 3389 3827 3459 πλείω,

2163 3475 2232 3532 δι’
2263 3477 2333 3546 ἧς
2383 3479 2482 3547 τὴν
2541 3474 2860 3532 πανδαισίαν
2921 3475 3182 3538 πλουτεῖς
3213 3478 3408 3533 ὁποίαν
3440 3475 3566 3534 οὐδὲ
3595 3481 3654 3534 οἱ
3689 3482 3832 3534 σπά-

2161 3567 2318 3623 ταλοι
2376 3567 2654 3640 κοσμικοί.
2708 3565 2980 3638 Κελεύεις,
3041 3565 3402 3640 ἐπελεύσομαι
3432 3568 3524 3622 καὶ
3555 3569 3622 3622 τὰ
3657 3569 3838 3625 λοιπὰ

2159 3661 2407 3724 τοιαῦτα,
2461 3655 2495 3726 ἢ
2548 3653 2649 3725 οὕς
2713 3658 3062 3735 Ἀποφήσεις,
3095 3657 3272 3728 οἶμαι.
3305 3657 3369 3712 Εἰ
3417 3657 3519 3733 γὰρ
3567 3658 3833 3713 κατανεύ-

2163 3767 2295 3815 σεις,
2351 3744 2529 3801 οὐκετι
2600 3745 2659 3800 ἄν
2733 3741 2887 3821 ἔχοις
2959 3745 3263 3815 ἀνανεῦσαι,
3331 3746 3650 3820 κατακύψας
3727 3749 3834 3804 ὑπὸ

2162 3833 2456 3912 ἐντροπῆς.
2513 3831 2702 3896 Οὕτως
2763 3831 2888 3888 οὐδὲ
2926 3835 3024 3903 τὴν
3085 3835 3314 3911 μερικὴν
3371 3832 3556 3913 φιλίαν
3591 3834 3833 3892 δύνασαι

2160 3927 2483 3997 κατορθοῦν,
2512 3920 2634 3979 οὔτε
2663 3921 2714 3978 ἐν
2744 3926 2814 3997 τῇ
2851 3926 3014 3998 μονῇ,
3048 3919 3172 3978 οὔτε
3208 3921 3407 3996 πολλῷ
3434 3924 3599 3981 πλάον
3628 3924 3687 3982 ἐν
3710 3932 3835 3988 τοῖς

2163 4013 2334 4076 ἰκτός.
2367 4015 2424 4068 '0
2452 4013 2556 4089 γὰρ
2585 4013 2653 4068 τὰ
2711 4012 2856 4074 ἰντὸς
2915 4013 3156 4086 ἄκοσμος
3204 4009 3277 4067 ὢν
3327 4017 3509 4089 σχολῇ
3540 4015 3592 4090 γ’
3645 4015 3715 4070 ἂν
3775 4014 3830 4070 ἐν

2159 4109 2277 4166 τοῖς
2307 4102 2407 4175 ἔξω
2445 4102 2507 4158 τὸ
2535 4104 2762 4176 κόσμιον
2796 4099 3145 4175 ἐπιδείξηται.

2232 4230 2326 4293 νς“.
2355 4228 2479 4285 Ἐπί
2521 4227 2758 4295 τούτοις,
2821 4227 2866 4280 ὦ
2921 4223 3156 4282 δέσποτά
3216 4229 3344 4301 μου,
3404 4222 3836 4303 ἐξακριεοῖῳαι,

2160 4318 2250 4373 καὶ
2310 4315 2458 4394 εἷ’περ
2537 4317 2598 4372 τὸ
2645 4323 2744 4385 τῆς
2801 4335 3142 4392 περπερειας,
3210 4317 3372 4372 κακὸν
3431 4317 3493 4372 ού
3546 4338 3838 4392 κατεπεμ-

2163 4403 2333 4462 ϐαίνει
2367 4427 2486 4474 σου,
2543 4406 2602 4475 ἢν
2637 4425 2665 4459 o
2697 4406 2790 4478 μὶν
2841 4405 3230 4479 ἱερογραφικὸς
3264 4402 3428 4480 λόγος
3457 4410 3524 4470 τῆ
3555 4408 3836 4483 φυσιώσει

2163 4495 2584 4572 προσεταιρίζει,
2618 4493 2706 4547 καὶ
2757 4490 2832 4555 εἷς
2891 4494 3090 4570 εχθραν
3149 4496 3218 4566 τῇ
3278 4493 3412 4548 κατὰ
3471 4495 3592 4549 Θεὸν
3635 4496 3837 4572 ἀγάπῃ

407 4596 599 4648 ctores
657 4590 860 4644 dicunt
916 4586 1132 4642 mentis
1191 4585 1528 4652 elationem,
1587 4600 1702 4638 non
1761 4581 2055 4654 egregiam

2167 4570 2530 4658 ἀποτετάχθαι
2601 4579 2859 4636 διδάσκει*
2918 4581 2968 4635 οἱ
3027 4578 3084 4636 δὲ
3142 4578 3331 4644 ἄλλως
3390 4570 3840 4658 περιλαλοῦντες

408 4697 515 4736 nec
563 4679 843 4745 divinam,
895 4677 1050 4733 sicut
1098 4680 1187 4731 est
1243 4675 1520 4730 fortitudo
1567 4672 1740 4728 elatio
1789 4672 2056 4744 quaedam

410 4769 630 4841 divina,
686 4769 804 4824 imo
864 4767 1054 4839 magis
1119 4766 1431 4821 elationem
1483 4761 1810 4833 jactatoris,
1879 4776 2057 4832 quam

409 4858 664 4914 maxime
726 4855 880 4924 vani,
962 4872 1077 4910 non
1146 4851 1502 4920 communis,
1561 4855 1626 4906 ut
1690 4851 1818 4922 ipso
1884 4850 2059 4905 verbo

410 4945 759 5015 ostenditur,
792 4944 1116 5001 secundum
1168 4958 1344 5014 quam
1395 4939 1748 4997 sententiam
1782 4955 2060 5012 praeum-

409 5035 668 5110 ptionem
730 5033 910 5106 aliqui
967 5032 1187 5088 habent
1246 5030 1785 5102 su'perefﬂuentem.
1841 5026 2060 5083 Dicitur

409 5128 567 5185 enim
613 5142 824 5181 nomen
875 5125 1085 5180 ducere
1117 5140 1149 5178 a
1197 5121 1332 5176 ferri
1381 5122 1686 5194 (arrogans
1744 5117 2058 5193 [népmpoq]

409 5217 563 5275 enim
581 5233 694 5272 non
720 5213 878 5271 sistit
891 5212 1060 5286 quasi
1081 5210 1524 5282 circumlatus);
1549 5209 1670 5265 sive
1687 5227 1720 5265 a
1736 5209 2056 5264 circumvo-

410 5308 532 5364 lare
561 5312 620 5363 et
667 5303 938 5378 progredi
980 5302 1403 5367 inconstanter,
1438 5315 1616 5372 quam
1666 5299 1738 5354 ob
1770 5297 2059 5354 rationem

409 5396 678 5453 homines
726 5394 900 5450 istius
931 5391 1144 5448 indolis
1192 5392 1260 5446 de
1310 5388 1765 5462 praacipitatione
1811 5387 2061 5443 irriden-

409 5492 524 5544 tur.
586 5490 665 5541 De
720 5501 832 5556 quo
891 5482 1029 5539 vitio
1077 5480 1350 5554 Stagirita
1405 5477 1877 5552 philosophatur,
1936 5491 2064 5532 nec-

409 5593 526 5635 non
574 5580 632 5632 et
680 5571 955 5645 discipuli
1006 5572 1156 5644 ejus.
1207 5571 1429 5628 Horum
1482 5568 1749 5626 omnium
1797 5565 2064 5625 doctrina

411 5664 475 5722 in
538 5664 651 5722 hoc
735 5661 1129 5730 concluditur,
1217 5661 1590 5733 arrogantem
1658 5673 1788 5717 esse
1844 5656 2064 5717 elatum

2166 4673 2371 4748 ἐξαρμα
2400 4675 2584 4747 ψυχῆς
2624 4689 2778 4745 φασιν
2839 4669 2971 4723 εἶναι
3021 4671 3123 4739 τὴν
3182 4670 3525 4747 περπορείαν,
3574 4669 3688 4726 οὐκ
3752 4671 3842 4728 ὲν-

2165 4762 2377 4838 άρετον,
2409 4762 2497 4815 καὶ
2555 4760 2697 4815 οὕτω
2754 4763 2896 4824 θεῖον
2947 4758 3082 4814 κατὰ
3118 4760 3182 4814 τὸ
3241 4761 3458 4834 θάρσος,
3505 4760 3534 4814 ὃ
3585 4760 3719 4816 θεία
3753 4783 3840 4824 τις

2168 4848 2320 4925 ἄρσις
2379 4849 2537 4904 ἐστιν’
2597 4847 2918 4918 ἀλαζονικὸν
2979 4845 3057 4922 δὲ,
3105 4848 3194 4904 καὶ
3262 4848 3374 4926 ούχ
3424 4848 3634 4920 ἁπλῶς,
3683 4849 3842 4906 ἀλλὰ

2173 4939 2652 5014 ὑπερεκπεδισσοῢ,
2724 4937 2798 4998 ὡς
2873 4936 2961 4992 καὶ
3035 4939 3069 5008 ἡ
3129 4937 3346 5008 λικτική
3407 4937 3680 5013 ἄτυμότης
3745 4939 3840 4996 Ξκ-

2169 5028 2360 5107 φαίνειο
2419 5028 2535 5082 καθ’
2589 5028 2650 5095 ἢν
2706 5021 2913 5082 ἔννοιαν
2967 5028 3187 5082 ποιοῦσί
3242 5049 3384 5091 τινες
3414 5028 3502 5083 καὶ
3539 5028 3841 5108 ὑπερηφα-

2168 5118 2282 5173 νίαν
2343 5119 2682 5191 εκπερισσοῢ.
2737 5115 2966 5190 Μέγεται
3026 5113 3084 5171 δὲ
3129 5115 3282 5186 καίῆ
3313 5117 3458 5191 παρὰ
3478 5116 3538 5172 τὸ
3568 5115 3843 5194 φίρεσθαι

2168 5205 2482 5281 ὠνομάσθαι
2541 5204 2705 5273 αὐτὴν
2740 5204 2979 5279 (ἀστατεῖ
3031 5207 3131 5282 γὰρ
3191 5206 3265 5268 ὡς
3321 5206 3407 5262 οἶα
3461 5208 3846 5284 περιφερόμε-

2168 5317 2260 5359 νος
2291 5297 2319 5351 6
2377 5296 2693 5372 πὲρπερος),
2736 5295 2771 5364 ἢ
2830 5294 2975 5369 παρὰ
3025 5295 3087 5350 τὸ
3145 5296 3543 5371 περιπᾶτεσθαι,
3592 5296 3689 5349 καὶ
3761 5298 3844 5370 μὴ

2169 5389 2438 5462 παθερῶς
2499 5379 2802 5460 βεϐηκέναυ
2885 5385 2931 5457 ᾧ
3015 5381 3083 5454 δὴ
3167 5382 3321 5460 λόγῳ
3389 5385 3479 5440 καὶ
3531 5385 3844 5458 πετόμενοι

2171 5477 2506 5532 σκώπτονται
2552 5475 2604 5529 οἱ
2654 5477 2751 5529 τοῦ
2807 5477 3060 5529 τοιοῦτου
3115 5471 3302 5544 ἤθους.
3372 5473 3477 5530 Καὶ
3529 5469 3848 5551 φιλοσοφεῖ

2177 5567 2271 5642 μὶν
2330 5565 2454 5642 περὶ
2507 5561 2697 5626 κακίας
2752 5562 3012 5634 τοιαύτης
3037 5562 3127 5618 καὶ
3155 5563 3183 5619 6
3242 5561 3609 5640 Σταγειρόθεν,
3640 5563 3745 5617 καὶ
3780 5565 3840 5618 οἱ

2170 5658 2239 5715 τὰ
2294 5655 2412 5712 κατ’
2463 5653 2625 5714 αὐτὸν
2667 5651 3050 5732 εὖκρινοῦντες·
3109 5653 3496 5733 κεφαλαιοῦται
3547 5648 3601 5706 δὶ
3651 5657 3838 5708 πᾶσιν
