4104 6210
1065 72 1114 86 -τσ
1131 70 1172 78 -ι
1193 66 1310 88 ἔτί-τ*
1329 66 1358 88 ιε’
1375 62 1492 89 ."'"."-"‘

803 137 820 149 Ἀ

531 185 542 192 Il
669 165 680 179 1

3 249 6 256 ι
277 251 280 256 .

25 261 40 269 ιι-
255 265 279 269 -

209 377 338 436 777

1221 370 1327 433 DE
1367 368 1862 433 EMENDANDA
1905 369 2093 434 VITA
2133 371 2622 436 MONAGHIGA.

3506 374 3633 437 778

207 509 238 564 δ
274 506 447 580 λόγος
488 503 565 567 εἰς
614 504 680 560 τὸ
736 504 872 578 μετὰ
921 499 1178 578 βλακείας
1235 499 1538 575 ἐπηρμένον
1591 501 1722 556 εἶναι
1778 501 1872 556 τὸν

1997 519 2121 561 cum
2178 505 2440 576 mollitie,
2498 510 2557 562 et
2610 505 2916 579 loquacem
2973 508 3193 564 factum
3249 523 3320 563 ex
3360 505 3631 565 elatione.

204 595 508 671 πέρπερον,
542 593 635 648 καὶ
684 590 852 648 Λάλον
887 589 946 646 δὲ
971 591 1063 646 τὸν
1124 591 1286 646 αὐτὸν
1335 587 1424 645 διὰ
1475 592 1576 659 τήν
1624 587 1871 664 ἔπαρσιν.

208 685 320 742 Καὶ
381 688 629 756 προπετῆ
691 679 748 735 δέ
799 701 964 758 φασι,
1019 679 1108 733 καὶ
1162 677 1330 751 μηδὲν
1403 677 1552 754 λόγῳ
1595 683 1878 750 ποιοῦντα,

207 775 304 829 καὶ
338 773 423 845 (τὸ
479 777 583 826 πᾶν
639 772 758 825 κατ’
817 768 1052 832 ἐκείνους
1107 767 1300 840 εἰπεῖν)
1358 765 1621 844 φλύαρονν
1682 769 1734 821 οἳ
1789 767 1878 822 καὶ

206 863 274 918 τὸ
329 859 753 936 περπερεύεσθαι
837 857 913 919 εἰς
969 856 1160 911 ταυτὸν
1241 852 1428 931 ἄγουσι
1485 860 1565 928 τῷ
1626 860 1880 928 ματαιοῦο

207 964 357 1022 σθαι,
418 951 506 1004 καὶ
564 948 838 1016 ἀτακτεῖν,
897 945 988 1001 καὶ
1062 944 1474 1018 κατεπαίρεσθαι
1557 945 1690 1018 μετὰ
1749 945 1881 1020 βλα-

206 1041 389 1102 κείας·
428 1037 682 1115 βλακείαν
717 1036 911 1092 ἐκεῖνοι
942 1032 1234 1095 καλοῦντες
1291 1037 1476 1109 ψυχῆς
1531 1030 1636 1103 ἕξιν
1684 1029 1879 1089 ἀναϐε-

208 1125 528 1201 ϐλημένην,
584 1125 674 1182 καὶ
735 1127 811 1198 μὴ
867 1123 1252 1200 ἐγρηγορυῖαν,
1308 1123 1426 1177 καθ’
1483 1124 1544 1191 ἦν
1599 1123 1662 1178 τὸ
1719 1127 1880 1197 σῶμα

209 1217 619 1294 θρυπτόμενον,
674 1214 866 1270 ταυτὸν
927 1209 974 1267 δ’
1031 1211 1220 1282 εἴπεῖν,
1283 1211 1701 1286 Θρασυνόμενον,
1751 1207 1880 1265 οὐδὲ

207 1306 512 1382 ὀρθοῦσθαι
565 1303 777 1379 παγίως
835 1300 1073 1368 δυναται,
1107 1298 1251 1355 ἀλλὰ
1282 1299 1480 1375 πάσχει
1538 1303 1606 1374 τῇ
1662 1299 1876 1374 θρύψει,

210 1395 393 1450 ὁπόσα
453 1393 541 1448 καὶ
592 1395 662 1465 τῇ
714 1392 879 1463 νόσῳ,
913 1391 1144 1466 Τρυφῶν
1196 1408 1255 1442 τε
1310 1389 1413 1464 γὰρ
1471 1385 1758 1462 ἄνθρωπος
1815 1386 1876 1442 ού

209 1489 408 1561 κρατεῖ
461 1485 560 1552 τῆς
612 1479 701 1536 διὰ
759 1477 944 1534 ποδῶν
1002 1478 1216 1532 οἰκείων
1280 1475 1505 1553 βάσεως,
1553 1477 1762 1550 ὁμοίως
1822 1475 1880 1532 δὶ

208 1573 303 1628 καὶ
361 1575 557 1626 νοσῶν.
617 1571 878 1644 Ὀρῶνται
953 1563 1082 1644 γοῦν
1168 1565 1220 1620 οἳ
1305 1562 1501 1639 βλάκες
1571 1562 1880 1640 βαδίζοντες

216 1660 330 1736 οὐχ
362 1658 576 1726 ἁπλῶς,
610 1656 655 1711 εἰ
714 1657 789 1730 μή
847 1653 972 1717 τοὺς
1031 1652 1411 1728 ὑπερείδοντας
1439 1653 1531 1709 καὶ
1578 1654 1880 1729 ύπανέχον-

210 1771 309 1812 τας
373 1748 702 1822 ἑκατέρωθεν
764 1745 1148 1821 ἐξευρίσκουσι,
1207 1742 1333 1806 τοὺς
1419 1744 1512 1816 μὲν
1592 1743 1667 1805 εἰς
1719 1747 1880 1798 τοῦτο

217 1838 386 1912 μόνον
424 1833 852 1914 χειροτονητοὺς
882 1831 1094 1903 αὐτοῖς,
1126 1830 1252 1892 τοὺς
1284 1828 1341 1886 δὲ
1383 1829 1471 1886 καί
1530 1831 1580 1902 ἐξ
1639 1831 1880 1904 αὐτομά-

211 1950 338 1996 του,
368 1927 458 1981 ὅτε
509 1946 616 1979 που
673 1923 857 1999 τύχοι.
889 1922 1074 1976 Εἰπεῖν
1117 1917 1174 1975 δὲ
1219 1921 1356 1976 κατὰ
1399 1920 1527 1983 τοὺς
1580 1919 1877 1982 παλατούς·

219 2017 476 2092 μαλακός
504 2014 646 2070 ἐστιν
680 2015 707 2069 ὁ
743 2012 898 2089 βλάξ,
932 2011 1022 2068 καὶ
1054 2016 1277 2088 χαῦνος,
1305 2012 1396 2067 καὶ
1454 2011 1629 2067 ὁπόσα
1683 2011 1880 2067 ἐκεῖνοι

215 2111 450 2162 τοιαῦτα
502 2102 796 2159 ἐπιτιθέασι
847 2106 928 2174 τῷ
975 2100 1230 2174 τοιούτῳ,
1286 2099 1761 2164 ἐπακολουθοῦντα
1813 2104 1882 2174 τῇ

212 2203 333 2252 κατ’
382 2193 545 2250 αὐτὸν
598 2190 993 2267 μαλθακότητι.
1054 2189 1160 2246 Καὶ
1239 2187 1385 2245 δοκῶ
1471 2191 1564 2263 μὲν
1645 2188 1882 2264 ἄπαρνον

217 2283 360 2342 εἶναί
450 2303 506 2338 σε
591 2286 689 2337 τοῦ
740 2301 994 2336 τοιουτου
1047 2281 1271 2340 πάθους⁶
1327 2277 1541 2354 ἐλέγχει
1592 2275 1649 2333 δέ
1705 2299 1763 2333 σε
1818 2278 1888 2333 τὰ

215 2372 518 2449 πράγματα
569 2371 644 2444 μὴ
697 2367 920 2440 άληθῶς
959 2367 1369 2443 έξαρνούμενον.
1401 2369 1477 2423 Τὸ
1534 2368 1730 2444 συχνὸν
1779 2368 1884 2443 γὰρ

215 2473 319 2536 τῆς
348 2471 588 2542 τρυφῆς,
619 2461 710 2517 καὶ
761 2460 827 2515 τὰ
859 2460 1056 2514 πυκινᾶ
1103 2457 1321 2534 λοετρά,
1353 2458 1442 2513 καὶ
1491 2460 1543 2512 οἰ
1600 2457 1738 2532 πέρα
1789 2463 1886 2513 τοῦ

215 2556 597 2629 προσήκοντος
644 2549 974 2624 προάγοντες
1020 2547 1108 2601 καὶ
1166 2545 1612 2618 ἀκολουθοῦντες,
1668 2547 1758 2602 καὶ
1820 2547 1889 2602 τὰ

218 2643 442 2705 τούτοις
499 2639 758 2712 ἑπόμενα,
803 2635 1058 2711 βλακείας
1115 2635 1246 2691 εἰσὶν
1313 2633 1578 2706 ἐνδείξεις,
1637 2633 1706 2690 δι’
1757 2636 1888 2690 αὐτὸ

219 2729 277 2787 δὲ
335 2731 429 2785 καὶ
493 2725 835 2803 περπερείας.
896 2723 1110 2802 Πέφηνε
1184 2723 1309 2799 γὰρ,
1375 2726 1451 2796 μή
1527 2723 1890 2798 ἀπηλλάχθαι

1988 594 2058 649 Et
2089 595 2462 651 temerarium
2486 597 2691 651 dicunt
2713 595 2858 651 nihil
2888 595 3313 652 rationabiliter
3340 600 3634 668 agentem,

1989 687 2067 748 et,
2098 684 2185 754 (ut
2215 685 2408 740 omnis
2456 699 2656 739 eorum
2704 687 3000 741 sententia
3049 685 3412 757 explicetur),
3446 701 3637 759 nugae

1988 771 2388 840 ell‘utientem;
2445 777 2814 845 arrogantem
2870 789 3000 829 esse
3058 777 3114 828 et
3167 771 3449 840 insanire,
3511 772 3638 830 sine

1988 861 2194 916 ordine
2249 861 2440 917 vivere
2509 866 2566 916 et
2653 861 2907 917 molliter
2977 862 3166 917 vivere
3222 861 3634 930 confundunt;

1988 952 2163 1020 atque
2219 948 2527 1005 mollitiem
2593 955 2804 1006 vocant
2858 950 3123 1006 habitum
3200 949 3415 1005 mentis
3471 951 3633 1020 deje-

1988 1041 2170 1104 ctum,
2209 1036 2492 1109 sopitum,
2523 1055 2638 1110 quo
2687 1055 2900 1110 corpus
2946 1039 3288 1111 languidum
3323 1054 3447 1109 seu,
3475 1040 3632 1112 quod

1987 1125 2142 1181 idem
2175 1131 2364 1193 sonat,
2397 1127 2647 1182 nimium
2690 1128 3001 1193 conlisum,
3036 1128 3283 1182 firmiter
3328 1131 3484 1183 stare
3513 1143 3631 1182 non

1989 1219 2197 1284 potest,
2253 1215 2354 1271 sed
2416 1215 2678 1284 mollitie,
2710 1220 2777 1271 ut
2837 1216 3064 1280 morbo,
3121 1215 3413 1287 dejicitur.
3448 1215 3632 1272 Homo
3681 1228 3685 1231 '

1987 1301 2144 1358 enim
2210 1303 2483 1360 deliciosc
2538 1304 2739 1360 vivens
2794 1303 3086 1360 inﬁrmior
3142 1308 3274 1371 est,
3334 1320 3512 1376 quam
3569 1307 3635 1360 ut

1989 1392 2242 1464 propriis
2273 1393 2518 1464 pedibus
2547 1393 2798 1449 incedat.
2833 1393 3134 1464 Nusquam
3164 1392 3440 1448 videntur
3484 1392 3636 1448 mol-

1988 1480 2074 1536 les
2132 1481 2357 1536 fortiter
2414 1481 2662 1553 pedibus
2719 1481 3055 1537 incedentes
3090 1524 3105 1549 ,
3167 1479 3282 1536 nisi
3346 1495 3415 1535 ex
3471 1485 3635 1537 utro-

1989 1585 2103 1642 que
2162 1571 2342 1626 latere
2399 1569 2799 1626 sull‘ulcientes
2857 1573 2914 1625 et
2970 1569 3333 1626 sustinentes
3383 1569 3642 1627 habeant

1991 1659 2135 1716 alios
2166 1660 2238 1714 ad
2269 1659 2377 1714 hoc
2409 1658 2602 1715 solum
2650 1659 2994 1728 destinatos,
3044 1657 3191 1714 alios
3236 1674 3370 1714 vero
3400 1663 3638 1731 sponta-

1992 1765 2135 1819 nee,
2192 1748 2252 1803 in
2311 1764 2661 1820 quocunque
2717 1747 2878 1804 loco.
2930 1752 2998 1803 Et
3057 1751 3124 1804 ut
3189 1763 3324 1803 cum
3382 1747 3643 1820 antiquis

1992 1838 2298 1893 dicamus:
2359 1837 2676 1909 languidus
2730 1843 2820 1893 est
2877 1837 3054 1893 homo
3113 1835 3330 1904 mollis,
3365 1841 3424 1894 et
3453 1853 3643 1910 nuga-

1992 1926 2180 1982 torius
2213 1969 2227 1993 ,
2288 1931 2345 1982 et
2401 1925 2629 1997 reliqua
2701 1925 3040 1982 istiusmodi
3099 1926 3515 1996 inseparabilia
3570 1925 3642 1982 ab

1991 2014 2105 2071 ista
2135 2014 2458 2083 debilitate,
2489 2031 2616 2088 quae
2673 2015 2770 2071 isti
2823 2013 3047 2070 homini
3111 2013 3534 2070 attribuuntur.
3567 2019 3644 2070 Te

1938 2110 1952 2129 ‘
1993 2103 2264 2176 equidem
2296 2101 2545 2159 arbitror
2606 2103 2715 2158 hoc
2763 2102 2972 2159 vitium
3032 2117 3147 2158 non
3206 2103 3642 2170 confessurum,

1994 2209 2087 2247 res
2143 2194 2338 2247 autem
2397 2195 2526 2263 ipsa
2583 2195 2638 2246 te
2695 2207 2812 2246 non
2870 2207 3001 2247 vere
3058 2196 3371 2270 negantem
3425 2193 3641 2266 arguit.

1995 2280 2293 2336 Continuze
2323 2279 2480 2336 enim
2510 2280 2754 2355 deliciae,
2789 2279 3044 2353 plurima
3074 2271 3302 2349 balnea,
3334 2287 3393 2338 et
3419 2282 3516 2352 qui
3548 2297 3644 2338 se-

1993 2373 2256 2441 quuntur
2283 2373 2342 2425 et
2398 2373 2758 2425 antecedunt
2813 2373 2878 2424 ut
2921 2385 3037 2425 non
3095 2369 3280 2440 decet,
3313 2373 3370 2425 et
3419 2369 3536 2428 alia
3566 2370 3645 2427 si-

1997 2457 2163 2514 milia
2193 2457 2461 2514 mollitiei
2493 2463 2632 2514 sunt
2683 2462 3056 2530 argumenta,
3102 2462 3160 2513 et
3214 2457 3459 2530 proinde
3487 2476 3649 2515 arro-

1996 2548 2227 2620 gantia).
2267 2547 2576 2603 Probatum
2606 2546 2718 2602 fuit
2737 2547 2892 2604 enim
2916 2547 3309 2620 arrogantiam
3332 2565 3366 2604 a
3387 2547 3648 2605 mollitia

1999 2654 2115 2692 non
2161 2638 2388 2703 abesse,
2422 2643 2736 2708 utramque
2781 2653 2919 2692 vero
2976 2638 3046 2693 de
3071 2635 3186 2693 alia
3233 2637 3490 2696 fraterna
3519 2654 3651 2695 sen-

1998 2727 2128 2794 tire,
2161 2743 2266 2782 nec
2296 2742 2466 2798 posse
2497 2743 2610 2782 non
2635 2726 2933 2798 conjungi.

221 2818 485 2894 βλακείας
551 2811 693 2888 μηδὲ
740 2815 840 2883 τήν
891 2810 1235 2887 περπερείαν,
1267 2810 1395 2867 ἀλλ’
1452 2809 1660 2888 ἀδελφά
1715 2817 1930 2889 φρονεῖν
1990 2811 2241 2889 ἑκατέρας
2297 2809 2598 2883 ἀλλήλαις,
2630 2811 2719 2867 καὶ
2771 2809 3104 2875 ἀδιαστάτως
3159 2810 3304 2890 ἔχειν
3357 2819 3460 2884 τῆς
3508 2812 3647 2870 ἐνώ-

225 2927 386 2969 σεως.

288 3014 387 3082 νζ’.
425 3016 547 3065 Ἔτι
578 3008 714 3084 πρὸς
739 3012 855 3069 τοῖς
881 3005 1194 3082 εἰρημένοις
1226 3006 1456 3068 ἀπεῖπας
1488 3004 1538 3061 ἐν
1570 3011 1690 3068 ταῖς
1744 3008 1882 3082 πρὸς

222 3103 352 3159 Θεὸν
414 3096 742 3173 ὁμολογίαις
787 3117 882 3150 σου
923 3096 1012 3150 καὶ
1057 3096 1156 3164 τήν
1221 3092 1527 3164 ἰδιάζουσαν
1581 3094 1884 3166 ἐπίκτησιν.

222 3192 321 3246 Καὶ
353 3183 758 3263 προϐάλλομαί
790 3206 875 3240 σοι
909 3190 1180 3260 θεωρῆσαι
1226 3182 1288 3238 ού
1334 3183 1498 3256 μόνον
1546 3183 1738 3247 ἁπλῶς
1784 3185 1884 3252 τὴν

223 3279 532 3349 έπίκτησιν,
561 3273 708 3330 ἀλλὰ
735 3275 834 3342 τὴν
869 3272 1198 3343 ἰδιάζουσαν·
1228 3271 1320 3327 ’ίνα
1368 3272 1414 3328 εἰ
1465 3274 1560 3346 μὶν
1621 3274 1712 3328 καὶ
1770 3275 1884 3329 κατ’

226 3371 393 3449 ἄμφω
442 3365 833 3436 ἀνεπιλήπτως
885 3365 1050 3441 βιοῖς,
1103 3363 1393 3440 μακαρίζῃ·
1447 3361 1634 3449 ἄλλως
1692 3361 1752 3419 δὲ
1807 3363 1884 3424 εἰς

226 3447 420 3525 ἄθλιον
455 3455 881 3534 ἐγγραφόμενος,
907 3455 982 3528 μὴ
1020 3453 1228 3530 βαρέως
1257 3453 1420 3531 φέρῃς
1447 3453 1508 3508 τὸ
1540 3447 1812 3528 ἔγκλημα.

289 3567 399 3636 νῆ’.
435 3564 555 3637 Χρὴ
592 3559 649 3616 δὶ
677 3563 825 3633 ἡμᾶς
855 3557 1156 3635 προλαλεῖν
1207 3557 1366 3614 τοῦδε
1421 3564 1518 3614 τοῦ
1578 3557 1770 3635 λόγου,
1801 3558 1887 3613 ὅτι

223 3655 330 3731 πρὸ
392 3659 496 3723 τῆς
555 3649 890 3720 ἐπικτήσεως
944 3647 1148 3717 ταύτης
1199 3648 1452 3724 ἂνωτέρω
1496 3649 1739 3719 ἀπεταξω
1793 3647 1885 3703 καὶ

224 3745 450 3813 κτήσεσι
510 3739 600 3793 καὶ
665 3737 972 3811 ὑπάρξεσιν,
1026 3734 1166 3790 ὥστε
1217 3737 1326 3812 οὐχ
1379 3735 1434 3792 ἓν
1490 3758 1541 3792 τι
1601 3737 1886 3811 ἀπῃτήθης

220 3830 656 3905 ἀπαρνήσασθαι,
715 3846 788 3887 ως
858 3827 952 3880 οἷα
1026 3823 1418 3898 πολυωνυμίας
1485 3825 1638 3901 λόγῳ
1699 3825 1775 3888 εἰς
1825 3824 1878 3882 ἓν

225 3919 387 3991 δῆθεν
425 3915 826 3992 συντρεχόντων
871 3913 1052 3986 νόημα
1097 3918 1261 3989 τριῶν
1310 3915 1518 3969 τούτων
1573 3913 1878 3987 ὀνομάτων,

223 4011 471 4080 κτήσεως
500 4052 514 4075 ,
593 4005 868 4080 ὑπάρξεως
930 4003 1019 4057 καὶ
1101 4001 1436 4072 ἐπικτήσεως
1471 4024 1483 4037 ·
1544 4002 1689 4058 ἀλλὰ
1759 4001 1884 4077 τρία

223 4098 527 4173 παρῃτήσω
604 4091 781 4162 κακὰ,
841 4089 1106 4166 σύστοιχα
1165 4091 1258 4163 μὲν
1318 4089 1536 4161 ἄλλως,
1590 4093 1780 4168 τρόπῳ
1826 4088 1884 4146 δὲ

225 4184 592 4260 διενηνοχότα
620 4182 711 4238 καὶ
769 4180 980 4258 χρόνῳ.
1012 4179 1116 4237 Καὶ
1175 4176 1316 4235 ἔστιν
1344 4176 1658 4243 εύθυϐόλως
1693 4176 1882 4235 ἐπιϐα-

227 4274 366 4347 λεῖν,
404 4275 490 4329 ὅτι
544 4270 804 4347 κατάρχει
839 4269 933 4342 μὶν
983 4267 1033 4323 ἐν
1091 4267 1306 4330 τούτοις
1365 4271 1399 4338 ἡ
1457 4269 1700 4342 ὕπαρξις,
1763 4267 1881 4324 δευ-

224 4365 431 4440 τερεύει
467 4359 526 4416 δὶ
552 4365 588 4430 ἡ
621 4366 837 4428 κτῆσις,
872 4359 1081 4431 ὑστερεῖ
1111 4355 1167 4412 δὶ
1215 4360 1250 4426 ἡ
1306 4357 1604 4428 ἐπίκτησις
1658 4356 1751 4412 ’ἱνα
1802 4379 1885 4422 τις

227 4453 331 4528 ἔχῃ
384 4456 530 4506 νοεῖν
585 4448 809 4522 ὕπαρξιν
873 4447 990 4519 μέν,
1020 4447 1153 4521 ἅπερ
1212 4444 1358 4521 ἔχειν
1406 4445 1603 4520 ἔλαχες
1633 4445 1682 4519 ἐξ
1713 4446 1882 4516 αὐτῆς

226 4544 435 4618 ἀρχῆς,
464 4539 554 4594 ὅτε
591 4539 741 4614 βιοῦν
791 4535 1038 4610 ἀπήρξω,
1070 4537 1376 4606 καθήκοντα
1424 4535 1511 4590 ἐπὶ
1561 4538 1617 4590 σὲ
1663 4535 1699 4605 ἢ
1747 4556 1882 4612 προ-

2063 3010 2152 3064 57.
2185 3010 2254 3065 Et
2276 3013 2484 3081 preter
2503 3025 2572 3064 ea
2593 3024 2722 3080 quae
2743 3008 2901 3064 dicta
2922 3009 3386 3083 sunt,pr0priam
3417 3027 3644 3084 posses-

1997 3097 2221 3155 sionem
2253 3099 2310 3153 in
2346 3103 2448 3154 tua
2476 3113 2612 3154 cum
2664 3103 2775 3153 Deo
2806 3098 3177 3155 confessione
3231 3101 3498 3170 ejurasti.
3529 3105 3646 3159 Nec

1999 3187 2184 3243 solam
2235 3187 2710 3260 acquisitionem,
2747 3187 2848 3242 sed
2907 3188 3205 3259 pr0priam
3236 3205 3496 3260 propono
3528 3207 3562 3246 a
3590 3193 3648 3247 te

1998 3275 2450 3348 inspiciendam,
2486 3280 2552 3331 ut
2580 3281 2636 3331 te
2665 3274 2820 3330 circa
2865 3281 3184 3348 utrumque
3227 3275 3648 3349 irreprehensi-

1997 3365 2191 3420 biliter
2217 3365 2464 3430 vivente,
2497 3363 2581 3420 sis
2637 3364 2888 3432 beatus;
2920 3362 3092 3420 aliter
3147 3369 3341 3420 autem
3396 3367 3467 3421 ad
3500 3382 3649 3440 pra-

1999 3453 2182 3509 mium
2214 3457 2454 3509 vocatus
2479 3452 2914 3518 accusationem
2931 3453 3185 3524 graviter
3214 3470 3330 3510 non
3361 3455 3534 3511 feras.

2063 3561 2156 3614 50.
2184 3561 2254 3615 Et
2282 3559 2630 3632 priusquam
2661 3559 2731 3614 de
2763 3557 2872 3614 hoc
2903 3559 3191 3626 dicamus,
3226 3562 3556 3618 monendus
3582 3577 3645 3620 es

1995 3655 2130 3706 ante
2161 3651 2311 3705 hanc
2333 3654 2620 3705 recentem
2645 3649 3231 3721 comparationem,et
3260 3651 3646 3722 possessioni-

1993 3740 2103 3796 bus
2135 3739 2458 3811 acquisitis,
2491 3745 2548 3794 et
2578 3738 2782 3810 patriis
2812 3738 2986 3794 bonis
3018 3743 3073 3793 te
3102 3740 3494 3810 renuntiasse,
3519 3759 3639 3800 non

1995 3829 2150 3901 quod
2183 3844 2368 3884 unum
2399 3827 2624 3900 aliquid
2657 3826 2938 3899 projicere
2970 3832 3207 3898 rogatus
3240 3829 3440 3897 fueris,
3465 3832 3638 3902 quasi

1992 3917 2085 3972 his
2103 3917 2294 3973 tribus
2311 3915 2650 3972 nominibus
2662 3915 3006 3988 synonymis
3022 3915 3080 3971 in
3094 3933 3269 3972 unam
3289 3919 3478 3976 ideam
3501 3936 3640 3977 con-

1992 4007 2333 4077 ﬂuentibus,
2363 4004 2817 4076 comparatione,
2865 4005 3037 4061 bonis
3086 4008 3367 4078 paternis,
3398 4014 3458 4065 et
3485 4026 3634 4067 nova

1991 4096 2459 4167 comparatione;
2494 4095 2606 4150 tria
2644 4097 2839 4151 autem
2869 4093 3025 4150 mala
3077 4097 3342 4167 proxima
3372 4099 3637 4170 quidem,

1994 4186 2165 4240 modo
2223 4189 2418 4241 autem
2479 4188 2537 4239 et
2592 4187 2855 4255 tempore
2910 4183 3139 4240 diversa
3195 4189 3510 4258 projecisti.
3569 4191 3642 4246 Et

1992 4278 2184 4347 potest
2214 4278 2366 4330 recte
2405 4272 2612 4343 conjici
2647 4272 2902 4344 primum
2951 4272 3144 4328 locum
3203 4276 3465 4334 obtinere
3490 4279 3646 4335 bona

1993 4363 2595 4436 paterna,secundum
2622 4363 3140 4433 comparationem,
3165 4365 3400 4420 tertium
3430 4383 3642 4422 novam

1993 4452 2488 4524 comparationem
2519 4468 2531 4518 ;
2559 4451 2638 4506 ita
2660 4456 2724 4506 ut
2746 4450 3291 4523 patrimonium,aut
3313 4455 3646 4511 substantia

1993 4541 2185 4597 vocari
2214 4541 2442 4614 passint
2463 4557 2588 4611 quas
2612 4539 2792 4594 habes
2815 4556 2849 4594 a
2878 4540 3426 4614 principio,quando
3455 4543 3647 4600 vivere

223 4616 484 4706 γονικῶς,
507 4629 542 4698 ἢ
569 4624 629 4682 ἔκ
661 4638 818 4689 ποθεν
851 4624 1104 4694 τοιαύτης
1138 4623 1440 4700 συλλογῆς,
1468 4627 1529 4694 ἣν
1591 4623 1735 4700 ἔχων
1793 4625 1882 4679 ού-

1997 4631 2366 4702 incepisti,ad
2398 4635 2454 4684 te
2483 4647 2551 4685 ex
2577 4629 2938 4701 proavis,aut
2959 4629 3075 4686 alia
3099 4631 3190 4686 via
3210 4633 3512 4689 manantia
3535 4651 3550 4702 ;
3575 4633 3650 4690 de

225 4717 419 4793 δεμίαν
455 4713 605 4777 οἶδας
637 4717 802 4790 χάριν
851 4734 936 4768 σοι
979 4713 1146 4784 αὐτῷ,
1175 4711 1321 4768 ἀλλὰ
1373 4719 1491 4775 τοῖς
1540 4711 1887 4788 κληροδοτή-

224 4829 404 4876 σασιν,
462 4806 499 4874 ἢ
559 4802 745 4865 ἄλλως
801 4802 1218 4878 χαρισαμένοις.
1277 4800 1434 4860 Οὕτω
1502 4807 1604 4878 γάρ
1663 4800 1888 4866 εἶ’θισται

225 4897 406 4973 λέγειν
448 4900 566 4958 τοῖς
621 4892 1059 4969 ὀρθολεκτοῢσιν.
1113 4893 1179 4948 Ἢ
1231 4891 1452 4962 ὕπαρξις
1503 4893 1640 4947 καθά
1689 4892 1779 4946 καὶ
1827 4893 1889 4946 τὸ

225 4988 522 5060 ὑπάρχειν·
559 4982 794 5059 ὑπάρχει
849 4983 953 5056 γάρ
1010 5000 1092 5042 τις
1140 4982 1350 5054 μάχης,
1400 4980 1435 5049 ἢ
1493 4980 1754 5056 κατάρχει
1804 4977 1891 5055 ἔρ-

223 5097 350 5151 γου,
407 5073 590 5148 ἀρχὴν
645 5067 864 5142 δηλαδὴ
915 5069 1076 5132 αὐτὸς
1134 5070 1485 5142 ποιούμενος.
1538 5077 1736 5139 Κτῆσις
1798 5070 1892 5143 μέν

222 5185 314 5220 τοι
373 5167 558 5218 νοοῖτο
601 5159 662 5215 ἂν
709 5162 744 5230 ἡ
802 5159 939 5232 μετὰ
981 5159 1080 5227 τήν
1127 5157 1341 5214 τοιάνδε
1388 5158 1634 5232 ὕπαρξιν.
1683 5160 1745 5216 Ὁ
1791 5161 1891 5234 γὰρ

232 5253 373 5326 μετά
425 5252 525 5319 τήν
607 5247 812 5321 ¹ἄπονον
892 5245 1236 5324 κληρουχίαν
1300 5249 1664 5323 πορισάμενος
1736 5247 1896 5311 αύτὸς

230 5342 529 5411 ἐκτήσατο,
580 5337 772 5393 ταυτὸν
835 5335 892 5392 δὲ
949 5337 1140 5405 εἰπεῖν,
1201 5340 1390 5407 κτῆσιν
1440 5335 1588 5412 ἔσχε·
1640 5337 1730 5391 καὶ
1779 5334 1895 5411 ἔχει

229 5431 311 5503 δὲ,
373 5430 476 5491 ἕως
533 5430 592 5483 ἂν
652 5428 748 5489 τὰς
804 5428 1005 5502 τρίχας
1063 5432 1442 5500 πνευματικῶς
1503 5425 1894 5498 ἀπειπάμενος,

232 5518 602 5594 συναποκείρῃ
656 5515 744 5572 καὶ
803 5516 865 5571 τὸ
943 5521 1042 5585 τῆς
1117 5517 1310 5592 πρώην
1363 5522 1509 5586 ζωῆς
1566 5515 1747 5586 λήϊον,
1806 5517 1896 5569 καί

231 5610 534 5680 ἀπόθηται,
596 5604 776 5680 ὥσπερ
831 5605 932 5672 τήν
987 5605 1156 5680 τρίχα
1197 5600 1572 5679 συμϐολικῶς,
1607 5603 1750 5659 οὕτω
1807 5603 1896 5658 καὶ

229 5701 302 5756 τὰ
347 5702 447 5755 τοῦ
500 5696 621 5773 βίου
670 5693 977 5770 δράγματα,
1025 5694 1116 5748 καὶ
1173 5695 1395 5770 γένηται
1452 5694 1675 5765 ἀληθῶς
1731 5694 1896 5765 ἀκτή.

561 5826 831 5886 ΡΑτιιοι..
879 5820 992 5884 Gs.
1039 5820 1332 5886 CXXXV.

1999 4719 2216 4792 quibus
2247 4719 2468 4774 nullam
2502 4718 2752 4790 gratiam
2785 4717 2891 4772 tibi
2915 4717 3219 4781 debes.sed
3241 4720 3317 4776 iis
3340 4722 3438 4793 qui
3469 4727 3655 4779 testa-

2001 4812 2196 4864 mento
2227 4807 2725 4869 tradiderunt,aut
2745 4803 2914 4860 aliter
2943 4806 3429 4866 donaverunt.Sic
3461 4810 3652 4868 dicere

2001 4900 2430 4952 consueverunt
2446 4893 2546 4966 qui
2563 4898 2713 4949 recte
2726 4893 3364 4963 loquuntur.Veletiam
3383 4901 3660 4971 patrimo-

2002 4985 2166 5040 nium
2197 4981 2420 5054 ὕπαρξις
2454 4984 2525 5038 ab
2558 4982 2815 5054 incipere
2849 4981 3113 5056 ὑπάρχειν
3145 5002 3157 5040 :
3193 5003 3454 5060 pugnam
3495 4989 3652 5046 enim

2004 5073 2219 5144 aliquis
2235 5073 2596 5144 aggreditur,
2612 5087 2761 5144 opus
2783 5070 3012 5144 incipit,
3025 5074 3250 5131 scilicet
3271 5077 3509 5134 initium
3530 5079 3660 5151 ipe

2004 5161 2566 5236 ponit.Comparatio
2599 5164 2794 5216 autem
2828 5161 3182 5236 intelligitur
3211 5182 3344 5238 qua)
3375 5168 3655 5239 patrimo-

2005 5253 2168 5308 nium
2191 5251 2347 5307 istud
2370 5250 2892 5322 subsequitur.0ui
2910 5252 3067 5308 enim
3087 5259 3220 5326 post
3234 5255 3462 5312 facilem
3483 5256 3662 5312 here-

2006 5343 2247 5398 ditatem
2272 5337 2683 5405 laboravit,ille
2705 5343 3191 5410 comparavit,seu
3217 5346 3367 5416 quod
3394 5345 3550 5402 idem
3573 5350 3663 5403 est

2005 5430 2212 5486 habuit
2233 5433 2573 5500 comparata
2599 5444 2611 5482 :
2637 5432 2695 5482 et
2714 5427 2889 5483 habet
2919 5430 3103 5486 donec
3126 5433 3354 5505 capillis
3385 5435 3664 5507 spiritua-

2006 5520 2139 5576 liter
2168 5519 2378 5586 tonsis,
2410 5517 2650 5574 tondeat
2682 5521 2742 5572 et
2771 5533 3046 5589 campum
3080 5522 3292 5592 prioris
3322 5523 3536 5596 vitm,et
3564 5525 3666 5580 de-

2008 5611 2189 5680 ponat
2206 5605 2380 5661 etiam
2401 5602 2711 5660 saeculares
2734 5603 2890 5658 mani
2897 5605 3160 5677 pulos,ut
3176 5610 3418 5683 capillos
3436 5612 3666 5685 symbo-

2008 5695 2140 5764 lice,
2173 5699 2231 5752 et
2260 5693 2433 5750 homo
2466 5693 2570 5750 fiat
2598 5708 2728 5749 vere
2761 5709 3003 5766 pauper,
3035 5713 3229 5770 neque
3259 5700 3466 5774 patriis
3497 5701 3668 5758 bonis

3268 5827 3347 5885 25
