4104 6210
547 369 670 428 779
1323 365 1744 429 EUSTATHII
1787 367 2564 435 THESSALONICENSIS
2609 372 3191 440 METROPOLITE
3807 395 3908 458 730

545 513 734 572 neque
763 500 1118 572 comparatis
1147 497 1554 571 locupletatus.
1591 499 1658 553 Et
1713 497 1924 554 deinde
1955 515 2026 554 ne
2057 499 2166 572 qui:

2308 521 2447 572 μων,
2507 499 2629 592 οὔτε
2705 503 2925 578 ὕπαρξιν
3009 503 3500 585 περιϐεϐλημένος,
3553 513 3673 573 οὔτε
3721 528 3899 592 κτῆσιν.

545 588 886 644 recordatus
917 604 1110 643 rerum
1145 587 1488 660 priscarum,
1520 587 1591 642 ad
1625 602 1723 642 eas
1755 588 1965 643 iterum
1997 604 2162 659 regre

2300 589 2450 677 ξῧῖτα,
2501 587 2594 644 ’ίνα
2675 594 2748 664 μή
2827 599 2936 648 τῶν
3009 597 3290 672 προτέρων
3360 606 3691 677 μνησάμενος
3743 587 3902 669 ‘11:sz-

543 677 758 745 diatur,
781 677 958 732 etiam
985 693 1143 731 novze
1173 675 1591 747 comparationi
1624 675 1959 731 renuntiare
1990 693 2161 732 mone

2300 673 2480 772 δράμῃ
2536 700 2637 772 τ-ιςΔ
2678 679 2842 772 πάλιν
2903 682 2978 746 είς
3031 683 3226 753 ἐκεῖνα,
3279 673 3711 763 προσαπαιτεῖται
3763 699 3898 772 ἀρνή.

543 771 661 832 tur,
692 766 813 822 sive
844 764 1258 835 comparationi
1307 769 1437 836 post
1468 765 1718 836 primam
1749 766 2043 833 secundae,
2071 782 2164 836 qui

2297 767 2486 820 σασθαι
2517 767 2708 822 αὐτίκα
2745 770 2835 824 καὶ
2887 772 2986 840 τήν
3032 772 3335 845 ἐπίκτησιν,
3369 778 3464 834 εἴτ’
3517 782 3606 836 οὗν
3653 787 3743 855 τήν
3793 764 3897 860 μετὰ

541 857 757 912 iterum
789 854 936 909 foret
966 851 1288 922 saecularis,
1345 857 1402 908 et
1450 853 1768 924 respiciens
1826 858 1977 909 retro
2009 877 2038 903 «
2071 871 2162 909 n01

2294 858 2460 908 ταῦτα
2515 863 2728 927 κτῆσιν,
2759 859 2857 927 τὴν
2915 859 3190 937 δευτέραν,
3225 863 3293 919 δι’
3341 867 3407 936 ἧς
3459 873 3554 923 τοῦ
3611 851 3727 946 βίου
3774 851 3896 943 αὖθις

539 949 714 1016 aptus
744 958 922 1013 regno
944 941 1042 997 Dei
1068 943 1112 977 ¹²
1139 959 1152 1009 ;
1182 964 1210 991 ››
1233 945 1290 998 et
1312 959 1552 1014 prorsus
1575 941 1847 997 columna
1878 943 2160 999 fatuitatis

2293 941 2512 1034 γίνεται,
2572 947 2660 1000 καὶ
2730 947 2805 1009 είς
2877 949 2944 1003 τὰ
3020 950 3196 1006 ὀπίσω
3276 957 3575 1034 στρέφεται,
3611 941 3794 1026 ’ἄθετος

539 1034 589 1090 si
619 1033 700 1086 ita
731 1029 1112 1104 intelligenda
1141 1035 1231 1086 est
1282 1031 1339 1086 in
1371 1031 1682 1102 Scripturis
1742 1037 1913 1103 prout
1943 1032 2156 1088 audisti

2294 1030 2370 1125 είς
2426 1032 2701 1125 βασιλείαν
2751 1037 3017 1113 οὐρανῶν,
3053 1042 3140 1095 καὶ
3201 1029 3530 1119 αὐτόχρημα
3586 1047 3750 1121 στήλη
3799 1076 3893 1125 μω-

535 1120 812 1178 columna
841 1121 1038 1176 uxoris
1090 1119 1258 1189 Loth,
1293 1124 1529 1192 propter
1584 1120 1667 1175 sal
1710 1121 2086 1189 infatuatum,
2118 1139 2154 1176 u

2293 1119 2430 1218 ρίας,
2464 1121 2534 1218 ei:
2560 1144 2630 1218 τι-
2666 1127 2782 1218 Δχρή
2845 1126 3017 1190 οὕτως
3074 1131 3172 1218 την
3237 1132 3312 1218 ως
3367 1130 3622 1204 ἤκουσας,
3668 1119 3889 1218 γραφίκὴν

532 1209 887 1282 accepimus,
921 1210 1077 1280 quod
1111 1213 1419 1281 paternum
1449 1210 1709 1277 fratrem,
1744 1226 1857 1264 non
1891 1210 2084 1265 minus
2115 1227 2153 1266 at

2288 1216 2387 1278 τῆς
2441 1214 2538 1264 τοῦ
2604 1213 2729 1269 Λὼτ
2791 1217 3038 1287 γυναικὸς
3101 1214 3425 1276 ἐκλαὸέσθαι
3483 1209 3807 1297 στήλην-’δίὰ
3843 1209 3891 1287 τὸ

531 1302 748 1355 terram
785 1295 1062 1364 fertilem,
1095 1297 1152 1352 in
1185 1297 1380 1354 lacum
1413 1297 1672 1354 sterilem
1703 1299 2006 1353 convertit.

2293 1298 2713 1393 μωμαινόμινον
2768 1300 2928 1375 ἅλας,
2961 1305 3036 1366 ὡς
3081 1304 3468 1383 παρελάϐομεν
3489 1330 3501 1343 ·
3535 1295 3573 1367 ὃν
3603 1295 3684 1369 τόν
3738 1338 3884 1393 πατρι-

2287 1386 2380 1440 κὸν
2440 1385 2673 1468 ἀδελφὸν
2736 1392 3095 1466 ἀποκαθεστᾷ,
3127 1397 3201 1458 ὡς
3241 1401 3332 1453 οἷα
3379 1401 3469 1454 καὶ
3507 1409 3604 1475 γῆν
3652 1385 3883 1485 καρποοόο

2288 1495 2404 1547 ρον,
2437 1476 2516 1538 εἷς
2546 1476 2730 1550 ἅλμην
2761 1480 2972 1556 ἄγονον.

594 1566 686 1620 50.
719 1566 854 1631 Quae
887 1579 1022 1619 cum
1046 1565 1130 1621 ita
1155 1564 1358 1626 sint,et
1387 1581 1500 1618 non
1525 1564 2006 1631 aliter,volebam.
2026 1581 2058 1619 ο
2083 1582 2176 1635 pa-

2354 1567 2449 1628 ve'.
2484 1567 2758 1642 Ἐχόντων
2795 1569 2884 1624 οὖν
2917 1572 3122 1627 τούτων
3173 1573 3350 1639 οὕτως
3413 1577 3501 1649 (οὗ
3551 1581 3646 1655 γὰρ
3695 1581 3879 1657 ἄλλως),

522 1659 644 1710 tres
676 1653 991 1721 nostri,vos
1012 1653 1084 1708 ab
1117 1669 1234 1708 uno
1252 1652 1457 1708 saltem
1484 1653 1657 1707 trium
1682 1653 1975 1708 dictorum
1993 1653 2143 1708 malo

2283 1649 2480 1748 ἤθελον
2536 1656 2654 1729 μὲν,
2695 1657 2812 1748 ένὸς
2861 1664 2988 1735 γοῦν
3037 1667 3145 1717 τῶν
3181 1663 3488 1739 εἰρημένων
3520 1649 3670 1741 τριέῡν
3719 1649 3881 1748 ἆπὲχεέ

524 1759 658 1799 rum
673 1742 1225 1798 abstinere.Plerum
1237 1758 1348 1813 que
1362 1746 1558 1796 autem
1583 1742 1792 1796 excidit
1804 1743 1956 1797 bona
1971 1741 2143 1798 volun

2285 1743 2400 1795 σθαι
2459 1743 2639 1817 ὑμᾶς,
2699 1745 2743 1800 ὦ
2801 1750 3059 1825 ἡμέτεροι
3135 1757 3448 1828 πατερικοί.
3505 1741 3879 1817 ’Δποπίπτωηδὶ

523 1831 805 1888 tas.Mu1ti
837 1832 993 1886 enim
1026 1836 1158 1886 ante
1187 1831 1685 1899 tonsuram,sicut
1716 1836 1986 1902 expertus
2015 1849 2144 1887 sum

2281 1831 2549 1896 κάνταῦθα
2603 1838 2699 1888 τοῦ
2756 1837 2954 1912 ἀγαθοῦ
3011 1838 3323 1914 θελήματος
3399 1843 3450 1899 ἐν
3517 1853 3626 1909 τοῖς
3683 1847 3874 1907 πλείοσι.

523 1924 815 1992 quantum
843 1935 956 1974 non
990 1921 1194 1975 radere
1225 1924 1659 1991 caput,tantum
1692 1937 1874 1990 neque
1905 1925 2144 1990 paterna

2281 1917 2493 1974 Πολλοὶ
2557 1923 2650 1994 μὲν
2707 1927 2807 1999 γὰρ
2867 1928 2972 2002 πρὸ
3025 1935 3125 1998 τῆς
3181 1936 3386 2007 κουρᾶς
3421 1932 3875 2008 έμελέτησαν,καθᾶ

521 2024 715 2082 neque
745 2013 1082 2080 comparata
1112 2009 1264 2065 bona
1304 2010 1612 2080 deponere,
1648 2009 1933 2064 curabant
1964 2009 2012 2064 si
2044 2026 2142 2081 qua

2279 2009 2628 2085 πεπείραμαι,
2664 2012 2841 2089 ὥσπερ
2906 2015 2982 2088 μὴ
3040 2018 3136 2086 τὴν
3193 2021 3445 2098 κεφαλὴν
3499 2023 3722 2099 ἐκκόψαι,
3751 2029 3871 2082 ὀὕτω

519 2098 854 2165 habebant;
906 2097 1009 2152 sed
1057 2098 1236 2152 vitam
1286 2097 1690 2153 monachicam
1740 2097 1991 2170 amplexi
2032 2116 2140 2154 sun

2284 2098 2423 2167 μήτε
2473 2097 2716 2174 ὕπαρξιν,
2767 2104 2904 2173 μήτε
2946 2111 3133 2174 κτῆσιν
3194 2109 3506 2182 σκορπίσαι,
3557 2112 3608 2167 εἷ’
3649 2114 3749 2168 τινά
3793 2137 3869 2171 που

513 2188 668 2243 sicut
689 2189 882 2242 nautae
906 2187 976 2241 ad
999 2187 1392 2257 navigandum
1419 2202 1552 2241 cum
1575 2186 1734 2258 gravi
1754 2187 2007 2258 pondere
2029 2204 2134 2243 eun

2277 2186 2362 2279 καὶ
2399 2187 2572 2279 six-ovi
2605 2186 2749 2279 ἀλλά
2779 2189 3044 2269 ἔμφορτοι
3080 2198 3176 2250 τοῦ
3235 2205 3546 2275 μοναχικοῦ
3606 2203 3712 2279 βίου
3755 2208 3868 2279 γενέ-

511 2280 621 2344 tes,
655 2275 1028 2331 solummodo
1061 2274 1290 2346 capillis
1339 2275 1548 2346 capitis
1580 2274 1804 2340 nudati,
1841 2279 1896 2331 et
1942 2277 2126 2348 reliqu

2277 2274 2417 2364 σθαιἓ
2452 2275 2579 2364 ᾠσεὶ
2626 2277 2718 2332 καὶ
2770 2279 3070 2358 ναύκληροι
3128 2284 3284 2359 βαρεῖ
3340 2274 3523 2364 φόρτῳ
3569 2274 3619 2353 ές
3645 2274 3864 2347 ναυτίλίαν

509 2363 706 2422 saeculi
732 2365 878 2436 jugo
928 2364 1172 2437 gravati,
1220 2364 1398 2420 etiam
1460 2369 1591 2436 post
1618 2369 1944 2419 tonsuram.
1977 2366 2130 2432 Quan

2275 2361 2652 2454 στελλόμενοι,
2696 2368 2834 2442 θριξὶ
2896 2370 3082 2442 μόναις
3145 2361 3504 2452 κεφαλικαῖςί
3534 2377 3861 2454 ἐζημιωμένοι·

509 2453 684 2510 multi
713 2454 892 2510 etiam
924 2453 1020 2524 qui
1047 2453 1273 2525 seipsos
1298 2451 1504 2524 patriis
1526 2456 1583 2508 et
1613 2453 1966 2524 comparatis
1987 2453 2126 2509 rebu

2271 2451 2333 2505 τὸ
2366 2448 2423 2543 δέ
2449 2475 2509 2529 γε
2540 2451 2734 2510 λοιπὸν
2760 2457 2894 2512 κατὰ
2947 2459 3066 2535 βίον
3118 2448 3345 2537 φορτίον
3389 2448 3754 2543 ἐπηχθισμένόι
3797 2472 3860 2525 καὶ

512 2542 1009 2615 despoliaverunt,
1035 2546 1092 2597 et
1140 2546 1344 2615 postea
1388 2541 1528 2597 tacti
1577 2542 1920 2614 pmnitentia
1951 2559 2133 2597 novan

2275 2540 2409 2612 μετᾶ
2436 2543 2498 2596 τὸ
2557 2543 2853 2619 κούρευμα.
2885 2549 3042 2604 ’Όσοι
3104 2548 3162 2605 δὲ
3208 2553 3298 2606 καὶ
3360 2540 3726 2631 ἀπεγύνμνωσαν
3773 2559 3858 2614 ἑαυ-

510 2631 1006 2704 comparationem
1040 2631 1359 2702 pessimam
1398 2634 1804 2702 susceperunt.
1835 2630 1932 2684 Vis
1963 2635 2131 2686 auten

2267 2629 2394 2690 τοὺς
2449 2635 2556 2684 τῶν
2621 2633 2965 2706 ὑπαρξάντων
3019 2639 3109 2692 καὶ
3185 2645 3292 2695 τῶν
3387 2629 3692 2717 κτηθέντων,
3735 2648 3858 2720 μετά-

510 2718 737 2775 homini
767 2718 852 2774 illi
885 2719 987 2790 qui
1016 2719 1131 2774 tria
1169 2719 1284 2774 ista
1311 2719 1640 2790 complevit,
1674 2718 1773 2791 qui
1805 2719 2035 2775 duabus
2065 2736 2126 2776 re

2272 2715 2439 2812 μελον
2474 2715 2834 2812 ἆιναλαϐόντες
2889 2723 2940 2779 ἰν
2999 2731 3116 2790 τοῖς
3177 2729 3316 2800 μετὰ
3359 2735 3541 2802 ταῦτα,
3571 2715 3855 2812 τὴνέπᾶρα-

509 2808 624 2863 bus
653 2810 786 2862 ante
832 2812 1139 2862 tonsuram
1193 2807 1466 2878 sepositis
1513 2824 1661 2863 nova
1713 2807 1939 2863 addidit
1978 2823 2130 2880 sequi

2264 2825 2358 2860 10v
2417 2806 2698 2880 ἐπίκτησιν
2754 2809 2990 2870 εἷ’λοντο.
3051 2814 3187 2873 Ούαὶ
3245 2815 3305 2873 δὶ
3372 2827 3488 2884 τοῖς
3538 2824 3621 2877 καὶ
3678 2825 3733 2878 τὰ
3766 2806 3853 2900 τρία

507 2893 802 2967 triplicem
833 2894 1010 2950 istam
1042 2895 1263 2966 peccati
1307 2900 1572 2952 catenam
1605 2896 1676 2952 ad
1711 2896 2128 2954 suﬂ‘ocationeu

2265 2899 2873 2988 πραγματευσαμένοιςο
2915 2903 2967 2956 οἳ
3033 2908 3459 2982 ταμιευσάμενοι
3514 2913 3576 2966 τὰ
3625 2912 3740 2988 πρὸς
3783 2893 3854 2981 τῆς

504 2982 779 3056 implicit,
2263 2991 2461 3057 κουρᾶς
2517 2983 2636 3056 δύο,
2692 2988 3016 3065 προσέθεντο
3089 2994 3180 3048 καὶ
3253 2997 3330 3052 τὰ
3409 3003 3508 3066 τῆς
3559 2982 3848 3072 ἔπικτήσεως,

2263 3073 2506 3166 σχοινίον
2535 3077 2802 3166 ἁμαρτίας
2831 3084 2993 3136 τοῦτο
3030 3082 3341 3158 τρίπλοκον
3385 3087 3459 3151 εἲς
3503 3090 3716 3166 ἀγχόνην
3761 3090 3849 3164 ale-

2263 3182 2344 3216 σιν
2372 3162 2557 3226 αὐτοῖς
2587 3163 2990 3238 ἐπιπλέξαντες.

570 3253 661 3307 60.
694 3251 764 3306 Et
793 3251 965 3308 hodie
995 3252 1148 3324 apud
1182 3268 1288 3308 nos
1320 3250 1649 3323 reperimus
1680 3250 1914 3324 aliquod
1959 3250 2152 3308 simile
2184 3250 2191 3296 ί

2225 3247 2227 3302 ἱ
2333 3253 2389 3323 ξ’.
2436 3252 2542 3341 Καὶ
2619 3252 2820 3330 ἔχομεν
2882 3259 3119 3334 σήμερον
3174 3261 3228 3317 έν
3275 3271 3403 3328 τοῖς
3459 3268 3572 3331 καθ’
3616 3270 3742 3341 ἡμᾶς
3782 3269 3846 3322 κάξ

497 3357 682 3412 genus
713 3355 914 3396 eorum
948 3340 1050 3412 qui
1081 3357 1148 3396 ex
1201 3344 1445 3396 tonsura
1502 3340 1956 3412 negotiationem
2004 3341 2118 3395 fece

2259 3339 2505 3395 τοιοῦτόν
2581 3363 2632 3397 τι
2701 3343 2891 3421 φῦλον,
2942 3348 2993 3402 οἳ
3041 3353 3139 3404 τοῦ
3187 3354 3579 3428 κουριύσασθαι
3620 3339 3673 3412 τό
3717 3356 3844 3429 tuim-

498 3434 907 3500 runt,eamque
937 3445 1139 3485 secure
1169 3428 1800 3484 exercent.Lucrantur
1828 3428 1984 3484 enim
2016 3445 2119 3484 cun

2263 3428 2502 3504 ρεύεσθαι
2559 3432 2862 3503 ἁπώναντο,
2922 3437 3010 3490 καὶ
3083 3436 3254 3503 ἀδεῶς
3339 3443 3468 3499 αὐτὸ
3533 3428 3841 3518 πλημμελεῖν.

505 3534 711 3574 carnes
741 3534 856 3573 non
912 3519 1116 3585 edunt,
1151 3533 1456 3590 paucoque
1510 3518 1639 3572 cibo
1693 3523 1835 3572 sunt
1875 3517 2126 3573 contenti

2263 3519 2356 3586 Μὴ
2424 3521 2852 3610 κρεοφαγοῦντές
2915 3545 2974 3578 τε
3030 3526 3156 3603 γὰρ,
3216 3529 3600 3606 κερδαίνουσιν,
3654 3533 3841 3610 ὀλιγοσι-

506 3611 565 3663 et
595 3611 859 3680 potentes
906 3623 1023 3663 non
1071 3611 1411 3663 reverentur
1456 3607 1552 3676 qui
1596 3611 1934 3678 comparata
1974 3606 2121 3662 vecti

2259 3610 2478 3670 τοῦντες
2533 3608 2726 3682 οὕτως,
2757 3611 2848 3666 καὶ
2908 3611 3050 3686 μηδὲ
3092 3613 3495 3694 εὐλαϐούμενοι
3545 3606 3840 3688 δυνάσταξνοῗ

511 3695 743 3768 galibus
794 3695 1012 3752 exactis
1067 3695 1358 3752 minuunt.
1414 3695 1626 3751 Vincas
1681 3711 1818 3767 ergo
1863 3695 2132 3767 plantant

2261 3695 2689 3773 φορολογοῦντες
2767 3700 3124 3760 κολούσουσιν
3210 3706 3402 3772 αὐτοῖς
3462 3712 3556 3780 τὴν
3622 3708 3837 3784 ἐμπολήν.

508 3785 710 3841 hortos
739 3783 1426 3856 colunt,multiplicantes
1448 3800 1658 3857 pecora
1677 3785 1870 3840 omnis
1898 3785 2129 3857 generis

2259 3785 2570 3858 Ἀμπέλους
2601 3809 2660 3842 τε
2688 3787 2778 3842 σῦν
2820 3793 3142 3868 φωτεύουσι,
3169 3795 3260 3850 καὶ
3312 3801 3520 3869 κήπους
3573 3783 3832 3871 τημελοῖηι,

504 3878 565 3931 et
595 3873 726 3930 aliis
781 3872 1140 3930 animalibus
1197 3873 1448 3938 dilectis,
1482 3889 1618 3928 oves
1671 3873 1772 3928 Dei
1821 3873 2027 3928 sinunt
2057 3890 2122 3928 va

2259 3874 2347 3928 καὶ
2405 3879 2740 3950 ζωογονοῦσι
2805 3882 3068 3944 παντοίας
3125 3883 3349 3958 ἀγέλας,
3391 3887 3619 3965 ἀφιέντες
3667 3889 3723 3942 τὰ
3778 3888 3845 3940 τοῦ

502 3963 652 4034 gari,
687 3961 834 4017 nihil
892 3962 1246 4016 intentatum
1300 3961 1659 4032 relinquunt,
1694 3977 1808 4032 quo
1866 3962 2123 4017 mundan

2259 3967 2392 4053 Θεοῦ
2453 3962 2564 4032 ζῶα
2621 3966 2672 4020 οἱ
2750 3964 2936 4053 ἄλλως
3009 3970 3279 4048 φιλόζωοί
3341 3960 3746 4053 ὲξαλογίζισθαι·
3781 3973 3843 4028 καὶ

500 4056 844 4122 appareant,
889 4066 1002 4105 non
1069 4050 1359 4122 vulgares,
1391 4065 1530 4106 sane
1576 4066 1708 4106 vero
1741 4055 2121 4122 praepotentes

2257 4050 2426 4106 πάντα
2473 4057 2711 4122 ποιοῦσι,
2764 4052 2833 4109 δι⁹
2892 4057 2966 4112 ὧν
3030 4050 3630 4136 φιλοτιμήσονταιτοῦ
3685 4065 3842 4135 κόσμου

499 4143 566 4194 ut
595 4139 716 4195 sint
745 4138 982 4195 arbores
1013 4138 1298 4207 cmlestes,
1329 4155 1445 4196 non
1477 4141 1647 4210 juxta
1677 4155 1811 4194 eum
1852 4139 1951 4211 qui
2001 4139 2120 4195 illuc

2258 4140 2410 4194 εἶναι·
2441 4141 2534 4195 καὶ
2568 4141 2678 4218 οὐχ
2709 4143 2921 4213 ἁπλῶς,
2956 4144 3102 4202 ἀλλὰ
3159 4151 3442 4228 ἄρχοντες,
3470 4152 3556 4209 ἵνα
3605 4153 3685 4208 καὶ
3728 4150 3839 4206 αὐτοὶ

499 4227 799 4300 sapienter
827 4227 1264 4300 contemplatus
1295 4233 1403 4295 est,
1460 4231 1558 4284 sed
1593 4228 1706 4284 alio
1766 4229 1962 4298 modo,
1996 4229 2118 4286 sicu

2256 4228 2394 4305 φυτὰ
2439 4229 2542 4285 εἶεν
2595 4230 2834 4306 οὐράνια,
2867 4234 2930 4289 οὗ
2980 4237 3116 4292 κατὰ
3143 4239 3234 4294 τὸν
3262 4227 3451 4320 σοφῶς
3502 4247 3650 4299 τοῦτο
3688 4241 3835 4296 «Ow-

497 4315 643 4372 omlo
674 4316 974 4382 destinati,
1007 4321 1064 4372 et
1123 4317 1299 4374 humo
1347 4318 1570 4374 inserti.
1604 4317 1674 4372 Et
1719 4317 1960 4374 lucifero
2008 4318 2118 4389 qui

2255 4317 2482 4407 θηκόταν
2540 4319 2742 4394 τρόπον
2800 4319 2859 4377 δῖ
2905 4321 3096 4397 ἄλλον,
3147 4328 3222 4390 ὡς
3282 4315 3494 4407 ούρανῷ
3568 4333 3654 4405 μὲν
3696 4329 3835 4384 ἐπικα-

493 4404 629 4460 dem
659 4404 721 4460 in
752 4405 896 4460 cmlo
928 4405 1085 4462 brevi
1117 4405 1475 4462 habitavisse
1505 4405 1646 4461 nihil
1671 4406 1910 4478 profuit,
1945 4405 2045 4478 qui
2076 4423 2114 4462 e:

2254 4404 2536 4480 λούμενοι,
2569 4412 3008 4489 προσπεφυκότες
3063 4413 3121 4470 δὲ
3175 4424 3293 4481 τοῖς
3350 4404 3474 4496 περῖ
3518 4404 3609 4490 τήν
3633 4425 3733 4496 γῆν.
3761 4417 3830 4474 Καέ

491 4493 610 4550 alto
641 4495 714 4550 ad
746 4493 963 4551 inferos
995 4495 1233 4551 decidit.

2251 4496 2362 4588 μὴν
2387 4497 2451 4551 τὸ
2476 4496 2702 4588 φαύλως
2757 4500 3008 4588 οὐράνιον
3061 4502 3214 4561 οὐδὲν
3265 4509 3357 4563 τὸν
3411 4493 3666 4588 ἑωσφόρον
3727 4507 3828 4583 dipt-

2169 4603 2215 4668 D
2251 4581 2438 4654 λησεν,
2471 4585 2670 4650 ἐκεῖθεν
2702 4587 2850 4644 κάτω
2879 4591 3127 4649 πεσόντα.

551 4672 642 4728 6|.
677 4672 902 4738 Quibus
933 4688 1204 4730 sermone
1261 4674 1345 4729 ita
1374 4673 1735 4740 constitutis,
1796 4672 1926 4728 vide
1958 4690 2135 4744 nunc,

2315 4675 2409 4745 ξα’.
2442 4672 2571 4730 Ὧδε
2625 4680 2753 4750 γοῦν
2809 4680 2946 4751 ¹ἡμῖν
3004 4683 3403 4758 καθισταμένου
3449 4689 3535 4742 καὶ
3586 4683 3720 4742 τοῦδε
3761 4676 3830 4735 τοῦ

485 4776 517 4816 o
548 4761 996 4833 superbissime,
1047 4766 1246 4816 utrum
1295 4762 1408 4817 ista
1465 4761 1597 4830 tria,
1647 4761 1856 4833 patria,
1889 4761 2106 4833 pristini

2245 4759 2435 4852 λόγου,
2486 4762 2591 4837 δρ’,
2637 4763 2681 4819 ὦ
2740 4766 3304 4846 μεγαλοπρεπέστατε,
3340 4775 3384 4830 εί
3434 4778 3498 4830 τὰ
3539 4775 3650 4852 τρία
3687 4775 3827 4834 ταῦτα,

479 4856 538 4904 et
567 4849 822 4905 recentia
869 4851 1022 4905 bona
1067 4850 1268 4922 procul
1313 4849 1694 4922 elongaveris,
1742 4867 1930 4922 neque
1959 4867 2100 4907 oner

2237 4850 2339 4918 τήν
2397 4850 2641 4926 ὕπαρξιν,
2671 4855 2772 4923 τὴν
2827 4864 3040 4927 κτῆσιν,
3075 4861 3164 4916 καὶ
3213 4864 3312 4932 τὴν
3365 4849 3632 4935 ἐπίκτησιν
3683 4859 3825 4935 πόῤῥω

478 4937 858 5027 opprimaris,
890 4939 1246 5010 quibusdam
1269 4941 1396 5010 jam
1442 4939 1732 5010 possessis
1790 4956 1925 4995 cum
1957 4939 2099 5012 spiri

2238 4937 2560 5027 ᾆπετινάξω,
2591 4941 2680 4996 καὶ
2739 4942 2790 4998 εἷ’
2834 4946 2911 5018 μὴ
2974 4947 3176 5022 φόρτου
3232 4953 3437 5027 γέμειςο
3467 4956 3554 5009 τὸν
3586 4953 3670 5026 μὲν
3695 4948 3821 5023 ἔχων,

477 5026 636 5082 tuale
667 5026 846 5082 limen
875 5027 1229 5098 prmteriisti,
1261 5033 1317 5083 et
1359 5029 1607 5084 alterum
1641 5033 1846 5100 postea
1889 5045 2097 5100 compa

2238 5025 2326 5081 ὅτε
2370 5032 2467 5082 τοῦ
2517 5039 2885 5104 πνευματικοῦ
2933 5037 3159 5110 λιμένος
3191 5025 3440 5116 γέγονας,
3461 5044 3548 5098 τὸν
3591 5025 3649 5096 7δὲ
3695 5055 3820 5111 προσ·

475 5115 700 5172 ravisti.
732 5116 802 5170 Et
830 5115 940 5171 hoc
967 5116 1286 5173 verisimile
1307 5121 1414 5174 est.
1465 5117 1696 5172 Collatte
1742 5117 1896 5174 enim
1927 5118 2096 5190 primi

2236 5119 2686 5190 επικτησάμενος.
2722 5123 2816 5176 Καὶ
2853 5125 2960 5195 μήν
2991 5131 3153 5184 τοῦτο
3196 5115 3311 5205 ἕχει
3360 5152 3413 5186 τι
3459 5132 3543 5186 καὶ
3592 5133 3674 5184 τοῦ
3714 5121 3820 5180 εἰχό-

471 5203 686 5260 άὶνὶιὶω
717 5221 831 5260 non
866 5205 995 5261 sine
1039 5206 1294 5276 quadam
1344 5207 1703 5278 proclivitate
1734 5208 1805 5263 ad
1857 5224 1947 5263 res
1978 5207 2092 5264 alia

2231 5225 2344 5267 τος.
2380 5205 2667 5296 Πρόλῃψις
2706 5210 2809 5286 γὰρ
2859 5211 3036 5285 ἐκείνη
3089 5203 3295 5273 παλαίὰ
3339 5221 3703 5296 χρηματισμοῦ
3746 5211 3816 5267 ὁλ-

468 5293 858 5366 acquirendas
908 5295 1122 5350 ferunt.
1178 5299 1318 5349 Cum
1372 5295 1610 5367 quidam
1673 5311 1807 5351 vero
1866 5297 2001 5352 vilis
2043 5302 2089 5352 et

2231 5303 2334 5365 κῆς
2361 5317 2509 5357 τινος
2542 5295 2695 5372 λόγῳ
2724 5298 3011 5358 ἐπισπᾶται
3043 5307 3129 5360 καὶ
3177 5307 3242 5362 τὰ
3289 5293 3693 5379 ἰξίέπικτήσεως.
3721 5305 3814 5358 Ὅτε

465 5387 534 5438 ut
588 5383 792 5453 aiunt,
855 5383 1042 5440 macie
1114 5385 1414 5440 confectus
1472 5387 1706 5456 incepta
1779 5385 2084 5442 monachic

2231 5381 2288 5440 δέ
2338 5405 2420 5446 τις
2478 5383 2693 5459 λεπτὸς,
2745 5389 2855 5457 καὶ,
2907 5393 2983 5454 ὡς
3038 5391 3100 5449 ἃν
3159 5393 3298 5450 ε’ίποι
3347 5417 3449 5469 τις,
3506 5396 3725 5471 ὑπὲρινος
3761 5389 3809 5459 τῇ

464 5470 606 5540 vita,
641 5471 967 5545 saginatus,
1004 5471 1356 5545 pinguescit,
1388 5477 1447 5530 et
1486 5473 1770 5530 dilatatur
1799 5472 2085 5547 plusquan

2229 5473 2533 5550 ἴσχνότητι,
2578 5475 2671 5531 τὸν
2719 5480 2935 5553 μονήρη
2989 5481 3105 5556 βίον
3154 5485 3478 5542 ὑπεισελθὼν
3538 5470 3807 5544 λιπαίνετιι,

547 5687 591 5723 ³³
625 5691 761 5744 Luc.
795 5703 872 5758 ix,
903 5690 993 5744 62.
