4104 6210
901 72 1144 119 F—I
1155 70 1210 88 3".“
1223 70 1244 88 ’ἲ
1385 69 1392 80 '-
1403 62 1524 89 ηνὲτῖἻ

825 137 840 148 ι
931 127 940 138 ι

1282 420 1387 482 DE
1430 420 1917 482 EMENDANDA
1965 419 2155 482 VITA
2198 419 2682 484 MONACHIOA.

268 419 380 482 78!

3567 421 3684 484 782

268 549 590 626 παχύνεται,
646 549 1000 620 πλατύνεται,
1056 549 1132 614 εἷς
1186 549 1313 606 ὅσον
1373 547 1499 606 ούδὲ
1552 549 1620 606 τὰ
1672 549 1924 619 λακκιζό-

2051 552 2378 610 inimalium
2413 553 2626 621 offula,
2657 554 2814 624 quod
2847 553 2918 610 de
2950 569 3123 610 carne
3164 569 3280 608 non
3337 551 3690 626 intelligitur

270 659 406 712 μινα
460 643 570 694 τῶν
629 639 980 714 θρεμμάτων,
1038 639 1128 694 καὶ
1187 639 1285 694 ούκ
1340 639 1472 694 αὐτὸ
1501 638 1562 695 ού
1589 640 1725 694 κατὰ
1755 639 1926 714 σάρκα

2051 642 2134 696 red
2165 642 2236 698 de
2265 641 2431 698 novis
2487 642 2796 714 acquisitis
2854 641 3099 710 divitiis,
3134 640 3428 713 quomodo
3469 657 3532 697 se
3563 655 3690 698 mo-

265 723 578 802 διατριϐἧς,
611 725 738 782 ἀλλ’
769 727 848 790 εἷς
904 729 1169 804 χρήματα
1199 726 1268 783 δι’
1300 727 1660 800 ἐπικτησεως,
1709 733 1828 790 πῶς
1861 727 1920 782 ἂν

266 819 522 888 συστησει
557 817 799 894 μοναχὸν
860 817 1046 873 ἑαυτὸν
1108 818 1267 888 εἶναι,
1325 817 1415 874 καὶ
1467 816 1529 873 ού
1559 816 1737 893 παχὺν
1773 817 1928 888 βοῦν,

265 908 302 978 ἢ
339 906 602 982 μοσχίον.

477 991 597 1048 Εἰσὶ
630 990 686 1048 δέ
715 1013 858 1054 τινες
905 992 1212 1069 περίφημοι
1269 993 1321 1048 ἐν
1381 999 1497 1056 τοῖς
1546 994 1838 1058 τοιούτοις,
1879 990 1930 1046 o'i

263 1084 354 1138 καὶ
394 1083 499 1137 άπὸ
552 1085 937 1159 πραγματειῶν
990 1081 1402 1152 πλουτίζονται.
1437 1085 1533 1138 Καὶ
1597 1083 1694 1138 οὐκ
1742 1081 1802 1138 ἂν
1854 1082 1930 1143 εἷς

260 1171 418 1228 πολὺ
472 1177 579 1227 τῶν
632 1172 898 1227 τοιούτων
959 1171 1267 1247 καθάψηται
1324 1175 1359 1242 ἡ
1420 1176 1708 1248 συγγραφὴ
1770 1172 1930 1245 αὕτη,

267 1263 352 1335 μή
408 1261 496 1317 καὶ
547 1260 812 1336 χαίρωσιν
868 1260 1184 1330 ἅκούοντες,
1244 1262 1382 1317 καθὰ
1435 1261 1524 1316 καὶ
1580 1263 1929 1338 πράττοντες.

260 1355 623 1426 Παρομαρτεῖ
647 1351 748 1426 γάρ
808 1371 940 1405 ποτε
987 1352 1080 1405 καί
1135 1355 1296 1406 τοῦτο
1349 1356 1468 1412 τοῖς
1515 1356 1612 1406 τοῦ
1671 1353 1747 1425 μὴ
1799 1353 1930 1427 ἁγα-

259 1445 366 1504 θοῦ
424 1438 692 1514 ἐρασταῖς,
745 1437 798 1493 οἳ
853 1439 1153 1515 ψεγόμενοι
1206 1445 1313 1495 τῶν
1372 1439 1676 1515 πρακτέων,
1730 1439 1930 1495 ἐπιτεί-

260 1550 427 1584 νουσι
480 1531 582 1598 τήν
637 1528 926 1603 ἐπιθυμίαν
985 1529 1059 1592 εἷς
1121 1525 1553 1604 ἀνυπέρϐλητον.
1585 1529 1744 1585 Ἀλλ’
1777 1529 1929 1584 αὐτοὶ

265 1619 370 1692 μὶν
423 1617 748 1673 ποιείτωσαν
811 1618 874 1672 τὸ
932 1616 1108 1696 σφίσιν
1165 1617 1376 1696 ἂφετὸν,
1414 1619 1502 1674 καὶ
1537 1612 1772 1673 ἔστωσαν
1801 1617 1930 1691 ψεύ-

259 1705 519 1780 δόμενοι,
577 1706 640 1761 τὸ
695 1707 832 1762 κατὰ
885 1708 984 1776 τὴν
1021 1708 1328 1782 μοναχικήν
1360 1707 1641 1763 πολιτείαν
1685 1706 1930 1781 οὐράνιον

257 1797 436 1875 φυτὸν
498 1797 778 1874 ἀφιέμενοι
809 1798 1120 1868 τεθηλέναι,
1181 1791 1282 1858 ἕως
1337 1795 1397 1851 ἃν
1459 1796 1494 1866 ἢ
1533 1797 1736 1870 καρπὸν
1762 1795 1928 1874 ἐκφή-

255 1907 455 1953 νωσιν,
494 1885 569 1947 εἷς
603 1885 660 1940 ὃν
691 1885 1010 1961 πεφυκότες,
1069 1884 1224 1959 ὅμως
1256 1886 1318 1940 ού
1348 1881 1758 1960 προϐάλλονται
1816 1885 1996 1952 αὐτὸν,

256 1977 534 2051 γένωνται
564 1979 662 2029 τοῦ
691 1975 884 2051 πυρός.

342 2065 442 2138 Εγ’.
477 2063 554 2118 Σὺ
586 2059 643 2118 δὲ
712 2064 942 2139 μοναχὲ,
1001 2063 1030 2118 6
1087 2065 1224 2137 πρὸς
1283 2061 1570 2134 ἀλήθειαν,
1636 2061 1933 2135 μελέτησον

257 2154 362 2210 σὺν
438 2157 578 2226 Θεῷ,
657 2153 748 2207 καὶ
828 2152 962 2226 μάθε
1029 2152 1213 2214 καλῶς
1269 2151 1584 2216 ἐπικτᾶσθαι
1646 2152 1779 2226 μετά
1835 2153 1935 2220 τήν

257 2243 590 2319 ἁποκάρσιΨ
669 2242 761 2297 καὶ
835 2247 1000 2298 τοῦτο
1055 2245 1130 2315 μή
1193 2242 1478 2305 ἁπλοϊκῶς
1535 2241 1731 2310 οὕτως,
1791 2239 1938 2298 ἁλλᾶ

254 2333 412 2408 πρὸς
443 2329 704 2402 διπλόην,
738 2331 799 2400 ἣν
863 2332 1067 2408 φθάσας
1098 2329 1337 2400 ἤκουσας
1390 2330 1620 2386 ἐνώπιον
1672 2335 1827 2399 Θεοῦ,
1860 2331 1936 2392 ὡς

254 2421 358 2477 καὶ
393 2422 423 2476 6
452 2419 725 2496 κουρεύων
756 2419 1106 2498 ὶξεφώνησεν,
1167 2418 1229 2476 οὗ
1282 2417 1462 2489 εἰδὼς,
1495 2419 1572 2480 ,τί
1612 2418 1820 2487 ἐλάλει,
1847 2418 1938 2474 καί

259 2512 345 2572 ὡς
406 2510 571 2571 αὐτὸς
635 2505 784 2572 οἶδας
814 2509 951 2584 πρὸς
984 2503 1282 2582 ἀκρίϐειαν,
1343 2509 1433 2564 καὶ
1471 2510 1544 2571 ὼς
1577 2509 1629 2564 οἱ
1659 2513 1936 2581 παρεστῶ-

255 2620 356 2660 τες
421 2597 765 2672 ἠκροάσαντο
801 2638 814 2653 .
876 2598 1144 2660 Ἤκουσας
1200 2595 1258 2652 δὲ
1292 2641 1305 2666 ,
1384 2599 1472 2652 καὶ
1522 2597 1824 2670 ἁπηρνήσω
1872 2596 1934 2652 οὐ

257 2689 370 2757 τὴν
434 2684 626 2748 ἁπλῶς
685 2686 774 2740 καὶ
834 2687 970 2740 κατά
1023 2707 1076 2740 τι
1138 2693 1373 2761 μονῆρες
1441 2683 1743 2756 ἐπίκτησιν·
1791 2683 1938 2740 ἀλλά

260 2775 596 2848 προσέκειτο
655 2773 707 2830 ἐν
759 2779 879 2836 τοῖς
927 2773 1052 2829 τότε
1105 2775 1197 2828 καὶ
1251 2775 1316 2830 τὸ
1355 2796 1377 2826 ι
1409 2776 1510 2843 την
1545 2772 1873 2843 ἰδιάζουσαν,
1908 2796 1938 2824 ››

262 2867 302 2921 ὅ
359 2863 556 2920 ταυτόν
611 2862 725 2918 ἐστι
772 2868 852 2935 τῷ
904 2887 932 2915 ι(
964 2865 1064 2934 τήν
1095 2883 1180 2918 σοι
1215 2863 1366 2936 μόνῳ
1397 2861 1556 2918 ῗδίανσ
1591 2887 1617 2913 ‹‹
1642 2861 1734 2918 ’ίνα
1765 2862 1842 2936 μή
1874 2863 1938 2917 τὸ

263 2953 701 3027 Σολομώντειον
735 2951 918 3008 ἐκαῖνο
948 2955 1297 3028 παρανοήσας
1354 2953 1439 3008 τόδ
1474 2975 1502 3006 ››
1538 2954 1599 3007 Ἠ
1647 2954 1799 3027 πηγή
1853 2972 1936 3006 σοι

259 3048 371 3099 τοῦ
432 3039 625 3103 ὕδατος
681 3039 818 3096 ἔστω
872 3038 1006 3110 ἰδία,
1068 3065 1096 3092 ››
1156 3038 1478 3111 ἐξιδιοῦσθαι
1541 3039 1846 3116 μελετήσῃς
1875 3042 1938 3096 τὸ

265 3132 417 3206 μετὰ
468 3133 572 3202 τήν
629 3131 828 3206 κουρὰν
853 3129 1103 3208 ἐπιρρέον
1156 3151 1242 3185 σοι
1294 3129 1735 3200 ὀθενοῦνμᾶλλὰ
1785 3149 1940 3204 μετο-

259 3242 510 3298 χετευῃς
567 3220 723 3290 αὐτὸ,
781 3216 907 3276 ἔνθα
945 3221 1158 3296 πρὲπειο
1208 3219 1299 3274 καὶ
1353 3221 1630 3295 προεστὼς
1677 3219 1770 3292 μὲν
1820 3239 1937 3274 κοι-

263 3310 533 3380 νότητος,
620 3309 1075 3383 ἀποκαταστήσῃς
1150 3308 1282 3364 αύτὸ
1369 3314 1438 3383 τῇ
1529 3311 1933 3383 μοναστηριακῇ

261 3398 567 3472 δεξαμενῇ,
623 3398 697 3459 ὡς
743 3395 804 3451 ἂν
876 3402 946 3472 τῇ
1024 3401 1182 3472 κοινῇ
1239 3399 1549 3469 συνεισέκθᾳ
1604 3399 1790 3468 κτήσει
1843 3397 1930 3450 καὶ

262 3489 430 3545 αὐτόσ
493 3486 732 3565 ὑφεστὼς
763 3484 840 3560 δὲ,
872 3487 962 3542 καὶ
996 3486 1171 3552 οὕτως
1229 3486 1712 3560 ἰλαττονούμενος,
1769 3506 1934 3559 προσ-

263 3579 489 3653 αγάγῃς
547 3580 628 3648 τῷ
684 3575 1114 3653 καθηγουμένῳ,
1168 3574 1261 3632 ’ίνα
1313 3576 1516 3638 ἐκεῖνος
1572 3578 1666 3648 μὲν
1724 3577 1929 3649 ποιήσῃ

262 3668 338 3722 τὸ
367 3664 674 3731 κανονικὸν,
723 3666 758 3733 ἡ
821 3661 878 3719 δὲ
935 3664 986 3720 ἐν
1038 3666 1146 3734 σοὶ,
1199 3664 1468 3737 σεμνότης
1499 3663 1799 3739 φυλάξηται
1829 3663 1929 3731 τὴν

266 3755 349 3812 δι’
411 3753 747 3824 ἕπικτήσεως
806 3753 1347 3826 πολυκτημοσύνην,
1407 3754 1481 3814 ὡς
1537 3749 1929 3828 παρήγγελται,

266 3845 366 3902 καὶ
425 3845 528 3912 τὴν
587 3842 826 3907 ἐκτεῦθεν
888 3843 1318 3918 ἀσχημοσύνην’
1387 3840 1456 3896 δι’
1508 3843 1569 3911 ἣν
1628 3839 1931 3896 κεκώλυται

267 3940 397 3996 τοῖς
437 3930 760 4005 μονάζουσιν
814 3931 876 3986 ού
932 3929 1066 4007 δίχα
1113 3931 1579 4008 παρασημάνσεως
1635 3932 1696 3986 τὸ
1752 3930 1788 3999 ἢ
1844 3950 1932 3984 κε-

270 4024 536 4093 κτῆσθαι,
595 4021 629 4090 ἢ
687 4026 1169 4095 προσεπικτᾶσθαι,
1226 4020 1372 4077 ἀλλά
1423 4021 1486 4076 τὸ
1541 4018 1788 4090 ἰδιάζον·
1842 4017 1937 4075 ’ίνα

273 4111 473 4169 πολλά
525 4112 664 4167 κακὰ
692 4109 915 4188 ἐκθύγῃς
966 4111 1312 4184 ἀκτημονῶν.
1372 4111 1773 4175 Πολυσύνθετος
1830 4111 1934 4186 γὰρ

275 4199 571 4279 φαυλότης
617 4199 706 4255 καὶ
761 4199 824 4255 τὸ
879 4199 1346 4273 πολυκτημονεῖν,
1397 4202 1443 4273 ᾦ
1472 4200 1560 4255 καὶ
1595 4199 1763 4270 ζῆλος
1803 4220 1937 4275 παρ-

275 4294 496 4358 έπεται,
527 4289 617 4344 καὶ
648 4285 780 4364 ἔρις,
813 4289 902 4344 καὶ
943 4286 1267 4360 ἀδιακρισία,
1312 4291 1399 4344 καὶ
1436 4289 1754 4365 περιττότης
1781 4290 1934 4358 κενὴ,

275 4381 372 4437 καὶ
401 4376 579 4448 ἦδονή
611 4375 668 4433 δὲ
701 4379 922 4452 ματαία,
955 4379 1042 4433 καὶ
1100 4375 1225 4450 δόξα
1275 4379 1460 4451 ὁμοία·
1496 4381 1578 4440 οἷς
1627 4379 1714 4433 καὶ
1753 4377 1936 4438 αὐτοῖς

278 4472 310 4526 ὁ
341 4466 550 4544 κυρίως
583 4468 827 4542 μοναχὸς
861 4467 1180 4538 ἀπετάξατο,
1228 4468 1366 4531 καθά
1415 4468 1505 4522 καὶ
1563 4471 1630 4540 τῇ
1665 4466 1937 4544 λαθροφα-

277 4559 398 4633 γίᾳ,
429 4558 493 4625 ἣν
539 4555 638 4610 οὐκ
666 4553 725 4610 ἂν
758 4554 880 4631 ἔχοι
924 4559 1000 4628 μή
1035 4555 1373 4632 ἐγκαλεῖσθαι
1452 4562 1568 4611 κατ’
1599 4553 1736 4610 ῗδίαν
1794 4575 1939 4630 χρη-

287 4644 677 4720 ματιζόμενος.
755 4647 815 4702 '0
896 4647 1001 4722 γὰρ
1067 4650 1163 4700 τοῦ
1238 4645 1486 4719 μείζονος
1581 4643 1941 4716 ἁλισκόμενος

2035 729 2287 786 nachum
2322 747 2475 800 esse,
2532 748 2648 788 non
2704 731 2981 804 pinguem
3041 730 3274 797 bovem,
3304 746 3408 787 seu
3439 728 3690 787 vitulum

2040 819 2308 890 probabit
2328 817 2355 873 τ

2109 994 2198 1050 62.
2234 996 2391 1050 Inter
2421 995 2528 1052 hos
2582 999 2723 1052 sunt
2779 995 3046 1051 nonnulli
3098 993 3448 1052 illustriores
3479 993 3578 1066 qui
3620 1007 3691 1050 ex

2041 1084 2429 1153 negotiatione
2484 1085 2772 1140 ditantur.
2832 1085 2979 1140 Istos
3014 1089 3209 1140 autem
3270 1100 3464 1139 sermo
3521 1099 3688 1138 meus

2041 1189 2155 1228 non
2189 1178 2392 1245 tangat
2413 1173 2688 1240 multum,
2723 1190 2794 1229 ne
2823 1173 3038 1229 auditis
3068 1174 3222 1229 sicut
3251 1171 3490 1245 patratis
3512 1172 3688 1227 rebus

2039 1261 2330 1318 laetentur.
2351 1262 2468 1318 Hoc
2499 1262 2655 1317 enim
2683 1262 2896 1318 accidit
2917 1262 3143 1318 homini
3174 1263 3393 1318 bonum
3417 1277 3532 1316 non
3555 1259 3690 1316 dili-

2040 1351 2298 1422 genti,de
2318 1351 2488 1406 factis
2507 1351 2608 1422 qui
2637 1351 3004 1423 vituperatus
3048 1352 3115 1406 ad
3143 1352 3369 1422 majora
3406 1349 3690 1421 concupi-

2040 1441 2256 1495 scenda
2286 1439 2839 1512 inﬂammatuersi
2861 1439 3153 1512 permissa
3169 1437 3695 1510 compleant,men-

2039 1529 2268 1584 dacium
2297 1533 2614 1595 ostentent,
2632 1530 2930 1585 cmlestem
2960 1529 3090 1584 vitae
3115 1527 3436 1584 monachis:
3461 1541 3694 1585 ramum

2041 1618 2344 1674 ﬂorescere
2373 1619 2736 1690 permittant,
2753 1619 2936 1674 donec
2966 1617 3054 1674 vel
3085 1617 3334 1674 afferant
3365 1616 3590 1672 fructus
3621 1615 3694 1670 ad

2041 1724 2189 1778 quos
2221 1707 2341 1762 nati
2371 1710 2531 1773 sunt,
2573 1722 2858 1778 quosque,
2892 1711 2958 1762 ut
3006 1706 3131 1762 vult
3159 1711 3333 1776 Deus,
3367 1721 3485 1760 non
3512 1702 3701 1776 profe-

2041 1800 2198 1864 runt,
2229 1796 2317 1852 vel
2345 1796 2534 1852 securi
2567 1799 2772 1854 resecti
2803 1797 2861 1851 in
2895 1798 3090 1869 ignem
3125 1796 3456 1854 mittantur.

2053 1884 2126 1946 ὡς
2161 1883 2432 1940 ἰπιτάσσει
2464 1885 2616 1947 Θεός“
2678 1884 2713 1952 ἢ
2753 1882 2897 1939 ἀλλὰ
2951 1888 3020 1957 τῇ
3077 1882 3222 1958 ἀξίνῃ
3268 1889 3688 1957 κατακοπέντες,

2116 2065 2206 2119 63.
2229 2065 2314 2120 Tu
2344 2063 2796 2131 autem,sincere
2822 2063 3130 2129 monacho,
3161 2079 3322 2132 cura,
3355 2065 3456 2122 Dei
3485 2067 3698 2140 gratia,

2046 2157 2104 2210 et
2159 2154 2319 2210 disce
2375 2152 2718 2225 locupletari
2749 2153 2926 2208 etiam
2981 2156 3114 2223 post
3143 2155 3488 2223 tonsuram;
3521 2155 3697 2226 idque

2047 2258 2161 2296 non
2194 2240 2481 2309 absolute,
2505 2243 2607 2296 sed
2640 2257 2707 2297 eo
2739 2256 2914 2296 sensu
2940 2257 3056 2312 quo
3079 2240 3266 2312 prius,
3289 2241 3348 2297 in
3379 2249 3698 2316 conspectu

2046 2329 2150 2386 Dei
2199 2329 2435 2399 audisti,
2468 2333 2524 2384 et
2555 2329 2709 2385 sicut
2737 2329 3008 2384 minister
3062 2328 3254 2385 sciens
3286 2331 3508 2402 optime
3555 2331 3699 2404 quid

2046 2419 2264 2474 diceret
2285 2418 2625 2490 postulavit,
2657 2423 2715 2474 et
2770 2418 2924 2473 sicut
2978 2417 3103 2490 ipse
3152 2419 3405 2490 perfecte
3436 2420 3612 2487 nosti,
3642 2423 3704 2477 et

2047 2509 2496 2564 circumstantes
2546 2507 2879 2563 audierunt.
2912 2507 3038 2563 Non
3097 2506 3428 2580 simplicem
3490 2527 3702 2566 novam

2050 2597 2550 2668 comparationem
2584 2597 2642 2651 in
2676 2595 3030 2652 monasterio
3053 2596 3273 2652 audisti
3295 2603 3354 2654 et
3375 2598 3700 2670 repudiasti

2049 2686 2151 2742 sed
2183 2690 2241 2741 et
2269 2685 2379 2741 hoc
2409 2684 2675 2741 additum
2704 2684 2848 2740 fuit:
2874 2706 2903 2734 «
2932 2684 3240 2758 privatam,
3259 2707 3286 2735 »
3312 2685 3538 2742 scilicet
3567 2703 3700 2760 qua:

2047 2775 2152 2830 tibi
2185 2774 2420 2846 propria
2450 2778 2540 2830 est
2568 2790 2580 2828 :
2612 2790 2684 2829 ne
2739 2773 2913 2830 verbo
2963 2773 3296 2831 Salomonis
3340 2775 3494 2832 male
3523 2775 3698 2832 intel-

2046 2862 2195 2919 lecto
2220 2880 2277 2919 ;‹.
2298 2863 2510 2920 Fontes
2531 2879 2695 2935 aquae
2712 2861 2924 2918 habeto
2944 2861 3164 2930 solus,»
3187 2863 3406 2936 cogites
3417 2880 3545 2936 quis
3561 2869 3698 2937 post

2045 2957 2351 3008 tonsuram
2369 2951 2784 3023 undecumque
2797 2951 2868 3006 ad
2881 2955 2937 3006 te
2951 2950 3235 3023 venerint,
3252 2952 3546 3024 privatum
3562 2970 3698 3027 pos-

2048 3043 2239 3098 sidere
2271 3042 2406 3110 ;sed
2431 3045 2496 3098 ut
2539 3041 2639 3097 illa
2676 3057 2793 3114 qua
2815 3058 2920 3114 par
2949 3041 3059 3097 erit
3082 3042 3396 3109 referas,ut
3423 3045 3696 3117 prmlatus

2047 3130 2460 3188 communitati
2485 3147 2554 3187 ea
2574 3130 2938 3203 receptacula
2956 3132 3298 3188 monasterii
3320 3150 3603 3208 reserves,
3636 3135 3698 3193 in

2049 3221 2344 3276 fortunam
2376 3221 2640 3276 omnium
2687 3221 3121 3292 concurrentia,
3150 3225 3208 3277 et
3236 3222 3561 3296 subjectus,
3593 3241 3698 3280 seu

2048 3309 2107 3364 in
2130 3309 2304 3365 ferias
2316 3310 2387 3364 ad
2416 3309 3050 3379 praelatum,afi‘eras,ut
3069 3309 3164 3366 hic
3180 3312 3505 3368 secundum
3526 3327 3700 3385 regu-

2048 3398 2166 3453 lam
2217 3403 2373 3470 agat,
2404 3403 2460 3453 et
2490 3402 2593 3453 tua
2613 3398 2870 3469 dignitas
2902 3398 3136 3454 divitias
3161 3415 3230 3454 ex
3265 3401 3701 3473 comparatione

2046 3503 2211 3554 nova,
2246 3491 2310 3540 ut
2339 3485 2562 3540 dictum
2595 3492 2704 3553 est,
2741 3491 2806 3540 ut
2847 3485 3190 3543 indecorum
3241 3493 3418 3557 esset,
3447 3489 3649 3546 divitet
3683 3509 3696 3548 :

2043 3574 2670 3647 proptereamonachis
2704 3591 2776 3630 ne
2809 3574 3187 3646 acquirerent
3211 3582 3270 3633 et
3299 3577 3696 3648 cumularent,

2043 3680 2158 3720 non
2201 3664 2328 3720 sine
2371 3663 2692 3733 reticentia,
2729 3663 3088 3734 prohibitum
3135 3666 3366 3735 fuit;et
3395 3667 3479 3722 sic
3510 3667 3700 3726 multa

2043 3752 2199 3808 mala
2246 3753 2609 3825 paupertatis
2641 3751 2904 3823 effugies.
2937 3752 3242 3825 Multiplex
3264 3756 3421 3811 enim
3454 3757 3695 3814 miseria

2042 3842 2400 3914 divitiarum,
2435 3859 2584 3914 quas
2624 3842 3195 3912 comitaturinvidia,
3221 3845 3376 3916 rixae,
3400 3847 3686 3916 confusio,

2034 3933 2341 4005 jactantia,
2371 3933 2640 4005 voluptas
2668 3949 2817 3989 vana
2844 3932 3176 4006 similisque
3199 3933 3405 4007 gloria,
3439 3953 3691 4010 quorum

2045 4023 2309 4079 omnium
2367 4039 2572 4094 expers
2619 4027 2709 4078 est
2759 4039 2931 4080 verus
2979 4024 3326 4095 monachus,
3360 4031 3427 4082 ut
3455 4036 3688 4085 secretae

2047 4111 2536 4180 manducationis,
2569 4111 2639 4167 de
2657 4127 2773 4183 qua
2802 4127 2917 4166 non
2939 4112 3200 4168 accusari
3226 4130 3338 4168 non
3372 4121 3561 4187 potest
3589 4117 3692 4189 qui

2047 4217 2187 4272 opes
2209 4201 2468 4273 privatas
2517 4199 2850 4272 acquisivit.
2885 4201 2993 4265 Qui
3022 4201 3179 4256 enim
3213 4202 3283 4259 de
3315 4205 3525 4276 majori
3555 4223 3695 4263 con-

2048 4290 2307 4344 vincitur
2334 4290 2406 4345 de
2436 4289 2766 4345 minoribus
2795 4289 2855 4343 in
2904 4289 3302 4360 suspicionem
3361 4309 3476 4348 non
3510 4295 3698 4351 modi-

2049 4395 2177 4433 cam
2208 4377 2436 4448 incidit,
2467 4383 2524 4434 et
2575 4377 2878 4450 illegitime
2927 4378 3183 4436 divitiari
3241 4381 3375 4452 plus
3405 4387 3495 4438 est
3525 4399 3704 4455 quam

2051 4470 2272 4523 secreto
2295 4466 2902 4523 manducare.Deinde
2920 4468 3243 4524 monachus
3258 4471 3358 4541 qui
3373 4471 3441 4526 ad
3460 4474 3706 4528 mandu-

2052 4557 2303 4612 candum
2329 4556 2572 4626 colligit,
2607 4572 2742 4612 mox
2771 4557 2842 4612 ad
2861 4557 3218 4628 voluptatem
3243 4557 3468 4630 aliquid
3493 4561 3702 4619 addet:

2057 4645 2351 4702 fruitionis
2405 4645 2563 4701 enim
2607 4661 2742 4718 pars
2763 4662 2879 4701 non
2921 4645 3160 4701 minima
3189 4648 3344 4718 apud
3375 4650 3710 4708 mundanos

284 4719 524 4795 ὕποντος
581 4733 640 4787 ἂν
696 4729 782 4801 εἷή
842 4719 1202 4810 ούχτῆκιστα
1246 4733 1336 4788 καὶ
1395 4732 1482 4788 ἐπὶ
1539 4738 1619 4805 τῷ
1675 4730 1937 4788 ἐλάττονι·

2057 4738 2147 4790 est
2175 4735 2452 4790 comestio
2472 4751 2485 4801 ;
2508 4735 2662 4806 apud
2691 4733 3011 4791 monachos
3035 4739 3230 4790 autem
3256 4753 3373 4793 non
3403 4741 3709 4811 comestio,

291 4830 482 4898 μεῖζον
511 4820 568 4878 δὲ
615 4822 833 4886 πάντως
886 4824 915 4877 6
974 4821 1196 4898 ἄκαιρος
1250 4823 1644 4898 χρηματισμὸς
1692 4826 1790 4876 τοῦ
1850 4820 1948 4876 λα-

293 4916 612 4990 Θροφαγεῖν.
673 4913 777 4968 Καὶ
837 4913 946 4986 μὴν
1010 4913 1252 4987 μοναχὸς
1300 4913 1367 4966 τὰ
1395 4912 1531 4985 πρὸς
1565 4908 1806 4981 δαπάνην
1839 4931 1953 4965 συν-

287 5002 438 5077 άγων
463 5000 610 5077 τάχα
668 5000 732 5055 ’ὰν
790 4996 1176 5057 καταϐαλεὶταί
1235 5022 1289 5055 τι
1346 5001 1435 5055 καὶ
1489 4999 1577 5055 ἐπὶ
1631 4999 1949 5056 ἀπολαύσει.

287 5091 474 5165 Μέρος
534 5087 592 5145 δὶ
649 5089 748 5145 ούκ
807 5089 1098 5165 ἐλάχιστον
1158 5087 1512 5152 ἀπολαύσεως
1563 5089 1614 5144 ἐν
1661 5094 1953 5162 κοσμικοῖς

294 5181 395 5255 μὶν
457 5179 522 5234 τὸ
576 5185 786 5257 φαγεῖν,
849 5178 900 5234 ἐν
937 5184 1223 5254 μοναχοῖς,
1257 5177 1314 5234 δὲ
1347 5179 1410 5234 ού
1437 5179 1523 5247 τὸ,
1553 5179 1855 5242 ἀσυνθέτως
1889 5177 1957 5232 εί-

292 5275 445 5336 πεῖν,
495 5275 678 5346 φαγεῖν
740 5267 890 5338 (αὐτὸ
947 5269 1047 5346 γὰρ
1107 5269 1398 5343 πάγκοινόν
1448 5265 1636 5342 ἔστιν),
1693 5265 1837 5322 ἀλλά
1893 5265 1954 5320 τό

297 5358 687 5435 λαϐροφαγεῖν,
721 5357 973 5412 δταυτόν
1025 5357 1135 5412 ἐστι
1191 5362 1272 5430 τῷ
1318 5355 1492 5428 ἡδίως
1549 5361 1760 5435 φαγεῖν’
1821 5367 1956 5419 καθ-

295 5446 384 5501 ότι
417 5445 508 5500 καὶ
572 5446 788 5515 κλοπῆς
843 5443 990 5522 ὕδωρ
1035 5444 1299 5522 γλυκερὸν
1352 5447 1630 5524 γράφεται.
1691 5449 1783 5500 Ἕν
1813 5446 1958 5519 τάχα

300 5555 472 5610 μονον
510 5536 539 5590 6
581 5540 830 5601 τοιοῦτος
887 5535 1038 5610 ἅγιος
1095 5537 1527 5611 χρηματιστικὸς
1577 5534 1795 5610 νομίσοι
1824 5535 1959 5611 ἀγα-

387 5754 432 5793 “
459 5741 625 5815 Prov.
658 5769 710 5824 ν,
741 5755 829 5811 17.
913 5755 959 5794 ¹⁴
985 5752 1165 5819 Eccli.
1195 5755 1281 5824 10,
1313 5754 1372 5814 6.

2063 4823 2130 4878 ad
2163 4822 2520 4893 loquendum
2554 4823 2921 4892 disjunctim,
2941 4823 3043 4879 sed
3067 4828 3292 4880 secreta
3313 4827 3710 4896 manducatio,

2062 4927 2165 4968 seu
2187 4911 2342 4982 quod
2365 4911 2520 4967 idem
2545 4915 2635 4967 est
2661 4909 3007 4982 voluptuose
3030 4913 3409 4983 manducare,
3429 4919 3712 4988 quemad-

2064 5001 2305 5057 modum
2324 4999 2550 5056 dulcior
2563 5015 2691 5056 esse
2707 4999 2925 5056 dicitur
2947 5016 3102 5073 aqua
3133 5001 3518 5062 furata.Forte
3531 5023 3718 5065 unum

2065 5092 2282 5146 bonum
2315 5089 2468 5160 quod
2500 5089 2655 5145 vovit
2679 5094 2920 5145 sanctus
2952 5088 3047 5145 hic
3077 5093 3406 5162 negotiator
3436 5096 3491 5151 id
3529 5114 3716 5154 unum

2066 5179 2386 5234 arbitratur
2415 5178 2651 5244 habere,
2685 5193 2798 5233 non
2833 5194 2962 5233 esse
3005 5179 3246 5236 omnino
3273 5183 3548 5240 otiosum.
3589 5187 3721 5258 Ipse

2063 5267 2221 5324 istud
2255 5285 2368 5323 non
2401 5267 2736 5339 intelligens
2767 5283 2780 5320 :
2811 5286 2837 5319 α
2871 5266 3110 5323 Nullum
3141 5285 3289 5341 opus
3321 5273 3592 5330 ruborem
3625 5275 3726 5330 ad-

2067 5357 2154 5412 dit
2186 5357 2249 5425 “,
2277 5357 2347 5411 ad
2381 5373 2443 5413 se
2485 5355 2934 5427 justiﬁcandum
2987 5355 3213 5412 nullum
3245 5375 3393 5431 opus
3421 5361 3722 5428 injussum

2066 5461 2197 5502 esse
2227 5445 2535 5514 monacho,
2568 5444 2816 5516 ideoque
2843 5460 2948 5499 nec
2979 5443 3255 5512 divitiari,
3289 5448 3582 5522 siquidem
3614 5451 3725 5509 hoc

2067 5536 2140 5593 ad
2169 5535 2535 5608 operandam
2567 5533 2798 5591 attinet.
2855 5532 3164 5592 Manifesta
3196 5537 3457 5610 seipsum
3486 5541 3725 5616 decipit,
