  <div class='ocr_page' id='page_1' title='image "/cluster/home/n/w/nwhite01/storage/ocr_20150623/135/hvd.32044073502528/397.png"; bbox 0 0 4104 6210; ppageno 0'>
   <div class='ocr_carea' id='block_1_1' title="bbox 362 355 482 419">
    <p class='ocr_par' dir='ltr' id='par_1_1' title="bbox 362 355 482 419">
     <span class='ocr_line' id='line_1_1' title="bbox 362 355 482 419; baseline -0.017 0"><span class='ocrx_word' id='word_1_1' title='bbox 362 355 482 419; x_wconf 80' lang='lat'><strong>783</strong></span> 
     </span>
    </p>
   </div>
   <div class='ocr_carea' id='block_1_2' title="bbox 365 450 2099 556">
    <p class='ocr_par' dir='ltr' id='par_1_2' title="bbox 365 450 2099 556">
     <span class='ocr_line' id='line_1_2' title="bbox 365 450 2099 556; baseline -0.022 -15"><span class='ocrx_word' id='word_1_2' title='bbox 365 483 468 556; x_wconf 99' lang='lat' dir='ltr'><strong>qui</strong></span> <span class='ocrx_word' id='word_1_3' title='bbox 495 482 580 538; x_wconf 91' lang='lat' dir='ltr'><strong>ita</strong></span> <span class='ocrx_word' id='word_1_4' title='bbox 605 476 905 550; x_wconf 76' lang='lat' dir='ltr'><strong>intelligit.</strong></span> <span class='ocrx_word' id='word_1_5' title='bbox 938 466 1444 539; x_wconf 80' lang='lat' dir='ltr'><strong>Quemadmodum</strong></span> <span class='ocrx_word' id='word_1_6' title='bbox 1489 459 1646 516; x_wconf 87' lang='lat' dir='ltr'><strong>enim</strong></span> <span class='ocrx_word' id='word_1_7' title='bbox 1689 452 2015 510; x_wconf 87' lang='lat' dir='ltr'><strong>laboriosus</strong></span> <span class='ocrx_word' id='word_1_8' title='bbox 2049 450 2099 514; x_wconf 67' lang='grc' dir='ltr'><strong>Α</strong></span> 
     </span>
    </p>
   </div>
   <div class='ocr_carea' id='block_1_3' title="bbox 365 540 2022 629">
    <p class='ocr_par' dir='ltr' id='par_1_3' title="bbox 365 540 2022 629">
     <span class='ocr_line' id='line_1_3' title="bbox 365 540 2022 629; baseline -0.024 2"><span class='ocrx_word' id='word_1_9' title='bbox 365 573 543 629; x_wconf 91' lang='lat' dir='ltr'><strong>homo</strong></span> <span class='ocrx_word' id='word_1_10' title='bbox 557 567 904 626; x_wconf 87' lang='lat' dir='ltr'><strong>consuevita</strong></span> <span class='ocrx_word' id='word_1_11' title='bbox 926 559 1185 618; x_wconf 79' lang='lat' dir='ltr'><strong>laudatis</strong></span> <span class='ocrx_word' id='word_1_12' title='bbox 1210 551 1474 629; x_wconf 82' lang='lat' dir='ltr'><strong>personis</strong></span> <span class='ocrx_word' id='word_1_13' title='bbox 1496 541 1920 608; x_wconf 89' lang='lat' dir='ltr'><strong>commendari,</strong></span> <span class='ocrx_word' id='word_1_14' title='bbox 1942 540 2022 593; x_wconf 87' lang='lat' dir='ltr'><strong>ita</strong></span> 
     </span>
    </p>
   </div>
   <div class='ocr_carea' id='block_1_4' title="bbox 367 628 2020 734">
    <p class='ocr_par' dir='ltr' id='par_1_4' title="bbox 367 628 2020 734">
     <span class='ocr_line' id='line_1_4' title="bbox 367 628 2020 734; baseline -0.024 -13"><span class='ocrx_word' id='word_1_15' title='bbox 367 667 426 720; x_wconf 85' lang='lat' dir='ltr'><strong>et</strong></span> <span class='ocrx_word' id='word_1_16' title='bbox 446 658 784 734; x_wconf 83' lang='lat' dir='ltr'><strong>operarius;</strong></span> <span class='ocrx_word' id='word_1_17' title='bbox 817 653 908 710; x_wconf 86' lang='lat' dir='ltr'><strong>cui</strong></span> <span class='ocrx_word' id='word_1_18' title='bbox 941 628 1269 705; x_wconf 88' lang='lat' dir='ltr'><strong>contrarius</strong></span> <span class='ocrx_word' id='word_1_19' title='bbox 1301 646 1391 698; x_wconf 87' lang='lat' dir='ltr'><strong>est</strong></span> <span class='ocrx_word' id='word_1_20' title='bbox 1417 634 1836 695; x_wconf 87' lang='lat' dir='ltr'><strong>otiosus.Licet</strong></span> <span class='ocrx_word' id='word_1_21' title='bbox 1863 628 2020 684; x_wconf 89' lang='lat' dir='ltr'><strong>enim</strong></span> 
     </span>
    </p>
   </div>
   <div class='ocr_carea' id='block_1_5' title="bbox 370 716 2019 812">
    <p class='ocr_par' dir='ltr' id='par_1_5' title="bbox 370 716 2019 812">
     <span class='ocr_line' id='line_1_5' title="bbox 370 716 2019 812; baseline -0.024 -3"><span class='ocrx_word' id='word_1_22' title='bbox 370 755 532 808; x_wconf 85' lang='lat' dir='ltr'><strong>actor</strong></span> <span class='ocrx_word' id='word_1_23' title='bbox 560 752 618 804; x_wconf 91' lang='lat' dir='ltr'><strong>et</strong></span> <span class='ocrx_word' id='word_1_24' title='bbox 648 743 797 802; x_wconf 89' lang='lat' dir='ltr'><strong>male</strong></span> <span class='ocrx_word' id='word_1_25' title='bbox 824 729 1453 812; x_wconf 56' lang='lat' dir='ltr'><strong>operans(x1xoopyac),</strong></span> <span class='ocrx_word' id='word_1_26' title='bbox 1503 726 1606 799; x_wconf 88' lang='lat' dir='ltr'><strong>qui</strong></span> <span class='ocrx_word' id='word_1_27' title='bbox 1649 721 1916 778; x_wconf 84' lang='lat' dir='ltr'><strong>eamdem</strong></span> <span class='ocrx_word' id='word_1_28' title='bbox 1947 716 2019 770; x_wconf 91' lang='lat' dir='ltr'><strong>ob</strong></span> 
     </span>
    </p>
   </div>
   <div class='ocr_carea' id='block_1_6' title="bbox 372 807 2021 904">
    <p class='ocr_par' dir='ltr' id='par_1_6' title="bbox 372 807 2021 904">
     <span class='ocr_line' id='line_1_6' title="bbox 372 807 2021 904; baseline -0.024 -7"><span class='ocrx_word' id='word_1_29' title='bbox 372 853 612 896; x_wconf 77' lang='lat' dir='ltr'><strong>causam</strong></span> <span class='ocrx_word' id='word_1_30' title='bbox 660 834 960 904; x_wconf 82' lang='grc' dir='ltr'>κακοῦργος</span> <span class='ocrx_word' id='word_1_31' title='bbox 1016 824 1264 892; x_wconf 87' lang='lat' dir='ltr'><strong>dicitur,</strong></span> <span class='ocrx_word' id='word_1_32' title='bbox 1325 821 1396 874; x_wconf 90' lang='lat' dir='ltr'><strong>ab</strong></span> <span class='ocrx_word' id='word_1_33' title='bbox 1453 830 1627 887; x_wconf 87' lang='lat' dir='ltr'><strong>opere</strong></span> <span class='ocrx_word' id='word_1_34' title='bbox 1684 817 1741 867; x_wconf 92' lang='lat' dir='ltr'><strong>et</strong></span> <span class='ocrx_word' id='word_1_35' title='bbox 1795 807 2021 863; x_wconf 83' lang='lat' dir='ltr'><strong>actione</strong></span> 
     </span>
    </p>
   </div>
   <div class='ocr_carea' id='block_1_7' title="bbox 373 895 2018 992">
    <p class='ocr_par' dir='ltr' id='par_1_7' title="bbox 373 895 2018 992">
     <span class='ocr_line' id='line_1_7' title="bbox 373 895 2018 992; baseline -0.023 -8"><span class='ocrx_word' id='word_1_36' title='bbox 373 926 731 992; x_wconf 89' lang='lat' dir='ltr'><strong>deriventur,</strong></span> <span class='ocrx_word' id='word_1_37' title='bbox 791 920 944 974; x_wconf 83' lang='lat' dir='ltr'><strong>bona</strong></span> <span class='ocrx_word' id='word_1_38' title='bbox 1000 920 1198 968; x_wconf 86' lang='lat' dir='ltr'><strong>tamen</strong></span> <span class='ocrx_word' id='word_1_39' title='bbox 1257 906 1520 980; x_wconf 88' lang='lat' dir='ltr'><strong>phrasis,</strong></span> <span class='ocrx_word' id='word_1_40' title='bbox 1581 901 1756 958; x_wconf 87' lang='lat' dir='ltr'><strong>solita</strong></span> <span class='ocrx_word' id='word_1_41' title='bbox 1782 895 2018 960; x_wconf 90' lang='lat' dir='ltr'><strong>locutio,</strong></span> 
     </span>
    </p>
   </div>
   <div class='ocr_carea' id='block_1_8' title="bbox 371 981 2019 1077">
    <p class='ocr_par' dir='ltr' id='par_1_8' title="bbox 371 981 2019 1077">
     <span class='ocr_line' id='line_1_8' title="bbox 371 981 2019 1077; baseline -0.023 -4"><span class='ocrx_word' id='word_1_42' title='bbox 371 1012 687 1077; x_wconf 83' lang='lat' dir='ltr'><strong>sententia,</strong></span> <span class='ocrx_word' id='word_1_43' title='bbox 716 981 807 1064; x_wconf 83' lang='lat' dir='ltr'><strong>lex</strong></span> <span class='ocrx_word' id='word_1_44' title='bbox 859 1006 1034 1070; x_wconf 91' lang='lat' dir='ltr'><strong>bona,</strong></span> <span class='ocrx_word' id='word_1_45' title='bbox 1066 1006 1123 1056; x_wconf 91' lang='lat' dir='ltr'><strong>et</strong></span> <span class='ocrx_word' id='word_1_46' title='bbox 1176 999 1324 1053; x_wconf 87' lang='lat' dir='ltr'><strong>bene</strong></span> <span class='ocrx_word' id='word_1_47' title='bbox 1381 991 1610 1050; x_wconf 82' lang='lat' dir='ltr'><strong>dicendi</strong></span> <span class='ocrx_word' id='word_1_48' title='bbox 1643 981 2019 1056; x_wconf 82' lang='lat' dir='ltr'><strong>exemplaria,</strong></span> 
     </span>
    </p>
   </div>
   <div class='ocr_carea' id='block_1_9' title="bbox 368 1071 2018 1160">
    <p class='ocr_par' dir='ltr' id='par_1_9' title="bbox 368 1071 2018 1160">
     <span class='ocr_line' id='line_1_9' title="bbox 368 1071 2018 1160; baseline -0.023 1"><span class='ocrx_word' id='word_1_49' title='bbox 368 1105 430 1160; x_wconf 86' lang='lat' dir='ltr'><strong>in</strong></span> <span class='ocrx_word' id='word_1_50' title='bbox 461 1116 702 1160; x_wconf 86' lang='lat' dir='ltr'><strong>sensum</strong></span> <span class='ocrx_word' id='word_1_51' title='bbox 732 1097 954 1152; x_wconf 92' lang='lat' dir='ltr'><strong>bonum</strong></span> <span class='ocrx_word' id='word_1_52' title='bbox 982 1088 1386 1147; x_wconf 84' lang='lat' dir='ltr'><strong>sublimiorem</strong></span> <span class='ocrx_word' id='word_1_53' title='bbox 1416 1087 1475 1138; x_wconf 90' lang='lat' dir='ltr'><strong>et</strong></span> <span class='ocrx_word' id='word_1_54' title='bbox 1516 1079 1780 1135; x_wconf 89' lang='lat' dir='ltr'><strong>divinum</strong></span> <span class='ocrx_word' id='word_1_55' title='bbox 1831 1071 2018 1127; x_wconf 89' lang='lat' dir='ltr'><strong>dedu-</strong></span> 
     </span>
    </p>
   </div>
   <div class='ocr_carea' id='block_1_10' title="bbox 368 1173 1875 1256">
    <p class='ocr_par' dir='ltr' id='par_1_10' title="bbox 368 1173 1875 1256">
     <span class='ocr_line' id='line_1_10' title="bbox 368 1173 1875 1256; baseline -0.022 -7"><span class='ocrx_word' id='word_1_56' title='bbox 368 1194 598 1256; x_wconf 88' lang='lat' dir='ltr'><strong>xerunt,</strong></span> <span class='ocrx_word' id='word_1_57' title='bbox 632 1187 784 1243; x_wconf 89' lang='lat' dir='ltr'><strong>sicut</strong></span> <span class='ocrx_word' id='word_1_58' title='bbox 813 1182 1126 1246; x_wconf 85' lang='lat' dir='ltr'><strong>actionem,</strong></span> <span class='ocrx_word' id='word_1_59' title='bbox 1159 1178 1238 1230; x_wconf 89' lang='lat' dir='ltr'><strong>ita</strong></span> <span class='ocrx_word' id='word_1_60' title='bbox 1266 1178 1322 1229; x_wconf 91' lang='lat' dir='ltr'><strong>et</strong></span> <span class='ocrx_word' id='word_1_61' title='bbox 1351 1188 1498 1244; x_wconf 90' lang='lat' dir='ltr'><strong>opus</strong></span> <span class='ocrx_word' id='word_1_62' title='bbox 1527 1173 1583 1224; x_wconf 92' lang='lat' dir='ltr'><strong>et</strong></span> <span class='ocrx_word' id='word_1_63' title='bbox 1613 1178 1875 1222; x_wconf 89' lang='lat' dir='ltr'><strong>causam.</strong></span> 
     </span>
    </p>
   </div>
   <div class='ocr_carea' id='block_1_11' title="bbox 1146 305 2994 406">
    <p class='ocr_par' dir='ltr' id='par_1_11' title="bbox 1146 305 2994 406">
     <span class='ocr_line' id='line_1_11' title="bbox 1146 305 2994 406; baseline -0.022 0"><span class='ocrx_word' id='word_1_64' title='bbox 1146 335 1560 406; x_wconf 80' lang='lat' dir='ltr'><strong>EUSTA‘I‘HII</strong></span> <span class='ocrx_word' id='word_1_65' title='bbox 1602 315 2367 394; x_wconf 75' lang='lat' dir='ltr'><strong>THESSALONICENSIS</strong></span> <span class='ocrx_word' id='word_1_66' title='bbox 2409 305 2994 375; x_wconf 67' lang='lat' dir='ltr'><strong>METROPOLITE</strong></span> 
     </span>
    </p>
   </div>
   <div class='ocr_carea' id='block_1_12' title="bbox 3663 299 3793 362">
    <p class='ocr_par' dir='ltr' id='par_1_12' title="bbox 3663 299 3793 362">
     <span class='ocr_line' id='line_1_12' title="bbox 3663 299 3793 362; baseline 0.008 -2"><span class='ocrx_word' id='word_1_67' title='bbox 3663 299 3793 362; x_wconf 70' lang='grc'><strong>’184</strong></span> 
     </span>
    </p>
   </div>
   <div class='ocr_carea' id='block_1_13' title="bbox 2130 425 3791 516">
    <p class='ocr_par' dir='ltr' id='par_1_13' title="bbox 2130 425 3791 516">
     <span class='ocr_line' id='line_1_13' title="bbox 2130 425 3791 516; baseline -0.011 -19"><span class='ocrx_word' id='word_1_68' title='bbox 2130 443 2220 508; x_wconf 90' lang='grc' dir='ltr'><strong>θὸν</strong></span> <span class='ocrx_word' id='word_1_69' title='bbox 2274 434 2421 516; x_wconf 82' lang='grc' dir='ltr'>ἔχειν</span> <span class='ocrx_word' id='word_1_70' title='bbox 2477 437 2538 492; x_wconf 83' lang='grc' dir='ltr'>τὸ</span> <span class='ocrx_word' id='word_1_71' title='bbox 2595 432 2755 508; x_wconf 78' lang='grc' dir='ltr'>(καθὰ</span> <span class='ocrx_word' id='word_1_72' title='bbox 2806 430 3171 502; x_wconf 79' lang='grc' dir='ltr'>ἐξωσιώσατο)</span> <span class='ocrx_word' id='word_1_73' title='bbox 3230 452 3259 480; x_wconf 79' lang='grc' dir='ltr'><strong>α</strong></span> <span class='ocrx_word' id='word_1_74' title='bbox 3313 428 3390 500; x_wconf 78' lang='grc' dir='ltr'>μὴ</span> <span class='ocrx_word' id='word_1_75' title='bbox 3422 425 3622 501; x_wconf 79' lang='grc' dir='ltr'>ἀεργὸς</span> <span class='ocrx_word' id='word_1_76' title='bbox 3655 425 3791 480; x_wconf 78' lang='grc' dir='ltr'>εἶναι</span> 
     </span>
    </p>
   </div>
   <div class='ocr_carea' id='block_1_14' title="bbox 2128 515 3790 596">
    <p class='ocr_par' dir='ltr' id='par_1_14' title="bbox 2128 515 3790 596">
     <span class='ocr_line' id='line_1_14' title="bbox 2128 515 3790 596; baseline -0.013 -8"><span class='ocrx_word' id='word_1_77' title='bbox 2128 532 2206 596; x_wconf 69' lang='grc' dir='ltr'>εἷς</span> <span class='ocrx_word' id='word_1_78' title='bbox 2258 515 2339 585; x_wconf 11' lang='grc' dir='ltr'>τὸγ</span> <span class='ocrx_word' id='word_1_79' title='bbox 2383 522 2666 587; x_wconf 72' lang='grc' dir='ltr'>παντελὲς.</span> <span class='ocrx_word' id='word_1_80' title='bbox 2727 543 2754 574; x_wconf 71' lang='grc' dir='ltr'><strong><em>ι</em></strong></span> <span class='ocrx_word' id='word_1_81' title='bbox 2813 520 2912 575; x_wconf 82' lang='grc' dir='ltr'>Καί</span> <span class='ocrx_word' id='word_1_82' title='bbox 2966 539 3071 573; x_wconf 88' lang='grc' dir='ltr'><strong>που</strong></span> <span class='ocrx_word' id='word_1_83' title='bbox 3126 517 3215 572; x_wconf 82' lang='grc' dir='ltr'><strong>καὶ</strong></span> <span class='ocrx_word' id='word_1_84' title='bbox 3245 515 3413 578; x_wconf 76' lang='grc' dir='ltr'>αὐτὸς</span> <span class='ocrx_word' id='word_1_85' title='bbox 3437 515 3790 591; x_wconf 76' lang='grc' dir='ltr'>παρανοήσας</span> 
     </span>
    </p>
   </div>
   <div class='ocr_carea' id='block_1_15' title="bbox 2126 600 3790 693">
    <p class='ocr_par' dir='ltr' id='par_1_15' title="bbox 2126 600 3790 693">
     <span class='ocr_line' id='line_1_15' title="bbox 2126 600 3790 693; baseline -0.013 -17"><span class='ocrx_word' id='word_1_86' title='bbox 2126 623 2190 676; x_wconf 85' lang='grc' dir='ltr'>τὸ</span> <span class='ocrx_word' id='word_1_87' title='bbox 2245 644 2274 670; x_wconf 76' lang='grc' dir='ltr'><strong>σ‹</strong></span> <span class='ocrx_word' id='word_1_88' title='bbox 2325 620 2518 693; x_wconf 83' lang='grc' dir='ltr'>Ἔργον</span> <span class='ocrx_word' id='word_1_89' title='bbox 2575 610 2620 667; x_wconf 80' lang='grc' dir='ltr'>δ’</span> <span class='ocrx_word' id='word_1_90' title='bbox 2678 608 2830 665; x_wconf 71' lang='grc' dir='ltr'>οὐδὲν</span> <span class='ocrx_word' id='word_1_91' title='bbox 2868 604 3098 676; x_wconf 74' lang='grc' dir='ltr'>ὄνειδος,</span> <span class='ocrx_word' id='word_1_92' title='bbox 3161 630 3189 658; x_wconf 89' lang='grc'><strong>››</strong></span> <span class='ocrx_word' id='word_1_93' title='bbox 3219 600 3580 680; x_wconf 75' lang='grc' dir='ltr'>προϐαλεῖται</span> <span class='ocrx_word' id='word_1_94' title='bbox 3615 602 3676 656; x_wconf 71' lang='grc' dir='ltr'>ἂν</span> <span class='ocrx_word' id='word_1_95' title='bbox 3711 601 3790 665; x_wconf 82' lang='grc' dir='ltr'><strong>είς</strong></span> 
     </span>
    </p>
   </div>
   <div class='ocr_carea' id='block_1_16' title="bbox 2131 691 3788 774">
    <p class='ocr_par' dir='ltr' id='par_1_16' title="bbox 2131 691 3788 774">
     <span class='ocr_line' id='line_1_16' title="bbox 2131 691 3788 774; baseline -0.013 -10"><span class='ocrx_word' id='word_1_96' title='bbox 2131 691 2431 772; x_wconf 83' lang='grc' dir='ltr'>δικαίωσιν,</span> <span class='ocrx_word' id='word_1_97' title='bbox 2500 725 2526 756; x_wconf 73' lang='grc' dir='ltr'><strong>α</strong></span> <span class='ocrx_word' id='word_1_98' title='bbox 2591 697 2758 774; x_wconf 75' lang='grc' dir='ltr'>μηδὲν</span> <span class='ocrx_word' id='word_1_99' title='bbox 2788 720 2841 753; x_wconf 93' lang='grc' dir='ltr'><strong>τι</strong></span> <span class='ocrx_word' id='word_1_100' title='bbox 2873 693 3026 774; x_wconf 76' lang='grc' dir='ltr'>ἔργον</span> <span class='ocrx_word' id='word_1_101' title='bbox 3075 695 3212 770; x_wconf 79' lang='grc' dir='ltr'>πρὸς</span> <span class='ocrx_word' id='word_1_102' title='bbox 3243 691 3560 765; x_wconf 82' lang='grc' dir='ltr'>ὀνειδισμοῦ</span> <span class='ocrx_word' id='word_1_103' title='bbox 3592 692 3724 746; x_wconf 75' lang='grc' dir='ltr'>εἶναι</span> <span class='ocrx_word' id='word_1_104' title='bbox 3759 715 3788 743; x_wconf 73' lang='lat' dir='ltr'><strong>n</strong></span> 
     </span>
    </p>
   </div>
   <div class='ocr_carea' id='block_1_17' title="bbox 2127 777 3792 870">
    <p class='ocr_par' dir='ltr' id='par_1_17' title="bbox 2127 777 3792 870">
     <span class='ocr_line' id='line_1_17' title="bbox 2127 777 3792 870; baseline -0.012 -17"><span class='ocrx_word' id='word_1_105' title='bbox 2127 804 2207 870; x_wconf 80' lang='grc' dir='ltr'>τῷ</span> <span class='ocrx_word' id='word_1_106' title='bbox 2269 797 2514 870; x_wconf 82' lang='grc' dir='ltr'>μοναχῷ,</span> <span class='ocrx_word' id='word_1_107' title='bbox 2581 790 2776 845; x_wconf 77' lang='grc' dir='ltr'>οὐκοῦν</span> <span class='ocrx_word' id='word_1_108' title='bbox 2839 786 2980 860; x_wconf 63' lang='grc' dir='ltr'>μηδὲ</span> <span class='ocrx_word' id='word_1_109' title='bbox 3030 785 3092 840; x_wconf 85' lang='grc' dir='ltr'>τὸ</span> <span class='ocrx_word' id='word_1_110' title='bbox 3150 783 3623 860; x_wconf 71' lang='grc' dir='ltr'>χρηματίζεσθαιο</span> <span class='ocrx_word' id='word_1_111' title='bbox 3682 777 3792 856; x_wconf 73' lang='grc' dir='ltr'>εἴγε</span> 
     </span>
    </p>
   </div>
   <div class='ocr_carea' id='block_1_18' title="bbox 2129 865 3792 964">
    <p class='ocr_par' dir='ltr' id='par_1_18' title="bbox 2129 865 3792 954">
     <span class='ocr_line' id='line_1_18' title="bbox 2129 865 3792 954; baseline -0.013 -12"><span class='ocrx_word' id='word_1_112' title='bbox 2129 887 2218 943; x_wconf 88' lang='grc' dir='ltr'>καὶ</span> <span class='ocrx_word' id='word_1_113' title='bbox 2275 882 2404 940; x_wconf 83' lang='grc' dir='ltr'>αύτδ</span> <span class='ocrx_word' id='word_1_114' title='bbox 2465 880 2540 941; x_wconf 67' lang='grc' dir='ltr'>εἷς</span> <span class='ocrx_word' id='word_1_115' title='bbox 2602 873 2759 954; x_wconf 77' lang='grc' dir='ltr'>ἔργον</span> <span class='ocrx_word' id='word_1_116' title='bbox 2793 876 3073 951; x_wconf 77' lang='grc' dir='ltr'>ὑπάγεται.</span> <span class='ocrx_word' id='word_1_117' title='bbox 3124 874 3332 942; x_wconf 86' lang='grc' dir='ltr'>Ἀπατᾷ</span> <span class='ocrx_word' id='word_1_118' title='bbox 3392 867 3450 924; x_wconf 78' lang='grc' dir='ltr'><strong>δὶ</strong></span> <span class='ocrx_word' id='word_1_119' title='bbox 3503 865 3792 945; x_wconf 78' lang='grc' dir='ltr'>ἀριδήλως</span> 
     </span>
    </p>
   </div>
   <div class='ocr_carea' id='block_1_19' title="bbox 2131 953 3789 1035">
    <p class='ocr_par' dir='ltr' id='par_1_19' title="bbox 2131 953 3789 1035">
     <span class='ocr_line' id='line_1_19' title="bbox 2131 953 3789 1035; baseline -0.013 -6"><span class='ocrx_word' id='word_1_120' title='bbox 2131 972 2314 1029; x_wconf 72' lang='grc' dir='ltr'>ἑαυτὸν</span> <span class='ocrx_word' id='word_1_121' title='bbox 2375 971 2403 1024; x_wconf 99' lang='lat'><strong>6</strong></span> <span class='ocrx_word' id='word_1_122' title='bbox 2457 959 2599 1022; x_wconf 80' lang='grc' dir='ltr'>οὕτω</span> <span class='ocrx_word' id='word_1_123' title='bbox 2634 953 2830 1019; x_wconf 78' lang='grc' dir='ltr'>νοῶν.</span> <span class='ocrx_word' id='word_1_124' title='bbox 2881 961 3027 1016; x_wconf 87' lang='grc' dir='ltr'><strong>Καθὰ</strong></span> <span class='ocrx_word' id='word_1_125' title='bbox 3081 959 3184 1035; x_wconf 79' lang='grc' dir='ltr'>γὰρ</span> <span class='ocrx_word' id='word_1_126' title='bbox 3256 960 3284 1013; x_wconf 92' lang='lat'><strong>6</strong></span> <span class='ocrx_word' id='word_1_127' title='bbox 3347 956 3649 1034; x_wconf 85' lang='grc' dir='ltr'>πρακτικὸς</span> <span class='ocrx_word' id='word_1_128' title='bbox 3703 953 3789 1008; x_wconf 71' lang='grc' dir='ltr'><strong>ἐπὶ</strong></span> 
     </span>
    </p>
   </div>
   <div class='ocr_carea' id='block_1_20' title="bbox 2131 1041 3793 1129">
    <p class='ocr_par' dir='ltr' id='par_1_20' title="bbox 2131 1041 3793 1129">
     <span class='ocr_line' id='line_1_20' title="bbox 2131 1041 3793 1129; baseline -0.012 -13"><span class='ocrx_word' id='word_1_129' title='bbox 2131 1058 2533 1129; x_wconf 75' lang='grc' dir='ltr'><strong>ἐπαινουμένων</strong></span> <span class='ocrx_word' id='word_1_130' title='bbox 2612 1052 2921 1127; x_wconf 80' lang='grc' dir='ltr'><strong>προσώπων</strong></span> <span class='ocrx_word' id='word_1_131' title='bbox 2993 1046 3220 1102; x_wconf 74' lang='grc' dir='ltr'>εἴθισται</span> <span class='ocrx_word' id='word_1_132' title='bbox 3295 1043 3584 1122; x_wconf 73' lang='grc' dir='ltr'>λέγεσθαι,</span> <span class='ocrx_word' id='word_1_133' title='bbox 3647 1041 3793 1098; x_wconf 65' lang='grc' dir='ltr'>οὕτω</span> 
     </span>
    </p>
   </div>
   <div class='ocr_carea' id='block_1_21' title="bbox 2129 1131 3795 1222">
    <p class='ocr_par' dir='ltr' id='par_1_21' title="bbox 2129 1131 3795 1222">
     <span class='ocr_line' id='line_1_21' title="bbox 2129 1131 3795 1222; baseline -0.014 -15"><span class='ocrx_word' id='word_1_134' title='bbox 2129 1151 2218 1207; x_wconf 87' lang='grc' dir='ltr'><strong>καὶ</strong></span> <span class='ocrx_word' id='word_1_135' title='bbox 2269 1151 2298 1205; x_wconf 97' lang='lat'><strong>6</strong></span> <span class='ocrx_word' id='word_1_136' title='bbox 2357 1143 2660 1222; x_wconf 78' lang='grc' dir='ltr'>ἔργατικός·</span> <span class='ocrx_word' id='word_1_137' title='bbox 2717 1142 2762 1213; x_wconf 84' lang='grc' dir='ltr'>ᾧ</span> <span class='ocrx_word' id='word_1_138' title='bbox 2811 1137 3052 1200; x_wconf 73' lang='grc' dir='ltr'><strong>ἐναντίος</strong></span> <span class='ocrx_word' id='word_1_139' title='bbox 3112 1138 3139 1191; x_wconf 92' lang='lat'><strong>6</strong></span> <span class='ocrx_word' id='word_1_140' title='bbox 3193 1135 3404 1212; x_wconf 81' lang='grc' dir='ltr'>ἀεργός.</span> <span class='ocrx_word' id='word_1_141' title='bbox 3457 1134 3522 1191; x_wconf 73' lang='grc' dir='ltr'><strong>Εἰ</strong></span> <span class='ocrx_word' id='word_1_142' title='bbox 3555 1134 3661 1208; x_wconf 78' lang='grc' dir='ltr'><strong>γὰρ</strong></span> <span class='ocrx_word' id='word_1_143' title='bbox 3703 1131 3795 1186; x_wconf 82' lang='grc' dir='ltr'><strong>καὶ</strong></span> 
     </span>
    </p>
   </div>
   <div class='ocr_carea' id='block_1_22' title="bbox 370 1221 3787 1356">
    <p class='ocr_par' dir='ltr' id='par_1_22' title="bbox 370 1221 3787 1356">
     <span class='ocr_line' id='line_1_22' title="bbox 370 1221 2439 1256; baseline -0.021 -7"><span class='ocrx_word' id='word_1_144' title='bbox 370 1221 598 1256; x_wconf 60' lang='lat' dir='ltr'><strong>LUl&#39;uub,</strong></span> <span class='ocrx_word' id='word_1_145' title='bbox 633 1221 784 1243; x_wconf 62' lang='lat' dir='ltr'><strong>auaui.</strong></span> <span class='ocrx_word' id='word_1_146' title='bbox 814 1221 1126 1246; x_wconf 71' lang='grc' dir='ltr'>αυιινιινμι,</span> <span class='ocrx_word' id='word_1_147' title='bbox 1163 1221 1238 1230; x_wconf 66' lang='grc' dir='ltr'><strong>--ν-</strong></span> <span class='ocrx_word' id='word_1_148' title='bbox 1269 1221 1322 1229; x_wconf 70' lang='grc' dir='ltr'><strong>ν-</strong></span> <span class='ocrx_word' id='word_1_149' title='bbox 1355 1221 1496 1244; x_wconf 49' lang='grc' dir='ltr'><strong>-Γντ</strong></span> <span class='ocrx_word' id='word_1_150' title='bbox 1534 1221 1550 1224; x_wconf 54' lang='grc' dir='ltr'>ν</span> <span class='ocrx_word' id='word_1_151' title='bbox 1623 1221 1630 1222; x_wconf 58' lang='lat'><strong><em>,</em></strong></span> <span class='ocrx_word' id='word_1_152' title='bbox 2390 1221 2393 1222; x_wconf 16' lang='grc' dir='ltr'><em>ν</em></span> <span class='ocrx_word' id='word_1_153' title='bbox 2436 1221 2439 1222; x_wconf 16' lang='grc' dir='ltr'><em>ν</em></span> 
     </span>
     <span class='ocr_line' id='line_1_23' title="bbox 370 1221 3787 1356; baseline -0.019 -21"><span class='ocrx_word' id='word_1_154' title='bbox 370 1282 398 1335; x_wconf 89' lang='lat'><strong>6</strong></span> <span class='ocrx_word' id='word_1_155' title='bbox 429 1278 624 1356; x_wconf 79' lang='grc' dir='ltr'>ρἑτης</span> <span class='ocrx_word' id='word_1_156' title='bbox 680 1273 769 1328; x_wconf 84' lang='grc' dir='ltr'>καὶ</span> <span class='ocrx_word' id='word_1_157' title='bbox 823 1271 850 1324; x_wconf 88' lang='lat'><strong>6</strong></span> <span class='ocrx_word' id='word_1_158' title='bbox 899 1263 1198 1341; x_wconf 86' lang='grc' dir='ltr'>κακοεργὸς</span> <span class='ocrx_word' id='word_1_159' title='bbox 1259 1261 1312 1334; x_wconf 91' lang='lat'>(6</span> <span class='ocrx_word' id='word_1_160' title='bbox 1373 1256 1440 1313; x_wconf 85' lang='grc' dir='ltr'>δι’</span> <span class='ocrx_word' id='word_1_161' title='bbox 1498 1254 1627 1310; x_wconf 78' lang='grc' dir='ltr'>αὐτὸ</span> <span class='ocrx_word' id='word_1_162' title='bbox 1675 1251 1769 1306; x_wconf 86' lang='grc' dir='ltr'>καὶ</span> <span class='ocrx_word' id='word_1_163' title='bbox 1825 1245 2148 1321; x_wconf 72' lang='grc' dir='ltr'>κακοῦργος)</span> <span class='ocrx_word' id='word_1_164' title='bbox 2180 1235 2322 1316; x_wconf 73' lang='grc' dir='ltr'>ἔργῳ</span> <span class='ocrx_word' id='word_1_165' title='bbox 2360 1235 2449 1291; x_wconf 81' lang='grc' dir='ltr'><strong>καὶ</strong></span> <span class='ocrx_word' id='word_1_166' title='bbox 2501 1232 2686 1309; x_wconf 77' lang='grc' dir='ltr'>πράξει</span> <span class='ocrx_word' id='word_1_167' title='bbox 2732 1231 3210 1304; x_wconf 76' lang='grc' dir='ltr'>παρωνυμοῦνται,</span> <span class='ocrx_word' id='word_1_168' title='bbox 3258 1222 3405 1280; x_wconf 79' lang='grc' dir='ltr'>ἀλλὰ</span> <span class='ocrx_word' id='word_1_169' title='bbox 3450 1225 3486 1293; x_wconf 77' lang='grc' dir='ltr'><strong>ἡ</strong></span> <span class='ocrx_word' id='word_1_170' title='bbox 3531 1221 3787 1296; x_wconf 73' lang='grc' dir='ltr'>ἐνάρετος</span> 
     </span>
     <span class='ocr_line' id='line_1_24' title="bbox 907 1310 3787 1356; baseline -0.002 0"><span class='ocrx_word' id='word_1_171' title='bbox 907 1355 915 1356; x_wconf 58' lang='lat'><strong><em>,</em></strong></span> <span class='ocrx_word' id='word_1_172' title='bbox 996 1354 1003 1356; x_wconf 73' lang='lat'><strong><em>_</em></strong></span> <span class='ocrx_word' id='word_1_173' title='bbox 1278 1352 1288 1356; x_wconf 85' lang='lat'><strong>-</strong></span> <span class='ocrx_word' id='word_1_174' title='bbox 1372 1349 1418 1356; x_wconf 88' lang='lat'><strong>-._</strong></span> <span class='ocrx_word' id='word_1_175' title='bbox 1677 1343 1691 1356; x_wconf 68' lang='grc' dir='ltr'>ι</span> <span class='ocrx_word' id='word_1_176' title='bbox 1812 1338 1827 1356; x_wconf 82' lang='lat'><em>\</em></span> <span class='ocrx_word' id='word_1_177' title='bbox 1902 1335 1915 1356; x_wconf 69' lang='grc' dir='ltr'><strong>τ</strong></span> <span class='ocrx_word' id='word_1_178' title='bbox 1973 1334 2149 1356; x_wconf 62' lang='lat'><strong>1----..</strong></span> <span class='ocrx_word' id='word_1_179' title='bbox 2221 1325 2450 1356; x_wconf 52' lang='lat'><strong>“1-..”...</strong></span> <span class='ocrx_word' id='word_1_180' title='bbox 2548 1320 2610 1356; x_wconf 63' lang='grc' dir='ltr'><strong>ολ</strong></span> <span class='ocrx_word' id='word_1_181' title='bbox 2669 1314 3114 1356; x_wconf 59' lang='grc' dir='ltr'>νΛἎργη-ηἱηνινλυ</span> <span class='ocrx_word' id='word_1_182' title='bbox 3163 1311 3398 1356; x_wconf 49' lang='lat' dir='ltr'><strong>«(ﬁrmum</strong></span> <span class='ocrx_word' id='word_1_183' title='bbox 3455 1311 3533 1356; x_wconf 64' lang='grc' dir='ltr'>εἷς</span> <span class='ocrx_word' id='word_1_184' title='bbox 3585 1310 3787 1356; x_wconf 54' lang='grc' dir='ltr'><strong>ἀνατὶ-ἢκ</strong></span> 
     </span>
    </p>
   </div>
   <div class='ocr_carea' id='block_1_23' title="bbox 374 1352 1301 1446">
    <p class='ocr_par' dir='ltr' id='par_1_23' title="bbox 374 1352 1301 1446">
     <span class='ocr_line' id='line_1_25' title="bbox 374 1352 1301 1446; baseline -0.014 -27"><span class='ocrx_word' id='word_1_185' title='bbox 374 1352 661 1446; x_wconf 75' lang='grc' dir='ltr'>φράσις,ἡ</span> <span class='ocrx_word' id='word_1_186' title='bbox 722 1361 843 1421; x_wconf 70' lang='grc' dir='ltr'>ἐθὰς</span> <span class='ocrx_word' id='word_1_187' title='bbox 901 1354 1206 1420; x_wconf 79' lang='grc' dir='ltr'>διάλεκτος,</span> <span class='ocrx_word' id='word_1_188' title='bbox 1266 1352 1301 1418; x_wconf 81' lang='grc' dir='ltr'>ἠ</span> 
     </span>
    </p>
   </div>
   <div class='ocr_carea' id='block_1_24' title="bbox 374 1428 1814 1527">
    <p class='ocr_par' dir='ltr' id='par_1_24' title="bbox 374 1428 1814 1527">
     <span class='ocr_line' id='line_1_26' title="bbox 388 1428 661 1446; baseline -0.018 -9"><span class='ocrx_word' id='word_1_189' title='bbox 388 1428 424 1446; x_wconf 80' lang='grc'>,.</span> <span class='ocrx_word' id='word_1_190' title='bbox 582 1428 591 1434; x_wconf 88' lang='grc'><strong>,</strong></span> <span class='ocrx_word' id='word_1_191' title='bbox 652 1428 661 1432; x_wconf 89' lang='grc'><strong>-</strong></span> 
     </span>
     <span class='ocr_line' id='line_1_27' title="bbox 374 1428 1814 1527; baseline -0.021 -15"><span class='ocrx_word' id='word_1_192' title='bbox 374 1453 769 1527; x_wconf 83' lang='grc' dir='ltr'>ἁπεκλήρωσαν</span> <span class='ocrx_word' id='word_1_193' title='bbox 839 1442 1042 1501; x_wconf 74' lang='grc' dir='ltr'>ἔννοιαν</span> <span class='ocrx_word' id='word_1_194' title='bbox 1099 1441 1188 1495; x_wconf 77' lang='grc' dir='ltr'><strong>καὶ</strong></span> <span class='ocrx_word' id='word_1_195' title='bbox 1243 1436 1486 1511; x_wconf 69' lang='grc' dir='ltr'>ύψηλήψ</span> <span class='ocrx_word' id='word_1_196' title='bbox 1546 1431 1636 1487; x_wconf 80' lang='grc' dir='ltr'><strong>καὶ</strong></span> <span class='ocrx_word' id='word_1_197' title='bbox 1671 1428 1814 1484; x_wconf 73' lang='grc' dir='ltr'>οὕτω</span> 
     </span>
    </p>
   </div>
   <div class='ocr_carea' id='block_1_25' title="bbox 379 1545 516 1600">
    <p class='ocr_par' dir='ltr' id='par_1_25' title="bbox 379 1545 516 1600">
     <span class='ocr_line' id='line_1_28' title="bbox 379 1545 516 1600; baseline -0.007 0"><span class='ocrx_word' id='word_1_198' title='bbox 379 1545 516 1600; x_wconf 89' lang='grc' dir='ltr'>τίαν.</span> 
     </span>
    </p>
   </div>
   <div class='ocr_carea' id='block_1_26' title="bbox 441 1603 2018 1688">
    <p class='ocr_par' dir='ltr' id='par_1_26' title="bbox 441 1603 2018 1688">
     <span class='ocr_line' id='line_1_29' title="bbox 441 1603 2018 1688; baseline -0.021 0"><span class='ocrx_word' id='word_1_199' title='bbox 441 1634 533 1688; x_wconf 75' lang='grc'><strong>64.</strong></span> <span class='ocrx_word' id='word_1_200' title='bbox 566 1635 646 1686; x_wconf 85' lang='lat' dir='ltr'><strong>De</strong></span> <span class='ocrx_word' id='word_1_201' title='bbox 673 1628 766 1684; x_wconf 88' lang='lat' dir='ltr'><strong>his</strong></span> <span class='ocrx_word' id='word_1_202' title='bbox 795 1622 1071 1682; x_wconf 90' lang='lat' dir='ltr'><strong>subtilius</strong></span> <span class='ocrx_word' id='word_1_203' title='bbox 1096 1620 1382 1675; x_wconf 75' lang='lat' dir='ltr'><strong>disserere</strong></span> <span class='ocrx_word' id='word_1_204' title='bbox 1425 1610 1809 1684; x_wconf 87' lang='lat' dir='ltr'><strong>superﬂuum.</strong></span> <span class='ocrx_word' id='word_1_205' title='bbox 1847 1603 2018 1675; x_wconf 85' lang='lat' dir='ltr'><strong>Ergo,</strong></span> 
     </span>
    </p>
   </div>
   <div class='ocr_carea' id='block_1_27' title="bbox 377 1699 2020 1780">
    <p class='ocr_par' dir='ltr' id='par_1_27' title="bbox 377 1699 2020 1780">
     <span class='ocr_line' id='line_1_30' title="bbox 377 1699 2020 1780; baseline -0.022 0"><span class='ocrx_word' id='word_1_206' title='bbox 377 1717 721 1780; x_wconf 87' lang='lat' dir='ltr'><strong>omonache</strong></span> <span class='ocrx_word' id='word_1_207' title='bbox 773 1714 959 1780; x_wconf 89' lang='lat' dir='ltr'><strong>avide,</strong></span> <span class='ocrx_word' id='word_1_208' title='bbox 1021 1707 1228 1780; x_wconf 90' lang='lat' dir='ltr'><strong>cupide</strong></span> <span class='ocrx_word' id='word_1_209' title='bbox 1286 1702 1626 1758; x_wconf 88' lang='lat' dir='ltr'><strong>divitiarum</strong></span> <span class='ocrx_word' id='word_1_210' title='bbox 1685 1699 1889 1751; x_wconf 91' lang='lat' dir='ltr'><strong>contra</strong></span> <span class='ocrx_word' id='word_1_211' title='bbox 1935 1706 2020 1745; x_wconf 88' lang='lat' dir='ltr'><strong>re-</strong></span> 
     </span>
    </p>
   </div>
   <div class='ocr_carea' id='block_1_28' title="bbox 377 1760 2109 1885">
    <p class='ocr_par' dir='ltr' id='par_1_28' title="bbox 377 1760 2109 1885">
     <span class='ocr_line' id='line_1_31' title="bbox 377 1760 1218 1780; baseline -0.024 0"><span class='ocrx_word' id='word_1_212' title='bbox 377 1760 410 1780; x_wconf 83' lang='grc' dir='ltr'><strong>υ</strong></span> <span class='ocrx_word' id='word_1_213' title='bbox 437 1760 721 1778; x_wconf 54' lang='lat' dir='ltr'><strong>musae-..</strong></span> <span class='ocrx_word' id='word_1_214' title='bbox 773 1760 959 1780; x_wconf 62' lang='lat'><strong>...-.--,</strong></span> <span class='ocrx_word' id='word_1_215' title='bbox 1026 1760 1149 1780; x_wconf 45' lang='grc' dir='ltr'><strong>ηιμ</strong></span> 
     </span>
     <span class='ocr_line' id='line_1_32' title="bbox 377 1760 2109 1885; baseline -0.023 -16"><span class='ocrx_word' id='word_1_216' title='bbox 377 1811 601 1885; x_wconf 84' lang='lat' dir='ltr'><strong>gulam,</strong></span> <span class='ocrx_word' id='word_1_217' title='bbox 633 1810 690 1862; x_wconf 85' lang='lat' dir='ltr'><strong>et</strong></span> <span class='ocrx_word' id='word_1_218' title='bbox 720 1807 850 1878; x_wconf 91' lang='lat' dir='ltr'><strong>post</strong></span> <span class='ocrx_word' id='word_1_219' title='bbox 875 1797 1372 1857; x_wconf 86' lang='lat' dir='ltr'><strong>consecrationem</strong></span> <span class='ocrx_word' id='word_1_220' title='bbox 1421 1788 1607 1846; x_wconf 88' lang='lat' dir='ltr'><strong>labori</strong></span> <span class='ocrx_word' id='word_1_221' title='bbox 1651 1783 1904 1840; x_wconf 85' lang='lat' dir='ltr'><strong>maxime</strong></span> <span class='ocrx_word' id='word_1_222' title='bbox 1933 1780 2030 1834; x_wconf 89' lang='lat' dir='ltr'><strong>de-</strong></span> <span class='ocrx_word' id='word_1_223' title='bbox 2062 1760 2109 1824; x_wconf 80' lang='grc' dir='ltr'><strong>Β</strong></span> 
     </span>
    </p>
   </div>
   <div class='ocr_carea' id='block_1_29' title="bbox 378 1870 2030 1967">
    <p class='ocr_par' dir='ltr' id='par_1_29' title="bbox 378 1870 2030 1967">
     <span class='ocr_line' id='line_1_33' title="bbox 378 1870 2030 1967; baseline -0.021 -10"><span class='ocrx_word' id='word_1_224' title='bbox 378 1870 522 1967; x_wconf 66' lang='lat' dir='ltr'><strong>dite,</strong></span> <span class='ocrx_word' id='word_1_225' title='bbox 553 1870 629 1954; x_wconf 84' lang='lat' dir='ltr'><strong>ab</strong></span> <span class='ocrx_word' id='word_1_226' title='bbox 657 1870 1000 1951; x_wconf 75' lang='lat' dir='ltr'><strong>hominibus</strong></span> <span class='ocrx_word' id='word_1_227' title='bbox 1032 1887 1257 1944; x_wconf 86' lang='lat' dir='ltr'><strong>ratione</strong></span> <span class='ocrx_word' id='word_1_228' title='bbox 1307 1881 1607 1938; x_wconf 88' lang='lat' dir='ltr'><strong>utentibus</strong></span> <span class='ocrx_word' id='word_1_229' title='bbox 1636 1892 1752 1932; x_wconf 93' lang='lat' dir='ltr'><strong>non</strong></span> <span class='ocrx_word' id='word_1_230' title='bbox 1791 1870 2030 1944; x_wconf 89' lang='lat' dir='ltr'><strong>judica-</strong></span> 
     </span>
    </p>
   </div>
   <div class='ocr_carea' id='block_1_30' title="bbox 372 1959 2028 2060">
    <p class='ocr_par' dir='ltr' id='par_1_30' title="bbox 372 1959 2028 2060">
     <span class='ocr_line' id='line_1_34' title="bbox 372 1959 2028 2060; baseline -0.021 -13"><span class='ocrx_word' id='word_1_231' title='bbox 372 1989 532 2047; x_wconf 90' lang='lat' dir='ltr'><strong>beris</strong></span> <span class='ocrx_word' id='word_1_232' title='bbox 561 2001 731 2060; x_wconf 87' lang='lat' dir='ltr'><strong>agere</strong></span> <span class='ocrx_word' id='word_1_233' title='bbox 763 1988 821 2039; x_wconf 87' lang='lat' dir='ltr'><strong>et</strong></span> <span class='ocrx_word' id='word_1_234' title='bbox 877 1977 1106 2052; x_wconf 90' lang='lat' dir='ltr'><strong>operari</strong></span> <span class='ocrx_word' id='word_1_235' title='bbox 1150 1973 1479 2032; x_wconf 90' lang='lat' dir='ltr'><strong>secundum</strong></span> <span class='ocrx_word' id='word_1_236' title='bbox 1528 1968 1711 2023; x_wconf 87' lang='lat' dir='ltr'><strong>Deum</strong></span> <span class='ocrx_word' id='word_1_237' title='bbox 1763 1959 2028 2034; x_wconf 89' lang='lat' dir='ltr'><strong>quandiu</strong></span> 
     </span>
    </p>
   </div>
   <div class='ocr_carea' id='block_1_31' title="bbox 378 2050 2028 2142">
    <p class='ocr_par' dir='ltr' id='par_1_31' title="bbox 378 2050 2028 2142">
     <span class='ocr_line' id='line_1_35' title="bbox 378 2050 2028 2142; baseline -0.022 -5"><span class='ocrx_word' id='word_1_238' title='bbox 378 2081 439 2136; x_wconf 90' lang='lat' dir='ltr'><strong>in</strong></span> <span class='ocrx_word' id='word_1_239' title='bbox 487 2094 555 2134; x_wconf 92' lang='lat' dir='ltr'><strong>eo</strong></span> <span class='ocrx_word' id='word_1_240' title='bbox 613 2077 774 2131; x_wconf 83' lang='lat' dir='ltr'><strong>statu</strong></span> <span class='ocrx_word' id='word_1_241' title='bbox 835 2064 1253 2142; x_wconf 88' lang='lat' dir='ltr'><strong>permanebis;</strong></span> <span class='ocrx_word' id='word_1_242' title='bbox 1313 2061 1433 2115; x_wconf 90' lang='lat' dir='ltr'><strong>imo</strong></span> <span class='ocrx_word' id='word_1_243' title='bbox 1490 2072 1625 2112; x_wconf 90' lang='lat' dir='ltr'><strong>vero</strong></span> <span class='ocrx_word' id='word_1_244' title='bbox 1685 2050 2028 2123; x_wconf 79' lang='lat' dir='ltr'><strong>negotiator,</strong></span> 
     </span>
    </p>
   </div>
   <div class='ocr_carea' id='block_1_32' title="bbox 378 2135 2032 2233">
    <p class='ocr_par' dir='ltr' id='par_1_32' title="bbox 378 2135 2032 2233">
     <span class='ocr_line' id='line_1_36' title="bbox 378 2135 2032 2233; baseline -0.021 -9"><span class='ocrx_word' id='word_1_245' title='bbox 378 2167 605 2224; x_wconf 89' lang='lat' dir='ltr'><strong>otiosus</strong></span> <span class='ocrx_word' id='word_1_246' title='bbox 641 2207 656 2233; x_wconf 93' lang='lat'><strong>,</strong></span> <span class='ocrx_word' id='word_1_247' title='bbox 717 2162 1039 2222; x_wconf 86' lang='lat' dir='ltr'><strong>mercator,</strong></span> <span class='ocrx_word' id='word_1_248' title='bbox 1097 2149 1431 2222; x_wconf 89' lang='lat' dir='ltr'><strong>lucripeta,</strong></span> <span class='ocrx_word' id='word_1_249' title='bbox 1491 2143 1731 2202; x_wconf 88' lang='lat' dir='ltr'><strong>omnino</strong></span> <span class='ocrx_word' id='word_1_250' title='bbox 1788 2135 2032 2194; x_wconf 81' lang='lat' dir='ltr'><strong>saecula-</strong></span> 
     </span>
    </p>
   </div>
   <div class='ocr_carea' id='block_1_33' title="bbox 378 2234 2032 2320">
    <p class='ocr_par' dir='ltr' id='par_1_33' title="bbox 378 2234 2032 2320">
     <span class='ocr_line' id='line_1_37' title="bbox 378 2234 2032 2320; baseline -0.022 -7"><span class='ocrx_word' id='word_1_251' title='bbox 378 2257 463 2312; x_wconf 88' lang='lat' dir='ltr'><strong>ris</strong></span> <span class='ocrx_word' id='word_1_252' title='bbox 493 2267 646 2320; x_wconf 86' lang='lat' dir='ltr'><strong>esse,</strong></span> <span class='ocrx_word' id='word_1_253' title='bbox 678 2254 734 2307; x_wconf 88' lang='lat' dir='ltr'><strong>et</strong></span> <span class='ocrx_word' id='word_1_254' title='bbox 786 2247 1129 2320; x_wconf 89' lang='lat' dir='ltr'><strong>quicunque</strong></span> <span class='ocrx_word' id='word_1_255' title='bbox 1175 2240 1329 2297; x_wconf 89' lang='lat' dir='ltr'><strong>alius</strong></span> <span class='ocrx_word' id='word_1_256' title='bbox 1389 2234 1575 2306; x_wconf 87' lang='lat' dir='ltr'><strong>magis</strong></span> <span class='ocrx_word' id='word_1_257' title='bbox 1617 2245 1794 2302; x_wconf 89' lang='lat' dir='ltr'><strong>quam</strong></span> <span class='ocrx_word' id='word_1_258' title='bbox 1826 2241 2032 2281; x_wconf 88' lang='lat' dir='ltr'><strong>mona-</strong></span> 
     </span>
    </p>
   </div>
   <div class='ocr_carea' id='block_1_34' title="bbox 382 2312 2032 2414">
    <p class='ocr_par' dir='ltr' id='par_1_34' title="bbox 382 2312 2032 2414">
     <span class='ocr_line' id='line_1_38' title="bbox 382 2312 2032 2414; baseline -0.021 -13"><span class='ocrx_word' id='word_1_259' title='bbox 382 2345 529 2402; x_wconf 88' lang='lat' dir='ltr'><strong>chus</strong></span> <span class='ocrx_word' id='word_1_260' title='bbox 551 2312 864 2414; x_wconf 64' lang='lat' dir='ltr'><strong>perfectus.</strong></span> <span class='ocrx_word' id='word_1_261' title='bbox 897 2336 978 2390; x_wconf 91' lang='lat' dir='ltr'><strong>Te</strong></span> <span class='ocrx_word' id='word_1_262' title='bbox 1024 2312 1151 2404; x_wconf 66' lang='lat' dir='ltr'><strong>jam</strong></span> <span class='ocrx_word' id='word_1_263' title='bbox 1210 2328 1540 2383; x_wconf 88' lang='lat' dir='ltr'><strong>discernere</strong></span> <span class='ocrx_word' id='word_1_264' title='bbox 1598 2318 1849 2375; x_wconf 86' lang='lat' dir='ltr'><strong>arbitror</strong></span> <span class='ocrx_word' id='word_1_265' title='bbox 1878 2312 2032 2385; x_wconf 90' lang='lat' dir='ltr'><strong>quod</strong></span> 
     </span>
    </p>
   </div>
   <div class='ocr_carea' id='block_1_35' title="bbox 384 2401 2030 2505">
    <p class='ocr_par' dir='ltr' id='par_1_35' title="bbox 384 2401 2030 2505">
     <span class='ocr_line' id='line_1_39' title="bbox 384 2401 2030 2505; baseline -0.022 -14"><span class='ocrx_word' id='word_1_266' title='bbox 384 2401 814 2505; x_wconf 63' lang='lat' dir='ltr'><strong>acquirendum</strong></span> <span class='ocrx_word' id='word_1_267' title='bbox 848 2427 956 2492; x_wconf 90' lang='lat' dir='ltr'><strong>est,</strong></span> <span class='ocrx_word' id='word_1_268' title='bbox 994 2401 1148 2477; x_wconf 80' lang='lat' dir='ltr'><strong>certo</strong></span> <span class='ocrx_word' id='word_1_269' title='bbox 1178 2417 1376 2487; x_wconf 89' lang='lat' dir='ltr'><strong>aliquo</strong></span> <span class='ocrx_word' id='word_1_270' title='bbox 1427 2411 1622 2475; x_wconf 90' lang='lat' dir='ltr'><strong>modo,</strong></span> <span class='ocrx_word' id='word_1_271' title='bbox 1652 2413 1710 2464; x_wconf 89' lang='lat' dir='ltr'><strong>et</strong></span> <span class='ocrx_word' id='word_1_272' title='bbox 1743 2419 1930 2476; x_wconf 92' lang='lat' dir='ltr'><strong>usque</strong></span> <span class='ocrx_word' id='word_1_273' title='bbox 1959 2401 2030 2457; x_wconf 85' lang='lat' dir='ltr'><strong>ad</strong></span> 
     </span>
    </p>
   </div>
   <div class='ocr_carea' id='block_1_36' title="bbox 384 2493 2034 2594">
    <p class='ocr_par' dir='ltr' id='par_1_36' title="bbox 384 2493 2034 2594">
     <span class='ocr_line' id='line_1_40' title="bbox 384 2493 2034 2594; baseline -0.022 -15"><span class='ocrx_word' id='word_1_274' title='bbox 384 2520 771 2594; x_wconf 87' lang='lat' dir='ltr'><strong>superﬂuum.</strong></span> <span class='ocrx_word' id='word_1_275' title='bbox 804 2518 920 2586; x_wconf 84' lang='lat' dir='ltr'><strong>Ego</strong></span> <span class='ocrx_word' id='word_1_276' title='bbox 965 2515 1159 2566; x_wconf 87' lang='lat' dir='ltr'><strong>autem</strong></span> <span class='ocrx_word' id='word_1_277' title='bbox 1204 2521 1338 2560; x_wconf 88' lang='lat' dir='ltr'><strong>cum</strong></span> <span class='ocrx_word' id='word_1_278' title='bbox 1371 2500 1588 2574; x_wconf 87' lang='lat' dir='ltr'><strong>optime</strong></span> <span class='ocrx_word' id='word_1_279' title='bbox 1620 2493 1878 2551; x_wconf 86' lang='lat' dir='ltr'><strong>noverim</strong></span> <span class='ocrx_word' id='word_1_280' title='bbox 1912 2507 2034 2545; x_wconf 84' lang='lat' dir='ltr'><strong>ma-</strong></span> 
     </span>
    </p>
   </div>
   <div class='ocr_carea' id='block_1_37' title="bbox 385 2582 2036 2684">
    <p class='ocr_par' dir='ltr' id='par_1_37' title="bbox 385 2582 2036 2684">
     <span class='ocr_line' id='line_1_41' title="bbox 385 2582 2036 2684; baseline -0.022 -15"><span class='ocrx_word' id='word_1_281' title='bbox 385 2582 562 2684; x_wconf 67' lang='lat' dir='ltr'><strong>gnam</strong></span> <span class='ocrx_word' id='word_1_282' title='bbox 577 2582 1020 2680; x_wconf 73' lang='lat' dir='ltr'><strong>illegitimarum</strong></span> <span class='ocrx_word' id='word_1_283' title='bbox 1037 2596 1369 2653; x_wconf 88' lang='lat' dir='ltr'><strong>divitiarum</strong></span> <span class='ocrx_word' id='word_1_284' title='bbox 1385 2586 1672 2646; x_wconf 86' lang='lat' dir='ltr'><strong>malitiam</strong></span> <span class='ocrx_word' id='word_1_285' title='bbox 1687 2582 1838 2654; x_wconf 92' lang='lat' dir='ltr'><strong>apud</strong></span> <span class='ocrx_word' id='word_1_286' title='bbox 1860 2596 2036 2635; x_wconf 65' lang='lat' dir='ltr'><strong>secu-</strong></span> 
     </span>
    </p>
   </div>
   <div class='ocr_carea' id='block_1_38' title="bbox 383 2665 2033 2757">
    <p class='ocr_par' dir='ltr' id='par_1_38' title="bbox 383 2665 2033 2757">
     <span class='ocr_line' id='line_1_42' title="bbox 383 2665 2033 2757; baseline -0.024 0"><span class='ocrx_word' id='word_1_287' title='bbox 383 2665 537 2757; x_wconf 49' lang='lat' dir='ltr'><strong>ljares</strong></span> <span class='ocrx_word' id='word_1_288' title='bbox 568 2695 652 2752; x_wconf 87' lang='lat' dir='ltr'><strong>tui</strong></span> <span class='ocrx_word' id='word_1_289' title='bbox 681 2665 932 2757; x_wconf 60' lang='lat' dir='ltr'><strong>similes,</strong></span> <span class='ocrx_word' id='word_1_290' title='bbox 984 2683 1205 2756; x_wconf 89' lang='lat' dir='ltr'><strong>aliquid</strong></span> <span class='ocrx_word' id='word_1_291' title='bbox 1240 2693 1453 2735; x_wconf 87' lang='lat' dir='ltr'><strong>novum</strong></span> <span class='ocrx_word' id='word_1_292' title='bbox 1495 2669 1846 2745; x_wconf 89' lang='lat' dir='ltr'><strong>superaddo,</strong></span> <span class='ocrx_word' id='word_1_293' title='bbox 1879 2671 1937 2721; x_wconf 91' lang='lat' dir='ltr'><strong>et</strong></span> <span class='ocrx_word' id='word_1_294' title='bbox 1966 2665 2033 2718; x_wconf 81' lang='lat' dir='ltr'><strong>ﬁ-</strong></span> 
     </span>
    </p>
   </div>
   <div class='ocr_carea' id='block_1_39' title="bbox 388 2759 2037 2845">
    <p class='ocr_par' dir='ltr' id='par_1_39' title="bbox 388 2759 2037 2845">
     <span class='ocr_line' id='line_1_43' title="bbox 388 2759 2037 2845; baseline -0.024 1"><span class='ocrx_word' id='word_1_295' title='bbox 388 2791 593 2845; x_wconf 84' lang='lat' dir='ltr'><strong>denter</strong></span> <span class='ocrx_word' id='word_1_296' title='bbox 613 2785 742 2840; x_wconf 91' lang='lat' dir='ltr'><strong>dico</strong></span> <span class='ocrx_word' id='word_1_297' title='bbox 765 2775 1095 2836; x_wconf 86' lang='lat' dir='ltr'><strong>neoessario</strong></span> <span class='ocrx_word' id='word_1_298' title='bbox 1128 2767 1442 2842; x_wconf 87' lang='lat' dir='ltr'><strong>aliquando</strong></span> <span class='ocrx_word' id='word_1_299' title='bbox 1465 2769 1522 2819; x_wconf 90' lang='lat' dir='ltr'><strong>te</strong></span> <span class='ocrx_word' id='word_1_300' title='bbox 1551 2759 1811 2828; x_wconf 91' lang='lat' dir='ltr'><strong>ditari,et</strong></span> <span class='ocrx_word' id='word_1_301' title='bbox 1830 2770 2037 2826; x_wconf 89' lang='lat' dir='ltr'><strong>super-</strong></span> 
     </span>
    </p>
   </div>
   <div class='ocr_carea' id='block_1_40' title="bbox 389 2843 2038 2939">
    <p class='ocr_par' dir='ltr' id='par_1_40' title="bbox 389 2843 2038 2939">
     <span class='ocr_line' id='line_1_44' title="bbox 389 2843 2038 2939; baseline -0.024 -5"><span class='ocrx_word' id='word_1_302' title='bbox 389 2843 818 2939; x_wconf 75' lang='lat' dir='ltr'><strong>efﬂuere.Quod</strong></span> <span class='ocrx_word' id='word_1_303' title='bbox 843 2883 958 2922; x_wconf 90' lang='lat' dir='ltr'><strong>non</strong></span> <span class='ocrx_word' id='word_1_304' title='bbox 973 2867 1040 2918; x_wconf 78' lang='lat' dir='ltr'><strong>lit</strong></span> <span class='ocrx_word' id='word_1_305' title='bbox 1051 2858 1220 2933; x_wconf 89' lang='lat' dir='ltr'><strong>quasi</strong></span> <span class='ocrx_word' id='word_1_306' title='bbox 1234 2874 1302 2912; x_wconf 84' lang='lat' dir='ltr'><strong>ex</strong></span> <span class='ocrx_word' id='word_1_307' title='bbox 1315 2855 1458 2911; x_wconf 88' lang='lat' dir='ltr'><strong>artis</strong></span> <span class='ocrx_word' id='word_1_308' title='bbox 1475 2843 2038 2907; x_wconf 86' lang='lat' dir='ltr'><strong>machinationibus,</strong></span> 
     </span>
    </p>
   </div>
   <div class='ocr_carea' id='block_1_41' title="bbox 389 2929 2040 3034">
    <p class='ocr_par' dir='ltr' id='par_1_41' title="bbox 389 2929 2040 3034">
     <span class='ocr_line' id='line_1_45' title="bbox 389 2929 2040 3034; baseline -0.025 -10"><span class='ocrx_word' id='word_1_309' title='bbox 389 2929 625 3025; x_wconf 62' lang='grc' dir='ltr'>ἐὲῖιιόεί</span> <span class='ocrx_word' id='word_1_310' title='bbox 658 2929 867 3034; x_wconf 65' lang='lat' dir='ltr'><strong>gratia,</strong></span> <span class='ocrx_word' id='word_1_311' title='bbox 900 2969 1033 3024; x_wconf 86' lang='lat' dir='ltr'><strong>erga</strong></span> <span class='ocrx_word' id='word_1_312' title='bbox 1067 2929 1276 3021; x_wconf 82' lang='lat' dir='ltr'><strong>dignos</strong></span> <span class='ocrx_word' id='word_1_313' title='bbox 1326 2944 1435 2998; x_wconf 89' lang='lat' dir='ltr'><strong>hoc</strong></span> <span class='ocrx_word' id='word_1_314' title='bbox 1467 2937 1728 3012; x_wconf 71' lang='lat' dir='ltr'><strong>przemio,</strong></span> <span class='ocrx_word' id='word_1_315' title='bbox 1759 2934 1858 3005; x_wconf 91' lang='lat' dir='ltr'><strong>qui</strong></span> <span class='ocrx_word' id='word_1_316' title='bbox 1893 2929 2040 2986; x_wconf 91' lang='lat' dir='ltr'><strong>nihil</strong></span> 
     </span>
    </p>
   </div>
   <div class='ocr_carea' id='block_1_42' title="bbox 390 3020 2039 3130">
    <p class='ocr_par' dir='ltr' id='par_1_42' title="bbox 390 3020 2039 3130">
     <span class='ocr_line' id='line_1_46' title="bbox 390 3020 2039 3130; baseline -0.024 -18"><span class='ocrx_word' id='word_1_317' title='bbox 390 3020 762 3130; x_wconf 68' lang='lat' dir='ltr'><strong>possidentes</strong></span> <span class='ocrx_word' id='word_1_318' title='bbox 817 3042 1015 3100; x_wconf 90' lang='lat' dir='ltr'><strong>omnia</strong></span> <span class='ocrx_word' id='word_1_319' title='bbox 1061 3020 1348 3094; x_wconf 86' lang='lat' dir='ltr'><strong>obtinent.</strong></span> <span class='ocrx_word' id='word_1_320' title='bbox 1400 3033 1585 3097; x_wconf 84' lang='lat' dir='ltr'><strong>Quam</strong></span> <span class='ocrx_word' id='word_1_321' title='bbox 1616 3020 2039 3081; x_wconf 87' lang='lat' dir='ltr'><strong>abundantiam</strong></span> 
     </span>
    </p>
   </div>
   <div class='ocr_carea' id='block_1_43' title="bbox 391 3113 2045 3201">
    <p class='ocr_par' dir='ltr' id='par_1_43' title="bbox 391 3113 2045 3201">
     <span class='ocr_line' id='line_1_47' title="bbox 391 3113 2045 3201; baseline -0.025 0"><span class='ocrx_word' id='word_1_322' title='bbox 391 3113 562 3201; x_wconf 66' lang='lat' dir='ltr'><strong>nobis</strong></span> <span class='ocrx_word' id='word_1_323' title='bbox 593 3135 916 3196; x_wconf 87' lang='lat' dir='ltr'><strong>ostendunt</strong></span> <span class='ocrx_word' id='word_1_324' title='bbox 945 3144 1060 3184; x_wconf 92' lang='lat' dir='ltr'><strong>non</strong></span> <span class='ocrx_word' id='word_1_325' title='bbox 1117 3124 1290 3180; x_wconf 91' lang='lat' dir='ltr'><strong>modo</strong></span> <span class='ocrx_word' id='word_1_326' title='bbox 1322 3115 1664 3189; x_wconf 65' lang='lat' dir='ltr'><strong>evangelicae</strong></span> <span class='ocrx_word' id='word_1_327' title='bbox 1718 3114 1951 3184; x_wconf 70' lang='lat' dir='ltr'><strong>sportaa,</strong></span> <span class='ocrx_word' id='word_1_328' title='bbox 1985 3113 2045 3162; x_wconf 89' lang='lat' dir='ltr'><strong>et</strong></span> 
     </span>
    </p>
   </div>
   <div class='ocr_carea' id='block_1_44' title="bbox 394 3203 2043 3304">
    <p class='ocr_par' dir='ltr' id='par_1_44' title="bbox 394 3203 2043 3304">
     <span class='ocr_line' id='line_1_48' title="bbox 394 3203 2043 3304; baseline -0.024 -15"><span class='ocrx_word' id='word_1_329' title='bbox 394 3228 882 3304; x_wconf 88' lang='lat' dir='ltr'><strong>cophini,necnon</strong></span> <span class='ocrx_word' id='word_1_330' title='bbox 917 3223 975 3275; x_wconf 91' lang='lat' dir='ltr'><strong>et</strong></span> <span class='ocrx_word' id='word_1_331' title='bbox 998 3211 1394 3287; x_wconf 79' lang='lat' dir='ltr'><strong>apostolorum</strong></span> <span class='ocrx_word' id='word_1_332' title='bbox 1419 3209 1570 3261; x_wconf 88' lang='lat' dir='ltr'><strong>recte</strong></span> <span class='ocrx_word' id='word_1_333' title='bbox 1603 3203 1841 3274; x_wconf 87' lang='lat' dir='ltr'><strong>plenum</strong></span> <span class='ocrx_word' id='word_1_334' title='bbox 1865 3221 1893 3248; x_wconf 86' lang='lat'><strong>«</strong></span> <span class='ocrx_word' id='word_1_335' title='bbox 1922 3214 2043 3253; x_wconf 90' lang='lat' dir='ltr'><strong>ma-</strong></span> 
     </span>
    </p>
   </div>
   <div class='ocr_carea' id='block_1_45' title="bbox 399 3284 2044 3395">
    <p class='ocr_par' dir='ltr' id='par_1_45' title="bbox 399 3284 2044 3395">
     <span class='ocr_line' id='line_1_49' title="bbox 399 3284 2044 3395; baseline -0.024 -16"><span class='ocrx_word' id='word_1_336' title='bbox 399 3284 540 3395; x_wconf 57' lang='grc' dir='ltr'><strong>ἐξὲξ</strong></span> <span class='ocrx_word' id='word_1_337' title='bbox 563 3284 830 3391; x_wconf 78' lang='lat' dir='ltr'><strong>piscibus</strong></span> <span class='ocrx_word' id='word_1_338' title='bbox 855 3284 1091 3366; x_wconf 78' lang='lat' dir='ltr'><strong>centum</strong></span> <span class='ocrx_word' id='word_1_339' title='bbox 1115 3296 1545 3374; x_wconf 79' lang='lat' dir='ltr'><strong>quinquaginta</strong></span> <span class='ocrx_word' id='word_1_340' title='bbox 1573 3291 1763 3347; x_wconf 87' lang='lat' dir='ltr'><strong>tribus</strong></span> <span class='ocrx_word' id='word_1_341' title='bbox 1787 3289 1830 3324; x_wconf 80' lang='grc'>¹⁶</span> <span class='ocrx_word' id='word_1_342' title='bbox 1855 3305 1868 3356; x_wconf 89' lang='grc'>;</span> <span class='ocrx_word' id='word_1_343' title='bbox 1895 3308 1921 3336; x_wconf 89' lang='grc'>››</span> <span class='ocrx_word' id='word_1_344' title='bbox 1945 3284 2044 3341; x_wconf 89' lang='lat' dir='ltr'><strong>sed</strong></span> 
     </span>
    </p>
   </div>
   <div class='ocr_carea' id='block_1_46' title="bbox 399 3377 2053 3477">
    <p class='ocr_par' dir='ltr' id='par_1_46' title="bbox 399 3377 2053 3477">
     <span class='ocr_line' id='line_1_50' title="bbox 399 3377 2053 3477; baseline -0.024 -9"><span class='ocrx_word' id='word_1_345' title='bbox 399 3410 595 3468; x_wconf 88' lang='lat' dir='ltr'><strong>adhuc</strong></span> <span class='ocrx_word' id='word_1_346' title='bbox 625 3403 780 3477; x_wconf 91' lang='lat' dir='ltr'><strong>apud</strong></span> <span class='ocrx_word' id='word_1_347' title='bbox 809 3403 1031 3455; x_wconf 86' lang='lat' dir='ltr'><strong>veteres</strong></span> <span class='ocrx_word' id='word_1_348' title='bbox 1061 3398 1119 3449; x_wconf 90' lang='lat' dir='ltr'><strong>et</strong></span> <span class='ocrx_word' id='word_1_349' title='bbox 1145 3387 1496 3446; x_wconf 83' lang='lat' dir='ltr'><strong>recentiores</strong></span> <span class='ocrx_word' id='word_1_350' title='bbox 1525 3384 1814 3446; x_wconf 86' lang='lat' dir='ltr'><strong>auctores,</strong></span> <span class='ocrx_word' id='word_1_351' title='bbox 1847 3377 2053 3431; x_wconf 86' lang='lat' dir='ltr'><strong>horrea</strong></span> 
     </span>
    </p>
   </div>
   <div class='ocr_carea' id='block_1_47' title="bbox 402 3463 2051 3567">
    <p class='ocr_par' dir='ltr' id='par_1_47' title="bbox 402 3463 2051 3567">
     <span class='ocr_line' id='line_1_51' title="bbox 402 3463 2051 3567; baseline -0.025 -11"><span class='ocrx_word' id='word_1_352' title='bbox 402 3463 626 3567; x_wconf 68' lang='lat' dir='ltr'><strong>absque</strong></span> <span class='ocrx_word' id='word_1_353' title='bbox 651 3463 848 3548; x_wconf 68' lang='lat' dir='ltr'><strong>labore</strong></span> <span class='ocrx_word' id='word_1_354' title='bbox 878 3491 934 3543; x_wconf 87' lang='lat' dir='ltr'><strong>et</strong></span> <span class='ocrx_word' id='word_1_355' title='bbox 965 3497 1137 3556; x_wconf 88' lang='lat' dir='ltr'><strong>opere</strong></span> <span class='ocrx_word' id='word_1_356' title='bbox 1167 3476 1366 3534; x_wconf 86' lang='lat' dir='ltr'><strong>statim</strong></span> <span class='ocrx_word' id='word_1_357' title='bbox 1400 3471 1658 3530; x_wconf 83' lang='lat' dir='ltr'><strong>confecta</strong></span> <span class='ocrx_word' id='word_1_358' title='bbox 1684 3485 1699 3535; x_wconf 85' lang='lat'><strong>;</strong></span> <span class='ocrx_word' id='word_1_359' title='bbox 1749 3471 1806 3522; x_wconf 91' lang='lat' dir='ltr'><strong>et</strong></span> <span class='ocrx_word' id='word_1_360' title='bbox 1833 3463 2051 3536; x_wconf 68' lang='lat' dir='ltr'><strong>hydriaa</strong></span> 
     </span>
    </p>
   </div>
   <div class='ocr_carea' id='block_1_48' title="bbox 403 3561 2052 3656">
    <p class='ocr_par' dir='ltr' id='par_1_48' title="bbox 403 3561 2052 3656">
     <span class='ocr_line' id='line_1_52' title="bbox 403 3561 2052 3656; baseline -0.025 -10"><span class='ocrx_word' id='word_1_361' title='bbox 403 3561 605 3646; x_wconf 70' lang='lat' dir='ltr'><strong>farina:</strong></span> <span class='ocrx_word' id='word_1_362' title='bbox 636 3579 949 3656; x_wconf 65' lang='lat' dir='ltr'><strong>prophetis,</strong></span> <span class='ocrx_word' id='word_1_363' title='bbox 1002 3571 1103 3643; x_wconf 90' lang='lat' dir='ltr'><strong>qui</strong></span> <span class='ocrx_word' id='word_1_364' title='bbox 1158 3566 1296 3623; x_wconf 84' lang='lat' dir='ltr'><strong>fami</strong></span> <span class='ocrx_word' id='word_1_365' title='bbox 1345 3561 1658 3626; x_wconf 87' lang='lat' dir='ltr'><strong>subvenit;</strong></span> <span class='ocrx_word' id='word_1_366' title='bbox 1709 3561 1766 3612; x_wconf 89' lang='lat' dir='ltr'><strong>et</strong></span> <span class='ocrx_word' id='word_1_367' title='bbox 1792 3570 1894 3610; x_wconf 89' lang='lat' dir='ltr'><strong>vas</strong></span> <span class='ocrx_word' id='word_1_368' title='bbox 1922 3569 2052 3624; x_wconf 90' lang='lat' dir='ltr'><strong>par-</strong></span> 
     </span>
    </p>
   </div>
   <div class='ocr_carea' id='block_1_49' title="bbox 403 3645 2056 3736">
    <p class='ocr_par' dir='ltr' id='par_1_49' title="bbox 403 3645 2056 3736">
     <span class='ocr_line' id='line_1_53' title="bbox 403 3645 2056 3736; baseline -0.025 -1"><span class='ocrx_word' id='word_1_369' title='bbox 403 3692 544 3736; x_wconf 89' lang='lat' dir='ltr'><strong>vum</strong></span> <span class='ocrx_word' id='word_1_370' title='bbox 574 3673 769 3730; x_wconf 92' lang='lat' dir='ltr'><strong>oleum</strong></span> <span class='ocrx_word' id='word_1_371' title='bbox 803 3678 1035 3736; x_wconf 90' lang='lat' dir='ltr'><strong>semper</strong></span> <span class='ocrx_word' id='word_1_372' title='bbox 1085 3655 1414 3720; x_wconf 75' lang='lat' dir='ltr'><strong>effundens,</strong></span> <span class='ocrx_word' id='word_1_373' title='bbox 1461 3648 1688 3720; x_wconf 86' lang='lat' dir='ltr'><strong>aliaque</strong></span> <span class='ocrx_word' id='word_1_374' title='bbox 1715 3645 1840 3700; x_wconf 89' lang='lat' dir='ltr'><strong>visa</strong></span> <span class='ocrx_word' id='word_1_375' title='bbox 1871 3657 2056 3712; x_wconf 88' lang='lat' dir='ltr'><strong>usque</strong></span> 
     </span>
    </p>
   </div>
   <div class='ocr_carea' id='block_1_50' title="bbox 406 3736 2056 3837">
    <p class='ocr_par' dir='ltr' id='par_1_50' title="bbox 406 3736 2056 3837">
     <span class='ocr_line' id='line_1_54' title="bbox 406 3736 2056 3837; baseline -0.025 -13"><span class='ocrx_word' id='word_1_376' title='bbox 406 3767 478 3823; x_wconf 87' lang='lat' dir='ltr'><strong>ad</strong></span> <span class='ocrx_word' id='word_1_377' title='bbox 510 3775 768 3837; x_wconf 73' lang='lat' dir='ltr'><strong>praesens</strong></span> <span class='ocrx_word' id='word_1_378' title='bbox 821 3749 1124 3810; x_wconf 88' lang='lat' dir='ltr'><strong>miracula.</strong></span> <span class='ocrx_word' id='word_1_379' title='bbox 1190 3743 1414 3800; x_wconf 78' lang='lat' dir='ltr'><strong>Etenim</strong></span> <span class='ocrx_word' id='word_1_380' title='bbox 1473 3736 1627 3810; x_wconf 89' lang='lat' dir='ltr'><strong>apud</strong></span> <span class='ocrx_word' id='word_1_381' title='bbox 1659 3737 1922 3789; x_wconf 88' lang='lat' dir='ltr'><strong>nostram</strong></span> <span class='ocrx_word' id='word_1_382' title='bbox 1954 3746 2056 3801; x_wconf 87' lang='lat' dir='ltr'><strong>ge-</strong></span> 
     </span>
    </p>
   </div>
   <div class='ocr_carea' id='block_1_51' title="bbox 404 3822 2058 3915">
    <p class='ocr_par' dir='ltr' id='par_1_51' title="bbox 404 3822 2058 3915">
     <span class='ocr_line' id='line_1_55' title="bbox 404 3822 2058 3915; baseline -0.025 -2"><span class='ocrx_word' id='word_1_383' title='bbox 404 3822 790 3915; x_wconf 67' lang='lat' dir='ltr'><strong>nerationem,</strong></span> <span class='ocrx_word' id='word_1_384' title='bbox 849 3843 908 3898; x_wconf 89' lang='lat' dir='ltr'><strong>in</strong></span> <span class='ocrx_word' id='word_1_385' title='bbox 971 3837 1246 3894; x_wconf 89' lang='lat' dir='ltr'><strong>domibus</strong></span> <span class='ocrx_word' id='word_1_386' title='bbox 1305 3837 1417 3885; x_wconf 92' lang='lat' dir='ltr'><strong>Deo</strong></span> <span class='ocrx_word' id='word_1_387' title='bbox 1477 3823 1769 3896; x_wconf 86' lang='lat' dir='ltr'><strong>acceptis,</strong></span> <span class='ocrx_word' id='word_1_388' title='bbox 1820 3822 2058 3892; x_wconf 85' lang='lat' dir='ltr'><strong>experta</strong></span> 
     </span>
    </p>
   </div>
   <div class='ocr_carea' id='block_1_52' title="bbox 402 3997 2059 4100">
    <p class='ocr_par' dir='ltr' id='par_1_52' title="bbox 402 3997 2059 4100">
     <span class='ocr_line' id='line_1_56' title="bbox 402 3997 2059 4100; baseline -0.024 -11"><span class='ocrx_word' id='word_1_389' title='bbox 402 3997 591 4094; x_wconf 71' lang='lat' dir='ltr'><strong>titate,</strong></span> <span class='ocrx_word' id='word_1_390' title='bbox 623 3997 751 4100; x_wconf 66' lang='lat' dir='ltr'><strong>quis</strong></span> <span class='ocrx_word' id='word_1_391' title='bbox 799 4021 894 4075; x_wconf 90' lang='lat' dir='ltr'><strong>vix</strong></span> <span class='ocrx_word' id='word_1_392' title='bbox 936 3997 1231 4074; x_wconf 73' lang='lat' dir='ltr'><strong>exhauriri</strong></span> <span class='ocrx_word' id='word_1_393' title='bbox 1281 4011 1527 4081; x_wconf 84' lang='lat' dir='ltr'><strong>poterat,</strong></span> <span class='ocrx_word' id='word_1_394' title='bbox 1579 4003 1948 4072; x_wconf 83' lang='lat' dir='ltr'><strong>acceperunt,</strong></span> <span class='ocrx_word' id='word_1_395' title='bbox 1998 3997 2059 4051; x_wconf 94' lang='lat' dir='ltr'><strong>in</strong></span> 
     </span>
    </p>
   </div>
   <div class='ocr_carea' id='block_1_53' title="bbox 407 4088 2060 4193">
    <p class='ocr_par' dir='ltr' id='par_1_53' title="bbox 407 4088 2060 4193">
     <span class='ocr_line' id='line_1_57' title="bbox 407 4088 2060 4193; baseline -0.023 -17"><span class='ocrx_word' id='word_1_396' title='bbox 407 4088 932 4193; x_wconf 50' lang='lat' dir='ltr'><strong>quibus.arbitror</strong></span> <span class='ocrx_word' id='word_1_397' title='bbox 985 4104 1270 4175; x_wconf 89' lang='lat' dir='ltr'><strong>liquorem</strong></span> <span class='ocrx_word' id='word_1_398' title='bbox 1335 4107 1639 4166; x_wconf 83' lang='lat' dir='ltr'><strong>nunquam</strong></span> <span class='ocrx_word' id='word_1_399' title='bbox 1694 4088 2060 4144; x_wconf 76' lang='lat' dir='ltr'><strong>defecturam</strong></span> 
     </span>
    </p>
   </div>
   <div class='ocr_carea' id='block_1_54' title="bbox 409 4174 2061 4273">
    <p class='ocr_par' dir='ltr' id='par_1_54' title="bbox 409 4174 2061 4273">
     <span class='ocr_line' id='line_1_58' title="bbox 409 4174 2061 4273; baseline -0.023 -8"><span class='ocrx_word' id='word_1_400' title='bbox 409 4209 614 4273; x_wconf 85' lang='lat' dir='ltr'><strong>fuisse,</strong></span> <span class='ocrx_word' id='word_1_401' title='bbox 651 4201 762 4258; x_wconf 88' lang='lat' dir='ltr'><strong>nisi</strong></span> <span class='ocrx_word' id='word_1_402' title='bbox 793 4200 866 4255; x_wconf 91' lang='lat' dir='ltr'><strong>ab</strong></span> <span class='ocrx_word' id='word_1_403' title='bbox 897 4174 1309 4252; x_wconf 81' lang='lat' dir='ltr'><strong>haurientibus</strong></span> <span class='ocrx_word' id='word_1_404' title='bbox 1343 4181 1694 4241; x_wconf 84' lang='lat' dir='ltr'><strong>miraculum</strong></span> <span class='ocrx_word' id='word_1_405' title='bbox 1727 4178 1835 4234; x_wconf 92' lang='lat' dir='ltr'><strong>hoc</strong></span> <span class='ocrx_word' id='word_1_406' title='bbox 1875 4174 2061 4230; x_wconf 90' lang='lat' dir='ltr'><strong>divul-</strong></span> 
     </span>
    </p>
   </div>
   <div class='ocr_carea' id='block_1_55' title="bbox 409 4262 2062 4371">
    <p class='ocr_par' dir='ltr' id='par_1_55' title="bbox 409 4262 2062 4371">
     <span class='ocr_line' id='line_1_59' title="bbox 409 4262 2062 4371; baseline -0.022 -16"><span class='ocrx_word' id='word_1_407' title='bbox 409 4262 614 4371; x_wconf 72' lang='lat' dir='ltr'><strong>gatum</strong></span> <span class='ocrx_word' id='word_1_408' title='bbox 643 4294 817 4348; x_wconf 86' lang='lat' dir='ltr'><strong>esset.</strong></span> <span class='ocrx_word' id='word_1_409' title='bbox 852 4285 1017 4351; x_wconf 88' lang='lat' dir='ltr'><strong>Quod</strong></span> <span class='ocrx_word' id='word_1_410' title='bbox 1072 4277 1424 4353; x_wconf 87' lang='lat' dir='ltr'><strong>prodigium,</strong></span> <span class='ocrx_word' id='word_1_411' title='bbox 1460 4271 1630 4345; x_wconf 87' lang='lat' dir='ltr'><strong>quasi</strong></span> <span class='ocrx_word' id='word_1_412' title='bbox 1683 4284 1786 4341; x_wconf 90' lang='lat' dir='ltr'><strong>pro</strong></span> <span class='ocrx_word' id='word_1_413' title='bbox 1819 4262 2062 4338; x_wconf 86' lang='lat' dir='ltr'><strong>agendis</strong></span> 
     </span>
    </p>
   </div>
   <div class='ocr_carea' id='block_1_56' title="bbox 409 4358 2062 4461">
    <p class='ocr_par' dir='ltr' id='par_1_56' title="bbox 409 4358 2062 4461">
     <span class='ocr_line' id='line_1_60' title="bbox 409 4358 2062 4461; baseline -0.024 -17"><span class='ocrx_word' id='word_1_414' title='bbox 409 4385 618 4461; x_wconf 88' lang='lat' dir='ltr'><strong>gratiis</strong></span> <span class='ocrx_word' id='word_1_415' title='bbox 651 4378 971 4454; x_wconf 87' lang='lat' dir='ltr'><strong>proditum,</strong></span> <span class='ocrx_word' id='word_1_416' title='bbox 1006 4369 1261 4442; x_wconf 89' lang='lat' dir='ltr'><strong>amplius</strong></span> <span class='ocrx_word' id='word_1_417' title='bbox 1295 4376 1636 4438; x_wconf 87' lang='lat' dir='ltr'><strong>permanere</strong></span> <span class='ocrx_word' id='word_1_418' title='bbox 1674 4373 1787 4412; x_wconf 91' lang='lat' dir='ltr'><strong>non</strong></span> <span class='ocrx_word' id='word_1_419' title='bbox 1817 4358 1906 4410; x_wconf 88' lang='lat' dir='ltr'><strong>est</strong></span> <span class='ocrx_word' id='word_1_420' title='bbox 1934 4369 2062 4423; x_wconf 88' lang='lat' dir='ltr'><strong>per-</strong></span> 
     </span>
    </p>
   </div>
   <div class='ocr_carea' id='block_1_57' title="bbox 407 4448 2064 4540">
    <p class='ocr_par' dir='ltr' id='par_1_57' title="bbox 407 4448 2064 4540">
     <span class='ocr_line' id='line_1_61' title="bbox 407 4448 2064 4540; baseline -0.025 -5"><span class='ocrx_word' id='word_1_421' title='bbox 407 4469 790 4540; x_wconf 87' lang='lat' dir='ltr'><strong>missum,sed</strong></span> <span class='ocrx_word' id='word_1_422' title='bbox 824 4465 1159 4522; x_wconf 81' lang='lat' dir='ltr'><strong>confessum</strong></span> <span class='ocrx_word' id='word_1_423' title='bbox 1191 4456 1389 4512; x_wconf 90' lang='lat' dir='ltr'><strong>statim</strong></span> <span class='ocrx_word' id='word_1_424' title='bbox 1424 4448 1823 4513; x_wconf 88' lang='lat' dir='ltr'><strong>cessavit,Deo</strong></span> <span class='ocrx_word' id='word_1_425' title='bbox 1855 4455 2064 4510; x_wconf 89' lang='lat' dir='ltr'><strong>nempe</strong></span> 
     </span>
    </p>
   </div>
   <div class='ocr_carea' id='block_1_58' title="bbox 406 4528 2059 4634">
    <p class='ocr_par' dir='ltr' id='par_1_58' title="bbox 406 4528 2059 4634">
     <span class='ocr_line' id='line_1_62' title="bbox 406 4528 2059 4634; baseline -0.026 -11"><span class='ocrx_word' id='word_1_426' title='bbox 406 4528 885 4634; x_wconf 75' lang='lat' dir='ltr'><strong>operante,</strong></span> <span class='ocrx_word' id='word_1_427' title='bbox 916 4553 1036 4608; x_wconf 88' lang='lat' dir='ltr'><strong>sive</strong></span> <span class='ocrx_word' id='word_1_428' title='bbox 1088 4551 1326 4619; x_wconf 83' lang='lat' dir='ltr'><strong>propter</strong></span> <span class='ocrx_word' id='word_1_429' title='bbox 1371 4538 1639 4595; x_wconf 87' lang='lat' dir='ltr'><strong>homines</strong></span> <span class='ocrx_word' id='word_1_430' title='bbox 1689 4534 1800 4589; x_wconf 91' lang='lat' dir='ltr'><strong>hoc</strong></span> <span class='ocrx_word' id='word_1_431' title='bbox 1839 4528 2059 4585; x_wconf 81' lang='lat' dir='ltr'><strong>beneﬁ-</strong></span> 
     </span>
    </p>
   </div>
   <div class='ocr_carea' id='block_1_59' title="bbox 405 4618 2063 4722">
    <p class='ocr_par' dir='ltr' id='par_1_59' title="bbox 405 4618 2063 4722">
     <span class='ocr_line' id='line_1_63' title="bbox 405 4618 2063 4722; baseline -0.025 -11"><span class='ocrx_word' id='word_1_432' title='bbox 405 4655 564 4710; x_wconf 90' lang='lat' dir='ltr'><strong>cium</strong></span> <span class='ocrx_word' id='word_1_433' title='bbox 593 4651 886 4722; x_wconf 86' lang='lat' dir='ltr'><strong>expertos,</strong></span> <span class='ocrx_word' id='word_1_434' title='bbox 920 4641 1043 4697; x_wconf 91' lang='lat' dir='ltr'><strong>sive</strong></span> <span class='ocrx_word' id='word_1_435' title='bbox 1074 4639 1309 4710; x_wconf 87' lang='lat' dir='ltr'><strong>propter</strong></span> <span class='ocrx_word' id='word_1_436' title='bbox 1339 4628 1666 4692; x_wconf 86' lang='lat' dir='ltr'><strong>audientes,</strong></span> <span class='ocrx_word' id='word_1_437' title='bbox 1701 4623 1822 4679; x_wconf 89' lang='lat' dir='ltr'><strong>sive</strong></span> <span class='ocrx_word' id='word_1_438' title='bbox 1867 4618 2063 4691; x_wconf 90' lang='lat' dir='ltr'><strong>potius</strong></span> 
     </span>
    </p>
   </div>
   <div class='ocr_carea' id='block_1_60' title="bbox 407 4740 976 4816">
    <p class='ocr_par' dir='ltr' id='par_1_60' title="bbox 407 4740 976 4816">
     <span class='ocr_line' id='line_1_64' title="bbox 407 4740 976 4816; baseline -0.026 -17"><span class='ocrx_word' id='word_1_439' title='bbox 407 4746 644 4816; x_wconf 87' lang='lat' dir='ltr'><strong>propter</strong></span> <span class='ocrx_word' id='word_1_440' title='bbox 675 4740 976 4804; x_wconf 88' lang='lat' dir='ltr'><strong>utrosque.</strong></span> 
     </span>
    </p>
   </div>
   <div class='ocr_carea' id='block_1_61' title="bbox 477 4798 2066 4894">
    <p class='ocr_par' dir='ltr' id='par_1_61' title="bbox 477 4798 2066 4894">
     <span class='ocr_line' id='line_1_65' title="bbox 477 4798 2066 4894; baseline -0.024 -7"><span class='ocrx_word' id='word_1_441' title='bbox 477 4798 567 4885; x_wconf 56' lang='lat'>66.</span> <span class='ocrx_word' id='word_1_442' title='bbox 602 4825 764 4894; x_wconf 88' lang='lat' dir='ltr'><strong>Quod</strong></span> <span class='ocrx_word' id='word_1_443' title='bbox 796 4798 953 4878; x_wconf 77' lang='lat' dir='ltr'><strong>recto</strong></span> <span class='ocrx_word' id='word_1_444' title='bbox 1006 4813 1178 4870; x_wconf 89' lang='lat' dir='ltr'><strong>modo</strong></span> <span class='ocrx_word' id='word_1_445' title='bbox 1230 4806 1586 4880; x_wconf 86' lang='lat' dir='ltr'><strong>acquierere,</strong></span> <span class='ocrx_word' id='word_1_446' title='bbox 1644 4805 1702 4856; x_wconf 90' lang='lat' dir='ltr'><strong>et</strong></span> <span class='ocrx_word' id='word_1_447' title='bbox 1743 4798 1976 4863; x_wconf 89' lang='lat' dir='ltr'><strong>addere,</strong></span> <span class='ocrx_word' id='word_1_448' title='bbox 2009 4798 2066 4850; x_wconf 85' lang='lat' dir='ltr'><strong>et</strong></span> 
     </span>
    </p>
   </div>
   <div class='ocr_carea' id='block_1_62' title="bbox 411 4884 2061 4977">
    <p class='ocr_par' dir='ltr' id='par_1_62' title="bbox 411 4884 2061 4977">
     <span class='ocr_line' id='line_1_66' title="bbox 411 4884 2061 4977; baseline -0.025 1"><span class='ocrx_word' id='word_1_449' title='bbox 411 4920 600 4977; x_wconf 86' lang='lat' dir='ltr'><strong>multa</strong></span> <span class='ocrx_word' id='word_1_450' title='bbox 629 4907 1017 4972; x_wconf 84' lang='lat' dir='ltr'><strong>accrescentia</strong></span> <span class='ocrx_word' id='word_1_451' title='bbox 1075 4898 1470 4973; x_wconf 88' lang='lat' dir='ltr'><strong>superaddere</strong></span> <span class='ocrx_word' id='word_1_452' title='bbox 1503 4909 1616 4948; x_wconf 88' lang='lat' dir='ltr'><strong>non</strong></span> <span class='ocrx_word' id='word_1_453' title='bbox 1677 4891 1752 4945; x_wconf 86' lang='lat' dir='ltr'><strong>sit</strong></span> <span class='ocrx_word' id='word_1_454' title='bbox 1803 4884 2061 4959; x_wconf 87' lang='lat' dir='ltr'><strong>prohibi-</strong></span> 
     </span>
    </p>
   </div>
   <div class='ocr_carea' id='block_1_63' title="bbox 410 4973 2062 5078">
    <p class='ocr_par' dir='ltr' id='par_1_63' title="bbox 410 4973 2062 5078">
     <span class='ocr_line' id='line_1_67' title="bbox 410 4973 2062 5078; baseline -0.024 -12"><span class='ocrx_word' id='word_1_455' title='bbox 410 4973 562 5076; x_wconf 54' lang='grc' dir='ltr'>ὦ,</span> <span class='ocrx_word' id='word_1_456' title='bbox 589 5007 714 5078; x_wconf 87' lang='lat' dir='ltr'><strong>jam</strong></span> <span class='ocrx_word' id='word_1_457' title='bbox 747 5013 998 5070; x_wconf 83' lang='lat' dir='ltr'><strong>magnus</strong></span> <span class='ocrx_word' id='word_1_458' title='bbox 1044 4994 1152 5048; x_wconf 88' lang='lat' dir='ltr'><strong>Job</strong></span> <span class='ocrx_word' id='word_1_459' title='bbox 1201 4986 1476 5051; x_wconf 89' lang='lat' dir='ltr'><strong>ostendit,</strong></span> <span class='ocrx_word' id='word_1_460' title='bbox 1520 4997 1695 5053; x_wconf 89' lang='lat' dir='ltr'><strong>quem</strong></span> <span class='ocrx_word' id='word_1_461' title='bbox 1747 4974 1943 5032; x_wconf 76' lang='lat' dir='ltr'><strong>multas</strong></span> <span class='ocrx_word' id='word_1_462' title='bbox 1974 4973 2062 5028; x_wconf 89' lang='lat' dir='ltr'><strong>di-</strong></span> 
     </span>
    </p>
   </div>
   <div class='ocr_carea' id='block_1_64' title="bbox 408 5064 2064 5159">
    <p class='ocr_par' dir='ltr' id='par_1_64' title="bbox 408 5064 2064 5159">
     <span class='ocr_line' id='line_1_68' title="bbox 408 5064 2064 5159; baseline -0.024 -4"><span class='ocrx_word' id='word_1_463' title='bbox 408 5098 562 5154; x_wconf 72' lang='lat' dir='ltr'><strong>vitias</strong></span> <span class='ocrx_word' id='word_1_464' title='bbox 595 5109 709 5150; x_wconf 90' lang='lat' dir='ltr'><strong>non</strong></span> <span class='ocrx_word' id='word_1_465' title='bbox 744 5083 1166 5159; x_wconf 87' lang='lat' dir='ltr'><strong>impediverant</strong></span> <span class='ocrx_word' id='word_1_466' title='bbox 1196 5076 1335 5148; x_wconf 86' lang='lat' dir='ltr'><strong>quin</strong></span> <span class='ocrx_word' id='word_1_467' title='bbox 1386 5073 1545 5128; x_wconf 90' lang='lat' dir='ltr'><strong>istud</strong></span> <span class='ocrx_word' id='word_1_468' title='bbox 1591 5064 1997 5125; x_wconf 88' lang='lat' dir='ltr'><strong>testimonium</strong></span> <span class='ocrx_word' id='word_1_469' title='bbox 2031 5079 2064 5116; x_wconf 86' lang='lat' dir='ltr'><strong>a</strong></span> 
     </span>
    </p>
   </div>
   <div class='ocr_carea' id='block_1_65' title="bbox 409 5156 2061 5254">
    <p class='ocr_par' dir='ltr' id='par_1_65' title="bbox 409 5156 2061 5254">
     <span class='ocr_line' id='line_1_69' title="bbox 409 5156 2061 5254; baseline -0.024 -11"><span class='ocrx_word' id='word_1_470' title='bbox 409 5193 522 5245; x_wconf 88' lang='lat' dir='ltr'><strong>Deo</strong></span> <span class='ocrx_word' id='word_1_471' title='bbox 554 5156 862 5254; x_wconf 75' lang='lat' dir='ltr'><strong>acciperet,</strong></span> <span class='ocrx_word' id='word_1_472' title='bbox 913 5188 1090 5242; x_wconf 87' lang='lat' dir='ltr'><strong>super</strong></span> <span class='ocrx_word' id='word_1_473' title='bbox 1145 5182 1350 5224; x_wconf 88' lang='lat' dir='ltr'><strong>omnes</strong></span> <span class='ocrx_word' id='word_1_474' title='bbox 1398 5161 1668 5217; x_wconf 86' lang='lat' dir='ltr'><strong>homines</strong></span> <span class='ocrx_word' id='word_1_475' title='bbox 1701 5156 1882 5226; x_wconf 88' lang='lat' dir='ltr'><strong>hujus</strong></span> <span class='ocrx_word' id='word_1_476' title='bbox 1913 5158 2061 5208; x_wconf 87' lang='lat' dir='ltr'><strong>tem-</strong></span> 
     </span>
    </p>
   </div>
   <div class='ocr_carea' id='block_1_66' title="bbox 408 5238 2065 5352">
    <p class='ocr_par' dir='ltr' id='par_1_66' title="bbox 408 5238 2065 5352">
     <span class='ocr_line' id='line_1_70' title="bbox 408 5238 2065 5352; baseline -0.026 -16"><span class='ocrx_word' id='word_1_477' title='bbox 408 5278 568 5352; x_wconf 89' lang='lat' dir='ltr'><strong>poris</strong></span> <span class='ocrx_word' id='word_1_478' title='bbox 600 5273 674 5330; x_wconf 91' lang='lat' dir='ltr'><strong>ad</strong></span> <span class='ocrx_word' id='word_1_479' title='bbox 704 5271 890 5328; x_wconf 88' lang='lat' dir='ltr'><strong>Deum</strong></span> <span class='ocrx_word' id='word_1_480' title='bbox 923 5259 1182 5336; x_wconf 82' lang='lat' dir='ltr'><strong>proxime</strong></span> <span class='ocrx_word' id='word_1_481' title='bbox 1213 5254 1506 5312; x_wconf 89' lang='lat' dir='ltr'><strong>accedere.</strong></span> <span class='ocrx_word' id='word_1_482' title='bbox 1536 5254 1603 5304; x_wconf 89' lang='lat' dir='ltr'><strong>Et</strong></span> <span class='ocrx_word' id='word_1_483' title='bbox 1634 5245 1779 5302; x_wconf 87' lang='lat' dir='ltr'><strong>mihi</strong></span> <span class='ocrx_word' id='word_1_484' title='bbox 1811 5238 2065 5300; x_wconf 86' lang='lat' dir='ltr'><strong>occurrit</strong></span> 
     </span>
     <span class='ocr_line' id='line_1_71' title="bbox 1123 5329 2041 5352; baseline -0.024 22"><span class='ocrx_word' id='word_1_485' title='bbox 1123 5347 1133 5352; x_wconf 64' lang='grc'><strong><em>³</em></strong></span> <span class='ocrx_word' id='word_1_486' title='bbox 1578 5339 1589 5352; x_wconf 93' lang='lat'><strong><em>‘</em></strong></span> <span class='ocrx_word' id='word_1_487' title='bbox 1714 5351 1745 5352; x_wconf 31' lang='grc' dir='ltr'>γε</span> <span class='ocrx_word' id='word_1_488' title='bbox 1772 5351 1780 5352; x_wconf 43' lang='grc' dir='ltr'><em>κ</em></span> <span class='ocrx_word' id='word_1_489' title='bbox 1802 5350 1817 5352; x_wconf 84' lang='grc'><strong>-</strong></span> <span class='ocrx_word' id='word_1_490' title='bbox 1866 5347 1957 5352; x_wconf 74' lang='grc'><strong>--..</strong></span> <span class='ocrx_word' id='word_1_491' title='bbox 1973 5329 2041 5352; x_wconf 73' lang='grc' dir='ltr'><strong>Π..</strong></span> 
     </span>
    </p>
   </div>
   <div class='ocr_carea' id='block_1_67' title="bbox 409 5329 2064 5439">
    <p class='ocr_par' dir='ltr' id='par_1_67' title="bbox 409 5329 2064 5439">
     <span class='ocr_line' id='line_1_72' title="bbox 409 5329 2064 5439; baseline -0.025 -14"><span class='ocrx_word' id='word_1_492' title='bbox 409 5329 647 5439; x_wconf 58' lang='lat' dir='ltr'><strong>:liquod</strong></span> <span class='ocrx_word' id='word_1_493' title='bbox 680 5373 883 5417; x_wconf 89' lang='lat' dir='ltr'><strong>recens</strong></span> <span class='ocrx_word' id='word_1_494' title='bbox 911 5347 1267 5421; x_wconf 84' lang='lat' dir='ltr'><strong>exemplum,</strong></span> <span class='ocrx_word' id='word_1_495' title='bbox 1301 5359 1416 5415; x_wconf 92' lang='lat' dir='ltr'><strong>quo</strong></span> <span class='ocrx_word' id='word_1_496' title='bbox 1476 5339 1652 5396; x_wconf 89' lang='lat' dir='ltr'><strong>verba</strong></span> <span class='ocrx_word' id='word_1_497' title='bbox 1699 5350 1829 5390; x_wconf 90' lang='lat' dir='ltr'><strong>mea</strong></span> <span class='ocrx_word' id='word_1_498' title='bbox 1859 5329 2064 5387; x_wconf 83' lang='lat' dir='ltr'><strong>conﬁr-</strong></span> 
     </span>
    </p>
   </div>
   <div class='ocr_carea' id='block_1_68' title="bbox 1361 1310 3796 1419">
    <p class='ocr_par' dir='ltr' id='par_1_68' title="bbox 1361 1310 3796 1419">
     <span class='ocr_line' id='line_1_73' title="bbox 1361 1310 3796 1419; baseline -0.017 -16"><span class='ocrx_word' id='word_1_499' title='bbox 1361 1343 1722 1419; x_wconf 73' lang='grc' dir='ltr'><strong>ἀξιωματικὴ,</strong></span> <span class='ocrx_word' id='word_1_500' title='bbox 1774 1338 1836 1392; x_wconf 84' lang='grc' dir='ltr'><strong>τὸ</strong></span> <span class='ocrx_word' id='word_1_501' title='bbox 1899 1334 2150 1407; x_wconf 68' lang='grc' dir='ltr'>ἐνάρετον</span> <span class='ocrx_word' id='word_1_502' title='bbox 2221 1325 2473 1397; x_wconf 83' lang='grc' dir='ltr'>κύρωμα,</span> <span class='ocrx_word' id='word_1_503' title='bbox 2548 1320 2610 1375; x_wconf 75' lang='grc' dir='ltr'>τὸ</span> <span class='ocrx_word' id='word_1_504' title='bbox 2669 1314 3114 1393; x_wconf 84' lang='grc' dir='ltr'>χρηστολογικὸν</span> <span class='ocrx_word' id='word_1_505' title='bbox 3163 1311 3399 1384; x_wconf 80' lang='grc' dir='ltr'><strong>τύπωμα</strong></span> <span class='ocrx_word' id='word_1_506' title='bbox 3455 1311 3533 1372; x_wconf 79' lang='grc' dir='ltr'>εἷς</span> <span class='ocrx_word' id='word_1_507' title='bbox 3585 1310 3796 1386; x_wconf 79' lang='grc' dir='ltr'>ἀγαθὴν</span> 
     </span>
     <span class='ocr_line' id='line_1_74' title="bbox 2357 1396 3774 1419; baseline -0.016 19"><span class='ocrx_word' id='word_1_508' title='bbox 2357 1412 2368 1419; x_wconf 71' lang='grc'><strong><em>-</em></strong></span> <span class='ocrx_word' id='word_1_509' title='bbox 2547 1411 2603 1419; x_wconf 39' lang='grc' dir='ltr'>τι</span> <span class='ocrx_word' id='word_1_510' title='bbox 2769 1404 2793 1419; x_wconf 79' lang='grc' dir='ltr'>οι</span> <span class='ocrx_word' id='word_1_511' title='bbox 3006 1405 3021 1419; x_wconf 66' lang='grc' dir='ltr'><strong>ε</strong></span> <span class='ocrx_word' id='word_1_512' title='bbox 3122 1403 3136 1419; x_wconf 58' lang='grc' dir='ltr'><strong>κ</strong></span> <span class='ocrx_word' id='word_1_513' title='bbox 3200 1399 3224 1419; x_wconf 71' lang='grc' dir='ltr'><strong>’θ</strong></span> <span class='ocrx_word' id='word_1_514' title='bbox 3485 1399 3501 1419; x_wconf 69' lang='grc' dir='ltr'>ι</span> <span class='ocrx_word' id='word_1_515' title='bbox 3603 1400 3618 1418; x_wconf 62' lang='grc' dir='ltr'><strong>ς</strong></span> <span class='ocrx_word' id='word_1_516' title='bbox 3759 1396 3774 1419; x_wconf 67' lang='grc' dir='ltr'>τ</span> 
     </span>
    </p>
   </div>
   <div class='ocr_carea' id='block_1_69' title="bbox 1843 1396 3802 1490">
    <p class='ocr_par' dir='ltr' id='par_1_69' title="bbox 1843 1396 3802 1490">
     <span class='ocr_line' id='line_1_75' title="bbox 1843 1396 3802 1490; baseline -0.014 -11"><span class='ocrx_word' id='word_1_517' title='bbox 1843 1424 2010 1490; x_wconf 83' lang='grc' dir='ltr'>θείαν,</span> <span class='ocrx_word' id='word_1_518' title='bbox 2074 1419 2254 1490; x_wconf 81' lang='grc' dir='ltr'>ὥσπερ</span> <span class='ocrx_word' id='word_1_519' title='bbox 2311 1412 2410 1481; x_wconf 71' lang='grc' dir='ltr'>τὴν</span> <span class='ocrx_word' id='word_1_520' title='bbox 2469 1411 2678 1484; x_wconf 76' lang='grc' dir='ltr'>πρᾶξιν,</span> <span class='ocrx_word' id='word_1_521' title='bbox 2734 1404 2877 1460; x_wconf 72' lang='grc' dir='ltr'>οὕτω</span> <span class='ocrx_word' id='word_1_522' title='bbox 2932 1405 3024 1458; x_wconf 85' lang='grc' dir='ltr'><strong>καὶ</strong></span> <span class='ocrx_word' id='word_1_523' title='bbox 3081 1403 3145 1457; x_wconf 86' lang='grc' dir='ltr'>τὸ</span> <span class='ocrx_word' id='word_1_524' title='bbox 3199 1399 3354 1476; x_wconf 82' lang='grc' dir='ltr'>ἔργον</span> <span class='ocrx_word' id='word_1_525' title='bbox 3410 1399 3501 1455; x_wconf 75' lang='grc' dir='ltr'><strong>καὶ</strong></span> <span class='ocrx_word' id='word_1_526' title='bbox 3555 1400 3660 1468; x_wconf 80' lang='grc' dir='ltr'><strong>τήν</strong></span> <span class='ocrx_word' id='word_1_527' title='bbox 3721 1396 3802 1452; x_wconf 81' lang='grc' dir='ltr'><strong>αἷ-</strong></span> 
     </span>
    </p>
   </div>
   <div class='ocr_carea' id='block_1_70' title="bbox 2205 1575 3797 1663">
    <p class='ocr_par' dir='ltr' id='par_1_70' title="bbox 2205 1575 3797 1663">
     <span class='ocr_line' id='line_1_76' title="bbox 2205 1575 3797 1663; baseline -0.012 -16"><span class='ocrx_word' id='word_1_528' title='bbox 2205 1588 2296 1662; x_wconf 81' lang='grc' dir='ltr'><strong>ξδ’.</strong></span> <span class='ocrx_word' id='word_1_529' title='bbox 2361 1585 2614 1663; x_wconf 84' lang='grc' dir='ltr'>Περιττὸν</span> <span class='ocrx_word' id='word_1_530' title='bbox 2668 1581 2724 1638; x_wconf 81' lang='grc' dir='ltr'>ἐν</span> <span class='ocrx_word' id='word_1_531' title='bbox 2780 1585 2894 1641; x_wconf 87' lang='grc' dir='ltr'>τοῖς</span> <span class='ocrx_word' id='word_1_532' title='bbox 2947 1577 3065 1656; x_wconf 74' lang='grc' dir='ltr'>ἄρτι</span> <span class='ocrx_word' id='word_1_533' title='bbox 3099 1575 3468 1654; x_wconf 76' lang='grc' dir='ltr'>φυλοκρινεῖν.</span> <span class='ocrx_word' id='word_1_534' title='bbox 3501 1575 3579 1632; x_wconf 84' lang='grc' dir='ltr'><strong>Ού</strong></span> <span class='ocrx_word' id='word_1_535' title='bbox 3609 1575 3797 1630; x_wconf 86' lang='grc' dir='ltr'>τοίνυν</span> 
     </span>
    </p>
   </div>
   <div class='ocr_carea' id='block_1_71' title="bbox 2134 1663 3799 1748">
    <p class='ocr_par' dir='ltr' id='par_1_71' title="bbox 2134 1663 3799 1748">
     <span class='ocr_line' id='line_1_77' title="bbox 2134 1663 3799 1748; baseline -0.01 -13"><span class='ocrx_word' id='word_1_536' title='bbox 2134 1682 2179 1734; x_wconf 82' lang='grc' dir='ltr'><strong>ὦ</strong></span> <span class='ocrx_word' id='word_1_537' title='bbox 2235 1676 2458 1748; x_wconf 71' lang='grc' dir='ltr'>κτητικὶ</span> <span class='ocrx_word' id='word_1_538' title='bbox 2513 1672 2744 1747; x_wconf 76' lang='grc' dir='ltr'>μοναχὶ,</span> <span class='ocrx_word' id='word_1_539' title='bbox 2804 1669 2894 1724; x_wconf 79' lang='grc' dir='ltr'><strong>καὶ</strong></span> <span class='ocrx_word' id='word_1_540' title='bbox 2953 1667 3308 1728; x_wconf 85' lang='grc' dir='ltr'>ἀκανονίστως</span> <span class='ocrx_word' id='word_1_541' title='bbox 3366 1663 3799 1741; x_wconf 75' lang='grc' dir='ltr'>χρηματιστικὶ,</span> 
     </span>
    </p>
   </div>
   <div class='ocr_carea' id='block_1_72' title="bbox 2138 1754 3798 1840">
    <p class='ocr_par' dir='ltr' id='par_1_72' title="bbox 2138 1754 3798 1840">
     <span class='ocr_line' id='line_1_78' title="bbox 2138 1754 3798 1840; baseline -0.011 -16"><span class='ocrx_word' id='word_1_542' title='bbox 2138 1769 2224 1824; x_wconf 82' lang='grc' dir='ltr'><strong>καὶ</strong></span> <span class='ocrx_word' id='word_1_543' title='bbox 2280 1767 2414 1840; x_wconf 82' lang='grc' dir='ltr'><strong>μετά</strong></span> <span class='ocrx_word' id='word_1_544' title='bbox 2470 1761 2753 1838; x_wconf 75' lang='grc' dir='ltr'>ἐπιορκίας</span> <span class='ocrx_word' id='word_1_545' title='bbox 2814 1757 3154 1834; x_wconf 72' lang='grc' dir='ltr'>ὲνεργὲστατε</span> <span class='ocrx_word' id='word_1_546' title='bbox 3187 1798 3200 1822; x_wconf 92' lang='grc'><strong>,</strong></span> <span class='ocrx_word' id='word_1_547' title='bbox 3259 1754 3294 1824; x_wconf 74' lang='grc' dir='ltr'><strong>ἢ</strong></span> <span class='ocrx_word' id='word_1_548' title='bbox 3351 1754 3652 1823; x_wconf 83' lang='grc' dir='ltr'>πρακτικὸς</span> <span class='ocrx_word' id='word_1_549' title='bbox 3689 1796 3704 1822; x_wconf 95' lang='grc'><strong>,</strong></span> 
     </span>
    </p>
   </div>
   <div class='ocr_carea' id='block_1_73' title="bbox 2139 1845 3806 1933">
    <p class='ocr_par' dir='ltr' id='par_1_73' title="bbox 2139 1845 3806 1933">
     <span class='ocr_line' id='line_1_79' title="bbox 2139 1845 3806 1933; baseline -0.011 -20"><span class='ocrx_word' id='word_1_550' title='bbox 2139 1855 2418 1933; x_wconf 82' lang='grc' dir='ltr'>ἐργατικὸς</span> <span class='ocrx_word' id='word_1_551' title='bbox 2475 1852 2613 1907; x_wconf 86' lang='grc' dir='ltr'>κατὰ</span> <span class='ocrx_word' id='word_1_552' title='bbox 2669 1848 2797 1904; x_wconf 88' lang='grc' dir='ltr'><strong>Θεὸν</strong></span> <span class='ocrx_word' id='word_1_553' title='bbox 2858 1867 2994 1900; x_wconf 86' lang='grc' dir='ltr'>ειναι</span> <span class='ocrx_word' id='word_1_554' title='bbox 3063 1845 3297 1920; x_wconf 82' lang='grc' dir='ltr'>κριθήσῃ</span> <span class='ocrx_word' id='word_1_555' title='bbox 3365 1845 3511 1916; x_wconf 78' lang='grc' dir='ltr'>ποιρά</span> <span class='ocrx_word' id='word_1_556' title='bbox 3565 1862 3628 1918; x_wconf 85' lang='grc' dir='ltr'><strong>γε</strong></span> <span class='ocrx_word' id='word_1_557' title='bbox 3685 1846 3806 1902; x_wconf 80' lang='grc' dir='ltr'>τοῖς</span> 
     </span>
    </p>
   </div>
   <div class='ocr_carea' id='block_1_74' title="bbox 2137 1928 3805 2019">
    <p class='ocr_par' dir='ltr' id='par_1_74' title="bbox 2137 1928 3805 2019">
     <span class='ocr_line' id='line_1_80' title="bbox 2137 1928 3805 2019; baseline -0.011 -18"><span class='ocrx_word' id='word_1_558' title='bbox 2137 1951 2261 2001; x_wconf 88' lang='grc' dir='ltr'>νοῦν</span> <span class='ocrx_word' id='word_1_559' title='bbox 2294 1939 2536 2019; x_wconf 76' lang='grc' dir='ltr'>ἔχουσιν,</span> <span class='ocrx_word' id='word_1_560' title='bbox 2578 1936 2682 2000; x_wconf 64' lang='grc' dir='ltr'>ἕως</span> <span class='ocrx_word' id='word_1_561' title='bbox 2739 1936 2799 1991; x_wconf 71' lang='grc' dir='ltr'>ἂν</span> <span class='ocrx_word' id='word_1_562' title='bbox 2856 1938 3106 1996; x_wconf 84' lang='grc' dir='ltr'>τοιοῦτος</span> <span class='ocrx_word' id='word_1_563' title='bbox 3163 1932 3353 2007; x_wconf 67' lang='grc' dir='ltr'>μένῃς·</span> <span class='ocrx_word' id='word_1_564' title='bbox 3411 1928 3561 1986; x_wconf 79' lang='grc' dir='ltr'>ἀλλὰ</span> <span class='ocrx_word' id='word_1_565' title='bbox 3625 1949 3805 2004; x_wconf 85' lang='grc' dir='ltr'>πραγ-</span> 
     </span>
    </p>
   </div>
   <div class='ocr_carea' id='block_1_75' title="bbox 2143 2017 3802 2108">
    <p class='ocr_par' dir='ltr' id='par_1_75' title="bbox 2143 2017 3802 2108">
     <span class='ocr_line' id='line_1_81' title="bbox 2143 2017 3802 2108; baseline -0.011 -18"><span class='ocrx_word' id='word_1_566' title='bbox 2143 2032 2487 2108; x_wconf 85' lang='grc' dir='ltr'>ματευτικὸς,</span> <span class='ocrx_word' id='word_1_567' title='bbox 2517 2027 2616 2107; x_wconf 86' lang='grc' dir='ltr'><strong>καὶ¹</strong></span> <span class='ocrx_word' id='word_1_568' title='bbox 2637 2024 2855 2102; x_wconf 83' lang='grc' dir='ltr'><strong>ἀεργὸς,</strong></span> <span class='ocrx_word' id='word_1_569' title='bbox 2883 2022 2976 2078; x_wconf 89' lang='grc' dir='ltr'><strong>καὶ</strong></span> <span class='ocrx_word' id='word_1_570' title='bbox 3009 2020 3428 2098; x_wconf 82' lang='grc' dir='ltr'>ὲμπορευτικὸς,</span> <span class='ocrx_word' id='word_1_571' title='bbox 3479 2020 3568 2074; x_wconf 80' lang='grc' dir='ltr'><strong>καὶ</strong></span> <span class='ocrx_word' id='word_1_572' title='bbox 3624 2017 3802 2092; x_wconf 84' lang='grc' dir='ltr'>ἐμπο-</span> 
     </span>
    </p>
   </div>
   <div class='ocr_carea' id='block_1_76' title="bbox 2141 2108 3806 2192">
    <p class='ocr_par' dir='ltr' id='par_1_76' title="bbox 2141 2108 3806 2192">
     <span class='ocr_line' id='line_1_82' title="bbox 2141 2108 3806 2192; baseline -0.01 -14"><span class='ocrx_word' id='word_1_573' title='bbox 2141 2123 2322 2188; x_wconf 84' lang='grc' dir='ltr'>λαῖος,</span> <span class='ocrx_word' id='word_1_574' title='bbox 2381 2119 2471 2174; x_wconf 88' lang='grc' dir='ltr'>καὶ</span> <span class='ocrx_word' id='word_1_575' title='bbox 2519 2112 2779 2192; x_wconf 72' lang='grc' dir='ltr'>&gt;.ερδῷος,</span> <span class='ocrx_word' id='word_1_576' title='bbox 2830 2111 2921 2167; x_wconf 85' lang='grc' dir='ltr'><strong>καὶ</strong></span> <span class='ocrx_word' id='word_1_577' title='bbox 2957 2111 3075 2186; x_wconf 86' lang='grc' dir='ltr'>βίος</span> <span class='ocrx_word' id='word_1_578' title='bbox 3117 2109 3469 2185; x_wconf 76' lang='grc' dir='ltr'>αὐτόχρημα,</span> <span class='ocrx_word' id='word_1_579' title='bbox 3502 2108 3596 2162; x_wconf 78' lang='grc' dir='ltr'><strong>καὶ</strong></span> <span class='ocrx_word' id='word_1_580' title='bbox 3627 2109 3806 2163; x_wconf 84' lang='grc' dir='ltr'>πάντα</span> 
     </span>
    </p>
   </div>
   <div class='ocr_carea' id='block_1_77' title="bbox 2144 2193 3806 2286">
    <p class='ocr_par' dir='ltr' id='par_1_77' title="bbox 2144 2193 3806 2286">
     <span class='ocr_line' id='line_1_83' title="bbox 2144 2193 3806 2286; baseline -0.011 -18"><span class='ocrx_word' id='word_1_581' title='bbox 2144 2210 2356 2286; x_wconf 76' lang='grc' dir='ltr'>μᾶλλον</span> <span class='ocrx_word' id='word_1_582' title='bbox 2387 2208 2454 2264; x_wconf 80' lang='grc' dir='ltr'><strong>τὰ</strong></span> <span class='ocrx_word' id='word_1_583' title='bbox 2483 2203 2688 2277; x_wconf 74' lang='grc' dir='ltr'>ἄλλα,ἣ</span> <span class='ocrx_word' id='word_1_584' title='bbox 2716 2199 3172 2277; x_wconf 81' lang='grc' dir='ltr'>μεγαλόσχημος.</span> <span class='ocrx_word' id='word_1_585' title='bbox 3191 2201 3420 2274; x_wconf 86' lang='grc' dir='ltr'>Ἕγνως,</span> <span class='ocrx_word' id='word_1_586' title='bbox 3454 2199 3639 2270; x_wconf 76' lang='grc' dir='ltr'>οἶμαι,</span> <span class='ocrx_word' id='word_1_587' title='bbox 3670 2193 3806 2267; x_wconf 75' lang='grc' dir='ltr'>ἤδη,</span> 
     </span>
    </p>
   </div>
   <div class='ocr_carea' id='block_1_78' title="bbox 2141 2281 3811 2375">
    <p class='ocr_par' dir='ltr' id='par_1_78' title="bbox 2141 2281 3811 2375">
     <span class='ocr_line' id='line_1_84' title="bbox 2141 2281 3811 2375; baseline -0.01 -20"><span class='ocrx_word' id='word_1_588' title='bbox 2141 2301 2273 2375; x_wconf 81' lang='grc' dir='ltr'>ὅπερ</span> <span class='ocrx_word' id='word_1_589' title='bbox 2322 2296 2548 2366; x_wconf 81' lang='grc' dir='ltr'>κτητὲον</span> <span class='ocrx_word' id='word_1_590' title='bbox 2579 2293 2719 2348; x_wconf 71' lang='grc' dir='ltr'>ἐστιν</span> <span class='ocrx_word' id='word_1_591' title='bbox 2770 2289 2832 2344; x_wconf 81' lang='grc' dir='ltr'><strong>οῦ</strong></span> <span class='ocrx_word' id='word_1_592' title='bbox 2861 2290 2952 2343; x_wconf 91' lang='grc' dir='ltr'><strong>καὶ</strong></span> <span class='ocrx_word' id='word_1_593' title='bbox 3005 2288 3488 2362; x_wconf 76' lang='grc' dir='ltr'>ὑπερεκπερισσοῦ·</span> <span class='ocrx_word' id='word_1_594' title='bbox 3542 2285 3689 2360; x_wconf 84' lang='grc' dir='ltr'>Ἐγὼ</span> <span class='ocrx_word' id='word_1_595' title='bbox 3753 2281 3811 2339; x_wconf 81' lang='grc' dir='ltr'><strong>δὶ</strong></span> 
     </span>
    </p>
   </div>
   <div class='ocr_carea' id='block_1_79' title="bbox 2141 2371 3812 2455">
    <p class='ocr_par' dir='ltr' id='par_1_79' title="bbox 2141 2371 3812 2455">
     <span class='ocr_line' id='line_1_85' title="bbox 2141 2371 3812 2455; baseline -0.011 -11"><span class='ocrx_word' id='word_1_596' title='bbox 2141 2387 2540 2455; x_wconf 78' lang='grc' dir='ltr'>πλεονάζουσαν</span> <span class='ocrx_word' id='word_1_597' title='bbox 2567 2381 2619 2436; x_wconf 78' lang='grc' dir='ltr'>ἐν</span> <span class='ocrx_word' id='word_1_598' title='bbox 2648 2385 2766 2441; x_wconf 85' lang='grc' dir='ltr'>τοῖς</span> <span class='ocrx_word' id='word_1_599' title='bbox 2786 2383 2883 2434; x_wconf 88' lang='grc' dir='ltr'><strong>τοῦ</strong></span> <span class='ocrx_word' id='word_1_600' title='bbox 2903 2377 3040 2432; x_wconf 80' lang='grc' dir='ltr'>κατὰ</span> <span class='ocrx_word' id='word_1_601' title='bbox 3069 2377 3127 2430; x_wconf 75' lang='grc' dir='ltr'>σὲ</span> <span class='ocrx_word' id='word_1_602' title='bbox 3158 2377 3280 2450; x_wconf 89' lang='grc' dir='ltr'>βιου</span> <span class='ocrx_word' id='word_1_603' title='bbox 3311 2379 3372 2444; x_wconf 81' lang='grc' dir='ltr'><strong>εᾷ</strong></span> <span class='ocrx_word' id='word_1_604' title='bbox 3389 2371 3553 2437; x_wconf 72' lang='grc' dir='ltr'>εῗδὼς</span> <span class='ocrx_word' id='word_1_605' title='bbox 3574 2375 3676 2443; x_wconf 85' lang='grc' dir='ltr'><strong>τήν</strong></span> <span class='ocrx_word' id='word_1_606' title='bbox 3707 2380 3812 2444; x_wconf 75' lang='grc' dir='ltr'><strong>τῆς</strong></span> 
     </span>
    </p>
   </div>
   <div class='ocr_carea' id='block_1_80' title="bbox 2144 2462 3809 2552">
    <p class='ocr_par' dir='ltr' id='par_1_80' title="bbox 2144 2462 3809 2552">
     <span class='ocr_line' id='line_1_86' title="bbox 2144 2462 3809 2552; baseline -0.01 -20"><span class='ocrx_word' id='word_1_607' title='bbox 2144 2477 2368 2552; x_wconf 73' lang='grc' dir='ltr'>ἀκαίρου</span> <span class='ocrx_word' id='word_1_608' title='bbox 2398 2475 2642 2543; x_wconf 72' lang='grc' dir='ltr'>κτήσεως</span> <span class='ocrx_word' id='word_1_609' title='bbox 2669 2467 2884 2535; x_wconf 81' lang='grc' dir='ltr'>κακίαν,</span> <span class='ocrx_word' id='word_1_610' title='bbox 2938 2475 3371 2541; x_wconf 86' lang='grc' dir='ltr'>προσεπιτιθημι</span> <span class='ocrx_word' id='word_1_611' title='bbox 3416 2462 3561 2518; x_wconf 84' lang='grc' dir='ltr'>καίτι</span> <span class='ocrx_word' id='word_1_612' title='bbox 3611 2462 3809 2530; x_wconf 67' lang='grc' dir='ltr'>πλέον,</span> 
     </span>
    </p>
   </div>
   <div class='ocr_carea' id='block_1_81' title="bbox 2142 2551 3806 2638">
    <p class='ocr_par' dir='ltr' id='par_1_81' title="bbox 2142 2551 3806 2638">
     <span class='ocr_line' id='line_1_87' title="bbox 2142 2551 3806 2638; baseline -0.016 -17"><span class='ocrx_word' id='word_1_613' title='bbox 2142 2567 2232 2621; x_wconf 81' lang='grc' dir='ltr'><strong>καὶ</strong></span> <span class='ocrx_word' id='word_1_614' title='bbox 2263 2551 2408 2638; x_wconf 80' lang='grc' dir='ltr'>λέγω</span> <span class='ocrx_word' id='word_1_615' title='bbox 2437 2557 2802 2638; x_wconf 73' lang='grc' dir='ltr'>θαρρούντως,</span> <span class='ocrx_word' id='word_1_616' title='bbox 2858 2557 2940 2610; x_wconf 84' lang='grc' dir='ltr'>δτι</span> <span class='ocrx_word' id='word_1_617' title='bbox 2972 2553 3176 2630; x_wconf 80' lang='grc' dir='ltr'>ἀνάγκῃ</span> <span class='ocrx_word' id='word_1_618' title='bbox 3210 2554 3303 2626; x_wconf 72' lang='grc' dir='ltr'>μὲν</span> <span class='ocrx_word' id='word_1_619' title='bbox 3335 2551 3444 2606; x_wconf 83' lang='grc' dir='ltr'>ἐστι</span> <span class='ocrx_word' id='word_1_620' title='bbox 3495 2552 3588 2605; x_wconf 72' lang='grc' dir='ltr'><strong>καὶ</strong></span> <span class='ocrx_word' id='word_1_621' title='bbox 3643 2552 3806 2628; x_wconf 77' lang='grc' dir='ltr'>ὑπερ.</span> 
     </span>
    </p>
   </div>
   <div class='ocr_carea' id='block_1_82' title="bbox 2144 2637 3808 2724">
    <p class='ocr_par' dir='ltr' id='par_1_82' title="bbox 2144 2637 3808 2724">
     <span class='ocr_line' id='line_1_88' title="bbox 2144 2637 3808 2724; baseline -0.01 -14"><span class='ocrx_word' id='word_1_622' title='bbox 2144 2651 2434 2724; x_wconf 81' lang='grc' dir='ltr'>κεκτῆσθαί</span> <span class='ocrx_word' id='word_1_623' title='bbox 2484 2649 2542 2704; x_wconf 74' lang='grc' dir='ltr'>σὲ</span> <span class='ocrx_word' id='word_1_624' title='bbox 2587 2667 2741 2718; x_wconf 85' lang='grc' dir='ltr'>ποτε,</span> <span class='ocrx_word' id='word_1_625' title='bbox 2787 2646 2862 2708; x_wconf 86' lang='grc' dir='ltr'>ὡς</span> <span class='ocrx_word' id='word_1_626' title='bbox 2908 2643 2996 2699; x_wconf 82' lang='grc' dir='ltr'>καὶ</span> <span class='ocrx_word' id='word_1_627' title='bbox 3027 2642 3383 2719; x_wconf 82' lang='grc' dir='ltr'>περισσεύειν·</span> <span class='ocrx_word' id='word_1_628' title='bbox 3441 2641 3570 2695; x_wconf 75' lang='grc' dir='ltr'>αὐτὸ</span> <span class='ocrx_word' id='word_1_629' title='bbox 3630 2637 3692 2695; x_wconf 71' lang='grc' dir='ltr'><strong>δὲ</strong></span> <span class='ocrx_word' id='word_1_630' title='bbox 3743 2639 3808 2695; x_wconf 76' lang='grc' dir='ltr'><strong>οὗ</strong></span> 
     </span>
    </p>
   </div>
   <div class='ocr_carea' id='block_1_83' title="bbox 2151 2727 3807 2818">
    <p class='ocr_par' dir='ltr' id='par_1_83' title="bbox 2151 2727 3807 2818">
     <span class='ocr_line' id='line_1_89' title="bbox 2151 2727 3807 2818; baseline -0.008 -20"><span class='ocrx_word' id='word_1_631' title='bbox 2151 2740 2316 2818; x_wconf 84' lang='grc' dir='ltr'>μόνον</span> <span class='ocrx_word' id='word_1_632' title='bbox 2385 2739 2521 2794; x_wconf 81' lang='grc' dir='ltr'>κατὰ</span> <span class='ocrx_word' id='word_1_633' title='bbox 2586 2737 2786 2811; x_wconf 83' lang='grc' dir='ltr'>τὲχνην</span> <span class='ocrx_word' id='word_1_634' title='bbox 2859 2735 3290 2810; x_wconf 86' lang='grc' dir='ltr'>περιουσιασμοῦ</span> <span class='ocrx_word' id='word_1_635' title='bbox 3365 2729 3589 2807; x_wconf 84' lang='grc' dir='ltr'>γίνεται,</span> <span class='ocrx_word' id='word_1_636' title='bbox 3658 2727 3807 2784; x_wconf 75' lang='grc' dir='ltr'>ἀλλὰ</span> 
     </span>
    </p>
   </div>
   <div class='ocr_carea' id='block_1_84' title="bbox 2146 2817 3806 2904">
    <p class='ocr_par' dir='ltr' id='par_1_84' title="bbox 2146 2817 3806 2904">
     <span class='ocr_line' id='line_1_90' title="bbox 2146 2817 3806 2904; baseline -0.01 -16"><span class='ocrx_word' id='word_1_637' title='bbox 2146 2832 2235 2889; x_wconf 81' lang='grc' dir='ltr'>καὶ</span> <span class='ocrx_word' id='word_1_638' title='bbox 2263 2828 2381 2902; x_wconf 63' lang='grc' dir='ltr'>θείᾳ</span> <span class='ocrx_word' id='word_1_639' title='bbox 2427 2829 2614 2904; x_wconf 86' lang='grc' dir='ltr'>χάριτι</span> <span class='ocrx_word' id='word_1_640' title='bbox 2669 2830 2784 2886; x_wconf 77' lang='grc' dir='ltr'>τοῖς</span> <span class='ocrx_word' id='word_1_641' title='bbox 2835 2823 3001 2894; x_wconf 83' lang='grc' dir='ltr'>ἀξίοις</span> <span class='ocrx_word' id='word_1_642' title='bbox 3053 2826 3151 2876; x_wconf 89' lang='grc' dir='ltr'><strong>τοῦ</strong></span> <span class='ocrx_word' id='word_1_643' title='bbox 3206 2821 3460 2875; x_wconf 86' lang='grc' dir='ltr'>τοιούτου</span> <span class='ocrx_word' id='word_1_644' title='bbox 3517 2818 3716 2875; x_wconf 77' lang='grc' dir='ltr'>καλοῦ³</span> <span class='ocrx_word' id='word_1_645' title='bbox 3753 2817 3806 2873; x_wconf 68' lang='grc' dir='ltr'>οἵ</span> 
     </span>
    </p>
   </div>
   <div class='ocr_carea' id='block_1_85' title="bbox 2153 2906 3806 2996">
    <p class='ocr_par' dir='ltr' id='par_1_85' title="bbox 2153 2906 3806 2996">
     <span class='ocr_line' id='line_1_91' title="bbox 2153 2906 3806 2996; baseline -0.008 -20"><span class='ocrx_word' id='word_1_646' title='bbox 2153 2918 2320 2996; x_wconf 61' lang='grc' dir='ltr'>μηδεν</span> <span class='ocrx_word' id='word_1_647' title='bbox 2380 2915 2619 2993; x_wconf 78' lang='grc' dir='ltr'>ἔχοντες,</span> <span class='ocrx_word' id='word_1_648' title='bbox 2685 2913 2859 2968; x_wconf 84' lang='grc' dir='ltr'>πάντα</span> <span class='ocrx_word' id='word_1_649' title='bbox 2901 2910 3214 2986; x_wconf 73' lang='grc' dir='ltr'>κατέχουσι.</span> <span class='ocrx_word' id='word_1_650' title='bbox 3280 2908 3378 2964; x_wconf 80' lang='grc' dir='ltr'>Καὶ</span> <span class='ocrx_word' id='word_1_651' title='bbox 3425 2906 3658 2979; x_wconf 82' lang='grc' dir='ltr'>δηλοῦσι</span> <span class='ocrx_word' id='word_1_652' title='bbox 3714 2928 3806 2962; x_wconf 85' lang='grc' dir='ltr'>πε-</span> 
     </span>
    </p>
   </div>
   <div class='ocr_carea' id='block_1_86' title="bbox 2151 2998 3801 3089">
    <p class='ocr_par' dir='ltr' id='par_1_86' title="bbox 2151 2998 3801 3089">
     <span class='ocr_line' id='line_1_92' title="bbox 2151 2998 3801 3089; baseline -0.009 -22"><span class='ocrx_word' id='word_1_653' title='bbox 2151 3010 2387 3089; x_wconf 84' lang='grc' dir='ltr'>ριουσίαν</span> <span class='ocrx_word' id='word_1_654' title='bbox 2441 3006 2696 3075; x_wconf 78' lang='grc' dir='ltr'>τοιαύτην</span> <span class='ocrx_word' id='word_1_655' title='bbox 2760 3002 2823 3058; x_wconf 85' lang='grc' dir='ltr'><strong>ού</strong></span> <span class='ocrx_word' id='word_1_656' title='bbox 2886 3002 3048 3076; x_wconf 88' lang='grc' dir='ltr'>μόνον</span> <span class='ocrx_word' id='word_1_657' title='bbox 3094 3001 3148 3056; x_wconf 68' lang='grc' dir='ltr'>αἱ</span> <span class='ocrx_word' id='word_1_658' title='bbox 3209 2998 3558 3076; x_wconf 81' lang='grc' dir='ltr'>εύαγγελικαὶ</span> <span class='ocrx_word' id='word_1_659' title='bbox 3610 2999 3801 3073; x_wconf 85' lang='grc' dir='ltr'>σπυρί-</span> 
     </span>
    </p>
   </div>
   <div class='ocr_carea' id='block_1_87' title="bbox 2075 3085 3816 3191">
    <p class='ocr_par' dir='ltr' id='par_1_87' title="bbox 2075 3085 3816 3191">
     <span class='ocr_line' id='line_1_93' title="bbox 2075 3085 3816 3191; baseline -0.01 -34"><span class='ocrx_word' id='word_1_660' title='bbox 2075 3126 2118 3191; x_wconf 80' lang='lat' dir='ltr'>C</span> <span class='ocrx_word' id='word_1_661' title='bbox 2155 3099 2264 3174; x_wconf 77' lang='grc' dir='ltr'>δες,</span> <span class='ocrx_word' id='word_1_662' title='bbox 2319 3097 2408 3154; x_wconf 81' lang='grc' dir='ltr'><strong>καὶ</strong></span> <span class='ocrx_word' id='word_1_663' title='bbox 2469 3098 2521 3152; x_wconf 72' lang='grc' dir='ltr'>οἱ</span> <span class='ocrx_word' id='word_1_664' title='bbox 2580 3094 2816 3172; x_wconf 79' lang='grc' dir='ltr'>κόφινοι,</span> <span class='ocrx_word' id='word_1_665' title='bbox 2877 3091 2966 3147; x_wconf 87' lang='grc' dir='ltr'><strong>καὶ</strong></span> <span class='ocrx_word' id='word_1_666' title='bbox 3020 3091 3084 3146; x_wconf 83' lang='grc' dir='ltr'>τὸ</span> <span class='ocrx_word' id='word_1_667' title='bbox 3143 3089 3507 3145; x_wconf 84' lang='grc' dir='ltr'>ἀποστολικὸν</span> <span class='ocrx_word' id='word_1_668' title='bbox 3566 3085 3816 3153; x_wconf 80' lang='grc' dir='ltr'>δίκτυον,</span> 
     </span>
    </p>
   </div>
   <div class='ocr_carea' id='block_1_88' title="bbox 2157 3178 3818 3265">
    <p class='ocr_par' dir='ltr' id='par_1_88' title="bbox 2157 3178 3818 3265">
     <span class='ocr_line' id='line_1_94' title="bbox 2157 3178 3818 3265; baseline -0.008 -20"><span class='ocrx_word' id='word_1_669' title='bbox 2157 3191 2290 3265; x_wconf 80' lang='grc' dir='ltr'>ὅπερ</span> <span class='ocrx_word' id='word_1_670' title='bbox 2350 3185 2632 3260; x_wconf 75' lang='grc' dir='ltr'>ἐμεστώθη</span> <span class='ocrx_word' id='word_1_671' title='bbox 2686 3185 2953 3257; x_wconf 82' lang='grc' dir='ltr'>περιττῶς</span> <span class='ocrx_word' id='word_1_672' title='bbox 2981 3185 3098 3241; x_wconf 82' lang='grc' dir='ltr'>τοῖς</span> <span class='ocrx_word' id='word_1_673' title='bbox 3156 3179 3301 3253; x_wconf 77' lang='grc' dir='ltr'>τρισὶ</span> <span class='ocrx_word' id='word_1_674' title='bbox 3356 3178 3445 3233; x_wconf 88' lang='grc' dir='ltr'><strong>καὶ</strong></span> <span class='ocrx_word' id='word_1_675' title='bbox 3477 3179 3818 3247; x_wconf 75' lang='grc' dir='ltr'>πεντήκοντα</span> 
     </span>
    </p>
   </div>
   <div class='ocr_carea' id='block_1_89' title="bbox 2156 3265 3815 3346">
    <p class='ocr_par' dir='ltr' id='par_1_89' title="bbox 2156 3265 3815 3346">
     <span class='ocr_line' id='line_1_95' title="bbox 2156 3265 3815 3346; baseline -0.009 -12"><span class='ocrx_word' id='word_1_676' title='bbox 2156 3277 2246 3335; x_wconf 80' lang='grc' dir='ltr'><strong>καὶ</strong></span> <span class='ocrx_word' id='word_1_677' title='bbox 2279 3276 2464 3332; x_wconf 68' lang='grc' dir='ltr'>ἑκατὸν</span> <span class='ocrx_word' id='word_1_678' title='bbox 2527 3270 2786 3346; x_wconf 82' lang='grc' dir='ltr'>μεγάλοις</span> <span class='ocrx_word' id='word_1_679' title='bbox 2825 3268 3066 3344; x_wconf 75' lang='grc' dir='ltr'>ἰχθύσιν,</span> <span class='ocrx_word' id='word_1_680' title='bbox 3099 3266 3245 3323; x_wconf 83' lang='grc' dir='ltr'>ἀλλὰ</span> <span class='ocrx_word' id='word_1_681' title='bbox 3300 3267 3390 3322; x_wconf 74' lang='grc' dir='ltr'><strong>καὶ</strong></span> <span class='ocrx_word' id='word_1_682' title='bbox 3421 3267 3486 3321; x_wconf 74' lang='grc' dir='ltr'><strong>τὰ</strong></span> <span class='ocrx_word' id='word_1_683' title='bbox 3515 3267 3641 3321; x_wconf 87' lang='grc' dir='ltr'>καθ’</span> <span class='ocrx_word' id='word_1_684' title='bbox 3673 3265 3815 3320; x_wconf 81' lang='grc' dir='ltr'>ίστο-</span> 
     </span>
    </p>
   </div>
   <div class='ocr_carea' id='block_1_90' title="bbox 2163 3352 3820 3442">
    <p class='ocr_par' dir='ltr' id='par_1_90' title="bbox 2163 3352 3820 3442">
     <span class='ocr_line' id='line_1_96' title="bbox 2163 3352 3820 3442; baseline -0.009 -20"><span class='ocrx_word' id='word_1_685' title='bbox 2163 3368 2276 3442; x_wconf 81' lang='grc' dir='ltr'>ρίαν</span> <span class='ocrx_word' id='word_1_686' title='bbox 2351 3363 2442 3420; x_wconf 88' lang='grc' dir='ltr'><strong>καὶ</strong></span> <span class='ocrx_word' id='word_1_687' title='bbox 2517 3358 2753 3416; x_wconf 79' lang='grc' dir='ltr'>παλαιὰν</span> <span class='ocrx_word' id='word_1_688' title='bbox 2829 3357 2920 3413; x_wconf 83' lang='grc' dir='ltr'>καὶ</span> <span class='ocrx_word' id='word_1_689' title='bbox 2976 3357 3094 3412; x_wconf 70' lang='grc' dir='ltr'>νέαν</span> <span class='ocrx_word' id='word_1_690' title='bbox 3156 3352 3354 3431; x_wconf 80' lang='grc' dir='ltr'>αἶ’φνης</span> <span class='ocrx_word' id='word_1_691' title='bbox 3421 3353 3820 3427; x_wconf 75' lang='grc' dir='ltr'>ἐμπιπλάμενα</span> 
     </span>
    </p>
   </div>
   <div class='ocr_carea' id='block_1_91' title="bbox 2161 3441 3824 3530">
    <p class='ocr_par' dir='ltr' id='par_1_91' title="bbox 2161 3441 3824 3530">
     <span class='ocr_line' id='line_1_97' title="bbox 2161 3441 3824 3530; baseline -0.011 -19"><span class='ocrx_word' id='word_1_692' title='bbox 2161 3441 2328 3530; x_wconf 79' lang='grc' dir='ltr'>ὧρεῖα</span> <span class='ocrx_word' id='word_1_693' title='bbox 2386 3451 2518 3528; x_wconf 82' lang='grc' dir='ltr'>δίχα</span> <span class='ocrx_word' id='word_1_694' title='bbox 2572 3449 2709 3504; x_wconf 90' lang='grc' dir='ltr'>πόνυ</span> <span class='ocrx_word' id='word_1_695' title='bbox 2739 3446 2829 3502; x_wconf 83' lang='grc' dir='ltr'><strong>καὶ</strong></span> <span class='ocrx_word' id='word_1_696' title='bbox 2867 3445 3141 3522; x_wconf 65' lang='grc' dir='ltr'>ἐργασίας,</span> <span class='ocrx_word' id='word_1_697' title='bbox 3191 3444 3280 3500; x_wconf 88' lang='grc' dir='ltr'><strong>καὶ</strong></span> <span class='ocrx_word' id='word_1_698' title='bbox 3328 3447 3364 3514; x_wconf 79' lang='grc' dir='ltr'>ἡ</span> <span class='ocrx_word' id='word_1_699' title='bbox 3412 3447 3509 3498; x_wconf 85' lang='grc' dir='ltr'><strong>τοῦ</strong></span> <span class='ocrx_word' id='word_1_700' title='bbox 3570 3441 3824 3518; x_wconf 80' lang='grc' dir='ltr'>θεραπεύ-</span> 
     </span>
    </p>
   </div>
   <div class='ocr_carea' id='block_1_92' title="bbox 2164 3529 3822 3615">
    <p class='ocr_par' dir='ltr' id='par_1_92' title="bbox 2164 3529 3822 3615">
     <span class='ocr_line' id='line_1_98' title="bbox 2164 3529 3822 3615; baseline -0.009 -16"><span class='ocrx_word' id='word_1_701' title='bbox 2164 3529 2353 3604; x_wconf 85' lang='grc' dir='ltr'>σαντος</span> <span class='ocrx_word' id='word_1_702' title='bbox 2408 3539 2573 3613; x_wconf 86' lang='grc' dir='ltr'>λιμὸν</span> <span class='ocrx_word' id='word_1_703' title='bbox 2632 3537 2918 3615; x_wconf 78' lang='grc' dir='ltr'>προφήτου</span> <span class='ocrx_word' id='word_1_704' title='bbox 2972 3532 3210 3608; x_wconf 84' lang='grc' dir='ltr'>ἀλεύρου</span> <span class='ocrx_word' id='word_1_705' title='bbox 3271 3529 3465 3606; x_wconf 80' lang='grc' dir='ltr'>ὑδρία,</span> <span class='ocrx_word' id='word_1_706' title='bbox 3523 3533 3617 3586; x_wconf 79' lang='grc' dir='ltr'>καὶ</span> <span class='ocrx_word' id='word_1_707' title='bbox 3678 3532 3707 3584; x_wconf 89' lang='lat'><strong>6</strong></span> <span class='ocrx_word' id='word_1_708' title='bbox 3763 3531 3822 3584; x_wconf 85' lang='grc' dir='ltr'>τὸ</span> 
     </span>
    </p>
   </div>
   <div class='ocr_carea' id='block_1_93' title="bbox 2163 3617 3821 3698">
    <p class='ocr_par' dir='ltr' id='par_1_93' title="bbox 2163 3617 3821 3698">
     <span class='ocr_line' id='line_1_99' title="bbox 2163 3617 3821 3698; baseline -0.009 -10"><span class='ocrx_word' id='word_1_709' title='bbox 2163 3631 2345 3688; x_wconf 82' lang='grc' dir='ltr'>ἔλαιον</span> <span class='ocrx_word' id='word_1_710' title='bbox 2407 3623 2670 3688; x_wconf 74' lang='grc' dir='ltr'>ἐκϐλύσας</span> <span class='ocrx_word' id='word_1_711' title='bbox 2724 3622 3018 3698; x_wconf 61' lang='grc' dir='ltr'>ωμψάκης</span> <span class='ocrx_word' id='word_1_712' title='bbox 3080 3622 3156 3684; x_wconf 71' lang='grc' dir='ltr'>εἰς</span> <span class='ocrx_word' id='word_1_713' title='bbox 3218 3621 3456 3677; x_wconf 76' lang='grc' dir='ltr'>ἀὲνναον·</span> <span class='ocrx_word' id='word_1_714' title='bbox 3517 3617 3691 3674; x_wconf 76' lang='grc' dir='ltr'>ἔτιδὲ</span> <span class='ocrx_word' id='word_1_715' title='bbox 3735 3619 3821 3674; x_wconf 75' lang='grc' dir='ltr'><strong>καὶ</strong></span> 
     </span>
    </p>
   </div>
   <div class='ocr_carea' id='block_1_94' title="bbox 2164 3707 3821 3794">
    <p class='ocr_par' dir='ltr' id='par_1_94' title="bbox 2164 3707 3821 3794">
     <span class='ocr_line' id='line_1_100' title="bbox 2164 3707 3821 3794; baseline -0.01 -18"><span class='ocrx_word' id='word_1_716' title='bbox 2164 3721 2231 3776; x_wconf 76' lang='grc' dir='ltr'><strong>τὰ</strong></span> <span class='ocrx_word' id='word_1_717' title='bbox 2289 3719 2454 3794; x_wconf 72' lang='grc' dir='ltr'>μέχρι</span> <span class='ocrx_word' id='word_1_718' title='bbox 2500 3720 2588 3769; x_wconf 85' lang='grc' dir='ltr'><strong>νῦν</strong></span> <span class='ocrx_word' id='word_1_719' title='bbox 2645 3711 2961 3790; x_wconf 81' lang='grc' dir='ltr'>βλεπόμενα</span> <span class='ocrx_word' id='word_1_720' title='bbox 3006 3711 3280 3784; x_wconf 86' lang='grc' dir='ltr'>τεράστια.</span> <span class='ocrx_word' id='word_1_721' title='bbox 3312 3709 3665 3784; x_wconf 83' lang='grc' dir='ltr'>Πεπείρανται</span> <span class='ocrx_word' id='word_1_722' title='bbox 3723 3707 3821 3782; x_wconf 74' lang='grc' dir='ltr'><strong>γὰρ</strong></span> 
     </span>
    </p>
   </div>
   <div class='ocr_carea' id='block_1_95' title="bbox 2164 3793 3821 3880">
    <p class='ocr_par' dir='ltr' id='par_1_95' title="bbox 2164 3793 3821 3880">
     <span class='ocr_line' id='line_1_101' title="bbox 2164 3793 3821 3880; baseline -0.01 -14"><span class='ocrx_word' id='word_1_723' title='bbox 2164 3810 2254 3866; x_wconf 88' lang='grc' dir='ltr'><strong>καὶ</strong></span> <span class='ocrx_word' id='word_1_724' title='bbox 2285 3809 2336 3863; x_wconf 82' lang='grc' dir='ltr'>ἐν</span> <span class='ocrx_word' id='word_1_725' title='bbox 2363 3793 2460 3880; x_wconf 11' lang='grc' dir='ltr'><strong>γίτῇ</strong></span> <span class='ocrx_word' id='word_1_726' title='bbox 2518 3805 2639 3860; x_wconf 87' lang='grc' dir='ltr'>καθ’</span> <span class='ocrx_word' id='word_1_727' title='bbox 2686 3805 2835 3875; x_wconf 78' lang='grc' dir='ltr'>ἡμᾶς</span> <span class='ocrx_word' id='word_1_728' title='bbox 2878 3803 3034 3875; x_wconf 80' lang='grc' dir='ltr'>γενεᾷ</span> <span class='ocrx_word' id='word_1_729' title='bbox 3084 3797 3276 3875; x_wconf 83' lang='grc' dir='ltr'>δοχεῖα</span> <span class='ocrx_word' id='word_1_730' title='bbox 3323 3797 3374 3853; x_wconf 80' lang='grc' dir='ltr'>ἐν</span> <span class='ocrx_word' id='word_1_731' title='bbox 3423 3793 3599 3859; x_wconf 80' lang='grc' dir='ltr'>οἷ’κοις</span> <span class='ocrx_word' id='word_1_732' title='bbox 3645 3808 3821 3873; x_wconf 71' lang='grc' dir='ltr'>θεοφι-</span> 
     </span>
    </p>
   </div>
   <div class='ocr_carea' id='block_1_96' title="bbox 2168 3884 3821 3966">
    <p class='ocr_par' dir='ltr' id='par_1_96' title="bbox 2168 3884 3821 3966">
     <span class='ocr_line' id='line_1_102' title="bbox 2168 3884 3821 3966; baseline -0.01 -12"><span class='ocrx_word' id='word_1_733' title='bbox 2168 3898 2337 3966; x_wconf 77' lang='grc' dir='ltr'>λὲσιν,</span> <span class='ocrx_word' id='word_1_734' title='bbox 2373 3896 2511 3951; x_wconf 71' lang='grc' dir='ltr'>οἶνον</span> <span class='ocrx_word' id='word_1_735' title='bbox 2551 3891 2641 3948; x_wconf 81' lang='grc' dir='ltr'><strong>καὶ</strong></span> <span class='ocrx_word' id='word_1_736' title='bbox 2691 3889 2872 3946; x_wconf 77' lang='grc' dir='ltr'>ἔλαιον</span> <span class='ocrx_word' id='word_1_737' title='bbox 2929 3888 3181 3959; x_wconf 79' lang='grc' dir='ltr'>στὲξαντα</span> <span class='ocrx_word' id='word_1_738' title='bbox 3243 3889 3407 3963; x_wconf 66' lang='grc' dir='ltr'>μέχρι</span> <span class='ocrx_word' id='word_1_739' title='bbox 3465 3884 3688 3942; x_wconf 80' lang='grc' dir='ltr'>πολλοῦ</span> <span class='ocrx_word' id='word_1_740' title='bbox 3743 3886 3821 3946; x_wconf 77' lang='grc' dir='ltr'>εἷς</span> 
     </span>
    </p>
   </div>
   <div class='ocr_carea' id='block_1_97' title="bbox 2169 3974 3822 4059">
    <p class='ocr_par' dir='ltr' id='par_1_97' title="bbox 2169 3974 3822 4059">
     <span class='ocr_line' id='line_1_103' title="bbox 2169 3974 3822 4059; baseline -0.01 -16"><span class='ocrx_word' id='word_1_741' title='bbox 2169 3983 2612 4059; x_wconf 81' lang='grc' dir='ltr'>δυσεξάντλητον,</span> <span class='ocrx_word' id='word_1_742' title='bbox 2645 3982 2726 4042; x_wconf 84' lang='grc' dir='ltr'>οἷς</span> <span class='ocrx_word' id='word_1_743' title='bbox 2777 3975 2901 4034; x_wconf 68' lang='grc' dir='ltr'><strong>οὐδὲ</strong></span> <span class='ocrx_word' id='word_1_744' title='bbox 2948 3979 3009 4047; x_wconf 81' lang='grc' dir='ltr'><strong>ἣν</strong></span> <span class='ocrx_word' id='word_1_745' title='bbox 3080 3977 3140 4031; x_wconf 79' lang='grc' dir='ltr'>’ἀν</span> <span class='ocrx_word' id='word_1_746' title='bbox 3201 3975 3503 4049; x_wconf 74' lang='grc' dir='ltr'>ἐπιΛεῖψαι,</span> <span class='ocrx_word' id='word_1_747' title='bbox 3534 3976 3710 4048; x_wconf 86' lang='grc' dir='ltr'>οἶμαι,</span> <span class='ocrx_word' id='word_1_748' title='bbox 3760 3974 3822 4028; x_wconf 84' lang='grc' dir='ltr'>τὸ</span> 
     </span>
    </p>
   </div>
   <div class='ocr_carea' id='block_1_98' title="bbox 2169 4065 3822 4152">
    <p class='ocr_par' dir='ltr' id='par_1_98' title="bbox 2169 4065 3822 4152">
     <span class='ocr_line' id='line_1_104' title="bbox 2169 4065 3822 4152; baseline -0.01 -19"><span class='ocrx_word' id='word_1_749' title='bbox 2169 4075 2537 4152; x_wconf 80' lang='grc' dir='ltr'>στεγόμενον,</span> <span class='ocrx_word' id='word_1_750' title='bbox 2593 4071 2638 4126; x_wconf 78' lang='grc' dir='ltr'><strong>εἰ</strong></span> <span class='ocrx_word' id='word_1_751' title='bbox 2701 4071 2777 4142; x_wconf 74' lang='grc' dir='ltr'>μὴ</span> <span class='ocrx_word' id='word_1_752' title='bbox 2836 4065 3143 4138; x_wconf 79' lang='grc' dir='ltr'>ἐξελαλεῖτο</span> <span class='ocrx_word' id='word_1_753' title='bbox 3202 4066 3265 4120; x_wconf 82' lang='grc' dir='ltr'>τὸ</span> <span class='ocrx_word' id='word_1_754' title='bbox 3319 4069 3514 4139; x_wconf 85' lang='grc' dir='ltr'>θαῦμα·</span> <span class='ocrx_word' id='word_1_755' title='bbox 3561 4065 3665 4118; x_wconf 85' lang='grc' dir='ltr'><strong>ὑπὸ</strong></span> <span class='ocrx_word' id='word_1_756' title='bbox 3717 4068 3822 4117; x_wconf 79' lang='grc' dir='ltr'><strong>τῶν</strong></span> 
     </span>
    </p>
   </div>
   <div class='ocr_carea' id='block_1_99' title="bbox 2169 4150 3820 4236">
    <p class='ocr_par' dir='ltr' id='par_1_99' title="bbox 2169 4150 3820 4236">
     <span class='ocr_line' id='line_1_105' title="bbox 2169 4150 3820 4236; baseline -0.01 -15"><span class='ocrx_word' id='word_1_757' title='bbox 2169 4150 2585 4236; x_wconf 77' lang='grc' dir='ltr'>ἐξαντλούντων.</span> <span class='ocrx_word' id='word_1_758' title='bbox 2642 4157 2933 4232; x_wconf 75' lang='grc' dir='ltr'>Ἐκφανθὲν</span> <span class='ocrx_word' id='word_1_759' title='bbox 2995 4152 3052 4210; x_wconf 75' lang='grc' dir='ltr'><strong>δὲ</strong></span> <span class='ocrx_word' id='word_1_760' title='bbox 3107 4154 3612 4228; x_wconf 79' lang='grc' dir='ltr'>ἀνθομολογήσεως</span> <span class='ocrx_word' id='word_1_761' title='bbox 3673 4150 3820 4226; x_wconf 84' lang='grc' dir='ltr'>λόγῳ</span> 
     </span>
    </p>
   </div>
   <div class='ocr_carea' id='block_1_100' title="bbox 2166 4238 3822 4327">
    <p class='ocr_par' dir='ltr' id='par_1_100' title="bbox 2166 4238 3822 4327">
     <span class='ocr_line' id='line_1_106' title="bbox 2166 4238 3822 4327; baseline -0.01 -17"><span class='ocrx_word' id='word_1_762' title='bbox 2166 4255 2229 4310; x_wconf 86' lang='grc' dir='ltr'>τὸ</span> <span class='ocrx_word' id='word_1_763' title='bbox 2264 4253 2586 4327; x_wconf 82' lang='grc' dir='ltr'>μυστήριον,</span> <span class='ocrx_word' id='word_1_764' title='bbox 2619 4246 2796 4302; x_wconf 82' lang='grc' dir='ltr'>ούκὲτι</span> <span class='ocrx_word' id='word_1_765' title='bbox 2853 4247 3024 4319; x_wconf 70' lang='grc' dir='ltr'>μένειν</span> <span class='ocrx_word' id='word_1_766' title='bbox 3075 4243 3294 4321; x_wconf 71' lang='grc' dir='ltr'>ἀφείθη,</span> <span class='ocrx_word' id='word_1_767' title='bbox 3356 4241 3504 4298; x_wconf 76' lang='grc' dir='ltr'>ἀλλὰ</span> <span class='ocrx_word' id='word_1_768' title='bbox 3560 4238 3822 4314; x_wconf 71' lang='grc' dir='ltr'>συνεξέλι-</span> 
     </span>
    </p>
   </div>
   <div class='ocr_carea' id='block_1_101' title="bbox 2169 4329 3820 4414">
    <p class='ocr_par' dir='ltr' id='par_1_101' title="bbox 2169 4329 3820 4414">
     <span class='ocr_line' id='line_1_107' title="bbox 2169 4329 3820 4414; baseline -0.01 -15"><span class='ocrx_word' id='word_1_769' title='bbox 2169 4365 2264 4399; x_wconf 83' lang='grc' dir='ltr'><strong>πεν</strong></span> <span class='ocrx_word' id='word_1_770' title='bbox 2298 4343 2326 4396; x_wconf 88' lang='lat'><strong>6</strong></span> <span class='ocrx_word' id='word_1_771' title='bbox 2362 4341 2682 4414; x_wconf 80' lang='grc' dir='ltr'>μυστήριον,</span> <span class='ocrx_word' id='word_1_772' title='bbox 2716 4335 2894 4390; x_wconf 67' lang='grc' dir='ltr'>οὐκέτι</span> <span class='ocrx_word' id='word_1_773' title='bbox 2931 4333 3105 4408; x_wconf 77' lang='grc' dir='ltr'>μὲνειν</span> <span class='ocrx_word' id='word_1_774' title='bbox 3129 4333 3349 4410; x_wconf 76' lang='grc' dir='ltr'>ἀφείθη,</span> <span class='ocrx_word' id='word_1_775' title='bbox 3381 4330 3528 4387; x_wconf 80' lang='grc' dir='ltr'>ἀλλὰ</span> <span class='ocrx_word' id='word_1_776' title='bbox 3557 4329 3820 4404; x_wconf 69' lang='grc' dir='ltr'>συνεξέλι-</span> 
     </span>
    </p>
   </div>
   <div class='ocr_carea' id='block_1_102' title="bbox 2172 4417 3820 4502">
    <p class='ocr_par' dir='ltr' id='par_1_102' title="bbox 2172 4417 3820 4502">
     <span class='ocr_line' id='line_1_108' title="bbox 2172 4417 3820 4502; baseline -0.009 -16"><span class='ocrx_word' id='word_1_777' title='bbox 2172 4453 2265 4486; x_wconf 91' lang='grc' dir='ltr'><strong>πεν</strong></span> <span class='ocrx_word' id='word_1_778' title='bbox 2299 4431 2326 4484; x_wconf 89' lang='lat'><strong>6</strong></span> <span class='ocrx_word' id='word_1_779' title='bbox 2384 4425 2797 4502; x_wconf 80' lang='grc' dir='ltr'>μυστηριασμὸς</span> <span class='ocrx_word' id='word_1_780' title='bbox 2855 4427 2936 4494; x_wconf 75' lang='grc' dir='ltr'>τῷ</span> <span class='ocrx_word' id='word_1_781' title='bbox 2985 4419 3372 4496; x_wconf 75' lang='grc' dir='ltr'>ἐξαγγὲλματι,</span> <span class='ocrx_word' id='word_1_782' title='bbox 3422 4421 3555 4474; x_wconf 82' lang='grc' dir='ltr'>Θεοῦ</span> <span class='ocrx_word' id='word_1_783' title='bbox 3610 4417 3820 4473; x_wconf 74' lang='grc' dir='ltr'>οῗκονο-</span> 
     </span>
    </p>
   </div>
   <div class='ocr_carea' id='block_1_103' title="bbox 2175 4506 3820 4594">
    <p class='ocr_par' dir='ltr' id='par_1_103' title="bbox 2175 4506 3820 4594">
     <span class='ocr_line' id='line_1_109' title="bbox 2175 4506 3820 4594; baseline -0.009 -19"><span class='ocrx_word' id='word_1_784' title='bbox 2175 4523 2447 4594; x_wconf 76' lang='grc' dir='ltr'>μήσαντος</span> <span class='ocrx_word' id='word_1_785' title='bbox 2502 4514 2632 4570; x_wconf 82' lang='grc' dir='ltr'>αὐτό</span> <span class='ocrx_word' id='word_1_786' title='bbox 2689 4512 2770 4568; x_wconf 85' lang='grc' dir='ltr'><strong>ἐπ’</strong></span> <span class='ocrx_word' id='word_1_787' title='bbox 2829 4511 3013 4588; x_wconf 84' lang='grc' dir='ltr'>ἀγαθῷ</span> <span class='ocrx_word' id='word_1_788' title='bbox 3064 4510 3100 4579; x_wconf 74' lang='grc' dir='ltr'><strong>ἢ</strong></span> <span class='ocrx_word' id='word_1_789' title='bbox 3151 4514 3258 4564; x_wconf 83' lang='grc' dir='ltr'>τῶν</span> <span class='ocrx_word' id='word_1_790' title='bbox 3317 4510 3380 4564; x_wconf 82' lang='grc' dir='ltr'>τὸ</span> <span class='ocrx_word' id='word_1_791' title='bbox 3429 4506 3599 4563; x_wconf 87' lang='grc' dir='ltr'>καλὸν</span> <span class='ocrx_word' id='word_1_792' title='bbox 3631 4507 3820 4570; x_wconf 79' lang='grc' dir='ltr'>παθόνο</span> 
     </span>
    </p>
   </div>
   <div class='ocr_carea' id='block_1_104' title="bbox 2169 4592 3820 4677">
    <p class='ocr_par' dir='ltr' id='par_1_104' title="bbox 2169 4592 3820 4677">
     <span class='ocr_line' id='line_1_110' title="bbox 2169 4592 3820 4677; baseline -0.01 -12"><span class='ocrx_word' id='word_1_793' title='bbox 2169 4592 2301 4677; x_wconf 80' lang='grc' dir='ltr'>των,</span> <span class='ocrx_word' id='word_1_794' title='bbox 2356 4607 2391 4675; x_wconf 73' lang='grc' dir='ltr'>ἢ</span> <span class='ocrx_word' id='word_1_795' title='bbox 2443 4609 2551 4660; x_wconf 79' lang='grc' dir='ltr'>τῶν</span> <span class='ocrx_word' id='word_1_796' title='bbox 2617 4601 2940 4676; x_wconf 72' lang='grc' dir='ltr'>μαθόντων*</span> <span class='ocrx_word' id='word_1_797' title='bbox 2999 4598 3145 4660; x_wconf 83' lang='grc' dir='ltr'>είκὸς</span> <span class='ocrx_word' id='word_1_798' title='bbox 3204 4595 3262 4652; x_wconf 73' lang='grc' dir='ltr'><strong>δὶ</strong></span> <span class='ocrx_word' id='word_1_799' title='bbox 3326 4599 3419 4651; x_wconf 83' lang='grc' dir='ltr'><strong>καὶ</strong></span> <span class='ocrx_word' id='word_1_800' title='bbox 3469 4594 3538 4650; x_wconf 88' lang='grc' dir='ltr'>δι’</span> <span class='ocrx_word' id='word_1_801' title='bbox 3595 4592 3820 4672; x_wconf 50' lang='lat' dir='ltr'><strong>due-ors-</strong></span> 
     </span>
    </p>
   </div>
   <div class='ocr_carea' id='block_1_105' title="bbox 2176 4719 2326 4774">
    <p class='ocr_par' dir='ltr' id='par_1_105' title="bbox 2176 4719 2326 4774">
     <span class='ocr_line' id='line_1_111' title="bbox 2176 4719 2326 4774; baseline -0.02 -20"><span class='ocrx_word' id='word_1_802' title='bbox 2176 4719 2326 4774; x_wconf 86' lang='grc' dir='ltr'>ρους.</span> 
     </span>
    </p>
   </div>
   <div class='ocr_carea' id='block_1_106' title="bbox 2245 4772 3821 4857">
    <p class='ocr_par' dir='ltr' id='par_1_106' title="bbox 2245 4772 3821 4857">
     <span class='ocr_line' id='line_1_112' title="bbox 2245 4772 3821 4857; baseline -0.01 -17"><span class='ocrx_word' id='word_1_803' title='bbox 2245 4786 2331 4857; x_wconf 79' lang='grc' dir='ltr'><strong>ξε’.</strong></span> <span class='ocrx_word' id='word_1_804' title='bbox 2371 4785 2494 4841; x_wconf 69' lang='lat' dir='ltr'><strong>&quot;Oti</strong></span> <span class='ocrx_word' id='word_1_805' title='bbox 2527 4783 2585 4836; x_wconf 73' lang='grc' dir='ltr'>δὲ</span> <span class='ocrx_word' id='word_1_806' title='bbox 2613 4780 2703 4835; x_wconf 83' lang='grc' dir='ltr'><strong>καὶ</strong></span> <span class='ocrx_word' id='word_1_807' title='bbox 2734 4780 2796 4833; x_wconf 85' lang='grc' dir='ltr'><strong>τὸ</strong></span> <span class='ocrx_word' id='word_1_808' title='bbox 2839 4784 3062 4841; x_wconf 80' lang='grc' dir='ltr'>κτᾶσθαι</span> <span class='ocrx_word' id='word_1_809' title='bbox 3110 4775 3248 4830; x_wconf 85' lang='grc' dir='ltr'>κατὰ</span> <span class='ocrx_word' id='word_1_810' title='bbox 3296 4773 3458 4850; x_wconf 86' lang='grc' dir='ltr'>λόγον</span> <span class='ocrx_word' id='word_1_811' title='bbox 3510 4773 3692 4848; x_wconf 83' lang='grc' dir='ltr'>ὀρθὸν,</span> <span class='ocrx_word' id='word_1_812' title='bbox 3739 4772 3821 4826; x_wconf 76' lang='grc' dir='ltr'><strong>καὶ</strong></span> 
     </span>
    </p>
   </div>
   <div class='ocr_carea' id='block_1_107' title="bbox 2169 4861 3820 4940">
    <p class='ocr_par' dir='ltr' id='par_1_107' title="bbox 2169 4861 3820 4940">
     <span class='ocr_line' id='line_1_113' title="bbox 2169 4861 3820 4940; baseline -0.01 -10"><span class='ocrx_word' id='word_1_813' title='bbox 2169 4876 2234 4931; x_wconf 87' lang='grc' dir='ltr'>τὸ</span> <span class='ocrx_word' id='word_1_814' title='bbox 2263 4874 2600 4940; x_wconf 71' lang='grc' dir='ltr'>ἐπικτᾶσθαι,</span> <span class='ocrx_word' id='word_1_815' title='bbox 2631 4868 2721 4923; x_wconf 89' lang='grc' dir='ltr'><strong>καὶ</strong></span> <span class='ocrx_word' id='word_1_816' title='bbox 2751 4867 2881 4922; x_wconf 81' lang='grc' dir='ltr'>αὐτὸ</span> <span class='ocrx_word' id='word_1_817' title='bbox 2915 4863 2971 4920; x_wconf 73' lang='grc' dir='ltr'><strong>δὲ</strong></span> <span class='ocrx_word' id='word_1_818' title='bbox 3001 4865 3062 4920; x_wconf 84' lang='grc' dir='ltr'><strong>τὸ</strong></span> <span class='ocrx_word' id='word_1_819' title='bbox 3113 4861 3202 4919; x_wconf 74' lang='grc' dir='ltr'>διὰ</span> <span class='ocrx_word' id='word_1_820' title='bbox 3249 4869 3458 4938; x_wconf 84' lang='grc' dir='ltr'>συχνῆς</span> <span class='ocrx_word' id='word_1_821' title='bbox 3508 4863 3820 4935; x_wconf 73' lang='grc' dir='ltr'>προσθήκης</span> 
     </span>
    </p>
   </div>
   <div class='ocr_carea' id='block_1_108' title="bbox 2177 4949 3821 5038">
    <p class='ocr_par' dir='ltr' id='par_1_108' title="bbox 2177 4949 3821 5038">
     <span class='ocr_line' id='line_1_114' title="bbox 2177 4949 3821 5038; baseline -0.01 -18"><span class='ocrx_word' id='word_1_822' title='bbox 2177 4963 2538 5038; x_wconf 83' lang='grc' dir='ltr'>ὑπερκτᾶσθαι</span> <span class='ocrx_word' id='word_1_823' title='bbox 2573 4957 2634 5013; x_wconf 88' lang='grc' dir='ltr'><strong>ού</strong></span> <span class='ocrx_word' id='word_1_824' title='bbox 2663 4955 2990 5026; x_wconf 86' lang='grc' dir='ltr'>κεκώλυται,</span> <span class='ocrx_word' id='word_1_825' title='bbox 3041 4955 3248 5029; x_wconf 78' lang='grc' dir='ltr'>φθάσας</span> <span class='ocrx_word' id='word_1_826' title='bbox 3310 4953 3405 5026; x_wconf 71' lang='grc' dir='ltr'>μὲν</span> <span class='ocrx_word' id='word_1_827' title='bbox 3451 4952 3538 5007; x_wconf 75' lang='grc' dir='ltr'><strong>καὶ</strong></span> <span class='ocrx_word' id='word_1_828' title='bbox 3591 4953 3619 5006; x_wconf 92' lang='lat'><strong>6</strong></span> <span class='ocrx_word' id='word_1_829' title='bbox 3671 4949 3821 5024; x_wconf 70' lang='grc' dir='ltr'>μέγας</span> 
     </span>
    </p>
   </div>
   <div class='ocr_carea' id='block_1_109' title="bbox 2172 5040 3822 5122">
    <p class='ocr_par' dir='ltr' id='par_1_109' title="bbox 2172 5040 3822 5122">
     <span class='ocr_line' id='line_1_115' title="bbox 2172 5040 3822 5122; baseline -0.012 -11"><span class='ocrx_word' id='word_1_830' title='bbox 2172 5055 2508 5111; x_wconf 86' lang='grc' dir='ltr'>ἐπιστώσατο</span> <span class='ocrx_word' id='word_1_831' title='bbox 2540 5045 2688 5122; x_wconf 75' lang='grc' dir='ltr'>Ἰὼϐ,</span> <span class='ocrx_word' id='word_1_832' title='bbox 2720 5051 2776 5104; x_wconf 80' lang='grc' dir='ltr'><strong>’ὸν</strong></span> <span class='ocrx_word' id='word_1_833' title='bbox 2813 5045 2965 5102; x_wconf 79' lang='grc' dir='ltr'>οὐδὲν</span> <span class='ocrx_word' id='word_1_834' title='bbox 3000 5048 3034 5115; x_wconf 79' lang='grc' dir='ltr'>ἡ</span> <span class='ocrx_word' id='word_1_835' title='bbox 3066 5041 3536 5118; x_wconf 84' lang='grc' dir='ltr'>πολυκτημοσύνη</span> <span class='ocrx_word' id='word_1_836' title='bbox 3592 5040 3822 5097; x_wconf 72' lang='grc' dir='ltr'>ἐκώλυσε</span> 
     </span>
    </p>
   </div>
   <div class='ocr_carea' id='block_1_110' title="bbox 2177 5129 3822 5218">
    <p class='ocr_par' dir='ltr' id='par_1_110' title="bbox 2177 5129 3822 5218">
     <span class='ocr_line' id='line_1_116' title="bbox 2177 5129 3822 5218; baseline -0.01 -20"><span class='ocrx_word' id='word_1_837' title='bbox 2177 5147 2624 5218; x_wconf 84' lang='grc' dir='ltr'>μεμαρτυρῆσθαι</span> <span class='ocrx_word' id='word_1_838' title='bbox 2673 5137 2819 5210; x_wconf 81' lang='grc' dir='ltr'>παρὰ</span> <span class='ocrx_word' id='word_1_839' title='bbox 2864 5140 2962 5190; x_wconf 87' lang='grc' dir='ltr'><strong>τοῦ</strong></span> <span class='ocrx_word' id='word_1_840' title='bbox 3010 5137 3143 5189; x_wconf 90' lang='grc' dir='ltr'>Θεοῦ</span> <span class='ocrx_word' id='word_1_841' title='bbox 3192 5131 3380 5201; x_wconf 77' lang='grc' dir='ltr'>αὐτοῦ,</span> <span class='ocrx_word' id='word_1_842' title='bbox 3439 5131 3573 5206; x_wconf 76' lang='grc' dir='ltr'>ύπὶρ</span> <span class='ocrx_word' id='word_1_843' title='bbox 3633 5129 3822 5188; x_wconf 72' lang='grc' dir='ltr'>πάντας</span> 
     </span>
    </p>
   </div>
   <div class='ocr_carea' id='block_1_111' title="bbox 2169 5218 3819 5304">
    <p class='ocr_par' dir='ltr' id='par_1_111' title="bbox 2169 5218 3819 5304">
     <span class='ocr_line' id='line_1_117' title="bbox 2169 5218 3819 5304; baseline -0.011 -15"><span class='ocrx_word' id='word_1_844' title='bbox 2169 5232 2296 5295; x_wconf 79' lang='grc' dir='ltr'>τοὺς</span> <span class='ocrx_word' id='word_1_845' title='bbox 2327 5230 2450 5286; x_wconf 87' lang='grc' dir='ltr'>τότε</span> <span class='ocrx_word' id='word_1_846' title='bbox 2478 5228 2798 5304; x_wconf 67' lang='grc' dir='ltr'>ἀνθρώπους</span> <span class='ocrx_word' id='word_1_847' title='bbox 2828 5223 3088 5301; x_wconf 75' lang='grc' dir='ltr'>ἐγγύτατα</span> <span class='ocrx_word' id='word_1_848' title='bbox 3117 5222 3445 5296; x_wconf 84' lang='grc' dir='ltr'>παρεστάναι</span> <span class='ocrx_word' id='word_1_849' title='bbox 3477 5219 3643 5292; x_wconf 78' lang='grc' dir='ltr'>αὐτῷ’</span> <span class='ocrx_word' id='word_1_850' title='bbox 3675 5218 3819 5292; x_wconf 73' lang='grc' dir='ltr'>ἐπέρ-</span> 
     </span>
    </p>
   </div>
   <div class='ocr_carea' id='block_1_112' title="bbox 2171 5309 3815 5400">
    <p class='ocr_par' dir='ltr' id='par_1_112' title="bbox 2171 5309 3815 5400">
     <span class='ocr_line' id='line_1_118' title="bbox 2171 5309 3815 5400; baseline -0.01 -23"><span class='ocrx_word' id='word_1_851' title='bbox 2171 5342 2326 5400; x_wconf 84' lang='grc' dir='ltr'>χεται</span> <span class='ocrx_word' id='word_1_852' title='bbox 2361 5317 2417 5374; x_wconf 73' lang='grc' dir='ltr'><strong>δὲ</strong></span> <span class='ocrx_word' id='word_1_853' title='bbox 2452 5340 2546 5393; x_wconf 86' lang='grc' dir='ltr'><strong>μοι</strong></span> <span class='ocrx_word' id='word_1_854' title='bbox 2574 5317 2663 5372; x_wconf 85' lang='grc' dir='ltr'><strong>καὶ</strong></span> <span class='ocrx_word' id='word_1_855' title='bbox 2694 5313 2992 5392; x_wconf 79' lang='grc' dir='ltr'>προσφάτῳ</span> <span class='ocrx_word' id='word_1_856' title='bbox 3019 5311 3128 5368; x_wconf 84' lang='grc' dir='ltr'>τινὶ</span> <span class='ocrx_word' id='word_1_857' title='bbox 3153 5311 3247 5367; x_wconf 87' lang='grc' dir='ltr'><strong>τὸν</strong></span> <span class='ocrx_word' id='word_1_858' title='bbox 3272 5309 3440 5386; x_wconf 87' lang='grc' dir='ltr'>λόγον</span> <span class='ocrx_word' id='word_1_859' title='bbox 3469 5314 3661 5366; x_wconf 86' lang='grc' dir='ltr'>τοῦτον</span> <span class='ocrx_word' id='word_1_860' title='bbox 3695 5309 3815 5363; x_wconf 68' lang='grc' dir='ltr'>ὁποι</span> 
     </span>
    </p>
   </div>
   <div class='ocr_carea' id='block_1_113' title="bbox 2172 5406 2853 5486">
    <p class='ocr_par' dir='ltr' id='par_1_113' title="bbox 2172 5406 2853 5486">
     <span class='ocr_line' id='line_1_119' title="bbox 2172 5406 2853 5486; baseline -0.01 -19"><span class='ocrx_word' id='word_1_861' title='bbox 2172 5410 2426 5486; x_wconf 78' lang='grc' dir='ltr'>δείγματι</span> <span class='ocrx_word' id='word_1_862' title='bbox 2457 5406 2853 5469; x_wconf 87' lang='grc' dir='ltr'>πιστώσασθαι.</span> 
     </span>
    </p>
   </div>
  </div>
