2052 3105
117 19 210 40 τπ-τλ

139 200 195 232 ’188

649 201 700 231 DE
721 200 968 232 EMENDANDA
990 200 1084 231 VITA
1106 199 1345 232 MONACBICA.

1787 200 1848 233 786

172 268 216 303 εξ.
242 268 412 303 Μεμνήμεθα
435 269 483 294 τοῦ
517 267 544 294 ἐν
569 267 680 305 ἀγαθοῖς
711 267 850 305 βασιλεῦσι
883 277 955 305 πιρι-

1053 269 1098 295 66.
1115 268 1299 296 Meminimus
1323 267 1465 296 Manuelis
1489 267 1565 294 inter
1587 266 1714 301 optimos
1734 267 1827 302 princi

140 311 238 339 κλύτου
267 311 400 346 Μανουήλ
418 320 423 327 ’
441 310 553 348 οἴδαμεν
583 312 626 339 καὶ
655 312 687 339 τὸ
716 311 964 349 μεγαλοπολιτικὸν

139 355 330 394 Προδρομικὸν
359 359 493 393 σεμνεῖον,
509 357 559 391 τὴν
586 356 695 394 πέτραν,
713 356 738 392 ἐξ
754 358 786 391 ἧς
818 355 965 394 ψαλμικῶς

140 400 180 428 καὶ
221 399 306 427 ὕδατα
346 399 500 438 ῥυΐσκονται
540 402 662 439 σωτήρια
692 404 750 432 τοῖς
780 400 963 439 εὐαηελικῶς

138 445 218 472 πίνειν
244 444 380 477 ἐθέλουσι·
408 445 453 473 καὶ
481 445 543 482 μέλι
569 444 597 473 δὲ
619 445 782 481 θηλάζουσιν
813 446 838 473 οἱ
862 445 892 473 ἐκ
918 456 963 472 πι-

136 489 210 528 κρίας
234 489 369 527 βιωτικῆς
398 490 467 527 αὖτῇ
492 489 677 524 πελάζοντεςο
702 490 739 522 εἷς
768 491 799 525 ἣν
827 491 853 518 οἱ
881 500 962 517 κατα-

136 534 275 572 φεύγοντες
292 533 400 572 λαγωοὶ
416 533 525 566 λέοντες
550 537 609 566 τοῖς
637 533 830 571 δαιμονιώδεσι
855 534 962 572 θηρίοις

134 575 313 607 ἐκϐαίνουσιν.
343 579 463 609 Ἐκεῖνος
500 577 533 613 δὴ
564 579 578 606 6
618 579 783 617 μακαριστὸς
823 577 959 616 βασιλεὺς,

134 622 239 660 μυρίαις
272 622 546 661 περιεστοιχισμὲνος
577 623 726 662 φροντίσιν,
751 625 795 654 αἷς
831 624 866 651 τὰ
893 623 961 651 κατὰ

132 666 230 703 κόσμον
263 667 336 704 μέγα
366 666 628 704 διοικονομούμενος
658 667 861 706 παρεκρούετο,
887 666 958 695 ἔστιν

134 711 162 738 οὗ
176 711 245 749 ταχὺ
274 712 321 739 καὶ
344 714 397 739 τῶν
428 711 618 750 σμικροτάτων
646 711 831 749 ἐπιμέλεσθαι,
856 711 959 739 ἀναλα-

133 751 243 790 ϐόμενός
267 765 337 782 ποτε
363 754 403 786 εἰς
429 757 491 783 νοῦν
521 756 590 794 ἀωρὶ
618 756 715 787 νυκτὸς
747 756 833 794 γάμον
865 756 956 794 εὐγενῆ

132 798 267 837 ἐξαρτύσαι
293 798 370 836 (οὖδὶ
400 799 452 838 γὰρ
477 798 540 827 οὐδὲ
576 799 669 831 νύκτες
697 801 828 828 ἀνέπαυον
854 800 957 828 ἐκεῖνον

132 841 299 881 ἐγρηγορότα
327 844 391 881 ὑπὲρ
414 846 463 871 τοῦ
487 845 603 881 κόσμου,
628 845 673 873 καὶ
702 846 874 883 γυμνάζοντα
897 845 958 872 ἐαυ-

131 887 172 915 τὸν
200 890 301 924 μικροῦ
331 888 377 916 καὶ
407 888 447 920 εἷς
485 888 607 925 ἄϋπνον),
638 889 758 917 ἐκὲλευσι
795 889 956 924 τελεσθῆναι

130 931 172 959 τὸν
194 931 293 984 vaiqu.
316 933 367 960 Ἦν
392 931 422 984 δὶ
443 932 528 984 τόπος
550 936 590 984 τῷ
609 934 691 971 γάμῳ
705 933 802 984 .τὸ.ἐν
826 933 956 984 ’Βλαχέρ-
973 952 996 984 Β

130 986 184 1007 ναις
206 976 356 1013 παλάτιον,
377 977 460 1014 οὗπερ
487 977 536 1005 οὐκ
559 977 598 1009 εἷς
626 979 731 1016 μακρὰν
754 979 772 1013 ἡ
797 978 885 1016 Πίτρα
913 977 956 1006 δι-

130 1019 241 1047 ίσταται·
257 1020 356 1057 καιρὸς
380 1019 408 1048 δὲ
433 1022 450 1055 ἡ
475 1024 525 1056 τῆς
553 1020 675 1059 μεγάλης
701 1021 825 1057 νηστείας
839 1020 956 1058 πρόδρο-

132 1074 177 1099 μος
196 1064 363 1104 τυροφάγος.
385 1066 430 1096 Ὦς
454 1064 483 1093 δὶ
505 1066 531 1093 οἱ
555 1065 600 1094 ἐπὶ
628 1069 678 1101 τῆς
708 1065 849 1104 θεραπείας
878 1065 956 1094 ἐθαύ-

131 1119 221 1145 μασαν,
251 1109 275 1136 εἰ
304 1108 333 1136 ἐν
362 1109 419 1147 ὥρᾳ
446 1109 559 1148 τοιαύτῃ
589 1109 778 1139 ἐπιτάσσονται
817 1111 956 1149 πράγματι

132 1151 246 1190 δεομένῳ
271 1151 374 1191 τριϐῆς
402 1157 498 1192 καιροῦ
528 1155 641 1191 ἱκανῆς,
669 1155 714 1183 καὶ
751 1155 882 1183 ἐπύθοντο
909 1158 957 1183 τοῦ

132 1196 374 1236 ἐπιστημονάρχου
401 1198 546 1237 βασιλέως,
560 1202 618 1231 πῶς
643 1211 708 1227 ποτε
734 1200 786 1238 ἄρα
807 1200 851 1227 καὶ
867 1200 957 1236 ἐξανύ-

133 1251 203 1269 σουσι
229 1243 259 1269 τὸ
289 1242 441 1281 ἐπίταγμα,
458 1243 503 1271 ὅτε
532 1243 647 1281 οὐδεμία
669 1244 807 1282 γαμήλιος
836 1245 959 1283 χορηγία

106 1321 114 1327 κ
134 1285 278 1322 ὁπόκιιται,
294 1286 340 1315 ὅτι
365 1288 403 1324 μή
434 1288 517 1325 μόνον
546 1289 580 1316 τὰ
602 1293 653 1323 τῆς
680 1288 852 1326 εὐλογήσιως
866 1289 958 1317 ‘51s?-

132 1340 173 1362 νος
194 1331 374 1367 ὢαπολήσας
410 1332 449 1364 είς
477 1335 538 1360 νοῦν
577 1333 721 1371 ἀγχινοίας
747 1333 835 1371 λόγῳ,
858 1333 903 1361 καὶ
933 1333 959 1361 ἐν

133 1373 278 1422 ἀδιαστάτῳ
300 1421 305 1422 7
326 1377 418 1414 χρόνῳ
551 1377 653 1415 Πέτραν
680 1377 866 1422 αένθυμηθεὶς,
895 1376 957 1422 ἔφη’

132 1417 224 1451 ἐκεῖθεν
239 1421 402 1457 γενήσεσθαι
432 1419 462 1448 ἂν
478 1421 509 1449 τὸ
524 1423 575 1449 πᾶν
599 1424 648 1449 τοῦ
679 1420 770 1459 ἔργου.
799 1422 850 1450 Καὶ
881 1417 958 1454 εὐθὺς

132 1461 247 1499 ἐπιτάξας
277 1463 423 1500 ἐξέστειλι.
451 1465 502 1493 Καὶ
540 1466 566 1493 οἱ
604 1464 746 1493 δουλευταὶ
784 1464 957 1504 ταχυδρόμοι

131 1507 219 1535 αὐτίκα
246 1507 292 1536 ἐπὶ
323 1509 372 1544 τὴν
402 1508 504 1548 Πέτραν
523 1518 529 1526 ’
561 1510 606 1538 καὶ
631 1509 778 1538 ἐκόπτοντο
815 1511 842 1538 αἱ
872 1510 959 1539 πῦλαι

132 1553 300 1589 θερμότερον,
317 1553 353 1585 ὡς
382 1553 432 1581 οὐκ
458 1553 488 1581 ἃν
519 1554 585 1581 εἶναι
615 1553 706 1582 δολεῖν
730 1556 760 1583 τὸ
775 1557 886 1593 κροῦμα
914 1555 954 1583 εὐ-

133 1595 279 1626 παίδευτον.
315 1598 364 1625 Καὶ
390 1597 424 1632 ἦν
455 1597 526 1626 οὕτω
553 1596 678 1637 θόρυϐος.
709 1599 757 1627 Καὶ
787 1600 801 1627 6
832 1601 953 1638 θυοωρὸς

135 1638 323 1679 εὐλαϐέστερον
358 1642 481 1679 σκώψας,
506 1642 562 1670 εἶτα
587 1644 618 1670 τὸ
645 1642 731 1671 αἶ’τιον
755 1646 804 1671 τοῦ
832 1645 954 1682 ταράχου

134 1685 229 1720 μαθὼν,
254 1686 412 1724 ἀνατρέχει,
441 1686 486 1714 καὶ
519 1689 559 1723 τῷ
587 1690 738 1724 προεστῶτι
770 1687 898 1725 ἀγγέλλει
922 1689 953 1716 τὸ

132 1729 269 1765 συμπεσόν.
309 1731 362 1758 Καὶ
398 1730 497 1762 ἐκεῖνος
533 1731 671 1762 ἀσπασίως
710 1732 846 1760 ἐπιτάσσει
884 1732 954 1760 ἀπο-

132 1772 281 1808 τελεσθῆναι
308 1774 340 1802 τὸ
369 1774 465 1812 ἀρέσαν
492 1776 526 1812 τῇ
555 1775 689 1813 βασιλείᾳ.
707 1776 755 1803 Καὶ
786 1776 843 1813 ἅμα
871 1777 954 1814 λόγος

132 1816 285 1855 οὗτος,ἅμα
316 1817 396 1857 ἔργον
426 1819 673 1856 ἐκεῖνο·”Ετοιμος
703 1819 783 1857 ἄρτος
812 1824 953 1852 παντοῖος*

132 1860 144 1887 ὁ
169 1859 243 1897 δίκην
273 1864 363 1902 ἀφροῦ
394 1864 438 1891 καὶ
481 1864 596 1900 σομφὸς,
637 1863 820 1902 ὑπὲρλευκος·
851 1865 865 1892 6
896 1875 945 1902 μετ

131 1903 221 1933 ἐκεῖνον
242 1905 306 1935 οὔτε
329 1910 465 1942 τοιοῦτος,
492 1907 565 1936 ἀλλὰ
588 1908 633 1936 καὶ
659 1908 764 1941 ναστός.
780 1910 812 1936 Ἣ
841 1909 953 1937 πολυει-

132 1946 175 1993 δὴς
205 1951 284 1986 μάζα.
317 1952 397 1983 Οἶνος
424 1951 585 1990 πρόχειρος,
618 1952 648 1979 οὐ
679 1952 760 1989 μόνον
789 1954 802 1980 ὁ
832 1954 953 1993 στύφων,

131 1992 195 2021 ἀλλὰ
217 1997 261 2022 καὶ
292 1996 308 2023 6
330 1995 485 2034 γλυκάζων.
515 1997 547 2024 Ἦ
576 2000 820 2035 παραμεμενηκυῖα
846 1998 953 2036 ὀπώρα·

131 2036 159 2065 Ἦ
174 2038 259 2075 ἁλμὰς
284 2039 375 2069 ἐλαία.
390 2041 477 2079 Τυρὸς
506 2040 636 2078 δαψιλής.
655 2042 759 2080 Ἰχθύες
783 2043 952 2081 ταριχευτοΓ

131 2082 193 2113 τινὶς
217 2082 244 2111 δὲ
272 2085 318 2112 καῖ
347 2085 377 2113 ἐκ
408 2087 566 2125 προσφάτου
605 2085 761 2121 ἁλίπαστοι,
789 2086 893 2115 πολλοὶ
924 2087 953 2116 δὲ

132 2126 170 2152 καὶ
184 2126 289 2162 ὀξωτοί.
306 2128 364 2158 Οὐκ
384 2128 507 2157 ἐνέλιπον
533 2128 562 2157 at
591 2129 654 2157 οὗδὶ
676 2130 716 2157 ὠὰ
745 2130 849 2168 ἰχθύων
876 2142 952 2160 τετα-

132 2172 280 2208 ριχευμένα·
312 2173 391 2211 γένος
419 2174 488 2201 αὑτὰ
512 2174 649 2212 ἑκάτερον,
666 2174 715 2202 ὅσα
743 2186 772 2203 τε
801 2176 840 2207 εἰς
868 2174 953 2203 δυάδα

131 2213 254 2253 πλακώδη
280 2218 456 2256 παράκεινται
489 2219 697 2257 παραυγάζοντα
726 2219 764 2250 εἰς
790 2219 951 2258 ὑπέρυθρον,

131 2258 170 2285 καὶ
196 2261 244 2289 ὅσα
268 2261 314 2290 ἐπὶ
339 2262 462 2301 ἀῤῥίχων
486 2263 589 2300 μὲλανα
603 2264 729 2302 κέχυνται
759 2263 895 2302 σωρηὲόν·
914 2266 950 2292 ὧν

1019 321 1070 348 pes
1085 313 1237 349 conspicui
1252 313 1290 349 (6]
1305 322 1311 346 ;
1325 312 1461 340 novimus
1476 311 1565 339 etiam
1578 311 1712 339 Prodomi
1743 320 1845 340 mons-

1019 358 1141 385 sterium
1153 357 1183 385 in
1200 358 1271 385 urbe
1283 365 1401 393 magna,
1414 359 1537 392 petram,
1552 364 1567 383 e
1583 364 1641 392 qua
1666 364 1743 392 aqua
1769 356 1848 392 psal-

1019 402 1122 437 mistie,
1148 402 1286 430 salutaris
1315 401 1504 437 cupientibus
1540 400 1705 436 evangelice
1735 400 1844 436 bibere,

1016 447 1120 481 efﬂuit;
1133 447 1209 475 unde
1220 446 1282 474 mel
1298 448 1410 482 sugunt
1424 446 1475 482 qui
1491 453 1556 473 eam
1573 453 1607 473 ex
1623 453 1722 473 amaro
1738 446 1844 474 saeculo

1016 491 1215 527 propinquant
1232 499 1238 525 ;
1255 491 1285 518 in
1302 499 1390 525 quam
1406 490 1609 526 confugientes
1637 490 1751 525 lepores
1768 490 1845 519 fiunt

1016 534 1114 563 leones
1129 534 1197 562 feris
1212 534 1368 562 diabolieis
1382 534 1538 562 terribiles.
1568 534 1621 561 Hio
1636 541 1704 570 ergo
1736 534 1841 562 beatus

1015 587 1076 613 rex,
1092 579 1173 607 mille
1188 579 1267 607 curis
1282 579 1417 614 stipatus;
1429 578 1538 614 quibus
1554 585 1600 606 res
1616 585 1723 613 magna
1738 578 1843 606 mundi

1015 623 1228 651 administrans
1242 623 1637 657 insaniebat,nonnunquam
1647 622 1682 649 de
1698 622 1839 650 minimis.

1014 668 1103 696 etiam
1118 666 1423 702 curabat;aliquundo,
1441 666 1513 694 hora
1527 666 1621 694 noctis
1645 665 1772 700 insolila,
1793 675 1841 695 co-

1013 713 1086 749 gitat
1097 712 1209 740 nobiles
1236 712 1354 747 nuptias
1383 711 1523 747 perlicere
1551 711 1615 746 (nec
1638 710 1717 738 enim
1738 713 1839 739 noctes

1014 757 1084 792 ipsas
1094 765 1162 784 eum
1179 757 1214 784 de
1232 757 1341 783 mundo
1353 755 1566 791 vigilantennet
1581 756 1710 791 seipsum
1732 755 1845 791 agitan-

1012 803 1071 830 tem
1100 801 1315 836 aliquantulum
1347 809 1381 827 ne
1411 800 1559 832 dormiret,
1587 800 1735 835 quiescere
1761 800 1842 828 sine-

1013 846 1104 881 bant),
1121 848 1148 873 et
1162 845 1243 881 iubet
1259 844 1407 872 celebrari.
1425 845 1492 871 Erat
1509 844 1588 871 locus
1606 845 1777 879 nuptiarum
1811 845 1839 872 in

1013 889 1193 924 Blachernis,
1210 890 1348 925 aquibus
1366 891 1449 916 Petra
1466 898 1523 916 non
1536 889 1619 924 longe
1636 889 1744 922 distat;
1764 891 1839 916 tem-

1012 943 1067 971 pus
1082 937 1180 963 autem
1208 934 1324 961 initium
1352 934 1449 968 magni
1476 934 1594 968 jejunii,
1615 934 1732 968 quando
1762 933 1839 961 casei

1011 980 1224 1008 sduntur.Cum
1241 980 1336 1005 autem
1356 978 1455 1004 famuli
1480 978 1667 1009 mirarentur,
1708 978 1765 1005 sibi
1786 977 1838 1005 tali

1010 1026 1142 1059 tempore
1157 1031 1231 1059 opus
1248 1022 1384 1057 imperari
1402 1023 1477 1057 quod
1497 1021 1648 1048 intervallo
1666 1022 1738 1049 satis
1750 1022 1836 1057 longe

1011 1068 1169 1104 indigebat,
1187 1069 1216 1095 et
1231 1074 1297 1094 cum
1314 1076 1330 1093 ιι
1346 1075 1411 1101 rege
1428 1066 1553 1101 sapienti
1569 1068 1731 1101 quaererent
1760 1075 1837 1101 quo-

1012 1113 1099 1140 modo
1110 1112 1197 1148 jussa
1211 1112 1446 1147 implerent,cnm
1456 1111 1527 1137 nihil
1540 1113 1617 1138 esset
1630 1111 1741 1146 nuptiis
1749 1110 1837 1146 regiis

1013 1159 1148 1193 paratum
1163 1156 1221 1184 nisi
1236 1157 1323 1183 verba
1335 1155 1618 1187 benedictionis;ista
1628 1155 1725 1182 animo
1742 1155 1838 1182 medi~

1012 1204 1093 1229 tatus
1104 1203 1137 1229 ut
1150 1200 1194 1228 vir
1210 1202 1350 1236 prudens,
1363 1202 1391 1227 et
1404 1200 1517 1226 Petram
1532 1199 1677 1234 extemplo
1694 1200 1836 1235 cogitans,

1013 1246 1084 1274 dicit
1093 1244 1197 1273 exinde
1210 1245 1386 1272 trahendum
1404 1252 1467 1271 esse
1485 1253 1570 1271 omne
1587 1252 1671 1279 opus.
1689 1246 1723 1270 Et
1739 1244 1838 1271 statim

1014 1290 1128 1326 aliquos
1143 1289 1296 1325 delegavit.
1315 1289 1407 1323 Igitur
1425 1288 1524 1315 famuli
1541 1289 1575 1315 ad
1608 1291 1720 1315 Petram
1737 1288 1838 1316 statim

1013 1334 1317 1369 ooncurrere,januas
1347 1333 1482 1359 ardenter
1511 1333 1691 1368 propulsare,
1718 1335 1750 1360 ut
1773 1333 1837 1368 jam

1014 1387 1072 1407 non
1081 1379 1229 1406 videretur
1239 1378 1391 1404 hominum
1406 1378 1605 1404 modestorum
1617 1377 1840 1413 strepitus.Erat

1014 1423 1100 1460 plane
1115 1423 1365 1451 tumultus.Caute
1381 1422 1649 1456 objurgatjanitor,
1666 1425 1703 1457 et,
1721 1421 1838 1457 cognita

1014 1476 1104 1496 causa
1111 1466 1394 1500 tumultus,recurrit
1405 1475 1468 1493 eam
1479 1467 1611 1501 przefecto
1623 1466 1837 1498 relaturusQui

1014 1512 1228 1548 oomiterjubet
1243 1511 1357 1547 impleri
1375 1511 1513 1546 placitum
1528 1511 1651 1547 regium.
1670 1512 1760 1543 Quem
1777 1519 1839 1538 ser-

1013 1564 1131 1586 monem
1147 1557 1266 1584 eﬂ‘ectus
1279 1556 1384 1583 iterum
1401 1555 1727 1590 consequiturParatur
1752 1555 1837 1591 panis

1014 1601 1109 1630 omnis
1135 1600 1260 1637 generis,
1281 1608 1398 1635 ezymus
1415 1602 1442 1627 et
1473 1600 1675 1633 fermentatus,
1701 1600 1836 1628 albedins

1011 1646 1167 1682 egregius;
1184 1645 1234 1680 qui
1260 1648 1359 1680 postea
1380 1644 1538 1679 apponitur
1554 1653 1610 1671 non
1641 1646 1685 1671 est
1714 1644 1833 1678 similis,

1009 1691 1061 1719 sed
1077 1697 1272 1726 compressus.
1291 1689 1465 1715 Muttitornis
1483 1688 1625 1724 placenta.
1657 1689 1762 1716 Vinum
1789 1690 1835 1716 est

1009 1735 1045 1763 ad
1061 1742 1193 1769 manum,
1210 1742 1267 1760 non
1287 1734 1371 1760 modo
1389 1734 1530 1767 acre,~sed
1547 1736 1575 1760 et
1599 1733 1693 1760 dulce.
1709 1734 1832 1761 Fructus

1009 1779 1119 1816 optime
1147 1779 1319 1806 conservati.
1350 1778 1443 1805 Maria
1458 1786 1491 1804 ex
1529 1777 1601 1810 oleo,
1633 1778 1709 1804 casei
1750 1778 1832 1813 varii,

1009 1823 1102 1860 pisces
1115 1822 1176 1851 sole
1191 1822 1311 1856 conditi,
1329 1821 1447 1857 quidem
1465 1824 1603 1854 recentes,
1615 1821 1724 1856 plures
1740 1824 1835 1851 aceto.

1008 1868 1066 1896 Nec
1081 1867 1202 1895 deerant
1217 1874 1270 1894 ova
1284 1866 1409 1901 piscium
1439 1868 1613 1901 congregata
1630 1875 1636 1893 :
1659 1866 1781 1893 totidem
1798 1874 1832 1894 ex

1008 1914 1132 1947 utroque
1146 1919 1251 1947 genere
1267 1913 1328 1937 :tot
1342 1919 1430 1945 super
1446 1911 1518 1937 duos
1533 1910 1645 1937 cotillos
1667 1911 1752 1945 quasi
1781 1919 1832 1938 ru-

1007 1956 1157 1984 besoentla
1171 1958 1378 1991 opponuntur:
1398 1957 1439 1982 tot
1455 1963 1542 1990 super
1570 1954 1715 1982 canistros
1746 1955 1831 1991 nigra

1006 2000 1307 2029 coacervanturzhauc
1324 1999 1412 2026 allata
1441 2002 1509 2026 sunt
1531 2008 1565 2026 ex
1594 2002 1693 2027 austro
1720 2000 1755 2026 ad
1773 1999 1831 2028 alia

1006 2046 1082 2079 loca,
1097 2047 1126 2073 et
1140 2045 1176 2072 ad
1191 2045 1346 2072 Euximum
1364 2045 1470 2071 Tanais
1484 2044 1658 2071 attulit.lsts
1673 2044 1772 2072 omnia
1790 2044 1830 2073 si-

1009 2089 1070 2118 mul
1086 2089 1206 2117 collecta
1221 2092 1301 2123 sunt,
1318 2091 1345 2115 et
1363 2089 1502 2123 imposita
1531 2088 1620 2115 mulis
1651 2091 1735 2123 atque
1765 2089 1831 2116 aliis

1008 2134 1149 2162 armentis
1166 2133 1291 2161 abducta
1307 2135 1384 2160 sunt.
1417 2133 1528 2164 Quibus
1554 2135 1621 2160 ante
1637 2134 1737 2161 oculos
1753 2134 1831 2169 regis

1007 2178 1158 2215 expositis,
1173 2177 1222 2205 ille
1238 2178 1366 2205 fanstum
1384 2180 1530 2212 stuporem
1543 2178 1685 2212 concepit,
1698 2180 1726 2205 et
1741 2178 1832 2205 mira-

1006 2225 1056 2251 tus
1069 2224 1123 2257 est;
1140 2230 1316 2258 omnemque
1333 2225 1505 2257 apparatum
1524 2222 1630 2257 nuptis:
1644 2222 1829 2251 invenerunt.

1007 2267 1117 2295 Exinde
1132 2269 1251 2295 curatus
1267 2270 1310 2294 est
1322 2267 1375 2294 iste
1392 2275 1441 2293 rex
1471 2266 1695 2301 potentissimus
1712 2268 1740 2293 et
1768 2268 1828 2294 Rex

133 2305 247 2353 χορηγὸς
262 2306 369 2353 ἐκιτῶν
396 2307 511 2353 βορείων
532 2308 605 2353 πρὸς
623 2307 720 2339 ἄλλοις
743 2309 840 2341 τόποις
866 2309 911 2337 καὶ
937 2310 950 2337 6

1010 2320 1108 2348 regum
1118 2311 1379 2347 Dousgloriﬁcatus
1392 2314 1444 2338 est.
1452 2311 1513 2345 Ipse
1523 2313 1643 2338 sanctus
1652 2311 1830 2338 Prodromus

135 2347 168 2380 εἲς
187 2350 231 2377 τὸν
256 2350 380 2387 Εὔξεινον
406 2349 548 2380 ἐκϐάλλων
568 2352 677 2384 Τάναῖς.
694 2354 841 2391 Ἤθροιστο
866 2356 950 2382 ταῦτα

136 2391 208 2436 ἦμοῦ·
220 2396 264 2422 καὶ
288 2395 477 2436 ἀναληφθέντα
500 2396 544 2425 ἐπί
568 2407 598 2425 τι
621 2398 746 2433 ἡμιόνων
774 2398 819 2425 καὶ
848 2397 950 2426 λοιποῦ

138 2435 318 2481 βας-τάγματος
346 2441 472 2479 ἀπήχση.
488 2441 541 2469 Καὶ
571 2441 610 2473 sic
633 2442 694 2479 ὄψιν
711 2442 824 2470 πεσόντα
852 2446 875 2480 ᾦ
901 2443 948 2481 βα-

137 2479 211 2525 σιλεῖ,
238 2483 331 2522 ἐκείνῳ
352 2485 399 2522 μὶν
431 2485 637 2523 ἐνεθησαύρισαν
668 2487 758 2523 θαῦμα
787 2479 949 2525 εὐλογητὸν,

136 2523 175 2551 καὶ
198 2526 391 2565 ἠγαλλιάσατοι
407 2531 447 2566 τῷ
469 2527 498 2557 δὲ
519 2529 602 2567 γάμῳ
626 2529 800 2567 ἐχορήγησαν
830 2523 898 2558 ἅπαν
919 2531 950 2558 τὸ

135 2568 300 2613 γρόσφορον.
331 2574 466 2602 Ἐντεῦθεν
503 2572 668 2611 ἐθεραπεύθη
701 2574 715 2601 6
755 2574 837 2613 μέγας
876 2575 950 2613 βασι-

136 2609 192 2646 λιῦς
226 2615 334 2652 ἐκεῖνος,
359 2618 404 2645 καὶ
443 2609 570 2654 ἐδοξάσθη
606 2619 620 2646 ὁ
649 2609 838 2654 παμϐασιλεὺς
874 2609 949 2650 θεός·

136 2657 301 2702 οζδνιδοξάσθη
326 2662 371 2690 καὶ
405 2663 419 2690 ὁ
443 2662 593 2701 ἀγιώτατος
623 2661 795 2700 Πρόδρομος,
822 2662 950 2702 φιλήσας,

138 2698 218 2740 ὥσπιρ
245 2705 293 2741 τήν
319 2706 489 2743 παλαιτάτην
518 2706 659 2745 γύμνωσιν
684 2707 778 2744 αὐτοῦ,
807 2707 878 2736 οὕτω
906 2708 951 2736 καὶ

1004 2356 1169 2384 celebratus
1185 2355 1248 2389 fuit,
1262 2356 1311 2390 qui
1323 2355 1399 2382 sicut
1415 2354 1496 2390 prius
1513 2363 1597 2381 suam
1628 2354 1827 2389 exiguitatem,

1004 2400 1047 2428 sic
1062 2401 1163 2436 postea
1190 2399 1369 2427 Prodromici
1407 2399 1576 2426 monasterii
1615 2399 1827 2427 incrementum

1005 2443 1229 2473 dileveratlluic
1246 2444 1377 2471 addenda
1394 2446 1455 2470 erat
1471 2444 1549 2478 regis.
1565 2444 1827 2480 remuneratio,pro

1005 2488 1156 2525 acquisitis
1169 2488 1342 2516 boniszetea
1373 2489 1484 2514 fructus
1512 2491 1573 2515 erat
1610 2488 1827 2524 benevolentiae,

1004 2536 1034 2563 et
1046 2533 1147 2570 iudicii
1162 2532 1463 2569 spiritualis.pretium
1491 2541 1541 2568 pro
1566 2533 1652 2560 rebus
1668 2533 1829 2566 exhaustis,

1005 2579 1029 2607 si
1046 2586 1102 2605 non
1120 2577 1154 2605 ad
1168 2577 1428 2613 pauperessnitnin
1456 2578 1489 2603 (ul
1505 2578 1589 2603 ali-mn
1623 2578 1826 2605 necessitatem

1005 2624 1034 2651 et
1049 2622 1180 2650 divinum
1196 2621 1337 2658 placitum
1354 2622 1509 2656 eroganda.
1531 2622 1630 2648 Vidisti
1642 2631 1709 2658 ergo
1726 2631 1830 2650 novam

1006 2666 1369 2702 acquisitionem,eamque
1393 2665 1470 2692 intra
1495 2667 1718 2702 monasterium,
1736 2667 1831 2702 magis

1007 2710 1127 2748 dignam
1143 2710 1291 2739 laudibus.
1322 2709 1541 2744 Acquirendum
1566 2718 1645 2745 ergo,
1667 2713 1694 2738 et
1722 2711 1830 2739 iterum

167 2813 326 2880 ίξέἳυυιιυθι
340 2821 517 2855 Comnenus,
534 2820 586 2885 qui
602 2828 678 2849 anno
695 2821 763 2850 1147
776 2821 846 2851 1100
861 2821 955 2851 Gmoc

225 2860 244 2882 ο.
257 2857 358 2885 nostra
372 2855 525 2885 Eustathio
553 2856 689 2885 sudatur.

1010 2830 1029 2852 n
1043 2822 1202 2860 imperium
1218 2822 1357 2857 obtinuit,
1373 2822 1408 2851 ab
1443 2822 1508 2851 aliis
1538 2823 1707 2851 auctoribus
1727 2823 1827 2852 minus

136 2840 525 2886 generasarrmmaa
534 2840 689 2885 ἲῖιὶάᾮῗιῖη.
