4104 6210
424 312 544 374 787
1199 313 1621 376 EUSTATHII
1664 313 2433 379 THESSALONICENSIS
2479 316 3068 383 METROPOLITJE
3686 336 3787 398 788

422 443 876 516 acquirendum,
898 448 955 501 et
985 446 1580 517 superacquirendum
1620 450 1710 502 est
1742 447 2066 515 manachis,

2189 446 2246 501 τὸ
2303 445 2520 524 ὕστερον
2607 447 2676 504 δι’
2737 450 2899 506 αὑτοῦ
2964 453 3219 522 κτητικὸν
3295 458 3392 519 τῆς
3445 455 3786 532 Προδρομικῆς

425 550 530 606 pro
563 550 724 591 more
753 539 862 591 est.
924 534 1106 590 Aliter
1135 535 1291 590 enim
1347 534 1557 590 melius
1615 539 1706 591 est
1758 535 1877 591 illis
1924 537 2073 592 fame

2189 543 2377 608 μονῆς.
2410 536 2809 608 Ἐπηκολοῦθει
2844 537 2900 595 δὲ
2939 540 3157 605 τούτοις
3205 542 3391 598 αὐτίκα
3433 545 3517 598 καὶ
3565 547 3787 622 βασιλική

427 622 850 680 miserabiliter
904 623 1142 679 interire
1200 639 1374 693 quam
1431 623 1586 679 bona
1637 624 1819 680 vetita
1875 626 2071 697 acqui-

2189 623 2544 695 ἀντισήκωσις
2592 624 2662 682 δι’
2709 626 3104 699 ἐκπικτησεως.
3168 632 3379 706 Καρπὸς
3429 633 3554 705 αὕτη
3610 639 3788 712 εὐγνω-

429 728 578 769 rere,
1350 795 1355 797 Δ
2185 713 2426 785 μοσύνης
2469 715 2561 770 καὶ
2616 713 2936 793 διακρίσεως
2995 727 3364 792 πνευματικῆς
3395 742 3407 756 ⁸
3443 725 3618 795 μισθὸς
3667 725 3788 797 ἐξαν.

421 797 691 870 τλήσεως,
727 797 775 853 εἲ
821 799 908 852 καὶ
962 799 1036 870 μὴ
1094 797 1231 874 πρὸς
1289 795 1510 872 πάντας,
1541 797 1669 855 ἀλλ’
1719 797 1810 854 οῦν
1867 799 1942 861 εἷς
2001 797 2118 854 δὲον
2169 797 2354 864 ἄλλως
2410 804 2499 859 καὶ
2556 810 2672 877 Θεῷ
2729 803 3110 865 εὖαπόδεκτον.
3171 809 3273 865 Καὶ
3329 807 3446 864 ἴδοὺ
3505 795 3788 889 ὑπέρκτησις

425 887 518 944 καὶ
572 885 706 958 αὕτη
770 888 1069 963 μοναχικὴ,
1130 885 1307 943 πολὺν
1367 885 1628 952 ἐθέλουσα
1682 889 1775 944 τὸν
1833 887 2068 946 ἔπαινον.
2122 890 2361 960 Κτητὲον
2420 891 2535 964 οῦν,
2595 895 2686 949 καὶ
2743 895 3083 966 ἐπικτητέον,
3146 899 3235 952 καὶ
3295 885 3637 975 ὑπερκτητὲον
3685 905 3788 969 τοὺς

432 975 725 1120 μιρναχοὺς,
759 976 836 1040 ὡς
897 975 1015 1032 δεον
1074 975 1238 1032 ἰστίν.
1273 975 1498 1042 Ἄλλως
1547 975 1604 1033 δὲ
1653 977 1884 1035 κάλλιον
1940 978 2093 1053 λιμῷ
2148 981 2322 1036 θανεῖν
2380 981 2572 1046 αὐτοὺς
2641 981 2908 1057 οἴκτιστα,
2966 986 3003 1056 ἢ
3069 989 3402 1064 περικεῖσθαι
3453 992 3627 1064 κτῆσιν
3680 995 3789 1050 ἀκαι-

432 1086 456 1120 ν
494 1085 694 1120 νιστον.

426 1085 694 1122 νονιστον.

495 1209 586 1277 67,
619 1211 760 1264 Cum
793 1224 1127 1265 sermonem
1159 1208 1230 1264 de
1260 1209 1438 1265 rebus
1467 1225 1502 1264 a
1543 1209 1848 1266 monachis
1879 1209 2075 1281 acqui-

2257 1210 2349 1280 £C'.
2378 1211 2537 1270 Οὕτω
2588 1212 2646 1270 δὲ
2707 1218 3047 1289 καταστήσας
3104 1218 3196 1274 καὶ
3268 1220 3360 1274 τὸν
3415 1220 3536 1294 περὶ
3586 1225 3792 1293 κτήσεως

425 1295 623 1354 rendis
657 1297 743 1353 sic
770 1296 1205 1369 oompleverim,
1265 1298 1424 1353 istud
1479 1314 1712 1369 quoque
1741 1298 1801 1353 in
1854 1314 2075 1354 memo-

2189 1309 2497 1375 μοναχικῆς
2539 1301 2729 1379 λόγον,
2755 1315 2846 1360 καί
2894 1307 2962 1361 τὰ
3008 1306 3178 1362 λοιπὰ
3209 1305 3287 1380 δὲ,
3319 1310 3400 1371 οἷς
3450 1309 3674 1381 ἀπετάξω
3706 1333 3793 1368 κει-

425 1384 574 1441 riam
629 1386 938 1455 revocabo,
999 1386 1156 1457 quod
1211 1385 1389 1442 vetita
1459 1386 1663 1454 habes,
1721 1403 1826 1443 nec
1882 1386 2074 1442 solum

2189 1388 2436 1462 ρόμενος,
2472 1390 2714 1465 ἐκθήσω]
2749 1394 2872 1463 ἥκω
2919 1397 3140 1452 κάκεῖνο
3200 1397 3279 1462 εἷς
3321 1397 3634 1471 ὑπόμνησιν,
3663 1400 3793 1469 digii

425 1474 630 1542 habes,
663 1474 765 1530 sed
787 1474 965 1530 etiam
997 1479 1437 1546 perseveranter
1492 1475 1674 1532 babes
1703 1482 1758 1532 et
1806 1475 2025 1532 retines
2059 1494 2072 1544 ;

2189 1477 2281 1549 μὶν
2314 1480 2696 1558 προσετάχθης
2725 1485 2800 1556 μὴ
2837 1478 3009 1560 ἔχειν,
3043 1485 3104 1541 οὐ
3136 1485 3305 1559 μόνον
3350 1483 3515 1564 ἔχεις,
3546 1486 3679 1542 ἀλλά
3722 1489 3794 1544 καί

429 1579 556 1632 quas
613 1566 810 1618 autem
871 1563 1096 1619 fortiter
1153 1563 1388 1633 habere,
1447 1568 1504 1619 et
1532 1563 1780 1620 ﬁrmiter
1826 1563 2076 1619 retinere

2189 1564 2466 1631 ἐπιτείνεις
2661 1571 2745 1626 ἐπ’
2776 1551 2961 1638 αὐτ-οῖς
2988 1551 3353 1651 ἀντοχήνικαί
3383 1551 3532 1647 ’ὶξιψ
3581 1576 3702 1632 δσων
3747 1576 3792 1632 δὲ

421 1652 634 1722 jussus
662 1667 725 1708 es
755 1655 888 1724 post
917 1652 1257 1708 mandatum
1290 1652 1542 1708 retinere
1604 1653 1854 1722 desiisti,
1879 1653 1937 1708 in
1965 1652 2076 1707 hoc

2189 1653 2475 1728 ἐνετάλθης
2530 1657 2804 1735 ἐγκρατῶς
2852 1660 3021 1739 ἔχειν,
3074 1665 3164 1719 καὶ
3245 1665 3405 1740 ἀπρὶξ
3463 1665 3623 1720 αὐτῶν
3691 1667 3792 1721 ἀντ-

432 1756 668 1812 quoque
692 1741 1032 1812 posthabita
1088 1746 1192 1797 tua
1223 1741 1634 1813 promissione,
1689 1742 1746 1796 in
1804 1746 2072 1809 tonsura,

2189 1741 2423 1818 ἔχεσθαι,
2459 1747 2671 1825 ἀφῆκας
2699 1749 3017 1816 ἀκολούθως
3073 1757 3144 1826 τῇ
3187 1753 3389 1828 ἐντολῇ
3420 1756 3668 1829 κατέχειν·
3703 1753 3792 1811 οὐδ’

433 1833 568 1886 ante
594 1829 780 1887 Deum
811 1829 1190 1888 invisibiliter
1218 1831 1684 1888 astantem.Audi
1716 1831 1914 1904 igitur.

2192 1830 2417 1898 ἐνταῦθα
2443 1834 2726 1913 φυλάττων
2756 1840 2857 1909 τὴν
2886 1839 2973 1895 ἐπὶ
3007 1846 3140 1896 Θεοῦ
3189 1843 3360 1899 αὐτοῦ
3415 1843 3642 1918 ἀοράτως
3689 1864 3794 1915 παρ·

2196 1920 2373 1995 όντος,
2406 1924 2481 1987 ὡς
2537 1923 2706 1996 οἶδας,
2767 1927 2820 1983 ἐν
2877 1932 2946 2003 τῇ
2998 1935 3170 2006 κουρᾷ
3227 1952 3326 1988 σου
3382 1934 3664 1997 κατάθεσιν.
3715 1933 3792 1988 Καὶ

2191 2010 2370 2068 τοίνυν
2403 2008 2584 2072 ἄκουε.

3182 2163 3212 2186 τ

2267 2159 2363 2224 Cn’.
2401 2152 2636 2232 Ἀνάγκη
2695 2152 2974 2216 ἐπίκειταί
3021 2183 3128 2233 σοι,
3173 2163 3221 2218 ὧ
3281 2163 3461 2232 οὗτος,
3515 2162 3648 2240 ἔχειν
3697 2163 3797 2243 φιλ-

2193 2239 2471 2322 αδελφίαν,
2521 2248 2840 2324 ἡσυχάζειν,
2897 2248 3314 2324 ἐπιεικεύεσθαι,
3382 2239 3606 2326 μελιτης
3668 2239 3796 2326 para-

2191 2339 2465 2398 ποιεῖσθαι
2520 2335 2611 2390 καὶ
2670 2337 3025 2414 ἀναγνώσεως
3079 2340 3241 2396 θείων
3294 2339 3517 2416 λογίων,
3563 2342 3644 2397 καὶ
3684 2340 3798 2398 ἄλλα

2191 2421 2467 2497 πράττειν,
2509 2426 2542 2478 ἅ
2598 2446 2679 2489 τις
2729 2431 2837 2482 τῶν
2896 2427 3141 2484 ἁπάντων
3204 2429 3306 2486 οὐκ
3365 2429 3502 2486 οἶδεν
3558 2429 3796 2506 ἐποφείλε-

2193 2511 2313 2564 σθαι
2369 2511 2472 2566 ὑπὸ
2524 2517 2638 2572 σοῦ.
2674 2513 2888 2570 Δείκνυε
2917 2521 3045 2590 γοῦν
3076 2518 3139 2572 τὸ
3169 2517 3534 2597 φιλάδελφον,
3559 2525 3654 2575 ποῦ
3695 2539 3796 2574 ποτε

507 2210 597 2265 68.
625 2208 872 2266 Necesse
903 2212 1012 2277 est,
1036 2207 1232 2276 homo,
1280 2210 1339 2264 te
1369 2221 1598 2264 servare
1627 2206 1876 2262 fratrum
1922 2223 2082 2262 amo-

435 2314 581 2369 rem,
614 2312 841 2369 pacem,
875 2295 1362 2361 benevolentiam,
1397 2295 1607 2351 divinae
1640 2295 1954 2365 Scriptura“.-
2000 2295 2081 2350 1e-

365 2427 370 2432 -
433 2387 611 2443 ctioni
640 2390 697 2442 et
729 2385 1096 2442 meditationi
1130 2385 1372 2451 instare,
1391 2389 1448 2440 et
1477 2383 1592 2439 alia
1621 2399 1946 2456 agere,quis
1976 2384 2082 2440 tibi

433 2475 766 2532 necessario
797 2474 1062 2530 facienda
1092 2472 1292 2529 nullus
1315 2473 1386 2528 de
1415 2473 1589 2528 turba
1620 2472 1856 2545 agnovit
1879 2489 1906 2534 ε,
1925 2477 2083 2529 Tuus

430 2565 678 2621 fratrum
709 2581 875 2620 amor
896 2557 1140 2619 ubinam
1173 2563 1387 2618 mentis
1415 2561 1492 2617 sit
1512 2561 1772 2617 ostende.
1792 2560 1908 2616 Nos
1925 2561 2079 2616 enim

431 2654 504 2710 de
533 2654 645 2710 hoc
666 2652 883 2710 conscii
928 2669 1043 2708 non
1095 2667 1325 2707 sumus.
1383 2651 1750 2720 Quaecunque
1805 2651 2082 2706 adversus

429 2744 671 2799 fratrem
702 2740 1096 2814 concupiscis,
1129 2740 1276 2813 agis,
1311 2755 1425 2794 non
1458 2739 1806 2804 cunctando,
1829 2740 1930 2793 sed
1963 2753 2080 2793 uno

433 2832 555 2888 ictu
613 2830 785 2898 oculi,
837 2847 910 2886 ne
966 2829 1272 2886 antecedat
1352 2827 1714 2899 pcsnitentia,
1801 2831 2081 2898 tuamque

433 2919 554 2975 vim
586 2923 883 2989 acceptam
917 2918 1207 2984 cohibeat,
1267 2932 1400 2972 cum
1483 2915 1756 2970 irasceris
1803 2916 2082 2971 adversus

436 3008 700 3065 fratrem.
732 3010 800 3062 Et
827 3007 1069 3062 fratrem
1093 3006 1222 3062 dico
1253 3020 1701 3077 quemcumque,
1734 3003 1793 3058 in
1825 3021 2082 3060 commu-

435 3097 681 3152 nitatem
735 3099 931 3152 tecum
968 3094 1216 3152 feliciter
1245 3096 1604 3166 ingressum,
1635 3106 1768 3147 cum
1799 3108 1934 3148 eum
1957 3093 2082 3149 sine

433 3185 630 3258 gladio
687 3183 916 3240 invadis
975 3185 1260 3242 .Profecto
1317 3182 1475 3238 enim
1509 3197 1622 3236 non
1653 3180 1888 3236 viveret.
1949 3185 2080 3236 Tua:

432 3270 832 3345 intelligentiae
863 3272 1061 3328 nescio
1093 3272 1235 3345 quid
1267 3270 1556 3327 attribuas
1585 3268 1771 3336 fratri,
1803 3284 1938 3324 cum
1997 3268 2082 3324 sic

432 3361 744 3435 indulgeas
768 3363 1053 3418 adversus
1102 3377 1238 3417 eum
1292 3356 1737 3430 concupiscibili
1766 3362 1825 3413 et
1877 3357 2079 3414 irasci-

431 3449 536 3506 bili
570 3450 881 3524 appetitui,
904 3449 1018 3506 nisi
1050 3450 1194 3506 forte
1224 3465 1358 3506 cum
1393 3463 1530 3503 eum
1584 3447 1886 3519 oppandis.
1918 3446 2081 3502 Tunc

431 3539 590 3596 enim
620 3543 809 3596 totum
839 3538 1228 3606 intellectum,
1289 3538 1346 3592 id
1380 3550 1592 3608 nempe
1649 3535 1804 3606 quod
1832 3535 2078 3606 judicat,

435 3629 572 3687 huic
602 3635 660 3686 et
688 3630 828 3687 huic
859 3629 968 3686 soli
996 3630 1288 3702 impendis
1320 3647 1333 3698 ;
1384 3634 1440 3684 te
1489 3627 1618 3700 ipso
1649 3626 1795 3682 nihil
1839 3627 2080 3696 offenso,

433 3719 495 3774 in
527 3718 696 3775 illum
728 3724 916 3776 rotam
949 3724 1180 3776 steteris
1212 3724 1324 3774 tua
1366 3717 1583 3772 criticis
1615 3715 1808 3771 vertis.
1841 3715 1948 3782 Qui
1980 3733 2082 3772 au-

435 3812 555 3865 tem
591 3809 1018 3866 fraternitatem
1076 3809 1192 3865 isto
1227 3809 1402 3864 modo
1449 3803 1719 3877 despicit,
1791 3806 2082 3876 quomodo

432 3913 638 3970 pacem
669 3899 983 3970 perfectam
1010 3896 1225 3953 habere
1257 3895 1541 3952 dicendus
1575 3892 1723 3949 erit?
1744 3893 1880 3948 ﬁnis
1926 3894 2082 3949 enim

431 3986 596 4058 pacis
626 3990 716 4042 est
769 4001 938 4041 mens
967 3986 1094 4042 sine
1150 3984 1434 4041 tumultu.
1497 3987 1565 4039 Et
1612 3983 1905 4053 quomodo
1989 3988 2084 4039 tu-

431 4072 689 4130 multum
722 4090 838 4130 non
871 4074 1056 4130 habeo
1087 4077 1165 4145 et,
1215 4074 1314 4143 qui
1371 4073 1519 4128 iram
1569 4074 1626 4127 et
1666 4071 2081 4142 concupiscen-

429 4162 574 4218 tiam
605 4179 722 4218 non
773 4163 1077 4235 repressit,
1109 4167 1167 4219 et
1210 4162 1321 4218 iste
1376 4162 1548 4217 modo
1581 4158 1843 4216 statuit?
1907 4177 2083 4216 unam

430 4251 697 4325 quidem,
731 4252 1113 4308 saevissimam
1148 4252 1206 4306 in
1241 4251 1476 4307 homine
1507 4250 1789 4317 feram;et
1817 4248 2083 4321 alteram,

434 4340 657 4397 malum
682 4357 930 4414 serpens
963 4358 977 4410 ;
1019 4341 1236 4415 quippe
1275 4341 1406 4396 istis
1440 4338 1610 4394 malis
1640 4336 2084 4410 intelligentiam

436 4429 740 4503 applicuit:
765 4430 982 4502 quibus
1013 4429 1298 4502 repressis
1319 4426 1691 4485 solummodo
1723 4441 1925 4498 pacem
1955 4428 2085 4484 ani-

437 4535 595 4592 mus,
627 4527 680 4577 et
709 4535 816 4593 per
842 4535 978 4576 eum
1007 4522 1167 4575 totus
1197 4517 1372 4575 homo
1396 4515 1700 4573 inveniret.

2191 2602 2377 2674 ψυχῆς
2431 2601 2577 2676 παρά
2629 2604 2712 2657 σοὶ
2766 2609 2961 2662 κεῖται.
3020 2607 3214 2680 Ἡμεῖς
3267 2609 3375 2684 γὰρ
3455 2609 3514 2666 οὗ
3573 2609 3795 2682 συνῖεμιν.

2190 2691 2214 2710 ΙΙ
2470 2689 2484 2707 \
2617 2695 2642 2706 ν
2717 2692 2730 2709 9
2914 2697 2941 2708 ευ
3534 2702 3555 2712 ει
3779 2695 3790 2715 ἳ

2214 2693 2330 2745 Οσα
2359 2711 2494 2744 κατα
2551 2711 2646 2745 του
2706 2688 2944 2769 αδελφου
3002 2693 3389 2768 ἐπιθυμήσεις,
3413 2718 3598 2765 ποιεις,
3626 2697 3703 2752 καὶ
3747 2717 3794 2750 ου

2191 2775 2484 2854 χρονίζων,
2518 2778 2664 2834 ἀλλά
2693 2780 2743 2834 ἐν
2778 2781 2968 2856 ἀκαρεῖ
3017 2783 3248 2858 χρόνου*
3281 2787 3358 2848 ὡς
3415 2785 3497 2855 ἂν,
3529 2808 3686 2859 οιμαι,
3735 2786 3792 2858 μὴ

2190 2867 2280 2920 καὶ
2338 2868 2577 2944 φθάσασα
2638 2871 2894 2942 μετάνοια
2960 2869 3222 2947 δράξηταί
3278 2895 3376 2930 σου
3424 2883 3522 2944 τῆς
3576 2873 3794 2950 ἐνεργείας

2192 2955 2267 3042 εἷς
2322 2955 2577 3024 κώλυσιν,
2611 2957 2700 3012 ἐὰν
2759 2961 3020 3034 θυμωθῇς
3078 2961 3216 3016 κατά
3271 2967 3372 3017 τοῦ
3404 2961 3644 3042 ἀδελφοῦ.
3673 2963 3793 3036 Λέγω

2193 3040 2251 3098 δὲ
2280 3041 2514 3123 ἀδελφὸν
2543 3047 2715 3100 πάντα
2767 3047 2861 3102 τὸν
2916 3047 2993 3113 εἷς
3047 3051 3341 3106 κοινωνίαν
3400 3053 3496 3121 τὴν
3545 3040 3676 3125 ἡμετά
3721 3053 3795 3104 σοῦ

2191 3130 2397 3201 ἥκοντα
2453 3133 2747 3211 μακάριον,
2809 3135 2854 3190 εἰ
2906 3133 3093 3216 ἄξιφος
3166 3137 3478 3202 ἐπιπίπτεις
3545 3139 3692 3212 αὐτῷ.
3738 3140 3795 3194 Ἠ

2111 3217 2154 3286 C
2190 3223 2292 3297 γὰρ
2351 3219 2410 3276 ἃν
2467 3222 2566 3278 οὐκ
2611 3223 2670 3278 ἂν
2716 3221 2840 3279 οὐδὲ
2886 3223 3003 3296 ἔζη.
3037 3229 3149 3284 Τοῦ
3181 3225 3241 3283 δὲ
3273 3227 3325 3284 ἐν
3387 3231 3468 3284 συὶ
3528 3226 3795 3304 λογιστικοῦ

2191 3310 2293 3365 οὐκ
2341 3307 2460 3366 οἶδα
2507 3311 2705 3366 ὁπόσον
2739 3311 3032 3386 ἀπονέμεις
3080 3319 3160 3387 τῷ
3210 3313 3456 3395 ἀδεΛφῷ,
3489 3316 3622 3372 οὕτω
3667 3335 3795 3390 χαρι-

2193 3400 2416 3472 ζόμενος
2448 3404 2528 3472 τῷ
2557 3401 2672 3456 κατ’
2702 3400 2867 3456 αὐτοῦ
2906 3402 3290 3481 ἐπιθυμητικῴ
3347 3426 3406 3460 τε
3459 3405 3544 3460 καὶ
3599 3407 3793 3476 Θυμικῷ,

2192 3488 2236 3543 εἰ
2272 3489 2348 3561 μή
2397 3486 2518 3564 ἄρα,
2551 3488 2642 3544 ὅτε
2698 3488 3031 3567 λογιστεύεις
3085 3490 3270 3550 αὺτὸν.
3303 3494 3442 3552 Τότε
3493 3495 3596 3571 γὰρ
3644 3491 3794 3552 ἄλλως

2188 3577 2251 3631 τὸ
2303 3582 2405 3632 πᾶν
2463 3575 2794 3654 λογιστικον,
2827 3578 2959 3657 ὅπερ
3011 3579 3123 3636 ἐστὶ
3181 3579 3604 3660 λογιστευτικὸν,
3642 3580 3796 3652 ἔκείνῳ

2191 3664 2280 3720 καὶ
2342 3665 2490 3739 μόνῳ
2545 3667 2893 3742 προσνέμεις,
2927 3669 2985 3724 σὶ
3015 3671 3110 3742 μὲν
3154 3671 3322 3727 αὐτὸν
3383 3671 3529 3728 οὐδέν
3572 3694 3619 3727 τι
3672 3669 3797 3745 λογι-

2193 3754 2416 3824 στεύων,
2467 3757 2582 3810 κατ’
2623 3755 2828 3813 ἐκείνου
2893 3755 2952 3813 δὶ
2979 3811 2982 3813 λ
3011 3757 3294 3824 καθέλκων
3355 3765 3670 3840 φαρισαϊκῶς
3717 3759 3793 3825 τήν

2195 3841 2368 3920 ῥοπὴν
2423 3850 2525 3913 τῆς
2582 3842 2637 3900 ἐν
2667 3847 2753 3900 σοὶ
2791 3853 3042 3923 κριτικῆς
3083 3846 3450 3927 πλάστιγγος.
3481 3852 3540 3909 Ὁ
3593 3846 3644 3904 δὲ
3684 3846 3796 3901 οὕτω

2191 3932 2293 4001 τὴν
2369 3929 2715 4010 ἀδελφότητα
2781 3941 3148 4012 παραθεωρῶν
3216 3943 3337 4002 πῶς
3402 3937 3464 3994 ἂν
3525 3935 3795 4012 ἡπχαστῆς

2194 4017 2462 4090 ὁλοτελὴς
2493 4020 2788 4097 κληθήσῃς
2821 4023 3084 4101 Ἡσυχίας
3135 4025 3231 4100 μὲν
3275 4028 3379 4105 γὰρ
3434 4025 3584 4090 τέλος
3636 4027 3796 4100 ἀταρα-

2194 4109 2482 4186 ξιαῲυχῆς
2534 4110 2806 4187 ἀτάραχος
2854 4109 2912 4168 δὲ
2958 4118 3075 4176 πῶς
3121 4111 3182 4170 ἂν
3215 4114 3299 4187 εἰή
3342 4118 3370 4172 ὁ
3405 4117 3566 4190 θυμὸν
3597 4116 3680 4188 μὲν
3727 4110 3797 4167 καὶ

2193 4197 2481 4272 ἰπιθυμίαν
2533 4200 2610 4273 μὴ
2661 4200 2915 4276 πατάξας,
2947 4204 3035 4258 καὶ
3089 4203 3233 4260 οὕτω
3281 4205 3572 4278 τάξας;ὧν
3619 4203 3673 4260 τὸ
3723 4200 3797 4274 μὶν

2195 4286 2522 4362 θρασύτατον
2578 4287 2629 4344 ἐν
2677 4290 2948 4365 ἀνθρώπῳ
2990 4291 3204 4369 θηρίον,
3233 4293 3298 4350 τὸ
3351 4292 3410 4350 δὲ
3461 4290 3797 4350 ὕπουλον·τὸν

2195 4374 2460 4453 λογισμὸν
2519 4374 2576 4432 δὲ
2637 4379 2904 4451 ὑποτάξας
2959 4387 3147 4444 κακοῖς
3174 4383 3450 4447 τοιούτοις
3480 4383 3550 4438 ὧν
3599 4397 3799 4437 πεπατα-

2192 4464 2404 4540 γμένων
2463 4466 2694 4543 ἡσυχίαν
2756 4469 2907 4546 εὗρεν
2964 4468 3025 4526 ἂν
3076 4471 3104 4526 ὁ
3161 4475 3307 4542 νοῦς,
3343 4472 3432 4529 καὶ
3486 4471 3552 4528 δι’
3596 4465 3798 4527 αὐτοῦὸ

2113 4574 2162 4644 D
2195 4553 2325 4618 ὅλος
2355 4552 2662 4632 ἄνθρωπος.

2268 4700 2359 4771 ἔθ’.
2419 4701 2679 4766 Ἐνταῦοα
2762 4699 2820 4756 δὶ
2908 4701 3210 4776 μεθοδεύων
3292 4703 3436 4761 ἔστιν
3501 4705 3558 4761 οὗ
3606 4700 3798 4767 τοπικὴν

509 4789 600 4844 69.
631 4789 794 4846 Tunc
825 4788 1070 4862 quaasita
1100 4786 1421 4844 mutatione
1479 4789 1549 4844 de
1591 4789 1718 4847 loco
1749 4791 1820 4847 ad
1869 4789 2081 4859 locum,

2199 4788 2520 4865 ἐξωτερικὴν
2574 4790 2914 4865 μετάστασιν,
2964 4793 3040 4857 ὡς
3110 4793 3197 4849 ἐπὶ
3281 4794 3535 4872 θεραπείᾳ
3584 4795 3672 4849 τοῦ
3715 4787 3796 4844 πά-

439 4894 558 4952 quo
579 4880 741 4952 parvi
776 4881 971 4947 refert,
1020 4878 1188 4951 quasi
1221 4879 1293 4934 ad
1349 4881 1671 4937 curandam
1729 4883 2081 4954 passionem,

2199 4890 2346 4950 θους,
2377 4879 2620 4954 νομίζεις
2679 4881 2774 4955 μὶν
2801 4881 3118 4958 ἡσυχάζειν
3151 4880 3297 4960 ἔχεις
3358 4882 3417 4940 δὲ
3472 4881 3568 4959 ἄρα
3593 4880 3702 4937 τότε
3724 4877 3794 4932 τὸν

433 4983 640 5040 pacem
670 4968 886 5025 habere
917 4984 1142 5036 censes,
1175 4967 1275 5024 sed
1309 4983 1370 5024 re
1417 4968 1548 5041 ipsa
1601 4971 1927 5028 tumultum
1969 4989 2081 5041 ma-

2200 4968 2449 5046 μὲγιστον
2514 4971 2777 5048 τάραχον,
2838 4971 2936 5027 οὐκ
2991 4972 3280 5052 ἀφιέμενος
3338 4971 3464 5030 οὔτε
3533 4971 3658 5048 πρὸς
3702 4970 3795 5026 τοῖς

429 5056 656 5113 ximam
687 5057 938 5128 invenis,
972 5057 1262 5126 siquidem
1285 5073 1397 5111 non
1434 5059 1856 5130 permittuntur
1911 5078 2081 5133 opera

2197 5053 2296 5127 ἔξω
2351 5051 2532 5133 ἔργοις
2576 5060 2729 5130 εἶναι,
2773 5057 2842 5114 δι’
2891 5059 2962 5116 ὧν
3021 5058 3371 5118 ἀποσοϐεῖται
3427 5068 3566 5117 πᾶσα
3617 5053 3797 5129 πονηρᾶ

427 5150 673 5203 externa
721 5147 774 5203 ei
823 5147 882 5201 in
910 5147 1119 5219 primis
1168 5146 1329 5201 verbi
1379 5145 1479 5201 Dei
1513 5150 1841 5219 meditatio,
1889 5149 2081 5222 lectio,

2195 5147 2512 5221 ἐνδόμησις,
2545 5146 2668 5204 οὕτε
2723 5151 2860 5226 πρὸς
2916 5156 3034 5214 τοῖς
3086 5146 3258 5223 ἔνδον,
3292 5151 3366 5208 ὧν
3424 5149 3696 5226 κεφάλαιον
3745 5143 3796 5196 τά

427 5241 506 5300 et.
539 5237 706 5309 quasi
739 5237 810 5292 de
832 5235 1237 5308 antistrOphis,
1264 5234 1535 5292 relectio:
1611 5254 1717 5294 nec
1765 5240 1976 5295 ardens
2023 5248 2081 5295 et

2195 5244 2311 5302 θεῖα
2355 5234 2518 5314 λόγια
2563 5237 2935 5314 μελετώμενα,
2993 5241 3083 5296 καὶ
3142 5240 3280 5296 οὕτω
3328 5241 3696 5318 γινωσκόμενα,
3723 5230 3794 5286 καὶ

424 5326 682 5397 practice
712 5325 1164 5397 meditatio,qua
1193 5323 1668 5394 meditatione,ut
1702 5327 1784 5382 ait
1815 5329 1992 5384 David
2018 5329 2081 5399 ιδ,

2193 5327 2556 5403 ἀντιστρόφως
2614 5323 2670 5381 δὲ
2749 5347 2867 5390 πως
2955 5325 3135 5406 φάναι,
3196 5315 3672 5405 ἀναγινωσκόμενα,
3719 5315 3792 5406 κα)

427 5415 755 5474 exardescit
783 5416 961 5491 ignis,
1007 5419 1067 5472 et
1095 5413 1332 5472 omissis
1383 5412 1516 5471 aliis
1573 5417 1898 5474 commodis
1942 5434 2081 5490 prea-

2193 5412 2334 5470 οὕτω
2379 5402 2734 5490 μελιτώμενα
2783 5402 3109 5494 ἐμπράκτως
3158 5415 3247 5473 καὶ
3303 5402 3606 5494 ἔνθὲρμως’
3635 5414 3694 5480 ἧς
3737 5402 3791 5471 δῆ

516 5640 561 5678 ίδ
590 5641 742 5697 Psal.
774 5658 1008 5712 mvm,
1038 5641 1093 5697 4.
