4104 6210
286 328 407 389 789

1300 334 1405 395 DE
1451 334 1940 397 EMENDANDA
1983 336 2170 398 VITA
2213 337 2691 399 MONACHICA.

3585 329 3704 392 790

280 453 521 530 μελέτης
598 457 688 512 καὶ
745 461 889 533 ξπῦρ,
957 465 1256 526 Δαυϊτικῶς
1314 465 1505 537 εἰπεῖν,
1566 463 1910 537 ὶξανάπτεται

2050 469 2243 540 claris,
2277 485 2393 526 non
2425 471 2597 526 modo
2628 484 2863 525 omnem
2921 464 3207 523 malitiam
3238 462 3552 528 consumit,
3597 463 3700 518 sed

280 546 456 621 οὗπερ
490 545 554 599 ού
591 545 755 618 μόνον
791 542 943 622 ἔργον
981 548 1117 626 μέγα
1171 551 1233 606 τὸ
1289 560 1667 630 κανεμπιπρᾷν
1731 557 1934 609 ἅπασαν

273 634 467 690 κακίαν
533 632 746 704 ὑλαίαν,
806 635 952 692 ἀλλᾶ
1007 639 1095 693 καὶ
1156 642 1408 716 φωτίζειν
1471 642 1674 719 λύχνον
1733 645 1822 699 τὸν
1883 643 1935 699 ἐν

272 727 416 798 ἡμῖν
479 721 569 779 διὰ
626 726 848 801 Κυρίου,
909 727 966 788 ὃς
1024 730 1246 806 φωτίζει
1306 732 1369 787 ού
1405 732 1565 805 μόνον
1597 735 1932 811 προφητικὸν

271 811 510 890 λύχνον,
543 814 692 869 ἀλλὰ
719 815 808 868 καὶ
853 817 1026 871 πάντα
1066 816 1369 894 ἄνθρωπον,
1421 821 1764 878 ἀνατείνοντα
1806 821 1933 886 τοὺς

274 901 602 980 ὀφθαλμοὺς
631 903 710 966 εἰς
735 903 917 960 αὐτόν·
949 912 1044 961 καῖ
1073 907 1134 962 ού
1171 909 1298 971 τοὺς
1349 911 1693 985 σωματικοὸς
1745 911 1932 986 μόνον,

268 990 423 1047 ἀλλᾶ
451 993 559 1067 πρὸ
590 991 765 1049 αὐτῶν
795 993 924 1058 τοὺς
954 996 1091 1052 κατὰ
1116 999 1321 1073 ψυχὴν,
1357 999 1448 1062 οδς
1475 1001 1565 1056 καὶ
1595 1002 1798 1078 κυρίως
1829 999 1932 1056 λύ-

269 1101 448 1158 χνους
476 1087 574 1138 τοῦ
600 1083 853 1157 σώματος
885 1082 1132 1159 οἵδαμεν.

341 1173 408 1229 ο’.
442 1171 710 1250 Ἀπόφαθι
739 1173 946 1247 τοίνυν,
981 1175 1026 1230 ὧ
1059 1175 1502 1254 μεγαλομόναχε,
1548 1179 1638 1235 καὶ
1683 1181 1746 1235 τὸ
1793 1182 1931 1249 ἡσυ-

263 1263 486 1337 χαστὴς
550 1259 820 1337 λέγεσθαι,
890 1261 993 1326 ἕως
1046 1264 1106 1319 ἂν
1181 1263 1351 1341 ψεύδῃ
1421 1268 1512 1323 τὸν
1569 1267 1928 1344 φιλάδελφον.

264 1349 559 1424 ’Δρπάζεις
607 1350 688 1413 εἷς
745 1351 999 1427 ἐμφανὲς,
1059 1352 1279 1430 ἰρίζεις,
1337 1350 1617 1431 ὑϐρίζεις,
1680 1355 1931 1433 βλασφη-

269 1443 419 1511 μεῖς,
450 1437 626 1495 πάντα
678 1447 855 1503 ποιεῖς
912 1442 980 1496 τὰ
1027 1448 1255 1498 τοιαῦτα
1285 1444 1372 1499 ἐπὶ
1404 1443 1644 1523 ἀδελφῷ.
1683 1449 1806 1510 [Ιῶς
1831 1446 1926 1500 οὖν

263 1529 360 1583 τὸν
395 1533 647 1584 τοιοῦτον
678 1536 896 1607 quisic;
928 1536 1051 1593 Πῶς
1097 1529 1154 1586 δὲ
1203 1533 1516 1606 τολμήσεις
1543 1534 1710 1590 εἰπεῖν
1761 1533 1928 1590 ἐπιει-

267 1616 546 1691 κεύεσθαι,
601 1622 852 1681 τοιοῦτος
903 1617 1016 1690 ὥν;
1096 1621 1390 1678 Ἐπιείκεια
1446 1623 1540 1696 μὲν
1596 1624 1696 1700 γὰρ
1753 1627 1926 1696 παρά-

264 1706 497 1780 θραυσίς
551 1706 692 1762 ἐστιν
728 1705 868 1763 ἰδίου
927 1707 1140 1764 δικαίου
1199 1709 1506 1774 ἐθελούσιος
1565 1711 1649 1767 ἐπὶ
1711 1712 1923 1788 εἷ’ρῆνῃ⁹

2049 563 2107 614 et
2135 558 2435 615 lucernam
2458 577 2560 631 per
2584 558 2900 614 Dominum
2927 555 3214 622 accendit,
3248 553 3349 624 qui
3404 551 3700 606 illuminat

2046 653 2254 719 praeter
2281 647 2577 704 lucernam
2617 646 2931 719 prophetae,
2989 649 3046 702 et
3101 659 3334 700 omnem
3375 639 3696 706 hominem,

2047 737 2409 793 attollentem
2440 738 2510 792 ad
2543 754 2606 793 se
2634 735 2982 804 oculos,non
3015 729 3474 805 corporales,sed
3507 729 3696 800 magis

2046 826 2400 898 spirituales,
2434 842 2582 898 quos
2628 824 2860 898 proprie
2911 823 3212 878 lucernam
3245 817 3504 892 corporis
3563 833 3696 874 esse

2045 914 2332 972 novimus.

2109 1186 2200 1240 70.
2233 1184 2361 1241 Noli
2388 1185 2590 1258 igitur,
2641 1202 2674 1241 ο
2730 1199 2940 1257 magne
2996 1181 3300 1250 monaohe,
3351 1178 3468 1235 dici
3528 1178 3686 1249 paci-

2041 1275 2376 1343 ﬁcus,dum
2423 1275 2696 1330 frustaris
2751 1273 2995 1329 fratrum
3020 1287 3297 1328 amorem.
3378 1266 3683 1325 Manifesto

2039 1363 2195 1420 enim
2228 1363 2515 1436 disputas,
2551 1363 2875 1430 contendis,
2907 1357 3682 1429 conviciaris,blasphemas,

2039 1457 2097 1508 et
2116 1453 2315 1509 omnia
2343 1453 2473 1509 istis
2493 1452 2712 1509 similia
2739 1456 2944 1508 contra
2963 1451 3202 1506 fratrem
3226 1448 3516 1521 agis;eum
3547 1460 3683 1516 ergo

2039 1543 2330 1614 quomodo
2352 1542 2550 1614 diligis
2585 1541 2785 1598 PTalis
2831 1556 2966 1596 cum
3016 1539 3122 1606 sis,
3181 1554 3299 1610 qua
3357 1536 3546 1590 fronte
3578 1549 3681 1589 au-

2037 1630 2201 1686 debis
2231 1630 2346 1687 dici
2374 1631 2718 1687 benevolus?
2742 1631 2841 1686 Est
2860 1629 3011 1684 enim
3042 1623 3444 1683 benevolentia
3469 1621 3682 1678 volun-

2034 1719 2167 1774 tarii
2191 1721 2347 1791 juris
2369 1721 2585 1792 proprii
2609 1720 2794 1776 cessio
2818 1719 2890 1774 ob
2908 1718 3131 1774 bonum
3156 1713 3446 1787 pacis;qui
3478 1712 3678 1766 autem

261 1794 293 1849 ὸ
321 1792 386 1849 δὲ
412 1795 504 1850 καὶ
532 1796 600 1850 τὰ
626 1801 734 1852 τῶν
765 1796 862 1853 ἄλ)
878 1802 952 1852 ῶν
983 1795 1186 1862 ἀδίκως
1217 1797 1636 1876 ἐξιδιαζόμενος,
1684 1802 1784 1858 οὐκ
1811 1797 1912 1879 ἔχει

2034 1807 2187 1864 bona
2212 1813 2550 1866 caeterorum
2586 1808 2735 1881 rapit
2759 1809 2996 1879 injuste,
3027 1805 3317 1878 quomodo
3359 1798 3679 1858 benevolus

258 1887 442 1952 νοεῖν,
475 1881 624 1947 ὅπως
655 1885 713 1940 ἃν
747 1883 832 1958 εἴη
864 1885 1127 1959 ἐπιεικής.

341 1993 443 2051 οα’.
501 1992 562 2047 Τί
618 2016 712 2067 μοι
753 1993 928 2051 πλείω
1010 1995 1062 2052 ἐν
1118 2003 1238 2063 τοῖς
1303 2000 1574 2064 τοιούτοις
1619 1996 1918 2076 τρίϐεσθαι,

265 2079 388 2152 ἰξὸν
447 2082 506 2137 ὃν
538 2081 1036 2159 κεφαλαιώσασθαι,
1096 2086 1180 2142 ὅτι
1234 2084 1376 2162 οῦτε,
1407 2089 1442 2144 ἃ
1470 2090 1696 2155 κατίθου
1724 2096 1920 2164 ποιεῖν,

261 2170 549 2245 πράττεις,
608 2168 733 2228 οὔτε
786 2177 893 2228 τῶν
953 2176 1353 2253 ἀπηρνημὲνων
1410 2179 1590 2254 ἀπέχῃ
1619 2199 1632 2250 ;
1665 2180 1781 2236 ὅθεν
1828 2180 1920 2235 καὶ

263 2260 658 2335 ἀντεστραπται
707 2263 854 2338 παρὰ
912 2265 996 2319 σοί
1055 2267 1116 2320 τὸ
1169 2269 1584 2342 σκοπιμώτατον
1643 2276 1744 2339 τῆς
1798 2291 1922 2325 κου-

264 2353 387 2425 ρᾶς.
449 2355 630 2414 Ποιεῖς
661 2371 718 2406 τε
774 2351 896 2428 γάρ,
957 2352 1056 2408 ὅσα
1121 2356 1196 2428 μή
1230 2355 1423 2432 ἐχρῆν,
1483 2357 1916 2433 καὶᾶπέχῃ,ὦν

263 2441 373 2495 οὐκ
425 2439 618 2517 ἐχρῆν·
679 2443 770 2498 καὶ
828 2443 945 2498 ἀντὶ
1005 2447 1141 2500 κατά
1193 2452 1355 2520 σῶμα
1384 2449 1472 2504 καὶ
1502 2451 1684 2524 ψυχὴν
1721 2447 1920 2506 διπλοῦ

258 2533 344 2601 τῷ
393 2525 509 2584 ὄντι
544 2531 829 2606 ἀνθρώπου
881 2531 1113 2597 ἀλλοῖος
1165 2532 1476 2602 ἀποϐαίνεις
1534 2535 1784 2601 διπλοῦς*
1817 2538 1921 2614 ἄγ-

259 2616 456 2704 γελος,
512 2621 596 2682 τῖς
659 2619 919 2698 ὑπέσχου·
954 2619 1238 2699 ἅνθρωπος
1272 2625 1300 2680 6
1327 2628 1535 2701 τυχὼν,
1577 2629 1660 2690 οἷς
1698 2626 1915 2704 ἐργάζῃ·

264 2701 449 2768 ἔνθεος
477 2707 544 2762 τὰ
597 2705 719 2779 ἔξω,
747 2708 810 2763 ού
877 2707 1129 2784 φιλόθεος
1158 2713 1226 2767 τὰ
1281 2711 1454 2776 ἐντόςο
1517 2711 1641 2770 οὔτε
1678 2701 1808 2778 Θεὸς
1838 2701 1917 2770 τι-

262 2795 493 2868 θέμενος
568 2797 620 2852 ὶν
677 2802 760 2870 τῷ
815 2798 1125 2870 καταλύειν,
1187 2801 1324 2856 ὅπου
1379 2800 1742 2880 ἐφωδιάυθης,
1797 2802 1920 2860 οὔτε

260 2881 496 2958 ἅγγελος
557 2886 869 2960 γινόμενος,
927 2889 1064 2962 πρὸς
1111 2889 1169 2944 ὃν
1230 2889 1616 2966 ἐσχημάτισαιο
1652 2889 1777 2947 οὐδὲ
1807 2894 1915 2966 μὴν

261 2973 551 3049 ἄνθρωπος
613 2975 812 3049 μένων,
873 2978 900 3032 6
957 2978 1096 3055 πρὸς
1128 2978 1407 3051 ἀλήθειαψ
1477 2981 1787 3059 ἐπαγωγὸς,
1835 2987 1918 3049 οἷς

257 3063 536 3139 προφαίνῃ
564 3081 578 3095 ⁸
601 3080 615 3090 ’
639 3064 895 3138 φευκτεός
933 3109 947 3136 ,
1006 3069 1089 3130 οἷς
1148 3066 1472 3145 ἐνδομυχεῖς
1505 3092 1518 3106 ο
1579 3069 1784 3146 γλυκὺς
1849 3073 1917 3130 τὰ

257 3150 617 3268 ἰξεῖτιπολῆς,
669 3150 948 3268 ἔγλευέιὴς
999 3155 1066 3210 τὰ
1119 3155 1201 3268 Ec”
1231 3157 1393 3268 βάθοξ
1421 3178 1433 3191 ο
1487 3157 1800 3268 κάλολιστος,
1837 3161 1913 3225 εἷς
1941 3200 1984 3268 C

256 3239 576 3315 πρόσωπον,
639 3239 703 3296 οῦ
767 3244 1096 3299 καθικνεῖται
1172 3240 1298 3320 ὄψις
1365 3246 1676 3322 ἀνθρώπου·
1736 3246 1917 3326 αἶ’σχι-

255 3349 381 3390 στος
439 3331 538 3399 τήν
594 3326 842 3405 καρδίαν,
904 3331 980 3395 εἰς
1035 3334 1099 3402 ἢν
1132 3329 1448 3407 ἆμϐαθύνων
1479 3334 1667 3412 βλέπει
1700 3341 1728 3394 6
1759 3339 1910 3406 Θεός,

257 3413 518 3489 λαμπρὸς
559 3418 634 3473 ’τὸ
689 3419 945 3494 κσνίαμα,
1003 3422 1206 3496 σαπρὸς
1263 3425 1331 3478 τά
1386 3423 1555 3486 ἐντός.
1613 3428 1774 3484 Ὅθεν
1815 3427 1914 3482 οὐκ

256 3501 398 3575 οῖδα,
462 3504 512 3559 εἴ
572 3507 648 3580 μὴ
677 3507 772 3570 τὰς
825 3507 1023 3585 τρίχας
1083 3509 1141 3565 ἐκ
1162 3518 1264 3582 τῆς
1316 3514 1562 3588 κεφαλῆς
1609 3535 1705 3570 σου
1760 3515 1910 3571 ἀπώ-

253 3591 440 3681 λεσας⁶
475 3594 548 3648 ὧν
595 3593 720 3651 οὐδὲ
766 3600 898 3672 γοῦν
952 3598 1076 3672 μίαν
1130 3597 1436 3655 ἀπόλλυσιν
1466 3602 1494 3656 ὁ
1543 3606 1652 3672 ζῶν
1683 3604 1911 3681 εὐαγγε-

259 3677 459 3745 λικῶς.

323 3783 429 3846 οϐ’.
462 3789 584 3844 Ἐπὶ
610 3790 825 3854 τούτοις
871 3790 982 3868 ἐγὼ
1033 3793 1434 3871 ἔκπλήττομαι,
1483 3797 1906 3873 ἐνθυμούμενος,

254 3879 342 3932 οἷα
402 3878 498 3952 μὲν
545 3881 652 3956 πρὸ
699 3886 804 3937 τῶν
855 3880 1066 3939 ἀδύτων
1111 3890 1206 3940 τοῦ
1265 3888 1542 3950 θειοτάτου
1572 3893 1700 3944 ναοῦ
1748 3889 1905 3961 ἐστῶ,

249 3987 336 4029 τες
386 3969 892 4047 ἀνθομολογοῦνται
953 3974 1004 4027 οἱ
1061 3974 1198 4030 κατὰ
1245 3976 1301 4030 σὲ
1327 3977 1419 4030 τὸν
1451 3977 1656 4051 κόσμον
1715 3977 1908 4034 λιπόν-

248 4075 356 4125 τες,
409 4056 502 4111 καὶ
560 4060 650 4113 οἶα
723 4059 830 4115 καὶ·
889 4062 988 4116 ὃσα
1060 4066 1539 4139 μυστηριάζονται·
1615 4066 1784 4137 ἡλίκα
1850 4066 1907 4124 δὲ

246 4142 655 4218 πλημμελοῦσι
717 4150 853 4222 μετά
873 4150 973 4219 τὴν
1005 4155 1102 4206 τοῦ
1163 4153 1468 4229 μυστηρίου
1499 4152 1746 4226 τελετήν.
1778 4159 1904 4214 Ἐκ-

249 4230 471 4288 δύονται
506 4234 600 4322 μὲν
632 4236 737 4314 γὰρ
767 4238 860 4294 τὸν
878 4238 1130 4322 Δπαλαιὸν
1181 4238 1491 4316 ἄνθρωπον,
1545 4246 1644 4314 τὴν
1700 4246 1901 4322 ἀρχὴν,

246 4325 333 4387 οἷς
387 4321 717 4381 ἀποδύονται
772 4327 840 4382 τὰ
878 4315 1022 4384 κατὰ
1073 4315 1289 4404 κόσμον
1358 4329 1570 4410 ἄμφια·
1637 4315 1898 4404 καί-τήν

248 4410 513 4483 λειότητα
576 4415 1069 4493 καταρῥιπτοῦντες
1129 4415 1606 4493 ἀναλαμϐάνονται
1638 4422 1798 4499 ῥάκη,
1832 4422 1903 4478 δι’

245 4501 322 4556 ὧν
379 4506 540 4576 σῶμα
568 4503 917 4561 κολακεύεται
947 4510 1357 4582 καταψώμενον,
1390 4510 1464 4572 εἷς
1495 4513 1728 4589 τρυφὴν,
1773 4511 1902 4569 ἀλλ’

2031 1911 2160 1952 esse
2181 1897 2388 1970 possit,
2413 1896 2738 1970 intelligere
2768 1913 3015 1969 nequeo.

2100 2005 2189 2059 71.
2223 2005 2369 2069 Quid
2418 2010 2608 2062 autem
2661 2004 2721 2060 in
2774 2003 2867 2060 his
2923 2000 3180 2074 amplius
3238 2013 3457 2064 verser,
3536 2011 3671 2051 cum

2030 2091 2167 2148 licet
2194 2093 2386 2150 dicere
2415 2093 2758 2150 summatim
2791 2096 2846 2148 te
2878 2108 2992 2148 non
3025 2105 3193 2163 agere
3219 2105 3348 2161 quae
3388 2085 3672 2159 promiss-

2030 2198 2148 2253 ras,
2181 2184 2252 2239 ab
2284 2184 2369 2240 eis
2395 2185 2612 2256 quibus
2639 2182 3075 2239 renuntiaveras
3107 2197 3222 2236 non
3253 2173 3572 2234 abstinere?
3586 2177 3675 2228 Ita

2029 2271 2299 2329 inversus
2352 2278 2442 2329 est
2487 2274 2624 2330 ﬁnis
2679 2277 2952 2328 tonsum.
3007 2270 3148 2343 Agis
3207 2268 3364 2325 enim
3396 2281 3526 2338 quae
3555 2280 3672 2319 non

2030 2362 2370 2434 oportebat;
2403 2379 2529 2434 quae
2561 2379 2675 2418 non
2708 2357 3404 2434 oportebat,omittis:pro
3435 2352 3677 2411 homine

2029 2449 2282 2522 duplicis
2312 2451 2682 2519 substantiae,
2743 2449 3005 2522 corporis
3065 2452 3120 2505 et
3153 2447 3363 2504 animae
3399 2444 3481 2514 ,ﬁt
3510 2443 3678 2500 aliter

2031 2539 2520 2613 duplex,angelus
2550 2557 2618 2597 ex
2647 2538 3030 2612 promissis,et
3059 2538 3235 2594 homo
3267 2553 3337 2593 ex
3367 2532 3671 2606 operibus;

2029 2627 2260 2685 divinus
2289 2633 2473 2701 extra,
2499 2630 2653 2686 intra
2684 2631 2798 2684 Deo
2820 2627 3058 2684 odibilis
3093 2645 3106 2694 ;
3134 2643 3236 2682 nec
3274 2625 3430 2680 Deus
3461 2622 3672 2688 factus,

2029 2733 2160 2773 cum
2183 2719 2295 2774 iter
2323 2719 2621 2791 inceptum
2636 2717 3137 2788 relinquis,neque
3151 2713 3396 2787 angelus
3410 2711 3480 2768 ad
3497 2724 3673 2784 quem

2027 2807 2320 2877 formaris,
2346 2823 2535 2880 neque
2559 2811 2756 2863 tamen
2786 2805 2963 2861 homo
2993 2805 3065 2859 ad
3120 2803 3427 2860 veritatem
3483 2815 3673 2855 rema-

2026 2910 2171 2950 nens
2205 2913 2219 2964 ;
2251 2895 2326 2950 iis
2350 2896 2450 2966 qui
2482 2895 2688 2950 faciem
2721 2894 3048 2962 intuentur,
3083 2891 3412 2959 adeundus,
3473 2893 3530 2944 et
3589 2889 3674 2942 fu-

2025 2983 2326 3056 gientibus
2377 2983 2438 3038 in
2492 2982 2917 3050 interioribus;
2978 2981 3174 3038 suavis
3231 2981 3305 3036 ad
3356 2977 3584 3044 faciem,
3616 2979 3676 3032 et

2025 3089 2262 3129 amarus
2317 3073 2379 3128 in
2437 3073 2593 3128 imo!
2649 3071 3081 3145 pulcherrimus
3137 3071 3304 3140 facie,
3352 3067 3452 3124 ubi
3512 3065 3670 3124 sistit

2023 3161 2229 3218 oculus
2260 3161 2654 3233 hominum,et
2683 3162 2854 3216 corde
2884 3157 3396 3233 turpissimus,ubi
3433 3155 3676 3229 inspicit

2022 3255 2316 3307 scrutator
2345 3251 2499 3307 Deus
2525 3268 2538 3318 ;
2563 3250 2907 3323 splendidus
2947 3249 3310 3315 indumento,
3341 3249 3399 3302 et
3455 3245 3677 3300 intrin-

2023 3355 2194 3396 secus
2225 3344 2558 3412 corruptus.
2623 3340 2826 3412 Itaque
2856 3338 3052 3394 nescio
3086 3354 3281 3394 annon
3313 3333 3558 3407 capillos
3577 3349 3674 3388 ca-

2022 3429 2162 3502 pitis
2188 3430 2273 3484 tui
2307 3428 2913 3500 perdideris,quorum
2946 3443 3018 3484 ne
3051 3442 3234 3482 unum
3268 3423 3506 3497 quidem
3539 3437 3671 3494 per-

2022 3518 2109 3574 dit
2133 3517 2234 3590 qui
2264 3517 2407 3574 vivit
2435 3517 2789 3590 evangelice.

2087 3804 2178 3858 72.
2209 3806 2395 3874 Super
2423 3801 2543 3858 haec
2574 3801 2776 3870 miror,
2809 3817 2943 3857 cum
2992 3800 3182 3873 cogito
3213 3816 3340 3872 quas
3390 3799 3462 3856 ad
3521 3799 3665 3872 ady-

2017 3897 2145 3948 tum
2175 3891 2378 3965 templi
2410 3892 2598 3948 sancti
2630 3891 2901 3948 homines
2959 3891 3030 3946 de
3087 3890 3307 3945 mundo
3364 3896 3661 3960 exeuntes,

2017 3981 2169 4037 sicut
2196 3985 2284 4049 tu,
2315 3981 2716 4053 promiserint,
2743 3980 2956 4053 quibus
2981 3984 3038 4035 et
3067 3978 3302 4051 quantis
3323 3977 3536 4035 ritibus
3562 4002 3578 4046 ;
3608 3978 3666 4032 et

2013 4069 2212 4142 qualia
2267 4071 2602 4143 compleant
2660 4075 2793 4142 post
2871 4070 3190 4141 perfectam
3249 4066 3664 4124 initiationem.

2013 4160 2250 4216 Exuunt
2279 4159 2438 4216 enim
2494 4165 2745 4216 veterem
2801 4159 3123 4229 hominem,
3183 4162 3239 4214 et
3290 4161 3664 4230 potestatem,

2014 4249 2250 4321 quando
2282 4252 2474 4304 vestes
2505 4249 2839 4304 mundanas
2899 4249 3246 4318 deponunt;
3304 4251 3362 4302 et
3419 4245 3665 4318 abjsctis

2011 4336 2336 4410 splendidis
2355 4337 2988 4408 vestimentis,detritos
3008 4335 3352 4409 panniculos
3369 4335 3666 4406 accipiunt

2013 4426 2232 4498 quibus
2263 4431 2604 4499 promptum
2638 4427 2709 4482 ad
2740 4425 3078 4498 cupidinem
3101 4441 3313 4496 corpus
3360 4422 3658 4495 placatur;

2011 4515 2094 4572 eis
2126 4517 2569 4572 circumdantur
2597 4533 2708 4572 non
2739 4519 2929 4572 vestes
2957 4514 3144 4584 lineas,
3169 4514 3270 4569 sed
3319 4511 3443 4567 istae
3494 4527 3660 4582 aspe-

245 4587 374 4646 ούδὲ
435 4589 587 4647 λίνεα
615 4594 1008 4670 περικείμενοι,
1065 4597 1383 4672 τραχύτητα
1423 4595 1480 4654 δὲ
1535 4599 1700 4669 αὐτὴν
1756 4599 1896 4658 ἐκεί-

2025 4622 2104 4675 νω,
2137 4609 2212 4673 et,
2264 4605 2418 4660 dicet
2500 4604 2738 4678 aliquis,
2787 4621 2855 4660 ex
2913 4575 3160 4674 capillis,
3240 4601 3395 4658 unde
3443 4575 3658 4654 dicitur

242 4701 367 4751 νην,
429 4680 504 4743 ὡς
546 4681 607 4737 ἂν
659 4680 802 4739 εἷίποι
831 4705 934 4755 τις,
964 4687 1065 4756 τὴν
1093 4683 1182 4741 διὰ
1209 4692 1440 4763 τριχῶν,
1491 4691 1575 4751 αἶς
1604 4689 1894 4765 ἐπώνυμος

243 4769 273 4823 6
310 4769 481 4844 μέγας
537 4776 818 4848 Τριχινᾶς·
876 4774 948 4828 ὧν
1006 4775 1069 4829 τὸ
1124 4773 1368 4848 κὲντημα
1426 4777 1552 4832 ὡσεὶ
1584 4779 1674 4834 καὶ
1703 4780 1896 4834 κυνόσ-

243 4851 401 4912 ϐατοι
453 4860 542 4913 καὶ
600 4862 788 4916 κάκτοι
838 4863 925 4917 καὶ
976 4861 1195 4938 ῥάμνον
1243 4865 1332 4918 καὶ
1387 4865 1467 4943 ἐφ’
1515 4866 1721 4940 ἑκάστῳ
1779 4868 1894 4922 ἐπι-

242 4948 450 5019 θήματι
512 4946 740 5020 ἐπαοιδή
774 4954 1114 5025 πνευματική
1144 4951 1450 5010 ἐκλαλεῖται
1496 4953 1643 5033 λόγῳ
1671 4955 1894 5028 τελετῆς

240 5035 320 5097 εἷς
402 5034 656 5114 εὐλογίαν
709 5045 805 5095 τοῦ
861 5037 1200 5115 ἐνδύματος,
1271 5042 1718 5121 ὶπιφωνουμὲνης
1791 5054 1891 5118 τῆς

129 5114 139 5124 ’
239 5125 397 5202 ἁγίας
454 5127 705 5204 Τριάδος.
764 5131 844 5189 Τὸ
905 5114 1000 5204 μὲν
1059 5132 1162 5209 γὰρ
1221 5114 1393 5209 χιτὼν
1429 5114 1772 5204 δικαιοσύνης
1801 5114 1891 5192 καὶ

237 5213 621 5290 ἀγαλλιάσεως
676 5218 998 5284 τελεστικῶς
1065 5223 1410 5296 ὀνομάζεται,
1467 5247 1525 5280 τν
1559 5223 1616 5281 δὲ
1669 5226 1888 5289 ἀκακίας

235 5299 535 5379 περιϐιλή,
595 5313 657 5364 τῦ
714 5306 772 5364 δὲ
821 5309 1214 5388 περικεφαλαία
1270 5310 1514 5383 ἐκπίδος,
1545 5321 1644 5384 τῆς
1674 5313 1751 5377 εἷς
1784 5336 1889 5370 σω-

233 5393 452 5467 τηρίαν·
511 5397 600 5452 καὶ
659 5395 800 5455 ἄλλο
854 5399 996 5470 ζώνη
1060 5401 1434 5477 σωφροσύνης,
1467 5403 1556 5458 καὶ
1589 5401 1887 5476 δυνάμεως,

234 5481 326 5535 καὶ
374 5481 637 5566 ἀληθείας
673 5505 686 5520 ⁸
741 5486 830 5543 καί
883 5508 935 5542 τι
992 5484 1178 5564 ἕτερον
1236 5489 1554 5564 ὲτοιμασίας
1609 5490 1887 5566 εἰρηναίας

239 5565 547 5646 σύμϐολον.
608 5579 790 5634 Ἔστιν
843 5575 896 5633 ἐν
953 5577 1141 5641 αὐτοῖς
1196 5578 1286 5634 καὶ
1345 5585 1574 5655 σημεῖον
1631 5565 1886 5657 σταυροῦ.

239 5660 533 5740 Μυστήρια
581 5671 752 5724 ταῦτα
799 5665 994 5742 πάντα,
1026 5665 1298 5744 στόματος
1347 5669 1646 5748 ἀγγελικοῦ
1696 5667 1888 5747 δεόμε-

2005 4710 2289 4766 magnum
2311 4694 2591 4763 cilicium,
2625 4698 2681 4750 et
2736 4709 2987 4765 quorum
3065 4690 3249 4747 aculei
3312 4689 3654 4762 cynosbato,

2003 4781 2238 4838 tribulis
2259 4787 2316 4838 et
2337 4782 2602 4838 rhamnis
2651 4781 2875 4838 similes
2925 4783 3106 4848 sunt;
3157 4784 3215 4834 et
3271 4791 3657 4850 quaecumque

2003 4869 2636 4943 imponitur,repetitur
2661 4871 2919 4943 hymnus
2945 4867 3269 4940 spiritualis
3286 4869 3455 4939 juxta
3475 4866 3655 4920 ritum

2003 4959 2354 5016 initiationis
2375 4961 2448 5016 ad
2480 4960 2943 5016 benedictionem
2977 4957 3330 5024 vestimenti,
3391 4956 3659 5012 invocata

2003 5053 2208 5108 sancta
2251 5049 2558 5105 Trinitate.
2620 5049 2814 5105 Unum
2872 5047 3025 5103 enim
3063 5047 3119 5102 in
3171 5046 3355 5102 sacris
3413 5049 3659 5101 vocatur

2000 5141 2464 5212 tunicajustitize
2493 5146 2548 5197 et
2605 5138 3014 5196 exsultationis
3051 5157 3062 5208 ;
3101 5139 3353 5193 alterum
3412 5136 3658 5209 pallium

2001 5229 2398 5302 simplicitatis
2433 5256 2448 5299 ;
2479 5235 2537 5288 et
2567 5229 2806 5286 tertium
2862 5228 3028 5300 galea
3059 5228 3181 5300 spei
3227 5228 3298 5283 ad
3359 5225 3655 5293 salutem;

2002 5318 2161 5375 aliud
2191 5321 2495 5393 cingulum
2518 5318 2936 5390 temperantiae,
2962 5324 3016 5373 el
3042 5315 3424 5386 fortitudinis,
3482 5318 3537 5369 et
3565 5329 3660 5368 ve-

2001 5407 2232 5476 ritatis;
2266 5414 2324 5466 et
2353 5409 2650 5483 quoddam
2682 5406 2839 5463 aliud
2873 5405 3206 5479 symbolum
3238 5403 3490 5477 paciﬁca
3564 5401 3655 5457 in-

2001 5496 2170 5555 dolis.
2206 5499 2357 5555 lnter
2386 5499 2507 5555 haec
2537 5502 2626 5554 est
2667 5495 2843 5552 etiam
2876 5495 3116 5568 signum
3141 5495 3494 5560 crucis.Qua3
3525 5507 3651 5547 om-

1965 5645 1974 5655 .
1999 5583 2098 5642 nia
2129 5588 2498 5660 mysteria,ut
2513 5584 2838 5659 explicentu
2848 5600 3000 5654 r,ore
3013 5601 3085 5641 an
3091 5583 3274 5657 gelico
3292 5581 3641 5655 indigerent.

1996 5673 2067 5731 Et
2093 5677 2234 5732 tunc
2262 5675 2551 5751 porrectio
2567 5669 3646 5746 librisanctorumevangeliorumipsa
