  <div class='ocr_page' id='page_1' title='image "/cluster/home/n/w/nwhite01/storage/ocr_20150623/135/hvd.32044073502528/401.png"; bbox 0 0 4104 6210; ppageno 0'>
   <div class='ocr_carea' id='block_1_1' title="bbox 357 322 3798 389">
    <p class='ocr_par' dir='ltr' id='par_1_1' title="bbox 357 322 3798 389">
     <span class='ocr_line' id='line_1_1' title="bbox 357 322 3798 389; baseline 0.001 -6"><span class='ocrx_word' id='word_1_1' title='bbox 357 323 471 384; x_wconf 70' lang='grc'><strong>’191</strong></span> <span class='ocrx_word' id='word_1_2' title='bbox 1138 323 1565 387; x_wconf 84' lang='lat' dir='ltr'><strong>EUSTATHII</strong></span> <span class='ocrx_word' id='word_1_3' title='bbox 1606 322 2372 386; x_wconf 82' lang='lat' dir='ltr'><strong>THESSALONICENSIS</strong></span> <span class='ocrx_word' id='word_1_4' title='bbox 2417 325 2995 389; x_wconf 67' lang='lat' dir='ltr'><strong>METROPOLITE</strong></span> <span class='ocrx_word' id='word_1_5' title='bbox 3658 327 3798 388; x_wconf 82' lang='grc'><strong>’192</strong></span> 
     </span>
    </p>
   </div>
   <div class='ocr_carea' id='block_1_2' title="bbox 361 451 2045 534">
    <p class='ocr_par' dir='ltr' id='par_1_2' title="bbox 361 452 2045 528">
     <span class='ocr_line' id='line_1_2' title="bbox 361 452 2045 528; baseline 0 -18"><span class='ocrx_word' id='word_1_6' title='bbox 361 456 454 510; x_wconf 87' lang='lat' dir='ltr'><strong>est</strong></span> <span class='ocrx_word' id='word_1_7' title='bbox 483 452 722 526; x_wconf 82' lang='lat' dir='ltr'><strong>signum</strong></span> <span class='ocrx_word' id='word_1_8' title='bbox 765 454 1111 524; x_wconf 83' lang='lat' dir='ltr'><strong>maximum,</strong></span> <span class='ocrx_word' id='word_1_9' title='bbox 1163 473 1278 528; x_wconf 89' lang='lat' dir='ltr'><strong>quo</strong></span> <span class='ocrx_word' id='word_1_10' title='bbox 1337 455 1682 512; x_wconf 89' lang='lat' dir='ltr'><strong>commuiter</strong></span> <span class='ocrx_word' id='word_1_11' title='bbox 1724 459 2045 524; x_wconf 32' lang='lat' dir='ltr'><strong>contacto,‘</strong></span> 
     </span>
    </p>
   </div>
   <div class='ocr_carea' id='block_1_3' title="bbox 2158 451 3805 534">
    <p class='ocr_par' dir='ltr' id='par_1_3' title="bbox 2158 451 3805 534">
     <span class='ocr_line' id='line_1_3' title="bbox 2158 451 3805 534; baseline 0.001 -26"><span class='ocrx_word' id='word_1_12' title='bbox 2158 475 2187 507; x_wconf 88' lang='grc' dir='ltr'><strong>α</strong></span> <span class='ocrx_word' id='word_1_13' title='bbox 2245 455 2321 518; x_wconf 74' lang='grc' dir='ltr'>εἷς</span> <span class='ocrx_word' id='word_1_14' title='bbox 2350 451 2588 534; x_wconf 79' lang='grc' dir='ltr'>ἔκφασιν.</span> <span class='ocrx_word' id='word_1_15' title='bbox 2619 457 2682 514; x_wconf 80' lang='grc' dir='ltr'><strong>Ἠ</strong></span> <span class='ocrx_word' id='word_1_16' title='bbox 2715 453 2772 512; x_wconf 71' lang='grc' dir='ltr'><strong>δὲ</strong></span> <span class='ocrx_word' id='word_1_17' title='bbox 2826 464 2926 526; x_wconf 79' lang='grc' dir='ltr'><strong>τῆς</strong></span> <span class='ocrx_word' id='word_1_18' title='bbox 2984 451 3185 532; x_wconf 75' lang='grc' dir='ltr'>βίϐλου</span> <span class='ocrx_word' id='word_1_19' title='bbox 3221 461 3330 512; x_wconf 82' lang='grc' dir='ltr'><strong>τῶν</strong></span> <span class='ocrx_word' id='word_1_20' title='bbox 3382 457 3551 532; x_wconf 79' lang='grc' dir='ltr'>ἁγίων</span> <span class='ocrx_word' id='word_1_21' title='bbox 3601 455 3805 530; x_wconf 71' lang='grc' dir='ltr'>Εὐαγ-</span> 
     </span>
    </p>
   </div>
   <div class='ocr_carea' id='block_1_4' title="bbox 363 539 2045 620">
    <p class='ocr_par' dir='ltr' id='par_1_4' title="bbox 363 541 2016 616">
     <span class='ocr_line' id='line_1_4' title="bbox 363 541 2016 616; baseline -0.001 -16"><span class='ocrx_word' id='word_1_22' title='bbox 363 541 762 600; x_wconf 84' lang='lat' dir='ltr'><strong>subscribitur</strong></span> <span class='ocrx_word' id='word_1_23' title='bbox 786 544 1154 616; x_wconf 90' lang='lat' dir='ltr'><strong>propositum</strong></span> <span class='ocrx_word' id='word_1_24' title='bbox 1201 550 1257 600; x_wconf 92' lang='lat' dir='ltr'><strong>et</strong></span> <span class='ocrx_word' id='word_1_25' title='bbox 1311 544 1576 601; x_wconf 91' lang='lat' dir='ltr'><strong>omnium</strong></span> <span class='ocrx_word' id='word_1_26' title='bbox 1634 544 2016 600; x_wconf 77' lang='lat' dir='ltr'><strong>circumstans</strong></span> 
     </span>
    </p>
   </div>
   <div class='ocr_carea' id='block_1_5' title="bbox 2158 539 3805 620">
    <p class='ocr_par' dir='ltr' id='par_1_5' title="bbox 2162 539 3805 620">
     <span class='ocr_line' id='line_1_5' title="bbox 2162 539 3805 620; baseline 0.001 -24"><span class='ocrx_word' id='word_1_27' title='bbox 2162 541 2323 596; x_wconf 83' lang='grc' dir='ltr'>ελίων</span> <span class='ocrx_word' id='word_1_28' title='bbox 2375 549 2673 613; x_wconf 69' lang='grc' dir='ltr'>τηνικαῦτα</span> <span class='ocrx_word' id='word_1_29' title='bbox 2732 546 3107 620; x_wconf 71' lang='grc' dir='ltr'><strong>μεταχείρισις</strong></span> <span class='ocrx_word' id='word_1_30' title='bbox 3151 544 3291 600; x_wconf 75' lang='grc' dir='ltr'>ἄλλο</span> <span class='ocrx_word' id='word_1_31' title='bbox 3324 539 3606 616; x_wconf 67' lang='grc' dir='ltr'>σύμϐολον</span> <span class='ocrx_word' id='word_1_32' title='bbox 3644 543 3805 611; x_wconf 75' lang='grc' dir='ltr'>αὐτὴ</span> 
     </span>
    </p>
   </div>
   <div class='ocr_carea' id='block_1_6' title="bbox 364 631 2045 707">
    <p class='ocr_par' dir='ltr' id='par_1_6' title="bbox 364 631 2014 706">
     <span class='ocr_line' id='line_1_6' title="bbox 364 631 2014 706; baseline -0.001 -17"><span class='ocrx_word' id='word_1_33' title='bbox 364 631 540 704; x_wconf 77' lang='lat' dir='ltr'><strong>tium,</strong></span> <span class='ocrx_word' id='word_1_34' title='bbox 573 637 630 688; x_wconf 90' lang='lat' dir='ltr'><strong>et</strong></span> <span class='ocrx_word' id='word_1_35' title='bbox 662 633 849 706; x_wconf 81' lang='lat' dir='ltr'>ipsius</span> <span class='ocrx_word' id='word_1_36' title='bbox 877 633 1166 689; x_wconf 87' lang='lat' dir='ltr'><strong>tonsurati</strong></span> <span class='ocrx_word' id='word_1_37' title='bbox 1189 650 1251 689; x_wconf 91' lang='lat' dir='ltr'><strong>se</strong></span> <span class='ocrx_word' id='word_1_38' title='bbox 1274 634 1583 706; x_wconf 88' lang='lat' dir='ltr'><strong>Evangelio</strong></span> <span class='ocrx_word' id='word_1_39' title='bbox 1605 633 2014 698; x_wconf 82' lang='lat' dir='ltr'><strong>conﬁrmandi,</strong></span> 
     </span>
    </p>
   </div>
   <div class='ocr_carea' id='block_1_7' title="bbox 2158 631 3806 707">
    <p class='ocr_par' dir='ltr' id='par_1_7' title="bbox 2158 632 3806 707">
     <span class='ocr_line' id='line_1_7' title="bbox 2158 632 3806 707; baseline 0.001 -23"><span class='ocrx_word' id='word_1_40' title='bbox 2158 632 2406 704; x_wconf 70' lang='grc' dir='ltr'>ιίγιστον,</span> <span class='ocrx_word' id='word_1_41' title='bbox 2459 635 2744 696; x_wconf 74' lang='grc' dir='ltr'><strong>κατάθεσιν</strong></span> <span class='ocrx_word' id='word_1_42' title='bbox 2811 639 2891 705; x_wconf 83' lang='grc' dir='ltr'><strong>τῷ</strong></span> <span class='ocrx_word' id='word_1_43' title='bbox 2960 638 3130 704; x_wconf 88' lang='grc' dir='ltr'>κοινῷ</span> <span class='ocrx_word' id='word_1_44' title='bbox 3196 633 3468 705; x_wconf 80' lang='grc' dir='ltr'><strong>ἀσπασμῷ</strong></span> <span class='ocrx_word' id='word_1_45' title='bbox 3529 632 3806 707; x_wconf 73' lang='grc' dir='ltr'>ὑπογράο</span> 
     </span>
    </p>
   </div>
   <div class='ocr_carea' id='block_1_8' title="bbox 365 719 2045 796">
    <p class='ocr_par' dir='ltr' id='par_1_8' title="bbox 365 722 2017 795">
     <span class='ocr_line' id='line_1_8' title="bbox 365 722 2017 795; baseline -0.001 -18"><span class='ocrx_word' id='word_1_46' title='bbox 365 726 426 778; x_wconf 89' lang='lat' dir='ltr'><strong>et</strong></span> <span class='ocrx_word' id='word_1_47' title='bbox 458 722 772 795; x_wconf 72' lang='lat' dir='ltr'><strong>promissio</strong></span> <span class='ocrx_word' id='word_1_48' title='bbox 810 722 1139 777; x_wconf 89' lang='lat' dir='ltr'><strong>divinorum</strong></span> <span class='ocrx_word' id='word_1_49' title='bbox 1172 728 1594 794; x_wconf 67' lang='lat' dir='ltr'><strong>praeceptorum</strong></span> <span class='ocrx_word' id='word_1_50' title='bbox 1627 723 1686 778; x_wconf 93' lang='lat' dir='ltr'><strong>in</strong></span> <span class='ocrx_word' id='word_1_51' title='bbox 1717 739 1784 778; x_wconf 91' lang='lat' dir='ltr'><strong>eo</strong></span> <span class='ocrx_word' id='word_1_52' title='bbox 1831 722 2017 794; x_wconf 91' lang='lat' dir='ltr'><strong>scrip-</strong></span> 
     </span>
    </p>
   </div>
   <div class='ocr_carea' id='block_1_9' title="bbox 2158 719 3817 796">
    <p class='ocr_par' dir='ltr' id='par_1_9' title="bbox 2158 719 3817 796">
     <span class='ocr_line' id='line_1_9' title="bbox 2158 719 3817 796; baseline 0.001 -24"><span class='ocrx_word' id='word_1_53' title='bbox 2158 739 2300 773; x_wconf 69' lang='grc' dir='ltr'>νουσα</span> <span class='ocrx_word' id='word_1_54' title='bbox 2355 724 2450 774; x_wconf 71' lang='grc' dir='ltr'><strong>τοῦ</strong></span> <span class='ocrx_word' id='word_1_55' title='bbox 2478 721 2568 775; x_wconf 78' lang='grc' dir='ltr'><strong>καὶ</strong></span> <span class='ocrx_word' id='word_1_56' title='bbox 2626 722 2830 784; x_wconf 72' lang='grc' dir='ltr'>πάντας</span> <span class='ocrx_word' id='word_1_57' title='bbox 2884 722 3014 785; x_wconf 73' lang='grc' dir='ltr'>τοὺς</span> <span class='ocrx_word' id='word_1_58' title='bbox 3072 719 3509 796; x_wconf 71' lang='grc' dir='ltr'><strong>συνειλεγμένους</strong></span> <span class='ocrx_word' id='word_1_59' title='bbox 3554 722 3654 776; x_wconf 80' lang='grc' dir='ltr'><strong>καὶ</strong></span> <span class='ocrx_word' id='word_1_60' title='bbox 3709 719 3817 774; x_wconf 69' lang='grc' dir='ltr'><strong>αὖ·</strong></span> 
     </span>
    </p>
   </div>
   <div class='ocr_carea' id='block_1_10' title="bbox 363 805 2045 886">
    <p class='ocr_par' dir='ltr' id='par_1_10' title="bbox 363 809 1342 883">
     <span class='ocr_line' id='line_1_10' title="bbox 363 809 1342 883; baseline -0.002 -15"><span class='ocrx_word' id='word_1_61' title='bbox 363 813 566 868; x_wconf 81' lang='lat' dir='ltr'><strong>torum</strong></span> <span class='ocrx_word' id='word_1_62' title='bbox 598 810 851 868; x_wconf 87' lang='lat' dir='ltr'><strong>libenter</strong></span> <span class='ocrx_word' id='word_1_63' title='bbox 881 809 1342 883; x_wconf 89' lang='lat' dir='ltr'><strong>implendornm.</strong></span> 
     </span>
    </p>
   </div>
   <div class='ocr_carea' id='block_1_11' title="bbox 2158 805 3806 886">
    <p class='ocr_par' dir='ltr' id='par_1_11' title="bbox 2161 805 3806 886">
     <span class='ocr_line' id='line_1_11' title="bbox 2161 805 3806 886; baseline 0.001 -26"><span class='ocrx_word' id='word_1_64' title='bbox 2161 808 2218 861; x_wconf 84' lang='grc' dir='ltr'>ὸν</span> <span class='ocrx_word' id='word_1_65' title='bbox 2273 805 2330 861; x_wconf 74' lang='grc' dir='ltr'><strong>δὲ</strong></span> <span class='ocrx_word' id='word_1_66' title='bbox 2378 809 2469 862; x_wconf 85' lang='grc' dir='ltr'><strong>τὸν</strong></span> <span class='ocrx_word' id='word_1_67' title='bbox 2519 809 2835 882; x_wconf 77' lang='grc' dir='ltr'><strong>κειρόμενος</strong></span> <span class='ocrx_word' id='word_1_68' title='bbox 2866 815 3108 886; x_wconf 78' lang='grc' dir='ltr'>στοιχεῖν</span> <span class='ocrx_word' id='word_1_69' title='bbox 3156 814 3236 881; x_wconf 78' lang='grc' dir='ltr'>τῷ</span> <span class='ocrx_word' id='word_1_70' title='bbox 3293 808 3648 885; x_wconf 79' lang='grc' dir='ltr'>Εὐαγγελίῳ,</span> <span class='ocrx_word' id='word_1_71' title='bbox 3681 809 3806 880; x_wconf 70' lang='grc' dir='ltr'>ξκαὶ</span> 
     </span>
    </p>
   </div>
   <div class='ocr_carea' id='block_1_12' title="bbox 2126 895 3816 975">
    <p class='ocr_par' dir='ltr' id='par_1_12' title="bbox 2126 895 3816 975">
     <span class='ocr_line' id='line_1_12' title="bbox 2126 895 3816 975; baseline 0.001 -26"><span class='ocrx_word' id='word_1_72' title='bbox 2126 895 2410 960; x_wconf 79' lang='grc' dir='ltr'>τάσσεσθαι</span> <span class='ocrx_word' id='word_1_73' title='bbox 2454 899 2520 952; x_wconf 72' lang='grc' dir='ltr'>τὰ</span> <span class='ocrx_word' id='word_1_74' title='bbox 2568 896 2622 952; x_wconf 65' lang='grc' dir='ltr'>ἂν</span> <span class='ocrx_word' id='word_1_75' title='bbox 2670 897 2858 972; x_wconf 70' lang='grc' dir='ltr'>ἐκείνῳ</span> <span class='ocrx_word' id='word_1_76' title='bbox 2912 897 3160 975; x_wconf 71' lang='grc' dir='ltr'>πληροῦν</span> <span class='ocrx_word' id='word_1_77' title='bbox 3218 898 3495 962; x_wconf 79' lang='grc' dir='ltr'><strong>ἀσπασίως</strong></span> <span class='ocrx_word' id='word_1_78' title='bbox 3549 897 3816 975; x_wconf 73' lang='grc' dir='ltr'>κυριακα</span> 
     </span>
    </p>
   </div>
   <div class='ocr_carea' id='block_1_13' title="bbox 2130 985 2584 1060">
    <p class='ocr_par' dir='ltr' id='par_1_13' title="bbox 2130 985 2584 1060">
     <span class='ocr_line' id='line_1_13' title="bbox 2130 985 2584 1060; baseline 0.004 -21"><span class='ocrx_word' id='word_1_79' title='bbox 2130 985 2411 1060; x_wconf 84' lang='grc' dir='ltr'>παραγγὲλ</span> <span class='ocrx_word' id='word_1_80' title='bbox 2423 1006 2584 1058; x_wconf 89' lang='grc' dir='ltr'>ματα.</span> 
     </span>
    </p>
   </div>
   <div class='ocr_carea' id='block_1_14' title="bbox 2203 1075 3812 1152">
    <p class='ocr_par' dir='ltr' id='par_1_14' title="bbox 2203 1075 3812 1152">
     <span class='ocr_line' id='line_1_14' title="bbox 2203 1075 3812 1152; baseline 0 -23"><span class='ocrx_word' id='word_1_81' title='bbox 2203 1082 2299 1150; x_wconf 60' lang='grc' dir='ltr'><strong>ογ,</strong></span> <span class='ocrx_word' id='word_1_82' title='bbox 2332 1075 2436 1131; x_wconf 84' lang='grc' dir='ltr'><strong>Καὶ</strong></span> <span class='ocrx_word' id='word_1_83' title='bbox 2492 1080 2658 1130; x_wconf 77' lang='grc' dir='ltr'>ταῦτα</span> <span class='ocrx_word' id='word_1_84' title='bbox 2716 1077 2809 1148; x_wconf 78' lang='grc' dir='ltr'>μὲν</span> <span class='ocrx_word' id='word_1_85' title='bbox 2869 1076 2920 1132; x_wconf 80' lang='grc' dir='ltr'>ἐν</span> <span class='ocrx_word' id='word_1_86' title='bbox 2969 1082 3260 1152; x_wconf 80' lang='grc' dir='ltr'>καταχαῖς,</span> <span class='ocrx_word' id='word_1_87' title='bbox 3314 1077 3550 1147; x_wconf 75' lang='grc' dir='ltr'><strong>ὁπηνίκα</strong></span> <span class='ocrx_word' id='word_1_88' title='bbox 3601 1077 3636 1131; x_wconf 86' lang='grc' dir='ltr'>ὁ</span> <span class='ocrx_word' id='word_1_89' title='bbox 3699 1079 3812 1130; x_wconf 69' lang='grc' dir='ltr'><strong>τοῦ</strong></span> 
     </span>
    </p>
   </div>
   <div class='ocr_carea' id='block_1_15' title="bbox 2133 1163 3820 1242">
    <p class='ocr_par' dir='ltr' id='par_1_15' title="bbox 2133 1163 3820 1242">
     <span class='ocr_line' id='line_1_15' title="bbox 2133 1163 3820 1242; baseline -0.001 -24"><span class='ocrx_word' id='word_1_90' title='bbox 2133 1163 2340 1236; x_wconf 75' lang='grc' dir='ltr'>κόσμου</span> <span class='ocrx_word' id='word_1_91' title='bbox 2420 1165 2722 1228; x_wconf 72' lang='grc' dir='ltr'>ἀπαναστὰς</span> <span class='ocrx_word' id='word_1_92' title='bbox 2793 1164 3075 1241; x_wconf 73' lang='grc' dir='ltr'>ἅνθρωπος</span> <span class='ocrx_word' id='word_1_93' title='bbox 3170 1164 3439 1240; x_wconf 86' lang='grc' dir='ltr'>ὁμολογεῖ</span> <span class='ocrx_word' id='word_1_94' title='bbox 3527 1163 3820 1242; x_wconf 64' lang='grc' dir='ltr'>ἀγγέλοις</span> 
     </span>
    </p>
   </div>
   <div class='ocr_carea' id='block_1_16' title="bbox 2135 1251 3819 1330">
    <p class='ocr_par' dir='ltr' id='par_1_16' title="bbox 2135 1251 3819 1330">
     <span class='ocr_line' id='line_1_16' title="bbox 2135 1251 3819 1330; baseline 0 -24"><span class='ocrx_word' id='word_1_95' title='bbox 2135 1251 2330 1324; x_wconf 77' lang='grc' dir='ltr'>ὅμοιος</span> <span class='ocrx_word' id='word_1_96' title='bbox 2386 1251 2618 1326; x_wconf 79' lang='grc' dir='ltr'>ἔσεσθαι,</span> <span class='ocrx_word' id='word_1_97' title='bbox 2660 1253 2735 1316; x_wconf 80' lang='grc' dir='ltr'><strong>είς</strong></span> <span class='ocrx_word' id='word_1_98' title='bbox 2793 1263 2926 1310; x_wconf 78' lang='grc' dir='ltr'>Θεου</span> <span class='ocrx_word' id='word_1_99' title='bbox 2985 1254 3151 1327; x_wconf 84' lang='grc' dir='ltr'>ἀμνὸν</span> <span class='ocrx_word' id='word_1_100' title='bbox 3209 1253 3679 1330; x_wconf 72' lang='grc' dir='ltr'>ἐπιγραφόμενος-⁸</span> <span class='ocrx_word' id='word_1_101' title='bbox 3714 1255 3819 1308; x_wconf 74' lang='grc' dir='ltr'><strong>καὶ</strong></span> 
     </span>
    </p>
   </div>
   <div class='ocr_carea' id='block_1_17' title="bbox 2136 1339 3815 1418">
    <p class='ocr_par' dir='ltr' id='par_1_17' title="bbox 2136 1339 3815 1418">
     <span class='ocr_line' id='line_1_17' title="bbox 2136 1339 3815 1418; baseline -0.001 -22"><span class='ocrx_word' id='word_1_102' title='bbox 2136 1339 2345 1418; x_wconf 69' lang='grc' dir='ltr'>ἄφωνος</span> <span class='ocrx_word' id='word_1_103' title='bbox 2401 1343 2494 1414; x_wconf 75' lang='grc' dir='ltr'>μὲν</span> <span class='ocrx_word' id='word_1_104' title='bbox 2559 1345 2634 1415; x_wconf 77' lang='grc' dir='ltr'>μὴ</span> <span class='ocrx_word' id='word_1_105' title='bbox 2697 1339 2770 1397; x_wconf 85' lang='grc' dir='ltr'>ὥν</span> <span class='ocrx_word' id='word_1_106' title='bbox 2829 1343 3062 1398; x_wconf 82' lang='grc' dir='ltr'>ἐναντίον</span> <span class='ocrx_word' id='word_1_107' title='bbox 3120 1348 3217 1398; x_wconf 79' lang='grc' dir='ltr'><strong>τοῦ</strong></span> <span class='ocrx_word' id='word_1_108' title='bbox 3275 1343 3547 1418; x_wconf 75' lang='grc' dir='ltr'>κείραντος</span> <span class='ocrx_word' id='word_1_109' title='bbox 3599 1341 3815 1410; x_wconf 77' lang='grc' dir='ltr'>αὐτὸν,</span> 
     </span>
    </p>
   </div>
   <div class='ocr_carea' id='block_1_18' title="bbox 2137 1428 3822 1510">
    <p class='ocr_par' dir='ltr' id='par_1_18' title="bbox 2137 1428 3822 1510">
     <span class='ocr_line' id='line_1_18' title="bbox 2137 1428 3822 1510; baseline 0.001 -26"><span class='ocrx_word' id='word_1_110' title='bbox 2137 1428 2376 1508; x_wconf 57' lang='grc' dir='ltr'>εὔφωνος</span> <span class='ocrx_word' id='word_1_111' title='bbox 2427 1428 2485 1485; x_wconf 82' lang='grc' dir='ltr'><strong>δὲ</strong></span> <span class='ocrx_word' id='word_1_112' title='bbox 2558 1430 2745 1494; x_wconf 71' lang='grc' dir='ltr'>ἄλλως</span> <span class='ocrx_word' id='word_1_113' title='bbox 2800 1434 2888 1487; x_wconf 78' lang='grc' dir='ltr'>καὶ</span> <span class='ocrx_word' id='word_1_114' title='bbox 2947 1433 3297 1510; x_wconf 81' lang='grc' dir='ltr'>θεόφθογγος,</span> <span class='ocrx_word' id='word_1_115' title='bbox 3331 1433 3412 1492; x_wconf 83' lang='grc' dir='ltr'>οἷς</span> <span class='ocrx_word' id='word_1_116' title='bbox 3469 1433 3536 1486; x_wconf 77' lang='grc' dir='ltr'><strong>τα</strong></span> <span class='ocrx_word' id='word_1_117' title='bbox 3560 1436 3652 1502; x_wconf 78' lang='grc' dir='ltr'><strong>τῷ</strong></span> <span class='ocrx_word' id='word_1_118' title='bbox 3686 1435 3822 1502; x_wconf 84' lang='grc' dir='ltr'><strong>Θεῷ</strong></span> 
     </span>
    </p>
   </div>
   <div class='ocr_carea' id='block_1_19' title="bbox 2137 1515 3824 1594">
    <p class='ocr_par' dir='ltr' id='par_1_19' title="bbox 2137 1515 3824 1594">
     <span class='ocr_line' id='line_1_19' title="bbox 2137 1515 3824 1594; baseline 0.006 -24"><span class='ocrx_word' id='word_1_119' title='bbox 2137 1515 2270 1594; x_wconf 84' lang='grc' dir='ltr'>φίλα</span> <span class='ocrx_word' id='word_1_120' title='bbox 2325 1517 2742 1594; x_wconf 74' lang='grc' dir='ltr'>ἐπαγγέλλεται,</span> <span class='ocrx_word' id='word_1_121' title='bbox 2787 1519 3119 1592; x_wconf 75' lang='grc' dir='ltr'>τελούμενος</span> <span class='ocrx_word' id='word_1_122' title='bbox 3172 1522 3241 1574; x_wconf 76' lang='grc' dir='ltr'><strong>τὰ</strong></span> <span class='ocrx_word' id='word_1_123' title='bbox 3297 1517 3465 1587; x_wconf 71' lang='grc' dir='ltr'>ἔνθεα,</span> <span class='ocrx_word' id='word_1_124' title='bbox 3503 1521 3672 1594; x_wconf 79' lang='grc' dir='ltr'>ἅγιος</span> <span class='ocrx_word' id='word_1_125' title='bbox 3709 1525 3824 1587; x_wconf 77' lang='grc' dir='ltr'>τῆς</span> 
     </span>
    </p>
   </div>
   <div class='ocr_carea' id='block_1_20' title="bbox 375 1607 2045 1683">
    <p class='ocr_par' dir='ltr' id='par_1_20' title="bbox 375 1607 2028 1681">
     <span class='ocr_line' id='line_1_20' title="bbox 375 1607 2028 1681; baseline -0.002 -15"><span class='ocrx_word' id='word_1_126' title='bbox 375 1607 604 1681; x_wconf 79' lang='lat' dir='ltr'><strong>angelis</strong></span> <span class='ocrx_word' id='word_1_127' title='bbox 636 1612 930 1679; x_wconf 84' lang='lat' dir='ltr'><strong>acceptus,</strong></span> <span class='ocrx_word' id='word_1_128' title='bbox 964 1608 1451 1679; x_wconf 66' lang='lat' dir='ltr'><strong>mmulandusque</strong></span> <span class='ocrx_word' id='word_1_129' title='bbox 1474 1608 2028 1680; x_wconf 85' lang='lat' dir='ltr'><strong>hominibus;quan-</strong></span> 
     </span>
    </p>
   </div>
   <div class='ocr_carea' id='block_1_21' title="bbox 2158 1607 3818 1683">
    <p class='ocr_par' dir='ltr' id='par_1_21' title="bbox 2158 1607 3818 1683">
     <span class='ocr_line' id='line_1_21' title="bbox 2158 1607 3818 1683; baseline 0.001 -24"><span class='ocrx_word' id='word_1_130' title='bbox 2158 1607 2466 1679; x_wconf 76' lang='grc' dir='ltr'>τροθέσεως,</span> <span class='ocrx_word' id='word_1_131' title='bbox 2521 1610 2754 1681; x_wconf 81' lang='grc' dir='ltr'>καθαρὸς</span> <span class='ocrx_word' id='word_1_132' title='bbox 2814 1609 3046 1679; x_wconf 81' lang='grc' dir='ltr'>αὐτίκα,</span> <span class='ocrx_word' id='word_1_133' title='bbox 3101 1609 3191 1663; x_wconf 81' lang='grc' dir='ltr'><strong>καὶ</strong></span> <span class='ocrx_word' id='word_1_134' title='bbox 3239 1609 3316 1670; x_wconf 82' lang='grc' dir='ltr'><strong>είς</strong></span> <span class='ocrx_word' id='word_1_135' title='bbox 3361 1609 3424 1663; x_wconf 85' lang='grc' dir='ltr'><strong>τὸ</strong></span> <span class='ocrx_word' id='word_1_136' title='bbox 3469 1613 3569 1663; x_wconf 76' lang='grc' dir='ltr'>πᾶν</span> <span class='ocrx_word' id='word_1_137' title='bbox 3627 1607 3818 1683; x_wconf 72' lang='grc' dir='ltr'><strong>ἀρῥῦς-</strong></span> 
     </span>
    </p>
   </div>
   <div class='ocr_carea' id='block_1_22' title="bbox 377 1695 2045 1773">
    <p class='ocr_par' dir='ltr' id='par_1_22' title="bbox 377 1695 2028 1768">
     <span class='ocr_line' id='line_1_22' title="bbox 377 1695 2028 1768; baseline -0.001 -15"><span class='ocrx_word' id='word_1_138' title='bbox 377 1697 452 1754; x_wconf 91' lang='lat' dir='ltr'><strong>do</strong></span> <span class='ocrx_word' id='word_1_139' title='bbox 484 1712 695 1768; x_wconf 80' lang='lat' dir='ltr'><strong>nempe</strong></span> <span class='ocrx_word' id='word_1_140' title='bbox 725 1696 882 1751; x_wconf 87' lang='lat' dir='ltr'><strong>tonsi</strong></span> <span class='ocrx_word' id='word_1_141' title='bbox 943 1695 1139 1768; x_wconf 82' lang='lat' dir='ltr'><strong>capilli</strong></span> <span class='ocrx_word' id='word_1_142' title='bbox 1182 1695 1342 1752; x_wconf 85' lang='lat' dir='ltr'><strong>illius</strong></span> <span class='ocrx_word' id='word_1_143' title='bbox 1391 1695 1649 1751; x_wconf 85' lang='lat' dir='ltr'><strong>hominis</strong></span> <span class='ocrx_word' id='word_1_144' title='bbox 1682 1701 1793 1752; x_wconf 91' lang='lat' dir='ltr'><strong>Deo</strong></span> <span class='ocrx_word' id='word_1_145' title='bbox 1825 1712 2028 1752; x_wconf 88' lang='lat' dir='ltr'><strong>conse-</strong></span> 
     </span>
    </p>
   </div>
   <div class='ocr_carea' id='block_1_23' title="bbox 2158 1695 3827 1773">
    <p class='ocr_par' dir='ltr' id='par_1_23' title="bbox 2158 1695 3827 1773">
     <span class='ocr_line' id='line_1_23' title="bbox 2158 1695 3827 1773; baseline 0.001 -25"><span class='ocrx_word' id='word_1_146' title='bbox 2158 1709 2330 1769; x_wconf 69' lang='grc' dir='ltr'>παρω,</span> <span class='ocrx_word' id='word_1_147' title='bbox 2391 1695 2624 1773; x_wconf 81' lang='grc' dir='ltr'>φιλητὸς</span> <span class='ocrx_word' id='word_1_148' title='bbox 2677 1696 2952 1773; x_wconf 73' lang='grc' dir='ltr'>ἀγγέλοις,</span> <span class='ocrx_word' id='word_1_149' title='bbox 3014 1697 3262 1769; x_wconf 83' lang='grc' dir='ltr'>ζηλωτὸς</span> <span class='ocrx_word' id='word_1_150' title='bbox 3319 1697 3659 1772; x_wconf 79' lang='grc' dir='ltr'>ἀνθρὼποις’</span> <span class='ocrx_word' id='word_1_151' title='bbox 3728 1697 3827 1751; x_wconf 78' lang='grc' dir='ltr'><strong>ὅτε</strong></span> 
     </span>
    </p>
   </div>
   <div class='ocr_carea' id='block_1_24' title="bbox 379 1783 2045 1889">
    <p class='ocr_par' dir='ltr' id='par_1_24' title="bbox 379 1784 2032 1858">
     <span class='ocr_line' id='line_1_24' title="bbox 379 1784 2032 1858; baseline -0.002 -14"><span class='ocrx_word' id='word_1_152' title='bbox 379 1785 548 1853; x_wconf 82' lang='lat' dir='ltr'><strong>orati,</strong></span> <span class='ocrx_word' id='word_1_153' title='bbox 577 1789 634 1841; x_wconf 90' lang='lat' dir='ltr'><strong>et</strong></span> <span class='ocrx_word' id='word_1_154' title='bbox 667 1789 732 1840; x_wconf 90' lang='lat' dir='ltr'><strong>ut</strong></span> <span class='ocrx_word' id='word_1_155' title='bbox 751 1785 989 1841; x_wconf 80' lang='lat' dir='ltr'><strong>victima</strong></span> <span class='ocrx_word' id='word_1_156' title='bbox 1033 1785 1300 1840; x_wconf 90' lang='lat' dir='ltr'><strong>sistentis</strong></span> <span class='ocrx_word' id='word_1_157' title='bbox 1331 1789 1466 1840; x_wconf 90' lang='lat' dir='ltr'><strong>ante</strong></span> <span class='ocrx_word' id='word_1_158' title='bbox 1483 1785 1819 1854; x_wconf 90' lang='lat' dir='ltr'><strong>Dominum,</strong></span> <span class='ocrx_word' id='word_1_159' title='bbox 1861 1784 2032 1858; x_wconf 90' lang='lat' dir='ltr'><strong>quasi</strong></span> 
     </span>
    </p>
   </div>
   <div class='ocr_carea' id='block_1_25' title="bbox 2158 1783 3825 1889">
    <p class='ocr_par' dir='ltr' id='par_1_25' title="bbox 2158 1783 3825 1889">
     <span class='ocr_line' id='line_1_25' title="bbox 2158 1783 3825 1860; baseline 0.001 -24"><span class='ocrx_word' id='word_1_160' title='bbox 2158 1783 2226 1837; x_wconf 74' lang='lat' dir='ltr'><strong>mi</strong></span> <span class='ocrx_word' id='word_1_161' title='bbox 2258 1785 2292 1851; x_wconf 81' lang='grc' dir='ltr'>ἡ</span> <span class='ocrx_word' id='word_1_162' title='bbox 2326 1784 2597 1860; x_wconf 86' lang='grc' dir='ltr'>κορυφαία</span> <span class='ocrx_word' id='word_1_163' title='bbox 2641 1786 2811 1860; x_wconf 83' lang='grc' dir='ltr'>κουρᾶ</span> <span class='ocrx_word' id='word_1_164' title='bbox 2838 1790 2935 1841; x_wconf 78' lang='grc' dir='ltr'><strong>τοῦ</strong></span> <span class='ocrx_word' id='word_1_165' title='bbox 2962 1784 3296 1859; x_wconf 65' lang='grc' dir='ltr'>τελουμένου</span> <span class='ocrx_word' id='word_1_166' title='bbox 3323 1785 3390 1840; x_wconf 66' lang='lat' dir='ltr'><strong>ti</strong></span> <span class='ocrx_word' id='word_1_167' title='bbox 3445 1790 3582 1854; x_wconf 88' lang='grc' dir='ltr'>θεῖα,</span> <span class='ocrx_word' id='word_1_168' title='bbox 3613 1783 3693 1845; x_wconf 78' lang='grc' dir='ltr'>ὃς</span> <span class='ocrx_word' id='word_1_169' title='bbox 3728 1783 3825 1837; x_wconf 83' lang='grc' dir='ltr'><strong>καὶ</strong></span> 
     </span>
     <span class='ocr_line' id='line_1_26' title="bbox 2259 1871 3581 1889; baseline 0.001 -1"><span class='ocrx_word' id='word_1_170' title='bbox 2259 1871 2270 1889; x_wconf 80' lang='grc' dir='ltr'><strong>ι</strong></span> <span class='ocrx_word' id='word_1_171' title='bbox 2398 1871 2446 1889; x_wconf 60' lang='grc' dir='ltr'>ει,</span> <span class='ocrx_word' id='word_1_172' title='bbox 2701 1875 2712 1889; x_wconf 89' lang='grc'><em>.</em></span> <span class='ocrx_word' id='word_1_173' title='bbox 2966 1879 2994 1889; x_wconf 86' lang='grc'><strong>..</strong></span> <span class='ocrx_word' id='word_1_174' title='bbox 3045 1882 3071 1889; x_wconf 56' lang='grc' dir='ltr'><strong>λ</strong></span> <span class='ocrx_word' id='word_1_175' title='bbox 3113 1879 3140 1889; x_wconf 84' lang='grc'><strong>..</strong></span> <span class='ocrx_word' id='word_1_176' title='bbox 3252 1874 3272 1889; x_wconf 57' lang='grc' dir='ltr'><strong>ι</strong></span> <span class='ocrx_word' id='word_1_177' title='bbox 3369 1873 3383 1888; x_wconf 77' lang='lat'><em>.</em></span> <span class='ocrx_word' id='word_1_178' title='bbox 3568 1874 3581 1889; x_wconf 89' lang='lat'><strong><em>.</em></strong></span> 
     </span>
    </p>
   </div>
   <div class='ocr_carea' id='block_1_26' title="bbox 379 1871 2045 1950">
    <p class='ocr_par' dir='ltr' id='par_1_26' title="bbox 379 1875 2025 1950">
     <span class='ocr_line' id='line_1_27' title="bbox 379 1875 2025 1950; baseline 0 -18"><span class='ocrx_word' id='word_1_179' title='bbox 379 1875 652 1950; x_wconf 70' lang='lat' dir='ltr'><strong>primitia</strong></span> <span class='ocrx_word' id='word_1_180' title='bbox 673 1875 938 1947; x_wconf 59' lang='lat' dir='ltr'><strong>quasdam</strong></span> <span class='ocrx_word' id='word_1_181' title='bbox 973 1875 1152 1931; x_wconf 82' lang='lat' dir='ltr'><strong>totius</strong></span> <span class='ocrx_word' id='word_1_182' title='bbox 1209 1877 1469 1948; x_wconf 89' lang='lat' dir='ltr'><strong>corporis</strong></span> <span class='ocrx_word' id='word_1_183' title='bbox 1529 1882 1908 1949; x_wconf 87' lang='lat' dir='ltr'><strong>apponuntur</strong></span> <span class='ocrx_word' id='word_1_184' title='bbox 1952 1877 2025 1943; x_wconf 92' lang='lat' dir='ltr'><strong>ei,</strong></span> 
     </span>
    </p>
   </div>
   <div class='ocr_carea' id='block_1_27' title="bbox 2158 1871 3827 1950">
    <p class='ocr_par' dir='ltr' id='par_1_27' title="bbox 2165 1871 3827 1950">
     <span class='ocr_line' id='line_1_28' title="bbox 2165 1871 3827 1950; baseline 0 -24"><span class='ocrx_word' id='word_1_185' title='bbox 2165 1871 2336 1946; x_wconf 89' lang='grc' dir='ltr'>ερείου</span> <span class='ocrx_word' id='word_1_186' title='bbox 2395 1871 2550 1943; x_wconf 79' lang='grc' dir='ltr'>δίκην</span> <span class='ocrx_word' id='word_1_187' title='bbox 2582 1875 2888 1950; x_wconf 70' lang='grc' dir='ltr'>παρέστηκε</span> <span class='ocrx_word' id='word_1_188' title='bbox 2926 1879 3006 1947; x_wconf 81' lang='grc' dir='ltr'><strong>τῷ</strong></span> <span class='ocrx_word' id='word_1_189' title='bbox 3037 1879 3172 1947; x_wconf 80' lang='grc' dir='ltr'>Θεῷ,</span> <span class='ocrx_word' id='word_1_190' title='bbox 3225 1874 3300 1936; x_wconf 76' lang='grc' dir='ltr'>εἷς</span> <span class='ocrx_word' id='word_1_191' title='bbox 3359 1873 3618 1949; x_wconf 71' lang='grc' dir='ltr'>ἀπαρχήν</span> <span class='ocrx_word' id='word_1_192' title='bbox 3690 1893 3827 1926; x_wconf 87' lang='grc' dir='ltr'>τινα</span> 
     </span>
    </p>
   </div>
   <div class='ocr_carea' id='block_1_28' title="bbox 381 1961 2045 2038">
    <p class='ocr_par' dir='ltr' id='par_1_28' title="bbox 381 1963 2032 2038">
     <span class='ocr_line' id='line_1_29' title="bbox 381 1963 2032 2038; baseline -0.001 -16"><span class='ocrx_word' id='word_1_193' title='bbox 381 1963 485 2038; x_wconf 88' lang='lat' dir='ltr'><strong>qui</strong></span> <span class='ocrx_word' id='word_1_194' title='bbox 514 1963 706 2035; x_wconf 92' lang='lat' dir='ltr'><strong>illum,</strong></span> <span class='ocrx_word' id='word_1_195' title='bbox 749 1968 816 2020; x_wconf 93' lang='lat' dir='ltr'><strong>ut</strong></span> <span class='ocrx_word' id='word_1_196' title='bbox 860 1964 945 2020; x_wconf 91' lang='lat' dir='ltr'><strong>sic</strong></span> <span class='ocrx_word' id='word_1_197' title='bbox 996 1963 1211 2031; x_wconf 90' lang='lat' dir='ltr'><strong>dicam,</strong></span> <span class='ocrx_word' id='word_1_198' title='bbox 1259 1981 1294 2019; x_wconf 90' lang='lat' dir='ltr'><strong>a</strong></span> <span class='ocrx_word' id='word_1_199' title='bbox 1333 1965 1584 2036; x_wconf 87' lang='lat' dir='ltr'><strong>pueritia</strong></span> <span class='ocrx_word' id='word_1_200' title='bbox 1622 1965 1912 2036; x_wconf 86' lang='lat' dir='ltr'><strong>educavit,</strong></span> <span class='ocrx_word' id='word_1_201' title='bbox 1974 1969 2032 2021; x_wconf 84' lang='lat' dir='ltr'><strong>et</strong></span> 
     </span>
    </p>
   </div>
   <div class='ocr_carea' id='block_1_29' title="bbox 2158 1961 3822 2038">
    <p class='ocr_par' dir='ltr' id='par_1_29' title="bbox 2158 1961 3822 2035">
     <span class='ocr_line' id='line_1_30' title="bbox 2158 1961 3822 2035; baseline 0 -21"><span class='ocrx_word' id='word_1_202' title='bbox 2158 1961 2234 2015; x_wconf 73' lang='grc' dir='ltr'>ςοῦ</span> <span class='ocrx_word' id='word_1_203' title='bbox 2258 1962 2377 2024; x_wconf 85' lang='grc' dir='ltr'>καθ’</span> <span class='ocrx_word' id='word_1_204' title='bbox 2408 1963 2557 2033; x_wconf 76' lang='grc' dir='ltr'>ἡμᾶς</span> <span class='ocrx_word' id='word_1_205' title='bbox 2615 1963 2751 2018; x_wconf 81' lang='grc' dir='ltr'>ὅλου</span> <span class='ocrx_word' id='word_1_206' title='bbox 2810 1965 3062 2035; x_wconf 87' lang='grc' dir='ltr'>σώματυς</span> <span class='ocrx_word' id='word_1_207' title='bbox 3122 1962 3316 2035; x_wconf 86' lang='grc' dir='ltr'>ελείνῳ</span> <span class='ocrx_word' id='word_1_208' title='bbox 3356 1961 3699 2029; x_wconf 79' lang='grc' dir='ltr'>ἂνατίθεται,</span> <span class='ocrx_word' id='word_1_209' title='bbox 3734 1964 3822 2030; x_wconf 76' lang='grc' dir='ltr'>τῷ</span> 
     </span>
    </p>
   </div>
   <div class='ocr_carea' id='block_1_30' title="bbox 373 2049 2045 2127">
    <p class='ocr_par' dir='ltr' id='par_1_30' title="bbox 373 2053 1657 2127">
     <span class='ocr_line' id='line_1_31' title="bbox 373 2053 1657 2127; baseline 0 -17"><span class='ocrx_word' id='word_1_210' title='bbox 373 2054 627 2127; x_wconf 85' lang='lat' dir='ltr'><strong>jamjam</strong></span> <span class='ocrx_word' id='word_1_211' title='bbox 648 2053 710 2110; x_wconf 90' lang='lat' dir='ltr'><strong>in</strong></span> <span class='ocrx_word' id='word_1_212' title='bbox 742 2053 1068 2126; x_wconf 78' lang='lat' dir='ltr'><strong>perfectum</strong></span> <span class='ocrx_word' id='word_1_213' title='bbox 1100 2058 1397 2126; x_wconf 74' lang='lat' dir='ltr'><strong>pastorem</strong></span> <span class='ocrx_word' id='word_1_214' title='bbox 1428 2053 1657 2126; x_wconf 86' lang='lat' dir='ltr'><strong>accipit.</strong></span> 
     </span>
    </p>
   </div>
   <div class='ocr_carea' id='block_1_31' title="bbox 2158 2049 3819 2127">
    <p class='ocr_par' dir='ltr' id='par_1_31' title="bbox 2158 2049 3819 2126">
     <span class='ocr_line' id='line_1_32' title="bbox 2158 2049 3819 2126; baseline -0.001 -23"><span class='ocrx_word' id='word_1_215' title='bbox 2158 2049 2252 2117; x_wconf 86' lang='grc' dir='ltr'>ιαὶ,</span> <span class='ocrx_word' id='word_1_216' title='bbox 2310 2049 2387 2111; x_wconf 84' lang='grc' dir='ltr'>ὡς</span> <span class='ocrx_word' id='word_1_217' title='bbox 2443 2049 2636 2119; x_wconf 82' lang='grc' dir='ltr'>εἰπεῖν,</span> <span class='ocrx_word' id='word_1_218' title='bbox 2693 2050 2826 2122; x_wconf 71' lang='grc' dir='ltr'>ἐξέτι</span> <span class='ocrx_word' id='word_1_219' title='bbox 2854 2049 3061 2106; x_wconf 81' lang='grc' dir='ltr'>παίδων</span> <span class='ocrx_word' id='word_1_220' title='bbox 3093 2049 3254 2106; x_wconf 70' lang='grc' dir='ltr'>αὐτὸν</span> <span class='ocrx_word' id='word_1_221' title='bbox 3307 2050 3819 2126; x_wconf 76' lang='grc' dir='ltr'>κουροτροφήσαν-</span> 
     </span>
    </p>
   </div>
   <div class='ocr_carea' id='block_1_32' title="bbox 2139 2134 3818 2216">
    <p class='ocr_par' dir='ltr' id='par_1_32' title="bbox 2139 2134 3818 2216">
     <span class='ocr_line' id='line_1_33' title="bbox 2139 2134 3818 2216; baseline 0 -25"><span class='ocrx_word' id='word_1_222' title='bbox 2139 2157 2215 2206; x_wconf 91' lang='grc' dir='ltr'><strong>τι,</strong></span> <span class='ocrx_word' id='word_1_223' title='bbox 2279 2138 2366 2192; x_wconf 86' lang='grc' dir='ltr'><strong>καὶ</strong></span> <span class='ocrx_word' id='word_1_224' title='bbox 2424 2142 2515 2193; x_wconf 80' lang='grc' dir='ltr'>νῦν</span> <span class='ocrx_word' id='word_1_225' title='bbox 2578 2137 2636 2195; x_wconf 78' lang='grc' dir='ltr'><strong>δὲ</strong></span> <span class='ocrx_word' id='word_1_226' title='bbox 2705 2135 3144 2213; x_wconf 77' lang='grc' dir='ltr'>ἀναλαμϐάνοντι</span> <span class='ocrx_word' id='word_1_227' title='bbox 3213 2140 3375 2216; x_wconf 81' lang='grc' dir='ltr'>πρὸς’</span> <span class='ocrx_word' id='word_1_228' title='bbox 3407 2134 3818 2214; x_wconf 65' lang='grc' dir='ltr'>ἀκριϐεστέραν</span> 
     </span>
    </p>
   </div>
   <div class='ocr_carea' id='block_1_33' title="bbox 2141 2227 2457 2300">
    <p class='ocr_par' dir='ltr' id='par_1_33' title="bbox 2141 2227 2457 2300">
     <span class='ocr_line' id='line_1_34' title="bbox 2141 2227 2457 2300; baseline 0.003 -18"><span class='ocrx_word' id='word_1_229' title='bbox 2141 2227 2457 2300; x_wconf 90' lang='grc' dir='ltr'>ποίμανσιν.</span> 
     </span>
    </p>
   </div>
   <div class='ocr_carea' id='block_1_34' title="bbox 438 1074 2022 1146">
    <p class='ocr_par' dir='ltr' id='par_1_34' title="bbox 438 1074 2022 1146">
     <span class='ocr_line' id='line_1_35' title="bbox 438 1074 2022 1146; baseline 0 -16"><span class='ocrx_word' id='word_1_230' title='bbox 438 1076 531 1132; x_wconf 90' lang='grc'><strong>73.</strong></span> <span class='ocrx_word' id='word_1_231' title='bbox 563 1075 694 1131; x_wconf 67' lang='lat' dir='ltr'><strong>Hac</strong></span> <span class='ocrx_word' id='word_1_232' title='bbox 724 1075 924 1131; x_wconf 82' lang='lat' dir='ltr'><strong>omnia</strong></span> <span class='ocrx_word' id='word_1_233' title='bbox 945 1075 1005 1130; x_wconf 91' lang='lat' dir='ltr'><strong>in</strong></span> <span class='ocrx_word' id='word_1_234' title='bbox 1038 1074 1206 1131; x_wconf 91' lang='lat' dir='ltr'><strong>initio</strong></span> <span class='ocrx_word' id='word_1_235' title='bbox 1236 1074 1429 1131; x_wconf 90' lang='lat' dir='ltr'><strong>locum</strong></span> <span class='ocrx_word' id='word_1_236' title='bbox 1489 1075 1727 1143; x_wconf 87' lang='lat' dir='ltr'><strong>habent,</strong></span> <span class='ocrx_word' id='word_1_237' title='bbox 1787 1076 2022 1146; x_wconf 89' lang='lat' dir='ltr'><strong>quando</strong></span> 
     </span>
    </p>
   </div>
   <div class='ocr_carea' id='block_1_35' title="bbox 369 1164 2024 1237">
    <p class='ocr_par' dir='ltr' id='par_1_35' title="bbox 369 1164 2024 1237">
     <span class='ocr_line' id='line_1_36' title="bbox 369 1164 2024 1237; baseline -0.003 -14"><span class='ocrx_word' id='word_1_238' title='bbox 369 1167 548 1224; x_wconf 85' lang='lat' dir='ltr'><strong>homo</strong></span> <span class='ocrx_word' id='word_1_239' title='bbox 578 1166 650 1221; x_wconf 90' lang='lat' dir='ltr'><strong>de</strong></span> <span class='ocrx_word' id='word_1_240' title='bbox 680 1166 902 1220; x_wconf 91' lang='lat' dir='ltr'><strong>mundo</strong></span> <span class='ocrx_word' id='word_1_241' title='bbox 923 1165 1143 1231; x_wconf 84' lang='lat' dir='ltr'><strong>exiens,</strong></span> <span class='ocrx_word' id='word_1_242' title='bbox 1169 1166 1419 1236; x_wconf 86' lang='lat' dir='ltr'><strong>spondet</strong></span> <span class='ocrx_word' id='word_1_243' title='bbox 1449 1166 1571 1220; x_wconf 80' lang='lat' dir='ltr'><strong>ﬁeri</strong></span> <span class='ocrx_word' id='word_1_244' title='bbox 1605 1164 1828 1237; x_wconf 83' lang='lat' dir='ltr'><strong>angelis</strong></span> <span class='ocrx_word' id='word_1_245' title='bbox 1860 1165 2024 1220; x_wconf 90' lang='lat' dir='ltr'><strong>simi-</strong></span> 
     </span>
    </p>
   </div>
   <div class='ocr_carea' id='block_1_36' title="bbox 367 1253 2026 1327">
    <p class='ocr_par' dir='ltr' id='par_1_36' title="bbox 367 1253 2026 1327">
     <span class='ocr_line' id='line_1_37' title="bbox 367 1253 2026 1327; baseline -0.002 -16"><span class='ocrx_word' id='word_1_246' title='bbox 367 1255 465 1322; x_wconf 86' lang='lat' dir='ltr'><strong>lis,</strong></span> <span class='ocrx_word' id='word_1_247' title='bbox 521 1253 683 1327; x_wconf 87' lang='lat' dir='ltr'><strong>gregi</strong></span> <span class='ocrx_word' id='word_1_248' title='bbox 732 1253 967 1310; x_wconf 90' lang='lat' dir='ltr'><strong>Domini</strong></span> <span class='ocrx_word' id='word_1_249' title='bbox 1026 1254 1304 1322; x_wconf 87' lang='lat' dir='ltr'><strong>ascribit;</strong></span> <span class='ocrx_word' id='word_1_250' title='bbox 1357 1255 1590 1326; x_wconf 77' lang='lat' dir='ltr'><strong>quanio</strong></span> <span class='ocrx_word' id='word_1_251' title='bbox 1660 1270 1773 1310; x_wconf 89' lang='lat' dir='ltr'><strong>non</strong></span> <span class='ocrx_word' id='word_1_252' title='bbox 1845 1253 2026 1310; x_wconf 87' lang='lat' dir='ltr'><strong>silens</strong></span> 
     </span>
    </p>
   </div>
   <div class='ocr_carea' id='block_1_37' title="bbox 371 1342 2025 1414">
    <p class='ocr_par' dir='ltr' id='par_1_37' title="bbox 371 1342 2025 1414">
     <span class='ocr_line' id='line_1_38' title="bbox 371 1342 2025 1414; baseline -0.002 -13"><span class='ocrx_word' id='word_1_253' title='bbox 371 1359 570 1401; x_wconf 89' lang='lat' dir='ltr'><strong>coram</strong></span> <span class='ocrx_word' id='word_1_254' title='bbox 602 1342 884 1399; x_wconf 87' lang='lat' dir='ltr'><strong>tondente</strong></span> <span class='ocrx_word' id='word_1_255' title='bbox 915 1359 998 1408; x_wconf 92' lang='lat' dir='ltr'><strong>se,</strong></span> <span class='ocrx_word' id='word_1_256' title='bbox 1024 1342 1125 1397; x_wconf 90' lang='lat' dir='ltr'><strong>sed</strong></span> <span class='ocrx_word' id='word_1_257' title='bbox 1161 1343 1350 1414; x_wconf 88' lang='lat' dir='ltr'><strong>magis</strong></span> <span class='ocrx_word' id='word_1_258' title='bbox 1372 1342 1491 1398; x_wconf 87' lang='lat' dir='ltr'><strong>alta</strong></span> <span class='ocrx_word' id='word_1_259' title='bbox 1518 1347 1576 1398; x_wconf 91' lang='lat' dir='ltr'><strong>et</strong></span> <span class='ocrx_word' id='word_1_260' title='bbox 1613 1343 1812 1398; x_wconf 88' lang='lat' dir='ltr'><strong>divina</strong></span> <span class='ocrx_word' id='word_1_261' title='bbox 1869 1357 2025 1407; x_wconf 81' lang='lat' dir='ltr'><strong>voce,</strong></span> 
     </span>
    </p>
   </div>
   <div class='ocr_carea' id='block_1_38' title="bbox 374 1429 2027 1505">
    <p class='ocr_par' dir='ltr' id='par_1_38' title="bbox 374 1429 2027 1505">
     <span class='ocr_line' id='line_1_39' title="bbox 374 1429 2027 1505; baseline -0.001 -17"><span class='ocrx_word' id='word_1_262' title='bbox 374 1435 543 1505; x_wconf 79' lang='lat' dir='ltr'><strong>grata</strong></span> <span class='ocrx_word' id='word_1_263' title='bbox 565 1431 681 1486; x_wconf 90' lang='lat' dir='ltr'><strong>Deo</strong></span> <span class='ocrx_word' id='word_1_264' title='bbox 708 1429 1000 1500; x_wconf 86' lang='lat' dir='ltr'><strong>enuntiat,</strong></span> <span class='ocrx_word' id='word_1_265' title='bbox 1072 1431 1140 1486; x_wconf 88' lang='lat' dir='ltr'><strong>ad</strong></span> <span class='ocrx_word' id='word_1_266' title='bbox 1189 1430 1384 1486; x_wconf 90' lang='lat' dir='ltr'><strong>divina</strong></span> <span class='ocrx_word' id='word_1_267' title='bbox 1439 1431 1727 1496; x_wconf 87' lang='lat' dir='ltr'><strong>initiatus,</strong></span> <span class='ocrx_word' id='word_1_268' title='bbox 1788 1436 2027 1486; x_wconf 87' lang='lat' dir='ltr'><strong>sanctus</strong></span> 
     </span>
    </p>
   </div>
   <div class='ocr_carea' id='block_1_39' title="bbox 375 1519 2025 1594">
    <p class='ocr_par' dir='ltr' id='par_1_39' title="bbox 375 1519 2025 1594">
     <span class='ocr_line' id='line_1_40' title="bbox 375 1519 2025 1594; baseline -0.001 -19"><span class='ocrx_word' id='word_1_269' title='bbox 375 1519 701 1594; x_wconf 88' lang='lat' dir='ltr'><strong>proposito,</strong></span> <span class='ocrx_word' id='word_1_270' title='bbox 728 1519 849 1590; x_wconf 88' lang='lat' dir='ltr'><strong>jam</strong></span> <span class='ocrx_word' id='word_1_271' title='bbox 878 1520 1180 1590; x_wconf 89' lang='lat' dir='ltr'><strong>innocens,</strong></span> <span class='ocrx_word' id='word_1_272' title='bbox 1212 1524 1269 1574; x_wconf 91' lang='lat' dir='ltr'><strong>et</strong></span> <span class='ocrx_word' id='word_1_273' title='bbox 1317 1520 1556 1575; x_wconf 91' lang='lat' dir='ltr'><strong>omnino</strong></span> <span class='ocrx_word' id='word_1_274' title='bbox 1588 1519 2025 1587; x_wconf 89' lang='lat' dir='ltr'><strong>immaculatus,</strong></span> 
     </span>
    </p>
   </div>
   <div class='ocr_carea' id='block_1_40' title="bbox 2214 2315 3822 2392">
    <p class='ocr_par' dir='ltr' id='par_1_40' title="bbox 2214 2315 3822 2392">
     <span class='ocr_line' id='line_1_41' title="bbox 2214 2315 3822 2392; baseline 0 -20"><span class='ocrx_word' id='word_1_275' title='bbox 2214 2315 2312 2374; x_wconf 77' lang='lat'><strong>08&#39;.</strong></span> <span class='ocrx_word' id='word_1_276' title='bbox 2343 2316 2483 2389; x_wconf 80' lang='grc' dir='ltr'>’Ήδη</span> <span class='ocrx_word' id='word_1_277' title='bbox 2545 2315 2602 2373; x_wconf 75' lang='grc' dir='ltr'><strong>δὶ</strong></span> <span class='ocrx_word' id='word_1_278' title='bbox 2632 2319 2722 2373; x_wconf 77' lang='grc' dir='ltr'><strong>καὶ</strong></span> <span class='ocrx_word' id='word_1_279' title='bbox 2784 2319 2859 2381; x_wconf 86' lang='grc' dir='ltr'><strong>ὡς</strong></span> <span class='ocrx_word' id='word_1_280' title='bbox 2891 2320 2969 2383; x_wconf 83' lang='grc' dir='ltr'><strong>είς</strong></span> <span class='ocrx_word' id='word_1_281' title='bbox 2994 2321 3140 2376; x_wconf 70' lang='grc' dir='ltr'>θείαν</span> <span class='ocrx_word' id='word_1_282' title='bbox 3171 2320 3378 2392; x_wconf 75' lang='grc' dir='ltr'>σκηνὴν</span> <span class='ocrx_word' id='word_1_283' title='bbox 3408 2319 3573 2374; x_wconf 76' lang='grc' dir='ltr'>αὐτοῦ</span> <span class='ocrx_word' id='word_1_284' title='bbox 3603 2339 3822 2374; x_wconf 82' lang='grc' dir='ltr'>σκευα-</span> 
     </span>
    </p>
   </div>
   <div class='ocr_carea' id='block_1_41' title="bbox 2145 2404 3820 2484">
    <p class='ocr_par' dir='ltr' id='par_1_41' title="bbox 2145 2404 3820 2484">
     <span class='ocr_line' id='line_1_42' title="bbox 2145 2404 3820 2484; baseline 0.001 -23"><span class='ocrx_word' id='word_1_285' title='bbox 2145 2405 2374 2479; x_wconf 71' lang='grc' dir='ltr'>ζομένου</span> <span class='ocrx_word' id='word_1_286' title='bbox 2403 2411 2773 2482; x_wconf 78' lang='grc' dir='ltr'>χορηγοῦνται</span> <span class='ocrx_word' id='word_1_287' title='bbox 2829 2408 3018 2484; x_wconf 84' lang='grc' dir='ltr'>τρίχες</span> <span class='ocrx_word' id='word_1_288' title='bbox 3077 2406 3254 2477; x_wconf 80' lang='grc' dir='ltr'>αὗται,</span> <span class='ocrx_word' id='word_1_289' title='bbox 3306 2409 3443 2463; x_wconf 85' lang='grc' dir='ltr'>κατᾶ</span> <span class='ocrx_word' id='word_1_290' title='bbox 3470 2407 3562 2462; x_wconf 89' lang='grc' dir='ltr'>τὸν</span> <span class='ocrx_word' id='word_1_291' title='bbox 3625 2404 3820 2462; x_wconf 76' lang='grc' dir='ltr'>πάλαι</span> 
     </span>
    </p>
   </div>
   <div class='ocr_carea' id='block_1_42' title="bbox 2142 2493 3821 2575">
    <p class='ocr_par' dir='ltr' id='par_1_42' title="bbox 2142 2493 3821 2575">
     <span class='ocr_line' id='line_1_43' title="bbox 2142 2493 3821 2575; baseline 0.001 -26"><span class='ocrx_word' id='word_1_292' title='bbox 2142 2495 2275 2549; x_wconf 76' lang='grc' dir='ltr'>ποτὶ</span> <span class='ocrx_word' id='word_1_293' title='bbox 2326 2496 2495 2550; x_wconf 75' lang='grc' dir='ltr'>τύπον</span> <span class='ocrx_word' id='word_1_294' title='bbox 2551 2495 2988 2570; x_wconf 74' lang='grc' dir='ltr'>χρησιμεῦουσαι</span> <span class='ocrx_word' id='word_1_295' title='bbox 3045 2500 3398 2575; x_wconf 86' lang='grc' dir='ltr'>νοερώτερον.</span> <span class='ocrx_word' id='word_1_296' title='bbox 3459 2496 3557 2550; x_wconf 78' lang='grc' dir='ltr'><strong>Καὶ</strong></span> <span class='ocrx_word' id='word_1_297' title='bbox 3605 2493 3821 2558; x_wconf 76' lang='grc' dir='ltr'>ἄλλως</span> 
     </span>
    </p>
   </div>
   <div class='ocr_carea' id='block_1_43' title="bbox 2145 2582 3820 2662">
    <p class='ocr_par' dir='ltr' id='par_1_43' title="bbox 2145 2582 3820 2662">
     <span class='ocr_line' id='line_1_44' title="bbox 2145 2582 3820 2662; baseline 0 -24"><span class='ocrx_word' id='word_1_298' title='bbox 2145 2583 2202 2639; x_wconf 76' lang='grc' dir='ltr'><strong>δὲ</strong></span> <span class='ocrx_word' id='word_1_299' title='bbox 2256 2582 2320 2638; x_wconf 80' lang='grc' dir='ltr'><strong>τδ</strong></span> <span class='ocrx_word' id='word_1_300' title='bbox 2385 2585 2517 2659; x_wconf 67' lang='grc' dir='ltr'>ὑπὲρ</span> <span class='ocrx_word' id='word_1_301' title='bbox 2573 2584 2818 2660; x_wconf 75' lang='grc' dir='ltr'>κεφαλῆς</span> <span class='ocrx_word' id='word_1_302' title='bbox 2892 2587 2920 2640; x_wconf 90' lang='grc' dir='ltr'>ὁ</span> <span class='ocrx_word' id='word_1_303' title='bbox 2977 2586 3294 2662; x_wconf 81' lang='grc' dir='ltr'>κειρόμενος</span> <span class='ocrx_word' id='word_1_304' title='bbox 3351 2585 3449 2640; x_wconf 80' lang='grc' dir='ltr'>οὐκ</span> <span class='ocrx_word' id='word_1_305' title='bbox 3497 2584 3820 2660; x_wconf 71' lang='grc' dir='ltr'>ἀναγκαῖον</span> 
     </span>
    </p>
   </div>
   <div class='ocr_carea' id='block_1_44' title="bbox 2144 2669 3818 2748">
    <p class='ocr_par' dir='ltr' id='par_1_44' title="bbox 2144 2669 3818 2748">
     <span class='ocr_line' id='line_1_45' title="bbox 2144 2669 3818 2748; baseline -0.001 -21"><span class='ocrx_word' id='word_1_306' title='bbox 2144 2673 2481 2740; x_wconf 83' lang='grc' dir='ltr'>ἀποτίθεται,</span> <span class='ocrx_word' id='word_1_307' title='bbox 2539 2671 2688 2748; x_wconf 84' lang='grc' dir='ltr'>λόγῳ</span> <span class='ocrx_word' id='word_1_308' title='bbox 2746 2669 3072 2748; x_wconf 76' lang='grc' dir='ltr'>συμϐολικῷ</span> <span class='ocrx_word' id='word_1_309' title='bbox 3130 2674 3525 2748; x_wconf 73' lang='grc' dir='ltr'>αὶνιττόμενος,</span> <span class='ocrx_word' id='word_1_310' title='bbox 3584 2680 3818 2748; x_wconf 78' lang='grc' dir='ltr'>χρῆναι</span> 
     </span>
    </p>
   </div>
   <div class='ocr_carea' id='block_1_45' title="bbox 387 2761 2045 2840">
    <p class='ocr_par' dir='ltr' id='par_1_45' title="bbox 387 2763 2037 2837">
     <span class='ocr_line' id='line_1_46' title="bbox 387 2763 2037 2837; baseline -0.004 -17"><span class='ocrx_word' id='word_1_311' title='bbox 387 2763 582 2837; x_wconf 83' lang='lat' dir='ltr'><strong>capite</strong></span> <span class='ocrx_word' id='word_1_312' title='bbox 612 2769 670 2820; x_wconf 88' lang='lat' dir='ltr'><strong>et</strong></span> <span class='ocrx_word' id='word_1_313' title='bbox 700 2763 926 2834; x_wconf 89' lang='lat' dir='ltr'><strong>reliquo</strong></span> <span class='ocrx_word' id='word_1_314' title='bbox 957 2780 1196 2834; x_wconf 89' lang='lat' dir='ltr'><strong>corpore</strong></span> <span class='ocrx_word' id='word_1_315' title='bbox 1225 2765 1296 2819; x_wconf 86' lang='lat' dir='ltr'><strong>ad</strong></span> <span class='ocrx_word' id='word_1_316' title='bbox 1329 2763 1539 2820; x_wconf 67' lang='lat' dir='ltr'><strong>caelum</strong></span> <span class='ocrx_word' id='word_1_317' title='bbox 1571 2765 1864 2820; x_wconf 85' lang='lat' dir='ltr'><strong>excelsum</strong></span> <span class='ocrx_word' id='word_1_318' title='bbox 1905 2781 2037 2820; x_wconf 71' lang='lat' dir='ltr'><strong>evo.</strong></span> 
     </span>
    </p>
   </div>
   <div class='ocr_carea' id='block_1_46' title="bbox 2158 2761 3824 2840">
    <p class='ocr_par' dir='ltr' id='par_1_46' title="bbox 2158 2761 3824 2840">
     <span class='ocr_line' id='line_1_47' title="bbox 2158 2761 3824 2840; baseline -0.001 -23"><span class='ocrx_word' id='word_1_319' title='bbox 2158 2763 2235 2817; x_wconf 76' lang='grc' dir='ltr'>τὸν</span> <span class='ocrx_word' id='word_1_320' title='bbox 2293 2762 2536 2836; x_wconf 79' lang='grc' dir='ltr'>μοναχὸν</span> <span class='ocrx_word' id='word_1_321' title='bbox 2589 2763 2808 2839; x_wconf 78' lang='grc' dir='ltr'>κούφως</span> <span class='ocrx_word' id='word_1_322' title='bbox 2866 2762 3080 2840; x_wconf 86' lang='grc' dir='ltr'>κεφαλῇ</span> <span class='ocrx_word' id='word_1_323' title='bbox 3132 2784 3191 2819; x_wconf 92' lang='grc' dir='ltr'><strong>τε</strong></span> <span class='ocrx_word' id='word_1_324' title='bbox 3244 2765 3332 2818; x_wconf 86' lang='grc' dir='ltr'><strong>καὶ</strong></span> <span class='ocrx_word' id='word_1_325' title='bbox 3380 2768 3460 2835; x_wconf 81' lang='grc' dir='ltr'>τῷ</span> <span class='ocrx_word' id='word_1_326' title='bbox 3488 2761 3682 2833; x_wconf 76' lang='grc' dir='ltr'>λοιπῷ</span> <span class='ocrx_word' id='word_1_327' title='bbox 3710 2764 3824 2816; x_wconf 75' lang='grc' dir='ltr'><strong>τοῦ</strong></span> 
     </span>
    </p>
   </div>
   <div class='ocr_carea' id='block_1_47' title="bbox 391 2849 2045 2926">
    <p class='ocr_par' dir='ltr' id='par_1_47' title="bbox 391 2852 2037 2924">
     <span class='ocr_line' id='line_1_48' title="bbox 391 2852 2037 2924; baseline 0.001 -16"><span class='ocrx_word' id='word_1_328' title='bbox 391 2853 556 2915; x_wconf 86' lang='lat' dir='ltr'><strong>lare;</strong></span> <span class='ocrx_word' id='word_1_329' title='bbox 580 2853 740 2908; x_wconf 86' lang='lat' dir='ltr'><strong>nudo</strong></span> <span class='ocrx_word' id='word_1_330' title='bbox 770 2852 1053 2924; x_wconf 89' lang='lat' dir='ltr'><strong>capite,ut</strong></span> <span class='ocrx_word' id='word_1_331' title='bbox 1082 2853 1271 2922; x_wconf 87' lang='lat' dir='ltr'><strong>aiunt,</strong></span> <span class='ocrx_word' id='word_1_332' title='bbox 1303 2852 1608 2908; x_wconf 64' lang='lat' dir='ltr'><strong>homicidae</strong></span> <span class='ocrx_word' id='word_1_333' title='bbox 1631 2853 1862 2909; x_wconf 85' lang='lat' dir='ltr'><strong>diabolo</strong></span> <span class='ocrx_word' id='word_1_334' title='bbox 1895 2855 2037 2909; x_wconf 86' lang='lat' dir='ltr'><strong>resi—</strong></span> 
     </span>
    </p>
   </div>
   <div class='ocr_carea' id='block_1_48' title="bbox 2158 2849 3819 2926">
    <p class='ocr_par' dir='ltr' id='par_1_48' title="bbox 2158 2849 3819 2926">
     <span class='ocr_line' id='line_1_49' title="bbox 2158 2849 3819 2926; baseline -0.001 -21"><span class='ocrx_word' id='word_1_335' title='bbox 2158 2850 2402 2924; x_wconf 76' lang='grc' dir='ltr'>τώματος</span> <span class='ocrx_word' id='word_1_336' title='bbox 2461 2851 2853 2926; x_wconf 81' lang='grc' dir='ltr'>ἂνωφορεῖσθαι</span> <span class='ocrx_word' id='word_1_337' title='bbox 2918 2852 3057 2925; x_wconf 87' lang='grc' dir='ltr'>πρὸς</span> <span class='ocrx_word' id='word_1_338' title='bbox 3128 2853 3219 2908; x_wconf 88' lang='grc' dir='ltr'><strong>τὸν</strong></span> <span class='ocrx_word' id='word_1_339' title='bbox 3295 2851 3514 2925; x_wconf 74' lang='grc' dir='ltr'>ὕψιστον</span> <span class='ocrx_word' id='word_1_340' title='bbox 3571 2849 3819 2925; x_wconf 76' lang='grc' dir='ltr'>Κύριον·</span> 
     </span>
    </p>
   </div>
   <div class='ocr_carea' id='block_1_49' title="bbox 386 2938 2045 3020">
    <p class='ocr_par' dir='ltr' id='par_1_49' title="bbox 386 2940 2036 3013">
     <span class='ocr_line' id='line_1_50' title="bbox 386 2940 2036 3013; baseline 0 -16"><span class='ocrx_word' id='word_1_341' title='bbox 386 2945 674 3008; x_wconf 85' lang='lat' dir='ltr'><strong>stere,nec</strong></span> <span class='ocrx_word' id='word_1_342' title='bbox 704 2945 900 2995; x_wconf 89' lang='lat' dir='ltr'><strong>tamen</strong></span> <span class='ocrx_word' id='word_1_343' title='bbox 930 2956 1031 3010; x_wconf 90' lang='lat' dir='ltr'><strong>per</strong></span> <span class='ocrx_word' id='word_1_344' title='bbox 1052 2940 1159 2995; x_wconf 88' lang='lat' dir='ltr'><strong>hoc</strong></span> <span class='ocrx_word' id='word_1_345' title='bbox 1189 2956 1362 2997; x_wconf 91' lang='lat' dir='ltr'><strong>omne</strong></span> <span class='ocrx_word' id='word_1_346' title='bbox 1383 2941 1642 3012; x_wconf 90' lang='lat' dir='ltr'><strong>corporis</strong></span> <span class='ocrx_word' id='word_1_347' title='bbox 1671 2943 2036 3013; x_wconf 81' lang='lat' dir='ltr'><strong>superfluum</strong></span> 
     </span>
    </p>
   </div>
   <div class='ocr_carea' id='block_1_50' title="bbox 2158 2938 3823 3020">
    <p class='ocr_par' dir='ltr' id='par_1_50' title="bbox 2158 2938 3823 3020">
     <span class='ocr_line' id='line_1_51' title="bbox 2158 2938 3823 3020; baseline -0.002 -24"><span class='ocrx_word' id='word_1_348' title='bbox 2158 2938 2312 2996; x_wconf 70' lang='grc' dir='ltr'>ἔτιδὲ</span> <span class='ocrx_word' id='word_1_349' title='bbox 2367 2941 2456 2995; x_wconf 81' lang='grc' dir='ltr'><strong>καὶ</strong></span> <span class='ocrx_word' id='word_1_350' title='bbox 2513 2945 2716 3015; x_wconf 81' lang='grc' dir='ltr'>γυμνῇ,</span> <span class='ocrx_word' id='word_1_351' title='bbox 2775 2942 2804 2996; x_wconf 78' lang='grc' dir='ltr'>ὃ</span> <span class='ocrx_word' id='word_1_352' title='bbox 2860 2963 3010 3020; x_wconf 89' lang='grc' dir='ltr'>φασι,</span> <span class='ocrx_word' id='word_1_353' title='bbox 3062 2947 3131 3017; x_wconf 78' lang='grc' dir='ltr'><strong>τῇ</strong></span> <span class='ocrx_word' id='word_1_354' title='bbox 3187 2942 3400 3017; x_wconf 81' lang='grc' dir='ltr'>κεφαλῇ</span> <span class='ocrx_word' id='word_1_355' title='bbox 3432 2939 3823 3010; x_wconf 76' lang='grc' dir='ltr'>ἀντεπεξιένοι</span> 
     </span>
    </p>
   </div>
   <div class='ocr_carea' id='block_1_51' title="bbox 457 2318 2033 2392">
    <p class='ocr_par' dir='ltr' id='par_1_51' title="bbox 457 2318 2033 2392">
     <span class='ocr_line' id='line_1_52' title="bbox 457 2318 2033 2392; baseline 0.001 -17"><span class='ocrx_word' id='word_1_356' title='bbox 457 2318 649 2376; x_wconf 60' lang='grc' dir='ltr'>πει</span> <span class='ocrx_word' id='word_1_357' title='bbox 699 2334 833 2376; x_wconf 89' lang='lat' dir='ltr'><strong>ecce</strong></span> <span class='ocrx_word' id='word_1_358' title='bbox 890 2319 949 2374; x_wconf 93' lang='lat' dir='ltr'><strong>in</strong></span> <span class='ocrx_word' id='word_1_359' title='bbox 1005 2335 1240 2376; x_wconf 89' lang='lat' dir='ltr'><strong>scenam</strong></span> <span class='ocrx_word' id='word_1_360' title='bbox 1296 2324 1560 2376; x_wconf 82' lang='lat' dir='ltr'><strong>sanctam</strong></span> <span class='ocrx_word' id='word_1_361' title='bbox 1618 2319 1813 2392; x_wconf 88' lang='lat' dir='ltr'><strong>capilli</strong></span> <span class='ocrx_word' id='word_1_362' title='bbox 1873 2319 2033 2376; x_wconf 89' lang='lat' dir='ltr'><strong>illius</strong></span> 
     </span>
    </p>
   </div>
   <div class='ocr_carea' id='block_1_52' title="bbox 391 2407 2035 2481">
    <p class='ocr_par' dir='ltr' id='par_1_52' title="bbox 391 2407 2035 2481">
     <span class='ocr_line' id='line_1_53' title="bbox 391 2407 2035 2481; baseline -0.001 -15"><span class='ocrx_word' id='word_1_363' title='bbox 391 2407 652 2466; x_wconf 86' lang='lat' dir='ltr'><strong>hominis</strong></span> <span class='ocrx_word' id='word_1_364' title='bbox 680 2409 990 2481; x_wconf 65' lang='lat' dir='ltr'><strong>preparati</strong></span> <span class='ocrx_word' id='word_1_365' title='bbox 1029 2408 1504 2477; x_wconf 88' lang='lat' dir='ltr'><strong>introducuntur,</strong></span> <span class='ocrx_word' id='word_1_366' title='bbox 1530 2411 1692 2478; x_wconf 83' lang='lat' dir='ltr'><strong>iuxta</strong></span> <span class='ocrx_word' id='word_1_367' title='bbox 1721 2409 1899 2465; x_wconf 89' lang='lat' dir='ltr'><strong>ritum</strong></span> <span class='ocrx_word' id='word_1_368' title='bbox 1930 2427 2035 2466; x_wconf 91' lang='lat' dir='ltr'><strong>an-</strong></span> 
     </span>
    </p>
   </div>
   <div class='ocr_carea' id='block_1_53' title="bbox 391 2497 2038 2571">
    <p class='ocr_par' dir='ltr' id='par_1_53' title="bbox 391 2497 2038 2571">
     <span class='ocr_line' id='line_1_54' title="bbox 391 2497 2038 2571; baseline 0 -17"><span class='ocrx_word' id='word_1_369' title='bbox 391 2497 649 2570; x_wconf 87' lang='lat' dir='ltr'><strong>tiquum,</strong></span> <span class='ocrx_word' id='word_1_370' title='bbox 707 2497 781 2552; x_wconf 87' lang='lat' dir='ltr'><strong>ad</strong></span> <span class='ocrx_word' id='word_1_371' title='bbox 839 2497 1059 2569; x_wconf 90' lang='lat' dir='ltr'><strong>aliquid</strong></span> <span class='ocrx_word' id='word_1_372' title='bbox 1111 2497 1416 2569; x_wconf 82' lang='lat' dir='ltr'><strong>spirituale</strong></span> <span class='ocrx_word' id='word_1_373' title='bbox 1472 2498 1786 2569; x_wconf 80' lang='lat' dir='ltr'><strong>profuturi.</strong></span> <span class='ocrx_word' id='word_1_374' title='bbox 1852 2499 2038 2571; x_wconf 83' lang='lat' dir='ltr'><strong>Igitur</strong></span> 
     </span>
    </p>
   </div>
   <div class='ocr_carea' id='block_1_54' title="bbox 389 2587 2037 2659">
    <p class='ocr_par' dir='ltr' id='par_1_54' title="bbox 389 2587 2037 2659">
     <span class='ocr_line' id='line_1_55' title="bbox 389 2587 2037 2659; baseline 0 -16"><span class='ocrx_word' id='word_1_375' title='bbox 389 2602 529 2643; x_wconf 90' lang='lat' dir='ltr'><strong>cum</strong></span> <span class='ocrx_word' id='word_1_376' title='bbox 559 2603 731 2643; x_wconf 87' lang='lat' dir='ltr'><strong>rasus</strong></span> <span class='ocrx_word' id='word_1_377' title='bbox 783 2602 931 2642; x_wconf 84' lang='lat' dir='ltr'><strong>onus</strong></span> <span class='ocrx_word' id='word_1_378' title='bbox 983 2602 1098 2642; x_wconf 91' lang='lat' dir='ltr'><strong>non</strong></span> <span class='ocrx_word' id='word_1_379' title='bbox 1159 2587 1556 2644; x_wconf 89' lang='lat' dir='ltr'><strong>necessarium</strong></span> <span class='ocrx_word' id='word_1_380' title='bbox 1607 2602 1637 2642; x_wconf 92' lang='lat' dir='ltr'><strong>e</strong></span> <span class='ocrx_word' id='word_1_381' title='bbox 1695 2587 1884 2659; x_wconf 88' lang='lat' dir='ltr'><strong>capite</strong></span> <span class='ocrx_word' id='word_1_382' title='bbox 1932 2588 2037 2643; x_wconf 89' lang='lat' dir='ltr'><strong>de-</strong></span> 
     </span>
    </p>
   </div>
   <div class='ocr_carea' id='block_1_55' title="bbox 388 2673 2034 2748">
    <p class='ocr_par' dir='ltr' id='par_1_55' title="bbox 388 2673 2034 2748">
     <span class='ocr_line' id='line_1_56' title="bbox 388 2673 2034 2748; baseline -0.001 -16"><span class='ocrx_word' id='word_1_383' title='bbox 388 2675 578 2748; x_wconf 87' lang='lat' dir='ltr'><strong>ponit,</strong></span> <span class='ocrx_word' id='word_1_384' title='bbox 616 2674 729 2732; x_wconf 89' lang='lat' dir='ltr'><strong>hoo</strong></span> <span class='ocrx_word' id='word_1_385' title='bbox 791 2673 1057 2746; x_wconf 87' lang='lat' dir='ltr'><strong>symbolo</strong></span> <span class='ocrx_word' id='word_1_386' title='bbox 1103 2675 1372 2731; x_wconf 89' lang='lat' dir='ltr'><strong>innuitur</strong></span> <span class='ocrx_word' id='word_1_387' title='bbox 1414 2676 1624 2734; x_wconf 86' lang='lat' dir='ltr'><strong>debere</strong></span> <span class='ocrx_word' id='word_1_388' title='bbox 1680 2675 2034 2731; x_wconf 89' lang='lat' dir='ltr'><strong>monachum</strong></span> 
     </span>
    </p>
   </div>
   <div class='ocr_carea' id='block_1_56' title="bbox 391 3029 2040 3100">
    <p class='ocr_par' dir='ltr' id='par_1_56' title="bbox 391 3029 2040 3100">
     <span class='ocr_line' id='line_1_57' title="bbox 391 3029 2040 3100; baseline 0.001 -16"><span class='ocrx_word' id='word_1_389' title='bbox 391 3029 806 3100; x_wconf 89' lang='lat' dir='ltr'><strong>deponendum</strong></span> <span class='ocrx_word' id='word_1_390' title='bbox 830 3044 960 3085; x_wconf 89' lang='lat' dir='ltr'><strong>esse</strong></span> <span class='ocrx_word' id='word_1_391' title='bbox 981 3030 1399 3099; x_wconf 89' lang='lat' dir='ltr'><strong>ostenditur,ac</strong></span> <span class='ocrx_word' id='word_1_392' title='bbox 1422 3029 1566 3084; x_wconf 89' lang='lat' dir='ltr'><strong>nihil</strong></span> <span class='ocrx_word' id='word_1_393' title='bbox 1597 3029 1668 3084; x_wconf 92' lang='lat' dir='ltr'><strong>de</strong></span> <span class='ocrx_word' id='word_1_394' title='bbox 1699 3035 1906 3086; x_wconf 58' lang='lat' dir='ltr'><strong>caetero</strong></span> <span class='ocrx_word' id='word_1_395' title='bbox 1936 3031 2040 3086; x_wconf 92' lang='lat' dir='ltr'><strong>im-</strong></span> 
     </span>
    </p>
   </div>
   <div class='ocr_carea' id='block_1_57' title="bbox 2142 3026 3824 3104">
    <p class='ocr_par' dir='ltr' id='par_1_57' title="bbox 2142 3026 3824 3104">
     <span class='ocr_line' id='line_1_58' title="bbox 2142 3026 3824 3104; baseline -0.001 -20"><span class='ocrx_word' id='word_1_396' title='bbox 2142 3033 2224 3101; x_wconf 84' lang='grc' dir='ltr'>τῷ</span> <span class='ocrx_word' id='word_1_397' title='bbox 2278 3029 2611 3101; x_wconf 83' lang='grc' dir='ltr'>παλαμναίῳ</span> <span class='ocrx_word' id='word_1_398' title='bbox 2668 3027 2941 3103; x_wconf 82' lang='grc' dir='ltr'>δαίμονοι’</span> <span class='ocrx_word' id='word_1_399' title='bbox 3001 3030 3063 3085; x_wconf 81' lang='grc' dir='ltr'>οὐ</span> <span class='ocrx_word' id='word_1_400' title='bbox 3119 3031 3226 3104; x_wconf 80' lang='grc' dir='ltr'><strong>μὴν</strong></span> <span class='ocrx_word' id='word_1_401' title='bbox 3282 3027 3339 3085; x_wconf 77' lang='grc' dir='ltr'><strong>δὲ</strong></span> <span class='ocrx_word' id='word_1_402' title='bbox 3396 3026 3667 3084; x_wconf 78' lang='grc' dir='ltr'>ἀλλὰκαὶ</span> <span class='ocrx_word' id='word_1_403' title='bbox 3701 3033 3824 3082; x_wconf 77' lang='grc' dir='ltr'>πᾶν</span> 
     </span>
    </p>
   </div>
   <div class='ocr_carea' id='block_1_58' title="bbox 393 3112 2045 3194">
    <p class='ocr_par' dir='ltr' id='par_1_58' title="bbox 393 3116 2039 3191">
     <span class='ocr_line' id='line_1_59' title="bbox 393 3116 2039 3191; baseline 0.001 -16"><span class='ocrx_word' id='word_1_404' title='bbox 393 3116 594 3191; x_wconf 85' lang='lat' dir='ltr'><strong>pedire</strong></span> <span class='ocrx_word' id='word_1_405' title='bbox 628 3118 768 3190; x_wconf 87' lang='lat' dir='ltr'><strong>quin</strong></span> <span class='ocrx_word' id='word_1_406' title='bbox 800 3117 916 3174; x_wconf 92' lang='lat' dir='ltr'><strong>Deo</strong></span> <span class='ocrx_word' id='word_1_407' title='bbox 939 3117 1176 3174; x_wconf 87' lang='lat' dir='ltr'><strong>uniatur</strong></span> <span class='ocrx_word' id='word_1_408' title='bbox 1199 3119 1370 3174; x_wconf 86' lang='lat' dir='ltr'><strong>homo</strong></span> <span class='ocrx_word' id='word_1_409' title='bbox 1403 3118 1627 3175; x_wconf 89' lang='lat' dir='ltr'><strong>ratione</strong></span> <span class='ocrx_word' id='word_1_410' title='bbox 1643 3119 1941 3189; x_wconf 66' lang='lat' dir='ltr'><strong>preditus,</strong></span> <span class='ocrx_word' id='word_1_411' title='bbox 1965 3136 2039 3177; x_wconf 88' lang='lat' dir='ltr'><strong>ne</strong></span> 
     </span>
    </p>
   </div>
   <div class='ocr_carea' id='block_1_59' title="bbox 2158 3112 3828 3194">
    <p class='ocr_par' dir='ltr' id='par_1_59' title="bbox 2158 3112 3828 3194">
     <span class='ocr_line' id='line_1_60' title="bbox 2158 3112 3828 3194; baseline -0.001 -22"><span class='ocrx_word' id='word_1_412' title='bbox 2158 3117 2213 3173; x_wconf 78' lang='grc' dir='ltr'>τὰ</span> <span class='ocrx_word' id='word_1_413' title='bbox 2266 3118 2403 3173; x_wconf 84' lang='grc' dir='ltr'><strong>κατά</strong></span> <span class='ocrx_word' id='word_1_414' title='bbox 2460 3115 2620 3190; x_wconf 80' lang='grc' dir='ltr'><strong>σῶμα</strong></span> <span class='ocrx_word' id='word_1_415' title='bbox 2674 3120 2922 3194; x_wconf 86' lang='grc' dir='ltr'>περιττὸν</span> <span class='ocrx_word' id='word_1_416' title='bbox 2980 3119 3268 3174; x_wconf 67' lang='grc' dir='ltr'>ἀποθέσθαι</span> <span class='ocrx_word' id='word_1_417' title='bbox 3331 3115 3538 3188; x_wconf 77' lang='grc' dir='ltr'>δῆλῶνο</span> <span class='ocrx_word' id='word_1_418' title='bbox 3573 3118 3721 3190; x_wconf 82' lang='grc' dir='ltr'>πρὸς</span> <span class='ocrx_word' id='word_1_419' title='bbox 3756 3112 3828 3171; x_wconf 73' lang='grc' dir='ltr'><strong>δὶ</strong></span> 
     </span>
    </p>
   </div>
   <div class='ocr_carea' id='block_1_60' title="bbox 400 3179 2045 3282">
    <p class='ocr_par' dir='ltr' id='par_1_60' title="bbox 400 3179 2038 3279">
     <span class='ocr_line' id='line_1_61' title="bbox 400 3179 2038 3279; baseline 0.001 -16"><span class='ocrx_word' id='word_1_420' title='bbox 400 3179 548 3263; x_wconf 66' lang='lat' dir='ltr'><strong>iorte</strong></span> <span class='ocrx_word' id='word_1_421' title='bbox 578 3179 663 3263; x_wconf 78' lang='lat' dir='ltr'><strong>ibi</strong></span> <span class='ocrx_word' id='word_1_422' title='bbox 695 3223 827 3263; x_wconf 88' lang='lat' dir='ltr'><strong>cum</strong></span> <span class='ocrx_word' id='word_1_423' title='bbox 849 3207 1150 3279; x_wconf 88' lang='lat' dir='ltr'><strong>proverbio</strong></span> <span class='ocrx_word' id='word_1_424' title='bbox 1183 3206 1447 3263; x_wconf 85' lang='lat' dir='ltr'><strong>dicatur:</strong></span> <span class='ocrx_word' id='word_1_425' title='bbox 1483 3209 1497 3242; x_wconf 83' lang='grc'>¹</span> <span class='ocrx_word' id='word_1_426' title='bbox 1541 3179 1797 3279; x_wconf 74' lang='lat' dir='ltr'><strong>Capillus</strong></span> <span class='ocrx_word' id='word_1_427' title='bbox 1821 3207 1880 3263; x_wconf 92' lang='lat' dir='ltr'><strong>in</strong></span> <span class='ocrx_word' id='word_1_428' title='bbox 1913 3179 2038 3265; x_wconf 83' lang='lat' dir='ltr'><strong>me-</strong></span> 
     </span>
    </p>
   </div>
   <div class='ocr_carea' id='block_1_61' title="bbox 2158 3179 3828 3282">
    <p class='ocr_par' dir='ltr' id='par_1_61' title="bbox 2158 3179 3828 3282">
     <span class='ocr_line' id='line_1_62' title="bbox 2158 3179 3828 3282; baseline -0.002 -21"><span class='ocrx_word' id='word_1_429' title='bbox 2158 3205 2239 3261; x_wconf 73' lang='grc' dir='ltr'>ιιαὶ</span> <span class='ocrx_word' id='word_1_430' title='bbox 2299 3203 2468 3279; x_wconf 76' lang='grc' dir='ltr'>μηδὲν</span> <span class='ocrx_word' id='word_1_431' title='bbox 2525 3179 2622 3262; x_wconf 73' lang='grc' dir='ltr'><strong>τοῦ</strong></span> <span class='ocrx_word' id='word_1_432' title='bbox 2653 3179 2852 3262; x_wconf 70' lang='grc' dir='ltr'>λοιποῦ</span> <span class='ocrx_word' id='word_1_433' title='bbox 2887 3202 3212 3281; x_wconf 76' lang='grc' dir='ltr'>μεσολαϐεῖν</span> <span class='ocrx_word' id='word_1_434' title='bbox 3241 3206 3308 3282; x_wconf 74' lang='grc' dir='ltr'><strong>τῇ</strong></span> <span class='ocrx_word' id='word_1_435' title='bbox 3337 3179 3474 3278; x_wconf 78' lang='grc' dir='ltr'>πρὸς</span> <span class='ocrx_word' id='word_1_436' title='bbox 3505 3179 3637 3260; x_wconf 67' lang='grc' dir='ltr'>Θεὸν</span> <span class='ocrx_word' id='word_1_437' title='bbox 3671 3204 3828 3259; x_wconf 57' lang='lat' dir='ltr'><strong>ivdi-</strong></span> 
     </span>
    </p>
   </div>
   <div class='ocr_carea' id='block_1_62' title="bbox 397 3296 2041 3369">
    <p class='ocr_par' dir='ltr' id='par_1_62' title="bbox 397 3296 2041 3369">
     <span class='ocr_line' id='line_1_63' title="bbox 397 3296 2041 3369; baseline 0.002 -18"><span class='ocrx_word' id='word_1_438' title='bbox 397 3296 493 3352; x_wconf 92' lang='lat' dir='ltr'><strong>dio</strong></span> <span class='ocrx_word' id='word_1_439' title='bbox 522 3297 605 3369; x_wconf 89' lang='lat'><strong>(7)</strong></span> <span class='ocrx_word' id='word_1_440' title='bbox 629 3321 643 3366; x_wconf 87' lang='lat'><strong>;</strong></span> <span class='ocrx_word' id='word_1_441' title='bbox 668 3319 696 3346; x_wconf 84' lang='grc'>››</span> <span class='ocrx_word' id='word_1_442' title='bbox 721 3301 780 3352; x_wconf 91' lang='lat' dir='ltr'><strong>et</strong></span> <span class='ocrx_word' id='word_1_443' title='bbox 808 3296 986 3353; x_wconf 90' lang='lat' dir='ltr'><strong>simul</strong></span> <span class='ocrx_word' id='word_1_444' title='bbox 1019 3298 1262 3354; x_wconf 88' lang='lat' dir='ltr'><strong>docetur</strong></span> <span class='ocrx_word' id='word_1_445' title='bbox 1288 3314 1408 3364; x_wconf 88' lang='lat' dir='ltr'><strong>eos,</strong></span> <span class='ocrx_word' id='word_1_446' title='bbox 1441 3296 1578 3353; x_wconf 89' lang='lat' dir='ltr'><strong>licet</strong></span> <span class='ocrx_word' id='word_1_447' title='bbox 1609 3297 1893 3364; x_wconf 88' lang='lat' dir='ltr'><strong>carnales,</strong></span> <span class='ocrx_word' id='word_1_448' title='bbox 1927 3298 2041 3354; x_wconf 88' lang='lat' dir='ltr'><strong>alio</strong></span> 
     </span>
    </p>
   </div>
   <div class='ocr_carea' id='block_1_63' title="bbox 393 3385 2043 3458">
    <p class='ocr_par' dir='ltr' id='par_1_63' title="bbox 393 3385 2043 3458">
     <span class='ocr_line' id='line_1_64' title="bbox 393 3385 2043 3458; baseline 0.001 -17"><span class='ocrx_word' id='word_1_449' title='bbox 393 3389 595 3442; x_wconf 86' lang='lat' dir='ltr'><strong>tamen</strong></span> <span class='ocrx_word' id='word_1_450' title='bbox 626 3385 801 3442; x_wconf 90' lang='lat' dir='ltr'><strong>modo</strong></span> <span class='ocrx_word' id='word_1_451' title='bbox 829 3402 1006 3458; x_wconf 89' lang='lat' dir='ltr'><strong>quam</strong></span> <span class='ocrx_word' id='word_1_452' title='bbox 1031 3386 1079 3442; x_wconf 87' lang='lat' dir='ltr'><strong>si</strong></span> <span class='ocrx_word' id='word_1_453' title='bbox 1109 3388 1438 3442; x_wconf 89' lang='lat' dir='ltr'><strong>secundum</strong></span> <span class='ocrx_word' id='word_1_454' title='bbox 1469 3386 1800 3443; x_wconf 69' lang='lat' dir='ltr'><strong>Graecorum</strong></span> <span class='ocrx_word' id='word_1_455' title='bbox 1821 3387 2043 3444; x_wconf 87' lang='lat' dir='ltr'><strong>vanita-</strong></span> 
     </span>
    </p>
   </div>
   <div class='ocr_carea' id='block_1_64' title="bbox 396 3473 2047 3542">
    <p class='ocr_par' dir='ltr' id='par_1_64' title="bbox 396 3473 2047 3542">
     <span class='ocr_line' id='line_1_65' title="bbox 396 3473 2047 3542; baseline 0.001 -12"><span class='ocrx_word' id='word_1_456' title='bbox 396 3478 517 3530; x_wconf 89' lang='lat' dir='ltr'><strong>tem</strong></span> <span class='ocrx_word' id='word_1_457' title='bbox 549 3473 910 3542; x_wconf 86' lang='lat' dir='ltr'><strong>tellerentur,</strong></span> <span class='ocrx_word' id='word_1_458' title='bbox 971 3475 1176 3542; x_wconf 84' lang='lat' dir='ltr'><strong>secari,</strong></span> <span class='ocrx_word' id='word_1_459' title='bbox 1202 3492 1267 3531; x_wconf 90' lang='lat' dir='ltr'><strong>ac</strong></span> <span class='ocrx_word' id='word_1_460' title='bbox 1295 3476 1366 3532; x_wconf 87' lang='lat' dir='ltr'><strong>ad</strong></span> <span class='ocrx_word' id='word_1_461' title='bbox 1424 3475 1610 3531; x_wconf 90' lang='lat' dir='ltr'><strong>imum</strong></span> <span class='ocrx_word' id='word_1_462' title='bbox 1667 3475 1942 3533; x_wconf 88' lang='lat' dir='ltr'><strong>decidant</strong></span> <span class='ocrx_word' id='word_1_463' title='bbox 1990 3480 2047 3532; x_wconf 88' lang='lat' dir='ltr'><strong>et</strong></span> 
     </span>
    </p>
   </div>
   <div class='ocr_carea' id='block_1_65' title="bbox 399 3563 2046 3635">
    <p class='ocr_par' dir='ltr' id='par_1_65' title="bbox 399 3563 2046 3635">
     <span class='ocr_line' id='line_1_66' title="bbox 399 3563 2046 3635; baseline 0.001 -16"><span class='ocrx_word' id='word_1_464' title='bbox 399 3568 644 3619; x_wconf 88' lang='lat' dir='ltr'><strong>onerent</strong></span> <span class='ocrx_word' id='word_1_465' title='bbox 676 3563 1010 3635; x_wconf 83' lang='lat' dir='ltr'><strong>;signi{lcat</strong></span> <span class='ocrx_word' id='word_1_466' title='bbox 1040 3564 1216 3619; x_wconf 88' lang='lat' dir='ltr'><strong>etiam</strong></span> <span class='ocrx_word' id='word_1_467' title='bbox 1251 3581 1313 3620; x_wconf 92' lang='lat' dir='ltr'><strong>se</strong></span> <span class='ocrx_word' id='word_1_468' title='bbox 1342 3565 1474 3620; x_wconf 72' lang='lat' dir='ltr'><strong>vitm</strong></span> <span class='ocrx_word' id='word_1_469' title='bbox 1523 3565 1796 3621; x_wconf 90' lang='lat' dir='ltr'><strong>severiori</strong></span> <span class='ocrx_word' id='word_1_470' title='bbox 1845 3582 2046 3621; x_wconf 89' lang='lat' dir='ltr'><strong>conse-</strong></span> 
     </span>
    </p>
   </div>
   <div class='ocr_carea' id='block_1_66' title="bbox 401 3650 2048 3723">
    <p class='ocr_par' dir='ltr' id='par_1_66' title="bbox 401 3650 2048 3723">
     <span class='ocr_line' id='line_1_67' title="bbox 401 3650 2048 3723; baseline 0.001 -17"><span class='ocrx_word' id='word_1_471' title='bbox 401 3650 574 3718; x_wconf 81' lang='lat' dir='ltr'><strong>crari,</strong></span> <span class='ocrx_word' id='word_1_472' title='bbox 635 3653 807 3722; x_wconf 84' lang='lat' dir='ltr'><strong>cujus</strong></span> <span class='ocrx_word' id='word_1_473' title='bbox 858 3653 1023 3723; x_wconf 74' lang='lat' dir='ltr'><strong>nigra</strong></span> <span class='ocrx_word' id='word_1_474' title='bbox 1083 3653 1428 3708; x_wconf 90' lang='lat' dir='ltr'><strong>indumenta</strong></span> <span class='ocrx_word' id='word_1_475' title='bbox 1485 3653 1545 3708; x_wconf 90' lang='lat' dir='ltr'><strong>in</strong></span> <span class='ocrx_word' id='word_1_476' title='bbox 1594 3655 1796 3709; x_wconf 92' lang='lat' dir='ltr'><strong>eodem</strong></span> <span class='ocrx_word' id='word_1_477' title='bbox 1882 3653 2048 3709; x_wconf 89' lang='lat' dir='ltr'><strong>altari</strong></span> 
     </span>
    </p>
   </div>
   <div class='ocr_carea' id='block_1_67' title="bbox 402 3740 2051 3813">
    <p class='ocr_par' dir='ltr' id='par_1_67' title="bbox 402 3740 2051 3813">
     <span class='ocr_line' id='line_1_68' title="bbox 402 3740 2051 3813; baseline 0.001 -18"><span class='ocrx_word' id='word_1_478' title='bbox 402 3744 788 3812; x_wconf 87' lang='lat' dir='ltr'><strong>reponuntur.</strong></span> <span class='ocrx_word' id='word_1_479' title='bbox 850 3740 1074 3796; x_wconf 86' lang='lat' dir='ltr'><strong>Etenim</strong></span> <span class='ocrx_word' id='word_1_480' title='bbox 1131 3740 1182 3796; x_wconf 87' lang='lat' dir='ltr'><strong>is</strong></span> <span class='ocrx_word' id='word_1_481' title='bbox 1231 3741 1352 3812; x_wconf 89' lang='lat' dir='ltr'><strong>qui,</strong></span> <span class='ocrx_word' id='word_1_482' title='bbox 1401 3747 1637 3813; x_wconf 87' lang='lat' dir='ltr'><strong>accepta</strong></span> <span class='ocrx_word' id='word_1_483' title='bbox 1684 3747 1945 3810; x_wconf 88' lang='lat' dir='ltr'><strong>tonsura,</strong></span> <span class='ocrx_word' id='word_1_484' title='bbox 1978 3742 2051 3797; x_wconf 89' lang='lat' dir='ltr'><strong>ad</strong></span> 
     </span>
    </p>
   </div>
   <div class='ocr_carea' id='block_1_68' title="bbox 402 3830 2052 3902">
    <p class='ocr_par' dir='ltr' id='par_1_68' title="bbox 402 3830 2052 3902">
     <span class='ocr_line' id='line_1_69' title="bbox 402 3830 2052 3902; baseline 0.001 -15"><span class='ocrx_word' id='word_1_485' title='bbox 402 3831 689 3887; x_wconf 68' lang='lat' dir='ltr'><strong>saculum</strong></span> <span class='ocrx_word' id='word_1_486' title='bbox 715 3830 926 3902; x_wconf 88' lang='lat' dir='ltr'><strong>redire,</strong></span> <span class='ocrx_word' id='word_1_487' title='bbox 958 3836 1017 3886; x_wconf 92' lang='lat' dir='ltr'><strong>et</strong></span> <span class='ocrx_word' id='word_1_488' title='bbox 1046 3831 1367 3888; x_wconf 89' lang='lat' dir='ltr'><strong>mundatus</strong></span> <span class='ocrx_word' id='word_1_489' title='bbox 1397 3849 1526 3889; x_wconf 90' lang='lat' dir='ltr'><strong>esse</strong></span> <span class='ocrx_word' id='word_1_490' title='bbox 1549 3833 1780 3901; x_wconf 88' lang='lat' dir='ltr'><strong>debere,</strong></span> <span class='ocrx_word' id='word_1_491' title='bbox 1841 3832 2052 3890; x_wconf 90' lang='lat' dir='ltr'><strong>melius</strong></span> 
     </span>
    </p>
   </div>
   <div class='ocr_carea' id='block_1_69' title="bbox 403 3917 2051 3992">
    <p class='ocr_par' dir='ltr' id='par_1_69' title="bbox 403 3917 2051 3992">
     <span class='ocr_line' id='line_1_70' title="bbox 403 3917 2051 3992; baseline 0.001 -18"><span class='ocrx_word' id='word_1_492' title='bbox 403 3923 561 3974; x_wconf 88' lang='lat' dir='ltr'><strong>esset</strong></span> <span class='ocrx_word' id='word_1_493' title='bbox 589 3918 642 3975; x_wconf 88' lang='lat' dir='ltr'><strong>ei</strong></span> <span class='ocrx_word' id='word_1_494' title='bbox 677 3934 793 3974; x_wconf 89' lang='lat' dir='ltr'><strong>non</strong></span> <span class='ocrx_word' id='word_1_495' title='bbox 825 3917 1024 3974; x_wconf 90' lang='lat' dir='ltr'><strong>calvus</strong></span> <span class='ocrx_word' id='word_1_496' title='bbox 1047 3918 1196 3985; x_wconf 84' lang='lat' dir='ltr'><strong>ﬁeri,</strong></span> <span class='ocrx_word' id='word_1_497' title='bbox 1227 3929 1278 3976; x_wconf 90' lang='lat' dir='ltr'><strong>el</strong></span> <span class='ocrx_word' id='word_1_498' title='bbox 1313 3920 1564 3976; x_wconf 90' lang='lat' dir='ltr'><strong>circulos</strong></span> <span class='ocrx_word' id='word_1_499' title='bbox 1589 3921 1666 3992; x_wconf 93' lang='lat'><strong>(8)</strong></span> <span class='ocrx_word' id='word_1_500' title='bbox 1714 3936 1892 3977; x_wconf 69' lang='lat' dir='ltr'><strong>comis</strong></span> <span class='ocrx_word' id='word_1_501' title='bbox 1944 3938 2051 3976; x_wconf 89' lang='lat' dir='ltr'><strong>nu-</strong></span> 
     </span>
    </p>
   </div>
   <div class='ocr_carea' id='block_1_70' title="bbox 400 4007 2056 4084">
    <p class='ocr_par' dir='ltr' id='par_1_70' title="bbox 400 4007 2056 4084">
     <span class='ocr_line' id='line_1_71' title="bbox 400 4007 2056 4084; baseline 0.001 -20"><span class='ocrx_word' id='word_1_502' title='bbox 400 4008 547 4064; x_wconf 88' lang='lat' dir='ltr'><strong>trire</strong></span> <span class='ocrx_word' id='word_1_503' title='bbox 568 4007 898 4081; x_wconf 86' lang='lat' dir='ltr'><strong>plusquam</strong></span> <span class='ocrx_word' id='word_1_504' title='bbox 919 4007 1220 4077; x_wconf 79' lang='lat' dir='ltr'><strong>Absalom,</strong></span> <span class='ocrx_word' id='word_1_505' title='bbox 1256 4027 1432 4082; x_wconf 91' lang='lat' dir='ltr'><strong>quam</strong></span> <span class='ocrx_word' id='word_1_506' title='bbox 1467 4017 1738 4068; x_wconf 91' lang='lat' dir='ltr'><strong>sanctum</strong></span> <span class='ocrx_word' id='word_1_507' title='bbox 1770 4011 2056 4084; x_wconf 88' lang='lat' dir='ltr'><strong>Spiritum</strong></span> 
     </span>
    </p>
   </div>
   <div class='ocr_carea' id='block_1_71' title="bbox 409 4095 2058 4174">
    <p class='ocr_par' dir='ltr' id='par_1_71' title="bbox 409 4095 2058 4174">
     <span class='ocr_line' id='line_1_72' title="bbox 409 4095 2058 4174; baseline 0.002 -23"><span class='ocrx_word' id='word_1_508' title='bbox 409 4095 697 4167; x_wconf 80' lang='lat' dir='ltr'><strong>fallere,et</strong></span> <span class='ocrx_word' id='word_1_509' title='bbox 713 4096 995 4152; x_wconf 81' lang='lat' dir='ltr'><strong>simulare</strong></span> <span class='ocrx_word' id='word_1_510' title='bbox 1019 4097 1275 4154; x_wconf 82' lang='lat' dir='ltr'><strong>famosos</strong></span> <span class='ocrx_word' id='word_1_511' title='bbox 1303 4098 1941 4172; x_wconf 51' lang='lat' dir='ltr'><strong>latronesi’Egyptiacos</strong></span> <span class='ocrx_word' id='word_1_512' title='bbox 1956 4099 2058 4174; x_wconf 92' lang='lat' dir='ltr'><strong>qui</strong></span> 
     </span>
    </p>
   </div>
   <div class='ocr_carea' id='block_1_72' title="bbox 408 4183 2058 4261">
    <p class='ocr_par' dir='ltr' id='par_1_72' title="bbox 408 4183 2058 4261">
     <span class='ocr_line' id='line_1_73' title="bbox 408 4183 2058 4261; baseline 0.003 -22"><span class='ocrx_word' id='word_1_513' title='bbox 408 4185 660 4255; x_wconf 87' lang='lat' dir='ltr'><strong>comptis</strong></span> <span class='ocrx_word' id='word_1_514' title='bbox 692 4183 1139 4256; x_wconf 78' lang='lat' dir='ltr'><strong>capillisfaciem</strong></span> <span class='ocrx_word' id='word_1_515' title='bbox 1171 4185 1338 4258; x_wconf 90' lang='lat' dir='ltr'><strong>nigro</strong></span> <span class='ocrx_word' id='word_1_516' title='bbox 1356 4187 1830 4244; x_wconf 88' lang='lat' dir='ltr'><strong>coloreint‘ectam</strong></span> <span class='ocrx_word' id='word_1_517' title='bbox 1853 4205 2058 4261; x_wconf 84' lang='lat' dir='ltr'><strong>super-</strong></span> 
     </span>
    </p>
   </div>
   <div class='ocr_carea' id='block_1_73' title="bbox 411 4271 2060 4345">
    <p class='ocr_par' dir='ltr' id='par_1_73' title="bbox 411 4271 2060 4345">
     <span class='ocr_line' id='line_1_74' title="bbox 411 4271 2060 4345; baseline 0.004 -17"><span class='ocrx_word' id='word_1_518' title='bbox 411 4271 661 4344; x_wconf 87' lang='lat' dir='ltr'><strong>addunt,</strong></span> <span class='ocrx_word' id='word_1_519' title='bbox 695 4274 1236 4345; x_wconf 85' lang='lat' dir='ltr'><strong>agnoscantur;sivc</strong></span> <span class='ocrx_word' id='word_1_520' title='bbox 1267 4275 1440 4331; x_wconf 74' lang='lat' dir='ltr'><strong>etiam</strong></span> <span class='ocrx_word' id='word_1_521' title='bbox 1477 4282 1834 4334; x_wconf 87' lang='lat' dir='ltr'><strong>memoratos</strong></span> <span class='ocrx_word' id='word_1_522' title='bbox 1880 4279 2060 4334; x_wconf 86' lang='lat' dir='ltr'><strong>Acar-</strong></span> 
     </span>
    </p>
   </div>
   <div class='ocr_carea' id='block_1_74' title="bbox 412 4363 2060 4436">
    <p class='ocr_par' dir='ltr' id='par_1_74' title="bbox 412 4363 2060 4436">
     <span class='ocr_line' id='line_1_75' title="bbox 412 4363 2060 4436; baseline 0.002 -18"><span class='ocrx_word' id='word_1_523' title='bbox 412 4377 597 4418; x_wconf 88' lang='lat' dir='ltr'><strong>nanes</strong></span> <span class='ocrx_word' id='word_1_524' title='bbox 628 4363 784 4436; x_wconf 88' lang='lat' dir='ltr'><strong>apud</strong></span> <span class='ocrx_word' id='word_1_525' title='bbox 817 4378 966 4434; x_wconf 87' lang='lat' dir='ltr'><strong>quos</strong></span> <span class='ocrx_word' id='word_1_526' title='bbox 997 4364 1214 4419; x_wconf 79' lang='lat' dir='ltr'><strong>Curetas</strong></span> <span class='ocrx_word' id='word_1_527' title='bbox 1253 4364 1397 4418; x_wconf 86' lang='lat' dir='ltr'><strong>nihil</strong></span> <span class='ocrx_word' id='word_1_528' title='bbox 1457 4365 1718 4421; x_wconf 87' lang='lat' dir='ltr'><strong>solemne</strong></span> <span class='ocrx_word' id='word_1_529' title='bbox 1777 4366 2060 4422; x_wconf 89' lang='lat' dir='ltr'><strong>ferebant.</strong></span> 
     </span>
    </p>
   </div>
   <div class='ocr_carea' id='block_1_75' title="bbox 2151 3291 3828 3372">
    <p class='ocr_par' dir='ltr' id='par_1_75' title="bbox 2151 3291 3828 3372">
     <span class='ocr_line' id='line_1_76' title="bbox 2151 3291 3828 3372; baseline 0.001 -24"><span class='ocrx_word' id='word_1_530' title='bbox 2151 3315 2230 3352; x_wconf 92' lang='grc' dir='ltr'><strong>σει</strong></span> <span class='ocrx_word' id='word_1_531' title='bbox 2280 3298 2377 3350; x_wconf 79' lang='grc' dir='ltr'><strong>τοῦ</strong></span> <span class='ocrx_word' id='word_1_532' title='bbox 2442 3297 2557 3350; x_wconf 86' lang='grc' dir='ltr'>κατ’</span> <span class='ocrx_word' id='word_1_533' title='bbox 2618 3297 2902 3372; x_wconf 79' lang='grc' dir='ltr'>ἄνθρωπον</span> <span class='ocrx_word' id='word_1_534' title='bbox 2967 3295 3312 3372; x_wconf 53' lang='grc' dir='ltr'>λογιστικοῦ</span> <span class='ocrx_word' id='word_1_535' title='bbox 3363 3293 3457 3350; x_wconf 78' lang='grc' dir='ltr'>ἵνα</span> <span class='ocrx_word' id='word_1_536' title='bbox 3513 3291 3648 3367; x_wconf 80' lang='grc' dir='ltr'><strong>μηδ’</strong></span> <span class='ocrx_word' id='word_1_537' title='bbox 3678 3293 3828 3349; x_wconf 78' lang='grc' dir='ltr'>αὐτὸ</span> 
     </span>
    </p>
   </div>
   <div class='ocr_carea' id='block_1_76' title="bbox 2150 3383 3823 3462">
    <p class='ocr_par' dir='ltr' id='par_1_76' title="bbox 2150 3383 3823 3462">
     <span class='ocr_line' id='line_1_77' title="bbox 2150 3383 3823 3462; baseline -0.002 -22"><span class='ocrx_word' id='word_1_538' title='bbox 2150 3389 2311 3440; x_wconf 77' lang='grc' dir='ltr'>τοῦτο</span> <span class='ocrx_word' id='word_1_539' title='bbox 2370 3384 2593 3461; x_wconf 76' lang='grc' dir='ltr'>λέγηται</span> <span class='ocrx_word' id='word_1_540' title='bbox 2645 3391 3030 3462; x_wconf 68' lang='grc' dir='ltr'>παροιμιακῶδ</span> <span class='ocrx_word' id='word_1_541' title='bbox 3082 3385 3311 3450; x_wconf 71' lang='grc' dir='ltr'>ἐνταῦθα</span> <span class='ocrx_word' id='word_1_542' title='bbox 3361 3387 3448 3440; x_wconf 85' lang='grc' dir='ltr'>τό⁴</span> <span class='ocrx_word' id='word_1_543' title='bbox 3482 3408 3509 3436; x_wconf 76' lang='grc' dir='ltr'><strong>α</strong></span> <span class='ocrx_word' id='word_1_544' title='bbox 3545 3384 3676 3457; x_wconf 76' lang='grc' dir='ltr'><strong>Θρὶξ</strong></span> <span class='ocrx_word' id='word_1_545' title='bbox 3707 3383 3823 3437; x_wconf 75' lang='grc' dir='ltr'><strong><em>ἀνᾶ</em></strong></span> 
     </span>
    </p>
   </div>
   <div class='ocr_carea' id='block_1_77' title="bbox 2158 3469 3826 3548">
    <p class='ocr_par' dir='ltr' id='par_1_77' title="bbox 2158 3469 3826 3548">
     <span class='ocr_line' id='line_1_78' title="bbox 2158 3469 3826 3548; baseline -0.003 -19"><span class='ocrx_word' id='word_1_546' title='bbox 2158 3472 2338 3547; x_wconf 69' lang='grc' dir='ltr'>μέσονσ</span> <span class='ocrx_word' id='word_1_547' title='bbox 2400 3497 2430 3525; x_wconf 85' lang='grc'><strong>»</strong></span> <span class='ocrx_word' id='word_1_548' title='bbox 2485 3475 2599 3547; x_wconf 82' lang='grc' dir='ltr'><strong>ἅμα</strong></span> <span class='ocrx_word' id='word_1_549' title='bbox 2656 3471 2715 3528; x_wconf 70' lang='grc' dir='ltr'><strong>δὲ</strong></span> <span class='ocrx_word' id='word_1_550' title='bbox 2773 3471 3132 3547; x_wconf 78' lang='grc' dir='ltr'>παραδεικνὺς</span> <span class='ocrx_word' id='word_1_551' title='bbox 3177 3475 3264 3528; x_wconf 85' lang='grc' dir='ltr'><strong>καὶ</strong></span> <span class='ocrx_word' id='word_1_552' title='bbox 3300 3473 3395 3544; x_wconf 83' lang='grc' dir='ltr'><strong>ὡς,</strong></span> <span class='ocrx_word' id='word_1_553' title='bbox 3427 3470 3574 3548; x_wconf 74' lang='grc' dir='ltr'>εἶ’περ</span> <span class='ocrx_word' id='word_1_554' title='bbox 3614 3473 3689 3540; x_wconf 68' lang='grc' dir='ltr'>ἦν</span> <span class='ocrx_word' id='word_1_555' title='bbox 3719 3469 3826 3524; x_wconf 74' lang='grc' dir='ltr'><strong>καὶ</strong></span> 
     </span>
    </p>
   </div>
   <div class='ocr_carea' id='block_1_78' title="bbox 2153 3557 3832 3639">
    <p class='ocr_par' dir='ltr' id='par_1_78' title="bbox 2153 3557 3832 3639">
     <span class='ocr_line' id='line_1_79' title="bbox 2153 3557 3832 3639; baseline -0.004 -21"><span class='ocrx_word' id='word_1_556' title='bbox 2153 3569 2256 3632; x_wconf 87' lang='grc' dir='ltr'><strong>τῆς</strong></span> <span class='ocrx_word' id='word_1_557' title='bbox 2287 3563 2508 3637; x_wconf 88' lang='grc' dir='ltr'>σαρκὸς,</span> <span class='ocrx_word' id='word_1_558' title='bbox 2567 3562 2809 3636; x_wconf 67' lang='grc' dir='ltr'>ἐξέτεμεν</span> <span class='ocrx_word' id='word_1_559' title='bbox 2861 3564 2920 3618; x_wconf 77' lang='grc' dir='ltr'><strong>ἂν</strong></span> <span class='ocrx_word' id='word_1_560' title='bbox 2971 3561 3142 3619; x_wconf 72' lang='grc' dir='ltr'>ἄλλον</span> <span class='ocrx_word' id='word_1_561' title='bbox 3173 3557 3398 3639; x_wconf 76' lang='grc' dir='ltr'>τρόπον,</span> <span class='ocrx_word' id='word_1_562' title='bbox 3428 3559 3568 3635; x_wconf 73' lang='grc' dir='ltr'>ἤπερ</span> <span class='ocrx_word' id='word_1_563' title='bbox 3598 3558 3649 3614; x_wconf 65' lang='grc' dir='ltr'>εἴ</span> <span class='ocrx_word' id='word_1_564' title='bbox 3680 3559 3832 3614; x_wconf 75' lang='grc' dir='ltr'>κατὰ</span> 
     </span>
    </p>
   </div>
   <div class='ocr_carea' id='block_1_79' title="bbox 2155 3650 3831 3732">
    <p class='ocr_par' dir='ltr' id='par_1_79' title="bbox 2155 3650 3831 3732">
     <span class='ocr_line' id='line_1_80' title="bbox 2155 3650 3831 3732; baseline -0.004 -22"><span class='ocrx_word' id='word_1_565' title='bbox 2155 3655 2256 3722; x_wconf 79' lang='grc' dir='ltr'><strong>τήν</strong></span> <span class='ocrx_word' id='word_1_566' title='bbox 2310 3652 2643 3724; x_wconf 71' lang='grc' dir='ltr'>Ἑλληνικὴν</span> <span class='ocrx_word' id='word_1_567' title='bbox 2674 3653 3017 3730; x_wconf 69' lang='grc' dir='ltr'>ἀπηργμένοι</span> <span class='ocrx_word' id='word_1_568' title='bbox 3051 3653 3343 3732; x_wconf 75' lang='grc' dir='ltr'>φλυαρίαν,</span> <span class='ocrx_word' id='word_1_569' title='bbox 3396 3650 3491 3707; x_wconf 69' lang='grc' dir='ltr'>’ίνα</span> <span class='ocrx_word' id='word_1_570' title='bbox 3542 3652 3615 3724; x_wconf 84' lang='grc' dir='ltr'><strong>μή</strong></span> <span class='ocrx_word' id='word_1_571' title='bbox 3669 3651 3831 3704; x_wconf 76' lang='grc' dir='ltr'>κάτω</span> 
     </span>
    </p>
   </div>
   <div class='ocr_carea' id='block_1_80' title="bbox 2165 3739 3831 3822">
    <p class='ocr_par' dir='ltr' id='par_1_80' title="bbox 2165 3739 3831 3822">
     <span class='ocr_line' id='line_1_81' title="bbox 2165 3739 3831 3822; baseline -0.003 -24"><span class='ocrx_word' id='word_1_572' title='bbox 2165 3743 2363 3819; x_wconf 83' lang='grc' dir='ltr'>βρίθων</span> <span class='ocrx_word' id='word_1_573' title='bbox 2402 3743 2721 3818; x_wconf 73' lang='grc' dir='ltr'>βαρύνηταιο</span> <span class='ocrx_word' id='word_1_574' title='bbox 2784 3743 3111 3822; x_wconf 83' lang='grc' dir='ltr'>ὑπογράφων</span> <span class='ocrx_word' id='word_1_575' title='bbox 3173 3741 3230 3799; x_wconf 75' lang='grc' dir='ltr'><strong>δὶ</strong></span> <span class='ocrx_word' id='word_1_576' title='bbox 3283 3743 3396 3812; x_wconf 85' lang='grc' dir='ltr'>καὶ,</span> <span class='ocrx_word' id='word_1_577' title='bbox 3454 3741 3530 3802; x_wconf 86' lang='grc' dir='ltr'><strong>ὡς</strong></span> <span class='ocrx_word' id='word_1_578' title='bbox 3560 3739 3649 3794; x_wconf 70' lang='grc' dir='ltr'><strong>ἐπὶ</strong></span> <span class='ocrx_word' id='word_1_579' title='bbox 3690 3759 3831 3794; x_wconf 84' lang='grc' dir='ltr'>πεν-</span> 
     </span>
    </p>
   </div>
   <div class='ocr_carea' id='block_1_81' title="bbox 2160 3826 3828 3910">
    <p class='ocr_par' dir='ltr' id='par_1_81' title="bbox 2160 3826 3828 3910">
     <span class='ocr_line' id='line_1_82' title="bbox 2160 3826 3828 3910; baseline -0.002 -23"><span class='ocrx_word' id='word_1_580' title='bbox 2160 3831 2306 3906; x_wconf 85' lang='grc' dir='ltr'>Θίμῳ</span> <span class='ocrx_word' id='word_1_581' title='bbox 2355 3831 2594 3898; x_wconf 85' lang='grc' dir='ltr'>τελεῖται</span> <span class='ocrx_word' id='word_1_582' title='bbox 2631 3878 2644 3905; x_wconf 95' lang='grc'><strong>,</strong></span> <span class='ocrx_word' id='word_1_583' title='bbox 2716 3834 2762 3906; x_wconf 84' lang='grc' dir='ltr'>ᾧ</span> <span class='ocrx_word' id='word_1_584' title='bbox 2831 3833 3123 3910; x_wconf 82' lang='grc' dir='ltr'>σύμφωνος</span> <span class='ocrx_word' id='word_1_585' title='bbox 3191 3831 3280 3887; x_wconf 86' lang='grc' dir='ltr'><strong>καὶ</strong></span> <span class='ocrx_word' id='word_1_586' title='bbox 3336 3833 3372 3900; x_wconf 79' lang='grc' dir='ltr'>ἡ</span> <span class='ocrx_word' id='word_1_587' title='bbox 3434 3826 3828 3904; x_wconf 73' lang='grc' dir='ltr'>μελαμφορίαο</span> 
     </span>
    </p>
   </div>
   <div class='ocr_carea' id='block_1_82' title="bbox 2164 3914 3830 3998">
    <p class='ocr_par' dir='ltr' id='par_1_82' title="bbox 2164 3914 3830 3998">
     <span class='ocr_line' id='line_1_83' title="bbox 2164 3914 3830 3998; baseline -0.005 -22"><span class='ocrx_word' id='word_1_588' title='bbox 2164 3921 2263 3993; x_wconf 84' lang='grc' dir='ltr'>ὡς,</span> <span class='ocrx_word' id='word_1_589' title='bbox 2318 3920 2466 3998; x_wconf 76' lang='grc' dir='ltr'>εἷ’περ</span> <span class='ocrx_word' id='word_1_590' title='bbox 2524 3919 2628 3978; x_wconf 82' lang='grc' dir='ltr'>ἔδει</span> <span class='ocrx_word' id='word_1_591' title='bbox 2687 3922 3004 3996; x_wconf 81' lang='grc' dir='ltr'>κειράμενόν</span> <span class='ocrx_word' id='word_1_592' title='bbox 3061 3941 3182 3976; x_wconf 90' lang='grc' dir='ltr'>τινα</span> <span class='ocrx_word' id='word_1_593' title='bbox 3233 3914 3616 3996; x_wconf 75' lang='grc' dir='ltr'>τρίϐεσθαιεὶς</span> <span class='ocrx_word' id='word_1_594' title='bbox 3672 3916 3830 3992; x_wconf 81' lang='grc' dir='ltr'>βίον,</span> 
     </span>
    </p>
   </div>
   <div class='ocr_carea' id='block_1_83' title="bbox 2163 4002 3832 4088">
    <p class='ocr_par' dir='ltr' id='par_1_83' title="bbox 2163 4002 3832 4088">
     <span class='ocr_line' id='line_1_84' title="bbox 2163 4002 3832 4088; baseline -0.005 -19"><span class='ocrx_word' id='word_1_595' title='bbox 2163 4011 2254 4069; x_wconf 86' lang='grc' dir='ltr'><strong>καὶ</strong></span> <span class='ocrx_word' id='word_1_596' title='bbox 2291 4011 2702 4088; x_wconf 86' lang='grc' dir='ltr'>κοσμικώτερον</span> <span class='ocrx_word' id='word_1_597' title='bbox 2761 4011 2914 4081; x_wconf 78' lang='grc' dir='ltr'>εἶναι,</span> <span class='ocrx_word' id='word_1_598' title='bbox 2946 4015 3188 4087; x_wconf 85' lang='grc' dir='ltr'>κρεῖττον</span> <span class='ocrx_word' id='word_1_599' title='bbox 3218 4011 3285 4078; x_wconf 69' lang='grc' dir='ltr'><strong>ἦν</strong></span> <span class='ocrx_word' id='word_1_600' title='bbox 3322 4009 3398 4081; x_wconf 76' lang='grc' dir='ltr'>μὴ</span> <span class='ocrx_word' id='word_1_601' title='bbox 3430 4005 3574 4062; x_wconf 76' lang='grc' dir='ltr'>οὕτω</span> <span class='ocrx_word' id='word_1_602' title='bbox 3621 4002 3832 4079; x_wconf 68' lang='grc' dir='ltr'>μαδῷθ,</span> 
     </span>
    </p>
   </div>
   <div class='ocr_carea' id='block_1_84' title="bbox 2167 4090 3830 4178">
    <p class='ocr_par' dir='ltr' id='par_1_84' title="bbox 2167 4090 3830 4178">
     <span class='ocr_line' id='line_1_85' title="bbox 2167 4090 3830 4178; baseline -0.006 -20"><span class='ocrx_word' id='word_1_603' title='bbox 2167 4099 2312 4158; x_wconf 73' lang='grc' dir='ltr'>ἀλλὰ</span> <span class='ocrx_word' id='word_1_604' title='bbox 2365 4099 2576 4178; x_wconf 75' lang='grc' dir='ltr'>τρέφειν</span> <span class='ocrx_word' id='word_1_605' title='bbox 2635 4100 2856 4163; x_wconf 82' lang='grc' dir='ltr'>σίκλους</span> <span class='ocrx_word' id='word_1_606' title='bbox 2912 4100 3091 4174; x_wconf 86' lang='grc' dir='ltr'>κόμης</span> <span class='ocrx_word' id='word_1_607' title='bbox 3143 4099 3276 4172; x_wconf 70' lang='grc' dir='ltr'>ὑπὲρ</span> <span class='ocrx_word' id='word_1_608' title='bbox 3304 4097 3397 4154; x_wconf 85' lang='grc' dir='ltr'><strong>τὸν</strong></span> <span class='ocrx_word' id='word_1_609' title='bbox 3429 4090 3830 4166; x_wconf 73' lang='grc' dir='ltr'>Ἀεεσσαλὼμ,</span> 
     </span>
    </p>
   </div>
   <div class='ocr_carea' id='block_1_85' title="bbox 2168 4183 3833 4265">
    <p class='ocr_par' dir='ltr' id='par_1_85' title="bbox 2168 4183 3833 4265">
     <span class='ocr_line' id='line_1_86' title="bbox 2168 4183 3833 4265; baseline -0.005 -21"><span class='ocrx_word' id='word_1_610' title='bbox 2168 4187 2309 4265; x_wconf 76' lang='grc' dir='ltr'>ἥπερ</span> <span class='ocrx_word' id='word_1_611' title='bbox 2361 4189 2424 4243; x_wconf 86' lang='grc' dir='ltr'>τὸ</span> <span class='ocrx_word' id='word_1_612' title='bbox 2478 4190 2626 4265; x_wconf 77' lang='grc' dir='ltr'>ἅγιον</span> <span class='ocrx_word' id='word_1_613' title='bbox 2688 4193 2907 4262; x_wconf 78' lang='grc' dir='ltr'>Πνεῦμα</span> <span class='ocrx_word' id='word_1_614' title='bbox 2961 4187 3289 4263; x_wconf 76' lang='grc' dir='ltr'>ψεύσασθαι,</span> <span class='ocrx_word' id='word_1_615' title='bbox 3339 4183 3833 4261; x_wconf 75' lang='grc' dir='ltr'>προσενθυμούμε-</span> 
     </span>
    </p>
   </div>
   <div class='ocr_carea' id='block_1_86' title="bbox 2170 4271 3832 4351">
    <p class='ocr_par' dir='ltr' id='par_1_86' title="bbox 2170 4271 3832 4351">
     <span class='ocr_line' id='line_1_87' title="bbox 2170 4271 3832 4351; baseline -0.005 -17"><span class='ocrx_word' id='word_1_616' title='bbox 2170 4299 2261 4334; x_wconf 92' lang='grc' dir='ltr'><strong>νον</strong></span> <span class='ocrx_word' id='word_1_617' title='bbox 2295 4277 2521 4342; x_wconf 80' lang='grc' dir='ltr'>ἐνταῦθα</span> <span class='ocrx_word' id='word_1_618' title='bbox 2549 4277 2639 4333; x_wconf 88' lang='grc' dir='ltr'><strong>καὶ</strong></span> <span class='ocrx_word' id='word_1_619' title='bbox 2691 4276 2820 4341; x_wconf 79' lang='grc' dir='ltr'>τοὺς</span> <span class='ocrx_word' id='word_1_620' title='bbox 2869 4278 3007 4333; x_wconf 79' lang='grc' dir='ltr'>κατὰ</span> <span class='ocrx_word' id='word_1_621' title='bbox 3058 4278 3158 4348; x_wconf 80' lang='grc' dir='ltr'><strong>τὴν</strong></span> <span class='ocrx_word' id='word_1_622' title='bbox 3173 4273 3485 4350; x_wconf 82' lang='grc' dir='ltr'>’παροιμίαν</span> <span class='ocrx_word' id='word_1_623' title='bbox 3517 4271 3832 4351; x_wconf 79' lang='grc' dir='ltr'>Αἴγυπτιά-</span> 
     </span>
    </p>
   </div>
   <div class='ocr_carea' id='block_1_87' title="bbox 2173 4359 3833 4442">
    <p class='ocr_par' dir='ltr' id='par_1_87' title="bbox 2173 4359 3833 4442">
     <span class='ocr_line' id='line_1_88' title="bbox 2173 4359 3833 4442; baseline -0.003 -21"><span class='ocrx_word' id='word_1_624' title='bbox 2173 4371 2358 4436; x_wconf 80' lang='grc' dir='ltr'>ζοντας</span> <span class='ocrx_word' id='word_1_625' title='bbox 2418 4365 2639 4440; x_wconf 79' lang='grc' dir='ltr'>λῃστὰς,</span> <span class='ocrx_word' id='word_1_626' title='bbox 2701 4364 2754 4422; x_wconf 57' lang='grc' dir='ltr'>οτί</span> <span class='ocrx_word' id='word_1_627' title='bbox 2809 4367 2950 4442; x_wconf 86' lang='grc' dir='ltr'>πρὸς</span> <span class='ocrx_word' id='word_1_628' title='bbox 3003 4369 3073 4441; x_wconf 77' lang='grc' dir='ltr'><strong>τῇ</strong></span> <span class='ocrx_word' id='word_1_629' title='bbox 3112 4364 3387 4442; x_wconf 73' lang='grc' dir='ltr'>περιέργῳ</span> <span class='ocrx_word' id='word_1_630' title='bbox 3443 4365 3614 4439; x_wconf 81' lang='grc' dir='ltr'>κουρᾷ</span> <span class='ocrx_word' id='word_1_631' title='bbox 3639 4359 3736 4416; x_wconf 87' lang='grc' dir='ltr'><strong>καὶ</strong></span> <span class='ocrx_word' id='word_1_632' title='bbox 3763 4360 3833 4416; x_wconf 71' lang='grc' dir='ltr'><strong>τὸ</strong></span> 
     </span>
    </p>
   </div>
   <div class='ocr_carea' id='block_1_88' title="bbox 411 4446 3836 4530">
    <p class='ocr_par' dir='ltr' id='par_1_88' title="bbox 411 4446 3836 4530">
     <span class='ocr_line' id='line_1_89' title="bbox 411 4446 3836 4530; baseline -0 -27"><span class='ocrx_word' id='word_1_633' title='bbox 411 4448 707 4524; x_wconf 91' lang='grc' dir='ltr'>πρόσωπον</span> <span class='ocrx_word' id='word_1_634' title='bbox 737 4449 1090 4524; x_wconf 79' lang='grc' dir='ltr'>ἀμαυροῦσιν,</span> <span class='ocrx_word' id='word_1_635' title='bbox 1125 4448 1200 4511; x_wconf 84' lang='grc' dir='ltr'><strong>ὡς</strong></span> <span class='ocrx_word' id='word_1_636' title='bbox 1232 4451 1307 4522; x_wconf 83' lang='grc' dir='ltr'>μή</span> <span class='ocrx_word' id='word_1_637' title='bbox 1342 4451 1719 4525; x_wconf 81' lang='grc' dir='ltr'>γνωρίζεσθαι·</span> <span class='ocrx_word' id='word_1_638' title='bbox 1753 4446 1830 4506; x_wconf 78' lang='grc' dir='ltr'>ἔτι</span> <span class='ocrx_word' id='word_1_639' title='bbox 1863 4448 1920 4506; x_wconf 71' lang='grc' dir='ltr'><strong>δὲ</strong></span> <span class='ocrx_word' id='word_1_640' title='bbox 1950 4451 2038 4506; x_wconf 84' lang='grc' dir='ltr'><strong>καὶ</strong></span> <span class='ocrx_word' id='word_1_641' title='bbox 2069 4452 2197 4516; x_wconf 80' lang='grc' dir='ltr'>τοὺς</span> <span class='ocrx_word' id='word_1_642' title='bbox 2229 4454 2650 4530; x_wconf 72' lang='grc' dir='ltr'>ἱστορουμένους</span> <span class='ocrx_word' id='word_1_643' title='bbox 2680 4455 3031 4530; x_wconf 78' lang='grc' dir='ltr'>Ἀκαρνᾶνας,</span> <span class='ocrx_word' id='word_1_644' title='bbox 3061 4455 3191 4528; x_wconf 79' lang='grc' dir='ltr'>παρ’</span> <span class='ocrx_word' id='word_1_645' title='bbox 3214 4454 3296 4515; x_wconf 73' lang='grc' dir='ltr'>οἷς</span> <span class='ocrx_word' id='word_1_646' title='bbox 3326 4447 3482 4506; x_wconf 68' lang='grc' dir='ltr'>οὐδὲν</span> <span class='ocrx_word' id='word_1_647' title='bbox 3528 4469 3583 4505; x_wconf 86' lang='grc' dir='ltr'><strong>τι</strong></span> <span class='ocrx_word' id='word_1_648' title='bbox 3629 4446 3836 4522; x_wconf 80' lang='grc' dir='ltr'>σεμνὸν</span> 
     </span>
    </p>
   </div>
   <div class='ocr_carea' id='block_1_89' title="bbox 413 4537 1153 4616">
    <p class='ocr_par' dir='ltr' id='par_1_89' title="bbox 413 4537 1153 4616">
     <span class='ocr_line' id='line_1_90' title="bbox 413 4537 1153 4616; baseline 0.001 -24"><span class='ocrx_word' id='word_1_649' title='bbox 413 4537 467 4592; x_wconf 79' lang='grc' dir='ltr'>οἱ</span> <span class='ocrx_word' id='word_1_650' title='bbox 498 4543 771 4614; x_wconf 77' lang='grc' dir='ltr'>Κουρῆτες</span> <span class='ocrx_word' id='word_1_651' title='bbox 801 4537 1153 4616; x_wconf 70' lang='grc' dir='ltr'>ἀπεφέροντο.</span> 
     </span>
    </p>
   </div>
   <div class='ocr_carea' id='block_1_90' title="bbox 481 4623 2045 4706">
    <p class='ocr_par' dir='ltr' id='par_1_90' title="bbox 481 4627 2045 4702">
     <span class='ocr_line' id='line_1_91' title="bbox 481 4627 2045 4702; baseline 0.004 -22"><span class='ocrx_word' id='word_1_652' title='bbox 481 4627 574 4682; x_wconf 88' lang='grc'><strong>75.</strong></span> <span class='ocrx_word' id='word_1_653' title='bbox 609 4627 855 4701; x_wconf 89' lang='lat' dir='ltr'><strong>Insuper</strong></span> <span class='ocrx_word' id='word_1_654' title='bbox 879 4628 980 4700; x_wconf 88' lang='lat' dir='ltr'><strong>qui</strong></span> <span class='ocrx_word' id='word_1_655' title='bbox 1010 4629 1305 4698; x_wconf 88' lang='lat' dir='ltr'><strong>tondetur,</strong></span> <span class='ocrx_word' id='word_1_656' title='bbox 1333 4628 1446 4685; x_wconf 84' lang='lat' dir='ltr'><strong>alio</strong></span> <span class='ocrx_word' id='word_1_657' title='bbox 1480 4628 1648 4701; x_wconf 82' lang='lat' dir='ltr'><strong>plane</strong></span> <span class='ocrx_word' id='word_1_658' title='bbox 1681 4629 1850 4685; x_wconf 89' lang='lat' dir='ltr'><strong>modo</strong></span> <span class='ocrx_word' id='word_1_659' title='bbox 1881 4634 2045 4702; x_wconf 81' lang='lat' dir='ltr'><strong>atque</strong></span> 
     </span>
    </p>
   </div>
   <div class='ocr_carea' id='block_1_91' title="bbox 2158 4623 3831 4706">
    <p class='ocr_par' dir='ltr' id='par_1_91' title="bbox 2237 4623 3831 4706">
     <span class='ocr_line' id='line_1_92' title="bbox 2237 4623 3831 4706; baseline 0.001 -20"><span class='ocrx_word' id='word_1_660' title='bbox 2237 4632 2326 4687; x_wconf 85' lang='grc' dir='ltr'>οε’.</span> <span class='ocrx_word' id='word_1_661' title='bbox 2360 4632 2476 4686; x_wconf 85' lang='grc' dir='ltr'>Ἔτι</span> <span class='ocrx_word' id='word_1_662' title='bbox 2510 4633 2538 4686; x_wconf 87' lang='grc' dir='ltr'>ὁ</span> <span class='ocrx_word' id='word_1_663' title='bbox 2569 4632 2886 4706; x_wconf 88' lang='grc' dir='ltr'>κειρόμενος</span> <span class='ocrx_word' id='word_1_664' title='bbox 2945 4627 3135 4692; x_wconf 76' lang='grc' dir='ltr'>ἄλλως</span> <span class='ocrx_word' id='word_1_665' title='bbox 3179 4628 3398 4691; x_wconf 80' lang='grc' dir='ltr'>πάντως</span> <span class='ocrx_word' id='word_1_666' title='bbox 3427 4626 3571 4702; x_wconf 76' lang='grc' dir='ltr'>ἥπερ</span> <span class='ocrx_word' id='word_1_667' title='bbox 3620 4625 3648 4680; x_wconf 79' lang='grc'>6</span> <span class='ocrx_word' id='word_1_668' title='bbox 3680 4623 3831 4699; x_wconf 78' lang='grc' dir='ltr'>πρὸ·</span> 
     </span>
    </p>
   </div>
   <div class='ocr_carea' id='block_1_92' title="bbox 412 4717 2045 4796">
    <p class='ocr_par' dir='ltr' id='par_1_92' title="bbox 412 4717 2045 4794">
     <span class='ocr_line' id='line_1_93' title="bbox 412 4717 2045 4794; baseline 0 -20"><span class='ocrx_word' id='word_1_669' title='bbox 412 4717 660 4775; x_wconf 81' lang='lat' dir='ltr'><strong>Samson</strong></span> <span class='ocrx_word' id='word_1_670' title='bbox 693 4723 828 4776; x_wconf 85' lang='lat' dir='ltr'><strong>ante</strong></span> <span class='ocrx_word' id='word_1_671' title='bbox 851 4718 1121 4774; x_wconf 89' lang='lat' dir='ltr'><strong>ultimam</strong></span> <span class='ocrx_word' id='word_1_672' title='bbox 1155 4719 1480 4776; x_wconf 88' lang='lat' dir='ltr'><strong>tonsionem</strong></span> <span class='ocrx_word' id='word_1_673' title='bbox 1515 4721 1784 4791; x_wconf 74' lang='lat' dir='ltr'><strong>insignis,</strong></span> <span class='ocrx_word' id='word_1_674' title='bbox 1818 4720 2045 4794; x_wconf 75' lang='lat' dir='ltr'><strong>psalmi:</strong></span> 
     </span>
    </p>
   </div>
   <div class='ocr_carea' id='block_1_93' title="bbox 2158 4717 3836 4796">
    <p class='ocr_par' dir='ltr' id='par_1_93' title="bbox 2170 4717 3836 4796">
     <span class='ocr_line' id='line_1_94' title="bbox 2170 4717 3836 4796; baseline -0.005 -21"><span class='ocrx_word' id='word_1_675' title='bbox 2170 4725 2270 4790; x_wconf 79' lang='grc' dir='ltr'><strong>τῆς</strong></span> <span class='ocrx_word' id='word_1_676' title='bbox 2309 4719 2620 4783; x_wconf 87' lang='grc' dir='ltr'>τελευταίας</span> <span class='ocrx_word' id='word_1_677' title='bbox 2678 4725 2880 4796; x_wconf 79' lang='grc' dir='ltr'>κουρᾶς</span> <span class='ocrx_word' id='word_1_678' title='bbox 2944 4720 3210 4796; x_wconf 81' lang='grc' dir='ltr'>μακάριος</span> <span class='ocrx_word' id='word_1_679' title='bbox 3269 4717 3512 4792; x_wconf 76' lang='grc' dir='ltr'>Σαμψὼν</span> <span class='ocrx_word' id='word_1_680' title='bbox 3567 4733 3836 4790; x_wconf 79' lang='grc' dir='ltr'>κατεκροο</span> 
     </span>
    </p>
   </div>
   <div class='ocr_carea' id='block_1_94' title="bbox 411 4807 2062 4882">
    <p class='ocr_par' dir='ltr' id='par_1_94' title="bbox 411 4807 2062 4882">
     <span class='ocr_line' id='line_1_95' title="bbox 411 4807 2062 4882; baseline 0.002 -19"><span class='ocrx_word' id='word_1_681' title='bbox 411 4807 701 4880; x_wconf 81' lang='lat' dir='ltr'><strong>extemplo</strong></span> <span class='ocrx_word' id='word_1_682' title='bbox 733 4808 1129 4881; x_wconf 85' lang='lat' dir='ltr'><strong>applauditur,</strong></span> <span class='ocrx_word' id='word_1_683' title='bbox 1179 4809 1299 4865; x_wconf 90' lang='lat' dir='ltr'><strong>sive</strong></span> <span class='ocrx_word' id='word_1_684' title='bbox 1330 4809 1801 4882; x_wconf 77' lang='lat' dir='ltr'><strong>salutcmipsius</strong></span> <span class='ocrx_word' id='word_1_685' title='bbox 1851 4809 2062 4866; x_wconf 91' lang='lat' dir='ltr'><strong>deinde</strong></span> 
     </span>
    </p>
   </div>
   <div class='ocr_carea' id='block_1_95' title="bbox 409 4896 2062 4956">
    <p class='ocr_par' dir='ltr' id='par_1_95' title="bbox 409 4896 2062 4956">
     <span class='ocr_line' id='line_1_96' title="bbox 409 4896 2062 4956; baseline 0.002 -5"><span class='ocrx_word' id='word_1_686' title='bbox 409 4896 862 4954; x_wconf 88' lang='lat' dir='ltr'><strong>circumstantes</strong></span> <span class='ocrx_word' id='word_1_687' title='bbox 915 4897 1196 4953; x_wconf 86' lang='lat' dir='ltr'><strong>extollant</strong></span> <span class='ocrx_word' id='word_1_688' title='bbox 1251 4899 1372 4954; x_wconf 87' lang='lat' dir='ltr'><strong>sive</strong></span> <span class='ocrx_word' id='word_1_689' title='bbox 1432 4901 1501 4955; x_wconf 88' lang='lat' dir='ltr'><strong>ad</strong></span> <span class='ocrx_word' id='word_1_690' title='bbox 1558 4900 1799 4956; x_wconf 88' lang='lat' dir='ltr'><strong>meliora</strong></span> <span class='ocrx_word' id='word_1_691' title='bbox 1846 4900 2062 4956; x_wconf 86' lang='lat' dir='ltr'><strong>condu-</strong></span> 
     </span>
    </p>
   </div>
   <div class='ocr_carea' id='block_1_96' title="bbox 409 4986 2060 5062">
    <p class='ocr_par' dir='ltr' id='par_1_96' title="bbox 409 4986 2060 5062">
     <span class='ocr_line' id='line_1_97' title="bbox 409 4986 2060 5062; baseline 0.002 -22"><span class='ocrx_word' id='word_1_692' title='bbox 409 4987 595 5057; x_wconf 91' lang='lat' dir='ltr'><strong>catur,</strong></span> <span class='ocrx_word' id='word_1_693' title='bbox 652 4986 767 5043; x_wconf 88' lang='lat' dir='ltr'><strong>ista</strong></span> <span class='ocrx_word' id='word_1_694' title='bbox 813 4987 942 5042; x_wconf 89' lang='lat' dir='ltr'><strong>visa</strong></span> <span class='ocrx_word' id='word_1_695' title='bbox 984 4987 1243 5042; x_wconf 88' lang='lat' dir='ltr'><strong>terrestri</strong></span> <span class='ocrx_word' id='word_1_696' title='bbox 1299 4988 1520 5058; x_wconf 87' lang='lat' dir='ltr'><strong>relicta,</strong></span> <span class='ocrx_word' id='word_1_697' title='bbox 1580 4990 1736 5046; x_wconf 91' lang='lat' dir='ltr'><strong>sicut</strong></span> <span class='ocrx_word' id='word_1_698' title='bbox 1793 4989 1893 5062; x_wconf 91' lang='lat' dir='ltr'><strong>qui</strong></span> <span class='ocrx_word' id='word_1_699' title='bbox 1941 4993 2060 5044; x_wconf 89' lang='lat' dir='ltr'><strong>ter-</strong></span> 
     </span>
    </p>
   </div>
   <div class='ocr_carea' id='block_1_97' title="bbox 407 5076 2058 5149">
    <p class='ocr_par' dir='ltr' id='par_1_97' title="bbox 407 5076 2058 5149">
     <span class='ocr_line' id='line_1_98' title="bbox 407 5076 2058 5149; baseline 0.004 -21"><span class='ocrx_word' id='word_1_700' title='bbox 407 5089 535 5131; x_wconf 85' lang='lat' dir='ltr'><strong>ram</strong></span> <span class='ocrx_word' id='word_1_701' title='bbox 567 5080 754 5132; x_wconf 90' lang='lat' dir='ltr'><strong>morte</strong></span> <span class='ocrx_word' id='word_1_702' title='bbox 776 5076 1141 5149; x_wconf 89' lang='lat' dir='ltr'><strong>relinquunt.</strong></span> <span class='ocrx_word' id='word_1_703' title='bbox 1178 5079 1594 5134; x_wconf 84' lang='lat' dir='ltr'><strong>Accenduntur</strong></span> <span class='ocrx_word' id='word_1_704' title='bbox 1638 5079 1829 5135; x_wconf 75' lang='lat' dir='ltr'><strong>multas</strong></span> <span class='ocrx_word' id='word_1_705' title='bbox 1881 5081 2058 5146; x_wconf 82' lang='lat' dir='ltr'><strong>faces,</strong></span> 
     </span>
    </p>
   </div>
   <div class='ocr_carea' id='block_1_98' title="bbox 477 5266 2054 5354">
    <p class='ocr_par' dir='ltr' id='par_1_98' title="bbox 477 5266 2054 5354">
     <span class='ocr_line' id='line_1_99' title="bbox 477 5266 2054 5354; baseline 0.004 -32"><span class='ocrx_word' id='word_1_706' title='bbox 477 5266 555 5340; x_wconf 87' lang='grc'><strong>(7)</strong></span> <span class='ocrx_word' id='word_1_707' title='bbox 585 5268 712 5354; x_wconf 77' lang='grc' dir='ltr'>Θρὶξ</span> <span class='ocrx_word' id='word_1_708' title='bbox 741 5268 1032 5354; x_wconf 51' lang='lat' dir='ltr'><strong>ivapéeov,</strong></span> <span class='ocrx_word' id='word_1_709' title='bbox 1059 5274 1182 5354; x_wconf 49' lang='lat' dir='ltr'><strong>{Ioc</strong></span> <span class='ocrx_word' id='word_1_710' title='bbox 1210 5274 1600 5354; x_wconf 63' lang='lat' dir='ltr'><strong>proverbium</strong></span> <span class='ocrx_word' id='word_1_711' title='bbox 1660 5293 1728 5331; x_wconf 85' lang='lat' dir='ltr'><strong>ex</strong></span> <span class='ocrx_word' id='word_1_712' title='bbox 1785 5273 2054 5354; x_wconf 80' lang='lat' dir='ltr'><strong>Theocr.,</strong></span> 
     </span>
    </p>
   </div>
   <div class='ocr_carea' id='block_1_99' title="bbox 407 5339 2058 5417">
    <p class='ocr_par' dir='ltr' id='par_1_99' title="bbox 407 5339 2058 5417">
     <span class='ocr_line' id='line_1_100' title="bbox 407 5339 2058 5417; baseline 0.004 -23"><span class='ocrx_word' id='word_1_713' title='bbox 407 5339 744 5417; x_wconf 75' lang='lat' dir='ltr'><strong>desumitur</strong></span> <span class='ocrx_word' id='word_1_714' title='bbox 771 5339 1124 5416; x_wconf 51' lang='lat' dir='ltr'><strong>(ld&#39;yl.x1v,9)</strong></span> <span class='ocrx_word' id='word_1_715' title='bbox 1155 5339 1435 5417; x_wconf 59' lang='lat' dir='ltr'><strong>ad&#39;quem</strong></span> <span class='ocrx_word' id='word_1_716' title='bbox 1468 5345 1662 5404; x_wconf 90' lang='lat' dir='ltr'><strong>locum</strong></span> <span class='ocrx_word' id='word_1_717' title='bbox 1706 5352 1871 5402; x_wconf 89' lang='lat' dir='ltr'><strong>notat</strong></span> <span class='ocrx_word' id='word_1_718' title='bbox 1889 5339 2058 5402; x_wconf 85' lang='lat' dir='ltr'><strong>scho-</strong></span> 
     </span>
    </p>
   </div>
   <div class='ocr_carea' id='block_1_100' title="bbox 407 5409 2060 5492">
    <p class='ocr_par' dir='ltr' id='par_1_100' title="bbox 407 5409 2060 5492">
     <span class='ocr_line' id='line_1_101' title="bbox 407 5409 2060 5492; baseline 0.004 -26"><span class='ocrx_word' id='word_1_719' title='bbox 407 5409 617 5492; x_wconf 60' lang='lat' dir='ltr'><strong>liates;</strong></span> <span class='ocrx_word' id='word_1_720' title='bbox 651 5409 874 5492; x_wconf 61' lang='lat' dir='ltr'><strong>Parum&#39;</strong></span> <span class='ocrx_word' id='word_1_721' title='bbox 896 5409 1234 5492; x_wconf 68' lang='lat' dir='ltr'><strong>abestquin</strong></span> <span class='ocrx_word' id='word_1_722' title='bbox 1277 5409 1533 5475; x_wconf 63' lang='lat' dir='ltr'><strong>&#39;omnino</strong></span> <span class='ocrx_word' id='word_1_723' title='bbox 1563 5419 1859 5476; x_wconf 89' lang='lat' dir='ltr'><strong>insaniam</strong></span> <span class='ocrx_word' id='word_1_724' title='bbox 1895 5435 1909 5487; x_wconf 88' lang='lat'><strong>;</strong></span> <span class='ocrx_word' id='word_1_725' title='bbox 1987 5417 2060 5472; x_wconf 87' lang='lat' dir='ltr'><strong>ab</strong></span> 
     </span>
    </p>
   </div>
   <div class='ocr_carea' id='block_1_101' title="bbox 407 5485 1236 5560">
    <p class='ocr_par' dir='ltr' id='par_1_101' title="bbox 407 5485 1236 5560">
     <span class='ocr_line' id='line_1_102' title="bbox 407 5485 1236 5560; baseline 0.005 -23"><span class='ocrx_word' id='word_1_726' title='bbox 407 5485 643 5560; x_wconf 71' lang='lat' dir='ltr'><strong>insania</strong></span> <span class='ocrx_word' id='word_1_727' title='bbox 673 5487 796 5544; x_wconf 90' lang='lat' dir='ltr'><strong>solo</strong></span> <span class='ocrx_word' id='word_1_728' title='bbox 813 5486 1039 5560; x_wconf 73' lang='lat' dir='ltr'><strong>capillo</strong></span> <span class='ocrx_word' id='word_1_729' title='bbox 1061 5485 1236 5560; x_wconf 84' lang='lat' dir='ltr'><strong>disto.</strong></span> 
     </span>
    </p>
   </div>
   <div class='ocr_carea' id='block_1_102' title="bbox 481 5556 1308 5630">
    <p class='ocr_par' dir='ltr' id='par_1_102' title="bbox 481 5556 1308 5630">
     <span class='ocr_line' id='line_1_103' title="bbox 481 5556 1308 5630; baseline 0.007 -22"><span class='ocrx_word' id='word_1_730' title='bbox 481 5556 560 5626; x_wconf 89' lang='lat'><strong>(8)</strong></span> <span class='ocrx_word' id='word_1_731' title='bbox 615 5561 730 5630; x_wconf 74' lang='lat' dir='ltr'><strong>Pro</strong></span> <span class='ocrx_word' id='word_1_732' title='bbox 762 5556 963 5621; x_wconf 71' lang='grc' dir='ltr'>σύλους</span> <span class='ocrx_word' id='word_1_733' title='bbox 992 5558 1308 5630; x_wconf 90' lang='lat' dir='ltr'><strong>legendum</strong></span> 
     </span>
    </p>
   </div>
   <div class='ocr_carea' id='block_1_103' title="bbox 410 5622 2062 5693">
    <p class='ocr_par' dir='ltr' id='par_1_103' title="bbox 410 5622 2062 5693">
     <span class='ocr_line' id='line_1_104' title="bbox 410 5622 2062 5693; baseline 0.005 -15"><span class='ocrx_word' id='word_1_734' title='bbox 410 5622 550 5681; x_wconf 81' lang='lat' dir='ltr'><strong>dem</strong></span> <span class='ocrx_word' id='word_1_735' title='bbox 578 5628 760 5687; x_wconf 78' lang='lat' dir='ltr'><strong>siclus</strong></span> <span class='ocrx_word' id='word_1_736' title='bbox 791 5630 1021 5688; x_wconf 90' lang='lat' dir='ltr'><strong>nullum</strong></span> <span class='ocrx_word' id='word_1_737' title='bbox 1047 5622 1290 5688; x_wconf 62' lang='lat' dir='ltr'><strong>Sensum</strong></span> <span class='ocrx_word' id='word_1_738' title='bbox 1308 5622 1380 5688; x_wconf 82' lang='lat' dir='ltr'><strong>ad</strong></span> <span class='ocrx_word' id='word_1_739' title='bbox 1397 5648 1521 5690; x_wconf 90' lang='lat' dir='ltr'><strong>rem</strong></span> <span class='ocrx_word' id='word_1_740' title='bbox 1547 5622 1800 5693; x_wconf 73' lang='lat' dir='ltr'><strong>afferret.</strong></span> <span class='ocrx_word' id='word_1_741' title='bbox 1822 5622 2062 5690; x_wconf 79' lang='lat' dir='ltr'><strong>Vossius</strong></span> 
     </span>
    </p>
   </div>
   <div class='ocr_carea' id='block_1_104' title="bbox 1402 5558 2108 5630">
    <p class='ocr_par' dir='ltr' id='par_1_104' title="bbox 1402 5558 2108 5630">
     <span class='ocr_line' id='line_1_105' title="bbox 1402 5558 2108 5630; baseline 0.001 -15"><span class='ocrx_word' id='word_1_742' title='bbox 1402 5565 1500 5618; x_wconf 92' lang='lat' dir='ltr'><strong>uto</strong></span> <span class='ocrx_word' id='word_1_743' title='bbox 1556 5558 1838 5624; x_wconf 72' lang='grc' dir='ltr'>κύκλουςξ</span> <span class='ocrx_word' id='word_1_744' title='bbox 1889 5558 2064 5630; x_wconf 89' lang='lat' dir='ltr'><strong>siqui-</strong></span> <span class='ocrx_word' id='word_1_745' title='bbox 2099 5608 2108 5616; x_wconf 92' lang='lat'><strong>.</strong></span> 
     </span>
    </p>
   </div>
   <div class='ocr_carea' id='block_1_105' title="bbox 2171 4805 3836 4885">
    <p class='ocr_par' dir='ltr' id='par_1_105' title="bbox 2171 4805 3836 4885">
     <span class='ocr_line' id='line_1_106' title="bbox 2171 4805 3836 4885; baseline -0.004 -21"><span class='ocrx_word' id='word_1_746' title='bbox 2171 4814 2315 4865; x_wconf 88' lang='grc' dir='ltr'>τεῖτο</span> <span class='ocrx_word' id='word_1_747' title='bbox 2367 4809 2456 4865; x_wconf 88' lang='grc' dir='ltr'><strong>καὶ</strong></span> <span class='ocrx_word' id='word_1_748' title='bbox 2514 4807 2761 4885; x_wconf 79' lang='grc' dir='ltr'>ψαλμοῖς</span> <span class='ocrx_word' id='word_1_749' title='bbox 2791 4813 3114 4881; x_wconf 77' lang='grc' dir='ltr'>τηνικαῦτα,</span> <span class='ocrx_word' id='word_1_750' title='bbox 3147 4805 3251 4864; x_wconf 61' lang='grc' dir='ltr'>εἷίτε</span> <span class='ocrx_word' id='word_1_751' title='bbox 3298 4808 3711 4880; x_wconf 81' lang='grc' dir='ltr'>πανηγυρικῶς,</span> <span class='ocrx_word' id='word_1_752' title='bbox 3746 4805 3836 4858; x_wconf 75' lang='grc' dir='ltr'>οἶα</span> 
     </span>
    </p>
   </div>
   <div class='ocr_carea' id='block_1_106' title="bbox 2171 4894 3835 4975">
    <p class='ocr_par' dir='ltr' id='par_1_106' title="bbox 2171 4894 3835 4975">
     <span class='ocr_line' id='line_1_107' title="bbox 2171 4894 3835 4975; baseline -0.004 -23"><span class='ocrx_word' id='word_1_753' title='bbox 2171 4902 2275 4952; x_wconf 81' lang='grc' dir='ltr'><strong>νῶν</strong></span> <span class='ocrx_word' id='word_1_754' title='bbox 2333 4899 2762 4973; x_wconf 77' lang='grc' dir='ltr'>περιϊσταμένων</span> <span class='ocrx_word' id='word_1_755' title='bbox 2817 4897 3182 4975; x_wconf 71' lang='grc' dir='ltr'>ἑορταζόντων</span> <span class='ocrx_word' id='word_1_756' title='bbox 3241 4897 3342 4966; x_wconf 78' lang='grc' dir='ltr'>τὴν</span> <span class='ocrx_word' id='word_1_757' title='bbox 3416 4894 3582 4950; x_wconf 75' lang='grc' dir='ltr'>αὐτοῦ</span> <span class='ocrx_word' id='word_1_758' title='bbox 3647 4912 3835 4962; x_wconf 78' lang='grc' dir='ltr'>σωτη-</span> 
     </span>
    </p>
   </div>
   <div class='ocr_carea' id='block_1_107' title="bbox 2172 4981 3835 5064">
    <p class='ocr_par' dir='ltr' id='par_1_107' title="bbox 2172 4981 3835 5064">
     <span class='ocr_line' id='line_1_108' title="bbox 2172 4981 3835 5064; baseline -0.005 -21"><span class='ocrx_word' id='word_1_759' title='bbox 2172 4987 2316 5062; x_wconf 87' lang='grc' dir='ltr'>ρίαν,</span> <span class='ocrx_word' id='word_1_760' title='bbox 2376 4984 2484 5044; x_wconf 70' lang='grc' dir='ltr'>εἴτε</span> <span class='ocrx_word' id='word_1_761' title='bbox 2512 4989 2600 5044; x_wconf 84' lang='grc' dir='ltr'><strong>καὶ</strong></span> <span class='ocrx_word' id='word_1_762' title='bbox 2630 4988 2870 5064; x_wconf 83' lang='grc' dir='ltr'>καθάπερ</span> <span class='ocrx_word' id='word_1_763' title='bbox 2903 4987 2949 5042; x_wconf 84' lang='grc' dir='ltr'>εἶ</span> <span class='ocrx_word' id='word_1_764' title='bbox 2979 4987 3364 5062; x_wconf 72' lang='grc' dir='ltr'>προεπέμπετο</span> <span class='ocrx_word' id='word_1_765' title='bbox 3395 4983 3484 5041; x_wconf 73' lang='grc' dir='ltr'>ἐπὶ</span> <span class='ocrx_word' id='word_1_766' title='bbox 3527 4981 3596 5037; x_wconf 75' lang='grc' dir='ltr'>τὰ</span> <span class='ocrx_word' id='word_1_767' title='bbox 3643 4981 3835 5058; x_wconf 88' lang='grc' dir='ltr'>κρείτ-</span> 
     </span>
    </p>
   </div>
   <div class='ocr_carea' id='block_1_108' title="bbox 2167 5070 3836 5154">
    <p class='ocr_par' dir='ltr' id='par_1_108' title="bbox 2167 5070 3836 5154">
     <span class='ocr_line' id='line_1_109' title="bbox 2167 5070 3836 5154; baseline -0.005 -22"><span class='ocrx_word' id='word_1_768' title='bbox 2167 5095 2268 5147; x_wconf 87' lang='grc' dir='ltr'><strong>τω,</strong></span> <span class='ocrx_word' id='word_1_769' title='bbox 2297 5077 2706 5154; x_wconf 79' lang='grc' dir='ltr'>ἆπαρνούμενος</span> <span class='ocrx_word' id='word_1_770' title='bbox 2732 5078 2823 5135; x_wconf 88' lang='grc' dir='ltr'>τὸν</span> <span class='ocrx_word' id='word_1_771' title='bbox 2853 5074 2987 5153; x_wconf 75' lang='grc' dir='ltr'>τῇδε</span> <span class='ocrx_word' id='word_1_772' title='bbox 3041 5077 3181 5152; x_wconf 72' lang='grc' dir='ltr'>βίον,</span> <span class='ocrx_word' id='word_1_773' title='bbox 3210 5077 3284 5140; x_wconf 81' lang='grc' dir='ltr'>ὡς</span> <span class='ocrx_word' id='word_1_774' title='bbox 3344 5075 3396 5130; x_wconf 79' lang='grc' dir='ltr'>οἱ</span> <span class='ocrx_word' id='word_1_775' title='bbox 3450 5073 3642 5150; x_wconf 84' lang='grc' dir='ltr'>τρόπῳ</span> <span class='ocrx_word' id='word_1_776' title='bbox 3693 5070 3836 5125; x_wconf 81' lang='grc' dir='ltr'>ἀπο-</span> 
     </span>
    </p>
   </div>
   <div class='ocr_carea' id='block_1_109' title="bbox 2168 5271 3832 5400">
    <p class='ocr_par' dir='ltr' id='par_1_109' title="bbox 2168 5271 3832 5400">
     <span class='ocr_line' id='line_1_110' title="bbox 2168 5271 3832 5400; baseline -0.002 -75"><span class='ocrx_word' id='word_1_777' title='bbox 2168 5271 2421 5356; x_wconf 78' lang='lat' dir='ltr'><strong>triplicis</strong></span> <span class='ocrx_word' id='word_1_778' title='bbox 2477 5273 2708 5346; x_wconf 89' lang='lat' dir='ltr'><strong>generis</strong></span> <span class='ocrx_word' id='word_1_779' title='bbox 2749 5272 3084 5400; x_wconf 52' lang='lat' dir='ltr'><strong>distinguit</strong></span> <span class='ocrx_word' id='word_1_780' title='bbox 3128 5272 3372 5355; x_wconf 77' lang='lat' dir='ltr'><strong>Curetas</strong></span> <span class='ocrx_word' id='word_1_781' title='bbox 3431 5287 3445 5327; x_wconf 90' lang='lat'><strong>:</strong></span> <span class='ocrx_word' id='word_1_782' title='bbox 3496 5272 3832 5348; x_wconf 76' lang='lat' dir='ltr'><strong>Cretenses,</strong></span> 
     </span>
     <span class='ocr_line' id='line_1_111' title="bbox 2169 5340 3832 5400; baseline -0.003 -1"><span class='ocrx_word' id='word_1_783' title='bbox 2169 5343 2475 5400; x_wconf 81' lang='lat' dir='ltr'><strong>Phrvmos.</strong></span> <span class='ocrx_word' id='word_1_784' title='bbox 2507 5355 2563 5400; x_wconf 86' lang='lat' dir='ltr'><strong>et</strong></span> <span class='ocrx_word' id='word_1_785' title='bbox 2592 5345 2893 5400; x_wconf 69' lang='lat' dir='ltr'><strong>)Etolicos.</strong></span> <span class='ocrx_word' id='word_1_786' title='bbox 2987 5362 3005 5399; x_wconf 88' lang='grc' dir='ltr'><strong>ι</strong></span> <span class='ocrx_word' id='word_1_787' title='bbox 3028 5350 3332 5400; x_wconf 81' lang='lat' dir='ltr'><strong>nostremi.</strong></span> <span class='ocrx_word' id='word_1_788' title='bbox 3364 5357 3501 5399; x_wconf 89' lang='lat' dir='ltr'><strong>cum</strong></span> <span class='ocrx_word' id='word_1_789' title='bbox 3530 5340 3832 5400; x_wconf 70' lang='lat' dir='ltr'><strong>longiores</strong></span> 
     </span>
    </p>
   </div>
   <div class='ocr_carea' id='block_1_110' title="bbox 2169 5340 3835 5472">
    <p class='ocr_par' dir='ltr' id='par_1_110' title="bbox 2169 5340 3835 5472">
     <span class='ocr_line' id='line_1_112' title="bbox 2169 5340 3835 5472; baseline -0.003 -73"><span class='ocrx_word' id='word_1_790' title='bbox 2169 5340 2563 5472; x_wconf 39' lang='lat' dir='ltr'><strong>Phrygios-et</strong></span> <span class='ocrx_word' id='word_1_791' title='bbox 2592 5345 2893 5404; x_wconf 70' lang='lat' dir='ltr'><strong>Etolicos.</strong></span> <span class='ocrx_word' id='word_1_792' title='bbox 2938 5340 3006 5427; x_wconf 78' lang='lat' dir='ltr'><strong>Hi</strong></span> <span class='ocrx_word' id='word_1_793' title='bbox 3028 5345 3332 5417; x_wconf 88' lang='lat' dir='ltr'><strong>postremi,</strong></span> <span class='ocrx_word' id='word_1_794' title='bbox 3364 5357 3501 5426; x_wconf 80' lang='lat' dir='ltr'><strong>cum</strong></span> <span class='ocrx_word' id='word_1_795' title='bbox 3530 5340 3835 5466; x_wconf 41' lang='lat' dir='ltr'><strong>longiores</strong></span> 
     </span>
     <span class='ocr_line' id='line_1_113' title="bbox 2170 5409 3833 5472; baseline -0.003 -2"><span class='ocrx_word' id='word_1_796' title='bbox 2170 5418 2319 5472; x_wconf 77' lang='lat' dir='ltr'><strong>canil</strong></span> <span class='ocrx_word' id='word_1_797' title='bbox 2348 5435 2412 5472; x_wconf 89' lang='lat' dir='ltr'><strong>os</strong></span> <span class='ocrx_word' id='word_1_798' title='bbox 2441 5420 2589 5472; x_wconf 86' lang='lat' dir='ltr'><strong>ferre</strong></span> <span class='ocrx_word' id='word_1_799' title='bbox 2611 5419 2885 5472; x_wconf 88' lang='lat' dir='ltr'><strong>solerent.</strong></span> <span class='ocrx_word' id='word_1_800' title='bbox 2909 5417 3126 5472; x_wconf 81' lang='lat' dir='ltr'><strong>auibus</strong></span> <span class='ocrx_word' id='word_1_801' title='bbox 3149 5416 3421 5472; x_wconf 81' lang='lat' dir='ltr'><strong>nrehensi</strong></span> <span class='ocrx_word' id='word_1_802' title='bbox 3455 5429 3588 5470; x_wconf 92' lang='lat' dir='ltr'><strong>cum</strong></span> <span class='ocrx_word' id='word_1_803' title='bbox 3619 5430 3652 5466; x_wconf 86' lang='lat' dir='ltr'><strong>a</strong></span> <span class='ocrx_word' id='word_1_804' title='bbox 3726 5409 3833 5466; x_wconf 84' lang='lat' dir='ltr'><strong>ho-</strong></span> 
     </span>
    </p>
   </div>
   <div class='ocr_carea' id='block_1_111' title="bbox 2170 5409 3836 5560">
    <p class='ocr_par' dir='ltr' id='par_1_111' title="bbox 2170 5409 3836 5560">
     <span class='ocr_line' id='line_1_114' title="bbox 2170 5409 3833 5502; baseline -0.004 -32"><span class='ocrx_word' id='word_1_805' title='bbox 2170 5409 2412 5498; x_wconf 69' lang='lat' dir='ltr'><strong>ca_pillos</strong></span> <span class='ocrx_word' id='word_1_806' title='bbox 2441 5409 2589 5475; x_wconf 68' lang='lat' dir='ltr'><strong>ferre</strong></span> <span class='ocrx_word' id='word_1_807' title='bbox 2611 5419 2885 5502; x_wconf 76' lang='lat' dir='ltr'><strong>solerent,</strong></span> <span class='ocrx_word' id='word_1_808' title='bbox 2909 5409 3421 5500; x_wconf 53' lang='lat' dir='ltr'><strong>quibusprehe&#39;nsi</strong></span> <span class='ocrx_word' id='word_1_809' title='bbox 3455 5429 3588 5470; x_wconf 92' lang='lat' dir='ltr'><strong>cum</strong></span> <span class='ocrx_word' id='word_1_810' title='bbox 3619 5409 3693 5466; x_wconf 81' lang='lat' dir='ltr'><strong>ab</strong></span> <span class='ocrx_word' id='word_1_811' title='bbox 3726 5409 3833 5466; x_wconf 84' lang='lat' dir='ltr'><strong>ho-</strong></span> 
     </span>
     <span class='ocr_line' id='line_1_115' title="bbox 2170 5487 3836 5560; baseline -0.002 -18"><span class='ocrx_word' id='word_1_812' title='bbox 2170 5491 2368 5547; x_wconf 77' lang='lat' dir='ltr'><strong>otibus</strong></span> <span class='ocrx_word' id='word_1_813' title='bbox 2399 5492 2717 5560; x_wconf 88' lang='lat' dir='ltr'><strong>aliquando</strong></span> <span class='ocrx_word' id='word_1_814' title='bbox 2750 5507 2808 5544; x_wconf 80' lang='lat' dir='ltr'><strong>in</strong></span> <span class='ocrx_word' id='word_1_815' title='bbox 2839 5503 2962 5560; x_wconf 77' lang='lat' dir='ltr'><strong>acie</strong></span> <span class='ocrx_word' id='word_1_816' title='bbox 2991 5494 3144 5560; x_wconf 81' lang='lat' dir='ltr'><strong>capti</strong></span> <span class='ocrx_word' id='word_1_817' title='bbox 3178 5489 3594 5560; x_wconf 79' lang='lat' dir='ltr'><strong>fuissent,_eos</strong></span> <span class='ocrx_word' id='word_1_818' title='bbox 3626 5487 3836 5560; x_wconf 70' lang='lat' dir='ltr'><strong>postea</strong></span> 
     </span>
    </p>
   </div>
   <div class='ocr_carea' id='block_1_112' title="bbox 2169 5504 3834 5644">
    <p class='ocr_par' dir='ltr' id='par_1_112' title="bbox 2169 5504 3834 5644">
     <span class='ocr_line' id='line_1_116' title="bbox 2170 5504 3834 5564; baseline -0.001 -22"><span class='ocrx_word' id='word_1_819' title='bbox 2170 5504 2368 5547; x_wconf 83' lang='lat' dir='ltr'><strong>ouous</strong></span> <span class='ocrx_word' id='word_1_820' title='bbox 2399 5504 2717 5564; x_wconf 80' lang='lat' dir='ltr'><strong>aliquando</strong></span> <span class='ocrx_word' id='word_1_821' title='bbox 2750 5507 2808 5544; x_wconf 79' lang='lat' dir='ltr'><strong>in</strong></span> <span class='ocrx_word' id='word_1_822' title='bbox 2839 5504 2962 5545; x_wconf 79' lang='lat' dir='ltr'><strong>acie</strong></span> <span class='ocrx_word' id='word_1_823' title='bbox 2991 5504 3144 5560; x_wconf 74' lang='lat' dir='ltr'><strong>capti</strong></span> <span class='ocrx_word' id='word_1_824' title='bbox 3178 5504 3451 5552; x_wconf 72' lang='lat' dir='ltr'><strong>ruissent,</strong></span> <span class='ocrx_word' id='word_1_825' title='bbox 3493 5504 3594 5540; x_wconf 82' lang='lat' dir='ltr'><strong>eos</strong></span> <span class='ocrx_word' id='word_1_826' title='bbox 3626 5504 3834 5556; x_wconf 69' lang='lat' dir='ltr'><strong>postea</strong></span> 
     </span>
     <span class='ocr_line' id='line_1_117' title="bbox 2169 5554 3834 5644; baseline -0.004 -30"><span class='ocrx_word' id='word_1_827' title='bbox 2169 5564 2628 5644; x_wconf 73' lang='lat' dir='ltr'><strong>raserunt,unda</strong></span> <span class='ocrx_word' id='word_1_828' title='bbox 2644 5561 2882 5644; x_wconf 72' lang='lat' dir='ltr'><strong>nomine</strong></span> <span class='ocrx_word' id='word_1_829' title='bbox 2903 5559 3262 5644; x_wconf 75' lang='lat' dir='ltr'><strong>Cunctarum</strong></span> <span class='ocrx_word' id='word_1_830' title='bbox 3292 5557 3480 5616; x_wconf 88' lang='lat' dir='ltr'><strong>vocati</strong></span> <span class='ocrx_word' id='word_1_831' title='bbox 3502 5554 3834 5644; x_wconf 35' lang='lat' dir='ltr'><strong>agnition-</strong></span> 
     </span>
    </p>
   </div>
   <div class='ocr_carea' id='block_1_113' title="bbox 2171 5625 3832 5693">
    <p class='ocr_par' dir='ltr' id='par_1_113' title="bbox 2171 5625 3832 5693">
     <span class='ocr_line' id='line_1_118' title="bbox 2171 5625 3832 5693; baseline -0.002 -6"><span class='ocrx_word' id='word_1_832' title='bbox 2171 5631 2319 5688; x_wconf 89' lang='lat' dir='ltr'><strong>nulli</strong></span> <span class='ocrx_word' id='word_1_833' title='bbox 2350 5633 2422 5690; x_wconf 88' lang='lat' dir='ltr'><strong>ab</strong></span> <span class='ocrx_word' id='word_1_834' title='bbox 2449 5625 2657 5693; x_wconf 73' lang='lat' dir='ltr'><strong>eodem</strong></span> <span class='ocrx_word' id='word_1_835' title='bbox 2687 5634 2846 5692; x_wconf 84' lang='lat' dir='ltr'><strong>fonte</strong></span> <span class='ocrx_word' id='word_1_836' title='bbox 2882 5646 3098 5691; x_wconf 85' lang='lat' dir='ltr'><strong>nomen</strong></span> <span class='ocrx_word' id='word_1_837' title='bbox 3125 5635 3500 5690; x_wconf 69' lang='lat' dir='ltr'><strong>Acarnanum</strong></span> <span class='ocrx_word' id='word_1_838' title='bbox 3533 5625 3832 5685; x_wconf 65' lang='lat' dir='ltr'><strong>derivem.</strong></span> 
     </span>
    </p>
   </div>
  </div>
