4104 6210
396 318 516 380 ’195

1159 320 1582 384 EUSTATHII
1625 317 2396 383 THESSALONICENSIS
2443 319 3028 386 METROPOLITE

3685 313 3828 373 196

391 447 678 523 ἀγεύστους
708 450 962 525 βρώσεων
1023 449 1098 512 είς
1126 449 1616 527 τεσσαρακοντάδας
1646 471 1704 506 τε
1761 452 1980 524 ἡμερῶν
2013 449 2098 504 καὶ
2133 448 2208 512 είς
2239 451 2451 527 ἑτεροῖα
2479 453 2621 508 ποσά
2651 455 2865 529 καιροῦ,
2895 451 3060 506 ὁποῖα
3087 444 3473 525 παραδιδόασιν
3506 445 3559 500 οἱ
3585 443 3660 500 τὰ
3693 448 3830 507 θεῖα

392 537 810 616 ἐξιστοροῦντες.

463 629 554 684 78.
591 630 747 686 Idem
777 647 980 686 corvos
1015 632 1196 687 mittit
1225 632 1296 686 ad
1337 630 1798 686 ministrandum
1831 629 2026 684 cibum

2218 631 2320 700 οη’.
2381 628 2598 708 Ὀδηγεῖ
2649 629 2707 685 δὲ
2764 631 2791 685 ὁ
2822 629 2981 692 αὐτὸς
3023 629 3110 684 καὶ
3145 627 3380 703 κόρακας
3414 622 3490 686 εἷς
3523 619 3824 700 χορηγίαν

389 717 462 774 iis
504 719 602 790 qui
658 721 708 776 ei
757 720 855 776 illo
899 722 1070 776 modo
1114 721 1401 790 serviunt,
1434 721 1771 792 quicunque
1819 718 1939 774 sint
1979 716 2040 772 hi

391 810 546 865 corvi
580 827 592 865 :
627 812 747 867 sivo
778 817 1061 886 apparent
1101 819 1159 868 et
1192 814 1461 869 feruntur
1506 813 1736 869 aetherei
1781 812 1854 866 ob
1884 807 2038 865 vola-

389 901 536 968 tum,
568 901 684 956 sive
715 901 950 971 terreni,
985 902 1277 973 siquidem
1338 901 1555 957 multos
1595 907 1820 957 ascetas
1859 901 2037 958 latro-

391 1005 496 1045 nes
531 991 673 1047 moti
721 1008 754 1047 a
801 990 916 1047 Deo
966 993 1294 1061 enutriunt,
1327 993 1480 1049 sicut
1529 992 1652 1064 lupi
1702 993 1887 1065 raptis
1917 993 2038 1049 ovi-

387 1077 518 1144 bus,
551 1083 609 1134 et
666 1080 960 1150 publicani
1016 1083 1213 1153 etiam,
1265 1083 1363 1154 qui
1416 1087 1472 1137 et
1527 1081 1868 1154 acquirendi
1915 1081 2039 1137 zelo

383 1169 572 1225 corvis
604 1173 1034 1227 annumerandi
1062 1177 1220 1244 sunt,
1252 1189 1513 1244 quosque
1551 1173 1706 1229 Deus
1736 1172 1820 1229 sic
1862 1171 2041 1228 ﬂectit

382 1257 452 1312 ad
488 1259 730 1329 bonum,
762 1265 826 1315 ut
857 1265 1063 1317 ascetaa
1095 1263 1291 1317 cibum
1324 1261 1552 1317 facilem
1595 1265 1650 1316 et
1679 1262 1900 1316 bonum
1947 1261 2036 1315 in-

385 1346 638 1418 veniant,
667 1354 730 1402 ut
761 1367 992 1421 poenam
1025 1369 1058 1406 a
1087 1351 1259 1406 malis
1279 1355 1575 1422 sumptam
1602 1368 1614 1417 ;
1640 1355 1702 1405 ut
1732 1351 1842 1421 ipsi
1867 1349 2038 1422 largi-

388 1439 552 1491 entes
585 1443 762 1508 agant
805 1437 1026 1511 aliquid
1067 1440 1309 1508 bonum,
1361 1441 1504 1495 dum
1555 1455 1842 1494 memores
1899 1441 2040 1493 sunt

389 1525 769 1599 eleemosynae
797 1546 809 1597 ;
845 1533 910 1582 ut
936 1534 1177 1586 mmreat
1207 1528 1497 1595 diabolus,
1523 1529 1622 1600 qui
1643 1545 1742 1584 eos
1767 1527 2036 1599 inspirat,

389 1612 515 1668 visa
545 1614 602 1669 in
655 1615 738 1672 eis
781 1617 985 1688 optimi
1031 1618 1184 1690 ignis
1234 1619 1510 1686 ﬂamma;
1565 1633 1635 1671 ne
1684 1615 1796 1688 ipsi
1844 1613 2037 1670 totali-

389 1705 480 1757 ter
527 1703 947 1760 obliviscantur
993 1723 1055 1761 se
1107 1707 1222 1762 Deo
1273 1707 1537 1775 subesse,
1579 1705 1888 1775 caaterique
1924 1703 2037 1759 hoc

394 1793 563 1847 modo
622 1794 693 1847 ad
743 1793 998 1849 similem
1048 1792 1462 1851 misericordiae
1493 1795 1681 1850 zelum
1713 1793 2035 1848 accendan-

391 1883 508 1935 tur.
534 1880 592 1936 Si
625 1882 779 1937 enim
814 1900 880 1939 ex
934 1883 1036 1939 tali
1085 1901 1245 1940 more
1296 1889 1352 1940 et
1379 1884 1498 1942 vita
1549 1883 1736 1938 ferina
1779 1880 2040 1954 procedit

2147 726 2356 795 τροφῆς
2387 725 2492 774 τῶν
2527 720 2668 775 οὕτω
2723 719 3125 796 θεραπευόντων
3183 715 3364 782 αὐτὸν,
3427 712 3680 773 οὕστινας
3747 708 3828 777 δὴ

2149 807 2372 870 τούτους
2423 808 2700 885 λογιστέον
2757 809 3032 885 κόρακας·
3094 807 3156 861 τὸ
3214 805 3308 878 μὶν
3364 802 3828 880 προφαινόμενον

2150 897 2237 950 καὶ
2307 899 2730 973 ἱστορούμενον,
2788 897 2916 961 τοὺς
2974 896 3186 971 ἀερίους
3240 891 3332 948 διὰ
3393 891 3456 946 τὸ
3510 888 3828 961 πτητικόν·

2149 982 2258 1056 ἤδη
2321 985 2378 1043 δὲ
2429 987 2518 1043 καὶ
2569 988 2697 1051 τοὺς
2754 985 3059 1064 περιγείους
3092 1005 3106 1019 ⁸
3167 980 3222 1039 εἷ’
3270 1003 3330 1058 γε
3385 977 3635 1042 πολλοὺς
3699 982 3828 1033 τῶν

2147 1075 2491 1150 ἀσκουμένων
2560 1079 2612 1134 οἱ
2667 1077 2917 1154 πειραταὶ
2974 1077 3152 1141 θεόθεν
3215 1068 3635 1143 ὑποκινούμενοι
3686 1067 3832 1141 τρε-

2149 1189 2360 1246 φουσιν,
2421 1169 2548 1225 ὠσεὶ
2603 1170 2694 1226 καὶ
2736 1169 2897 1226 λύκοι
2953 1164 3043 1222 διὰ
3101 1165 3350 1239 ἁρπαγῆς
3408 1159 3604 1236 ἀρνίων
3650 1179 3666 1192 ο
3729 1155 3834 1246 καί

2147 1244 2252 1311 που
2299 1258 2387 1313 καὶ
2440 1265 2770 1334 πρηκτῆρες,
2826 1256 2920 1318 οὕς
2973 1257 3008 1325 ἡ
3057 1251 3366 1330 ἀρπακτικὴ
3422 1247 3667 1325 βορότης
3730 1244 3832 1320 ἐγ-

2146 1347 2336 1425 γράφει
2369 1347 2442 1410 ὠς
2487 1347 2564 1411 εἵς
2605 1349 2860 1423 κόρακας,
2922 1348 3057 1402 Θεοῦ
3087 1343 3176 1400 καὶ
3234 1344 3394 1397 τοῦτο
3443 1337 3832 1425 οἰκονομοῦν-

2144 1423 2368 1501 τοςνεῗς
2423 1438 2642 1513 ἀγαθόνί
2695 1435 2788 1492 ’ίνα
2834 1436 2927 1492 καὶ
2960 1436 3014 1490 ot
3069 1431 3263 1494 αὐτοὺς
3317 1426 3545 1500 ἀσκηταὶ
3596 1423 3830 1480 ἔπόνον

2145 1527 2235 1579 καὶ
2287 1527 2489 1598 ταύτην
2542 1530 2748 1607 τροφὴν
2783 1527 2989 1602 ἀγαθὴν
3046 1519 3246 1599 ἔχοιεν,
3309 1519 3383 1582 ὠς
3436 1517 3523 1572 οἷα
3578 1514 3635 1585 i2
3685 1515 3832 1568 ἀνα·

2149 1615 2272 1685 ξίων
2308 1617 2453 1689 ἀξίαν
2511 1604 2864 1693 ἐξαγομένην,
2923 1613 3011 1670 καὶ
3071 1615 3122 1668 οἱ
3176 1605 3548 1686 μεταδιδόντες
3602 1604 3831 1693 ἀγαθο-

2146 1711 2405 1780 πραγοῖεν
2460 1707 2539 1784 ἐφ’
2571 1691 2892 1777 ὁποσονοῦν,
2946 1701 3099 1757 αὐτοί
3157 1721 3216 1755 τε
3266 1694 3604 1784 μεμνημὶνοι
3645 1691 3831 1784 Utar,-

2152 1791 2411 1863 μοσύνης.
2445 1781 2514 1848 διὂ
2565 1795 2626 1862 ἢν
2685 1789 2808 1868 ἔχοι
2867 1790 2926 1845 ἂν
2987 1787 3173 1860 θλίψιν
3209 1787 3236 1841 ὁ
3293 1781 3488 1846 αὐτοὺς
3522 1782 3827 1835 ὑποκινῶν

2149 1876 2380 1953 δαίμων,
2439 1881 2655 1958 βλὲπων
2715 1880 2767 1936 ἂν
2845 1879 3027 1940 αὐτοῖς
3082 1874 3406 1950 ἐμπύρευμα
3461 1869 3831 1944 (θερμότητος

393 1969 780 2043 eleemosyna,
827 1973 994 2042 quasi
1045 1972 1156 2029 mel
1201 1989 1270 2029 ex
1319 1990 1415 2029 ore
1442 1972 1795 2038 devorantis,
1827 1986 2035 2026 secun-

2154 1971 2375 2046 ἀγαθῆς,
2434 1971 2524 2026 καὶ
2583 1971 2740 2026 αὐτοὶ
2799 1967 2856 2025 δὲ
2911 1970 2988 2042 μὴ
3047 1963 3326 2026 παντελῶς
3363 1959 3826 2070 ἐκλανθῷωνταξ

392 2057 534 2112 dum
565 2060 918 2132 Scripturas,
952 2070 1172 2134 quanto
1221 2063 1410 2135 magis
1442 2079 1510 2118 ex
1538 2061 1878 2118 hominibus
1911 2059 2038 2131 lege

2154 2063 2240 2114 τοῦ
2293 2058 2396 2115 ύπὸ
2441 2058 2556 2132 Θεῷ
2614 2062 2769 2115 εἶναι’
2825 2055 2914 2113 καί
2956 2055 3045 2111 τίνα
3097 2051 3154 2109 δὲ
3174 2058 3252 2125 τῷ
3279 2049 3470 2126 τρόπῳ
3498 2048 3694 2119 τούτῳ
3727 2043 3829 2100 καὶ

395 2145 592 2203 divina
616 2148 872 2219 directis,
905 2155 963 2206 et
991 2155 1211 2223 quanto
1243 2153 1435 2224 majus
1470 2153 1624 2207 idem
1657 2150 1876 2206 bonum
1907 2164 2039 2221 pro-

393 2237 606 2293 cedet?

2148 2145 2311 2204 ἄλλοι
2371 2149 2508 2226 πρὸς
2566 2148 2759 2224 ὅμοιον
2793 2144 3248 2223 ἐκθερμαίνωνται
3283 2138 3450 2210 ζῆλος
3477 2134 3824 2226 τοῦλέλεεῖν.

2151 2237 2213 2294 Εἴ
2258 2239 2360 2313 γὰρ
2390 2223 2448 2294 ἐκ
2499 2237 2752 2294 τοιούτου
2799 2234 2966 2305 ἤθους
2997 2235 3084 2290 καὶ
3123 2232 3248 2310 βίου
3279 2229 3542 2304 θηριακοῦ
3562 2223 3830 2313 ἐλεημοέ

395 2321 525 2395 σύνη
561 2346 826 2402 προεισιν,
861 2329 935 2391 ὡς
967 2328 1027 2384 ἃν
1063 2329 1110 2384 εἴ
1140 2329 1227 2385 καὶ
1260 2329 1311 2401 ἐξ
1343 2325 1592 2391 ἕσθοντος
1626 2324 1775 2402 μέλι,
1807 2327 1869 2382 τὸ
1894 2325 2177 2403 γραφικόν·
2209 2312 2367 2400 πόσῴ
2399 2326 2634 2401 μάλιστα
2664 2325 2723 2382 ὲκ
2748 2330 2856 2381 τῶν
2887 2322 3039 2400 λόγῳ
3069 2318 3197 2394 θείῳ
3245 2316 3670 2390 διοικουμένων,
3728 2312 3832 2367 καὶ

389 2414 707 2471 ποσαπλοῦν
739 2418 802 2472 τὸ
833 2417 962 2474 αὐτὸ
994 2418 1191 2494 ἀγαθὸν
1225 2418 1593 2491 ἐξελεύσεται;

461 2525 550 2579 79.
579 2527 672 2583 Sic
718 2545 851 2600 ergo
901 2530 1018 2586 Deo
1066 2531 1311 2586 ducente
1358 2535 1416 2586 et
1457 2547 1493 2586 a
1543 2529 1732 2586 corvis
1779 2526 2042 2582 illustres

392 2618 488 2672 Dei
519 2619 791 2675 monachi
818 2620 1216 2677 enutriuntur.
1254 2621 1313 2676 Si
1357 2623 1552 2676 autem
1612 2628 1785 2690 quem
1846 2616 2038 2673 cibum

393 2706 550 2762 domi
578 2725 784 2779 parare
814 2709 1040 2778 volunt,
1066 2726 1244 2780 parva
1282 2726 1423 2765 cura
1471 2709 1542 2764 de
1586 2711 1741 2764 terra
1786 2711 1876 2762 est
1923 2705 2041 2760 illis

394 2797 608 2868 (neque
655 2797 806 2854 enim
871 2815 998 2853 eam
1043 2800 1306 2868 turbant,
1369 2797 1560 2853 lautas
1619 2795 1822 2868 epulas
1882 2812 2040 2866 quie-

393 2891 607 2952 rentes,
644 2885 797 2941 sicut
826 2887 925 2959 qui
957 2904 990 2943 a
1021 2893 1207 2944 matre
1250 2886 1568 2956 laetantur)
1609 2903 1622 2953 ;
1684 2887 1785 2941 sed
1828 2884 2041 2940 herbas

393 2989 521 3044 qum
553 2979 764 3044 sponte
793 2975 1146 3046 germinant,
1192 2973 1556 3047 evangelicae
1605 2973 1885 3038 locustae,
1919 2972 2040 3026 fru-

392 3064 523 3116 ctus
557 3062 760 3117 obvios
790 3063 1068 3119 arborum
1099 3063 1402 3136 colligunt,
1434 3067 1776 3134 naturasque
1817 3060 2034 3117 beneﬁ-

393 3148 500 3206 ciis
533 3150 828 3207 fruuntur.

465 3332 554 3387 80.
586 3332 954 3405 Quaecunque
997 3337 1194 3389 autem
1225 3332 1493 3388 homines
1537 3330 1676 3387 boni
1718 3330 1776 3385 in
1818 3331 2038 3386 mundo

391 3419 451 3475 in
484 3419 619 3476 illos
665 3424 892 3492 parent,
927 3439 988 3478 se
1031 3422 1284 3478 invicem
1331 3421 1390 3476 in
1439 3421 1661 3477 bonum
1707 3419 2042 3486 incitantes,

395 3509 536 3580 quid
576 3510 769 3566 dicere
814 3511 1069 3582 expedit,
1117 3527 1251 3567 cum
1290 3510 1411 3567 sint
1440 3510 1715 3566 omnibus
1746 3512 1906 3575 nota,
1939 3522 2046 3563 nec

395 3598 677 3655 relatione
707 3599 1052 3673 indigeant?
1091 3601 1171 3656 Ab
1198 3600 1316 3656 illis
1347 3599 1505 3656 enim
1547 3600 1692 3656 adeo
1723 3597 2046 3671 replentur,

401 3691 466 3744 ut
495 3687 706 3744 alteros
737 3689 1109 3761 adjuvent,ut
1138 3689 1347 3745 horrea
1365 3705 1475 3745 sua
1503 3688 1563 3744 in
1593 3691 1832 3744 cateros
1859 3686 2045 3742 effun-

402 3775 562 3848 dant,
595 3793 662 3832 ex
695 3777 1055 3833 abundantia
1085 3778 1213 3834 sine
1241 3777 1462 3846 labore,
1485 3793 1519 3832 a
1541 3782 1654 3833 Deo
1686 3777 2046 3847 comparata,

401 3882 506 3921 nec
537 3865 725 3938 cultis,
759 3882 864 3924 nec
918 3866 1160 3924 consitis
1209 3867 1386 3938 agris,
1419 3865 1571 3924 sicut
1618 3867 1836 3922 bonum
1883 3862 2042 3919 istud

403 3971 622 4012 manna
668 3955 876 4027 pluens
931 3957 1002 4012 de
1031 3955 1194 4027 caelo,
1255 3961 1312 4012 et
1349 3972 1521 4012 omne
1550 3956 2043 4012 delectamentum

403 4044 627 4099 mensis
676 4045 944 4111 efferens,
979 4049 1268 4116 quantum
1310 4045 1465 4102 Deus
1505 4043 1814 4111 benedicit,
1853 4059 2045 4114 quan-

398 4136 524 4188 tum
553 4133 696 4190 satis
724 4137 780 4190 et
810 4134 944 4206 plus
973 4151 1151 4207 quam
1184 4152 1417 4193 necesse
1445 4140 1553 4192 est.

469 4403 557 4458 81.
601 4403 706 4459 Ubi
753 4404 879 4475 jam
919 4404 1075 4476 apud
1127 4404 1396 4461 homines
1445 4404 1530 4460 sic
1581 4407 1821 4476 agentes
1871 4401 2046 4458 vesti-

399 4492 562 4565 gium
608 4493 847 4550 malitia
896 4511 1072 4566 quam
1134 4495 1530 4566 ejuraverunt,
1576 4493 1730 4549 sicut
1773 4496 1907 4548 ante
1956 4491 2047 4546 di-

401 4587 558 4638 ctum
591 4589 681 4640 est
697 4584 725 4638 ?
756 4587 890 4648 Quae
911 4585 1074 4640 deest
1095 4586 1166 4640 de
1183 4584 1275 4640 his
1295 4584 1634 4652 virtutibus,
1654 4599 1800 4656 quas
1822 4581 1929 4638 soli
1954 4581 2046 4637 in-

400 4677 490 4727 ter
518 4673 838 4730 monachos
871 4673 1273 4746 praetulerunt,
1308 4673 1523 4746 quibus
1548 4672 1658 4728 hoc
1693 4672 1936 4728 verbum
1966 4679 2048 4727 est

2225 2526 2318 2582 οϐ’.
2350 2527 2454 2582 Καὶ
2516 2523 2659 2581 οὕτω
2716 2523 2810 2598 μὲν
2869 2519 3202 2596 ὁδηγοῦντος
3234 2519 3369 2574 Θεοῦ
3397 2512 3488 2570 καὶ
3520 2509 3609 2568 διὰ
3637 2509 3828 2598 acapri-

2151 2634 2260 2668 κων
2295 2615 2346 2670 oi
2401 2619 2498 2670 τοῦ
2528 2618 2662 2671 Θεοῦ
2713 2596 2939 2689 μεγάλοι
2991 2607 3226 2685 μοναχοὶ
3283 2606 3590 2683 τρέφονται.
3651 2599 3724 2658 Εἰ
3761 2596 3826 2653 δὲ

2148 2724 2203 2758 τι
2267 2708 2477 2780 τροφῆς
2534 2701 2743 2766 οἴκοθεν
2804 2698 3049 2765 ἐθέλουσι
3108 2696 3198 2752 καὶ
3252 2693 3407 2750 αὐτοὶ
3459 2689 3793 2780 πορίζεσθαι

2156 2777 2318 2866 ὀλίγα
2371 2777 2472 2858 τῆς
2522 2795 2626 2867 γῆς
2689 2789 2854 2864 μὲλον
2887 2788 3073 2849 αὐτοῖς
3107 2785 3186 2860 (οὗ
3218 2783 3319 2859 γὰρ
3361 2777 3819 2867 παρενοχλοῦσιν

2151 2865 2311 2954 αὐτῇ,
2358 2865 2644 2952 ζητοῦντες
2671 2878 2935 2957 τρυφερὰν
2969 2875 3199 2945 διάιταν,
3232 2871 3331 2927 ὅσα
3385 2869 3478 2925 καὶ
3525 2865 3630 2957 ἀπὸ
3689 2887 3821 2957 μη-

2147 2953 2275 3046 τρὸς
2303 2971 2355 3024 οἱ
2385 2953 3040 3045 γαλακτοτροφούμενοι),
3076 2961 3222 3018 ἀλλᾶ
3255 2961 3497 3035 βοτανῶν
3531 2953 3822 3046 δρεπόμε-

2149 3081 2253 3132 νοι,
2288 3059 2408 3115 ὃσαι
2438 3058 2735 3132 αὐτόματοι
2769 3055 3015 3133 φύονται,
3045 3051 3136 3108 καί
3157 3047 3389 3125 ἀκρίδων
3422 3042 3816 3120 εύαγγελικῶν

2147 3149 2237 3205 καὶ
2267 3145 2581 3224 ἀκροδρύων
2612 3144 2720 3202 τῶν
2780 3143 3230 3222 παρατυχόντων,
3294 3138 3649 3216 ἀφοσιοῦνται
3703 3134 3816 3202 τὴν

2148 3235 2431 3314 θεραπείαν
2457 3243 2557 3307 τῆς
2585 3235 2816 3311 φύσεως.

2223 3337 2405 3391 π’.οἶα
2461 3333 2519 3391 δὶ
2574 3335 2665 3390 καὶ
2723 3335 2777 3389 οἱ
2828 3331 2964 3387 κατά
3015 3328 3223 3402 κόσμον
3283 3323 3476 3400 ἀγαθοὶ
3525 3319 3812 3396 ἅνθρωποι

2153 3423 2275 3499 περὶ
2305 3423 2431 3486 τοὺς
2487 3421 2768 3483 τοιούτους
2797 3416 3116 3495 τεχνῶνται,
3151 3412 3424 3485 ἀλλήλοις
3456 3411 3510 3473 ἒς
3539 3409 3602 3465 τὸ
3627 3406 3812 3462 καλὸν

2153 3510 2562 3586 ἁμιλλώμενοι,
2619 3508 2673 3565 τί
2723 3509 2836 3585 χρή
2889 3507 2977 3562 καὶ
3028 3504 3207 3580 λέγειν
3267 3499 3584 3586 ἐγνωσμένα
3637 3500 3813 3586 πᾶσιν

2154 3583 2305 3669 ὄντα,
2360 3583 2450 3654 καὶ
2507 3583 2777 3671 ἱστορίας.
2804 3591 2956 3650 ούδὶν
2991 3589 3252 3666 δεόμενα;
3286 3585 3357 3646 Ο’ί
3383 3583 3816 3671 περιουσιάζουέ-

2153 3711 2236 3744 σιν
2288 3689 2482 3751 αὐτοὺς
2542 3686 2596 3750 ἒς
2633 3670 2908 3742 τοσοῦτον
2966 3683 3054 3738 καὶ
3116 3681 3330 3754 ὲτὲρους
3359 3673 3686 3752 ἰπωφελεῖν,
3715 3670 3814 3725 καὶ

2155 3779 2516 3856 ἰξερεύγεσθαι
2573 3777 2641 3832 τὰ
2697 3774 2908 3832 ἐκείνων
2965 3775 3187 3845 ταμιεῖα
3242 3769 3292 3842 ἐξ
3347 3764 3521 3822 αὐτῶν
3566 3761 3657 3856 ἐίς
3689 3758 3813 3856 βλ-

2155 3848 2286 3934 λους
2339 3848 2493 3943 λόγῳ
2519 3865 2948 3942 περιουσιασμοῦ
2978 3856 3438 3935 ἀπραγματεύτου
3493 3850 3586 3943 καὶ
3643 3848 3813 3943 αύτό-

2153 3979 2350 4035 χρημα
2408 3939 2730 4030 θεοκτῆτου,
2787 3953 3030 4026 ἄσπαρτα
3078 3949 3168 4006 καὶ
3226 3949 3486 4022 ἀνήροτα,
3527 3941 3604 4003 ὥς
3642 3939 3814 4035 ’ἀλη-

2311 4044 2456 4103 καλὰ
2481 4050 2648 4102 ταῦτα
2681 4043 2852 4118 μάννα
2912 4040 3248 4118 βρεχόμενον
3303 4037 3527 4102 ἄνωθεν,
3570 4030 3661 4118 καί
3702 4047 3812 4083 πο-

2153 4133 2360 4192 λυειδεῖ
2419 4116 2695 4213 μορφώσει
2751 4116 3018 4208 τραπέζας
3047 4125 3319 4204 ἐξαρτύον,
3366 4121 3560 4213 ὁποίας
3591 4116 3816 4213 εὐλογεῖ

2154 4226 2305 4294 Θεὸς,
2346 4206 2438 4281 καὶ
2609 4206 2927 4298 αὐτάρκειαν
2954 4219 3054 4288 τὴν
3105 4214 3319 4287 αὐτίκα,
3356 4211 3447 4268 καὶ
3496 4209 3571 4272 εἰς
3625 4206 3818 4282 περίσ-

2153 4335 2244 4372 ceu
2252 4335 2346 4389 μα.

2225 4418 2333 4469 ποί.
2361 4414 2474 4466 Ποῦ
2525 4408 2703 4465 τοίνυν
2737 4407 2788 4464 ἐν
2841 4411 2959 4471 τοῖς
2985 4405 3127 4460 οὕτω
3171 4404 3348 4480 βιοῦσι
3405 4399 3600 4461 κακίας
3625 4393 3812 4471 ἴχνος,

2153 4505 2220 4573 ἢν
2282 4498 2663 4574 ἀπωμόςαντο,
2717 4498 2855 4561 καθὰ
2908 4493 3346 4571 προεκτέθειται;
3407 4487 3542 4545 Ποία
3595 4483 3653 4540 δὲ
3701 4487 3812 4574 τῶν

2155 4592 2358 4667 ἀρετῶν
2409 4573 2654 4656 ἀπέσται,
2716 4585 2778 4648 ἃς
2837 4580 3296 4660 παρηγγὲλθτδσαν
3333 4579 3483 4634 οὗτοι
3514 4575 3606 4631 καὶ
3639 4573 3811 4667 μόνοι

2155 4663 2206 4736 ἐν
2261 4683 2563 4754 μοναχοῖς;
2619 4677 2671 4732 οἳ
2729 4676 2820 4731 καὶ
2870 4675 2934 4730 τὸ
2983 4698 3003 4725 ι
3039 4673 3124 4728 ναὶ
3158 4696 3186 4724 ››
3219 4668 3601 4754 συγκλείοντες
3631 4663 3710 4726 είς
3744 4663 3810 4718 τὸ

399 4765 487 4816 est
517 4763 828 4834 signiﬁcat,
863 4763 1080 4835 quique
1111 4763 1268 4818 istud
1311 4779 1424 4818 non
1470 4779 1587 4819 sues
1630 4764 1884 4818 tonsurae
1929 4777 2040 4815 non

2156 4792 2184 4820 ‹‹
2214 4751 2323 4837 ναὶ,
2359 4751 2506 4822 »καὶ
2537 4767 2597 4820 τὸ
2649 4789 2671 4816 (ι
2709 4760 2771 4818 οὔ
2804 4787 2834 4816 ››
2866 4759 2925 4817 δὲ
2977 4768 3078 4832 τῆς
3107 4764 3308 4834 κουρᾶς
3340 4757 3417 4832 μὴ
3449 4751 3806 4830 ψεύδόμενοι.

399 4848 652 4906 fallunt?
673 4853 842 4924 Apud
865 4869 983 4924 eos,
1003 4857 1059 4908 et
1082 4853 1236 4924 apud
1261 4851 1419 4908 solos
1448 4868 1548 4907 eos
1578 4849 1807 4906 habitat
1833 4850 2040 4921 virtus,

402 4941 556 5010 apud
587 4955 687 4996 eos
717 4941 904 4998 virtus
935 4942 1034 4997 Dei
1079 4942 1330 5014 perfecte
1361 4942 1519 5014 agit;
1571 4939 1684 5013 ipsi
1743 4939 2042 4996 Christum

399 5027 773 5086 invisibiliter
845 5036 1158 5101 astantem,
1216 5031 1370 5087 sicut
1442 5047 1576 5086 cum
1635 5031 2040 5099 tenderentur,

398 5117 482 5173 sic
535 5119 592 5173 in
647 5127 944 5192 posterum
993 5121 1316 5176 intuentur.
1367 5121 1482 5193 Ipsi
1527 5121 1926 5176 meminerunt
1968 5120 2040 5176 ad

399 5225 574 5280 quem
623 5217 1019 5281 accesserunt,
1067 5212 1161 5268 cui
1207 5212 1324 5268 sint
1372 5211 1634 5284 ascripti,
1683 5210 1894 5281 quibus
1953 5227 2042 5266 re-

399 5299 823 5357 nuntiaverint.
858 5305 1100 5370 Horum,
1147 5305 1204 5357 et
1249 5301 1460 5357 horum
1517 5301 1691 5356 modo
1741 5300 2040 5373 proprium

400 5393 490 5444 est
519 5390 694 5448 finem
718 5393 918 5466 magni
941 5392 1177 5449 habitus
1208 5391 1385 5465 digne
1413 5391 1674 5447 oratione
1695 5390 1767 5446 ab
1785 5389 2042 5447 Ecclesia

402 5494 580 5552 super
625 5481 785 5555 ipsos
839 5486 1078 5554 rectata,
1154 5486 1212 5538 et
1281 5479 1872 5553 irreprehensibiliter
1938 5480 2042 5536 ad-

402 5568 670 5640 implere,
725 5576 895 5646 atque
969 5573 1064 5645 pie
1137 5575 1194 5628 et
1266 5574 1465 5629 sancte
1522 5587 1586 5628 se
1632 5569 1848 5628 habere
1901 5569 2042 5626 dum

402 5662 673 5717 sanctum
720 5659 825 5718 Dei
871 5661 1146 5723 timorem
1197 5659 1258 5717 in
1309 5658 1436 5720 suis
1492 5657 1807 5720 animabus
1853 5657 2040 5717 nutri-

2153 4859 2238 4914 'Ev
2287 4857 2474 4918 αὐτοῖς
2529 4854 2617 4910 καὶ
2657 4853 2844 4928 μόνοις
2895 4854 2929 4921 ὴ
2964 4849 3198 4921 ἀλήθεια
3237 4849 3500 4903 κατοικεῖσ
3561 4844 3614 4898 ἐν
3672 4841 3808 4897 τού-

2148 4949 2449 5016 τοιςήτοῦ
2480 4948 2612 5000 Θεοῦ
2662 4941 2888 5016 δύναμις
2945 4939 3176 5001 ἐντελῶς
3230 4937 3452 5012 ἐνεργεῖ·
3506 4932 3659 4989 αὐτοὶ
3711 4932 3804 4986 τὸν

2149 5035 2378 5112 Χριστὸν
2439 5035 2684 5110 ἀοράτως
2735 5030 2995 5106 παρόντα,
3053 5028 3234 5103 ὥσπερ
3293 5021 3523 5081 ἔϐλεπον
3599 5021 3652 5076 ἄν
3726 5023 3808 5091 τῷ

2149 5123 2438 5200 κείρεσθαι,
2473 5123 2616 5179 οὕτω
2658 5122 2747 5178 καὶ
2792 5120 2843 5176 ἐν
2893 5123 3009 5181 τοῖς
3056 5117 3266 5193 ἐφεξῆς.
3327 5115 3496 5173 Αύτοὶ
3556 5112 3809 5186 μέμνην-

2147 5234 2257 5285 ται,
2287 5213 2393 5268 τίνι
2456 5213 2549 5286 μὲν
2601 5209 2936 5289 προσῆλθον,
2986 5205 3094 5262 τίνι
3144 5203 3202 5261 δὲ
3260 5202 3666 5276 συνταξάμενοι,
3725 5200 3809 5256 τί·

2149 5323 2230 5356 σιν
2290 5300 2638 5372 ἀπετάξαντο.
2688 5298 2909 5356 Τούτων
2959 5295 3069 5351 ἔστι
3120 5293 3213 5350 καὶ
3275 5294 3455 5366 μόνων
3509 5293 3571 5346 τὸ
3630 5289 3809 5363 ἀμέμ-

2149 5411 2298 5452 πτως
2354 5389 2490 5445 κατᾶ
2533 5391 2632 5460 τὴν
2703 5387 2785 5444 ἐπ’
2854 5385 3038 5447 αὐτοῖς
3111 5380 3569 5452 ἐκκλησιαπικήν
3633 5377 3806 5454 εὐχὴν

2148 5481 2239 5535 καὶ
2285 5477 2657 5556 ἀκατακρίτως
2709 5477 2802 5532 τὸν
2860 5474 3059 5531 σκοπὸν
3111 5470 3344 5543 ὲξανύειν
3401 5474 3500 5526 τοῦ
3559 5466 3805 5544 μεγάλου

2150 5568 2461 5644 σχήματος,
2521 5567 2610 5623 καὶ
2667 5559 2914 5627 εὐλαϐῶς
2970 5559 3117 5639 ἔχειν
3188 5559 3279 5616 καὶ
3337 5562 3550 5634 σεμνῶς
3599 5556 3653 5615 ἐν
3725 5561 3809 5629 τῷ

2147 5656 2359 5740 τριφειν
2418 5656 2471 5714 ἐν
2527 5658 2681 5737 ψυχῇ
2731 5653 2942 5734 τὲλειυν
2991 5645 3161 5732 φόϐον
3206 5651 3490 5736 τοῦτθεοῦ.
3520 5648 3826 5738 Οίιτοιοῖὶ-¹
