4104 6210
237 315 354 374 797

1247 319 1347 379 DE
1388 319 1887 382 EMENDANDA
1928 319 2117 381 VITA
2161 319 2646 383 MONACHIGA.

3539 323 3658 383 798

229 465 317 498 τοι
376 445 558 513 πάσης
619 448 890 519 κοσμικῆς
966 444 1362 524 ἀπηλλάγησαν
1431 450 1740 522 ἐπιθυμίας,
1800 471 1868 505 κα

2006 456 2132 507 unt.
2177 452 2295 525 Ipsi
2341 470 2375 508 a
2422 451 2683 524 qualibet
2723 451 3026 506 mundana
3071 449 3545 522 concupiscentia
3591 471 3654 512 se

225 539 336 588 τῶν
387 534 529 588 κατὰ
586 534 757 608 σάρκα
822 541 1117 611 συγγενῶν,
1173 539 1469 612 ἀνθρώπων
1527 537 1742 610 δηλαδή
1801 540 1890 593 καὶ

226 627 445 690 παθῶν,
496 623 578 684 οἷς
625 624 678 676 οἱ
716 622 976 696 ἐμπαθεῖς
1036 631 1234 701 μικροῦ
1289 625 1396 682 δεῖν
1449 628 1537 682 καὶ
1598 629 1890 683 συνουσιώ-

231 722 372 784 μεθα
410 711 547 765 κατὰ
593 710 838 783 σύντηξιν
892 715 993 784 τὴν
1053 714 1111 769 ἐκ
1154 714 1376 793 φαύλων
1425 721 1745 788 ωνηθειῶν.
1789 716 1893 772 Αύ-

221 801 311 854 τοί
372 800 467 854 τὸν
524 805 626 855 τοῦ
681 806 813 858 Θεοῦ
870 800 1154 879 ἄνθρωπον
1211 805 1565 877 ἀνεκαίνισαν,
1600 803 1890 879 ἐνδυσάμε-

220 909 306 943 νοι
365 888 440 962 τῇ
502 893 598 944 τοῦ
656 888 896 946 παλαιοῦ
949 891 1201 949 ἀποθέσει
1258 896 1350 949 τὸν
1383 894 1614 966 νέονλὸς
1673 893 1886 966 ἐκτίσθη

215 979 337 1033 κατ’
374 976 562 1035 ιῖκόνα
593 984 750 1035 Θεοῦ.

288 1097 406 1159 «5'.
442 1105 538 1175 Τῷ
564 1102 800 1177 τοιούτῳ
855 1110 1088 1181 μονοιχῷ
1151 1110 1186 1178 ἡ
1243 1111 1343 1174 τῆς
1397 1110 1682 1182 μετανοίας
1733 1106 1892 1178 ἤνοι-

215 1213 346 1248 κται
411 1193 547 1268 θύρα
591 1195 731 1248 κατὰ
783 1197 880 1264 τὴν
923 1193 1127 1270 ἀψευδῆ
1159 1204 1260 1268 τῆς
1315 1203 1515 1274 κουρᾶς
1575 1199 1892 1276 ὑπόσχεσιν,

211 1281 308 1336 καὶ
343 1285 372 1336 6
406 1282 652 1357 χρηστὸς
704 1285 863 1358 ζυγὸς
911 1282 1078 1361 ἤρθη,
1130 1285 1218 1341 καὶ
1265 1288 1328 1341 τὸ
1386 1287 1619 1365 ἐλαφρὸν
1665 1283 1889 1343 ἐϐαστά-

217 1382 337 1445 χθη
395 1369 646 1447 φορτίον.
675 1374 764 1427 Ἐν
819 1377 900 1444 τῷ
949 1373 1093 1429 οὕτω
1145 1375 1352 1450 βιοῦντι
1401 1378 1489 1432 καὶ
1524 1378 1552 1431 6
1584 1379 1888 1452 ἀγιώτατος

215 1459 458 1533 σταυρὸς
506 1459 588 1514 tr.”
621 1454 789 1533 ὤμων
845 1461 940 1534 μὲν
999 1461 1298 1540 φερόμενος
1356 1465 1430 1527 εἷς
1483 1471 1784 1539 Κυρηναῖον
1828 1463 1887 1519 ἂν

214 1548 458 1619 Σίμωνα
515 1547 773 1603 εἰκονίσοι
828 1551 922 1605 τὸν
968 1551 1211 1626 αἶ’ρονταο
1243 1553 1302 1608 έκ
1328 1561 1435 1629 γῆς
1479 1553 1535 1609 δὲ
1591 1554 1748 1610 αὐτὸν
1803 1555 1890 1629 at:

212 1657 355 1710 ρων,
406 1636 498 1690 καὶ
547 1637 1046 1711 προσπατταλεύων
1102 1645 1183 1713 τῷ
1237 1647 1334 1696 τοῦ
1388 1647 1521 1697 Θεοῦ
1569 1645 1744 1717 πόθῳ,
1799 1619 1888 1700 καἱ

211 1723 486 1795 καθηλῶν
520 1723 581 1778 ἐκ
607 1729 702 1780 τοῦ
734 1721 909 1804 φόϐου
954 1727 1119 1783 αὐτοῦ
1159 1733 1256 1792 τὰς
1308 1730 1506 1807 σάρκας
1558 1738 1654 1787 τοῦ
1721 1735 1887 1805 ἀσκη-

2002 541 2446 612 elongaverunt,
2479 544 2534 595 et
2562 557 2596 593 a
2640 537 2904 609 cognatis
2937 539 3262 593 secundum
3298 555 3556 612 carnem,
3581 544 3652 598 ab

2000 627 2340 685 hominibus
2385 630 2607 685 scilicet
2636 633 2692 684 et
2723 627 3122 698 passionibus,
3165 627 3383 699 quibus
3419 630 3653 686 obnoxii

2000 717 2117 773 fere
2159 716 2698 773 consubstantiales
2748 732 2976 782 sumus,
3012 718 3249 787 propter
3291 717 3651 774 commistio-

2001 823 2134 862 nem
2166 823 2196 863 e
2228 797 2877 878 prava‘conversatione
2927 809 3324 861 consecutam.
3357 807 3426 861 Hi
3458 806 3649 863 homi-

1998 911 2134 952 nem
2177 896 2280 951 Dei
2321 899 2692 961 renovarunt,
2745 893 3007 965 deposito
3055 894 3234 949 veteri
3281 899 3340 950 et
3381 913 3529 952 novo
3560 897 3649 952 in-

1998 984 2163 1052 duto,
2197 985 2296 1057 qui
2327 986 2399 1040 ad
2432 983 2748 1056 imaginem
2785 982 2880 1038 Dei
2911 987 3140 1039 creatus
3170 987 3278 1040 est.

2069 1111 2158 1166 82.
2192 1109 2337 1165 Huic
2368 1109 2653 1165 monacho
2683 1111 2886 1180 aperta
2923 1110 3012 1163 est
3056 1108 3411 1179 paenitentiae
3434 1109 3641 1180 janua,

1998 1199 2320 1254 secundum
2343 1213 2604 1254 veracem
2627 1203 2881 1254 tonsurae
2897 1196 3376 1252 constitutionem
3396 1222 3411 1266 ;
3425 1199 3641 1270 jugum

1999 1303 2175 1343 suave
2205 1287 2504 1343 sublatum
2530 1291 2636 1356 est,
2669 1291 2727 1341 et
2774 1285 3100 1356 bajulatum
3150 1301 3298 1340 onus
3345 1286 3486 1342 leve.
3528 1288 3640 1344 Ho-

2000 1375 2219 1431 minem
2247 1375 2332 1431 sic
2359 1377 2634 1430 virtutem
2667 1391 2809 1429 crux
2835 1372 3212 1428 sanctissima
3241 1372 3503 1429 humeris
3535 1374 3642 1428 im-

1998 1464 2189 1536 posita
2219 1468 2620 1520 assumentem
2653 1461 2906 1518 similem
2950 1461 3197 1516 Simonii
3245 1460 3331 1515 illi
3373 1463 3639 1534 Cyrenaeo

1999 1553 2211 1620 efﬁcit;
2244 1557 2302 1608 et
2329 1569 2462 1608 cum
2495 1569 2629 1607 eum
2691 1568 2722 1606 e
2767 1555 2923 1606 terra
2954 1549 3245 1605 elevatum
3278 1550 3518 1620 contigit
3542 1549 3643 1605 Dei

1997 1641 2309 1710 desiderio,
2352 1659 2383 1698 e
2423 1643 2551 1713 ejus
2598 1657 2802 1696 carnes
2847 1640 3057 1694 timore
3106 1638 3338 1694 Domini
3370 1639 3639 1711 percutit,

1997 1729 2078 1786 ita
2128 1737 2195 1786 ut
2264 1735 2449 1787 morte
2523 1729 2896 1802 compatienti
2962 1727 3277 1784 cruciﬁxus
3350 1727 3637 1795 videatur,

206 1817 334 1882 τοῦ,
371 1812 448 1874 ὡς
484 1809 660 1868 δοκεῖν
707 1819 1064 1889 σταυροῦσθαι
1118 1819 1189 1890 τῇ
1243 1822 1500 1895 νεκρώσει
1553 1827 1651 1891 τῆς
1706 1822 1868 1895 ἄμπα-

1993 1819 2266 1875 eumdem
2317 1821 2388 1875 ad
2445 1819 2828 1874 imitationem
2877 1816 3196 1872 Salvatoris
3254 1815 3440 1871 nostri
3495 1817 3637 1873 Jesu

212 1901 394 1968 Θείας,
425 1901 503 1963 εἰς
538 1904 788 1976 μιμητὴν
820 1903 977 1960 αὐτὸν
1015 1906 1212 1980 ἀνυψοῖ
1263 1910 1357 1962 τοῦ
1398 1915 1659 1987 Σῶτῆρος
1716 1915 1880 1986 ἡμῶν

222 1987 417 2055 Ἰησοῦ
487 1992 763 2059 Χριστοῦ’
818 1993 894 2055 ὡς
957 1995 1092 2068 μετὰ
1151 1997 1251 2066 τήν
1323 1997 1621 2076 σταύρωσιν
1678 2001 1877 2072 ταύτην

216 2078 463 2154 ταφέντα
515 2082 584 2153 τῇ
639 2081 780 2136 κατὰ
834 2083 962 2138 Θεὸν
1015 2086 1336 2142 ταπεινώσει
1387 2090 1734 2160 ὶξαναστῆναι
1799 2091 1876 2154 εἷς

221 2168 375 2258 ςωήν
402 2167 652 2238 αἲωνίαν,
685 2170 774 2224 καὶ
807 2169 1021 2249 ἆμφανῆ
1060 2173 1352 2249 γινόμενον
1405 2183 1521 2240 τοῖς
1576 2178 1733 2235 αὐτὸν
1790 2202 1878 2258 φι-

216 2251 383 2310 λοῦσι
469 2259 737 2330 μαθηταῖς
769 2303 783 2329 ,
845 2260 932 2316 καὶ
1014 2263 1264 2337 τεράστια
1341 2251 1874 2342 κατεργασάμενον,

214 2343 600 2422 ἀναληφθῆναι
658 2346 736 2410 εἷς
785 2349 880 2404 τὸν
939 2347 1160 2425 ὕψιστον
1219 2355 1452 2429 Πατέρα,
1497 2356 1587 2412 καὶ
1611 2356 1878 2434 κληρονο-

215 2439 396 2503 μῆσαι
423 2438 533 2489 τῶν
575 2434 740 2490 αὐτοῦ
794 2437 1035 2512 ἀγαθῶν,
1062 2441 1151 2496 καὶ
1201 2441 1578 2520 ἀναδραμόντα
1624 2447 1700 2509 εἰς
1749 2446 1873 2513 εὐθὺ

211 2522 398 2597 εὑρεῖν
430 2523 728 2579 ἀνάπαυσιν
783 2530 852 2600 τῇ
906 2527 1070 2583 αὐτοῦ
1128 2532 1306 2606 ψυχῇ,
1334 2534 1474 2598 καθὰ
1499 2535 1526 2589 6
1557 2535 1692 2591 κατὰ
1718 2541 1875 2592 πνεῦ-

213 2630 293 2681 μα
321 2609 519 2687 κείρων
551 2611 711 2668 αὐτὸν
743 2612 1016 2686 ἐπεύξατο.

283 2735 399 2809 πγ’.
435 2739 528 2808 Τῷ
553 2736 789 2811 τοιούτῳ
831 2738 920 2794 καὶ
971 2741 999 2795 6
1054 2741 1338 2817 κούριμος,
1371 2746 1447 2810 ὡς
1489 2746 1632 2802 οὕτω
1689 2751 1869 2828 φάναι,

207 2829 318 2911 τῆς
375 2823 604 2894 τελετῆς
675 2828 854 2902 γάμος
929 2826 1159 2903 προέϐη,
1219 2835 1307 2888 καὶ
1361 2835 1389 2889 6
1447 2823 1872 2911 ἀχειροποίητος

210 2909 504 3002 ξθεωργήϐη
536 2913 785 2991 νυμφὼν,
818 2916 905 2970 καὶ
937 2919 971 2986 ἡ
1023 2915 1223 2983 ἄνωθεν
1283 2921 1333 2994 ἐξ
1383 2909 1614 2998 ούρανοῦ
1663 2909 1866 3002 ὑφαντή

210 2998 444 3068 ἰπετέθη
478 3002 674 3073 στολὴ,
704 3004 794 3058 καὶ
835 3003 1015 3060 τᾶλλα
1063 3007 1232 3063 πάντα
1275 2998 1717 3088 προσήρμοσται*
1751 3027 1868 3080 θεο-

211 3095 399 3163 apem”
457 3092 748 3178 μυστηρια·
782 3090 914 3163 ὦνὴ
947 3089 1150 3158 ἔκθεσις
1193 3098 1504 3171 ταμιεύεται
1566 3103 1662 3175 μὲν
1722 3104 1867 3178 ἱερο-

1989 1907 2206 1964 Cbristi
2237 1908 2427 1980 erigit.
2461 1909 2532 1964 Et
2580 1912 2711 1979 post
2758 1905 2908 1962 hanc
2949 1904 3413 1961 immolationem
3445 1907 3640 1977 sepul-

1986 2000 2084 2053 tus
2115 1997 2314 2053 divina
2344 1996 2675 2052 humilitate
2706 1998 2974 2066 resurget
3004 1994 3063 2049 in
3094 1995 3276 2049 vitam
3306 1999 3584 2050 aeternam
3620 2012 3633 2063 ;

1983 2085 2265 2157 visusque
2322 2085 2633 2157 discipulis
2681 2100 2814 2141 eum
2879 2082 3282 2155 diligentibus,
3323 2081 3636 2154 clarusque

1986 2173 2291 2229 miraculis
2346 2190 2474 2245 quas
2521 2181 2791 2245 operatus
2836 2176 2944 2241 est,
3004 2173 3340 2226 assumatur
3396 2171 3468 2226 ad
3525 2175 3636 2227 Pa-

1983 2265 2134 2318 trem
2165 2261 2483 2331 excelsum,
2517 2262 2670 2318 bona
2693 2261 2818 2331 ejus
2851 2259 3115 2332 accipiet,
3137 2259 3374 2330 vitaque
3402 2259 3636 2317 evolans

1984 2351 2246 2423 requiem
2278 2351 2486 2406 anima;
2520 2367 2638 2406 sua:
2670 2349 2946 2418 inveniet,
2979 2365 3160 2420 quam
3204 2364 3340 2405 eum
3379 2350 3632 2406 tondens

1983 2439 2366 2512 spiritualiter
2395 2439 2807 2513 spoponderat.

2050 2754 2140 2809 83.
2204 2753 2350 2811 Huic
2406 2758 2464 2810 et
2521 2752 2850 2827 convivium
2910 2750 3172 2822 nuptiale
3219 2755 3496 2815 tonsurae,
3563 2752 3631 2804 ut

1979 2843 2062 2898 ita
2110 2843 2322 2910 dicam,
2373 2843 2735 2914 opponitur;
2800 2840 2938 2895 huic
2989 2845 3292 2895 ostensum
3337 2841 3428 2893 est
3477 2853 3629 2908 nup-

1975 2931 2114 2988 tiale
2142 2931 2480 2988 cubiculum
2514 2949 2628 2987 non
2662 2947 2840 2986 manu
2872 2928 3110 2997 factum,
3135 2933 3310 2999 atque
3333 2927 3403 2982 de
3435 2927 3574 2993 alto,
3599 2942 3630 2981 e

1977 3019 2122 3077 coelo
2164 3021 2341 3078 vestis
2386 3019 2608 3077 textilis
2659 3019 2840 3075 allata
2868 3022 2976 3084 est,
3010 3034 3077 3073 ac
3120 3022 3323 3073 caetera
3357 3015 3626 3088 pulcher-

1978 3112 2130 3167 rima
2159 3112 2436 3184 mysteria
2466 3111 2905 3167 accommodata
2953 3111 3109 3174 sunt,
3146 3123 3397 3179 quorum
3429 3104 3625 3177 expla-

205 3183 496 3256 γραφικῶς
530 3174 750 3254 βίϐλοις
782 3181 1031 3258 Πατέρων
1083 3187 1422 3261 ἁγιωτάτων,
1454 3190 1505 3245 οἳ
1558 3174 1626 3246 τὰ
1679 3174 1865 3248 τοιαῦ-

1981 3201 2215 3257 uenatio
2246 3200 2462 3257 tradita
2505 3203 2767 3255 servatur
2812 3199 2869 3252 in
2924 3196 3090 3252 libris
3143 3201 3481 3252 sanctorum
3513 3199 3626 3250 Pa-

201 3286 274 3320 τα
330 3264 384 3339 ἐξ
443 3267 840 3344 ἀποκαλύψεων
917 3270 1352 3346 ἐνομοθέτησαν·
1411 3277 1720 3336 έκλαλεῖται
1788 3280 1866 3347 δὲ,

203 3353 297 3408 ὅτε
354 3355 754 3446 προσφέρονται
811 3365 891 3432 τῷ
948 3367 1065 3435 Θεῷ
1119 3365 1172 3418 οἱ
1219 3365 1355 3421 κατᾶ
1382 3371 1595 3441 πνεῦμα
1624 3391 1866 3446 παγκρα-

198 3443 445 3512 τιασταὶ,
493 3447 585 3500 καὶ
643 3445 948 3517 ἐξακούεται
1025 3457 1141 3515 τοῖς
1215 3443 1723 3532 παρατυγχάνουσι..
1767 3461 1862 3516 Καὶ

200 3534 643 3626 συντηρούμενα
679 3537 774 3608 μὲν
809 3536 1114 3613 βελτιοῦσιν
1171 3541 1247 3605 εἷς
1295 3544 1496 3600 κοινόν·
1535 3548 1611 3620 μὴ
1662 3548 1864 3626 φυλατ-

201 3621 415 3695 τόμινα
467 3619 544 3692 δὲ,
593 3623 686 3681 τὸν
745 3627 1041 3702 ταξάμενον
1113 3632 1207 3705 μὲν
1260 3619 1586 3708 βλάπτουσι,
1625 3619 1755 3699 τοὺς
1809 3636 1866 3692 δὲ

200 3709 440 3772 λοιποὺς
488 3710 870 3787 σκανδαλίζου,
921 3718 1008 3772 καὶ
1059 3719 1122 3774 τὸ
1172 3719 1471 3778 σκάνδαλον
1533 3723 1594 3779 οὐ
1647 3725 1710 3780 τὸ
1765 3747 1864 3781 τυ·

197 3801 330 3874 χὸν,
364 3796 493 3854 ἀλλ’
525 3803 639 3856 οἷον
686 3801 764 3866 εἴς
815 3799 1027 3878 βλάϐην
1084 3810 1273 3879 κοινὴν
1324 3810 1705 3886 ἀποτελευτᾷν,
1733 3835 1859 3869 καυ-

196 3887 569 3980 τηριάζουσαν
629 3889 878 3964 καρδίας,
933 3894 1008 3960 ὡς
1083 3895 1183 3953 οὐκ
1255 3895 1317 3954 ἃν
1388 3900 1416 3955 6
1492 3902 1620 3964 Θεὸς
1705 3914 1859 3980 θερα-

196 3975 336 4032 πεύο
346 3997 452 4034 ιτο.

267 4117 379 4178 πδ’.
413 4120 522 4210 Καὶ
578 4121 780 4179 τοιοίδε
841 4126 936 4199 μὲν
997 4130 1048 4182 οἱ
1105 4131 1202 4200 τὴν
1237 4131 1378 4188 θείαν
1428 4134 1624 4210 κουρὰν
1656 4140 1860 4209 τιμῶν-

191 4229 304 4278 τες,
338 4209 432 4264 καὶ
489 4211 579 4265 ὑπ’
604 4212 770 4285 αὐτῆς
821 4217 1152 4291 τιμώμενοι,
1183 4220 1286 4276 Καὶ
1347 4221 1450 4276 εἶσὶ
1507 4209 1746 4280 τοιοῦτοι
1804 4226 1856 4281 οἱ

192 4295 249 4386 έν
282 4293 458 4372 ὄρεσι,
489 4300 579 4355 καὶ
634 4301 947 4375 σπηλαίοις,
976 4307 1066 4361 καὶ
1119 4305 1374 4385 ῥωχμαῖς
1423 4315 1548 4386 γῆς,
1588 4313 1678 4368 καὶ
1731 4314 1855 4369 στύ-

194 4384 338 4456 λοις,
366 4389 456 4442 καὶ
487 4386 854 4464 ἐγκλεισμοῖς,
885 4393 974 4449 καὶ
1006 4396 1122 4451 ὅσοι
1182 4384 1344 4454 ἄλλοι
1400 4384 1709 4466 πολυειδῶς
1763 4403 1856 4458 τὸν

1977 3293 2136 3346 trum
2167 3291 2269 3362 qui
2315 3307 2381 3346 ea
2427 3306 2495 3345 ex
2540 3287 2886 3344 revelatione
2917 3285 3464 3351 constituerunt;et
3495 3300 3628 3355 pro-

1979 3378 2180 3450 fertur,
2223 3394 2358 3434 cum
2417 3375 2756 3450 spirituales
2815 3374 3048 3430 athletae
3103 3373 3220 3428 Deo
3275 3373 3626 3437 oﬁ‘eruntur,

1975 3472 2034 3524 et
2064 3469 2137 3523 ab
2164 3467 2494 3523 astantibus
2550 3465 2811 3521 auditur.
2872 3466 3008 3529 Quae
3066 3461 3373 3518 observata
3425 3459 3624 3515 melio-

1975 3573 2098 3612 rem
2157 3557 2410 3612 reddunt
2465 3553 2989 3618 communitatem;
3044 3555 3102 3606 et
3157 3566 3275 3605 non
3328 3548 3627 3604 custodita

1972 3643 2381 3701 instituentem
2433 3642 2766 3708 vulnerant,
2808 3639 3067 3711 reliquos
3099 3643 3295 3695 autem
3328 3637 3622 3693 scandali-

1970 3739 2105 3790 zant
2134 3750 2249 3789 non
2280 3747 2631 3805 quocunque
2655 3728 2958 3795 seandalo,
2989 3727 3090 3784 sed
3121 3730 3382 3783 vertente
3414 3726 3471 3780 in
3499 3725 3622 3781 rui-

1970 3839 2108 3878 nam
2139 3822 2488 3892 multcrum,
2525 3821 2586 3876 in
2631 3819 2825 3875 cordis
2875 3817 3310 3873 indurationem
3362 3813 3477 3886 ipsi
3507 3814 3622 3870 Deo

1969 3908 2384 3968 insanabilem.

2035 4141 2125 4196 84.
2158 4140 2323 4196 Tales
2357 4143 2497 4195 sunt
2525 4139 2626 4210 qui
2655 4138 2912 4194 divinam
2945 4141 3249 4193 tonsuram
3279 4135 3616 4204 honestant,

1963 4235 2021 4286 et
2048 4231 2118 4285 ab
2149 4247 2216 4285 ea
2241 4229 2650 4285 honestantur.
2683 4226 2861 4309 Tales.
2898 4230 3038 4282 sunt
3067 4225 3169 4298 qui
3200 4225 3260 4280 in
3292 4223 3618 4293 montibus,

1961 4318 2025 4375 in
2051 4319 2256 4387 antris,
2281 4318 2341 4373 in
2370 4316 2602 4373 ﬁssuris
2634 4320 2820 4376 terrea.
2848 4316 2907 4369 in
2939 4313 3437 4383 columnis,super
3457 4311 3620 4367 clau-

1963 4407 2126 4477 stris,
2157 4411 2216 4463 et
2248 4407 2587 4479 quicunque
2619 4405 2906 4459 mundum
2959 4402 3120 4459 mille
3150 4402 3342 4458 modis
3373 4400 3618 4456 diversis

192 4474 784 4568 a6a’povﬂxpﬁmovrm.
818 4481 978 4558 Γέμει
1009 4481 1066 4540 δι
1121 4486 1404 4552 πολιτείας
1451 4490 1707 4562 τοιαύτης
1760 4492 1852 4548 καὶ

1981 4474 2283 4568 :ﬂ'ugiunt:
2335 4496 2452 4551 Hac
2489 4474 2739 4550 _vivendi
2797 4493 3019 4549 ratione
3073 4491 3248 4563 plena
3277 4495 3367 4546 est
3419 4490 3623 4546 civitas

193 4565 342 4637 ἡτῷ
400 4561 981 4657 ὄντι-Μεγαλόπολις,
1023 4574 1088 4629 τὸ
1144 4581 1241 4632 τοῦ
1296 4578 1507 4652 κόσμου
1562 4561 1793 4652 κάλλος,
1827 4583 1855 4637 6

1981 4561 2158 4643 κινεῖ-ε
2188 4583 2584 4657 Megalopolis,
2619 4582 2995 4656 pulchritudo
3029 4561 3256 4647 mundi,
3293 4577 3534 4650 pulcher
3565 4584 3622 4634 et

190 4659 294 4748 τῆς
333 4660 443 4748 γῆς
471 4654 639 4748 καλὸς
807 4657 1011 4735 γλυκὺς
1050 4661 1354 4742 ὀφθαλμός·
1390 4669 1528 4724 ὅπου
1574 4669 1665 4724 καὶ
1696 4669 1852 4748 λόγοι

195 4742 519 4818 ἀρετῶντες,
549 4746 640 4802 καὶ
681 4742 905 4824 ἔλλογοι
936 4751 1141 4826 ἀρεταί’
1173 4757 1239 4825 ἣν
1284 4755 1338 4811 εἷ’
1385 4779 1469 4821 τις
1525 4757 1700 4830 ἐξέλοι
1754 4742 1851 4815 τοῦ

191 4831 431 4905 κόσμου,
470 4836 686 4907 μήποτε
716 4836 816 4892 οὐκ
840 4837 902 4894 ἂν
934 4835 1012 4895 ἔτι
1070 4841 1195 4898 ούδὶ
1251 4845 1458 4920 κόσμον
1507 4847 1666 4904 αὐτὸν
1721 4850 1849 4906 εἶναι

191 4919 420 5010 άφήσοι.
478 4923 694 4997 Ταύτης
748 4927 1016 5006 τρόφιμον
1073 4931 1210 4988 ἅπαν
1269 4935 1486 5010 ἀγαθόν’
1535 4938 1624 4993 καὶ
1697 4935 1751 4993 εἶ’
1798 4959 1849 4993 τι

192 5007 250 5065 δὲ
280 5010 486 5077 ἄλλοθί
539 5035 644 5069 που
682 5017 1072 5097 παραφαίνεται
1131 5007 1324 5096 καλὸν,
1363 5023 1562 5081 ἐκεῖθεν
1624 5025 1849 5082 ἐκπέτα-

186 5119 296 5157 ται.
332 5099 666 5178 Παράδεισός
721 5125 804 5166 τις
859 5105 1016 5177 αύτή,
1072 5108 1134 5164 ού
1179 5113 1456 5188 τέσσαρσιν
1511 5110 1850 5185 ἐκϐλύζουσα

185 5196 462 5277 ποταμοῖς
516 5192 804 5268 μεγάλοις,
836 5192 983 5250 ἀλλὰ
1029 5198 1245 5275 μυρίοις
1299 5203 1466 5277 ὅσοις,
1499 5200 1702 5260 ἄλλοτε
1751 5201 1846 5260 ἅλ-

187 5276 310 5370 λοις
343 5279 872 5370 ’ἀναστομουμένοις
949 5285 1024 5348 εἷς
1094 5289 1372 5368 ἆπόῤῥυτα
1426 5276 1696 5370 χεύματα,
1753 5298 1840 5352 καὶ

184 5365 419 5458 γλυκέα,
455 5370 566 5458 Δκαὶ
623 5369 900 5445 πλήσμια.
956 5376 1170 5449 Ταύτης
1208 5365 1330 5436 καὶ
1384 5365 1468 5437 τό-
1504 5365 1687 5448 κύτος
1724 5384 1844 5458 μὲν,

185 5456 312 5550 ὅσον
370 5453 630 5550 ἄμϐαδᾷὸν,
691 5459 1030 5535 μεμέστωται
1103 5468 1554 5548 μεγαλοσχήμων
1611 5453 1843 5550 ἀνδρῶν,

185 5545 239 5599 οἳ
295 5549 479 5624 φωτὸς
537 5548 872 5629 ἔκφαίνονται
931 5551 1142 5638 στῦλοι,
1187 5545 1450 5617 κάτωθεν
1488 5562 1584 5638 μὶν
1637 5545 1842 5638 ἐκλάμέ

183 5652 382 5703 ποντες
410 5677 426 5708 ,
479 5638 882 5718 οὐρανομήκεις
933 5637 992 5701 δὶ
1037 5651 1156 5715 ταῖς
1225 5637 1502 5731 ἐκφάνσεσι
1556 5651 1654 5731 τοῦ
1707 5637 1844 5714 κατὰ

1961 4674 2152 4731 dulcis
2183 4679 2348 4731 terra:
2380 4672 2610 4741 oculus,
2647 4672 2748 4728 ubi
2781 4672 2966 4726 virtus
2996 4674 3086 4726 est
3117 4668 3350 4737 rationi,
3382 4672 3440 4724 et
3469 4667 3617 4724 ratio

1959 4763 2199 4831 virtuti;
2235 4780 2415 4835 quam
2468 4762 2519 4817 si
2569 4761 2702 4832 quis
2752 4761 2822 4816 de
2865 4761 3088 4815 mundo
3137 4757 3428 4826 evelleret,
3490 4758 3616 4830 ipse

1960 4853 2218 4908 mundus
2268 4851 2525 4922 amplius
2556 4867 2671 4905 non
2703 4851 3026 4906 exsisteret.
3060 4847 3205 4903 Huic
3245 4847 3411 4903 cibus
3439 4863 3614 4903 omne

1959 4942 2179 4998 bonum
2221 4958 2235 5011 ;
2296 4940 2346 4996 si
2376 4940 2517 5012 quid
2561 4939 2873 5012 pulchrum
2925 4937 3140 4995 alicubi
3189 4935 3440 5008 videtur,
3475 4937 3613 4993 inde

1957 5031 2272 5087 derivatur.
2334 5031 2466 5100 Ipsa
2513 5027 2754 5101 quidam
2799 5026 3110 5100 paradisus
3161 5042 3278 5080 non
3302 5026 3429 5096 jam
3461 5041 3610 5097 qua-

1955 5126 2090 5178 tuor
2127 5119 2359 5192 magnis
2407 5117 2752 5174 ﬂuminibus
2807 5117 3106 5190 irrigatus,
3149 5115 3249 5171 sed
3304 5114 3463 5169 mille
3512 5116 3609 5186 qui

1955 5211 2070 5268 alia
2120 5209 2260 5266 alibi
2303 5212 2514 5265 exeunt
2562 5208 2622 5262 in
2667 5207 2876 5263 ﬂuvios
2922 5208 3288 5272 emanantes,
3321 5203 3522 5259 dulces
3553 5206 3612 5259 et

1955 5300 2179 5374 plenos.
2214 5298 2403 5369 Hujus
2442 5297 2684 5362 viscera,
2720 5313 2848 5367 quae
2902 5293 3251 5350 habitabilia
3288 5296 3448 5357 sunt,
3481 5308 3607 5348 ma-

1953 5406 2098 5462 gnos
2127 5388 2283 5444 viros
2333 5388 2588 5459 portant,
2628 5385 2729 5456 qui
2775 5385 3051 5441 videntur
3097 5381 3384 5438 columnas
3430 5380 3602 5450 lucis,

1951 5477 2107 5534 infra
2145 5475 2395 5546 elucent,
2444 5479 2502 5530 et
2549 5473 2621 5530 ad
2680 5472 2893 5530 coelum
2942 5473 3286 5546 pertingunt
3337 5469 3604 5543 exemplo

1949 5566 2078 5623 vita
2125 5566 2341 5622 sanctae
2384 5566 2442 5620 et
2488 5561 2611 5620 sole
2659 5560 2946 5619 clarioris.
3015 5565 3179 5618 Hanc
3235 5557 3606 5617 circumdant

1952 5657 2019 5717 ut
2057 5650 2278 5714 circulo
2315 5650 2507 5726 major
2555 5649 2833 5722 circulus,
2879 5647 2972 5708 vel
3014 5647 3193 5708 etiam
3250 5645 3405 5706 sicut
3430 5643 3604 5720 polus
