4104 6210
400 342 519 402 799
883 313 896 336 ς
1182 343 1609 408 EUSTATHII
1651 340 2419 406 THESSALONIGENSIS
2462 342 3048 406 METROPOLITE

3704 343 3854 406 800

404 472 555 540 cmli,
613 474 805 530 vicina
860 475 1235 543 monasteria,
1284 477 1410 532 loca
1468 477 1624 532 varia
1681 481 1737 532 et
1788 475 1909 531 vita
1955 474 2050 547 pia

2181 473 2291 528 Ξεὸν
2325 468 2762 542 ἡλιοϐολοῦντος
2798 475 2942 550 βίου.
2969 475 3287 549 Περιθέουσι
3347 473 3405 531 δί
3461 475 3654 543 αὐτὴν,
3687 473 3856 529 καΘᾶ

404 562 656 618 diversa.
711 564 936 626 Quibus
985 566 1211 635 objacet
1281 566 1650 638 Propontidis
1697 566 1929 632 fretum,
1979 565 2051 619 ab

403 651 676 724 ingressu
711 668 896 724 usque
956 654 1027 708 ad
1086 654 1298 710 molem
1357 655 1586 710 Euxini.
1619 655 1845 720 Quibus
1884 653 2054 708 bonis

406 741 672 797 ditantur
699 747 756 797 et
784 742 987 796 insulze
1018 758 1164 813 quas
1192 742 1292 797 illa
1321 743 1496 799 habet
1524 742 1855 814 Propontis.

2161 561 2249 615 καί
2303 583 2385 624 τις
2443 562 2644 626 κύκλος
2699 563 2787 618 ἐπὶ
2843 563 3052 638 κύκλῳ,
3087 563 3174 619 καὶ
3234 564 3396 626 αὐτὸς
3459 563 3646 638 μέγας,
3692 562 3847 616 ὡσεὶ

2162 648 2251 704 καί
2307 673 2390 714 τις
2446 653 2695 729 οὐράνιος
2746 653 2957 727 πόλος,
3015 654 3080 709 τὰ
3137 653 3288 729 πέριξ
3367 653 3662 727 έξωτερικὰ
3748 671 3854 705 σε-

2170 744 2347 812 μνεῖα,
2377 741 2444 795 τὰ
2495 741 2584 796 καὶ
2637 743 2926 798 πολύτοπα
2981 747 3049 808 τῇ
3083 743 3245 812 Θέσει,
3275 743 3364 798 καὶ
3421 747 3502 815 τῷ
3531 741 3666 796 κατὰ
3694 741 3854 822 Θερν

407 822 512 900 ϐίῳ
565 827 908 904 πολύτροπα.
971 824 1353 904 Προϐέϐληται
1411 828 1468 884 δὲ
1526 830 1659 885 αύτά
1712 830 1801 885 καὶ
1861 831 1889 884 ὁ
1943 835 2044 898 τῆς
2077 827 2454 904 Προποντίδος
2515 829 2722 903 αὐλὼν,
2755 834 2890 910 πρὸς
2945 837 3157 909 κουρῶν
3219 833 3384 908 μέχρι
3442 833 3534 886 καὶ
3595 831 3675 893 εἰς
3739 831 3858 890 τὰς

409 917 662 986 Εὐξείνου
715 913 1020 994 προϐολὰς,
1049 919 1140 974 καί
1196 940 1301 974 που
1352 920 1441 974 καὶ
1499 919 1710 998 ἐφεξῆς.
1743 918 2045 975 Πλουτοῦσι
2105 914 2163 972 δὲ
2215 916 2407 982 καλοῖς
2464 921 2738 986 τοιούτοις
2782 923 2878 984 καὶ
2930 930 3110 994 νῆσοι,
3144 922 3333 993 ὅσαςή
3367 921 3678 999 Προποντὶς
3740 917 3859 974 αὕ-

397 1027 466 1074 τη
502 1003 710 1075 κλύζει.

469 1115 560 1170 85.
597 1115 770 1173 Plena
800 1123 941 1173 sunt
971 1117 1087 1174 ista
1116 1119 1473 1175 monasteria
1504 1119 1700 1174 ovium
1751 1132 2054 1174 sacrarum

401 1203 681 1275 gregibus
745 1207 1097 1276 innumeris,
1159 1213 1224 1263 ut
1281 1209 1362 1264 ait
1423 1209 1744 1280 Scriptura,
1806 1205 2055 1261 aliarum

403 1293 534 1348 aliis
569 1295 758 1350 modis
789 1301 1115 1352 tonsarum.
1179 1299 1394 1354 Omnes
1435 1314 1568 1353 vero
1625 1297 1695 1352 ad
1757 1296 2052 1350 dexteram

405 1381 502 1437 Dei
538 1384 787 1454 pastoris
821 1391 1120 1456 pastorum
1155 1387 1466 1458 pertinent.
1520 1391 1638 1441 Non
1689 1383 1846 1440 enim
1905 1383 2060 1437 inter

405 1487 503 1526 eos
535 1471 706 1540 headi,
740 1474 810 1529 ad
864 1473 1166 1530 sinistram
1223 1477 1516 1544 reservati,
1558 1474 1892 1530 lasciviunt.
1926 1475 2060 1543 Ipsa

407 1562 782 1628 monasteria,
834 1563 972 1618 licet
1025 1580 1158 1619 oves
1190 1565 1302 1619 alio
1335 1581 1534 1631 sensu,
1569 1563 1682 1618 alio
1713 1567 1910 1617 tamen
1939 1559 2060 1614 leo-

407 1665 511 1704 nes
570 1649 918 1718 includunt,
979 1653 1192 1724 quibus
1272 1652 1470 1709 nullus
1544 1651 1718 1722 lupus
1776 1648 2062 1704 insultare

408 1739 600 1794 audet.
638 1740 700 1796 In
737 1739 827 1795 bis
861 1741 1334 1797 archimandritas
1385 1758 1587 1796 omnes
1638 1739 1855 1794 milites
1902 1752 2060 1807 egre-

408 1827 489 1899 gii
539 1833 679 1882 sunt
724 1830 1074 1901 egregiaque
1124 1847 1286 1885 arma
1337 1831 1549 1885 lerunt.
1598 1831 1722 1894 Qua
1782 1842 1919 1899 ergo
1970 1841 2060 1880 ra-

407 1914 611 1971 tione?
641 1917 930 1972 Adversus
964 1917 1295 1986 saeculares,
1320 1919 1549 1989 quando
1582 1916 1881 1972 mundana
1909 1933 1941 1967 a
1972 1929 2057 1968 se-

407 2003 554 2075 ipsis
594 2009 652 2060 et
683 2023 716 2061 a
750 2007 954 2062 mundi
988 2007 1314 2064 fautoribus
1346 2012 1604 2063 avertere
1634 2008 1954 2070 conantur;
2000 2006 2059 2057 et

407 2092 754 2164 plerumque
786 2100 1023 2167 propter
1054 2097 1248 2166 ipsum
1283 2097 1572 2151 mundum
1595 2110 1773 2166 quam
1804 2108 1873 2146 ex
1901 2091 2058 2167 inor-

407 2178 608 2237 dinato
636 2183 706 2238 ad
733 2165 1346 2254 ordinatumistatum,
1381 2185 1452 2239 ad
1495 2165 1799 2239 decentem
1833 2165 2058 2251 et'pro-

406 2269 635 2326 ximum
670 2271 796 2327 vitae
851 2273 1139 2345 perfectae,
1198 2276 1489 2344 quantum
1546 2271 1671 2327 ﬁeri
1732 2272 1944 2342 potest,
1973 2282 2061 2322 re-

410 2362 653 2419 ducunt.
707 2365 766 2419 In
813 2365 960 2438 ipsis
1004 2365 1247 2420 materia
1287 2366 1409 2437 jam
1444 2380 1558 2420 non
1603 2362 1912 2434 reperitur,
1947 2356 2061 2413 nisi

415 2451 552 2521 Deo,
611 2453 788 2524 capiti
842 2454 1044 2525 ignito,
1092 2453 1323 2521 idonea,
1377 2453 1530 2508 sicut
1575 2452 1863 2523 scriptum
1923 2451 2059 2514 est;

415 2555 532 2610 qua
561 2541 659 2612 qui
694 2542 994 2598 materiale
1024 2546 1200 2613 caput
1255 2541 1569 2606 inclinant,
1624 2545 1680 2596 et
1735 2535 2062 2610 evangelica

414 2629 753 2696 tondentur,
786 2631 1217 2686 benedicuntur
1244 2634 1303 2686 et
1333 2630 1582 2701 perfecte
1598 2628 2058 2685 sanctiﬁcantur.

483 2736 574 2789 86.
605 2735 862 2792 Alteram
897 2737 1199 2792 materiam
1229 2736 1289 2791 hi
1313 2735 1550 2802 habent,
1578 2752 1692 2790 non
1719 2739 1842 2789 tam
1863 2749 2063 2789 veren-

414 2823 572 2890 dam,
623 2825 949 2894 subjectam
985 2842 1116 2881 vero
1149 2825 1341 2880 carnis
1380 2823 1709 2896 passionis;
1749 2823 1837 2877 vel
1876 2827 1940 2877 ut
1977 2821 2061 2877 lo-

414 2927 564 2981 quar
593 2915 829 2978 rectius,
864 2930 996 2968 eum
1031 2913 1258 2984 pridem
1292 2913 1608 2978 habebant,
1657 2928 1773 2983 qua
1803 2914 2064 2966 recenter

414 3006 670 3058 cremata
718 3005 775 3055 et
821 3001 1084 3072 deposito
1129 3001 1239 3056 hoc
1297 3001 1606 3068 materiali,
1640 3015 1826 3071 usque
1865 2999 1923 3053 in
1953 2999 2062 3054 im-

417 3088 749 3144 materiales
780 3089 1148 3145 substantias
1195 3089 1462 3158 resoluti,
1493 3091 1601 3145 Deo
1655 3088 2011 3144 addicuntur
2043 3105 2058 3156 ;

412 3176 708 3252 istamqus
738 3179 1046 3234 materiam
1079 3183 1304 3251 ponunt
1325 3179 1520 3234 cibum
1551 3177 1704 3250 ignis
1736 3182 1793 3233 et
1811 3177 2059 3233 ﬂamma

2233 1117 2334 1172 πε’.
2372 1117 2471 1172 Καὶ
2528 1119 2790 1194 γέμουσιν
2852 1121 2908 1175 αἱ
2961 1123 3208 1176 τοιαῦται
3267 1115 3498 1195 μάνδραι
3551 1115 3853 1188 ποιμνίων

2163 1201 2323 1278 ἱερῶν
2364 1216 2635 1285 γραφικῆς
2709 1208 2910 1285 ἀγέλης
2971 1208 3187 1286 μυρίας,
3245 1208 3582 1284 κεκαρμένης
3649 1202 3860 1272 ἄλλης

2166 1289 2441 1371 ἀλλαχοῦ.
2476 1301 2587 1367 Τῆς
2640 1296 2813 1370 δεξιᾶς
2863 1297 3054 1360 πάντες
3100 1298 3250 1354 οὗτοι
3311 1293 3530 1371 μερίδος
3573 1297 3674 1349 τοῦ
3743 1295 3854 1366 ἁρ-

2167 1383 2495 1458 χιποίμενος
2528 1391 2682 1444 Θεοῦ.
2715 1386 2932 1472 Ἔρίιρια
2959 1387 3064 1462 γὰρ
3123 1385 3174 1440 έν
3203 1385 3411 1452 αὐτοῖς,
3442 1388 3512 1449 τῇ
3536 1468 3552 1472 Α
3572 1383 3860 1472 ἀριστερᾷ

2167 1473 2476 1545 πρέποντα,
2523 1475 2622 1531 οὐκ
2696 1471 2884 1551 ἔχουσι
2961 1479 3342 1547 κπασκιρτᾷν.
3413 1468 3669 1546 Μάνδραι
3747 1468 3856 1523 καί

2168 1560 2344 1630 αὗται,
2380 1562 2427 1618 εἷ’
2455 1564 2544 1619 καὶ
2595 1562 2784 1627 ἄλλως
2841 1559 3154 1640 προϐάτων,
3188 1562 3332 1618 ἀλλὰ
3379 1563 3580 1638 τρόπον
3645 1553 3859 1632 ἕτερον

2171 1647 2428 1721 λεόντων,
2491 1653 2563 1707 ὧν
2649 1650 2828 1715 οὐδεὶς
2885 1652 3051 1715 λύκος
3106 1650 3221 1728 ἔχει
3277 1650 3850 1726 κατακαυχήσασθαι.

2171 1738 2239 1793 Οἱ
2271 1735 2329 1792 δὲ
2360 1738 2412 1794 ἰν
2444 1741 2630 1802 αὐτοῖς
2660 1738 3082 1817 ἀρχιμανδρῖναι
3141 1741 3366 1796 ὁπλῖται
3426 1737 3619 1800 πάντες
3653 1735 3856 1800 ἔνθεοι

2170 1827 2262 1880 καὶ
2317 1830 2386 1884 τά
2441 1828 2606 1887 ὅπλα.
2643 1835 2764 1893 Πῶς
2826 1831 2956 1904 nev;
2991 1831 3137 1885 Κατὰ
3191 1833 3298 1884 τῶν
3357 1827 3410 1883 έν
3474 1827 3597 1902 βίῳ,
3633 1828 3724 1887 οἷς
3783 1824 3863 1878 τὰ

2168 1919 2408 1990 κοσμικά
2476 1925 2769 1996 πειρῶνται
2855 1919 3075 1995 ἀπάγειν
3145 1919 3250 1975 ἀπό
3322 1939 3380 1974 τε
3441 1921 3585 1995 σφῶν
3647 1916 3856 1971 αὐτῶν

2167 2005 2256 2060 καὶ
2312 2012 2420 2063 τῶν
2452 2011 2841 2082 κυσμοπαθῶν·
2873 2010 2941 2065 τὰ
2992 2007 3168 2064 πλείω
3216 2005 3274 2063 δὲ
3307 2008 3439 2083 ὑπὲρ
3463 2010 3560 2062 τοῦ
3586 2006 3854 2076 κόσμου,

2167 2094 2225 2148 ’ὸν
2287 2094 2337 2166 έξ
2393 2096 2658 2170 ἀκοσμίας
2725 2096 3076 2174 ἐπανάγουσιν
3138 2096 3215 2159 εἷς
3271 2096 3335 2152 τὸ
3388 2093 3854 2167 κοσμικώτατον,

2166 2185 2255 2238 καὶ
2317 2183 2618 2262 εὔσχημον,
2652 2187 2741 2241 καὶ
2773 2186 3007 2262 ἐγγίζον,
3034 2187 3111 2248 ὡς
3165 2187 3280 2241 οἷόν
3309 2186 3369 2240 τέ
3422 2184 3554 2252 ἐστι,
3583 2182 3696 2259 βίῳ
3735 2203 3854 2254 με-

2167 2273 2576 2350 γαλοσχήμονι.
2609 2274 2722 2333 Οὐκ
2773 2273 2914 2331 ἔστιν
2973 2274 3023 2330 ἐν
3083 2274 3266 2336 αὐτοῖς
3319 2275 3491 2348 εὑρεῖν
3539 2271 3703 2342 ὕλην,
3759 2272 3855 2324 δτι

2173 2365 2248 2436 μή
2310 2364 2481 2436 μόνην
2532 2365 2630 2433 τήν
2679 2364 2865 2438 τιμίαν
2911 2370 3049 2437 Θεῷ,
3079 2368 3148 2440 τῇ
3181 2365 3393 2440 πυρίνῳ
3420 2359 3660 2438 κεφαλῇ,
3694 2359 3858 2424 καθᾶ

2172 2452 2474 2528 γέγραπται
2509 2471 2522 2484 ⁸
2671 2455 2768 2516 τὰς
2854 2452 3045 2516 ὑλαίας
3128 2452 3402 2514 κλίναντες
3477 2449 3729 2528 κεφαλὰς
3796 2451 3856 2504 οἱ

2172 2540 2535 2617 εὐαγγελικιῖκ
2587 2544 2896 2619 κειρόμενοι
2954 2542 3304 2620 εὐλογοῦνται
3361 2541 3451 2597 καὶ
3508 2539 3851 2615 ἂγιάζονται

2171 2630 2248 2692 εἷς
2280 2629 2655 2686 έντελέστατον
2667 2677 2679 2689 .

2240 2736 2340 2807 πξ’.
2401 2739 2627 2813 Ἔχουσι
2693 2738 2782 2793 καὶ
2842 2740 3023 2814 ἑτέραν
3080 2737 3220 2808 ὅλην
3276 2736 3458 2808 αὐτοὶ,
3515 2734 3627 2810 οὐχ
3687 2735 3847 2789 οὕτω

2169 2825 2377 2899 τιμίαν,
2424 2828 2523 2896 τήν
2583 2827 2717 2882 κατὰ
2769 2828 3014 2903 σάρκινον
3065 2829 3272 2891 πάθος⁶
3335 2825 3508 2881 εῗπεῖν
3561 2821 3625 2879 δὶ
3683 2824 3852 2896 ἀκρι-

2170 2909 2441 2990 ϐέστερον,
2475 2916 2769 2993 φθάσαντες
2798 2913 2906 2986 ἤδη
2967 2914 3128 2992 ἔσχον
3159 2914 3350 2985 αὐτὴν,
3381 2916 3444 2985 ἣν
3498 2913 3585 2968 καὶ
3618 2917 3846 2987 νοερῶς

2169 3005 2665 3078 κατεμπρήσαντες,
2693 3007 2782 3060 καὶ
2831 3005 2894 3060 τὸ
2926 3004 3114 3060 ὑλαῖον
3172 3002 3344 3068 οὕτως
3402 3003 3570 3060 έκεῖνο
3623 3001 3846 3065 ἀποθέο

2174 3114 2321 3166 μενοι
2361 3093 2451 3149 καὶ
2506 3094 2579 3156 ὡς
2628 3093 2703 3158 είς
2755 3093 2945 3150 ἀϋλίαν
2997 3091 3701 3168 ἀπολεπτυνάμενοι,πρός
3760 3095 3850 3163 τῷ

2174 3186 2290 3254 Θεῷ
2318 3183 2580 3258 γίνονται,
2610 3183 2708 3252 τήν
2738 3183 2996 3254 τοιαύτην
3027 3183 3166 3254 ὕλην
3195 3178 3412 3256 ἔξαμμα
3457 3180 3848 3254 ποιησάμενοι

520 3231 523 3232 ν
606 3231 701 3252 νε,
1079 3231 1300 3251 rma“-
1331 3231 1408 3234 -,_
1429 3231 1518 3234 ____
1745 3231 1788 3233 ρ

415 3265 762 3337 spiritualis,
796 3267 972 3324 veluti
1003 3285 1274 3339 vaporem
1325 3269 1395 3322 ad
1438 3267 1932 3324 exardescendum
1978 3266 2062 3322 fa-

2181 3231 2285 3254 "T
2362 3231 2580 3254 """"7
2621 3231 2702 3252 ’⁷⁸⁷
2750 3231 2991 3254 ⁷’“’”⁷”Ι⁷
3033 3231 3159 3254 “’“Ὶ’
3196 3231 3412 3256 ⁷δ”ΓΤ’””
3466 3231 3845 3254 ””Ἰ*“Ι””“““ή

2181 3231 2344 3349 πυρὸέ
2401 3273 2491 3328 καὶ
2522 3273 2701 3350 φωτὸς
2739 3278 2960 3347 νοητοῦ,
2991 3273 3089 3330 ὅσα
3133 3273 3222 3329 καὶ
3268 3269 3470 3347 ἀτμίδα
3515 3271 3849 3341 εὖέξαπτον·

415 3355 584 3411 cilem
621 3373 635 3423 ;
669 3356 961 3429 siquidem
1010 3362 1278 3413 sanctum
1320 3356 1601 3428 Spiritum
1648 3355 1936 3428 sapientia
1979 3354 2067 3409 di-

413 3443 552 3499 vina
582 3444 640 3499 in
667 3445 985 3517 Scripturis
1017 3445 1240 3501 confert
1270 3445 1465 3517 vapori
1511 3444 1682 3510 fumi,
1733 3443 1955 3516 vapori,
1985 3442 2072 3498 in-

417 3549 618 3604 quam,
654 3533 812 3589 tburi
845 3538 978 3590 ante
1009 3539 1383 3605 conspectum
1432 3533 1528 3588 Dei
1562 3533 1760 3588 oblato
1789 3549 2066 3603 congruo,

418 3637 552 3676 cum
579 3621 798 3693 aliquis
825 3639 1002 3679 orans
1033 3627 1194 3679 recta
1225 3623 1315 3678 via
1347 3623 1419 3679 ad
1453 3623 1637 3679 Deum
1670 3620 1887 3678 tollitu.

490 3807 579 3862 87.
613 3807 774 3864 Hanc
829 3809 1160 3874 materiam,
1212 3825 1243 3864 e
1291 3826 1407 3881 qua
1455 3808 1794 3864 accenditur
1838 3807 1992 3881 ignis
2038 3823 2072 3861 a

421 3899 592 3951 Patre
621 3895 916 3952 luminum
944 3913 1012 3952 ex
1043 3897 1432 3953 similitudine
1482 3897 1554 3952 ad
1588 3913 1743 3968 eum,
1778 3895 2074 3969 significa-

422 3989 543 4040 tam
575 3986 754 4040 cereis
786 3985 1162 4057 lampadibus
1193 3985 1391 4057 magni
1424 3989 1630 4041 ascetaa
1663 3984 1955 4041 tonsurati
1985 3985 2074 4038 in-

425 4073 668 4139 dicem;
722 4089 890 4142 quas,
924 4074 972 4128 si
1024 4076 1094 4130 de
1143 4075 1228 4130 eis
1301 4091 1536 4130 rursum
1587 4078 1676 4130 est
1727 4073 2075 4144 investigan-

427 4161 593 4224 dum,
617 4161 910 4232 nuptiales
944 4161 1162 4234 aliquis
1188 4163 1364 4232 dicet,
1388 4163 1828 4234 comprehensis
1850 4162 2074 4233 nuptiis

428 4265 462 4305 a
479 4249 781 4306 sacerdote
804 4255 974 4306 antea
996 4251 1534 4323 benedictis.Hujus
1566 4253 1722 4308 enim
1745 4252 1900 4325 ignis
1919 4250 2076 4306 etlu-

429 4337 608 4394 minis
627 4338 792 4410 signa
812 4345 953 4396 sunt
974 4340 1122 4397 cerei
1146 4342 1248 4414 qui
1271 4347 1410 4397 tunc
1434 4341 2078 4412 accenduntur,quique

429 4444 612 4499 supra
645 4444 878 4484 omnem
915 4429 1215 4486 flammam
1275 4429 1584 4502 refulgent.
1612 4431 1800 4486 Taedae
1837 4429 1992 4484 enim
2019 4431 2078 4483 et

429 4521 638 4575 caetera
669 4517 832 4590 ligna
866 4535 993 4590 quae
1026 4521 1280 4590 proferet
1337 4517 1574 4591 aliquis,
1614 4523 1671 4575 et
1699 4519 1988 4586 bitumen,
2019 4519 2077 4572 et

2175 3361 2290 3417 ἐπεί
2340 3383 2426 3418 τοι
2500 3361 2590 3417 καὶ
2652 3359 2839 3436 ἀτμίδι
2895 3367 3100 3418 καπνοῦ
3154 3365 3190 3433 ἡ
3250 3363 3500 3433 θειοτάτη
3559 3359 3734 3438 σοφία
3782 3359 3855 3414 τὸ

2177 3451 2329 3525 ἅγιον
2366 3455 2583 3524 Πνεῦμα
2627 3445 3074 3528 συμϐολογραφεῖ
3121 3451 3494 3524 θεωρητικῶς,
3527 3448 3699 3504 ὁποία
3761 3463 3855 3502 τις

2177 3537 2340 3611 ἀτμὶς
2396 3537 2486 3593 καὶ
2554 3543 2634 3610 τῷ
2687 3538 2986 3612 θυμιάματι
3045 3537 3332 3613 ἐπιπρέπει
3376 3541 3456 3610 τῷ
3509 3538 3856 3591 κατευθυνο-
3892 3608 3903 3614 _

2183 3627 2327 3701 μένῳ
2359 3626 2590 3683 ἐνώπιον
2621 3632 2775 3695 Θεοῦ,
2809 3626 2900 3682 ὅτε
2942 3648 3028 3691 τις
3076 3626 3520 3704 προσευχόμενος
3579 3624 3858 3686 ἶθυτενῶς

2179 3717 2541 3795 ἀνωφορεῖται
2570 3715 2708 3792 πρὸς
2735 3715 2946 3790 abuit?!

2250 3807 2355 3876 πζ’.
2386 3807 2594 3876 Ταύτην
2625 3806 2726 3875 τὴν
2774 3804 2936 3875 ὕλην,
2971 3801 3041 3860 δι’
3089 3808 3157 3875 ἧς
3200 3804 3486 3861 ἀνάπτεται
3545 3808 3668 3879 φῶς
3705 3801 3851 3858 ἀπο-

2179 3892 2534 3968 παλλόμενον
2563 3897 2622 3950 ἐκ
2647 3899 2744 3950 τοῦ
2771 3900 2878 3950 τῶν
2912 3895 3106 3972 φώτων
3140 3895 3352 3971 ΙΙατρὸς
3393 3898 3462 3968 τῇ
3509 3894 3651 3968 πρὸς
3702 3891 3853 3948 ἐκεῖ·

2181 4003 2269 4038 νον
2315 3984 2675 4061 ἀφομοιώσει,
2706 3988 2796 4038 καί
2847 3983 2899 4040 ἐν
2947 3990 3065 4048 ταῖς
3115 3981 3204 4038 διὰ
3242 3987 3416 4059 κηροῦ
3447 3980 3735 4050 λαμπάσιν
3793 3981 3852 4034 οἱ

2180 4073 2488 4146 κειρόμενοι
2561 4071 2791 4148 μεγάλοι
2840 4072 3067 4144 ἀσκηταὶ
3113 4075 3467 4146 σημειοῦνται
3496 4091 3509 4104 ·
3557 4069 3618 4133 ἃς
3673 4065 3734 4124 εἴ
3793 4090 3853 4122 τι

2183 4161 2294 4237 χρὴ
2328 4160 2417 4216 καὶ
2446 4159 2611 4217 πάλιν
2644 4159 3051 4236 λεπτολογῆσαι
3089 4161 3157 4216 τὸ.
3201 4163 3320 4216 κατ’
3374 4159 3560 4231 αὐτὰς,
3591 4159 3675 4222 ὡς
3727 4160 3856 4212 οἷον

2181 4251 2492 4327 γαμηλίους
2532 4251 2642 4328 έρεῖ
2697 4272 2798 4322 τις,
2852 4253 2941 4307 τὸν
3005 4252 3258 4328 ἀνωτέρω
3309 4247 3641 4323 τελούμενον
3697 4249 3853 4322 ἱερο-

2183 4345 2406 4417 πρεπῶς
2457 4339 2631 4417 γάμον
2683 4340 3101 4416 ἐνθυμούμενος.
3135 4336 3403 4414 Σύμϐολα
3430 4339 3532 4416 γὰρ
3580 4337 3854 4394 τοιούτου

2184 4433 2354 4507 πυρὸς
2407 4431 2497 4487 καὶ
2556 4432 2737 4510 φωτὸς
2791 4434 2844 4487 οἱ
2893 4431 3255 4506 ἀναπτόμενοι
3297 4434 3596 4502 τηνικαῦτα
3655 4429 3853 4504 κηροί,

2185 4518 2260 4575 ὧν
2288 4521 2352 4576 τὸ
2382 4521 2572 4595 σεμνὸν
2631 4521 2762 4595 ὑπὲρ
2821 4520 2991 4576 πάντα
3037 4520 3104 4575 τὰ
3150 4518 3494 4592 έκκαιόμενα.
3529 4514 3697 4588 Δᾷδες
3749 4517 3854 4590 μὶν

429 4608 610 4679 adeps
639 4610 697 4663 et
721 4608 915 4664 omnis
946 4609 1177 4682 generis
1209 4609 1475 4677 materia,
1497 4626 1526 4666 e
1549 4627 1667 4682 qua
1694 4607 1846 4679 ignis
1877 4622 2068 4662 accen.

2181 4609 2280 4686 γάρ
2328 4607 2417 4664 καὶ
2479 4609 2648 4664 Λοιπά
2706 4607 2860 4680 ξύλα,
2893 4606 3056 4664 ὁποῖά
3097 4629 3180 4673 τις
3209 4606 3268 4664 ἂν
3299 4605 3467 4681 εἷ’ποι,
3500 4606 3589 4662 καὶ
3647 4607 3855 4682 νάφθα,

430 4694 591 4750 ditur
621 4699 678 4750 et
707 4695 826 4751 sive
861 4696 1049 4767 facile,
1082 4698 1306 4769 absque
1337 4703 1619 4770 tempore,
1641 4699 1837 4754 dicent
1866 4697 2086 4768 aliquis

430 4783 547 4839 sive
579 4785 806 4857 perdiu,
857 4784 1048 4842 lucem
1093 4804 1208 4842 non
1251 4793 1372 4844 tam
1435 4787 1752 4860 fulgentem
1781 4787 2080 4852 emittunt,

432 4872 666 4943 qualem
717 4890 849 4930 cera
919 4875 1194 4932 ostendit.
1255 4878 1472 4933 Cetera
1527 4876 1684 4933 enim
1740 4875 1856 4932 luci
1925 4876 2082 4932 festaa

431 4963 600 5017 triste
631 4963 850 5036 aliquid
876 4965 1143 5037 jungunt
1194 4982 1207 5020 :
1267 4983 1476 5022 sensus
1507 4969 1683 5023 odore
1709 4965 1996 5038 afﬂigunt,
2028 4971 2086 5020 et

433 5069 642 5122 vapore
675 5053 954 5123 mordaci,
987 5071 1296 5127 corporum
1345 5059 1589 5112 nitorem
1623 5056 1782 5112 fumo
1813 5055 2082 5128 squalido

433 5141 672 5207 fcedant,
703 5147 789 5196 mt
836 5144 1051 5200 diceret
1099 5151 1288 5217 poeta.
1323 5149 1463 5202 Cera
1501 5147 1654 5200 enim
1689 5161 1936 5201 accensa
1965 5163 2082 5203 non

433 5231 548 5287 nisi
573 5231 759 5288 lucem
781 5234 1033 5290 maxime
1053 5235 1365 5291 innocuam
1390 5235 1644 5307 prebet;
1677 5239 1734 5290 et
1750 5235 1850 5306 qui
1889 5251 2082 5291 ceram

435 5321 720 5387 accendit,
783 5327 1064 5396 usurpata
1130 5325 1308 5380 veteri
1367 5329 1675 5380 cantorum
1744 5324 2079 5381 sententia:

442 5431 465 5460 ιι
501 5412 740 5484 Absque
770 5412 930 5469 fumo
963 5412 1148 5469 Musis
1175 5413 1622 5471 sacriﬁcandum
1656 5435 1685 5463 »
1707 5429 1859 5485 esse,
1883 5419 1938 5469 et
1958 5413 2083 5485 ipsc

440 5501 630 5557 dicere
658 5505 847 5572 potest
887 5519 951 5560 se
999 5503 1315 5560 accendere
1356 5503 1554 5576 ignem
1587 5502 1747 5559 fumo
1787 5507 2081 5561 carentem

442 5593 616 5660 atque
645 5590 883 5648 omnino
928 5590 1250 5648 innoxium.
1300 5595 1448 5649 Vere
1488 5592 1648 5650 enim
1695 5608 1844 5664 pura
1889 5590 2082 5650 lucem

443 5677 661 5734 emittit
689 5694 840 5752 cera,
888 5696 1016 5752 quas
1058 5679 1300 5741 Athenis
1351 5697 1517 5742 sacro
1560 5679 1685 5755 igni
1711 5684 1770 5740 et
1800 5685 2084 5756 perpetuo

2192 4699 2283 4754 καὶ
2339 4695 2573 4771 πιμελὴ,
2625 4698 2714 4753 καὶ
2799 4697 2968 4768 λοιπὴ
3050 4695 3108 4753 δὲ
3171 4697 3402 4753 παντοία
3459 4695 3587 4766 ὕλη,
3647 4691 3725 4748 δι’
3779 4696 3854 4762 ἧς

2193 4788 2476 4843 ἀνάπτεται
2532 4791 2660 4862 πῦρ,
2694 4785 2800 4842 εἷίτε
2859 4787 3004 4863 ῥᾷον,
3061 4787 3151 4842 καὶ
3207 4787 3282 4851 ὡς
3342 4785 3511 4842 εἲπεῖν
3566 4779 3852 4859 ἀχρὸνως,

2194 4876 2301 4932 εἴτε
2381 4879 2470 4931 καὶ
2546 4881 2963 4953 παρατατικῶς,
3019 4876 3128 4952 οὐχ
3189 4876 3332 4932 οὕτω
3407 4875 3543 4930 κατὰ
3617 4871 3849 4941 πολλὴν

2194 4964 2496 5039 σεμνότητα
2526 4971 2641 5044 φῶς
2669 4964 2980 5038 έξάπτουσιν
3015 4965 3284 5034 ὁπωσοῦν,
3321 4964 3396 5027 ὡς
3438 4965 3466 5018 ὁ
3497 4963 3670 5037 κηρὸς
3717 4960 3855 5016 αὐτὸ

2195 5052 2480 5125 δεξιοῦται.
2513 5054 2611 5111 Τὰ·
2647 5055 2740 5128 μὲν
2783 5055 2882 5131 γὰρ
2932 5052 3074 5110 ἄλλα
3117 5057 3186 5129 τῇ
3220 5058 3314 5109 τοῦ
3344 5054 3524 5132 φωτὸς
3552 5051 3856 5129 ἱλαρότητι

2193 5145 2574 5220 παραπήγνυσι
2631 5143 2720 5198 καί
2779 5165 2830 5199 τι
2883 5142 3200 5220 σκυθρωπόν
3231 5162 3243 5174 ·
3304 5141 3583 5213 αἰσθησεις
3633 5162 3696 5196 τε
3746 5141 3858 5216 γὰρ

2194 5229 2456 5286 λυποῦσιν
2514 5229 2711 5305 ὀδμαῖς
2767 5233 2854 5286 καὶ
2912 5231 3070 5306 ἀτμῷ
3118 5229 3384 5302 δάκνοντι,
3439 5230 3526 5286 καὶ
3579 5231 3861 5302 σωμάτων

2195 5319 2596 5392 στιλπνότητας
2665 5321 3034 5391 καταικίζοτσι
3066 5363 3080 5389 ,
3140 5325 3330 5393 καπνῷ
3402 5322 3860 5395 μεμορυγμένας,

2195 5410 2339 5467 εἴποι
2373 5409 2429 5466 ἂν
2463 5413 2718 5484 ποιητής·
2751 5415 2926 5489 κηροῦ
2955 5409 3012 5467 δὲ
3042 5409 3257 5485 ἔξαμμα
3299 5407 3454 5467 οὐδὲν
3513 5408 3656 5466 ἄλλο
3707 5409 3857 5465 έπέν

2193 5500 2228 5571 ἢ
2281 5505 2398 5580 φῶς
2457 5499 2665 5558 ἄλυπον
2723 5502 3031 5581 ἀκραιφνές
3066 5502 3155 5557 καὶ
3203 5497 3319 5578 ἔχει
3379 5499 3611 5557 παλαιὰν
3659 5520 3856 5575 παροιο

2195 5589 2320 5664 μίαν
2362 5591 2663 5668 παραξέσας
2711 5592 2740 5648 ὃ
2785 5591 2876 5648 τὸν
2921 5591 3091 5670 κηρὸν
3141 5592 3410 5662 ἀνάπτων,
3441 5590 3561 5655 καθ’
3606 5590 3668 5660 ἦν
3726 5597 3861 5657 ταῖς

2188 5679 2436 5748 Μούσαις
2462 5681 2673 5740 ἄκαπνα
2701 5681 2920 5741 θύουσιν
2949 5681 3004 5739 οἱ
3035 5677 3242 5752 ἀοιδοὶ,
3277 5678 3456 5760 λέγειν
3503 5678 3598 5737 καὶ
3652 5678 3851 5748 αὖτὸςν
