  <div class='ocr_page' id='page_1' title='image "/cluster/home/n/w/nwhite01/storage/ocr_20150623/135/hvd.32044073502528/406.png"; bbox 0 0 4104 6210; ppageno 0'>
   <div class='ocr_carea' id='block_1_1' title="bbox 194 353 310 417">
    <p class='ocr_par' dir='ltr' id='par_1_1' title="bbox 194 353 310 417">
     <span class='ocr_line' id='line_1_1' title="bbox 194 353 310 417; baseline -0.009 0"><span class='ocrx_word' id='word_1_1' title='bbox 194 353 310 417; x_wconf 79' lang='grc'><strong>801</strong></span> 
     </span>
    </p>
   </div>
   <div class='ocr_carea' id='block_1_2' title="bbox 1205 349 2615 415">
    <p class='ocr_par' dir='ltr' id='par_1_2' title="bbox 1205 349 2615 415">
     <span class='ocr_line' id='line_1_2' title="bbox 1205 349 2615 415; baseline -0.001 -1"><span class='ocrx_word' id='word_1_2' title='bbox 1205 353 1312 414; x_wconf 80' lang='lat' dir='ltr'><strong>DE</strong></span> <span class='ocrx_word' id='word_1_3' title='bbox 1352 350 1840 414; x_wconf 79' lang='lat' dir='ltr'><strong>EMENDANDA</strong></span> <span class='ocrx_word' id='word_1_4' title='bbox 1880 349 2067 413; x_wconf 78' lang='lat' dir='ltr'><strong>VI’I‘A</strong></span> <span class='ocrx_word' id='word_1_5' title='bbox 2125 350 2615 415; x_wconf 78' lang='lat' dir='ltr'><strong>MONAGHICA.</strong></span> 
     </span>
    </p>
   </div>
   <div class='ocr_carea' id='block_1_3' title="bbox 3497 356 3615 419">
    <p class='ocr_par' dir='ltr' id='par_1_3' title="bbox 3497 356 3615 419">
     <span class='ocr_line' id='line_1_3' title="bbox 3497 356 3615 419; baseline 0.017 -2"><span class='ocrx_word' id='word_1_6' title='bbox 3497 356 3615 419; x_wconf 68' lang='lat'><strong>80!</strong></span> 
     </span>
    </p>
   </div>
   <div class='ocr_carea' id='block_1_4' title="bbox 193 480 1867 559">
    <p class='ocr_par' dir='ltr' id='par_1_4' title="bbox 193 480 1860 558">
     <span class='ocr_line' id='line_1_4' title="bbox 193 480 1860 558; baseline -0.003 -18"><span class='ocrx_word' id='word_1_7' title='bbox 193 484 280 541; x_wconf 83' lang='grc' dir='ltr'><strong>ὅτι</strong></span> <span class='ocrx_word' id='word_1_8' title='bbox 308 488 420 558; x_wconf 99' lang='grc' dir='ltr'><strong>πῦρ</strong></span> <span class='ocrx_word' id='word_1_9' title='bbox 450 483 652 540; x_wconf 70' lang='grc' dir='ltr'>ἐκκαίει</span> <span class='ocrx_word' id='word_1_10' title='bbox 685 485 946 552; x_wconf 75' lang='grc' dir='ltr'>ἄκατνον,</span> <span class='ocrx_word' id='word_1_11' title='bbox 978 484 1070 538; x_wconf 78' lang='grc' dir='ltr'>καὶ</span> <span class='ocrx_word' id='word_1_12' title='bbox 1130 484 1236 556; x_wconf 82' lang='grc' dir='ltr'>μὴν</span> <span class='ocrx_word' id='word_1_13' title='bbox 1287 483 1377 538; x_wconf 83' lang='grc' dir='ltr'><strong>καὶ</strong></span> <span class='ocrx_word' id='word_1_14' title='bbox 1427 481 1634 538; x_wconf 88' lang='grc' dir='ltr'>ἄλυπον</span> <span class='ocrx_word' id='word_1_15' title='bbox 1688 480 1743 543; x_wconf 80' lang='grc' dir='ltr'>ἐς</span> <span class='ocrx_word' id='word_1_16' title='bbox 1796 480 1860 536; x_wconf 81' lang='grc' dir='ltr'><strong>τὸ</strong></span> 
     </span>
    </p>
   </div>
   <div class='ocr_carea' id='block_1_5' title="bbox 1979 480 3614 559">
    <p class='ocr_par' dir='ltr' id='par_1_5' title="bbox 1979 483 3614 559">
     <span class='ocr_line' id='line_1_5' title="bbox 1979 483 3614 559; baseline 0.005 -22"><span class='ocrx_word' id='word_1_17' title='bbox 1979 483 2238 556; x_wconf 83' lang='lat' dir='ltr'><strong>Prytanei</strong></span> <span class='ocrx_word' id='word_1_18' title='bbox 2269 483 2346 556; x_wconf 87' lang='lat'><strong>(9)</strong></span> <span class='ocrx_word' id='word_1_19' title='bbox 2378 485 2657 542; x_wconf 82' lang='lat' dir='ltr'><strong>inservire</strong></span> <span class='ocrx_word' id='word_1_20' title='bbox 2686 485 2922 541; x_wconf 88' lang='lat' dir='ltr'><strong>dicitur.</strong></span> <span class='ocrx_word' id='word_1_21' title='bbox 2956 486 3110 542; x_wconf 63' lang='lat' dir='ltr'><strong>Cera</strong></span> <span class='ocrx_word' id='word_1_22' title='bbox 3148 489 3239 542; x_wconf 92' lang='lat' dir='ltr'><strong>est</strong></span> <span class='ocrx_word' id='word_1_23' title='bbox 3275 486 3450 543; x_wconf 89' lang='lat' dir='ltr'><strong>etiam</strong></span> <span class='ocrx_word' id='word_1_24' title='bbox 3479 503 3614 559; x_wconf 89' lang='lat' dir='ltr'><strong>pro-</strong></span> 
     </span>
    </p>
   </div>
   <div class='ocr_carea' id='block_1_6' title="bbox 191 565 1856 649">
    <p class='ocr_par' dir='ltr' id='par_1_6' title="bbox 191 565 1856 649">
     <span class='ocr_line' id='line_1_6' title="bbox 191 565 1856 649; baseline -0.004 -19"><span class='ocrx_word' id='word_1_25' title='bbox 191 581 321 630; x_wconf 74' lang='grc' dir='ltr'>πᾶν.</span> <span class='ocrx_word' id='word_1_26' title='bbox 377 577 530 630; x_wconf 86' lang='grc' dir='ltr'>Ἔστι</span> <span class='ocrx_word' id='word_1_27' title='bbox 588 576 688 649; x_wconf 67' lang='grc' dir='ltr'><strong>γὰρ</strong></span> <span class='ocrx_word' id='word_1_28' title='bbox 759 575 981 644; x_wconf 68' lang='grc' dir='ltr'>ἀληθῶς</span> <span class='ocrx_word' id='word_1_29' title='bbox 1054 573 1241 648; x_wconf 86' lang='grc' dir='ltr'>φωτὸς</span> <span class='ocrx_word' id='word_1_30' title='bbox 1299 575 1536 647; x_wconf 77' lang='grc' dir='ltr'><strong>καθαροῦ</strong></span> <span class='ocrx_word' id='word_1_31' title='bbox 1585 565 1782 645; x_wconf 73' lang='grc' dir='ltr'>ὄχημα</span> <span class='ocrx_word' id='word_1_32' title='bbox 1828 570 1856 624; x_wconf 88' lang='grc' dir='ltr'>ὁ</span> 
     </span>
    </p>
   </div>
   <div class='ocr_carea' id='block_1_7' title="bbox 1970 571 3619 647">
    <p class='ocr_par' dir='ltr' id='par_1_7' title="bbox 1970 571 3619 647">
     <span class='ocr_line' id='line_1_7' title="bbox 1970 571 3619 647; baseline 0.005 -22"><span class='ocrx_word' id='word_1_33' title='bbox 1970 571 2163 643; x_wconf 84' lang='lat' dir='ltr'><strong>prium</strong></span> <span class='ocrx_word' id='word_1_34' title='bbox 2197 573 2349 643; x_wconf 90' lang='lat' dir='ltr'><strong>quod</strong></span> <span class='ocrx_word' id='word_1_35' title='bbox 2383 589 2412 628; x_wconf 91' lang='lat' dir='ltr'><strong>e</strong></span> <span class='ocrx_word' id='word_1_36' title='bbox 2439 573 2645 630; x_wconf 90' lang='lat' dir='ltr'><strong>multis</strong></span> <span class='ocrx_word' id='word_1_37' title='bbox 2676 574 2846 630; x_wconf 89' lang='lat' dir='ltr'><strong>bonis</strong></span> <span class='ocrx_word' id='word_1_38' title='bbox 2867 575 3476 647; x_wconf 86' lang='lat' dir='ltr'><strong>componiturquibus</strong></span> <span class='ocrx_word' id='word_1_39' title='bbox 3506 577 3619 633; x_wconf 87' lang='lat' dir='ltr'><strong>col-</strong></span> 
     </span>
    </p>
   </div>
   <div class='ocr_carea' id='block_1_8' title="bbox 192 655 1867 738">
    <p class='ocr_par' dir='ltr' id='par_1_8' title="bbox 192 655 1858 738">
     <span class='ocr_line' id='line_1_8' title="bbox 192 655 1858 738; baseline -0.004 -21"><span class='ocrx_word' id='word_1_40' title='bbox 192 664 406 738; x_wconf 85' lang='grc' dir='ltr'>κηρὸς,</span> <span class='ocrx_word' id='word_1_41' title='bbox 468 662 528 724; x_wconf 78' lang='grc' dir='ltr'><strong>’ὸς</strong></span> <span class='ocrx_word' id='word_1_42' title='bbox 580 663 672 717; x_wconf 88' lang='grc' dir='ltr'><strong>καὶ</strong></span> <span class='ocrx_word' id='word_1_43' title='bbox 729 666 808 734; x_wconf 82' lang='grc' dir='ltr'>τῷ</span> <span class='ocrx_word' id='word_1_44' title='bbox 878 660 1328 735; x_wconf 80' lang='grc' dir='ltr'>πρυτανευομένῳ</span> <span class='ocrx_word' id='word_1_45' title='bbox 1407 659 1652 733; x_wconf 88' lang='grc' dir='ltr'>μυστικῷ</span> <span class='ocrx_word' id='word_1_46' title='bbox 1727 655 1858 732; x_wconf 88' lang='grc' dir='ltr'>πυρὶ</span> 
     </span>
    </p>
   </div>
   <div class='ocr_carea' id='block_1_9' title="bbox 1979 655 3621 738">
    <p class='ocr_par' dir='ltr' id='par_1_9' title="bbox 1979 659 3621 735">
     <span class='ocr_line' id='line_1_9' title="bbox 1979 659 3621 735; baseline 0.004 -21"><span class='ocrx_word' id='word_1_47' title='bbox 1979 659 2215 732; x_wconf 76' lang='lat' dir='ltr'><strong>Ligendis</strong></span> <span class='ocrx_word' id='word_1_48' title='bbox 2246 660 2305 714; x_wconf 93' lang='lat' dir='ltr'><strong>in</strong></span> <span class='ocrx_word' id='word_1_49' title='bbox 2329 661 2698 733; x_wconf 87' lang='lat' dir='ltr'><strong>receptacula</strong></span> <span class='ocrx_word' id='word_1_50' title='bbox 2719 663 2878 717; x_wconf 61' lang='lat' dir='ltr'><strong>mira:</strong></span> <span class='ocrx_word' id='word_1_51' title='bbox 2907 669 3129 718; x_wconf 81' lang='lat' dir='ltr'><strong>naturae</strong></span> <span class='ocrx_word' id='word_1_52' title='bbox 3162 668 3397 735; x_wconf 84' lang='lat' dir='ltr'><strong>propter</strong></span> <span class='ocrx_word' id='word_1_53' title='bbox 3428 666 3621 722; x_wconf 88' lang='lat' dir='ltr'><strong>alveo-</strong></span> 
     </span>
    </p>
   </div>
   <div class='ocr_carea' id='block_1_10' title="bbox 195 745 1857 827">
    <p class='ocr_par' dir='ltr' id='par_1_10' title="bbox 195 745 1857 827">
     <span class='ocr_line' id='line_1_10' title="bbox 195 745 1857 827; baseline -0.003 -19"><span class='ocrx_word' id='word_1_54' title='bbox 195 754 461 826; x_wconf 73' lang='grc' dir='ltr'>Ἀθήνῃσι</span> <span class='ocrx_word' id='word_1_55' title='bbox 511 756 904 827; x_wconf 83' lang='grc' dir='ltr'>καθυπουργεῖν</span> <span class='ocrx_word' id='word_1_56' title='bbox 956 771 1087 808; x_wconf 89' lang='grc' dir='ltr'>ποτε</span> <span class='ocrx_word' id='word_1_57' title='bbox 1143 749 1223 812; x_wconf 69' lang='grc' dir='ltr'>εἷς</span> <span class='ocrx_word' id='word_1_58' title='bbox 1281 747 1564 824; x_wconf 72' lang='grc' dir='ltr'>ἐνδελεχὲς</span> <span class='ocrx_word' id='word_1_59' title='bbox 1619 745 1857 822; x_wconf 88' lang='grc' dir='ltr'>λέγεται.</span> 
     </span>
    </p>
   </div>
   <div class='ocr_carea' id='block_1_11' title="bbox 197 836 1860 917">
    <p class='ocr_par' dir='ltr' id='par_1_11' title="bbox 197 836 1860 917">
     <span class='ocr_line' id='line_1_11' title="bbox 197 836 1860 917; baseline -0.004 -21"><span class='ocrx_word' id='word_1_60' title='bbox 197 842 410 915; x_wconf 85' lang='grc' dir='ltr'>Σεμνὸν</span> <span class='ocrx_word' id='word_1_61' title='bbox 446 838 504 895; x_wconf 74' lang='grc' dir='ltr'>δὲ</span> <span class='ocrx_word' id='word_1_62' title='bbox 525 845 623 895; x_wconf 88' lang='grc' dir='ltr'><strong>τοῦ</strong></span> <span class='ocrx_word' id='word_1_63' title='bbox 663 845 836 917; x_wconf 87' lang='grc' dir='ltr'>κηροῦ</span> <span class='ocrx_word' id='word_1_64' title='bbox 883 839 974 894; x_wconf 79' lang='grc' dir='ltr'><strong>καὶ</strong></span> <span class='ocrx_word' id='word_1_65' title='bbox 1025 838 1107 894; x_wconf 74' lang='grc' dir='ltr'><strong>ὅτι</strong></span> <span class='ocrx_word' id='word_1_66' title='bbox 1161 837 1221 893; x_wconf 85' lang='grc' dir='ltr'>ἐκ</span> <span class='ocrx_word' id='word_1_67' title='bbox 1272 837 1478 911; x_wconf 88' lang='grc' dir='ltr'>μυρίων</span> <span class='ocrx_word' id='word_1_68' title='bbox 1531 836 1715 892; x_wconf 83' lang='grc' dir='ltr'>καλῶν</span> <span class='ocrx_word' id='word_1_69' title='bbox 1769 837 1860 890; x_wconf 66' lang='lat' dir='ltr'><strong>civ-</strong></span> 
     </span>
    </p>
   </div>
   <div class='ocr_carea' id='block_1_12' title="bbox 196 923 1862 1005">
    <p class='ocr_par' dir='ltr' id='par_1_12' title="bbox 196 923 1862 1005">
     <span class='ocr_line' id='line_1_12' title="bbox 196 923 1862 1005; baseline -0.004 -20"><span class='ocrx_word' id='word_1_70' title='bbox 196 929 551 1005; x_wconf 81' lang='grc' dir='ltr'>θολογεῖται·</span> <span class='ocrx_word' id='word_1_71' title='bbox 610 926 683 984; x_wconf 82' lang='grc' dir='ltr'>ὧν</span> <span class='ocrx_word' id='word_1_72' title='bbox 754 928 833 1001; x_wconf 84' lang='grc' dir='ltr'>τῷ</span> <span class='ocrx_word' id='word_1_73' title='bbox 901 927 1198 1002; x_wconf 84' lang='grc' dir='ltr'>κεράσματι</span> <span class='ocrx_word' id='word_1_74' title='bbox 1273 923 1717 1000; x_wconf 76' lang='grc' dir='ltr'><strong>σκευωρούμενος</strong></span> <span class='ocrx_word' id='word_1_75' title='bbox 1787 924 1862 985; x_wconf 80' lang='grc' dir='ltr'>εἷς</span> 
     </span>
    </p>
   </div>
   <div class='ocr_carea' id='block_1_13' title="bbox 195 1013 1859 1094">
    <p class='ocr_par' dir='ltr' id='par_1_13' title="bbox 195 1013 1859 1094">
     <span class='ocr_line' id='line_1_13' title="bbox 195 1013 1859 1094; baseline -0.004 -20"><span class='ocrx_word' id='word_1_76' title='bbox 195 1018 397 1094; x_wconf 82' lang='grc' dir='ltr'>δοχεῖα</span> <span class='ocrx_word' id='word_1_77' title='bbox 457 1017 622 1092; x_wconf 84' lang='grc' dir='ltr'>σεμνά</span> <span class='ocrx_word' id='word_1_78' title='bbox 666 1016 820 1093; x_wconf 86' lang='grc' dir='ltr'>φύσει</span> <span class='ocrx_word' id='word_1_79' title='bbox 867 1015 957 1072; x_wconf 80' lang='grc' dir='ltr'><strong>διὰ</strong></span> <span class='ocrx_word' id='word_1_80' title='bbox 1002 1017 1066 1072; x_wconf 84' lang='grc' dir='ltr'>τὸ</span> <span class='ocrx_word' id='word_1_81' title='bbox 1115 1017 1230 1072; x_wconf 88' lang='grc' dir='ltr'>κατ’</span> <span class='ocrx_word' id='word_1_82' title='bbox 1263 1014 1397 1070; x_wconf 79' lang='grc' dir='ltr'><strong>αύτά</strong></span> <span class='ocrx_word' id='word_1_83' title='bbox 1433 1019 1543 1069; x_wconf 81' lang='grc' dir='ltr'>τῶν</span> <span class='ocrx_word' id='word_1_84' title='bbox 1594 1013 1859 1089; x_wconf 85' lang='grc' dir='ltr'><strong>συρίγγων</strong></span> 
     </span>
    </p>
   </div>
   <div class='ocr_carea' id='block_1_14' title="bbox 195 1099 1865 1183">
    <p class='ocr_par' dir='ltr' id='par_1_14' title="bbox 195 1099 1865 1183">
     <span class='ocr_line' id='line_1_14' title="bbox 195 1099 1865 1183; baseline -0.004 -21"><span class='ocrx_word' id='word_1_85' title='bbox 195 1107 495 1183; x_wconf 71' lang='grc' dir='ltr'>ἑξάγωνον,</span> <span class='ocrx_word' id='word_1_86' title='bbox 540 1107 629 1160; x_wconf 82' lang='grc' dir='ltr'><strong>καὶ</strong></span> <span class='ocrx_word' id='word_1_87' title='bbox 680 1106 852 1168; x_wconf 81' lang='grc' dir='ltr'>οὕτως</span> <span class='ocrx_word' id='word_1_88' title='bbox 919 1103 1309 1179; x_wconf 66' lang='grc' dir='ltr'>αἴνιγματίζων</span> <span class='ocrx_word' id='word_1_89' title='bbox 1363 1103 1463 1171; x_wconf 84' lang='grc' dir='ltr'><strong>τήν</strong></span> <span class='ocrx_word' id='word_1_90' title='bbox 1540 1099 1865 1172; x_wconf 78' lang='grc' dir='ltr'><strong>τελειότητα</strong></span> 
     </span>
    </p>
   </div>
   <div class='ocr_carea' id='block_1_15' title="bbox 191 1189 1861 1270">
    <p class='ocr_par' dir='ltr' id='par_1_15' title="bbox 191 1189 1861 1270">
     <span class='ocr_line' id='line_1_15' title="bbox 191 1189 1861 1270; baseline -0.004 -19"><span class='ocrx_word' id='word_1_91' title='bbox 191 1195 413 1266; x_wconf 67' lang='grc' dir='ltr'>(ἐπειδὴ</span> <span class='ocrx_word' id='word_1_92' title='bbox 443 1195 535 1250; x_wconf 75' lang='grc' dir='ltr'><strong>καὶ</strong></span> <span class='ocrx_word' id='word_1_93' title='bbox 567 1198 786 1270; x_wconf 81' lang='grc' dir='ltr'>πρῶτος</span> <span class='ocrx_word' id='word_1_94' title='bbox 837 1194 888 1249; x_wconf 86' lang='grc' dir='ltr'>ἐν</span> <span class='ocrx_word' id='word_1_95' title='bbox 961 1194 1217 1269; x_wconf 81' lang='grc' dir='ltr'>ἀριθμοῖς</span> <span class='ocrx_word' id='word_1_96' title='bbox 1272 1189 1507 1254; x_wconf 75' lang='grc' dir='ltr'><strong>τελείοις</strong></span> <span class='ocrx_word' id='word_1_97' title='bbox 1567 1189 1861 1269; x_wconf 81' lang='grc' dir='ltr'>πεφιλοσό-</span> 
     </span>
    </p>
   </div>
   <div class='ocr_carea' id='block_1_16' title="bbox 1968 748 3621 827">
    <p class='ocr_par' dir='ltr' id='par_1_16' title="bbox 1968 748 3621 827">
     <span class='ocr_line' id='line_1_16' title="bbox 1968 748 3621 827; baseline 0.005 -25"><span class='ocrx_word' id='word_1_98' title='bbox 1968 748 2057 804; x_wconf 90' lang='lat' dir='ltr'><strong>los</strong></span> <span class='ocrx_word' id='word_1_99' title='bbox 2089 765 2186 804; x_wconf 88' lang='lat' dir='ltr'><strong>sex</strong></span> <span class='ocrx_word' id='word_1_100' title='bbox 2229 748 2513 806; x_wconf 78' lang='lat' dir='ltr'><strong>lateribus</strong></span> <span class='ocrx_word' id='word_1_101' title='bbox 2563 753 2945 822; x_wconf 87' lang='lat' dir='ltr'><strong>compositos,</strong></span> <span class='ocrx_word' id='word_1_102' title='bbox 2975 752 3236 820; x_wconf 87' lang='lat' dir='ltr'><strong>inservit,</strong></span> <span class='ocrx_word' id='word_1_103' title='bbox 3271 758 3327 809; x_wconf 91' lang='lat' dir='ltr'><strong>et</strong></span> <span class='ocrx_word' id='word_1_104' title='bbox 3373 754 3456 810; x_wconf 90' lang='lat' dir='ltr'><strong>sic</strong></span> <span class='ocrx_word' id='word_1_105' title='bbox 3488 771 3621 827; x_wconf 90' lang='lat' dir='ltr'><strong>per-</strong></span> 
     </span>
    </p>
   </div>
   <div class='ocr_carea' id='block_1_17' title="bbox 1969 837 3620 914">
    <p class='ocr_par' dir='ltr' id='par_1_17' title="bbox 1969 837 3620 914">
     <span class='ocr_line' id='line_1_17' title="bbox 1969 837 3620 914; baseline 0.005 -23"><span class='ocrx_word' id='word_1_106' title='bbox 1969 837 2234 893; x_wconf 85' lang='lat' dir='ltr'><strong>fectionis</strong></span> <span class='ocrx_word' id='word_1_107' title='bbox 2293 839 2528 910; x_wconf 88' lang='lat' dir='ltr'><strong>signum</strong></span> <span class='ocrx_word' id='word_1_108' title='bbox 2589 845 2678 894; x_wconf 89' lang='lat' dir='ltr'><strong>est</strong></span> <span class='ocrx_word' id='word_1_109' title='bbox 2733 841 2889 911; x_wconf 90' lang='lat' dir='ltr'><strong>(cum</strong></span> <span class='ocrx_word' id='word_1_110' title='bbox 2949 840 3174 912; x_wconf 91' lang='lat' dir='ltr'><strong>primus</strong></span> <span class='ocrx_word' id='word_1_111' title='bbox 3232 841 3288 896; x_wconf 90' lang='lat' dir='ltr'><strong>in</strong></span> <span class='ocrx_word' id='word_1_112' title='bbox 3350 845 3620 914; x_wconf 81' lang='lat' dir='ltr'><strong>perfectis</strong></span> 
     </span>
    </p>
   </div>
   <div class='ocr_carea' id='block_1_18' title="bbox 1970 926 3619 1004">
    <p class='ocr_par' dir='ltr' id='par_1_18' title="bbox 1970 926 3619 1004">
     <span class='ocr_line' id='line_1_18' title="bbox 1970 926 3619 1004; baseline 0.005 -24"><span class='ocrx_word' id='word_1_113' title='bbox 1970 926 2233 982; x_wconf 87' lang='lat' dir='ltr'><strong>numeris</strong></span> <span class='ocrx_word' id='word_1_114' title='bbox 2263 943 2533 984; x_wconf 80' lang='lat' dir='ltr'><strong>senarius</strong></span> <span class='ocrx_word' id='word_1_115' title='bbox 2556 929 2856 998; x_wconf 82' lang='lat' dir='ltr'><strong>judicetur</strong></span> <span class='ocrx_word' id='word_1_116' title='bbox 2886 946 2918 984; x_wconf 88' lang='lat' dir='ltr'><strong>a</strong></span> <span class='ocrx_word' id='word_1_117' title='bbox 2948 929 3358 1002; x_wconf 86' lang='lat' dir='ltr'><strong>philosophis);</strong></span> <span class='ocrx_word' id='word_1_118' title='bbox 3395 937 3453 987; x_wconf 88' lang='lat' dir='ltr'><strong>et</strong></span> <span class='ocrx_word' id='word_1_119' title='bbox 3484 935 3619 1004; x_wconf 90' lang='lat' dir='ltr'><strong>pul-</strong></span> 
     </span>
    </p>
   </div>
   <div class='ocr_carea' id='block_1_19' title="bbox 1969 1015 3617 1093">
    <p class='ocr_par' dir='ltr' id='par_1_19' title="bbox 1969 1015 3617 1093">
     <span class='ocr_line' id='line_1_19' title="bbox 1969 1015 3617 1093; baseline 0.005 -23"><span class='ocrx_word' id='word_1_120' title='bbox 1969 1015 2176 1070; x_wconf 90' lang='lat' dir='ltr'><strong>chrum</strong></span> <span class='ocrx_word' id='word_1_121' title='bbox 2211 1015 2324 1071; x_wconf 89' lang='lat' dir='ltr'><strong>mel</strong></span> <span class='ocrx_word' id='word_1_122' title='bbox 2368 1017 2468 1071; x_wconf 89' lang='lat' dir='ltr'><strong>dat</strong></span> <span class='ocrx_word' id='word_1_123' title='bbox 2500 1017 2820 1088; x_wconf 89' lang='lat' dir='ltr'><strong>repositum</strong></span> <span class='ocrx_word' id='word_1_124' title='bbox 2869 1018 2927 1070; x_wconf 92' lang='lat' dir='ltr'><strong>in</strong></span> <span class='ocrx_word' id='word_1_125' title='bbox 2981 1018 3106 1074; x_wconf 89' lang='lat' dir='ltr'><strong>suis</strong></span> <span class='ocrx_word' id='word_1_126' title='bbox 3161 1019 3425 1088; x_wconf 81' lang='lat' dir='ltr'><strong>alveolis;</strong></span> <span class='ocrx_word' id='word_1_127' title='bbox 3462 1023 3617 1093; x_wconf 89' lang='lat' dir='ltr'><strong>quod</strong></span> 
     </span>
    </p>
   </div>
   <div class='ocr_carea' id='block_1_20' title="bbox 1971 1103 3622 1182">
    <p class='ocr_par' dir='ltr' id='par_1_20' title="bbox 1971 1103 3622 1182">
     <span class='ocr_line' id='line_1_20' title="bbox 1971 1103 3622 1182; baseline 0.005 -24"><span class='ocrx_word' id='word_1_128' title='bbox 1971 1103 2179 1158; x_wconf 87' lang='lat' dir='ltr'><strong>deinde</strong></span> <span class='ocrx_word' id='word_1_129' title='bbox 2210 1120 2554 1175; x_wconf 85' lang='lat' dir='ltr'><strong>expressum</strong></span> <span class='ocrx_word' id='word_1_130' title='bbox 2587 1109 2642 1160; x_wconf 92' lang='lat' dir='ltr'><strong>et</strong></span> <span class='ocrx_word' id='word_1_131' title='bbox 2673 1107 2949 1161; x_wconf 86' lang='lat' dir='ltr'><strong>eductum</strong></span> <span class='ocrx_word' id='word_1_132' title='bbox 2996 1107 3234 1175; x_wconf 78' lang='lat' dir='ltr'><strong>regibus</strong></span> <span class='ocrx_word' id='word_1_133' title='bbox 3265 1113 3321 1164; x_wconf 87' lang='lat' dir='ltr'><strong>et</strong></span> <span class='ocrx_word' id='word_1_134' title='bbox 3354 1111 3622 1182; x_wconf 86' lang='lat' dir='ltr'><strong>pauperi-</strong></span> 
     </span>
    </p>
   </div>
   <div class='ocr_carea' id='block_1_21' title="bbox 1971 1191 3362 1265">
    <p class='ocr_par' dir='ltr' id='par_1_21' title="bbox 1971 1191 3362 1265">
     <span class='ocr_line' id='line_1_21' title="bbox 1971 1191 3362 1265; baseline 0.005 -18"><span class='ocrx_word' id='word_1_135' title='bbox 1971 1193 2084 1247; x_wconf 89' lang='lat' dir='ltr'><strong>bus</strong></span> <span class='ocrx_word' id='word_1_136' title='bbox 2115 1191 2216 1247; x_wconf 89' lang='lat' dir='ltr'><strong>dat</strong></span> <span class='ocrx_word' id='word_1_137' title='bbox 2245 1193 2583 1262; x_wconf 82' lang='lat' dir='ltr'><strong>sanitatem,</strong></span> <span class='ocrx_word' id='word_1_138' title='bbox 2615 1194 2798 1265; x_wconf 82' lang='lat' dir='ltr'><strong>ﬁtque</strong></span> <span class='ocrx_word' id='word_1_139' title='bbox 2826 1195 3090 1252; x_wconf 89' lang='lat' dir='ltr'><strong>omnium</strong></span> <span class='ocrx_word' id='word_1_140' title='bbox 3119 1197 3362 1254; x_wconf 89' lang='lat' dir='ltr'><strong>bonum.</strong></span> 
     </span>
    </p>
   </div>
   <div class='ocr_carea' id='block_1_22' title="bbox 191 1277 3623 1363">
    <p class='ocr_par' dir='ltr' id='par_1_22' title="bbox 191 1277 3623 1363">
     <span class='ocr_line' id='line_1_22' title="bbox 191 1277 3623 1363; baseline 0 -23"><span class='ocrx_word' id='word_1_141' title='bbox 191 1288 364 1363; x_wconf 74' lang='grc' dir='ltr'>φηται</span> <span class='ocrx_word' id='word_1_142' title='bbox 420 1285 449 1340; x_wconf 87' lang='grc' dir='ltr'>ὁ</span> <span class='ocrx_word' id='word_1_143' title='bbox 505 1283 558 1354; x_wconf 73' lang='grc' dir='ltr'><strong>’ἐξ</strong></span> <span class='ocrx_word' id='word_1_144' title='bbox 634 1283 909 1360; x_wconf 82' lang='grc' dir='ltr'>ἀριθμὸς),</span> <span class='ocrx_word' id='word_1_145' title='bbox 958 1281 1361 1346; x_wconf 85' lang='grc' dir='ltr'>ἐναποτίθεσθαι</span> <span class='ocrx_word' id='word_1_146' title='bbox 1423 1278 1615 1336; x_wconf 85' lang='grc' dir='ltr'>δίδωσι</span> <span class='ocrx_word' id='word_1_147' title='bbox 1672 1280 1735 1335; x_wconf 89' lang='grc' dir='ltr'>τὸ</span> <span class='ocrx_word' id='word_1_148' title='bbox 1795 1277 1964 1334; x_wconf 88' lang='grc' dir='ltr'>καλὸν</span> <span class='ocrx_word' id='word_1_149' title='bbox 2027 1277 2152 1351; x_wconf 88' lang='grc' dir='ltr'>μέλι</span> <span class='ocrx_word' id='word_1_150' title='bbox 2207 1285 2326 1343; x_wconf 88' lang='grc' dir='ltr'>ταῖς</span> <span class='ocrx_word' id='word_1_151' title='bbox 2383 1281 2509 1354; x_wconf 83' lang='grc' dir='ltr'>παρ’</span> <span class='ocrx_word' id='word_1_152' title='bbox 2568 1280 2714 1352; x_wconf 81' lang='grc' dir='ltr'><strong>αὖτῷ</strong></span> <span class='ocrx_word' id='word_1_153' title='bbox 2770 1282 3017 1357; x_wconf 76' lang='grc' dir='ltr'>σήραγξι·</span> <span class='ocrx_word' id='word_1_154' title='bbox 3067 1282 3159 1337; x_wconf 88' lang='grc' dir='ltr'><strong>καὶ</strong></span> <span class='ocrx_word' id='word_1_155' title='bbox 3220 1281 3433 1339; x_wconf 69' lang='grc' dir='ltr'>ἐπειδὰν</span> <span class='ocrx_word' id='word_1_156' title='bbox 3491 1285 3623 1341; x_wconf 78' lang='grc' dir='ltr'>αὐτὸ</span> 
     </span>
    </p>
   </div>
   <div class='ocr_carea' id='block_1_23' title="bbox 193 1365 2821 1451">
    <p class='ocr_par' dir='ltr' id='par_1_23' title="bbox 193 1365 2821 1451">
     <span class='ocr_line' id='line_1_23' title="bbox 193 1365 2821 1451; baseline -0.001 -23"><span class='ocrx_word' id='word_1_157' title='bbox 193 1375 413 1437; x_wconf 75' lang='grc' dir='ltr'>πιεσθὲν</span> <span class='ocrx_word' id='word_1_158' title='bbox 446 1372 748 1451; x_wconf 78' lang='grc' dir='ltr'>ἐκφορηθῇ,</span> <span class='ocrx_word' id='word_1_159' title='bbox 785 1369 1066 1447; x_wconf 83' lang='grc' dir='ltr'>βασιλεῦσι</span> <span class='ocrx_word' id='word_1_160' title='bbox 1094 1371 1387 1449; x_wconf 84' lang='grc' dir='ltr'>προσφορά</span> <span class='ocrx_word' id='word_1_161' title='bbox 1412 1369 1489 1432; x_wconf 79' lang='grc' dir='ltr'><strong>είς</strong></span> <span class='ocrx_word' id='word_1_162' title='bbox 1522 1366 1721 1444; x_wconf 83' lang='grc' dir='ltr'>ὑγίειαν</span> <span class='ocrx_word' id='word_1_163' title='bbox 1752 1368 1842 1422; x_wconf 80' lang='grc' dir='ltr'><strong>καὶ</strong></span> <span class='ocrx_word' id='word_1_164' title='bbox 1869 1368 2115 1439; x_wconf 86' lang='grc' dir='ltr'>πένησιν,</span> <span class='ocrx_word' id='word_1_165' title='bbox 2149 1368 2224 1432; x_wconf 83' lang='grc' dir='ltr'><strong>ὡς</strong></span> <span class='ocrx_word' id='word_1_166' title='bbox 2253 1368 2595 1445; x_wconf 87' lang='grc' dir='ltr'>παγκὸσμιον</span> <span class='ocrx_word' id='word_1_167' title='bbox 2629 1365 2821 1426; x_wconf 74' lang='grc' dir='ltr'>καλόν.</span> 
     </span>
    </p>
   </div>
   <div class='ocr_carea' id='block_1_24' title="bbox 267 1457 1867 1534">
    <p class='ocr_par' dir='ltr' id='par_1_24' title="bbox 267 1457 1856 1534">
     <span class='ocr_line' id='line_1_24' title="bbox 267 1457 1856 1534; baseline -0.005 -16"><span class='ocrx_word' id='word_1_168' title='bbox 267 1463 387 1532; x_wconf 81' lang='grc' dir='ltr'>πη⁹.</span> <span class='ocrx_word' id='word_1_169' title='bbox 431 1461 560 1518; x_wconf 73' lang='grc' dir='ltr'>Εἶτα</span> <span class='ocrx_word' id='word_1_170' title='bbox 617 1460 708 1515; x_wconf 80' lang='grc' dir='ltr'><strong>καὶ</strong></span> <span class='ocrx_word' id='word_1_171' title='bbox 765 1462 800 1530; x_wconf 76' lang='grc' dir='ltr'><strong>ἡ</strong></span> <span class='ocrx_word' id='word_1_172' title='bbox 855 1459 1133 1530; x_wconf 77' lang='grc' dir='ltr'><strong>ἀποθήκη,</strong></span> <span class='ocrx_word' id='word_1_173' title='bbox 1194 1460 1222 1514; x_wconf 88' lang='grc' dir='ltr'>ὁ</span> <span class='ocrx_word' id='word_1_174' title='bbox 1278 1459 1471 1534; x_wconf 86' lang='grc' dir='ltr'>κηρὸς,</span> <span class='ocrx_word' id='word_1_175' title='bbox 1526 1457 1602 1521; x_wconf 81' lang='grc' dir='ltr'>εἷς</span> <span class='ocrx_word' id='word_1_176' title='bbox 1659 1457 1856 1528; x_wconf 76' lang='grc' dir='ltr'>ἀγαθὸν</span> 
     </span>
    </p>
   </div>
   <div class='ocr_carea' id='block_1_25' title="bbox 1979 1457 3625 1534">
    <p class='ocr_par' dir='ltr' id='par_1_25' title="bbox 2041 1457 3625 1534">
     <span class='ocr_line' id='line_1_25' title="bbox 2041 1457 3625 1534; baseline 0.004 -23"><span class='ocrx_word' id='word_1_177' title='bbox 2041 1457 2131 1512; x_wconf 91' lang='grc'><strong>88.</strong></span> <span class='ocrx_word' id='word_1_178' title='bbox 2165 1458 2384 1514; x_wconf 88' lang='lat' dir='ltr'><strong>Deinde</strong></span> <span class='ocrx_word' id='word_1_179' title='bbox 2441 1459 2899 1532; x_wconf 86' lang='lat' dir='ltr'><strong>receptaculum,</strong></span> <span class='ocrx_word' id='word_1_180' title='bbox 2959 1461 3077 1516; x_wconf 90' lang='lat' dir='ltr'><strong>sive</strong></span> <span class='ocrx_word' id='word_1_181' title='bbox 3134 1476 3288 1528; x_wconf 83' lang='lat' dir='ltr'><strong>cera,</strong></span> <span class='ocrx_word' id='word_1_182' title='bbox 3346 1477 3625 1534; x_wconf 86' lang='lat' dir='ltr'><strong>magnam</strong></span> 
     </span>
    </p>
   </div>
   <div class='ocr_carea' id='block_1_26' title="bbox 197 1540 1867 1626">
    <p class='ocr_par' dir='ltr' id='par_1_26' title="bbox 197 1540 1864 1626">
     <span class='ocr_line' id='line_1_26' title="bbox 197 1540 1864 1626; baseline -0.005 -20"><span class='ocrx_word' id='word_1_183' title='bbox 197 1549 341 1625; x_wconf 87' lang='grc' dir='ltr'>μέγα</span> <span class='ocrx_word' id='word_1_184' title='bbox 372 1554 615 1605; x_wconf 89' lang='grc' dir='ltr'>συντεκεῖ</span> <span class='ocrx_word' id='word_1_185' title='bbox 666 1551 785 1622; x_wconf 78' lang='grc' dir='ltr'>(τὴν</span> <span class='ocrx_word' id='word_1_186' title='bbox 841 1545 1091 1626; x_wconf 78' lang='grc' dir='ltr'>ἔκφανσίν</span> <span class='ocrx_word' id='word_1_187' title='bbox 1151 1568 1297 1625; x_wconf 84' lang='grc' dir='ltr'>φημι</span> <span class='ocrx_word' id='word_1_188' title='bbox 1345 1550 1442 1600; x_wconf 90' lang='grc' dir='ltr'><strong>τοῦ</strong></span> <span class='ocrx_word' id='word_1_189' title='bbox 1500 1545 1722 1624; x_wconf 82' lang='grc' dir='ltr'>φωτὸς),</span> <span class='ocrx_word' id='word_1_190' title='bbox 1771 1540 1864 1598; x_wconf 68' lang='grc' dir='ltr'>’ίνα</span> 
     </span>
    </p>
   </div>
   <div class='ocr_carea' id='block_1_27' title="bbox 1979 1540 3630 1626">
    <p class='ocr_par' dir='ltr' id='par_1_27' title="bbox 1979 1546 3630 1621">
     <span class='ocr_line' id='line_1_27' title="bbox 1979 1546 3630 1621; baseline 0.003 -19"><span class='ocrx_word' id='word_1_191' title='bbox 1979 1546 2140 1602; x_wconf 79' lang='lat' dir='ltr'><strong>oti&#39;ert</strong></span> <span class='ocrx_word' id='word_1_192' title='bbox 2171 1546 2485 1604; x_wconf 80' lang='lat' dir='ltr'><strong>utilitatem</strong></span> <span class='ocrx_word' id='word_1_193' title='bbox 2519 1550 2748 1621; x_wconf 86' lang='lat' dir='ltr'><strong>(nempe</strong></span> <span class='ocrx_word' id='word_1_194' title='bbox 2797 1549 3040 1605; x_wconf 90' lang='lat' dir='ltr'><strong>luminis</strong></span> <span class='ocrx_word' id='word_1_195' title='bbox 3086 1550 3528 1621; x_wconf 89' lang='lat' dir='ltr'><strong>ostensionem),</strong></span> <span class='ocrx_word' id='word_1_196' title='bbox 3565 1555 3630 1608; x_wconf 90' lang='lat' dir='ltr'><strong>ut</strong></span> 
     </span>
    </p>
   </div>
   <div class='ocr_carea' id='block_1_28' title="bbox 194 1632 1867 1712">
    <p class='ocr_par' dir='ltr' id='par_1_28' title="bbox 194 1632 1862 1712">
     <span class='ocr_line' id='line_1_28' title="bbox 194 1632 1862 1712; baseline -0.005 -17"><span class='ocrx_word' id='word_1_197' title='bbox 194 1642 275 1712; x_wconf 82' lang='grc' dir='ltr'>τῷ</span> <span class='ocrx_word' id='word_1_198' title='bbox 330 1635 879 1712; x_wconf 77' lang='grc' dir='ltr'>μὲνκειμηλιωθέντι</span> <span class='ocrx_word' id='word_1_199' title='bbox 924 1635 1105 1710; x_wconf 80' lang='grc' dir='ltr'>μέλιτι</span> <span class='ocrx_word' id='word_1_200' title='bbox 1157 1635 1224 1690; x_wconf 65' lang='grc' dir='ltr'><strong>τὰ</strong></span> <span class='ocrx_word' id='word_1_201' title='bbox 1266 1635 1414 1697; x_wconf 80' lang='grc' dir='ltr'>ἐντὸς</span> <span class='ocrx_word' id='word_1_202' title='bbox 1469 1635 1520 1688; x_wconf 79' lang='lat' dir='ltr'><strong>oi</strong></span> <span class='ocrx_word' id='word_1_203' title='bbox 1579 1632 1862 1710; x_wconf 87' lang='grc' dir='ltr'>χρώμενοι</span> 
     </span>
    </p>
   </div>
   <div class='ocr_carea' id='block_1_29' title="bbox 1979 1632 3627 1712">
    <p class='ocr_par' dir='ltr' id='par_1_29' title="bbox 1979 1635 3627 1712">
     <span class='ocr_line' id='line_1_29' title="bbox 1979 1635 3627 1712; baseline 0.004 -22"><span class='ocrx_word' id='word_1_204' title='bbox 1979 1635 2074 1706; x_wconf 91' lang='lat' dir='ltr'><strong>qui</strong></span> <span class='ocrx_word' id='word_1_205' title='bbox 2119 1636 2343 1692; x_wconf 85' lang='lat' dir='ltr'><strong>utimur</strong></span> <span class='ocrx_word' id='word_1_206' title='bbox 2388 1637 2559 1692; x_wconf 89' lang='lat' dir='ltr'><strong>melle</strong></span> <span class='ocrx_word' id='word_1_207' title='bbox 2607 1638 2767 1693; x_wconf 86' lang='lat' dir='ltr'><strong>intus</strong></span> <span class='ocrx_word' id='word_1_208' title='bbox 2811 1637 3054 1694; x_wconf 91' lang='lat' dir='ltr'><strong>collecto</strong></span> <span class='ocrx_word' id='word_1_209' title='bbox 3102 1638 3396 1708; x_wconf 67' lang='lat' dir='ltr'><strong>laetemur;</strong></span> <span class='ocrx_word' id='word_1_210' title='bbox 3450 1644 3627 1712; x_wconf 88' lang='lat' dir='ltr'><strong>atque</strong></span> 
     </span>
    </p>
   </div>
   <div class='ocr_carea' id='block_1_30' title="bbox 197 1721 1867 1804">
    <p class='ocr_par' dir='ltr' id='par_1_30' title="bbox 197 1721 1867 1804">
     <span class='ocr_line' id='line_1_30' title="bbox 197 1721 1867 1804; baseline -0.005 -21"><span class='ocrx_word' id='word_1_211' title='bbox 197 1727 672 1804; x_wconf 77' lang='grc' dir='ltr'>παρηγορώμεθα,</span> <span class='ocrx_word' id='word_1_212' title='bbox 731 1732 846 1788; x_wconf 87' lang='grc' dir='ltr'>τοῖς</span> <span class='ocrx_word' id='word_1_213' title='bbox 917 1723 975 1781; x_wconf 77' lang='grc' dir='ltr'>δὲ</span> <span class='ocrx_word' id='word_1_214' title='bbox 1050 1729 1148 1780; x_wconf 85' lang='grc' dir='ltr'><strong>τοῦ</strong></span> <span class='ocrx_word' id='word_1_215' title='bbox 1208 1722 1432 1797; x_wconf 80' lang='grc' dir='ltr'>μέλιτος</span> <span class='ocrx_word' id='word_1_216' title='bbox 1489 1721 1733 1798; x_wconf 75' lang='grc' dir='ltr'>ἀγγείοις</span> <span class='ocrx_word' id='word_1_217' title='bbox 1788 1725 1867 1793; x_wconf 75' lang='grc' dir='ltr'>τῷ</span> 
     </span>
    </p>
   </div>
   <div class='ocr_carea' id='block_1_31' title="bbox 1979 1721 3628 1804">
    <p class='ocr_par' dir='ltr' id='par_1_31' title="bbox 1979 1724 3628 1797">
     <span class='ocr_line' id='line_1_31' title="bbox 1979 1724 3628 1797; baseline 0.004 -17"><span class='ocrx_word' id='word_1_218' title='bbox 1979 1740 2046 1780; x_wconf 84' lang='lat' dir='ltr'><strong>ex</strong></span> <span class='ocrx_word' id='word_1_219' title='bbox 2074 1724 2314 1780; x_wconf 90' lang='lat' dir='ltr'><strong>vasibus</strong></span> <span class='ocrx_word' id='word_1_220' title='bbox 2345 1725 2560 1793; x_wconf 88' lang='lat' dir='ltr'><strong>mellis,</strong></span> <span class='ocrx_word' id='word_1_221' title='bbox 2595 1742 2746 1797; x_wconf 88' lang='lat' dir='ltr'><strong>cera,</strong></span> <span class='ocrx_word' id='word_1_222' title='bbox 2779 1726 3029 1782; x_wconf 89' lang='lat' dir='ltr'><strong>multam</strong></span> <span class='ocrx_word' id='word_1_223' title='bbox 3063 1728 3427 1783; x_wconf 88' lang='lat' dir='ltr'><strong>curationem</strong></span> <span class='ocrx_word' id='word_1_224' title='bbox 3466 1728 3628 1787; x_wconf 90' lang='lat' dir='ltr'><strong>intus</strong></span> 
     </span>
    </p>
   </div>
   <div class='ocr_carea' id='block_1_32' title="bbox 195 1797 1867 1894">
    <p class='ocr_par' dir='ltr' id='par_1_32' title="bbox 195 1797 1867 1894">
     <span class='ocr_line' id='line_1_32' title="bbox 195 1797 1867 1894; baseline -0.006 -20"><span class='ocrx_word' id='word_1_225' title='bbox 195 1797 591 1894; x_wconf 41' lang='grc' dir='ltr'>κὴῷᾀυρζυὼ</span> <span class='ocrx_word' id='word_1_226' title='bbox 634 1817 735 1886; x_wconf 80' lang='grc' dir='ltr'>τὴν</span> <span class='ocrx_word' id='word_1_227' title='bbox 781 1813 930 1877; x_wconf 80' lang='grc' dir='ltr'>ἐντὸς</span> <span class='ocrx_word' id='word_1_228' title='bbox 977 1813 1334 1890; x_wconf 83' lang='grc' dir='ltr'>ψυχαγωγίαν</span> <span class='ocrx_word' id='word_1_229' title='bbox 1387 1797 1637 1889; x_wconf 82' lang='grc' dir='ltr'>ἔχοιμεν,</span> <span class='ocrx_word' id='word_1_230' title='bbox 1668 1809 1867 1880; x_wconf 77' lang='grc' dir='ltr'>εὐεξίας</span> 
     </span>
    </p>
   </div>
   <div class='ocr_carea' id='block_1_33' title="bbox 1979 1797 3626 1894">
    <p class='ocr_par' dir='ltr' id='par_1_33' title="bbox 1979 1813 3626 1883">
     <span class='ocr_line' id='line_1_33' title="bbox 1979 1813 3626 1883; baseline 0.003 -15"><span class='ocrx_word' id='word_1_231' title='bbox 1979 1813 2324 1882; x_wconf 88' lang='lat' dir='ltr'><strong>habeamus,</strong></span> <span class='ocrx_word' id='word_1_232' title='bbox 2348 1816 2433 1870; x_wconf 87' lang='lat' dir='ltr'><strong>sic</strong></span> <span class='ocrx_word' id='word_1_233' title='bbox 2462 1815 2696 1872; x_wconf 90' lang='lat' dir='ltr'><strong>invento</strong></span> <span class='ocrx_word' id='word_1_234' title='bbox 2722 1816 2998 1872; x_wconf 85' lang='lat' dir='ltr'><strong>sanitatis</strong></span> <span class='ocrx_word' id='word_1_235' title='bbox 3032 1817 3314 1872; x_wconf 66' lang='lat' dir='ltr'><strong>universae</strong></span> <span class='ocrx_word' id='word_1_236' title='bbox 3345 1819 3626 1883; x_wconf 87' lang='lat' dir='ltr'><strong>remedio,</strong></span> 
     </span>
    </p>
   </div>
   <div class='ocr_carea' id='block_1_34' title="bbox 194 1899 1867 1982">
    <p class='ocr_par' dir='ltr' id='par_1_34' title="bbox 194 1899 1867 1982">
     <span class='ocr_line' id='line_1_34' title="bbox 194 1899 1867 1982; baseline -0.006 -20"><span class='ocrx_word' id='word_1_237' title='bbox 194 1929 255 1962; x_wconf 88' lang='grc' dir='ltr'><strong>τε</strong></span> <span class='ocrx_word' id='word_1_238' title='bbox 322 1903 682 1974; x_wconf 78' lang='grc' dir='ltr'>παντοδαπῆς</span> <span class='ocrx_word' id='word_1_239' title='bbox 757 1904 1040 1982; x_wconf 79' lang='grc' dir='ltr'>φάρμακον</span> <span class='ocrx_word' id='word_1_240' title='bbox 1093 1901 1252 1956; x_wconf 84' lang='grc' dir='ltr'>αὐτὸν</span> <span class='ocrx_word' id='word_1_241' title='bbox 1313 1899 1729 1976; x_wconf 76' lang='grc' dir='ltr'>ἐξευρίσκοντες,</span> <span class='ocrx_word' id='word_1_242' title='bbox 1780 1914 1867 1967; x_wconf 71' lang='grc' dir='ltr'><strong>καὶ</strong></span> 
     </span>
    </p>
   </div>
   <div class='ocr_carea' id='block_1_35' title="bbox 1979 1899 3625 1982">
    <p class='ocr_par' dir='ltr' id='par_1_35' title="bbox 1980 1901 3625 1977">
     <span class='ocr_line' id='line_1_35' title="bbox 1980 1901 3625 1977; baseline 0.002 -18"><span class='ocrx_word' id='word_1_243' title='bbox 1980 1907 2037 1959; x_wconf 90' lang='lat' dir='ltr'><strong>et</strong></span> <span class='ocrx_word' id='word_1_244' title='bbox 2077 1901 2197 1960; x_wconf 88' lang='lat' dir='ltr'><strong>sole</strong></span> <span class='ocrx_word' id='word_1_245' title='bbox 2251 1903 2431 1960; x_wconf 88' lang='lat' dir='ltr'><strong>altero</strong></span> <span class='ocrx_word' id='word_1_246' title='bbox 2481 1905 2760 1961; x_wconf 82' lang='lat' dir='ltr'><strong>adversus</strong></span> <span class='ocrx_word' id='word_1_247' title='bbox 2809 1905 3001 1961; x_wconf 90' lang='lat' dir='ltr'><strong>omnis</strong></span> <span class='ocrx_word' id='word_1_248' title='bbox 3050 1905 3278 1977; x_wconf 84' lang='lat' dir='ltr'><strong>generis</strong></span> <span class='ocrx_word' id='word_1_249' title='bbox 3333 1906 3625 1976; x_wconf 84' lang='lat' dir='ltr'><strong>tenebras,</strong></span> 
     </span>
    </p>
   </div>
   <div class='ocr_carea' id='block_1_36' title="bbox 197 1988 1867 2067">
    <p class='ocr_par' dir='ltr' id='par_1_36' title="bbox 197 1988 1867 2067">
     <span class='ocr_line' id='line_1_36' title="bbox 197 1988 1867 2067; baseline -0.007 -15"><span class='ocrx_word' id='word_1_250' title='bbox 197 1995 356 2067; x_wconf 79' lang='grc' dir='ltr'>ἡλίῳ</span> <span class='ocrx_word' id='word_1_251' title='bbox 416 1992 475 2049; x_wconf 78' lang='grc' dir='ltr'>δὲ</span> <span class='ocrx_word' id='word_1_252' title='bbox 548 1993 843 2066; x_wconf 83' lang='grc' dir='ltr'>ἀντίμιμον</span> <span class='ocrx_word' id='word_1_253' title='bbox 902 1990 1038 2047; x_wconf 76' lang='grc' dir='ltr'>κατὰ</span> <span class='ocrx_word' id='word_1_254' title='bbox 1090 1989 1314 2052; x_wconf 83' lang='grc' dir='ltr'>σκότους</span> <span class='ocrx_word' id='word_1_255' title='bbox 1371 1988 1673 2044; x_wconf 84' lang='grc' dir='ltr'>παντοίου·</span> <span class='ocrx_word' id='word_1_256' title='bbox 1736 1988 1867 2064; x_wconf 82' lang='grc' dir='ltr'>ἅπερ</span> 
     </span>
    </p>
   </div>
   <div class='ocr_carea' id='block_1_37' title="bbox 1979 1988 3626 2067">
    <p class='ocr_par' dir='ltr' id='par_1_37' title="bbox 1979 1991 3626 2065">
     <span class='ocr_line' id='line_1_37' title="bbox 1979 1991 3626 2065; baseline 0.004 -20"><span class='ocrx_word' id='word_1_257' title='bbox 1979 2008 2103 2064; x_wconf 69' lang='lat' dir='ltr'><strong>quas</strong></span> <span class='ocrx_word' id='word_1_258' title='bbox 2135 1991 2288 2048; x_wconf 85' lang='lat' dir='ltr'><strong>bona</strong></span> <span class='ocrx_word' id='word_1_259' title='bbox 2315 1992 2462 2048; x_wconf 89' lang='lat' dir='ltr'><strong>nulli</strong></span> <span class='ocrx_word' id='word_1_260' title='bbox 2513 1993 2858 2049; x_wconf 81' lang='lat' dir='ltr'><strong>inferiorum</strong></span> <span class='ocrx_word' id='word_1_261' title='bbox 2890 2009 3200 2065; x_wconf 86' lang='lat' dir='ltr'><strong>corporum</strong></span> <span class='ocrx_word' id='word_1_262' title='bbox 3234 1994 3471 2050; x_wconf 89' lang='lat' dir='ltr'><strong>Creator</strong></span> <span class='ocrx_word' id='word_1_263' title='bbox 3521 2013 3626 2052; x_wconf 87' lang='lat' dir='ltr'><strong>na-</strong></span> 
     </span>
    </p>
   </div>
   <div class='ocr_carea' id='block_1_38' title="bbox 195 2074 1862 2159">
    <p class='ocr_par' dir='ltr' id='par_1_38' title="bbox 195 2074 1862 2159">
     <span class='ocr_line' id='line_1_38' title="bbox 195 2074 1862 2159; baseline -0.006 -20"><span class='ocrx_word' id='word_1_264' title='bbox 195 2083 380 2159; x_wconf 75' lang='grc' dir='ltr'>ἀγαθᾶ</span> <span class='ocrx_word' id='word_1_265' title='bbox 451 2079 628 2138; x_wconf 75' lang='grc' dir='ltr'>οὐδενὶ</span> <span class='ocrx_word' id='word_1_266' title='bbox 701 2085 809 2136; x_wconf 83' lang='grc' dir='ltr'>τῶν</span> <span class='ocrx_word' id='word_1_267' title='bbox 883 2081 1029 2135; x_wconf 77' lang='grc' dir='ltr'>κάτω</span> <span class='ocrx_word' id='word_1_268' title='bbox 1086 2078 1352 2153; x_wconf 85' lang='grc' dir='ltr'>σωμάτων</span> <span class='ocrx_word' id='word_1_269' title='bbox 1415 2079 1444 2132; x_wconf 87' lang='grc' dir='ltr'>ὁ</span> <span class='ocrx_word' id='word_1_270' title='bbox 1489 2080 1589 2142; x_wconf 82' lang='grc' dir='ltr'>τῆς</span> <span class='ocrx_word' id='word_1_271' title='bbox 1653 2074 1862 2154; x_wconf 88' lang='grc' dir='ltr'>φύσεως</span> 
     </span>
    </p>
   </div>
   <div class='ocr_carea' id='block_1_39' title="bbox 197 2164 1864 2246">
    <p class='ocr_par' dir='ltr' id='par_1_39' title="bbox 197 2164 1864 2246">
     <span class='ocr_line' id='line_1_39' title="bbox 197 2164 1864 2246; baseline -0.007 -17"><span class='ocrx_word' id='word_1_272' title='bbox 197 2172 557 2246; x_wconf 76' lang='grc' dir='ltr'>Δημιουργὸς</span> <span class='ocrx_word' id='word_1_273' title='bbox 587 2169 830 2243; x_wconf 73' lang='grc' dir='ltr'>ἀπέταξε.</span> <span class='ocrx_word' id='word_1_274' title='bbox 877 2166 1085 2225; x_wconf 81' lang='grc' dir='ltr'>Πολλαὶ</span> <span class='ocrx_word' id='word_1_275' title='bbox 1151 2167 1244 2240; x_wconf 77' lang='grc' dir='ltr'>μὲν</span> <span class='ocrx_word' id='word_1_276' title='bbox 1304 2166 1408 2242; x_wconf 79' lang='grc' dir='ltr'>γὰρ</span> <span class='ocrx_word' id='word_1_277' title='bbox 1463 2165 1516 2220; x_wconf 82' lang='grc' dir='ltr'><strong>έν</strong></span> <span class='ocrx_word' id='word_1_278' title='bbox 1568 2169 1646 2237; x_wconf 81' lang='grc' dir='ltr'>τῷ</span> <span class='ocrx_word' id='word_1_279' title='bbox 1670 2164 1864 2237; x_wconf 85' lang='grc' dir='ltr'>κόσμῳ</span> 
     </span>
    </p>
   </div>
   <div class='ocr_carea' id='block_1_40' title="bbox 192 2252 1863 2335">
    <p class='ocr_par' dir='ltr' id='par_1_40' title="bbox 192 2252 1863 2335">
     <span class='ocr_line' id='line_1_40' title="bbox 192 2252 1863 2335; baseline -0.007 -18"><span class='ocrx_word' id='word_1_280' title='bbox 192 2262 285 2318; x_wconf 79' lang='grc' dir='ltr'><strong>καὶ</strong></span> <span class='ocrx_word' id='word_1_281' title='bbox 348 2257 518 2315; x_wconf 74' lang='grc' dir='ltr'>ἄλλαι</span> <span class='ocrx_word' id='word_1_282' title='bbox 565 2257 917 2335; x_wconf 83' lang='grc' dir='ltr'>γλυκύτητες·</span> <span class='ocrx_word' id='word_1_283' title='bbox 955 2254 1144 2313; x_wconf 85' lang='grc' dir='ltr'>πολλά</span> <span class='ocrx_word' id='word_1_284' title='bbox 1174 2253 1232 2310; x_wconf 67' lang='grc' dir='ltr'>δὲ</span> <span class='ocrx_word' id='word_1_285' title='bbox 1273 2256 1361 2310; x_wconf 81' lang='grc' dir='ltr'><strong>καὶ</strong></span> <span class='ocrx_word' id='word_1_286' title='bbox 1423 2258 1596 2332; x_wconf 80' lang='grc' dir='ltr'>φῶτα,</span> <span class='ocrx_word' id='word_1_287' title='bbox 1649 2253 1718 2306; x_wconf 88' lang='grc' dir='ltr'><strong>τά</strong></span> <span class='ocrx_word' id='word_1_288' title='bbox 1769 2252 1863 2325; x_wconf 72' lang='grc' dir='ltr'>μὲν</span> 
     </span>
    </p>
   </div>
   <div class='ocr_carea' id='block_1_41' title="bbox 194 2338 1864 2422">
    <p class='ocr_par' dir='ltr' id='par_1_41' title="bbox 194 2338 1864 2422">
     <span class='ocr_line' id='line_1_41' title="bbox 194 2338 1864 2422; baseline -0.007 -17"><span class='ocrx_word' id='word_1_289' title='bbox 194 2350 485 2422; x_wconf 70' lang='grc' dir='ltr'>αὐτόματα</span> <span class='ocrx_word' id='word_1_290' title='bbox 512 2346 646 2402; x_wconf 86' lang='grc' dir='ltr'><strong>κατά</strong></span> <span class='ocrx_word' id='word_1_291' title='bbox 672 2369 724 2402; x_wconf 91' lang='grc' dir='ltr'><strong>τι</strong></span> <span class='ocrx_word' id='word_1_292' title='bbox 769 2345 1025 2415; x_wconf 78' lang='grc' dir='ltr'>αῒωνίζον</span> <span class='ocrx_word' id='word_1_293' title='bbox 1070 2343 1510 2422; x_wconf 83' lang='grc' dir='ltr'>διεκφαινόμενα,</span> <span class='ocrx_word' id='word_1_294' title='bbox 1541 2342 1608 2397; x_wconf 77' lang='grc' dir='ltr'><strong>τὰ</strong></span> <span class='ocrx_word' id='word_1_295' title='bbox 1660 2338 1718 2394; x_wconf 76' lang='grc' dir='ltr'>δὲ</span> <span class='ocrx_word' id='word_1_296' title='bbox 1773 2340 1864 2394; x_wconf 84' lang='grc' dir='ltr'><strong>καὶ</strong></span> 
     </span>
    </p>
   </div>
   <div class='ocr_carea' id='block_1_42' title="bbox 190 2427 1866 2513">
    <p class='ocr_par' dir='ltr' id='par_1_42' title="bbox 190 2427 1866 2513">
     <span class='ocr_line' id='line_1_42' title="bbox 190 2427 1866 2513; baseline -0.007 -19"><span class='ocrx_word' id='word_1_297' title='bbox 190 2435 337 2513; x_wconf 82' lang='grc' dir='ltr'>πρός</span> <span class='ocrx_word' id='word_1_298' title='bbox 421 2457 545 2492; x_wconf 89' lang='grc' dir='ltr'>τινα</span> <span class='ocrx_word' id='word_1_299' title='bbox 626 2432 839 2510; x_wconf 89' lang='grc' dir='ltr'>καιρόν.</span> <span class='ocrx_word' id='word_1_300' title='bbox 896 2438 1171 2490; x_wconf 86' lang='grc' dir='ltr'>Τοιοῦτον.</span> <span class='ocrx_word' id='word_1_301' title='bbox 1225 2431 1284 2488; x_wconf 85' lang='grc' dir='ltr'><strong>δέ</strong></span> <span class='ocrx_word' id='word_1_302' title='bbox 1337 2454 1390 2487; x_wconf 92' lang='grc' dir='ltr'><strong>τι</strong></span> <span class='ocrx_word' id='word_1_303' title='bbox 1449 2427 1604 2485; x_wconf 69' lang='grc' dir='ltr'>οὐδὲν</span> <span class='ocrx_word' id='word_1_304' title='bbox 1661 2429 1866 2507; x_wconf 86' lang='grc' dir='ltr'>πέφηνε</span> 
     </span>
    </p>
   </div>
   <div class='ocr_carea' id='block_1_43' title="bbox 196 2518 1861 2599">
    <p class='ocr_par' dir='ltr' id='par_1_43' title="bbox 196 2518 1861 2599">
     <span class='ocr_line' id='line_1_43' title="bbox 196 2518 1861 2599; baseline -0.005 -16"><span class='ocrx_word' id='word_1_305' title='bbox 196 2526 444 2599; x_wconf 80' lang='grc' dir='ltr'>δύασμα,</span> <span class='ocrx_word' id='word_1_306' title='bbox 478 2526 666 2580; x_wconf 88' lang='grc' dir='ltr'>ὁποῖον</span> <span class='ocrx_word' id='word_1_307' title='bbox 725 2527 805 2596; x_wconf 81' lang='grc' dir='ltr'>τῷ</span> <span class='ocrx_word' id='word_1_308' title='bbox 861 2521 1154 2595; x_wconf 87' lang='grc' dir='ltr'>μελισσείῳ</span> <span class='ocrx_word' id='word_1_309' title='bbox 1209 2519 1391 2595; x_wconf 87' lang='grc' dir='ltr'>κηρίῳ</span> <span class='ocrx_word' id='word_1_310' title='bbox 1449 2518 1861 2594; x_wconf 77' lang='grc' dir='ltr'>ἐντεθεώρηται.</span> 
     </span>
    </p>
   </div>
   <div class='ocr_carea' id='block_1_44' title="bbox 196 2606 1864 2689">
    <p class='ocr_par' dir='ltr' id='par_1_44' title="bbox 196 2606 1864 2689">
     <span class='ocr_line' id='line_1_44' title="bbox 196 2606 1864 2689; baseline -0.008 -17"><span class='ocrx_word' id='word_1_311' title='bbox 196 2614 442 2676; x_wconf 78' lang='grc' dir='ltr'>Μέλιτός</span> <span class='ocrx_word' id='word_1_312' title='bbox 470 2635 528 2668; x_wconf 90' lang='grc' dir='ltr'><strong>τε</strong></span> <span class='ocrx_word' id='word_1_313' title='bbox 557 2613 657 2689; x_wconf 82' lang='grc' dir='ltr'><strong>γὰρ</strong></span> <span class='ocrx_word' id='word_1_314' title='bbox 690 2611 1006 2687; x_wconf 75' lang='grc' dir='ltr'>γλυκύτητα</span> <span class='ocrx_word' id='word_1_315' title='bbox 1045 2610 1128 2672; x_wconf 84' lang='grc' dir='ltr'><strong>τίς</strong></span> <span class='ocrx_word' id='word_1_316' title='bbox 1179 2606 1504 2685; x_wconf 86' lang='grc' dir='ltr'>ἀναγγελεῖ;</span> <span class='ocrx_word' id='word_1_317' title='bbox 1541 2606 1633 2662; x_wconf 83' lang='grc' dir='ltr'>καὶ</span> <span class='ocrx_word' id='word_1_318' title='bbox 1689 2609 1864 2682; x_wconf 86' lang='grc' dir='ltr'>κηροῦ</span> 
     </span>
    </p>
   </div>
   <div class='ocr_carea' id='block_1_45' title="bbox 197 2695 1864 2782">
    <p class='ocr_par' dir='ltr' id='par_1_45' title="bbox 197 2695 1864 2782">
     <span class='ocr_line' id='line_1_45' title="bbox 197 2695 1864 2782; baseline -0.007 -22"><span class='ocrx_word' id='word_1_319' title='bbox 197 2703 257 2760; x_wconf 73' lang='grc' dir='ltr'>δὲ</span> <span class='ocrx_word' id='word_1_320' title='bbox 283 2708 403 2782; x_wconf 78' lang='grc' dir='ltr'><strong>φῶς</strong></span> <span class='ocrx_word' id='word_1_321' title='bbox 421 2701 506 2764; x_wconf 86' lang='grc' dir='ltr'><strong>τίς</strong></span> <span class='ocrx_word' id='word_1_322' title='bbox 539 2701 599 2755; x_wconf 75' lang='grc' dir='ltr'><strong>ἂν</strong></span> <span class='ocrx_word' id='word_1_323' title='bbox 633 2700 792 2773; x_wconf 77' lang='grc' dir='ltr'>ἀξίως</span> <span class='ocrx_word' id='word_1_324' title='bbox 842 2700 1241 2772; x_wconf 84' lang='grc' dir='ltr'>ἀποσεμνυνεῖ;</span> <span class='ocrx_word' id='word_1_325' title='bbox 1284 2700 1454 2761; x_wconf 80' lang='grc' dir='ltr'>Ἔνθα</span> <span class='ocrx_word' id='word_1_326' title='bbox 1508 2695 1597 2750; x_wconf 82' lang='grc' dir='ltr'><strong>καὶ</strong></span> <span class='ocrx_word' id='word_1_327' title='bbox 1659 2695 1864 2768; x_wconf 83' lang='grc' dir='ltr'>μυστή-</span> 
     </span>
    </p>
   </div>
   <div class='ocr_carea' id='block_1_46' title="bbox 198 2783 1864 2869">
    <p class='ocr_par' dir='ltr' id='par_1_46' title="bbox 198 2783 1864 2869">
     <span class='ocr_line' id='line_1_46' title="bbox 198 2783 1864 2869; baseline -0.005 -22"><span class='ocrx_word' id='word_1_328' title='bbox 198 2813 319 2869; x_wconf 87' lang='grc' dir='ltr'>ριον</span> <span class='ocrx_word' id='word_1_329' title='bbox 383 2790 523 2864; x_wconf 77' lang='grc' dir='ltr'>μέγα</span> <span class='ocrx_word' id='word_1_330' title='bbox 569 2794 686 2852; x_wconf 88' lang='grc' dir='ltr'>τοῖς</span> <span class='ocrx_word' id='word_1_331' title='bbox 731 2788 868 2843; x_wconf 88' lang='grc' dir='ltr'><strong>κατά</strong></span> <span class='ocrx_word' id='word_1_332' title='bbox 914 2788 1041 2842; x_wconf 84' lang='grc' dir='ltr'>Θεὸν</span> <span class='ocrx_word' id='word_1_333' title='bbox 1081 2787 1288 2863; x_wconf 85' lang='grc' dir='ltr'>βιοῦσιν</span> <span class='ocrx_word' id='word_1_334' title='bbox 1334 2783 1648 2860; x_wconf 83' lang='grc' dir='ltr'>ένδομυχεῖ.</span> <span class='ocrx_word' id='word_1_335' title='bbox 1684 2783 1864 2857; x_wconf 88' lang='grc' dir='ltr'>Κηρός</span> 
     </span>
    </p>
   </div>
   <div class='ocr_carea' id='block_1_47' title="bbox 195 2870 1866 2956">
    <p class='ocr_par' dir='ltr' id='par_1_47' title="bbox 195 2870 1866 2956">
     <span class='ocr_line' id='line_1_47' title="bbox 195 2870 1866 2956; baseline -0.007 -19"><span class='ocrx_word' id='word_1_336' title='bbox 195 2903 259 2937; x_wconf 88' lang='grc' dir='ltr'><strong>τε</strong></span> <span class='ocrx_word' id='word_1_337' title='bbox 287 2880 398 2956; x_wconf 78' lang='grc' dir='ltr'><strong>γὰρ</strong></span> <span class='ocrx_word' id='word_1_338' title='bbox 427 2879 800 2951; x_wconf 76' lang='grc' dir='ltr'>ἀναπτόμενος</span> <span class='ocrx_word' id='word_1_339' title='bbox 831 2876 906 2938; x_wconf 87' lang='grc' dir='ltr'><strong>εἰς</strong></span> <span class='ocrx_word' id='word_1_340' title='bbox 953 2881 1069 2954; x_wconf 83' lang='grc' dir='ltr'>φῶς</span> <span class='ocrx_word' id='word_1_341' title='bbox 1119 2877 1147 2931; x_wconf 84' lang='grc' dir='ltr'>ὁ</span> <span class='ocrx_word' id='word_1_342' title='bbox 1197 2873 1328 2939; x_wconf 80' lang='grc' dir='ltr'>ὅλος</span> <span class='ocrx_word' id='word_1_343' title='bbox 1373 2873 1680 2941; x_wconf 79' lang='grc' dir='ltr'>ἀναλύεται,</span> <span class='ocrx_word' id='word_1_344' title='bbox 1715 2870 1866 2927; x_wconf 81' lang='grc' dir='ltr'>οὐδέν</span> 
     </span>
    </p>
   </div>
   <div class='ocr_carea' id='block_1_48' title="bbox 197 2956 1862 3042">
    <p class='ocr_par' dir='ltr' id='par_1_48' title="bbox 197 2956 1862 3042">
     <span class='ocr_line' id='line_1_48' title="bbox 197 2956 1862 3042; baseline -0.005 -18"><span class='ocrx_word' id='word_1_345' title='bbox 197 2991 253 3024; x_wconf 88' lang='grc' dir='ltr'><strong>τι</strong></span> <span class='ocrx_word' id='word_1_346' title='bbox 317 2973 549 3042; x_wconf 84' lang='grc' dir='ltr'>σημεῖον</span> <span class='ocrx_word' id='word_1_347' title='bbox 604 2964 998 3042; x_wconf 80' lang='grc' dir='ltr'>έγκαταλεῖπον</span> <span class='ocrx_word' id='word_1_348' title='bbox 1057 2965 1250 3020; x_wconf 71' lang='grc' dir='ltr'>ἑαυτοῦ</span> <span class='ocrx_word' id='word_1_349' title='bbox 1311 2965 1446 3037; x_wconf 83' lang='grc' dir='ltr'><strong>μετά</strong></span> <span class='ocrx_word' id='word_1_350' title='bbox 1499 2965 1597 3032; x_wconf 76' lang='grc' dir='ltr'>τὴν</span> <span class='ocrx_word' id='word_1_351' title='bbox 1651 2956 1862 3016; x_wconf 73' lang='grc' dir='ltr'>σϐέσιν·</span> 
     </span>
    </p>
   </div>
   <div class='ocr_carea' id='block_1_49' title="bbox 204 3048 1865 3134">
    <p class='ocr_par' dir='ltr' id='par_1_49' title="bbox 204 3048 1865 3134">
     <span class='ocr_line' id='line_1_49' title="bbox 204 3048 1865 3134; baseline -0.006 -20"><span class='ocrx_word' id='word_1_352' title='bbox 204 3057 332 3114; x_wconf 72' lang='grc' dir='ltr'>οὕτε</span> <span class='ocrx_word' id='word_1_353' title='bbox 367 3058 470 3132; x_wconf 78' lang='grc' dir='ltr'><strong>γὰρ</strong></span> <span class='ocrx_word' id='word_1_354' title='bbox 499 3057 720 3134; x_wconf 85' lang='grc' dir='ltr'>τέφραν,</span> <span class='ocrx_word' id='word_1_355' title='bbox 753 3051 877 3110; x_wconf 66' lang='grc' dir='ltr'>οὔτε</span> <span class='ocrx_word' id='word_1_356' title='bbox 904 3075 956 3108; x_wconf 92' lang='grc' dir='ltr'><strong>τι</strong></span> <span class='ocrx_word' id='word_1_357' title='bbox 1005 3053 1284 3127; x_wconf 85' lang='grc' dir='ltr'>κάπνισμα</span> <span class='ocrx_word' id='word_1_358' title='bbox 1330 3052 1422 3107; x_wconf 77' lang='grc' dir='ltr'>σὺν</span> <span class='ocrx_word' id='word_1_359' title='bbox 1480 3056 1558 3125; x_wconf 79' lang='grc' dir='ltr'>τῷ</span> <span class='ocrx_word' id='word_1_360' title='bbox 1619 3048 1760 3124; x_wconf 89' lang='grc' dir='ltr'>μηδέ</span> <span class='ocrx_word' id='word_1_361' title='bbox 1813 3071 1865 3105; x_wconf 89' lang='grc' dir='ltr'><strong>τι</strong></span> 
     </span>
    </p>
   </div>
   <div class='ocr_carea' id='block_1_50' title="bbox 204 3139 1866 3223">
    <p class='ocr_par' dir='ltr' id='par_1_50' title="bbox 204 3139 1866 3223">
     <span class='ocr_line' id='line_1_50' title="bbox 204 3139 1866 3223; baseline -0.005 -21"><span class='ocrx_word' id='word_1_362' title='bbox 204 3143 485 3220; x_wconf 85' lang='grc' dir='ltr'>δύσοδμον</span> <span class='ocrx_word' id='word_1_363' title='bbox 529 3145 836 3223; x_wconf 83' lang='grc' dir='ltr'>ἀποφέρειν.</span> <span class='ocrx_word' id='word_1_364' title='bbox 893 3143 988 3198; x_wconf 85' lang='grc' dir='ltr'>Καὶ</span> <span class='ocrx_word' id='word_1_365' title='bbox 1043 3140 1326 3218; x_wconf 71' lang='grc' dir='ltr'>ἅνθρωπος</span> <span class='ocrx_word' id='word_1_366' title='bbox 1359 3139 1416 3196; x_wconf 72' lang='grc' dir='ltr'>δὲ</span> <span class='ocrx_word' id='word_1_367' title='bbox 1469 3141 1569 3210; x_wconf 76' lang='grc' dir='ltr'>τὴν</span> <span class='ocrx_word' id='word_1_368' title='bbox 1624 3159 1866 3212; x_wconf 88' lang='grc' dir='ltr'>πνευμα-</span> 
     </span>
    </p>
   </div>
   <div class='ocr_carea' id='block_1_51' title="bbox 202 3229 1864 3311">
    <p class='ocr_par' dir='ltr' id='par_1_51' title="bbox 202 3229 1864 3311">
     <span class='ocr_line' id='line_1_51' title="bbox 202 3229 1864 3311; baseline -0.005 -20"><span class='ocrx_word' id='word_1_369' title='bbox 202 3236 368 3305; x_wconf 79' lang='grc' dir='ltr'>τικὴν</span> <span class='ocrx_word' id='word_1_370' title='bbox 425 3233 623 3311; x_wconf 84' lang='grc' dir='ltr'>κουράν</span> <span class='ocrx_word' id='word_1_371' title='bbox 663 3230 898 3304; x_wconf 84' lang='grc' dir='ltr'>τέλειος,</span> <span class='ocrx_word' id='word_1_372' title='bbox 931 3233 1070 3287; x_wconf 81' lang='grc' dir='ltr'><strong>καθά</strong></span> <span class='ocrx_word' id='word_1_373' title='bbox 1125 3229 1413 3304; x_wconf 84' lang='grc' dir='ltr'>ἐκύρωσεν,</span> <span class='ocrx_word' id='word_1_374' title='bbox 1447 3229 1523 3292; x_wconf 69' lang='grc' dir='ltr'><strong>εἴς</strong></span> <span class='ocrx_word' id='word_1_375' title='bbox 1581 3233 1698 3307; x_wconf 82' lang='grc' dir='ltr'><strong>φῶς</strong></span> <span class='ocrx_word' id='word_1_376' title='bbox 1744 3229 1864 3283; x_wconf 83' lang='grc' dir='ltr'>έαυ-</span> 
     </span>
    </p>
   </div>
   <div class='ocr_carea' id='block_1_52' title="bbox 1975 2079 3624 2138">
    <p class='ocr_par' dir='ltr' id='par_1_52' title="bbox 1975 2079 3624 2138">
     <span class='ocr_line' id='line_1_52' title="bbox 1975 2079 3624 2138; baseline 0.004 -6"><span class='ocrx_word' id='word_1_377' title='bbox 1975 2082 2120 2133; x_wconf 68' lang='grc' dir='ltr'>ῐυῐιω</span> <span class='ocrx_word' id='word_1_378' title='bbox 2150 2079 2460 2134; x_wconf 85' lang='lat' dir='ltr'><strong>concessit.</strong></span> <span class='ocrx_word' id='word_1_379' title='bbox 2491 2079 2677 2136; x_wconf 91' lang='lat' dir='ltr'><strong>Multa</strong></span> <span class='ocrx_word' id='word_1_380' title='bbox 2714 2080 2872 2136; x_wconf 88' lang='lat' dir='ltr'><strong>enim</strong></span> <span class='ocrx_word' id='word_1_381' title='bbox 2923 2079 3038 2135; x_wconf 89' lang='lat' dir='ltr'><strong>alia</strong></span> <span class='ocrx_word' id='word_1_382' title='bbox 3084 2080 3279 2136; x_wconf 89' lang='lat' dir='ltr'><strong>dulcia</strong></span> <span class='ocrx_word' id='word_1_383' title='bbox 3308 2082 3368 2136; x_wconf 90' lang='lat' dir='ltr'><strong>in</strong></span> <span class='ocrx_word' id='word_1_384' title='bbox 3403 2083 3624 2138; x_wconf 90' lang='lat' dir='ltr'><strong>mundo</strong></span> 
     </span>
    </p>
   </div>
   <div class='ocr_carea' id='block_1_53' title="bbox 1973 2168 3623 2242">
    <p class='ocr_par' dir='ltr' id='par_1_53' title="bbox 1973 2168 3623 2242">
     <span class='ocr_line' id='line_1_53' title="bbox 1973 2168 3623 2242; baseline 0.001 -19"><span class='ocrx_word' id='word_1_385' title='bbox 1973 2172 2132 2238; x_wconf 88' lang='lat' dir='ltr'><strong>sunt,</strong></span> <span class='ocrx_word' id='word_1_386' title='bbox 2166 2168 2353 2224; x_wconf 87' lang='lat' dir='ltr'><strong>multa</strong></span> <span class='ocrx_word' id='word_1_387' title='bbox 2381 2169 2558 2224; x_wconf 88' lang='lat' dir='ltr'><strong>etiam</strong></span> <span class='ocrx_word' id='word_1_388' title='bbox 2589 2169 2835 2240; x_wconf 87' lang='lat' dir='ltr'><strong>lumina,</strong></span> <span class='ocrx_word' id='word_1_389' title='bbox 2864 2169 3046 2226; x_wconf 86' lang='lat' dir='ltr'><strong>altera</strong></span> <span class='ocrx_word' id='word_1_390' title='bbox 3076 2175 3461 2242; x_wconf 88' lang='lat' dir='ltr'><strong>spontaneam</strong></span> <span class='ocrx_word' id='word_1_391' title='bbox 3495 2188 3623 2242; x_wconf 89' lang='lat' dir='ltr'><strong>per-</strong></span> 
     </span>
    </p>
   </div>
   <div class='ocr_carea' id='block_1_54' title="bbox 1973 2257 3624 2331">
    <p class='ocr_par' dir='ltr' id='par_1_54' title="bbox 1973 2257 3624 2331">
     <span class='ocr_line' id='line_1_54' title="bbox 1973 2257 3624 2331; baseline 0.002 -19"><span class='ocrx_word' id='word_1_392' title='bbox 1973 2261 2328 2329; x_wconf 83' lang='lat' dir='ltr'><strong>petuamque</strong></span> <span class='ocrx_word' id='word_1_393' title='bbox 2385 2257 2573 2312; x_wconf 89' lang='lat' dir='ltr'><strong>lucem</strong></span> <span class='ocrx_word' id='word_1_394' title='bbox 2632 2258 2986 2325; x_wconf 88' lang='lat' dir='ltr'><strong>emittentia,</strong></span> <span class='ocrx_word' id='word_1_395' title='bbox 3035 2257 3219 2314; x_wconf 88' lang='lat' dir='ltr'><strong>altera</strong></span> <span class='ocrx_word' id='word_1_396' title='bbox 3269 2260 3339 2314; x_wconf 86' lang='lat' dir='ltr'><strong>ad</strong></span> <span class='ocrx_word' id='word_1_397' title='bbox 3392 2265 3624 2331; x_wconf 86' lang='lat' dir='ltr'><strong>tempus</strong></span> 
     </span>
    </p>
   </div>
   <div class='ocr_carea' id='block_1_55' title="bbox 1973 2344 3622 2419">
    <p class='ocr_par' dir='ltr' id='par_1_55' title="bbox 1973 2344 3622 2419">
     <span class='ocr_line' id='line_1_55' title="bbox 1973 2344 3622 2419; baseline 0.003 -19"><span class='ocrx_word' id='word_1_398' title='bbox 1973 2344 2276 2418; x_wconf 73' lang='lat' dir='ltr'><strong>fulgentia.</strong></span> <span class='ocrx_word' id='word_1_399' title='bbox 2309 2345 2510 2401; x_wconf 88' lang='lat' dir='ltr'><strong>Simile</strong></span> <span class='ocrx_word' id='word_1_400' title='bbox 2542 2346 2701 2402; x_wconf 88' lang='lat' dir='ltr'><strong>aliud</strong></span> <span class='ocrx_word' id='word_1_401' title='bbox 2735 2347 2948 2419; x_wconf 86' lang='lat' dir='ltr'><strong>duplex</strong></span> <span class='ocrx_word' id='word_1_402' title='bbox 2980 2349 3358 2403; x_wconf 87' lang='lat' dir='ltr'><strong>commodum</strong></span> <span class='ocrx_word' id='word_1_403' title='bbox 3391 2349 3622 2405; x_wconf 89' lang='lat' dir='ltr'><strong>nullum</strong></span> 
     </span>
    </p>
   </div>
   <div class='ocr_carea' id='block_1_56' title="bbox 1972 2434 3622 2501">
    <p class='ocr_par' dir='ltr' id='par_1_56' title="bbox 1972 2434 3622 2501">
     <span class='ocr_line' id='line_1_56' title="bbox 1972 2434 3622 2501; baseline 0.001 -11"><span class='ocrx_word' id='word_1_404' title='bbox 1972 2439 2084 2501; x_wconf 90' lang='lat' dir='ltr'><strong>est,</strong></span> <span class='ocrx_word' id='word_1_405' title='bbox 2116 2435 2271 2490; x_wconf 89' lang='lat' dir='ltr'><strong>sicut</strong></span> <span class='ocrx_word' id='word_1_406' title='bbox 2316 2434 2376 2490; x_wconf 93' lang='lat' dir='ltr'><strong>in</strong></span> <span class='ocrx_word' id='word_1_407' title='bbox 2416 2451 2549 2491; x_wconf 88' lang='lat' dir='ltr'><strong>cera</strong></span> <span class='ocrx_word' id='word_1_408' title='bbox 2606 2435 2815 2492; x_wconf 83' lang='lat' dir='ltr'><strong>mellea</strong></span> <span class='ocrx_word' id='word_1_409' title='bbox 2871 2436 3184 2492; x_wconf 89' lang='lat' dir='ltr'><strong>invenitur.</strong></span> <span class='ocrx_word' id='word_1_410' title='bbox 3220 2437 3408 2494; x_wconf 89' lang='lat' dir='ltr'><strong>Mellis</strong></span> <span class='ocrx_word' id='word_1_411' title='bbox 3465 2438 3622 2494; x_wconf 88' lang='lat' dir='ltr'><strong>enim</strong></span> 
     </span>
    </p>
   </div>
   <div class='ocr_carea' id='block_1_57' title="bbox 1973 2523 3622 2598">
    <p class='ocr_par' dir='ltr' id='par_1_57' title="bbox 1973 2523 3622 2598">
     <span class='ocr_line' id='line_1_57' title="bbox 1973 2523 3622 2598; baseline 0.003 -21"><span class='ocrx_word' id='word_1_412' title='bbox 1973 2523 2342 2578; x_wconf 87' lang='lat' dir='ltr'><strong>dulcedinem</strong></span> <span class='ocrx_word' id='word_1_413' title='bbox 2375 2524 2516 2596; x_wconf 91' lang='lat' dir='ltr'><strong>quid</strong></span> <span class='ocrx_word' id='word_1_414' title='bbox 2568 2530 2762 2596; x_wconf 84' lang='lat' dir='ltr'><strong>aequat</strong></span> <span class='ocrx_word' id='word_1_415' title='bbox 2784 2525 2811 2580; x_wconf 86' lang='lat'><strong>?</strong></span> <span class='ocrx_word' id='word_1_416' title='bbox 2843 2526 3067 2582; x_wconf 91' lang='lat' dir='ltr'><strong>Lumen</strong></span> <span class='ocrx_word' id='word_1_417' title='bbox 3109 2543 3251 2582; x_wconf 64' lang='lat' dir='ltr'><strong>cera</strong></span> <span class='ocrx_word' id='word_1_418' title='bbox 3286 2527 3420 2598; x_wconf 89' lang='lat' dir='ltr'><strong>quis</strong></span> <span class='ocrx_word' id='word_1_419' title='bbox 3447 2527 3622 2598; x_wconf 83' lang='lat' dir='ltr'><strong>digne</strong></span> 
     </span>
    </p>
   </div>
   <div class='ocr_carea' id='block_1_58' title="bbox 1973 2610 3622 2687">
    <p class='ocr_par' dir='ltr' id='par_1_58' title="bbox 1973 2610 3622 2687">
     <span class='ocr_line' id='line_1_58' title="bbox 1973 2610 3622 2687; baseline 0.001 -20"><span class='ocrx_word' id='word_1_420' title='bbox 1973 2610 2324 2667; x_wconf 65' lang='lat' dir='ltr'><strong>aemulatur?</strong></span> <span class='ocrx_word' id='word_1_421' title='bbox 2353 2612 2435 2666; x_wconf 94' lang='lat' dir='ltr'><strong>Ibi</strong></span> <span class='ocrx_word' id='word_1_422' title='bbox 2466 2611 2609 2667; x_wconf 83' lang='lat' dir='ltr'><strong>latet</strong></span> <span class='ocrx_word' id='word_1_423' title='bbox 2645 2612 2824 2668; x_wconf 88' lang='lat' dir='ltr'><strong>etiam</strong></span> <span class='ocrx_word' id='word_1_424' title='bbox 2857 2613 3203 2687; x_wconf 81' lang='lat' dir='ltr'><strong>mysterium</strong></span> <span class='ocrx_word' id='word_1_425' title='bbox 3237 2631 3518 2687; x_wconf 89' lang='lat' dir='ltr'><strong>magnum</strong></span> <span class='ocrx_word' id='word_1_426' title='bbox 3549 2615 3622 2669; x_wconf 86' lang='lat' dir='ltr'><strong>iis</strong></span> 
     </span>
    </p>
   </div>
   <div class='ocr_carea' id='block_1_59' title="bbox 1974 2699 3625 2771">
    <p class='ocr_par' dir='ltr' id='par_1_59' title="bbox 1974 2699 3625 2771">
     <span class='ocr_line' id='line_1_59' title="bbox 1974 2699 3625 2771; baseline 0.003 -17"><span class='ocrx_word' id='word_1_427' title='bbox 1974 2699 2076 2771; x_wconf 90' lang='lat' dir='ltr'><strong>qui</strong></span> <span class='ocrx_word' id='word_1_428' title='bbox 2123 2700 2451 2755; x_wconf 88' lang='lat' dir='ltr'><strong>secundum</strong></span> <span class='ocrx_word' id='word_1_429' title='bbox 2503 2705 2680 2756; x_wconf 90' lang='lat' dir='ltr'><strong>Deum</strong></span> <span class='ocrx_word' id='word_1_430' title='bbox 2729 2701 2950 2758; x_wconf 90' lang='lat' dir='ltr'><strong>vivunt.</strong></span> <span class='ocrx_word' id='word_1_431' title='bbox 2983 2702 3123 2758; x_wconf 87' lang='lat' dir='ltr'><strong>Cera</strong></span> <span class='ocrx_word' id='word_1_432' title='bbox 3175 2703 3330 2758; x_wconf 90' lang='lat' dir='ltr'><strong>enim</strong></span> <span class='ocrx_word' id='word_1_433' title='bbox 3379 2719 3625 2759; x_wconf 89' lang='lat' dir='ltr'><strong>accensa</strong></span> 
     </span>
    </p>
   </div>
   <div class='ocr_carea' id='block_1_60' title="bbox 1974 2788 3624 2864">
    <p class='ocr_par' dir='ltr' id='par_1_60' title="bbox 1974 2788 3624 2864">
     <span class='ocr_line' id='line_1_60' title="bbox 1974 2788 3624 2864; baseline 0.004 -22"><span class='ocrx_word' id='word_1_434' title='bbox 1974 2789 2043 2843; x_wconf 88' lang='lat' dir='ltr'><strong>ad</strong></span> <span class='ocrx_word' id='word_1_435' title='bbox 2075 2788 2392 2844; x_wconf 90' lang='lat' dir='ltr'><strong>lucendum</strong></span> <span class='ocrx_word' id='word_1_436' title='bbox 2422 2794 2547 2845; x_wconf 89' lang='lat' dir='ltr'><strong>tota</strong></span> <span class='ocrx_word' id='word_1_437' title='bbox 2575 2791 2964 2861; x_wconf 84' lang='lat' dir='ltr'><strong>consumitur,</strong></span> <span class='ocrx_word' id='word_1_438' title='bbox 2997 2792 3346 2864; x_wconf 90' lang='lat' dir='ltr'><strong>nullumque</strong></span> <span class='ocrx_word' id='word_1_439' title='bbox 3377 2792 3469 2847; x_wconf 91' lang='lat' dir='ltr'><strong>sui</strong></span> <span class='ocrx_word' id='word_1_440' title='bbox 3496 2809 3624 2848; x_wconf 88' lang='lat' dir='ltr'><strong>ves-</strong></span> 
     </span>
    </p>
   </div>
   <div class='ocr_carea' id='block_1_61' title="bbox 1973 2876 3623 2953">
    <p class='ocr_par' dir='ltr' id='par_1_61' title="bbox 1973 2876 3623 2953">
     <span class='ocr_line' id='line_1_61' title="bbox 1973 2876 3623 2953; baseline 0.004 -22"><span class='ocrx_word' id='word_1_441' title='bbox 1973 2876 2183 2949; x_wconf 89' lang='lat' dir='ltr'><strong>tigium</strong></span> <span class='ocrx_word' id='word_1_442' title='bbox 2216 2882 2348 2950; x_wconf 90' lang='lat' dir='ltr'><strong>post</strong></span> <span class='ocrx_word' id='word_1_443' title='bbox 2377 2880 2790 2934; x_wconf 89' lang='lat' dir='ltr'><strong>cremationem</strong></span> <span class='ocrx_word' id='word_1_444' title='bbox 2827 2880 3126 2951; x_wconf 87' lang='lat' dir='ltr'><strong>relinquit,</strong></span> <span class='ocrx_word' id='word_1_445' title='bbox 3157 2899 3346 2953; x_wconf 90' lang='lat' dir='ltr'><strong>neque</strong></span> <span class='ocrx_word' id='word_1_446' title='bbox 3377 2883 3623 2949; x_wconf 90' lang='lat' dir='ltr'><strong>cineres,</strong></span> 
     </span>
    </p>
   </div>
   <div class='ocr_carea' id='block_1_62' title="bbox 1973 2966 3620 3041">
    <p class='ocr_par' dir='ltr' id='par_1_62' title="bbox 1973 2966 3620 3041">
     <span class='ocr_line' id='line_1_62' title="bbox 1973 2966 3620 3041; baseline 0.002 -21"><span class='ocrx_word' id='word_1_447' title='bbox 1973 2982 2164 3037; x_wconf 91' lang='lat' dir='ltr'><strong>neque</strong></span> <span class='ocrx_word' id='word_1_448' title='bbox 2221 2966 2472 3033; x_wconf 89' lang='lat' dir='ltr'><strong>fumum,</strong></span> <span class='ocrx_word' id='word_1_449' title='bbox 2514 2985 2698 3038; x_wconf 86' lang='lat' dir='ltr'><strong>neque</strong></span> <span class='ocrx_word' id='word_1_450' title='bbox 2755 2967 3010 3040; x_wconf 89' lang='lat' dir='ltr'><strong>aliquem</strong></span> <span class='ocrx_word' id='word_1_451' title='bbox 3067 2970 3309 3026; x_wconf 80' lang='lat' dir='ltr'><strong>fetorem</strong></span> <span class='ocrx_word' id='word_1_452' title='bbox 3369 2971 3620 3041; x_wconf 88' lang='lat' dir='ltr'><strong>reponit.</strong></span> 
     </span>
    </p>
   </div>
   <div class='ocr_carea' id='block_1_63' title="bbox 1973 3055 3625 3130">
    <p class='ocr_par' dir='ltr' id='par_1_63' title="bbox 1973 3055 3625 3130">
     <span class='ocr_line' id='line_1_63' title="bbox 1973 3055 3625 3130; baseline 0.002 -21"><span class='ocrx_word' id='word_1_453' title='bbox 1973 3055 2186 3110; x_wconf 88' lang='lat' dir='ltr'><strong>Eodem</strong></span> <span class='ocrx_word' id='word_1_454' title='bbox 2221 3057 2394 3111; x_wconf 91' lang='lat' dir='ltr'><strong>modo</strong></span> <span class='ocrx_word' id='word_1_455' title='bbox 2425 3055 2600 3112; x_wconf 92' lang='lat' dir='ltr'><strong>homo</strong></span> <span class='ocrx_word' id='word_1_456' title='bbox 2647 3056 2972 3130; x_wconf 83' lang='lat' dir='ltr'><strong>spiritualis</strong></span> <span class='ocrx_word' id='word_1_457' title='bbox 3020 3063 3266 3114; x_wconf 87' lang='lat' dir='ltr'><strong>tonsura</strong></span> <span class='ocrx_word' id='word_1_458' title='bbox 3316 3075 3625 3115; x_wconf 85' lang='lat' dir='ltr'><strong>consecra-</strong></span> 
     </span>
    </p>
   </div>
   <div class='ocr_carea' id='block_1_64' title="bbox 1973 3143 3623 3217">
    <p class='ocr_par' dir='ltr' id='par_1_64' title="bbox 1973 3143 3623 3217">
     <span class='ocr_line' id='line_1_64' title="bbox 1973 3143 3623 3217; baseline 0.003 -20"><span class='ocrx_word' id='word_1_459' title='bbox 1973 3147 2092 3210; x_wconf 92' lang='lat' dir='ltr'><strong>tus,</strong></span> <span class='ocrx_word' id='word_1_460' title='bbox 2125 3143 2277 3198; x_wconf 88' lang='lat' dir='ltr'><strong>sicut</strong></span> <span class='ocrx_word' id='word_1_461' title='bbox 2325 3145 2614 3216; x_wconf 85' lang='lat' dir='ltr'><strong>promisit,</strong></span> <span class='ocrx_word' id='word_1_462' title='bbox 2648 3146 2908 3217; x_wconf 86' lang='lat' dir='ltr'><strong>seipsum</strong></span> <span class='ocrx_word' id='word_1_463' title='bbox 2941 3147 3012 3202; x_wconf 88' lang='lat' dir='ltr'><strong>ad</strong></span> <span class='ocrx_word' id='word_1_464' title='bbox 3059 3148 3375 3202; x_wconf 90' lang='lat' dir='ltr'><strong>lucendum</strong></span> <span class='ocrx_word' id='word_1_465' title='bbox 3421 3164 3623 3202; x_wconf 85' lang='lat' dir='ltr'><strong>accen-</strong></span> 
     </span>
    </p>
   </div>
   <div class='ocr_carea' id='block_1_65' title="bbox 1975 3231 3624 3306">
    <p class='ocr_par' dir='ltr' id='par_1_65' title="bbox 1975 3231 3624 3306">
     <span class='ocr_line' id='line_1_65' title="bbox 1975 3231 3624 3306; baseline 0.001 -20"><span class='ocrx_word' id='word_1_466' title='bbox 1975 3231 2080 3297; x_wconf 88' lang='lat' dir='ltr'><strong>dit,</strong></span> <span class='ocrx_word' id='word_1_467' title='bbox 2114 3232 2307 3287; x_wconf 89' lang='lat' dir='ltr'><strong>volatu</strong></span> <span class='ocrx_word' id='word_1_468' title='bbox 2343 3233 2514 3288; x_wconf 89' lang='lat' dir='ltr'><strong>celeri</strong></span> <span class='ocrx_word' id='word_1_469' title='bbox 2559 3235 2628 3288; x_wconf 92' lang='lat' dir='ltr'><strong>ad</strong></span> <span class='ocrx_word' id='word_1_470' title='bbox 2681 3236 2859 3289; x_wconf 90' lang='lat' dir='ltr'><strong>Deum</strong></span> <span class='ocrx_word' id='word_1_471' title='bbox 2891 3235 3160 3304; x_wconf 78' lang='lat' dir='ltr'><strong>tendens,</strong></span> <span class='ocrx_word' id='word_1_472' title='bbox 3195 3235 3384 3306; x_wconf 90' lang='lat' dir='ltr'><strong>primo</strong></span> <span class='ocrx_word' id='word_1_473' title='bbox 3416 3234 3624 3290; x_wconf 88' lang='lat' dir='ltr'><strong>lumini</strong></span> 
     </span>
    </p>
   </div>
   <div class='ocr_carea' id='block_1_66' title="bbox 203 3318 1867 3421">
    <p class='ocr_par' dir='ltr' id='par_1_66' title="bbox 203 3318 1862 3421">
     <span class='ocr_line' id='line_1_66' title="bbox 203 3318 1862 3421; baseline -0.005 -43"><span class='ocrx_word' id='word_1_474' title='bbox 203 3325 301 3379; x_wconf 80' lang='grc' dir='ltr'><strong>τὸν</strong></span> <span class='ocrx_word' id='word_1_475' title='bbox 362 3324 607 3391; x_wconf 74' lang='grc' dir='ltr'>ἀνάπτει,</span> <span class='ocrx_word' id='word_1_476' title='bbox 669 3321 812 3392; x_wconf 80' lang='grc' dir='ltr'>ὀξείᾳ</span> <span class='ocrx_word' id='word_1_477' title='bbox 871 3325 1012 3398; x_wconf 82' lang='grc' dir='ltr'>φορᾷ</span> <span class='ocrx_word' id='word_1_478' title='bbox 1057 3319 1194 3395; x_wconf 86' lang='grc' dir='ltr'>πρὸς</span> <span class='ocrx_word' id='word_1_479' title='bbox 1253 3319 1378 3374; x_wconf 87' lang='grc' dir='ltr'>Θεὸν</span> <span class='ocrx_word' id='word_1_480' title='bbox 1439 3318 1862 3421; x_wconf 61' lang='grc' dir='ltr'>ἀνατεινόμενος,</span> 
     </span>
    </p>
   </div>
   <div class='ocr_carea' id='block_1_67' title="bbox 1979 3318 3624 3421">
    <p class='ocr_par' dir='ltr' id='par_1_67' title="bbox 1979 3320 3624 3394">
     <span class='ocr_line' id='line_1_67' title="bbox 1979 3320 3624 3394; baseline 0.002 -20"><span class='ocrx_word' id='word_1_481' title='bbox 1979 3320 2217 3391; x_wconf 88' lang='lat' dir='ltr'><strong>cupiens</strong></span> <span class='ocrx_word' id='word_1_482' title='bbox 2257 3322 2751 3393; x_wconf 88' lang='lat' dir='ltr'><strong>appropinquare,</strong></span> <span class='ocrx_word' id='word_1_483' title='bbox 2787 3328 2863 3391; x_wconf 88' lang='lat' dir='ltr'><strong>et,</strong></span> <span class='ocrx_word' id='word_1_484' title='bbox 2900 3328 2965 3378; x_wconf 94' lang='lat' dir='ltr'><strong>ut</strong></span> <span class='ocrx_word' id='word_1_485' title='bbox 3008 3324 3091 3379; x_wconf 88' lang='lat' dir='ltr'><strong>ita</strong></span> <span class='ocrx_word' id='word_1_486' title='bbox 3129 3324 3344 3392; x_wconf 88' lang='lat' dir='ltr'><strong>dicam,</strong></span> <span class='ocrx_word' id='word_1_487' title='bbox 3378 3325 3624 3394; x_wconf 86' lang='lat' dir='ltr'><strong>conjun-</strong></span> 
     </span>
    </p>
   </div>
   <div class='ocr_carea' id='block_1_68' title="bbox 198 3405 1863 3488">
    <p class='ocr_par' dir='ltr' id='par_1_68' title="bbox 198 3405 1863 3488">
     <span class='ocr_line' id='line_1_68' title="bbox 198 3405 1863 3488; baseline -0.005 -22"><span class='ocrx_word' id='word_1_488' title='bbox 198 3413 291 3467; x_wconf 83' lang='grc' dir='ltr'><strong>καὶ</strong></span> <span class='ocrx_word' id='word_1_489' title='bbox 347 3415 428 3484; x_wconf 75' lang='grc' dir='ltr'>τῷ</span> <span class='ocrx_word' id='word_1_490' title='bbox 487 3411 692 3486; x_wconf 85' lang='grc' dir='ltr'>πρώτῳ</span> <span class='ocrx_word' id='word_1_491' title='bbox 748 3408 888 3488; x_wconf 84' lang='grc' dir='ltr'>φωτὶ</span> <span class='ocrx_word' id='word_1_492' title='bbox 955 3406 1280 3486; x_wconf 77' lang='grc' dir='ltr'>φιλονεικῶν</span> <span class='ocrx_word' id='word_1_493' title='bbox 1359 3405 1586 3482; x_wconf 81' lang='grc' dir='ltr'>ἐγγίσαι,</span> <span class='ocrx_word' id='word_1_494' title='bbox 1641 3405 1729 3459; x_wconf 85' lang='grc' dir='ltr'><strong>καὶ</strong></span> <span class='ocrx_word' id='word_1_495' title='bbox 1789 3406 1863 3467; x_wconf 88' lang='grc' dir='ltr'>ὡς</span> 
     </span>
    </p>
   </div>
   <div class='ocr_carea' id='block_1_69' title="bbox 203 3492 1864 3578">
    <p class='ocr_par' dir='ltr' id='par_1_69' title="bbox 203 3492 1864 3578">
     <span class='ocr_line' id='line_1_69' title="bbox 203 3492 1864 3578; baseline -0.006 -22"><span class='ocrx_word' id='word_1_496' title='bbox 203 3501 382 3556; x_wconf 77' lang='grc' dir='ltr'>εἰπεῖν</span> <span class='ocrx_word' id='word_1_497' title='bbox 427 3506 784 3578; x_wconf 82' lang='grc' dir='ltr'>συναφθῆναι,</span> <span class='ocrx_word' id='word_1_498' title='bbox 815 3496 904 3552; x_wconf 77' lang='grc' dir='ltr'><strong>καὶ</strong></span> <span class='ocrx_word' id='word_1_499' title='bbox 958 3494 1128 3571; x_wconf 84' lang='grc' dir='ltr'>μηδέν</span> <span class='ocrx_word' id='word_1_500' title='bbox 1182 3517 1232 3550; x_wconf 91' lang='grc' dir='ltr'><strong>τι</strong></span> <span class='ocrx_word' id='word_1_501' title='bbox 1275 3496 1327 3551; x_wconf 82' lang='grc' dir='ltr'>ἐν</span> <span class='ocrx_word' id='word_1_502' title='bbox 1382 3501 1497 3558; x_wconf 83' lang='grc' dir='ltr'>τοῖς</span> <span class='ocrx_word' id='word_1_503' title='bbox 1554 3494 1702 3549; x_wconf 85' lang='grc' dir='ltr'><strong>κάτω</strong></span> <span class='ocrx_word' id='word_1_504' title='bbox 1751 3492 1864 3550; x_wconf 82' lang='grc' dir='ltr'>λεί-</span> 
     </span>
    </p>
   </div>
   <div class='ocr_carea' id='block_1_70' title="bbox 198 3582 1863 3664">
    <p class='ocr_par' dir='ltr' id='par_1_70' title="bbox 198 3582 1863 3664">
     <span class='ocr_line' id='line_1_70' title="bbox 198 3582 1863 3664; baseline -0.006 -19"><span class='ocrx_word' id='word_1_505' title='bbox 198 3593 374 3664; x_wconf 79' lang='grc' dir='ltr'>ψανον</span> <span class='ocrx_word' id='word_1_506' title='bbox 413 3587 603 3644; x_wconf 78' lang='grc' dir='ltr'>ὑλαῖον</span> <span class='ocrx_word' id='word_1_507' title='bbox 645 3588 881 3663; x_wconf 85' lang='grc' dir='ltr'>ἀφεῖναι,</span> <span class='ocrx_word' id='word_1_508' title='bbox 912 3585 980 3642; x_wconf 86' lang='grc' dir='ltr'><strong>δι’</strong></span> <span class='ocrx_word' id='word_1_509' title='bbox 1010 3584 1072 3640; x_wconf 77' lang='grc' dir='ltr'>οὗ</span> <span class='ocrx_word' id='word_1_510' title='bbox 1125 3586 1216 3640; x_wconf 81' lang='grc' dir='ltr'>καὶ</span> <span class='ocrx_word' id='word_1_511' title='bbox 1250 3582 1521 3657; x_wconf 84' lang='grc' dir='ltr'>δύσοδμόν</span> <span class='ocrx_word' id='word_1_512' title='bbox 1554 3605 1604 3638; x_wconf 91' lang='grc' dir='ltr'><strong>τι</strong></span> <span class='ocrx_word' id='word_1_513' title='bbox 1639 3583 1863 3660; x_wconf 66' lang='grc' dir='ltr'>ἐκφήνῃ,</span> 
     </span>
    </p>
   </div>
   <div class='ocr_carea' id='block_1_71' title="bbox 197 3669 1868 3750">
    <p class='ocr_par' dir='ltr' id='par_1_71' title="bbox 197 3669 1868 3750">
     <span class='ocr_line' id='line_1_71' title="bbox 197 3669 1868 3750; baseline -0.005 -17"><span class='ocrx_word' id='word_1_514' title='bbox 197 3676 333 3734; x_wconf 83' lang='grc' dir='ltr'>ἀλλ’</span> <span class='ocrx_word' id='word_1_515' title='bbox 362 3678 438 3741; x_wconf 82' lang='grc' dir='ltr'><strong>είς</strong></span> <span class='ocrx_word' id='word_1_516' title='bbox 474 3677 651 3750; x_wconf 77' lang='grc' dir='ltr'>ὀσμήν</span> <span class='ocrx_word' id='word_1_517' title='bbox 693 3673 921 3738; x_wconf 79' lang='grc' dir='ltr'>εὐωδίας</span> <span class='ocrx_word' id='word_1_518' title='bbox 968 3673 1287 3750; x_wconf 82' lang='grc' dir='ltr'>λογισθῆναι</span> <span class='ocrx_word' id='word_1_519' title='bbox 1342 3679 1424 3746; x_wconf 80' lang='grc' dir='ltr'><strong>τῷ</strong></span> <span class='ocrx_word' id='word_1_520' title='bbox 1481 3676 1616 3744; x_wconf 84' lang='grc' dir='ltr'>Θεῷ,</span> <span class='ocrx_word' id='word_1_521' title='bbox 1668 3674 1753 3734; x_wconf 81' lang='grc' dir='ltr'>οἷς</span> <span class='ocrx_word' id='word_1_522' title='bbox 1810 3669 1868 3724; x_wconf 80' lang='grc' dir='ltr'>ἐκ</span> 
     </span>
    </p>
   </div>
   <div class='ocr_carea' id='block_1_72' title="bbox 198 3759 1867 3838">
    <p class='ocr_par' dir='ltr' id='par_1_72' title="bbox 198 3759 1867 3838">
     <span class='ocr_line' id='line_1_72' title="bbox 198 3759 1867 3838; baseline -0.006 -15"><span class='ocrx_word' id='word_1_523' title='bbox 198 3773 310 3823; x_wconf 80' lang='grc' dir='ltr'>τῶν</span> <span class='ocrx_word' id='word_1_524' title='bbox 340 3768 492 3822; x_wconf 81' lang='grc' dir='ltr'><strong>κάτω</strong></span> <span class='ocrx_word' id='word_1_525' title='bbox 521 3763 764 3836; x_wconf 80' lang='grc' dir='ltr'>κηλίδων</span> <span class='ocrx_word' id='word_1_526' title='bbox 799 3762 1030 3828; x_wconf 79' lang='grc' dir='ltr'>ἄσπιλος</span> <span class='ocrx_word' id='word_1_527' title='bbox 1083 3764 1160 3827; x_wconf 77' lang='grc' dir='ltr'>εἰς</span> <span class='ocrx_word' id='word_1_528' title='bbox 1217 3764 1307 3818; x_wconf 83' lang='grc' dir='ltr'>τὸν</span> <span class='ocrx_word' id='word_1_529' title='bbox 1366 3763 1733 3838; x_wconf 81' lang='grc' dir='ltr'>ὑπερκάθαρον</span> <span class='ocrx_word' id='word_1_530' title='bbox 1777 3759 1867 3814; x_wconf 85' lang='grc' dir='ltr'><strong>καὶ</strong></span> 
     </span>
    </p>
   </div>
   <div class='ocr_carea' id='block_1_73' title="bbox 204 3847 1052 3931">
    <p class='ocr_par' dir='ltr' id='par_1_73' title="bbox 204 3847 1052 3931">
     <span class='ocr_line' id='line_1_73' title="bbox 204 3847 1052 3931; baseline -0.004 -20"><span class='ocrx_word' id='word_1_531' title='bbox 204 3855 501 3931; x_wconf 76' lang='grc' dir='ltr'>ὑπεράγων</span> <span class='ocrx_word' id='word_1_532' title='bbox 536 3856 661 3910; x_wconf 85' lang='grc' dir='ltr'>Θεὸν</span> <span class='ocrx_word' id='word_1_533' title='bbox 699 3847 1052 3921; x_wconf 78' lang='grc' dir='ltr'>ἀναϐέϐηκεν.</span> 
     </span>
    </p>
   </div>
   <div class='ocr_carea' id='block_1_74' title="bbox 275 3936 1868 4020">
    <p class='ocr_par' dir='ltr' id='par_1_74' title="bbox 275 3936 1868 4020">
     <span class='ocr_line' id='line_1_74' title="bbox 275 3936 1868 4020; baseline -0.006 -19"><span class='ocrx_word' id='word_1_534' title='bbox 275 3946 386 4009; x_wconf 87' lang='grc' dir='ltr'>πθ’.</span> <span class='ocrx_word' id='word_1_535' title='bbox 419 3943 582 4000; x_wconf 75' lang='grc' dir='ltr'>Οὕτω</span> <span class='ocrx_word' id='word_1_536' title='bbox 614 3940 978 4020; x_wconf 72' lang='grc' dir='ltr'>φιλοσοφοῦσι</span> <span class='ocrx_word' id='word_1_537' title='bbox 1004 3939 1154 4011; x_wconf 80' lang='grc' dir='ltr'>τοὺς,</span> <span class='ocrx_word' id='word_1_538' title='bbox 1179 3942 1253 4003; x_wconf 82' lang='grc' dir='ltr'>ὡς</span> <span class='ocrx_word' id='word_1_539' title='bbox 1310 3939 1523 4017; x_wconf 75' lang='grc' dir='ltr'>έρῥέθη,</span> <span class='ocrx_word' id='word_1_540' title='bbox 1555 3936 1868 4014; x_wconf 86' lang='grc' dir='ltr'>γαμηλίους</span> 
     </span>
    </p>
   </div>
   <div class='ocr_carea' id='block_1_75' title="bbox 202 4026 1874 4109">
    <p class='ocr_par' dir='ltr' id='par_1_75' title="bbox 202 4026 1874 4109">
     <span class='ocr_line' id='line_1_75' title="bbox 202 4026 1874 4109; baseline -0.006 -19"><span class='ocrx_word' id='word_1_541' title='bbox 202 4032 416 4109; x_wconf 73' lang='grc' dir='ltr'>κηροὺς</span> <span class='ocrx_word' id='word_1_542' title='bbox 473 4032 524 4086; x_wconf 78' lang='lat' dir='ltr'><strong>ei</strong></span> <span class='ocrx_word' id='word_1_543' title='bbox 571 4029 1020 4108; x_wconf 83' lang='grc' dir='ltr'>Μεγαλοπολῖται</span> <span class='ocrx_word' id='word_1_544' title='bbox 1080 4029 1442 4106; x_wconf 76' lang='grc' dir='ltr'>εὐσχήμονες.</span> <span class='ocrx_word' id='word_1_545' title='bbox 1487 4027 1641 4084; x_wconf 75' lang='grc' dir='ltr'>Οὕτω</span> <span class='ocrx_word' id='word_1_546' title='bbox 1707 4026 1874 4105; x_wconf 88' lang='grc' dir='ltr'>φωτί-</span> 
     </span>
    </p>
   </div>
   <div class='ocr_carea' id='block_1_76' title="bbox 206 4114 1872 4196">
    <p class='ocr_par' dir='ltr' id='par_1_76' title="bbox 206 4114 1872 4196">
     <span class='ocr_line' id='line_1_76' title="bbox 206 4114 1872 4196; baseline -0.006 -18"><span class='ocrx_word' id='word_1_547' title='bbox 206 4130 361 4194; x_wconf 83' lang='grc' dir='ltr'>ζουσι</span> <span class='ocrx_word' id='word_1_548' title='bbox 421 4119 552 4183; x_wconf 73' lang='grc' dir='ltr'>τοὺς</span> <span class='ocrx_word' id='word_1_549' title='bbox 604 4121 639 4190; x_wconf 77' lang='grc' dir='ltr'><strong>ἢ</strong></span> <span class='ocrx_word' id='word_1_550' title='bbox 698 4120 798 4188; x_wconf 78' lang='grc' dir='ltr'><strong>τήν</strong></span> <span class='ocrx_word' id='word_1_551' title='bbox 859 4115 982 4193; x_wconf 72' lang='grc' dir='ltr'>ὄψιν</span> <span class='ocrx_word' id='word_1_552' title='bbox 1036 4118 1604 4196; x_wconf 77' lang='grc' dir='ltr'>ἐστενοχωρημένους,</span> <span class='ocrx_word' id='word_1_553' title='bbox 1635 4117 1671 4186; x_wconf 77' lang='grc' dir='ltr'><strong>ἢ</strong></span> <span class='ocrx_word' id='word_1_554' title='bbox 1706 4115 1783 4178; x_wconf 90' lang='grc' dir='ltr'><strong>είς</strong></span> <span class='ocrx_word' id='word_1_555' title='bbox 1809 4114 1872 4169; x_wconf 85' lang='grc' dir='ltr'>τὸ</span> 
     </span>
    </p>
   </div>
   <div class='ocr_carea' id='block_1_77' title="bbox 201 4201 1872 4288">
    <p class='ocr_par' dir='ltr' id='par_1_77' title="bbox 201 4201 1872 4288">
     <span class='ocr_line' id='line_1_77' title="bbox 201 4201 1872 4288; baseline -0.007 -20"><span class='ocrx_word' id='word_1_556' title='bbox 201 4218 308 4268; x_wconf 78' lang='grc' dir='ltr'>πᾶν</span> <span class='ocrx_word' id='word_1_557' title='bbox 367 4207 810 4288; x_wconf 76' lang='grc' dir='ltr'>τυφλώττοντας.</span> <span class='ocrx_word' id='word_1_558' title='bbox 865 4207 1024 4265; x_wconf 76' lang='grc' dir='ltr'>Οὕτω</span> <span class='ocrx_word' id='word_1_559' title='bbox 1082 4205 1398 4264; x_wconf 83' lang='grc' dir='ltr'>παιδεύουσι</span> <span class='ocrx_word' id='word_1_560' title='bbox 1449 4206 1576 4269; x_wconf 71' lang='grc' dir='ltr'>τοὺς</span> <span class='ocrx_word' id='word_1_561' title='bbox 1632 4204 1730 4260; x_wconf 79' lang='grc' dir='ltr'><strong>ὅσα</strong></span> <span class='ocrx_word' id='word_1_562' title='bbox 1779 4201 1872 4258; x_wconf 84' lang='grc' dir='ltr'><strong>καὶ</strong></span> 
     </span>
    </p>
   </div>
   <div class='ocr_carea' id='block_1_78' title="bbox 202 4291 1873 4377">
    <p class='ocr_par' dir='ltr' id='par_1_78' title="bbox 202 4291 1873 4377">
     <span class='ocr_line' id='line_1_78' title="bbox 202 4291 1873 4377; baseline -0.005 -19"><span class='ocrx_word' id='word_1_563' title='bbox 202 4303 310 4359; x_wconf 84' lang='grc' dir='ltr'><strong>ἀπὸ</strong></span> <span class='ocrx_word' id='word_1_564' title='bbox 344 4302 576 4362; x_wconf 80' lang='grc' dir='ltr'>σκότους</span> <span class='ocrx_word' id='word_1_565' title='bbox 633 4298 725 4354; x_wconf 85' lang='grc' dir='ltr'><strong>καὶ</strong></span> <span class='ocrx_word' id='word_1_566' title='bbox 781 4292 1006 4376; x_wconf 57' lang='grc' dir='ltr'>ἐρέϐους</span> <span class='ocrx_word' id='word_1_567' title='bbox 1061 4299 1148 4353; x_wconf 83' lang='grc' dir='ltr'><strong>καὶ</strong></span> <span class='ocrx_word' id='word_1_568' title='bbox 1212 4298 1400 4377; x_wconf 84' lang='grc' dir='ltr'>ζόφου,</span> <span class='ocrx_word' id='word_1_569' title='bbox 1435 4295 1564 4365; x_wconf 73' lang='grc' dir='ltr'>ἃδὴ</span> <span class='ocrx_word' id='word_1_570' title='bbox 1623 4295 1715 4351; x_wconf 82' lang='grc' dir='ltr'>καὶ</span> <span class='ocrx_word' id='word_1_571' title='bbox 1774 4291 1873 4349; x_wconf 77' lang='grc' dir='ltr'><strong>ὅσα</strong></span> 
     </span>
    </p>
   </div>
   <div class='ocr_carea' id='block_1_79' title="bbox 202 4387 1920 4466">
    <p class='ocr_par' dir='ltr' id='par_1_79' title="bbox 202 4387 1920 4466">
     <span class='ocr_line' id='line_1_79' title="bbox 202 4387 1920 4466; baseline -0.007 -16"><span class='ocrx_word' id='word_1_572' title='bbox 202 4396 442 4450; x_wconf 87' lang='grc' dir='ltr'>τοιαῦτα</span> <span class='ocrx_word' id='word_1_573' title='bbox 472 4393 499 4446; x_wconf 86' lang='grc' dir='ltr'>ὁ</span> <span class='ocrx_word' id='word_1_574' title='bbox 531 4392 678 4446; x_wconf 75' lang='grc' dir='ltr'>κάτω</span> <span class='ocrx_word' id='word_1_575' title='bbox 743 4389 859 4466; x_wconf 85' lang='grc' dir='ltr'>βίος</span> <span class='ocrx_word' id='word_1_576' title='bbox 919 4387 1298 4460; x_wconf 79' lang='grc' dir='ltr'>ἐπικέκληται,</span> <span class='ocrx_word' id='word_1_577' title='bbox 1331 4389 1408 4452; x_wconf 79' lang='grc' dir='ltr'>εἷς</span> <span class='ocrx_word' id='word_1_578' title='bbox 1461 4390 1524 4444; x_wconf 86' lang='grc' dir='ltr'>τὸ</span> <span class='ocrx_word' id='word_1_579' title='bbox 1554 4391 1652 4456; x_wconf 76' lang='grc' dir='ltr'><strong>τῆς</strong></span> <span class='ocrx_word' id='word_1_580' title='bbox 1703 4406 1873 4460; x_wconf 81' lang='grc' dir='ltr'>μονα·</span> <span class='ocrx_word' id='word_1_581' title='bbox 1909 4427 1920 4438; x_wconf 91' lang='grc'><strong>.</strong></span> 
     </span>
    </p>
   </div>
   <div class='ocr_carea' id='block_1_80' title="bbox 202 4475 1875 4560">
    <p class='ocr_par' dir='ltr' id='par_1_80' title="bbox 202 4475 1875 4560">
     <span class='ocr_line' id='line_1_80' title="bbox 202 4475 1875 4560; baseline -0.007 -21"><span class='ocrx_word' id='word_1_582' title='bbox 202 4486 377 4560; x_wconf 77' lang='grc' dir='ltr'>χικῆς</span> <span class='ocrx_word' id='word_1_583' title='bbox 409 4479 695 4541; x_wconf 84' lang='grc' dir='ltr'>πολιτείας</span> <span class='ocrx_word' id='word_1_584' title='bbox 727 4477 1022 4554; x_wconf 79' lang='grc' dir='ltr'>προϊόντας</span> <span class='ocrx_word' id='word_1_585' title='bbox 1052 4483 1185 4555; x_wconf 81' lang='grc' dir='ltr'>φῶς,</span> <span class='ocrx_word' id='word_1_586' title='bbox 1221 4480 1322 4534; x_wconf 82' lang='grc' dir='ltr'><strong>ὅσα</strong></span> <span class='ocrx_word' id='word_1_587' title='bbox 1359 4479 1449 4533; x_wconf 85' lang='grc' dir='ltr'><strong>καὶ</strong></span> <span class='ocrx_word' id='word_1_588' title='bbox 1507 4479 1612 4533; x_wconf 89' lang='grc' dir='ltr'>ἀπὸ</span> <span class='ocrx_word' id='word_1_589' title='bbox 1654 4480 1754 4551; x_wconf 82' lang='grc' dir='ltr'><strong>γῆς</strong></span> <span class='ocrx_word' id='word_1_590' title='bbox 1799 4475 1875 4537; x_wconf 69' lang='grc' dir='ltr'>εἷς</span> 
     </span>
    </p>
   </div>
   <div class='ocr_carea' id='block_1_81' title="bbox 200 4566 1875 4649">
    <p class='ocr_par' dir='ltr' id='par_1_81' title="bbox 200 4566 1875 4649">
     <span class='ocr_line' id='line_1_81' title="bbox 200 4566 1875 4649; baseline -0.007 -20"><span class='ocrx_word' id='word_1_591' title='bbox 200 4575 294 4629; x_wconf 81' lang='grc' dir='ltr'>τὸν</span> <span class='ocrx_word' id='word_1_592' title='bbox 350 4568 614 4649; x_wconf 85' lang='grc' dir='ltr'>ἀνέφελον</span> <span class='ocrx_word' id='word_1_593' title='bbox 673 4569 898 4643; x_wconf 71' lang='grc' dir='ltr'>αἰθέρα·</span> <span class='ocrx_word' id='word_1_594' title='bbox 947 4568 1113 4644; x_wconf 82' lang='grc' dir='ltr'>οῦπερ</span> <span class='ocrx_word' id='word_1_595' title='bbox 1175 4570 1227 4623; x_wconf 79' lang='lat' dir='ltr'><strong>ei</strong></span> <span class='ocrx_word' id='word_1_596' title='bbox 1288 4571 1364 4642; x_wconf 83' lang='grc' dir='ltr'>μὴ</span> <span class='ocrx_word' id='word_1_597' title='bbox 1425 4566 1875 4644; x_wconf 75' lang='grc' dir='ltr'>ἐπιστρεφόμενοι</span> 
     </span>
    </p>
   </div>
   <div class='ocr_carea' id='block_1_82' title="bbox 201 4651 1872 4733">
    <p class='ocr_par' dir='ltr' id='par_1_82' title="bbox 201 4651 1872 4733">
     <span class='ocr_line' id='line_1_82' title="bbox 201 4651 1872 4733; baseline -0.007 -15"><span class='ocrx_word' id='word_1_598' title='bbox 201 4662 472 4730; x_wconf 71' lang='grc' dir='ltr'>ἴστωσαν,</span> <span class='ocrx_word' id='word_1_599' title='bbox 525 4658 598 4721; x_wconf 87' lang='grc' dir='ltr'><strong>ὡς</strong></span> <span class='ocrx_word' id='word_1_600' title='bbox 667 4658 758 4713; x_wconf 80' lang='grc' dir='ltr'><strong>ἀεὶ</strong></span> <span class='ocrx_word' id='word_1_601' title='bbox 812 4656 863 4712; x_wconf 87' lang='grc' dir='ltr'>ἐν</span> <span class='ocrx_word' id='word_1_602' title='bbox 915 4655 1093 4730; x_wconf 85' lang='grc' dir='ltr'>σκότῳ</span> <span class='ocrx_word' id='word_1_603' title='bbox 1141 4655 1410 4733; x_wconf 81' lang='grc' dir='ltr'>διάγουσιν</span> <span class='ocrx_word' id='word_1_604' title='bbox 1471 4657 1736 4731; x_wconf 71' lang='grc' dir='ltr'>ἀλαμπεῖ,</span> <span class='ocrx_word' id='word_1_605' title='bbox 1781 4651 1872 4708; x_wconf 87' lang='grc' dir='ltr'><strong>καὶ</strong></span> 
     </span>
    </p>
   </div>
   <div class='ocr_carea' id='block_1_83' title="bbox 1975 3408 3624 3484">
    <p class='ocr_par' dir='ltr' id='par_1_83' title="bbox 1975 3408 3624 3484">
     <span class='ocr_line' id='line_1_83' title="bbox 1975 3408 3624 3484; baseline 0.003 -23"><span class='ocrx_word' id='word_1_606' title='bbox 1975 3408 2063 3480; x_wconf 90' lang='lat' dir='ltr'><strong>gi;</strong></span> <span class='ocrx_word' id='word_1_607' title='bbox 2106 3408 2452 3480; x_wconf 89' lang='lat' dir='ltr'><strong>nullumque</strong></span> <span class='ocrx_word' id='word_1_608' title='bbox 2504 3410 2758 3466; x_wconf 70' lang='lat' dir='ltr'><strong>materias</strong></span> <span class='ocrx_word' id='word_1_609' title='bbox 2804 3412 3117 3484; x_wconf 80' lang='lat' dir='ltr'><strong>vestigium</strong></span> <span class='ocrx_word' id='word_1_610' title='bbox 3170 3413 3446 3466; x_wconf 81' lang='lat' dir='ltr'><strong>amittens</strong></span> <span class='ocrx_word' id='word_1_611' title='bbox 3495 3412 3624 3467; x_wconf 81' lang='lat' dir='ltr'><strong>feti-</strong></span> 
     </span>
    </p>
   </div>
   <div class='ocr_carea' id='block_1_84' title="bbox 1975 3497 3624 3572">
    <p class='ocr_par' dir='ltr' id='par_1_84' title="bbox 1975 3497 3624 3572">
     <span class='ocr_line' id='line_1_84' title="bbox 1975 3497 3624 3572; baseline 0.003 -21"><span class='ocrx_word' id='word_1_612' title='bbox 1975 3497 2116 3552; x_wconf 92' lang='lat' dir='ltr'><strong>dum</strong></span> <span class='ocrx_word' id='word_1_613' title='bbox 2175 3498 2412 3552; x_wconf 89' lang='lat' dir='ltr'><strong>odorem</strong></span> <span class='ocrx_word' id='word_1_614' title='bbox 2473 3497 2823 3571; x_wconf 87' lang='lat' dir='ltr'><strong>relinquere,</strong></span> <span class='ocrx_word' id='word_1_615' title='bbox 2865 3501 2964 3555; x_wconf 89' lang='lat' dir='ltr'><strong>sed</strong></span> <span class='ocrx_word' id='word_1_616' title='bbox 3021 3500 3209 3572; x_wconf 83' lang='lat' dir='ltr'><strong>magis</strong></span> <span class='ocrx_word' id='word_1_617' title='bbox 3268 3501 3328 3555; x_wconf 91' lang='lat' dir='ltr'><strong>in</strong></span> <span class='ocrx_word' id='word_1_618' title='bbox 3387 3501 3624 3556; x_wconf 91' lang='lat' dir='ltr'><strong>odorem</strong></span> 
     </span>
    </p>
   </div>
   <div class='ocr_carea' id='block_1_85' title="bbox 1976 3585 3626 3660">
    <p class='ocr_par' dir='ltr' id='par_1_85' title="bbox 1976 3585 3626 3660">
     <span class='ocr_line' id='line_1_85' title="bbox 1976 3585 3626 3660; baseline 0.002 -19"><span class='ocrx_word' id='word_1_619' title='bbox 1976 3585 2280 3641; x_wconf 87' lang='lat' dir='ltr'><strong>suavitatis</strong></span> <span class='ocrx_word' id='word_1_620' title='bbox 2312 3603 2346 3641; x_wconf 89' lang='lat' dir='ltr'><strong>a</strong></span> <span class='ocrx_word' id='word_1_621' title='bbox 2375 3586 2491 3642; x_wconf 90' lang='lat' dir='ltr'><strong>Deo</strong></span> <span class='ocrx_word' id='word_1_622' title='bbox 2542 3589 2822 3658; x_wconf 87' lang='lat' dir='ltr'><strong>reputari,</strong></span> <span class='ocrx_word' id='word_1_623' title='bbox 2855 3604 3043 3660; x_wconf 90' lang='lat' dir='ltr'><strong>neque</strong></span> <span class='ocrx_word' id='word_1_624' title='bbox 3075 3605 3108 3643; x_wconf 92' lang='lat' dir='ltr'><strong>a</strong></span> <span class='ocrx_word' id='word_1_625' title='bbox 3134 3593 3365 3644; x_wconf 90' lang='lat' dir='ltr'><strong>terrena</strong></span> <span class='ocrx_word' id='word_1_626' title='bbox 3413 3605 3626 3645; x_wconf 87' lang='lat' dir='ltr'><strong>conce-</strong></span> 
     </span>
    </p>
   </div>
   <div class='ocr_carea' id='block_1_86' title="bbox 1979 3675 3631 3749">
    <p class='ocr_par' dir='ltr' id='par_1_86' title="bbox 1979 3675 3631 3749">
     <span class='ocr_line' id='line_1_86' title="bbox 1979 3675 3631 3749; baseline 0.004 -21"><span class='ocrx_word' id='word_1_627' title='bbox 1979 3675 2177 3746; x_wconf 88' lang='lat' dir='ltr'><strong>ptione</strong></span> <span class='ocrx_word' id='word_1_628' title='bbox 2233 3675 2386 3730; x_wconf 81' lang='lat' dir='ltr'><strong>fetus</strong></span> <span class='ocrx_word' id='word_1_629' title='bbox 2442 3675 2874 3744; x_wconf 88' lang='lat' dir='ltr'><strong>immaculatus,</strong></span> <span class='ocrx_word' id='word_1_630' title='bbox 2909 3679 2977 3732; x_wconf 88' lang='lat' dir='ltr'><strong>ad</strong></span> <span class='ocrx_word' id='word_1_631' title='bbox 3035 3681 3125 3733; x_wconf 88' lang='lat' dir='ltr'><strong>ter</strong></span> <span class='ocrx_word' id='word_1_632' title='bbox 3181 3694 3395 3749; x_wconf 90' lang='lat' dir='ltr'><strong>purum</strong></span> <span class='ocrx_word' id='word_1_633' title='bbox 3439 3682 3496 3733; x_wconf 91' lang='lat' dir='ltr'><strong>et</strong></span> <span class='ocrx_word' id='word_1_634' title='bbox 3542 3681 3631 3734; x_wconf 87' lang='lat' dir='ltr'><strong>ter</strong></span> 
     </span>
    </p>
   </div>
   <div class='ocr_carea' id='block_1_87' title="bbox 1978 3765 2774 3830">
    <p class='ocr_par' dir='ltr' id='par_1_87' title="bbox 1978 3765 2774 3830">
     <span class='ocr_line' id='line_1_87' title="bbox 1978 3765 2774 3830; baseline 0.004 -12"><span class='ocrx_word' id='word_1_635' title='bbox 1978 3767 2252 3830; x_wconf 26' lang='lat' dir='ltr'><strong>sanctum.</strong></span> <span class='ocrx_word' id='word_1_636' title='bbox 2281 3765 2465 3820; x_wconf 91' lang='lat' dir='ltr'><strong>Deum</strong></span> <span class='ocrx_word' id='word_1_637' title='bbox 2497 3765 2774 3821; x_wconf 87' lang='lat' dir='ltr'><strong>elevatur.</strong></span> 
     </span>
    </p>
   </div>
   <div class='ocr_carea' id='block_1_88' title="bbox 2050 3942 3633 4015">
    <p class='ocr_par' dir='ltr' id='par_1_88' title="bbox 2050 3942 3633 4015">
     <span class='ocr_line' id='line_1_88' title="bbox 2050 3942 3633 4015; baseline 0.002 -18"><span class='ocrx_word' id='word_1_638' title='bbox 2050 3942 2253 3998; x_wconf 83' lang='grc' dir='ltr'>89.Εο</span> <span class='ocrx_word' id='word_1_639' title='bbox 2313 3942 2484 3997; x_wconf 89' lang='lat' dir='ltr'><strong>modo</strong></span> <span class='ocrx_word' id='word_1_640' title='bbox 2543 3958 2729 3999; x_wconf 89' lang='lat' dir='ltr'><strong>ceras.</strong></span> <span class='ocrx_word' id='word_1_641' title='bbox 2765 3943 3080 4015; x_wconf 86' lang='lat' dir='ltr'><strong>nuptiales,</strong></span> <span class='ocrx_word' id='word_1_642' title='bbox 3122 3948 3189 3999; x_wconf 94' lang='lat' dir='ltr'><strong>ut</strong></span> <span class='ocrx_word' id='word_1_643' title='bbox 3241 3943 3462 4000; x_wconf 88' lang='lat' dir='ltr'><strong>dictum</strong></span> <span class='ocrx_word' id='word_1_644' title='bbox 3521 3950 3633 4014; x_wconf 89' lang='lat' dir='ltr'><strong>est,</strong></span> 
     </span>
    </p>
   </div>
   <div class='ocr_carea' id='block_1_89' title="bbox 1982 4030 3636 4104">
    <p class='ocr_par' dir='ltr' id='par_1_89' title="bbox 1982 4030 3636 4104">
     <span class='ocr_line' id='line_1_89' title="bbox 1982 4030 3636 4104; baseline 0.003 -17"><span class='ocrx_word' id='word_1_645' title='bbox 1982 4030 2208 4088; x_wconf 87' lang='lat' dir='ltr'><strong>nobiles</strong></span> <span class='ocrx_word' id='word_1_646' title='bbox 2236 4030 2652 4103; x_wconf 64' lang='lat' dir='ltr'><strong>Megalopolitae</strong></span> <span class='ocrx_word' id='word_1_647' title='bbox 2693 4033 2989 4104; x_wconf 81' lang='lat' dir='ltr'><strong>judicent.</strong></span> <span class='ocrx_word' id='word_1_648' title='bbox 3021 4033 3110 4088; x_wconf 90' lang='lat' dir='ltr'><strong>Sic</strong></span> <span class='ocrx_word' id='word_1_649' title='bbox 3142 4032 3484 4091; x_wconf 86' lang='lat' dir='ltr'><strong>illuminant</strong></span> <span class='ocrx_word' id='word_1_650' title='bbox 3529 4035 3636 4092; x_wconf 83' lang='lat' dir='ltr'><strong>ho-</strong></span> 
     </span>
    </p>
   </div>
   <div class='ocr_carea' id='block_1_90' title="bbox 1983 4119 3636 4188">
    <p class='ocr_par' dir='ltr' id='par_1_90' title="bbox 1983 4119 3636 4188">
     <span class='ocr_line' id='line_1_90' title="bbox 1983 4119 3636 4188; baseline 0.002 -12"><span class='ocrx_word' id='word_1_651' title='bbox 1983 4120 2174 4176; x_wconf 90' lang='lat' dir='ltr'><strong>mines</strong></span> <span class='ocrx_word' id='word_1_652' title='bbox 2203 4120 2330 4175; x_wconf 88' lang='lat' dir='ltr'><strong>visu</strong></span> <span class='ocrx_word' id='word_1_653' title='bbox 2363 4119 2726 4188; x_wconf 88' lang='lat' dir='ltr'><strong>debilitatos,</strong></span> <span class='ocrx_word' id='word_1_654' title='bbox 2750 4126 2852 4177; x_wconf 87' lang='lat' dir='ltr'><strong>aut</strong></span> <span class='ocrx_word' id='word_1_655' title='bbox 2895 4122 3132 4178; x_wconf 89' lang='lat' dir='ltr'><strong>omnino</strong></span> <span class='ocrx_word' id='word_1_656' title='bbox 3173 4139 3378 4179; x_wconf 72' lang='lat' dir='ltr'><strong>caecos.</strong></span> <span class='ocrx_word' id='word_1_657' title='bbox 3412 4123 3504 4179; x_wconf 90' lang='lat' dir='ltr'><strong>Sic</strong></span> <span class='ocrx_word' id='word_1_658' title='bbox 3533 4125 3636 4180; x_wconf 92' lang='lat' dir='ltr'><strong>do-</strong></span> 
     </span>
    </p>
   </div>
   <div class='ocr_carea' id='block_1_91' title="bbox 1985 4208 3640 4284">
    <p class='ocr_par' dir='ltr' id='par_1_91' title="bbox 1985 4208 3640 4284">
     <span class='ocr_line' id='line_1_91' title="bbox 1985 4208 3640 4284; baseline 0.002 -20"><span class='ocrx_word' id='word_1_659' title='bbox 1985 4213 2117 4264; x_wconf 88' lang='lat' dir='ltr'><strong>cent</strong></span> <span class='ocrx_word' id='word_1_660' title='bbox 2133 4208 2398 4264; x_wconf 87' lang='lat' dir='ltr'><strong>homines</strong></span> <span class='ocrx_word' id='word_1_661' title='bbox 2421 4226 2450 4262; x_wconf 82' lang='lat' dir='ltr'><strong>a</strong></span> <span class='ocrx_word' id='word_1_662' title='bbox 2473 4209 2750 4278; x_wconf 87' lang='lat' dir='ltr'><strong>tenebris,</strong></span> <span class='ocrx_word' id='word_1_663' title='bbox 2771 4211 2962 4278; x_wconf 89' lang='lat' dir='ltr'><strong>erebo,</strong></span> <span class='ocrx_word' id='word_1_664' title='bbox 2979 4211 3247 4281; x_wconf 82' lang='lat' dir='ltr'><strong>caligine,</strong></span> <span class='ocrx_word' id='word_1_665' title='bbox 3269 4212 3356 4267; x_wconf 89' lang='lat' dir='ltr'><strong>vel</strong></span> <span class='ocrx_word' id='word_1_666' title='bbox 3379 4229 3640 4284; x_wconf 83' lang='lat' dir='ltr'><strong>quocun-</strong></span> 
     </span>
    </p>
   </div>
   <div class='ocr_carea' id='block_1_92' title="bbox 1986 4295 3638 4374">
    <p class='ocr_par' dir='ltr' id='par_1_92' title="bbox 1986 4295 3638 4374">
     <span class='ocr_line' id='line_1_92' title="bbox 1986 4295 3638 4374; baseline 0.002 -21"><span class='ocrx_word' id='word_1_667' title='bbox 1986 4315 2098 4370; x_wconf 90' lang='lat' dir='ltr'><strong>que</strong></span> <span class='ocrx_word' id='word_1_668' title='bbox 2129 4297 2252 4369; x_wconf 89' lang='lat' dir='ltr'><strong>pari</strong></span> <span class='ocrx_word' id='word_1_669' title='bbox 2284 4295 2518 4354; x_wconf 88' lang='lat' dir='ltr'><strong>nomine</strong></span> <span class='ocrx_word' id='word_1_670' title='bbox 2557 4302 2792 4353; x_wconf 87' lang='lat' dir='ltr'><strong>vocetur</strong></span> <span class='ocrx_word' id='word_1_671' title='bbox 2819 4299 2938 4354; x_wconf 91' lang='lat' dir='ltr'><strong>vita</strong></span> <span class='ocrx_word' id='word_1_672' title='bbox 2983 4299 3245 4368; x_wconf 84' lang='lat' dir='ltr'><strong>inferior,</strong></span> <span class='ocrx_word' id='word_1_673' title='bbox 3270 4302 3366 4373; x_wconf 89' lang='lat' dir='ltr'><strong>qui</strong></span> <span class='ocrx_word' id='word_1_674' title='bbox 3402 4319 3638 4374; x_wconf 85' lang='lat' dir='ltr'><strong>progre-</strong></span> 
     </span>
    </p>
   </div>
   <div class='ocr_carea' id='block_1_93' title="bbox 1984 4385 3641 4457">
    <p class='ocr_par' dir='ltr' id='par_1_93' title="bbox 1984 4385 3641 4457">
     <span class='ocr_line' id='line_1_93' title="bbox 1984 4385 3641 4457; baseline 0.002 -15"><span class='ocrx_word' id='word_1_675' title='bbox 1984 4387 2227 4442; x_wconf 89' lang='lat' dir='ltr'><strong>diuntur</strong></span> <span class='ocrx_word' id='word_1_676' title='bbox 2257 4387 2326 4442; x_wconf 90' lang='lat' dir='ltr'><strong>ad</strong></span> <span class='ocrx_word' id='word_1_677' title='bbox 2361 4385 2560 4441; x_wconf 89' lang='lat' dir='ltr'><strong>lumen</strong></span> <span class='ocrx_word' id='word_1_678' title='bbox 2611 4388 2967 4443; x_wconf 68' lang='lat' dir='ltr'><strong>monachicae</strong></span> <span class='ocrx_word' id='word_1_679' title='bbox 2998 4389 3151 4457; x_wconf 58' lang='lat' dir='ltr'><strong>vitae,</strong></span> <span class='ocrx_word' id='word_1_680' title='bbox 3176 4390 3336 4445; x_wconf 91' lang='lat' dir='ltr'><strong>velut</strong></span> <span class='ocrx_word' id='word_1_681' title='bbox 3363 4391 3435 4444; x_wconf 90' lang='lat' dir='ltr'><strong>de</strong></span> <span class='ocrx_word' id='word_1_682' title='bbox 3485 4395 3641 4445; x_wconf 91' lang='lat' dir='ltr'><strong>terra</strong></span> 
     </span>
    </p>
   </div>
   <div class='ocr_carea' id='block_1_94' title="bbox 1986 4475 3640 4544">
    <p class='ocr_par' dir='ltr' id='par_1_94' title="bbox 1986 4475 3640 4544">
     <span class='ocr_line' id='line_1_94' title="bbox 1986 4475 3640 4544; baseline 0.001 -13"><span class='ocrx_word' id='word_1_683' title='bbox 1986 4478 2057 4532; x_wconf 90' lang='lat' dir='ltr'><strong>ad</strong></span> <span class='ocrx_word' id='word_1_684' title='bbox 2107 4476 2321 4531; x_wconf 67' lang='lat' dir='ltr'><strong>aethera</strong></span> <span class='ocrx_word' id='word_1_685' title='bbox 2368 4475 2494 4532; x_wconf 86' lang='lat' dir='ltr'><strong>sine</strong></span> <span class='ocrx_word' id='word_1_686' title='bbox 2543 4476 2784 4544; x_wconf 90' lang='lat' dir='ltr'><strong>nebula;</strong></span> <span class='ocrx_word' id='word_1_687' title='bbox 2841 4480 2934 4533; x_wconf 91' lang='lat' dir='ltr'><strong>oui</strong></span> <span class='ocrx_word' id='word_1_688' title='bbox 2984 4495 3099 4533; x_wconf 90' lang='lat' dir='ltr'><strong>non</strong></span> <span class='ocrx_word' id='word_1_689' title='bbox 3150 4481 3518 4535; x_wconf 88' lang='lat' dir='ltr'><strong>attendentes</strong></span> <span class='ocrx_word' id='word_1_690' title='bbox 3560 4481 3640 4535; x_wconf 90' lang='lat' dir='ltr'><strong>si-</strong></span> 
     </span>
    </p>
   </div>
   <div class='ocr_carea' id='block_1_95' title="bbox 1984 4565 3638 4639">
    <p class='ocr_par' dir='ltr' id='par_1_95' title="bbox 1984 4565 3638 4639">
     <span class='ocr_line' id='line_1_95' title="bbox 1984 4565 3638 4639; baseline 0.002 -18"><span class='ocrx_word' id='word_1_691' title='bbox 1984 4570 2168 4633; x_wconf 90' lang='lat' dir='ltr'><strong>stunt,</strong></span> <span class='ocrx_word' id='word_1_692' title='bbox 2211 4571 2266 4620; x_wconf 90' lang='lat' dir='ltr'><strong>et</strong></span> <span class='ocrx_word' id='word_1_693' title='bbox 2324 4565 2382 4620; x_wconf 90' lang='lat' dir='ltr'><strong>in</strong></span> <span class='ocrx_word' id='word_1_694' title='bbox 2443 4567 2700 4621; x_wconf 90' lang='lat' dir='ltr'><strong>tenebris</strong></span> <span class='ocrx_word' id='word_1_695' title='bbox 2756 4566 3094 4639; x_wconf 85' lang='lat' dir='ltr'><strong>caliginosis</strong></span> <span class='ocrx_word' id='word_1_696' title='bbox 3145 4568 3418 4623; x_wconf 89' lang='lat' dir='ltr'><strong>videntur</strong></span> <span class='ocrx_word' id='word_1_697' title='bbox 3459 4570 3638 4624; x_wconf 89' lang='lat' dir='ltr'><strong>vitam</strong></span> 
     </span>
    </p>
   </div>
   <div class='ocr_carea' id='block_1_96' title="bbox 1985 4654 3636 4729">
    <p class='ocr_par' dir='ltr' id='par_1_96' title="bbox 1985 4654 3636 4729">
     <span class='ocr_line' id='line_1_96' title="bbox 1985 4654 3636 4729; baseline 0.001 -20"><span class='ocrx_word' id='word_1_698' title='bbox 1985 4669 2173 4725; x_wconf 80' lang='lat' dir='ltr'><strong>agere,</strong></span> <span class='ocrx_word' id='word_1_699' title='bbox 2230 4671 2345 4709; x_wconf 90' lang='lat' dir='ltr'><strong>non</strong></span> <span class='ocrx_word' id='word_1_700' title='bbox 2394 4654 2547 4710; x_wconf 87' lang='lat' dir='ltr'><strong>sicut</strong></span> <span class='ocrx_word' id='word_1_701' title='bbox 2592 4655 2912 4722; x_wconf 90' lang='lat' dir='ltr'><strong>Cimmerii,</strong></span> <span class='ocrx_word' id='word_1_702' title='bbox 2946 4673 3090 4724; x_wconf 90' lang='lat' dir='ltr'><strong>quos</strong></span> <span class='ocrx_word' id='word_1_703' title='bbox 3139 4656 3455 4729; x_wconf 88' lang='lat' dir='ltr'><strong>aliquando</strong></span> <span class='ocrx_word' id='word_1_704' title='bbox 3505 4657 3636 4712; x_wconf 86' lang='lat' dir='ltr'><strong>illu-</strong></span> 
     </span>
    </p>
   </div>
   <div class='ocr_carea' id='block_1_97' title="bbox 204 4724 1867 4823">
    <p class='ocr_par' dir='ltr' id='par_1_97' title="bbox 204 4724 1867 4823">
     <span class='ocr_line' id='line_1_97' title="bbox 204 4724 1867 4823; baseline -0.005 -16"><span class='ocrx_word' id='word_1_705' title='bbox 204 4752 362 4823; x_wconf 74' lang='grc' dir='ltr'>αὐτῷ</span> <span class='ocrx_word' id='word_1_706' title='bbox 393 4747 458 4804; x_wconf 79' lang='grc' dir='ltr'>οὗ</span> <span class='ocrx_word' id='word_1_707' title='bbox 488 4748 624 4803; x_wconf 87' lang='grc' dir='ltr'><strong>κατά</strong></span> <span class='ocrx_word' id='word_1_708' title='bbox 651 4746 778 4810; x_wconf 82' lang='grc' dir='ltr'>τοὺς</span> <span class='ocrx_word' id='word_1_709' title='bbox 807 4745 1171 4820; x_wconf 86' lang='grc' dir='ltr'>Κιμμερίους,</span> <span class='ocrx_word' id='word_1_710' title='bbox 1200 4724 1288 4808; x_wconf 66' lang='grc' dir='ltr'><strong>οῖς</strong></span> <span class='ocrx_word' id='word_1_711' title='bbox 1335 4747 1425 4802; x_wconf 80' lang='grc' dir='ltr'><strong>καὶ</strong></span> <span class='ocrx_word' id='word_1_712' title='bbox 1454 4745 1618 4816; x_wconf 78' lang='grc' dir='ltr'>ἥλιος</span> <span class='ocrx_word' id='word_1_713' title='bbox 1668 4743 1867 4816; x_wconf 77' lang='grc' dir='ltr'>ἐλλάμ-</span> 
     </span>
    </p>
   </div>
   <div class='ocr_carea' id='block_1_98' title="bbox 1979 4724 3640 4823">
    <p class='ocr_par' dir='ltr' id='par_1_98' title="bbox 1988 4724 3640 4816">
     <span class='ocr_line' id='line_1_98' title="bbox 1988 4724 3640 4816; baseline 0.001 -17"><span class='ocrx_word' id='word_1_714' title='bbox 1988 4724 2210 4799; x_wconf 83' lang='lat' dir='ltr'><strong>minare</strong></span> <span class='ocrx_word' id='word_1_715' title='bbox 2258 4743 2345 4798; x_wconf 86' lang='lat' dir='ltr'><strong>sol</strong></span> <span class='ocrx_word' id='word_1_716' title='bbox 2403 4742 2636 4811; x_wconf 89' lang='lat' dir='ltr'><strong>dicitur,</strong></span> <span class='ocrx_word' id='word_1_717' title='bbox 2671 4745 2774 4799; x_wconf 90' lang='lat' dir='ltr'><strong>sed</strong></span> <span class='ocrx_word' id='word_1_718' title='bbox 2825 4744 2978 4799; x_wconf 88' lang='lat' dir='ltr'><strong>sicut</strong></span> <span class='ocrx_word' id='word_1_719' title='bbox 3036 4724 3254 4816; x_wconf 78' lang='lat' dir='ltr'><strong>sepulti</strong></span> <span class='ocrx_word' id='word_1_720' title='bbox 3310 4746 3366 4800; x_wconf 91' lang='lat' dir='ltr'><strong>in</strong></span> <span class='ocrx_word' id='word_1_721' title='bbox 3428 4747 3640 4802; x_wconf 89' lang='lat' dir='ltr'><strong>umbra</strong></span> 
     </span>
    </p>
   </div>
   <div class='ocr_carea' id='block_1_99' title="bbox 201 4831 1870 4914">
    <p class='ocr_par' dir='ltr' id='par_1_99' title="bbox 201 4831 1870 4914">
     <span class='ocr_line' id='line_1_99' title="bbox 201 4831 1870 4914; baseline -0.004 -19"><span class='ocrx_word' id='word_1_722' title='bbox 201 4861 330 4896; x_wconf 87' lang='grc' dir='ltr'>πειν</span> <span class='ocrx_word' id='word_1_723' title='bbox 365 4835 588 4914; x_wconf 87' lang='grc' dir='ltr'>λέγεταί</span> <span class='ocrx_word' id='word_1_724' title='bbox 615 4855 767 4902; x_wconf 85' lang='grc' dir='ltr'>ποτε,</span> <span class='ocrx_word' id='word_1_725' title='bbox 801 4831 948 4889; x_wconf 80' lang='grc' dir='ltr'><strong>ἀλλά</strong></span> <span class='ocrx_word' id='word_1_726' title='bbox 973 4835 1108 4889; x_wconf 85' lang='grc' dir='ltr'><strong>κατά</strong></span> <span class='ocrx_word' id='word_1_727' title='bbox 1144 4833 1273 4896; x_wconf 76' lang='grc' dir='ltr'>τοὺς</span> <span class='ocrx_word' id='word_1_728' title='bbox 1331 4833 1382 4889; x_wconf 84' lang='grc' dir='ltr'><strong>έν</strong></span> <span class='ocrx_word' id='word_1_729' title='bbox 1442 4839 1566 4906; x_wconf 82' lang='grc' dir='ltr'>σκιᾷ</span> <span class='ocrx_word' id='word_1_730' title='bbox 1621 4834 1870 4906; x_wconf 79' lang='grc' dir='ltr'>θανάτου,</span> 
     </span>
    </p>
   </div>
   <div class='ocr_carea' id='block_1_100' title="bbox 201 4921 1871 5004">
    <p class='ocr_par' dir='ltr' id='par_1_100' title="bbox 201 4921 1871 5004">
     <span class='ocr_line' id='line_1_100' title="bbox 201 4921 1871 5004; baseline -0.004 -20"><span class='ocrx_word' id='word_1_731' title='bbox 201 4933 274 5004; x_wconf 73' lang='grc' dir='ltr'><strong>τῇ</strong></span> <span class='ocrx_word' id='word_1_732' title='bbox 330 4927 424 4982; x_wconf 81' lang='grc' dir='ltr'><strong>καὶ</strong></span> <span class='ocrx_word' id='word_1_733' title='bbox 477 4926 608 5000; x_wconf 78' lang='grc' dir='ltr'>ὑπὲρ</span> <span class='ocrx_word' id='word_1_734' title='bbox 655 4925 848 4984; x_wconf 82' lang='grc' dir='ltr'>σκότος</span> <span class='ocrx_word' id='word_1_735' title='bbox 876 4922 1188 4999; x_wconf 82' lang='grc' dir='ltr'>ταρτάριον.</span> <span class='ocrx_word' id='word_1_736' title='bbox 1222 4925 1291 4980; x_wconf 76' lang='lat' dir='ltr'><strong>Oi</strong></span> <span class='ocrx_word' id='word_1_737' title='bbox 1341 4921 1387 4978; x_wconf 83' lang='grc' dir='ltr'>δ’</span> <span class='ocrx_word' id='word_1_738' title='bbox 1419 4923 1570 4979; x_wconf 81' lang='grc' dir='ltr'><strong>αὐτοῖ</strong></span> <span class='ocrx_word' id='word_1_739' title='bbox 1622 4922 1871 4999; x_wconf 83' lang='grc' dir='ltr'>Μεγαλο-</span> 
     </span>
    </p>
   </div>
   <div class='ocr_carea' id='block_1_101' title="bbox 202 5012 1873 5089">
    <p class='ocr_par' dir='ltr' id='par_1_101' title="bbox 202 5012 1873 5089">
     <span class='ocr_line' id='line_1_101' title="bbox 202 5012 1873 5089; baseline -0.004 -14"><span class='ocrx_word' id='word_1_740' title='bbox 202 5017 464 5084; x_wconf 80' lang='grc' dir='ltr'>πολῖται,</span> <span class='ocrx_word' id='word_1_741' title='bbox 497 5016 554 5069; x_wconf 77' lang='grc' dir='ltr'><strong>οἱ</strong></span> <span class='ocrx_word' id='word_1_742' title='bbox 599 5015 698 5083; x_wconf 75' lang='grc' dir='ltr'>τὴν</span> <span class='ocrx_word' id='word_1_743' title='bbox 746 5013 1118 5087; x_wconf 77' lang='grc' dir='ltr'>πνευματικὴν</span> <span class='ocrx_word' id='word_1_744' title='bbox 1167 5014 1450 5068; x_wconf 85' lang='grc' dir='ltr'>πολιτείαν</span> <span class='ocrx_word' id='word_1_745' title='bbox 1501 5012 1751 5089; x_wconf 86' lang='grc' dir='ltr'>μεγάλοι,</span> <span class='ocrx_word' id='word_1_746' title='bbox 1783 5014 1873 5069; x_wconf 85' lang='grc' dir='ltr'><strong>καὶ</strong></span> 
     </span>
    </p>
   </div>
   <div class='ocr_carea' id='block_1_102' title="bbox 202 5099 1872 5182">
    <p class='ocr_par' dir='ltr' id='par_1_102' title="bbox 202 5099 1872 5182">
     <span class='ocr_line' id='line_1_102' title="bbox 202 5099 1872 5182; baseline -0.003 -19"><span class='ocrx_word' id='word_1_747' title='bbox 202 5109 268 5163; x_wconf 84' lang='grc' dir='ltr'>τὸ</span> <span class='ocrx_word' id='word_1_748' title='bbox 306 5105 613 5182; x_wconf 79' lang='grc' dir='ltr'>μοναχικὸν</span> <span class='ocrx_word' id='word_1_749' title='bbox 645 5101 814 5177; x_wconf 86' lang='grc' dir='ltr'>μέλαν</span> <span class='ocrx_word' id='word_1_750' title='bbox 845 5103 908 5158; x_wconf 89' lang='grc' dir='ltr'>τὸ</span> <span class='ocrx_word' id='word_1_751' title='bbox 939 5102 1076 5158; x_wconf 86' lang='grc' dir='ltr'><strong>κατά</strong></span> <span class='ocrx_word' id='word_1_752' title='bbox 1102 5103 1202 5172; x_wconf 77' lang='grc' dir='ltr'><strong>τήν</strong></span> <span class='ocrx_word' id='word_1_753' title='bbox 1230 5099 1438 5158; x_wconf 80' lang='grc' dir='ltr'>ἔνδυσιν</span> <span class='ocrx_word' id='word_1_754' title='bbox 1489 5103 1578 5158; x_wconf 84' lang='grc' dir='ltr'>καὶ</span> <span class='ocrx_word' id='word_1_755' title='bbox 1625 5104 1721 5166; x_wconf 75' lang='grc' dir='ltr'><strong>τὰς</strong></span> <span class='ocrx_word' id='word_1_756' title='bbox 1754 5102 1872 5158; x_wconf 88' lang='grc' dir='ltr'>λοι-</span> 
     </span>
    </p>
   </div>
   <div class='ocr_carea' id='block_1_103' title="bbox 202 5189 1875 5269">
    <p class='ocr_par' dir='ltr' id='par_1_103' title="bbox 202 5189 1875 5269">
     <span class='ocr_line' id='line_1_103' title="bbox 202 5189 1875 5269; baseline -0.001 -19"><span class='ocrx_word' id='word_1_757' title='bbox 202 5196 313 5256; x_wconf 75' lang='grc' dir='ltr'><strong>πὰς</strong></span> <span class='ocrx_word' id='word_1_758' title='bbox 373 5191 432 5248; x_wconf 75' lang='grc' dir='ltr'>δὲ</span> <span class='ocrx_word' id='word_1_759' title='bbox 482 5193 626 5267; x_wconf 76' lang='grc' dir='ltr'>ἱεράς</span> <span class='ocrx_word' id='word_1_760' title='bbox 690 5192 1011 5266; x_wconf 88' lang='grc' dir='ltr'>ἀμπεχόνας</span> <span class='ocrx_word' id='word_1_761' title='bbox 1079 5189 1384 5254; x_wconf 80' lang='grc' dir='ltr'>πολυειδῶς</span> <span class='ocrx_word' id='word_1_762' title='bbox 1452 5193 1728 5269; x_wconf 82' lang='grc' dir='ltr'>ἀνάγουσι,</span> <span class='ocrx_word' id='word_1_763' title='bbox 1785 5194 1875 5248; x_wconf 84' lang='grc' dir='ltr'><strong>καὶ</strong></span> 
     </span>
    </p>
   </div>
   <div class='ocr_carea' id='block_1_104' title="bbox 205 5280 1873 5361">
    <p class='ocr_par' dir='ltr' id='par_1_104' title="bbox 205 5280 1873 5361">
     <span class='ocr_line' id='line_1_104' title="bbox 205 5280 1873 5361; baseline -0.002 -21"><span class='ocrx_word' id='word_1_764' title='bbox 205 5284 486 5361; x_wconf 75' lang='grc' dir='ltr'>φωτεινὴν</span> <span class='ocrx_word' id='word_1_765' title='bbox 547 5282 774 5356; x_wconf 84' lang='grc' dir='ltr'>θεωρίαν</span> <span class='ocrx_word' id='word_1_766' title='bbox 825 5284 893 5354; x_wconf 78' lang='grc' dir='ltr'><strong>τῇ</strong></span> <span class='ocrx_word' id='word_1_767' title='bbox 941 5282 1166 5357; x_wconf 71' lang='grc' dir='ltr'>τοιαύτῃ</span> <span class='ocrx_word' id='word_1_768' title='bbox 1221 5280 1453 5354; x_wconf 75' lang='grc' dir='ltr'>μελανία</span> <span class='ocrx_word' id='word_1_769' title='bbox 1499 5281 1873 5357; x_wconf 81' lang='grc' dir='ltr'>ἐναυγάζουσι.</span> 
     </span>
    </p>
   </div>
   <div class='ocr_carea' id='block_1_105' title="bbox 283 5445 1878 5520">
    <p class='ocr_par' dir='ltr' id='par_1_105' title="bbox 283 5445 1878 5520">
     <span class='ocr_line' id='line_1_105' title="bbox 283 5445 1878 5520; baseline 0.001 -18"><span class='ocrx_word' id='word_1_770' title='bbox 283 5449 365 5520; x_wconf 87' lang='grc'><strong>(9)</strong></span> <span class='ocrx_word' id='word_1_771' title='bbox 399 5447 762 5502; x_wconf 74' lang='lat' dir='ltr'><strong>Praetaneum</strong></span> <span class='ocrx_word' id='word_1_772' title='bbox 817 5445 982 5520; x_wconf 79' lang='lat' dir='ltr'><strong>locus</strong></span> <span class='ocrx_word' id='word_1_773' title='bbox 1016 5449 1151 5520; x_wconf 78' lang='lat' dir='ltr'><strong>erat</strong></span> <span class='ocrx_word' id='word_1_774' title='bbox 1206 5446 1470 5518; x_wconf 82' lang='lat' dir='ltr'><strong>Athenis,</strong></span> <span class='ocrx_word' id='word_1_775' title='bbox 1506 5446 1617 5520; x_wconf 11' lang='lat' dir='ltr'><strong>ubi,</strong></span> <span class='ocrx_word' id='word_1_776' title='bbox 1654 5445 1878 5520; x_wconf 85' lang='lat' dir='ltr'><strong>civibus</strong></span> 
     </span>
    </p>
   </div>
   <div class='ocr_carea' id='block_1_106' title="bbox 205 5515 1880 5591">
    <p class='ocr_par' dir='ltr' id='par_1_106' title="bbox 205 5515 1880 5591">
     <span class='ocr_line' id='line_1_106' title="bbox 205 5515 1880 5591; baseline -0.001 -15"><span class='ocrx_word' id='word_1_777' title='bbox 205 5515 311 5591; x_wconf 78' lang='lat' dir='ltr'><strong>jus</strong></span> <span class='ocrx_word' id='word_1_778' title='bbox 342 5515 673 5591; x_wconf 82' lang='lat' dir='ltr'><strong>dicebatur,</strong></span> <span class='ocrx_word' id='word_1_779' title='bbox 707 5521 764 5573; x_wconf 88' lang='lat' dir='ltr'><strong>et</strong></span> <span class='ocrx_word' id='word_1_780' title='bbox 805 5515 1062 5591; x_wconf 77' lang='lat' dir='ltr'><strong>publicis</strong></span> <span class='ocrx_word' id='word_1_781' title='bbox 1093 5520 1433 5591; x_wconf 81' lang='lat' dir='ltr'><strong>sumptibus</strong></span> <span class='ocrx_word' id='word_1_782' title='bbox 1455 5515 1880 5591; x_wconf 47' lang='lat' dir='ltr'><strong>&#39;nutriebantur</strong></span> 
     </span>
    </p>
   </div>
   <div class='ocr_carea' id='block_1_107' title="bbox 211 5588 1877 5664">
    <p class='ocr_par' dir='ltr' id='par_1_107' title="bbox 211 5588 1877 5664">
     <span class='ocr_line' id='line_1_107' title="bbox 211 5588 1877 5664; baseline -0.001 -16"><span class='ocrx_word' id='word_1_783' title='bbox 211 5588 565 5664; x_wconf 77' lang='lat' dir='ltr'><strong>quicunque</strong></span> <span class='ocrx_word' id='word_1_784' title='bbox 613 5590 686 5664; x_wconf 79' lang='lat' dir='ltr'><strong>de</strong></span> <span class='ocrx_word' id='word_1_785' title='bbox 733 5588 1084 5664; x_wconf 54' lang='lat' dir='ltr'><strong>re&#39;publica</strong></span> <span class='ocrx_word' id='word_1_786' title='bbox 1121 5588 1286 5664; x_wconf 75' lang='lat' dir='ltr'><strong>bene</strong></span> <span class='ocrx_word' id='word_1_787' title='bbox 1340 5590 1534 5647; x_wconf 89' lang='lat' dir='ltr'><strong>meriti</strong></span> <span class='ocrx_word' id='word_1_788' title='bbox 1591 5594 1779 5647; x_wconf 90' lang='lat' dir='ltr'><strong>erant.</strong></span> <span class='ocrx_word' id='word_1_789' title='bbox 1812 5594 1877 5648; x_wconf 86' lang='lat' dir='ltr'><strong>In</strong></span> 
     </span>
    </p>
   </div>
   <div class='ocr_carea' id='block_1_108' title="bbox 213 5659 1878 5738">
    <p class='ocr_par' dir='ltr' id='par_1_108' title="bbox 213 5659 1878 5738">
     <span class='ocr_line' id='line_1_108' title="bbox 213 5659 1878 5738; baseline -0.001 -16"><span class='ocrx_word' id='word_1_790' title='bbox 213 5659 285 5722; x_wconf 75' lang='lat' dir='ltr'><strong>eo</strong></span> <span class='ocrx_word' id='word_1_791' title='bbox 319 5659 507 5722; x_wconf 71' lang='lat' dir='ltr'><strong>altare</strong></span> <span class='ocrx_word' id='word_1_792' title='bbox 538 5661 794 5736; x_wconf 85' lang='lat' dir='ltr'><strong>positum</strong></span> <span class='ocrx_word' id='word_1_793' title='bbox 841 5659 967 5718; x_wconf 76' lang='lat' dir='ltr'><strong>erat</strong></span> <span class='ocrx_word' id='word_1_794' title='bbox 1015 5659 1134 5732; x_wconf 82' lang='lat' dir='ltr'><strong>igni</strong></span> <span class='ocrx_word' id='word_1_795' title='bbox 1184 5678 1351 5720; x_wconf 85' lang='lat' dir='ltr'><strong>sacro</strong></span> <span class='ocrx_word' id='word_1_796' title='bbox 1399 5667 1458 5720; x_wconf 88' lang='lat' dir='ltr'><strong>et</strong></span> <span class='ocrx_word' id='word_1_797' title='bbox 1504 5666 1787 5738; x_wconf 88' lang='lat' dir='ltr'><strong>perpetuo</strong></span> <span class='ocrx_word' id='word_1_798' title='bbox 1817 5664 1878 5722; x_wconf 88' lang='lat' dir='ltr'><strong>in</strong></span> 
     </span>
    </p>
   </div>
   <div class='ocr_carea' id='block_1_109' title="bbox 1985 4831 3638 4906">
    <p class='ocr_par' dir='ltr' id='par_1_109' title="bbox 1985 4831 3638 4906">
     <span class='ocr_line' id='line_1_109' title="bbox 1985 4831 3638 4906; baseline 0.001 -18"><span class='ocrx_word' id='word_1_799' title='bbox 1985 4831 2192 4888; x_wconf 91' lang='lat' dir='ltr'><strong>mortis</strong></span> <span class='ocrx_word' id='word_1_800' title='bbox 2250 4832 2588 4886; x_wconf 85' lang='lat' dir='ltr'><strong>obscuriore</strong></span> <span class='ocrx_word' id='word_1_801' title='bbox 2641 4832 2916 4888; x_wconf 85' lang='lat' dir='ltr'><strong>tartareis</strong></span> <span class='ocrx_word' id='word_1_802' title='bbox 2964 4833 3241 4890; x_wconf 87' lang='lat' dir='ltr'><strong>tenebris.</strong></span> <span class='ocrx_word' id='word_1_803' title='bbox 3275 4834 3392 4906; x_wconf 89' lang='lat' dir='ltr'><strong>Ipsi</strong></span> <span class='ocrx_word' id='word_1_804' title='bbox 3444 4839 3638 4889; x_wconf 85' lang='lat' dir='ltr'><strong>autem</strong></span> 
     </span>
    </p>
   </div>
   <div class='ocr_carea' id='block_1_110' title="bbox 1985 4919 3639 4995">
    <p class='ocr_par' dir='ltr' id='par_1_110' title="bbox 1985 4919 3639 4995">
     <span class='ocr_line' id='line_1_110' title="bbox 1985 4919 3639 4995; baseline 0.001 -19"><span class='ocrx_word' id='word_1_805' title='bbox 1985 4919 2429 4992; x_wconf 65' lang='lat' dir='ltr'><strong>Megalopolitae,</strong></span> <span class='ocrx_word' id='word_1_806' title='bbox 2461 4920 2582 4975; x_wconf 90' lang='lat' dir='ltr'><strong>vita</strong></span> <span class='ocrx_word' id='word_1_807' title='bbox 2622 4920 2916 4992; x_wconf 89' lang='lat' dir='ltr'><strong>spirituali</strong></span> <span class='ocrx_word' id='word_1_808' title='bbox 2965 4923 3187 4993; x_wconf 87' lang='lat' dir='ltr'><strong>magni,</strong></span> <span class='ocrx_word' id='word_1_809' title='bbox 3221 4924 3456 4995; x_wconf 86' lang='lat' dir='ltr'><strong>nigrum</strong></span> <span class='ocrx_word' id='word_1_810' title='bbox 3509 4940 3639 4978; x_wconf 92' lang='lat' dir='ltr'><strong>mo-</strong></span> 
     </span>
    </p>
   </div>
   <div class='ocr_carea' id='block_1_111' title="bbox 1985 5008 3640 5084">
    <p class='ocr_par' dir='ltr' id='par_1_111' title="bbox 1985 5008 3640 5084">
     <span class='ocr_line' id='line_1_111' title="bbox 1985 5008 3640 5084; baseline 0.002 -19"><span class='ocrx_word' id='word_1_811' title='bbox 1985 5009 2305 5065; x_wconf 76' lang='lat' dir='ltr'><strong>nachorum</strong></span> <span class='ocrx_word' id='word_1_812' title='bbox 2365 5008 2616 5064; x_wconf 90' lang='lat' dir='ltr'><strong>colorem</strong></span> <span class='ocrx_word' id='word_1_813' title='bbox 2677 5009 2803 5065; x_wconf 86' lang='lat' dir='ltr'><strong>suis</strong></span> <span class='ocrx_word' id='word_1_814' title='bbox 2862 5009 3248 5077; x_wconf 88' lang='lat' dir='ltr'><strong>indumentis,</strong></span> <span class='ocrx_word' id='word_1_815' title='bbox 3283 5016 3341 5067; x_wconf 90' lang='lat' dir='ltr'><strong>et</strong></span> <span class='ocrx_word' id='word_1_816' title='bbox 3397 5011 3640 5084; x_wconf 88' lang='lat' dir='ltr'><strong>reliquis</strong></span> 
     </span>
    </p>
   </div>
   <div class='ocr_carea' id='block_1_112' title="bbox 1986 5097 3636 5172">
    <p class='ocr_par' dir='ltr' id='par_1_112' title="bbox 1986 5097 3636 5172">
     <span class='ocr_line' id='line_1_112' title="bbox 1986 5097 3636 5172; baseline 0.002 -20"><span class='ocrx_word' id='word_1_817' title='bbox 1986 5097 2244 5153; x_wconf 81' lang='lat' dir='ltr'><strong>vestibus</strong></span> <span class='ocrx_word' id='word_1_818' title='bbox 2277 5097 2502 5153; x_wconf 84' lang='lat' dir='ltr'><strong>diverse</strong></span> <span class='ocrx_word' id='word_1_819' title='bbox 2541 5102 2858 5166; x_wconf 84' lang='lat' dir='ltr'><strong>ostentant,</strong></span> <span class='ocrx_word' id='word_1_820' title='bbox 2891 5099 3123 5171; x_wconf 85' lang='lat' dir='ltr'><strong>istaque</strong></span> <span class='ocrx_word' id='word_1_821' title='bbox 3169 5099 3403 5172; x_wconf 87' lang='lat' dir='ltr'><strong>nigritie</strong></span> <span class='ocrx_word' id='word_1_822' title='bbox 3435 5100 3636 5172; x_wconf 91' lang='lat' dir='ltr'><strong>splen-</strong></span> 
     </span>
    </p>
   </div>
   <div class='ocr_carea' id='block_1_113' title="bbox 1987 5185 3639 5260">
    <p class='ocr_par' dir='ltr' id='par_1_113' title="bbox 1987 5185 3639 5260">
     <span class='ocr_line' id='line_1_113' title="bbox 1987 5185 3639 5260; baseline 0.002 -20"><span class='ocrx_word' id='word_1_823' title='bbox 1987 5187 2186 5241; x_wconf 90' lang='lat' dir='ltr'><strong>dorem</strong></span> <span class='ocrx_word' id='word_1_824' title='bbox 2245 5185 2393 5241; x_wconf 90' lang='lat' dir='ltr'><strong>lucis</strong></span> <span class='ocrx_word' id='word_1_825' title='bbox 2452 5203 2570 5242; x_wconf 67' lang='lat' dir='ltr'><strong>sua:</strong></span> <span class='ocrx_word' id='word_1_826' title='bbox 2631 5192 2867 5258; x_wconf 88' lang='lat' dir='ltr'><strong>augent.</strong></span> <span class='ocrx_word' id='word_1_827' title='bbox 2924 5187 3262 5260; x_wconf 80' lang='lat' dir='ltr'><strong>Inlelligunt</strong></span> <span class='ocrx_word' id='word_1_828' title='bbox 3319 5188 3471 5244; x_wconf 89' lang='lat' dir='ltr'><strong>enim</strong></span> <span class='ocrx_word' id='word_1_829' title='bbox 3533 5205 3639 5244; x_wconf 88' lang='lat' dir='ltr'><strong>nec</strong></span> 
     </span>
    </p>
   </div>
   <div class='ocr_carea' id='block_1_114' title="bbox 1987 5273 3633 5349">
    <p class='ocr_par' dir='ltr' id='par_1_114' title="bbox 1987 5273 3633 5349">
     <span class='ocr_line' id='line_1_114' title="bbox 1987 5273 3633 5349; baseline 0.001 -19"><span class='ocrx_word' id='word_1_830' title='bbox 1987 5273 2416 5331; x_wconf 87' lang='lat' dir='ltr'><strong>obliviscuntur</strong></span> <span class='ocrx_word' id='word_1_831' title='bbox 2447 5275 2621 5347; x_wconf 90' lang='lat' dir='ltr'><strong>(quod</strong></span> <span class='ocrx_word' id='word_1_832' title='bbox 2673 5274 2878 5344; x_wconf 75' lang='lat' dir='ltr'><strong>absit!)</strong></span> <span class='ocrx_word' id='word_1_833' title='bbox 2931 5292 3044 5331; x_wconf 88' lang='lat' dir='ltr'><strong>non</strong></span> <span class='ocrx_word' id='word_1_834' title='bbox 3096 5282 3336 5349; x_wconf 88' lang='lat' dir='ltr'><strong>propter</strong></span> <span class='ocrx_word' id='word_1_835' title='bbox 3384 5276 3633 5332; x_wconf 88' lang='lat' dir='ltr'><strong>colorem</strong></span> 
     </span>
    </p>
   </div>
   <div class='ocr_carea' id='block_1_115' title="bbox 1989 5434 3640 5509">
    <p class='ocr_par' dir='ltr' id='par_1_115' title="bbox 1989 5434 3640 5509">
     <span class='ocr_line' id='line_1_115' title="bbox 1989 5434 3640 5509; baseline 0.002 -19"><span class='ocrx_word' id='word_1_836' title='bbox 1989 5435 2270 5509; x_wconf 83' lang='lat' dir='ltr'><strong>honorem</strong></span> <span class='ocrx_word' id='word_1_837' title='bbox 2331 5438 2517 5491; x_wconf 68' lang='lat' dir='ltr'><strong>Vesta:</strong></span> <span class='ocrx_word' id='word_1_838' title='bbox 2571 5434 2966 5509; x_wconf 82' lang='lat' dir='ltr'><strong>destinatum,</strong></span> <span class='ocrx_word' id='word_1_839' title='bbox 3028 5439 3197 5509; x_wconf 80' lang='lat' dir='ltr'><strong>cujus</strong></span> <span class='ocrx_word' id='word_1_840' title='bbox 3252 5454 3392 5493; x_wconf 90' lang='lat' dir='ltr'><strong>cura</strong></span> <span class='ocrx_word' id='word_1_841' title='bbox 3446 5437 3640 5494; x_wconf 90' lang='lat' dir='ltr'><strong>viduis</strong></span> 
     </span>
    </p>
   </div>
   <div class='ocr_carea' id='block_1_116' title="bbox 1989 5507 3638 5582">
    <p class='ocr_par' dir='ltr' id='par_1_116' title="bbox 1989 5507 3638 5582">
     <span class='ocr_line' id='line_1_116' title="bbox 1989 5507 3638 5582; baseline 0.003 -20"><span class='ocrx_word' id='word_1_842' title='bbox 1989 5507 2360 5582; x_wconf 84' lang='lat' dir='ltr'><strong>mulieribus,</strong></span> <span class='ocrx_word' id='word_1_843' title='bbox 2393 5507 2822 5579; x_wconf 79' lang='lat' dir='ltr'><strong>Prytanitidum</strong></span> <span class='ocrx_word' id='word_1_844' title='bbox 2866 5507 3122 5581; x_wconf 74' lang='lat' dir='ltr'><strong>nomine,</strong></span> <span class='ocrx_word' id='word_1_845' title='bbox 3157 5526 3272 5566; x_wconf 89' lang='lat' dir='ltr'><strong>non</strong></span> <span class='ocrx_word' id='word_1_846' title='bbox 3309 5509 3638 5582; x_wconf 85' lang='lat' dir='ltr'><strong>virginibus</strong></span> 
     </span>
    </p>
   </div>
   <div class='ocr_carea' id='block_1_117' title="bbox 1988 5580 3210 5636">
    <p class='ocr_par' dir='ltr' id='par_1_117' title="bbox 1988 5580 3210 5636">
     <span class='ocr_line' id='line_1_117' title="bbox 1988 5580 3210 5636; baseline -0.002 -1"><span class='ocrx_word' id='word_1_847' title='bbox 1988 5580 2342 5636; x_wconf 85' lang='lat' dir='ltr'><strong>demandata</strong></span> <span class='ocrx_word' id='word_1_848' title='bbox 2369 5583 2515 5636; x_wconf 88' lang='lat' dir='ltr'><strong>erat.</strong></span> <span class='ocrx_word' id='word_1_849' title='bbox 3109 5580 3115 5581; x_wconf 55' lang='grc'><strong>“</strong></span> <span class='ocrx_word' id='word_1_850' title='bbox 3207 5611 3210 5614; x_wconf 95' lang='grc'><strong>-</strong></span> 
     </span>
    </p>
   </div>
  </div>
