4104 6210
544 343 664 406 803

1319 336 1740 404 EUSTATHII
1785 333 2553 400 THESSALONIGENSIS
2598 333 3189 400 METROPOLITE

3775 350 3865 414 eo;

544 474 848 541 eximium,
882 477 1118 546 propter
1164 471 1660 544 pulchritudinem
1691 488 1724 526 a
1764 470 2030 543 patribus
2079 468 2166 524 ele

2276 471 2508 555 ,Χοοῦσι
2542 466 2666 542 γάρ,
2700 467 2788 523 καὶ
2837 467 2899 522 οὐ
2950 465 3128 539 δήπου
3173 475 3483 542 παρανοοῦσι
3528 476 3619 547 (μὴ
3661 479 3861 555 γένοιτο),

544 570 698 621 ctam
735 563 917 618 fuisse
949 562 1434 619 vestimentorum
1468 559 1789 630 nigritiem,
1822 577 1888 616 eo
1919 559 2074 630 quod
2105 559 2190 612 vi-

543 653 678 710 lilas
709 654 779 708 de
808 651 1241 724 pulchritudine
1271 651 1700 705 excusationem
1744 665 1860 704 non
1904 649 2146 704 haberet
2173 664 2185 702 :

541 744 644 799 sed
674 758 811 799 sane
842 744 1078 814 propter
1105 738 1436 812 symbolum
1462 738 1591 794 vita
1618 743 1832 795 sanctas
1862 752 2188 810 congruum

540 831 724 888 electa
752 835 859 886 est.

608 922 698 975 90.
730 917 1044 974 Monachos
1092 918 1300 972 decent
1347 916 1692 972 indumenta
1740 915 1930 988 nigra,
1977 918 2040 971 ut
2087 930 2190 985 per

538 1027 625 1080 ea,
685 1007 845 1063 velut
902 1023 1003 1078 per
1067 1012 1318 1070 noctem,
1374 1006 1688 1060 videantur
1742 1009 1900 1061 astra
1955 1003 2186 1058 virtutis

535 1097 794 1153 lucentia
824 1097 882 1150 in
914 1097 1020 1151 eis.
1051 1095 1215 1149 Sicut
1245 1094 1400 1149 enim
1436 1099 1602 1149 nocte
1635 1097 1792 1148 astra
1823 1093 2000 1148 libere
2031 1093 2184 1148 scin-

535 1185 752 1252 tillant,
785 1185 870 1240 sic
919 1185 1030 1241 sub
1081 1183 1264 1254 nigris
1297 1184 1482 1238 sacris
1541 1182 1903 1238 indumentis
1958 1182 2185 1237 elucere

535 1275 707 1331 debet
735 1275 920 1329 virtus
950 1287 1082 1329 vere
1120 1272 1334 1327 lucida.
1372 1270 1542 1326 Aliud
1585 1277 1861 1342 presteres
1891 1270 2185 1343 significat

531 1363 650 1419 ista
707 1362 994 1434 nigrities,
1047 1361 1267 1417 scilicet
1323 1361 1734 1416 absconditum
1793 1377 1922 1416 esse
1975 1361 2183 1415 debere

530 1457 788 1508 ascetam
847 1452 918 1506 ad
980 1451 1254 1522 pietatem
1316 1450 1577 1521 seipsum
1636 1453 2022 1516 exercentem,
2065 1464 2180 1504 non

527 1542 709 1598 videri
761 1540 925 1610 velle,
977 1543 1044 1594 ut
1093 1555 1311 1603 revera,
1347 1556 1460 1594 non
1513 1538 1705 1611 specie
1754 1544 1944 1606 tenus,
1987 1539 2180 1610 justus

529 1634 664 1686 ante
720 1631 906 1686 Deum
967 1629 1154 1700 possit
1209 1628 1402 1700 palam
1463 1629 1755 1684 dicere:«
1788 1629 1850 1683 In
1909 1629 2179 1683 noctibus

530 1718 743 1776 extollo
774 1735 880 1791 ego
912 1735 1125 1772 manus
1161 1733 1321 1772 meas
1353 1717 1424 1772 ad
1459 1722 1661 1772 sancta
1684 1719 1748 1784 ’⁸,
1773 1739 1801 1766 ››
1826 1717 2000 1789 idque
2029 1716 2180 1788 psal-

528 1809 646 1864 lere
699 1809 771 1864 ob
831 1812 998 1862 actus
1055 1810 1310 1861 secretos
1367 1810 1425 1860 et
1481 1806 1875 1861 absconditos.
1935 1807 2180 1877 Insuper

519 1897 694 1968 jubet
747 1897 928 1952 vestis
976 1894 1217 1951 omnino
1276 1895 1444 1966 nigra
1501 1895 1852 1950 monachum
1885 1894 2180 1951 ccelestem

524 2001 653 2042 esse
710 1985 1028 2040 virtutibus
1087 1985 1250 2050 suis,
1307 1984 1510 2055 sicque
1577 2001 1755 2056 super
1821 1983 1996 2039 caelos
2060 1983 2176 2039 Deo

522 2075 1009 2145 apprOpinquare.
1044 2071 1342 2128 Cmruleus
1395 2071 1552 2126 enim
1586 2073 1816 2128 videtur
1861 2071 2017 2127 color
2065 2089 2176 2128 cm-

519 2161 734 2229 lorum,
762 2163 938 2234 juxta
982 2177 1219 2216 veraces
1269 2161 1676 2232 philosophos,
1710 2161 1810 2232 qui
1843 2161 1991 2216 hanc
2039 2179 2176 2217 cau-

522 2267 648 2306 sam
680 2254 972 2314 asserunt,
1004 2249 1114 2306 hoc
1159 2249 1352 2305 locum
1403 2249 1617 2304 habere
1667 2251 1739 2305 ad
1787 2251 2006 2305 bonum
2039 2267 2176 2306 ocu-

522 2338 713 2396 lorum
770 2339 1162 2403 intuentium,
1213 2343 1450 2410 propter
1507 2339 1879 2395 medietatem
1929 2341 2175 2411 conjun-

523 2429 714 2484 ctione
771 2433 1164 2484 extremorum
1233 2427 1453 2498 optime
1519 2428 1914 2493 eﬂ‘ormatam,
1973 2428 2055 2484 ita
2111 2433 2176 2484 ut

522 2532 712 2588 neque
779 2517 1036 2588 perfecta
1101 2515 1370 2571 albedine
1427 2515 1668 2588 fulgeat,
1729 2533 1916 2589 neque
1981 2517 2175 2590 spissa

521 2605 758 2676 nigritie
788 2605 1205 2672 abscondatur,
1233 2604 1436 2676 sicque
1468 2606 1650 2661 nostri
1681 2606 1942 2678 corporis
1972 2606 2172 2662 oculos

519 2693 713 2750 laedat.

588 2962 678 3017 91.
711 2961 992 3028 Audiens,
1039 2972 1266 3036 magne
1299 2962 1601 3031 monacbe,
1635 2964 1805 3036 quale
1855 2965 2064 3021 coelum
2113 2971 2170 3022 te

520 3052 672 3108 efﬁci
717 3051 923 3122 jubeat
972 3068 1164 3109 sermo
1191 3052 1405 3109 Verus?
1457 3054 1634 3109 Laedis
1683 3053 1978 3124 laedentes,
2007 3057 2064 3111 et
2110 3061 2166 3112 te

516 3140 711 3213 ipsum
762 3143 822 3196 in
871 3141 1101 3214 primis,
1134 3143 1369 3214 quando
1418 3142 1665 3198 intueris
1695 3161 1792 3200 eos
1843 3145 1943 3216 qui
1993 3145 2063 3199 ad
2111 3149 2167 3201 te

2303 553 2363 610 ού
2428 555 2563 610 κατά
2608 577 2662 611 τι
2711 557 3068 632 χρωματικὸν
3137 555 3392 634 ἐξαίρετον
3460 559 3737 638 ἑπιλεγῆναι
3775 553 3860 635 rei;

2298 644 2530 720 πατράσι
2567 646 2630 700 τὸ
2657 650 2755 700 τοῦ
2785 648 3107 724 φορήματος
3161 645 3324 718 μέλαν
3369 650 3433 704 τά
3479 671 3537 725 γε
3574 653 3642 716 εἷς
3683 656 3858 733 κάλλος,

2299 732 2380 788 ὅτι
2441 731 2572 807 μηδ’
2602 732 2660 788 ἂν
2702 733 2825 810 ἔχοι
2870 735 3190 812 συνηγορίαν
3249 734 3332 790 ἐπὶ
3380 737 3560 794 κάλλει
3596 742 3652 796 τὸ
3677 731 3856 811 εὐτελές,

2297 821 2506 878 Οὐκοῦν
2538 822 2790 900 ἐπεκρίθη
2823 823 2909 878 ἐπὶ
2951 819 3250 898 συμϐόλοις
3301 826 3399 901 βίῳ
3445 827 3561 901 θείῳ
3600 829 3855 903 πρέπουσιν.

2368 911 2420 988 lt.
2460 913 2778 987 Ἐπιπρέπει
2851 914 2952 989 γὰρ
3021 915 3085 969 τὸ
3141 918 3246 968 τῶν
3307 915 3508 992 ἀμφίων
3583 920 3726 990 μέλαν
3773 932 3856 989 τοῖς

2296 1007 2563 1076 μοναχοῖς
2599 1001 2674 1063 εἷς
2722 1003 2782 1056 τὸ
2840 1000 2909 1056 δι’
2939 1003 3104 1056 αὐτοῦ
3162 1001 3258 1058 ὅσα
3283 1003 3369 1058 καί
3418 1025 3554 1070 τινος
3606 1011 3764 1072 νυκτὸς
3796 1013 3856 1068 ἐκ.

2295 1089 2570 1164 φαίνεσθαι
2611 1091 2740 1152 τοὺς
2785 1097 2888 1160 τῆς
2934 1091 3130 1165 ἀρετῆς
3191 1092 3411 1169 ἀστέρας
3467 1094 3516 1149 ἐν
3567 1097 3722 1161 αὐτοῖς
3758 1122 3853 1173 προ·

2295 1175 2628 1252 λάμποντας.
2678 1181 2769 1241 Ὠς
2825 1180 2928 1255 γὰρ
2987 1180 3040 1234 ἐν
3089 1181 3240 1236 νυκτὶ
3288 1181 3706 1258 παρῥησιάζονται
3745 1187 3855 1245 ἀστέ-

2293 1286 2380 1337 ρες
2431 1267 2506 1330 εἷς
2565 1272 2778 1346 φαῢσιν,
2812 1269 2955 1324 οὕτω
3011 1268 3100 1324 καί
3130 1268 3182 1325 ἐν
3216 1276 3330 1332 τοῖς
3362 1272 3514 1342 ἱερῶς
3547 1272 3853 1353 μελαμφόροις

2291 1356 2562 1432 ὀφείλεται
2620 1357 2943 1435 παμφαίνειν
3003 1361 3038 1429 ἡ
3097 1361 3234 1434 πρὸς
3300 1359 3545 1430 ἀλήθειαν
3615 1363 3854 1441 φώτοειδὴς

2290 1445 2475 1519 ἀρετή.
2505 1446 2602 1500 Καὶ
2635 1444 2821 1509 ἄλλως
2852 1443 2911 1501 δὲ
2941 1442 3224 1520 σύμϐολον
3271 1449 3333 1502 τὸ
3379 1450 3610 1504 τοιοῦτον
3663 1452 3854 1526 μὲλασμα

2287 1539 2383 1590 τοῦ
2433 1533 2541 1590 δεῖν
2602 1535 2734 1590 εἶναι
2791 1536 3118 1610 κρύπτεσθαι
3184 1537 3454 1612 ἀρετῶντα
3512 1539 3596 1593 τὸν
3647 1540 3850 1612 ἀσκητὴν,

2287 1625 2375 1679 καὶ
2425 1627 2501 1699 μὴ
2553 1623 2952 1701 φανητιᾷν’²ίνα
2993 1630 3072 1698 τῷ
3119 1621 3368 1696 ὄντι,καὶ
3429 1629 3500 1700 μὴ
3554 1630 3672 1702 πρὸς
3706 1651 3850 1706 φανταο

2288 1713 2426 1787 σίαν,
2457 1711 2604 1777 ὅσιος
2633 1712 2705 1768 ὣν
2737 1719 2816 1786 τῷ
2846 1719 2985 1786 Θεῷ,
3018 1710 3119 1790 ἔχῃ
3168 1714 3312 1770 οὕτω
3362 1717 3445 1770 καὶ
3499 1713 3641 1778 αὐτὸς
3689 1717 3848 1794 αὐχεῖν,

2287 1802 2368 1857 ὅτι
2419 1803 2469 1857 ἐν
2512 1808 2630 1865 ταῖς
2676 1803 2817 1876 νυξὶν
2867 1803 3074 1879 ἐπαίρει
3124 1805 3222 1866 τὰς
3274 1810 3458 1880 χεῖρας
3515 1804 3659 1860 αὐτοῦ
3706 1807 3767 1867 είς
3805 1809 3850 1862 τὰ

2288 1894 2431 1967 ἁγια,
2464 1891 2693 1966 ψάλλων
2743 1891 2872 1946 αὐτὸ
2919 1890 3006 1946 διὰ
3050 1892 3113 1947 τὸ
3155 1897 3266 1947 τῶν
3299 1893 3532 1968 πράξεων
3584 1895 3745 1971 ἀφανὲς
3787 1897 3848 1950 καὶ

2288 1981 2742 2057 ἀπανηγύριστον.
2777 1983 2892 2037 Ἔτι
2928 1980 3182 2057 βούλεται
3213 1983 3276 2036 τὸ
3325 1979 3391 2036 δι’
3421 1979 3547 2036 ὅλου
3594 1981 3732 2056 μέλαν
3775 1984 3846 2057 ἂμ.

2287 2091 2407 2146 φιον
2440 2071 2528 2126 καὶ
2561 2069 2745 2132 ἄλλως
2777 2071 3026 2146 οὐράνιον
3063 2076 3182 2133 ταῖς
3233 2073 3445 2144 ἀρεταῖς
3491 2072 3608 2125 εἶναι
3649 2072 3722 2126 τὸν
3771 2094 3846 2143 μο-

2285 2161 2530 2229 νάζοντα,
2563 2161 2653 2214 καὶ
2709 2159 2851 2214 οὕτω
2908 2164 3026 2232 Θεῷ
3054 2165 3132 2232 τῷ
3184 2160 3544 2235 ὑπερουρανίῳ
3593 2158 3844 2230 πελάζοντα.

2285 2250 2382 2306 Καὶ
2426 2251 2528 2324 γάρ
2576 2271 2660 2305 τοι
2707 2270 2844 2304 κατα
2874 2247 3002 2310 τοὺς
3052 2248 3186 2325 ὀρθά
3221 2248 3632 2328 φιλοσοφοῦντας
3683 2249 3846 2304 κυάνεον

2281 2340 2368 2394 καὶ
2400 2339 2462 2393 τὸ
2511 2337 2757 2415 οὐράνιον
2792 2336 3122 2416 διαφαίνεται
3183 2339 3410 2414 χρῶμαι
3443 2339 3493 2394 οἳ
3540 2339 3619 2394 καὶ
3668 2337 3848 2393 uincla-

2279 2432 2432 2502 γοῦσι
2463 2428 2819 2497 προσπίπτειν
2853 2427 2982 2482 αὐτὸ
3010 2431 3262 2482 τοιοῦτον
3302 2433 3418 2490 ταῖς
3463 2432 3562 2483 τῶν
3606 2426 3844 2502 βλεπόντων

2281 2511 2464 2589 ὄψεσιν
2521 2515 2600 2570 ἐπ’
2629 2513 2866 2592 ὠφελείᾳ
2913 2512 3001 2570 διὰ
3047 2516 3150 2585 τήν
3198 2517 3318 2572 κατ’
3365 2515 3489 2570 αὐτὸ
3538 2516 3778 2589 μεσότητα,
3806 2516 3844 2570 εὗ

2283 2603 2431 2677 μάλα
2485 2606 2822 2679 κεκραμένην
2884 2608 2953 2678 τῇ
3020 2609 3128 2659 τῶν
3205 2604 3382 2682 ἄκρων
3456 2604 3748 2660 συνελεύσει·
3791 2605 3842 2664 ὡς

2282 2697 2421 2767 μήτε
2474 2691 2765 2768 διακρίνειν
2795 2697 2864 2768 τῇ
2895 2692 3113 2770 ἀκράτῳ
3163 2694 3474 2764 λευκότητι,
3507 2696 3632 2768 μήτε
3679 2693 3844 2769 συγκρί-

2276 2804 2380 2838 νειν
2410 2775 2488 2849 τῆ
2528 2785 2799 2860 κατάκρας
2847 2781 3099 2856 μελανία,
3130 2783 3224 2838 καὶ
3270 2781 3411 2838 οὕτω
3447 2783 3678 2860 βλάπτειν
3723 2784 3770 2837 τὸ
3805 2780 3841 2836 ἓν

2277 2875 2411 2946 ἡμῖν
2448 2871 2666 2928 όπτικὸν
2695 2873 2756 2927 τὸ
2785 2871 2921 2926 κατά
2951 2891 3014 2947 γε
3044 2875 3229 2945 σῶμα.

2349 2963 2450 3040 ιμ’.
2485 2961 2751 3029 Ἀκούεις,
2796 2959 2840 3015 ὦ
2893 2961 3034 3037 μέγα
3083 2961 3315 3037 μοναχὶ,
3344 2961 3527 3015 ὁποῖόν
3574 2979 3678 3014 τινα
3722 2959 3840 3031 ούρα-

2274 3053 2364 3107 νὸν
2420 3051 2509 3106 καὶ
2569 3051 2626 3105 σε
2684 3051 2712 3106 ὁ
2771 3051 2932 3126 ἂρθὸς
2966 3048 3130 3127 λόγος
3164 3051 3301 3105 εἶναι
3337 3047 3577 3126 βούλεται
3601 3068 3612 3119 ;
3640 3045 3842 3107 Βλάιττεις

2272 3141 2399 3203 τοὺς
2473 3139 2810 3213 βλάπτοντας
2844 3159 2855 3170 ·
2920 3138 2982 3193 ού
3044 3139 3150 3212 μὴν
3204 3135 3264 3194 δὲ
3319 3138 3463 3194 ἀλλὰ
3513 3139 3593 3192 καὶ
3659 3137 3841 3201 σεαυτὸν,

517 3231 824 3295 accedunt,
869 3230 989 3285 sive
1037 3230 1118 3285 sis
1176 3231 1415 3286 omnino
1468 3232 1650 3302 niger,
1693 3232 1814 3287 sive
1862 3231 2166 3304 splendide

2276 3209 2509 3301 ὁπηνίκα
2556 3229 2879 3305 έντρανίσεις
2925 3209 3053 3290 τοῖς
3086 3228 3228 3282 κατά
3275 3229 3354 3298 σε,
3414 3225 3516 3282 εἷ’τε
3566 3226 3685 3302 πρὸς
3725 3223 3840 3298 ἄκρον

517 3319 768 3391 fulgens.
826 3323 947 3374 Tua
1022 3319 1176 3374 enim
1238 3320 1366 3374 sisti
1427 3321 1482 3376 in
1540 3321 1729 3376 medio
1787 3327 2049 3394 oportet,
2108 3328 2164 3379 et

514 3408 643 3463 ideo
675 3424 807 3462 cum
843 3408 1076 3475 virtute,
1103 3407 1393 3480 siquidem
1426 3409 1482 3463 in
1519 3408 1709 3464 medio
1743 3415 1860 3465 stat
1892 3411 2164 3482 qualibet

509 3497 717 3552 virtus.
753 3495 1032 3569 Teipsum
1082 3497 1265 3569 igitur
1297 3502 1449 3552 recte
1472 3498 1694 3569 judica,
1732 3503 1796 3555 ut
1844 3499 1926 3555 sis
1976 3500 2161 3570 niger,

511 3591 800 3658 quantum
860 3602 1098 3642 necesse
1153 3591 1264 3655 est,
1300 3592 1475 3657 atque
1525 3587 1700 3642 etiam
1759 3589 1956 3656 albus;
2016 3588 2160 3645 illud

511 3674 749 3745 quidem
784 3680 848 3730 ut
893 3675 1078 3731 virtus
1129 3679 1234 3730 tua
1281 3675 1698 3744 abscondatur,
1731 3682 1789 3732 et
1836 3678 2164 3734 adducatur

508 3764 721 3818 umbra
752 3763 1050 3833 salutaris,
1086 3781 1201 3819 non
1245 3765 1470 3829 mortis,
1503 3769 1558 3820 et
1592 3780 1758 3822 mens
1789 3767 2163 3838 demergatur

507 3852 569 3907 in
601 3853 920 3922 profundas
954 3852 1300 3917 sententias,
1324 3858 1379 3907 et
1413 3853 1488 3908 sit
1519 3854 1671 3908 nocti
1704 3855 1939 3922 similis,
1973 3873 2157 3926 quan-

507 3941 581 3996 do
614 3940 802 3996 malos
834 3941 981 3996 feres
1013 3940 1258 3996 moleste
1283 3946 1339 3996 et
1365 3942 1448 3996 eis
1479 3942 1784 3998 irasceris:
1811 3944 1894 4000 sic
1927 3944 2158 4000 diabolo

505 4029 905 4095 absconderis,
940 4029 1010 4083 ab
1068 4045 1133 4084 eo
1191 4029 1470 4101 aufugero
1527 4031 1830 4087 conaberis
1891 4033 2156 4104 atquein

505 4133 724 4171 vanum
789 4117 1054 4172 laborare
1117 4117 1369 4174 desines.
1431 4119 1546 4174 Hoc
1620 4120 1774 4175 enim
1839 4121 2156 4195 symbolice

506 4206 701 4261 innuit
758 4206 1027 4262 monachi
1090 4206 1528 4274 indumentum,
1588 4210 1740 4265 nocti
1803 4228 2152 4283 congruum,

504 4294 564 4349 id
597 4295 750 4365 quod
795 4311 908 4350 nox
955 4311 1210 4368 quoque,
1243 4313 1370 4368 quas
1421 4298 1694 4354 sensibus
1745 4316 2011 4372 soporem
2045 4301 2153 4356 im-

503 4384 702 4455 pertit,
733 4384 944 4441 sortita
976 4390 1084 4440 est.

569 4563 659 4617 92.
693 4562 851 4619 Talis
900 4580 1032 4620 cum
1086 4564 1164 4620 sit
1222 4565 1487 4638 nigrities
1544 4570 1667 4633 tua,
1700 4571 1945 4624 canatur
1977 4569 2047 4623 de
2092 4571 2148 4624 te
2182 4572 2224 4636 D

499 4651 615 4707 ista
661 4652 953 4708 sententia
999 4671 1073 4708 ;‹‹
1124 4653 1302 4726 Nigra
1359 4671 1514 4724 sum,
1567 4657 1667 4711 sed
1731 4657 1988 4713 formosa
2021 4659 2084 4712 ‘7.
2122 4680 2144 4707 ι

499 4741 676 4797 Aliter
738 4743 892 4799 enim
972 4742 1283 4815 pulchrum
1354 4761 1470 4798 non
1556 4755 1683 4816 est,
1753 4747 1906 4818 quod
1991 4761 2149 4802 mere

499 4831 732 4900 nigrum
764 4835 872 4896 est,
907 4831 1198 4903 siquidem
1249 4832 1456 4886 mortis
1504 4831 1789 4890 indicium
1821 4839 1909 4891 est
1951 4835 2009 4890 in
2058 4835 2146 4889 in-

498 4918 879 4975 firmitatibus
910 4919 1224 4992 corporeis.
1251 4919 1572 4991 Aliquando
1605 4927 1798 4979 tamen
1835 4923 2145 4996 pulchrum

496 5005 748 5078 videtur,
815 5009 864 5063 si
936 5009 1088 5079 quod
1157 5013 1570 5064 ornamentum
1637 5012 1893 5067 additur.
1969 5013 2144 5068 Lenis

496 5095 681 5168 nigris
746 5101 1185 5168 anteponuntur
1250 5096 1430 5168 nigrm
1497 5100 1648 5153 corvi
1717 5099 1965 5172 plumis,
2026 5119 2142 5157 non

493 5183 860 5256 simpliciter,
893 5187 993 5241 sed
1043 5186 1276 5258 quando
1316 5187 1488 5257 juxta
1518 5187 1701 5244 altera
1754 5189 1919 5262 nigra
1947 5191 2140 5246 confe-

493 5279 725 5330 runtur.
757 5274 876 5330 Hoc
922 5291 1056 5345 ergo
1092 5275 1284 5343 modo,
1317 5274 1754 5351 hac‘mensura,
1785 5278 1949 5351 niger
1996 5283 2139 5335 esto.

495 5363 779 5419 Similiter
826 5363 909 5419 sis
958 5364 1148 5434 albus,
1183 5364 1399 5419 virtute
1448 5365 1708 5435 elucens,
1739 5367 1937 5424 lumen
1989 5368 2142 5424 veri-

491 5453 633 5510 tatis
670 5452 968 5524 amittens,
1001 5457 1175 5526 rupta
1204 5452 1386 5509 densa
1424 5452 1751 5527 hypocrisis
1783 5457 2024 5528 nebula;
2058 5457 2142 5515 sic

579 5661 627 5700 ³⁸
651 5665 810 5724 Psal.
839 5683 1076 5742 eumn,
1104 5672 1161 5727 2.
1239 5670 1284 5708 ⁸⁷
1310 5670 1474 5729 Cant.
1507 5688 1549 5744 ι,
1575 5674 1630 5730 ε.

2277 3317 2676 3393 μεμελάνωσαι,
2736 3315 2842 3372 εἶ’τε
2913 3317 3269 3393 προλάμπεις
3335 3315 3564 3392 ἄκρατα.
3613 3316 3707 3390 Χρὴ
3769 3313 3840 3386 γὰρ

2273 3405 2626 3471 διατεθεῖσθαι
2681 3406 2748 3461 τὰ
2803 3405 2855 3460 έν
2903 3407 2986 3460 σοὶ
3022 3406 3203 3478 μέσως
3259 3407 3349 3460 καὶ
3411 3405 3571 3468 οὕτως
3621 3402 3837 3476 ἐναρέτως,

2272 3495 2380 3572 εἷ’γε
2427 3496 2658 3570 μεσότης
2690 3496 2853 3571 ἀρετή
2908 3501 3070 3553 πᾶσα.
3106 3494 3415 3569 Κατακίρνα
3469 3492 3631 3549 τοίνυν
3678 3491 3840 3546 σεαυτὸν

2272 3587 2590 3662 Οεαρέστως·
2623 3585 2713 3639 καὶ
2777 3582 3193 3658 μελαινόμενος,
3254 3583 3335 3662 ἐφ’
3393 3583 3510 3638 ὅσον
3568 3581 3736 3657 χρεὼν,
3775 3578 3836 3632 καὶ

2270 3673 2335 3730 αὖ
2375 3673 2536 3729 πάλιν
2596 3672 3127 3745 διαλευκαινόμενος,
3175 3674 3243 3728 τὸ
3307 3674 3399 3746 μὶν
3451 3671 3605 3739 ποίει,
3643 3669 3835 3744 κρύπτων

2267 3767 2366 3834 τήν
2417 3765 2467 3818 ἐν
2519 3764 2602 3817 σοὶ
2653 3763 2870 3838 ἀρετήν,
2902 3761 2990 3816 καὶ
3041 3762 3191 3817 σκιὰν
3228 3760 3470 3817 ἐκτείνων
3528 3751 3837 3832 σωτήριον,οὗ

2272 3856 2378 3926 μὴν
2413 3851 2669 3917 θανάτουο
2701 3851 2790 3906 καὶ
2838 3849 3155 3923 ἐμϐαθύνων
3195 3852 3490 3911 θειοτάτοις
3535 3848 3756 3919 νοήμασι,
3778 3840 3840 3896 καὶ

2268 3942 2416 3997 νυκτί
2449 3941 2640 4004 ἐοικὼς
2670 3942 2736 3996 τὰ
2786 3941 3026 4008 ὑπώπια,
3060 3940 3147 3994 ὅτε
3199 3937 3559 3994 δυσκολαίνων
3609 3931 3840 4010 ἀγριαίνεις

2265 4032 2401 4086 κατὰ
2457 4031 2672 4086 γακίανο
2705 4028 2793 4084 καὶ
2841 4028 3217 4102 κρυπτόμενος
3273 4026 3332 4084 δὲ
3382 4028 3472 4083 τὸν
3519 4024 3736 4098 δαίμονα,
3775 4019 3835 4074 καὶ

2267 4119 2408 4175 οὕτω
2441 4120 2720 4176 λανθάνειν
2746 4118 2903 4174 αὐτὸν
2951 4118 3320 4192 πειρώμενος,
3350 4117 3439 4172 καὶ
3491 4115 3590 4188 μὴν
3633 4112 3709 4167 καὶ
3754 4110 3839 4162 ἆνε-

2264 4211 2573 4283 παυόμενος
2602 4213 2699 4264 τοῦ
2729 4207 2851 4283 περὶ
2907 4206 2973 4262 τὰ
3026 4207 3152 4262 κενά
3203 4208 3452 4283 μοχθεῖν.
3478 4200 3725 4260 Ἀπονεύει
3764 4197 3836 4271 γάρ

2260 4321 2345 4354 τοι
2378 4299 2466 4354 καὶ
2499 4298 2574 4360 εἷς
2607 4297 2737 4353 αὐτὸ
2769 4290 3124 4370 συμϐολικῶς
3157 4296 3220 4350 τὸ
3259 4301 3357 4351 τοῦ
3418 4293 3694 4368 μοναχικοῦ
3734 4286 3836 4360 qr:-

2265 4396 2432 4462 ματος
2489 4386 2765 4461 νύκτερον,
2797 4384 2940 4440 ’ὀκαί
2969 4387 3004 4455 ἡ
3050 4385 3187 4459 πρὸς
3234 4383 3481 4455 αἴσθησιν
3538 4377 3839 4446 ἀναπαύσιμῡς

2259 4477 2350 4548 νὺξ
2378 4474 2746 4550 κεκλήρωται.

2329 4565 2436 4643 ίιβΖ
2468 4549 2732 4635 Τοιαύτης
2793 4561 2959 4634 οὔσης
3013 4561 3062 4618 ἔν
3123 4563 3208 4617 σοὶ
3264 4561 3587 4635 μελάνσεως,
3631 4549 3835 4643 ᾀδέτω-ἠ

2259 4635 2394 4709 κατά
2424 4654 2481 4708 σὶ
2513 4651 2723 4730 ὃιαρτία
2751 4653 2813 4708 τὸ
2845 4677 2873 4703 ‹‹
2917 4649 3165 4709 Μέλαινα
3209 4650 3345 4705 εἶναι
3375 4649 3463 4705 καὶ
3508 4645 3656 4715 καλή.
3685 4667 3707 4694 ››
3735 4635 3835 4730 Ἅλο

2259 4742 2371 4805 λως
2401 4743 2501 4819 γὰρ
2533 4726 2789 4797 οὖνκαλόν
2821 4742 2882 4796 τὸ
2941 4740 3106 4814 μέλαν
3168 4739 3378 4812 ἁπλῶς,
3412 4736 3514 4814 εἷ’γε
3556 4733 3636 4789 καὶ
3681 4726 3832 4802 νεκρώ·

2259 4834 2395 4894 σεώς
2452 4830 2561 4886 έστι
2622 4826 2900 4904 σύμϐολον
2961 4829 3014 4884 ἐν
3062 4829 3343 4905 καχεξίαις
3411 4825 3730 4899 σωματικαῖς.
3773 4819 3831 4880 Hi

2262 4923 2443 4995 μένσοι
2475 4921 2563 4975 καὶ
2609 4920 2738 4975 αὐτὸ
2767 4918 2932 4974 καλὸν
2970 4920 3097 4974 εἶναι
3140 4919 3402 4993 φαίνεται,
3437 4914 3488 4970 εἴ
3527 4935 3622 4969 που
3663 4908 3756 4984 ἔχει
3795 4921 3831 4955 τι

2257 4992 2629 5083 έπικὸσμημα.
2657 5008 3009 5082 Τεμνύνονται
3059 4992 3185 5082 γοῦν
3229 5008 3319 5061 καὶ
3381 5005 3430 5060 ἐν
3483 5001 3634 5078 ἐρίοις
3681 4992 3832 5083 μελενζ

2255 5081 2460 5176 αυγέσιή
2493 5081 2558 5154 τά
2615 5081 2816 5172 κοραξὰ
2873 5099 2983 5173 οὐχ
3042 5081 3252 5164 ἁπλῶς,
3297 5093 3440 5150 ἀλλὰ
3493 5087 3742 5165 παραθέσει

2251 5190 2388 5264 πρὸς
2422 5189 2632 5265 ἑτεροῖα
2668 5187 2894 5260 μέλανα.
2928 5187 3026 5241 Καὶ
3059 5185 3200 5241 οὕτω
3253 5185 3349 5258 μὲν
3401 5182 3487 5238 καὶ
3538 5179 3585 5242 ἐς
3631 5176 3829 5230 τοτοῦτον

2252 5277 2406 5352 γίνου
2434 5263 2530 5332 τού
2565 5276 2811 5354 μέλανος.
2849 5273 3234 5331 Διαλευκαίνου
3265 5271 3344 5343 δὲ,
3376 5271 3594 5345 λάμπων
3644 5263 3830 5362 ἀρεταῖξν

2251 5369 2338 5422 καὶ
2382 5365 2638 5438 ἀληθείας
2687 5364 3055 5422 ἀποδισκεύων
3106 5369 3240 5444 φῶς,
3274 5361 3364 5417 καὶ
3411 5361 3471 5416 τὸ
3514 5365 3604 5428 τῆς
3654 5354 3830 5418 ὑποκὲί’

2252 5476 2386 5520 σεως
2421 5456 2555 5534 βαθὺ
2586 5457 2746 5533 νέφος
2797 5454 3020 5534 ῥηγνὺς,
3052 5441 3140 5510 καὶ
3190 5451 3330 5508 οὕτω
3384 5448 3620 5524 λαμπρὸς
3672 5441 3827 5500 ἐκεῖθεν
