  <div class='ocr_page' id='page_1' title='image "/cluster/home/n/w/nwhite01/storage/ocr_20150623/135/hvd.32044073502528/408.png"; bbox 0 0 4104 6210; ppageno 0'>
   <div class='ocr_carea' id='block_1_1' title="bbox 240 377 361 438">
    <p class='ocr_par' dir='ltr' id='par_1_1' title="bbox 240 377 361 438">
     <span class='ocr_line' id='line_1_1' title="bbox 240 377 361 438; baseline 0.017 -2"><span class='ocrx_word' id='word_1_1' title='bbox 240 377 361 438; x_wconf 76' lang='lat'><strong>865</strong></span> 
     </span>
    </p>
   </div>
   <div class='ocr_carea' id='block_1_2' title="bbox 1255 366 2647 434">
    <p class='ocr_par' dir='ltr' id='par_1_2' title="bbox 1255 366 2647 434">
     <span class='ocr_line' id='line_1_2' title="bbox 1255 366 2647 434; baseline -0.004 0"><span class='ocrx_word' id='word_1_2' title='bbox 1255 372 1359 434; x_wconf 85' lang='lat' dir='ltr'><strong>DE</strong></span> <span class='ocrx_word' id='word_1_3' title='bbox 1398 368 1896 432; x_wconf 82' lang='lat' dir='ltr'><strong>EMENDANDA</strong></span> <span class='ocrx_word' id='word_1_4' title='bbox 1936 367 2121 431; x_wconf 76' lang='lat' dir='ltr'><strong>VlTA</strong></span> <span class='ocrx_word' id='word_1_5' title='bbox 2165 366 2647 432; x_wconf 79' lang='lat' dir='ltr'><strong>MONACHIGA.</strong></span> 
     </span>
    </p>
   </div>
   <div class='ocr_carea' id='block_1_3' title="bbox 3534 378 3653 442">
    <p class='ocr_par' dir='ltr' id='par_1_3' title="bbox 3534 378 3653 442">
     <span class='ocr_line' id='line_1_3' title="bbox 3534 378 3653 442; baseline 0.025 -3"><span class='ocrx_word' id='word_1_6' title='bbox 3534 378 3653 442; x_wconf 88' lang='lat'><strong>806</strong></span> 
     </span>
    </p>
   </div>
   <div class='ocr_carea' id='block_1_4' title="bbox 238 499 1899 580">
    <p class='ocr_par' dir='ltr' id='par_1_4' title="bbox 238 499 1888 580">
     <span class='ocr_line' id='line_1_4' title="bbox 238 499 1888 580; baseline -0.005 -18"><span class='ocrx_word' id='word_1_7' title='bbox 238 506 544 578; x_wconf 76' lang='grc' dir='ltr'>ἐκκόπτων,</span> <span class='ocrx_word' id='word_1_8' title='bbox 599 504 688 559; x_wconf 79' lang='grc' dir='ltr'><strong>καὶ</strong></span> <span class='ocrx_word' id='word_1_9' title='bbox 742 502 1036 580; x_wconf 76' lang='grc' dir='ltr'>αἱθριάζων</span> <span class='ocrx_word' id='word_1_10' title='bbox 1085 509 1205 567; x_wconf 85' lang='grc' dir='ltr'>τοῖς</span> <span class='ocrx_word' id='word_1_11' title='bbox 1237 501 1520 580; x_wconf 84' lang='grc' dir='ltr'>βλέπουσι,</span> <span class='ocrx_word' id='word_1_12' title='bbox 1564 501 1654 555; x_wconf 86' lang='grc' dir='ltr'><strong>καὶ</strong></span> <span class='ocrx_word' id='word_1_13' title='bbox 1691 499 1754 555; x_wconf 82' lang='grc' dir='ltr'><strong>τὸ</strong></span> <span class='ocrx_word' id='word_1_14' title='bbox 1783 503 1888 554; x_wconf 83' lang='grc' dir='ltr'>πᾶν</span> 
     </span>
    </p>
   </div>
   <div class='ocr_carea' id='block_1_5' title="bbox 2015 499 3651 580">
    <p class='ocr_par' dir='ltr' id='par_1_5' title="bbox 2015 501 3651 578">
     <span class='ocr_line' id='line_1_5' title="bbox 2015 501 3651 578; baseline 0.008 -23"><span class='ocrx_word' id='word_1_15' title='bbox 2015 501 2239 558; x_wconf 79' lang='lat' dir='ltr'><strong>lucidus</strong></span> <span class='ocrx_word' id='word_1_16' title='bbox 2287 505 2435 571; x_wconf 90' lang='lat' dir='ltr'><strong>esto,</strong></span> <span class='ocrx_word' id='word_1_17' title='bbox 2467 501 2838 558; x_wconf 85' lang='lat' dir='ltr'><strong>intuentibus</strong></span> <span class='ocrx_word' id='word_1_18' title='bbox 2887 503 3258 577; x_wconf 81' lang='lat' dir='ltr'><strong>manifestus,</strong></span> <span class='ocrx_word' id='word_1_19' title='bbox 3291 511 3366 578; x_wconf 90' lang='lat' dir='ltr'><strong>et,</strong></span> <span class='ocrx_word' id='word_1_20' title='bbox 3399 508 3448 564; x_wconf 90' lang='lat' dir='ltr'><strong>si</strong></span> <span class='ocrx_word' id='word_1_21' title='bbox 3479 527 3651 568; x_wconf 91' lang='lat' dir='ltr'><strong>omne</strong></span> 
     </span>
    </p>
   </div>
   <div class='ocr_carea' id='block_1_6' title="bbox 239 586 1900 670">
    <p class='ocr_par' dir='ltr' id='par_1_6' title="bbox 239 586 1900 670">
     <span class='ocr_line' id='line_1_6' title="bbox 239 586 1900 670; baseline -0.004 -20"><span class='ocrx_word' id='word_1_22' title='bbox 239 597 414 651; x_wconf 84' lang='grc' dir='ltr'>εἰπεῖν</span> <span class='ocrx_word' id='word_1_23' title='bbox 474 593 701 670; x_wconf 80' lang='grc' dir='ltr'>έγγίζων</span> <span class='ocrx_word' id='word_1_24' title='bbox 751 597 840 664; x_wconf 77' lang='grc' dir='ltr'><strong>’τῷ</strong></span> <span class='ocrx_word' id='word_1_25' title='bbox 897 594 1036 670; x_wconf 79' lang='grc' dir='ltr'>φωτὶ</span> <span class='ocrx_word' id='word_1_26' title='bbox 1068 597 1148 664; x_wconf 80' lang='grc' dir='ltr'><strong>τῷ</strong></span> <span class='ocrx_word' id='word_1_27' title='bbox 1181 590 1440 662; x_wconf 80' lang='grc' dir='ltr'>έληθινῷ,</span> <span class='ocrx_word' id='word_1_28' title='bbox 1472 590 1638 664; x_wconf 81' lang='grc' dir='ltr'>οὗπερ</span> <span class='ocrx_word' id='word_1_29' title='bbox 1673 589 1701 643; x_wconf 87' lang='grc' dir='ltr'>ὁ</span> <span class='ocrx_word' id='word_1_30' title='bbox 1731 586 1900 651; x_wconf 89' lang='grc' dir='ltr'>πέλας</span> 
     </span>
    </p>
   </div>
   <div class='ocr_carea' id='block_1_7' title="bbox 237 675 1900 760">
    <p class='ocr_par' dir='ltr' id='par_1_7' title="bbox 237 675 1900 760">
     <span class='ocr_line' id='line_1_7' title="bbox 237 675 1900 760; baseline -0.004 -21"><span class='ocrx_word' id='word_1_31' title='bbox 237 684 533 760; x_wconf 81' lang='grc' dir='ltr'>γενόμενος</span> <span class='ocrx_word' id='word_1_32' title='bbox 591 683 693 737; x_wconf 77' lang='grc' dir='ltr'><strong>οὐκ</strong></span> <span class='ocrx_word' id='word_1_33' title='bbox 741 681 848 746; x_wconf 74' lang='grc' dir='ltr'>ἔσθ’</span> <span class='ocrx_word' id='word_1_34' title='bbox 897 684 1049 743; x_wconf 87' lang='grc' dir='ltr'>ὅπως</span> <span class='ocrx_word' id='word_1_35' title='bbox 1099 680 1148 735; x_wconf 84' lang='grc' dir='ltr'>ἐν</span> <span class='ocrx_word' id='word_1_36' title='bbox 1205 681 1384 752; x_wconf 82' lang='grc' dir='ltr'><strong>σκότῳ</strong></span> <span class='ocrx_word' id='word_1_37' title='bbox 1419 680 1586 752; x_wconf 88' lang='grc' dir='ltr'>μένει,</span> <span class='ocrx_word' id='word_1_38' title='bbox 1620 675 1745 732; x_wconf 74' lang='grc' dir='ltr'>οὐδὲ</span> <span class='ocrx_word' id='word_1_39' title='bbox 1776 699 1900 733; x_wconf 91' lang='grc' dir='ltr'>σκο-</span> 
     </span>
    </p>
   </div>
   <div class='ocr_carea' id='block_1_8' title="bbox 233 769 1436 853">
    <p class='ocr_par' dir='ltr' id='par_1_8' title="bbox 233 769 1436 853">
     <span class='ocr_line' id='line_1_8' title="bbox 233 769 1436 853; baseline -0.003 -23"><span class='ocrx_word' id='word_1_40' title='bbox 233 779 489 853; x_wconf 70' lang='grc' dir='ltr'>τοφορεῖ,</span> <span class='ocrx_word' id='word_1_41' title='bbox 518 772 613 828; x_wconf 73' lang='grc' dir='ltr'>κᾶν</span> <span class='ocrx_word' id='word_1_42' title='bbox 649 773 676 827; x_wconf 88' lang='grc' dir='ltr'>ὁ</span> <span class='ocrx_word' id='word_1_43' title='bbox 706 771 920 827; x_wconf 87' lang='grc' dir='ltr'>πάντων</span> <span class='ocrx_word' id='word_1_44' title='bbox 957 769 1042 841; x_wconf 71' lang='grc' dir='ltr'><strong>εἴη</strong></span> <span class='ocrx_word' id='word_1_45' title='bbox 1081 769 1436 844; x_wconf 73' lang='grc' dir='ltr'><strong>μελάντατος.</strong></span> 
     </span>
    </p>
   </div>
   <div class='ocr_carea' id='block_1_9' title="bbox 312 856 1899 941">
    <p class='ocr_par' dir='ltr' id='par_1_9' title="bbox 312 856 1899 941">
     <span class='ocr_line' id='line_1_9' title="bbox 312 856 1899 941; baseline -0.006 -20"><span class='ocrx_word' id='word_1_46' title='bbox 312 864 419 941; x_wconf 66' lang='grc' dir='ltr'><strong>ια’.</strong></span> <span class='ocrx_word' id='word_1_47' title='bbox 448 866 570 920; x_wconf 72' lang='lat' dir='ltr'><strong>&quot;En</strong></span> <span class='ocrx_word' id='word_1_48' title='bbox 603 860 823 917; x_wconf 76' lang='grc' dir='ltr'>διανοοῦ</span> <span class='ocrx_word' id='word_1_49' title='bbox 853 860 943 916; x_wconf 86' lang='grc' dir='ltr'>καὶ</span> <span class='ocrx_word' id='word_1_50' title='bbox 976 860 1058 916; x_wconf 82' lang='grc' dir='ltr'><strong>ὅτι</strong></span> <span class='ocrx_word' id='word_1_51' title='bbox 1118 861 1180 914; x_wconf 76' lang='grc' dir='ltr'><strong>τὸ</strong></span> <span class='ocrx_word' id='word_1_52' title='bbox 1229 858 1664 936; x_wconf 80' lang='grc' dir='ltr'><strong>προφαινόμενον</strong></span> <span class='ocrx_word' id='word_1_53' title='bbox 1715 856 1768 912; x_wconf 84' lang='grc' dir='ltr'>έν</span> <span class='ocrx_word' id='word_1_54' title='bbox 1815 859 1899 912; x_wconf 82' lang='grc' dir='ltr'>σοὶ</span> 
     </span>
    </p>
   </div>
   <div class='ocr_carea' id='block_1_10' title="bbox 243 942 1896 1026">
    <p class='ocr_par' dir='ltr' id='par_1_10' title="bbox 243 942 1896 1026">
     <span class='ocr_line' id='line_1_10' title="bbox 243 942 1896 1026; baseline -0.004 -18"><span class='ocrx_word' id='word_1_55' title='bbox 243 951 417 1026; x_wconf 85' lang='grc' dir='ltr'>μέλαν</span> <span class='ocrx_word' id='word_1_56' title='bbox 451 953 540 1006; x_wconf 78' lang='grc' dir='ltr'><strong>καὶ</strong></span> <span class='ocrx_word' id='word_1_57' title='bbox 575 952 648 1012; x_wconf 81' lang='grc' dir='ltr'>ὡς</span> <span class='ocrx_word' id='word_1_58' title='bbox 680 949 757 1012; x_wconf 80' lang='grc' dir='ltr'>εἷς</span> <span class='ocrx_word' id='word_1_59' title='bbox 807 950 1035 1014; x_wconf 84' lang='grc' dir='ltr'>θανάτου</span> <span class='ocrx_word' id='word_1_60' title='bbox 1066 942 1342 1023; x_wconf 80' lang='grc' dir='ltr'>συμϐολόν</span> <span class='ocrx_word' id='word_1_61' title='bbox 1385 969 1467 1003; x_wconf 92' lang='grc' dir='ltr'><strong>σοι</strong></span> <span class='ocrx_word' id='word_1_62' title='bbox 1523 947 1896 1024; x_wconf 87' lang='grc' dir='ltr'>προκέκριται’</span> 
     </span>
    </p>
   </div>
   <div class='ocr_carea' id='block_1_11' title="bbox 240 1034 1903 1116">
    <p class='ocr_par' dir='ltr' id='par_1_11' title="bbox 240 1034 1903 1116">
     <span class='ocr_line' id='line_1_11' title="bbox 240 1034 1903 1116; baseline -0.002 -21"><span class='ocrx_word' id='word_1_63' title='bbox 240 1039 386 1095; x_wconf 79' lang='grc' dir='ltr'>ὥστε</span> <span class='ocrx_word' id='word_1_64' title='bbox 442 1043 762 1115; x_wconf 87' lang='grc' dir='ltr'>νεκροῦσθαι</span> <span class='ocrx_word' id='word_1_65' title='bbox 815 1040 909 1112; x_wconf 73' lang='grc' dir='ltr'>μὶν</span> <span class='ocrx_word' id='word_1_66' title='bbox 960 1038 1238 1116; x_wconf 74' lang='grc' dir='ltr'>ἰμφαίνεις</span> <span class='ocrx_word' id='word_1_67' title='bbox 1294 1042 1373 1110; x_wconf 77' lang='grc' dir='ltr'><strong>τῷ</strong></span> <span class='ocrx_word' id='word_1_68' title='bbox 1431 1037 1666 1110; x_wconf 84' lang='grc' dir='ltr'>σώματι,</span> <span class='ocrx_word' id='word_1_69' title='bbox 1723 1041 1802 1109; x_wconf 80' lang='grc' dir='ltr'>τῷ</span> <span class='ocrx_word' id='word_1_70' title='bbox 1845 1034 1903 1092; x_wconf 73' lang='grc' dir='ltr'>δὲ</span> 
     </span>
    </p>
   </div>
   <div class='ocr_carea' id='block_1_12' title="bbox 237 1122 1900 1203">
    <p class='ocr_par' dir='ltr' id='par_1_12' title="bbox 237 1122 1900 1203">
     <span class='ocr_line' id='line_1_12' title="bbox 237 1122 1900 1203; baseline -0.002 -19"><span class='ocrx_word' id='word_1_71' title='bbox 237 1128 514 1202; x_wconf 85' lang='grc' dir='ltr'>πνεύματι</span> <span class='ocrx_word' id='word_1_72' title='bbox 543 1128 632 1183; x_wconf 81' lang='grc' dir='ltr'><strong>καὶ</strong></span> <span class='ocrx_word' id='word_1_73' title='bbox 676 1131 794 1201; x_wconf 79' lang='grc' dir='ltr'>ζῇν,</span> <span class='ocrx_word' id='word_1_74' title='bbox 852 1127 941 1182; x_wconf 78' lang='grc' dir='ltr'><strong>καὶ</strong></span> <span class='ocrx_word' id='word_1_75' title='bbox 997 1122 1432 1203; x_wconf 75' lang='grc' dir='ltr'>ὑπεραναϐαίνειν</span> <span class='ocrx_word' id='word_1_76' title='bbox 1485 1128 1584 1195; x_wconf 81' lang='grc' dir='ltr'>τήν</span> <span class='ocrx_word' id='word_1_77' title='bbox 1635 1132 1757 1202; x_wconf 80' lang='grc' dir='ltr'>γῆν,</span> <span class='ocrx_word' id='word_1_78' title='bbox 1811 1127 1900 1181; x_wconf 80' lang='grc' dir='ltr'>καὶ</span> 
     </span>
    </p>
   </div>
   <div class='ocr_carea' id='block_1_13' title="bbox 239 1213 1899 1290">
    <p class='ocr_par' dir='ltr' id='par_1_13' title="bbox 239 1213 1899 1290">
     <span class='ocr_line' id='line_1_13' title="bbox 239 1213 1899 1290; baseline -0.003 -15"><span class='ocrx_word' id='word_1_79' title='bbox 239 1221 360 1275; x_wconf 85' lang='grc' dir='ltr'>κατ’</span> <span class='ocrx_word' id='word_1_80' title='bbox 399 1219 568 1288; x_wconf 76' lang='grc' dir='ltr'>αὐτὴν</span> <span class='ocrx_word' id='word_1_81' title='bbox 592 1217 788 1286; x_wconf 87' lang='grc' dir='ltr'>πάντα,</span> <span class='ocrx_word' id='word_1_82' title='bbox 847 1215 945 1272; x_wconf 87' lang='grc' dir='ltr'><strong>ὅσα</strong></span> <span class='ocrx_word' id='word_1_83' title='bbox 975 1215 1192 1272; x_wconf 90' lang='grc' dir='ltr'>πολλοῦ</span> <span class='ocrx_word' id='word_1_84' title='bbox 1237 1219 1457 1290; x_wconf 79' lang='grc' dir='ltr'>τιμᾶται</span> <span class='ocrx_word' id='word_1_85' title='bbox 1488 1221 1604 1278; x_wconf 89' lang='grc' dir='ltr'>τοῖς</span> <span class='ocrx_word' id='word_1_86' title='bbox 1635 1213 1899 1278; x_wconf 82' lang='grc' dir='ltr'><strong>πεδινοῖς.</strong></span> 
     </span>
    </p>
   </div>
   <div class='ocr_carea' id='block_1_14' title="bbox 239 1301 1902 1382">
    <p class='ocr_par' dir='ltr' id='par_1_14' title="bbox 239 1301 1902 1382">
     <span class='ocr_line' id='line_1_14' title="bbox 239 1301 1902 1382; baseline -0.002 -21"><span class='ocrx_word' id='word_1_87' title='bbox 239 1307 518 1381; x_wconf 83' lang='grc' dir='ltr'>Πένθιμος</span> <span class='ocrx_word' id='word_1_88' title='bbox 545 1306 649 1382; x_wconf 78' lang='grc' dir='ltr'><strong>γὰρ</strong></span> <span class='ocrx_word' id='word_1_89' title='bbox 685 1305 802 1381; x_wconf 87' lang='grc' dir='ltr'>βίος</span> <span class='ocrx_word' id='word_1_90' title='bbox 834 1307 861 1359; x_wconf 92' lang='grc' dir='ltr'>ὁ</span> <span class='ocrx_word' id='word_1_91' title='bbox 919 1306 1056 1360; x_wconf 83' lang='grc' dir='ltr'>κατᾶ</span> <span class='ocrx_word' id='word_1_92' title='bbox 1112 1307 1190 1378; x_wconf 71' lang='grc' dir='ltr'><strong>σε,</strong></span> <span class='ocrx_word' id='word_1_93' title='bbox 1222 1307 1295 1368; x_wconf 87' lang='grc' dir='ltr'>ὡς</span> <span class='ocrx_word' id='word_1_94' title='bbox 1325 1307 1426 1361; x_wconf 84' lang='grc' dir='ltr'>οὐκ</span> <span class='ocrx_word' id='word_1_95' title='bbox 1451 1303 1510 1360; x_wconf 77' lang='grc' dir='ltr'>ἂν</span> <span class='ocrx_word' id='word_1_96' title='bbox 1543 1301 1696 1380; x_wconf 74' lang='grc' dir='ltr'>ἔχοις</span> <span class='ocrx_word' id='word_1_97' title='bbox 1729 1305 1902 1359; x_wconf 79' lang='grc' dir='ltr'>ἀντει-</span> 
     </span>
    </p>
   </div>
   <div class='ocr_carea' id='block_1_15' title="bbox 237 1391 1899 1473">
    <p class='ocr_par' dir='ltr' id='par_1_15' title="bbox 237 1391 1899 1473">
     <span class='ocr_line' id='line_1_15' title="bbox 237 1391 1899 1473; baseline -0.004 -18"><span class='ocrx_word' id='word_1_98' title='bbox 237 1403 390 1456; x_wconf 74' lang='grc' dir='ltr'>πεῖν.</span> <span class='ocrx_word' id='word_1_99' title='bbox 451 1397 549 1452; x_wconf 81' lang='grc' dir='ltr'>Καὶ</span> <span class='ocrx_word' id='word_1_100' title='bbox 609 1395 697 1452; x_wconf 73' lang='grc' dir='ltr'><strong>διὰ</strong></span> <span class='ocrx_word' id='word_1_101' title='bbox 757 1400 924 1451; x_wconf 88' lang='grc' dir='ltr'>τοῦτο</span> <span class='ocrx_word' id='word_1_102' title='bbox 980 1401 1182 1473; x_wconf 83' lang='grc' dir='ltr'>χαραῖς</span> <span class='ocrx_word' id='word_1_103' title='bbox 1239 1395 1470 1459; x_wconf 86' lang='grc' dir='ltr'>άπάσαις</span> <span class='ocrx_word' id='word_1_104' title='bbox 1519 1396 1609 1450; x_wconf 80' lang='grc' dir='ltr'>καὶ</span> <span class='ocrx_word' id='word_1_105' title='bbox 1655 1391 1899 1464; x_wconf 78' lang='grc' dir='ltr'><strong>ἡδοναῖς,</strong></span> 
     </span>
    </p>
   </div>
   <div class='ocr_carea' id='block_1_16' title="bbox 236 1485 1900 1563">
    <p class='ocr_par' dir='ltr' id='par_1_16' title="bbox 236 1485 1900 1563">
     <span class='ocr_line' id='line_1_16' title="bbox 236 1485 1900 1563; baseline -0.004 -18"><span class='ocrx_word' id='word_1_106' title='bbox 236 1489 367 1545; x_wconf 85' lang='grc' dir='ltr'>ὅσαι</span> <span class='ocrx_word' id='word_1_107' title='bbox 416 1489 556 1543; x_wconf 79' lang='grc' dir='ltr'>κατὰ</span> <span class='ocrx_word' id='word_1_108' title='bbox 587 1487 730 1563; x_wconf 84' lang='grc' dir='ltr'>βίον,</span> <span class='ocrx_word' id='word_1_109' title='bbox 777 1488 863 1541; x_wconf 80' lang='grc' dir='ltr'><strong>καὶ</strong></span> <span class='ocrx_word' id='word_1_110' title='bbox 901 1485 1210 1562; x_wconf 87' lang='grc' dir='ltr'>διαχύσεσιν</span> <span class='ocrx_word' id='word_1_111' title='bbox 1273 1487 1501 1562; x_wconf 72' lang='grc' dir='ltr'>ἀμιγὴς,</span> <span class='ocrx_word' id='word_1_112' title='bbox 1562 1485 1900 1556; x_wconf 77' lang='grc' dir='ltr'>ἀπήνθησας,</span> 
     </span>
    </p>
   </div>
   <div class='ocr_carea' id='block_1_17' title="bbox 233 1572 1903 1652">
    <p class='ocr_par' dir='ltr' id='par_1_17' title="bbox 233 1572 1903 1652">
     <span class='ocr_line' id='line_1_17' title="bbox 233 1572 1903 1652; baseline -0.004 -18"><span class='ocrx_word' id='word_1_113' title='bbox 233 1577 329 1634; x_wconf 78' lang='grc' dir='ltr'><strong>ὅτε</strong></span> <span class='ocrx_word' id='word_1_114' title='bbox 361 1580 464 1647; x_wconf 76' lang='grc' dir='ltr'>τὴν</span> <span class='ocrx_word' id='word_1_115' title='bbox 508 1576 688 1649; x_wconf 81' lang='grc' dir='ltr'>κόμην</span> <span class='ocrx_word' id='word_1_116' title='bbox 737 1580 1116 1647; x_wconf 80' lang='grc' dir='ltr'><strong>πνευματικῶς</strong></span> <span class='ocrx_word' id='word_1_117' title='bbox 1160 1574 1452 1652; x_wconf 77' lang='grc' dir='ltr'><strong>άπεθρίξω⁸</strong></span> <span class='ocrx_word' id='word_1_118' title='bbox 1508 1572 1616 1650; x_wconf 75' lang='grc' dir='ltr'>εἷ¹γε</span> <span class='ocrx_word' id='word_1_119' title='bbox 1670 1574 1758 1629; x_wconf 82' lang='grc' dir='ltr'><strong>καὶ</strong></span> <span class='ocrx_word' id='word_1_120' title='bbox 1815 1575 1903 1628; x_wconf 87' lang='grc' dir='ltr'>ἀν-</span> 
     </span>
    </p>
   </div>
   <div class='ocr_carea' id='block_1_18' title="bbox 235 1661 1899 1742">
    <p class='ocr_par' dir='ltr' id='par_1_18' title="bbox 235 1661 1899 1742">
     <span class='ocr_line' id='line_1_18' title="bbox 235 1661 1899 1742; baseline -0.004 -20"><span class='ocrx_word' id='word_1_121' title='bbox 235 1673 353 1732; x_wconf 82' lang='grc' dir='ltr'>θεῖν</span> <span class='ocrx_word' id='word_1_122' title='bbox 412 1665 623 1742; x_wconf 87' lang='grc' dir='ltr'>λέγεται</span> <span class='ocrx_word' id='word_1_123' title='bbox 675 1663 882 1742; x_wconf 79' lang='grc' dir='ltr'>κεφαλὴ</span> <span class='ocrx_word' id='word_1_124' title='bbox 920 1663 972 1719; x_wconf 85' lang='grc' dir='ltr'>έν</span> <span class='ocrx_word' id='word_1_125' title='bbox 1002 1669 1082 1736; x_wconf 79' lang='grc' dir='ltr'>τῷ</span> <span class='ocrx_word' id='word_1_126' title='bbox 1137 1670 1334 1736; x_wconf 83' lang='grc' dir='ltr'>κομᾷν.</span> <span class='ocrx_word' id='word_1_127' title='bbox 1397 1667 1645 1736; x_wconf 83' lang='grc' dir='ltr'>Ενθυμοῦ</span> <span class='ocrx_word' id='word_1_128' title='bbox 1701 1661 1899 1732; x_wconf 77' lang='grc' dir='ltr'>νοίνυν,</span> 
     </span>
    </p>
   </div>
   <div class='ocr_carea' id='block_1_19' title="bbox 233 1747 1902 1828">
    <p class='ocr_par' dir='ltr' id='par_1_19' title="bbox 233 1747 1902 1828">
     <span class='ocr_line' id='line_1_19' title="bbox 233 1747 1902 1828; baseline -0.003 -18"><span class='ocrx_word' id='word_1_129' title='bbox 233 1758 322 1810; x_wconf 82' lang='grc' dir='ltr'><strong>ὅτι</strong></span> <span class='ocrx_word' id='word_1_130' title='bbox 374 1775 433 1810; x_wconf 85' lang='grc' dir='ltr'><strong>τε</strong></span> <span class='ocrx_word' id='word_1_131' title='bbox 489 1756 700 1828; x_wconf 90' lang='grc' dir='ltr'>καρποῦ</span> <span class='ocrx_word' id='word_1_132' title='bbox 729 1751 946 1826; x_wconf 81' lang='grc' dir='ltr'>καιρίου</span> <span class='ocrx_word' id='word_1_133' title='bbox 993 1747 1172 1806; x_wconf 81' lang='grc' dir='ltr'>δόσιον</span> <span class='ocrx_word' id='word_1_134' title='bbox 1239 1753 1480 1828; x_wconf 85' lang='grc' dir='ltr'>ὑπέσχου</span> <span class='ocrx_word' id='word_1_135' title='bbox 1515 1751 1648 1824; x_wconf 83' lang='grc' dir='ltr'>μετᾶ</span> <span class='ocrx_word' id='word_1_136' title='bbox 1671 1752 1771 1819; x_wconf 74' lang='grc' dir='ltr'>τὴν</span> <span class='ocrx_word' id='word_1_137' title='bbox 1805 1747 1902 1805; x_wconf 72' lang='grc' dir='ltr'>ἄνευ</span> 
     </span>
    </p>
   </div>
   <div class='ocr_carea' id='block_1_20' title="bbox 234 1837 1898 1917">
    <p class='ocr_par' dir='ltr' id='par_1_20' title="bbox 234 1837 1898 1917">
     <span class='ocr_line' id='line_1_20' title="bbox 234 1837 1898 1917; baseline -0.002 -20"><span class='ocrx_word' id='word_1_138' title='bbox 234 1846 365 1915; x_wconf 77' lang='grc' dir='ltr'>θην,</span> <span class='ocrx_word' id='word_1_139' title='bbox 426 1842 488 1896; x_wconf 82' lang='grc' dir='ltr'>οὗ</span> <span class='ocrx_word' id='word_1_140' title='bbox 547 1838 864 1917; x_wconf 73' lang='grc' dir='ltr'>πρόδρομος</span> <span class='ocrx_word' id='word_1_141' title='bbox 922 1841 990 1910; x_wconf 79' lang='grc' dir='ltr'>ἧν</span> <span class='ocrx_word' id='word_1_142' title='bbox 1051 1837 1251 1910; x_wconf 76' lang='grc' dir='ltr'>ἕκείνη·</span> <span class='ocrx_word' id='word_1_143' title='bbox 1283 1840 1402 1910; x_wconf 26' lang='grc' dir='ltr'>,καὶ</span> <span class='ocrx_word' id='word_1_144' title='bbox 1434 1841 1507 1902; x_wconf 86' lang='grc' dir='ltr'>ὡς</span> <span class='ocrx_word' id='word_1_145' title='bbox 1541 1841 1645 1894; x_wconf 86' lang='grc' dir='ltr'><strong>οὑκ</strong></span> <span class='ocrx_word' id='word_1_146' title='bbox 1674 1837 1784 1894; x_wconf 77' lang='grc' dir='ltr'>ἔστι</span> <span class='ocrx_word' id='word_1_147' title='bbox 1815 1860 1898 1893; x_wconf 92' lang='grc' dir='ltr'><strong>σοι</strong></span> 
     </span>
    </p>
   </div>
   <div class='ocr_carea' id='block_1_21' title="bbox 235 1898 1977 2004">
    <p class='ocr_par' dir='ltr' id='par_1_21' title="bbox 235 1898 1977 2004">
     <span class='ocr_line' id='line_1_21' title="bbox 292 1898 1504 1917; baseline -0.007 -2"><span class='ocrx_word' id='word_1_148' title='bbox 292 1898 304 1913; x_wconf 80' lang='grc' dir='ltr'><strong><em>ο</em></strong></span> <span class='ocrx_word' id='word_1_149' title='bbox 349 1898 365 1915; x_wconf 74' lang='grc'><strong>,</strong></span> <span class='ocrx_word' id='word_1_150' title='bbox 591 1898 598 1914; x_wconf 85' lang='grc'><em>,</em></span> <span class='ocrx_word' id='word_1_151' title='bbox 694 1898 702 1917; x_wconf 90' lang='grc'><strong>.</strong></span> <span class='ocrx_word' id='word_1_152' title='bbox 765 1898 774 1914; x_wconf 90' lang='grc'><strong>.</strong></span> <span class='ocrx_word' id='word_1_153' title='bbox 852 1898 862 1903; x_wconf 88' lang='grc'><strong><em>-</em></strong></span> <span class='ocrx_word' id='word_1_154' title='bbox 947 1898 957 1910; x_wconf 91' lang='grc'><strong>.</strong></span> <span class='ocrx_word' id='word_1_155' title='bbox 1219 1898 1228 1910; x_wconf 96' lang='grc'><strong>.</strong></span> <span class='ocrx_word' id='word_1_156' title='bbox 1283 1907 1287 1910; x_wconf 82' lang='grc'><strong>,</strong></span> <span class='ocrx_word' id='word_1_157' title='bbox 1495 1898 1504 1902; x_wconf 90' lang='grc'><strong><em>-</em></strong></span> 
     </span>
     <span class='ocr_line' id='line_1_22' title="bbox 235 1898 1977 2004; baseline -0.003 -18"><span class='ocrx_word' id='word_1_158' title='bbox 235 1931 478 2002; x_wconf 75' lang='grc' dir='ltr'><strong>ἐξανθεῖν</strong></span> <span class='ocrx_word' id='word_1_159' title='bbox 537 1930 946 2004; x_wconf 87' lang='grc' dir='ltr'>κοσμικώτερον</span> <span class='ocrx_word' id='word_1_160' title='bbox 992 1931 1125 2003; x_wconf 78' lang='grc' dir='ltr'>μετὰ</span> <span class='ocrx_word' id='word_1_161' title='bbox 1155 1930 1253 1998; x_wconf 78' lang='grc' dir='ltr'>τήν</span> <span class='ocrx_word' id='word_1_162' title='bbox 1315 1930 1458 1992; x_wconf 82' lang='grc' dir='ltr'>θείαν</span> <span class='ocrx_word' id='word_1_163' title='bbox 1517 1929 1738 2003; x_wconf 86' lang='grc' dir='ltr'>κουράν.</span> <span class='ocrx_word' id='word_1_164' title='bbox 1800 1926 1897 1984; x_wconf 79' lang='grc' dir='ltr'>Καὶ</span> <span class='ocrx_word' id='word_1_165' title='bbox 1929 1898 1977 1963; x_wconf 84' lang='grc' dir='ltr'><strong>Β</strong></span> 
     </span>
    </p>
   </div>
   <div class='ocr_carea' id='block_1_22' title="bbox 233 2016 1894 2096">
    <p class='ocr_par' dir='ltr' id='par_1_22' title="bbox 233 2016 1894 2096">
     <span class='ocr_line' id='line_1_23' title="bbox 233 2016 1894 2096; baseline -0.003 -20"><span class='ocrx_word' id='word_1_166' title='bbox 233 2021 442 2076; x_wconf 84' lang='grc' dir='ltr'>τούτου</span> <span class='ocrx_word' id='word_1_167' title='bbox 501 2016 732 2094; x_wconf 67' lang='grc' dir='ltr'>αἴνιγμα</span> <span class='ocrx_word' id='word_1_168' title='bbox 786 2019 877 2074; x_wconf 80' lang='grc' dir='ltr'><strong>καὶ</strong></span> <span class='ocrx_word' id='word_1_169' title='bbox 933 2022 967 2089; x_wconf 79' lang='grc' dir='ltr'><strong>ἡ</strong></span> <span class='ocrx_word' id='word_1_170' title='bbox 1027 2023 1135 2072; x_wconf 84' lang='grc' dir='ltr'>τῶν</span> <span class='ocrx_word' id='word_1_171' title='bbox 1194 2018 1443 2090; x_wconf 78' lang='grc' dir='ltr'>ἀνθηρῶν</span> <span class='ocrx_word' id='word_1_172' title='bbox 1496 2018 1894 2096; x_wconf 73' lang='grc' dir='ltr'>άμφιασμάτων</span> 
     </span>
    </p>
   </div>
   <div class='ocr_carea' id='block_1_23' title="bbox 234 2104 1894 2184">
    <p class='ocr_par' dir='ltr' id='par_1_23' title="bbox 234 2104 1894 2184">
     <span class='ocr_line' id='line_1_24' title="bbox 234 2104 1894 2184; baseline -0.002 -21"><span class='ocrx_word' id='word_1_173' title='bbox 234 2109 525 2176; x_wconf 78' lang='grc' dir='ltr'>ἀπόθεσις,</span> <span class='ocrx_word' id='word_1_174' title='bbox 580 2107 670 2162; x_wconf 85' lang='grc' dir='ltr'><strong>καὶ</strong></span> <span class='ocrx_word' id='word_1_175' title='bbox 729 2105 877 2170; x_wconf 89' lang='grc' dir='ltr'>ὅσοις</span> <span class='ocrx_word' id='word_1_176' title='bbox 932 2105 1124 2168; x_wconf 75' lang='grc' dir='ltr'>ἄλλοις</span> <span class='ocrx_word' id='word_1_177' title='bbox 1155 2104 1474 2184; x_wconf 73' lang='grc' dir='ltr'>φθελμαίνει</span> <span class='ocrx_word' id='word_1_178' title='bbox 1503 2110 1718 2181; x_wconf 81' lang='grc' dir='ltr'>τρυφῶν</span> <span class='ocrx_word' id='word_1_179' title='bbox 1757 2105 1894 2181; x_wconf 89' lang='grc' dir='ltr'>βίος,</span> 
     </span>
    </p>
   </div>
   <div class='ocr_carea' id='block_1_24' title="bbox 235 2194 1893 2272">
    <p class='ocr_par' dir='ltr' id='par_1_24' title="bbox 235 2194 1893 2272">
     <span class='ocr_line' id='line_1_25' title="bbox 235 2194 1893 2272; baseline -0.006 -14"><span class='ocrx_word' id='word_1_180' title='bbox 235 2194 762 2271; x_wconf 75' lang='grc' dir='ltr'>συνεκϐαλλομένων</span> <span class='ocrx_word' id='word_1_181' title='bbox 807 2202 923 2259; x_wconf 82' lang='grc' dir='ltr'>τοῖς</span> <span class='ocrx_word' id='word_1_182' title='bbox 983 2196 1297 2272; x_wconf 78' lang='grc' dir='ltr'>βαθυτέροις</span> <span class='ocrx_word' id='word_1_183' title='bbox 1350 2196 1630 2272; x_wconf 69' lang='grc' dir='ltr'>βιωτικοῖς</span> <span class='ocrx_word' id='word_1_184' title='bbox 1656 2195 1743 2249; x_wconf 83' lang='grc' dir='ltr'><strong>καὶ</strong></span> <span class='ocrx_word' id='word_1_185' title='bbox 1786 2199 1893 2249; x_wconf 84' lang='grc' dir='ltr'><strong>τῶν</strong></span> 
     </span>
    </p>
   </div>
   <div class='ocr_carea' id='block_1_25' title="bbox 235 2287 596 2362">
    <p class='ocr_par' dir='ltr' id='par_1_25' title="bbox 235 2287 596 2362">
     <span class='ocr_line' id='line_1_26' title="bbox 235 2287 596 2362; baseline -0.006 -16"><span class='ocrx_word' id='word_1_186' title='bbox 235 2287 596 2362; x_wconf 72' lang='grc' dir='ltr'>ὲξεπιπολῆς.</span> 
     </span>
    </p>
   </div>
   <div class='ocr_carea' id='block_1_26' title="bbox 309 2366 1894 2454">
    <p class='ocr_par' dir='ltr' id='par_1_26' title="bbox 309 2366 1894 2454">
     <span class='ocr_line' id='line_1_27' title="bbox 309 2366 1894 2454; baseline -0.004 -23"><span class='ocrx_word' id='word_1_187' title='bbox 309 2373 418 2454; x_wconf 56' lang='grc' dir='ltr'>[ιδ’.</span> <span class='ocrx_word' id='word_1_188' title='bbox 478 2374 573 2442; x_wconf 74' lang='grc' dir='ltr'><strong>Μὴ</strong></span> <span class='ocrx_word' id='word_1_189' title='bbox 603 2373 703 2448; x_wconf 74' lang='grc' dir='ltr'>γὰρ</span> <span class='ocrx_word' id='word_1_190' title='bbox 764 2369 882 2426; x_wconf 80' lang='grc' dir='ltr'>οἷόυ</span> <span class='ocrx_word' id='word_1_191' title='bbox 919 2369 1059 2444; x_wconf 74' lang='grc' dir='ltr'>μηδὲ</span> <span class='ocrx_word' id='word_1_192' title='bbox 1117 2366 1446 2426; x_wconf 76' lang='grc' dir='ltr'>ἆναϐαινέτω</span> <span class='ocrx_word' id='word_1_193' title='bbox 1489 2369 1758 2446; x_wconf 87' lang='grc' dir='ltr'>λογισμὸς</span> <span class='ocrx_word' id='word_1_194' title='bbox 1819 2371 1894 2433; x_wconf 80' lang='grc' dir='ltr'>εἷς</span> 
     </span>
    </p>
   </div>
   <div class='ocr_carea' id='block_1_27' title="bbox 231 2458 1895 2538">
    <p class='ocr_par' dir='ltr' id='par_1_27' title="bbox 231 2458 1895 2538">
     <span class='ocr_line' id='line_1_28' title="bbox 231 2458 1895 2538; baseline -0.004 -18"><span class='ocrx_word' id='word_1_195' title='bbox 231 2468 336 2536; x_wconf 73' lang='grc' dir='ltr'><strong>τὴν</strong></span> <span class='ocrx_word' id='word_1_196' title='bbox 392 2460 618 2538; x_wconf 77' lang='grc' dir='ltr'>καρδίαν</span> <span class='ocrx_word' id='word_1_197' title='bbox 671 2481 790 2528; x_wconf 91' lang='grc' dir='ltr'>σου,</span> <span class='ocrx_word' id='word_1_198' title='bbox 824 2459 961 2515; x_wconf 77' lang='grc' dir='ltr'>εἶναί</span> <span class='ocrx_word' id='word_1_199' title='bbox 1013 2481 1066 2515; x_wconf 91' lang='grc' dir='ltr'><strong>τι</strong></span> <span class='ocrx_word' id='word_1_200' title='bbox 1123 2458 1271 2523; x_wconf 91' lang='grc' dir='ltr'>ὅλως</span> <span class='ocrx_word' id='word_1_201' title='bbox 1325 2461 1362 2530; x_wconf 75' lang='grc' dir='ltr'>ἢ</span> <span class='ocrx_word' id='word_1_202' title='bbox 1419 2464 1667 2536; x_wconf 88' lang='grc' dir='ltr'>μοναχοῦ</span> <span class='ocrx_word' id='word_1_203' title='bbox 1698 2459 1895 2535; x_wconf 85' lang='grc' dir='ltr'>ἀγαθοῦ</span> 
     </span>
    </p>
   </div>
   <div class='ocr_carea' id='block_1_28' title="bbox 230 2549 1894 2633">
    <p class='ocr_par' dir='ltr' id='par_1_28' title="bbox 230 2549 1894 2633">
     <span class='ocr_line' id='line_1_29' title="bbox 230 2549 1894 2633; baseline -0.003 -24"><span class='ocrx_word' id='word_1_204' title='bbox 230 2556 550 2633; x_wconf 82' lang='grc' dir='ltr'>γνώρισμα,</span> <span class='ocrx_word' id='word_1_205' title='bbox 608 2550 645 2620; x_wconf 74' lang='grc' dir='ltr'><strong>ἢ</strong></span> <span class='ocrx_word' id='word_1_206' title='bbox 705 2551 899 2605; x_wconf 81' lang='grc' dir='ltr'>λαῖκου</span> <span class='ocrx_word' id='word_1_207' title='bbox 956 2549 1264 2626; x_wconf 78' lang='grc' dir='ltr'>εὖχρήστου</span> <span class='ocrx_word' id='word_1_208' title='bbox 1321 2552 1466 2626; x_wconf 87' lang='grc' dir='ltr'>παρὰ</span> <span class='ocrx_word' id='word_1_209' title='bbox 1523 2551 1606 2605; x_wconf 81' lang='grc' dir='ltr'>σοὶ</span> <span class='ocrx_word' id='word_1_210' title='bbox 1633 2550 1691 2605; x_wconf 83' lang='grc' dir='ltr'>ὲκ</span> <span class='ocrx_word' id='word_1_211' title='bbox 1724 2549 1894 2623; x_wconf 87' lang='grc' dir='ltr'>μόνου</span> 
     </span>
    </p>
   </div>
   <div class='ocr_carea' id='block_1_29' title="bbox 233 2638 1896 2718">
    <p class='ocr_par' dir='ltr' id='par_1_29' title="bbox 233 2638 1896 2718">
     <span class='ocr_line' id='line_1_30' title="bbox 233 2638 1896 2718; baseline -0.003 -20"><span class='ocrx_word' id='word_1_212' title='bbox 233 2649 338 2700; x_wconf 85' lang='grc' dir='ltr'><strong>τοῦ</strong></span> <span class='ocrx_word' id='word_1_213' title='bbox 401 2639 801 2718; x_wconf 79' lang='grc' dir='ltr'>μελαμφορεῖν,</span> <span class='ocrx_word' id='word_1_214' title='bbox 852 2638 932 2693; x_wconf 89' lang='grc' dir='ltr'><strong>ὅτι</strong></span> <span class='ocrx_word' id='word_1_215' title='bbox 970 2641 1045 2712; x_wconf 85' lang='grc' dir='ltr'>μή</span> <span class='ocrx_word' id='word_1_216' title='bbox 1080 2638 1244 2713; x_wconf 86' lang='grc' dir='ltr'>μόνον</span> <span class='ocrx_word' id='word_1_217' title='bbox 1304 2639 1366 2693; x_wconf 85' lang='grc' dir='ltr'>τὸ</span> <span class='ocrx_word' id='word_1_218' title='bbox 1390 2639 1635 2714; x_wconf 81' lang='grc' dir='ltr'>κατάγειν</span> <span class='ocrx_word' id='word_1_219' title='bbox 1660 2640 1723 2693; x_wconf 87' lang='grc' dir='ltr'>τὸ</span> <span class='ocrx_word' id='word_1_220' title='bbox 1759 2638 1896 2715; x_wconf 89' lang='grc' dir='ltr'>μέγα</span> 
     </span>
    </p>
   </div>
   <div class='ocr_carea' id='block_1_30' title="bbox 239 2727 1897 2808">
    <p class='ocr_par' dir='ltr' id='par_1_30' title="bbox 239 2727 1897 2808">
     <span class='ocr_line' id='line_1_31' title="bbox 239 2727 1897 2808; baseline -0.004 -20"><span class='ocrx_word' id='word_1_221' title='bbox 239 2738 444 2808; x_wconf 80' lang='grc' dir='ltr'>σχῆμα</span> <span class='ocrx_word' id='word_1_222' title='bbox 498 2733 579 2801; x_wconf 77' lang='grc' dir='ltr'>τῷ</span> <span class='ocrx_word' id='word_1_223' title='bbox 633 2728 752 2783; x_wconf 83' lang='grc' dir='ltr'>κατ’</span> <span class='ocrx_word' id='word_1_224' title='bbox 827 2727 1020 2801; x_wconf 77' lang='grc' dir='ltr'>ἀρετήν</span> <span class='ocrx_word' id='word_1_225' title='bbox 1084 2731 1460 2803; x_wconf 79' lang='grc' dir='ltr'>σχηματισμῷ</span> <span class='ocrx_word' id='word_1_226' title='bbox 1518 2727 1594 2789; x_wconf 72' lang='grc' dir='ltr'>εἷς</span> <span class='ocrx_word' id='word_1_227' title='bbox 1655 2727 1897 2804; x_wconf 78' lang='grc' dir='ltr'>μεγάλην</span> 
     </span>
    </p>
   </div>
   <div class='ocr_carea' id='block_1_31' title="bbox 241 2814 1895 2894">
    <p class='ocr_par' dir='ltr' id='par_1_31' title="bbox 241 2814 1895 2894">
     <span class='ocr_line' id='line_1_32' title="bbox 241 2814 1895 2894; baseline -0.004 -17"><span class='ocrx_word' id='word_1_228' title='bbox 241 2820 555 2894; x_wconf 81' lang='grc' dir='ltr'>ὑπόκρισιν,</span> <span class='ocrx_word' id='word_1_229' title='bbox 609 2814 712 2872; x_wconf 65' lang='grc' dir='ltr'>εἴτ’</span> <span class='ocrx_word' id='word_1_230' title='bbox 771 2815 866 2871; x_wconf 81' lang='grc' dir='ltr'>οὗν</span> <span class='ocrx_word' id='word_1_231' title='bbox 921 2816 982 2870; x_wconf 84' lang='grc' dir='ltr'>τὸ</span> <span class='ocrx_word' id='word_1_232' title='bbox 1027 2814 1196 2870; x_wconf 86' lang='grc' dir='ltr'>καλὸν</span> <span class='ocrx_word' id='word_1_233' title='bbox 1249 2815 1542 2892; x_wconf 90' lang='grc' dir='ltr'>πρόσωπον</span> <span class='ocrx_word' id='word_1_234' title='bbox 1597 2816 1674 2879; x_wconf 74' lang='grc' dir='ltr'><strong>εἰς</strong></span> <span class='ocrx_word' id='word_1_235' title='bbox 1726 2837 1895 2892; x_wconf 89' lang='grc' dir='ltr'>προσ-</span> 
     </span>
    </p>
   </div>
   <div class='ocr_carea' id='block_1_32' title="bbox 243 2903 1896 2983">
    <p class='ocr_par' dir='ltr' id='par_1_32' title="bbox 243 2903 1896 2983">
     <span class='ocr_line' id='line_1_33' title="bbox 243 2903 1896 2983; baseline -0.004 -18"><span class='ocrx_word' id='word_1_236' title='bbox 243 2914 456 2965; x_wconf 84' lang='grc' dir='ltr'>ωπεῖον</span> <span class='ocrx_word' id='word_1_237' title='bbox 518 2904 890 2981; x_wconf 87' lang='grc' dir='ltr'>ὑποκριτικὸν,</span> <span class='ocrx_word' id='word_1_238' title='bbox 921 2904 1010 2958; x_wconf 84' lang='grc' dir='ltr'><strong>καὶ</strong></span> <span class='ocrx_word' id='word_1_239' title='bbox 1043 2904 1339 2982; x_wconf 76' lang='grc' dir='ltr'>φενακίζειν</span> <span class='ocrx_word' id='word_1_240' title='bbox 1371 2905 1452 2978; x_wconf 80' lang='grc' dir='ltr'><strong>αῷ</strong></span> <span class='ocrx_word' id='word_1_241' title='bbox 1480 2903 1896 2983; x_wconf 78' lang='grc' dir='ltr'>πρεφαινομένῳ</span> 
     </span>
    </p>
   </div>
   <div class='ocr_carea' id='block_1_33' title="bbox 240 2993 1897 3071">
    <p class='ocr_par' dir='ltr' id='par_1_33' title="bbox 240 2993 1897 3071">
     <span class='ocr_line' id='line_1_34' title="bbox 240 2993 1897 3071; baseline -0.002 -17"><span class='ocrx_word' id='word_1_242' title='bbox 240 2998 375 3061; x_wconf 76' lang='grc' dir='ltr'>τοὺς</span> <span class='ocrx_word' id='word_1_243' title='bbox 453 2993 878 3069; x_wconf 73' lang='grc' dir='ltr'>ἁπλουστέρους,</span> <span class='ocrx_word' id='word_1_244' title='bbox 944 2994 1033 3049; x_wconf 82' lang='grc' dir='ltr'><strong>καὶ</strong></span> <span class='ocrx_word' id='word_1_245' title='bbox 1095 2997 1263 3068; x_wconf 74' lang='grc' dir='ltr'>μήπω</span> <span class='ocrx_word' id='word_1_246' title='bbox 1315 2997 1744 3071; x_wconf 68' lang='grc' dir='ltr'>πεπειραμένους</span> <span class='ocrx_word' id='word_1_247' title='bbox 1798 3002 1897 3066; x_wconf 83' lang='grc' dir='ltr'>τῆς</span> 
     </span>
    </p>
   </div>
   <div class='ocr_carea' id='block_1_34' title="bbox 242 3082 1896 3158">
    <p class='ocr_par' dir='ltr' id='par_1_34' title="bbox 242 3082 1896 3158">
     <span class='ocr_line' id='line_1_35' title="bbox 242 3082 1896 3158; baseline -0.001 -17"><span class='ocrx_word' id='word_1_248' title='bbox 242 3095 344 3158; x_wconf 85' lang='grc' dir='ltr'><strong>σῆς</strong></span> <span class='ocrx_word' id='word_1_249' title='bbox 403 3084 713 3149; x_wconf 83' lang='grc' dir='ltr'>διαθέσεως.</span> <span class='ocrx_word' id='word_1_250' title='bbox 788 3085 858 3140; x_wconf 77' lang='grc'><strong>’³0</strong></span> <span class='ocrx_word' id='word_1_251' title='bbox 915 3083 1004 3138; x_wconf 81' lang='grc' dir='ltr'><strong>καὶ</strong></span> <span class='ocrx_word' id='word_1_252' title='bbox 1063 3082 1268 3158; x_wconf 75' lang='grc' dir='ltr'>λῃστής</span> <span class='ocrx_word' id='word_1_253' title='bbox 1321 3105 1453 3140; x_wconf 87' lang='grc' dir='ltr'>ποτε</span> <span class='ocrx_word' id='word_1_254' title='bbox 1507 3085 1597 3140; x_wconf 81' lang='grc' dir='ltr'><strong>καὶ</strong></span> <span class='ocrx_word' id='word_1_255' title='bbox 1653 3084 1896 3154; x_wconf 78' lang='grc' dir='ltr'>κλέπτης</span> 
     </span>
    </p>
   </div>
   <div class='ocr_carea' id='block_1_35' title="bbox 243 3169 1895 3251">
    <p class='ocr_par' dir='ltr' id='par_1_35' title="bbox 243 3169 1895 3251">
     <span class='ocr_line' id='line_1_36' title="bbox 243 3169 1895 3251; baseline -0.002 -21"><span class='ocrx_word' id='word_1_256' title='bbox 243 3172 633 3251; x_wconf 72' lang='grc' dir='ltr'>μιμησάμενος</span> <span class='ocrx_word' id='word_1_257' title='bbox 689 3169 1039 3246; x_wconf 84' lang='grc' dir='ltr'>ὑποκρίναιτο</span> <span class='ocrx_word' id='word_1_258' title='bbox 1095 3170 1155 3226; x_wconf 78' lang='grc' dir='ltr'>ἂν</span> <span class='ocrx_word' id='word_1_259' title='bbox 1219 3173 1311 3228; x_wconf 85' lang='grc' dir='ltr'>τὸν</span> <span class='ocrx_word' id='word_1_260' title='bbox 1367 3170 1664 3249; x_wconf 87' lang='grc' dir='ltr'>καλόγερον</span> <span class='ocrx_word' id='word_1_261' title='bbox 1697 3172 1784 3228; x_wconf 81' lang='grc' dir='ltr'>ἐπὶ</span> <span class='ocrx_word' id='word_1_262' title='bbox 1816 3172 1895 3244; x_wconf 76' lang='grc' dir='ltr'><strong>ἐξ·</strong></span> 
     </span>
    </p>
   </div>
   <div class='ocr_carea' id='block_1_36' title="bbox 2010 591 3655 671">
    <p class='ocr_par' dir='ltr' id='par_1_36' title="bbox 2010 591 3655 671">
     <span class='ocr_line' id='line_1_37' title="bbox 2010 591 3655 671; baseline 0.006 -25"><span class='ocrx_word' id='word_1_263' title='bbox 2010 591 2326 646; x_wconf 89' lang='lat' dir='ltr'><strong>dicendum</strong></span> <span class='ocrx_word' id='word_1_264' title='bbox 2358 596 2466 659; x_wconf 92' lang='lat' dir='ltr'><strong>est,</strong></span> <span class='ocrx_word' id='word_1_265' title='bbox 2499 591 2801 662; x_wconf 84' lang='lat' dir='ltr'><strong>proximus</strong></span> <span class='ocrx_word' id='word_1_266' title='bbox 2831 609 2963 648; x_wconf 91' lang='lat' dir='ltr'><strong>vero</strong></span> <span class='ocrx_word' id='word_1_267' title='bbox 2999 592 3228 662; x_wconf 85' lang='lat' dir='ltr'><strong>lumini,</strong></span> <span class='ocrx_word' id='word_1_268' title='bbox 3261 596 3332 650; x_wconf 91' lang='lat' dir='ltr'><strong>ad</strong></span> <span class='ocrx_word' id='word_1_269' title='bbox 3365 600 3518 668; x_wconf 91' lang='lat' dir='ltr'><strong>quod</strong></span> <span class='ocrx_word' id='word_1_270' title='bbox 3552 603 3655 671; x_wconf 87' lang='lat' dir='ltr'><strong>qui</strong></span> 
     </span>
    </p>
   </div>
   <div class='ocr_carea' id='block_1_37' title="bbox 2009 681 3655 762">
    <p class='ocr_par' dir='ltr' id='par_1_37' title="bbox 2009 681 3655 762">
     <span class='ocr_line' id='line_1_38' title="bbox 2009 681 3655 762; baseline 0.008 -28"><span class='ocrx_word' id='word_1_271' title='bbox 2009 681 2337 745; x_wconf 85' lang='lat' dir='ltr'><strong>accesserit,</strong></span> <span class='ocrx_word' id='word_1_272' title='bbox 2370 681 2428 735; x_wconf 91' lang='lat' dir='ltr'><strong>in</strong></span> <span class='ocrx_word' id='word_1_273' title='bbox 2463 681 2716 737; x_wconf 80' lang='lat' dir='ltr'><strong>tenebris</strong></span> <span class='ocrx_word' id='word_1_274' title='bbox 2737 697 3039 738; x_wconf 88' lang='lat' dir='ltr'><strong>remanere</strong></span> <span class='ocrx_word' id='word_1_275' title='bbox 3062 699 3174 738; x_wconf 92' lang='lat' dir='ltr'><strong>non</strong></span> <span class='ocrx_word' id='word_1_276' title='bbox 3211 687 3440 755; x_wconf 86' lang='lat' dir='ltr'><strong>poterit,</strong></span> <span class='ocrx_word' id='word_1_277' title='bbox 3466 705 3655 762; x_wconf 90' lang='lat' dir='ltr'><strong>neque</strong></span> 
     </span>
    </p>
   </div>
   <div class='ocr_carea' id='block_1_38' title="bbox 2009 767 3453 844">
    <p class='ocr_par' dir='ltr' id='par_1_38' title="bbox 2009 767 3453 844">
     <span class='ocr_line' id='line_1_39' title="bbox 2009 767 3453 844; baseline 0.006 -22"><span class='ocrx_word' id='word_1_278' title='bbox 2009 767 2157 824; x_wconf 85' lang='lat' dir='ltr'><strong>ferre</strong></span> <span class='ocrx_word' id='word_1_279' title='bbox 2186 770 2478 836; x_wconf 81' lang='lat' dir='ltr'><strong>tenebras,</strong></span> <span class='ocrx_word' id='word_1_280' title='bbox 2514 769 2648 825; x_wconf 90' lang='lat' dir='ltr'><strong>licet</strong></span> <span class='ocrx_word' id='word_1_281' title='bbox 2678 769 2756 825; x_wconf 87' lang='lat' dir='ltr'><strong>sit</strong></span> <span class='ocrx_word' id='word_1_282' title='bbox 2783 772 3046 826; x_wconf 85' lang='lat' dir='ltr'><strong>omnium</strong></span> <span class='ocrx_word' id='word_1_283' title='bbox 3079 771 3453 844; x_wconf 82' lang='lat' dir='ltr'><strong>nigerrimus.</strong></span> 
     </span>
    </p>
   </div>
   <div class='ocr_carea' id='block_1_39' title="bbox 2077 858 3656 931">
    <p class='ocr_par' dir='ltr' id='par_1_39' title="bbox 2077 858 3656 931">
     <span class='ocr_line' id='line_1_40' title="bbox 2077 858 3656 931; baseline 0.009 -20"><span class='ocrx_word' id='word_1_284' title='bbox 2077 858 2168 914; x_wconf 86' lang='lat'><strong>93.</strong></span> <span class='ocrx_word' id='word_1_285' title='bbox 2202 859 2516 915; x_wconf 83' lang='lat' dir='ltr'><strong>Considera</strong></span> <span class='ocrx_word' id='word_1_286' title='bbox 2563 859 2740 914; x_wconf 87' lang='lat' dir='ltr'><strong>etiam</strong></span> <span class='ocrx_word' id='word_1_287' title='bbox 2799 859 3093 931; x_wconf 81' lang='lat' dir='ltr'><strong>nigritiem</strong></span> <span class='ocrx_word' id='word_1_288' title='bbox 3143 861 3203 914; x_wconf 91' lang='lat' dir='ltr'><strong>in</strong></span> <span class='ocrx_word' id='word_1_289' title='bbox 3253 869 3310 916; x_wconf 86' lang='lat' dir='ltr'><strong>te</strong></span> <span class='ocrx_word' id='word_1_290' title='bbox 3359 869 3656 924; x_wconf 88' lang='lat' dir='ltr'><strong>ostensam</strong></span> 
     </span>
    </p>
   </div>
   <div class='ocr_carea' id='block_1_40' title="bbox 2009 945 3656 1027">
    <p class='ocr_par' dir='ltr' id='par_1_40' title="bbox 2009 945 3656 1027">
     <span class='ocr_line' id='line_1_41' title="bbox 2009 945 3656 1027; baseline 0.007 -27"><span class='ocrx_word' id='word_1_291' title='bbox 2009 945 2250 1001; x_wconf 82' lang='lat' dir='ltr'><strong>electam</strong></span> <span class='ocrx_word' id='word_1_292' title='bbox 2302 963 2431 1002; x_wconf 90' lang='lat' dir='ltr'><strong>esse</strong></span> <span class='ocrx_word' id='word_1_293' title='bbox 2488 947 2548 1001; x_wconf 93' lang='lat' dir='ltr'><strong>in</strong></span> <span class='ocrx_word' id='word_1_294' title='bbox 2606 947 2839 1019; x_wconf 90' lang='lat' dir='ltr'><strong>signum</strong></span> <span class='ocrx_word' id='word_1_295' title='bbox 2892 949 3116 1018; x_wconf 89' lang='lat' dir='ltr'><strong>mortis,</strong></span> <span class='ocrx_word' id='word_1_296' title='bbox 3149 948 3231 1004; x_wconf 89' lang='lat' dir='ltr'><strong>ita</strong></span> <span class='ocrx_word' id='word_1_297' title='bbox 3289 955 3354 1006; x_wconf 92' lang='lat' dir='ltr'><strong>ut</strong></span> <span class='ocrx_word' id='word_1_298' title='bbox 3411 968 3656 1027; x_wconf 85' lang='lat' dir='ltr'><strong>corpore</strong></span> 
     </span>
    </p>
   </div>
   <div class='ocr_carea' id='block_1_41' title="bbox 2008 1035 3659 1109">
    <p class='ocr_par' dir='ltr' id='par_1_41' title="bbox 2008 1035 3659 1109">
     <span class='ocr_line' id='line_1_42' title="bbox 2008 1035 3659 1109; baseline 0.01 -24"><span class='ocrx_word' id='word_1_299' title='bbox 2008 1035 2261 1090; x_wconf 89' lang='lat' dir='ltr'><strong>videaris</strong></span> <span class='ocrx_word' id='word_1_300' title='bbox 2295 1041 2561 1092; x_wconf 90' lang='lat' dir='ltr'><strong>mortuus</strong></span> <span class='ocrx_word' id='word_1_301' title='bbox 2592 1052 2740 1100; x_wconf 90' lang='lat' dir='ltr'><strong>esse,</strong></span> <span class='ocrx_word' id='word_1_302' title='bbox 2765 1037 2866 1091; x_wconf 90' lang='lat' dir='ltr'><strong>sed</strong></span> <span class='ocrx_word' id='word_1_303' title='bbox 2896 1037 3081 1091; x_wconf 86' lang='lat' dir='ltr'><strong>vivere</strong></span> <span class='ocrx_word' id='word_1_304' title='bbox 3113 1038 3345 1109; x_wconf 85' lang='lat' dir='ltr'><strong>spiritu,</strong></span> <span class='ocrx_word' id='word_1_305' title='bbox 3376 1045 3432 1096; x_wconf 89' lang='lat' dir='ltr'><strong>et</strong></span> <span class='ocrx_word' id='word_1_306' title='bbox 3462 1060 3659 1100; x_wconf 90' lang='lat' dir='ltr'><strong>ascen-</strong></span> 
     </span>
    </p>
   </div>
   <div class='ocr_carea' id='block_1_42' title="bbox 2009 1123 3651 1195">
    <p class='ocr_par' dir='ltr' id='par_1_42' title="bbox 2009 1123 3651 1195">
     <span class='ocr_line' id='line_1_43' title="bbox 2009 1123 3651 1195; baseline 0.007 -17"><span class='ocrx_word' id='word_1_307' title='bbox 2009 1123 2144 1178; x_wconf 88' lang='lat' dir='ltr'><strong>dere</strong></span> <span class='ocrx_word' id='word_1_308' title='bbox 2192 1140 2370 1195; x_wconf 88' lang='lat' dir='ltr'><strong>super</strong></span> <span class='ocrx_word' id='word_1_309' title='bbox 2414 1128 2630 1180; x_wconf 87' lang='lat' dir='ltr'><strong>terram</strong></span> <span class='ocrx_word' id='word_1_310' title='bbox 2689 1128 2745 1180; x_wconf 91' lang='lat' dir='ltr'><strong>et</strong></span> <span class='ocrx_word' id='word_1_311' title='bbox 2799 1125 2998 1180; x_wconf 84' lang='lat' dir='ltr'><strong>omnia</strong></span> <span class='ocrx_word' id='word_1_312' title='bbox 3053 1130 3301 1194; x_wconf 88' lang='lat' dir='ltr'><strong>terrena,</strong></span> <span class='ocrx_word' id='word_1_313' title='bbox 3333 1146 3366 1184; x_wconf 90' lang='lat' dir='ltr'><strong>a</strong></span> <span class='ocrx_word' id='word_1_314' title='bbox 3405 1134 3651 1191; x_wconf 81' lang='lat' dir='ltr'><strong>terrenis</strong></span> 
     </span>
    </p>
   </div>
   <div class='ocr_carea' id='block_1_43' title="bbox 2011 1213 3651 1290">
    <p class='ocr_par' dir='ltr' id='par_1_43' title="bbox 2011 1213 3651 1290">
     <span class='ocr_line' id='line_1_44' title="bbox 2011 1213 3651 1290; baseline 0.008 -24"><span class='ocrx_word' id='word_1_315' title='bbox 2011 1213 2208 1285; x_wconf 82' lang='lat' dir='ltr'><strong>magni</strong></span> <span class='ocrx_word' id='word_1_316' title='bbox 2249 1214 2555 1269; x_wconf 64' lang='lat' dir='ltr'><strong>mstimata.</strong></span> <span class='ocrx_word' id='word_1_317' title='bbox 2595 1215 2800 1268; x_wconf 87' lang='lat' dir='ltr'><strong>Amara</strong></span> <span class='ocrx_word' id='word_1_318' title='bbox 2845 1213 3000 1268; x_wconf 90' lang='lat' dir='ltr'><strong>enim</strong></span> <span class='ocrx_word' id='word_1_319' title='bbox 3032 1214 3150 1270; x_wconf 88' lang='lat' dir='ltr'><strong>vita</strong></span> <span class='ocrx_word' id='word_1_320' title='bbox 3196 1219 3316 1286; x_wconf 89' lang='lat' dir='ltr'><strong>tua,</strong></span> <span class='ocrx_word' id='word_1_321' title='bbox 3342 1221 3495 1290; x_wconf 91' lang='lat' dir='ltr'><strong>quod</strong></span> <span class='ocrx_word' id='word_1_322' title='bbox 3546 1240 3651 1279; x_wconf 90' lang='lat' dir='ltr'><strong>ne-</strong></span> 
     </span>
    </p>
   </div>
   <div class='ocr_carea' id='block_1_44' title="bbox 2008 1302 3652 1383">
    <p class='ocr_par' dir='ltr' id='par_1_44' title="bbox 2008 1302 3652 1383">
     <span class='ocr_line' id='line_1_45' title="bbox 2008 1302 3652 1383; baseline 0.006 -27"><span class='ocrx_word' id='word_1_323' title='bbox 2008 1316 2146 1373; x_wconf 89' lang='lat' dir='ltr'><strong>gare</strong></span> <span class='ocrx_word' id='word_1_324' title='bbox 2177 1317 2292 1357; x_wconf 90' lang='lat' dir='ltr'><strong>non</strong></span> <span class='ocrx_word' id='word_1_325' title='bbox 2324 1306 2508 1373; x_wconf 91' lang='lat' dir='ltr'><strong>potes.</strong></span> <span class='ocrx_word' id='word_1_326' title='bbox 2543 1302 2678 1357; x_wconf 88' lang='lat' dir='ltr'><strong>Ideo</strong></span> <span class='ocrx_word' id='word_1_327' title='bbox 2718 1302 2950 1373; x_wconf 84' lang='lat' dir='ltr'><strong>gaudiis</strong></span> <span class='ocrx_word' id='word_1_328' title='bbox 2991 1303 3268 1360; x_wconf 90' lang='lat' dir='ltr'><strong>omnibus</strong></span> <span class='ocrx_word' id='word_1_329' title='bbox 3299 1310 3354 1361; x_wconf 92' lang='lat' dir='ltr'><strong>et</strong></span> <span class='ocrx_word' id='word_1_330' title='bbox 3381 1309 3652 1383; x_wconf 89' lang='lat' dir='ltr'><strong>volupta-</strong></span> 
     </span>
    </p>
   </div>
   <div class='ocr_carea' id='block_1_45' title="bbox 2008 1389 3652 1468">
    <p class='ocr_par' dir='ltr' id='par_1_45' title="bbox 2008 1389 3652 1468">
     <span class='ocr_line' id='line_1_46' title="bbox 2008 1389 3652 1468; baseline 0.006 -23"><span class='ocrx_word' id='word_1_331' title='bbox 2008 1391 2170 1446; x_wconf 88' lang='lat' dir='ltr'><strong>tibus</strong></span> <span class='ocrx_word' id='word_1_332' title='bbox 2199 1390 2348 1458; x_wconf 68' lang='lat' dir='ltr'><strong>vitae,</strong></span> <span class='ocrx_word' id='word_1_333' title='bbox 2382 1395 2439 1446; x_wconf 90' lang='lat' dir='ltr'><strong>et</strong></span> <span class='ocrx_word' id='word_1_334' title='bbox 2473 1389 2846 1446; x_wconf 87' lang='lat' dir='ltr'><strong>exsultationi</strong></span> <span class='ocrx_word' id='word_1_335' title='bbox 2898 1407 3010 1446; x_wconf 90' lang='lat' dir='ltr'><strong>non</strong></span> <span class='ocrx_word' id='word_1_336' title='bbox 3039 1392 3250 1448; x_wconf 87' lang='lat' dir='ltr'><strong>mistus</strong></span> <span class='ocrx_word' id='word_1_337' title='bbox 3280 1399 3652 1468; x_wconf 82' lang='lat' dir='ltr'><strong>renuntiasti,</strong></span> 
     </span>
    </p>
   </div>
   <div class='ocr_carea' id='block_1_46' title="bbox 2010 1479 3652 1556">
    <p class='ocr_par' dir='ltr' id='par_1_46' title="bbox 2010 1479 3652 1556">
     <span class='ocr_line' id='line_1_47' title="bbox 2010 1479 3652 1556; baseline 0.006 -22"><span class='ocrx_word' id='word_1_338' title='bbox 2010 1496 2143 1534; x_wconf 91' lang='lat' dir='ltr'><strong>cum</strong></span> <span class='ocrx_word' id='word_1_339' title='bbox 2175 1496 2401 1536; x_wconf 87' lang='lat' dir='ltr'><strong>comam</strong></span> <span class='ocrx_word' id='word_1_340' title='bbox 2443 1479 2825 1552; x_wconf 88' lang='lat' dir='ltr'><strong>spiritualiter</strong></span> <span class='ocrx_word' id='word_1_341' title='bbox 2870 1481 3194 1552; x_wconf 76' lang='lat' dir='ltr'><strong>deposuisti</strong></span> <span class='ocrx_word' id='word_1_342' title='bbox 3229 1498 3241 1536; x_wconf 90' lang='lat'>:</span> <span class='ocrx_word' id='word_1_343' title='bbox 3277 1493 3450 1556; x_wconf 87' lang='lat' dir='ltr'><strong>caput</strong></span> <span class='ocrx_word' id='word_1_344' title='bbox 3497 1488 3652 1544; x_wconf 91' lang='lat' dir='ltr'><strong>enim</strong></span> 
     </span>
    </p>
   </div>
   <div class='ocr_carea' id='block_1_47' title="bbox 2010 1568 3655 1644">
    <p class='ocr_par' dir='ltr' id='par_1_47' title="bbox 2010 1568 3655 1644">
     <span class='ocr_line' id='line_1_48' title="bbox 2010 1568 3655 1644; baseline 0.005 -20"><span class='ocrx_word' id='word_1_345' title='bbox 2010 1569 2214 1624; x_wconf 87' lang='lat' dir='ltr'><strong>ﬂorere</strong></span> <span class='ocrx_word' id='word_1_346' title='bbox 2244 1569 2457 1624; x_wconf 90' lang='lat' dir='ltr'><strong>dicitur</strong></span> <span class='ocrx_word' id='word_1_347' title='bbox 2488 1569 2612 1624; x_wconf 88' lang='lat' dir='ltr'><strong>suis</strong></span> <span class='ocrx_word' id='word_1_348' title='bbox 2641 1568 2890 1640; x_wconf 86' lang='lat' dir='ltr'><strong>capillis.</strong></span> <span class='ocrx_word' id='word_1_349' title='bbox 2925 1569 3245 1625; x_wconf 83' lang='lat' dir='ltr'><strong>Recordare</strong></span> <span class='ocrx_word' id='word_1_350' title='bbox 3276 1588 3412 1644; x_wconf 88' lang='lat' dir='ltr'><strong>ergo</strong></span> <span class='ocrx_word' id='word_1_351' title='bbox 3442 1578 3498 1630; x_wconf 89' lang='lat' dir='ltr'><strong>te</strong></span> <span class='ocrx_word' id='word_1_352' title='bbox 3527 1592 3655 1634; x_wconf 89' lang='lat' dir='ltr'><strong>esse</strong></span> 
     </span>
    </p>
   </div>
   <div class='ocr_carea' id='block_1_48' title="bbox 2009 1657 3656 1736">
    <p class='ocr_par' dir='ltr' id='par_1_48' title="bbox 2009 1657 3656 1736">
     <span class='ocr_line' id='line_1_49' title="bbox 2009 1657 3656 1736; baseline 0.006 -25"><span class='ocrx_word' id='word_1_353' title='bbox 2009 1657 2282 1712; x_wconf 90' lang='lat' dir='ltr'><strong>daturum</strong></span> <span class='ocrx_word' id='word_1_354' title='bbox 2353 1657 2608 1712; x_wconf 86' lang='lat' dir='ltr'><strong>fructum</strong></span> <span class='ocrx_word' id='word_1_355' title='bbox 2661 1657 2721 1710; x_wconf 91' lang='lat' dir='ltr'><strong>in</strong></span> <span class='ocrx_word' id='word_1_356' title='bbox 2779 1661 3044 1729; x_wconf 89' lang='lat' dir='ltr'><strong>tempore</strong></span> <span class='ocrx_word' id='word_1_357' title='bbox 3113 1661 3457 1730; x_wconf 83' lang='lat' dir='ltr'><strong>promisisse</strong></span> <span class='ocrx_word' id='word_1_358' title='bbox 3527 1671 3656 1736; x_wconf 87' lang='lat' dir='ltr'><strong>post</strong></span> 
     </span>
    </p>
   </div>
   <div class='ocr_carea' id='block_1_49' title="bbox 2007 1746 3655 1818">
    <p class='ocr_par' dir='ltr' id='par_1_49' title="bbox 2007 1746 3655 1818">
     <span class='ocr_line' id='line_1_50' title="bbox 2007 1746 3655 1818; baseline 0.007 -18"><span class='ocrx_word' id='word_1_359' title='bbox 2007 1749 2196 1811; x_wconf 89' lang='lat' dir='ltr'><strong>ﬂores,</strong></span> <span class='ocrx_word' id='word_1_360' title='bbox 2233 1747 2402 1818; x_wconf 87' lang='lat' dir='ltr'><strong>cujus</strong></span> <span class='ocrx_word' id='word_1_361' title='bbox 2435 1746 2494 1800; x_wconf 89' lang='lat' dir='ltr'><strong>hi</strong></span> <span class='ocrx_word' id='word_1_362' title='bbox 2529 1746 2715 1802; x_wconf 86' lang='lat' dir='ltr'><strong>nuntii</strong></span> <span class='ocrx_word' id='word_1_363' title='bbox 2760 1751 2926 1814; x_wconf 89' lang='lat' dir='ltr'><strong>sunt;</strong></span> <span class='ocrx_word' id='word_1_364' title='bbox 2959 1747 3178 1818; x_wconf 84' lang='lat' dir='ltr'><strong>tibique</strong></span> <span class='ocrx_word' id='word_1_365' title='bbox 3226 1749 3312 1806; x_wconf 82' lang='lat' dir='ltr'><strong>fas</strong></span> <span class='ocrx_word' id='word_1_366' title='bbox 3365 1769 3480 1808; x_wconf 90' lang='lat' dir='ltr'><strong>non</strong></span> <span class='ocrx_word' id='word_1_367' title='bbox 3527 1771 3655 1811; x_wconf 87' lang='lat' dir='ltr'><strong>esse</strong></span> 
     </span>
    </p>
   </div>
   <div class='ocr_carea' id='block_1_50' title="bbox 2009 1833 3653 1908">
    <p class='ocr_par' dir='ltr' id='par_1_50' title="bbox 2009 1833 3653 1908">
     <span class='ocr_line' id='line_1_51' title="bbox 2009 1833 3653 1908; baseline 0.006 -19"><span class='ocrx_word' id='word_1_368' title='bbox 2009 1833 2236 1906; x_wconf 84' lang='lat' dir='ltr'><strong>capillis</strong></span> <span class='ocrx_word' id='word_1_369' title='bbox 2294 1835 2594 1891; x_wconf 87' lang='lat' dir='ltr'><strong>ﬂerescere</strong></span> <span class='ocrx_word' id='word_1_370' title='bbox 2654 1840 2784 1908; x_wconf 87' lang='lat' dir='ltr'><strong>post</strong></span> <span class='ocrx_word' id='word_1_371' title='bbox 2841 1841 3101 1892; x_wconf 83' lang='lat' dir='ltr'><strong>sanctam</strong></span> <span class='ocrx_word' id='word_1_372' title='bbox 3159 1843 3485 1897; x_wconf 87' lang='lat' dir='ltr'><strong>tonsuram.</strong></span> <span class='ocrx_word' id='word_1_373' title='bbox 3540 1844 3653 1899; x_wconf 86' lang='lat' dir='ltr'><strong>Hoc</strong></span> 
     </span>
    </p>
   </div>
   <div class='ocr_carea' id='block_1_51' title="bbox 2007 1923 3654 2002">
    <p class='ocr_par' dir='ltr' id='par_1_51' title="bbox 2007 1923 3654 2002">
     <span class='ocr_line' id='line_1_52' title="bbox 2007 1923 3654 2002; baseline 0.005 -25"><span class='ocrx_word' id='word_1_374' title='bbox 2007 1923 2183 1978; x_wconf 88' lang='lat' dir='ltr'><strong>etiam</strong></span> <span class='ocrx_word' id='word_1_375' title='bbox 2241 1923 2505 1979; x_wconf 87' lang='lat' dir='ltr'><strong>indicant</strong></span> <span class='ocrx_word' id='word_1_376' title='bbox 2552 1924 2825 1997; x_wconf 79' lang='lat' dir='ltr'><strong>depositas</strong></span> <span class='ocrx_word' id='word_1_377' title='bbox 2877 1929 3064 1981; x_wconf 89' lang='lat' dir='ltr'><strong>vestes</strong></span> <span class='ocrx_word' id='word_1_378' title='bbox 3117 1925 3356 1996; x_wconf 65' lang='lat' dir='ltr'><strong>ﬂoridas,</strong></span> <span class='ocrx_word' id='word_1_379' title='bbox 3390 1934 3446 1986; x_wconf 88' lang='lat' dir='ltr'><strong>et</strong></span> <span class='ocrx_word' id='word_1_380' title='bbox 3495 1947 3654 2002; x_wconf 75' lang='lat' dir='ltr'><strong>quzs-</strong></span> 
     </span>
    </p>
   </div>
   <div class='ocr_carea' id='block_1_52' title="bbox 2007 2012 3654 2090">
    <p class='ocr_par' dir='ltr' id='par_1_52' title="bbox 2007 2012 3654 2090">
     <span class='ocr_line' id='line_1_53' title="bbox 2007 2012 3654 2090; baseline 0.005 -23"><span class='ocrx_word' id='word_1_381' title='bbox 2007 2027 2239 2083; x_wconf 90' lang='lat' dir='ltr'><strong>cunque</strong></span> <span class='ocrx_word' id='word_1_382' title='bbox 2297 2012 2413 2068; x_wconf 90' lang='lat' dir='ltr'><strong>alia</strong></span> <span class='ocrx_word' id='word_1_383' title='bbox 2470 2017 2726 2069; x_wconf 84' lang='lat' dir='ltr'><strong>ostentat</strong></span> <span class='ocrx_word' id='word_1_384' title='bbox 2782 2013 3056 2070; x_wconf 88' lang='lat' dir='ltr'><strong>deliciose</strong></span> <span class='ocrx_word' id='word_1_385' title='bbox 3105 2015 3328 2085; x_wconf 89' lang='lat' dir='ltr'><strong>vivens,</strong></span> <span class='ocrx_word' id='word_1_386' title='bbox 3379 2020 3654 2090; x_wconf 88' lang='lat' dir='ltr'><strong>projectis</strong></span> 
     </span>
    </p>
   </div>
   <div class='ocr_carea' id='block_1_53' title="bbox 2007 2101 3653 2180">
    <p class='ocr_par' dir='ltr' id='par_1_53' title="bbox 2007 2101 3653 2180">
     <span class='ocr_line' id='line_1_54' title="bbox 2007 2101 3653 2180; baseline 0.005 -25"><span class='ocrx_word' id='word_1_387' title='bbox 2007 2117 2140 2156; x_wconf 91' lang='lat' dir='ltr'><strong>cum</strong></span> <span class='ocrx_word' id='word_1_388' title='bbox 2172 2103 2348 2158; x_wconf 86' lang='lat' dir='ltr'><strong>rebus</strong></span> <span class='ocrx_word' id='word_1_389' title='bbox 2379 2101 2626 2158; x_wconf 88' lang='lat' dir='ltr'><strong>internis</strong></span> <span class='ocrx_word' id='word_1_390' title='bbox 2665 2103 2738 2158; x_wconf 90' lang='lat' dir='ltr'><strong>iis</strong></span> <span class='ocrx_word' id='word_1_391' title='bbox 2789 2103 2964 2159; x_wconf 89' lang='lat' dir='ltr'><strong>etiam</strong></span> <span class='ocrx_word' id='word_1_392' title='bbox 2997 2121 3126 2175; x_wconf 67' lang='lat' dir='ltr'><strong>qus:</strong></span> <span class='ocrx_word' id='word_1_393' title='bbox 3157 2110 3298 2161; x_wconf 91' lang='lat' dir='ltr'><strong>sunt</strong></span> <span class='ocrx_word' id='word_1_394' title='bbox 3326 2108 3397 2162; x_wconf 88' lang='lat' dir='ltr'><strong>ad</strong></span> <span class='ocrx_word' id='word_1_395' title='bbox 3445 2125 3653 2180; x_wconf 88' lang='lat' dir='ltr'><strong>super-</strong></span> 
     </span>
    </p>
   </div>
   <div class='ocr_carea' id='block_1_54' title="bbox 2006 2190 2219 2247">
    <p class='ocr_par' dir='ltr' id='par_1_54' title="bbox 2006 2190 2219 2247">
     <span class='ocr_line' id='line_1_55' title="bbox 2006 2190 2219 2247; baseline 0.009 -3"><span class='ocrx_word' id='word_1_396' title='bbox 2006 2190 2219 2247; x_wconf 84' lang='lat' dir='ltr'><strong>ﬁciem.</strong></span> 
     </span>
    </p>
   </div>
   <div class='ocr_carea' id='block_1_55' title="bbox 2074 2367 3649 2435">
    <p class='ocr_par' dir='ltr' id='par_1_55' title="bbox 2074 2367 3649 2435">
     <span class='ocr_line' id='line_1_56' title="bbox 2074 2367 3649 2435; baseline 0.005 -14"><span class='ocrx_word' id='word_1_397' title='bbox 2074 2367 2164 2422; x_wconf 81' lang='grc'><strong>94.</strong></span> <span class='ocrx_word' id='word_1_398' title='bbox 2196 2367 2278 2422; x_wconf 89' lang='lat' dir='ltr'><strong>Ne</strong></span> <span class='ocrx_word' id='word_1_399' title='bbox 2309 2367 2609 2424; x_wconf 84' lang='lat' dir='ltr'><strong>arbitreris</strong></span> <span class='ocrx_word' id='word_1_400' title='bbox 2657 2368 2837 2435; x_wconf 90' lang='lat' dir='ltr'><strong>enim,</strong></span> <span class='ocrx_word' id='word_1_401' title='bbox 2868 2385 2971 2424; x_wconf 92' lang='lat' dir='ltr'><strong>nec</strong></span> <span class='ocrx_word' id='word_1_402' title='bbox 3009 2369 3066 2425; x_wconf 88' lang='lat' dir='ltr'><strong>in</strong></span> <span class='ocrx_word' id='word_1_403' title='bbox 3101 2386 3200 2425; x_wconf 92' lang='lat' dir='ltr'><strong>cor</strong></span> <span class='ocrx_word' id='word_1_404' title='bbox 3227 2375 3397 2426; x_wconf 89' lang='lat' dir='ltr'><strong>tuum</strong></span> <span class='ocrx_word' id='word_1_405' title='bbox 3447 2389 3649 2428; x_wconf 86' lang='lat' dir='ltr'><strong>ascen-</strong></span> 
     </span>
    </p>
   </div>
   <div class='ocr_carea' id='block_1_56' title="bbox 2006 2456 3650 2529">
    <p class='ocr_par' dir='ltr' id='par_1_56' title="bbox 2006 2456 3650 2529">
     <span class='ocr_line' id='line_1_57' title="bbox 2006 2456 3650 2529; baseline 0.004 -19"><span class='ocrx_word' id='word_1_406' title='bbox 2006 2456 2106 2510; x_wconf 89' lang='lat' dir='ltr'><strong>dat</strong></span> <span class='ocrx_word' id='word_1_407' title='bbox 2134 2457 2250 2511; x_wconf 87' lang='lat' dir='ltr'><strong>ista</strong></span> <span class='ocrx_word' id='word_1_408' title='bbox 2277 2456 2571 2529; x_wconf 81' lang='lat' dir='ltr'><strong>cogitatio,</strong></span> <span class='ocrx_word' id='word_1_409' title='bbox 2601 2456 2762 2528; x_wconf 92' lang='lat' dir='ltr'><strong>pium</strong></span> <span class='ocrx_word' id='word_1_410' title='bbox 2795 2458 3163 2522; x_wconf 79' lang='lat' dir='ltr'><strong>monachum,</strong></span> <span class='ocrx_word' id='word_1_411' title='bbox 3189 2477 3288 2515; x_wconf 90' lang='lat' dir='ltr'><strong>seu</strong></span> <span class='ocrx_word' id='word_1_412' title='bbox 3323 2459 3650 2517; x_wconf 81' lang='lat' dir='ltr'><strong>beneficum</strong></span> 
     </span>
    </p>
   </div>
   <div class='ocr_carea' id='block_1_57' title="bbox 2003 2544 3651 2621">
    <p class='ocr_par' dir='ltr' id='par_1_57' title="bbox 2003 2544 3651 2621">
     <span class='ocr_line' id='line_1_58' title="bbox 2003 2544 3651 2621; baseline 0.006 -23"><span class='ocrx_word' id='word_1_413' title='bbox 2003 2544 2220 2600; x_wconf 90' lang='lat' dir='ltr'><strong>laicum</strong></span> <span class='ocrx_word' id='word_1_414' title='bbox 2278 2545 2540 2618; x_wconf 89' lang='lat' dir='ltr'><strong>dignosci</strong></span> <span class='ocrx_word' id='word_1_415' title='bbox 2598 2563 2667 2601; x_wconf 84' lang='lat' dir='ltr'><strong>ex</strong></span> <span class='ocrx_word' id='word_1_416' title='bbox 2732 2545 2873 2602; x_wconf 89' lang='lat' dir='ltr'><strong>solis</strong></span> <span class='ocrx_word' id='word_1_417' title='bbox 2927 2548 3193 2604; x_wconf 86' lang='lat' dir='ltr'><strong>vestibus</strong></span> <span class='ocrx_word' id='word_1_418' title='bbox 3259 2550 3471 2621; x_wconf 89' lang='lat' dir='ltr'><strong>nigris;</strong></span> <span class='ocrx_word' id='word_1_419' title='bbox 3532 2551 3651 2608; x_wconf 89' lang='lat' dir='ltr'><strong>imo</strong></span> 
     </span>
    </p>
   </div>
   <div class='ocr_carea' id='block_1_58' title="bbox 2005 2635 3648 2707">
    <p class='ocr_par' dir='ltr' id='par_1_58' title="bbox 2005 2635 3648 2707">
     <span class='ocr_line' id='line_1_59' title="bbox 2005 2635 3648 2707; baseline 0.004 -17"><span class='ocrx_word' id='word_1_420' title='bbox 2005 2650 2138 2690; x_wconf 89' lang='lat' dir='ltr'><strong>vero</strong></span> <span class='ocrx_word' id='word_1_421' title='bbox 2170 2651 2451 2707; x_wconf 89' lang='lat' dir='ltr'><strong>magnum</strong></span> <span class='ocrx_word' id='word_1_422' title='bbox 2477 2635 2635 2690; x_wconf 90' lang='lat' dir='ltr'><strong>istud</strong></span> <span class='ocrx_word' id='word_1_423' title='bbox 2667 2635 3078 2692; x_wconf 85' lang='lat' dir='ltr'><strong>indumentum</strong></span> <span class='ocrx_word' id='word_1_424' title='bbox 3102 2638 3336 2692; x_wconf 90' lang='lat' dir='ltr'><strong>virtutis</strong></span> <span class='ocrx_word' id='word_1_425' title='bbox 3365 2639 3648 2696; x_wconf 88' lang='lat' dir='ltr'><strong>indicium</strong></span> 
     </span>
    </p>
   </div>
   <div class='ocr_carea' id='block_1_59' title="bbox 2007 2723 3649 2797">
    <p class='ocr_par' dir='ltr' id='par_1_59' title="bbox 2007 2723 3649 2797">
     <span class='ocr_line' id='line_1_60' title="bbox 2007 2723 3649 2797; baseline 0.004 -20"><span class='ocrx_word' id='word_1_426' title='bbox 2007 2723 2220 2779; x_wconf 86' lang='lat' dir='ltr'><strong>mutari</strong></span> <span class='ocrx_word' id='word_1_427' title='bbox 2265 2723 2326 2779; x_wconf 92' lang='lat' dir='ltr'><strong>in</strong></span> <span class='ocrx_word' id='word_1_428' title='bbox 2375 2739 2647 2796; x_wconf 87' lang='lat' dir='ltr'><strong>magnam</strong></span> <span class='ocrx_word' id='word_1_429' title='bbox 2697 2725 3054 2797; x_wconf 86' lang='lat' dir='ltr'><strong>hypocrisin,</strong></span> <span class='ocrx_word' id='word_1_430' title='bbox 3088 2725 3392 2797; x_wconf 83' lang='lat' dir='ltr'><strong>pulchram</strong></span> <span class='ocrx_word' id='word_1_431' title='bbox 3444 2729 3649 2784; x_wconf 84' lang='lat' dir='ltr'><strong>faciem</strong></span> 
     </span>
    </p>
   </div>
   <div class='ocr_carea' id='block_1_60' title="bbox 2005 2811 3650 2890">
    <p class='ocr_par' dir='ltr' id='par_1_60' title="bbox 2005 2811 3650 2890">
     <span class='ocr_line' id='line_1_61' title="bbox 2005 2811 3650 2890; baseline 0.003 -22"><span class='ocrx_word' id='word_1_432' title='bbox 2005 2812 2066 2868; x_wconf 95' lang='lat' dir='ltr'><strong>in</strong></span> <span class='ocrx_word' id='word_1_433' title='bbox 2121 2811 2339 2869; x_wconf 84' lang='lat' dir='ltr'><strong>larvam</strong></span> <span class='ocrx_word' id='word_1_434' title='bbox 2387 2813 2654 2882; x_wconf 74' lang='lat' dir='ltr'><strong>commdi,</strong></span> <span class='ocrx_word' id='word_1_435' title='bbox 2706 2821 2882 2886; x_wconf 85' lang='lat' dir='ltr'><strong>atque</strong></span> <span class='ocrx_word' id='word_1_436' title='bbox 2940 2832 3007 2872; x_wconf 84' lang='lat' dir='ltr'><strong>ex</strong></span> <span class='ocrx_word' id='word_1_437' title='bbox 3056 2817 3412 2886; x_wconf 84' lang='lat' dir='ltr'><strong>apparentiis</strong></span> <span class='ocrx_word' id='word_1_438' title='bbox 3462 2818 3650 2890; x_wconf 91' lang='lat' dir='ltr'><strong>decipi</strong></span> 
     </span>
    </p>
   </div>
   <div class='ocr_carea' id='block_1_61' title="bbox 2005 2902 3649 2976">
    <p class='ocr_par' dir='ltr' id='par_1_61' title="bbox 2005 2902 3649 2976">
     <span class='ocr_line' id='line_1_62' title="bbox 2005 2902 3649 2976; baseline 0.003 -17"><span class='ocrx_word' id='word_1_439' title='bbox 2005 2902 2324 2974; x_wconf 83' lang='lat' dir='ltr'><strong>simplices,</strong></span> <span class='ocrx_word' id='word_1_440' title='bbox 2353 2920 2572 2976; x_wconf 90' lang='lat' dir='ltr'><strong>eosque</strong></span> <span class='ocrx_word' id='word_1_441' title='bbox 2603 2905 2702 2975; x_wconf 90' lang='lat' dir='ltr'><strong>qui</strong></span> <span class='ocrx_word' id='word_1_442' title='bbox 2753 2909 2919 2960; x_wconf 91' lang='lat' dir='ltr'><strong>tuum</strong></span> <span class='ocrx_word' id='word_1_443' title='bbox 2971 2921 3207 2962; x_wconf 89' lang='lat' dir='ltr'><strong>sensum</strong></span> <span class='ocrx_word' id='word_1_444' title='bbox 3257 2908 3518 2962; x_wconf 88' lang='lat' dir='ltr'><strong>nondum</strong></span> <span class='ocrx_word' id='word_1_445' title='bbox 3551 2924 3649 2964; x_wconf 92' lang='lat' dir='ltr'><strong>co-</strong></span> 
     </span>
    </p>
   </div>
   <div class='ocr_carea' id='block_1_62' title="bbox 2006 2993 3650 3064">
    <p class='ocr_par' dir='ltr' id='par_1_62' title="bbox 2006 2993 3650 3064">
     <span class='ocr_line' id='line_1_63' title="bbox 2006 2993 3650 3064; baseline 0.004 -18"><span class='ocrx_word' id='word_1_446' title='bbox 2006 2996 2350 3064; x_wconf 88' lang='lat' dir='ltr'><strong>gnoverunt.</strong></span> <span class='ocrx_word' id='word_1_447' title='bbox 2385 2993 2544 3058; x_wconf 91' lang='lat' dir='ltr'><strong>Quod</strong></span> <span class='ocrx_word' id='word_1_448' title='bbox 2578 2993 2878 3049; x_wconf 88' lang='lat' dir='ltr'><strong>imitantes</strong></span> <span class='ocrx_word' id='word_1_449' title='bbox 2925 2993 3184 3050; x_wconf 85' lang='lat' dir='ltr'><strong>latrones</strong></span> <span class='ocrx_word' id='word_1_450' title='bbox 3215 2999 3272 3050; x_wconf 88' lang='lat' dir='ltr'><strong>et</strong></span> <span class='ocrx_word' id='word_1_451' title='bbox 3307 2995 3462 3051; x_wconf 79' lang='lat' dir='ltr'><strong>fures</strong></span> <span class='ocrx_word' id='word_1_452' title='bbox 3493 3013 3650 3053; x_wconf 88' lang='lat' dir='ltr'><strong>reve-</strong></span> 
     </span>
    </p>
   </div>
   <div class='ocr_carea' id='block_1_63' title="bbox 2005 3081 3650 3157">
    <p class='ocr_par' dir='ltr' id='par_1_63' title="bbox 2005 3081 3650 3157">
     <span class='ocr_line' id='line_1_64' title="bbox 2005 3081 3650 3157; baseline 0.003 -21"><span class='ocrx_word' id='word_1_453' title='bbox 2005 3081 2252 3137; x_wconf 89' lang='lat' dir='ltr'><strong>rendum</strong></span> <span class='ocrx_word' id='word_1_454' title='bbox 2285 3098 2481 3138; x_wconf 89' lang='lat' dir='ltr'><strong>senem</strong></span> <span class='ocrx_word' id='word_1_455' title='bbox 2532 3083 2727 3138; x_wconf 79' lang='lat' dir='ltr'><strong>forsan</strong></span> <span class='ocrx_word' id='word_1_456' title='bbox 2758 3082 3090 3138; x_wconf 90' lang='lat' dir='ltr'><strong>simulando</strong></span> <span class='ocrx_word' id='word_1_457' title='bbox 3140 3083 3286 3139; x_wconf 80' lang='lat' dir='ltr'><strong>alios</strong></span> <span class='ocrx_word' id='word_1_458' title='bbox 3331 3084 3650 3157; x_wconf 88' lang='lat' dir='ltr'><strong>decipiunt,</strong></span> 
     </span>
    </p>
   </div>
   <div class='ocr_carea' id='block_1_64' title="bbox 2007 3170 3658 3245">
    <p class='ocr_par' dir='ltr' id='par_1_64' title="bbox 2007 3170 3658 3245">
     <span class='ocr_line' id='line_1_65' title="bbox 2007 3170 3658 3245; baseline 0.004 -21"><span class='ocrx_word' id='word_1_459' title='bbox 2007 3174 2064 3225; x_wconf 89' lang='lat' dir='ltr'><strong>et</strong></span> <span class='ocrx_word' id='word_1_460' title='bbox 2105 3171 2355 3226; x_wconf 86' lang='lat' dir='ltr'><strong>maxime</strong></span> <span class='ocrx_word' id='word_1_461' title='bbox 2385 3187 2520 3226; x_wconf 89' lang='lat' dir='ltr'><strong>cum</strong></span> <span class='ocrx_word' id='word_1_462' title='bbox 2573 3170 2813 3244; x_wconf 89' lang='lat' dir='ltr'><strong>capillos</strong></span> <span class='ocrx_word' id='word_1_463' title='bbox 2843 3172 3053 3244; x_wconf 86' lang='lat' dir='ltr'><strong>capitis</strong></span> <span class='ocrx_word' id='word_1_464' title='bbox 3102 3173 3192 3228; x_wconf 89' lang='lat' dir='ltr'><strong>sui</strong></span> <span class='ocrx_word' id='word_1_465' title='bbox 3244 3174 3564 3245; x_wconf 89' lang='lat' dir='ltr'><strong>deponunt,</strong></span> <span class='ocrx_word' id='word_1_466' title='bbox 3600 3179 3658 3230; x_wconf 89' lang='lat' dir='ltr'><strong>et</strong></span> 
     </span>
    </p>
   </div>
   <div class='ocr_carea' id='block_1_65' title="bbox 241 3258 1899 3338">
    <p class='ocr_par' dir='ltr' id='par_1_65' title="bbox 241 3258 1896 3338">
     <span class='ocr_line' id='line_1_66' title="bbox 241 3258 1896 3338; baseline -0.004 -18"><span class='ocrx_word' id='word_1_467' title='bbox 241 3265 450 3338; x_wconf 78' lang='grc' dir='ltr'>απάτῃ,</span> <span class='ocrx_word' id='word_1_468' title='bbox 508 3262 597 3316; x_wconf 85' lang='grc' dir='ltr'><strong>καὶ</strong></span> <span class='ocrx_word' id='word_1_469' title='bbox 661 3259 894 3334; x_wconf 76' lang='grc' dir='ltr'>μᾶλλον,</span> <span class='ocrx_word' id='word_1_470' title='bbox 941 3258 1031 3314; x_wconf 87' lang='grc' dir='ltr'><strong>ὅτε</strong></span> <span class='ocrx_word' id='word_1_471' title='bbox 1087 3261 1184 3323; x_wconf 82' lang='grc' dir='ltr'>τὰς</span> <span class='ocrx_word' id='word_1_472' title='bbox 1237 3260 1435 3336; x_wconf 80' lang='grc' dir='ltr'>τρίχας</span> <span class='ocrx_word' id='word_1_473' title='bbox 1462 3260 1662 3324; x_wconf 70' lang='grc' dir='ltr'>ἐκεῖνος</span> <span class='ocrx_word' id='word_1_474' title='bbox 1705 3261 1896 3337; x_wconf 78' lang='grc' dir='ltr'>ἀπάγει</span> 
     </span>
    </p>
   </div>
   <div class='ocr_carea' id='block_1_66' title="bbox 2015 3258 3656 3338">
    <p class='ocr_par' dir='ltr' id='par_1_66' title="bbox 2015 3259 3656 3333">
     <span class='ocr_line' id='line_1_67' title="bbox 2015 3259 3656 3333; baseline 0.002 -19"><span class='ocrx_word' id='word_1_475' title='bbox 2015 3259 2163 3314; x_wconf 90' lang='lat' dir='ltr'><strong>cutis</strong></span> <span class='ocrx_word' id='word_1_476' title='bbox 2229 3259 2553 3330; x_wconf 90' lang='lat' dir='ltr'><strong>depilatur,</strong></span> <span class='ocrx_word' id='word_1_477' title='bbox 2614 3265 2678 3315; x_wconf 93' lang='lat' dir='ltr'><strong>ut</strong></span> <span class='ocrx_word' id='word_1_478' title='bbox 2743 3261 2952 3316; x_wconf 88' lang='lat' dir='ltr'><strong>deinde</strong></span> <span class='ocrx_word' id='word_1_479' title='bbox 3019 3260 3249 3333; x_wconf 89' lang='lat' dir='ltr'><strong>capillis</strong></span> <span class='ocrx_word' id='word_1_480' title='bbox 3315 3280 3428 3318; x_wconf 91' lang='lat' dir='ltr'><strong>non</strong></span> <span class='ocrx_word' id='word_1_481' title='bbox 3499 3263 3656 3318; x_wconf 86' lang='lat' dir='ltr'><strong>abri-</strong></span> 
     </span>
    </p>
   </div>
   <div class='ocr_carea' id='block_1_67' title="bbox 237 3347 1896 3430">
    <p class='ocr_par' dir='ltr' id='par_1_67' title="bbox 237 3347 1896 3430">
     <span class='ocr_line' id='line_1_68' title="bbox 237 3347 1896 3430; baseline -0.002 -21"><span class='ocrx_word' id='word_1_482' title='bbox 237 3361 344 3424; x_wconf 84' lang='grc' dir='ltr'>τῆς</span> <span class='ocrx_word' id='word_1_483' title='bbox 398 3353 667 3430; x_wconf 70' lang='grc' dir='ltr'>κεφαλῆς,</span> <span class='ocrx_word' id='word_1_484' title='bbox 726 3347 781 3404; x_wconf 82' lang='grc' dir='ltr'><strong>ἐν</strong></span> <span class='ocrx_word' id='word_1_485' title='bbox 839 3353 963 3424; x_wconf 87' lang='grc' dir='ltr'>χρῷ</span> <span class='ocrx_word' id='word_1_486' title='bbox 1022 3348 1303 3423; x_wconf 76' lang='grc' dir='ltr'>ψιλωθείς’</span> <span class='ocrx_word' id='word_1_487' title='bbox 1365 3350 1440 3412; x_wconf 85' lang='grc' dir='ltr'>ὡς</span> <span class='ocrx_word' id='word_1_488' title='bbox 1497 3347 1554 3404; x_wconf 78' lang='grc' dir='ltr'>ἂν</span> <span class='ocrx_word' id='word_1_489' title='bbox 1619 3352 1756 3421; x_wconf 77' lang='grc' dir='ltr'>μήτε</span> <span class='ocrx_word' id='word_1_490' title='bbox 1806 3351 1896 3405; x_wconf 86' lang='grc' dir='ltr'><strong>τὸν</strong></span> 
     </span>
    </p>
   </div>
   <div class='ocr_carea' id='block_1_68' title="bbox 242 3438 1900 3514">
    <p class='ocr_par' dir='ltr' id='par_1_68' title="bbox 242 3438 1900 3514">
     <span class='ocr_line' id='line_1_69' title="bbox 242 3438 1900 3514; baseline -0.004 -16"><span class='ocrx_word' id='word_1_491' title='bbox 242 3442 448 3498; x_wconf 71' lang='grc' dir='ltr'>ὶκεῖθεν</span> <span class='ocrx_word' id='word_1_492' title='bbox 495 3439 766 3512; x_wconf 81' lang='grc' dir='ltr'>ὲλκυσμὸν</span> <span class='ocrx_word' id='word_1_493' title='bbox 818 3439 1049 3514; x_wconf 77' lang='grc' dir='ltr'>πάσχοι,</span> <span class='ocrx_word' id='word_1_494' title='bbox 1101 3439 1191 3493; x_wconf 81' lang='grc' dir='ltr'><strong>καὶ</strong></span> <span class='ocrx_word' id='word_1_495' title='bbox 1251 3438 1304 3492; x_wconf 81' lang='grc' dir='ltr'><strong>έν</strong></span> <span class='ocrx_word' id='word_1_496' title='bbox 1335 3439 1644 3514; x_wconf 80' lang='grc' dir='ltr'>εὐσχήμονι</span> <span class='ocrx_word' id='word_1_497' title='bbox 1678 3440 1770 3510; x_wconf 80' lang='grc' dir='ltr'><strong>θέᾳ</strong></span> <span class='ocrx_word' id='word_1_498' title='bbox 1800 3459 1900 3512; x_wconf 88' lang='grc' dir='ltr'>μο-</span> 
     </span>
    </p>
   </div>
   <div class='ocr_carea' id='block_1_69' title="bbox 241 3524 1899 3605">
    <p class='ocr_par' dir='ltr' id='par_1_69' title="bbox 241 3524 1899 3605">
     <span class='ocr_line' id='line_1_70' title="bbox 241 3524 1899 3605; baseline -0.004 -19"><span class='ocrx_word' id='word_1_499' title='bbox 241 3533 504 3600; x_wconf 88' lang='grc' dir='ltr'>νάζοντος</span> <span class='ocrx_word' id='word_1_500' title='bbox 535 3526 836 3605; x_wconf 78' lang='grc' dir='ltr'>ῥᾳδιουργῇ</span> <span class='ocrx_word' id='word_1_501' title='bbox 872 3524 1175 3595; x_wconf 82' lang='grc' dir='ltr'>λανθάνων,</span> <span class='ocrx_word' id='word_1_502' title='bbox 1221 3528 1308 3581; x_wconf 85' lang='grc' dir='ltr'><strong>καὶ</strong></span> <span class='ocrx_word' id='word_1_503' title='bbox 1371 3528 1512 3582; x_wconf 85' lang='grc' dir='ltr'>οὕτω</span> <span class='ocrx_word' id='word_1_504' title='bbox 1575 3529 1649 3599; x_wconf 81' lang='grc' dir='ltr'>μή</span> <span class='ocrx_word' id='word_1_505' title='bbox 1683 3526 1899 3582; x_wconf 89' lang='grc' dir='ltr'>κωλυό-</span> 
     </span>
    </p>
   </div>
   <div class='ocr_carea' id='block_1_70' title="bbox 249 3611 1900 3693">
    <p class='ocr_par' dir='ltr' id='par_1_70' title="bbox 249 3611 1900 3693">
     <span class='ocr_line' id='line_1_71' title="bbox 249 3611 1900 3693; baseline -0.002 -19"><span class='ocrx_word' id='word_1_506' title='bbox 249 3640 413 3693; x_wconf 84' lang='grc' dir='ltr'>μενος</span> <span class='ocrx_word' id='word_1_507' title='bbox 463 3617 516 3673; x_wconf 74' lang='grc' dir='ltr'>ἰν</span> <span class='ocrx_word' id='word_1_508' title='bbox 573 3615 757 3691; x_wconf 75' lang='grc' dir='ltr'>ἡμέρᾳ</span> <span class='ocrx_word' id='word_1_509' title='bbox 812 3621 1196 3690; x_wconf 85' lang='grc' dir='ltr'>κακοπραγεῖν.</span> <span class='ocrx_word' id='word_1_510' title='bbox 1258 3615 1488 3687; x_wconf 79' lang='grc' dir='ltr'>Νύκτωρ</span> <span class='ocrx_word' id='word_1_511' title='bbox 1545 3615 1646 3690; x_wconf 80' lang='grc' dir='ltr'><strong>γὰρ</strong></span> <span class='ocrx_word' id='word_1_512' title='bbox 1679 3611 1900 3691; x_wconf 79' lang='grc' dir='ltr'>ἔχουσιν</span> 
     </span>
    </p>
   </div>
   <div class='ocr_carea' id='block_1_71' title="bbox 246 3699 1897 3779">
    <p class='ocr_par' dir='ltr' id='par_1_71' title="bbox 246 3699 1897 3779">
     <span class='ocr_line' id='line_1_72' title="bbox 246 3699 1897 3779; baseline -0.003 -16"><span class='ocrx_word' id='word_1_513' title='bbox 246 3711 300 3764; x_wconf 80' lang='grc' dir='ltr'><strong>οὶ</strong></span> <span class='ocrx_word' id='word_1_514' title='bbox 351 3711 594 3762; x_wconf 88' lang='grc' dir='ltr'>τοιοῦτοι</span> <span class='ocrx_word' id='word_1_515' title='bbox 626 3699 942 3778; x_wconf 77' lang='grc' dir='ltr'>ἀποκρυϐῆς</span> <span class='ocrx_word' id='word_1_516' title='bbox 967 3699 1269 3779; x_wconf 77' lang='grc' dir='ltr'>πρόϐλημα</span> <span class='ocrx_word' id='word_1_517' title='bbox 1297 3706 1359 3759; x_wconf 84' lang='grc' dir='ltr'>τὸ</span> <span class='ocrx_word' id='word_1_518' title='bbox 1394 3702 1530 3779; x_wconf 78' lang='grc' dir='ltr'>βαθὺ</span> <span class='ocrx_word' id='word_1_519' title='bbox 1559 3710 1662 3773; x_wconf 79' lang='grc' dir='ltr'><strong>τῆς</strong></span> <span class='ocrx_word' id='word_1_520' title='bbox 1689 3703 1897 3775; x_wconf 90' lang='grc' dir='ltr'>νυκτός,</span> 
     </span>
    </p>
   </div>
   <div class='ocr_carea' id='block_1_72' title="bbox 247 3787 1901 3871">
    <p class='ocr_par' dir='ltr' id='par_1_72' title="bbox 247 3787 1901 3871">
     <span class='ocr_line' id='line_1_73' title="bbox 247 3787 1901 3871; baseline -0.003 -19"><span class='ocrx_word' id='word_1_521' title='bbox 247 3797 325 3859; x_wconf 65' lang='grc' dir='ltr'>εἴς</span> <span class='ocrx_word' id='word_1_522' title='bbox 384 3797 521 3869; x_wconf 78' lang='grc' dir='ltr'>ἅπερ</span> <span class='ocrx_word' id='word_1_523' title='bbox 579 3795 941 3871; x_wconf 80' lang='grc' dir='ltr'>ἀφομοιοῦται</span> <span class='ocrx_word' id='word_1_524' title='bbox 998 3791 1087 3846; x_wconf 85' lang='grc' dir='ltr'><strong>καὶ</strong></span> <span class='ocrx_word' id='word_1_525' title='bbox 1139 3787 1651 3867; x_wconf 75' lang='grc' dir='ltr'>ὀπροϐεϐλημένος</span> <span class='ocrx_word' id='word_1_526' title='bbox 1698 3794 1791 3866; x_wconf 75' lang='grc' dir='ltr'><strong>μὲν</strong></span> <span class='ocrx_word' id='word_1_527' title='bbox 1840 3793 1901 3847; x_wconf 88' lang='grc' dir='ltr'>τὸ</span> 
     </span>
    </p>
   </div>
   <div class='ocr_carea' id='block_1_73' title="bbox 247 3879 1902 3958">
    <p class='ocr_par' dir='ltr' id='par_1_73' title="bbox 247 3879 1902 3958">
     <span class='ocr_line' id='line_1_74' title="bbox 247 3879 1902 3958; baseline -0.002 -18"><span class='ocrx_word' id='word_1_528' title='bbox 247 3891 391 3950; x_wconf 84' lang='grc' dir='ltr'>θεῖον</span> <span class='ocrx_word' id='word_1_529' title='bbox 430 3881 600 3958; x_wconf 75' lang='grc' dir='ltr'>μέλαν</span> <span class='ocrx_word' id='word_1_530' title='bbox 651 3886 749 3937; x_wconf 87' lang='grc' dir='ltr'><strong>τοῦ</strong></span> <span class='ocrx_word' id='word_1_531' title='bbox 779 3882 1090 3957; x_wconf 77' lang='grc' dir='ltr'>σχήματος,</span> <span class='ocrx_word' id='word_1_532' title='bbox 1122 3879 1373 3936; x_wconf 82' lang='grc' dir='ltr'>κλέπτων</span> <span class='ocrx_word' id='word_1_533' title='bbox 1403 3879 1460 3937; x_wconf 76' lang='grc' dir='ltr'>δὲ</span> <span class='ocrx_word' id='word_1_534' title='bbox 1485 3881 1612 3944; x_wconf 79' lang='grc' dir='ltr'>τοὺς</span> <span class='ocrx_word' id='word_1_535' title='bbox 1653 3879 1902 3945; x_wconf 75' lang='grc' dir='ltr'>πολλοὺς</span> 
     </span>
    </p>
   </div>
   <div class='ocr_carea' id='block_1_74' title="bbox 247 3967 1904 4049">
    <p class='ocr_par' dir='ltr' id='par_1_74' title="bbox 247 3967 1904 4049">
     <span class='ocr_line' id='line_1_75' title="bbox 247 3967 1904 4049; baseline -0.002 -20"><span class='ocrx_word' id='word_1_536' title='bbox 247 3973 319 4030; x_wconf 79' lang='grc' dir='ltr'>δι’</span> <span class='ocrx_word' id='word_1_537' title='bbox 373 3973 562 4028; x_wconf 77' lang='grc' dir='ltr'>αὐτοῦ’</span> <span class='ocrx_word' id='word_1_538' title='bbox 623 3971 713 4026; x_wconf 83' lang='grc' dir='ltr'>καὶ</span> <span class='ocrx_word' id='word_1_539' title='bbox 760 3975 828 4044; x_wconf 75' lang='grc' dir='ltr'><strong>τῇ</strong></span> <span class='ocrx_word' id='word_1_540' title='bbox 880 3971 1081 4047; x_wconf 68' lang='grc' dir='ltr'>φενάκη</span> <span class='ocrx_word' id='word_1_541' title='bbox 1110 3969 1331 4047; x_wconf 79' lang='grc' dir='ltr'>ἀπάγων</span> <span class='ocrx_word' id='word_1_542' title='bbox 1382 3971 1460 4034; x_wconf 70' lang='grc' dir='ltr'>εἷς</span> <span class='ocrx_word' id='word_1_543' title='bbox 1487 3967 1742 4049; x_wconf 77' lang='grc' dir='ltr'>ὅλεφρον,</span> <span class='ocrx_word' id='word_1_544' title='bbox 1772 3969 1904 4035; x_wconf 57' lang='grc' dir='ltr'>ἴσως</span> 
     </span>
    </p>
   </div>
   <div class='ocr_carea' id='block_1_75' title="bbox 247 4056 1900 4136">
    <p class='ocr_par' dir='ltr' id='par_1_75' title="bbox 247 4056 1900 4136">
     <span class='ocr_line' id='line_1_76' title="bbox 247 4056 1900 4136; baseline -0.002 -18"><span class='ocrx_word' id='word_1_545' title='bbox 247 4065 345 4136; x_wconf 71' lang='grc' dir='ltr'><strong>μὶν</strong></span> <span class='ocrx_word' id='word_1_546' title='bbox 394 4061 485 4116; x_wconf 82' lang='grc' dir='ltr'><strong>καὶ</strong></span> <span class='ocrx_word' id='word_1_547' title='bbox 536 4059 870 4135; x_wconf 84' lang='grc' dir='ltr'>σωματικὸν,</span> <span class='ocrx_word' id='word_1_548' title='bbox 922 4057 1158 4132; x_wconf 85' lang='grc' dir='ltr'>μάλιστα</span> <span class='ocrx_word' id='word_1_549' title='bbox 1187 4056 1245 4114; x_wconf 81' lang='grc' dir='ltr'>δὲ</span> <span class='ocrx_word' id='word_1_550' title='bbox 1272 4061 1362 4114; x_wconf 84' lang='grc' dir='ltr'>τὸν</span> <span class='ocrx_word' id='word_1_551' title='bbox 1417 4063 1553 4116; x_wconf 74' lang='grc' dir='ltr'>κατὰ</span> <span class='ocrx_word' id='word_1_552' title='bbox 1602 4063 1807 4136; x_wconf 76' lang='grc' dir='ltr'>ψυχήν·</span> <span class='ocrx_word' id='word_1_553' title='bbox 1840 4063 1900 4131; x_wconf 78' lang='grc' dir='ltr'>ἣν</span> 
     </span>
    </p>
   </div>
   <div class='ocr_carea' id='block_1_76' title="bbox 241 4147 1900 4226">
    <p class='ocr_par' dir='ltr' id='par_1_76' title="bbox 241 4147 1900 4226">
     <span class='ocr_line' id='line_1_77' title="bbox 241 4147 1900 4226; baseline -0.001 -19"><span class='ocrx_word' id='word_1_554' title='bbox 241 4150 496 4226; x_wconf 78' lang='grc' dir='ltr'>λῃστεύει</span> <span class='ocrx_word' id='word_1_555' title='bbox 551 4149 616 4204; x_wconf 83' lang='grc' dir='ltr'>τὸ</span> <span class='ocrx_word' id='word_1_556' title='bbox 667 4149 786 4212; x_wconf 87' lang='grc' dir='ltr'>καθ’</span> <span class='ocrx_word' id='word_1_557' title='bbox 822 4147 1106 4222; x_wconf 86' lang='grc' dir='ltr'>ὑπόκρισιν</span> <span class='ocrx_word' id='word_1_558' title='bbox 1144 4147 1397 4224; x_wconf 83' lang='grc' dir='ltr'>βάθιστον</span> <span class='ocrx_word' id='word_1_559' title='bbox 1435 4149 1646 4218; x_wconf 85' lang='grc' dir='ltr'>σκότος,</span> <span class='ocrx_word' id='word_1_560' title='bbox 1705 4151 1766 4205; x_wconf 88' lang='grc' dir='ltr'>τὸ</span> <span class='ocrx_word' id='word_1_561' title='bbox 1825 4152 1900 4224; x_wconf 81' lang='grc' dir='ltr'>μὴ</span> 
     </span>
    </p>
   </div>
   <div class='ocr_carea' id='block_1_77' title="bbox 242 4233 1903 4316">
    <p class='ocr_par' dir='ltr' id='par_1_77' title="bbox 242 4233 1903 4316">
     <span class='ocr_line' id='line_1_78' title="bbox 242 4233 1903 4316; baseline 0.001 -22"><span class='ocrx_word' id='word_1_562' title='bbox 242 4238 652 4316; x_wconf 85' lang='grc' dir='ltr'>Χριστιανικὸν,</span> <span class='ocrx_word' id='word_1_563' title='bbox 683 4235 832 4294; x_wconf 75' lang='grc' dir='ltr'>ἀλλὰ</span> <span class='ocrx_word' id='word_1_564' title='bbox 862 4233 1168 4309; x_wconf 87' lang='grc' dir='ltr'>δαιμόνιον·</span> <span class='ocrx_word' id='word_1_565' title='bbox 1202 4239 1232 4292; x_wconf 78' lang='grc' dir='ltr'><strong>’ὀ</strong></span> <span class='ocrx_word' id='word_1_566' title='bbox 1264 4239 1516 4316; x_wconf 79' lang='grc' dir='ltr'>φευκτέον</span> <span class='ocrx_word' id='word_1_567' title='bbox 1547 4239 1640 4295; x_wconf 85' lang='grc' dir='ltr'><strong>τὸν</strong></span> <span class='ocrx_word' id='word_1_568' title='bbox 1681 4238 1903 4310; x_wconf 83' lang='grc' dir='ltr'>ἀληθῶς</span> 
     </span>
    </p>
   </div>
   <div class='ocr_carea' id='block_1_78' title="bbox 236 4325 848 4403">
    <p class='ocr_par' dir='ltr' id='par_1_78' title="bbox 236 4325 848 4403">
     <span class='ocr_line' id='line_1_79' title="bbox 236 4325 848 4403; baseline -0.007 -17"><span class='ocrx_word' id='word_1_569' title='bbox 236 4334 335 4386; x_wconf 88' lang='grc' dir='ltr'><strong>τοῦ</strong></span> <span class='ocrx_word' id='word_1_570' title='bbox 365 4333 509 4384; x_wconf 83' lang='grc' dir='ltr'>Θεοῦ</span> <span class='ocrx_word' id='word_1_571' title='bbox 540 4325 848 4403; x_wconf 72' lang='grc' dir='ltr'>ἄνθρωπον.</span> 
     </span>
    </p>
   </div>
   <div class='ocr_carea' id='block_1_79' title="bbox 313 4417 1900 4498">
    <p class='ocr_par' dir='ltr' id='par_1_79' title="bbox 313 4417 1900 4498">
     <span class='ocr_line' id='line_1_80' title="bbox 313 4417 1900 4498; baseline 0 -22"><span class='ocrx_word' id='word_1_572' title='bbox 313 4421 415 4498; x_wconf 64' lang='grc' dir='ltr'><strong>ιιέ.</strong></span> <span class='ocrx_word' id='word_1_573' title='bbox 449 4418 518 4475; x_wconf 66' lang='grc' dir='ltr'><strong>Εἴ</strong></span> <span class='ocrx_word' id='word_1_574' title='bbox 571 4419 674 4494; x_wconf 74' lang='grc' dir='ltr'><strong>γὰρ</strong></span> <span class='ocrx_word' id='word_1_575' title='bbox 722 4417 813 4473; x_wconf 89' lang='grc' dir='ltr'><strong>καί</strong></span> <span class='ocrx_word' id='word_1_576' title='bbox 868 4439 922 4474; x_wconf 90' lang='grc' dir='ltr'><strong>τι</strong></span> <span class='ocrx_word' id='word_1_577' title='bbox 971 4420 1161 4482; x_wconf 83' lang='grc' dir='ltr'>νυκτὸς</span> <span class='ocrx_word' id='word_1_578' title='bbox 1193 4418 1473 4492; x_wconf 87' lang='grc' dir='ltr'>ὁμοίωμα,</span> <span class='ocrx_word' id='word_1_579' title='bbox 1529 4423 1562 4474; x_wconf 56' lang='grc' dir='ltr'><strong>ἦ</strong></span> <span class='ocrx_word' id='word_1_580' title='bbox 1623 4424 1900 4496; x_wconf 73' lang='grc' dir='ltr'>μοναχικὴ</span> 
     </span>
    </p>
   </div>
   <div class='ocr_carea' id='block_1_80' title="bbox 243 4505 1900 4586">
    <p class='ocr_par' dir='ltr' id='par_1_80' title="bbox 243 4505 1900 4586">
     <span class='ocr_line' id='line_1_81' title="bbox 243 4505 1900 4586; baseline -0.001 -21"><span class='ocrx_word' id='word_1_581' title='bbox 243 4509 482 4584; x_wconf 76' lang='grc' dir='ltr'>μελανία</span> <span class='ocrx_word' id='word_1_582' title='bbox 531 4509 962 4586; x_wconf 62' lang='grc' dir='ltr'>καθυπογράφειε</span> <span class='ocrx_word' id='word_1_583' title='bbox 1002 4507 1176 4566; x_wconf 77' lang='grc' dir='ltr'>Ἀλλὰ</span> <span class='ocrx_word' id='word_1_584' title='bbox 1221 4509 1310 4563; x_wconf 86' lang='grc' dir='ltr'><strong>καὶ</strong></span> <span class='ocrx_word' id='word_1_585' title='bbox 1365 4513 1479 4586; x_wconf 75' lang='grc' dir='ltr'><strong>φῶς</strong></span> <span class='ocrx_word' id='word_1_586' title='bbox 1536 4505 1681 4585; x_wconf 79' lang='grc' dir='ltr'>ἔχειν</span> <span class='ocrx_word' id='word_1_587' title='bbox 1740 4512 1900 4566; x_wconf 80' lang='grc' dir='ltr'>ἁπαι-</span> 
     </span>
    </p>
   </div>
   <div class='ocr_carea' id='block_1_81' title="bbox 2010 3347 3658 3420">
    <p class='ocr_par' dir='ltr' id='par_1_81' title="bbox 2010 3347 3658 3420">
     <span class='ocr_line' id='line_1_82' title="bbox 2010 3347 3658 3420; baseline 0.004 -19"><span class='ocrx_word' id='word_1_588' title='bbox 2010 3347 2265 3419; x_wconf 86' lang='lat' dir='ltr'><strong>piantur,</strong></span> <span class='ocrx_word' id='word_1_589' title='bbox 2301 3351 2472 3418; x_wconf 87' lang='lat' dir='ltr'><strong>atque</strong></span> <span class='ocrx_word' id='word_1_590' title='bbox 2523 3348 2634 3404; x_wconf 89' lang='lat' dir='ltr'><strong>sub</strong></span> <span class='ocrx_word' id='word_1_591' title='bbox 2682 3353 2920 3420; x_wconf 88' lang='lat' dir='ltr'><strong>aspectu</strong></span> <span class='ocrx_word' id='word_1_592' title='bbox 2947 3351 3182 3405; x_wconf 90' lang='lat' dir='ltr'><strong>verendi</strong></span> <span class='ocrx_word' id='word_1_593' title='bbox 3232 3351 3504 3406; x_wconf 88' lang='lat' dir='ltr'><strong>monachi</strong></span> <span class='ocrx_word' id='word_1_594' title='bbox 3551 3353 3658 3407; x_wconf 87' lang='lat' dir='ltr'><strong>ab—</strong></span> 
     </span>
    </p>
   </div>
   <div class='ocr_carea' id='block_1_82' title="bbox 2011 3436 3658 3510">
    <p class='ocr_par' dir='ltr' id='par_1_82' title="bbox 2011 3436 3658 3510">
     <span class='ocr_line' id='line_1_83' title="bbox 2011 3436 3658 3510; baseline 0.003 -20"><span class='ocrx_word' id='word_1_595' title='bbox 2011 3436 2263 3491; x_wconf 89' lang='lat' dir='ltr'><strong>sconditi</strong></span> <span class='ocrx_word' id='word_1_596' title='bbox 2300 3436 2530 3492; x_wconf 83' lang='lat' dir='ltr'><strong>facilius</strong></span> <span class='ocrx_word' id='word_1_597' title='bbox 2561 3442 2894 3509; x_wconf 87' lang='lat' dir='ltr'><strong>operentur,</strong></span> <span class='ocrx_word' id='word_1_598' title='bbox 2929 3438 3130 3510; x_wconf 87' lang='lat' dir='ltr'><strong>sicque</strong></span> <span class='ocrx_word' id='word_1_599' title='bbox 3177 3456 3290 3494; x_wconf 90' lang='lat' dir='ltr'><strong>non</strong></span> <span class='ocrx_word' id='word_1_600' title='bbox 3331 3440 3658 3510; x_wconf 86' lang='lat' dir='ltr'><strong>impedian-</strong></span> 
     </span>
    </p>
   </div>
   <div class='ocr_carea' id='block_1_83' title="bbox 2010 3524 3660 3598">
    <p class='ocr_par' dir='ltr' id='par_1_83' title="bbox 2010 3524 3660 3598">
     <span class='ocr_line' id='line_1_84' title="bbox 2010 3524 3660 3598; baseline 0.004 -20"><span class='ocrx_word' id='word_1_601' title='bbox 2010 3527 2108 3578; x_wconf 90' lang='lat' dir='ltr'><strong>tur</strong></span> <span class='ocrx_word' id='word_1_602' title='bbox 2158 3525 2399 3580; x_wconf 88' lang='lat' dir='ltr'><strong>meridie</strong></span> <span class='ocrx_word' id='word_1_603' title='bbox 2448 3524 2602 3581; x_wconf 89' lang='lat' dir='ltr'><strong>mala</strong></span> <span class='ocrx_word' id='word_1_604' title='bbox 2649 3530 3002 3598; x_wconf 89' lang='lat' dir='ltr'><strong>perpetrare,</strong></span> <span class='ocrx_word' id='word_1_605' title='bbox 3036 3533 3201 3582; x_wconf 86' lang='lat' dir='ltr'><strong>nocte</strong></span> <span class='ocrx_word' id='word_1_606' title='bbox 3249 3529 3406 3583; x_wconf 91' lang='lat' dir='ltr'><strong>enim</strong></span> <span class='ocrx_word' id='word_1_607' title='bbox 3460 3530 3660 3585; x_wconf 86' lang='lat' dir='ltr'><strong>densis</strong></span> 
     </span>
    </p>
   </div>
   <div class='ocr_carea' id='block_1_84' title="bbox 2010 3613 3664 3685">
    <p class='ocr_par' dir='ltr' id='par_1_84' title="bbox 2010 3613 3664 3685">
     <span class='ocr_line' id='line_1_85' title="bbox 2010 3613 3664 3685; baseline 0.003 -17"><span class='ocrx_word' id='word_1_608' title='bbox 2010 3613 2267 3668; x_wconf 87' lang='lat' dir='ltr'><strong>tenebris</strong></span> <span class='ocrx_word' id='word_1_609' title='bbox 2316 3619 2702 3685; x_wconf 89' lang='lat' dir='ltr'><strong>proteguntur</strong></span> <span class='ocrx_word' id='word_1_610' title='bbox 2743 3621 2799 3670; x_wconf 93' lang='lat' dir='ltr'><strong>et</strong></span> <span class='ocrx_word' id='word_1_611' title='bbox 2827 3615 3114 3670; x_wconf 88' lang='lat' dir='ltr'><strong>velantur.</strong></span> <span class='ocrx_word' id='word_1_612' title='bbox 3151 3620 3300 3672; x_wconf 89' lang='lat' dir='ltr'><strong>Istos</strong></span> <span class='ocrx_word' id='word_1_613' title='bbox 3347 3618 3664 3673; x_wconf 70' lang='lat' dir='ltr'><strong>aemulatur</strong></span> 
     </span>
    </p>
   </div>
   <div class='ocr_carea' id='block_1_85' title="bbox 2012 3702 3659 3778">
    <p class='ocr_par' dir='ltr' id='par_1_85' title="bbox 2012 3702 3659 3778">
     <span class='ocr_line' id='line_1_86' title="bbox 2012 3702 3659 3778; baseline 0.005 -23"><span class='ocrx_word' id='word_1_614' title='bbox 2012 3702 2112 3774; x_wconf 89' lang='lat' dir='ltr'><strong>qui</strong></span> <span class='ocrx_word' id='word_1_615' title='bbox 2171 3708 2483 3774; x_wconf 89' lang='lat' dir='ltr'><strong>augustam</strong></span> <span class='ocrx_word' id='word_1_616' title='bbox 2543 3705 3022 3760; x_wconf 89' lang='lat' dir='ltr'><strong>indumentorum</strong></span> <span class='ocrx_word' id='word_1_617' title='bbox 3076 3705 3369 3776; x_wconf 88' lang='lat' dir='ltr'><strong>nigritiem</strong></span> <span class='ocrx_word' id='word_1_618' title='bbox 3419 3707 3659 3778; x_wconf 82' lang='lat' dir='ltr'><strong>profert,</strong></span> 
     </span>
    </p>
   </div>
   <div class='ocr_carea' id='block_1_86' title="bbox 2013 3791 3659 3864">
    <p class='ocr_par' dir='ltr' id='par_1_86' title="bbox 2013 3791 3659 3864">
     <span class='ocr_line' id='line_1_87' title="bbox 2013 3791 3659 3864; baseline 0.003 -18"><span class='ocrx_word' id='word_1_619' title='bbox 2013 3807 2115 3862; x_wconf 89' lang='lat' dir='ltr'><strong>per</strong></span> <span class='ocrx_word' id='word_1_620' title='bbox 2141 3807 2270 3846; x_wconf 87' lang='lat' dir='ltr'><strong>eam</strong></span> <span class='ocrx_word' id='word_1_621' title='bbox 2302 3791 2540 3864; x_wconf 89' lang='lat' dir='ltr'><strong>decipit,</strong></span> <span class='ocrx_word' id='word_1_622' title='bbox 2571 3798 2627 3847; x_wconf 91' lang='lat' dir='ltr'><strong>et</strong></span> <span class='ocrx_word' id='word_1_623' title='bbox 2658 3791 2997 3864; x_wconf 90' lang='lat' dir='ltr'><strong>deceptione</strong></span> <span class='ocrx_word' id='word_1_624' title='bbox 3036 3795 3196 3849; x_wconf 90' lang='lat' dir='ltr'><strong>ducit</strong></span> <span class='ocrx_word' id='word_1_625' title='bbox 3226 3795 3296 3849; x_wconf 91' lang='lat' dir='ltr'><strong>ad</strong></span> <span class='ocrx_word' id='word_1_626' title='bbox 3330 3795 3659 3864; x_wconf 87' lang='lat' dir='ltr'><strong>interitum,</strong></span> 
     </span>
    </p>
   </div>
   <div class='ocr_carea' id='block_1_87' title="bbox 2013 3883 3658 3953">
    <p class='ocr_par' dir='ltr' id='par_1_87' title="bbox 2013 3883 3658 3953">
     <span class='ocr_line' id='line_1_88' title="bbox 2013 3883 3658 3953; baseline 0.004 -20"><span class='ocrx_word' id='word_1_627' title='bbox 2013 3895 2437 3949; x_wconf 87' lang='lat' dir='ltr'><strong>nonnunquam</strong></span> <span class='ocrx_word' id='word_1_628' title='bbox 2486 3897 2818 3952; x_wconf 89' lang='lat' dir='ltr'><strong>corporum,</strong></span> <span class='ocrx_word' id='word_1_629' title='bbox 2852 3883 2952 3936; x_wconf 89' lang='lat' dir='ltr'><strong>sed</strong></span> <span class='ocrx_word' id='word_1_630' title='bbox 3003 3883 3256 3939; x_wconf 86' lang='lat' dir='ltr'><strong>maxime</strong></span> <span class='ocrx_word' id='word_1_631' title='bbox 3304 3884 3658 3953; x_wconf 87' lang='lat' dir='ltr'><strong>animarum,</strong></span> 
     </span>
    </p>
   </div>
   <div class='ocr_carea' id='block_1_88' title="bbox 2013 3969 3662 4042">
    <p class='ocr_par' dir='ltr' id='par_1_88' title="bbox 2013 3969 3662 4042">
     <span class='ocr_line' id='line_1_89' title="bbox 2013 3969 3662 4042; baseline 0.004 -20"><span class='ocrx_word' id='word_1_632' title='bbox 2013 3984 2162 4039; x_wconf 88' lang='lat' dir='ltr'><strong>quas</strong></span> <span class='ocrx_word' id='word_1_633' title='bbox 2192 3969 2424 4024; x_wconf 85' lang='lat' dir='ltr'><strong>furatur</strong></span> <span class='ocrx_word' id='word_1_634' title='bbox 2451 3969 2783 4042; x_wconf 65' lang='lat' dir='ltr'><strong>caliginosa:</strong></span> <span class='ocrx_word' id='word_1_635' title='bbox 2827 3969 3152 4042; x_wconf 87' lang='lat' dir='ltr'><strong>hypocrisis</strong></span> <span class='ocrx_word' id='word_1_636' title='bbox 3183 3972 3513 4029; x_wconf 87' lang='lat' dir='ltr'><strong>obscuritas</strong></span> <span class='ocrx_word' id='word_1_637' title='bbox 3543 3989 3662 4028; x_wconf 90' lang='lat' dir='ltr'><strong>non</strong></span> 
     </span>
    </p>
   </div>
   <div class='ocr_carea' id='block_1_89' title="bbox 2014 4057 3665 4134">
    <p class='ocr_par' dir='ltr' id='par_1_89' title="bbox 2014 4057 3665 4134">
     <span class='ocr_line' id='line_1_90' title="bbox 2014 4057 3665 4134; baseline 0.004 -21"><span class='ocrx_word' id='word_1_638' title='bbox 2014 4057 2362 4129; x_wconf 89' lang='lat' dir='ltr'><strong>Christiana,</strong></span> <span class='ocrx_word' id='word_1_639' title='bbox 2395 4059 2496 4114; x_wconf 90' lang='lat' dir='ltr'><strong>sed</strong></span> <span class='ocrx_word' id='word_1_640' title='bbox 2547 4059 2735 4131; x_wconf 85' lang='lat' dir='ltr'><strong>magis</strong></span> <span class='ocrx_word' id='word_1_641' title='bbox 2765 4059 3073 4132; x_wconf 84' lang='lat' dir='ltr'><strong>diabolica,</strong></span> <span class='ocrx_word' id='word_1_642' title='bbox 3106 4077 3349 4134; x_wconf 70' lang='lat' dir='ltr'><strong>quaeque</strong></span> <span class='ocrx_word' id='word_1_643' title='bbox 3380 4079 3514 4118; x_wconf 89' lang='lat' dir='ltr'><strong>vero</strong></span> <span class='ocrx_word' id='word_1_644' title='bbox 3559 4061 3665 4119; x_wconf 90' lang='lat' dir='ltr'><strong>ho-</strong></span> 
     </span>
    </p>
   </div>
   <div class='ocr_carea' id='block_1_90' title="bbox 2013 4145 2716 4220">
    <p class='ocr_par' dir='ltr' id='par_1_90' title="bbox 2013 4145 2716 4220">
     <span class='ocr_line' id='line_1_91' title="bbox 2013 4145 2716 4220; baseline 0.006 -20"><span class='ocrx_word' id='word_1_645' title='bbox 2013 4145 2159 4201; x_wconf 88' lang='lat' dir='ltr'><strong>mini</strong></span> <span class='ocrx_word' id='word_1_646' title='bbox 2189 4146 2290 4202; x_wconf 91' lang='lat' dir='ltr'><strong>Dei</strong></span> <span class='ocrx_word' id='word_1_647' title='bbox 2321 4147 2598 4220; x_wconf 88' lang='lat' dir='ltr'><strong>fugienda</strong></span> <span class='ocrx_word' id='word_1_648' title='bbox 2626 4152 2716 4204; x_wconf 90' lang='lat' dir='ltr'><strong>est</strong></span> 
     </span>
    </p>
   </div>
   <div class='ocr_carea' id='block_1_91' title="bbox 2080 4421 3663 4495">
    <p class='ocr_par' dir='ltr' id='par_1_91' title="bbox 2080 4421 3663 4495">
     <span class='ocr_line' id='line_1_92' title="bbox 2080 4421 3663 4495; baseline 0.004 -19"><span class='ocrx_word' id='word_1_649' title='bbox 2080 4422 2172 4476; x_wconf 82' lang='lat'><strong>95.</strong></span> <span class='ocrx_word' id='word_1_650' title='bbox 2206 4421 2265 4477; x_wconf 91' lang='lat' dir='ltr'><strong>Si</strong></span> <span class='ocrx_word' id='word_1_651' title='bbox 2324 4439 2450 4495; x_wconf 67' lang='lat' dir='ltr'><strong>quae</strong></span> <span class='ocrx_word' id='word_1_652' title='bbox 2507 4427 2596 4478; x_wconf 89' lang='lat' dir='ltr'><strong>est</strong></span> <span class='ocrx_word' id='word_1_653' title='bbox 2651 4423 2808 4479; x_wconf 91' lang='lat' dir='ltr'><strong>enim</strong></span> <span class='ocrx_word' id='word_1_654' title='bbox 2867 4425 3055 4481; x_wconf 88' lang='lat' dir='ltr'><strong>noctis</strong></span> <span class='ocrx_word' id='word_1_655' title='bbox 3113 4425 3463 4493; x_wconf 90' lang='lat' dir='ltr'><strong>similitudo,</strong></span> <span class='ocrx_word' id='word_1_656' title='bbox 3517 4427 3663 4482; x_wconf 88' lang='lat' dir='ltr'><strong>hanc</strong></span> 
     </span>
    </p>
   </div>
   <div class='ocr_carea' id='block_1_92' title="bbox 2013 4511 3664 4583">
    <p class='ocr_par' dir='ltr' id='par_1_92' title="bbox 2013 4511 3664 4583">
     <span class='ocr_line' id='line_1_93' title="bbox 2013 4511 3664 4583; baseline 0.004 -18"><span class='ocrx_word' id='word_1_657' title='bbox 2013 4511 2188 4566; x_wconf 82' lang='lat' dir='ltr'><strong>refert</strong></span> <span class='ocrx_word' id='word_1_658' title='bbox 2220 4512 2558 4567; x_wconf 88' lang='lat' dir='ltr'><strong>monachica</strong></span> <span class='ocrx_word' id='word_1_659' title='bbox 2606 4513 2890 4583; x_wconf 80' lang='lat' dir='ltr'><strong>nigrities.</strong></span> <span class='ocrx_word' id='word_1_660' title='bbox 2923 4515 2992 4569; x_wconf 91' lang='lat' dir='ltr'><strong>Et</strong></span> <span class='ocrx_word' id='word_1_661' title='bbox 3044 4513 3279 4570; x_wconf 90' lang='lat' dir='ltr'><strong>aliunde</strong></span> <span class='ocrx_word' id='word_1_662' title='bbox 3327 4515 3522 4571; x_wconf 89' lang='lat' dir='ltr'><strong>lumen</strong></span> <span class='ocrx_word' id='word_1_663' title='bbox 3557 4516 3664 4570; x_wconf 87' lang='lat' dir='ltr'><strong>ha-</strong></span> 
     </span>
    </p>
   </div>
   <div class='ocr_carea' id='block_1_93' title="bbox 233 4597 1899 4689">
    <p class='ocr_par' dir='ltr' id='par_1_93' title="bbox 233 4597 1899 4673">
     <span class='ocr_line' id='line_1_94' title="bbox 233 4597 1899 4673; baseline -0.001 -18"><span class='ocrx_word' id='word_1_664' title='bbox 233 4605 413 4655; x_wconf 84' lang='grc' dir='ltr'>τεῖται</span> <span class='ocrx_word' id='word_1_665' title='bbox 472 4599 608 4672; x_wconf 86' lang='grc' dir='ltr'>πρὸς</span> <span class='ocrx_word' id='word_1_666' title='bbox 672 4597 905 4670; x_wconf 81' lang='grc' dir='ltr'>μίμησιν</span> <span class='ocrx_word' id='word_1_667' title='bbox 935 4601 1034 4666; x_wconf 80' lang='grc' dir='ltr'><strong>τῆς</strong></span> <span class='ocrx_word' id='word_1_668' title='bbox 1067 4599 1201 4654; x_wconf 82' lang='grc' dir='ltr'><strong>κατά</strong></span> <span class='ocrx_word' id='word_1_669' title='bbox 1257 4597 1460 4671; x_wconf 88' lang='grc' dir='ltr'>κόσμον</span> <span class='ocrx_word' id='word_1_670' title='bbox 1515 4599 1899 4673; x_wconf 80' lang='grc' dir='ltr'>αἷθριαζούσης</span> 
     </span>
    </p>
   </div>
   <div class='ocr_carea' id='block_1_94' title="bbox 2015 4597 3666 4689">
    <p class='ocr_par' dir='ltr' id='par_1_94' title="bbox 2015 4601 3666 4674">
     <span class='ocr_line' id='line_1_95' title="bbox 2015 4601 3666 4674; baseline 0.002 -19"><span class='ocrx_word' id='word_1_671' title='bbox 2015 4601 2146 4655; x_wconf 91' lang='lat' dir='ltr'><strong>bere</strong></span> <span class='ocrx_word' id='word_1_672' title='bbox 2170 4601 2434 4670; x_wconf 79' lang='lat' dir='ltr'><strong>jubetur,</strong></span> <span class='ocrx_word' id='word_1_673' title='bbox 2470 4602 2539 4657; x_wconf 88' lang='lat' dir='ltr'><strong>ad</strong></span> <span class='ocrx_word' id='word_1_674' title='bbox 2572 4602 2888 4658; x_wconf 76' lang='lat' dir='ltr'><strong>imitandus</strong></span> <span class='ocrx_word' id='word_1_675' title='bbox 2925 4603 3154 4659; x_wconf 90' lang='lat' dir='ltr'><strong>lucidas</strong></span> <span class='ocrx_word' id='word_1_676' title='bbox 3203 4604 3410 4658; x_wconf 90' lang='lat' dir='ltr'><strong>mundi</strong></span> <span class='ocrx_word' id='word_1_677' title='bbox 3444 4609 3666 4674; x_wconf 89' lang='lat' dir='ltr'><strong>noctes,</strong></span> 
     </span>
    </p>
   </div>
   <div class='ocr_carea' id='block_1_95' title="bbox 235 4684 1902 4765">
    <p class='ocr_par' dir='ltr' id='par_1_95' title="bbox 235 4684 1902 4765">
     <span class='ocr_line' id='line_1_96' title="bbox 235 4684 1902 4765; baseline 0 -22"><span class='ocrx_word' id='word_1_678' title='bbox 235 4686 460 4750; x_wconf 73' lang='grc' dir='ltr'>νυκτόςο</span> <span class='ocrx_word' id='word_1_679' title='bbox 524 4685 760 4760; x_wconf 82' lang='grc' dir='ltr'>μάλιστα</span> <span class='ocrx_word' id='word_1_680' title='bbox 795 4687 889 4759; x_wconf 77' lang='grc' dir='ltr'><strong>μὲν</strong></span> <span class='ocrx_word' id='word_1_681' title='bbox 923 4684 1013 4741; x_wconf 79' lang='grc' dir='ltr'><strong>οὖν</strong></span> <span class='ocrx_word' id='word_1_682' title='bbox 1077 4687 1208 4760; x_wconf 70' lang='grc' dir='ltr'>ὑπὲρ</span> <span class='ocrx_word' id='word_1_683' title='bbox 1265 4687 1514 4760; x_wconf 87' lang='grc' dir='ltr'>μίμησιν·</span> <span class='ocrx_word' id='word_1_684' title='bbox 1570 4685 1663 4742; x_wconf 73' lang='grc' dir='ltr'>’ίνα</span> <span class='ocrx_word' id='word_1_685' title='bbox 1685 4709 1768 4751; x_wconf 87' lang='grc' dir='ltr'><strong>τις</strong></span> <span class='ocrx_word' id='word_1_686' title='bbox 1799 4687 1902 4765; x_wconf 71' lang='grc' dir='ltr'><strong>ἔχῃ</strong></span> 
     </span>
    </p>
   </div>
   <div class='ocr_carea' id='block_1_96' title="bbox 239 4773 1903 4852">
    <p class='ocr_par' dir='ltr' id='par_1_96' title="bbox 239 4773 1903 4852">
     <span class='ocr_line' id='line_1_97' title="bbox 239 4773 1903 4852; baseline 0.001 -20"><span class='ocrx_word' id='word_1_687' title='bbox 239 4776 427 4852; x_wconf 81' lang='grc' dir='ltr'>λέγειν</span> <span class='ocrx_word' id='word_1_688' title='bbox 461 4775 550 4831; x_wconf 90' lang='grc' dir='ltr'><strong>καὶ</strong></span> <span class='ocrx_word' id='word_1_689' title='bbox 583 4773 671 4831; x_wconf 77' lang='grc' dir='ltr'><strong>ἐπὶ</strong></span> <span class='ocrx_word' id='word_1_690' title='bbox 713 4775 967 4830; x_wconf 89' lang='grc' dir='ltr'>τοιούτου</span> <span class='ocrx_word' id='word_1_691' title='bbox 1019 4773 1434 4850; x_wconf 87' lang='grc' dir='ltr'>μελανείμονος,</span> <span class='ocrx_word' id='word_1_692' title='bbox 1487 4774 1650 4851; x_wconf 73' lang='grc' dir='ltr'>οὗπερ</span> <span class='ocrx_word' id='word_1_693' title='bbox 1684 4780 1718 4847; x_wconf 79' lang='grc' dir='ltr'><strong>ἡ</strong></span> <span class='ocrx_word' id='word_1_694' title='bbox 1768 4779 1903 4833; x_wconf 85' lang='grc' dir='ltr'><strong>κατά</strong></span> 
     </span>
    </p>
   </div>
   <div class='ocr_carea' id='block_1_97' title="bbox 233 4863 1904 4942">
    <p class='ocr_par' dir='ltr' id='par_1_97' title="bbox 233 4863 1904 4942">
     <span class='ocr_line' id='line_1_98' title="bbox 233 4863 1904 4942; baseline 0.001 -21"><span class='ocrx_word' id='word_1_695' title='bbox 233 4869 457 4937; x_wconf 87' lang='grc' dir='ltr'>πνεῦμα</span> <span class='ocrx_word' id='word_1_696' title='bbox 487 4863 573 4936; x_wconf 71' lang='grc' dir='ltr'><strong>νὺξ</strong></span> <span class='ocrx_word' id='word_1_697' title='bbox 612 4865 943 4940; x_wconf 77' lang='grc' dir='ltr'>ἡμεροφαὴς</span> <span class='ocrx_word' id='word_1_698' title='bbox 995 4865 1126 4938; x_wconf 85' lang='grc' dir='ltr'>θείῳ</span> <span class='ocrx_word' id='word_1_699' title='bbox 1168 4865 1428 4939; x_wconf 83' lang='grc' dir='ltr'>κράματι,</span> <span class='ocrx_word' id='word_1_700' title='bbox 1479 4866 1562 4920; x_wconf 89' lang='grc' dir='ltr'>τό·</span> <span class='ocrx_word' id='word_1_701' title='bbox 1620 4891 1640 4918; x_wconf 78' lang='grc' dir='ltr'><strong>ιι</strong></span> <span class='ocrx_word' id='word_1_702' title='bbox 1699 4866 1904 4942; x_wconf 85' lang='grc' dir='ltr'>Ἡμέρα</span> 
     </span>
    </p>
   </div>
   <div class='ocr_carea' id='block_1_98' title="bbox 238 4951 1902 5030">
    <p class='ocr_par' dir='ltr' id='par_1_98' title="bbox 238 4951 1902 5030">
     <span class='ocr_line' id='line_1_99' title="bbox 238 4951 1902 5030; baseline 0.001 -22"><span class='ocrx_word' id='word_1_703' title='bbox 238 4959 310 5028; x_wconf 73' lang='grc' dir='ltr'><strong>τῇ</strong></span> <span class='ocrx_word' id='word_1_704' title='bbox 341 4951 531 5030; x_wconf 80' lang='grc' dir='ltr'>ἡμέρα</span> <span class='ocrx_word' id='word_1_705' title='bbox 559 4952 828 5028; x_wconf 72' lang='grc' dir='ltr'>ἐρεύγεται</span> <span class='ocrx_word' id='word_1_706' title='bbox 865 4953 1016 5029; x_wconf 78' lang='grc' dir='ltr'>ῥῆμα</span> <span class='ocrx_word' id='word_1_707' title='bbox 1069 4955 1441 5030; x_wconf 80' lang='grc' dir='ltr'>θεωρητικῶς,</span> <span class='ocrx_word' id='word_1_708' title='bbox 1506 4979 1534 5007; x_wconf 86' lang='grc'>››</span> <span class='ocrx_word' id='word_1_709' title='bbox 1583 4957 1720 5020; x_wconf 80' lang='grc' dir='ltr'>καθᾶ</span> <span class='ocrx_word' id='word_1_710' title='bbox 1778 4957 1902 5029; x_wconf 83' lang='grc' dir='ltr'><strong>ζώῳ</strong></span> 
     </span>
    </p>
   </div>
   <div class='ocr_carea' id='block_1_99' title="bbox 245 5040 1898 5119">
    <p class='ocr_par' dir='ltr' id='par_1_99' title="bbox 245 5040 1898 5119">
     <span class='ocr_line' id='line_1_100' title="bbox 245 5040 1898 5119; baseline 0.002 -21"><span class='ocrx_word' id='word_1_711' title='bbox 245 5041 464 5119; x_wconf 85' lang='grc' dir='ltr'>λογικῷ</span> <span class='ocrx_word' id='word_1_712' title='bbox 493 5043 686 5119; x_wconf 85' lang='grc' dir='ltr'>πρέπει</span> <span class='ocrx_word' id='word_1_713' title='bbox 717 5043 804 5097; x_wconf 86' lang='grc' dir='ltr'><strong>καὶ</strong></span> <span class='ocrx_word' id='word_1_714' title='bbox 837 5047 1040 5117; x_wconf 83' lang='grc' dir='ltr'>νοερῶς</span> <span class='ocrx_word' id='word_1_715' title='bbox 1070 5040 1320 5115; x_wconf 82' lang='grc' dir='ltr'>λαλητῷ,</span> <span class='ocrx_word' id='word_1_716' title='bbox 1367 5041 1511 5100; x_wconf 79' lang='grc' dir='ltr'>εἷ’ποι</span> <span class='ocrx_word' id='word_1_717' title='bbox 1561 5045 1619 5100; x_wconf 78' lang='grc' dir='ltr'>ἃν</span> <span class='ocrx_word' id='word_1_718' title='bbox 1666 5046 1693 5100; x_wconf 84' lang='grc' dir='ltr'>ὁ</span> <span class='ocrx_word' id='word_1_719' title='bbox 1752 5041 1898 5103; x_wconf 73' lang='grc' dir='ltr'><strong>Ἰώϐ·</strong></span> 
     </span>
    </p>
   </div>
   <div class='ocr_carea' id='block_1_100' title="bbox 243 5129 1899 5210">
    <p class='ocr_par' dir='ltr' id='par_1_100' title="bbox 243 5129 1899 5210">
     <span class='ocr_line' id='line_1_101' title="bbox 243 5129 1899 5210; baseline 0.002 -24"><span class='ocrx_word' id='word_1_720' title='bbox 243 5130 568 5196; x_wconf 84' lang='grc' dir='ltr'>ἀκολούθως</span> <span class='ocrx_word' id='word_1_721' title='bbox 627 5129 684 5186; x_wconf 73' lang='grc' dir='ltr'>δὲ</span> <span class='ocrx_word' id='word_1_722' title='bbox 731 5131 821 5186; x_wconf 84' lang='grc' dir='ltr'><strong>καὶ</strong></span> <span class='ocrx_word' id='word_1_723' title='bbox 867 5131 958 5204; x_wconf 78' lang='grc' dir='ltr'><strong>νὺξ</strong></span> <span class='ocrx_word' id='word_1_724' title='bbox 1007 5132 1154 5187; x_wconf 85' lang='grc' dir='ltr'>νυκτὶ</span> <span class='ocrx_word' id='word_1_725' title='bbox 1205 5131 1525 5208; x_wconf 88' lang='grc' dir='ltr'>ἀναγγέλλει</span> <span class='ocrx_word' id='word_1_726' title='bbox 1572 5139 1788 5210; x_wconf 81' lang='grc' dir='ltr'>γνῶσιν,</span> <span class='ocrx_word' id='word_1_727' title='bbox 1839 5138 1899 5205; x_wconf 79' lang='grc' dir='ltr'>ἣν</span> 
     </span>
    </p>
   </div>
   <div class='ocr_carea' id='block_1_101' title="bbox 241 5217 1904 5298">
    <p class='ocr_par' dir='ltr' id='par_1_101' title="bbox 241 5217 1904 5298">
     <span class='ocr_line' id='line_1_102' title="bbox 241 5217 1904 5298; baseline 0.002 -21"><span class='ocrx_word' id='word_1_728' title='bbox 241 5227 321 5294; x_wconf 81' lang='grc' dir='ltr'>τῷ</span> <span class='ocrx_word' id='word_1_729' title='bbox 381 5220 736 5298; x_wconf 86' lang='grc' dir='ltr'>σχολαστικῳ</span> <span class='ocrx_word' id='word_1_730' title='bbox 784 5217 936 5297; x_wconf 85' lang='grc' dir='ltr'>ἀνδρὶ</span> <span class='ocrx_word' id='word_1_731' title='bbox 987 5220 1048 5276; x_wconf 85' lang='grc' dir='ltr'><strong>ού</strong></span> <span class='ocrx_word' id='word_1_732' title='bbox 1109 5221 1308 5296; x_wconf 82' lang='grc' dir='ltr'>θεωρία</span> <span class='ocrx_word' id='word_1_733' title='bbox 1369 5223 1556 5296; x_wconf 88' lang='grc' dir='ltr'>μόνον,</span> <span class='ocrx_word' id='word_1_734' title='bbox 1616 5222 1759 5280; x_wconf 77' lang='grc' dir='ltr'>ἀλλὰ</span> <span class='ocrx_word' id='word_1_735' title='bbox 1814 5225 1904 5280; x_wconf 72' lang='grc' dir='ltr'>καὶ</span> 
     </span>
    </p>
   </div>
   <div class='ocr_carea' id='block_1_102' title="bbox 241 5308 1902 5388">
    <p class='ocr_par' dir='ltr' id='par_1_102' title="bbox 241 5308 1902 5388">
     <span class='ocr_line' id='line_1_103' title="bbox 241 5308 1902 5388; baseline 0.003 -23"><span class='ocrx_word' id='word_1_736' title='bbox 241 5312 438 5386; x_wconf 76' lang='grc' dir='ltr'>πρᾶξις</span> <span class='ocrx_word' id='word_1_737' title='bbox 495 5315 859 5384; x_wconf 80' lang='grc' dir='ltr'>περιποιεῖται</span> <span class='ocrx_word' id='word_1_738' title='bbox 891 5308 1242 5387; x_wconf 85' lang='grc' dir='ltr'>σχολάζοντι,</span> <span class='ocrx_word' id='word_1_739' title='bbox 1290 5310 1380 5366; x_wconf 85' lang='grc' dir='ltr'><strong>καὶ</strong></span> <span class='ocrx_word' id='word_1_740' title='bbox 1408 5310 1549 5367; x_wconf 74' lang='grc' dir='ltr'>οὕτω</span> <span class='ocrx_word' id='word_1_741' title='bbox 1578 5314 1902 5388; x_wconf 85' lang='grc' dir='ltr'>γινώσκοντι</span> 
     </span>
    </p>
   </div>
   <div class='ocr_carea' id='block_1_103' title="bbox 247 5397 527 5454">
    <p class='ocr_par' dir='ltr' id='par_1_103' title="bbox 247 5397 527 5454">
     <span class='ocr_line' id='line_1_104' title="bbox 247 5397 527 5454; baseline 0 -1"><span class='ocrx_word' id='word_1_742' title='bbox 247 5398 342 5454; x_wconf 83' lang='grc' dir='ltr'>τὸν</span> <span class='ocrx_word' id='word_1_743' title='bbox 375 5397 527 5453; x_wconf 88' lang='grc' dir='ltr'>Θεόν.</span> 
     </span>
    </p>
   </div>
   <div class='ocr_carea' id='block_1_104' title="bbox 317 5483 1904 5570">
    <p class='ocr_par' dir='ltr' id='par_1_104' title="bbox 317 5483 1904 5570">
     <span class='ocr_line' id='line_1_105' title="bbox 317 5483 1904 5570; baseline -0.009 -17"><span class='ocrx_word' id='word_1_744' title='bbox 317 5487 422 5566; x_wconf 74' lang='grc' dir='ltr'><strong>ιιςί</strong></span> <span class='ocrx_word' id='word_1_745' title='bbox 455 5483 647 5561; x_wconf 71' lang='grc' dir='ltr'><strong>Τῇδδ,</strong></span> <span class='ocrx_word' id='word_1_746' title='bbox 709 5486 786 5547; x_wconf 81' lang='grc' dir='ltr'><strong>ὡς</strong></span> <span class='ocrx_word' id='word_1_747' title='bbox 843 5483 1058 5562; x_wconf 65' lang='grc' dir='ltr'>ίῤῥέθη,</span> <span class='ocrx_word' id='word_1_748' title='bbox 1115 5489 1426 5565; x_wconf 67' lang='grc' dir='ltr'>κεκραμένη</span> <span class='ocrx_word' id='word_1_749' title='bbox 1485 5487 1634 5546; x_wconf 85' lang='grc' dir='ltr'>νυκτὶ</span> <span class='ocrx_word' id='word_1_750' title='bbox 1697 5491 1904 5570; x_wconf 74' lang='grc' dir='ltr'>έπιφω.</span> 
     </span>
    </p>
   </div>
   <div class='ocr_carea' id='block_1_105' title="bbox 319 5700 836 5777">
    <p class='ocr_par' dir='ltr' id='par_1_105' title="bbox 319 5700 836 5777">
     <span class='ocr_line' id='line_1_106' title="bbox 319 5700 836 5777; baseline 0 -17"><span class='ocrx_word' id='word_1_751' title='bbox 319 5703 366 5742; x_wconf 66' lang='grc'><strong>1⁸</strong></span> <span class='ocrx_word' id='word_1_752' title='bbox 399 5700 552 5762; x_wconf 76' lang='lat' dir='ltr'><strong>Psal.</strong></span> <span class='ocrx_word' id='word_1_753' title='bbox 582 5717 748 5777; x_wconf 81' lang='lat' dir='ltr'><strong>mn,</strong></span> <span class='ocrx_word' id='word_1_754' title='bbox 775 5703 836 5767; x_wconf 64' lang='lat'><strong>34</strong></span> 
     </span>
    </p>
   </div>
   <div class='ocr_carea' id='block_1_106' title="bbox 2013 4689 3668 4764">
    <p class='ocr_par' dir='ltr' id='par_1_106' title="bbox 2013 4689 3668 4764">
     <span class='ocr_line' id='line_1_107' title="bbox 2013 4689 3668 4764; baseline 0.002 -20"><span class='ocrx_word' id='word_1_755' title='bbox 2013 4695 2069 4744; x_wconf 92' lang='lat' dir='ltr'><strong>et</strong></span> <span class='ocrx_word' id='word_1_756' title='bbox 2098 4689 2168 4743; x_wconf 91' lang='lat' dir='ltr'><strong>ad</strong></span> <span class='ocrx_word' id='word_1_757' title='bbox 2202 4690 2454 4761; x_wconf 85' lang='lat' dir='ltr'><strong>perfecte</strong></span> <span class='ocrx_word' id='word_1_758' title='bbox 2485 4691 2824 4758; x_wconf 84' lang='lat' dir='ltr'><strong>imitandae,</strong></span> <span class='ocrx_word' id='word_1_759' title='bbox 2860 4697 2923 4746; x_wconf 92' lang='lat' dir='ltr'><strong>ut</strong></span> <span class='ocrx_word' id='word_1_760' title='bbox 2963 4693 3034 4748; x_wconf 91' lang='lat' dir='ltr'><strong>de</strong></span> <span class='ocrx_word' id='word_1_761' title='bbox 3074 4692 3181 4748; x_wconf 92' lang='lat' dir='ltr'><strong>hoc</strong></span> <span class='ocrx_word' id='word_1_762' title='bbox 3214 4691 3450 4748; x_wconf 91' lang='lat' dir='ltr'><strong>homine</strong></span> <span class='ocrx_word' id='word_1_763' title='bbox 3483 4692 3668 4764; x_wconf 86' lang='lat' dir='ltr'><strong>nigris</strong></span> 
     </span>
    </p>
   </div>
   <div class='ocr_carea' id='block_1_107' title="bbox 2013 4777 3665 4850">
    <p class='ocr_par' dir='ltr' id='par_1_107' title="bbox 2013 4777 3665 4850">
     <span class='ocr_line' id='line_1_108' title="bbox 2013 4777 3665 4850; baseline 0.003 -18"><span class='ocrx_word' id='word_1_764' title='bbox 2013 4777 2241 4847; x_wconf 88' lang='lat' dir='ltr'><strong>induto,</strong></span> <span class='ocrx_word' id='word_1_765' title='bbox 2265 4779 2436 4849; x_wconf 85' lang='lat' dir='ltr'><strong>cujus</strong></span> <span class='ocrx_word' id='word_1_766' title='bbox 2468 4796 2581 4833; x_wconf 87' lang='lat' dir='ltr'><strong>nox</strong></span> <span class='ocrx_word' id='word_1_767' title='bbox 2613 4779 2938 4850; x_wconf 89' lang='lat' dir='ltr'><strong>spiritualis</strong></span> <span class='ocrx_word' id='word_1_768' title='bbox 2962 4781 3160 4836; x_wconf 78' lang='lat' dir='ltr'><strong>divino</strong></span> <span class='ocrx_word' id='word_1_769' title='bbox 3191 4784 3476 4836; x_wconf 85' lang='lat' dir='ltr'><strong>concentu</strong></span> <span class='ocrx_word' id='word_1_770' title='bbox 3509 4782 3665 4837; x_wconf 89' lang='lat' dir='ltr'><strong>diem</strong></span> 
     </span>
    </p>
   </div>
   <div class='ocr_carea' id='block_1_108' title="bbox 2011 4866 3665 4940">
    <p class='ocr_par' dir='ltr' id='par_1_108' title="bbox 2011 4866 3665 4940">
     <span class='ocr_line' id='line_1_109' title="bbox 2011 4866 3665 4940; baseline -0.001 -19"><span class='ocrx_word' id='word_1_771' title='bbox 2011 4866 2254 4932; x_wconf 83' lang='lat' dir='ltr'><strong>indicat,</strong></span> <span class='ocrx_word' id='word_1_772' title='bbox 2286 4867 2398 4922; x_wconf 92' lang='lat' dir='ltr'><strong>dici</strong></span> <span class='ocrx_word' id='word_1_773' title='bbox 2434 4868 2620 4940; x_wconf 89' lang='lat' dir='ltr'><strong>possit</strong></span> <span class='ocrx_word' id='word_1_774' title='bbox 2652 4884 2665 4922; x_wconf 90' lang='lat'><strong>:</strong></span> <span class='ocrx_word' id='word_1_775' title='bbox 2697 4891 2724 4918; x_wconf 90' lang='grc'><em>‹‹</em></span> <span class='ocrx_word' id='word_1_776' title='bbox 2758 4869 2892 4924; x_wconf 90' lang='lat' dir='ltr'><strong>Dies</strong></span> <span class='ocrx_word' id='word_1_777' title='bbox 2941 4869 3052 4924; x_wconf 88' lang='lat' dir='ltr'><strong>diei</strong></span> <span class='ocrx_word' id='word_1_778' title='bbox 3104 4873 3331 4924; x_wconf 89' lang='lat' dir='ltr'><strong>eructat</strong></span> <span class='ocrx_word' id='word_1_779' title='bbox 3361 4871 3602 4925; x_wconf 88' lang='lat' dir='ltr'><strong>verbum</strong></span> <span class='ocrx_word' id='word_1_780' title='bbox 3635 4891 3665 4920; x_wconf 89' lang='lat'>»</span> 
     </span>
    </p>
   </div>
   <div class='ocr_carea' id='block_1_109' title="bbox 2014 4956 3666 5026">
    <p class='ocr_par' dir='ltr' id='par_1_109' title="bbox 2014 4956 3666 5026">
     <span class='ocr_line' id='line_1_110' title="bbox 2014 4956 3666 5026; baseline 0.003 -16"><span class='ocrx_word' id='word_1_781' title='bbox 2014 4956 2167 5011; x_wconf 90' lang='lat' dir='ltr'><strong>sicut</strong></span> <span class='ocrx_word' id='word_1_782' title='bbox 2221 4957 2388 5012; x_wconf 86' lang='lat' dir='ltr'><strong>decet</strong></span> <span class='ocrx_word' id='word_1_783' title='bbox 2445 4957 2662 5012; x_wconf 90' lang='lat' dir='ltr'><strong>animal</strong></span> <span class='ocrx_word' id='word_1_784' title='bbox 2720 4958 3023 5026; x_wconf 86' lang='lat' dir='ltr'><strong>rationale,</strong></span> <span class='ocrx_word' id='word_1_785' title='bbox 3057 4963 3113 5014; x_wconf 87' lang='lat' dir='ltr'><strong>et</strong></span> <span class='ocrx_word' id='word_1_786' title='bbox 3163 4958 3526 5014; x_wconf 71' lang='lat' dir='ltr'><strong>rationabilis</strong></span> <span class='ocrx_word' id='word_1_787' title='bbox 3578 4957 3666 5015; x_wconf 88' lang='lat' dir='ltr'><strong>lo-</strong></span> 
     </span>
    </p>
   </div>
   <div class='ocr_carea' id='block_1_110' title="bbox 2014 5045 3669 5118">
    <p class='ocr_par' dir='ltr' id='par_1_110' title="bbox 2014 5045 3669 5118">
     <span class='ocr_line' id='line_1_111' title="bbox 2014 5045 3669 5118; baseline 0.003 -19"><span class='ocrx_word' id='word_1_788' title='bbox 2014 5063 2220 5118; x_wconf 82' lang='lat' dir='ltr'><strong>quens,</strong></span> <span class='ocrx_word' id='word_1_789' title='bbox 2269 5045 2410 5101; x_wconf 89' lang='lat' dir='ltr'><strong>dicit</strong></span> <span class='ocrx_word' id='word_1_790' title='bbox 2464 5047 2594 5111; x_wconf 90' lang='lat' dir='ltr'><strong>Job,</strong></span> <span class='ocrx_word' id='word_1_791' title='bbox 2646 5050 2701 5100; x_wconf 92' lang='lat' dir='ltr'><strong>et</strong></span> <span class='ocrx_word' id='word_1_792' title='bbox 2758 5047 2968 5102; x_wconf 91' lang='lat' dir='ltr'><strong>deinde</strong></span> <span class='ocrx_word' id='word_1_793' title='bbox 2995 5070 3023 5098; x_wconf 88' lang='lat'><strong>«</strong></span> <span class='ocrx_word' id='word_1_794' title='bbox 3055 5047 3176 5102; x_wconf 85' lang='lat' dir='ltr'><strong>Nox</strong></span> <span class='ocrx_word' id='word_1_795' title='bbox 3237 5049 3390 5103; x_wconf 88' lang='lat' dir='ltr'><strong>nocti</strong></span> <span class='ocrx_word' id='word_1_796' title='bbox 3446 5047 3669 5104; x_wconf 86' lang='lat' dir='ltr'><strong>indicat</strong></span> 
     </span>
    </p>
   </div>
   <div class='ocr_carea' id='block_1_111' title="bbox 2013 5135 3670 5206">
    <p class='ocr_par' dir='ltr' id='par_1_111' title="bbox 2013 5135 3670 5206">
     <span class='ocr_line' id='line_1_112' title="bbox 2013 5135 3670 5206; baseline 0.001 -16"><span class='ocrx_word' id='word_1_797' title='bbox 2013 5135 2318 5191; x_wconf 86' lang='lat' dir='ltr'><strong>scientiam</strong></span> <span class='ocrx_word' id='word_1_798' title='bbox 2350 5136 2411 5205; x_wconf 73' lang='grc' dir='ltr'>ιδ,</span> <span class='ocrx_word' id='word_1_799' title='bbox 2437 5158 2466 5185; x_wconf 89' lang='grc'><strong>››</strong></span> <span class='ocrx_word' id='word_1_800' title='bbox 2491 5152 2668 5206; x_wconf 89' lang='lat' dir='ltr'><strong>quam</strong></span> <span class='ocrx_word' id='word_1_801' title='bbox 2707 5135 2924 5190; x_wconf 90' lang='lat' dir='ltr'><strong>homini</strong></span> <span class='ocrx_word' id='word_1_802' title='bbox 2962 5136 3315 5192; x_wconf 77' lang='lat' dir='ltr'><strong>scholastice</strong></span> <span class='ocrx_word' id='word_1_803' title='bbox 3349 5155 3463 5193; x_wconf 91' lang='lat' dir='ltr'><strong>non</strong></span> <span class='ocrx_word' id='word_1_804' title='bbox 3495 5138 3670 5192; x_wconf 88' lang='lat' dir='ltr'><strong>modo</strong></span> 
     </span>
    </p>
   </div>
   <div class='ocr_carea' id='block_1_112' title="bbox 2013 5224 3672 5298">
    <p class='ocr_par' dir='ltr' id='par_1_112' title="bbox 2013 5224 3672 5298">
     <span class='ocr_line' id='line_1_113' title="bbox 2013 5224 3672 5298; baseline 0.001 -19"><span class='ocrx_word' id='word_1_805' title='bbox 2013 5224 2259 5289; x_wconf 91' lang='lat' dir='ltr'><strong>theoria,</strong></span> <span class='ocrx_word' id='word_1_806' title='bbox 2296 5224 2396 5280; x_wconf 90' lang='lat' dir='ltr'><strong>sed</strong></span> <span class='ocrx_word' id='word_1_807' title='bbox 2430 5224 2603 5278; x_wconf 85' lang='lat' dir='ltr'><strong>etiam</strong></span> <span class='ocrx_word' id='word_1_808' title='bbox 2658 5224 2912 5297; x_wconf 89' lang='lat' dir='ltr'><strong>practica</strong></span> <span class='ocrx_word' id='word_1_809' title='bbox 2961 5226 3229 5296; x_wconf 82' lang='lat' dir='ltr'><strong>acquirit,</strong></span> <span class='ocrx_word' id='word_1_810' title='bbox 3264 5225 3584 5298; x_wconf 87' lang='lat' dir='ltr'><strong>inquirenti</strong></span> <span class='ocrx_word' id='word_1_811' title='bbox 3615 5227 3672 5280; x_wconf 85' lang='lat' dir='ltr'><strong>et</strong></span> 
     </span>
    </p>
   </div>
   <div class='ocr_carea' id='block_1_113' title="bbox 2014 5313 2572 5370">
    <p class='ocr_par' dir='ltr' id='par_1_113' title="bbox 2014 5313 2572 5370">
     <span class='ocr_line' id='line_1_114' title="bbox 2014 5313 2572 5370; baseline -0.004 -2"><span class='ocrx_word' id='word_1_812' title='bbox 2014 5313 2334 5370; x_wconf 87' lang='lat' dir='ltr'><strong>invenienti</strong></span> <span class='ocrx_word' id='word_1_813' title='bbox 2366 5313 2572 5368; x_wconf 90' lang='lat' dir='ltr'><strong>Deum.</strong></span> 
     </span>
    </p>
   </div>
   <div class='ocr_carea' id='block_1_114' title="bbox 2081 5492 3668 5567">
    <p class='ocr_par' dir='ltr' id='par_1_114' title="bbox 2081 5492 3668 5567">
     <span class='ocr_line' id='line_1_115' title="bbox 2081 5492 3668 5567; baseline 0 -18"><span class='ocrx_word' id='word_1_814' title='bbox 2081 5494 2173 5549; x_wconf 86' lang='lat'><strong>96.</strong></span> <span class='ocrx_word' id='word_1_815' title='bbox 2206 5492 2287 5549; x_wconf 90' lang='lat' dir='ltr'><strong>De</strong></span> <span class='ocrx_word' id='word_1_816' title='bbox 2317 5497 2486 5550; x_wconf 86' lang='lat' dir='ltr'><strong>nocte</strong></span> <span class='ocrx_word' id='word_1_817' title='bbox 2515 5495 2712 5550; x_wconf 85' lang='lat' dir='ltr'><strong>autem</strong></span> <span class='ocrx_word' id='word_1_818' title='bbox 2762 5497 3089 5567; x_wconf 80' lang='lat' dir='ltr'><strong>temperata</strong></span> <span class='ocrx_word' id='word_1_819' title='bbox 3138 5497 3274 5566; x_wconf 88' lang='lat' dir='ltr'><strong>apte</strong></span> <span class='ocrx_word' id='word_1_820' title='bbox 3321 5493 3614 5550; x_wconf 88' lang='lat' dir='ltr'><strong>diceretur</strong></span> <span class='ocrx_word' id='word_1_821' title='bbox 3645 5505 3668 5559; x_wconf 68' lang='grc' dir='ltr'><strong>ι</strong></span> 
     </span>
    </p>
   </div>
  </div>
