4104 6210
393 315 514 377 80⁸1

1166 305 1586 372 EUSTATHH
1625 304 2400 371 THESSALONICENSIS
2445 306 3027 373 METROPOLITE

3697 307 3830 371 eos

395 469 425 498 ‹‹
457 447 621 504 Sicut
648 447 902 502 tenebrae
947 445 1096 514 ejus,
1129 442 1210 496 ita
1256 442 1312 496 et
1354 439 1551 494 lumen
1583 437 1711 509 ejus
1734 438 1799 506 η,
1831 436 1890 492 id
1921 441 2032 503 est,

2144 440 2295 492 νοῖτο
2345 436 2406 492 ἃν
2465 442 2757 518 προσφυῶς
2814 441 2899 495 καὶ
2933 439 3016 494 τὸυ
3049 463 3079 493 ‹‹
3110 440 3202 502 Ὠς
3259 440 3322 495 τὸ
3378 438 3577 503 σκότος
3613 439 3823 509 αὐτῆς,

395 535 569 608 quale
625 535 984 608 profundum
1041 536 1097 586 et
1151 532 1441 584 secretum
1497 526 1845 598 mysticum,
1904 525 2042 581 talis

394 623 722 696 spiritualis
753 623 979 688 albedo,
1013 626 1076 674 ut
1106 635 1218 673 non
1267 616 1344 672 sit
1373 617 1646 682 obscura,
1669 620 1844 686 atque
1874 614 2040 686 igna-

394 731 490 770 ros
522 730 555 768 a
587 719 741 768 recta
769 712 861 768 via
889 709 1211 766 declinans.
1237 705 1303 760 Et
1333 705 1560 760 utinam
1583 704 1739 759 velut
1769 703 2043 759 columna

392 803 546 875 ignis
577 801 793 874 fulgeat
825 815 934 854 nox
979 795 1320 852 monachica
1351 795 1420 850 ad
1472 792 1778 848 salvandos
1811 809 1910 848 eos
1939 791 2041 863 qui

396 893 466 946 de
514 887 885 946 intellectuali
937 887 1177 957 [Egypto
1229 883 1298 938 ad
1354 887 1570 937 terram
1631 880 2040 953 promissionis

394 980 752 1050 migrabunt.
786 973 977 1030 Simili
1009 973 1181 1028 modo
1223 971 1439 1025 nubem
1490 969 1730 1024 induere
1778 970 2040 1041 cogitans
2081 985 2083 987 ί

389 1067 488 1122 ille
519 1081 769 1137 magnus
820 1079 1019 1118 revera
1068 1060 1412 1127 monachus,
1447 1075 1517 1113 ne
1570 1062 1848 1130 appareat
1902 1072 2043 1112 neve

390 1155 661 1210 videatur
716 1153 788 1209 ab
847 1150 1222 1216 hominibus,
1281 1164 1397 1201 non
1455 1145 1801 1218 simpliciter
1857 1145 2040 1200 nubes

390 1242 713 1316 procellosa
766 1243 878 1297 erit
933 1244 991 1294 et
1047 1237 1239 1304 noxia,
1301 1236 1400 1291 sed
1460 1234 1657 1290 lucida
1715 1234 1921 1305 nubes,
1977 1237 2043 1289 ut

389 1333 686 1389 scribitur.
720 1332 844 1396 Qua
900 1325 1279 1384 absconditus
1336 1323 1424 1379 sol
1479 1323 1713 1378 virtutis
1772 1340 1886 1378 non
1943 1339 2036 1378 ex-

393 1419 610 1492 templo
639 1418 906 1487 irradiat,
937 1417 1038 1472 sed
1072 1414 1240 1487 quasi
1273 1412 1611 1468 inhabitans
1645 1412 1746 1480 ibi,
1779 1416 2040 1482 tempore

393 1514 743 1582 opportuno,
794 1506 1084 1576 fulgidum
1145 1506 1320 1575 caput
1377 1502 1643 1566 inclinat,
1671 1522 1697 1549 ι‹
1754 1505 2037 1572 tanquam

392 1614 649 1672 sponsus
699 1595 948 1651 illustris
980 1593 1300 1666 procedens
1352 1593 1421 1646 de
1473 1591 1733 1645 thalamo
1791 1607 1894 1645 suo
1916 1590 2036 1659 3°,»

393 1689 462 1744 de
495 1703 611 1759 quo
641 1685 830 1740 imber
858 1682 1063 1738 deﬂuit
1111 1683 1178 1736 ad
1234 1680 1490 1735 dandam
1541 1679 1717 1733 vitam
1769 1678 2035 1741 idoneus,

391 1782 456 1833 ut
503 1775 640 1831 talis
690 1773 1014 1829 monachus
1055 1787 1084 1825 e
1131 1769 1294 1842 plebe
1343 1773 1400 1824 et
1451 1768 1786 1840 proceribus
1835 1783 2035 1822 conse-

390 1870 588 1922 cratus
620 1864 806 1936 possit
839 1859 1054 1916 imitari
1085 1863 1394 1914 venturum
1427 1873 1656 1928 «super
1687 1857 1870 1912 nubes
1902 1872 2036 1911 cum

391 1957 679 2028 potestate
713 1968 927 2023 magna
954 1953 1009 2005 et
1042 1949 1349 2019 majestate
1369 1947 1433 2000 ²¹.
1459 1967 1487 1994 ››

452 2217 680 2276 97.111a
733 2218 908 2287 nube,
941 2233 1043 2272 seu
1102 2215 1296 2288 potius
1344 2213 1556 2269 nebula
1607 2216 1831 2281 sancta,
1862 2211 2036 2283 Virgo

385 2307 772 2379 ﬁgurabatur,
822 2306 994 2361 modo
1043 2303 1279 2377 quidem
1333 2303 1536 2373 utique
1585 2300 1899 2369 altissimo,
1931 2301 2031 2356 sed

382 2396 673 2468 gradatim
699 2393 1090 2466 praeformanti
1118 2409 1321 2448 verum
1347 2390 1699 2447 monachum
1732 2390 1803 2445 ad
1835 2387 2036 2444 simili-

381 2486 646 2540 tudinem
700 2490 811 2540 Deo
863 2488 1182 2554 acceptam.
1217 2483 1330 2550 Sic,
1375 2489 1431 2536 el
1472 2480 1650 2536 etiam
1710 2477 1940 2544 melius,
1974 2479 2032 2532 in

384 2574 528 2629 urbe
586 2572 782 2646 magni
824 2571 1189 2628 Constantini
1251 2568 1449 2624 incolas
1508 2567 1719 2639 amplis
1772 2567 2034 2622 vestibus

384 2661 600 2729 induti,
647 2661 719 2716 ob
778 2661 1012 2716 easdem
1057 2659 1329 2724 rationes,
1364 2661 1420 2712 et
1451 2656 1648 2727 plures
1677 2660 1735 2710 et
1764 2654 2034 2710 meliores

384 2751 553 2815 alias,
587 2751 750 2819 nigro
781 2748 973 2804 colore
997 2751 1301 2817 ornantur,
1327 2746 1560 2818 nigrum
1592 2745 1700 2800 hoc
1731 2744 2035 2816 spirituale

384 2841 662 2905 induunt,
713 2855 879 2892 sacra
936 2836 1038 2892 illa
1078 2835 1431 2891 obscuritate
1490 2850 1592 2905 pro
1649 2832 1871 2904 refugio
1920 2832 2030 2887 sibi

387 2932 746 3000 comparata.
771 2927 903 2994 Qui,
945 2943 976 2980 ο
1009 2925 1295 2981 monache
1341 2923 1493 2994 apud
1552 2939 1659 2977 nos
1718 2937 1949 2991 magne,
1981 2926 2036 2976 et

385 3023 448 3073 ut
475 3018 729 3088 teipsum
766 3016 1009 3070 libenter
1038 3014 1330 3077 nominas,
1361 3028 1569 3084 magna
1607 3027 1873 3082 persona,
1899 3027 2030 3066 cum

385 3106 783 3178 increpatione
814 3109 869 3159 te
901 3103 1068 3175 plura
1105 3108 1160 3157 et
1203 3101 1560 3173 sapientiora
1588 3100 1881 3166 docerent,
1916 3101 2031 3154 scis

381 3196 517 3251 licet
544 3201 600 3250 te
632 3194 846 3249 nubem
882 3194 1146 3247 futurum
1181 3189 1446 3246 zethereis
1491 3190 1746 3244 tenebris
1778 3189 2026 3243 circum-

2144 3195 2326 3268 μάζων
2389 3196 2607 3250 σεαυτὸν
2637 3241 2652 3263 ,

383 3285 606 3346 fusam;
641 3281 688 3336 si
736 3297 867 3336 vero
900 3296 1014 3335 non
1066 3278 1322 3334 lucidam
1356 3283 1411 3332 et
1437 3277 1891 3332 abscondentem
1939 3275 2034 3331 lu-

381 3389 537 3436 men,
572 3371 620 3426 si
653 3387 768 3426 non
800 3369 1219 3440 fulgurantem,
1244 3365 1452 3422 saltem
1486 3382 1671 3436 aquas
1703 3365 2032 3436 parturien-

378 3465 494 3516 tem
527 3460 742 3532 quibus
789 3458 1068 3530 irrigatur
1116 3462 1270 3512 terra
1319 3472 1434 3510 non
1486 3455 1658 3510 modo
1711 3453 2034 3528 sensibilis,

379 3551 479 3606 sed
531 3550 710 3605 etiam
760 3545 1196 3611 intellectualis,
1244 3545 1421 3600 homo
1471 3543 1712 3610 scilicet,
1755 3549 1819 3598 ut
1866 3543 1926 3597 in
1975 3547 2032 3597 te

377 3638 692 3712 impleatur
719 3637 946 3693 theoria
975 3652 1139 3707 aqua
1181 3635 1241 3690 in
1273 3633 1536 3690 aethereis
1570 3632 1800 3688 nebulis
1831 3631 2029 3704 caligi-

378 3745 556 3784 nosaa.
590 3727 814 3783 Poteris
853 3725 1009 3781 enim
1060 3729 1118 3780 et
1168 3729 1228 3779 tu
1280 3729 1494 3778 terram
1554 3722 1936 3799 madefacere,
1971 3725 2033 3776 ut

377 3816 708 3882 Thesbites,
743 3832 845 3886 pro
894 3819 1004 3870 Deo
1037 3813 1136 3886 qui
1171 3814 1228 3868 in
1260 3811 1400 3868 coelo
1432 3817 1491 3867 et
1539 3811 1596 3865 in
1647 3816 1802 3866 terra
1833 3810 2031 3866 omnia

375 3909 532 3973 feeit,
567 3921 929 3978 quaecunque
961 3903 1106 3973 vult,
1137 3908 1193 3959 et
1237 3904 1336 3957 dat
1366 3901 1490 3958 suis
1521 3901 1794 3957 ﬁdelibus
1824 3901 2026 3961 eadem

379 4011 679 4070 peragere.

447 4261 536 4316 98.
569 4264 645 4316 Te
674 4261 969 4317 docebunt
988 4261 1163 4317 etiam
1197 4260 1669 4334 MegaIOpolitani
1698 4277 1810 4316 non
1835 4263 2027 4314 mente

374 4355 623 4420 occulta,
675 4350 1108 4416 dissimulante,
1157 4351 1317 4406 intus
1367 4351 1565 4405 abdita
1613 4353 1670 4404 et
1725 4350 2022 4416 abstrusa,

373 4438 620 4511 ideoque
677 4440 1007 4510 tenebrosa,
1065 4437 1343 4494 invisibili
1405 4443 1462 4493 et
1526 4435 2024 4510 incomprehensi-

2149 524 2292 581 οὕτω
2349 527 2438 582 καὶ
2495 529 2557 583 τὸ
2625 533 2740 607 φῶς
2790 529 2979 598 αὐτῆς·
3018 554 3039 580 ι
3101 529 3398 598 τουτέστιν,
3459 528 3536 590 ὠς
3583 530 3650 583 τὸ
3683 530 3826 604 βαθὺ

2148 614 2238 668 καὶ
2301 621 2596 688 μυστικῶς,
2627 616 2880 692 κρύφιον,
2939 615 3082 672 οὕτω
3137 617 3226 672 καὶ
3256 618 3318 673 τὸ
3347 621 3555 691 νοερῶς
3592 613 3826 672 διάλευ-

2148 723 2263 757 κονσ
2318 703 2412 759 ’ἱνα
2471 707 2546 777 μὴ
2592 705 2683 776 νὺξ
2733 706 2970 784 ἀφεγγὴς
3031 702 3142 777 εἷή,
3193 705 3283 760 καὶ
3333 705 3507 768 οὕτως
3555 705 3825 760 ἀποπλαο

2147 795 2294 847 νῶσα
2342 796 2442 862 τῆς
2495 794 2660 870 ὀρθῆς
2716 794 2843 857 τοὺς
2895 796 2971 868 μὴ
3022 795 3277 868 εὐμαθῶς
3333 794 3502 865 αὐτης
3553 789 3818 871 ἔχοντας.

2150 877 2276 944 Εἷ’θε
2307 878 2364 936 δὲ
2426 878 2510 953 εἷή
2565 882 2654 938 καὶ
2713 882 2895 956 στύλῳ
2924 883 3093 957 πυρὸς
3149 885 3246 953 τὴν
3285 885 3596 958 μοναχικήν
3633 885 3821 960 φωτί-

2153 971 2332 1038 ζεσθαι
2386 968 2568 1041 νύκτα,
2638 973 2712 1034 ὡς
2741 973 3060 1048 περισώζειν
3093 972 3221 1035 τοὺς
3251 972 3357 1027 ἀπὸ
3389 971 3675 1046 Αἰγύπτου
3707 979 3822 1042 τῆς

2148 1054 2453 1132 νοουμένης
2499 1059 2574 1122 εἷς
2624 1061 2722 1130 τὴν
2771 1063 2869 1129 τῆς
2920 1059 3246 1136 ἐπαγγελίας
3307 1059 3826 1136 ἐπαναστρέψοντας

2147 1154 2272 1222 γῆν.
2302 1147 2466 1223 Λόγῳ
2498 1145 2556 1203 δὲ
2607 1149 2786 1222 ὁμοίῳ
2839 1149 2931 1204 καὶ
2983 1149 3141 1228 νέφος
3203 1147 3530 1214 ὑποδύεσθαι
3592 1146 3828 1225 λογιζό-

2153 1256 2310 1309 μενος
2335 1238 2362 1292 ὁ
2392 1242 2470 1309 τῷ
2527 1232 2640 1292 ὄντι
2695 1236 3174 1315 μεγαλοσχήμων,
3230 1239 3306 1303 ὡς
3337 1239 3424 1294 ἐπὶ
3457 1239 3691 1317 ἀφανείᾳ
3719 1241 3825 1295 καὶ

2148 1325 2340 1401 κρύψει
2387 1329 2456 1400 τῇ
2500 1326 2636 1382 κατὰ
2691 1327 2923 1400 κόσμον,
2955 1326 3061 1404 οὐχ
3111 1324 3301 1389 ἁπλῶς
3333 1325 3480 1383 ἔσται
3529 1329 3694 1406 νέφος
3727 1330 3826 1384 αἱ-

2145 1410 2394 1488 γιδῶδες,
2446 1413 2536 1470 καὶ
2585 1414 2727 1471 οὕτω
2781 1416 3136 1494 φθοροποιὸν,
3190 1413 3338 1470 ἀλλᾶ
3363 1415 3564 1490 νεφέλη
3599 1415 3823 1494 φαιδρᾶ

2146 1503 2283 1557 κατᾶ
2333 1504 2396 1557 τὸ
2481 1505 2822 1582 γραφόμενον
2855 1522 2867 1535 ·
2947 1504 3000 1559 έν
3168 1505 3545 1578 κρυπτόμενος
3594 1507 3624 1560 ὁ
3680 1509 3817 1561 κατ’

2146 1589 2339 1664 ἀρετὴν
2372 1589 2537 1661 ἥλιος
2577 1591 2676 1647 οὐκ
2725 1590 3112 1669 ἐξαφανίζεται.
3168 1591 3290 1648 ἂλλ“
3337 1593 3411 1655 ὡς
3458 1595 3574 1648 οἷον
3623 1593 3827 1649 οἰκου-

2147 1681 2315 1752 ρήσας
2372 1679 2500 1749 ἐκεῖ,
2539 1679 2590 1736 ἐν
2643 1686 2816 1755 καιρῷ
2867 1678 3123 1756 λαμπρὸς
3175 1681 3495 1757 προκύπτει,
3560 1707 3588 1734 ‹‹
3638 1683 3828 1739 ὁποῖα

2145 1761 2355 1838 ἔνδοξος
2386 1769 2620 1848 νυμφίος
2677 1769 2736 1825 ἐκ
2764 1768 2970 1825 παστοῦ
3003 1770 3188 1825 αὐτοῦ·
3219 1792 3246 1824 υ
3275 1770 3365 1825 καὶ
3397 1767 3466 1825 δι’
3495 1773 3560 1840 ἧς
3589 1767 3829 1847 ὄμϐρος

2146 1856 2426 1933 ῥήγνυται,
2461 1863 2740 1932 ζωογονεῖν
2775 1856 3095 1932 δυνάμενος’
3149 1857 3242 1914 τίνα
3298 1859 3442 1914 οὕτω
3467 1860 3563 1914 κπὶ
3593 1858 3825 1935 δήμιος

2143 1948 2233 2002 καὶ
2265 1944 2488 2010 δυνατὸς
2517 1947 2960 2020 ἀποτνλούμενος
3004 1950 3032 2004 ὁ
3061 1953 3310 2010 τοιοῦτος
3363 1950 3622 2024 μοναχὸς,
3679 1949 3826 2025 ἔχοι

2147 2037 2427 2109 μιμεῖσθαι
2455 2037 2547 2091 τὸν
2578 2034 2666 2091 ἐπὶ
2699 2035 2932 2114 νεφέλης
2962 2034 3315 2111 ἐλευσόμενον
3337 2037 3631 2112 τεραστίως
3668 2041 3828 2112 μετὰ

2146 2126 2426 2200 δυνάμεως
2447 2128 2535 2183 καὶ
2593 2126 2754 2202 δόξης
2781 2127 3026 2198 πολλῆς.

2215 2220 2315 2297 ιις.
2347 2219 2599 2292 Τοιούτῳ
2627 2219 2796 2296 νέφει,
2846 2220 3201 2296 καιριώτερον
3251 2218 3309 2274 δὲ
3356 2219 3552 2298 νεφέλῃ
3602 2223 3816 2296 φάναι,

2142 2308 2231 2363 καὶ
2287 2311 2321 2378 ἡ
2380 2307 2643 2383 πάναγνος
2702 2309 2975 2382 Παρθένος
3031 2308 3396 2364 ἀπείκασται·
3475 2307 3628 2385 λόγῳ
3707 2311 3818 2384 μὲν

2144 2394 2331 2459 ἄλλως
2365 2394 2716 2470 ὑψηλοτάτῳ,
2751 2395 3065 2472 ῥυθμίζοντι
3126 2393 3182 2450 δε
3234 2395 3327 2451 τὸν
3357 2393 3524 2458 ὅντως
3547 2399 3820 2474 μοναχὸν

2143 2485 2218 2548 εἷς
2267 2486 2571 2559 ὁμοιότητα
2623 2486 2740 2556 Θεῷ
2798 2484 3125 2558 ἀρέσκουσαν
3162 2529 3175 2542 .
3235 2481 3396 2542 Οὕτω
3465 2487 3554 2540 καὶ
3637 2487 3821 2543 εἰσέτι

2147 2574 2360 2650 βέλτιον
2394 2575 2446 2628 oi
2477 2581 2579 2643 τῆς
2604 2578 2702 2628 τοῦ
2762 2572 3008 2649 μεγάλου
3067 2573 3478 2629 Κωνσταντίνου
3531 2574 3820 2652 τρόφιμοι

2147 2661 2656 2740 μεγαλοσχήμονες,
2689 2662 2778 2717 καὶ
2833 2661 2921 2718 ἐπὶ
2968 2661 3240 2725 τοιούτοις
3297 2660 3506 2738 λόγοις,
3562 2664 3660 2718 καὶ
3728 2661 3820 2722 ἔτι

2141 2752 2357 2809 πλείοσι
2403 2753 2493 2807 καὶ
2549 2751 2856 2828 κρείττοσι,
2915 2755 2985 2826 τῇ
3054 2753 3191 2806 κατὰ
3265 2751 3517 2824 μελανίαν
3580 2754 3820 2828 χρώσει

2140 2838 2523 2908 καλλύνονται,
2556 2839 2646 2894 καὶ
2705 2839 3032 2914 παράσημον
3090 2839 3220 2895 αὐτὸ
3276 2842 3642 2914 πνευματικὸν
3707 2864 3815 2899 πε-

2143 2930 2425 3004 ρίκεινται,
2483 2927 2574 2984 καὶ
2633 2927 2775 2983 οὕτω
2830 2928 3023 2991 σκότος
3077 2929 3224 3004 ἱερὸν
3279 2934 3442 2984 τοῦτο
3477 2929 3824 3010 ἀποκρυφήν

2142 3019 2350 3080 ἑαυτοῖς
2407 3017 2659 3072 τίθενται’
2723 3018 2810 3088 ὑφ’
2867 3015 2940 3071 ὦν
3002 3017 3149 3092 τάχα
3207 3017 3266 3072 ἂν
3300 3015 3740 3092 ὀνειδιζόμενος,
3775 3021 3824 3076 ὦ

2141 3105 2192 3160 ἐν
2225 3109 2359 3179 ἡμῖν
2419 3103 2674 3181 μεγαλεῖε
2734 3106 2966 3181 μοναχὶ,
2996 3107 3086 3160 καὶ
3116 3107 3194 3168 ὡς
3242 3105 3403 3171 αὐτὸς
3431 3107 3652 3184 χαίρεις
3687 3109 3821 3164 dvo-

2725 3196 2859 3270 μέγα
2914 3194 3232 3266 πρόσωπον,
3295 3195 3548 3257 ἀκούσαις
3607 3197 3678 3252 ἃν
3740 3198 3821 3260 εἰς

2142 3284 2320 3339 πλείω
2394 3285 2483 3339 καὶ
2557 3282 2877 3362 σαφεστέραν
2962 3285 3218 3356 μάθησιν,
3284 3283 3367 3338 ὅτι
3438 3282 3645 3359 νεφέλη
3711 3289 3817 3361 μὶν

2143 3373 2434 3444 έζάπαντος
2511 3373 2793 3434 εἷκονικῶς
2873 3368 2968 3447 ἔσῃ
3064 3367 3514 3448 περιϐεϐλημένη
3603 3377 3818 3442 σκότος

2143 3461 2342 3539 ἀέριον·
2403 3463 2488 3517 ἐὰν
2549 3460 2606 3517 δὲ
2667 3463 2742 3534 μή
2803 3459 3023 3538 φαιδρὰ,
3055 3459 3147 3516 καί
3179 3467 3293 3539 φῶς
3333 3462 3676 3538 κρύπτουσα,
3709 3468 3809 3522 καὶ

2143 3553 2522 3607 ἕκτινάσσουσα
2552 3550 2629 3614 εἷς
2658 3550 2890 3625 λάμψιν,
2923 3549 3059 3613 τέως
3115 3555 3243 3627 γοῦν
3303 3549 3448 3626 ὕδωρ
3498 3549 3810 3625 ὠδίνουσα,

2141 3639 2210 3696 δι’
2238 3640 2298 3696 οὗ
2342 3640 2609 3697 πιαίνεται
2645 3647 2739 3716 γῆ,
2771 3639 2834 3695 οὐ
2886 3641 3049 3713 μόνον
3082 3643 3116 3710 ἡ
3165 3641 3423 3711 αἰσθητὴ,
3456 3638 3605 3696 ἀλλὰ
3633 3643 3738 3698 καὶ
3771 3648 3809 3714 ἡ

2138 3731 2410 3804 νοουμένη
2467 3731 2585 3785 κατ’
2641 3728 2951 3804 ἄνθρωπον*
3003 3730 3079 3791 ὡς
3134 3729 3196 3784 ’ἀν
3247 3729 3645 3806 παρακολουθῇ
3711 3755 3808 3788 και

2138 3821 2223 3875 σοὶ
2297 3819 2495 3893 θεωρία
2552 3823 2826 3875 σκοτεινοῦ
2883 3816 3073 3884 ὕδττος
3155 3817 3207 3873 ἐν
3278 3817 3524 3898 νεφέλαις
3592 3819 3809 3896 ἀέρων,

2135 3912 2326 3965 Ἔσται
2355 3911 2458 3984 γὰρ
2489 3909 2577 3964 καὶ
2619 3910 2704 3963 σοὶ
2732 3903 3051 3983 καταϐρέξαι
3087 3907 3228 3980 ὐετῷ
3258 3909 3356 3977 τήν
3402 3912 3504 3983 γῆν
3531 3909 3676 3964 κατᾶ
3705 3913 3805 3966 τὸν

2135 3993 2393 4069 Θεσϐίτην
2425 3996 2575 4073 λόγῳ
2606 4001 2760 4069 Θεοῦ,
2819 3999 2877 4059 ὃς
2905 3995 2957 4052 έν
2988 4001 3068 4069 τῷ
3098 3997 3311 4072 οὐρανῷ
3361 3997 3452 4052 καὶ
3491 3996 3544 4052 έν
3592 4003 3666 4072 τῇ
3845 4059 3848 4062 ,

2134 4092 2304 4142 ποιῶν
2337 4087 2529 4156 πάντα,
2565 4088 2663 4142 ὅσα
2693 4085 2889 4156 έθέλει,
2923 4083 3112 4141 δίδωσι
3141 4087 3231 4140 καὶ
3261 4090 3379 4149 τοῖς
3419 4084 3583 4141 αὐτοῦ
3629 4089 3807 4164 θερα-

2133 4183 2354 4241 πευταῖς
2382 4181 2559 4232 ποινῖν
2585 4174 2774 4248 ὅμοια.

2206 4266 2311 4343 ιιηκ
2346 4267 2472 4320 Ἐπι
2505 4262 2776 4335 διδάξουσί
2833 4285 2890 4319 σε
2940 4264 2992 4318 οἱ
3052 4261 3508 4339 Μεγαλοπολῖται
3557 4263 3648 4319 καὶ
3713 4265 3804 4321 ὅτι

2135 4353 2196 4408 οὐ
2227 4353 2362 4408 κατὰ
2390 4354 2451 4408 τὸ
2501 4353 2728 4432 κρύφιον
2757 4356 2856 4416 τῆς
2887 4355 3096 4428 ψυχῆς,
3143 4352 3233 4406 καὶ
3270 4349 3802 4428 βυσσοδομευτικόν,

2133 4444 2220 4497 καὶ
2280 4440 2610 4520 ένδόμυχον,
2676 4443 2767 4497 καὶ
2827 4441 3087 4510 ὕπουλον,
3146 4443 3236 4496 καὶ
3293 4440 3436 4497 οὕτω
3493 4443 3803 4516 σκοτεινὸν,

374 4528 502 4597 bili,
535 4535 590 4583 te
622 4527 852 4584 nebula
897 4528 1080 4584 fuisse
1111 4532 1546 4599 comparatum;
1581 4543 1721 4586 sane
1752 4544 1882 4584 vero
1914 4529 2025 4582 vir.

2144 4531 2222 4586 καὶ
2283 4532 2508 4608 ἀόρατον
2547 4576 2560 4600 ,
2616 4531 2705 4586 καὶ
2767 4530 3134 4602 ἀκατανόητον
3207 4529 3592 4606 έξομοιωθήσῃ
3646 4533 3803 4608 πρὸς

373 4621 497 4672 tute
546 4634 672 4688 quae
722 4616 967 4689 plausus
1018 4633 1133 4672 non
1183 4616 1450 4688 requirit,
1483 4620 1540 4671 et
1584 4632 1699 4671 non
1748 4625 2024 4690 apparet;

374 4705 474 4761 lux
503 4723 637 4763 vera
661 4723 789 4762 esse
812 4707 1012 4777 debes,
1035 4711 1092 4761 et
1113 4706 1334 4762 circum
1367 4710 1422 4761 te
1444 4705 1547 4760 tali
1582 4707 1752 4761 modo
1785 4708 2027 4765 abscon-

375 4795 551 4862 deris,
583 4795 770 4850 instar
802 4795 919 4861 Dei,
944 4811 1116 4867 quem
1145 4795 1513 4850 circumdant
1546 4793 1770 4851 nebulae
1799 4801 1858 4851 et
1887 4802 2028 4853 tem-

375 4888 649 4956 pestates.
682 4885 805 4938 Non
856 4901 992 4956 ergo
1041 4883 1388 4955 simpliciter
1436 4882 1702 4940 occultus
1749 4885 1889 4956 eris,
1924 4888 2025 4943 sed

374 4979 431 5026 te
463 4972 699 5043 cingent
730 4971 936 5044 aliqua:
987 4973 1258 5043 tenebrae,
1295 4974 1634 5044 obtegentes
1684 4972 1882 5030 lumen
1912 4977 2025 5030 vir-

374 5062 540 5128 tutis,
569 5063 718 5132 quod
749 5062 1194 5117 dissimulatum
1231 5062 1482 5133 prodibit
1503 5068 1721 5132 tamen,
1745 5062 2028 5136 aliterque

377 5151 700 5224 apparebit,
732 5156 788 5207 te
815 5151 1018 5218 invito,
1051 5152 1207 5208 sicut
1241 5151 1455 5206 lucidis
1484 5151 1859 5224 lampadibus
1889 5171 2028 5210 con-

372 5241 569 5314 tingit.
605 5240 766 5296 Talia
817 5239 1043 5296 lumina
1084 5240 1278 5312 diligit
1311 5240 1478 5296 Pater
1526 5240 1818 5297 luminum
1849 5243 2024 5314 Deus,

375 5330 597 5386 scilicet
654 5331 806 5386 bona
855 5346 1050 5401 opera,
1085 5346 1335 5402 quorum
1395 5329 1536 5385 echo
1584 5329 1740 5385 velut
1799 5347 2025 5402 percre-

374 5434 521 5500 paps
553 5420 774 5476 tonitru
808 5419 978 5492 longe
1012 5424 1270 5487 resonat;
1293 5436 1540 5491 quorum
1577 5419 1766 5492 fulgor
1797 5419 2028 5476 videtur

2136 4619 2392 4696 νεφέλην,
2469 4618 2616 4676 ἀλλὰ
2689 4621 2824 4674 κατὰ
2894 4621 2958 4674 τὸ
3032 4615 3406 4694 ἆθριάϐευτον,
3465 4620 3554 4675 καὶ
3613 4620 3802 4686 οὕτως

2136 4710 2455 4786 ἀνέκφαντον
2531 4715 2630 4778 τῆς
2697 4707 2749 4763 έν
2806 4709 2890 4764 σοὶ
2939 4708 3155 4782 ἀρετῆςο
3217 4709 3357 4764 ὥστε
3412 4708 3477 4764 σὺ
3533 4709 3626 4782 μὲν
3675 4716 3803 4788 φῶς

2135 4797 2471 4872 αὐτόχρημα
2527 4795 2766 4875 ὀφείλεις
2819 4798 2974 4866 εἶναι,
3004 4797 3130 4874 περὶ
3162 4793 3222 4852 δέ
3251 4817 3309 4852 σε
3336 4797 3534 4872 κρύψις
3560 4798 3797 4868 τοιαύτη

2135 4880 2281 4940 ἔσται
2345 4887 2756 4959 μιμήσειΘεοῦ·
2821 4883 2883 4940 οὗ
2943 4882 3132 4958 κύκλῳ
3187 4883 3387 4963 νεφέλη
3446 4884 3536 4940 καὶ
3565 4887 3797 4965 γνόφος.

2136 4973 2339 5029 Οὐκοῦν
2374 4974 2439 5029 οὐ
2473 4973 2740 5035 σκοτεινὸς
2797 4970 2890 5047 ἔσῃ
2938 4972 3146 5042 ἁπλῶς,
3205 4971 3352 5029 ἀλλᾶ
3401 4970 3676 5028 κυκλώσει
3739 4994 3802 5030 σε

2134 5065 2196 5119 τὸ
2242 5060 2518 5139 ζοφῶδες,
2579 5061 2976 5138 ἐπικρύπτοντα
3022 5061 3084 5117 τὸ
3140 5063 3258 5117 κατ’
3315 5062 3510 5138 ἀρετὴν
3571 5067 3710 5140 φῶς·
3767 5065 3798 5119 ’ὀ

2134 5154 2223 5208 καὶ
2281 5153 2650 5227 κρυπτόμενον
2712 5151 2866 5224 ὅμως
2919 5148 3290 5227 έκδραμεῖται,
3359 5148 3547 5212 ἄλλως
3578 5157 3797 5228 φαῖνον,

2135 5243 2225 5298 καὶ
2287 5243 2381 5296 σοῦ
2441 5242 2516 5314 μή
2575 5239 2850 5302 θέλοντος·
2886 5239 3075 5295 ὁποῖόν
3105 5261 3155 5294 τι
3187 5240 3280 5295 καὶ
3309 5240 3434 5316 περὶ
3464 5239 3530 5294 τὰ
3560 5237 3799 5316 λαμπρά

2136 5332 2294 5410 φανία
2365 5330 2590 5407 γίνεται.
2651 5333 2889 5386 Τοιαῦτα
2945 5334 3099 5407 φῶτα
3147 5329 3300 5408 φιλεῖ
3355 5331 3383 5384 ὁ
3441 5331 3620 5404 πατὴρ
3680 5331 3796 5384 τῶν

2135 5421 2329 5496 φώτων
2386 5420 2538 5490 Θεὸς,
2571 5419 2747 5494 ἀγαθά
2776 5415 3035 5490 δηλονότι
3087 5414 3237 5494 ἔργα⁶
3299 5418 3376 5472 ὧν
3438 5418 3466 5472 ὁ
3515 5417 3657 5494 ἦχος
3691 5417 3797 5473 ὅσα

451 5634 496 5670 ¹⁰
525 5634 676 5692 Psal.
707 5651 976 5707 cxxxvm,
1007 5636 1095 5692 12.
1173 5635 1220 5672 ⁸ο
1249 5634 1403 5693 Psal.
1435 5652 1598 5707 xvm,
1626 5638 1679 5693 6.
1757 5637 1801 5674 ²¹
1833 5637 1973 5695 Luc.
2005 5653 2123 5711 xxx,
2153 5638 2245 5695 27.
