4104 6210
205 331 332 395 809

203 462 298 518 καὶ
380 461 584 538 βροντὴ
649 459 980 536 τρανεστάτη
1037 459 1247 535 μακρὰν
1309 458 1585 534 ἐξηχεῖται
1622 478 1635 491 ·

205 551 460 628 ἀστραπὴ
493 548 668 627 φαίνει
722 553 790 623 τῇ
844 547 1167 623 οἲκουμὲνῃ,
1219 545 1513 621 λάμπουσα
1565 546 1864 622 ἔμπροσθεν

204 645 316 695 τῶν
351 639 674 714 ἀνθρώπων
723 638 796 692 ὧν
853 639 888 708 ἡ
921 635 1066 711 ὀδμὴ
1128 637 1193 693 ού
1239 637 1382 702 θείου
1431 633 1562 707 ὄζει,
1614 635 1741 694 ἀλλ’
1793 635 1868 699 είς

208 728 442 804 οὐρανὸν
473 727 630 783 αὐτὸν
663 724 873 797 εὐώδης
905 720 1208 782 ἀναϐαίνει.

285 837 389 915 ιιθκ
433 835 684 908 Τοιούτῳ
721 838 864 909 γοῦν
915 831 1098 906 λάμπε
1148 833 1310 911 φωτί.
1371 833 1475 890 Καὶ
1536 829 1866 906 δραμοῦνται

209 928 410 987 πάντες
460 924 545 978 ἐπὶ
608 924 688 993 σὶ,
736 923 821 978 καῖ
885 923 1146 996 ἀνάψουσι
1204 921 1293 977 καὶ
1353 922 1505 976 αὐτοὶ
1565 921 1867 995 μεταλήψει

207 1021 280 1090 τῇ
339 1015 448 1070 ἀπὸ
497 1017 591 1068 σοῦ
651 1017 804 1091 φῶτα
860 1010 1068 1085 ὅμοια.
1123 1010 1230 1067 Καί
1300 1031 1418 1073 πως
1481 1009 1868 1084 ἁμιλλώμενοι

212 1101 524 1178 λαμπάδων
595 1104 782 1177 ἀγῶνα
850 1106 1040 1156 τοῦτον
1114 1099 1394 1156 τελέσουσι
1467 1098 1556 1155 διὰ
1613 1105 1729 1169 σοῦ,
1787 1104 1868 1172 τῷ

210 1193 376 1248 παντὶ
435 1191 759 1268 σεμνότερον
815 1194 911 1244 τοῦ
965 1190 1015 1244 ἐν
1055 1195 1178 1254 τοῖς
1228 1188 1402 1245 πάλαι
1453 1189 1864 1265 ἱστορουμένου.

210 1281 360 1353 ’Ἤδη
394 1279 453 1337 δὲ
476 1281 564 1336 καὶ
617 1279 747 1355 ὑπὲρ
795 1279 863 1335 τά
889 1284 995 1334 τῶν
1041 1276 1400 1352 Νικομηδέων
1451 1283 1605 1353 φῶτα
1651 1277 1703 1332 ἐν
1733 1278 1865 1332 ἀκα-

211 1378 298 1444 ρεῖ
328 1369 627 1446 πολλαχοῦ
675 1376 780 1444 γῆς
838 1371 936 1438 τήν
992 1367 1042 1422 ἐν
1099 1368 1182 1422 σοὶ
1234 1365 1423 1438 δείξεις
1474 1368 1864 1445 φωτοφάνειαν.

208 1461 462 1532 Λάμπων
515 1459 700 1531 μέντοι
747 1455 1008 1512 σύστελλε
1053 1458 1116 1512 τὸ
1163 1454 1346 1533 ἄγριον
1380 1454 1648 1530 πυρῶδες,
1681 1453 1751 1511 δι’
1781 1454 1869 1510 οὗ·

207 1569 312 1624 περ
371 1550 427 1603 αἱ
479 1545 680 1625 φαῦλαι
737 1545 978 1622 νεφέλαι,
1040 1547 1093 1601 οἱ
1151 1543 1321 1601 δεινοὶ
1377 1545 1632 1622 μοναχοῖ,
1672 1545 1735 1600 τὸ
1764 1565 1867 1599 πα-

209 1637 484 1713 ραπῖπτον
539 1634 989 1713 καταφλέγουσιν,
1037 1634 1112 1698 ὡς
1160 1632 1392 1710 ἄγρωσις
1451 1634 1588 1707 ξηρά
1643 1635 1869 1710 βρωθῆ-

210 1748 362 1783 σεται
422 1726 560 1781 κατά
595 1726 685 1780 τὸν
747 1727 904 1799 ἅγιον
970 1721 1195 1780 Ἠσαίαν
1255 1722 1358 1778 ὑπὸ
1415 1721 1604 1798 πυρός·
1665 1719 1753 1777 ἔσο
1812 1719 1870 1776 δὲ

1234 329 1338 392 DE
1384 327 1875 391 EMENDANDA
1919 329 2105 390 VITA
2153 328 2631 391 MONAGHIGA.

1696 458 1769 512 ὧν
1830 459 1859 528 ἡ
1891 461 1944 527 Α
1974 457 2034 514 in
2066 463 2243 529 terra,
2276 476 2471 515 coram
2512 459 2854 516 hominibus
2897 458 3221 532 refulgens;
3255 475 3628 533 quorumque

3509 330 3631 392 810

1975 549 2119 605 odor
2149 565 2265 605 non
2297 547 2548 620 sulphur
2577 548 2711 620 olet,
2746 549 2846 606 sed
2878 565 3011 604 cum
3058 549 3378 620 fragrantia
3407 551 3478 604 ad
3509 565 3628 605 cm-

1974 637 2098 693 lum
2131 638 2321 710 ipsum
2359 637 2640 694 ascendit.

2045 833 2134 887 99.
2169 833 2286 888 Hac
2327 833 2507 906 igitur
2557 832 2685 889 luce
2731 833 2968 905 refulge.
3003 835 3167 890 Tunc
3198 851 3402 890 omnes
3451 835 3523 891 ad
3575 839 3631 892 te

1975 927 2344 990 concurrent,
2373 921 2706 992 similiaque
2755 922 2983 978 lumina
3031 925 3137 980 abs
3184 927 3239 980 te
3288 930 3630 982 mutuantes

1975 1011 2317 1079 accendent,
2367 1016 2448 1081 et,
2491 1011 2659 1082 quasi
2708 1012 2941 1082 agmine
2989 1013 3158 1075 facto,
3196 1012 3354 1068 illam
3399 1013 3629 1084 lampa-

1976 1101 2118 1155 dum
2166 1115 2426 1170 pugnam
2475 1100 2656 1155 altera
2704 1099 3030 1172 antiquitus
3070 1102 3288 1156 tradita
3339 1101 3627 1157 illustrio-

1975 1204 2101 1244 rem
2144 1205 2246 1258 per
2292 1193 2348 1243 te
2397 1187 2727 1244 conﬁcient.
2762 1189 2894 1245 Mox
2941 1206 3117 1261 super
3161 1189 3630 1248 Nicomediensia

1974 1276 2220 1346 lumina,
2247 1277 2306 1332 in
2340 1277 2456 1333 ictu
2483 1277 2655 1348 oculi,
2679 1277 2896 1349 ubique
2925 1283 3214 1334 terrarum
3244 1279 3434 1336 lucem
3465 1285 3629 1336 tuam

1975 1366 2310 1438 patelacies.
2355 1371 2626 1422 Attamen
2680 1382 2812 1422 cum
2862 1365 3133 1439 fulgebis,
3167 1384 3383 1423 saevum
3431 1369 3627 1441 ignem

1954 1455 2300 1526 comprime
2342 1472 2454 1526 quo
2515 1455 2700 1510 nubes
2747 1472 2960 1522 vacuae,
3004 1457 3302 1512 metuendi
3357 1458 3629 1513 monachi

1977 1543 2265 1615 quidquid
2308 1544 2560 1600 accurrit
2604 1543 2952 1613 incendunt,
2982 1549 3040 1600 et
3088 1545 3218 1614 igne
3266 1545 3631 1601 comburitur

1977 1648 2218 1704 gramen
2252 1631 2473 1688 siccum
2507 1633 2830 1688 secundum
2881 1639 3150 1688 sanctum
3200 1634 3430 1689 Isaiam.
3463 1634 3629 1690 Hunc

1977 1721 2174 1792 ignem
2241 1721 2368 1776 fove
2435 1720 2681 1776 materia
2745 1722 3232 1778 condemnatione
3290 1727 3347 1778 et
3403 1739 3626 1780 crema-

207 1815 492 1889 ταμιεύων
539 1814 669 1870 αὐτὸ
714 1813 872 1875 ὕλαις
923 1811 1094 1885 ἀξίαις
1143 1810 1385 1874 καύσεως
1436 1811 1823 1885 ἐπιτιμητικῆς
1853 1853 1867 1880 ,

1993 1810 2137 1866 :ione
2196 1810 2404 1883 digna,
2455 1809 2689 1882 qualem
2742 1810 2994 1866 multam
3053 1811 3222 1868 affert
3273 1811 3391 1869 vita
3438 1819 3629 1869 mate-

212 1905 409 1967 ὁποίας
440 1903 654 1966 πολλὰς
688 1904 716 1958 ὁ
752 1903 939 1963 ὑλαῖος
972 1901 1194 1978 ἀναφύει
1231 1901 1366 1977 βίος.

285 2014 353 2087 ρ’.
389 2015 644 2066 Συνελεῖν
702 2009 804 2086 γὰρ
858 2008 922 2063 τὸ
968 2013 1072 2062 πᾶν
1123 2006 1177 2062 ἐν
1241 2007 1570 2082 βραχυτάτῳ
1604 2024 1616 2038 °
1665 2004 1865 2083 νεφέλῃ

211 2101 396 2181 φωτὸς
457 2097 696 2177 ὀφείλεις
754 2097 1078 2168 εἰκάζεσθαι,
1138 2094 1208 2181 ού
1265 2096 1373 2166 μὴν
1432 2092 1866 2170 ἐκπυρηνιζούσῃ

210 2177 537 2262 κεραυνοὺς,
597 2184 787 2240 ὁποῖόν
843 2204 896 2238 τι
950 2177 1345 2256 κεραυνοϐόλον
1397 2181 1636 2254 φαίνεται
1685 2181 1868 2258 νέφος,

211 2279 304 2332 καὶ
337 2278 368 2330 ὁ
402 2276 480 2348 μή
509 2277 812 2334 Δαυϊτικῶς
860 2267 1238 2345 ἐναδολεσχῶν
1287 2268 1337 2324 ἐν
1385 2275 1504 2332 τοῖς
1540 2268 1636 2324 τοῦ
1667 2269 1870 2345 Κυρίου

213 2363 586 2436 δικαιώμασιν
622 2407 636 2432 ,
694 2359 840 2416 ἀλλὰ
912 2359 1305 2436 καταφλυαρῶν
1381 2360 1724 2436 βλασφήμως
1783 2358 1873 2412 καὶ

217 2448 521 2523 διαϐόλως,
554 2453 628 2506 ὧν
679 2449 738 2504 ἂν
792 2447 1074 2524 βούλοιτο,
1123 2446 1214 2502 καὶ
1262 2446 1437 2509 οὕτως
1491 2447 1668 2522 ἀφιεὶς
1697 2445 1873 2522 χάλα-

217 2551 312 2614 ζαν
347 2542 438 2597 καὶ
465 2541 636 2614 πυρὸς
685 2536 968 2614 ἄνθρακας,
1019 2534 1314 2610 ψαλμικῶς
1365 2535 1534 2591 εἷ’πεῖν
1587 2533 1657 2590 δι’
1709 2537 1782 2590 ὧν
1810 2535 1873 2590 τὸ

215 2637 315 2688 τοῦ
360 2632 660 2704 πυρόεντος
709 2627 882 2700 θυμοῦ
916 2629 1324 2702 σκιαγραφεῖται
1375 2624 1716 2700 νεκροποιόν.
1771 2625 1874 2678 Οὕ-

215 2743 325 2783 τως
356 2724 392 2790 ἡ
427 2720 535 2792 ἐμὴ
566 2715 738 2773 πάλαι
781 2714 946 2779 πόλις
981 2716 1082 2784 τήν
1135 2714 1443 2788 μοναχικήν
1493 2712 1873 2791 μελαμφορίαν

217 2815 476 2885 σεμνυνεῖ
541 2803 1112 2883 φιλενδεικτικώτερον
1149 2847 1161 2860 .
1221 2801 1444 2864 Ἀλλως
1525 2801 1708 2874 μᾶντοι
1777 2803 1877 2856 οὐκ

218 2893 611 2974 ἀπηκρίϐωται
679 2895 742 2950 τὸ
823 2891 991 2966 μέλαν
1063 2895 1269 2967 χρῶμα
1333 2892 1710 2966 προκαθῆσθαι
1763 2895 1871 2945 τῶν

220 2987 410 3044 ἄλλων
475 2987 797 3061 ὑπερφυῶς,
857 2981 1017 3036 εἰτὸ
1092 2984 1190 3034 τοῦ
1263 2978 1634 3034 ἀποστολικοῦ
1706 2976 1872 3048 ἤθους

218 3075 564 3153 ἐπάγγελμα,
595 3074 683 3128 καὶ
725 3073 824 3141 τὴν
879 3067 1233 3145 εὖαγγελικήν
1280 3069 1605 3140 ὁμοιότητα,
1655 3068 1746 3123 καὶ
1775 3070 1875 3137 τὴν

218 3167 404 3229 θεόθεν
465 3162 740 3235 ἔλλαμψιν
797 3157 1060 3237 ἀφέληταί
1113 3179 1198 3222 τις
1250 3161 1348 3212 τοῦ
1413 3161 1694 3262 μοναχοῦ’
1753 3159 1945 3262 καθα

217 3257 286 3324 ἣν
320 3253 371 3308 ἐν
405 3255 476 3318 τῆ
528 3249 688 3316 δῆθεν
741 3248 930 3320 σκοτίᾳ
979 3253 1080 3316 τῆς
1131 3245 1512 3322 μελαμφορίας
1562 3249 1674 3322 φῶς
1731 3244 1871 3309 θειό-

216 3364 375 3420 τερον
406 3346 526 3402 τοῖς
580 3339 714 3415 ὀρθὰ
755 3335 1198 3408 πολιτευομένοις
1249 3331 1560 3412 ἐκφλὲγεται
1612 3334 1702 3388 καὶ
1742 3355 1874 3410 προ-

222 3431 433 3504 λάμπει
488 3426 792 3502 ἔμπροσθεν
840 3430 948 3480 τῶν
993 3423 1256 3479 τοιούτων
1306 3424 1629 3498 ἀνθρώπων,
1686 3423 1731 3478 εί
1789 3423 1877 3477 καὶ

227 3523 254 3575 ὃ
302 3520 446 3574 κατὰ
501 3521 661 3589 σῶμα
717 3514 976 3587 κρύπτειν
1035 3512 1168 3566 αὐτὸ
1217 3517 1463 3586 πειρᾶται
1524 3509 1736 3583 μόδιος·
1780 3513 1877 3581 ὡς,

226 3605 282 3664 εἷ’
305 3629 370 3682 γε
399 3608 463 3661 τὸ
511 3609 757 3660 τοιοῦτον
806 3601 1055 3677 ούράνιον
1105 3605 1242 3678 φῶς,
1287 3600 1350 3654 τὸ
1398 3597 1658 3669 ἡλιῶδες,
1714 3600 1882 3654 εἰπεῖν

228 3695 286 3752 δὲ
338 3695 608 3764 ἀληθῶς,
673 3693 804 3765 ὑπὲρ
857 3690 1044 3761 ἥλιον,
1103 3696 1202 3758 τῆς
1261 3695 1564 3764 μοναχικῆς
1625 3687 1881 3762 μελανίας

225 3784 505 3860 ἀπαγάγοι
561 3802 668 3850 τις,
725 3778 918 3852 ὅμοιόν
975 3799 1034 3832 τε
1089 3777 1296 3851 γίνεται
1349 3781 1666 3845 τηνικαῦτα,
1719 3778 1793 3839 ὡς
1834 3777 1884 3831 εἴ

223 3876 314 3930 καὶ
374 3871 570 3948 ἄνθραξ
625 3873 730 3944 πῦρ
775 3867 1012 3943 φλύγεον
1065 3865 1289 3940 στέγων,
1331 3865 1446 3920 εἶτα
1493 3860 1736 3930 σϐεσθεὶς
1792 3867 1882 3920 καὶ

223 3961 572 4037 ἀμαυρωθεὶς
613 3959 693 4021 εἷς
748 3955 1100 4030 μελάντερον,
1149 3951 1281 4024 ἠύτε
1338 3955 1521 4024 πίσσα,
1584 3954 1766 4010 οὐκέτι
1817 3954 1881 4009 τὸ

223 4046 517 4128 πρεσϐεῖον
573 4053 671 4102 τοῦ
728 4048 976 4122 χρηστοῦ
1029 4041 1315 4116 ἄνθρακος,
1375 4041 1521 4099 ἀλλὰ
1576 4043 1883 4117 μελάσματι

231 4143 386 4216 μόνῳ
445 4135 922 4210 ἀπομνημόνευμα
975 4132 1184 4188 ἐκείνου
1231 4131 1520 4206 περισώζει
1575 4138 1692 4195 τοῖς
1755 4130 1882 4208 βλέ-

227 4251 446 4286 πουσιν.

303 4321 408 4395 ρα’.
443 4313 546 4386 Εἶ⁷η
593 4311 650 4370 δε
689 4312 749 4368 ἃν
799 4312 888 4366 καὶ
929 4310 1406 4386 θεωρητικώτερον
1456 4314 1555 4383 μιᾷ
1587 4310 1682 4382 μὶν
1714 4309 1882 4384 ταύτῃ

228 4413 424 4485 χροιᾷ,
453 4409 524 4479 τῇ
554 4403 691 4459 κατᾶ
736 4403 828 4457 τὸν
889 4401 1210 4473 μονάζοντα,
1251 4397 1492 4471 νομίζειν
1535 4400 1746 4474 χαίρειν
1792 4401 1884 4454 τὸν

225 4493 587 4571 παμϐασιλέα
642 4491 861 4559 Κύριον,
921 4490 984 4542 οὗ
1037 4486 1182 4543 καλά
1237 4487 1303 4541 τὰ
1358 4489 1530 4542 πάντα
1579 4491 1882 4560 ποιήματα·

234 4587 545 4657 ἐξουθενοῦν
617 4580 675 4636 δὲ
728 4580 796 4634 τὰ
853 4577 1024 4634 λοιπά
1079 4576 1353 4652 χρώματα
1385 4620 1402 4647 ,
1451 4576 1526 4640 ὡς
1582 4575 1722 4650 μηδὲ
1779 4577 1889 4639 ἐνὸς

231 4675 415 4730 αὐτῶν
471 4672 716 4747 ἀφιέντος
771 4667 862 4722 τὸν
911 4665 1046 4720 αὐτὰ
1089 4659 1558 4740 περιϐεϐλημένον
1620 4668 1890 4740 ἀξιοῦσθαι

233 4768 338 4829 τῆς
372 4761 449 4822 εἷς
504 4760 596 4814 τὸν
652 4754 980 4832 παράδεισον
1039 4752 1407 4817 είσελεύσεωςο
1470 4755 1527 4810 ὃν
1572 4756 1678 4810 οὐκ
1723 4755 1785 4810 ἂν
1815 4752 1898 4810 εἷ’-

236 4832 431 4924 ποιμι,
464 4847 590 4904 ἀλλ’
639 4845 766 4903 οὐδὲ
813 4843 1202 4916 ἐνθυμηθείην,
1254 4841 1613 4916 μελανδρύοις
1664 4847 1757 4918 μὲν
1805 4866 1891 4900 τε-

236 4939 466 5012 θηλέναι
519 4937 611 4992 καὶ
669 4929 897 5001 ἐόἑνοις,
952 4931 1042 4986 καὶ
1102 4933 1251 4993 ὅσοις
1307 4931 1502 4996 ἀλλοις
1550 4933 1611 4988 οὐ
1665 4935 1893 5007 μόνονή

236 5027 440 5106 καρδία
459 5027 532 5088 ,τὸ
567 5023 734 5099 μέλαν
784 5021 956 5100 φέρει,
1015 5019 1161 5106 ἀλλᾶ
1201 5019 1290 5106 καὶ
1337 5023 1373 5090 ἡ
1426 5020 1627 5093 ὁλότης
1661 5023 1898 5095 τοιούτῳ

236 5117 537 5184 πυκάζεται
595 5111 876 5188 χρώματιο
935 5105 1176 5184 δένδροις
1245 5105 1303 5164 δὲ
1362 5111 1438 5182 μή
1498 5110 1900 5183 ἐνευθηνεῖσθαι

241 5205 335 5262 καὶ
394 5207 648 5278 καρποῖς,
679 5202 752 5255 ὧν
804 5199 892 5255 καὶ
948 5196 1079 5268 ἄνθη
1135 5198 1348 5260 πάντως
1400 5199 1640 5276 ἀνάλογα
1699 5195 1900 5276 προϐέ-

245 5292 508 5364 ϐληνται,
541 5293 620 5353 οἷς
651 5288 896 5361 λλάμπει
950 5286 1187 5364 φανότης
1231 5285 1582 5358 λευκότητος,
1616 5289 1752 5366 φίλη
1783 5293 1900 5351 τοῖς

247 5387 347 5440 τοῦ
389 5381 569 5460 φωτὸς
621 5376 898 5455 ἀγγέλοις.
930 5375 996 5430 Εἰ
1054 5371 1112 5430 δέ
1174 5396 1258 5438 τις
1311 5381 1418 5432 τῶν
1480 5377 1900 5454 ἐριστικωτὲρων

248 5473 390 5548 πρὸς
446 5469 567 5524 λίαν
595 5468 730 5522 πάνυ
786 5467 925 5540 μέγα
973 5463 1231 5537 σέμνωμα
1274 5472 1373 5535 τῆς
1423 5465 1802 5544 μελαμφορίας
1844 5467 1905 5522 τὸ

250 5559 506 5638 οὐράνιον
579 5554 966 5631 ἀντιπροφὲρει
1020 5551 1243 5607 κυάνεον
1277 5597 1292 5622 ,
1347 5555 1435 5610 καὶ
1491 5556 1554 5610 τὸ
1611 5556 1746 5610 κατὰ
1801 5563 1903 5630 γῆν

251 5637 347 5706 καὶ
407 5645 678 5713 θάλασσαν
741 5639 910 5717 μὲλαν
967 5637 1224 5715 (μέλαινα
1278 5643 1382 5721 γὰρ
1442 5644 1529 5701 καὶ
1581 5644 1758 5717 ἐκείνη
1815 5644 1908 5701 καὶ

585 5777 847 5837 Ριτιιῡι..
897 5772 1006 5834 Gs.
1053 5769 1348 5836 CXXXV.

1977 1897 2161 1954 rialis.

2054 2006 2175 2060 100.
2223 2006 2353 2062 Jam
2411 2022 2544 2062 vero
2602 2006 2946 2062 brevissime
3003 2022 3126 2062 rem
3184 2007 3627 2065 concludamus.

1981 2094 2210 2150 Lucida
2245 2094 2386 2149 nubi
2419 2095 2596 2151 debes
2645 2095 2983 2164 assimilari,
3018 2113 3134 2151 non
3167 2103 3363 2152 autem
3398 2097 3630 2152 fulmini

1980 2183 2333 2253 coruscanti,
2382 2188 2444 2237 ut
2492 2189 2776 2256 apparent
2821 2184 3007 2239 nubes
3056 2185 3278 2240 fulmen
3319 2185 3629 2257 jacientes,

1981 2277 2040 2327 et
2068 2272 2244 2327 homo
2275 2271 2375 2343 qui
2409 2289 2521 2327 non
2570 2273 2712 2326 dicit
2740 2288 2874 2326 cum
2919 2272 3136 2328 Davide
3175 2274 3631 2343 justiﬁcationes

1982 2360 2237 2428 Domini,
2273 2360 2372 2416 sed
2405 2359 2804 2432 blasphemiae
2843 2366 2900 2416 et
2947 2361 3297 2430 calumnias,
3330 2368 3633 2436 utcunque

1980 2447 2248 2515 voluerit,
2284 2447 2657 2520 multiplicat,
2691 2449 2895 2520 sicque
2940 2451 3289 2521 grandinem
3334 2457 3390 2508 et
3427 2454 3635 2508 carbo-

1984 2553 2088 2592 nes
2118 2536 2271 2608 ignis
2301 2537 2539 2605 emittit,
2576 2543 2638 2592 ut
2669 2537 2858 2593 dicam
2892 2553 3026 2594 cum
3066 2539 3396 2607 Psalmista,
3421 2541 3636 2611 quibus

1983 2625 2340 2680 describitur
2371 2625 2541 2698 plaga
2590 2625 2855 2682 mortalis
2894 2642 3150 2682 accensa
3200 2629 3301 2685 iraa
3332 2646 3346 2684 :
3382 2630 3478 2686 Sic
3506 2646 3638 2686 mea

1981 2718 2148 2768 vetus
2179 2713 2386 2769 civitas
2431 2713 2628 2783 nigras
2676 2713 3095 2770 monachorum
3126 2722 3316 2773 vestes
3363 2719 3634 2791 magnifi-

1984 2806 2079 2857 cat
2107 2807 2164 2857 et
2192 2806 2466 2858 ostentat.
2499 2803 2623 2858 Non
2671 2808 2868 2858 tamen
2901 2819 3103 2860 verum
3135 2810 3224 2862 est
3273 2807 3506 2880 nigrum
3537 2825 3632 2864 co-

1983 2889 2165 2946 lorem
2198 2891 2420 2946 caeteris
2453 2891 2746 2948 coloribus
2794 2893 2940 2948 mire
2990 2900 3286 2964 praestare,
3319 2897 3370 2951 si
3401 2912 3632 2952 morum

1985 2979 2439 3051 apostolicorum
2489 2979 2796 3049 indicium,
2847 2981 3242 3053 evangelicam
3291 2984 3634 3040 similitudi-

1984 3084 2140 3136 nem,
2183 3074 2358 3141 atque
2402 3069 2656 3124 divinam
2711 3069 3037 3126 claritatem
3082 3089 3117 3127 a
3165 3073 3450 3129 monacho
3501 3074 3634 3146 quis

1984 3157 2322 3228 dempserit,
2355 3157 2574 3228 quibus
2605 3160 2782 3214 rebus
2833 3160 2893 3214 in
2945 3159 3052 3216 hac
3103 3161 3255 3232 nigri
3301 3162 3634 3219 indumenti

1985 3246 2365 3314 obscuritate,
2396 3249 2497 3302 lux
2525 3247 2781 3304 cmlestis
2814 3250 2968 3320 apud
3000 3257 3190 3306 rectos
3220 3252 3488 3307 homines
3519 3251 3638 3306 elu-

1987 3341 2098 3401 cet,
2140 3342 2197 3389 et
2251 3334 2437 3407 fulget
2485 3335 2544 3390 in
2595 3343 2909 3408 conspectu
2963 3339 3288 3412 hominum,
3323 3339 3459 3394 licet
3504 3357 3635 3395 eam

1990 3425 2225 3480 modius
2257 3426 2516 3495 corporis
2547 3427 2898 3482 obumbrare
2939 3433 3197 3484 conetur.
3229 3428 3288 3482 Si
3320 3429 3451 3499 quis
3480 3430 3636 3484 enim

1990 3513 2139 3568 hanc
2171 3513 2360 3568 lucem
2393 3512 2684 3570 cmlestem
2719 3514 2991 3582 solarem,
3025 3517 3217 3589 magis
3251 3522 3444 3572 autem
3478 3517 3642 3588 plus-

1991 3619 2168 3674 quam
2219 3602 2494 3667 solarem,
2536 3619 2567 3658 e
2616 3603 2802 3674 nigris
2854 3606 3124 3660 monachi
3173 3605 3434 3662 vestibus
3481 3607 3642 3662 aufe-

1991 3697 2102 3761 rat,
2152 3697 2280 3746 tum
2337 3691 2576 3757 accidit,
2627 3693 2797 3763 quasi
2852 3694 3026 3748 carbo
3084 3694 3281 3765 ignem
3340 3695 3643 3752 ardentem

1989 3780 2291 3846 amittens,
2322 3785 2380 3835 et
2429 3797 2564 3836 mox
2609 3781 2957 3846 exstinctus,
3004 3783 3391 3855 redactusque
3438 3785 3509 3840 ad
3564 3785 3649 3840 ni-

1990 3867 2244 3939 gritiem,
2280 3872 2344 3922 ut
2386 3868 2483 3939 pix
2523 3869 2647 3938 jam
2696 3869 2966 3926 carbonis
2999 3869 3158 3926 utilis
3209 3870 3447 3928 titulum
3498 3873 3643 3928 ami-

1993 3959 2092 4024 sit,
2124 3963 2180 4012 et
2207 3955 2332 4012 sola
2361 3956 2595 4028 nigritie
2625 3959 2970 4014 memoriam
3018 3960 3194 4030 hujus
3225 3967 3416 4018 servat
3443 3961 3644 4018 viden-

1994 4045 2175 4101 tibus.

2070 4314 2191 4369 101.
2225 4315 2288 4370 Ει
2322 4313 2518 4370 forsan
2549 4323 2705 4374 esset
2745 4319 2923 4376 nimis
2973 4324 3348 4380 temerarium
3397 4327 3506 4383 hoc
3536 4343 3652 4382 uno

1998 4404 2209 4470 colore,
2245 4406 2590 4461 monachico
2637 4423 2867 4480 nempe,
2899 4413 3153 4481 gaudere
3203 4414 3415 4486 Regem
3451 4432 3652 4486 regum

2003 4493 2312 4547 Dominum
2346 4494 2640 4564 arbitrari,
2661 4499 2831 4568 cujus
2862 4515 3040 4570 opera
3081 4503 3280 4557 omnia
3309 4505 3460 4559 bona
3493 4509 3654 4572 sunt,

2001 4586 2058 4636 et
2103 4579 2362 4651 reliquos
2412 4583 2493 4636 ita
2540 4584 2840 4655 despicere
2889 4585 3112 4644 colores
3161 4596 3242 4657 ut,
3288 4607 3404 4646 uno
3453 4607 3657 4647 eorum

2003 4669 2331 4737 deficiente,
2379 4669 2555 4727 homo
2605 4673 2688 4728 eis
2737 4674 3224 4747 circumscriptus
3270 4697 3385 4734 non
3444 4680 3662 4752 dignus

2004 4758 2336 4812 inveniatur
2392 4760 2493 4829 qui
2550 4761 2960 4817 introducatur
3016 4765 3074 4818 in
3135 4768 3499 4836 paradisum.
3550 4767 3662 4832 Qui

2007 4846 2319 4917 paradisus
2377 4864 2481 4902 nec
2531 4849 2836 4918 dicendus,
2873 4867 2976 4906 nec
3025 4855 3372 4925 cogitandus
3421 4857 3661 4928 quidem

2008 4939 2097 4990 est
2126 4935 2390 4990 consitus
2441 4936 2627 5006 nigris
2674 4940 3033 5009 quercubus,
3069 4949 3126 4997 et
3172 4943 3376 5014 ebeno,
3409 4951 3468 5000 et
3513 4961 3664 5013 qua-

2009 5039 2242 5094 cunque
2288 5023 2403 5080 alia
2449 5025 2656 5082 arbore
2687 5033 2744 5083 et
2771 5044 2871 5084 cor
2915 5033 3150 5100 nigrum
3200 5034 3364 5089 intus
3412 5033 3664 5118 habens,

2011 5119 2068 5168 et
2101 5112 2369 5168 universa
2415 5115 2663 5171 materia
2711 5115 2820 5171 hoc
2860 5118 3051 5174 colore
3102 5120 3392 5190 inficitur;
3440 5130 3499 5178 et
3546 5112 3663 5178 non

2013 5201 2311 5256 abundare
2341 5203 2671 5273 arboribus,
2706 5211 2762 5260 et
2791 5205 3106 5274 fructibus,
3138 5215 3196 5265 et
3227 5209 3472 5268 ﬂoribus
3505 5212 3668 5267 simi-

2014 5290 2168 5346 libus
2202 5292 2525 5362 productis,
2558 5293 2617 5348 in
2667 5294 2884 5366 quibus
2934 5297 3183 5368 refulget
3232 5299 3417 5356 nimia
3465 5300 3672 5357 albedo

2019 5378 2244 5450 angelis
2296 5381 2389 5436 Dei
2441 5387 2695 5454 accepta.
2729 5383 2798 5438 Et
2838 5385 2894 5438 si
2945 5386 3076 5456 quis
3125 5389 3410 5458 sOphista,
3442 5391 3514 5445 ad
3565 5406 3672 5444 au-

2017 5469 2269 5541 gendam
2331 5488 2602 5543 magnam
2649 5477 2707 5528 et
2757 5473 3072 5530 sublimem
3129 5477 3281 5548 nigri
3344 5477 3678 5533 indumenti

2021 5559 2391 5629 dignitatem,
2423 5562 2684 5616 conferat
2728 5561 3040 5618 caeruleum
3090 5566 3324 5637 cmlum,
3356 5571 3575 5626 terram
3621 5571 3680 5624 et

2000 5662 2187 5734 mare
2217 5646 2453 5722 nigrum
2486 5649 2650 5722 (sunt
2690 5651 2848 5709 enim
2895 5652 3066 5726 nigra
3113 5655 3235 5714 haec
3285 5661 3342 5715 et
3388 5658 3590 5730 istud),
3622 5660 3681 5716 et

3273 5789 3354 5850 26
