4104 6210
332 419 456 480 813

1343 418 1448 479 DE
1493 417 1989 479 EMENDANDA
2031 419 2221 481 VITA
2263 419 2754 485 MONACHICA.

3636 425 3707 486 81
3725 430 3756 485 -ι

331 574 517 629 φωτος
577 553 756 621 οὖσία,
806 553 858 624 ἐξ
913 552 978 608 οὗ
1033 550 1122 607 καὶ
1176 549 1249 606 δι’
1305 550 1367 607 οὗ
1397 551 1534 621 ἅπαξ
1562 549 1613 604 ἐν
1648 552 1784 623 ἡμῖν
1816 573 1980 630 φωτι-

2111 555 2279 612 Pater
2304 556 2623 628 luminum,
2656 559 2988 615 subsistens
3019 561 3152 615 ante
3181 559 3394 627 lucem,
3428 577 3494 616 ex
3539 577 3652 632 quo
3699 565 3757 618 et

334 643 496 716 σμὸς,
555 643 586 697 ’ὁ
640 663 697 697 τε
754 642 891 718 πρὸς
953 640 1225 712 αἴσθησιν,
1282 641 1372 696 καὶ
1427 641 1622 695 ὁκατᾶ
1679 645 1823 696 νοῦνο
1858 641 1996 717 πρὸς

334 732 469 806 ὅπερ
530 735 644 808 φῶς
703 730 1184 803 ἀπεικονιζόμενος
1221 774 1234 798 ,
1295 730 1369 791 ὡς
1425 728 1696 804 ἀνθρώπῳ
1745 727 1990 798 δυνατὸν,

330 821 471 875 κατᾶ
505 820 739 893 μίμησιν
793 818 819 873 ὁ
876 816 1231 896 μελαμφόρος
1283 818 1448 893 μέγας
1491 817 1734 889 ἀσκητὴς
1766 815 1992 892 διαυγά-

334 913 414 978 ζει
444 910 544 978 τήν
595 909 713 963 κατ’
756 908 918 963 αὐτὸν
976 907 1230 982 μελανίαν
1284 909 1354 980 τῇ
1412 905 1609 961 ἐκεῖθεν
1661 907 1993 984 φωταγωγίᾳ

329 998 423 1052 καῖ
454 995 758 1075 φωσφορίᾳ.
801 994 1030 1057 Ἀλλως
1085 995 1209 1072 γὰρ,
1268 994 1447 1068 ὥσπερ
1496 993 1663 1064 ἡλίου
1717 993 1988 1067 ἔκκαυσις,

331 1087 667 1159 μελαίνουσα
695 1083 1013 1162 πρόσωπον,
1075 1083 1174 1138 οὐκ
1205 1081 1321 1159 ἔχει
1377 1082 1612 1159 χρώζειν
1663 1083 1787 1144 τοὺς
1847 1083 1990 1137 οὕτω

322 1175 642 1252 πάσχοντας
677 1195 757 1236 εις
817 1174 1155 1250 αὐτόχρημα
1210 1171 1499 1242 Αἰθίοπας,
1551 1169 1740 1233 ἄλλως
1795 1170 1986 1242 εἰπεῖν,

323 1264 404 1328 εἰς
439 1262 865 1328 Ψευδαιθίοπας.
899 1259 1090 1324 Οὕτως
1151 1259 1275 1317 οὐδὲ
1337 1259 1504 1335 μέλαν
1552 1256 1716 1333 μόνον
1764 1260 1989 1338 φόρημα

320 1353 455 1416 τοὺς
487 1352 711 1424 ἀληθεῖς
742 1352 952 1408 έκτελεῖ
1013 1350 1313 1426 μοναχοὺς,
1373 1348 1519 1406 ἀλλὰ
1557 1348 1684 1411 τοὺς
1730 1347 1986 1419 δοκήτας,

318 1443 416 1498 καὶ
469 1440 538 1496 δι’
595 1442 726 1498 αότὸ
780 1439 1262 1516 ψευδομονάχουςο
1319 1437 1375 1494 οἵ
1405 1441 1502 1507 τὴν
1556 1440 1864 1514 μοναχικήν
1897 1439 1986 1493 εὐ-

319 1531 539 1588 τέλειαν
614 1532 1036 1606 ὑποκρινάμενοι
1110 1529 1383 1604 πορισμὸν
1473 1528 1594 1603 βίου
1665 1527 1754 1581 καὶ
1826 1531 1984 1582 τοῦτο

322 1621 894 1696 προσεξευρίσκουσιν,
951 1617 1117 1694 ὀλίγα
1197 1618 1290 1692 μὲν
1353 1617 1696 1678 δαπανῶντες
1757 1616 1832 1678 είς
1884 1619 1982 1685 τὴν

325 1709 629 1780 ἐπιπολήν,
691 1712 759 1765 τὰ
815 1707 993 1764 πλείω
1051 1706 1109 1763 δὲ
1139 1706 1212 1770 εἷς
1245 1708 1384 1783 χάος
1414 1707 1642 1782 γαστρὸς
1673 1709 1986 1759 κατασπῶν-

319 1820 433 1860 τες.
499 1801 592 1854 Καὶ
655 1797 849 1874 ἑτέρως
905 1795 964 1852 δὲ
1019 1798 1218 1875 φράσαι
1282 1798 1382 1866 τήν
1432 1793 1692 1864 τοιαύτην
1751 1792 1980 1848 ἔννοιανο

320 1888 495 1945 λευκὰ
556 1889 650 1962 μὲν
711 1885 877 1964 φῦλα.
939 1890 1230 1963 Γερμανῶν
1280 1885 1598 1960 ἱστορεῖται,
1659 1883 1757 1937 οὐκ
1785 1880 1892 1952 ἤδη
1926 1879 1983 1936 δέ

315 2000 429 2034 που
458 1981 702 2032 τοιοῦτοι
756 1975 846 2030 καὶ
880 1976 932 2029 οἱ
963 1973 1454 2048 ἐψιμμιθιωμένοι.
1509 1974 1612 2029 Τὸν
1667 1971 1861 2045 ὅμοιον
1912 1967 1978 2040 δὴ

311 2066 483 2143 λόγον
518 2064 646 2121 οὐδὲ
683 2063 850 2139 μέλαν
883 2063 1109 2142 φόρημα
1147 2057 1502 2137 ἆκριϐολογεῖ
1553 2061 1642 2115 τὸν
1711 2081 1980 2134 μοναστη-

314 2154 532 2232 ριακόν.
565 2161 632 2210 Ἥ
663 2154 762 2229 γὰρ
794 2152 856 2208 ἂν
915 2153 1051 2223 ἦσαν
1115 2150 1485 2227 μοναστηρίου
1538 2147 1726 2222 ἄνδρες
1784 2150 1874 2204 καὶ
1917 2151 1981 2204 τὸ

316 2242 478 2308 ἔθνος
525 2245 577 2299 οἱ
628 2241 1057 2318 Μελάγχλαινοιο
1106 2239 1462 2316 Ζωπδρητέον
1519 2238 1609 2293 οὖν
1644 2237 1876 2317 φλόγεόν
1928 2260 1977 2293 τι

316 2334 412 2389 καὶ
447 2331 722 2412 φατεινόν,
754 2332 889 2406 πρὸς
923 2327 980 2385 δὲ
1009 2329 1099 2384 καὶ
1149 2330 1345 2405 θερμὸν
1398 2328 1525 2390 τοὺς
1583 2326 1634 2382 ἐν
1683 2327 1751 2402 τῇ
1813 2348 1980 2400 μονα-

318 2426 464 2498 χικῇ
495 2420 768 2492 πολιτείᾳ·
800 2418 892 2474 ’ίνα
921 2419 996 2481 ὡς
1028 2418 1104 2481 εἷς
1140 2419 1399 2493 ἄνθρακας
1428 2418 1792 2489 ἀναπτόμενοι
1823 2420 1979 2486 Θεοῦ,

320 2510 716 2588 χρηματίζωσι
748 2509 838 2565 καὶ
870 2508 946 2573 εἷς
975 2507 1242 2583 ἀναφορὰν
1269 2504 1494 2568 εὐωδίας
1526 2506 1982 2581 θειοτάτηςαρή-

323 2599 762 2674 σιμοιθυτηρίῳ
799 2599 1191 2674 προσήκοντες.
1252 2594 1476 2658 ’Ἄλλως
1531 2595 1633 2671 γὰρ
1691 2591 1981 2668 ψεύδονται

318 2690 417 2745 τὸν
452 2687 664 2765 ἐνεργὸν
693 2687 947 2764 ἄνθρακα.

398 2797 492 2873 ρι’.
526 2795 628 2854 Καὶ
661 2793 803 2851 οὕτω
838 2795 934 2868 μὶν
955 2797 1074 2855 τοῖς
1113 2791 1332 2847 πλείοσι
1383 2789 1614 2870 φιλητὸν
1660 2792 1722 2846 τὸ
1771 2789 1979 2865 ἀπραγ-

322 2885 513 2959 μόνως
540 2882 732 2940 λευκὸν
767 2884 841 2946 ὡς
876 2881 1134 2957 μάλιστα,
1183 2880 1266 2937 ὅτι
1323 2883 1411 2936 καὶ
1472 2882 1534 2935 τὸ
1595 2881 1746 2955 ὁρᾷν,
1805 2879 1834 2934 ’ὀ
1893 2875 1982 2932 διὰ

316 2976 504 3053 φωτὸς
561 2972 890 3050 περαίνεται.
955 2971 1281 3045 Σεμνόνεται
1316 2969 1374 3025 δὲ
1435 2970 1569 3043 μετά
1605 2989 1665 3045 γε
1691 2970 1754 3023 τὸ
1786 2965 1976 3022 λευκὸν

314 3069 529 3140 χρῶμα
557 3063 648 3118 καὶ
698 3061 1000 3141 φαεσφόρον
1033 3061 1095 3116 τὸ
1127 3059 1371 3136 ἐρυθρὸν,
1427 3055 1520 3114 εἴας’
1579 3056 1670 3113 οὖν
1702 3057 1975 3112 κόκκινον·

315 3151 451 3209 οὐδὲ
510 3149 569 3207 δὲ
626 3148 892 3218 ἔλαττον,
952 3150 1035 3206 ὅτι
1096 3151 1172 3223 μή
1229 3149 1318 3203 καὶ
1381 3148 1456 3212 ε’ς
1515 3145 1721 3220 πλέον,
1777 3145 1867 3200 καὶ
1916 3146 1977 3200 τὸ

312 3241 613 3318 ἇλουργὸν,
647 3240 730 3296 ὅτι
761 3235 1209 3316 συμϐολογραφεῖ
1268 3237 1566 3314 βασιλείαν,
1613 3236 1712 3306 ὅση
1761 3256 1819 3290 τε
1848 3235 1971 3310 περὶ

2012 1930 2061 1995 Β

2104 662 2207 717 per
2254 662 2425 718 quem
2478 648 2670 703 omnis
2696 653 2899 704 nostra
2924 647 3297 716 illuminatio,
3332 649 3453 705 sive
3488 666 3751 722 sensum,

2102 734 2222 791 sive
2254 736 2618 803 intellectus;
2647 738 2716 792 ad
2752 754 2927 808 quam
2959 737 3150 793 lucem
3175 738 3752 810 compositus,quan-

2099 827 2226 878 tum
2260 824 2482 879 homini
2517 826 2794 897 possibile
2824 831 2930 892 est,
2966 843 3141 898 quam
3174 826 3442 883 imitatus
3499 844 3750 900 magnus

2101 917 2292 967 asceta
2351 914 2500 984 nigri
2535 913 2889 980 indumenti,
2923 931 3091 969 suam
3127 915 3421 986 nigritiam
3455 916 3754 973 illuminat

2099 998 2228 1054 luce
2254 1000 2388 1056 inde
2414 1003 2665 1057 abducta
2694 1008 2750 1056 et
2781 1003 3012 1058 reﬂexa.
3051 1003 3237 1058 Aliter
3266 1003 3420 1059 enim
3468 1008 3750 1076 quemad-

2100 1089 2341 1143 modum
2375 1089 2516 1144 solis
2547 1091 2824 1161 radii,qui
2853 1090 3078 1145 vultum
3113 1092 3348 1163 nigrum
3385 1093 3748 1162 faciunt,non

2098 1183 2349 1248 possunt
2379 1179 2671 1250 extemplo
2733 1181 2790 1232 in
2848 1180 3195 1250 Ethiopem,
3256 1187 3358 1235 aut
3414 1182 3472 1236 in
3533 1183 3749 1238 falsum

2097 1267 2424 1338 )Ethiopem
2485 1267 2740 1340 aliquem
2796 1273 3229 1336 transmutare;
3269 1270 3376 1336 sic
3407 1287 3596 1342 neque
3626 1271 3752 1327 sola

2095 1357 2273 1410 vestis
2304 1356 2471 1423 nigra
2499 1374 2664 1412 veros
2696 1357 3014 1412 monachos
3041 1358 3241 1424 efﬁcit,
3265 1359 3364 1414 sed
3399 1365 3747 1430 apparentes

2096 1450 2153 1499 et
2181 1444 2378 1500 falsos.
2413 1445 2478 1501 Hi
2512 1446 2914 1501 monachicam
2976 1446 3414 1519 simplicitatem
3473 1464 3576 1519 pro
3634 1450 3750 1504 vita

2095 1537 2279 1604 magis
2309 1535 2508 1606 opima
2537 1536 2916 1607 accipientes,
2949 1535 3058 1590 hoc
3090 1536 3416 1604 lucrantur,
3453 1553 3637 1606 pauca
3675 1539 3744 1592 ad

2095 1623 2517 1694 acquirendum
2550 1628 2814 1694 erogant,
2849 1623 3157 1696 multaque
3190 1626 3246 1679 in
3275 1626 3554 1697 abyssum
3608 1643 3746 1681 ven-

2093 1711 2202 1765 tris
2233 1712 2616 1783 ingurgitant.
2649 1712 2786 1776 Quae
2815 1729 2906 1767 res
2938 1713 3106 1768 aliter
3136 1712 3384 1768 dicenda
3440 1718 3548 1770 est.
3589 1714 3745 1769 Alba

2093 1801 2407 1854 traduntur
2460 1801 2649 1855 tribus
2709 1802 3154 1868 Germanorum,
3200 1819 3388 1872 neque
3418 1802 3642 1858 similes
3672 1803 3746 1858 iis

2094 1888 2192 1956 qui
2229 1887 2359 1942 fuco
2389 1888 2698 1943 liniuntur.
2731 1889 2946 1943 Eadem
2991 1889 3214 1944 ratione
3267 1905 3372 1944 nec
3431 1889 3746 1944 indumen-

2092 1981 2217 2030 tum
2279 1977 2513 2048 nigrum
2568 1993 2765 2032 verum
2821 1977 3011 2033 effecit
3056 1977 3434 2032 monachum.
3467 1979 3744 2050 Nunquid

2093 2065 2248 2120 enim
2283 2065 2706 2121 monasterium
2731 2065 3065 2122 incolebant
3096 2082 3238 2138 gens
3300 2065 3748 2122 Melanchlznno-

2093 2171 2221 2207 rum
2240 2153 2267 2208 ‘I
2295 2155 2618 2218 Quaaranda
2653 2159 2746 2209 est
2777 2154 2952 2224 igitur
2978 2155 3240 2224 ﬂamma,
3272 2159 3330 2210 et
3358 2155 3478 2225 lux,
3506 2160 3563 2210 et
3592 2155 3750 2211 calor

2092 2242 2177 2297 eis
2207 2243 2306 2314 qui
2345 2244 2402 2297 in
2437 2243 2811 2298 monasteriis
2845 2244 3086 2314 degunt,
3117 2249 3200 2310 ut,
3235 2243 3405 2315 quasi
3465 2244 3747 2299 carbones

2091 2331 2214 2398 Dei,
2269 2332 2495 2387 accensi
2545 2333 2770 2402 prosint
2801 2332 2872 2387 ad
2906 2333 3124 2387 bonum
3156 2332 3393 2388 odorem
3427 2333 3746 2403 edendum,

2091 2419 2352 2492 ﬁantque
2382 2420 2666 2476 sacriﬁcio
2702 2420 2894 2490 utiles,
2927 2424 2991 2475 ut
3020 2421 3205 2477 decet.
3237 2420 3335 2475 Sin
3372 2421 3599 2493 minus,
3651 2437 3746 2476 ve-

2092 2525 2223 2564 rum
2255 2510 2564 2565 carbonem
2599 2509 2984 2566 mentiuntur.

2164 2795 2284 2849 105.
2317 2794 2408 2850 Sic
2440 2811 2576 2867 ergo
2610 2811 2643 2852 a
2672 2796 2970 2869 plerisque
3015 2796 3282 2869 diligitur
3337 2795 3496 2854 color
3548 2797 3741 2867 albus,

2091 2883 2232 2955 quia
2261 2883 2584 2940 vilissimus
2614 2891 2723 2951 est,
2757 2885 2910 2941 sicut
2938 2886 3099 2942 visus
3132 2887 3232 2959 qui
3265 2886 3395 2944 luce
3426 2887 3741 2958 perﬁcitur.

2088 2977 2228 3028 Post
2257 2971 2454 3027 album
2486 2989 2620 3028 vero
2653 2980 2709 3029 et
2741 2973 3001 3030 lucidum
3038 2975 3290 3031 colorem
3322 2976 3611 3032 miramur
3641 2993 3744 3031 ru-

2089 3061 2285 3132 brum,
2317 3062 2438 3117 sive
2468 3062 2826 3130 coccineum,
2862 3080 2966 3120 nec
2999 3065 3330 3135 minus,sed
3365 3065 3552 3137 magis
3601 3082 3743 3137 pur-

2088 3167 2360 3222 pureum,
2415 3150 2514 3222 qui
2573 3151 2760 3224 regni,
2802 3151 2920 3206 sive
2953 3152 3011 3206 in
3042 3153 3241 3220 terris,
3273 3153 3390 3208 sive
3423 3170 3598 3224 super
3628 3170 3741 3208 cce-

2088 3239 2209 3293 lum
2245 3239 2474 3310 insigne
2505 3244 2612 3305 est,
2645 3245 2702 3294 et
2734 3241 2982 3295 maxime
3013 3257 3146 3295 cum
3195 3241 3309 3294 Irin
3357 3241 3559 3296 rudius
3607 3241 3737 3312 pin-

316 3294 841 3318 """t‘l‘1“"'|
925 3294 928 3295 ⁷
1027 3294 1061 3316 ΙΙ
1133 3294 1142 3316 ι
1268 3294 1278 3314 ε
1555 3294 1565 3305 ¹
1702 3294 1712 3306 ⁵
1919 3294 1928 3310 I

312 3339 418 3409 γῆν
477 3332 566 3386 καὶ
623 3331 723 3400 τήν
798 3328 1203 3406 ὑπερουράνιον·
1261 3329 1350 3383 καὶ
1413 3325 1662 3401 μᾶλλον,
1725 3328 1814 3380 ὅτε
1868 3327 1967 3394 τὴν

2094 3329 2190 3398 git,
2252 3294 2396 3382 nibii
2453 3294 2621 3383 triste
2680 3327 2916 3401 nigritie
2949 3294 3738 3399 prmferentem,licetialriter

315 3425 456 3496 Ἶριν
486 3420 620 3493 πρὸς
667 3419 1054 3496 ἀπειροκαλίαν
1117 3419 1343 3494 χοώζει,
1402 3414 1571 3490 μηδεν
1617 3437 1669 3470 τι
1727 3415 1970 3488 σκυθρω-

315 3512 592 3580 πάζουσαν
641 3513 710 3584 τῇ
764 3509 1008 3583 μελανία,
1068 3508 1114 3563 εἴ
1168 3507 1257 3562 καὶ
1315 3504 1502 3569 ἄλλως
1558 3505 1777 3580 στυγνὸν
1837 3503 1968 3557 εἶναι

315 3600 380 3655 τὸ
424 3603 525 3664 τῆς
585 3595 910 3675 ἀλουργίδος
962 3596 1123 3659 ἄνθυς
1170 3595 1574 3672 ἒρῥητόρευται.
1609 3594 1700 3647 Διὸ
1751 3592 1842 3646 καὶ
1890 3591 1967 3653 εἷς

315 3689 469 3764 ἱερὰν
527 3687 809 3763 ἐπιπρέπει
866 3686 1066 3754 στολὴν
1115 3691 1231 3747 τοῖς
1284 3684 1360 3756 μὴ
1412 3682 1837 3758 πανηγυρίζουσι
1887 3701 1972 3735 τε-

316 3777 688 3854 λεταρχικῶς.
721 3775 827 3832 Καὶ
876 3775 1082 3842 τοίνυν,
1114 3774 1202 3829 ὅτε
1229 3795 1310 3834 τις
1343 3771 1622 3845 ἅνθρωπος
1654 3767 1728 3824 ὢν
1758 3769 1968 3843 κόσμου

313 3868 406 3922 καὶ
447 3874 547 3936 τῆς
591 3868 706 3922 κατ’
754 3865 918 3920 αὐτὸν
969 3859 1198 3939 τύρϐἠς,
1252 3862 1467 3936 ἀρεταῖς
1511 3859 1818 3934 ἐπιπρέπει,
1877 3859 1968 3914 καὶ

312 3957 456 4013 κατὰ
511 3957 695 4010 παθῶν
757 3954 900 4009 οὕτω
961 3951 1257 4030 βασιλεύει,
1325 3951 1596 4012 τοιούτοις
1657 3947 1717 4004 ἂν
1773 3949 1969 4024 πρέποι

314 4047 640 4119 κοσμεῖσθαι
671 4044 984 4121 χρώμασινο
1021 4041 1082 4098 οὐ
1118 4042 1224 4114 μήν
1256 4044 1338 4112 τῷ
1367 4041 1556 4101 ἁπλῶς
1588 4036 1801 4112 μέλανι.
1833 4041 1892 4094 Ὀ
1925 4035 1970 4092 δ’

312 4135 478 4197 αὐτὸς
511 4133 688 4208 ὁμοίῳ
727 4128 876 4209 λόγῳ
905 4131 994 4187 καὶ
1026 4131 1100 4192 ὡς
1132 4129 1209 4192 είς
1248 4127 1424 4206 φλόγα
1453 4127 1622 4206 πυρὸς
1654 4125 1969 4205 ἀγγελιχῶς

310 4221 662 4300 προλάμπει,
696 4227 813 4295 Θεῷ
839 4221 1191 4297 λειτουργῶν,
1224 4216 1338 4273 ἐπεί
1368 4238 1454 4272 τοι
1485 4215 1710 4292 ἐρυθροῦ
1739 4215 1972 4292 χρώμα-

309 4334 409 4376 τος
441 4309 589 4373 οῖδός
616 4332 667 4366 τι
699 4310 790 4366 καὶ
830 4311 891 4365 τὸ
924 4307 1180 4387 φλόγεον.

389 4420 493 4494 ρς’.
525 4417 621 4480 Τίς
691 4416 782 4473 οὖν
844 4416 1002 4479 αὐτὸς
1071 4414 1384 4490 λογισθείης
1430 4413 1568 4489 πρὸς
1624 4409 1824 4467 ἐκεῖνον
1882 4411 1970 4465 τὸν

315 4507 535 4575 λαϊκὸν,
568 4509 613 4562 ὦ
678 4510 1118 4580 μοναστηριῶτα,
1181 4503 1325 4572 ἥκων
1385 4499 1472 4556 διὰ
1525 4498 1782 4574 μελανίας
1816 4499 1976 4573 ἀκρά-

309 4618 436 4666 του,
469 4594 559 4652 καὶ
611 4593 779 4670 μηδέν
827 4617 880 4650 τι
930 4592 1203 4670 πυρῥάζον
1254 4589 1423 4667 ἔχων,
1483 4589 1571 4645 καὶ
1630 4589 1772 4644 οὕτω
1832 4586 1972 4660 λαμ-

2078 3417 2186 3472 ﬂos
2219 3433 2488 3488 purpurae
2520 3415 2756 3472 odibilis
2788 3433 2917 3474 esse
2950 3423 3241 3472 narretur.
3276 3417 3492 3472 Idcirco
3524 3417 3621 3472 ille
3671 3419 3730 3473 in

2075 3510 2297 3561 vestem
2345 3523 2571 3561 sacram
2623 3506 2716 3560 his
2748 3507 2851 3577 qui
2880 3507 3135 3562 ecclesiae
3171 3524 3285 3562 non
3322 3509 3591 3578 prosunt,
3623 3523 3724 3577 po-

2075 3597 2193 3648 test
2218 3595 2427 3666 aptari.
2460 3595 2550 3649 Sic
2578 3593 2761 3666 igitur
2809 3611 2943 3650 cum
3000 3594 3184 3666 aliqui
3242 3611 3313 3650 ne
3368 3595 3612 3662 mundo,
3671 3599 3728 3649 et

2075 3683 2228 3738 inter
2258 3683 2621 3738 mundanum
2656 3682 2998 3751 tumultum,
3029 3682 3347 3738 virtutibus
3375 3687 3731 3748 coruscat,et

2076 3771 2329 3842 imperat
2359 3771 2757 3844 passionibus,
2816 3771 2909 3826 his
2969 3771 3263 3826 coloribus
3323 3772 3732 3826 convenienter

2079 3861 2418 3932 insignitur,
2479 3877 2594 3915 non
2649 3865 2844 3915 tamen
2906 3859 3252 3931 simpliciter
3294 3860 3478 3929 nigro.
3512 3861 3578 3915 Et
3607 3861 3734 3932 ipse

2079 3950 2284 4005 eadem
2318 3948 2565 4012 ratione,
2600 3965 2732 4003 cum
2767 3948 2880 4004 Deo
2915 3946 3224 4015 sacrificat,
3275 3948 3444 4019 quasi
3494 3949 3737 4003 ﬂamma

2081 4039 2256 4110 ignis,
2313 4043 2378 4092 ut
2424 4036 2690 4109 angelus,
2723 4036 2992 4110 refulget,
3027 4038 3166 4108 quia
3196 4036 3370 4093 rubro
3397 4036 3571 4093 colori
3599 4053 3739 4110 pro-

2079 4128 2237 4182 xima
2263 4132 2353 4182 est
2384 4125 2642 4182 ﬂamma.

2157 4412 2276 4468 106.
2312 4410 2453 4477 Quis
2483 4427 2618 4483 ergo
2643 4409 3028 4483 judicaberis,
3062 4412 3131 4466 ad
3166 4411 3324 4467 hunc
3355 4411 3569 4466 laicum
3625 4409 3741 4466 col-

2085 4501 2258 4569 latus,
2293 4517 2324 4556 o
2358 4500 2664 4567 monache,
2697 4499 2798 4571 qui
2829 4499 2992 4555 venis
3022 4516 3154 4555 cum
3188 4499 3310 4555 sola
3339 4503 3499 4554 veste
3546 4499 3739 4571 nigra,

2084 4589 2346 4659 nihilque
2403 4589 2679 4662 ignitum,
2734 4587 2999 4643 lucidum
3059 4587 3288 4643 habes?
3346 4588 3448 4644 Hic
3497 4588 3741 4660 quidam

314 4685 499 4761 πρόν;
547 4665 643 4740 καὶ
676 4665 816 4758 νμὴν
851 4685 879 4739 ὁ
934 4665 1182 4744 τοῖοῦτος
1213 4665 1574 4757 έρυδροφόρος
1629 4677 1718 4732 καὶ
1770 4676 1846 4740 εἷς
1881 4696 1976 4730 πα-

2094 4678 2278 4733 rubris
2328 4678 2592 4732 vestibus
2651 4677 2920 4743 indutus,
2974 4683 3138 4748 pater
3197 4676 3508 4732 habebitur
3536 4694 3739 4733 eorum

313 4776 449 4850 τέρα
526 4772 924 4852 ἐγγραφήσεται
986 4776 1094 4827 τῶν
1145 4771 1232 4825 ὑπ⁹
1291 4768 1455 4823 αὐτοῦ
1504 4764 1972 4842 καταρτιζομένων

320 4863 399 4926 εἰς
458 4863 693 4936 ἀρετὴν,
751 4863 840 4917 καὶ
906 4860 1152 4934 μιμητὴς
1209 4861 1388 4924 Θεοῦ,
1445 4861 1541 4910 τοῦ
1599 4857 1705 4932 πρὸ
1761 4854 1974 4908 πάντων

318 4952 555 5028 πατρὸς,
605 4950 1007 5026 λογισθήσεται·
1063 4946 1132 5003 δι’
1188 4947 1322 5004 αὐτὸ
1377 4944 1433 5000 δὲ
1491 4942 1619 5000 οὐδὲ
1674 4942 1980 5020 ἀσχημάτι-

323 5027 456 5102 στος
487 5039 621 5096 κατᾶ
648 5039 776 5103 τοὺς
806 5037 982 5115 χύδην
1015 5035 1262 5098 λαϊκοός.
1326 5034 1421 5090 Διὸ
1473 5034 1562 5089 καὶ
1593 5027 1762 5095 ἀϐὄᾶς
1813 5033 1840 5087 ὁ
1884 5031 1978 5086 αὐ-

318 5131 418 5192 τὸς
451 5129 503 5203 (ὃ
557 5125 624 5197 δὴ
683 5128 774 5184 καὶ
807 5128 869 5183 σὺ
900 5125 1302 5197 ἐπικέκλησαι),
1353 5121 1462 5194 ἤδη
1498 5119 1555 5177 δὲ
1591 5124 1678 5177 καὶ
1717 5122 1982 5195 μοναχὸς,

324 5221 416 5275 οἷα
474 5224 648 5291 μονῆς
699 5217 846 5282 θείας
897 5214 1205 5290 ἄνθρωπος,
1243 5212 1436 5273 ὁποίας
1493 5209 1768 5273 πολλὰς.ὃ
1801 5210 1983 5285 σωτὴρ

331 5308 571 5384 Χριστὸς
605 5307 732 5372 Θεὸς
762 5309 921 5380 ἡμῶν
955 5303 1369 5379 εὐηγγελίσατο.
1420 5302 1487 5358 ἸΙ
1535 5300 1636 5376 γὰρ
1695 5301 1805 5374 οὐχ
1853 5299 1983 5353 ὑπο-

332 5398 485 5471 μένει
537 5418 630 5452 τον
690 5396 890 5472 Κύριον
947 5395 1036 5450 καὶ
1113 5394 1142 5447 ὁ
1211 5395 1481 5456 τοιοῦτος,
1545 5387 1834 5467 φυλάσσων
1892 5389 1986 5450 τὰς

333 5483 500 5548 ὁδοὺς
570 5485 784 5554 αὐτοῦς
864 5482 1180 5557 Καταμόνας
1257 5481 1338 5536 ἐπ’
1407 5477 1588 5535 ἐλπίδι
1664 5482 1731 5552 τῇ
1803 5482 1986 5532 πασῶν

335 5576 607 5653 κρείττονι
677 5576 1063 5646 κατοικίζεται,
1140 5573 1231 5627 καὶ
1304 5570 1447 5626 οὕτω
1517 5569 1993 5646 κατακληρονομεῖ

337 5673 445 5743 γῆν
508 5665 784 5741 ἑκατέραν,
864 5667 968 5735 τήν
1022 5684 1083 5718 τε
1158 5659 1693 5739 ὑπερανῳκισμένην,
1767 5657 1857 5714 καὶ
1930 5659 1990 5728 ἢν

339 5757 509 5830 ἡμεῖς
556 5759 856 5831 πατοῦμεν.
913 5759 1054 5829 Ἆρα
1111 5749 1169 5808 δὲ
1220 5750 1329 5826 οὐχ
1373 5749 1654 5825 ὑπομένων
1713 5745 1993 5822 ὑπομένει,

2085 4783 2231 4838 quos
2261 4767 2333 4821 ad
2367 4766 2639 4820 virtutem
2675 4764 3241 4834 informat,imitator
3272 4765 3365 4820 Dei
3400 4765 3586 4821 Patris
3618 4784 3745 4823 om—

2087 4855 2252 4912 nium
2285 4853 2680 4927 reputabitur,
2704 4858 2762 4910 et
2791 4854 2864 4908 ob
2897 4853 3048 4908 hanc
3080 4853 3368 4909 rationem
3401 4854 3746 4913 indumento

2091 4962 2207 5002 non
2240 4943 2610 4999 fraudahitur
2641 4943 2797 4998 inter
2825 4941 3038 5015 vulgus
3070 4941 3450 4999 laicumldeo
3483 4945 3661 5001 abbas
3693 4951 3751 5002 et

2092 5035 2240 5107 ipse,
2276 5040 2336 5088 ut
2369 5037 2432 5088 tu
2464 5033 2711 5099 vocaris,
2743 5032 2987 5104 insuper
3033 5037 3088 5087 et
3138 5032 3489 5101 monachus,
3547 5040 3749 5106 utpote

2092 5124 2182 5178 vir
2229 5126 2446 5178 sanctae
2496 5122 2844 5191 mansionis,
2879 5124 2944 5176 ut
2971 5119 3234 5176 Christus
3266 5120 3532 5177 Salvator
3559 5123 3751 5177 Domi-

2096 5231 2209 5269 nus
2242 5215 2440 5267 noster
2470 5227 2620 5283 saepe
2653 5209 3089 5284 evangelizavit.
3124 5211 3326 5265 Nonne
3351 5210 3506 5266 enim
3562 5213 3749 5268 Domi-

2096 5319 2239 5359 num
2301 5305 2596 5373 exspectat
2652 5301 2701 5356 is
2761 5300 2861 5372 qui
2918 5299 3175 5354 custodit
3224 5299 3346 5354 vias
3377 5300 3750 5369 cius?Seor-

2099 5393 2211 5448 sim
2244 5391 2473 5446 habitat
2502 5391 2725 5461 optima
2755 5406 2858 5461 spe
2887 5389 3147 5453 innixus,
3193 5394 3249 5442 et
3295 5388 3379 5444 sic
3437 5393 3751 5463 utramque

2098 5485 2316 5536 terram
2377 5498 2411 5535 a
2464 5479 2693 5552 superis
2739 5479 3168 5550 frequentatam
3204 5482 3259 5532 et
3285 5495 3323 5532 a
3355 5479 3524 5534 nobis
3554 5479 3750 5537 tritam

2102 5569 2386 5642 possidet.
2438 5567 2712 5638 Nunquid
2770 5571 3084 5640 expectans
3145 5583 3256 5621 non
3317 5573 3634 5638 exspectat,
3697 5574 3756 5625 et

2104 5657 2390 5714 Dominus
2421 5657 2492 5712 ad
2524 5672 2657 5711 eum
2690 5657 2750 5712 in
2783 5659 3014 5711 tantum
3048 5653 3460 5726 inclinatur,ut
3485 5673 3588 5728 per
3620 5675 3753 5714 eum

2104 5745 2391 5806 miracula
2417 5743 2916 5818 operetur,qualia
2941 5741 3125 5800 multa
3152 5742 3453 5801 vidimus?
3473 5746 3544 5802 Et
3574 5747 3623 5804 si
3654 5747 3762 5804 iste
