4104 6210
370 404 489 466 815

1145 391 1566 457 EUSTATHII
1612 385 2379 450 THESSALONICENSIS
2426 383 3010 446 METROPOLITE

2841 84 3044 104 -___,_‘

3703 211 3794 239 “ST

3662 384 3786 444 816

371 539 555 596 rubra
581 536 774 593 ferens
803 531 1151 588 indumenta
1205 524 1536 595 eximiaque
1586 518 2015 594 pulchritudine

2135 515 2227 570 καὶ
2286 515 2314 569 ὁ
2373 515 2571 591 Κύριος
2621 513 2882 591 προσέχει
2941 513 3087 587 αὖτῷ
3136 514 3188 577 ἐς
3238 518 3520 587 τοσοῦτον,
3570 514 3645 576 ὡς
3692 513 3786 568 καὶ

375 622 882 692 erubescens,vult
909 622 1150 691 insuper
1179 614 1380 672 oculos
1405 611 1714 668 hominum
1749 609 2025 680 effugere,

373 718 576 790 sicque
609 733 642 771 a
674 715 793 769 fera
820 708 1090 766 homines
1119 706 1433 760 devorante
1455 699 2024 766 absconditur;tunc,

374 815 441 864 ut
470 785 738 872 arbitror,
771 801 843 856 ob
876 799 1024 854 hanc
1055 809 1318 860 causam,
1354 789 1524 847 titulo
1554 785 1856 859 ,monachi
1914 787 2024 840 Deo

375 894 647 971 proximi,
680 889 864 962 nigris
894 883 1257 942 indumentis
1290 879 1481 938 vestiti
1515 895 1630 934 non
1660 875 1896 933 carebit.
1923 874 2026 930 Hic

376 987 529 1042 enim
562 981 728 1054 quasi
757 977 922 1049 nigro
954 973 1127 1046 sepiae
1152 973 1263 1044 (10)
1286 965 1753 1036 humore,colore
1776 964 2024 1020 obscuro

373 1053 809 1136 circumdatur;
844 1066 942 1121 ille
981 1069 1179 1119 autem
1238 1062 1426 1115 instar
1484 1054 1743 1126 loliginis
1801 1053 2026 1124 liquore

372 1165 572 1230 rubro,
625 1164 689 1216 ut
737 1161 935 1214 narrat
966 1149 1256 1210 naturalis
1286 1145 1550 1214 historia,
1583 1143 1889 1200 inimicum
1921 1157 2022 1214 po-

367 1258 484 1311 test
509 1251 734 1323 fugare.

444 1519 565 1576 107.
599 1517 668 1572 Et
697 1510 978 1585 quoniam
1009 1505 1279 1563 albedine
1310 1508 1368 1559 et
1395 1502 1525 1558 luce
1555 1501 1681 1571 ejus
1729 1496 2026 1554 distrahor

370 1611 443 1667 ad
473 1622 602 1663 eam
633 1603 885 1665 reflecto,
917 1597 1163 1668 ejusque
1193 1591 1379 1666 gratia
1410 1589 1782 1662 cupientibus
1822 1586 2024 1642 audire

371 1693 708 1755 memorabo
739 1680 874 1762 quis
899 1684 1236 1758 aliquando,
1268 1697 1402 1737 cum
1435 1679 1750 1734 maximam
1786 1675 2021 1731 urbium

370 1781 866 1861 perambularem,
898 1775 1013 1830 vidi
1074 1789 1201 1845 ego,
1262 1777 1322 1827 et
1377 1773 1581 1825 sancta
1638 1767 1719 1822 ibi
1777 1765 2024 1821 ecclesia

371 1855 606 1932 mecum
660 1874 718 1926 et
773 1863 1218 1956 reliquaut‘urba
1248 1874 1426 1931 quam
1458 1856 1733 1912 maxima.
1766 1855 2021 1925 Tempus
2050 1891 2099 1956 B

367 1970 494 2022 erat
523 1977 655 2018 cum
690 1951 1125 2029 Megalopoli,in
1158 1955 1341 2005 matre
1368 1953 1699 2002 nostrarum
1734 1942 2017 1999 Ecclesia-

366 2069 522 2122 rum,
556 2063 768 2119 magno
797 2047 925 2115 ejus
956 2038 1217 2115 pontiﬁci
1249 2036 1560 2094 assistebat
1585 2034 1753 2089 Pater
1783 2036 2016 2104 patrum

367 2143 426 2199 in
459 2120 807 2197 Alexandria
833 2149 1022 2204 usque
1078 2128 1271 2195 hodie,
1326 2129 1567 2182 sanctus
1624 2120 2014 2176 Eleutherius.

365 2233 530 2289 Circa
571 2242 708 2284 eum
739 2222 839 2280 alii
869 2217 1240 2277 Aiexandrini
1270 2214 1480 2270 diversi
1515 2211 1728 2268 coloris
1759 2211 2017 2274 stabant,

363 2321 518 2376 inter
547 2332 694 2390 quos
725 2315 893 2369 erant
920 2309 1180 2365 seniores
1210 2302 1500 2369 monachi,
1537 2298 1798 2373 pulchris
1839 2297 2017 2354 vesti-

367 2411 480 2466 bus
539 2385 605 2462 ut
630 2403 786 2477 apud
839 2415 946 2457 nos
977 2395 1189 2453 ornati.
1219 2394 1358 2450 Erat
1389 2390 1631 2464 quidam
1661 2389 1720 2443 in
1751 2386 1904 2444 albis
1936 2385 2020 2440 in-

368 2493 693 2560 dumentis,
725 2493 918 2547 erecta
947 2489 1172 2543 statura
1201 2485 1363 2552 niger
1392 2483 1652 2552 aspectu,
1686 2477 1784 2533 sed
1831 2491 2018 2547 augu-

368 2591 498 2646 stus
555 2589 614 2640 et
661 2582 876 2653 dignus
908 2591 1082 2648 quem
1110 2573 1497 2628 intuerentur.
1532 2567 1677 2623 Huic
1707 2582 1810 2638 pro
1843 2563 2017 2637 pallio

363 2675 568 2733 tunica
591 2671 766 2738 linea,
800 2665 1182 2738 resplendens
1212 2661 1368 2716 sicut
1396 2658 1528 2725 lux;
1562 2657 1620 2711 in
1651 2656 1785 2712 sinu
1834 2655 2018 2709 densa

364 2771 423 2823 et
451 2764 570 2820 lata
592 2760 792 2826 vestis,
829 2771 990 2812 more
1023 2757 1242 2821 nostro,
1262 2749 1332 2804 ad
1361 2748 1673 2803 humerum
1706 2743 2015 2800 sinistrum

360 2855 520 2910 linea
575 2853 733 2907 recta
788 2843 1199 2903 contrahitur.
1258 2841 1441 2910 Caput
1499 2834 1734 2906 tegebat
1789 2836 2015 2905 operto-

359 2946 519 3001 rium
551 2958 620 2997 ex
645 2939 823 3009 longa
846 2933 1007 2990 tenui
1038 2936 1095 2988 et
1125 2929 1258 2986 alba
1301 2927 1420 2984 tela
1457 2921 2015 2985 circumvoluntum,

359 3035 605 3090 iterum'
635 3028 784 3085 sicut
844 3025 902 3079 in
944 3027 1134 3096 gente.
1173 3017 1477 3074 Hominem
1512 3013 1883 3068 mirabantur
1916 3009 2017 3081 qui

357 3122 656 3180 videbant.
688 3116 830 3173 Vere
860 3111 1014 3169 enim
1050 3111 1122 3166 ab
1156 3123 1396 3164 numero
1429 3109 1485 3159 et
1511 3118 1748 3159 sursum
1797 3099 2014 3160 emine-

358 3213 462 3269 bat
516 3223 698 3280 supra
755 3206 1036 3262 astantes.
1091 3203 1164 3255 Et
1222 3213 1328 3268 ego
1384 3193 1551 3248 illum
1595 3189 1944 3258 admiratus,
1977 3205 2010 3244 a

2134 605 2380 677 θαῦματα
2437 601 2507 658 δι’
2560 603 2724 659 αὐτοῦ
2773 600 3030 673 ἐκτελεῖν,
3082 603 3247 657 ὁποῖα
3275 599 3460 658 πολλὰ
3519 599 3786 675 οἷ’ὂαμεν;

2134 693 2197 750 Εἴ
2234 689 2291 747 δὲ
2322 695 2350 747 ὁ
2409 692 2551 748 οὕτω
2583 697 2766 770 φορῶν
2816 691 3012 768 ἐρυθρά
3053 691 3270 764 ἱμάτια,
3321 691 3410 746 καὶ
3461 691 3598 767 πρὸς
3649 689 3787 746 κάλ-

2137 791 2234 844 λος
2269 781 2512 857 ἐνάρετον
2562 781 2942 859 ἐρευθόμενος,
2975 779 3147 845 ἐθέλει
3174 781 3261 836 καὶ
3319 779 3639 858 ὀοΘαλμοῦς
3687 779 3787 834 ἆν-

2136 871 2367 945 θρώπων
2418 870 2718 940 λανθάνειν,
2767 871 2856 926 καὶ
2905 870 3046 926 οὕτω
3093 871 3382 944 κρύπτεται
3431 869 3523 924 τὸν
3575 871 3788 944 ἀνθρωο

2134 960 2403 1036 πόλεορον
2456 963 2616 1035 θῆρα,
2681 960 2779 1016 οὐκ
2844 959 2929 1030 ἂν,
2987 961 3166 1032 οἶμαι,
3229 956 3342 1014 οὐδ’
3403 957 3630 1015 ἐνταῦθα
3683 958 3788 1013 ὑπὸ

2133 1054 2234 1104 τοῦ
2264 1051 2398 1104 κατᾶ
2429 1050 2554 1105 Θεὸν
2590 1047 3076 1126 μελαμφοροῦντος
3110 1046 3565 1123 παρελαθήσεται.
3610 1048 3787 1109 Οὗτος

2138 1139 2232 1212 μὲν
2279 1140 2403 1214 γάρ,
2463 1138 2560 1192 ὅσα
2587 1137 2675 1193 καὶ
2709 1137 2869 1194 θολὸν
2903 1136 3100 1208 σηπίας
3133 1135 3362 1210 μέλανα,
3390 1137 3452 1191 τὸ
3482 1143 3582 1206 τῆς
3614 1135 3787 1212 χρόας

2139 1228 2385 1302 ἀμαυρὸν
2445 1227 2763 1303 περίκειται·
2824 1227 2852 1281 ὀ
2902 1224 2978 1296 δὲ,
3030 1226 3130 1282 ὅσα
3172 1225 3260 1280 καὶ
3288 1225 3465 1289 τευθὶς
3498 1224 3786 1297 θολώματι

2134 1315 2342 1393 ἐρυθρῷ
2366 1317 2500 1372 κατὰ
2532 1323 2736 1386 ζωϊκῆς
2777 1315 3016 1393 ἱστορίας
3065 1310 3316 1394 ἔμφασιν,
3363 1313 3643 1391 ἐκφεύγειν
3692 1315 3783 1370 τὸν

2134 1404 2494 1482 ὅλοθρεύοντιο
2525 1403 2766 1463 δύναται.

2205 1497 2301 1569 ρξ’.
2353 1493 2508 1552 Ἀλλ’
2565 1493 2750 1567 ἐπειδή
2831 1516 2898 1568 με
2969 1495 3031 1550 τὸ
3089 1493 3281 1551 λευκὸν
3349 1494 3425 1550 ἔτι
3479 1493 3787 1572 περιέλκειν

2133 1582 2304 1639 ἐθέλει
2364 1582 2452 1639 διά
2479 1585 2539 1640 τὸ
2582 1586 2698 1640 κατ’
2754 1583 2884 1639 αὖτὸ
2931 1585 3214 1662 φωτεινὸν,
3264 1579 3555 1639 ἀναϐλέπω
3616 1584 3782 1640 πάλιν

2131 1673 2207 1736 εἷς
2265 1673 2460 1748 έκεῖνο,
2507 1673 2595 1728 καὶ
2657 1676 2818 1750 χάριν
2845 1673 3006 1728 αὐτοῦ
3036 1673 3414 1751 συγγράφομαι
3460 1679 3576 1735 τοῖς
3617 1679 3785 1751 φιλα-

2131 1763 2453 1838 κροάμοσιν,
2513 1762 2542 1818 δ
2589 1764 2680 1818 καὶ
2737 1763 2842 1838 ἐγώ
2895 1784 3027 1818 ποτε
3085 1760 3248 1834 εἶδον,
3283 1761 3373 1818 ὅτε
3420 1763 3783 1837 περιεπὸλουν

2130 1853 2226 1920 τὴν
2290 1851 2546 1927 μεγίστην
2603 1855 2699 1906 τοῦ
2745 1850 2987 1922 πόλεων,
3019 1851 3109 1906 καὶ
3142 1849 3233 1905 σὺν
3267 1850 3393 1925 ἐμοὶ
3431 1849 3600 1926 λογάς
3631 1853 3787 1927 ἱερω-

2126 1938 2258 2011 τάτη
2310 1939 2518 2008 ἐκεῖσε,
2599 1942 2690 1996 καὶ
2749 1939 2941 2002 λοιπὸς
3003 1937 3062 1995 δὲ
3123 1941 3314 2017 μυρίος
3373 1939 3500 2002 ὅσος
3559 1940 3781 2014 ὅμιλος.

2127 2030 2288 2106 Εἷχεν
2350 2031 2384 2098 ἡ
2416 2033 2524 2084 τῶν
2583 2031 2702 2093 καθ’
2759 2032 2906 2102 ἡμᾶς
2959 2027 3264 2100 ἐκκλησιῶν
3333 2033 3519 2105 μήτηρ
3571 2027 3629 2084 ’έν
3679 2052 3780 2086 τινι

2125 2123 2300 2191 καιρῷ
2383 2115 2890 2194 συμπαρεδρεῦοντα
2962 2123 3041 2190 τῷ
3112 2120 3230 2174 κατ’
3308 2117 3472 2188 αὐτὴν
3538 2119 3779 2194 μεγίστῳ

2127 2207 2374 2282 ἀρχιερεῖ
2401 2207 2490 2262 καὶ
2520 2208 2610 2261 τὸν
2643 2207 2694 2262 ἐν
2731 2204 3104 2283 Ἀλεξανδρείᾳ
3167 2207 3332 2283 μέχρι
3377 2208 3466 2262 καὶ
3528 2207 3605 2270 εἷς
3662 2207 3777 2283 ἄρτι

2126 2295 2372 2370 πατέρων
2436 2295 2662 2371 πατέρα,
2718 2297 2808 2350 τὸν
2868 2297 3203 2370 ἡγιασμένον
3262 2295 3632 2372 Ἐλευθέριον
3691 2299 3775 2352 καὶ

2126 2384 2467 2460 περιίσταντο
2499 2383 2700 2440 ἐκεῖνον
2759 2382 2923 2440 ἄλλοι
2954 2406 3012 2439 τε
3041 2389 3148 2438 τῶν
3183 2381 3577 2458 Ἀλεξανδρέων
3606 2385 3775 2441 πολύ·

2126 2492 2373 2549 χρωμοι,
2432 2472 2483 2528 ἐν
2545 2476 2629 2537 οἷς
2686 2475 2775 2528 καὶ
2837 2473 3155 2547 μονάζοντες
3189 2474 3433 2550 γεραροῖ,
3493 2473 3774 2550 ἀμπισχόυ

2131 2583 2280 2635 μενοι
2339 2562 2584 2636 κοσμίως
2639 2563 2774 2617 κατᾶ
2839 2563 2965 2624 τοὺς
3017 2561 3067 2617 ἐν
3103 2565 3260 2634 ἡμῖν.
3294 2561 3396 2618 Καί
3426 2584 3512 2625 τις
3545 2561 3602 2618 δὲ
3651 2564 3774 2619 λευ-

2125 2650 2384 2730 κοφόρος,
2444 2650 2656 2725 ὑψηλὸς
2692 2650 2890 2713 ἐκεῖνος
2947 2651 3010 2706 τὸ
3064 2651 3370 2725 ἀνάστημα,
3429 2650 3775 2728 μελάγχρους

2130 2741 2224 2813 μὲν
2281 2737 2438 2812 ἰδεῖν,
2498 2739 2554 2796 εὖ
2588 2737 2644 2795 δὲ
2674 2747 3024 2817 χαρακτῆρος
3077 2736 3246 2816 ἔχων,
3307 2739 3396 2795 καὶ
3427 2741 3548 2804 θέας
3611 2743 3771 2812 ἆξιος’

2124 2827 2213 2883 καὶ
2247 2831 2280 2898 ἡ
2343 2823 2583 2897 ἀναϐολή
2643 2829 2789 2900 αὐτῷ
2818 2828 2996 2891 λίνεος
3027 2829 3224 2905 χιτὼν,
3257 2827 3520 2903 λάμπων,
3563 2829 3661 2886 ὅσα
3689 2831 3772 2885 καὶ

2125 2922 2262 2993 φῶςο
2320 2919 2380 2972 οὗ
2434 2917 2498 2973 τὸ
2552 2923 2668 2982 καθ’
2719 2920 2864 2990 ἡμᾶς
2916 2919 3051 2994 βαθὺ
3107 2918 3197 2973 καὶ
3226 2917 3406 2974 πλατὺ
3437 2919 3769 2993 προκόλπιον

2123 3006 2460 3061 ἀπεστένωτο
2557 3006 2678 3081 περὶ
2757 3008 2847 3062 τὸν
2941 3007 3220 3082 ἀριστερὸν
3299 3009 3451 3082 ὦμον
3550 3008 3773 3086 ἷθαγενεῖ

2121 3094 2332 3170 τρόπῳ⁶
2393 3095 2482 3150 καὶ
2541 3096 2604 3150 τὸ
2653 3094 2921 3169 κάλυμμα
2968 3093 3024 3151 δὶ
3077 3095 3225 3169 αὐτῷ
3253 3099 3352 3162 τῆς
3401 3096 3664 3175 κεφαλῆς,
3723 3097 3768 3171 ἐξ

2125 3187 2322 3257 ὀθόνης
2379 3193 2584 3262 μακρᾶς
2641 3187 2729 3242 καὶ
2791 3187 2996 3257 λεπτῆς
3047 3189 3134 3242 καὶ
3192 3186 3392 3258 λευκῆς
3443 3189 3767 3264 εἰλιγμένον,

359 3257 462 3269 υ..-
517 3257 697 3280 --τη
1255 3257 1289 3268 υ
1930 3257 1935 3258 γ

359 3301 615 3374 quodam
646 3293 884 3351 homine
915 3290 1088 3346 istius
1120 3285 1318 3358 magni
1351 3280 1644 3356 pontiﬁcis
1676 3277 2004 3351 quzerebam

2129 3269 2334 3331 ἔσκεπεν
2370 3275 2561 3346 αὐτὴν,
2619 3276 2841 3338 ἐθνικῶς
2889 3277 2980 3331 καὶ
3037 3275 3186 3334 αὐτό.
3231 3257 3357 3334 Keil
3383 3257 3681 3350 ἐθαύμαζον
3723 3257 3770 3334 oi

362 3366 641 3463 quisnam
672 3385 828 3438 esset
852 3379 947 3434 hic
981 3375 1064 3431 vir
1095 3372 1407 3447 prmcelsus
1433 3376 1491 3425 et
1538 3367 1688 3424 albis
1738 3366 2007 3422 indutus.

358 3454 568 3534 Audivi
598 3488 727 3530 esse
752 3486 889 3526 eum
919 3464 1400 3524 archidiaconum
1431 3456 1727 3515 catholica:
1758 3454 2012 3510 Alexan-

352 3745 614 3810 iiciam,o
645 3721 1125 3814 gloriosisissime
1154 3728 1460 3794 monache,
1480 3743 1546 3781 eo
1577 3723 1729 3795 quod
1764 3739 1876 3777 non
1910 3721 2011 3776 ha-

354 3809 570 3898 buerit,
597 3809 754 3888 sicut
784 3843 910 3899 ego,
939 3829 996 3880 et
1025 3823 1181 3879 sicut
1208 3825 1294 3886 tu,
1342 3817 1573 3889 nigram
1635 3817 1878 3878 vestem,
1909 3809 2010 3866 sed

354 3925 487 3980 nive
541 3914 986 3977 candidiorem?
1045 3909 1310 3973 Minime,
1371 3905 1472 3962 sed
1529 3902 1851 3960 orationem
1885 3899 2013 3970 ejus

358 4010 730 4068 admitterem
761 4009 827 4060 ut
873 3997 1193 4074 apostoloci
1251 3994 1381 4064 viri,
1441 3992 1574 4048 licet
1635 3995 1694 4045 tu
1755 3989 1901 4044 forte
1953 3986 2010 4040 id

357 4093 836 4156 reformides.Hic
867 4090 1117 4158 enim,ut
1147 4086 1354 4158 loquar
1381 4076 2012 4152 evangelice,utlilium

358 4188 611 4245 vestitus
642 4187 786 4249 erat,
815 4180 934 4237 sive
965 4182 1030 4233 ut
1062 4174 1284 4247 fulgida
1315 4169 1654 4242 margarita.

2121 3365 2353 3440 ὁρῶντες
2403 3365 2494 3419 τὸν
2560 3361 2862 3440 ἄνθρωπον.
2905 3370 3003 3420 Ἦν
3056 3365 3158 3441 γάρ
3220 3364 3443 3436 ἀληθῶς
3491 3366 3667 3440 ὠμίας
3721 3368 3766 3422 ἐν

2117 3459 2235 3515 τοῖς
2275 3451 2405 3526 ἐκεῖ,
2456 3453 2544 3508 καὶ
2602 3453 2872 3530 ὑπεράνω.
2931 3454 3197 3524 Τεθηπὼς
3253 3453 3343 3509 οὖν
3390 3455 3480 3510 καὶ
3537 3455 3642 3532 ἐγὼ
3687 3457 3768 3512 τὸν

2120 3539 2304 3616 ἄνδρα,
2333 3541 2552 3615 ἠρόμην
2609 3545 2716 3597 τῶν
2777 3555 2898 3596 τινα
2944 3546 3039 3597 τοῦ
3090 3541 3264 3597 καλοῦ
3321 3542 3529 3598 ἐκείνου
3587 3546 3765 3620 ἀρχιε-

2123 3631 2278 3706 ρέως,
2312 3631 2458 3692 ὅστις
2513 3631 2636 3685 ποτ’
2681 3628 2742 3684 ἃν
2787 3627 2871 3701 εἶή
2925 3631 2953 3685 ὁ
3002 3631 3256 3706 προέχων
3317 3630 3520 3694 ἐκεῖνος
3567 3601 3770 3709 laniti-

2125 3740 2265 3792 μων.
2324 3719 2430 3775 Καὶ
2485 3714 2711 3792 ἔμαθον,
2762 3718 2844 3774 δτι
2902 3716 3344 3794 πρωτοδιάκονος
3399 3720 3468 3790 ἧν
3516 3728 3617 3790 τῆς
3667 3726 3765 3776 τῶν

2121 3805 2522 3883 Ἀλεξανδρέων
2571 3807 2872 3878 καθολικῆς
2929 3806 3280 3878 Ἑκκλησίας,
3333 3808 3422 3863 καὶ
3456 3811 3531 3873 ὡς
3559 3808 3766 3864 πολλοῦ

2121 3901 2343 3969 τιμᾶται
2391 3902 2469 3970 τῷ
2516 3897 2848 3974 πατριάρχῃ·
2901 3895 2961 3952 Τί
3011 3895 3143 3966 οὗν;
3202 3895 3545 3968 ἐξουδενώσω
3578 3899 3768 3955 ἐκεῖνον

2121 3991 2223 4054 τῆς
2275 3986 2422 4060 ἱερᾶς
2479 3983 2825 4062 ὁμηγῦρεως,
2886 3987 2930 4040 ὦ
2978 3983 3196 4042 κῦδιστε
3257 3989 3489 4063 μοναχὲ,
3551 3988 3633 4042 ὅτι
3694 3989 3763 4061 μὴ

2123 4074 2242 4127 κατ’
2298 4073 2393 4146 ἐμὲ
2418 4074 2506 4128 καὶ
2563 4076 2701 4129 κατὰ
2755 4076 2812 4129 σε
2849 4073 3192 4150 μελέγχιμον
3225 4076 3342 4152 εἶχε
3373 4074 3599 4146 στολήν,
3635 4076 3768 4132 ἀλλὰ

2127 4161 2326 4232 λευκὴν
2411 4164 2541 4240 ὑπὲρ
2616 4164 2816 4240 χιόνα;
2894 4163 3163 4237 Οὖμενονο
3226 4163 3371 4220 ἀλλά
3428 4161 3617 4242 ἔχοιμι
3675 4168 3764 4235 τήν

363 4275 564 4333 ἐκείνου
595 4271 787 4347 εὐχὴν,
817 4268 889 4328 ὡς
919 4261 1284 4321 ἀποστολικοῦ
1310 4256 1526 4332 ἀνδρὸς,
1587 4254 1633 4310 εἲ
1688 4254 1778 4309 καὶ
1836 4249 1899 4307 σὺ
1929 4251 2098 4326 τυχὸν
2135 4250 2310 4315 ὀκνεῖς
2339 4251 2489 4310 αὐτό.
2524 4250 2830 4309 Ἐνεδέδυτο
2856 4254 2959 4331 γὰρ
2991 4254 3128 4308 κατά
3155 4275 3206 4308 τι
3234 4253 3417 4331 κρίνον
3450 4257 3538 4310 καὶ
3593 4255 3763 4323 αὐτὸς,

361 4343 729 4440 εὐαγγελικῶς
764 4357 954 4414 εἰπεῖν’
986 4351 1096 4424 ἤδη
1127 4349 1183 4408 δὲ
1210 4349 1300 4406 καὶ
1331 4347 1466 4404 κατὰ
1495 4345 1770 4419 λευκοφαῆ
1807 4343 2107 4418 μάργαρον.

587 4451 750 4520 Quod
785 4448 956 4504 nobis
987 4443 1168 4501 semel
1221 4438 1513 4522 apparuit,
1564 4437 1761 4492 forsan
1823 4431 2017 4488 simile

357 4550 450 4603 est
475 4542 736 4617 pulchrae
760 4538 922 4596 stolaa
953 4534 1154 4600 Jacob,
1188 4520 1305 4603 qua
1335 4544 1468 4584 eum
1502 4543 1534 4581 a
1566 4530 1729 4597 patre
1768 4520 2014 4578 benedi-

2200 4447 2307 4517 ρη’.
2350 4439 2524 4496 Ἀλλά
2569 4445 2731 4496 τοῦτο
2766 4442 2861 4515 μὶν
2916 4441 3114 4514 ἐσάπαξ
3158 4443 3295 4515 ἡμῖν
3329 4441 3453 4498 τότε
3481 4443 3765 4521 κατεφάνη,

2126 4530 2416 4605 παρεοικὸς
2474 4529 2606 4594 ἴσως
2661 4535 2729 4604 τῇ
2774 4530 2917 4606 καλῇ
2977 4531 3148 4586 στολά
3202 4536 3298 4587 τοῦ
3357 4528 3575 4600 Ἰακὼϐ,
3627 4534 3684 4602 ἦν
3733 4534 3762 4600 ἡ

355 4609 607 4691 cendum
641 4634 830 4686 mater
861 4626 1120 4682 Rebecca
1150 4620 1446 4676 induerat.
1486 4616 1570 4670 Tu
1604 4621 1795 4669 autem
1845 4609 2009 4665 nulla

2129 4620 2305 4692 μήτηρ
2387 4617 2548 4681 αὐτὸς
2621 4614 2875 4674 Ῥεϐέκκα
2944 4617 3280 4695 περιέδυσεν,
3341 4618 3758 4697 εὐλογησόμενον

352 4740 416 4780 re
465 4721 580 4779 alia
625 4737 691 4775 ac
723 4717 910 4791 nigris
940 4709 1301 4769 indumentis
1332 4704 1708 4777 conspicuus,
1739 4719 1843 4757 cur
1873 4717 2006 4756 cum

354 4813 548 4870 divina
601 4789 831 4882 peragis
888 4809 945 4859 et
1001 4808 1114 4857 Deo
1175 4797 1569 4871 propinquas,
1623 4789 2012 4848 circumdaris

353 4903 492 4958 lana
523 4899 721 4964 rubra,
751 4901 808 4950 et
835 4895 967 4949 alba
998 4907 1066 4946 ex
1094 4887 1347 4944 maxima
1380 4888 1564 4956 parte,
1617 4885 2010 4949 sanctumque

352 4995 624 5060 torquem
686 4986 801 5040 fers
859 4981 1156 5048 ﬂoridum,
1218 4991 1360 5032 auro
1419 4971 1794 5043 insignitum,
1843 4973 1900 5023 et
1949 4966 2007 5022 in

353 5059 608 5149 longans
658 5071 926 5130 ﬁmbrias
957 5068 1321 5124 desinentem
1347 5066 1369 5119 Ρ
1396 5067 1462 5116 Et
1493 5060 1645 5133 quod
1676 5059 1868 5129 majus
1899 5061 2009 5123 est,

357 5184 496 5225 cum
563 5165 622 5221 in
689 5159 1114 5220 hierarchicam
1181 5151 1604 5210 sublimitatem
1671 5146 2010 5213 ascendisti,

358 5271 536 5330 quam
586 5252 776 5310 multo
827 5265 961 5307 cum
999 5247 1205 5302 ardore
1236 5237 1703 5315 persequebaris,
1732 5251 1905 5307 quam
1939 5235 2013 5290 ob

357 5323 598 5402 causam
630 5341 841 5399 stolam
873 5351 1101 5394 sacram
1135 5331 1329 5388 induis
1363 5327 1645 5402 fulgidam
1703 5330 1760 5380 et
1815 5323 2012 5398 splen-

358 5436 591 5492 dentem
645 5428 982 5502 margaritis
1032 5421 1334 5496 lapidibus
1365 5416 1636 5492 pretiosis
1665 5431 1839 5487 quam
1871 5431 2010 5470 con-

429 5595 540 5676 (tQ)
597 5588 909 5676 Sepia‘Ua
962 5587 1135 5647 séche)
1186 5586 1284 5666 est
1339 5579 1607 5676 quadam
1666 5576 2013 5676 polypor‘um

360 5647 607 5746 gp‘eeies,
639 5647 764 5746 qius
791 5647 1106 5746 humorem
1140 5647 1372 5746 nigrum
1404 5656 1476 5746 de
1506 5647 1748 5720 corpore
1770 5647 2015 5728 emittit.

363 5722 565 5806 L'oligo
599 5722 702 5788 'es't
753 5731 936 5787 altera
992 5727 1336 5785 eorumdem
1388 5722 1731 5795 polyporum
1792 5722 2019 5792 species

2123 4707 2225 4762 ὑπὸ
2251 4711 2348 4762 τοῦ
2406 4709 2628 4783 πατρός’
2689 4708 2750 4762 σὺ
2808 4706 2866 4764 δὲ,
2896 4710 2922 4764 ὁ
2955 4707 3121 4782 μηδὲν
3184 4709 3328 4766 ἄλλο
3387 4711 3582 4782 σεμνὸς
3673 4711 3759 4777 τήν

2125 4794 2406 4869 μελανίαν,
2464 4798 2516 4852 τί
2568 4795 2632 4868 δή
2687 4819 2836 4865 ποτε,
2875 4799 2962 4852 ὅτε
2991 4800 3058 4852 τά
3087 4800 3202 4854 θεῖα
3234 4797 3590 4876 λειτουργεῖς,
3641 4801 3760 4871 ὁμι-

2123 4883 2237 4941 λῶτ
2266 4892 2346 4959 τῷ
2376 4891 2510 4958 Θεῷ,
2566 4886 2716 4962 έρέαν
2764 4887 2989 4964 ἐρυθρὰν
3041 4884 3379 4964 περιϐάλλῃ,
3429 4891 3519 4944 καὶ
3579 4887 3758 4957 λευκὴν

2123 4972 2180 5030 δὲ
2217 4976 2284 5030 τὰ
2339 4975 2535 5046 πλείω,
2590 4977 2679 5032 καὶ
2725 4977 2787 5032 τὸ
2859 4977 3298 5054 περιτραχήλιον
3359 4980 3512 5054 ἅγιον
3567 4980 3754 5033 ἄνθινον

2121 5063 2442 5138 περίκεισαι,
2512 5066 2601 5121 καί
2669 5087 2774 5121 που
2850 5071 3042 5142 χρυσῷ
3116 5089 3616 5143 καταπεπασμενον,
3677 5066 3752 5120 καί

2124 5153 2200 5216 είς
2257 5155 2600 5230 κροσσωτοὺς
2651 5155 2937 5231 ἀπολῆγον
2991 5151 3428 5232 περιϐλέπνους;
3480 5160 3548 5213 Τὸ
3595 5154 3646 5212 δὲ
3696 5154 3754 5223 δὴ

2127 5248 2334 5317 μεῖζον’
2387 5243 2476 5300 ὅτε
2522 5245 2609 5299 καὶ
2661 5245 2724 5300 σὺ
2796 5240 3125 5322 πρασαόήσῃ
3184 5245 3239 5310 ἐς
3315 5247 3450 5322 ὕψος
3521 5249 3753 5323 ἀρχιερα-

2122 5334 2295 5406 τικὸν,
2355 5333 2384 5388 ’ὀ
2429 5331 2725 5411 πολλαχοῦ
2757 5335 3113 5410 πραγματεύῃ
3166 5335 3302 5390 κατὰ
3362 5333 3601 5405 σπουδὴν
3629 5331 3749 5388 πολε

2125 5419 2244 5489 λὸν,
2305 5418 2446 5476 διατί
2500 5420 2728 5496 ἐπενδῦῃ
2775 5420 3030 5496 λαμπρὰν
3091 5420 3296 5491 στολήν
3335 5423 3503 5500 ἱεράν,
3531 5422 3613 5478 καὶ
3644 5416 3745 5473 οἵαν

2125 5600 2254 5654 quis
2313 5584 2601 5664 eXagitata
2662 5585 2865 5664 rubroh
2895 5601 3040 5656 puro
3089 5602 3275 5658 aquas
3307 5586 3496 5658 tingit,
3528 5596 3693 5654 neque
3714 5594 3743 5630 ιι

2125 5656 2615 5727 persequentibus
2647 5656 2894 5729 aufugit.
