  <div class='ocr_page' id='page_1' title='image "/cluster/home/n/w/nwhite01/storage/ocr_20150623/135/hvd.32044073502528/414.png"; bbox 0 0 4104 6210; ppageno 0'>
   <div class='ocr_carea' id='block_1_1' title="bbox 206 48 507 81">
    <p class='ocr_par' dir='ltr' id='par_1_1' title="bbox 206 48 507 81">
     <span class='ocr_line' id='line_1_1' title="bbox 206 48 507 81; baseline 0 -2"><span class='ocrx_word' id='word_1_1' title='bbox 206 48 409 81; x_wconf 59' lang='grc' dir='ltr'>-σῗ“’“ῖ</span> <span class='ocrx_word' id='word_1_2' title='bbox 436 48 507 59; x_wconf 82' lang='grc'>”““</span> 
     </span>
    </p>
   </div>
   <div class='ocr_carea' id='block_1_2' title="bbox 417 343 533 403">
    <p class='ocr_par' dir='ltr' id='par_1_2' title="bbox 417 343 533 403">
     <span class='ocr_line' id='line_1_2' title="bbox 417 343 533 403; baseline -0.009 0"><span class='ocrx_word' id='word_1_3' title='bbox 417 343 533 403; x_wconf 82' lang='grc'>817</span> 
     </span>
    </p>
   </div>
   <div class='ocr_carea' id='block_1_3' title="bbox 1434 345 2825 410">
    <p class='ocr_par' dir='ltr' id='par_1_3' title="bbox 1434 345 2825 410">
     <span class='ocr_line' id='line_1_3' title="bbox 1434 345 2825 410; baseline -0.003 -1"><span class='ocrx_word' id='word_1_4' title='bbox 1434 349 1538 409; x_wconf 83' lang='lat' dir='ltr'>DE</span> <span class='ocrx_word' id='word_1_5' title='bbox 1580 348 2072 410; x_wconf 81' lang='lat' dir='ltr'>EMENDANDA</span> <span class='ocrx_word' id='word_1_6' title='bbox 2114 347 2299 409; x_wconf 82' lang='lat' dir='ltr'>VITA</span> <span class='ocrx_word' id='word_1_7' title='bbox 2350 345 2825 410; x_wconf 76' lang='lat' dir='ltr'>MONACHICA.</span> 
     </span>
    </p>
   </div>
   <div class='ocr_carea' id='block_1_4' title="bbox 3710 337 3829 402">
    <p class='ocr_par' dir='ltr' id='par_1_4' title="bbox 3710 337 3829 402">
     <span class='ocr_line' id='line_1_4' title="bbox 3710 337 3829 402; baseline 0 -2"><span class='ocrx_word' id='word_1_8' title='bbox 3710 337 3829 402; x_wconf 70' lang='lat'>818</span> 
     </span>
    </p>
   </div>
   <div class='ocr_carea' id='block_1_5' title="bbox 415 470 2057 553">
    <p class='ocr_par' dir='ltr' id='par_1_5' title="bbox 415 472 2057 553">
     <span class='ocr_line' id='line_1_5' title="bbox 415 472 2057 553; baseline 0.002 -23"><span class='ocrx_word' id='word_1_9' title='bbox 415 472 504 531; x_wconf 72' lang='grc' dir='ltr'>διὰ</span> <span class='ocrx_word' id='word_1_10' title='bbox 551 476 616 530; x_wconf 81' lang='grc' dir='ltr'>τὸ</span> <span class='ocrx_word' id='word_1_11' title='bbox 662 474 1064 553; x_wconf 83' lang='grc' dir='ltr'>περιμάργαρον</span> <span class='ocrx_word' id='word_1_12' title='bbox 1120 478 1208 533; x_wconf 81' lang='grc' dir='ltr'>καὶ</span> <span class='ocrx_word' id='word_1_13' title='bbox 1265 476 1555 534; x_wconf 83' lang='grc' dir='ltr'>κατάλιθον</span> <span class='ocrx_word' id='word_1_14' title='bbox 1615 474 2057 549; x_wconf 72' lang='grc' dir='ltr'>ἀποϐλέπεσθαι;</span> 
     </span>
    </p>
   </div>
   <div class='ocr_carea' id='block_1_6' title="bbox 2171 470 3827 553">
    <p class='ocr_par' dir='ltr' id='par_1_6' title="bbox 2179 470 3827 553">
     <span class='ocr_line' id='line_1_6' title="bbox 2179 470 3827 553; baseline -0.005 -17"><span class='ocrx_word' id='word_1_15' title='bbox 2179 478 2354 537; x_wconf 87' lang='lat' dir='ltr'>cessit</span> <span class='ocrx_word' id='word_1_16' title='bbox 2378 480 2481 553; x_wconf 85' lang='lat' dir='ltr'>jus</span> <span class='ocrx_word' id='word_1_17' title='bbox 2512 479 2881 549; x_wconf 89' lang='lat' dir='ltr'>canonicum,</span> <span class='ocrx_word' id='word_1_18' title='bbox 2912 475 3008 533; x_wconf 90' lang='lat' dir='ltr'>his</span> <span class='ocrx_word' id='word_1_19' title='bbox 3036 474 3181 531; x_wconf 83' lang='lat' dir='ltr'>velis</span> <span class='ocrx_word' id='word_1_20' title='bbox 3211 470 3611 531; x_wconf 81' lang='lat' dir='ltr'>materialibus</span> <span class='ocrx_word' id='word_1_21' title='bbox 3637 486 3827 529; x_wconf 88' lang='lat' dir='ltr'>secre-</span> 
     </span>
    </p>
   </div>
   <div class='ocr_carea' id='block_1_7' title="bbox 411 563 2069 645">
    <p class='ocr_par' dir='ltr' id='par_1_7' title="bbox 411 563 2069 645">
     <span class='ocr_line' id='line_1_7' title="bbox 411 563 2069 645; baseline 0 -23"><span class='ocrx_word' id='word_1_22' title='bbox 411 566 509 622; x_wconf 86' lang='grc' dir='ltr'>Ἢν</span> <span class='ocrx_word' id='word_1_23' title='bbox 570 566 600 619; x_wconf 93' lang='grc' dir='ltr'>ὁ</span> <span class='ocrx_word' id='word_1_24' title='bbox 653 564 815 641; x_wconf 86' lang='grc' dir='ltr'>ὁρθὸς</span> <span class='ocrx_word' id='word_1_25' title='bbox 862 567 1039 621; x_wconf 84' lang='grc' dir='ltr'>κανὼν</span> <span class='ocrx_word' id='word_1_26' title='bbox 1098 563 1376 635; x_wconf 78' lang='grc' dir='ltr'>ένδέδωκε,</span> <span class='ocrx_word' id='word_1_27' title='bbox 1426 565 1827 645; x_wconf 72' lang='grc' dir='ltr'>προκαλύπτων</span> <span class='ocrx_word' id='word_1_28' title='bbox 1882 567 2069 640; x_wconf 75' lang='grc' dir='ltr'>αἰσθη-</span> 
     </span>
    </p>
   </div>
   <div class='ocr_carea' id='block_1_8' title="bbox 408 654 2068 736">
    <p class='ocr_par' dir='ltr' id='par_1_8' title="bbox 408 654 2068 736">
     <span class='ocr_line' id='line_1_8' title="bbox 408 654 2068 736; baseline 0.002 -26"><span class='ocrx_word' id='word_1_29' title='bbox 408 659 527 717; x_wconf 86' lang='grc' dir='ltr'>τοῖς</span> <span class='ocrx_word' id='word_1_30' title='bbox 582 654 799 717; x_wconf 65' lang='grc' dir='ltr'>τούτοις</span> <span class='ocrx_word' id='word_1_31' title='bbox 854 657 1305 732; x_wconf 64' lang='grc' dir='ltr'>παραπετάσμασι</span> <span class='ocrx_word' id='word_1_32' title='bbox 1363 659 1637 733; x_wconf 65' lang='grc' dir='ltr'>μυστήρια</span> <span class='ocrx_word' id='word_1_33' title='bbox 1686 657 1911 736; x_wconf 72' lang='grc' dir='ltr'>κρύφια,</span> <span class='ocrx_word' id='word_1_34' title='bbox 1942 679 2068 712; x_wconf 91' lang='grc' dir='ltr'>συν-</span> 
     </span>
    </p>
   </div>
   <div class='ocr_carea' id='block_1_9' title="bbox 415 739 2066 824">
    <p class='ocr_par' dir='ltr' id='par_1_9' title="bbox 415 739 2066 824">
     <span class='ocr_line' id='line_1_9' title="bbox 415 739 2066 824; baseline 0.001 -25"><span class='ocrx_word' id='word_1_35' title='bbox 415 739 941 819; x_wconf 77' lang='grc' dir='ltr'>επιλαμϐανομὲνης</span> <span class='ocrx_word' id='word_1_36' title='bbox 993 765 1045 799; x_wconf 90' lang='grc' dir='ltr'>τι</span> <span class='ocrx_word' id='word_1_37' title='bbox 1095 744 1365 811; x_wconf 78' lang='grc' dir='ltr'>κάνταῦθα</span> <span class='ocrx_word' id='word_1_38' title='bbox 1428 753 1528 817; x_wconf 83' lang='grc' dir='ltr'>τῆς</span> <span class='ocrx_word' id='word_1_39' title='bbox 1590 746 1887 824; x_wconf 83' lang='grc' dir='ltr'>κορυφαίας</span> <span class='ocrx_word' id='word_1_40' title='bbox 1944 745 2066 802; x_wconf 85' lang='grc' dir='ltr'>λευ-</span> 
     </span>
    </p>
   </div>
   <div class='ocr_carea' id='block_1_10' title="bbox 409 832 2068 914">
    <p class='ocr_par' dir='ltr' id='par_1_10' title="bbox 409 832 2068 914">
     <span class='ocr_line' id='line_1_10' title="bbox 409 832 2068 914; baseline 0.001 -25"><span class='ocrx_word' id='word_1_41' title='bbox 409 834 647 905; x_wconf 86' lang='grc' dir='ltr'>κότητος</span> <span class='ocrx_word' id='word_1_42' title='bbox 706 832 758 889; x_wconf 83' lang='grc' dir='ltr'>έν</span> <span class='ocrx_word' id='word_1_43' title='bbox 833 833 940 907; x_wconf 83' lang='grc' dir='ltr'>σοὶ,</span> <span class='ocrx_word' id='word_1_44' title='bbox 998 836 1118 899; x_wconf 87' lang='grc' dir='ltr'>καθ’</span> <span class='ocrx_word' id='word_1_45' title='bbox 1173 836 1235 905; x_wconf 83' lang='grc' dir='ltr'>ἣν</span> <span class='ocrx_word' id='word_1_46' title='bbox 1304 840 1600 907; x_wconf 87' lang='grc' dir='ltr'>τηνικαῦτα</span> <span class='ocrx_word' id='word_1_47' title='bbox 1661 841 2068 914; x_wconf 82' lang='grc' dir='ltr'>καινοπραγεῖς,</span> 
     </span>
    </p>
   </div>
   <div class='ocr_carea' id='block_1_11' title="bbox 410 920 2071 1002">
    <p class='ocr_par' dir='ltr' id='par_1_11' title="bbox 410 920 2071 1002">
     <span class='ocr_line' id='line_1_11' title="bbox 410 920 2071 1002; baseline 0.002 -24"><span class='ocrx_word' id='word_1_48' title='bbox 410 920 840 997; x_wconf 69' lang='grc' dir='ltr'>ἕλλαμπὸμενος</span> <span class='ocrx_word' id='word_1_49' title='bbox 896 923 1165 1001; x_wconf 80' lang='grc' dir='ltr'>ἀνθηρῶς.</span> <span class='ocrx_word' id='word_1_50' title='bbox 1225 923 1435 981; x_wconf 77' lang='grc' dir='ltr'>Πολλοὶ</span> <span class='ocrx_word' id='word_1_51' title='bbox 1495 926 1600 1002; x_wconf 65' lang='grc' dir='ltr'>γὰρ</span> <span class='ocrx_word' id='word_1_52' title='bbox 1663 931 1771 981; x_wconf 90' lang='grc' dir='ltr'>τῶν</span> <span class='ocrx_word' id='word_1_53' title='bbox 1823 927 1959 982; x_wconf 82' lang='grc' dir='ltr'>κατᾶ</span> <span class='ocrx_word' id='word_1_54' title='bbox 2011 926 2071 981; x_wconf 79' lang='grc' dir='ltr'>σὲ</span> 
     </span>
    </p>
   </div>
   <div class='ocr_carea' id='block_1_12' title="bbox 409 1012 2070 1092">
    <p class='ocr_par' dir='ltr' id='par_1_12' title="bbox 409 1012 2070 1092">
     <span class='ocr_line' id='line_1_12' title="bbox 409 1012 2070 1092; baseline 0.002 -26"><span class='ocrx_word' id='word_1_55' title='bbox 409 1013 739 1088; x_wconf 73' lang='grc' dir='ltr'>θεωροῦνται</span> <span class='ocrx_word' id='word_1_56' title='bbox 796 1012 1223 1092; x_wconf 82' lang='grc' dir='ltr'>ἀνεπισφαλῶς,</span> <span class='ocrx_word' id='word_1_57' title='bbox 1274 1015 1386 1088; x_wconf 76' lang='grc' dir='ltr'>ἅμα</span> <span class='ocrx_word' id='word_1_58' title='bbox 1466 1013 1752 1072; x_wconf 69' lang='grc' dir='ltr'>ἐπίσκοποι</span> <span class='ocrx_word' id='word_1_59' title='bbox 1812 1014 1897 1071; x_wconf 86' lang='grc' dir='ltr'>καὶ</span> <span class='ocrx_word' id='word_1_60' title='bbox 1958 1016 2070 1089; x_wconf 76' lang='grc' dir='ltr'>ἅμα</span> 
     </span>
    </p>
   </div>
   <div class='ocr_carea' id='block_1_13' title="bbox 409 1098 2070 1184">
    <p class='ocr_par' dir='ltr' id='par_1_13' title="bbox 409 1098 2070 1184">
     <span class='ocr_line' id='line_1_13' title="bbox 409 1098 2070 1184; baseline 0.004 -30"><span class='ocrx_word' id='word_1_61' title='bbox 409 1098 623 1174; x_wconf 89' lang='grc' dir='ltr'>λευκοὶ,</span> <span class='ocrx_word' id='word_1_62' title='bbox 651 1103 751 1171; x_wconf 78' lang='grc' dir='ltr'>τὴν</span> <span class='ocrx_word' id='word_1_63' title='bbox 803 1101 1004 1175; x_wconf 87' lang='grc' dir='ltr'>σκέπην</span> <span class='ocrx_word' id='word_1_64' title='bbox 1064 1109 1167 1173; x_wconf 88' lang='grc' dir='ltr'>τῆς</span> <span class='ocrx_word' id='word_1_65' title='bbox 1224 1102 1489 1184; x_wconf 83' lang='grc' dir='ltr'>κεφαλῆς.</span> <span class='ocrx_word' id='word_1_66' title='bbox 1521 1107 1653 1162; x_wconf 75' lang='grc' dir='ltr'>’Ότε</span> <span class='ocrx_word' id='word_1_67' title='bbox 1688 1104 1778 1161; x_wconf 83' lang='grc' dir='ltr'>καὶ</span> <span class='ocrx_word' id='word_1_68' title='bbox 1831 1102 1971 1161; x_wconf 70' lang='grc' dir='ltr'>ἔστιν</span> <span class='ocrx_word' id='word_1_69' title='bbox 1999 1104 2070 1160; x_wconf 79' lang='grc' dir='ltr'>εῒ-</span> 
     </span>
    </p>
   </div>
   <div class='ocr_carea' id='block_1_14' title="bbox 404 1190 2067 1270">
    <p class='ocr_par' dir='ltr' id='par_1_14' title="bbox 404 1190 2067 1270">
     <span class='ocr_line' id='line_1_14' title="bbox 404 1190 2067 1270; baseline 0.002 -25"><span class='ocrx_word' id='word_1_70' title='bbox 404 1196 530 1246; x_wconf 88' lang='grc' dir='ltr'>πεῖν</span> <span class='ocrx_word' id='word_1_71' title='bbox 586 1191 651 1246; x_wconf 85' lang='grc' dir='ltr'>τὸ</span> <span class='ocrx_word' id='word_1_72' title='bbox 698 1195 946 1246; x_wconf 88' lang='grc' dir='ltr'>τοιοῦτον</span> <span class='ocrx_word' id='word_1_73' title='bbox 1004 1190 1079 1254; x_wconf 80' lang='grc' dir='ltr'>ὡς</span> <span class='ocrx_word' id='word_1_74' title='bbox 1132 1193 1247 1248; x_wconf 86' lang='grc' dir='ltr'>οῖον</span> <span class='ocrx_word' id='word_1_75' title='bbox 1302 1191 1528 1270; x_wconf 77' lang='grc' dir='ltr'>πρέμνῳ</span> <span class='ocrx_word' id='word_1_76' title='bbox 1584 1191 1775 1268; x_wconf 91' lang='grc' dir='ltr'>μέλανι</span> <span class='ocrx_word' id='word_1_77' title='bbox 1827 1213 2067 1268; x_wconf 88' lang='grc' dir='ltr'>προσπε-</span> 
     </span>
    </p>
   </div>
   <div class='ocr_carea' id='block_1_15' title="bbox 405 1274 2068 1358">
    <p class='ocr_par' dir='ltr' id='par_1_15' title="bbox 405 1274 2068 1358">
     <span class='ocr_line' id='line_1_15' title="bbox 405 1274 2068 1358; baseline 0.003 -25"><span class='ocrx_word' id='word_1_78' title='bbox 405 1283 638 1356; x_wconf 78' lang='grc' dir='ltr'>φυκυῖαν</span> <span class='ocrx_word' id='word_1_79' title='bbox 698 1274 987 1353; x_wconf 79' lang='grc' dir='ltr'>έμϐολάδα</span> <span class='ocrx_word' id='word_1_80' title='bbox 1039 1279 1257 1352; x_wconf 68' lang='grc' dir='ltr'>λευκήν.</span> <span class='ocrx_word' id='word_1_81' title='bbox 1319 1282 1416 1336; x_wconf 81' lang='grc' dir='ltr'>Καὶ</span> <span class='ocrx_word' id='word_1_82' title='bbox 1486 1282 1611 1337; x_wconf 89' lang='grc' dir='ltr'>τότε</span> <span class='ocrx_word' id='word_1_83' title='bbox 1678 1279 1745 1353; x_wconf 74' lang='grc' dir='ltr'>δὴ</span> <span class='ocrx_word' id='word_1_84' title='bbox 1806 1282 2068 1358; x_wconf 82' lang='grc' dir='ltr'>ἀγαπῲης</span> 
     </span>
    </p>
   </div>
   <div class='ocr_carea' id='block_1_16' title="bbox 2180 562 3823 643">
    <p class='ocr_par' dir='ltr' id='par_1_16' title="bbox 2180 562 3823 643">
     <span class='ocr_line' id='line_1_16' title="bbox 2180 562 3823 643; baseline -0.006 -17"><span class='ocrx_word' id='word_1_85' title='bbox 2180 578 2236 626; x_wconf 87' lang='lat' dir='ltr'>la</span> <span class='ocrx_word' id='word_1_86' title='bbox 2284 568 2562 643; x_wconf 86' lang='lat' dir='ltr'>mysteria</span> <span class='ocrx_word' id='word_1_87' title='bbox 2609 567 2992 635; x_wconf 78' lang='lat' dir='ltr'>obumbrans,</span> <span class='ocrx_word' id='word_1_88' title='bbox 3042 569 3099 621; x_wconf 89' lang='lat' dir='ltr'>et</span> <span class='ocrx_word' id='word_1_89' title='bbox 3151 563 3296 621; x_wconf 89' lang='lat' dir='ltr'>hanc</span> <span class='ocrx_word' id='word_1_90' title='bbox 3349 562 3676 619; x_wconf 87' lang='lat' dir='ltr'>albedinem</span> <span class='ocrx_word' id='word_1_91' title='bbox 3724 566 3823 616; x_wconf 89' lang='lat' dir='ltr'>tuo</span> 
     </span>
    </p>
   </div>
   <div class='ocr_carea' id='block_1_17' title="bbox 2178 652 3826 733">
    <p class='ocr_par' dir='ltr' id='par_1_17' title="bbox 2178 652 3826 733">
     <span class='ocr_line' id='line_1_17' title="bbox 2178 652 3826 733; baseline -0.007 -18"><span class='ocrx_word' id='word_1_92' title='bbox 2178 659 2352 733; x_wconf 81' lang='lat' dir='ltr'>capiti</span> <span class='ocrx_word' id='word_1_93' title='bbox 2399 656 2747 732; x_wconf 90' lang='lat' dir='ltr'>superaddis</span> <span class='ocrx_word' id='word_1_94' title='bbox 2794 661 2934 712; x_wconf 89' lang='lat' dir='ltr'>tunc</span> <span class='ocrx_word' id='word_1_95' title='bbox 2983 654 3171 727; x_wconf 85' lang='lat' dir='ltr'>primo</span> <span class='ocrx_word' id='word_1_96' title='bbox 3220 654 3587 725; x_wconf 81' lang='lat' dir='ltr'>usurpatam,</span> <span class='ocrx_word' id='word_1_97' title='bbox 3633 657 3686 705; x_wconf 92' lang='lat' dir='ltr'>et</span> <span class='ocrx_word' id='word_1_98' title='bbox 3729 652 3826 721; x_wconf 89' lang='lat' dir='ltr'>ju-</span> 
     </span>
    </p>
   </div>
   <div class='ocr_carea' id='block_1_18' title="bbox 2177 739 3828 820">
    <p class='ocr_par' dir='ltr' id='par_1_18' title="bbox 2177 739 3828 820">
     <span class='ocr_line' id='line_1_18' title="bbox 2177 739 3828 820; baseline -0.005 -16"><span class='ocrx_word' id='word_1_99' title='bbox 2177 750 2369 805; x_wconf 86' lang='lat' dir='ltr'>cunde</span> <span class='ocrx_word' id='word_1_100' title='bbox 2417 746 2717 820; x_wconf 82' lang='lat' dir='ltr'>rel’ulges?</span> <span class='ocrx_word' id='word_1_101' title='bbox 2763 744 2928 801; x_wconf 85' lang='lat' dir='ltr'>Multi</span> <span class='ocrx_word' id='word_1_102' title='bbox 2970 744 3126 801; x_wconf 89' lang='lat' dir='ltr'>enim</span> <span class='ocrx_word' id='word_1_103' title='bbox 3176 742 3301 798; x_wconf 86' lang='lat' dir='ltr'>sine</span> <span class='ocrx_word' id='word_1_104' title='bbox 3330 739 3509 796; x_wconf 90' lang='lat' dir='ltr'>dubio</span> <span class='ocrx_word' id='word_1_105' title='bbox 3556 739 3828 796; x_wconf 85' lang='lat' dir='ltr'>videntur</span> 
     </span>
    </p>
   </div>
   <div class='ocr_carea' id='block_1_19' title="bbox 2170 828 3828 910">
    <p class='ocr_par' dir='ltr' id='par_1_19' title="bbox 2170 828 3828 910">
     <span class='ocr_line' id='line_1_19' title="bbox 2170 828 3828 910; baseline -0.006 -16"><span class='ocrx_word' id='word_1_106' title='bbox 2170 839 2343 910; x_wconf 82' lang='lat' dir='ltr'>juxta</span> <span class='ocrx_word' id='word_1_107' title='bbox 2373 843 2428 894; x_wconf 93' lang='lat' dir='ltr'>te</span> <span class='ocrx_word' id='word_1_108' title='bbox 2459 835 2636 894; x_wconf 83' lang='lat' dir='ltr'>simul</span> <span class='ocrx_word' id='word_1_109' title='bbox 2667 835 2924 908; x_wconf 80' lang='lat' dir='ltr'>episcopi</span> <span class='ocrx_word' id='word_1_110' title='bbox 2948 837 3006 889; x_wconf 88' lang='lat' dir='ltr'>et</span> <span class='ocrx_word' id='word_1_111' title='bbox 3035 832 3175 899; x_wconf 83' lang='lat' dir='ltr'><strong>albi,</strong></span> <span class='ocrx_word' id='word_1_112' title='bbox 3212 829 3404 904; x_wconf 83' lang='lat' dir='ltr'>quoad</span> <span class='ocrx_word' id='word_1_113' title='bbox 3438 828 3647 901; x_wconf 84' lang='lat' dir='ltr'>capitis</span> <span class='ocrx_word' id='word_1_114' title='bbox 3667 845 3828 900; x_wconf 90' lang='lat' dir='ltr'>oper-</span> 
     </span>
    </p>
   </div>
   <div class='ocr_carea' id='block_1_20' title="bbox 2176 919 3828 990">
    <p class='ocr_par' dir='ltr' id='par_1_20' title="bbox 2176 919 3828 990">
     <span class='ocr_line' id='line_1_20' title="bbox 2176 919 3828 990; baseline -0.006 -7"><span class='ocrx_word' id='word_1_115' title='bbox 2176 928 2417 985; x_wconf 80' lang='lat' dir='ltr'>torium.</span> <span class='ocrx_word' id='word_1_116' title='bbox 2461 927 2623 983; x_wconf 84' lang='lat' dir='ltr'>Istud</span> <span class='ocrx_word' id='word_1_117' title='bbox 2656 925 2850 982; x_wconf 90' lang='lat' dir='ltr'>simile</span> <span class='ocrx_word' id='word_1_118' title='bbox 2881 922 3010 980; x_wconf 89' lang='lat' dir='ltr'>albo</span> <span class='ocrx_word' id='word_1_119' title='bbox 3059 922 3296 979; x_wconf 85' lang='lat' dir='ltr'>surculo</span> <span class='ocrx_word' id='word_1_120' title='bbox 3325 921 3386 976; x_wconf 90' lang='lat' dir='ltr'>in</span> <span class='ocrx_word' id='word_1_121' title='bbox 3432 919 3629 976; x_wconf 80' lang='lat' dir='ltr'>radice</span> <span class='ocrx_word' id='word_1_122' title='bbox 3660 919 3828 990; x_wconf 88' lang='lat' dir='ltr'>nigra</span> 
     </span>
    </p>
   </div>
   <div class='ocr_carea' id='block_1_21' title="bbox 2176 1008 3826 1088">
    <p class='ocr_par' dir='ltr' id='par_1_21' title="bbox 2176 1008 3826 1088">
     <span class='ocr_line' id='line_1_21' title="bbox 2176 1008 3826 1088; baseline -0.004 -17"><span class='ocrx_word' id='word_1_123' title='bbox 2176 1016 2355 1073; x_wconf 92' lang='lat' dir='ltr'>insito</span> <span class='ocrx_word' id='word_1_124' title='bbox 2386 1016 2499 1072; x_wconf 92' lang='lat' dir='ltr'>dici</span> <span class='ocrx_word' id='word_1_125' title='bbox 2531 1019 2748 1088; x_wconf 79' lang='lat' dir='ltr'>posset.</span> <span class='ocrx_word' id='word_1_126' title='bbox 2796 1014 2962 1070; x_wconf 90' lang='lat' dir='ltr'>Tunc</span> <span class='ocrx_word' id='word_1_127' title='bbox 2994 1013 3138 1069; x_wconf 76' lang='lat' dir='ltr'>forte</span> <span class='ocrx_word' id='word_1_128' title='bbox 3181 1014 3407 1083; x_wconf 82' lang='lat' dir='ltr'>patrem</span> <span class='ocrx_word' id='word_1_129' title='bbox 3439 1013 3611 1066; x_wconf 82' lang='lat' dir='ltr'>antea</span> <span class='ocrx_word' id='word_1_130' title='bbox 3640 1008 3826 1065; x_wconf 85' lang='lat' dir='ltr'>odibi-</span> 
     </span>
    </p>
   </div>
   <div class='ocr_carea' id='block_1_22' title="bbox 2176 1097 3826 1178">
    <p class='ocr_par' dir='ltr' id='par_1_22' title="bbox 2176 1097 3826 1178">
     <span class='ocr_line' id='line_1_22' title="bbox 2176 1097 3826 1178; baseline -0.005 -17"><span class='ocrx_word' id='word_1_131' title='bbox 2176 1104 2292 1161; x_wconf 90' lang='lat' dir='ltr'>lem</span> <span class='ocrx_word' id='word_1_132' title='bbox 2351 1104 2626 1178; x_wconf 87' lang='lat' dir='ltr'>diligeres</span> <span class='ocrx_word' id='word_1_133' title='bbox 2683 1104 2836 1160; x_wconf 86' lang='lat' dir='ltr'>sicut</span> <span class='ocrx_word' id='word_1_134' title='bbox 2892 1101 3146 1174; x_wconf 89' lang='lat' dir='ltr'>teipsum</span> <span class='ocrx_word' id='word_1_135' title='bbox 3206 1099 3347 1171; x_wconf 89' lang='lat' dir='ltr'>(imo</span> <span class='ocrx_word' id='word_1_136' title='bbox 3403 1097 3594 1170; x_wconf 88' lang='lat' dir='ltr'>magis</span> <span class='ocrx_word' id='word_1_137' title='bbox 3648 1113 3826 1170; x_wconf 88' lang='lat' dir='ltr'>quam</span> 
     </span>
    </p>
   </div>
   <div class='ocr_carea' id='block_1_23' title="bbox 2175 1185 3825 1266">
    <p class='ocr_par' dir='ltr' id='par_1_23' title="bbox 2175 1185 3825 1266">
     <span class='ocr_line' id='line_1_23' title="bbox 2175 1185 3825 1266; baseline -0.005 -16"><span class='ocrx_word' id='word_1_138' title='bbox 2175 1197 2275 1265; x_wconf 87' lang='lat' dir='ltr'>te),</span> <span class='ocrx_word' id='word_1_139' title='bbox 2307 1193 2602 1266; x_wconf 87' lang='lat' dir='ltr'>siquidem</span> <span class='ocrx_word' id='word_1_140' title='bbox 2648 1192 2926 1265; x_wconf 91' lang='lat' dir='ltr'>imposito</span> <span class='ocrx_word' id='word_1_141' title='bbox 2969 1188 3145 1262; x_wconf 88' lang='lat' dir='ltr'>capiti</span> <span class='ocrx_word' id='word_1_142' title='bbox 3191 1189 3360 1262; x_wconf 89' lang='lat' dir='ltr'>signo</span> <span class='ocrx_word' id='word_1_143' title='bbox 3407 1186 3681 1259; x_wconf 81' lang='lat' dir='ltr'>subjecti,</span> <span class='ocrx_word' id='word_1_144' title='bbox 3736 1185 3825 1242; x_wconf 85' lang='lat' dir='ltr'>ni-</span> 
     </span>
    </p>
   </div>
   <div class='ocr_carea' id='block_1_24' title="bbox 2176 1276 3619 1357">
    <p class='ocr_par' dir='ltr' id='par_1_24' title="bbox 2176 1276 3619 1357">
     <span class='ocr_line' id='line_1_24' title="bbox 2176 1276 3619 1357; baseline -0.006 -17"><span class='ocrx_word' id='word_1_145' title='bbox 2176 1300 2347 1357; x_wconf 90' lang='lat' dir='ltr'>grum</span> <span class='ocrx_word' id='word_1_146' title='bbox 2381 1281 2645 1340; x_wconf 90' lang='lat' dir='ltr'>detrudis</span> <span class='ocrx_word' id='word_1_147' title='bbox 2684 1280 2841 1353; x_wconf 89' lang='lat' dir='ltr'>quod</span> <span class='ocrx_word' id='word_1_148' title='bbox 2873 1278 3092 1352; x_wconf 90' lang='lat' dir='ltr'>primas</span> <span class='ocrx_word' id='word_1_149' title='bbox 3123 1281 3318 1350; x_wconf 88' lang='lat' dir='ltr'>partes</span> <span class='ocrx_word' id='word_1_150' title='bbox 3345 1276 3619 1333; x_wconf 86' lang='lat' dir='ltr'>habebat.</span> 
     </span>
    </p>
   </div>
   <div class='ocr_carea' id='block_1_25' title="bbox 406 1360 3820 1445">
    <p class='ocr_par' dir='ltr' id='par_1_25' title="bbox 406 1360 3820 1445">
     <span class='ocr_line' id='line_1_25' title="bbox 406 1360 3820 1445; baseline -0.001 -23"><span class='ocrx_word' id='word_1_151' title='bbox 406 1365 471 1422; x_wconf 70' lang='grc' dir='ltr'>ἂν</span> <span class='ocrx_word' id='word_1_152' title='bbox 527 1369 622 1423; x_wconf 84' lang='grc' dir='ltr'>τὸν</span> <span class='ocrx_word' id='word_1_153' title='bbox 678 1368 806 1443; x_wconf 81' lang='grc' dir='ltr'>πρὶν</span> <span class='ocrx_word' id='word_1_154' title='bbox 870 1369 1125 1441; x_wconf 81' lang='grc' dir='ltr'>μισητὸν,</span> <span class='ocrx_word' id='word_1_155' title='bbox 1178 1373 1382 1441; x_wconf 81' lang='grc' dir='ltr'>παπᾶν,</span> <span class='ocrx_word' id='word_1_156' title='bbox 1440 1371 1576 1425; x_wconf 85' lang='grc' dir='ltr'>καθὰ</span> <span class='ocrx_word' id='word_1_157' title='bbox 1629 1371 1717 1425; x_wconf 84' lang='grc' dir='ltr'>καὶ</span> <span class='ocrx_word' id='word_1_158' title='bbox 1774 1372 1993 1426; x_wconf 86' lang='grc' dir='ltr'>σεαυτὸν</span> <span class='ocrx_word' id='word_1_159' title='bbox 2045 1371 2259 1445; x_wconf 75' lang='grc' dir='ltr'>(μήπου</span> <span class='ocrx_word' id='word_1_160' title='bbox 2318 1367 2375 1425; x_wconf 74' lang='grc' dir='ltr'>δὲ</span> <span class='ocrx_word' id='word_1_161' title='bbox 2428 1370 2515 1424; x_wconf 83' lang='grc' dir='ltr'>καὶ</span> <span class='ocrx_word' id='word_1_162' title='bbox 2574 1368 2649 1430; x_wconf 80' lang='grc' dir='ltr'>εἰς</span> <span class='ocrx_word' id='word_1_163' title='bbox 2699 1366 2915 1440; x_wconf 87' lang='grc' dir='ltr'>πλέον),</span> <span class='ocrx_word' id='word_1_164' title='bbox 2945 1363 3053 1442; x_wconf 76' lang='grc' dir='ltr'>ε’ίγε</span> <span class='ocrx_word' id='word_1_165' title='bbox 3105 1364 3169 1420; x_wconf 85' lang='grc' dir='ltr'>τὸ</span> <span class='ocrx_word' id='word_1_166' title='bbox 3226 1363 3342 1420; x_wconf 90' lang='grc' dir='ltr'>κατ’</span> <span class='ocrx_word' id='word_1_167' title='bbox 3380 1362 3545 1419; x_wconf 81' lang='grc' dir='ltr'>αὐτὸν</span> <span class='ocrx_word' id='word_1_168' title='bbox 3603 1360 3820 1439; x_wconf 76' lang='grc' dir='ltr'>ὕστερον</span> 
     </span>
    </p>
   </div>
   <div class='ocr_carea' id='block_1_26' title="bbox 405 1451 2812 1536">
    <p class='ocr_par' dir='ltr' id='par_1_26' title="bbox 405 1451 2812 1536">
     <span class='ocr_line' id='line_1_26' title="bbox 405 1451 2812 1536; baseline 0 -25"><span class='ocrx_word' id='word_1_169' title='bbox 405 1451 694 1530; x_wconf 75' lang='grc' dir='ltr'>σύμϐολον</span> <span class='ocrx_word' id='word_1_170' title='bbox 719 1454 945 1533; x_wconf 73' lang='grc' dir='ltr'>ὕπερθεν</span> <span class='ocrx_word' id='word_1_171' title='bbox 972 1460 1076 1523; x_wconf 82' lang='grc' dir='ltr'>τῆς</span> <span class='ocrx_word' id='word_1_172' title='bbox 1104 1456 1351 1534; x_wconf 75' lang='grc' dir='ltr'>κεφαλῆς</span> <span class='ocrx_word' id='word_1_173' title='bbox 1385 1457 1630 1533; x_wconf 74' lang='grc' dir='ltr'>θέμενος,</span> <span class='ocrx_word' id='word_1_174' title='bbox 1670 1454 2017 1529; x_wconf 78' lang='grc' dir='ltr'>ὑποϐιϐάζεις</span> <span class='ocrx_word' id='word_1_175' title='bbox 2046 1459 2110 1515; x_wconf 87' lang='grc' dir='ltr'>τὸ</span> <span class='ocrx_word' id='word_1_176' title='bbox 2135 1458 2589 1536; x_wconf 77' lang='grc' dir='ltr'>προηγησάμενον</span> <span class='ocrx_word' id='word_1_177' title='bbox 2626 1455 2812 1531; x_wconf 79' lang='grc' dir='ltr'>μέλαν.</span> 
     </span>
    </p>
   </div>
   <div class='ocr_carea' id='block_1_27' title="bbox 484 1560 2066 1643">
    <p class='ocr_par' dir='ltr' id='par_1_27' title="bbox 484 1560 2066 1643">
     <span class='ocr_line' id='line_1_27' title="bbox 484 1560 2066 1643; baseline 0.003 -26"><span class='ocrx_word' id='word_1_178' title='bbox 484 1563 579 1638; x_wconf 83' lang='grc' dir='ltr'>ρθ¹.</span> <span class='ocrx_word' id='word_1_179' title='bbox 640 1563 1100 1638; x_wconf 81' lang='grc' dir='ltr'>Ηροσεπιτούτοις</span> <span class='ocrx_word' id='word_1_180' title='bbox 1156 1560 1429 1620; x_wconf 74' lang='grc' dir='ltr'>ἀναϐαίνω</span> <span class='ocrx_word' id='word_1_181' title='bbox 1500 1564 1865 1639; x_wconf 82' lang='grc' dir='ltr'>ἐπελευστικῷ</span> <span class='ocrx_word' id='word_1_182' title='bbox 1916 1565 2066 1643; x_wconf 89' lang='grc' dir='ltr'>λόγῳ</span> 
     </span>
    </p>
   </div>
   <div class='ocr_carea' id='block_1_28' title="bbox 403 1650 2063 1729">
    <p class='ocr_par' dir='ltr' id='par_1_28' title="bbox 403 1650 2063 1729">
     <span class='ocr_line' id='line_1_28' title="bbox 403 1650 2063 1729; baseline 0.003 -23"><span class='ocrx_word' id='word_1_183' title='bbox 403 1652 500 1706; x_wconf 83' lang='grc' dir='ltr'>καὶ</span> <span class='ocrx_word' id='word_1_184' title='bbox 531 1650 608 1716; x_wconf 88' lang='grc' dir='ltr'>είς</span> <span class='ocrx_word' id='word_1_185' title='bbox 634 1652 703 1707; x_wconf 79' lang='grc' dir='ltr'>τὰ</span> <span class='ocrx_word' id='word_1_186' title='bbox 739 1659 839 1722; x_wconf 88' lang='grc' dir='ltr'>τῆς</span> <span class='ocrx_word' id='word_1_187' title='bbox 895 1652 1037 1716; x_wconf 88' lang='grc' dir='ltr'>θείας</span> <span class='ocrx_word' id='word_1_188' title='bbox 1094 1651 1304 1725; x_wconf 75' lang='grc' dir='ltr'>ἐκείνης</span> <span class='ocrx_word' id='word_1_189' title='bbox 1342 1662 1544 1725; x_wconf 80' lang='grc' dir='ltr'>σκηνῆς</span> <span class='ocrx_word' id='word_1_190' title='bbox 1600 1656 1922 1729; x_wconf 84' lang='grc' dir='ltr'>τυπώματα,</span> <span class='ocrx_word' id='word_1_191' title='bbox 1980 1659 2063 1719; x_wconf 84' lang='grc' dir='ltr'>οἷς</span> 
     </span>
    </p>
   </div>
   <div class='ocr_carea' id='block_1_29' title="bbox 407 1737 2064 1818">
    <p class='ocr_par' dir='ltr' id='par_1_29' title="bbox 407 1737 2064 1818">
     <span class='ocr_line' id='line_1_29' title="bbox 407 1737 2064 1818; baseline 0.003 -23"><span class='ocrx_word' id='word_1_192' title='bbox 407 1737 545 1817; x_wconf 81' lang='grc' dir='ltr'>δίχα</span> <span class='ocrx_word' id='word_1_193' title='bbox 572 1761 634 1817; x_wconf 89' lang='grc' dir='ltr'>γε</span> <span class='ocrx_word' id='word_1_194' title='bbox 671 1744 770 1796; x_wconf 89' lang='grc' dir='ltr'>τοῦ</span> <span class='ocrx_word' id='word_1_195' title='bbox 820 1740 1209 1818; x_wconf 76' lang='grc' dir='ltr'>ἀρχιερατικοῦ</span> <span class='ocrx_word' id='word_1_196' title='bbox 1256 1741 1575 1807; x_wconf 78' lang='grc' dir='ltr'>πολυτελῶς</span> <span class='ocrx_word' id='word_1_197' title='bbox 1630 1743 1919 1800; x_wconf 85' lang='grc' dir='ltr'>ποικιλτοῦ</span> <span class='ocrx_word' id='word_1_198' title='bbox 1968 1766 2064 1800; x_wconf 91' lang='grc' dir='ltr'>πε-</span> 
     </span>
    </p>
   </div>
   <div class='ocr_carea' id='block_1_30' title="bbox 404 1823 2066 1906">
    <p class='ocr_par' dir='ltr' id='par_1_30' title="bbox 404 1823 2066 1906">
     <span class='ocr_line' id='line_1_30' title="bbox 404 1823 2066 1906; baseline 0.004 -24"><span class='ocrx_word' id='word_1_199' title='bbox 404 1823 761 1904; x_wconf 73' lang='grc' dir='ltr'>ριϐλήματος</span> <span class='ocrx_word' id='word_1_200' title='bbox 827 1829 915 1886; x_wconf 78' lang='grc' dir='ltr'>καὶ</span> <span class='ocrx_word' id='word_1_201' title='bbox 999 1831 1062 1886; x_wconf 89' lang='grc' dir='ltr'>τὸ</span> <span class='ocrx_word' id='word_1_202' title='bbox 1149 1829 1503 1906; x_wconf 81' lang='grc' dir='ltr'>ἐρυθρόδανον</span> <span class='ocrx_word' id='word_1_203' title='bbox 1577 1829 1940 1889; x_wconf 78' lang='grc' dir='ltr'>συνεϐάλλετό</span> <span class='ocrx_word' id='word_1_204' title='bbox 2010 1856 2066 1889; x_wconf 88' lang='grc' dir='ltr'>τι</span> 
     </span>
    </p>
   </div>
   <div class='ocr_carea' id='block_1_31' title="bbox 402 1915 2143 2011">
    <p class='ocr_par' dir='ltr' id='par_1_31' title="bbox 402 1915 2143 2011">
     <span class='ocr_line' id='line_1_31' title="bbox 402 1915 2143 2011; baseline 0.003 -38"><span class='ocrx_word' id='word_1_205' title='bbox 402 1915 839 2011; x_wconf 84' lang='grc' dir='ltr'>καλλωπισμοῦ,</span> <span class='ocrx_word' id='word_1_206' title='bbox 861 1919 951 1976; x_wconf 82' lang='grc' dir='ltr'>καὶ</span> <span class='ocrx_word' id='word_1_207' title='bbox 983 1920 1154 2011; x_wconf 70' lang='grc' dir='ltr'>ὁπόσα</span> <span class='ocrx_word' id='word_1_208' title='bbox 1184 1917 1241 1976; x_wconf 75' lang='grc' dir='ltr'><strong>δὶ</strong></span> <span class='ocrx_word' id='word_1_209' title='bbox 1269 1918 1414 1976; x_wconf 73' lang='grc' dir='ltr'>ἄλλα</span> <span class='ocrx_word' id='word_1_210' title='bbox 1461 1922 1554 1976; x_wconf 86' lang='grc' dir='ltr'>τὸν</span> <span class='ocrx_word' id='word_1_211' title='bbox 1613 1921 1759 2011; x_wconf 62' lang='grc' dir='ltr'>ἱερὸν</span> <span class='ocrx_word' id='word_1_212' title='bbox 1813 1922 2066 1999; x_wconf 87' lang='grc' dir='ltr'>συνεκρό-</span> <span class='ocrx_word' id='word_1_213' title='bbox 2094 1945 2143 2011; x_wconf 81' lang='grc' dir='ltr'><strong>Β</strong></span> 
     </span>
    </p>
   </div>
   <div class='ocr_carea' id='block_1_32' title="bbox 398 2007 2066 2090">
    <p class='ocr_par' dir='ltr' id='par_1_32' title="bbox 398 2007 2066 2090">
     <span class='ocr_line' id='line_1_32' title="bbox 398 2007 2066 2090; baseline 0.003 -28"><span class='ocrx_word' id='word_1_214' title='bbox 398 2028 489 2063; x_wconf 89' lang='grc' dir='ltr'>τει</span> <span class='ocrx_word' id='word_1_215' title='bbox 544 2008 773 2082; x_wconf 85' lang='grc' dir='ltr'>κόσμον,</span> <span class='ocrx_word' id='word_1_216' title='bbox 802 2010 1025 2086; x_wconf 85' lang='grc' dir='ltr'>χροίαις</span> <span class='ocrx_word' id='word_1_217' title='bbox 1080 2007 1361 2089; x_wconf 75' lang='grc' dir='ltr'>διαφόροις</span> <span class='ocrx_word' id='word_1_218' title='bbox 1417 2010 1814 2090; x_wconf 69' lang='grc' dir='ltr'>προφαίνονταο</span> <span class='ocrx_word' id='word_1_219' title='bbox 1873 2011 1925 2066; x_wconf 79' lang='grc' dir='ltr'>ἐν</span> <span class='ocrx_word' id='word_1_220' title='bbox 1982 2015 2066 2075; x_wconf 83' lang='grc' dir='ltr'>οἷς</span> 
     </span>
    </p>
   </div>
   <div class='ocr_carea' id='block_1_33' title="bbox 398 2097 2060 2177">
    <p class='ocr_par' dir='ltr' id='par_1_33' title="bbox 398 2097 2060 2177">
     <span class='ocr_line' id='line_1_33' title="bbox 398 2097 2060 2177; baseline 0.002 -25"><span class='ocrx_word' id='word_1_221' title='bbox 398 2097 700 2175; x_wconf 84' lang='grc' dir='ltr'>ἀναθεωρῶ</span> <span class='ocrx_word' id='word_1_222' title='bbox 736 2098 827 2154; x_wconf 88' lang='grc' dir='ltr'>καὶ</span> <span class='ocrx_word' id='word_1_223' title='bbox 884 2098 1100 2171; x_wconf 78' lang='grc' dir='ltr'>τιμίους</span> <span class='ocrx_word' id='word_1_224' title='bbox 1160 2097 1346 2162; x_wconf 78' lang='grc' dir='ltr'>λίθους</span> <span class='ocrx_word' id='word_1_225' title='bbox 1402 2098 1753 2177; x_wconf 88' lang='grc' dir='ltr'>πολυχρόους</span> <span class='ocrx_word' id='word_1_226' title='bbox 1807 2099 2060 2172; x_wconf 80' lang='grc' dir='ltr'>ἐκείνους,</span> 
     </span>
    </p>
   </div>
   <div class='ocr_carea' id='block_1_34' title="bbox 402 2185 2060 2265">
    <p class='ocr_par' dir='ltr' id='par_1_34' title="bbox 402 2185 2060 2265">
     <span class='ocr_line' id='line_1_34' title="bbox 402 2185 2060 2265; baseline 0.004 -24"><span class='ocrx_word' id='word_1_227' title='bbox 402 2188 483 2241; x_wconf 84' lang='grc' dir='ltr'>ὧν</span> <span class='ocrx_word' id='word_1_228' title='bbox 544 2186 645 2242; x_wconf 80' lang='grc' dir='ltr'>οὐκ</span> <span class='ocrx_word' id='word_1_229' title='bbox 700 2185 819 2242; x_wconf 71' lang='grc' dir='ltr'>οἶδα</span> <span class='ocrx_word' id='word_1_230' title='bbox 876 2185 931 2242; x_wconf 79' lang='grc' dir='ltr'>εἷ’</span> <span class='ocrx_word' id='word_1_231' title='bbox 977 2208 1062 2249; x_wconf 88' lang='grc' dir='ltr'>τις</span> <span class='ocrx_word' id='word_1_232' title='bbox 1144 2186 1212 2257; x_wconf 76' lang='grc' dir='ltr'>ἦν</span> <span class='ocrx_word' id='word_1_233' title='bbox 1297 2187 1642 2264; x_wconf 77' lang='grc' dir='ltr'>μελαναυγής</span> <span class='ocrx_word' id='word_1_234' title='bbox 1696 2189 1748 2252; x_wconf 81' lang='grc' dir='ltr'>ἐς</span> <span class='ocrx_word' id='word_1_235' title='bbox 1808 2187 2060 2265; x_wconf 74' lang='grc' dir='ltr'>ἄκρατον.</span> 
     </span>
    </p>
   </div>
   <div class='ocr_carea' id='block_1_35' title="bbox 400 2272 2058 2355">
    <p class='ocr_par' dir='ltr' id='par_1_35' title="bbox 400 2272 2058 2355">
     <span class='ocr_line' id='line_1_35' title="bbox 400 2272 2058 2355; baseline 0.002 -23"><span class='ocrx_word' id='word_1_236' title='bbox 400 2275 673 2348; x_wconf 77' lang='grc' dir='ltr'>’Δκοόεις,</span> <span class='ocrx_word' id='word_1_237' title='bbox 703 2273 811 2348; x_wconf 75' lang='grc' dir='ltr'>ἤδη</span> <span class='ocrx_word' id='word_1_238' title='bbox 846 2272 903 2332; x_wconf 73' lang='grc' dir='ltr'>δὲ</span> <span class='ocrx_word' id='word_1_239' title='bbox 928 2276 1018 2332; x_wconf 85' lang='grc' dir='ltr'>καὶ</span> <span class='ocrx_word' id='word_1_240' title='bbox 1068 2274 1243 2348; x_wconf 82' lang='grc' dir='ltr'>οιδας,</span> <span class='ocrx_word' id='word_1_241' title='bbox 1277 2278 1354 2342; x_wconf 87' lang='grc' dir='ltr'>ὡς</span> <span class='ocrx_word' id='word_1_242' title='bbox 1405 2276 1456 2333; x_wconf 80' lang='grc' dir='ltr'>έν</span> <span class='ocrx_word' id='word_1_243' title='bbox 1520 2278 1624 2354; x_wconf 86' lang='grc' dir='ltr'>βίῳ</span> <span class='ocrx_word' id='word_1_244' title='bbox 1675 2280 2058 2355; x_wconf 83' lang='grc' dir='ltr'>στρεφόμενος,</span> 
     </span>
    </p>
   </div>
   <div class='ocr_carea' id='block_1_36' title="bbox 401 2361 2062 2445">
    <p class='ocr_par' dir='ltr' id='par_1_36' title="bbox 401 2361 2062 2445">
     <span class='ocr_line' id='line_1_36' title="bbox 401 2361 2062 2445; baseline 0.003 -26"><span class='ocrx_word' id='word_1_245' title='bbox 401 2361 567 2420; x_wconf 85' lang='grc' dir='ltr'>λίθον</span> <span class='ocrx_word' id='word_1_246' title='bbox 597 2363 854 2441; x_wconf 77' lang='grc' dir='ltr'>ἄνθρακα,</span> <span class='ocrx_word' id='word_1_247' title='bbox 888 2365 947 2428; x_wconf 81' lang='grc' dir='ltr'>’ὀς</span> <span class='ocrx_word' id='word_1_248' title='bbox 1004 2367 1075 2438; x_wconf 73' lang='grc' dir='ltr'>τῇ</span> <span class='ocrx_word' id='word_1_249' title='bbox 1111 2366 1247 2443; x_wconf 88' lang='grc' dir='ltr'>πρὸς</span> <span class='ocrx_word' id='word_1_250' title='bbox 1308 2365 1595 2445; x_wconf 75' lang='grc' dir='ltr'>ἐμφέρειαν</span> <span class='ocrx_word' id='word_1_251' title='bbox 1649 2368 1943 2442; x_wconf 83' lang='grc' dir='ltr'>ὁμωνυμίᾳ</span> <span class='ocrx_word' id='word_1_252' title='bbox 1999 2368 2062 2424; x_wconf 79' lang='grc' dir='ltr'>οὐ</span> 
     </span>
    </p>
   </div>
   <div class='ocr_carea' id='block_1_37' title="bbox 399 2450 2059 2537">
    <p class='ocr_par' dir='ltr' id='par_1_37' title="bbox 399 2450 2059 2537">
     <span class='ocr_line' id='line_1_37' title="bbox 399 2450 2059 2537; baseline 0.003 -28"><span class='ocrx_word' id='word_1_253' title='bbox 399 2450 679 2537; x_wconf 75' lang='grc' dir='ltr'>ψεύδεται.</span> <span class='ocrx_word' id='word_1_254' title='bbox 712 2451 960 2528; x_wconf 75' lang='grc' dir='ltr'>Τοῦνομα</span> <span class='ocrx_word' id='word_1_255' title='bbox 1011 2452 1198 2532; x_wconf 82' lang='grc' dir='ltr'>ἔγνως.</span> <span class='ocrx_word' id='word_1_256' title='bbox 1260 2456 1364 2512; x_wconf 85' lang='grc' dir='ltr'>Καὶ</span> <span class='ocrx_word' id='word_1_257' title='bbox 1421 2456 1738 2532; x_wconf 76' lang='grc' dir='ltr'>σάπφειρον,</span> <span class='ocrx_word' id='word_1_258' title='bbox 1794 2455 1910 2513; x_wconf 81' lang='grc' dir='ltr'>οὐδ’</span> <span class='ocrx_word' id='word_1_259' title='bbox 1961 2459 2059 2514; x_wconf 79' lang='grc' dir='ltr'>αὖ·</span> 
     </span>
    </p>
   </div>
   <div class='ocr_carea' id='block_1_38' title="bbox 395 2539 2061 2623">
    <p class='ocr_par' dir='ltr' id='par_1_38' title="bbox 395 2539 2061 2623">
     <span class='ocr_line' id='line_1_38' title="bbox 395 2539 2061 2623; baseline 0.004 -26"><span class='ocrx_word' id='word_1_260' title='bbox 395 2543 496 2598; x_wconf 85' lang='grc' dir='ltr'>τὸν</span> <span class='ocrx_word' id='word_1_261' title='bbox 554 2542 803 2620; x_wconf 77' lang='grc' dir='ltr'>ἀμαυροῦ</span> <span class='ocrx_word' id='word_1_262' title='bbox 864 2545 1164 2620; x_wconf 84' lang='grc' dir='ltr'>χρώματος</span> <span class='ocrx_word' id='word_1_263' title='bbox 1218 2539 1366 2615; x_wconf 74' lang='grc' dir='ltr'>ὅντα,</span> <span class='ocrx_word' id='word_1_264' title='bbox 1392 2546 1496 2600; x_wconf 81' lang='grc' dir='ltr'>οὐκ</span> <span class='ocrx_word' id='word_1_265' title='bbox 1552 2546 1782 2623; x_wconf 74' lang='grc' dir='ltr'>ἀγνοεῖς⁸</span> <span class='ocrx_word' id='word_1_266' title='bbox 1818 2544 1946 2602; x_wconf 70' lang='grc' dir='ltr'>οὐδὲ</span> <span class='ocrx_word' id='word_1_267' title='bbox 1998 2548 2061 2603; x_wconf 85' lang='grc' dir='ltr'>τὸ</span> 
     </span>
    </p>
   </div>
   <div class='ocr_carea' id='block_1_39' title="bbox 399 2629 2059 2710">
    <p class='ocr_par' dir='ltr' id='par_1_39' title="bbox 399 2629 2059 2710">
     <span class='ocr_line' id='line_1_39' title="bbox 399 2629 2059 2710; baseline 0.002 -23"><span class='ocrx_word' id='word_1_268' title='bbox 399 2629 677 2709; x_wconf 78' lang='grc' dir='ltr'>λιγύριον,</span> <span class='ocrx_word' id='word_1_269' title='bbox 726 2629 832 2702; x_wconf 76' lang='grc' dir='ltr'>ἡδὺ</span> <span class='ocrx_word' id='word_1_270' title='bbox 908 2632 1002 2706; x_wconf 75' lang='grc' dir='ltr'>μὲν</span> <span class='ocrx_word' id='word_1_271' title='bbox 1062 2634 1183 2700; x_wconf 40' lang='grc' dir='ltr'>οἷον,</span> <span class='ocrx_word' id='word_1_272' title='bbox 1236 2630 1608 2707; x_wconf 84' lang='grc' dir='ltr'>προσμειδιῶν</span> <span class='ocrx_word' id='word_1_273' title='bbox 1662 2639 1780 2697; x_wconf 84' lang='grc' dir='ltr'>τοῖς</span> <span class='ocrx_word' id='word_1_274' title='bbox 1836 2629 2059 2710; x_wconf 86' lang='grc' dir='ltr'>ὁρῶσιν,</span> 
     </span>
    </p>
   </div>
   <div class='ocr_carea' id='block_1_40' title="bbox 396 2719 2059 2798">
    <p class='ocr_par' dir='ltr' id='par_1_40' title="bbox 396 2719 2059 2798">
     <span class='ocr_line' id='line_1_40' title="bbox 396 2719 2059 2798; baseline 0.002 -22"><span class='ocrx_word' id='word_1_275' title='bbox 396 2720 829 2794; x_wconf 83' lang='grc' dir='ltr'>ἀπαναινόμενον</span> <span class='ocrx_word' id='word_1_276' title='bbox 864 2719 922 2776; x_wconf 70' lang='grc' dir='ltr'>δὲ</span> <span class='ocrx_word' id='word_1_277' title='bbox 973 2723 1076 2792; x_wconf 75' lang='grc' dir='ltr'>τὴν</span> <span class='ocrx_word' id='word_1_278' title='bbox 1125 2720 1381 2797; x_wconf 86' lang='grc' dir='ltr'>μελανίαν</span> <span class='ocrx_word' id='word_1_279' title='bbox 1438 2722 1529 2778; x_wconf 86' lang='grc' dir='ltr'>καὶ</span> <span class='ocrx_word' id='word_1_280' title='bbox 1575 2719 1727 2781; x_wconf 73' lang='grc' dir='ltr'>αὐτό.</span> <span class='ocrx_word' id='word_1_281' title='bbox 1761 2724 1846 2781; x_wconf 86' lang='grc' dir='ltr'>Ἐν</span> <span class='ocrx_word' id='word_1_282' title='bbox 1902 2722 2059 2798; x_wconf 87' lang='grc' dir='ltr'>καλῷ</span> 
     </span>
    </p>
   </div>
   <div class='ocr_carea' id='block_1_41' title="bbox 396 2808 2060 2890">
    <p class='ocr_par' dir='ltr' id='par_1_41' title="bbox 396 2808 2060 2890">
     <span class='ocr_line' id='line_1_41' title="bbox 396 2808 2060 2890; baseline 0.004 -26"><span class='ocrx_word' id='word_1_283' title='bbox 396 2815 577 2865; x_wconf 85' lang='grc' dir='ltr'>κεῖται</span> <span class='ocrx_word' id='word_1_284' title='bbox 636 2808 811 2886; x_wconf 84' lang='grc' dir='ltr'>λόγου</span> <span class='ocrx_word' id='word_1_285' title='bbox 862 2816 980 2874; x_wconf 80' lang='grc' dir='ltr'>τοῖς</span> <span class='ocrx_word' id='word_1_286' title='bbox 1038 2811 1217 2887; x_wconf 86' lang='grc' dir='ltr'>ἁγίοις</span> <span class='ocrx_word' id='word_1_287' title='bbox 1269 2813 1504 2888; x_wconf 79' lang='grc' dir='ltr'>γράψασι</span> <span class='ocrx_word' id='word_1_288' title='bbox 1561 2812 1651 2867; x_wconf 87' lang='grc' dir='ltr'>καὶ</span> <span class='ocrx_word' id='word_1_289' title='bbox 1703 2814 1733 2868; x_wconf 92' lang='grc' dir='ltr'>ὁ</span> <span class='ocrx_word' id='word_1_290' title='bbox 1782 2814 2060 2890; x_wconf 84' lang='grc' dir='ltr'>πρασίζων</span> 
     </span>
    </p>
   </div>
   <div class='ocr_carea' id='block_1_42' title="bbox 401 2896 2056 2979">
    <p class='ocr_par' dir='ltr' id='par_1_42' title="bbox 401 2896 2056 2979">
     <span class='ocr_line' id='line_1_42' title="bbox 401 2896 2056 2979; baseline 0.002 -25"><span class='ocrx_word' id='word_1_291' title='bbox 401 2898 581 2970; x_wconf 81' lang='grc' dir='ltr'>λίθος,</span> <span class='ocrx_word' id='word_1_292' title='bbox 614 2899 675 2961; x_wconf 79' lang='grc' dir='ltr'>ὃς</span> <span class='ocrx_word' id='word_1_293' title='bbox 730 2896 799 2954; x_wconf 89' lang='grc' dir='ltr'>δι’</span> <span class='ocrx_word' id='word_1_294' title='bbox 830 2899 961 2956; x_wconf 79' lang='grc' dir='ltr'>αὐτὸ</span> <span class='ocrx_word' id='word_1_295' title='bbox 1013 2900 1105 2955; x_wconf 86' lang='grc' dir='ltr'>καὶ</span> <span class='ocrx_word' id='word_1_296' title='bbox 1163 2899 1425 2977; x_wconf 82' lang='grc' dir='ltr'>χλοάζειν</span> <span class='ocrx_word' id='word_1_297' title='bbox 1466 2899 1670 2977; x_wconf 78' lang='grc' dir='ltr'>λέγοιτ’</span> <span class='ocrx_word' id='word_1_298' title='bbox 1720 2899 1803 2959; x_wconf 78' lang='grc' dir='ltr'>ἄν.</span> <span class='ocrx_word' id='word_1_299' title='bbox 1838 2903 2056 2979; x_wconf 89' lang='grc' dir='ltr'>Ἀγαθοὶ</span> 
     </span>
    </p>
   </div>
   <div class='ocr_carea' id='block_1_43' title="bbox 2248 1561 3825 1625">
    <p class='ocr_par' dir='ltr' id='par_1_43' title="bbox 2248 1561 3825 1625">
     <span class='ocr_line' id='line_1_43' title="bbox 2248 1561 3825 1625; baseline -0.004 -2"><span class='ocrx_word' id='word_1_300' title='bbox 2248 1569 2369 1625; x_wconf 86' lang='grc'>109.</span> <span class='ocrx_word' id='word_1_301' title='bbox 2424 1571 2706 1622; x_wconf 79' lang='lat' dir='ltr'>Praeterea</span> <span class='ocrx_word' id='word_1_302' title='bbox 2759 1564 2967 1621; x_wconf 69' lang='lat' dir='ltr'>festino</span> <span class='ocrx_word' id='word_1_303' title='bbox 3017 1578 3290 1619; x_wconf 83' lang='lat' dir='ltr'>sermone</span> <span class='ocrx_word' id='word_1_304' title='bbox 3336 1561 3577 1618; x_wconf 90' lang='lat' dir='ltr'>devenio</span> <span class='ocrx_word' id='word_1_305' title='bbox 3634 1561 3706 1616; x_wconf 89' lang='lat' dir='ltr'>ad</span> <span class='ocrx_word' id='word_1_306' title='bbox 3758 1577 3825 1617; x_wconf 89' lang='lat' dir='ltr'>ea</span> 
     </span>
    </p>
   </div>
   <div class='ocr_carea' id='block_1_44' title="bbox 2176 1651 3822 1723">
    <p class='ocr_par' dir='ltr' id='par_1_44' title="bbox 2176 1651 3822 1723">
     <span class='ocr_line' id='line_1_44' title="bbox 2176 1651 3822 1723; baseline -0.005 -10"><span class='ocrx_word' id='word_1_307' title='bbox 2176 1673 2362 1713; x_wconf 80' lang='lat' dir='ltr'>scenas</span> <span class='ocrx_word' id='word_1_308' title='bbox 2380 1660 2593 1712; x_wconf 77' lang='lat' dir='ltr'>sanctas</span> <span class='ocrx_word' id='word_1_309' title='bbox 2611 1655 2975 1717; x_wconf 86' lang='lat' dir='ltr'>indumenta,</span> <span class='ocrx_word' id='word_1_310' title='bbox 2990 1652 3204 1723; x_wconf 88' lang='lat' dir='ltr'>quibus</span> <span class='ocrx_word' id='word_1_311' title='bbox 3227 1655 3290 1706; x_wconf 89' lang='lat' dir='ltr'>ut</span> <span class='ocrx_word' id='word_1_312' title='bbox 3311 1651 3581 1706; x_wconf 88' lang='lat' dir='ltr'>omittam</span> <span class='ocrx_word' id='word_1_313' title='bbox 3605 1654 3822 1705; x_wconf 86' lang='lat' dir='ltr'>vestem</span> 
     </span>
    </p>
   </div>
   <div class='ocr_carea' id='block_1_45' title="bbox 2174 1739 3823 1815">
    <p class='ocr_par' dir='ltr' id='par_1_45' title="bbox 2174 1739 3823 1815">
     <span class='ocr_line' id='line_1_45' title="bbox 2174 1739 3823 1815; baseline -0.005 -14"><span class='ocrx_word' id='word_1_314' title='bbox 2174 1745 2596 1802; x_wconf 84' lang='lat' dir='ltr'>bierarcbicam</span> <span class='ocrx_word' id='word_1_315' title='bbox 2611 1747 2668 1799; x_wconf 92' lang='lat' dir='ltr'>et</span> <span class='ocrx_word' id='word_1_316' title='bbox 2686 1742 2993 1815; x_wconf 82' lang='lat' dir='ltr'>magniﬁce</span> <span class='ocrx_word' id='word_1_317' title='bbox 3008 1739 3622 1810; x_wconf 88' lang='lat' dir='ltr'>distinctam,rubrum</span> <span class='ocrx_word' id='word_1_318' title='bbox 3645 1739 3823 1794; x_wconf 87' lang='lat' dir='ltr'>etiam</span> 
     </span>
    </p>
   </div>
   <div class='ocr_carea' id='block_1_46' title="bbox 2175 1826 3822 1907">
    <p class='ocr_par' dir='ltr' id='par_1_46' title="bbox 2175 1826 3822 1907">
     <span class='ocr_line' id='line_1_46' title="bbox 2175 1826 3822 1907; baseline -0.005 -17"><span class='ocrx_word' id='word_1_319' title='bbox 2175 1834 2410 1907; x_wconf 83' lang='lat' dir='ltr'>aliquod</span> <span class='ocrx_word' id='word_1_320' title='bbox 2441 1835 2621 1890; x_wconf 87' lang='lat' dir='ltr'>decus</span> <span class='ocrx_word' id='word_1_321' title='bbox 2669 1832 2940 1899; x_wconf 83' lang='lat' dir='ltr'>addebat,</span> <span class='ocrx_word' id='word_1_322' title='bbox 2991 1835 3163 1902; x_wconf 85' lang='lat' dir='ltr'>atque</span> <span class='ocrx_word' id='word_1_323' title='bbox 3209 1830 3280 1886; x_wconf 88' lang='lat' dir='ltr'>ad</span> <span class='ocrx_word' id='word_1_324' title='bbox 3326 1828 3554 1900; x_wconf 87' lang='lat' dir='ltr'>reliqua</span> <span class='ocrx_word' id='word_1_325' title='bbox 3595 1826 3822 1884; x_wconf 80' lang='lat' dir='ltr'>cultum</span> 
     </span>
    </p>
   </div>
   <div class='ocr_carea' id='block_1_47' title="bbox 2174 1916 3817 1988">
    <p class='ocr_par' dir='ltr' id='par_1_47' title="bbox 2174 1916 3817 1988">
     <span class='ocr_line' id='line_1_47' title="bbox 2174 1916 3817 1988; baseline -0.005 -10"><span class='ocrx_word' id='word_1_326' title='bbox 2174 1939 2409 1979; x_wconf 90' lang='lat' dir='ltr'>sacrum</span> <span class='ocrx_word' id='word_1_327' title='bbox 2441 1921 2830 1986; x_wconf 82' lang='lat' dir='ltr'>conﬁcientia,</span> <span class='ocrx_word' id='word_1_328' title='bbox 2863 1925 2921 1975; x_wconf 90' lang='lat' dir='ltr'>et</span> <span class='ocrx_word' id='word_1_329' title='bbox 2966 1918 3260 1975; x_wconf 89' lang='lat' dir='ltr'>coloribus</span> <span class='ocrx_word' id='word_1_330' title='bbox 3305 1917 3483 1974; x_wconf 88' lang='lat' dir='ltr'>variis</span> <span class='ocrx_word' id='word_1_331' title='bbox 3512 1916 3817 1988; x_wconf 90' lang='lat' dir='ltr'>insignita.</span> 
     </span>
    </p>
   </div>
   <div class='ocr_carea' id='block_1_48' title="bbox 2172 2005 3816 2084">
    <p class='ocr_par' dir='ltr' id='par_1_48' title="bbox 2172 2005 3816 2084">
     <span class='ocr_line' id='line_1_48' title="bbox 2172 2005 3816 2084; baseline -0.005 -16"><span class='ocrx_word' id='word_1_332' title='bbox 2172 2016 2331 2068; x_wconf 88' lang='lat' dir='ltr'>Inter</span> <span class='ocrx_word' id='word_1_333' title='bbox 2359 2028 2427 2067; x_wconf 89' lang='lat' dir='ltr'>ea</span> <span class='ocrx_word' id='word_1_334' title='bbox 2456 2010 2681 2084; x_wconf 86' lang='lat' dir='ltr'>lapides</span> <span class='ocrx_word' id='word_1_335' title='bbox 2721 2008 2942 2082; x_wconf 79' lang='lat' dir='ltr'>aspicio</span> <span class='ocrx_word' id='word_1_336' title='bbox 2989 2008 3280 2080; x_wconf 89' lang='lat' dir='ltr'>pretiosos</span> <span class='ocrx_word' id='word_1_337' title='bbox 3308 2010 3366 2063; x_wconf 91' lang='lat' dir='ltr'>et</span> <span class='ocrx_word' id='word_1_338' title='bbox 3396 2005 3816 2072; x_wconf 86' lang='lat' dir='ltr'>multicolores,</span> 
     </span>
    </p>
   </div>
   <div class='ocr_carea' id='block_1_49' title="bbox 2174 2095 3816 2173">
    <p class='ocr_par' dir='ltr' id='par_1_49' title="bbox 2174 2095 3816 2173">
     <span class='ocr_line' id='line_1_49' title="bbox 2174 2095 3816 2173; baseline -0.005 -18"><span class='ocrx_word' id='word_1_339' title='bbox 2174 2100 2275 2173; x_wconf 89' lang='lat' dir='ltr'>qui</span> <span class='ocrx_word' id='word_1_340' title='bbox 2341 2118 2416 2157; x_wconf 90' lang='lat' dir='ltr'>an</span> <span class='ocrx_word' id='word_1_341' title='bbox 2482 2100 2734 2172; x_wconf 83' lang='lat' dir='ltr'>perfecta</span> <span class='ocrx_word' id='word_1_342' title='bbox 2806 2096 3039 2170; x_wconf 80' lang='lat' dir='ltr'>nigritie</span> <span class='ocrx_word' id='word_1_343' title='bbox 3112 2096 3526 2168; x_wconf 79' lang='lat' dir='ltr'>resplendeant</span> <span class='ocrx_word' id='word_1_344' title='bbox 3599 2095 3816 2151; x_wconf 88' lang='lat' dir='ltr'>nescio.</span> 
     </span>
    </p>
   </div>
   <div class='ocr_carea' id='block_1_50' title="bbox 2172 2181 3816 2258">
    <p class='ocr_par' dir='ltr' id='par_1_50' title="bbox 2172 2181 3816 2258">
     <span class='ocr_line' id='line_1_50' title="bbox 2172 2181 3816 2258; baseline -0.004 -15"><span class='ocrx_word' id='word_1_345' title='bbox 2172 2190 2357 2246; x_wconf 83' lang='lat' dir='ltr'>Audis</span> <span class='ocrx_word' id='word_1_346' title='bbox 2386 2193 2442 2247; x_wconf 91' lang='lat' dir='ltr'>et</span> <span class='ocrx_word' id='word_1_347' title='bbox 2471 2189 2626 2245; x_wconf 89' lang='lat' dir='ltr'>nosti</span> <span class='ocrx_word' id='word_1_348' title='bbox 2656 2187 2854 2258; x_wconf 84' lang='lat' dir='ltr'>etiam,</span> <span class='ocrx_word' id='word_1_349' title='bbox 2888 2186 3055 2258; x_wconf 89' lang='lat' dir='ltr'>quasi</span> <span class='ocrx_word' id='word_1_350' title='bbox 3081 2185 3277 2241; x_wconf 86' lang='lat' dir='ltr'>vivens</span> <span class='ocrx_word' id='word_1_351' title='bbox 3322 2184 3381 2240; x_wconf 93' lang='lat' dir='ltr'>in</span> <span class='ocrx_word' id='word_1_352' title='bbox 3413 2181 3646 2254; x_wconf 69' lang='lat' dir='ltr'>seculo,</span> <span class='ocrx_word' id='word_1_353' title='bbox 3668 2181 3816 2255; x_wconf 89' lang='lat' dir='ltr'>lapi-</span> 
     </span>
    </p>
   </div>
   <div class='ocr_carea' id='block_1_51' title="bbox 2171 2270 3819 2347">
    <p class='ocr_par' dir='ltr' id='par_1_51' title="bbox 2171 2270 3819 2347">
     <span class='ocr_line' id='line_1_51' title="bbox 2171 2270 3819 2347; baseline -0.004 -13"><span class='ocrx_word' id='word_1_354' title='bbox 2171 2279 2306 2335; x_wconf 91' lang='lat' dir='ltr'>dem</span> <span class='ocrx_word' id='word_1_355' title='bbox 2360 2276 2803 2345; x_wconf 86' lang='lat' dir='ltr'>carbunculum,</span> <span class='ocrx_word' id='word_1_356' title='bbox 2844 2276 3013 2347; x_wconf 87' lang='lat' dir='ltr'>cujus</span> <span class='ocrx_word' id='word_1_357' title='bbox 3059 2291 3271 2332; x_wconf 90' lang='lat' dir='ltr'>nomen</span> <span class='ocrx_word' id='word_1_358' title='bbox 3321 2289 3391 2329; x_wconf 86' lang='lat' dir='ltr'><strong>ex</strong></span> <span class='ocrx_word' id='word_1_359' title='bbox 3432 2270 3819 2329; x_wconf 84' lang='lat' dir='ltr'>similitudine</span> 
     </span>
    </p>
   </div>
   <div class='ocr_carea' id='block_1_52' title="bbox 2170 2360 3819 2436">
    <p class='ocr_par' dir='ltr' id='par_1_52' title="bbox 2170 2360 3819 2436">
     <span class='ocr_line' id='line_1_52' title="bbox 2170 2360 3819 2436; baseline -0.005 -12"><span class='ocrx_word' id='word_1_360' title='bbox 2170 2368 2409 2424; x_wconf 88' lang='lat' dir='ltr'>ductum</span> <span class='ocrx_word' id='word_1_361' title='bbox 2458 2384 2576 2424; x_wconf 89' lang='lat' dir='ltr'>non</span> <span class='ocrx_word' id='word_1_362' title='bbox 2626 2364 2791 2423; x_wconf 88' lang='lat' dir='ltr'>fallit.</span> <span class='ocrx_word' id='word_1_363' title='bbox 2843 2365 3065 2421; x_wconf 89' lang='lat' dir='ltr'>Nomen</span> <span class='ocrx_word' id='word_1_364' title='bbox 3114 2362 3462 2436; x_wconf 76' lang='lat' dir='ltr'>cognovisti.</span> <span class='ocrx_word' id='word_1_365' title='bbox 3500 2360 3819 2435; x_wconf 86' lang='lat' dir='ltr'>Saphirum</span> 
     </span>
    </p>
   </div>
   <div class='ocr_carea' id='block_1_53' title="bbox 2169 2452 3818 2525">
    <p class='ocr_par' dir='ltr' id='par_1_53' title="bbox 2169 2452 3818 2525">
     <span class='ocr_line' id='line_1_53' title="bbox 2169 2452 3818 2525; baseline -0.004 -13"><span class='ocrx_word' id='word_1_366' title='bbox 2169 2458 2345 2513; x_wconf 89' lang='lat' dir='ltr'>etiam</span> <span class='ocrx_word' id='word_1_367' title='bbox 2370 2457 2621 2514; x_wconf 88' lang='lat' dir='ltr'>obscuro</span> <span class='ocrx_word' id='word_1_368' title='bbox 2672 2454 2864 2512; x_wconf 89' lang='lat' dir='ltr'>colore</span> <span class='ocrx_word' id='word_1_369' title='bbox 2910 2471 3024 2511; x_wconf 89' lang='lat' dir='ltr'>non</span> <span class='ocrx_word' id='word_1_370' title='bbox 3069 2453 3342 2509; x_wconf 88' lang='lat' dir='ltr'>vestitum</span> <span class='ocrx_word' id='word_1_371' title='bbox 3393 2469 3509 2509; x_wconf 91' lang='lat' dir='ltr'>non</span> <span class='ocrx_word' id='word_1_372' title='bbox 3540 2452 3818 2525; x_wconf 86' lang='lat' dir='ltr'>ignoras;</span> 
     </span>
    </p>
   </div>
   <div class='ocr_carea' id='block_1_54' title="bbox 2169 2538 3822 2620">
    <p class='ocr_par' dir='ltr' id='par_1_54' title="bbox 2169 2538 3822 2620">
     <span class='ocr_line' id='line_1_54' title="bbox 2169 2538 3822 2620; baseline -0.005 -18"><span class='ocrx_word' id='word_1_373' title='bbox 2169 2563 2358 2619; x_wconf 91' lang='lat' dir='ltr'>neque</span> <span class='ocrx_word' id='word_1_374' title='bbox 2414 2545 2695 2620; x_wconf 85' lang='lat' dir='ltr'>ligurium</span> <span class='ocrx_word' id='word_1_375' title='bbox 2744 2542 3021 2616; x_wconf 86' lang='lat' dir='ltr'>lapidem,</span> <span class='ocrx_word' id='word_1_376' title='bbox 3074 2541 3175 2615; x_wconf 91' lang='lat' dir='ltr'>qui</span> <span class='ocrx_word' id='word_1_377' title='bbox 3232 2540 3603 2597; x_wconf 89' lang='lat' dir='ltr'>intuentibus</span> <span class='ocrx_word' id='word_1_378' title='bbox 3649 2538 3822 2595; x_wconf 91' lang='lat' dir='ltr'>dulce</span> 
     </span>
    </p>
   </div>
   <div class='ocr_carea' id='block_1_55' title="bbox 2169 2627 3819 2708">
    <p class='ocr_par' dir='ltr' id='par_1_55' title="bbox 2169 2627 3819 2708">
     <span class='ocr_line' id='line_1_55' title="bbox 2169 2627 3819 2708; baseline -0.006 -15"><span class='ocrx_word' id='word_1_379' title='bbox 2169 2634 2456 2707; x_wconf 88' lang='lat' dir='ltr'>subridet,</span> <span class='ocrx_word' id='word_1_380' title='bbox 2482 2639 2542 2692; x_wconf 93' lang='lat' dir='ltr'>et</span> <span class='ocrx_word' id='word_1_381' title='bbox 2572 2632 2867 2708; x_wconf 84' lang='lat' dir='ltr'>nigritiem</span> <span class='ocrx_word' id='word_1_382' title='bbox 2918 2631 3244 2688; x_wconf 89' lang='lat' dir='ltr'>abscondit.</span> <span class='ocrx_word' id='word_1_383' title='bbox 3296 2628 3546 2687; x_wconf 89' lang='lat' dir='ltr'>Pulchra</span> <span class='ocrx_word' id='word_1_384' title='bbox 3575 2646 3609 2686; x_wconf 74' lang='grc' dir='ltr'>ι</span> <span class='ocrx_word' id='word_1_385' title='bbox 3634 2627 3819 2685; x_wconf 88' lang='lat' dir='ltr'>sacris</span> 
     </span>
    </p>
   </div>
   <div class='ocr_carea' id='block_1_56' title="bbox 2167 2718 3815 2796">
    <p class='ocr_par' dir='ltr' id='par_1_56' title="bbox 2167 2718 3815 2796">
     <span class='ocr_line' id='line_1_56' title="bbox 2167 2718 3815 2796; baseline -0.005 -15"><span class='ocrx_word' id='word_1_386' title='bbox 2167 2725 2507 2782; x_wconf 85' lang='lat' dir='ltr'>auctoribus</span> <span class='ocrx_word' id='word_1_387' title='bbox 2537 2724 2608 2781; x_wconf 89' lang='lat' dir='ltr'>de</span> <span class='ocrx_word' id='word_1_388' title='bbox 2636 2722 2831 2796; x_wconf 88' lang='lat' dir='ltr'>lapide</span> <span class='ocrx_word' id='word_1_389' title='bbox 2876 2736 3208 2794; x_wconf 85' lang='lat' dir='ltr'>porreaceo,</span> <span class='ocrx_word' id='word_1_390' title='bbox 3240 2718 3342 2793; x_wconf 91' lang='lat' dir='ltr'>qui</span> <span class='ocrx_word' id='word_1_391' title='bbox 3371 2720 3443 2776; x_wconf 92' lang='lat' dir='ltr'>ob</span> <span class='ocrx_word' id='word_1_392' title='bbox 3477 2718 3627 2775; x_wconf 84' lang='lat' dir='ltr'>hanc</span> <span class='ocrx_word' id='word_1_393' title='bbox 3676 2734 3815 2774; x_wconf 85' lang='lat' dir='ltr'>cau-</span> 
     </span>
    </p>
   </div>
   <div class='ocr_carea' id='block_1_57' title="bbox 2167 2806 3817 2882">
    <p class='ocr_par' dir='ltr' id='par_1_57' title="bbox 2167 2806 3817 2882">
     <span class='ocr_line' id='line_1_57' title="bbox 2167 2806 3817 2882; baseline -0.005 -12"><span class='ocrx_word' id='word_1_394' title='bbox 2167 2830 2294 2870; x_wconf 88' lang='lat' dir='ltr'>sam</span> <span class='ocrx_word' id='word_1_395' title='bbox 2324 2814 2610 2871; x_wconf 89' lang='lat' dir='ltr'>virescere</span> <span class='ocrx_word' id='word_1_396' title='bbox 2657 2816 2810 2870; x_wconf 89' lang='lat' dir='ltr'>recte</span> <span class='ocrx_word' id='word_1_397' title='bbox 2860 2809 3138 2867; x_wconf 88' lang='lat' dir='ltr'>creditur.</span> <span class='ocrx_word' id='word_1_398' title='bbox 3170 2808 3413 2882; x_wconf 87' lang='lat' dir='ltr'>Egregie</span> <span class='ocrx_word' id='word_1_399' title='bbox 3461 2807 3651 2865; x_wconf 89' lang='lat' dir='ltr'>colore</span> <span class='ocrx_word' id='word_1_400' title='bbox 3682 2806 3817 2879; x_wconf 88' lang='lat' dir='ltr'>puri</span> 
     </span>
    </p>
   </div>
   <div class='ocr_carea' id='block_1_58' title="bbox 2165 2895 3813 2976">
    <p class='ocr_par' dir='ltr' id='par_1_58' title="bbox 2165 2895 3813 2976">
     <span class='ocr_line' id='line_1_58' title="bbox 2165 2895 3813 2976; baseline -0.005 -17"><span class='ocrx_word' id='word_1_401' title='bbox 2165 2902 2392 2976; x_wconf 89' lang='lat' dir='ltr'>lapides</span> <span class='ocrx_word' id='word_1_402' title='bbox 2438 2900 2643 2968; x_wconf 88' lang='lat' dir='ltr'>divini,</span> <span class='ocrx_word' id='word_1_403' title='bbox 2694 2917 2843 2974; x_wconf 89' lang='lat' dir='ltr'>quos</span> <span class='ocrx_word' id='word_1_404' title='bbox 2887 2898 3069 2956; x_wconf 68' lang='lat' dir='ltr'>Grmci</span> <span class='ocrx_word' id='word_1_405' title='bbox 3112 2898 3171 2954; x_wconf 91' lang='lat' dir='ltr'>in</span> <span class='ocrx_word' id='word_1_406' title='bbox 3220 2896 3511 2954; x_wconf 88' lang='lat' dir='ltr'>vinarium</span> <span class='ocrx_word' id='word_1_407' title='bbox 3558 2895 3813 2951; x_wconf 91' lang='lat' dir='ltr'>colorem</span> 
     </span>
    </p>
   </div>
   <div class='ocr_carea' id='block_1_59' title="bbox 2163 2985 3811 3060">
    <p class='ocr_par' dir='ltr' id='par_1_59' title="bbox 2163 2985 3811 3060">
     <span class='ocr_line' id='line_1_59' title="bbox 2163 2985 3811 3060; baseline -0.005 -10"><span class='ocrx_word' id='word_1_408' title='bbox 2163 2996 2585 3050; x_wconf 74' lang='lat' dir='ltr'>transmutant.</span> <span class='ocrx_word' id='word_1_409' title='bbox 2610 2993 2831 3047; x_wconf 86' lang='lat' dir='ltr'>Aurum</span> <span class='ocrx_word' id='word_1_410' title='bbox 2849 2989 2907 3045; x_wconf 91' lang='lat' dir='ltr'>in</span> <span class='ocrx_word' id='word_1_411' title='bbox 2940 2989 3179 3046; x_wconf 87' lang='lat' dir='ltr'>ochram</span> <span class='ocrx_word' id='word_1_412' title='bbox 3199 2986 3468 3060; x_wconf 88' lang='lat' dir='ltr'>tingitur,</span> <span class='ocrx_word' id='word_1_413' title='bbox 3492 2985 3658 3041; x_wconf 86' lang='lat' dir='ltr'>aliter</span> <span class='ocrx_word' id='word_1_414' title='bbox 3678 3001 3811 3041; x_wconf 88' lang='lat' dir='ltr'>vero</span> 
     </span>
    </p>
   </div>
   <div class='ocr_carea' id='block_1_60' title="bbox 395 2984 2055 3067">
    <p class='ocr_par' dir='ltr' id='par_1_60' title="bbox 395 2984 2055 3067">
     <span class='ocr_line' id='line_1_60' title="bbox 395 2984 2055 3067; baseline 0.003 -24"><span class='ocrx_word' id='word_1_415' title='bbox 395 2989 502 3059; x_wconf 75' lang='grc' dir='ltr'>τὴν</span> <span class='ocrx_word' id='word_1_416' title='bbox 534 2987 705 3065; x_wconf 84' lang='grc' dir='ltr'>χρόαν</span> <span class='ocrx_word' id='word_1_417' title='bbox 733 2988 822 3044; x_wconf 85' lang='grc' dir='ltr'>καὶ</span> <span class='ocrx_word' id='word_1_418' title='bbox 854 2990 907 3044; x_wconf 78' lang='grc' dir='ltr'>οὶ</span> <span class='ocrx_word' id='word_1_419' title='bbox 951 2989 1176 3067; x_wconf 87' lang='grc' dir='ltr'>καθαροὶ</span> <span class='ocrx_word' id='word_1_420' title='bbox 1237 2984 1434 3045; x_wconf 79' lang='grc' dir='ltr'>διϐινοὶ</span> <span class='ocrx_word' id='word_1_421' title='bbox 1490 2988 1655 3065; x_wconf 80' lang='grc' dir='ltr'>λίθοι,</span> <span class='ocrx_word' id='word_1_422' title='bbox 1679 2989 1771 3054; x_wconf 81' lang='grc' dir='ltr'>οὓς</span> <span class='ocrx_word' id='word_1_423' title='bbox 1819 2992 1847 3045; x_wconf 90' lang='grc' dir='ltr'>ὁ</span> <span class='ocrx_word' id='word_1_424' title='bbox 1886 2990 2055 3065; x_wconf 76' lang='grc' dir='ltr'>ἑλλη-</span> 
     </span>
    </p>
   </div>
   <div class='ocr_carea' id='block_1_61' title="bbox 2164 3074 3812 3154">
    <p class='ocr_par' dir='ltr' id='par_1_61' title="bbox 2164 3074 3812 3154">
     <span class='ocr_line' id='line_1_61' title="bbox 2164 3074 3812 3154; baseline -0.005 -17"><span class='ocrx_word' id='word_1_425' title='bbox 2164 3082 2340 3149; x_wconf 92' lang='lat' dir='ltr'>lucet,</span> <span class='ocrx_word' id='word_1_426' title='bbox 2373 3085 2434 3138; x_wconf 83' lang='lat' dir='ltr'>et</span> <span class='ocrx_word' id='word_1_427' title='bbox 2458 3080 2643 3154; x_wconf 83' lang='lat' dir='ltr'>fulget</span> <span class='ocrx_word' id='word_1_428' title='bbox 2689 3080 2843 3137; x_wconf 89' lang='lat' dir='ltr'>sicut</span> <span class='ocrx_word' id='word_1_429' title='bbox 2872 3076 2958 3136; x_wconf 89' lang='lat' dir='ltr'>sol</span> <span class='ocrx_word' id='word_1_430' title='bbox 2993 3094 3006 3134; x_wconf 90' lang='lat'><strong>:</strong></span> <span class='ocrx_word' id='word_1_431' title='bbox 3043 3077 3126 3134; x_wconf 89' lang='lat' dir='ltr'>sic</span> <span class='ocrx_word' id='word_1_432' title='bbox 3157 3075 3393 3133; x_wconf 85' lang='lat' dir='ltr'>ochram</span> <span class='ocrx_word' id='word_1_433' title='bbox 3432 3074 3812 3145; x_wconf 83' lang='lat' dir='ltr'>demiramur,</span> 
     </span>
    </p>
   </div>
   <div class='ocr_carea' id='block_1_62' title="bbox 398 3072 2054 3152">
    <p class='ocr_par' dir='ltr' id='par_1_62' title="bbox 398 3072 2054 3152">
     <span class='ocr_line' id='line_1_62' title="bbox 398 3072 2054 3152; baseline 0.003 -21"><span class='ocrx_word' id='word_1_434' title='bbox 398 3076 563 3147; x_wconf 85' lang='grc' dir='ltr'>νίζων</span> <span class='ocrx_word' id='word_1_435' title='bbox 650 3076 727 3140; x_wconf 81' lang='grc' dir='ltr'>εἰς</span> <span class='ocrx_word' id='word_1_436' title='bbox 813 3072 1135 3152; x_wconf 77' lang='grc' dir='ltr'>οἶνοχρὸους</span> <span class='ocrx_word' id='word_1_437' title='bbox 1217 3072 1644 3152; x_wconf 73' lang='grc' dir='ltr'>μεταλαμϐάνει.</span> <span class='ocrx_word' id='word_1_438' title='bbox 1703 3074 1971 3135; x_wconf 72' lang='grc' dir='ltr'>Βέϐαπται</span> <span class='ocrx_word' id='word_1_439' title='bbox 2026 3082 2054 3136; x_wconf 92' lang='lat'>6</span> 
     </span>
    </p>
   </div>
   <div class='ocr_carea' id='block_1_63' title="bbox 397 3163 2057 3246">
    <p class='ocr_par' dir='ltr' id='par_1_63' title="bbox 397 3163 2049 3243">
     <span class='ocr_line' id='line_1_63' title="bbox 397 3163 2049 3243; baseline 0.003 -23"><span class='ocrx_word' id='word_1_440' title='bbox 397 3166 608 3242; x_wconf 84' lang='grc' dir='ltr'>χρυσὸς</span> <span class='ocrx_word' id='word_1_441' title='bbox 632 3165 769 3243; x_wconf 85' lang='grc' dir='ltr'>πρὸς</span> <span class='ocrx_word' id='word_1_442' title='bbox 800 3165 1037 3242; x_wconf 84' lang='grc' dir='ltr'>ὠχρίαν,</span> <span class='ocrx_word' id='word_1_443' title='bbox 1064 3165 1271 3239; x_wconf 83' lang='grc' dir='ltr'>λάμπει</span> <span class='ocrx_word' id='word_1_444' title='bbox 1304 3163 1362 3221; x_wconf 74' lang='grc' dir='ltr'>δὲ</span> <span class='ocrx_word' id='word_1_445' title='bbox 1388 3164 1574 3229; x_wconf 79' lang='grc' dir='ltr'>ἄλλως</span> <span class='ocrx_word' id='word_1_446' title='bbox 1602 3167 1691 3223; x_wconf 88' lang='grc' dir='ltr'>καὶ</span> <span class='ocrx_word' id='word_1_447' title='bbox 1725 3167 1801 3233; x_wconf 76' lang='grc' dir='ltr'>εἷς</span> <span class='ocrx_word' id='word_1_448' title='bbox 1828 3167 2049 3241; x_wconf 80' lang='grc' dir='ltr'>ἠλιώδη</span> 
     </span>
    </p>
   </div>
   <div class='ocr_carea' id='block_1_64' title="bbox 2171 3163 3813 3246">
    <p class='ocr_par' dir='ltr' id='par_1_64' title="bbox 2171 3164 3813 3246">
     <span class='ocr_line' id='line_1_64' title="bbox 2171 3164 3813 3246; baseline -0.007 -16"><span class='ocrx_word' id='word_1_449' title='bbox 2171 3174 2234 3230; x_wconf 83' lang='lat' dir='ltr'>ad</span> <span class='ocrx_word' id='word_1_450' title='bbox 2284 3189 2463 3246; x_wconf 89' lang='lat' dir='ltr'>quam</span> <span class='ocrx_word' id='word_1_451' title='bbox 2523 3172 2721 3245; x_wconf 91' lang='lat' dir='ltr'>ipsum</span> <span class='ocrx_word' id='word_1_452' title='bbox 2771 3170 2900 3227; x_wconf 91' lang='lat' dir='ltr'>auri</span> <span class='ocrx_word' id='word_1_453' title='bbox 2956 3168 3323 3242; x_wconf 81' lang='lat' dir='ltr'>pigmentum</span> <span class='ocrx_word' id='word_1_454' title='bbox 3379 3164 3702 3238; x_wconf 84' lang='lat' dir='ltr'>pingimus,</span> <span class='ocrx_word' id='word_1_455' title='bbox 3747 3180 3813 3220; x_wconf 78' lang='lat' dir='ltr'>ac</span> 
     </span>
    </p>
   </div>
   <div class='ocr_carea' id='block_1_65' title="bbox 398 3253 2057 3334">
    <p class='ocr_par' dir='ltr' id='par_1_65' title="bbox 398 3253 2053 3334">
     <span class='ocr_line' id='line_1_65' title="bbox 398 3253 2053 3334; baseline 0.004 -26"><span class='ocrx_word' id='word_1_456' title='bbox 398 3254 526 3318; x_wconf 87' lang='grc' dir='ltr'>θέαν</span> <span class='ocrx_word' id='word_1_457' title='bbox 577 3253 845 3331; x_wconf 81' lang='grc' dir='ltr'>ἀνάγεται’</span> <span class='ocrx_word' id='word_1_458' title='bbox 878 3255 967 3309; x_wconf 86' lang='grc' dir='ltr'>καὶ</span> <span class='ocrx_word' id='word_1_459' title='bbox 1027 3254 1342 3328; x_wconf 76' lang='grc' dir='ltr'>σεμνύνεται</span> <span class='ocrx_word' id='word_1_460' title='bbox 1401 3255 1573 3320; x_wconf 69' lang='grc' dir='ltr'>οὕτως</span> <span class='ocrx_word' id='word_1_461' title='bbox 1614 3258 1642 3312; x_wconf 93' lang='grc' dir='ltr'>ὁ</span> <span class='ocrx_word' id='word_1_462' title='bbox 1677 3258 1885 3334; x_wconf 83' lang='grc' dir='ltr'>ὦχρος,</span> <span class='ocrx_word' id='word_1_463' title='bbox 1918 3260 2053 3334; x_wconf 85' lang='grc' dir='ltr'>πρὸς</span> 
     </span>
    </p>
   </div>
   <div class='ocr_carea' id='block_1_66' title="bbox 2171 3253 3816 3334">
    <p class='ocr_par' dir='ltr' id='par_1_66' title="bbox 2171 3253 3816 3330">
     <span class='ocr_line' id='line_1_66' title="bbox 2171 3253 3816 3330; baseline -0.005 -11"><span class='ocrx_word' id='word_1_464' title='bbox 2171 3279 2397 3319; x_wconf 87' lang='lat' dir='ltr'>omnem</span> <span class='ocrx_word' id='word_1_465' title='bbox 2444 3262 2659 3317; x_wconf 88' lang='lat' dir='ltr'>ﬂavum</span> <span class='ocrx_word' id='word_1_466' title='bbox 2708 3259 2981 3330; x_wconf 88' lang='lat' dir='ltr'>colorem,</span> <span class='ocrx_word' id='word_1_467' title='bbox 3011 3258 3132 3313; x_wconf 90' lang='lat' dir='ltr'>imo</span> <span class='ocrx_word' id='word_1_468' title='bbox 3179 3261 3236 3314; x_wconf 90' lang='lat' dir='ltr'>et</span> <span class='ocrx_word' id='word_1_469' title='bbox 3281 3254 3460 3312; x_wconf 89' lang='lat' dir='ltr'>bilem</span> <span class='ocrx_word' id='word_1_470' title='bbox 3510 3254 3717 3309; x_wconf 85' lang='lat' dir='ltr'>ﬂavam</span> <span class='ocrx_word' id='word_1_471' title='bbox 3750 3253 3816 3311; x_wconf 86' lang='lat' dir='ltr'>in</span> 
     </span>
    </p>
   </div>
   <div class='ocr_carea' id='block_1_67' title="bbox 393 3314 2057 3421">
    <p class='ocr_par' dir='ltr' id='par_1_67' title="bbox 393 3314 2050 3421">
     <span class='ocr_line' id='line_1_67' title="bbox 393 3314 2050 3421; baseline 0.003 -24"><span class='ocrx_word' id='word_1_472' title='bbox 393 3314 459 3397; x_wconf 56' lang='grc' dir='ltr'>έν</span> <span class='ocrx_word' id='word_1_473' title='bbox 517 3314 730 3417; x_wconf 69' lang='grc' dir='ltr'>σεμνῶς</span> <span class='ocrx_word' id='word_1_474' title='bbox 786 3343 877 3398; x_wconf 88' lang='grc' dir='ltr'>καὶ</span> <span class='ocrx_word' id='word_1_475' title='bbox 930 3343 992 3398; x_wconf 84' lang='grc' dir='ltr'>τὸ</span> <span class='ocrx_word' id='word_1_476' title='bbox 1053 3314 1331 3417; x_wconf 68' lang='grc' dir='ltr'>ἀρσενικὸν</span> <span class='ocrx_word' id='word_1_477' title='bbox 1383 3314 1692 3421; x_wconf 70' lang='grc' dir='ltr'>κέχρωσται</span> <span class='ocrx_word' id='word_1_478' title='bbox 1727 3314 2050 3421; x_wconf 41' lang='grc' dir='ltr'>ἡμέτόλλιον,</span> 
     </span>
    </p>
   </div>
   <div class='ocr_carea' id='block_1_68' title="bbox 2171 3314 3811 3421">
    <p class='ocr_par' dir='ltr' id='par_1_68' title="bbox 2171 3339 3811 3417">
     <span class='ocr_line' id='line_1_68' title="bbox 2171 3339 3811 3417; baseline -0.006 -13"><span class='ocrx_word' id='word_1_479' title='bbox 2171 3347 2401 3404; x_wconf 84' lang='lat' dir='ltr'>homine</span> <span class='ocrx_word' id='word_1_480' title='bbox 2431 3355 2706 3404; x_wconf 81' lang='lat' dir='ltr'>creatam.</span> <span class='ocrx_word' id='word_1_481' title='bbox 2758 3345 2814 3400; x_wconf 86' lang='lat' dir='ltr'>Si</span> <span class='ocrx_word' id='word_1_482' title='bbox 2847 3345 3075 3417; x_wconf 87' lang='lat' dir='ltr'>nigram</span> <span class='ocrx_word' id='word_1_483' title='bbox 3123 3359 3251 3399; x_wconf 88' lang='lat' dir='ltr'>eam</span> <span class='ocrx_word' id='word_1_484' title='bbox 3282 3340 3498 3398; x_wconf 88' lang='lat' dir='ltr'>creatio</span> <span class='ocrx_word' id='word_1_485' title='bbox 3545 3339 3607 3396; x_wconf 90' lang='lat' dir='ltr'>in</span> <span class='ocrx_word' id='word_1_486' title='bbox 3642 3339 3811 3395; x_wconf 91' lang='lat' dir='ltr'>nobis</span> 
     </span>
    </p>
   </div>
   <div class='ocr_carea' id='block_1_69' title="bbox 395 3427 2057 3509">
    <p class='ocr_par' dir='ltr' id='par_1_69' title="bbox 395 3428 2049 3509">
     <span class='ocr_line' id='line_1_69' title="bbox 395 3428 2049 3509; baseline 0.003 -24"><span class='ocrx_word' id='word_1_487' title='bbox 395 3430 488 3486; x_wconf 84' lang='grc' dir='ltr'>καὶ</span> <span class='ocrx_word' id='word_1_488' title='bbox 520 3431 656 3486; x_wconf 75' lang='grc' dir='ltr'>ἅπαν</span> <span class='ocrx_word' id='word_1_489' title='bbox 682 3428 738 3487; x_wconf 75' lang='grc' dir='ltr'>δὲ</span> <span class='ocrx_word' id='word_1_490' title='bbox 767 3436 974 3508; x_wconf 86' lang='grc' dir='ltr'>χρῶμα</span> <span class='ocrx_word' id='word_1_491' title='bbox 1000 3430 1213 3509; x_wconf 79' lang='grc' dir='ltr'>κιῤῥὸν,</span> <span class='ocrx_word' id='word_1_492' title='bbox 1250 3430 1359 3505; x_wconf 76' lang='grc' dir='ltr'>ἤδη</span> <span class='ocrx_word' id='word_1_493' title='bbox 1419 3429 1476 3489; x_wconf 69' lang='grc' dir='ltr'>δὲ</span> <span class='ocrx_word' id='word_1_494' title='bbox 1532 3433 1622 3488; x_wconf 84' lang='grc' dir='ltr'>καὶ</span> <span class='ocrx_word' id='word_1_495' title='bbox 1667 3433 1731 3490; x_wconf 83' lang='grc' dir='ltr'>τὸ</span> <span class='ocrx_word' id='word_1_496' title='bbox 1760 3434 1897 3490; x_wconf 86' lang='grc' dir='ltr'>κατᾶ</span> <span class='ocrx_word' id='word_1_497' title='bbox 1948 3436 2049 3506; x_wconf 80' lang='grc' dir='ltr'>τήν</span> 
     </span>
    </p>
   </div>
   <div class='ocr_carea' id='block_1_70' title="bbox 2171 3427 3810 3509">
    <p class='ocr_par' dir='ltr' id='par_1_70' title="bbox 2171 3427 3810 3503">
     <span class='ocr_line' id='line_1_70' title="bbox 2171 3427 3810 3503; baseline -0.007 -9"><span class='ocrx_word' id='word_1_498' title='bbox 2171 3437 2507 3503; x_wconf 78' lang='lat' dir='ltr'>eﬂ‘ormavit,</span> <span class='ocrx_word' id='word_1_499' title='bbox 2555 3452 2684 3492; x_wconf 90' lang='lat' dir='ltr'>eam</span> <span class='ocrx_word' id='word_1_500' title='bbox 2740 3437 2929 3490; x_wconf 86' lang='lat' dir='ltr'>mutat</span> <span class='ocrx_word' id='word_1_501' title='bbox 2984 3436 3196 3489; x_wconf 82' lang='lat' dir='ltr'>natura</span> <span class='ocrx_word' id='word_1_502' title='bbox 3252 3429 3458 3502; x_wconf 81' lang='lat' dir='ltr'>lapsa;</span> <span class='ocrx_word' id='word_1_503' title='bbox 3511 3444 3627 3485; x_wconf 89' lang='lat' dir='ltr'>non</span> <span class='ocrx_word' id='word_1_504' title='bbox 3679 3427 3810 3484; x_wconf 92' lang='lat' dir='ltr'>ideo</span> 
     </span>
    </p>
   </div>
   <div class='ocr_carea' id='block_1_71' title="bbox 397 3516 2057 3597">
    <p class='ocr_par' dir='ltr' id='par_1_71' title="bbox 397 3517 2049 3597">
     <span class='ocr_line' id='line_1_71' title="bbox 397 3517 2049 3597; baseline 0.002 -22"><span class='ocrx_word' id='word_1_505' title='bbox 397 3517 745 3597; x_wconf 79' lang='grc' dir='ltr'>ἀνθρωπίνην</span> <span class='ocrx_word' id='word_1_506' title='bbox 803 3518 1003 3575; x_wconf 80' lang='grc' dir='ltr'>πλάσιν</span> <span class='ocrx_word' id='word_1_507' title='bbox 1060 3520 1302 3592; x_wconf 77' lang='grc' dir='ltr'>ξανθῖζον</span> <span class='ocrx_word' id='word_1_508' title='bbox 1356 3527 1455 3591; x_wconf 89' lang='grc' dir='ltr'>τῆς</span> <span class='ocrx_word' id='word_1_509' title='bbox 1496 3520 1699 3597; x_wconf 84' lang='grc' dir='ltr'>χολῆς.</span> <span class='ocrx_word' id='word_1_510' title='bbox 1731 3523 1795 3578; x_wconf 78' lang='grc' dir='ltr'>Εἰ</span> <span class='ocrx_word' id='word_1_511' title='bbox 1855 3520 1913 3578; x_wconf 77' lang='grc' dir='ltr'>δὶ</span> <span class='ocrx_word' id='word_1_512' title='bbox 1958 3525 2049 3579; x_wconf 79' lang='grc' dir='ltr'>καὶ</span> 
     </span>
    </p>
   </div>
   <div class='ocr_carea' id='block_1_72' title="bbox 2171 3516 3808 3597">
    <p class='ocr_par' dir='ltr' id='par_1_72' title="bbox 2171 3516 3808 3593">
     <span class='ocr_line' id='line_1_72' title="bbox 2171 3516 3808 3593; baseline -0.006 -11"><span class='ocrx_word' id='word_1_513' title='bbox 2171 3525 2590 3582; x_wconf 67' lang='lat' dir='ltr'>contemnenda</span> <span class='ocrx_word' id='word_1_514' title='bbox 2619 3528 2759 3580; x_wconf 89' lang='lat' dir='ltr'>sunt</span> <span class='ocrx_word' id='word_1_515' title='bbox 2803 3520 3042 3593; x_wconf 87' lang='lat' dir='ltr'>similia,</span> <span class='ocrx_word' id='word_1_516' title='bbox 3075 3519 3189 3576; x_wconf 90' lang='lat' dir='ltr'>nisi</span> <span class='ocrx_word' id='word_1_517' title='bbox 3220 3517 3481 3591; x_wconf 87' lang='lat' dir='ltr'>aliquam</span> <span class='ocrx_word' id='word_1_518' title='bbox 3510 3516 3808 3588; x_wconf 85' lang='lat' dir='ltr'>vitupera-</span> 
     </span>
    </p>
   </div>
   <div class='ocr_carea' id='block_1_73' title="bbox 394 3605 2057 3683">
    <p class='ocr_par' dir='ltr' id='par_1_73' title="bbox 394 3605 2048 3683">
     <span class='ocr_line' id='line_1_73' title="bbox 394 3605 2048 3683; baseline 0.002 -19"><span class='ocrx_word' id='word_1_519' title='bbox 394 3608 460 3664; x_wconf 84' lang='grc' dir='ltr'>τὸ</span> <span class='ocrx_word' id='word_1_520' title='bbox 519 3605 688 3683; x_wconf 69' lang='grc' dir='ltr'>μέλαν</span> <span class='ocrx_word' id='word_1_521' title='bbox 736 3607 906 3680; x_wconf 78' lang='grc' dir='ltr'>αὐτῆς</span> <span class='ocrx_word' id='word_1_522' title='bbox 985 3611 1021 3680; x_wconf 79' lang='grc' dir='ltr'><strong>ἡ</strong></span> <span class='ocrx_word' id='word_1_523' title='bbox 1078 3610 1196 3665; x_wconf 88' lang='grc' dir='ltr'>καθ’</span> <span class='ocrx_word' id='word_1_524' title='bbox 1250 3612 1399 3683; x_wconf 78' lang='grc' dir='ltr'>ἡμᾶς</span> <span class='ocrx_word' id='word_1_525' title='bbox 1451 3609 1651 3675; x_wconf 85' lang='grc' dir='ltr'>πλάσις</span> <span class='ocrx_word' id='word_1_526' title='bbox 1706 3608 1867 3682; x_wconf 72' lang='grc' dir='ltr'>οἶδεν,</span> <span class='ocrx_word' id='word_1_527' title='bbox 1928 3609 2048 3668; x_wconf 80' lang='grc' dir='ltr'>ἴδοὺ</span> 
     </span>
    </p>
   </div>
   <div class='ocr_carea' id='block_1_74' title="bbox 2171 3605 3804 3683">
    <p class='ocr_par' dir='ltr' id='par_1_74' title="bbox 2171 3605 3804 3683">
     <span class='ocr_line' id='line_1_74' title="bbox 2171 3605 3804 3683; baseline -0.005 -12"><span class='ocrx_word' id='word_1_528' title='bbox 2171 3617 2376 3671; x_wconf 64' lang='lat' dir='ltr'>tionem</span> <span class='ocrx_word' id='word_1_529' title='bbox 2407 3618 2666 3670; x_wconf 89' lang='lat' dir='ltr'>meretur</span> <span class='ocrx_word' id='word_1_530' title='bbox 2694 3611 2767 3668; x_wconf 87' lang='lat' dir='ltr'>ad</span> <span class='ocrx_word' id='word_1_531' title='bbox 2806 3618 3059 3683; x_wconf 87' lang='lat' dir='ltr'>tempus,</span> <span class='ocrx_word' id='word_1_532' title='bbox 3091 3610 3141 3667; x_wconf 90' lang='lat' dir='ltr'>si</span> <span class='ocrx_word' id='word_1_533' title='bbox 3172 3607 3525 3665; x_wconf 85' lang='lat' dir='ltr'>creationem</span> <span class='ocrx_word' id='word_1_534' title='bbox 3558 3605 3804 3663; x_wconf 90' lang='lat' dir='ltr'>minoris</span> 
     </span>
    </p>
   </div>
   <div class='ocr_carea' id='block_1_75' title="bbox 383 3696 2315 3777">
    <p class='ocr_par' dir='ltr' id='par_1_75' title="bbox 383 3696 2315 3777">
     <span class='ocr_line' id='line_1_75' title="bbox 383 3696 2315 3777; baseline 0.004 -25"><span class='ocrx_word' id='word_1_535' title='bbox 383 3696 547 3777; x_wconf 79' lang='grc' dir='ltr'>φύσις</span> <span class='ocrx_word' id='word_1_536' title='bbox 595 3696 950 3774; x_wconf 67' lang='grc' dir='ltr'>ἔπιταχθεῖσα</span> <span class='ocrx_word' id='word_1_537' title='bbox 1008 3700 1291 3776; x_wconf 76' lang='grc' dir='ltr'>παρήγαγε</span> <span class='ocrx_word' id='word_1_538' title='bbox 1339 3697 1433 3773; x_wconf 71' lang='grc' dir='ltr'>μὲν</span> <span class='ocrx_word' id='word_1_539' title='bbox 1479 3699 1570 3763; x_wconf 84' lang='grc' dir='ltr'>καὶ</span> <span class='ocrx_word' id='word_1_540' title='bbox 1623 3698 1785 3755; x_wconf 76' lang='grc' dir='ltr'>αὖτόο</span> <span class='ocrx_word' id='word_1_541' title='bbox 1839 3699 1939 3756; x_wconf 81' lang='grc' dir='ltr'>οὐκ</span> <span class='ocrx_word' id='word_1_542' title='bbox 1988 3700 2048 3757; x_wconf 72' lang='grc' dir='ltr'>ἂν</span> <span class='ocrx_word' id='word_1_543' title='bbox 2156 3703 2315 3760; x_wconf 75' lang='lat' dir='ltr'>facit.</span> 
     </span>
    </p>
   </div>
   <div class='ocr_carea' id='block_1_76' title="bbox 385 3779 3798 3867">
    <p class='ocr_par' dir='ltr' id='par_1_76' title="bbox 385 3779 3798 3867">
     <span class='ocr_line' id='line_1_76' title="bbox 385 3779 3798 3867; baseline -0.001 -26"><span class='ocrx_word' id='word_1_544' title='bbox 385 3783 447 3842; x_wconf 69' lang='grc' dir='ltr'>δὲ</span> <span class='ocrx_word' id='word_1_545' title='bbox 505 3783 705 3859; x_wconf 70' lang='grc' dir='ltr'>δήπου,</span> <span class='ocrx_word' id='word_1_546' title='bbox 764 3786 839 3851; x_wconf 83' lang='grc' dir='ltr'>ὡς</span> <span class='ocrx_word' id='word_1_547' title='bbox 893 3788 985 3843; x_wconf 86' lang='grc' dir='ltr'>καὶ</span> <span class='ocrx_word' id='word_1_548' title='bbox 1036 3789 1475 3863; x_wconf 83' lang='grc' dir='ltr'>κατακαυχᾶσθαι</span> <span class='ocrx_word' id='word_1_549' title='bbox 1531 3792 1639 3845; x_wconf 87' lang='grc' dir='ltr'>τῶν</span> <span class='ocrx_word' id='word_1_550' title='bbox 1704 3786 1998 3863; x_wconf 63' lang='grc' dir='ltr'>ὁμοειδῶν</span> <span class='ocrx_word' id='word_1_551' title='bbox 2032 3788 2077 3846; x_wconf 81' lang='grc' dir='ltr'>εί</span> <span class='ocrx_word' id='word_1_552' title='bbox 2137 3794 2215 3866; x_wconf 80' lang='grc' dir='ltr'>μὴ</span> <span class='ocrx_word' id='word_1_553' title='bbox 2277 3789 2381 3867; x_wconf 85' lang='grc' dir='ltr'>ἄρα</span> <span class='ocrx_word' id='word_1_554' title='bbox 2430 3790 2520 3847; x_wconf 87' lang='grc' dir='ltr'>καί</span> <span class='ocrx_word' id='word_1_555' title='bbox 2552 3811 2603 3845; x_wconf 92' lang='grc' dir='ltr'>τι</span> <span class='ocrx_word' id='word_1_556' title='bbox 2652 3789 2911 3865; x_wconf 77' lang='grc' dir='ltr'>μέμψεως</span> <span class='ocrx_word' id='word_1_557' title='bbox 2942 3781 3084 3865; x_wconf 78' lang='grc' dir='ltr'>ἔχει’</span> <span class='ocrx_word' id='word_1_558' title='bbox 3124 3785 3294 3842; x_wconf 81' lang='grc' dir='ltr'>πλέον</span> <span class='ocrx_word' id='word_1_559' title='bbox 3352 3783 3429 3848; x_wconf 79' lang='grc' dir='ltr'>είς</span> <span class='ocrx_word' id='word_1_560' title='bbox 3482 3782 3693 3860; x_wconf 82' lang='grc' dir='ltr'>καιρὸν,</span> <span class='ocrx_word' id='word_1_561' title='bbox 3753 3779 3798 3838; x_wconf 83' lang='grc' dir='ltr'>εἶ</span> 
     </span>
    </p>
   </div>
   <div class='ocr_carea' id='block_1_77' title="bbox 376 3874 1346 3953">
    <p class='ocr_par' dir='ltr' id='par_1_77' title="bbox 376 3874 1346 3953">
     <span class='ocr_line' id='line_1_77' title="bbox 376 3874 1346 3953; baseline 0.004 -22"><span class='ocrx_word' id='word_1_562' title='bbox 376 3874 851 3933; x_wconf 83' lang='grc' dir='ltr'>καταναιδεύσεται</span> <span class='ocrx_word' id='word_1_563' title='bbox 875 3882 974 3934; x_wconf 90' lang='grc' dir='ltr'>τοῦ</span> <span class='ocrx_word' id='word_1_564' title='bbox 1001 3875 1346 3953; x_wconf 86' lang='grc' dir='ltr'>πλάσματος.</span> 
     </span>
    </p>
   </div>
   <div class='ocr_carea' id='block_1_78' title="bbox 444 3980 2057 4062">
    <p class='ocr_par' dir='ltr' id='par_1_78' title="bbox 444 3983 2037 4062">
     <span class='ocr_line' id='line_1_78' title="bbox 444 3983 2037 4062; baseline 0.003 -24"><span class='ocrx_word' id='word_1_565' title='bbox 444 3984 534 4059; x_wconf 87' lang='grc' dir='ltr'>ρι’.</span> <span class='ocrx_word' id='word_1_566' title='bbox 567 3983 688 4040; x_wconf 65' lang='grc' dir='ltr'>Εἰσὶ</span> <span class='ocrx_word' id='word_1_567' title='bbox 749 3983 839 4040; x_wconf 83' lang='grc' dir='ltr'>καὶ</span> <span class='ocrx_word' id='word_1_568' title='bbox 887 3983 940 4040; x_wconf 76' lang='grc' dir='ltr'>ἐν</span> <span class='ocrx_word' id='word_1_569' title='bbox 1014 3990 1133 4049; x_wconf 86' lang='grc' dir='ltr'>τοῖς</span> <span class='ocrx_word' id='word_1_570' title='bbox 1205 3986 1331 4062; x_wconf 83' lang='grc' dir='ltr'>περὶ</span> <span class='ocrx_word' id='word_1_571' title='bbox 1392 3985 1617 4062; x_wconf 80' lang='grc' dir='ltr'>οὐρανὸν</span> <span class='ocrx_word' id='word_1_572' title='bbox 1689 3984 2037 4062; x_wconf 77' lang='grc' dir='ltr'>πυρῥάζοντά</span> 
     </span>
    </p>
   </div>
   <div class='ocr_carea' id='block_1_79' title="bbox 2171 3980 3797 4062">
    <p class='ocr_par' dir='ltr' id='par_1_79' title="bbox 2219 3980 3797 4060">
     <span class='ocr_line' id='line_1_79' title="bbox 2219 3980 3797 4060; baseline -0.006 -15"><span class='ocrx_word' id='word_1_573' title='bbox 2219 3991 2340 4046; x_wconf 87' lang='grc'>110.</span> <span class='ocrx_word' id='word_1_574' title='bbox 2373 3989 2582 4046; x_wconf 86' lang='lat' dir='ltr'>Videre</span> <span class='ocrx_word' id='word_1_575' title='bbox 2613 3993 2704 4047; x_wconf 87' lang='lat' dir='ltr'>est</span> <span class='ocrx_word' id='word_1_576' title='bbox 2733 3988 2795 4045; x_wconf 93' lang='lat' dir='ltr'>in</span> <span class='ocrx_word' id='word_1_577' title='bbox 2827 3987 2990 4046; x_wconf 79' lang='lat' dir='ltr'>cmlis</span> <span class='ocrx_word' id='word_1_578' title='bbox 3035 3986 3327 4060; x_wconf 85' lang='lat' dir='ltr'>quasdam</span> <span class='ocrx_word' id='word_1_579' title='bbox 3379 3983 3566 4040; x_wconf 89' lang='lat' dir='ltr'>nubes</span> <span class='ocrx_word' id='word_1_580' title='bbox 3596 3980 3797 4037; x_wconf 83' lang='lat' dir='ltr'>rubes-</span> 
     </span>
    </p>
   </div>
   <div class='ocr_carea' id='block_1_80' title="bbox 365 4070 2057 4153">
    <p class='ocr_par' dir='ltr' id='par_1_80' title="bbox 365 4070 2031 4153">
     <span class='ocr_line' id='line_1_80' title="bbox 365 4070 2031 4153; baseline 0.002 -25"><span class='ocrx_word' id='word_1_581' title='bbox 365 4093 495 4128; x_wconf 88' lang='grc' dir='ltr'>τινα</span> <span class='ocrx_word' id='word_1_582' title='bbox 548 4075 702 4153; x_wconf 82' lang='grc' dir='ltr'>νέφη,</span> <span class='ocrx_word' id='word_1_583' title='bbox 732 4076 821 4130; x_wconf 86' lang='grc' dir='ltr'>καὶ</span> <span class='ocrx_word' id='word_1_584' title='bbox 881 4071 1040 4151; x_wconf 64' lang='grc' dir='ltr'>ἕτερα</span> <span class='ocrx_word' id='word_1_585' title='bbox 1097 4074 1299 4144; x_wconf 83' lang='grc' dir='ltr'>λευκήν</span> <span class='ocrx_word' id='word_1_586' title='bbox 1356 4075 1528 4153; x_wconf 88' lang='grc' dir='ltr'>χρόαν</span> <span class='ocrx_word' id='word_1_587' title='bbox 1583 4070 2031 4152; x_wconf 68' lang='grc' dir='ltr'>προϐεϐλημένα,</span> 
     </span>
    </p>
   </div>
   <div class='ocr_carea' id='block_1_81' title="bbox 2171 4070 3798 4153">
    <p class='ocr_par' dir='ltr' id='par_1_81' title="bbox 2171 4074 3798 4147">
     <span class='ocr_line' id='line_1_81' title="bbox 2171 4074 3798 4147; baseline -0.006 -12"><span class='ocrx_word' id='word_1_588' title='bbox 2171 4083 2364 4147; x_wconf 77' lang='lat' dir='ltr'>entes,</span> <span class='ocrx_word' id='word_1_589' title='bbox 2393 4084 2453 4136; x_wconf 90' lang='lat' dir='ltr'>et</span> <span class='ocrx_word' id='word_1_590' title='bbox 2495 4078 2643 4136; x_wconf 89' lang='lat' dir='ltr'>alias</span> <span class='ocrx_word' id='word_1_591' title='bbox 2691 4078 2893 4135; x_wconf 92' lang='lat' dir='ltr'>album</span> <span class='ocrx_word' id='word_1_592' title='bbox 2943 4076 3197 4134; x_wconf 89' lang='lat' dir='ltr'>colorem</span> <span class='ocrx_word' id='word_1_593' title='bbox 3246 4074 3638 4147; x_wconf 65' lang='lat' dir='ltr'>preferentes,</span> <span class='ocrx_word' id='word_1_594' title='bbox 3671 4086 3798 4143; x_wconf 68' lang='lat' dir='ltr'>quas</span> 
     </span>
    </p>
   </div>
   <div class='ocr_carea' id='block_1_82' title="bbox 369 4159 2057 4241">
    <p class='ocr_par' dir='ltr' id='par_1_82' title="bbox 369 4159 2032 4241">
     <span class='ocr_line' id='line_1_82' title="bbox 369 4159 2032 4241; baseline 0.002 -24"><span class='ocrx_word' id='word_1_595' title='bbox 369 4160 485 4237; x_wconf 80' lang='grc' dir='ltr'>οὐχ</span> <span class='ocrx_word' id='word_1_596' title='bbox 516 4161 659 4218; x_wconf 75' lang='grc' dir='ltr'>οὕτω</span> <span class='ocrx_word' id='word_1_597' title='bbox 691 4161 750 4218; x_wconf 74' lang='grc' dir='ltr'>δὲ</span> <span class='ocrx_word' id='word_1_598' title='bbox 776 4160 951 4218; x_wconf 79' lang='grc' dir='ltr'>πολὺν</span> <span class='ocrx_word' id='word_1_599' title='bbox 984 4159 1152 4241; x_wconf 77' lang='grc' dir='ltr'>φόϐον</span> <span class='ocrx_word' id='word_1_600' title='bbox 1210 4163 1347 4219; x_wconf 78' lang='grc' dir='ltr'>αὐτὰ</span> <span class='ocrx_word' id='word_1_601' title='bbox 1399 4163 1779 4240; x_wconf 76' lang='grc' dir='ltr'>προΐσχονται,</span> <span class='ocrx_word' id='word_1_602' title='bbox 1811 4165 1884 4227; x_wconf 87' lang='grc' dir='ltr'>ὡς</span> <span class='ocrx_word' id='word_1_603' title='bbox 1943 4166 2032 4220; x_wconf 79' lang='grc' dir='ltr'>ὅτε</span> 
     </span>
    </p>
   </div>
   <div class='ocr_carea' id='block_1_83' title="bbox 2171 4159 3796 4241">
    <p class='ocr_par' dir='ltr' id='par_1_83' title="bbox 2171 4160 3796 4238">
     <span class='ocr_line' id='line_1_83' title="bbox 2171 4160 3796 4238; baseline -0.003 -16"><span class='ocrx_word' id='word_1_604' title='bbox 2171 4172 2369 4224; x_wconf 84' lang='lat' dir='ltr'>autum</span> <span class='ocrx_word' id='word_1_605' title='bbox 2423 4167 2693 4224; x_wconf 84' lang='lat' dir='ltr'>timorem</span> <span class='ocrx_word' id='word_1_606' title='bbox 2751 4183 2869 4223; x_wconf 91' lang='lat' dir='ltr'>non</span> <span class='ocrx_word' id='word_1_607' title='bbox 2915 4166 3212 4238; x_wconf 85' lang='lat' dir='ltr'>injiciunt,</span> <span class='ocrx_word' id='word_1_608' title='bbox 3266 4167 3559 4237; x_wconf 89' lang='lat' dir='ltr'>quantum</span> <span class='ocrx_word' id='word_1_609' title='bbox 3607 4160 3796 4217; x_wconf 89' lang='lat' dir='ltr'>nubes</span> 
     </span>
    </p>
   </div>
   <div class='ocr_carea' id='block_1_84' title="bbox 366 4250 2057 4332">
    <p class='ocr_par' dir='ltr' id='par_1_84' title="bbox 366 4250 2026 4332">
     <span class='ocr_line' id='line_1_84' title="bbox 366 4250 2026 4332; baseline 0.004 -28"><span class='ocrx_word' id='word_1_610' title='bbox 366 4250 533 4327; x_wconf 83' lang='grc' dir='ltr'>νέφος</span> <span class='ocrx_word' id='word_1_611' title='bbox 593 4250 762 4325; x_wconf 60' lang='grc' dir='ltr'>μέλαν</span> <span class='ocrx_word' id='word_1_612' title='bbox 812 4252 1091 4317; x_wconf 67' lang='grc' dir='ltr'>πυκνωθὲν</span> <span class='ocrx_word' id='word_1_613' title='bbox 1144 4251 1391 4331; x_wconf 70' lang='grc' dir='ltr'>ὶκνεφίαν</span> <span class='ocrx_word' id='word_1_614' title='bbox 1439 4252 1622 4308; x_wconf 86' lang='grc' dir='ltr'>ὠδίνει</span> <span class='ocrx_word' id='word_1_615' title='bbox 1672 4254 2026 4332; x_wconf 87' lang='grc' dir='ltr'>φθοροποιόν.</span> 
     </span>
    </p>
   </div>
   <div class='ocr_carea' id='block_1_85' title="bbox 2171 4250 3795 4332">
    <p class='ocr_par' dir='ltr' id='par_1_85' title="bbox 2171 4250 3795 4328">
     <span class='ocr_line' id='line_1_85' title="bbox 2171 4250 3795 4328; baseline -0.004 -18"><span class='ocrx_word' id='word_1_616' title='bbox 2171 4257 2317 4328; x_wconf 46' lang='grc' dir='ltr'>κίενω</span> <span class='ocrx_word' id='word_1_617' title='bbox 2346 4260 2404 4312; x_wconf 91' lang='lat' dir='ltr'>et</span> <span class='ocrx_word' id='word_1_618' title='bbox 2431 4256 2759 4325; x_wconf 59' lang='lat' dir='ltr'>condensa),</span> <span class='ocrx_word' id='word_1_619' title='bbox 2782 4272 2912 4326; x_wconf 65' lang='lat' dir='ltr'>quae</span> <span class='ocrx_word' id='word_1_620' title='bbox 2942 4253 3259 4326; x_wconf 88' lang='lat' dir='ltr'>procellam</span> <span class='ocrx_word' id='word_1_621' title='bbox 3293 4256 3351 4308; x_wconf 89' lang='lat' dir='ltr'>et</span> <span class='ocrx_word' id='word_1_622' title='bbox 3374 4250 3567 4307; x_wconf 87' lang='lat' dir='ltr'>nivem</span> <span class='ocrx_word' id='word_1_623' title='bbox 3595 4253 3795 4320; x_wconf 88' lang='lat' dir='ltr'>partu-</span> 
     </span>
    </p>
   </div>
   <div class='ocr_carea' id='block_1_86' title="bbox 362 4337 2057 4418">
    <p class='ocr_par' dir='ltr' id='par_1_86' title="bbox 362 4337 2028 4418">
     <span class='ocr_line' id='line_1_86' title="bbox 362 4337 2028 4418; baseline 0.002 -24"><span class='ocrx_word' id='word_1_624' title='bbox 362 4340 435 4417; x_wconf 76' lang='grc' dir='ltr'>’ῼ</span> <span class='ocrx_word' id='word_1_625' title='bbox 465 4337 534 4408; x_wconf 80' lang='grc' dir='ltr'>δὴ</span> <span class='ocrx_word' id='word_1_626' title='bbox 565 4342 712 4418; x_wconf 83' lang='grc' dir='ltr'>νέφει</span> <span class='ocrx_word' id='word_1_627' title='bbox 745 4342 822 4414; x_wconf 79' lang='grc' dir='ltr'>μὴ</span> <span class='ocrx_word' id='word_1_628' title='bbox 854 4339 1063 4417; x_wconf 85' lang='grc' dir='ltr'>γένοιτό</span> <span class='ocrx_word' id='word_1_629' title='bbox 1122 4362 1181 4397; x_wconf 89' lang='grc' dir='ltr'>σε</span> <span class='ocrx_word' id='word_1_630' title='bbox 1226 4343 1594 4417; x_wconf 75' lang='grc' dir='ltr'>παρεοικέναι,</span> <span class='ocrx_word' id='word_1_631' title='bbox 1628 4343 1875 4416; x_wconf 79' lang='grc' dir='ltr'>ἄνθρωπε</span> <span class='ocrx_word' id='word_1_632' title='bbox 1931 4347 2028 4398; x_wconf 88' lang='grc' dir='ltr'>τοῦ</span> 
     </span>
    </p>
   </div>
   <div class='ocr_carea' id='block_1_87' title="bbox 2171 4337 3790 4418">
    <p class='ocr_par' dir='ltr' id='par_1_87' title="bbox 2171 4337 3790 4409">
     <span class='ocr_line' id='line_1_87' title="bbox 2171 4337 3790 4409; baseline -0.004 -12"><span class='ocrx_word' id='word_1_633' title='bbox 2171 4342 2315 4399; x_wconf 87' lang='lat' dir='ltr'>iunt.</span> <span class='ocrx_word' id='word_1_634' title='bbox 2347 4342 2572 4409; x_wconf 87' lang='lat' dir='ltr'>Quibus</span> <span class='ocrx_word' id='word_1_635' title='bbox 2603 4342 2837 4399; x_wconf 85' lang='lat' dir='ltr'>nebulis</span> <span class='ocrx_word' id='word_1_636' title='bbox 2885 4361 2958 4399; x_wconf 90' lang='lat' dir='ltr'>ne</span> <span class='ocrx_word' id='word_1_637' title='bbox 2990 4344 3096 4398; x_wconf 81' lang='lat' dir='ltr'>ﬁas</span> <span class='ocrx_word' id='word_1_638' title='bbox 3127 4340 3363 4407; x_wconf 89' lang='lat' dir='ltr'>similis,</span> <span class='ocrx_word' id='word_1_639' title='bbox 3395 4356 3429 4395; x_wconf 88' lang='grc' dir='ltr'>ο</span> <span class='ocrx_word' id='word_1_640' title='bbox 3458 4339 3633 4394; x_wconf 90' lang='lat' dir='ltr'>homo</span> <span class='ocrx_word' id='word_1_641' title='bbox 3665 4337 3790 4408; x_wconf 87' lang='lat' dir='ltr'>Dei,</span> 
     </span>
    </p>
   </div>
   <div class='ocr_carea' id='block_1_88' title="bbox 364 4426 2057 4508">
    <p class='ocr_par' dir='ltr' id='par_1_88' title="bbox 364 4426 2025 4508">
     <span class='ocr_line' id='line_1_88' title="bbox 364 4426 2025 4508; baseline 0.004 -26"><span class='ocrx_word' id='word_1_642' title='bbox 364 4432 526 4499; x_wconf 87' lang='grc' dir='ltr'>Θεοῦ,</span> <span class='ocrx_word' id='word_1_643' title='bbox 562 4428 701 4505; x_wconf 71' lang='grc' dir='ltr'>μέγα</span> <span class='ocrx_word' id='word_1_644' title='bbox 734 4430 961 4506; x_wconf 75' lang='grc' dir='ltr'>μοναχὶ,</span> <span class='ocrx_word' id='word_1_645' title='bbox 976 4427 1104 4487; x_wconf 85' lang='grc' dir='ltr'>ἀλλ’</span> <span class='ocrx_word' id='word_1_646' title='bbox 1130 4426 1288 4507; x_wconf 69' lang='grc' dir='ltr'>ἔχοις</span> <span class='ocrx_word' id='word_1_647' title='bbox 1317 4432 1440 4486; x_wconf 82' lang='grc' dir='ltr'>νοῦν</span> <span class='ocrx_word' id='word_1_648' title='bbox 1476 4429 1537 4485; x_wconf 76' lang='grc' dir='ltr'>ἐκ</span> <span class='ocrx_word' id='word_1_649' title='bbox 1564 4435 1697 4487; x_wconf 85' lang='grc' dir='ltr'>Θεοῦ</span> <span class='ocrx_word' id='word_1_650' title='bbox 1720 4429 2025 4508; x_wconf 87' lang='grc' dir='ltr'>κρείττονα,</span> 
     </span>
    </p>
   </div>
   <div class='ocr_carea' id='block_1_89' title="bbox 2171 4426 3788 4508">
    <p class='ocr_par' dir='ltr' id='par_1_89' title="bbox 2171 4427 3788 4507">
     <span class='ocr_line' id='line_1_89' title="bbox 2171 4427 3788 4507; baseline -0.006 -18"><span class='ocrx_word' id='word_1_651' title='bbox 2171 4449 2347 4507; x_wconf 74' lang='lat' dir='ltr'>Jagne</span> <span class='ocrx_word' id='word_1_652' title='bbox 2377 4433 2684 4501; x_wconf 88' lang='lat' dir='ltr'>monacbe,</span> <span class='ocrx_word' id='word_1_653' title='bbox 2719 4433 2821 4491; x_wconf 91' lang='lat' dir='ltr'>sed</span> <span class='ocrx_word' id='word_1_654' title='bbox 2864 4434 3130 4490; x_wconf 90' lang='lat' dir='ltr'>animum</span> <span class='ocrx_word' id='word_1_655' title='bbox 3154 4430 3390 4503; x_wconf 74' lang='lat' dir='ltr'>,habeas</span> <span class='ocrx_word' id='word_1_656' title='bbox 3417 4444 3487 4484; x_wconf 86' lang='lat' dir='ltr'>ex</span> <span class='ocrx_word' id='word_1_657' title='bbox 3516 4427 3631 4483; x_wconf 89' lang='lat' dir='ltr'>Deo</span> <span class='ocrx_word' id='word_1_658' title='bbox 3663 4442 3788 4481; x_wconf 83' lang='lat' dir='ltr'>me-</span> 
     </span>
    </p>
   </div>
   <div class='ocr_carea' id='block_1_90' title="bbox 362 4513 2057 4597">
    <p class='ocr_par' dir='ltr' id='par_1_90' title="bbox 362 4513 2023 4597">
     <span class='ocr_line' id='line_1_90' title="bbox 362 4513 2023 4597; baseline 0.002 -25"><span class='ocrx_word' id='word_1_659' title='bbox 362 4513 508 4594; x_wconf 75' lang='grc' dir='ltr'>ἤπερ</span> <span class='ocrx_word' id='word_1_660' title='bbox 568 4517 658 4573; x_wconf 79' lang='grc' dir='ltr'>ὅτε</span> <span class='ocrx_word' id='word_1_661' title='bbox 713 4518 1039 4597; x_wconf 67' lang='grc' dir='ltr'>ἀνεστρέφου</span> <span class='ocrx_word' id='word_1_662' title='bbox 1086 4518 1140 4575; x_wconf 71' lang='grc' dir='ltr'>ἓν</span> <span class='ocrx_word' id='word_1_663' title='bbox 1203 4518 1328 4595; x_wconf 85' lang='grc' dir='ltr'>βίῳ·</span> <span class='ocrx_word' id='word_1_664' title='bbox 1362 4519 1452 4575; x_wconf 84' lang='grc' dir='ltr'>καὶ</span> <span class='ocrx_word' id='word_1_665' title='bbox 1490 4519 1711 4594; x_wconf 83' lang='grc' dir='ltr'>ἀγαπῶν</span> <span class='ocrx_word' id='word_1_666' title='bbox 1742 4520 1805 4576; x_wconf 86' lang='grc' dir='ltr'>τὸ</span> <span class='ocrx_word' id='word_1_667' title='bbox 1852 4518 1905 4576; x_wconf 79' lang='grc' dir='ltr'>ἐν</span> <span class='ocrx_word' id='word_1_668' title='bbox 1937 4522 2023 4576; x_wconf 84' lang='grc' dir='ltr'>σοὶ</span> 
     </span>
    </p>
   </div>
   <div class='ocr_carea' id='block_1_91' title="bbox 2171 4513 3786 4597">
    <p class='ocr_par' dir='ltr' id='par_1_91' title="bbox 2171 4514 3786 4594">
     <span class='ocr_line' id='line_1_91' title="bbox 2171 4514 3786 4594; baseline -0.005 -18"><span class='ocrx_word' id='word_1_669' title='bbox 2171 4539 2338 4579; x_wconf 88' lang='lat' dir='ltr'>orem</span> <span class='ocrx_word' id='word_1_670' title='bbox 2366 4538 2540 4594; x_wconf 83' lang='lat' dir='ltr'>quam</span> <span class='ocrx_word' id='word_1_671' title='bbox 2572 4538 2711 4577; x_wconf 88' lang='lat' dir='ltr'>cum</span> <span class='ocrx_word' id='word_1_672' title='bbox 2757 4522 2816 4577; x_wconf 92' lang='lat' dir='ltr'>in</span> <span class='ocrx_word' id='word_1_673' title='bbox 2851 4521 3073 4577; x_wconf 91' lang='lat' dir='ltr'>mundo</span> <span class='ocrx_word' id='word_1_674' title='bbox 3119 4514 3586 4583; x_wconf 88' lang='lat' dir='ltr'>conversareris;</span> <span class='ocrx_word' id='word_1_675' title='bbox 3619 4517 3786 4570; x_wconf 90' lang='lat' dir='ltr'>tuam</span> 
     </span>
    </p>
   </div>
   <div class='ocr_carea' id='block_1_92' title="bbox 370 4601 2057 4687">
    <p class='ocr_par' dir='ltr' id='par_1_92' title="bbox 370 4601 2020 4687">
     <span class='ocr_line' id='line_1_92' title="bbox 370 4601 2020 4687; baseline 0.002 -26"><span class='ocrx_word' id='word_1_676' title='bbox 370 4604 569 4680; x_wconf 74' lang='grc' dir='ltr'>μέλαν,</span> <span class='ocrx_word' id='word_1_677' title='bbox 590 4608 729 4672; x_wconf 83' lang='grc' dir='ltr'>καθὰ</span> <span class='ocrx_word' id='word_1_678' title='bbox 756 4601 921 4680; x_wconf 74' lang='grc' dir='ltr'>ἔοικε,</span> <span class='ocrx_word' id='word_1_679' title='bbox 950 4607 1254 4679; x_wconf 85' lang='grc' dir='ltr'>πλουτοίης</span> <span class='ocrx_word' id='word_1_680' title='bbox 1283 4604 1476 4665; x_wconf 87' lang='grc' dir='ltr'>πλεῖον</span> <span class='ocrx_word' id='word_1_681' title='bbox 1507 4609 1674 4664; x_wconf 76' lang='grc' dir='ltr'>αὐτοῦ</span> <span class='ocrx_word' id='word_1_682' title='bbox 1722 4610 1786 4664; x_wconf 87' lang='grc' dir='ltr'>τὸ</span> <span class='ocrx_word' id='word_1_683' title='bbox 1825 4630 2020 4687; x_wconf 87' lang='grc' dir='ltr'>φωτει-</span> 
     </span>
    </p>
   </div>
   <div class='ocr_carea' id='block_1_93' title="bbox 2171 4601 3783 4687">
    <p class='ocr_par' dir='ltr' id='par_1_93' title="bbox 2176 4602 3783 4683">
     <span class='ocr_line' id='line_1_93' title="bbox 2176 4602 3783 4683; baseline -0.005 -17"><span class='ocrx_word' id='word_1_684' title='bbox 2176 4611 2425 4682; x_wconf 87' lang='lat' dir='ltr'>igritiem</span> <span class='ocrx_word' id='word_1_685' title='bbox 2455 4611 2541 4668; x_wconf 85' lang='lat' dir='ltr'>sic</span> <span class='ocrx_word' id='word_1_686' title='bbox 2568 4611 2768 4683; x_wconf 90' lang='lat' dir='ltr'>dilige,</span> <span class='ocrx_word' id='word_1_687' title='bbox 2801 4613 2868 4667; x_wconf 89' lang='lat' dir='ltr'>ut</span> <span class='ocrx_word' id='word_1_688' title='bbox 2910 4609 3110 4677; x_wconf 90' lang='lat' dir='ltr'>decet;</span> <span class='ocrx_word' id='word_1_689' title='bbox 3143 4607 3245 4663; x_wconf 92' lang='lat' dir='ltr'>sed</span> <span class='ocrx_word' id='word_1_690' title='bbox 3274 4605 3405 4661; x_wconf 88' lang='lat' dir='ltr'>luce</span> <span class='ocrx_word' id='word_1_691' title='bbox 3435 4604 3564 4675; x_wconf 85' lang='lat' dir='ltr'>ejus</span> <span class='ocrx_word' id='word_1_692' title='bbox 3595 4602 3783 4675; x_wconf 86' lang='lat' dir='ltr'>magis</span> 
     </span>
    </p>
   </div>
   <div class='ocr_carea' id='block_1_94' title="bbox 359 4692 2057 4772">
    <p class='ocr_par' dir='ltr' id='par_1_94' title="bbox 359 4692 2057 4772">
     <span class='ocr_line' id='line_1_94' title="bbox 359 4692 2057 4772; baseline 0.005 -26"><span class='ocrx_word' id='word_1_693' title='bbox 359 4692 478 4749; x_wconf 89' lang='grc' dir='ltr'>νόν·</span> <span class='ocrx_word' id='word_1_694' title='bbox 510 4694 601 4749; x_wconf 87' lang='grc' dir='ltr'>καὶ</span> <span class='ocrx_word' id='word_1_695' title='bbox 632 4695 709 4760; x_wconf 80' lang='grc' dir='ltr'>ὡς</span> <span class='ocrx_word' id='word_1_696' title='bbox 737 4694 799 4751; x_wconf 75' lang='grc' dir='ltr'>ἰκ</span> <span class='ocrx_word' id='word_1_697' title='bbox 829 4694 1089 4770; x_wconf 77' lang='grc' dir='ltr'>σιδήμευ,</span> <span class='ocrx_word' id='word_1_698' title='bbox 1128 4695 1358 4770; x_wconf 69' lang='grc' dir='ltr'>μέλανος</span> <span class='ocrx_word' id='word_1_699' title='bbox 1416 4698 1632 4760; x_wconf 85' lang='grc' dir='ltr'>πάντως</span> <span class='ocrx_word' id='word_1_700' title='bbox 1686 4699 1775 4753; x_wconf 84' lang='grc' dir='ltr'>καὶ</span> <span class='ocrx_word' id='word_1_701' title='bbox 1830 4698 2020 4772; x_wconf 80' lang='grc' dir='ltr'>αὐτοῦ,</span> <span class='ocrx_word' id='word_1_702' title='bbox 2055 4738 2057 4745; x_wconf 73' lang='grc' dir='ltr'>ι</span> 
     </span>
    </p>
   </div>
   <div class='ocr_carea' id='block_1_95' title="bbox 2171 4692 3781 4772">
    <p class='ocr_par' dir='ltr' id='par_1_95' title="bbox 2171 4692 3781 4771">
     <span class='ocr_line' id='line_1_95' title="bbox 2171 4692 3781 4771; baseline -0.004 -16"><span class='ocrx_word' id='word_1_703' title='bbox 2171 4700 2356 4769; x_wconf 87' lang='lat' dir='ltr'>iteris,</span> <span class='ocrx_word' id='word_1_704' title='bbox 2386 4706 2445 4758; x_wconf 90' lang='lat' dir='ltr'>et</span> <span class='ocrx_word' id='word_1_705' title='bbox 2489 4702 2675 4758; x_wconf 85' lang='lat' dir='ltr'>instar</span> <span class='ocrx_word' id='word_1_706' title='bbox 2725 4700 2870 4757; x_wconf 90' lang='lat' dir='ltr'>aciei</span> <span class='ocrx_word' id='word_1_707' title='bbox 2918 4699 3121 4771; x_wconf 64' lang='lat' dir='ltr'>nigrae,</span> <span class='ocrx_word' id='word_1_708' title='bbox 3154 4701 3219 4754; x_wconf 88' lang='lat' dir='ltr'>tu</span> <span class='ocrx_word' id='word_1_709' title='bbox 3262 4695 3417 4752; x_wconf 86' lang='lat' dir='ltr'>inter</span> <span class='ocrx_word' id='word_1_710' title='bbox 3445 4692 3781 4749; x_wconf 84' lang='lat' dir='ltr'>collisiones</span> 
     </span>
    </p>
   </div>
   <div class='ocr_carea' id='block_1_96' title="bbox 358 4780 2057 4863">
    <p class='ocr_par' dir='ltr' id='par_1_96' title="bbox 358 4780 2057 4862">
     <span class='ocr_line' id='line_1_96' title="bbox 358 4780 2057 4862; baseline 0.004 -25"><span class='ocrx_word' id='word_1_711' title='bbox 358 4780 414 4837; x_wconf 68' lang='grc' dir='ltr'>ἂν</span> <span class='ocrx_word' id='word_1_712' title='bbox 441 4784 770 4859; x_wconf 84' lang='grc' dir='ltr'>παρατρίψει</span> <span class='ocrx_word' id='word_1_713' title='bbox 806 4785 930 4862; x_wconf 82' lang='grc' dir='ltr'>βίου</span> <span class='ocrx_word' id='word_1_714' title='bbox 960 4786 1216 4861; x_wconf 75' lang='grc' dir='ltr'>τραχέος,</span> <span class='ocrx_word' id='word_1_715' title='bbox 1248 4784 1347 4841; x_wconf 77' lang='grc' dir='ltr'>ὅσα</span> <span class='ocrx_word' id='word_1_716' title='bbox 1390 4786 1483 4840; x_wconf 80' lang='grc' dir='ltr'>καὶ</span> <span class='ocrx_word' id='word_1_717' title='bbox 1526 4784 1808 4862; x_wconf 85' lang='grc' dir='ltr'>πυρίτιδος</span> <span class='ocrx_word' id='word_1_718' title='bbox 1862 4787 2018 4843; x_wconf 82' lang='grc' dir='ltr'>Λίθου</span> <span class='ocrx_word' id='word_1_719' title='bbox 2049 4790 2057 4804; x_wconf 85' lang='grc'><em>⁴</em></span> 
     </span>
    </p>
   </div>
   <div class='ocr_carea' id='block_1_97' title="bbox 2171 4780 3781 4863">
    <p class='ocr_par' dir='ltr' id='par_1_97' title="bbox 2171 4780 3781 4863">
     <span class='ocr_line' id='line_1_97' title="bbox 2171 4780 3781 4863; baseline -0.007 -17"><span class='ocrx_word' id='word_1_720' title='bbox 2171 4790 2328 4847; x_wconf 66' lang='lat' dir='ltr'>sculi</span> <span class='ocrx_word' id='word_1_721' title='bbox 2376 4790 2591 4863; x_wconf 88' lang='lat' dir='ltr'>asperi,</span> <span class='ocrx_word' id='word_1_722' title='bbox 2624 4790 2780 4846; x_wconf 89' lang='lat' dir='ltr'>sicut</span> <span class='ocrx_word' id='word_1_723' title='bbox 2819 4788 3036 4861; x_wconf 89' lang='lat' dir='ltr'>lapidis</span> <span class='ocrx_word' id='word_1_724' title='bbox 3083 4783 3338 4860; x_wconf 82' lang='lat' dir='ltr'>igniferi,</span> <span class='ocrx_word' id='word_1_725' title='bbox 3389 4781 3590 4840; x_wconf 85' lang='lat' dir='ltr'>emitte</span> <span class='ocrx_word' id='word_1_726' title='bbox 3623 4780 3781 4839; x_wconf 89' lang='lat' dir='ltr'>scin-</span> 
     </span>
    </p>
   </div>
   <div class='ocr_carea' id='block_1_98' title="bbox 354 4866 2057 4953">
    <p class='ocr_par' dir='ltr' id='par_1_98' title="bbox 354 4866 2018 4952">
     <span class='ocr_line' id='line_1_98' title="bbox 354 4866 2018 4952; baseline 0.004 -26"><span class='ocrx_word' id='word_1_727' title='bbox 354 4866 763 4948; x_wconf 72' lang='grc' dir='ltr'>πυρεκϐολοίης</span> <span class='ocrx_word' id='word_1_728' title='bbox 841 4874 1211 4948; x_wconf 79' lang='grc' dir='ltr'>ἐκπυρηνίζων</span> <span class='ocrx_word' id='word_1_729' title='bbox 1293 4874 1607 4952; x_wconf 70' lang='grc' dir='ltr'>σπινθῆρας,</span> <span class='ocrx_word' id='word_1_730' title='bbox 1667 4873 1738 4931; x_wconf 82' lang='grc' dir='ltr'>δι’</span> <span class='ocrx_word' id='word_1_731' title='bbox 1795 4877 1870 4932; x_wconf 84' lang='grc' dir='ltr'>ὧν</span> <span class='ocrx_word' id='word_1_732' title='bbox 1937 4876 2018 4948; x_wconf 71' lang='grc' dir='ltr'>ἐξ·</span> 
     </span>
    </p>
   </div>
   <div class='ocr_carea' id='block_1_99' title="bbox 2171 4866 3781 4953">
    <p class='ocr_par' dir='ltr' id='par_1_99' title="bbox 2171 4873 3781 4953">
     <span class='ocr_line' id='line_1_99' title="bbox 2171 4873 3781 4953; baseline -0.003 -21"><span class='ocrx_word' id='word_1_733' title='bbox 2171 4878 2287 4937; x_wconf 72' lang='lat' dir='ltr'>,llas</span> <span class='ocrx_word' id='word_1_734' title='bbox 2312 4881 2533 4953; x_wconf 91' lang='lat' dir='ltr'>quibus</span> <span class='ocrx_word' id='word_1_735' title='bbox 2561 4881 2916 4938; x_wconf 87' lang='lat' dir='ltr'>accendatur</span> <span class='ocrx_word' id='word_1_736' title='bbox 2934 4880 3175 4936; x_wconf 85' lang='lat' dir='ltr'>ﬂamma</span> <span class='ocrx_word' id='word_1_737' title='bbox 3200 4880 3369 4950; x_wconf 85' lang='lat' dir='ltr'>grata</span> <span class='ocrx_word' id='word_1_738' title='bbox 3396 4874 3515 4930; x_wconf 90' lang='lat' dir='ltr'>Deo</span> <span class='ocrx_word' id='word_1_739' title='bbox 3547 4873 3619 4930; x_wconf 87' lang='lat' dir='ltr'>ad</span> <span class='ocrx_word' id='word_1_740' title='bbox 3642 4888 3781 4928; x_wconf 88' lang='lat' dir='ltr'>con-</span> 
     </span>
    </p>
   </div>
   <div class='ocr_carea' id='block_1_100' title="bbox 357 4960 2057 5042">
    <p class='ocr_par' dir='ltr' id='par_1_100' title="bbox 357 4960 2019 5042">
     <span class='ocr_line' id='line_1_100' title="bbox 357 4960 2019 5042; baseline 0.002 -25"><span class='ocrx_word' id='word_1_741' title='bbox 357 4960 649 5018; x_wconf 77' lang='grc' dir='ltr'>ανάπτεται</span> <span class='ocrx_word' id='word_1_742' title='bbox 707 4960 843 5042; x_wconf 77' lang='grc' dir='ltr'>φλὸξ</span> <span class='ocrx_word' id='word_1_743' title='bbox 895 4967 1014 5036; x_wconf 83' lang='grc' dir='ltr'>8εῷ</span> <span class='ocrx_word' id='word_1_744' title='bbox 1064 4963 1361 5039; x_wconf 76' lang='grc' dir='ltr'>ἁρὲσκουσα</span> <span class='ocrx_word' id='word_1_745' title='bbox 1390 4963 1467 5028; x_wconf 76' lang='grc' dir='ltr'>εἰς</span> <span class='ocrx_word' id='word_1_746' title='bbox 1521 4963 1871 5039; x_wconf 82' lang='grc' dir='ltr'>ἀποτέλεσμα</span> <span class='ocrx_word' id='word_1_747' title='bbox 1926 4976 2019 5031; x_wconf 86' lang='grc' dir='ltr'>θυ-</span> 
     </span>
    </p>
   </div>
   <div class='ocr_carea' id='block_1_101' title="bbox 2171 4960 3778 5042">
    <p class='ocr_par' dir='ltr' id='par_1_101' title="bbox 2171 4961 3778 5040">
     <span class='ocr_line' id='line_1_101' title="bbox 2171 4961 3778 5040; baseline -0.005 -16"><span class='ocrx_word' id='word_1_748' title='bbox 2171 4968 2439 5026; x_wconf 88' lang='lat' dir='ltr'>ciendum</span> <span class='ocrx_word' id='word_1_749' title='bbox 2507 4969 2864 5026; x_wconf 83' lang='lat' dir='ltr'>sacriﬁcium</span> <span class='ocrx_word' id='word_1_750' title='bbox 2921 4966 3338 5040; x_wconf 87' lang='lat' dir='ltr'>vespertinum,</span> <span class='ocrx_word' id='word_1_751' title='bbox 3398 4961 3778 5029; x_wconf 83' lang='lat' dir='ltr'>sacriﬁcium,</span> 
     </span>
    </p>
   </div>
   <div class='ocr_carea' id='block_1_102' title="bbox 354 5050 2057 5132">
    <p class='ocr_par' dir='ltr' id='par_1_102' title="bbox 354 5050 2016 5132">
     <span class='ocr_line' id='line_1_102' title="bbox 354 5050 2016 5132; baseline 0.002 -26"><span class='ocrx_word' id='word_1_752' title='bbox 354 5050 477 5114; x_wconf 87' lang='grc' dir='ltr'>σίας</span> <span class='ocrx_word' id='word_1_753' title='bbox 536 5051 863 5127; x_wconf 65' lang='grc' dir='ltr'>ἂσπερινῆς·</span> <span class='ocrx_word' id='word_1_754' title='bbox 906 5051 1090 5115; x_wconf 88' lang='grc' dir='ltr'>θυσίας</span> <span class='ocrx_word' id='word_1_755' title='bbox 1144 5052 1603 5132; x_wconf 75' lang='grc' dir='ltr'>ἀνωφοριυμὲνης</span> <span class='ocrx_word' id='word_1_756' title='bbox 1656 5051 1746 5109; x_wconf 81' lang='grc' dir='ltr'>διὰ</span> <span class='ocrx_word' id='word_1_757' title='bbox 1800 5058 1910 5110; x_wconf 76' lang='grc' dir='ltr'>τῶν</span> <span class='ocrx_word' id='word_1_758' title='bbox 1962 5054 2016 5111; x_wconf 76' lang='grc' dir='ltr'>ἰν</span> 
     </span>
    </p>
   </div>
   <div class='ocr_carea' id='block_1_103' title="bbox 2171 5050 3782 5132">
    <p class='ocr_par' dir='ltr' id='par_1_103' title="bbox 2171 5050 3782 5130">
     <span class='ocr_line' id='line_1_103' title="bbox 2171 5050 3782 5130; baseline -0.006 -16"><span class='ocrx_word' id='word_1_759' title='bbox 2171 5060 2467 5130; x_wconf 72' lang='grc' dir='ltr'>ιῳιεω,ἰη</span> <span class='ocrx_word' id='word_1_760' title='bbox 2498 5059 2615 5116; x_wconf 86' lang='lat' dir='ltr'>alta</span> <span class='ocrx_word' id='word_1_761' title='bbox 2645 5059 2991 5126; x_wconf 89' lang='lat' dir='ltr'>ascendens,</span> <span class='ocrx_word' id='word_1_762' title='bbox 3007 5073 3109 5130; x_wconf 88' lang='lat' dir='ltr'>per</span> <span class='ocrx_word' id='word_1_763' title='bbox 3137 5056 3413 5111; x_wconf 88' lang='lat' dir='ltr'>virtutem</span> <span class='ocrx_word' id='word_1_764' title='bbox 3441 5057 3557 5111; x_wconf 68' lang='lat' dir='ltr'>tus</span> <span class='ocrx_word' id='word_1_765' title='bbox 3586 5050 3782 5108; x_wconf 81' lang='lat' dir='ltr'>carnis</span> 
     </span>
    </p>
   </div>
   <div class='ocr_carea' id='block_1_104' title="bbox 354 5139 2057 5219">
    <p class='ocr_par' dir='ltr' id='par_1_104' title="bbox 354 5139 2014 5219">
     <span class='ocr_line' id='line_1_104' title="bbox 354 5139 2014 5219; baseline 0.003 -26"><span class='ocrx_word' id='word_1_766' title='bbox 354 5139 440 5194; x_wconf 81' lang='grc' dir='ltr'>σοὶ</span> <span class='ocrx_word' id='word_1_767' title='bbox 475 5141 614 5197; x_wconf 70' lang='grc' dir='ltr'>κατὰ</span> <span class='ocrx_word' id='word_1_768' title='bbox 643 5139 815 5216; x_wconf 77' lang='grc' dir='ltr'>σάρκα</span> <span class='ocrx_word' id='word_1_769' title='bbox 844 5140 1147 5218; x_wconf 68' lang='grc' dir='ltr'>ἐνεργειῶν,</span> <span class='ocrx_word' id='word_1_770' title='bbox 1179 5139 1271 5198; x_wconf 73' lang='grc' dir='ltr'>ὅτε</span> <span class='ocrx_word' id='word_1_771' title='bbox 1317 5146 1600 5219; x_wconf 86' lang='grc' dir='ltr'>νεκροῦται</span> <span class='ocrx_word' id='word_1_772' title='bbox 1660 5143 1740 5215; x_wconf 86' lang='grc' dir='ltr'>τῷ</span> <span class='ocrx_word' id='word_1_773' title='bbox 1797 5143 2014 5217; x_wconf 84' lang='grc' dir='ltr'>κόσμῳ,</span> 
     </span>
    </p>
   </div>
   <div class='ocr_carea' id='block_1_105' title="bbox 2171 5139 3782 5219">
    <p class='ocr_par' dir='ltr' id='par_1_105' title="bbox 2171 5140 3782 5219">
     <span class='ocr_line' id='line_1_105' title="bbox 2171 5140 3782 5219; baseline -0.006 -16"><span class='ocrx_word' id='word_1_774' title='bbox 2171 5152 2362 5204; x_wconf 85' lang='lat' dir='ltr'>sccato</span> <span class='ocrx_word' id='word_1_775' title='bbox 2392 5153 2639 5205; x_wconf 62' lang='lat' dir='ltr'>mortua;</span> <span class='ocrx_word' id='word_1_776' title='bbox 2669 5167 2683 5217; x_wconf 91' lang='lat'><strong>;</strong></span> <span class='ocrx_word' id='word_1_777' title='bbox 2716 5152 2775 5205; x_wconf 90' lang='lat' dir='ltr'>et</span> <span class='ocrx_word' id='word_1_778' title='bbox 2813 5145 3237 5219; x_wconf 88' lang='lat' dir='ltr'>vespertinum,</span> <span class='ocrx_word' id='word_1_779' title='bbox 3271 5142 3409 5216; x_wconf 89' lang='lat' dir='ltr'>quia</span> <span class='ocrx_word' id='word_1_780' title='bbox 3438 5158 3509 5198; x_wconf 83' lang='lat' dir='ltr'><strong>ex</strong></span> <span class='ocrx_word' id='word_1_781' title='bbox 3532 5140 3654 5196; x_wconf 89' lang='lat' dir='ltr'>vita</span> <span class='ocrx_word' id='word_1_782' title='bbox 3684 5140 3782 5195; x_wconf 84' lang='lat' dir='ltr'>ab-</span> 
     </span>
    </p>
   </div>
   <div class='ocr_carea' id='block_1_106' title="bbox 357 5226 2057 5310">
    <p class='ocr_par' dir='ltr' id='par_1_106' title="bbox 357 5226 2016 5308">
     <span class='ocr_line' id='line_1_106' title="bbox 357 5226 2016 5308; baseline 0.002 -25"><span class='ocrx_word' id='word_1_783' title='bbox 357 5226 440 5291; x_wconf 75' lang='grc' dir='ltr'>ιῐς</span> <span class='ocrx_word' id='word_1_784' title='bbox 466 5229 559 5284; x_wconf 83' lang='grc' dir='ltr'>τὸν</span> <span class='ocrx_word' id='word_1_785' title='bbox 591 5232 870 5306; x_wconf 61' lang='grc' dir='ltr'>Ὕψιστον</span> <span class='ocrx_word' id='word_1_786' title='bbox 907 5228 1196 5307; x_wconf 71' lang='grc' dir='ltr'>ἰσπερινῆς</span> <span class='ocrx_word' id='word_1_787' title='bbox 1244 5227 1335 5287; x_wconf 83' lang='grc' dir='ltr'>8ιᾶ</span> <span class='ocrx_word' id='word_1_788' title='bbox 1386 5231 1450 5287; x_wconf 88' lang='grc' dir='ltr'>τὸ</span> <span class='ocrx_word' id='word_1_789' title='bbox 1502 5229 1564 5287; x_wconf 66' lang='grc' dir='ltr'>ἐκ</span> <span class='ocrx_word' id='word_1_790' title='bbox 1622 5232 1746 5307; x_wconf 87' lang='grc' dir='ltr'>βίου</span> <span class='ocrx_word' id='word_1_791' title='bbox 1773 5236 2016 5308; x_wconf 85' lang='grc' dir='ltr'>κρυπτοῦ</span> 
     </span>
    </p>
   </div>
   <div class='ocr_carea' id='block_1_107' title="bbox 2171 5226 3778 5310">
    <p class='ocr_par' dir='ltr' id='par_1_107' title="bbox 2171 5233 3778 5310">
     <span class='ocr_line' id='line_1_107' title="bbox 2171 5233 3778 5310; baseline -0.006 -17"><span class='ocrx_word' id='word_1_792' title='bbox 2171 5237 2375 5308; x_wconf 76' lang='lat' dir='ltr'>:ondit,</span> <span class='ocrx_word' id='word_1_793' title='bbox 2407 5242 2464 5294; x_wconf 88' lang='lat' dir='ltr'>et</span> <span class='ocrx_word' id='word_1_794' title='bbox 2502 5238 2744 5310; x_wconf 85' lang='lat' dir='ltr'>proinde</span> <span class='ocrx_word' id='word_1_795' title='bbox 2773 5238 2972 5309; x_wconf 84' lang='lat' dir='ltr'>aliquo</span> <span class='ocrx_word' id='word_1_796' title='bbox 3023 5235 3196 5292; x_wconf 87' lang='lat' dir='ltr'>modo</span> <span class='ocrx_word' id='word_1_797' title='bbox 3228 5237 3536 5300; x_wconf 88' lang='lat' dir='ltr'>nocturna,</span> <span class='ocrx_word' id='word_1_798' title='bbox 3567 5233 3626 5286; x_wconf 92' lang='lat' dir='ltr'>et</span> <span class='ocrx_word' id='word_1_799' title='bbox 3654 5243 3778 5284; x_wconf 90' lang='lat' dir='ltr'>ves-</span> 
     </span>
    </p>
   </div>
   <div class='ocr_carea' id='block_1_108' title="bbox 354 5316 2057 5398">
    <p class='ocr_par' dir='ltr' id='par_1_108' title="bbox 354 5316 2014 5398">
     <span class='ocr_line' id='line_1_108' title="bbox 354 5316 2014 5398; baseline 0.003 -27"><span class='ocrx_word' id='word_1_800' title='bbox 354 5316 445 5372; x_wconf 86' lang='grc' dir='ltr'>καὶ</span> <span class='ocrx_word' id='word_1_801' title='bbox 478 5316 622 5374; x_wconf 73' lang='grc' dir='ltr'>οὕτω</span> <span class='ocrx_word' id='word_1_802' title='bbox 677 5320 936 5396; x_wconf 76' lang='grc' dir='ltr'>νυκτέρου</span> <span class='ocrx_word' id='word_1_803' title='bbox 992 5319 1195 5396; x_wconf 89' lang='grc' dir='ltr'>τρόπον</span> <span class='ocrx_word' id='word_1_804' title='bbox 1249 5320 1373 5376; x_wconf 73' lang='grc' dir='ltr'>τινὰ</span> <span class='ocrx_word' id='word_1_805' title='bbox 1420 5319 1511 5376; x_wconf 82' lang='grc' dir='ltr'>καὶ</span> <span class='ocrx_word' id='word_1_806' title='bbox 1542 5319 1770 5396; x_wconf 69' lang='grc' dir='ltr'>ἐσπέρου</span> <span class='ocrx_word' id='word_1_807' title='bbox 1825 5321 2014 5398; x_wconf 82' lang='grc' dir='ltr'>προϊέ-</span> 
     </span>
    </p>
   </div>
   <div class='ocr_carea' id='block_1_109' title="bbox 2171 5316 2843 5398">
    <p class='ocr_par' dir='ltr' id='par_1_109' title="bbox 2171 5324 2843 5384">
     <span class='ocr_line' id='line_1_109' title="bbox 2171 5324 2843 5384; baseline 0.003 -3"><span class='ocrx_word' id='word_1_808' title='bbox 2171 5324 2351 5383; x_wconf 74' lang='lat' dir='ltr'>srtiaa</span> <span class='ocrx_word' id='word_1_809' title='bbox 2379 5327 2497 5384; x_wconf 87' lang='lat' dir='ltr'>exit</span> <span class='ocrx_word' id='word_1_810' title='bbox 2522 5328 2596 5383; x_wconf 87' lang='lat' dir='ltr'>ad</span> <span class='ocrx_word' id='word_1_811' title='bbox 2627 5326 2843 5383; x_wconf 90' lang='lat' dir='ltr'>lucem.</span> 
     </span>
    </p>
   </div>
   <div class='ocr_carea' id='block_1_110' title="bbox 352 5411 830 5484">
    <p class='ocr_par' dir='ltr' id='par_1_110' title="bbox 352 5411 830 5484">
     <span class='ocr_line' id='line_1_110' title="bbox 352 5411 830 5484; baseline 0.01 -23"><span class='ocrx_word' id='word_1_812' title='bbox 352 5426 436 5461; x_wconf 83' lang='grc' dir='ltr'>ναι</span> <span class='ocrx_word' id='word_1_813' title='bbox 468 5411 830 5484; x_wconf 82' lang='grc' dir='ltr'>φωτοφανῶς.</span> 
     </span>
    </p>
   </div>
   <div class='ocr_carea' id='block_1_111' title="bbox 427 5494 2010 5576">
    <p class='ocr_par' dir='ltr' id='par_1_111' title="bbox 427 5494 2010 5576">
     <span class='ocr_line' id='line_1_111' title="bbox 427 5494 2010 5576; baseline 0.003 -26"><span class='ocrx_word' id='word_1_814' title='bbox 427 5502 547 5568; x_wconf 88' lang='grc' dir='ltr'>ρια’.</span> <span class='ocrx_word' id='word_1_815' title='bbox 585 5495 662 5551; x_wconf 80' lang='grc' dir='ltr'>Σὺ</span> <span class='ocrx_word' id='word_1_816' title='bbox 692 5494 751 5552; x_wconf 78' lang='grc' dir='ltr'>δὲ</span> <span class='ocrx_word' id='word_1_817' title='bbox 779 5495 926 5554; x_wconf 81' lang='grc' dir='ltr'>ἀλλὰ</span> <span class='ocrx_word' id='word_1_818' title='bbox 953 5496 1015 5552; x_wconf 85' lang='grc' dir='ltr'>τὸ</span> <span class='ocrx_word' id='word_1_819' title='bbox 1043 5503 1144 5568; x_wconf 84' lang='grc' dir='ltr'>τῆς</span> <span class='ocrx_word' id='word_1_820' title='bbox 1193 5496 1508 5576; x_wconf 79' lang='grc' dir='ltr'>ἀμφιάσεως</span> <span class='ocrx_word' id='word_1_821' title='bbox 1569 5496 1735 5572; x_wconf 86' lang='grc' dir='ltr'>μέλαν</span> <span class='ocrx_word' id='word_1_822' title='bbox 1792 5498 1883 5554; x_wconf 83' lang='grc' dir='ltr'>καὶ</span> <span class='ocrx_word' id='word_1_823' title='bbox 1933 5499 2010 5563; x_wconf 84' lang='grc' dir='ltr'>είς</span> 
     </span>
    </p>
   </div>
   <div class='ocr_carea' id='block_1_112' title="bbox 351 5580 2017 5661">
    <p class='ocr_par' dir='ltr' id='par_1_112' title="bbox 351 5580 2017 5661">
     <span class='ocr_line' id='line_1_112' title="bbox 351 5580 2017 5661; baseline 0.004 -24"><span class='ocrx_word' id='word_1_824' title='bbox 351 5580 795 5660; x_wconf 69' lang='grc' dir='ltr'>ἆπαρῥησιάστου</span> <span class='ocrx_word' id='word_1_825' title='bbox 846 5590 991 5656; x_wconf 84' lang='grc' dir='ltr'>ζωῆς</span> <span class='ocrx_word' id='word_1_826' title='bbox 1022 5582 1250 5661; x_wconf 72' lang='grc' dir='ltr'>έκδέχου</span> <span class='ocrx_word' id='word_1_827' title='bbox 1294 5580 1718 5661; x_wconf 71' lang='grc' dir='ltr'>σύμϐολον,καὶ</span> <span class='ocrx_word' id='word_1_828' title='bbox 1768 5594 1872 5657; x_wconf 91' lang='grc' dir='ltr'>τῆς</span> <span class='ocrx_word' id='word_1_829' title='bbox 1920 5586 2017 5644; x_wconf 51' lang='grc' dir='ltr'>ἐνί</span> 
     </span>
    </p>
   </div>
   <div class='ocr_carea' id='block_1_113' title="bbox 351 5673 2009 5753">
    <p class='ocr_par' dir='ltr' id='par_1_113' title="bbox 351 5673 2009 5753">
     <span class='ocr_line' id='line_1_113' title="bbox 351 5673 2009 5753; baseline 0.003 -26"><span class='ocrx_word' id='word_1_830' title='bbox 351 5674 535 5738; x_wconf 83' lang='grc' dir='ltr'>τεῦθεν</span> <span class='ocrx_word' id='word_1_831' title='bbox 591 5673 954 5753; x_wconf 73' lang='grc' dir='ltr'>ἰπικρόψεως.</span> <span class='ocrx_word' id='word_1_832' title='bbox 1010 5674 1303 5749; x_wconf 64' lang='grc' dir='ltr'>Μέμνησαι</span> <span class='ocrx_word' id='word_1_833' title='bbox 1352 5677 1478 5752; x_wconf 81' lang='grc' dir='ltr'>γὰρ,</span> <span class='ocrx_word' id='word_1_834' title='bbox 1530 5676 1705 5751; x_wconf 72' lang='grc' dir='ltr'>οἶμαι,</span> <span class='ocrx_word' id='word_1_835' title='bbox 1765 5674 1847 5733; x_wconf 72' lang='grc' dir='ltr'>ὅτι</span> <span class='ocrx_word' id='word_1_836' title='bbox 1895 5696 2009 5732; x_wconf 88' lang='grc' dir='ltr'>κει-</span> 
     </span>
    </p>
   </div>
   <div class='ocr_carea' id='block_1_114' title="bbox 2193 5496 3766 5578">
    <p class='ocr_par' dir='ltr' id='par_1_114' title="bbox 2193 5496 3766 5578">
     <span class='ocr_line' id='line_1_114' title="bbox 2193 5496 3766 5578; baseline -0.005 -18"><span class='ocrx_word' id='word_1_837' title='bbox 2193 5505 2314 5561; x_wconf 86' lang='grc'>111.</span> <span class='ocrx_word' id='word_1_838' title='bbox 2345 5504 2597 5562; x_wconf 90' lang='lat' dir='ltr'>Aliunde</span> <span class='ocrx_word' id='word_1_839' title='bbox 2648 5505 2878 5578; x_wconf 89' lang='lat' dir='ltr'>nigram</span> <span class='ocrx_word' id='word_1_840' title='bbox 2926 5505 3147 5561; x_wconf 86' lang='lat' dir='ltr'>vestem</span> <span class='ocrx_word' id='word_1_841' title='bbox 3195 5498 3391 5572; x_wconf 85' lang='lat' dir='ltr'>accipe</span> <span class='ocrx_word' id='word_1_842' title='bbox 3436 5496 3496 5553; x_wconf 91' lang='lat' dir='ltr'>in</span> <span class='ocrx_word' id='word_1_843' title='bbox 3527 5496 3766 5570; x_wconf 86' lang='lat' dir='ltr'>signum</span> 
     </span>
    </p>
   </div>
   <div class='ocr_carea' id='block_1_115' title="bbox 2116 5585 3765 5656">
    <p class='ocr_par' dir='ltr' id='par_1_115' title="bbox 2116 5585 3765 5656">
     <span class='ocr_line' id='line_1_115' title="bbox 2116 5585 3765 5656; baseline -0.005 -10"><span class='ocrx_word' id='word_1_844' title='bbox 2116 5590 2245 5647; x_wconf 64' lang='lat' dir='ltr'>vita</span> <span class='ocrx_word' id='word_1_845' title='bbox 2288 5593 2567 5649; x_wconf 67' lang='lat' dir='ltr'>modeste</span> <span class='ocrx_word' id='word_1_846' title='bbox 2611 5598 2672 5650; x_wconf 88' lang='lat' dir='ltr'>et</span> <span class='ocrx_word' id='word_1_847' title='bbox 2700 5591 3076 5650; x_wconf 63' lang='lat' dir='ltr'>absconditae.</span> <span class='ocrx_word' id='word_1_848' title='bbox 3122 5587 3436 5645; x_wconf 84' lang='lat' dir='ltr'>Meministi</span> <span class='ocrx_word' id='word_1_849' title='bbox 3483 5587 3663 5656; x_wconf 91' lang='lat' dir='ltr'>enim,</span> <span class='ocrx_word' id='word_1_850' title='bbox 3701 5585 3765 5639; x_wconf 92' lang='lat' dir='ltr'>ut</span> 
     </span>
    </p>
   </div>
   <div class='ocr_carea' id='block_1_116' title="bbox 2118 5675 3758 5751">
    <p class='ocr_par' dir='ltr' id='par_1_116' title="bbox 2118 5675 3758 5751">
     <span class='ocr_line' id='line_1_116' title="bbox 2118 5675 3758 5751; baseline -0.002 -15"><span class='ocrx_word' id='word_1_851' title='bbox 2118 5679 2387 5751; x_wconf 85' lang='lat' dir='ltr'>arbitror,</span> <span class='ocrx_word' id='word_1_852' title='bbox 2447 5685 2506 5739; x_wconf 85' lang='lat' dir='ltr'>te</span> <span class='ocrx_word' id='word_1_853' title='bbox 2562 5682 2624 5739; x_wconf 87' lang='lat' dir='ltr'>in</span> <span class='ocrx_word' id='word_1_854' title='bbox 2675 5686 2921 5740; x_wconf 84' lang='lat' dir='ltr'>tonsura</span> <span class='ocrx_word' id='word_1_855' title='bbox 2975 5676 3320 5751; x_wconf 81' lang='lat' dir='ltr'>loquacitati</span> <span class='ocrx_word' id='word_1_856' title='bbox 3389 5675 3758 5744; x_wconf 81' lang='lat' dir='ltr'>valedixisse,</span> 
     </span>
    </p>
   </div>
  </div>
