4104 6210
351 306 469 370 819

1123 301 1544 368 EUSTATHII
1589 297 2228 362 THESSALONICEN
2239 298 2354 360 SIS
2404 295 2984 361 METROPOLITJE

3651 68 3658 72 '
3709 66 3796 86 ἰ’,Ἶ

3709 66 3796 86 ’.“,Ἶ

3709 95 3734 114 ~.
3773 66 4021 222 «WE

3949 131 3956 140 ,

3977 153 3984 162 .

3949 131 3956 140 ι

3651 297 3768 356 820

350 441 652 512 sioutjam
685 438 964 504 diximus,
999 442 1064 494 ut
1107 438 1419 510 repudiata
1451 438 1566 493 ista
1596 432 1882 504 saeculari,
1914 431 2001 488 di-

2121 430 2345 504 ρόμενος
2405 429 2647 501 ἀπελέξω
2704 429 2795 485 καὶ
2841 430 2941 499 τὴν
2999 429 3320 506 παρρησίαν,
3380 430 3454 491 ὠς
3497 429 3589 483 καὶ
3648 406 3771 503 chai-

348 530 549 590 Vinam
601 531 883 586 invenias.
941 529 1308 584 Abscondere
1338 545 1474 600 ergo
1532 526 1899 598 plerumque,
1946 528 2002 577 et

352 619 661 690 exstingue
692 618 953 674 animum
975 618 1426 688 jactabundum,
1457 625 1518 671 ut
1549 616 1607 670 in
1642 616 1809 670 terris
1839 629 1999 668 acce-

353 713 454 780 pta
485 709 748 763 mercede
796 706 1015 779 glorias,
1048 704 1185 760 alibi
1237 722 1351 760 non
1385 703 1608 760 incidas
1638 703 1697 758 in
1729 705 2001 759 tenebras

352 794 656 850 obscuras.
719 793 1035 848 Considera
1091 791 1269 847 etiam
1319 792 1546 864 nigram
1601 791 1758 846 intus
1816 791 2000 847 videri

352 899 727 953 quacumque
777 897 1048 951 magnam
1095 879 1463 950 speluncam,
1515 880 1654 950 quia
1709 895 1822 934 non
1868 878 2000 933 illu-

351 972 612 1024 minatur
659 985 757 1024 aer
801 967 1064 1034 interior,
1099 984 1212 1022 non
1265 967 1708 1038 attingentibus,
1744 983 1847 1022 nec
1879 983 2003 1038 per-

352 1058 709 1125 meantibus,
747 1073 850 1112 nec
906 1057 1352 1112 transeuntibus
1401 1056 1542 1112 solis
1574 1056 1773 1112 radiis.
1807 1056 1873 1110 Et
1905 1056 2005 1110 ite-

351 1162 481 1202 rum
514 1146 659 1202 scito
691 1146 886 1202 simile
917 1145 1138 1217 aliquid
1172 1162 1300 1201 esse
1333 1146 1621 1200 mundum
1653 1161 1784 1199 cum
1819 1144 2004 1216 nigris

349 1235 714 1291 indumentis
763 1235 916 1290 inter
966 1235 1195 1290 fratres.
1249 1235 1326 1288 lis
1375 1234 1531 1289 enim
1582 1234 1826 1288 indutus
1885 1251 2005 1288 ma-

350 1339 503 1395 gnus
535 1323 1000 1393 monachusjam
1027 1339 1140 1378 non
1173 1321 1337 1377 facile
1354 1321 1536 1376 videri
1559 1321 1734 1376 debet
1762 1320 1819 1375 in
1839 1337 2006 1375 mun-

353 1412 506 1467 dana
535 1411 996 1467 conversatione.
1031 1411 1424 1466 Absconditus
1454 1427 1516 1466 es
1546 1409 1722 1479 igitur
1753 1409 1807 1463 in
1837 1426 2004 1464 sacra

350 1499 609 1572 nigritie,
656 1500 813 1556 velut
843 1500 902 1554 in
952 1499 1251 1572 spelunca.
1285 1499 1370 1566 ,Et
1401 1499 1538 1570 quid
1586 1497 1644 1552 in
1700 1497 1999 1569 spelunca,

347 1587 409 1643 in
466 1588 808 1654 solitudine,
867 1587 927 1642 in
1001 1588 1356 1643 habitatione
1427 1588 1683 1658 teipsum
1741 1586 2003 1641 ostendis

350 1678 593 1743 mundo,
627 1679 795 1748 quasi
847 1677 1090 1732 domum
1141 1675 1457 1746 bajulans?
1507 1675 1579 1730 Ut
1607 1675 1747 1747 quid
1798 1676 2004 1730 trium-

349 1766 579 1837 pharis,
631 1765 795 1836 quasi
857 1765 956 1836 qui
1012 1768 1353 1835 arroganter
1401 1762 1674 1833 incedit}?
1723 1762 1805 1818 Ita
1853 1763 2001 1834 agis,

349 1854 518 1925 quasi
554 1853 775 1925 aliquid
828 1853 1150 1925 pretiosum
1204 1851 1314 1907 sub
1365 1851 1712 1923 supellectili
1761 1850 1837 1905 sit
1867 1852 2002 1906 abs-

349 1943 670 2009 conditum,
731 1958 802 1997 ne
859 1941 1146 2009 videatur,
1209 1947 1269 1996 et
1325 1941 1539 1996 deinde
1597 1940 2006 1996 manifestatur

351 2037 553 2085 contra
579 2030 742 2101 prius
791 2029 1125 2085 consilium.
1180 2028 1281 2084 Vel
1310 2029 1451 2100 quid
1484 2044 1632 2099 opus
1661 2033 1786 2083 erat
1815 2033 1870 2083 te
1901 2028 2002 2083 ab-

352 2119 522 2175 condi
567 2119 626 2173 in
674 2117 982 2190 principio,
1015 2118 1064 2174 si
1096 2117 1208 2173 isto
1258 2117 1431 2174 modo
1463 2117 1520 2172 in
1573 2115 1772 2172 oculos
1799 2117 2006 2173 cadere

350 2208 586 2265 volebas
605 2207 633 2262 ?

425 2386 545 2442 112.
578 2389 836 2457 Squama
867 2385 1134 2457 quasdam
1168 2389 1256 2440 est
1283 2388 1385 2440 tua
1417 2385 1667 2440 exterior
1697 2383 1998 2456 nigrities;

347 2475 503 2530 intra
534 2491 661 2530 eam
693 2480 750 2530 te
795 2475 1060 2530 habitare
1107 2477 1353 2546 oportet,
1398 2480 1464 2528 ut
1492 2472 1669 2528 talem
1703 2473 1998 2528 hominem

348 2564 533 2619 decet.
587 2565 716 2634 Ipsa
747 2567 836 2618 est
883 2563 1049 2633 quasi
1081 2561 1300 2617 concha
1350 2562 1499 2617 circa
1527 2566 1584 2617 te
1616 2577 1628 2615 :
1664 2578 1735 2616 ne
1780 2561 1999 2633 cogites

346 2652 528 2723 igitur
572 2652 791 2706 bonum
838 2667 966 2706 esse
995 2654 1052 2705 te
1099 2649 1290 2705 solum
1323 2648 1526 2718 videri,
1560 2651 1662 2706 sed
1712 2650 1901 2722 magis
1931 2667 2000 2705 ea

347 2741 631 2796 abscondi
665 2740 986 2795 secundum
1019 2755 1222 2794 verum
1256 2738 1574 2794 hominem.
1597 2739 1808 2795 Cortici
1839 2739 1998 2793 simi-

347 2829 422 2884 lis
457 2833 581 2894 est;
637 2845 778 2883 cura
827 2844 962 2900 ergo
1008 2828 1078 2882 de
1108 2828 1300 2882 fructu
1353 2829 1604 2883 maxime
1644 2827 1996 2895 necessario,

349 2917 520 2987 cujus
551 2918 739 2987 gratia
785 2921 981 2972 cortex
1030 2916 1217 2971 factus
1247 2921 1360 2971 est.
1419 2917 1500 2971 Te
1529 2917 1726 2987 ipsum
1770 2915 1996 2982 velasti,

347 3021 473 3060 cum
504 3004 864 3077 proposuisti
912 3004 1211 3060 abscondi.
1243 3006 1358 3060 Cur
1383 3005 1676 3076 appares?
1714 3006 1891 3060 Existi
1925 3005 1997 3060 de

345 3094 568 3149 mundo
604 3111 616 3148 :
649 3109 754 3149 cur
781 3093 995 3148 videris
1021 3092 1401 3165 importune?
1431 3094 1511 3148 Te
1542 3094 1759 3148 indicet
1788 3093 1991 3162 virtus,

2112 540 2296 582 σαντες
2357 517 2727 593 εἶ’πομεδ·⁹ίνα
2784 518 2835 573 ἐν
2892 522 2971 590 τῷ
3016 517 3214 588 ταύτην
3253 518 3522 593 βιωτικῶς
3580 537 3772 592 παραιο

2108 610 2372 680 στήσασθαι
2427 620 2526 679 την
2588 610 2721 685 πρὸς
2779 609 2906 664 Θεὸν
2954 609 3227 683 εὑρήσεις.
3259 607 3468 664 Οὐκοῦν
3527 607 3768 682 κρύπτει-δ

2108 699 2174 753 τὰ
2230 697 2428 770 πλείω,
2460 699 2558 767 τήν
2619 694 2924 775 Θρυαλλίδα
2978 701 3074 752 τοῦ
3132 701 3512 768 φανητιασμοῦ
3543 694 3767 751 συστέλ-

2112 785 2248 853 λων,
2274 784 2368 841 ἵνα
2400 789 2475 860 μή
2507 787 2599 842 τὸν
2634 786 2823 860 μισθὸν
2883 789 2982 851 τῆς
3043 783 3305 858 λάμψεως
3354 785 3619 860 ἀποσχὼν
3681 783 3768 838 ἐν·

2107 879 2300 944 ταῦθα,
2387 875 2461 936 είς
2545 873 2792 946 ἀλαμπὲς
2872 873 2984 928 ἐκεῖ
3070 875 3260 935 σκότος
3329 873 3766 949 ἀποκληρωθῇς.

2111 965 2229 1019 Ἔτι
2288 961 2598 1042 φιλοσόφει,
2645 964 2732 1018 καὶ
2808 964 2892 1017 ὅτι
2975 962 3142 1036 μέλαν
3197 961 3552 1039 προφαίνεται
3625 963 3766 1017 ἅπαν

2115 1053 2256 1127 μέγα
2283 1051 2554 1123 σπήλαιον
2582 1054 2650 1107 τά
2679 1074 2742 1126 γε
2769 1050 2918 1113 ἐντὸς
2951 1048 3040 1106 διὰ
3067 1052 3129 1106 τὸ
3160 1055 3257 1106 τοῦ
3287 1050 3337 1105 ἐν
3379 1050 3526 1124 αὖτῷ
3583 1049 3766 1128 ἀέρος,

2114 1142 2440 1217 ἀφώτιστον.
2474 1141 2552 1199 Οὐ
2583 1141 2684 1217 γάρ
2715 1138 2995 1196 διικνεῖται
3046 1143 3115 1214 τῇ
3166 1139 3295 1211 θίξει
3349 1140 3438 1195 xui
3500 1140 3575 1202 είς
3635 1138 3768 1194 αὐτὸ

2112 1225 2459 1286 ἀκτινοϐολία
2515 1229 2678 1300 ἡλίου
2735 1230 3088 1309 φωτίζοντος.
3124 1229 3328 1285 Αὐτίκα
3390 1227 3447 1284 δὲ
3495 1243 3769 1307 συμφιλο-

2112 1318 2262 1397 σόφει
2295 1321 2383 1374 καὶ
2419 1319 2778 1375 δτιτοιοῦτόν
2824 1341 2876 1374 τι
2907 1318 2997 1373 καὶ
3055 1321 3084 1374 ὁ
3145 1315 3235 1373 διὰ
3284 1318 3520 1391 μὲΛανος
3577 1320 3767 1391 ἱματι-

2113 1412 2254 1481 σμοῦ
2297 1408 2502 1481 κόσμος
2553 1408 2604 1462 ὲν
2652 1413 2770 1470 τοῖς
2819 1408 2954 1462 κατὰ
2984 1405 3060 1467 σὲ.
3091 1404 3320 1469 Ὑποδὺς
3377 1407 3480 1482 γὰρ
3531 1407 3691 1462 αὐτὸν
3742 1409 3770 1462 ὁ

2115 1497 2284 1572 μέγας
2365 1498 2626 1574 μοναχὸς,
2686 1495 2864 1552 οὐκέτι
2946 1496 3072 1573 ῥᾷον
3159 1495 3371 1574 ὀφείλεε
3439 1497 3771 1573 καθορᾶσθαι

2111 1587 2247 1662 πρὸς
2301 1587 2568 1659 κοσμικὴν
2632 1587 2936 1656 συνήθειαν.
2968 1585 3175 1643 Οὐκοῦν
3227 1583 3462 1659 ἑκρῦϐης
3520 1585 3612 1640 καὶ
3674 1587 3768 1639 αὑ-

2110 1676 2221 1743 τὸς,
2255 1675 2328 1738 ὡς
2361 1674 2412 1729 ἐν
2447 1673 2724 1747 σπηλαίῳ,
2755 1679 2837 1747 τῷ
2867 1674 2994 1748 θείῳ
3048 1672 3292 1747 μὲλαντι.
3325 1673 3392 1730 Τί
3433 1679 3564 1750 γοῦν
3622 1673 3769 1748 αὐτῷ

2112 1762 2390 1836 σπηλαίῳ,
2441 1762 2578 1830 αὐτῇ
2626 1763 2976 1840 κατακρύψει,
3030 1762 3167 1837 αὐτῇ
3227 1762 3493 1834 ἐνοικήσει
3547 1765 3768 1819 σεαυτὸν

2115 1851 2380 1928 ἐκφαίνεις
2430 1856 2509 1924 τῷ
2569 1851 2784 1925 κόσμῳ,
2819 1852 2894 1914 ὡς
2944 1852 3031 1906 οἷα
3088 1852 3390 1929 φερέοικος,
3426 1853 3515 1907 καὶ
3572 1853 3769 1928 θριαμ-

2114 1936 2310 2011 ϐεύεις,
2355 1941 2428 2004 ὡς
2481 1938 2975 2015 λαμπρυνάμενος
3009 1939 3204 2013 ὅμοιόν
3259 1963 3313 1996 τι
3365 1946 3562 2012 ποιῶν,
3592 1942 3666 2003 ὡς
3725 1941 3768 1996 εἰ

2113 2030 2201 2084 καί
2232 2051 2283 2084 τι
2315 2034 2422 2084 τῶν
2452 2027 2899 2104 τιμαλφεστὲρων
2933 2024 3126 2105 κρυϐὲν
3185 2028 3287 2085 ὑπό
3341 2051 3391 2084 τι
3452 2033 3661 2098 σκεῦος,
3695 2030 3768 2091 ὡς

2111 2119 2200 2174 καὶ
2261 2118 2561 2188 λανθάνειν,
2595 2119 2708 2173 εἶτα
2765 2115 3149 2192 δημοσιεῦεται
3204 2120 3352 2192 παρά
3397 2121 3496 2189 τὴν
3533 2119 3765 2195 ἰξαρχῆς

2111 2207 2483 2282 πρόθεσιν.“ΙΙ
2511 2206 2563 2261 τί
2595 2228 2727 2262 ποτε
2776 2207 2865 2261 xui
2923 2205 3253 2282 κρόπτεσθαί
3312 2228 3368 2262 σε
3424 2208 3523 2277 τὴν
3585 2206 3764 2282 ἀρχὴν

2111 2295 2302 2372 ἐχρῆν,
2338 2297 2381 2351 εἰ
2416 2295 2588 2358 οὕτως
2619 2293 2813 2366 ἤθελες
2841 2291 3262 2371 περιϐλέπεσθαι
3287 2315 3303 2365 ;

2183 2386 2307 2462 ριβ’.
2343 2384 2588 2463 Κέλυφος
2622 2388 2738 2440 οἷον
2791 2385 2852 2439 τὸ
2911 2384 2961 2440 ἰν
3022 2384 3107 2439 σοὶ
3164 2383 3607 2462 προφαινόμενον
3670 2385 3766 2458 μὲ⁴

2110 2472 2232 2546 λαν,
2264 2474 2354 2529 καὶ
2400 2476 2512 2549 χρή
2580 2472 2729 2536 ἐντὸς
2786 2472 2950 2528 αὐτοῦ
3005 2474 3351 2537 κατακεῖσθαί
3410 2493 3488 2541 σε,
3546 2473 3624 2538 ὡς
3674 2475 3755 2528 dv-

2107 2563 2312 2637 Θρώπῳ
2341 2562 2545 2639 πρέπον
2596 2562 2852 2636 τοιούτῳ.
2902 2561 3151 2636 Λὲπυρον
3213 2563 3394 2637 ὥσπερ
3453 2562 3586 2618 αὐτὸ
3642 2565 3756 2639 περὶ

2106 2653 2183 2707 σε’
2219 2651 2339 2716 ὅθεν
2387 2652 2451 2707 οὐ
2483 2652 2595 2728 χρὴ
2627 2657 2896 2727 περινοεῖν
2958 2672 3014 2706 σε
3070 2651 3134 2706 τὸ
3183 2651 3349 2706 καλὸν
3405 2649 3457 2705 ἒν
3500 2655 3581 2722 τῷ
3635 2672 3761 2725 προ-

2105 2741 2418 2820 φαινομένῳ
2456 2743 2544 2796 καὶ
2601 2741 2772 2814 μόνῷ,
2797 2738 2942 2796 ἀλλὰ
2994 2737 3232 2814 μάλιστα
3284 2739 3338 2794 ἐν
3392 2745 3473 2813 τῷ
3530 2761 3758 2814 κρυπτο’

2109 2831 2255 2904 μὲνῳ
2287 2827 2356 2884 δι’
2389 2829 2552 2884 αὐτοῦ
2609 2830 2723 2884 κατ’
2755 2829 3036 2905 ἄνθρωπον
3097 2829 3189 2883 τὸν
3245 2823 3439 2890 ὅντως.
3493 2835 3752 2904 [lepiqu-

2105 2919 2215 2992 πίῳ
2270 2914 2463 2974 ἔοικεν.
2493 2916 2798 2992 Ἐπιμελοῦ
2835 2917 3015 2972 τοίνυν
3060 2921 3155 2972 τοῦ
3201 2921 3412 2993 καρποῦ
3442 2921 3538 2972 τοῦ
3602 2919 3754 2992 ἀναγε

2104 3007 2391 3064 καιοτάτου
2441 3007 2530 3063 καὶ
2589 3007 2650 3062 οὗ
2709 3008 2870 3084 χάριν
2926 3007 2990 3062 τὸ
3049 3007 3430 3083 περικάρπιον.
3463 3008 3752 3082 Ἠφάνισας

2105 3099 2324 3152 σεαυτὸν
2375 3100 2443 3170 τῇ
2495 3096 2746 3172 προθέσει
2801 3100 2898 3151 τοῦ
2953 3095 3300 3169 κρύπτεσθαι.
3334 3095 3400 3153 Τί
3454 3093 3521 3165 δὴ
3582 3117 3753 3172 φανη-

344 3183 547 3254 sicque
573 3199 689 3238 non
715 3181 1306 3254 apparebislibenter.
1326 3182 1451 3238 Alio
1484 3183 1655 3238 modo
1677 3183 1835 3238 enim
1868 3200 1992 3238 ma-

2114 3191 2258 3257 ιιᾷς;
2291 3160 2450 3246 Ἕδυις
2516 3160 2575 3240 ἐκ
2627 3184 2723 3240 τοῦ
2779 3160 3009 3257 κόσμου..
3041 3183 3102 3238 Τί
3151 3189 3282 3261 γοῦν
3338 3160 3560 3263 ἐκφαίνῃ
3595 3160 3758 3260 ’παρὰ

343 3272 679 3338 nifestatus,
701 3287 816 3344 non
851 3271 1049 3326 differs
1069 3271 1140 3326 ab
1172 3271 1256 3327 eis
1287 3272 1387 3342 qui
1419 3273 1723 3327 vendenda
1754 3273 1810 3326 in
1842 3289 1997 3327 com-

339 3361 479 3432 pitis
503 3361 802 3432 jactilant.
846 3360 1120 3415 Ardorem
1173 3361 1540 3416 mundanum
1589 3359 1748 3415 velut
1776 3361 1887 3416 sub
1919 3361 1998 3415 ci-

339 3467 476 3505 nere
509 3449 899 3515 abscondisti,
931 3465 1063 3503 cum
1090 3449 1206 3504 Deo
1229 3450 1472 3504 devotus
1502 3464 1561 3503 es
1587 3466 1600 3516 ;
1628 3465 1788 3504 serva
1820 3450 2000 3520 igitur

338 3555 473 3594 eum
505 3543 770 3610 tempore
824 3542 1152 3609 Opportuno
1203 3537 1576 3594 excitandum
1615 3553 1628 3592 :
1663 3554 1795 3592 ama
1825 3537 2001 3608 igitur

336 3627 488 3683 liber
516 3644 663 3683 esse.
719 3625 1042 3681 Crucifixus
1073 3642 1156 3692 es,
1191 3626 1343 3681 sicut
1395 3643 1426 3681 a
1459 3625 1746 3698 principio
1779 3626 1835 3680 in
1867 3630 1998 3681 ton-

342 3732 482 3772 sura
513 3715 900 3788 spopondisti.
959 3714 1065 3770 Ubi
1115 3731 1250 3785 ergo
1297 3715 1549 3787 negotia,
1583 3721 1684 3770 aut
1730 3714 2001 3771 homines

344 3806 413 3860 ad
445 3810 501 3860 te
546 3805 804 3860 clamant
837 3821 850 3858 :
891 3827 912 3852 ι
947 3804 1241 3860 Descende
1286 3820 1442 3859 nunc
1473 3805 1545 3859 de
1575 3820 1766 3870 cruce,
1791 3804 1837 3838 ³³
1866 3824 1892 3856 ιι
1929 3821 2002 3860 ne

346 3895 688 3964 descendas,
722 3911 752 3948 e
782 3899 985 3948 contra
1035 3896 1306 3963 exspecta
1352 3893 1536 3948 donec
1567 3891 1756 3948 soluto
1787 3893 1999 3964 spiritu

346 4000 462 4038 non
494 3983 837 4050 descendas,
869 3983 969 4038 sed
1007 3983 1314 4049 ascendas,
1337 3999 1410 4037 ne
1438 3983 1650 4037 evadas
1683 3981 2003 4038 horrendo-

345 4087 472 4126 rum
509 4070 924 4126 scandalorum
975 4086 1135 4124 reus.
1171 4069 1298 4126 Noli
1333 4069 1646 4143 ancipitem
1679 4072 1862 4127 vitam
1895 4072 2002 4126 du-

346 4175 494 4225 cere,
532 4157 633 4229 qui
665 4158 902 4213 unicam
935 4157 1168 4213 vovisti.

423 4425 538 4480 113.
560 4425 900 4481 Monachica
913 4425 1031 4481 vita
1046 4429 1111 4481 ut
1133 4425 1336 4481 mundi
1363 4427 1772 4482 condemnatio
1790 4427 2003 4484 tradita

2104 3276 2326 3350 καιρόν;
2362 3275 2766 3348 Καταμηνυὲτω
2819 3295 2877 3328 σε
2933 3276 2968 3343 ἡ
3029 3273 3216 3348 ἀρετή·
3279 3275 3366 3328 καὶ
3420 3275 3595 3335 οὕτως
3653 3274 3758 3348 οὐχ

2107 3365 2244 3418 ἑκὼν
2298 3361 2573 3442 ἐκφαίνου.
2630 3360 2836 3423 Ἄλλος
2889 3361 2990 3438 γὰρ
3048 3361 3451 3437 προαγόμενος,
3505 3359 3662 3417 οὐδὲν
3709 3383 3757 3416 τι

2109 3451 2378 3530 διαφέρεις
2409 3457 2540 3521 τῶν,
2574 3451 2689 3506 ὅσοι
2730 3453 2866 3506 κατὰ
2913 3450 3006 3512 τὰς
3053 3449 3247 3526 ἀγυιὰς
3305 3449 3649 3524 πομπεύουσι
3699 3451 3762 3505 τὰ

2108 3539 2499 3616 ἐμπολώμενα.
2531 3541 2620 3603 Ὠς
2655 3540 2757 3594 ὑπὸ
2789 3536 2986 3610 σποδιᾷ
3043 3561 3150 3594 τινι
3208 3540 3270 3594 τὸ
3329 3539 3380 3594 ὲν
3435 3540 3520 3594 σοὶ
3567 3560 3762 3613 κοσμι-

2107 3631 2200 3685 κὸν
2257 3631 2452 3706 θερμὸν
2509 3623 2766 3704 ἔκρυψας,
2829 3627 3152 3702 ἀναθέμενος
3211 3633 3290 3701 τῷ
3343 3632 3478 3700 Θεῷ.
3518 3628 3762 3685 Φόλαττε

2110 3718 2200 3774 οὖν
2235 3718 2364 3774 αὐτὸ
2393 3720 2468 3781 εὶς
2513 3715 2706 3792 ἄναψιν
2755 3713 3023 3794 εὔκαιρον
3057 3718 3238 3793 ἀγάπα
3293 3718 3475 3772 τοίνυν
3534 3716 3762 3788 ἠλευθεο

2111 3809 2379 3883 ρωμενος.
2459 3807 2862 3882 Ἐσταυρώθης,
2935 3807 3073 3861 καθᾶ
3152 3808 3252 3876 τὴν
3341 3807 3520 3883 ἀρχὴν
3599 3805 3760 3875 ὶτάξω

2109 3898 2448 3972 κειρόμενος.
2481 3894 2546 3954 Ei
2575 3895 2757 3951 τοίνυν
2785 3894 2821 3964 ἢ
2852 3897 3148 3970 πράγματα
3177 3895 3213 3965 ἢ
3261 3897 3536 3969 ἄνθρωποι
3596 3896 3760 3971 βοῶσι

2110 3985 2248 4062 πρὸς
2307 3989 2385 4040 σε·
2444 4005 2471 4038 ε
2534 3978 2757 4042 Κατάϐα
2805 3988 2896 4038 νῦν
2957 3983 3062 4038 ἀπὸ
3113 3987 3212 4039 τοῦ
3267 3988 3542 4056 σταυροῦ·
3597 4009 3626 4036 ι»
3688 3984 3759 4057 μὴ

2109 4069 2421 4143 κατάϐαινε,
2478 4072 2622 4130 ἀλλὰ
2698 4072 2972 4147 πρόσμενε
3048 4075 3146 4144 τήν
3235 4071 3324 4128 διὰ
3399 4077 3764 4146 πνευματικῆς

2111 4162 2589 4234 ἀποκαθηλώσεως
2640 4162 2701 4217 οὗ
2759 4157 3075 4232 κατάϐασιν,
3108 4160 3237 4217 ἀλλ’
3265 4158 3437 4225 ὄντως
3491 4158 3760 4218 ἀνάϐασιν·

2105 4251 2198 4306 ἵνα
2232 4253 2306 4324 μή
2339 4248 2661 4306 σκανδάλων
2694 4248 2878 4313 α’ίτιος
2917 4246 3188 4322 ἀποϐαίης
3249 4248 3462 4310 δεινῶν.
3496 4253 3589 4320 Μή
3650 4251 3766 4316 θέλε

2112 4335 2375 4420 ἀμφίϐιος
2405 4339 2563 4410 εἶναι,
2599 4339 2627 4394 ὁ
2657 4340 2908 4416 κυρώσας
2939 4339 3074 4394 εἶναι
3109 4335 3388 4414 μονόόιος.

2187 4431 2312 4506 ριγ’.
2377 4430 2441 4484 Ἡ
2501 4429 2780 4504 μοναχικὴ
2849 4427 3104 4484 πολιτεία
3159 4428 3374 4502 κόσμου
3431 4428 3766 4505 κατάγνωσις

349 4523 456 4586 est,
474 4532 588 4569 non
606 4515 930 4570 utfaeultas
953 4514 1216 4581 ustendi;
1239 4517 1428 4570 exitur
1449 4517 1521 4570 ab
1535 4532 1622 4582 eo,
1643 4532 1758 4571 non
1779 4516 2001 4572 vaditur

2118 4521 2250 4574 εἶναι
2305 4515 2541 4586 δέδοται,
2600 4517 2662 4573 οὖ
2725 4521 2833 4590 μὴν
2889 4514 3066 4596 ἔφεσις
3100 4535 3111 4552 ⁸
3153 4518 3508 4594 ἀναχώρησις
3566 4517 3620 4590 ἐξ
3675 4519 3764 4574 αὖ·

349 4605 422 4658 ad
455 4620 589 4659 eum
615 4621 628 4670 ;
655 4603 773 4658 vita
802 4608 892 4658 est
923 4604 1300 4674 quiescentis,
1329 4619 1442 4658 non
1478 4603 1841 4660 mercatoris.
1873 4605 2003 4660 Tibi

353 4696 548 4748 autem
607 4692 828 4747 mundo
887 4691 1245 4758 renuntiare,
1304 4696 1394 4746 est
1447 4691 1638 4746 addici
1695 4691 1940 4746 licentia;
1990 4709 2004 4747 :

353 4783 524 4833 tuum
540 4803 565 4827 «
587 4780 761 4834 etiam
783 4802 810 4828 »
829 4781 984 4851 quod
1009 4779 1326 4834 intonsura
1348 4778 1668 4850 protulisti,
1686 4781 2006 4850 perfectum

354 4885 470 4922 non
501 4868 711 4934 evasit;
735 4873 1022 4938 tuumque
1055 4884 1218 4923 «non
1242 4889 1270 4918 ››
1294 4867 1661 4938 negationem
1681 4869 2002 4924 mentitur:

354 4955 551 5011 omnia
620 4963 1032 5026 permutantur
1098 4956 1267 5028 quasi
1334 4957 1592 5027 quadam
1656 4957 2005 5028 antiphrasi,

352 5044 507 5100 aliud
545 5060 648 5115 pro
681 5043 792 5098 alio
825 5044 1080 5116 ponitur.
1141 5047 1536 5115 Interrogatus
1565 5045 1721 5100 enim
1752 5045 1809 5099 in
1843 5062 2006 5102 sacro

350 5133 573 5199 limine,
609 5137 806 5187 utrum
831 5133 1195 5188 consentires
1215 5132 1272 5186 in
1311 5132 1628 5188 mundanis
1650 5133 2008 5190 vanitatibus

344 5223 468 5294 jam
504 5240 619 5278 non
649 5222 892 5288 versari,
927 5240 1074 5294 quas
1106 5223 1392 5277 referebat
1424 5223 1817 5294 interrogans,
1849 5223 2006 5280 dicto

354 5314 551 5378 etiam,
591 5311 916 5384 promisisti
949 5311 1122 5368 modo
1154 5327 1296 5368 sane
1326 5311 1698 5367 affirmativo.
1734 5312 1852 5368 Hoc
1883 5315 2010 5368 erat

357 5405 512 5458 recte
548 5400 930 5474 loquentibus
980 5417 1206 5473 negare.
1258 5399 1476 5458 Exinde
1507 5399 1689 5469 enim,
1719 5403 2008 5473 quantum

435 5617 480 5653 ³³
508 5616 712 5674 Matth.
743 5634 911 5682 xxvn,
948 5617 1036 5676 40.

2113 4610 2232 4676 τοῦ,
2291 4604 2352 4660 οὐ
2440 4606 2836 4680 προσχώρησις
2919 4605 3002 4661 ἐπ’
3059 4604 3218 4662 αὐτόν
3250 4626 3262 4639 ·
3325 4607 3764 4684 ἀπραγμάτευτος

2121 4696 2260 4771 βίος,
2303 4693 2364 4750 οὗ
2395 4690 2886 4770 πραγματευτικός.
2923 4696 3020 4750 Σοὶ
3057 4692 3113 4750 δὶ
3166 4697 3200 4765 ἡ
3253 4696 3350 4751 τοῦ
3403 4695 3616 4770 κόσμου
3643 4695 3766 4751 and-

2113 4784 2260 4854 ταξις
2320 4781 2585 4857 ἀκοσμίας
2644 4782 2785 4838 ἐστὶν
2836 4781 3103 4857 ἐπίταξις·
3137 4783 3227 4839 xui
3285 4781 3409 4839 οὔτε
3464 4785 3528 4840 τὸ
3575 4783 3630 4839 ἐν
3685 4785 3761 4839 σοὶ

2117 4898 2146 4925 ‹‹
2206 4871 2294 4927 ναὶ
2351 4895 2380 4925 n
2438 4873 2501 4927 τὸ
2552 4878 2650 4942 τῆς
2702 4876 2902 4948 κουρᾶς
2965 4871 3043 4935 εἷς
3099 4868 3321 4950 ἀκριϐὶς
3380 4869 3763 4944 ἀπεκϐἑόηκεν,

2119 4961 2194 5023 ὡς
2245 4961 2377 5016 εἶναι
2437 4959 2771 5035 αὐτόχρημα
2829 4985 2857 5013 ‹‹
2884 4959 2992 5016 ναί·
3030 4985 3058 5013 ››
3110 4961 3201 5016 xui
3230 4963 3293 5018 τὸ
3325 4986 3354 5015 ‹‹
3388 4961 3450 5018 οὓ
3501 4985 3530 5014 ››
3559 4960 3620 5018 δὶ
3646 4961 3764 5036 ψεύ-

2120 5046 2265 5103 δεται
2320 5050 2420 5118 τήν
2475 5049 2735 5123 ἄρνησιν·
2771 5049 2845 5111 ὡς
2900 5047 3369 5126 ἀντιμεταχωρεῖν
3430 5051 3566 5106 αὐτὰ
3623 5048 3765 5124 λόγῳ

2119 5137 2231 5190 οἷον
2318 5136 2832 5210 ἀντιπεριστάσεως,
2890 5138 2982 5192 καὶ
3066 5137 3239 5201 οὕτως
3319 5139 3436 5194 ἀντὶ
3513 5137 3766 5209 ἀλλήλων

2119 5223 2263 5300 παρά
2319 5223 2378 5299 γὲ
2461 5245 2545 5280 σοι
2619 5224 2878 5284 τίθεσθαι.
2933 5227 3324 5303 Ἠρωτημένος
3377 5228 3481 5304 γὰρ
3541 5227 3625 5284 ἐπὶ
3675 5229 3761 5282 τοῦ

2123 5313 2401 5378 θειοτάτου
2456 5313 2724 5389 βήματος,
2756 5315 2803 5370 εἷ
2861 5314 3182 5391 ὁμολογεῖς,
3235 5318 3314 5390 μὴ
3377 5317 3431 5372 ἐν
3488 5320 3761 5390 κοσμικαῖς

2121 5400 2255 5458 εἶναι
2310 5400 2668 5482 φαυλότησιν,
2727 5402 2790 5466 ἃς
2851 5405 2880 5459 ὁ
2938 5403 3156 5480 ἐρωτῶν
3211 5404 3497 5481 ἐξετίθετο,
3543 5401 3752 5462 κατεθού
