  <div class='ocr_page' id='page_1' title='image "/cluster/home/n/w/nwhite01/storage/ocr_20150623/135/hvd.32044073502528/416.png"; bbox 0 0 4104 6210; ppageno 0'>
   <div class='ocr_carea' id='block_1_1' title="bbox 253 343 352 402">
    <p class='ocr_par' dir='ltr' id='par_1_1' title="bbox 253 343 352 402">
     <span class='ocr_line' id='line_1_1' title="bbox 253 343 352 402; baseline -0.01 0"><span class='ocrx_word' id='word_1_1' title='bbox 253 343 352 402; x_wconf 76' lang='grc'><strong>821</strong></span> 
     </span>
    </p>
   </div>
   <div class='ocr_carea' id='block_1_2' title="bbox 1263 341 2658 406">
    <p class='ocr_par' dir='ltr' id='par_1_2' title="bbox 1263 341 2658 406">
     <span class='ocr_line' id='line_1_2' title="bbox 1263 341 2658 406; baseline 0 -4"><span class='ocrx_word' id='word_1_2' title='bbox 1263 344 1363 402; x_wconf 83' lang='lat' dir='ltr'><strong>DE</strong></span> <span class='ocrx_word' id='word_1_3' title='bbox 1406 342 1904 405; x_wconf 84' lang='lat' dir='ltr'><strong>EMENDANDA</strong></span> <span class='ocrx_word' id='word_1_4' title='bbox 1944 341 2130 403; x_wconf 77' lang='lat' dir='ltr'><strong>VITA</strong></span> <span class='ocrx_word' id='word_1_5' title='bbox 2175 342 2658 406; x_wconf 74' lang='lat' dir='ltr'><strong>MONAGHICA.</strong></span> 
     </span>
    </p>
   </div>
   <div class='ocr_carea' id='block_1_3' title="bbox 248 469 1865 582">
    <p class='ocr_par' dir='ltr' id='par_1_3' title="bbox 248 469 1865 582">
     <span class='ocr_line' id='line_1_3' title="bbox 248 469 1865 582; baseline 0.001 -57"><span class='ocrx_word' id='word_1_6' title='bbox 248 473 473 574; x_wconf 74' lang='grc' dir='ltr'>φάμενρς</span> <span class='ocrx_word' id='word_1_7' title='bbox 525 471 690 582; x_wconf 55' lang='grc' dir='ltr'>ἕναὶ,</span> <span class='ocrx_word' id='word_1_8' title='bbox 742 495 774 576; x_wconf 54' lang='grc' dir='ltr'><strong>ι’</strong></span> <span class='ocrx_word' id='word_1_9' title='bbox 812 469 1235 548; x_wconf 76' lang='grc' dir='ltr'>ὁμολογητικῶς</span> <span class='ocrx_word' id='word_1_10' title='bbox 1289 469 1526 544; x_wconf 77' lang='grc' dir='ltr'>δηλαδή.</span> <span class='ocrx_word' id='word_1_11' title='bbox 1563 473 1636 527; x_wconf 77' lang='grc' dir='ltr'>Σὸ</span> <span class='ocrx_word' id='word_1_12' title='bbox 1692 470 1760 527; x_wconf 84' lang='grc' dir='ltr'>δι’</span> <span class='ocrx_word' id='word_1_13' title='bbox 1805 473 1865 541; x_wconf 76' lang='grc' dir='ltr'>ἦν</span> 
     </span>
    </p>
   </div>
   <div class='ocr_carea' id='block_1_4' title="bbox 1980 469 3662 582">
    <p class='ocr_par' dir='ltr' id='par_1_4' title="bbox 1980 469 3662 547">
     <span class='ocr_line' id='line_1_4' title="bbox 1980 469 3662 547; baseline -0.001 -17"><span class='ocrx_word' id='word_1_14' title='bbox 1980 493 2120 547; x_wconf 88' lang='lat' dir='ltr'><strong>_nos</strong></span> <span class='ocrx_word' id='word_1_15' title='bbox 2174 475 2462 544; x_wconf 85' lang='lat' dir='ltr'><strong>videmus,</strong></span> <span class='ocrx_word' id='word_1_16' title='bbox 2510 474 2729 530; x_wconf 91' lang='lat' dir='ltr'><strong>mundo</strong></span> <span class='ocrx_word' id='word_1_17' title='bbox 2777 471 3033 545; x_wconf 90' lang='lat' dir='ltr'><strong>amplius</strong></span> <span class='ocrx_word' id='word_1_18' title='bbox 3094 469 3425 540; x_wconf 67' lang='lat' dir='ltr'><strong>adhesisti;</strong></span> <span class='ocrx_word' id='word_1_19' title='bbox 3485 479 3662 545; x_wconf 85' lang='lat' dir='ltr'><strong>atque</strong></span> 
     </span>
    </p>
   </div>
   <div class='ocr_carea' id='block_1_5' title="bbox 247 553 1896 635">
    <p class='ocr_par' dir='ltr' id='par_1_5' title="bbox 247 553 1896 635">
     <span class='ocr_line' id='line_1_5' title="bbox 247 553 1896 635; baseline 0.001 -21"><span class='ocrx_word' id='word_1_20' title='bbox 247 562 315 624; x_wconf 87' lang='grc' dir='ltr'>ὡς</span> <span class='ocrx_word' id='word_1_21' title='bbox 398 553 640 633; x_wconf 74' lang='grc' dir='ltr'>ἀκριϐῶς</span> <span class='ocrx_word' id='word_1_22' title='bbox 730 557 942 632; x_wconf 78' lang='grc' dir='ltr'>εἰπεῖν,</span> <span class='ocrx_word' id='word_1_23' title='bbox 1033 560 1432 616; x_wconf 84' lang='grc' dir='ltr'>ἀπαναίνεσθαι.</span> <span class='ocrx_word' id='word_1_24' title='bbox 1522 560 1896 635; x_wconf 75' lang='grc' dir='ltr'>Προστέτηκας</span> 
     </span>
    </p>
   </div>
   <div class='ocr_carea' id='block_1_6' title="bbox 243 647 1894 726">
    <p class='ocr_par' dir='ltr' id='par_1_6' title="bbox 243 647 1894 726">
     <span class='ocr_line' id='line_1_6' title="bbox 243 647 1894 726; baseline 0.002 -23"><span class='ocrx_word' id='word_1_25' title='bbox 243 651 356 724; x_wconf 71' lang='grc' dir='ltr'>γὰρ,</span> <span class='ocrx_word' id='word_1_26' title='bbox 415 647 512 702; x_wconf 75' lang='grc' dir='ltr'><strong>ὅσα</strong></span> <span class='ocrx_word' id='word_1_27' title='bbox 571 669 638 723; x_wconf 86' lang='grc' dir='ltr'><strong>γε</strong></span> <span class='ocrx_word' id='word_1_28' title='bbox 711 651 860 721; x_wconf 77' lang='grc' dir='ltr'>ἡμᾶς</span> <span class='ocrx_word' id='word_1_29' title='bbox 927 647 1170 726; x_wconf 74' lang='grc' dir='ltr'>βλέπειν,</span> <span class='ocrx_word' id='word_1_30' title='bbox 1239 655 1318 722; x_wconf 79' lang='grc' dir='ltr'>τῷ</span> <span class='ocrx_word' id='word_1_31' title='bbox 1386 650 1577 724; x_wconf 83' lang='grc' dir='ltr'>κόσμῳ</span> <span class='ocrx_word' id='word_1_32' title='bbox 1635 649 1894 707; x_wconf 75' lang='grc' dir='ltr'>ἐπιπλὲον</span> 
     </span>
    </p>
   </div>
   <div class='ocr_carea' id='block_1_7' title="bbox 243 734 1893 815">
    <p class='ocr_par' dir='ltr' id='par_1_7' title="bbox 243 734 1893 815">
     <span class='ocr_line' id='line_1_7' title="bbox 243 734 1893 815; baseline 0.002 -23"><span class='ocrx_word' id='word_1_33' title='bbox 243 734 436 792; x_wconf 67' lang='grc' dir='ltr'>ἔκτοτε·</span> <span class='ocrx_word' id='word_1_34' title='bbox 497 737 588 791; x_wconf 83' lang='grc' dir='ltr'><strong>καὶ</strong></span> <span class='ocrx_word' id='word_1_35' title='bbox 652 737 724 800; x_wconf 81' lang='grc' dir='ltr'><strong>είς</strong></span> <span class='ocrx_word' id='word_1_36' title='bbox 754 739 814 792; x_wconf 85' lang='grc' dir='ltr'><strong>τὸ</strong></span> <span class='ocrx_word' id='word_1_37' title='bbox 875 761 903 790; x_wconf 87' lang='grc'><strong>‹‹</strong></span> <span class='ocrx_word' id='word_1_38' title='bbox 936 739 1000 794; x_wconf 83' lang='grc' dir='ltr'><strong>ού</strong></span> <span class='ocrx_word' id='word_1_39' title='bbox 1036 764 1065 792; x_wconf 87' lang='grc'><strong>››</strong></span> <span class='ocrx_word' id='word_1_40' title='bbox 1103 737 1160 794; x_wconf 80' lang='grc' dir='ltr'>δὲ</span> <span class='ocrx_word' id='word_1_41' title='bbox 1216 739 1585 815; x_wconf 74' lang='grc' dir='ltr'><strong>καταστρέψας</strong></span> <span class='ocrx_word' id='word_1_42' title='bbox 1615 741 1714 810; x_wconf 71' lang='grc' dir='ltr'>τὴν</span> <span class='ocrx_word' id='word_1_43' title='bbox 1761 740 1893 796; x_wconf 84' lang='grc' dir='ltr'>ἀπό-</span> 
     </span>
    </p>
   </div>
   <div class='ocr_carea' id='block_1_8' title="bbox 239 825 1888 904">
    <p class='ocr_par' dir='ltr' id='par_1_8' title="bbox 239 825 1888 904">
     <span class='ocr_line' id='line_1_8' title="bbox 239 825 1888 904; baseline 0.003 -24"><span class='ocrx_word' id='word_1_44' title='bbox 239 847 403 900; x_wconf 85' lang='grc' dir='ltr'>κρισιν</span> <span class='ocrx_word' id='word_1_45' title='bbox 469 831 588 880; x_wconf 87' lang='grc' dir='ltr'>κατ’</span> <span class='ocrx_word' id='word_1_46' title='bbox 667 826 850 903; x_wconf 74' lang='grc' dir='ltr'>ἓτέρας</span> <span class='ocrx_word' id='word_1_47' title='bbox 918 825 1231 903; x_wconf 71' lang='grc' dir='ltr'><strong>ἐρωτήσεις,</strong></span> <span class='ocrx_word' id='word_1_48' title='bbox 1310 827 1363 883; x_wconf 83' lang='grc' dir='ltr'>ἐν</span> <span class='ocrx_word' id='word_1_49' title='bbox 1432 834 1515 891; x_wconf 87' lang='grc' dir='ltr'><strong>αῖς</strong></span> <span class='ocrx_word' id='word_1_50' title='bbox 1578 827 1888 904; x_wconf 82' lang='grc' dir='ltr'>ἀπώμνυες,</span> 
     </span>
    </p>
   </div>
   <div class='ocr_carea' id='block_1_9' title="bbox 240 913 1888 996">
    <p class='ocr_par' dir='ltr' id='par_1_9' title="bbox 240 913 1888 996">
     <span class='ocr_line' id='line_1_9' title="bbox 240 913 1888 996; baseline 0.002 -26"><span class='ocrx_word' id='word_1_51' title='bbox 240 921 405 978; x_wconf 83' lang='grc' dir='ltr'>ποιεῖς</span> <span class='ocrx_word' id='word_1_52' title='bbox 463 915 566 970; x_wconf 78' lang='grc' dir='ltr'><strong>οὐκ</strong></span> <span class='ocrx_word' id='word_1_53' title='bbox 623 913 778 986; x_wconf 76' lang='grc' dir='ltr'>αὐτὸ,</span> <span class='ocrx_word' id='word_1_54' title='bbox 832 913 978 971; x_wconf 80' lang='grc' dir='ltr'>ἀλλὰ</span> <span class='ocrx_word' id='word_1_55' title='bbox 1024 915 1253 993; x_wconf 80' lang='grc' dir='ltr'>ἐνεργεῖς</span> <span class='ocrx_word' id='word_1_56' title='bbox 1297 917 1364 972; x_wconf 78' lang='grc' dir='ltr'>τὰ</span> <span class='ocrx_word' id='word_1_57' title='bbox 1403 918 1762 996; x_wconf 75' lang='grc' dir='ltr'><strong>ἀπειρημένα,</strong></span> <span class='ocrx_word' id='word_1_58' title='bbox 1814 920 1888 982; x_wconf 83' lang='grc' dir='ltr'>ὡς</span> 
     </span>
    </p>
   </div>
   <div class='ocr_carea' id='block_1_10' title="bbox 238 1002 890 1081">
    <p class='ocr_par' dir='ltr' id='par_1_10' title="bbox 238 1002 890 1081">
     <span class='ocr_line' id='line_1_10' title="bbox 238 1002 890 1081; baseline -0.006 -21"><span class='ocrx_word' id='word_1_59' title='bbox 238 1002 376 1079; x_wconf 69' lang='grc' dir='ltr'>εἴπερ</span> <span class='ocrx_word' id='word_1_60' title='bbox 427 1003 801 1081; x_wconf 83' lang='grc' dir='ltr'><strong>ὡμολόγησας</strong></span> <span class='ocrx_word' id='word_1_61' title='bbox 863 1030 890 1057; x_wconf 89' lang='grc'><strong>‹‹</strong></span> 
     </span>
    </p>
   </div>
   <div class='ocr_carea' id='block_1_11' title="bbox 234 1091 1885 1172">
    <p class='ocr_par' dir='ltr' id='par_1_11' title="bbox 234 1091 1885 1172">
     <span class='ocr_line' id='line_1_11' title="bbox 234 1091 1885 1172; baseline 0.001 -24"><span class='ocrx_word' id='word_1_62' title='bbox 234 1096 324 1164; x_wconf 72' lang='grc' dir='ltr'><strong>τήν</strong></span> <span class='ocrx_word' id='word_1_63' title='bbox 351 1114 409 1148; x_wconf 88' lang='grc' dir='ltr'><strong>τε</strong></span> <span class='ocrx_word' id='word_1_64' title='bbox 439 1091 621 1167; x_wconf 74' lang='grc' dir='ltr'>ἄρσιν,</span> <span class='ocrx_word' id='word_1_65' title='bbox 680 1096 779 1164; x_wconf 80' lang='grc' dir='ltr'><strong>τήν</strong></span> <span class='ocrx_word' id='word_1_66' title='bbox 828 1115 886 1149; x_wconf 87' lang='grc' dir='ltr'>τε</span> <span class='ocrx_word' id='word_1_67' title='bbox 935 1093 1101 1166; x_wconf 71' lang='grc' dir='ltr'>θέσιν,</span> <span class='ocrx_word' id='word_1_68' title='bbox 1156 1094 1206 1166; x_wconf 67' lang='grc' dir='ltr'>ἐξ</span> <span class='ocrx_word' id='word_1_69' title='bbox 1251 1096 1428 1172; x_wconf 87' lang='grc' dir='ltr'>ἀρχῆς</span> <span class='ocrx_word' id='word_1_70' title='bbox 1457 1096 1647 1170; x_wconf 77' lang='grc' dir='ltr'>αὐτῆς,</span> <span class='ocrx_word' id='word_1_71' title='bbox 1709 1099 1885 1170; x_wconf 76' lang='grc' dir='ltr'>οἶμαι,</span> 
     </span>
    </p>
   </div>
   <div class='ocr_carea' id='block_1_12' title="bbox 233 1178 1884 1261">
    <p class='ocr_par' dir='ltr' id='par_1_12' title="bbox 233 1178 1884 1261">
     <span class='ocr_line' id='line_1_12' title="bbox 233 1178 1884 1261; baseline 0.002 -24"><span class='ocrx_word' id='word_1_72' title='bbox 233 1180 562 1261; x_wconf 71' lang='grc' dir='ltr'><strong>ῥᾳδιουργεῖν</strong></span> <span class='ocrx_word' id='word_1_73' title='bbox 593 1178 1032 1256; x_wconf 75' lang='grc' dir='ltr'>ἐπιϐαλόμενος,</span> <span class='ocrx_word' id='word_1_74' title='bbox 1065 1184 1155 1238; x_wconf 81' lang='grc' dir='ltr'><strong>καὶ</strong></span> <span class='ocrx_word' id='word_1_75' title='bbox 1189 1186 1322 1258; x_wconf 87' lang='grc' dir='ltr'>μετᾶ</span> <span class='ocrx_word' id='word_1_76' title='bbox 1349 1193 1448 1256; x_wconf 84' lang='grc' dir='ltr'><strong>τῆς</strong></span> <span class='ocrx_word' id='word_1_77' title='bbox 1495 1183 1884 1260; x_wconf 81' lang='grc' dir='ltr'>ὀροολεκτικῆς</span> 
     </span>
    </p>
   </div>
   <div class='ocr_carea' id='block_1_13' title="bbox 231 1271 1884 1353">
    <p class='ocr_par' dir='ltr' id='par_1_13' title="bbox 231 1271 1884 1353">
     <span class='ocr_line' id='line_1_13' title="bbox 231 1271 1884 1353; baseline 0.003 -28"><span class='ocrx_word' id='word_1_78' title='bbox 231 1273 461 1349; x_wconf 74' lang='grc' dir='ltr'>φράσεως</span> <span class='ocrx_word' id='word_1_79' title='bbox 491 1271 585 1326; x_wconf 80' lang='grc' dir='ltr'><strong>καὶ</strong></span> <span class='ocrx_word' id='word_1_80' title='bbox 616 1273 718 1342; x_wconf 77' lang='grc' dir='ltr'><strong>τῆν</strong></span> <span class='ocrx_word' id='word_1_81' title='bbox 749 1273 915 1347; x_wconf 71' lang='grc' dir='ltr'>ὀρθὴν</span> <span class='ocrx_word' id='word_1_82' title='bbox 964 1271 1244 1330; x_wconf 77' lang='grc' dir='ltr'>πολιτείαν</span> <span class='ocrx_word' id='word_1_83' title='bbox 1278 1274 1494 1353; x_wconf 76' lang='grc' dir='ltr'>φαύλης</span> <span class='ocrx_word' id='word_1_84' title='bbox 1531 1275 1738 1347; x_wconf 83' lang='grc' dir='ltr'><strong>ἀπάτης</strong></span> <span class='ocrx_word' id='word_1_85' title='bbox 1789 1275 1884 1332; x_wconf 87' lang='grc' dir='ltr'><strong>λό-</strong></span> 
     </span>
    </p>
   </div>
   <div class='ocr_carea' id='block_1_14' title="bbox 228 1361 986 1437">
    <p class='ocr_par' dir='ltr' id='par_1_14' title="bbox 228 1361 986 1437">
     <span class='ocr_line' id='line_1_14' title="bbox 228 1361 986 1437; baseline 0.004 -22"><span class='ocrx_word' id='word_1_86' title='bbox 228 1384 300 1437; x_wconf 87' lang='grc' dir='ltr'>γῳ</span> <span class='ocrx_word' id='word_1_87' title='bbox 329 1361 986 1436; x_wconf 87' lang='grc' dir='ltr'>ἀποπροσποιησάμενος.</span> 
     </span>
    </p>
   </div>
   <div class='ocr_carea' id='block_1_15' title="bbox 294 1448 1880 1527">
    <p class='ocr_par' dir='ltr' id='par_1_15' title="bbox 294 1448 1880 1527">
     <span class='ocr_line' id='line_1_15' title="bbox 294 1448 1880 1527; baseline 0.003 -23"><span class='ocrx_word' id='word_1_88' title='bbox 294 1448 539 1526; x_wconf 88' lang='grc' dir='ltr'>ριδ’.Ἢν</span> <span class='ocrx_word' id='word_1_89' title='bbox 598 1449 692 1505; x_wconf 76' lang='grc' dir='ltr'><strong>οῦν</strong></span> <span class='ocrx_word' id='word_1_90' title='bbox 751 1453 853 1526; x_wconf 79' lang='grc' dir='ltr'>ἄρα</span> <span class='ocrx_word' id='word_1_91' title='bbox 909 1449 1164 1521; x_wconf 85' lang='grc' dir='ltr'>κάλλιον,</span> <span class='ocrx_word' id='word_1_92' title='bbox 1219 1454 1264 1506; x_wconf 83' lang='grc' dir='ltr'>ὦ</span> <span class='ocrx_word' id='word_1_93' title='bbox 1310 1451 1494 1524; x_wconf 75' lang='grc' dir='ltr'>οὗτος,</span> <span class='ocrx_word' id='word_1_94' title='bbox 1543 1452 1733 1509; x_wconf 81' lang='grc' dir='ltr'>λαϊκὸν</span> <span class='ocrx_word' id='word_1_95' title='bbox 1787 1455 1880 1527; x_wconf 75' lang='grc' dir='ltr'><strong>μὲ-</strong></span> 
     </span>
    </p>
   </div>
   <div class='ocr_carea' id='block_1_16' title="bbox 227 1538 1882 1618">
    <p class='ocr_par' dir='ltr' id='par_1_16' title="bbox 227 1538 1882 1618">
     <span class='ocr_line' id='line_1_16' title="bbox 227 1538 1882 1618; baseline 0.002 -24"><span class='ocrx_word' id='word_1_96' title='bbox 227 1538 376 1594; x_wconf 82' lang='grc' dir='ltr'>νοντά</span> <span class='ocrx_word' id='word_1_97' title='bbox 452 1559 510 1594; x_wconf 90' lang='grc' dir='ltr'><strong>σε</strong></span> <span class='ocrx_word' id='word_1_98' title='bbox 589 1538 880 1616; x_wconf 75' lang='grc' dir='ltr'>φυλάττειν</span> <span class='ocrx_word' id='word_1_99' title='bbox 957 1541 1020 1594; x_wconf 89' lang='grc' dir='ltr'>τὸ</span> <span class='ocrx_word' id='word_1_100' title='bbox 1094 1542 1278 1596; x_wconf 88' lang='grc' dir='ltr'>κοινὸν</span> <span class='ocrx_word' id='word_1_101' title='bbox 1354 1541 1412 1597; x_wconf 76' lang='grc' dir='ltr'>ἐκ</span> <span class='ocrx_word' id='word_1_102' title='bbox 1461 1549 1678 1618; x_wconf 85' lang='grc' dir='ltr'>γενετῆς</span> <span class='ocrx_word' id='word_1_103' title='bbox 1740 1545 1882 1598; x_wconf 89' lang='grc' dir='ltr'>θεῖον</span> 
     </span>
    </p>
   </div>
   <div class='ocr_carea' id='block_1_17' title="bbox 232 1625 1878 1704">
    <p class='ocr_par' dir='ltr' id='par_1_17' title="bbox 232 1625 1878 1704">
     <span class='ocr_line' id='line_1_17' title="bbox 232 1625 1878 1704; baseline 0.004 -23"><span class='ocrx_word' id='word_1_104' title='bbox 232 1625 561 1704; x_wconf 78' lang='grc' dir='ltr'><strong>ἐπάγγελμα,</strong></span> <span class='ocrx_word' id='word_1_105' title='bbox 615 1625 759 1704; x_wconf 69' lang='grc' dir='ltr'>ἤπερ</span> <span class='ocrx_word' id='word_1_106' title='bbox 839 1626 1039 1684; x_wconf 79' lang='grc' dir='ltr'>ἷδιάσαι</span> <span class='ocrx_word' id='word_1_107' title='bbox 1111 1631 1206 1704; x_wconf 79' lang='grc' dir='ltr'>μὲν</span> <span class='ocrx_word' id='word_1_108' title='bbox 1264 1632 1353 1685; x_wconf 80' lang='grc' dir='ltr'><strong>καὶ</strong></span> <span class='ocrx_word' id='word_1_109' title='bbox 1409 1632 1660 1702; x_wconf 73' lang='grc' dir='ltr'>τάξασθαι</span> <span class='ocrx_word' id='word_1_110' title='bbox 1715 1653 1878 1687; x_wconf 88' lang='grc' dir='ltr'>κατα-</span> 
     </span>
    </p>
   </div>
   <div class='ocr_carea' id='block_1_18' title="bbox 231 1715 1881 1799">
    <p class='ocr_par' dir='ltr' id='par_1_18' title="bbox 231 1715 1881 1799">
     <span class='ocr_line' id='line_1_18' title="bbox 231 1715 1881 1799; baseline 0.003 -29"><span class='ocrx_word' id='word_1_111' title='bbox 231 1717 384 1789; x_wconf 76' lang='grc' dir='ltr'>μόνας</span> <span class='ocrx_word' id='word_1_112' title='bbox 433 1715 682 1788; x_wconf 75' lang='grc' dir='ltr'><strong>ἐπίταξιν</strong></span> <span class='ocrx_word' id='word_1_113' title='bbox 739 1715 860 1793; x_wconf 84' lang='grc' dir='ltr'>βίου</span> <span class='ocrx_word' id='word_1_114' title='bbox 907 1719 1240 1792; x_wconf 88' lang='grc' dir='ltr'>κρείττονος,</span> <span class='ocrx_word' id='word_1_115' title='bbox 1300 1721 1376 1792; x_wconf 77' lang='grc' dir='ltr'>μὴ</span> <span class='ocrx_word' id='word_1_116' title='bbox 1435 1719 1762 1799; x_wconf 75' lang='grc' dir='ltr'>φυλάξασθαι</span> <span class='ocrx_word' id='word_1_117' title='bbox 1823 1718 1881 1774; x_wconf 80' lang='grc' dir='ltr'>δὲ</span> 
     </span>
    </p>
   </div>
   <div class='ocr_carea' id='block_1_19' title="bbox 945 1003 1887 1082">
    <p class='ocr_par' dir='ltr' id='par_1_19' title="bbox 945 1003 1887 1082">
     <span class='ocr_line' id='line_1_19' title="bbox 945 1003 1887 1082; baseline 0.004 -24"><span class='ocrx_word' id='word_1_118' title='bbox 945 1003 1050 1063; x_wconf 85' lang='grc' dir='ltr'>ναί.</span> <span class='ocrx_word' id='word_1_119' title='bbox 1144 1031 1166 1058; x_wconf 73' lang='grc' dir='ltr'><strong><em>ι</em></strong></span> <span class='ocrx_word' id='word_1_120' title='bbox 1228 1006 1326 1063; x_wconf 79' lang='grc' dir='ltr'><strong>Καὶ</strong></span> <span class='ocrx_word' id='word_1_121' title='bbox 1381 1006 1524 1063; x_wconf 75' lang='grc' dir='ltr'>οὕτω</span> <span class='ocrx_word' id='word_1_122' title='bbox 1575 1014 1887 1082; x_wconf 89' lang='grc' dir='ltr'>μεταποιεῖς</span> 
     </span>
    </p>
   </div>
   <div class='ocr_carea' id='block_1_20' title="bbox 2003 561 3662 637">
    <p class='ocr_par' dir='ltr' id='par_1_20' title="bbox 2003 561 3662 637">
     <span class='ocr_line' id='line_1_20' title="bbox 2003 561 3662 637; baseline -0.003 -17"><span class='ocrx_word' id='word_1_123' title='bbox 2003 583 2134 620; x_wconf 88' lang='lat' dir='ltr'><strong>cum</strong></span> <span class='ocrx_word' id='word_1_124' title='bbox 2168 566 2227 620; x_wconf 89' lang='lat' dir='ltr'><strong>in</strong></span> <span class='ocrx_word' id='word_1_125' title='bbox 2259 568 2480 637; x_wconf 88' lang='lat' dir='ltr'><strong>partem</strong></span> <span class='ocrx_word' id='word_1_126' title='bbox 2535 564 2866 636; x_wconf 86' lang='lat' dir='ltr'><strong>negativam</strong></span> <span class='ocrx_word' id='word_1_127' title='bbox 2915 577 3120 617; x_wconf 89' lang='lat' dir='ltr'><strong>versus</strong></span> <span class='ocrx_word' id='word_1_128' title='bbox 3151 577 3235 629; x_wconf 88' lang='lat' dir='ltr'><strong>es,</strong></span> <span class='ocrx_word' id='word_1_129' title='bbox 3270 577 3403 615; x_wconf 93' lang='lat' dir='ltr'><strong>cum</strong></span> <span class='ocrx_word' id='word_1_130' title='bbox 3436 561 3662 616; x_wconf 65' lang='lat' dir='ltr'><strong>ceteris</strong></span> 
     </span>
    </p>
   </div>
   <div class='ocr_carea' id='block_1_21' title="bbox 2003 651 3660 726">
    <p class='ocr_par' dir='ltr' id='par_1_21' title="bbox 2003 651 3660 726">
     <span class='ocr_line' id='line_1_21' title="bbox 2003 651 3660 726; baseline -0.002 -16"><span class='ocrx_word' id='word_1_131' title='bbox 2003 655 2423 726; x_wconf 81' lang='lat' dir='ltr'><strong>quaestionibus</strong></span> <span class='ocrx_word' id='word_1_132' title='bbox 2470 653 2874 726; x_wconf 79' lang='lat' dir='ltr'><strong>responderes,</strong></span> <span class='ocrx_word' id='word_1_133' title='bbox 2907 656 2965 707; x_wconf 91' lang='lat' dir='ltr'><strong>et</strong></span> <span class='ocrx_word' id='word_1_134' title='bbox 3005 667 3138 707; x_wconf 90' lang='lat' dir='ltr'><strong>cum</strong></span> <span class='ocrx_word' id='word_1_135' title='bbox 3181 651 3520 722; x_wconf 88' lang='lat' dir='ltr'><strong>juramento</strong></span> <span class='ocrx_word' id='word_1_136' title='bbox 3552 666 3660 706; x_wconf 82' lang='lat' dir='ltr'><strong>ne-</strong></span> 
     </span>
    </p>
   </div>
   <div class='ocr_carea' id='block_1_22' title="bbox 2001 739 3659 816">
    <p class='ocr_par' dir='ltr' id='par_1_22' title="bbox 2001 739 3659 816">
     <span class='ocr_line' id='line_1_22' title="bbox 2001 739 3659 816; baseline -0.002 -16"><span class='ocrx_word' id='word_1_137' title='bbox 2001 760 2194 816; x_wconf 83' lang='lat' dir='ltr'><strong>geres,</strong></span> <span class='ocrx_word' id='word_1_138' title='bbox 2231 745 2335 799; x_wconf 91' lang='lat' dir='ltr'><strong>hoc</strong></span> <span class='ocrx_word' id='word_1_139' title='bbox 2375 761 2489 798; x_wconf 92' lang='lat' dir='ltr'><strong>non</strong></span> <span class='ocrx_word' id='word_1_140' title='bbox 2540 743 2794 815; x_wconf 80' lang='lat' dir='ltr'><strong>perficis,</strong></span> <span class='ocrx_word' id='word_1_141' title='bbox 2828 742 2928 797; x_wconf 90' lang='lat' dir='ltr'><strong>sed</strong></span> <span class='ocrx_word' id='word_1_142' title='bbox 2963 740 3297 797; x_wconf 87' lang='lat' dir='ltr'><strong>renuntiata</strong></span> <span class='ocrx_word' id='word_1_143' title='bbox 3346 739 3659 812; x_wconf 83' lang='lat' dir='ltr'><strong>adimples,</strong></span> 
     </span>
    </p>
   </div>
   <div class='ocr_carea' id='block_1_23' title="bbox 2001 827 3658 904">
    <p class='ocr_par' dir='ltr' id='par_1_23' title="bbox 2001 827 3658 904">
     <span class='ocr_line' id='line_1_23' title="bbox 2001 827 3658 904; baseline -0.003 -15"><span class='ocrx_word' id='word_1_144' title='bbox 2001 833 2172 904; x_wconf 89' lang='lat' dir='ltr'><strong>quasi</strong></span> <span class='ocrx_word' id='word_1_145' title='bbox 2205 832 2552 888; x_wconf 83' lang='lat' dir='ltr'><strong>afﬁrmative</strong></span> <span class='ocrx_word' id='word_1_146' title='bbox 2595 831 3000 903; x_wconf 86' lang='lat' dir='ltr'><strong>respondisses</strong></span> <span class='ocrx_word' id='word_1_147' title='bbox 3034 848 3046 887; x_wconf 92' lang='lat'><strong>:</strong></span> <span class='ocrx_word' id='word_1_148' title='bbox 3082 830 3286 902; x_wconf 87' lang='lat' dir='ltr'><strong>sicque</strong></span> <span class='ocrx_word' id='word_1_149' title='bbox 3336 846 3512 902; x_wconf 78' lang='lat' dir='ltr'><strong>supra</strong></span> <span class='ocrx_word' id='word_1_150' title='bbox 3547 827 3658 901; x_wconf 87' lang='grc' dir='ltr'><strong>(Η)</strong></span> 
     </span>
    </p>
   </div>
   <div class='ocr_carea' id='block_1_24' title="bbox 2001 917 3654 993">
    <p class='ocr_par' dir='ltr' id='par_1_24' title="bbox 2001 917 3654 993">
     <span class='ocr_line' id='line_1_24' title="bbox 2001 917 3654 993; baseline -0.002 -16"><span class='ocrx_word' id='word_1_151' title='bbox 2001 927 2059 978; x_wconf 89' lang='lat' dir='ltr'><strong>et</strong></span> <span class='ocrx_word' id='word_1_152' title='bbox 2106 922 2258 977; x_wconf 87' lang='lat' dir='ltr'><strong>infra</strong></span> <span class='ocrx_word' id='word_1_153' title='bbox 2309 925 2632 993; x_wconf 81' lang='lat' dir='ltr'><strong>permutes,</strong></span> <span class='ocrx_word' id='word_1_154' title='bbox 2666 920 2984 976; x_wconf 89' lang='lat' dir='ltr'><strong>meditatus</strong></span> <span class='ocrx_word' id='word_1_155' title='bbox 3035 937 3069 974; x_wconf 93' lang='lat' dir='ltr'><strong>a</strong></span> <span class='ocrx_word' id='word_1_156' title='bbox 3107 917 3420 992; x_wconf 87' lang='lat' dir='ltr'><strong>principio,</strong></span> <span class='ocrx_word' id='word_1_157' title='bbox 3452 921 3516 974; x_wconf 87' lang='lat' dir='ltr'><strong>ut</strong></span> <span class='ocrx_word' id='word_1_158' title='bbox 3555 935 3654 974; x_wconf 93' lang='lat' dir='ltr'><strong>su-</strong></span> 
     </span>
    </p>
   </div>
   <div class='ocr_carea' id='block_1_25' title="bbox 1999 1007 3656 1084">
    <p class='ocr_par' dir='ltr' id='par_1_25' title="bbox 1999 1007 3656 1084">
     <span class='ocr_line' id='line_1_25' title="bbox 1999 1007 3656 1084; baseline -0.003 -17"><span class='ocrx_word' id='word_1_159' title='bbox 1999 1011 2214 1084; x_wconf 90' lang='lat' dir='ltr'><strong>spicor,</strong></span> <span class='ocrx_word' id='word_1_160' title='bbox 2246 1010 2492 1067; x_wconf 87' lang='lat' dir='ltr'><strong>liberius</strong></span> <span class='ocrx_word' id='word_1_161' title='bbox 2522 1026 2714 1082; x_wconf 90' lang='lat' dir='ltr'><strong>agere,</strong></span> <span class='ocrx_word' id='word_1_162' title='bbox 2746 1015 2802 1064; x_wconf 86' lang='lat' dir='ltr'><strong>et</strong></span> <span class='ocrx_word' id='word_1_163' title='bbox 2831 1013 3117 1082; x_wconf 90' lang='lat' dir='ltr'><strong>quantum</strong></span> <span class='ocrx_word' id='word_1_164' title='bbox 3163 1015 3378 1064; x_wconf 88' lang='lat' dir='ltr'><strong>rectam</strong></span> <span class='ocrx_word' id='word_1_165' title='bbox 3410 1007 3656 1064; x_wconf 84' lang='lat' dir='ltr'><strong>locutio-</strong></span> 
     </span>
    </p>
   </div>
   <div class='ocr_carea' id='block_1_26' title="bbox 1999 1095 3656 1171">
    <p class='ocr_par' dir='ltr' id='par_1_26' title="bbox 1999 1095 3656 1171">
     <span class='ocr_line' id='line_1_26' title="bbox 1999 1095 3656 1171; baseline -0.001 -17"><span class='ocrx_word' id='word_1_166' title='bbox 1999 1116 2156 1170; x_wconf 86' lang='lat' dir='ltr'><strong>nem,</strong></span> <span class='ocrx_word' id='word_1_167' title='bbox 2203 1104 2433 1155; x_wconf 89' lang='lat' dir='ltr'><strong>tantum</strong></span> <span class='ocrx_word' id='word_1_168' title='bbox 2495 1105 2714 1155; x_wconf 91' lang='lat' dir='ltr'><strong>rectam</strong></span> <span class='ocrx_word' id='word_1_169' title='bbox 2765 1099 2973 1171; x_wconf 89' lang='lat' dir='ltr'><strong>agendi</strong></span> <span class='ocrx_word' id='word_1_170' title='bbox 3023 1097 3331 1169; x_wconf 86' lang='lat' dir='ltr'><strong>rationem,</strong></span> <span class='ocrx_word' id='word_1_171' title='bbox 3361 1095 3462 1152; x_wconf 84' lang='lat' dir='ltr'><strong>vili</strong></span> <span class='ocrx_word' id='word_1_172' title='bbox 3511 1113 3656 1153; x_wconf 89' lang='lat' dir='ltr'><strong>usus</strong></span> 
     </span>
    </p>
   </div>
   <div class='ocr_carea' id='block_1_27' title="bbox 1997 1187 2630 1260">
    <p class='ocr_par' dir='ltr' id='par_1_27' title="bbox 1997 1187 2630 1260">
     <span class='ocr_line' id='line_1_27' title="bbox 1997 1187 2630 1260; baseline -0.002 -15"><span class='ocrx_word' id='word_1_173' title='bbox 1997 1187 2246 1260; x_wconf 77' lang='lat' dir='ltr'><strong>fallacia,</strong></span> <span class='ocrx_word' id='word_1_174' title='bbox 2279 1187 2630 1245; x_wconf 88' lang='lat' dir='ltr'><strong>contemnis.</strong></span> 
     </span>
    </p>
   </div>
   <div class='ocr_carea' id='block_1_28' title="bbox 2069 1451 3646 1524">
    <p class='ocr_par' dir='ltr' id='par_1_28' title="bbox 2069 1451 3646 1524">
     <span class='ocr_line' id='line_1_28' title="bbox 2069 1451 3646 1524; baseline -0.001 -12"><span class='ocrx_word' id='word_1_175' title='bbox 2069 1457 2190 1512; x_wconf 77' lang='grc'>114.</span> <span class='ocrx_word' id='word_1_176' title='bbox 2224 1456 2434 1513; x_wconf 78' lang='lat' dir='ltr'><strong>Melius</strong></span> <span class='ocrx_word' id='word_1_177' title='bbox 2481 1459 2628 1524; x_wconf 84' lang='lat' dir='ltr'><strong>erat,</strong></span> <span class='ocrx_word' id='word_1_178' title='bbox 2677 1472 2708 1512; x_wconf 95' lang='grc' dir='ltr'><strong>ο</strong></span> <span class='ocrx_word' id='word_1_179' title='bbox 2757 1454 2954 1521; x_wconf 91' lang='lat' dir='ltr'><strong>homo,</strong></span> <span class='ocrx_word' id='word_1_180' title='bbox 3006 1457 3062 1510; x_wconf 89' lang='lat' dir='ltr'><strong>te</strong></span> <span class='ocrx_word' id='word_1_181' title='bbox 3108 1451 3327 1509; x_wconf 88' lang='lat' dir='ltr'><strong>laicum</strong></span> <span class='ocrx_word' id='word_1_182' title='bbox 3376 1454 3434 1508; x_wconf 94' lang='lat' dir='ltr'><strong>in</strong></span> <span class='ocrx_word' id='word_1_183' title='bbox 3486 1470 3646 1510; x_wconf 91' lang='lat' dir='ltr'><strong>com-</strong></span> 
     </span>
    </p>
   </div>
   <div class='ocr_carea' id='block_1_29' title="bbox 1993 1541 3642 1618">
    <p class='ocr_par' dir='ltr' id='par_1_29' title="bbox 1993 1541 3642 1618">
     <span class='ocr_line' id='line_1_29' title="bbox 1993 1541 3642 1618; baseline -0.001 -17"><span class='ocrx_word' id='word_1_184' title='bbox 1993 1546 2159 1601; x_wconf 93' lang='lat' dir='ltr'><strong>muni</strong></span> <span class='ocrx_word' id='word_1_185' title='bbox 2204 1546 2330 1618; x_wconf 85' lang='lat' dir='ltr'><strong>lege</strong></span> <span class='ocrx_word' id='word_1_186' title='bbox 2361 1545 2554 1600; x_wconf 90' lang='lat' dir='ltr'><strong>divina</strong></span> <span class='ocrx_word' id='word_1_187' title='bbox 2607 1549 2741 1617; x_wconf 89' lang='lat' dir='ltr'><strong>post</strong></span> <span class='ocrx_word' id='word_1_188' title='bbox 2789 1543 3150 1599; x_wconf 82' lang='lat' dir='ltr'><strong>nativitatem</strong></span> <span class='ocrx_word' id='word_1_189' title='bbox 3203 1541 3430 1608; x_wconf 87' lang='lat' dir='ltr'><strong>sistere,</strong></span> <span class='ocrx_word' id='word_1_190' title='bbox 3463 1558 3642 1614; x_wconf 89' lang='lat' dir='ltr'><strong>quam</strong></span> 
     </span>
    </p>
   </div>
   <div class='ocr_carea' id='block_1_30' title="bbox 1992 1630 3644 1706">
    <p class='ocr_par' dir='ltr' id='par_1_30' title="bbox 1992 1630 3644 1706">
     <span class='ocr_line' id='line_1_30' title="bbox 1992 1630 3644 1706; baseline -0.003 -16"><span class='ocrx_word' id='word_1_191' title='bbox 1992 1635 2253 1706; x_wconf 89' lang='lat' dir='ltr'><strong>separari</strong></span> <span class='ocrx_word' id='word_1_192' title='bbox 2298 1640 2356 1690; x_wconf 92' lang='lat' dir='ltr'><strong>et</strong></span> <span class='ocrx_word' id='word_1_193' title='bbox 2402 1634 2577 1688; x_wconf 78' lang='lat' dir='ltr'><strong>vitam</strong></span> <span class='ocrx_word' id='word_1_194' title='bbox 2628 1633 3030 1705; x_wconf 87' lang='lat' dir='ltr'><strong>perfectiorem</strong></span> <span class='ocrx_word' id='word_1_195' title='bbox 3081 1630 3355 1702; x_wconf 85' lang='lat' dir='ltr'><strong>privatim</strong></span> <span class='ocrx_word' id='word_1_196' title='bbox 3407 1646 3644 1686; x_wconf 88' lang='lat' dir='ltr'><strong>servan-</strong></span> 
     </span>
    </p>
   </div>
   <div class='ocr_carea' id='block_1_31' title="bbox 1991 1717 3642 1795">
    <p class='ocr_par' dir='ltr' id='par_1_31' title="bbox 1991 1717 3642 1795">
     <span class='ocr_line' id='line_1_31' title="bbox 1991 1717 3642 1795; baseline -0.002 -17"><span class='ocrx_word' id='word_1_197' title='bbox 1991 1723 2125 1778; x_wconf 89' lang='lat' dir='ltr'><strong>dam</strong></span> <span class='ocrx_word' id='word_1_198' title='bbox 2196 1724 2558 1795; x_wconf 86' lang='lat' dir='ltr'><strong>promittere,</strong></span> <span class='ocrx_word' id='word_1_199' title='bbox 2619 1737 2809 1793; x_wconf 89' lang='lat' dir='ltr'><strong>neque</strong></span> <span class='ocrx_word' id='word_1_200' title='bbox 2867 1736 3098 1776; x_wconf 89' lang='lat' dir='ltr'><strong>servare</strong></span> <span class='ocrx_word' id='word_1_201' title='bbox 3157 1719 3314 1792; x_wconf 88' lang='lat' dir='ltr'><strong>quod</strong></span> <span class='ocrx_word' id='word_1_202' title='bbox 3371 1717 3642 1790; x_wconf 85' lang='lat' dir='ltr'><strong>privatim</strong></span> 
     </span>
    </p>
   </div>
   <div class='ocr_carea' id='block_1_32' title="bbox 226 1803 1865 1919">
    <p class='ocr_par' dir='ltr' id='par_1_32' title="bbox 226 1803 1865 1919">
     <span class='ocr_line' id='line_1_32' title="bbox 226 1803 1865 1882; baseline 0.003 -23"><span class='ocrx_word' id='word_1_203' title='bbox 226 1805 281 1859; x_wconf 84' lang='grc' dir='ltr'>τὸ</span> <span class='ocrx_word' id='word_1_204' title='bbox 338 1803 588 1861; x_wconf 84' lang='grc' dir='ltr'>κατιδίαν</span> <span class='ocrx_word' id='word_1_205' title='bbox 649 1805 862 1882; x_wconf 78' lang='grc' dir='ltr'>ἀρέσαν,</span> <span class='ocrx_word' id='word_1_206' title='bbox 924 1807 1035 1861; x_wconf 74' lang='grc' dir='ltr'>εἶτα</span> <span class='ocrx_word' id='word_1_207' title='bbox 1091 1809 1179 1862; x_wconf 81' lang='grc' dir='ltr'><strong>καὶ</strong></span> <span class='ocrx_word' id='word_1_208' title='bbox 1232 1807 1462 1863; x_wconf 74' lang='grc' dir='ltr'>ἐνώπιον</span> <span class='ocrx_word' id='word_1_209' title='bbox 1504 1814 1611 1864; x_wconf 88' lang='grc' dir='ltr'><strong>τῶν</strong></span> <span class='ocrx_word' id='word_1_210' title='bbox 1663 1811 1865 1864; x_wconf 77' lang='grc' dir='ltr'>θειστά-</span> 
     </span>
     <span class='ocr_line' id='line_1_33' title="bbox 226 1893 1833 1919; baseline 0 0"><span class='ocrx_word' id='word_1_211' title='bbox 226 1915 318 1919; x_wconf 75' lang='lat'><strong>__._.</strong></span> <span class='ocrx_word' id='word_1_212' title='bbox 356 1893 600 1919; x_wconf 60' lang='lat'><strong>3...-.-\_,_.</strong></span> <span class='ocrx_word' id='word_1_213' title='bbox 657 1895 746 1919; x_wconf 46' lang='lat' dir='ltr'><strong>“us</strong></span> <span class='ocrx_word' id='word_1_214' title='bbox 801 1895 956 1919; x_wconf 51' lang='grc' dir='ltr'><strong>,η’-,9</strong></span> <span class='ocrx_word' id='word_1_215' title='bbox 1010 1901 1138 1919; x_wconf 68' lang='lat' dir='ltr'><strong>n__-</strong></span> <span class='ocrx_word' id='word_1_216' title='bbox 1191 1918 1194 1919; x_wconf 65' lang='lat'>,</span> <span class='ocrx_word' id='word_1_217' title='bbox 1265 1918 1286 1919; x_wconf 27' lang='grc' dir='ltr'><strong>ρ</strong></span> <span class='ocrx_word' id='word_1_218' title='bbox 1346 1896 1394 1919; x_wconf 70' lang='grc'><strong>..1</strong></span> <span class='ocrx_word' id='word_1_219' title='bbox 1507 1899 1564 1919; x_wconf 71' lang='grc' dir='ltr'><strong>νη</strong></span> <span class='ocrx_word' id='word_1_220' title='bbox 1630 1904 1654 1914; x_wconf 77' lang='lat'><strong>~</strong></span> <span class='ocrx_word' id='word_1_221' title='bbox 1817 1899 1833 1918; x_wconf 61' lang='grc' dir='ltr'><strong>κ</strong></span> 
     </span>
    </p>
   </div>
   <div class='ocr_carea' id='block_1_33' title="bbox 1980 1803 3644 1919">
    <p class='ocr_par' dir='ltr' id='par_1_33' title="bbox 1991 1806 3644 1919">
     <span class='ocr_line' id='line_1_34' title="bbox 1991 1806 3644 1882; baseline -0.002 -16"><span class='ocrx_word' id='word_1_222' title='bbox 1991 1812 2336 1882; x_wconf 84' lang='lat' dir='ltr'><strong>promisisti,</strong></span> <span class='ocrx_word' id='word_1_223' title='bbox 2370 1813 2429 1866; x_wconf 91' lang='lat' dir='ltr'><strong>in</strong></span> <span class='ocrx_word' id='word_1_224' title='bbox 2460 1819 2774 1882; x_wconf 89' lang='lat' dir='ltr'><strong>conspectu</strong></span> <span class='ocrx_word' id='word_1_225' title='bbox 2825 1815 3163 1865; x_wconf 89' lang='lat' dir='ltr'><strong>sanctorum</strong></span> <span class='ocrx_word' id='word_1_226' title='bbox 3211 1806 3553 1880; x_wconf 83' lang='lat' dir='ltr'><strong>angelorum</strong></span> <span class='ocrx_word' id='word_1_227' title='bbox 3585 1811 3644 1863; x_wconf 86' lang='lat' dir='ltr'><strong>et</strong></span> 
     </span>
     <span class='ocr_line' id='line_1_35' title="bbox 1993 1897 3602 1919; baseline 0 0"><span class='ocrx_word' id='word_1_228' title='bbox 1993 1901 2086 1919; x_wconf 59' lang='lat'><strong>“,9</strong></span> <span class='ocrx_word' id='word_1_229' title='bbox 2137 1899 2246 1919; x_wconf 57' lang='lat'><strong>11,,</strong></span> <span class='ocrx_word' id='word_1_230' title='bbox 2295 1917 2304 1919; x_wconf 67' lang='lat'><strong><em>_</em></strong></span> <span class='ocrx_word' id='word_1_231' title='bbox 2365 1902 2376 1913; x_wconf 81' lang='grc' dir='ltr'><strong><em>ο</em></strong></span> <span class='ocrx_word' id='word_1_232' title='bbox 2423 1918 2428 1919; x_wconf 63' lang='lat'><strong><em>,</em></strong></span> <span class='ocrx_word' id='word_1_233' title='bbox 2477 1918 2482 1919; x_wconf 63' lang='lat'><strong><em>,</em></strong></span> <span class='ocrx_word' id='word_1_234' title='bbox 2548 1899 2822 1919; x_wconf 63' lang='lat'><strong>!___!_:__..-</strong></span> <span class='ocrx_word' id='word_1_235' title='bbox 2870 1899 2929 1919; x_wconf 84' lang='lat' dir='ltr'><strong>_L</strong></span> <span class='ocrx_word' id='word_1_236' title='bbox 2975 1903 3093 1919; x_wconf 76' lang='lat' dir='ltr'><strong>__a__</strong></span> <span class='ocrx_word' id='word_1_237' title='bbox 3133 1897 3298 1919; x_wconf 70' lang='lat' dir='ltr'><strong>-l:a-_</strong></span> <span class='ocrx_word' id='word_1_238' title='bbox 3334 1898 3602 1919; x_wconf 54' lang='grc' dir='ltr'><strong>--ηιξ-μ-</strong></span> 
     </span>
    </p>
   </div>
   <div class='ocr_carea' id='block_1_34' title="bbox 222 1893 1870 1972">
    <p class='ocr_par' dir='ltr' id='par_1_34' title="bbox 222 1893 1870 1972">
     <span class='ocr_line' id='line_1_36' title="bbox 222 1893 1870 1972; baseline 0.003 -24"><span class='ocrx_word' id='word_1_239' title='bbox 222 1915 320 1948; x_wconf 88' lang='grc' dir='ltr'><strong>των</strong></span> <span class='ocrx_word' id='word_1_240' title='bbox 351 1893 602 1970; x_wconf 85' lang='grc' dir='ltr'>ἀγγελων</span> <span class='ocrx_word' id='word_1_241' title='bbox 656 1895 747 1950; x_wconf 84' lang='grc' dir='ltr'><strong>καὶ</strong></span> <span class='ocrx_word' id='word_1_242' title='bbox 795 1895 960 1950; x_wconf 76' lang='grc' dir='ltr'>αὐτοῦ</span> <span class='ocrx_word' id='word_1_243' title='bbox 1008 1901 1142 1951; x_wconf 91' lang='grc' dir='ltr'>Θεοῦ</span> <span class='ocrx_word' id='word_1_244' title='bbox 1183 1896 1450 1962; x_wconf 78' lang='grc' dir='ltr'>τυπωθὲν.</span> <span class='ocrx_word' id='word_1_245' title='bbox 1507 1899 1714 1954; x_wconf 83' lang='grc' dir='ltr'>Ἐκεῖνο</span> <span class='ocrx_word' id='word_1_246' title='bbox 1776 1899 1870 1972; x_wconf 74' lang='grc' dir='ltr'>μὲν</span> 
     </span>
    </p>
   </div>
   <div class='ocr_carea' id='block_1_35' title="bbox 221 1984 1869 2061">
    <p class='ocr_par' dir='ltr' id='par_1_35' title="bbox 221 1984 1869 2061">
     <span class='ocr_line' id='line_1_37' title="bbox 221 1984 1869 2061; baseline 0.002 -24"><span class='ocrx_word' id='word_1_247' title='bbox 221 1984 313 2059; x_wconf 80' lang='grc' dir='ltr'>γὰρ</span> <span class='ocrx_word' id='word_1_248' title='bbox 359 1984 419 2037; x_wconf 86' lang='grc' dir='ltr'>τὸ</span> <span class='ocrx_word' id='word_1_249' title='bbox 467 1984 741 2060; x_wconf 81' lang='grc' dir='ltr'>ἀρχῆθεν,</span> <span class='ocrx_word' id='word_1_250' title='bbox 795 1985 856 2038; x_wconf 86' lang='grc' dir='ltr'>τὸ</span> <span class='ocrx_word' id='word_1_251' title='bbox 919 1986 1054 2058; x_wconf 87' lang='grc' dir='ltr'><strong>μετά</strong></span> <span class='ocrx_word' id='word_1_252' title='bbox 1105 1986 1206 2055; x_wconf 71' lang='grc' dir='ltr'>τὴν</span> <span class='ocrx_word' id='word_1_253' title='bbox 1247 1986 1472 2061; x_wconf 66' lang='grc' dir='ltr'>γένεσιν,</span> <span class='ocrx_word' id='word_1_254' title='bbox 1535 1984 1702 2060; x_wconf 73' lang='grc' dir='ltr'>μηδὲν</span> <span class='ocrx_word' id='word_1_255' title='bbox 1761 1993 1869 2042; x_wconf 87' lang='grc' dir='ltr'><strong>τῶν</strong></span> 
     </span>
    </p>
   </div>
   <div class='ocr_carea' id='block_1_36' title="bbox 230 2070 1869 2151">
    <p class='ocr_par' dir='ltr' id='par_1_36' title="bbox 230 2070 1869 2151">
     <span class='ocr_line' id='line_1_38' title="bbox 230 2070 1869 2151; baseline 0.002 -24"><span class='ocrx_word' id='word_1_256' title='bbox 230 2073 424 2151; x_wconf 73' lang='grc' dir='ltr'>βρεφῶν</span> <span class='ocrx_word' id='word_1_257' title='bbox 475 2070 752 2146; x_wconf 78' lang='grc' dir='ltr'>εἰδότων,</span> <span class='ocrx_word' id='word_1_258' title='bbox 811 2070 999 2136; x_wconf 74' lang='grc' dir='ltr'>ἄλλως</span> <span class='ocrx_word' id='word_1_259' title='bbox 1049 2073 1346 2149; x_wconf 87' lang='grc' dir='ltr'>κεκύρωτο,</span> <span class='ocrx_word' id='word_1_260' title='bbox 1399 2073 1563 2144; x_wconf 76' lang='grc' dir='ltr'>ἡνίκα</span> <span class='ocrx_word' id='word_1_261' title='bbox 1606 2081 1689 2148; x_wconf 72' lang='grc' dir='ltr'>τῷ</span> <span class='ocrx_word' id='word_1_262' title='bbox 1743 2075 1869 2148; x_wconf 86' lang='grc' dir='ltr'>θείῳ</span> 
     </span>
    </p>
   </div>
   <div class='ocr_carea' id='block_1_37' title="bbox 226 2160 1870 2239">
    <p class='ocr_par' dir='ltr' id='par_1_37' title="bbox 226 2160 1870 2239">
     <span class='ocr_line' id='line_1_39' title="bbox 226 2160 1870 2239; baseline 0.003 -24"><span class='ocrx_word' id='word_1_263' title='bbox 226 2161 568 2234; x_wconf 79' lang='grc' dir='ltr'>ἐσημειοῦντο</span> <span class='ocrx_word' id='word_1_264' title='bbox 648 2161 1022 2239; x_wconf 78' lang='grc' dir='ltr'><strong>βαπτίσματι·</strong></span> <span class='ocrx_word' id='word_1_265' title='bbox 1077 2163 1144 2217; x_wconf 81' lang='grc' dir='ltr'>τὰ</span> <span class='ocrx_word' id='word_1_266' title='bbox 1195 2160 1252 2218; x_wconf 77' lang='grc' dir='ltr'>δὲ</span> <span class='ocrx_word' id='word_1_267' title='bbox 1306 2167 1415 2219; x_wconf 87' lang='grc' dir='ltr'><strong>τῶν</strong></span> <span class='ocrx_word' id='word_1_268' title='bbox 1473 2163 1870 2238; x_wconf 63' lang='grc' dir='ltr'>ἐπαναιρουμέ-</span> 
     </span>
    </p>
   </div>
   <div class='ocr_carea' id='block_1_38' title="bbox 221 2250 1865 2324">
    <p class='ocr_par' dir='ltr' id='par_1_38' title="bbox 221 2250 1865 2324">
     <span class='ocr_line' id='line_1_40' title="bbox 221 2250 1865 2324; baseline 0.004 -22"><span class='ocrx_word' id='word_1_269' title='bbox 221 2271 315 2303; x_wconf 87' lang='grc' dir='ltr'><strong>νων</strong></span> <span class='ocrx_word' id='word_1_270' title='bbox 390 2250 642 2324; x_wconf 78' lang='grc' dir='ltr'>μονάζειν</span> <span class='ocrx_word' id='word_1_271' title='bbox 721 2253 1043 2306; x_wconf 80' lang='grc' dir='ltr'>καταθετικά</span> <span class='ocrx_word' id='word_1_272' title='bbox 1120 2251 1170 2323; x_wconf 76' lang='grc' dir='ltr'><strong>ἐξ</strong></span> <span class='ocrx_word' id='word_1_273' title='bbox 1235 2253 1412 2307; x_wconf 83' lang='grc' dir='ltr'>αὐτῶν</span> <span class='ocrx_word' id='word_1_274' title='bbox 1494 2251 1732 2322; x_wconf 79' lang='grc' dir='ltr'>ἐκείνων,</span> <span class='ocrx_word' id='word_1_275' title='bbox 1809 2253 1865 2310; x_wconf 80' lang='grc' dir='ltr'><strong>εὗ</strong></span> 
     </span>
    </p>
   </div>
   <div class='ocr_carea' id='block_1_39' title="bbox 223 2335 1861 2416">
    <p class='ocr_par' dir='ltr' id='par_1_39' title="bbox 223 2335 1861 2416">
     <span class='ocr_line' id='line_1_41' title="bbox 223 2335 1861 2416; baseline 0.004 -24"><span class='ocrx_word' id='word_1_276' title='bbox 223 2335 447 2409; x_wconf 74' lang='grc' dir='ltr'>εἰδότων,</span> <span class='ocrx_word' id='word_1_277' title='bbox 506 2338 590 2412; x_wconf 78' lang='grc' dir='ltr'><strong>τῷ</strong></span> <span class='ocrx_word' id='word_1_278' title='bbox 652 2343 768 2412; x_wconf 87' lang='grc' dir='ltr'><strong>Θεῷ</strong></span> <span class='ocrx_word' id='word_1_279' title='bbox 821 2340 1175 2395; x_wconf 82' lang='grc' dir='ltr'>ἀνατίθενται·</span> <span class='ocrx_word' id='word_1_280' title='bbox 1242 2339 1287 2415; x_wconf 84' lang='grc' dir='ltr'>ᾧ</span> <span class='ocrx_word' id='word_1_281' title='bbox 1334 2341 1624 2416; x_wconf 80' lang='grc' dir='ltr'>ψεύσασθαι</span> <span class='ocrx_word' id='word_1_282' title='bbox 1665 2343 1746 2405; x_wconf 88' lang='grc' dir='ltr'><strong>τίς</strong></span> <span class='ocrx_word' id='word_1_283' title='bbox 1803 2341 1861 2399; x_wconf 76' lang='grc' dir='ltr'><strong>ἂν</strong></span> 
     </span>
    </p>
   </div>
   <div class='ocr_carea' id='block_1_40' title="bbox 222 2425 1861 2506">
    <p class='ocr_par' dir='ltr' id='par_1_40' title="bbox 222 2425 1861 2506">
     <span class='ocr_line' id='line_1_42' title="bbox 222 2425 1861 2506; baseline 0.004 -25"><span class='ocrx_word' id='word_1_284' title='bbox 222 2427 474 2501; x_wconf 83' lang='grc' dir='ltr'>τολμῴη;</span> <span class='ocrx_word' id='word_1_285' title='bbox 532 2426 641 2499; x_wconf 76' lang='grc' dir='ltr'>Εἷ¹η</span> <span class='ocrx_word' id='word_1_286' title='bbox 704 2428 767 2483; x_wconf 79' lang='grc' dir='ltr'><strong>ἃν</strong></span> <span class='ocrx_word' id='word_1_287' title='bbox 826 2425 883 2484; x_wconf 77' lang='grc' dir='ltr'>δὲ</span> <span class='ocrx_word' id='word_1_288' title='bbox 937 2428 1116 2484; x_wconf 85' lang='grc' dir='ltr'>τοίνυν</span> <span class='ocrx_word' id='word_1_289' title='bbox 1172 2431 1463 2506; x_wconf 87' lang='grc' dir='ltr'>ὁσιώτερος</span> <span class='ocrx_word' id='word_1_290' title='bbox 1488 2437 1568 2504; x_wconf 83' lang='grc' dir='ltr'><strong>τῷ</strong></span> <span class='ocrx_word' id='word_1_291' title='bbox 1612 2437 1727 2505; x_wconf 85' lang='grc' dir='ltr'><strong>Θεῴ</strong></span> <span class='ocrx_word' id='word_1_292' title='bbox 1773 2430 1861 2488; x_wconf 75' lang='grc' dir='ltr'><strong>ἄν·</strong></span> 
     </span>
    </p>
   </div>
   <div class='ocr_carea' id='block_1_41' title="bbox 225 2516 1863 2596">
    <p class='ocr_par' dir='ltr' id='par_1_41' title="bbox 225 2516 1863 2596">
     <span class='ocr_line' id='line_1_43' title="bbox 225 2516 1863 2596; baseline 0.005 -26"><span class='ocrx_word' id='word_1_293' title='bbox 225 2517 426 2590; x_wconf 83' lang='grc' dir='ltr'>θρωπος</span> <span class='ocrx_word' id='word_1_294' title='bbox 489 2516 590 2573; x_wconf 81' lang='grc' dir='ltr'><strong>τοῦ</strong></span> <span class='ocrx_word' id='word_1_295' title='bbox 645 2516 787 2573; x_wconf 86' lang='grc' dir='ltr'>λαοῦ</span> <span class='ocrx_word' id='word_1_296' title='bbox 845 2519 872 2572; x_wconf 81' lang='grc' dir='ltr'><strong>ὁ</strong></span> <span class='ocrx_word' id='word_1_297' title='bbox 904 2517 1210 2596; x_wconf 78' lang='grc' dir='ltr'>φυλάττων,</span> <span class='ocrx_word' id='word_1_298' title='bbox 1244 2521 1378 2596; x_wconf 80' lang='grc' dir='ltr'>ἅπερ</span> <span class='ocrx_word' id='word_1_299' title='bbox 1407 2517 1487 2576; x_wconf 68' lang='grc' dir='ltr'>ἔτι</span> <span class='ocrx_word' id='word_1_300' title='bbox 1518 2517 1672 2584; x_wconf 76' lang='grc' dir='ltr'>ὄντος</span> <span class='ocrx_word' id='word_1_301' title='bbox 1698 2521 1863 2578; x_wconf 76' lang='grc' dir='ltr'>αὐτοῦ</span> 
     </span>
    </p>
   </div>
   <div class='ocr_carea' id='block_1_42' title="bbox 223 2603 1860 2686">
    <p class='ocr_par' dir='ltr' id='par_1_42' title="bbox 223 2603 1860 2686">
     <span class='ocr_line' id='line_1_44' title="bbox 223 2603 1860 2686; baseline 0.004 -27"><span class='ocrx_word' id='word_1_302' title='bbox 223 2603 562 2661; x_wconf 58' lang='grc' dir='ltr'>ἆτεὶκεστάτου</span> <span class='ocrx_word' id='word_1_303' title='bbox 645 2607 965 2676; x_wconf 73' lang='grc' dir='ltr'>συντέθειτο,</span> <span class='ocrx_word' id='word_1_304' title='bbox 1028 2605 1152 2663; x_wconf 79' lang='grc' dir='ltr'>ούδὶ</span> <span class='ocrx_word' id='word_1_305' title='bbox 1211 2607 1406 2665; x_wconf 72' lang='grc' dir='ltr'>λαλιὰν</span> <span class='ocrx_word' id='word_1_306' title='bbox 1457 2607 1860 2686; x_wconf 74' lang='grc' dir='ltr'>διαρθροῦντος,</span> 
     </span>
    </p>
   </div>
   <div class='ocr_carea' id='block_1_43' title="bbox 228 2693 1858 2776">
    <p class='ocr_par' dir='ltr' id='par_1_43' title="bbox 228 2693 1858 2776">
     <span class='ocr_line' id='line_1_45' title="bbox 228 2693 1858 2776; baseline 0.004 -28"><span class='ocrx_word' id='word_1_307' title='bbox 228 2694 294 2765; x_wconf 72' lang='grc' dir='ltr'>μὴ</span> <span class='ocrx_word' id='word_1_308' title='bbox 346 2693 425 2749; x_wconf 74' lang='grc' dir='ltr'>ὅτι</span> <span class='ocrx_word' id='word_1_309' title='bbox 481 2715 542 2772; x_wconf 89' lang='grc' dir='ltr'><strong>γε</strong></span> <span class='ocrx_word' id='word_1_310' title='bbox 597 2695 920 2768; x_wconf 74' lang='grc' dir='ltr'>ηὐξημένου</span> <span class='ocrx_word' id='word_1_311' title='bbox 970 2697 1070 2766; x_wconf 79' lang='grc' dir='ltr'><strong>τῆν</strong></span> <span class='ocrx_word' id='word_1_312' title='bbox 1128 2697 1412 2772; x_wconf 77' lang='grc' dir='ltr'>φρόνησιν,</span> <span class='ocrx_word' id='word_1_313' title='bbox 1467 2696 1608 2776; x_wconf 71' lang='grc' dir='ltr'>ἤπερ</span> <span class='ocrx_word' id='word_1_314' title='bbox 1640 2700 1858 2762; x_wconf 84' lang='grc' dir='ltr'>ὁαύτὸς</span> 
     </span>
    </p>
   </div>
   <div class='ocr_carea' id='block_1_44' title="bbox 222 2784 1858 2861">
    <p class='ocr_par' dir='ltr' id='par_1_44' title="bbox 222 2784 1858 2861">
     <span class='ocr_line' id='line_1_46' title="bbox 222 2784 1858 2861; baseline 0.006 -25"><span class='ocrx_word' id='word_1_315' title='bbox 222 2785 477 2854; x_wconf 82' lang='grc' dir='ltr'>τυπώσας,</span> <span class='ocrx_word' id='word_1_316' title='bbox 537 2785 710 2847; x_wconf 78' lang='grc' dir='ltr'>αὐτὸς</span> <span class='ocrx_word' id='word_1_317' title='bbox 768 2785 1037 2861; x_wconf 85' lang='grc' dir='ltr'>κυρώσας,</span> <span class='ocrx_word' id='word_1_318' title='bbox 1087 2784 1245 2849; x_wconf 80' lang='grc' dir='ltr'>αὐτὸς</span> <span class='ocrx_word' id='word_1_319' title='bbox 1301 2789 1522 2858; x_wconf 77' lang='grc' dir='ltr'>νοήσας,</span> <span class='ocrx_word' id='word_1_320' title='bbox 1551 2788 1710 2851; x_wconf 79' lang='grc' dir='ltr'>αὐτὸς</span> <span class='ocrx_word' id='word_1_321' title='bbox 1757 2789 1858 2845; x_wconf 89' lang='grc' dir='ltr'>λα-</span> 
     </span>
    </p>
   </div>
   <div class='ocr_carea' id='block_1_45' title="bbox 224 2868 1858 2951">
    <p class='ocr_par' dir='ltr' id='par_1_45' title="bbox 224 2868 1858 2951">
     <span class='ocr_line' id='line_1_47' title="bbox 224 2868 1858 2951; baseline 0.005 -25"><span class='ocrx_word' id='word_1_322' title='bbox 224 2869 396 2942; x_wconf 74' lang='grc' dir='ltr'>λήσας,</span> <span class='ocrx_word' id='word_1_323' title='bbox 447 2875 563 2928; x_wconf 83' lang='grc' dir='ltr'>εἶτα</span> <span class='ocrx_word' id='word_1_324' title='bbox 623 2868 895 2950; x_wconf 77' lang='grc' dir='ltr'>παραϐὰς,</span> <span class='ocrx_word' id='word_1_325' title='bbox 952 2875 1039 2929; x_wconf 80' lang='grc' dir='ltr'>καὶ</span> <span class='ocrx_word' id='word_1_326' title='bbox 1072 2875 1593 2951; x_wconf 76' lang='grc' dir='ltr'>κατανωτισάμενος,</span> <span class='ocrx_word' id='word_1_327' title='bbox 1644 2877 1858 2934; x_wconf 78' lang='grc' dir='ltr'>ἆκατέ-</span> 
     </span>
    </p>
   </div>
   <div class='ocr_carea' id='block_1_46' title="bbox 222 2961 1858 3041">
    <p class='ocr_par' dir='ltr' id='par_1_46' title="bbox 222 2961 1858 3041">
     <span class='ocr_line' id='line_1_48' title="bbox 222 2961 1858 3041; baseline 0.005 -28"><span class='ocrx_word' id='word_1_328' title='bbox 222 2961 348 3030; x_wconf 80' lang='grc' dir='ltr'>ϐετο,</span> <span class='ocrx_word' id='word_1_329' title='bbox 405 2961 665 3039; x_wconf 76' lang='grc' dir='ltr'>ἀγγέλοις</span> <span class='ocrx_word' id='word_1_330' title='bbox 723 2961 1032 3037; x_wconf 86' lang='grc' dir='ltr'>ὁμόσκηνος</span> <span class='ocrx_word' id='word_1_331' title='bbox 1077 2961 1536 3041; x_wconf 82' lang='grc' dir='ltr'>ἐπαγγειλάμενος</span> <span class='ocrx_word' id='word_1_332' title='bbox 1594 2967 1858 3023; x_wconf 74' lang='grc' dir='ltr'>εἶναικαὶ</span> 
     </span>
    </p>
   </div>
   <div class='ocr_carea' id='block_1_47' title="bbox 220 3047 531 3116">
    <p class='ocr_par' dir='ltr' id='par_1_47' title="bbox 220 3047 531 3116">
     <span class='ocr_line' id='line_1_49' title="bbox 220 3047 531 3116; baseline 0.023 -15"><span class='ocrx_word' id='word_1_333' title='bbox 220 3047 471 3106; x_wconf 79' lang='grc' dir='ltr'>ἰσοστάσιο</span> <span class='ocrx_word' id='word_1_334' title='bbox 485 3075 531 3116; x_wconf 90' lang='grc' dir='ltr'>ς.</span> 
     </span>
    </p>
   </div>
   <div class='ocr_carea' id='block_1_48' title="bbox 285 3155 1859 3232">
    <p class='ocr_par' dir='ltr' id='par_1_48' title="bbox 285 3155 1859 3232">
     <span class='ocr_line' id='line_1_50' title="bbox 285 3155 1859 3232; baseline 0.006 -22"><span class='ocrx_word' id='word_1_335' title='bbox 285 3159 391 3232; x_wconf 89' lang='grc' dir='ltr'>ριε’.</span> <span class='ocrx_word' id='word_1_336' title='bbox 441 3155 623 3216; x_wconf 73' lang='grc' dir='ltr'>Ἀλλὰ</span> <span class='ocrx_word' id='word_1_337' title='bbox 667 3163 836 3215; x_wconf 84' lang='grc' dir='ltr'>ταῦτα</span> <span class='ocrx_word' id='word_1_338' title='bbox 883 3159 977 3232; x_wconf 73' lang='grc' dir='ltr'>μὶν</span> <span class='ocrx_word' id='word_1_339' title='bbox 1032 3160 1094 3215; x_wconf 85' lang='grc' dir='ltr'>σὺ</span> <span class='ocrx_word' id='word_1_340' title='bbox 1151 3160 1242 3216; x_wconf 86' lang='grc' dir='ltr'><strong>καὶ</strong></span> <span class='ocrx_word' id='word_1_341' title='bbox 1302 3161 1507 3226; x_wconf 72' lang='grc' dir='ltr'>ἐκεῖνος</span> <span class='ocrx_word' id='word_1_342' title='bbox 1544 3165 1634 3218; x_wconf 86' lang='grc' dir='ltr'>καὶ</span> <span class='ocrx_word' id='word_1_343' title='bbox 1687 3161 1859 3229; x_wconf 83' lang='grc' dir='ltr'>ἄλλος</span> 
     </span>
    </p>
   </div>
   <div class='ocr_carea' id='block_1_49' title="bbox 218 3247 1856 3328">
    <p class='ocr_par' dir='ltr' id='par_1_49' title="bbox 218 3247 1856 3328">
     <span class='ocr_line' id='line_1_51' title="bbox 218 3247 1856 3328; baseline 0.005 -29"><span class='ocrx_word' id='word_1_344' title='bbox 218 3265 308 3312; x_wconf 87' lang='grc' dir='ltr'>τις,</span> <span class='ocrx_word' id='word_1_345' title='bbox 366 3247 416 3300; x_wconf 80' lang='grc' dir='ltr'>οἱ</span> <span class='ocrx_word' id='word_1_346' title='bbox 463 3253 703 3324; x_wconf 85' lang='grc' dir='ltr'>χωρικῴ</span> <span class='ocrx_word' id='word_1_347' title='bbox 757 3249 850 3322; x_wconf 79' lang='grc' dir='ltr'>μὶν</span> <span class='ocrx_word' id='word_1_348' title='bbox 904 3247 1058 3326; x_wconf 87' lang='grc' dir='ltr'>λόγῳ</span> <span class='ocrx_word' id='word_1_349' title='bbox 1099 3247 1189 3305; x_wconf 79' lang='grc' dir='ltr'><strong>διὰ</strong></span> <span class='ocrx_word' id='word_1_350' title='bbox 1233 3251 1296 3306; x_wconf 87' lang='grc' dir='ltr'>τὸ</span> <span class='ocrx_word' id='word_1_351' title='bbox 1342 3247 1565 3307; x_wconf 70' lang='grc' dir='ltr'>ἴντοπον</span> <span class='ocrx_word' id='word_1_352' title='bbox 1595 3252 1740 3326; x_wconf 81' lang='grc' dir='ltr'>ἐμοὶ,</span> <span class='ocrx_word' id='word_1_353' title='bbox 1788 3257 1856 3328; x_wconf 77' lang='grc' dir='ltr'>τῇ</span> 
     </span>
    </p>
   </div>
   <div class='ocr_carea' id='block_1_50' title="bbox 224 3330 1865 3414">
    <p class='ocr_par' dir='ltr' id='par_1_50' title="bbox 224 3330 1865 3414">
     <span class='ocr_line' id='line_1_52' title="bbox 224 3330 1865 3414; baseline 0.006 -27"><span class='ocrx_word' id='word_1_354' title='bbox 224 3330 273 3388; x_wconf 76' lang='grc' dir='ltr'>δὲ</span> <span class='ocrx_word' id='word_1_355' title='bbox 301 3332 523 3392; x_wconf 66' lang='grc' dir='ltr'>διαθέσει</span> <span class='ocrx_word' id='word_1_356' title='bbox 585 3333 713 3392; x_wconf 71' lang='grc' dir='ltr'>οὔτε</span> <span class='ocrx_word' id='word_1_357' title='bbox 767 3335 915 3410; x_wconf 80' lang='grc' dir='ltr'>ἐμοὶ,</span> <span class='ocrx_word' id='word_1_358' title='bbox 977 3336 1100 3394; x_wconf 74' lang='grc' dir='ltr'>οὔτε</span> <span class='ocrx_word' id='word_1_359' title='bbox 1147 3343 1255 3395; x_wconf 87' lang='grc' dir='ltr'><strong>τῶν</strong></span> <span class='ocrx_word' id='word_1_360' title='bbox 1283 3341 1400 3395; x_wconf 86' lang='grc' dir='ltr'>κατ’</span> <span class='ocrx_word' id='word_1_361' title='bbox 1431 3340 1528 3414; x_wconf 72' lang='grc' dir='ltr'><strong>ἐμὲ</strong></span> <span class='ocrx_word' id='word_1_362' title='bbox 1559 3339 1647 3397; x_wconf 82' lang='grc' dir='ltr'><strong>διὰ</strong></span> <span class='ocrx_word' id='word_1_363' title='bbox 1672 3342 1735 3397; x_wconf 87' lang='grc' dir='ltr'>τὸ</span> <span class='ocrx_word' id='word_1_364' title='bbox 1764 3349 1865 3412; x_wconf 87' lang='grc' dir='ltr'><strong>τῆς</strong></span> 
     </span>
    </p>
   </div>
   <div class='ocr_carea' id='block_1_51' title="bbox 224 3423 1861 3503">
    <p class='ocr_par' dir='ltr' id='par_1_51' title="bbox 224 3423 1861 3503">
     <span class='ocr_line' id='line_1_53' title="bbox 224 3423 1861 3503; baseline 0.004 -25"><span class='ocrx_word' id='word_1_365' title='bbox 224 3423 431 3496; x_wconf 84' lang='grc' dir='ltr'>γνώμης</span> <span class='ocrx_word' id='word_1_366' title='bbox 483 3423 712 3481; x_wconf 79' lang='grc' dir='ltr'>ἄτοπον·</span> <span class='ocrx_word' id='word_1_367' title='bbox 769 3427 844 3488; x_wconf 82' lang='grc' dir='ltr'><strong>ὡς</strong></span> <span class='ocrx_word' id='word_1_368' title='bbox 919 3424 972 3481; x_wconf 68' lang='grc' dir='ltr'>οἵ</span> <span class='ocrx_word' id='word_1_369' title='bbox 999 3449 1058 3502; x_wconf 90' lang='grc' dir='ltr'><strong>γε</strong></span> <span class='ocrx_word' id='word_1_370' title='bbox 1107 3427 1329 3499; x_wconf 84' lang='grc' dir='ltr'>ἀληθῶς</span> <span class='ocrx_word' id='word_1_371' title='bbox 1373 3428 1519 3503; x_wconf 83' lang='grc' dir='ltr'>ἐμοὶ,</span> <span class='ocrx_word' id='word_1_372' title='bbox 1572 3431 1662 3485; x_wconf 86' lang='grc' dir='ltr'><strong>καὶ</strong></span> <span class='ocrx_word' id='word_1_373' title='bbox 1695 3431 1768 3494; x_wconf 88' lang='grc' dir='ltr'><strong>ὡς</strong></span> <span class='ocrx_word' id='word_1_374' title='bbox 1801 3431 1861 3486; x_wconf 81' lang='grc' dir='ltr'>ἂν</span> 
     </span>
    </p>
   </div>
   <div class='ocr_carea' id='block_1_52' title="bbox 225 3509 1862 3592">
    <p class='ocr_par' dir='ltr' id='par_1_52' title="bbox 225 3509 1862 3592">
     <span class='ocr_line' id='line_1_54' title="bbox 225 3509 1862 3592; baseline 0.007 -28"><span class='ocrx_word' id='word_1_375' title='bbox 225 3509 518 3576; x_wconf 73' lang='grc' dir='ltr'>ίδιωτεύσας</span> <span class='ocrx_word' id='word_1_376' title='bbox 573 3511 737 3583; x_wconf 67' lang='grc' dir='ltr'>εἴπω,</span> <span class='ocrx_word' id='word_1_377' title='bbox 799 3515 850 3569; x_wconf 76' lang='grc' dir='ltr'>οἱ</span> <span class='ocrx_word' id='word_1_378' title='bbox 884 3512 1048 3571; x_wconf 83' lang='grc' dir='ltr'>ἰδικοί</span> <span class='ocrx_word' id='word_1_379' title='bbox 1085 3538 1189 3590; x_wconf 88' lang='grc' dir='ltr'><strong>μου</strong></span> <span class='ocrx_word' id='word_1_380' title='bbox 1247 3518 1487 3590; x_wconf 77' lang='grc' dir='ltr'>(ἀκούοις</span> <span class='ocrx_word' id='word_1_381' title='bbox 1545 3516 1601 3574; x_wconf 80' lang='grc' dir='ltr'>δέ</span> <span class='ocrx_word' id='word_1_382' title='bbox 1631 3541 1735 3592; x_wconf 88' lang='grc' dir='ltr'><strong>μου</strong></span> <span class='ocrx_word' id='word_1_383' title='bbox 1763 3528 1862 3590; x_wconf 87' lang='grc' dir='ltr'><strong>τῆς</strong></span> 
     </span>
    </p>
   </div>
   <div class='ocr_carea' id='block_1_53' title="bbox 226 3599 1861 3682">
    <p class='ocr_par' dir='ltr' id='par_1_53' title="bbox 226 3599 1861 3682">
     <span class='ocr_line' id='line_1_55' title="bbox 226 3599 1861 3682; baseline 0.006 -28"><span class='ocrx_word' id='word_1_384' title='bbox 226 3599 488 3674; x_wconf 80' lang='grc' dir='ltr'>ἀληθείας,</span> <span class='ocrx_word' id='word_1_385' title='bbox 524 3604 570 3658; x_wconf 87' lang='grc' dir='ltr'><strong>ῶ</strong></span> <span class='ocrx_word' id='word_1_386' title='bbox 621 3603 887 3680; x_wconf 82' lang='grc' dir='ltr'>ἀγιώτατε</span> <span class='ocrx_word' id='word_1_387' title='bbox 946 3605 1268 3661; x_wconf 77' lang='grc' dir='ltr'>ἶσαπόστοΛε</span> <span class='ocrx_word' id='word_1_388' title='bbox 1315 3605 1559 3682; x_wconf 84' lang='grc' dir='ltr'>βασιλεῦ)</span> <span class='ocrx_word' id='word_1_389' title='bbox 1619 3608 1756 3664; x_wconf 84' lang='grc' dir='ltr'>κατὰ</span> <span class='ocrx_word' id='word_1_390' title='bbox 1798 3610 1861 3664; x_wconf 86' lang='grc' dir='ltr'>τὸ</span> 
     </span>
    </p>
   </div>
   <div class='ocr_carea' id='block_1_54' title="bbox 228 3686 1859 3772">
    <p class='ocr_par' dir='ltr' id='par_1_54' title="bbox 228 3686 1859 3772">
     <span class='ocr_line' id='line_1_56' title="bbox 228 3686 1859 3772; baseline 0.007 -31"><span class='ocrx_word' id='word_1_391' title='bbox 228 3686 347 3760; x_wconf 78' lang='grc' dir='ltr'>ὕψος</span> <span class='ocrx_word' id='word_1_392' title='bbox 398 3696 493 3746; x_wconf 90' lang='grc' dir='ltr'><strong>τοῦ</strong></span> <span class='ocrx_word' id='word_1_393' title='bbox 553 3692 791 3765; x_wconf 85' lang='grc' dir='ltr'>οὐρανοῦ</span> <span class='ocrx_word' id='word_1_394' title='bbox 847 3693 954 3748; x_wconf 87' lang='grc' dir='ltr'>ἀπὸ</span> <span class='ocrx_word' id='word_1_395' title='bbox 1008 3697 1107 3764; x_wconf 83' lang='grc' dir='ltr'><strong>τῆς</strong></span> <span class='ocrx_word' id='word_1_396' title='bbox 1158 3702 1261 3770; x_wconf 85' lang='grc' dir='ltr'><strong>γῆς</strong></span> <span class='ocrx_word' id='word_1_397' title='bbox 1333 3696 1484 3768; x_wconf 81' lang='grc' dir='ltr'>ὑμῶν</span> <span class='ocrx_word' id='word_1_398' title='bbox 1572 3697 1859 3772; x_wconf 76' lang='grc' dir='ltr'>ἀπέχουσι,</span> 
     </span>
    </p>
   </div>
   <div class='ocr_carea' id='block_1_55' title="bbox 226 3777 1857 3860">
    <p class='ocr_par' dir='ltr' id='par_1_55' title="bbox 226 3777 1857 3860">
     <span class='ocr_line' id='line_1_57' title="bbox 226 3777 1857 3860; baseline 0.007 -30"><span class='ocrx_word' id='word_1_399' title='bbox 226 3780 526 3851; x_wconf 82' lang='grc' dir='ltr'>προσθετὲον</span> <span class='ocrx_word' id='word_1_400' title='bbox 606 3777 664 3835; x_wconf 82' lang='grc' dir='ltr'>δὶ</span> <span class='ocrx_word' id='word_1_401' title='bbox 719 3781 808 3836; x_wconf 85' lang='grc' dir='ltr'><strong>καὶ</strong></span> <span class='ocrx_word' id='word_1_402' title='bbox 859 3783 944 3856; x_wconf 85' lang='grc' dir='ltr'>τὸ,</span> <span class='ocrx_word' id='word_1_403' title='bbox 1003 3782 1077 3838; x_wconf 74' lang='grc' dir='ltr'><strong>ὡς</strong></span> <span class='ocrx_word' id='word_1_404' title='bbox 1137 3782 1394 3840; x_wconf 85' lang='grc' dir='ltr'>ἀνατολαὶ</span> <span class='ocrx_word' id='word_1_405' title='bbox 1451 3785 1558 3840; x_wconf 86' lang='grc' dir='ltr'><strong>ἀπὸ</strong></span> <span class='ocrx_word' id='word_1_406' title='bbox 1616 3783 1857 3860; x_wconf 82' lang='grc' dir='ltr'>δυσμῶν,</span> 
     </span>
    </p>
   </div>
   <div class='ocr_carea' id='block_1_56' title="bbox 227 3865 1860 3948">
    <p class='ocr_par' dir='ltr' id='par_1_56' title="bbox 227 3865 1860 3948">
     <span class='ocr_line' id='line_1_58' title="bbox 227 3865 1860 3948; baseline 0.007 -30"><span class='ocrx_word' id='word_1_407' title='bbox 227 3865 447 3939; x_wconf 72' lang='grc' dir='ltr'>οὐράνιοι</span> <span class='ocrx_word' id='word_1_408' title='bbox 527 3868 728 3924; x_wconf 76' lang='grc' dir='ltr'>ἐκεῖνοι</span> <span class='ocrx_word' id='word_1_409' title='bbox 803 3875 922 3932; x_wconf 86' lang='grc' dir='ltr'>ταῖς</span> <span class='ocrx_word' id='word_1_410' title='bbox 993 3871 1448 3948; x_wconf 80' lang='grc' dir='ltr'>ἀγαθοπραξίαις,</span> <span class='ocrx_word' id='word_1_411' title='bbox 1521 3873 1674 3943; x_wconf 73' lang='grc' dir='ltr'>ἣλιοι</span> <span class='ocrx_word' id='word_1_412' title='bbox 1738 3881 1860 3938; x_wconf 88' lang='grc' dir='ltr'>ταῖς</span> 
     </span>
    </p>
   </div>
   <div class='ocr_carea' id='block_1_57' title="bbox 227 3951 1859 4038">
    <p class='ocr_par' dir='ltr' id='par_1_57' title="bbox 227 3951 1859 4038">
     <span class='ocr_line' id='line_1_59' title="bbox 227 3951 1859 4038; baseline 0.008 -32"><span class='ocrx_word' id='word_1_413' title='bbox 227 3951 443 4028; x_wconf 77' lang='grc' dir='ltr'>ἀρεταῖς,</span> <span class='ocrx_word' id='word_1_414' title='bbox 475 3954 814 4032; x_wconf 81' lang='grc' dir='ltr'>παραδείσου</span> <span class='ocrx_word' id='word_1_415' title='bbox 870 3957 1118 4029; x_wconf 88' lang='grc' dir='ltr'>πολῖται,</span> <span class='ocrx_word' id='word_1_416' title='bbox 1177 3961 1315 4038; x_wconf 66' lang='grc' dir='ltr'>φωτὶ</span> <span class='ocrx_word' id='word_1_417' title='bbox 1376 3962 1502 4035; x_wconf 88' lang='grc' dir='ltr'>θείῳ</span> <span class='ocrx_word' id='word_1_418' title='bbox 1546 3983 1859 4038; x_wconf 74' lang='grc' dir='ltr'>περιουσιαο</span> 
     </span>
    </p>
   </div>
   <div class='ocr_carea' id='block_1_58' title="bbox 229 4041 1855 4122">
    <p class='ocr_par' dir='ltr' id='par_1_58' title="bbox 229 4041 1855 4122">
     <span class='ocr_line' id='line_1_60' title="bbox 229 4041 1855 4122; baseline 0.008 -28"><span class='ocrx_word' id='word_1_419' title='bbox 229 4041 446 4112; x_wconf 80' lang='grc' dir='ltr'>ζόμενοι,</span> <span class='ocrx_word' id='word_1_420' title='bbox 533 4045 935 4122; x_wconf 83' lang='grc' dir='ltr'>ἀχρημοσύνην</span> <span class='ocrx_word' id='word_1_421' title='bbox 1012 4047 1374 4112; x_wconf 78' lang='grc' dir='ltr'>πλουτοῦντες</span> <span class='ocrx_word' id='word_1_422' title='bbox 1437 4053 1535 4121; x_wconf 78' lang='grc' dir='ltr'>τὴν</span> <span class='ocrx_word' id='word_1_423' title='bbox 1590 4050 1855 4122; x_wconf 85' lang='grc' dir='ltr'>κατιδίαν,</span> 
     </span>
    </p>
   </div>
   <div class='ocr_carea' id='block_1_59' title="bbox 227 4128 1858 4213">
    <p class='ocr_par' dir='ltr' id='par_1_59' title="bbox 227 4128 1858 4213">
     <span class='ocr_line' id='line_1_61' title="bbox 227 4128 1858 4213; baseline 0.009 -30"><span class='ocrx_word' id='word_1_424' title='bbox 227 4128 411 4187; x_wconf 82' lang='grc' dir='ltr'>πολλοὶ</span> <span class='ocrx_word' id='word_1_425' title='bbox 469 4131 527 4188; x_wconf 74' lang='grc' dir='ltr'>δὲ</span> <span class='ocrx_word' id='word_1_426' title='bbox 584 4135 677 4189; x_wconf 83' lang='grc' dir='ltr'><strong>καὶ</strong></span> <span class='ocrx_word' id='word_1_427' title='bbox 735 4135 1116 4210; x_wconf 88' lang='grc' dir='ltr'>ἀκτημοσύνην</span> <span class='ocrx_word' id='word_1_428' title='bbox 1149 4138 1337 4213; x_wconf 73' lang='grc' dir='ltr'>ἄκραν,</span> <span class='ocrx_word' id='word_1_429' title='bbox 1395 4137 1465 4194; x_wconf 86' lang='grc' dir='ltr'>δι’</span> <span class='ocrx_word' id='word_1_430' title='bbox 1512 4141 1579 4209; x_wconf 81' lang='grc' dir='ltr'><strong>ἧς</strong></span> <span class='ocrx_word' id='word_1_431' title='bbox 1609 4141 1737 4197; x_wconf 88' lang='grc' dir='ltr'>Θεὸν</span> <span class='ocrx_word' id='word_1_432' title='bbox 1764 4142 1858 4197; x_wconf 81' lang='grc' dir='ltr'><strong>αὖ·</strong></span> 
     </span>
    </p>
   </div>
   <div class='ocr_carea' id='block_1_60' title="bbox 226 4217 1856 4303">
    <p class='ocr_par' dir='ltr' id='par_1_60' title="bbox 226 4217 1856 4303">
     <span class='ocr_line' id='line_1_62' title="bbox 226 4217 1856 4303; baseline 0.009 -31"><span class='ocrx_word' id='word_1_433' title='bbox 226 4217 304 4271; x_wconf 85' lang='grc' dir='ltr'>τὸν</span> <span class='ocrx_word' id='word_1_434' title='bbox 354 4227 606 4278; x_wconf 85' lang='grc' dir='ltr'>κτῶνται·</span> <span class='ocrx_word' id='word_1_435' title='bbox 670 4224 829 4297; x_wconf 82' lang='grc' dir='ltr'>ὑμεῖς</span> <span class='ocrx_word' id='word_1_436' title='bbox 886 4223 944 4281; x_wconf 74' lang='grc' dir='ltr'>δὶ</span> <span class='ocrx_word' id='word_1_437' title='bbox 997 4233 1102 4301; x_wconf 89' lang='grc' dir='ltr'><strong>γῆς</strong></span> <span class='ocrx_word' id='word_1_438' title='bbox 1162 4225 1480 4303; x_wconf 76' lang='grc' dir='ltr'>ἄνθρωποι,</span> <span class='ocrx_word' id='word_1_439' title='bbox 1537 4231 1628 4284; x_wconf 86' lang='grc' dir='ltr'><strong>καὶ</strong></span> <span class='ocrx_word' id='word_1_440' title='bbox 1688 4229 1856 4302; x_wconf 76' lang='grc' dir='ltr'>αὐτῆς</span> 
     </span>
    </p>
   </div>
   <div class='ocr_carea' id='block_1_61' title="bbox 229 4305 1856 4392">
    <p class='ocr_par' dir='ltr' id='par_1_61' title="bbox 229 4305 1856 4392">
     <span class='ocr_line' id='line_1_63' title="bbox 229 4305 1856 4392; baseline 0.011 -32"><span class='ocrx_word' id='word_1_441' title='bbox 229 4305 350 4378; x_wconf 82' lang='grc' dir='ltr'>ὅλης</span> <span class='ocrx_word' id='word_1_442' title='bbox 395 4313 817 4388; x_wconf 71' lang='grc' dir='ltr'>ἡκανθωμὲνης,</span> <span class='ocrx_word' id='word_1_443' title='bbox 872 4315 952 4379; x_wconf 76' lang='grc' dir='ltr'><strong>οἷς</strong></span> <span class='ocrx_word' id='word_1_444' title='bbox 997 4316 1280 4392; x_wconf 88' lang='grc' dir='ltr'>μερίμναις</span> <span class='ocrx_word' id='word_1_445' title='bbox 1338 4316 1601 4390; x_wconf 87' lang='grc' dir='ltr'>διηνεκῶς</span> <span class='ocrx_word' id='word_1_446' title='bbox 1655 4328 1856 4378; x_wconf 74' lang='grc' dir='ltr'>κεντεῖ-</span> 
     </span>
    </p>
   </div>
   <div class='ocr_carea' id='block_1_62' title="bbox 228 4398 1854 4485">
    <p class='ocr_par' dir='ltr' id='par_1_62' title="bbox 228 4398 1854 4485">
     <span class='ocr_line' id='line_1_64' title="bbox 228 4398 1854 4485; baseline 0.01 -35"><span class='ocrx_word' id='word_1_447' title='bbox 228 4398 332 4452; x_wconf 86' lang='grc' dir='ltr'>σθαι</span> <span class='ocrx_word' id='word_1_448' title='bbox 388 4403 649 4478; x_wconf 83' lang='grc' dir='ltr'>περὶτῶν</span> <span class='ocrx_word' id='word_1_449' title='bbox 711 4401 933 4468; x_wconf 86' lang='grc' dir='ltr'>οὐδενὸς</span> <span class='ocrx_word' id='word_1_450' title='bbox 964 4405 1126 4476; x_wconf 77' lang='grc' dir='ltr'>ἀξίων</span> <span class='ocrx_word' id='word_1_451' title='bbox 1159 4405 1346 4483; x_wconf 88' lang='grc' dir='ltr'>λόγου.</span> <span class='ocrx_word' id='word_1_452' title='bbox 1383 4407 1481 4463; x_wconf 85' lang='grc' dir='ltr'>Καὶ</span> <span class='ocrx_word' id='word_1_453' title='bbox 1529 4407 1722 4466; x_wconf 83' lang='grc' dir='ltr'>ἐκεῖνοι</span> <span class='ocrx_word' id='word_1_454' title='bbox 1759 4413 1854 4485; x_wconf 80' lang='grc' dir='ltr'>μὶν</span> 
     </span>
    </p>
   </div>
   <div class='ocr_carea' id='block_1_63' title="bbox 227 4491 1855 4574">
    <p class='ocr_par' dir='ltr' id='par_1_63' title="bbox 227 4491 1855 4574">
     <span class='ocr_line' id='line_1_65' title="bbox 227 4491 1855 4574; baseline 0.01 -33"><span class='ocrx_word' id='word_1_455' title='bbox 227 4491 684 4562; x_wconf 84' lang='grc' dir='ltr'>πραγματεύονται</span> <span class='ocrx_word' id='word_1_456' title='bbox 757 4492 821 4549; x_wconf 82' lang='grc' dir='ltr'>τὸ</span> <span class='ocrx_word' id='word_1_457' title='bbox 889 4492 1190 4568; x_wconf 77' lang='grc' dir='ltr'>ἀειλαμπὶς</span> <span class='ocrx_word' id='word_1_458' title='bbox 1225 4542 1240 4569; x_wconf 88' lang='grc'><strong>,</strong></span> <span class='ocrx_word' id='word_1_459' title='bbox 1317 4495 1705 4571; x_wconf 67' lang='grc' dir='ltr'>ἐνακμάζοντες</span> <span class='ocrx_word' id='word_1_460' title='bbox 1775 4505 1855 4574; x_wconf 80' lang='grc' dir='ltr'><strong>τῷ</strong></span> 
     </span>
    </p>
   </div>
   <div class='ocr_carea' id='block_1_64' title="bbox 1992 1897 3644 1972">
    <p class='ocr_par' dir='ltr' id='par_1_64' title="bbox 1992 1897 3644 1972">
     <span class='ocr_line' id='line_1_66' title="bbox 1992 1897 3644 1972; baseline -0.002 -17"><span class='ocrx_word' id='word_1_461' title='bbox 1992 1901 2108 1956; x_wconf 93' lang='lat' dir='ltr'><strong>Dei.</strong></span> <span class='ocrx_word' id='word_1_462' title='bbox 2137 1899 2253 1956; x_wconf 88' lang='lat' dir='ltr'><strong>Hoc</strong></span> <span class='ocrx_word' id='word_1_463' title='bbox 2285 1902 2440 1957; x_wconf 90' lang='lat' dir='ltr'><strong>enim</strong></span> <span class='ocrx_word' id='word_1_464' title='bbox 2475 1899 2828 1972; x_wconf 90' lang='lat' dir='ltr'><strong>principium</strong></span> <span class='ocrx_word' id='word_1_465' title='bbox 2865 1899 2936 1954; x_wconf 82' lang='lat' dir='ltr'><strong>ab</strong></span> <span class='ocrx_word' id='word_1_466' title='bbox 2967 1903 3097 1954; x_wconf 90' lang='lat' dir='ltr'><strong>ortu</strong></span> <span class='ocrx_word' id='word_1_467' title='bbox 3130 1897 3300 1954; x_wconf 83' lang='lat' dir='ltr'><strong>aliter</strong></span> <span class='ocrx_word' id='word_1_468' title='bbox 3329 1898 3644 1953; x_wconf 83' lang='lat' dir='ltr'><strong>confirma-</strong></span> 
     </span>
    </p>
   </div>
   <div class='ocr_carea' id='block_1_65' title="bbox 1983 1987 3642 2060">
    <p class='ocr_par' dir='ltr' id='par_1_65' title="bbox 1983 1987 3642 2060">
     <span class='ocr_line' id='line_1_67' title="bbox 1983 1987 3642 2060; baseline 0 -16"><span class='ocrx_word' id='word_1_469' title='bbox 1983 1992 2108 2044; x_wconf 83' lang='lat' dir='ltr'><strong>tum</strong></span> <span class='ocrx_word' id='word_1_470' title='bbox 2175 1995 2284 2060; x_wconf 90' lang='lat' dir='ltr'><strong>est,</strong></span> <span class='ocrx_word' id='word_1_471' title='bbox 2353 1989 2501 2044; x_wconf 87' lang='lat' dir='ltr'><strong>nihil</strong></span> <span class='ocrx_word' id='word_1_472' title='bbox 2559 1987 2811 2044; x_wconf 87' lang='lat' dir='ltr'><strong>consciis</strong></span> <span class='ocrx_word' id='word_1_473' title='bbox 2869 1987 3221 2054; x_wconf 75' lang='lat' dir='ltr'><strong>infantibus,</strong></span> <span class='ocrx_word' id='word_1_474' title='bbox 3276 2003 3410 2041; x_wconf 90' lang='lat' dir='ltr'><strong>cum</strong></span> <span class='ocrx_word' id='word_1_475' title='bbox 3477 2002 3642 2044; x_wconf 89' lang='lat' dir='ltr'><strong>sacro</strong></span> 
     </span>
    </p>
   </div>
   <div class='ocr_carea' id='block_1_66' title="bbox 1985 2076 3644 2150">
    <p class='ocr_par' dir='ltr' id='par_1_66' title="bbox 1985 2076 3644 2150">
     <span class='ocr_line' id='line_1_68' title="bbox 1985 2076 3644 2150; baseline -0.001 -18"><span class='ocrx_word' id='word_1_476' title='bbox 1985 2077 2342 2150; x_wconf 84' lang='lat' dir='ltr'><strong>baptismate</strong></span> <span class='ocrx_word' id='word_1_477' title='bbox 2374 2077 2824 2150; x_wconf 78' lang='lat' dir='ltr'><strong>insignirentur.</strong></span> <span class='ocrx_word' id='word_1_478' title='bbox 2859 2076 2966 2142; x_wconf 89' lang='lat' dir='ltr'><strong>Qui</strong></span> <span class='ocrx_word' id='word_1_479' title='bbox 3000 2080 3196 2132; x_wconf 91' lang='lat' dir='ltr'><strong>autem</strong></span> <span class='ocrx_word' id='word_1_480' title='bbox 3225 2077 3401 2130; x_wconf 90' lang='lat' dir='ltr'><strong>vitam</strong></span> <span class='ocrx_word' id='word_1_481' title='bbox 3437 2091 3644 2131; x_wconf 82' lang='lat' dir='ltr'><strong>mona-</strong></span> 
     </span>
    </p>
   </div>
   <div class='ocr_carea' id='block_1_67' title="bbox 1979 2163 3636 2240">
    <p class='ocr_par' dir='ltr' id='par_1_67' title="bbox 1979 2163 3636 2240">
     <span class='ocr_line' id='line_1_69' title="bbox 1979 2163 3636 2240; baseline -0.002 -18"><span class='ocrx_word' id='word_1_482' title='bbox 1979 2167 2189 2222; x_wconf 89' lang='lat' dir='ltr'><strong>sticam</strong></span> <span class='ocrx_word' id='word_1_483' title='bbox 2258 2166 2731 2240; x_wconf 90' lang='lat' dir='ltr'><strong>amplectuntur,</strong></span> <span class='ocrx_word' id='word_1_484' title='bbox 2801 2165 2960 2221; x_wconf 89' lang='lat' dir='ltr'><strong>haud</strong></span> <span class='ocrx_word' id='word_1_485' title='bbox 3027 2164 3194 2219; x_wconf 89' lang='lat' dir='ltr'><strong>inviti</strong></span> <span class='ocrx_word' id='word_1_486' title='bbox 3250 2163 3309 2219; x_wconf 92' lang='lat' dir='ltr'><strong>id</strong></span> <span class='ocrx_word' id='word_1_487' title='bbox 3389 2163 3636 2231; x_wconf 86' lang='lat' dir='ltr'><strong>faciunt,</strong></span> 
     </span>
    </p>
   </div>
   <div class='ocr_carea' id='block_1_68' title="bbox 1977 2251 3625 2326">
    <p class='ocr_par' dir='ltr' id='par_1_68' title="bbox 1977 2251 3625 2326">
     <span class='ocr_line' id='line_1_70' title="bbox 1977 2251 3625 2326; baseline -0.002 -16"><span class='ocrx_word' id='word_1_488' title='bbox 1977 2258 2156 2326; x_wconf 86' lang='lat' dir='ltr'><strong>probe</strong></span> <span class='ocrx_word' id='word_1_489' title='bbox 2187 2255 2299 2312; x_wconf 89' lang='lat' dir='ltr'><strong>sibi</strong></span> <span class='ocrx_word' id='word_1_490' title='bbox 2342 2256 2582 2324; x_wconf 86' lang='lat' dir='ltr'><strong>conscii,</strong></span> <span class='ocrx_word' id='word_1_491' title='bbox 2615 2260 2672 2312; x_wconf 89' lang='lat' dir='ltr'><strong>et</strong></span> <span class='ocrx_word' id='word_1_492' title='bbox 2722 2261 2835 2312; x_wconf 92' lang='lat' dir='ltr'><strong>Deo</strong></span> <span class='ocrx_word' id='word_1_493' title='bbox 2868 2257 3303 2322; x_wconf 88' lang='lat' dir='ltr'><strong>consecrantur,</strong></span> <span class='ocrx_word' id='word_1_494' title='bbox 3336 2251 3429 2308; x_wconf 91' lang='lat' dir='ltr'><strong>cui</strong></span> <span class='ocrx_word' id='word_1_495' title='bbox 3463 2268 3625 2308; x_wconf 81' lang='lat' dir='ltr'><strong>men-</strong></span> 
     </span>
    </p>
   </div>
   <div class='ocr_carea' id='block_1_69' title="bbox 1976 2341 3623 2417">
    <p class='ocr_par' dir='ltr' id='par_1_69' title="bbox 1976 2341 3623 2417">
     <span class='ocr_line' id='line_1_71' title="bbox 1976 2341 3623 2417; baseline 0 -19"><span class='ocrx_word' id='word_1_496' title='bbox 1976 2343 2073 2399; x_wconf 90' lang='lat' dir='ltr'><strong>tiri</strong></span> <span class='ocrx_word' id='word_1_497' title='bbox 2113 2345 2244 2417; x_wconf 91' lang='lat' dir='ltr'><strong>quis</strong></span> <span class='ocrx_word' id='word_1_498' title='bbox 2292 2344 2582 2401; x_wconf 75' lang='lat' dir='ltr'><strong>auderet?</strong></span> <span class='ocrx_word' id='word_1_499' title='bbox 2636 2344 2896 2401; x_wconf 89' lang='lat' dir='ltr'><strong>Profecto</strong></span> <span class='ocrx_word' id='word_1_500' title='bbox 2945 2342 3135 2415; x_wconf 89' lang='lat' dir='ltr'><strong>magis</strong></span> <span class='ocrx_word' id='word_1_501' title='bbox 3180 2345 3457 2414; x_wconf 87' lang='lat' dir='ltr'><strong>acceptus</strong></span> <span class='ocrx_word' id='word_1_502' title='bbox 3505 2341 3623 2398; x_wconf 89' lang='lat' dir='ltr'><strong>Deo</strong></span> 
     </span>
    </p>
   </div>
   <div class='ocr_carea' id='block_1_70' title="bbox 1972 2429 3619 2506">
    <p class='ocr_par' dir='ltr' id='par_1_70' title="bbox 1972 2429 3619 2506">
     <span class='ocr_line' id='line_1_72' title="bbox 1972 2429 3619 2506; baseline -0.001 -19"><span class='ocrx_word' id='word_1_503' title='bbox 1972 2432 2121 2489; x_wconf 85' lang='lat' dir='ltr'><strong>foret</strong></span> <span class='ocrx_word' id='word_1_504' title='bbox 2150 2432 2322 2490; x_wconf 89' lang='lat' dir='ltr'><strong>homo</strong></span> <span class='ocrx_word' id='word_1_505' title='bbox 2355 2433 2511 2506; x_wconf 81' lang='lat' dir='ltr'><strong>vulgi</strong></span> <span class='ocrx_word' id='word_1_506' title='bbox 2543 2434 2644 2506; x_wconf 91' lang='lat' dir='ltr'><strong>qui</strong></span> <span class='ocrx_word' id='word_1_507' title='bbox 2674 2433 2887 2489; x_wconf 87' lang='lat' dir='ltr'><strong>retinet</strong></span> <span class='ocrx_word' id='word_1_508' title='bbox 2933 2431 3224 2504; x_wconf 90' lang='lat' dir='ltr'><strong>promissa</strong></span> <span class='ocrx_word' id='word_1_509' title='bbox 3257 2430 3396 2486; x_wconf 90' lang='lat' dir='ltr'><strong>dum</strong></span> <span class='ocrx_word' id='word_1_510' title='bbox 3426 2429 3619 2486; x_wconf 87' lang='lat' dir='ltr'><strong>adhuc</strong></span> 
     </span>
    </p>
   </div>
   <div class='ocr_carea' id='block_1_71' title="bbox 1972 2519 3618 2596">
    <p class='ocr_par' dir='ltr' id='par_1_71' title="bbox 1972 2519 3618 2596">
     <span class='ocr_line' id='line_1_73' title="bbox 1972 2519 3618 2596; baseline 0 -20"><span class='ocrx_word' id='word_1_511' title='bbox 1972 2520 2308 2595; x_wconf 76' lang='lat' dir='ltr'><strong>imperfecte</strong></span> <span class='ocrx_word' id='word_1_512' title='bbox 2338 2526 2556 2596; x_wconf 84' lang='lat' dir='ltr'><strong>ageret,</strong></span> <span class='ocrx_word' id='word_1_513' title='bbox 2589 2539 2703 2579; x_wconf 92' lang='lat' dir='ltr'><strong>non</strong></span> <span class='ocrx_word' id='word_1_514' title='bbox 2733 2521 3010 2578; x_wconf 86' lang='lat' dir='ltr'><strong>distincte</strong></span> <span class='ocrx_word' id='word_1_515' title='bbox 3040 2519 3398 2591; x_wconf 83' lang='lat' dir='ltr'><strong>loqueretur,</strong></span> <span class='ocrx_word' id='word_1_516' title='bbox 3427 2533 3618 2590; x_wconf 86' lang='lat' dir='ltr'><strong>neque</strong></span> 
     </span>
    </p>
   </div>
   <div class='ocr_carea' id='block_1_72' title="bbox 1973 2607 3620 2680">
    <p class='ocr_par' dir='ltr' id='par_1_72' title="bbox 1973 2607 3620 2680">
     <span class='ocr_line' id='line_1_74' title="bbox 1973 2607 3620 2680; baseline -0.001 -14"><span class='ocrx_word' id='word_1_517' title='bbox 1973 2627 2007 2666; x_wconf 90' lang='lat' dir='ltr'><strong>a</strong></span> <span class='ocrx_word' id='word_1_518' title='bbox 2055 2611 2278 2666; x_wconf 80' lang='lat' dir='ltr'><strong>fortiori</strong></span> <span class='ocrx_word' id='word_1_519' title='bbox 2332 2609 2698 2667; x_wconf 87' lang='lat' dir='ltr'><strong>intellectum</strong></span> <span class='ocrx_word' id='word_1_520' title='bbox 2752 2609 3083 2676; x_wconf 85' lang='lat' dir='ltr'><strong>evolvisset,</strong></span> <span class='ocrx_word' id='word_1_521' title='bbox 3116 2625 3290 2680; x_wconf 88' lang='lat' dir='ltr'><strong>quam</strong></span> <span class='ocrx_word' id='word_1_522' title='bbox 3344 2607 3446 2679; x_wconf 92' lang='lat' dir='ltr'><strong>qui</strong></span> <span class='ocrx_word' id='word_1_523' title='bbox 3491 2607 3620 2680; x_wconf 88' lang='lat' dir='ltr'><strong>ipse</strong></span> 
     </span>
    </p>
   </div>
   <div class='ocr_carea' id='block_1_73' title="bbox 1971 2697 3619 2773">
    <p class='ocr_par' dir='ltr' id='par_1_73' title="bbox 1971 2697 3619 2773">
     <span class='ocr_line' id='line_1_75' title="bbox 1971 2697 3619 2773; baseline -0.002 -18"><span class='ocrx_word' id='word_1_524' title='bbox 1971 2700 2265 2772; x_wconf 85' lang='lat' dir='ltr'><strong>cogitavit,</strong></span> <span class='ocrx_word' id='word_1_525' title='bbox 2295 2699 2421 2773; x_wconf 90' lang='lat' dir='ltr'><strong>ipse</strong></span> <span class='ocrx_word' id='word_1_526' title='bbox 2452 2699 2726 2769; x_wconf 84' lang='lat' dir='ltr'><strong>firmavit,</strong></span> <span class='ocrx_word' id='word_1_527' title='bbox 2758 2700 2884 2771; x_wconf 89' lang='lat' dir='ltr'><strong>ipse</strong></span> <span class='ocrx_word' id='word_1_528' title='bbox 2913 2697 3197 2770; x_wconf 85' lang='lat' dir='ltr'><strong>concepit,</strong></span> <span class='ocrx_word' id='word_1_529' title='bbox 3229 2697 3355 2769; x_wconf 88' lang='lat' dir='ltr'><strong>ipse</strong></span> <span class='ocrx_word' id='word_1_530' title='bbox 3379 2713 3619 2769; x_wconf 84' lang='lat' dir='ltr'><strong>expres-</strong></span> 
     </span>
    </p>
   </div>
   <div class='ocr_carea' id='block_1_74' title="bbox 1972 2785 3619 2862">
    <p class='ocr_par' dir='ltr' id='par_1_74' title="bbox 1972 2785 3619 2862">
     <span class='ocr_line' id='line_1_76' title="bbox 1972 2785 3619 2862; baseline -0.004 -16"><span class='ocrx_word' id='word_1_531' title='bbox 1972 2789 2071 2859; x_wconf 85' lang='lat' dir='ltr'><strong>sit,</strong></span> <span class='ocrx_word' id='word_1_532' title='bbox 2103 2790 2227 2862; x_wconf 90' lang='lat' dir='ltr'><strong>ipse</strong></span> <span class='ocrx_word' id='word_1_533' title='bbox 2255 2794 2664 2862; x_wconf 84' lang='lat' dir='ltr'><strong>transgressus</strong></span> <span class='ocrx_word' id='word_1_534' title='bbox 2712 2793 2820 2856; x_wconf 92' lang='lat' dir='ltr'><strong>est,</strong></span> <span class='ocrx_word' id='word_1_535' title='bbox 2853 2789 2978 2861; x_wconf 89' lang='lat' dir='ltr'><strong>ipse</strong></span> <span class='ocrx_word' id='word_1_536' title='bbox 3016 2785 3442 2859; x_wconf 82' lang='lat' dir='ltr'><strong>promissorum</strong></span> <span class='ocrx_word' id='word_1_537' title='bbox 3472 2785 3619 2841; x_wconf 89' lang='lat' dir='ltr'><strong>obli-</strong></span> 
     </span>
    </p>
   </div>
   <div class='ocr_carea' id='block_1_75' title="bbox 1971 2875 3622 2950">
    <p class='ocr_par' dir='ltr' id='par_1_75' title="bbox 1971 2875 3622 2950">
     <span class='ocr_line' id='line_1_77' title="bbox 1971 2875 3622 2950; baseline -0.002 -16"><span class='ocrx_word' id='word_1_538' title='bbox 1971 2885 2069 2935; x_wconf 90' lang='lat' dir='ltr'><strong>tus</strong></span> <span class='ocrx_word' id='word_1_539' title='bbox 2100 2884 2210 2946; x_wconf 89' lang='lat' dir='ltr'><strong>est,</strong></span> <span class='ocrx_word' id='word_1_540' title='bbox 2242 2895 2375 2934; x_wconf 93' lang='lat' dir='ltr'><strong>cum</strong></span> <span class='ocrx_word' id='word_1_541' title='bbox 2408 2879 2738 2935; x_wconf 88' lang='lat' dir='ltr'><strong>conversari</strong></span> <span class='ocrx_word' id='word_1_542' title='bbox 2769 2878 2920 2933; x_wconf 91' lang='lat' dir='ltr'><strong>inter</strong></span> <span class='ocrx_word' id='word_1_543' title='bbox 2950 2876 3210 2950; x_wconf 85' lang='lat' dir='ltr'><strong>angelos,</strong></span> <span class='ocrx_word' id='word_1_544' title='bbox 3240 2879 3300 2932; x_wconf 86' lang='lat' dir='ltr'><strong>et</strong></span> <span class='ocrx_word' id='word_1_545' title='bbox 3327 2875 3411 2932; x_wconf 88' lang='lat' dir='ltr'><strong>eis</strong></span> <span class='ocrx_word' id='word_1_546' title='bbox 3443 2875 3622 2946; x_wconf 60' lang='lat' dir='ltr'><strong>aequi-</strong></span> 
     </span>
    </p>
   </div>
   <div class='ocr_carea' id='block_1_76' title="bbox 1969 2967 2612 3041">
    <p class='ocr_par' dir='ltr' id='par_1_76' title="bbox 1969 2967 2612 3041">
     <span class='ocr_line' id='line_1_78' title="bbox 1969 2967 2612 3041; baseline -0.002 -17"><span class='ocrx_word' id='word_1_547' title='bbox 1969 2968 2164 3040; x_wconf 89' lang='lat' dir='ltr'><strong>parari</strong></span> <span class='ocrx_word' id='word_1_548' title='bbox 2198 2967 2612 3041; x_wconf 88' lang='lat' dir='ltr'><strong>spoponderat.</strong></span> 
     </span>
    </p>
   </div>
   <div class='ocr_carea' id='block_1_77' title="bbox 2043 3163 3624 3242">
    <p class='ocr_par' dir='ltr' id='par_1_77' title="bbox 2043 3163 3624 3242">
     <span class='ocr_line' id='line_1_79' title="bbox 2043 3163 3624 3242; baseline -0.003 -17"><span class='ocrx_word' id='word_1_549' title='bbox 2043 3170 2167 3225; x_wconf 81' lang='grc'>115.</span> <span class='ocrx_word' id='word_1_550' title='bbox 2199 3171 2317 3226; x_wconf 87' lang='lat' dir='ltr'><strong>Ista</strong></span> <span class='ocrx_word' id='word_1_551' title='bbox 2347 3169 2474 3242; x_wconf 86' lang='lat' dir='ltr'><strong>agis</strong></span> <span class='ocrx_word' id='word_1_552' title='bbox 2503 3173 2590 3236; x_wconf 90' lang='lat' dir='ltr'><strong>tu,</strong></span> <span class='ocrx_word' id='word_1_553' title='bbox 2621 3171 2678 3224; x_wconf 91' lang='lat' dir='ltr'><strong>et</strong></span> <span class='ocrx_word' id='word_1_554' title='bbox 2726 3167 2842 3237; x_wconf 90' lang='lat' dir='ltr'><strong>ille,</strong></span> <span class='ocrx_word' id='word_1_555' title='bbox 2876 3169 2934 3222; x_wconf 81' lang='lat' dir='ltr'><strong>et</strong></span> <span class='ocrx_word' id='word_1_556' title='bbox 2962 3165 3181 3237; x_wconf 89' lang='lat' dir='ltr'><strong>aliquis</strong></span> <span class='ocrx_word' id='word_1_557' title='bbox 3211 3163 3386 3230; x_wconf 86' lang='lat' dir='ltr'><strong>alius,</strong></span> <span class='ocrx_word' id='word_1_558' title='bbox 3417 3179 3624 3221; x_wconf 88' lang='lat' dir='ltr'><strong>omnes</strong></span> 
     </span>
    </p>
   </div>
   <div class='ocr_carea' id='block_1_78' title="bbox 1971 3252 3622 3332">
    <p class='ocr_par' dir='ltr' id='par_1_78' title="bbox 1971 3252 3622 3332">
     <span class='ocr_line' id='line_1_80' title="bbox 1971 3252 3622 3332; baseline -0.005 -17"><span class='ocrx_word' id='word_1_559' title='bbox 1971 3263 2211 3332; x_wconf 85' lang='lat' dir='ltr'><strong>propter</strong></span> <span class='ocrx_word' id='word_1_560' title='bbox 2257 3259 2451 3316; x_wconf 91' lang='lat' dir='ltr'><strong>locum</strong></span> <span class='ocrx_word' id='word_1_561' title='bbox 2500 3272 2874 3314; x_wconf 89' lang='lat' dir='ltr'><strong>communem</strong></span> <span class='ocrx_word' id='word_1_562' title='bbox 2925 3254 3061 3323; x_wconf 90' lang='lat' dir='ltr'><strong>mei,</strong></span> <span class='ocrx_word' id='word_1_563' title='bbox 3094 3254 3196 3311; x_wconf 87' lang='lat' dir='ltr'><strong>sed</strong></span> <span class='ocrx_word' id='word_1_564' title='bbox 3245 3269 3434 3324; x_wconf 91' lang='lat' dir='ltr'><strong>neque</strong></span> <span class='ocrx_word' id='word_1_565' title='bbox 3482 3252 3622 3318; x_wconf 89' lang='lat' dir='ltr'><strong>mei,</strong></span> 
     </span>
    </p>
   </div>
   <div class='ocr_carea' id='block_1_79' title="bbox 1973 3339 3619 3418">
    <p class='ocr_par' dir='ltr' id='par_1_79' title="bbox 1973 3339 3619 3418">
     <span class='ocr_line' id='line_1_81' title="bbox 1973 3339 3619 3418; baseline -0.005 -14"><span class='ocrx_word' id='word_1_566' title='bbox 1973 3365 2164 3418; x_wconf 92' lang='lat' dir='ltr'><strong>neque</strong></span> <span class='ocrx_word' id='word_1_567' title='bbox 2195 3363 2458 3404; x_wconf 89' lang='lat' dir='ltr'><strong>meorum</strong></span> <span class='ocrx_word' id='word_1_568' title='bbox 2493 3346 2684 3418; x_wconf 86' lang='lat' dir='ltr'><strong>quoad</strong></span> <span class='ocrx_word' id='word_1_569' title='bbox 2717 3343 2931 3400; x_wconf 88' lang='lat' dir='ltr'><strong>mentis</strong></span> <span class='ocrx_word' id='word_1_570' title='bbox 2965 3342 3237 3399; x_wconf 89' lang='lat' dir='ltr'><strong>habitum</strong></span> <span class='ocrx_word' id='word_1_571' title='bbox 3269 3347 3326 3398; x_wconf 91' lang='lat' dir='ltr'><strong>et</strong></span> <span class='ocrx_word' id='word_1_572' title='bbox 3355 3339 3619 3396; x_wconf 88' lang='lat' dir='ltr'><strong>animum</strong></span> 
     </span>
    </p>
   </div>
   <div class='ocr_carea' id='block_1_80' title="bbox 1970 3431 3622 3506">
    <p class='ocr_par' dir='ltr' id='par_1_80' title="bbox 1970 3431 3622 3506">
     <span class='ocr_line' id='line_1_82' title="bbox 1970 3431 3622 3506; baseline -0.005 -13"><span class='ocrx_word' id='word_1_573' title='bbox 1970 3441 2284 3493; x_wconf 86' lang='lat' dir='ltr'><strong>errantem.</strong></span> <span class='ocrx_word' id='word_1_574' title='bbox 2346 3436 2573 3491; x_wconf 88' lang='lat' dir='ltr'><strong>Etenim</strong></span> <span class='ocrx_word' id='word_1_575' title='bbox 2641 3434 2741 3506; x_wconf 92' lang='lat' dir='ltr'><strong>qui</strong></span> <span class='ocrx_word' id='word_1_576' title='bbox 2807 3449 2938 3488; x_wconf 90' lang='lat' dir='ltr'><strong>vere</strong></span> <span class='ocrx_word' id='word_1_577' title='bbox 3005 3431 3118 3487; x_wconf 91' lang='lat' dir='ltr'><strong>mei</strong></span> <span class='ocrx_word' id='word_1_578' title='bbox 3183 3433 3360 3500; x_wconf 85' lang='lat' dir='ltr'><strong>sunt,</strong></span> <span class='ocrx_word' id='word_1_579' title='bbox 3433 3434 3493 3485; x_wconf 83' lang='lat' dir='ltr'><strong>et</strong></span> <span class='ocrx_word' id='word_1_580' title='bbox 3557 3433 3622 3484; x_wconf 87' lang='lat' dir='ltr'><strong>ut</strong></span> 
     </span>
    </p>
   </div>
   <div class='ocr_carea' id='block_1_81' title="bbox 1970 3517 3620 3594">
    <p class='ocr_par' dir='ltr' id='par_1_81' title="bbox 1970 3517 3620 3594">
     <span class='ocr_line' id='line_1_83' title="bbox 1970 3517 3620 3594; baseline -0.005 -13"><span class='ocrx_word' id='word_1_581' title='bbox 1970 3524 2332 3581; x_wconf 88' lang='lat' dir='ltr'><strong>enucleatius</strong></span> <span class='ocrx_word' id='word_1_582' title='bbox 2391 3525 2602 3594; x_wconf 89' lang='lat' dir='ltr'><strong>dicam,</strong></span> <span class='ocrx_word' id='word_1_583' title='bbox 2652 3522 2860 3594; x_wconf 89' lang='lat' dir='ltr'><strong>privati</strong></span> <span class='ocrx_word' id='word_1_584' title='bbox 2917 3521 3033 3576; x_wconf 90' lang='lat' dir='ltr'><strong>mei</strong></span> <span class='ocrx_word' id='word_1_585' title='bbox 3080 3521 3162 3593; x_wconf 87' lang='lat' dir='ltr'><strong>(et</strong></span> <span class='ocrx_word' id='word_1_586' title='bbox 3208 3535 3302 3574; x_wconf 90' lang='lat' dir='ltr'><strong>me</strong></span> <span class='ocrx_word' id='word_1_587' title='bbox 3345 3534 3481 3573; x_wconf 88' lang='lat' dir='ltr'><strong>vera</strong></span> <span class='ocrx_word' id='word_1_588' title='bbox 3527 3517 3620 3573; x_wconf 86' lang='lat' dir='ltr'><strong>di-</strong></span> 
     </span>
    </p>
   </div>
   <div class='ocr_carea' id='block_1_82' title="bbox 1971 3606 3618 3681">
    <p class='ocr_par' dir='ltr' id='par_1_82' title="bbox 1971 3606 3618 3681">
     <span class='ocr_line' id='line_1_84' title="bbox 1971 3606 3618 3681; baseline -0.007 -10"><span class='ocrx_word' id='word_1_589' title='bbox 1971 3619 2197 3671; x_wconf 90' lang='lat' dir='ltr'><strong>centem</strong></span> <span class='ocrx_word' id='word_1_590' title='bbox 2257 3613 2484 3680; x_wconf 88' lang='lat' dir='ltr'><strong>audies,</strong></span> <span class='ocrx_word' id='word_1_591' title='bbox 2523 3629 2556 3669; x_wconf 96' lang='lat' dir='ltr'><strong>o</strong></span> <span class='ocrx_word' id='word_1_592' title='bbox 2603 3615 2805 3666; x_wconf 88' lang='lat' dir='ltr'><strong>sancte</strong></span> <span class='ocrx_word' id='word_1_593' title='bbox 2851 3626 2970 3678; x_wconf 84' lang='lat' dir='ltr'><strong>rex,</strong></span> <span class='ocrx_word' id='word_1_594' title='bbox 3021 3607 3301 3681; x_wconf 79' lang='lat' dir='ltr'><strong>apostolis</strong></span> <span class='ocrx_word' id='word_1_595' title='bbox 3359 3606 3618 3678; x_wconf 68' lang='lat' dir='ltr'><strong>mquipa-</strong></span> 
     </span>
    </p>
   </div>
   <div class='ocr_carea' id='block_1_83' title="bbox 1971 3699 3621 3776">
    <p class='ocr_par' dir='ltr' id='par_1_83' title="bbox 1971 3699 3621 3776">
     <span class='ocr_line' id='line_1_85' title="bbox 1971 3699 3621 3776; baseline -0.006 -16"><span class='ocrx_word' id='word_1_596' title='bbox 1971 3705 2196 3776; x_wconf 88' lang='lat' dir='ltr'><strong>rande),</strong></span> <span class='ocrx_word' id='word_1_597' title='bbox 2239 3721 2273 3759; x_wconf 90' lang='lat' dir='ltr'><strong>a</strong></span> <span class='ocrx_word' id='word_1_598' title='bbox 2313 3701 2478 3758; x_wconf 89' lang='lat' dir='ltr'><strong>vobis</strong></span> <span class='ocrx_word' id='word_1_599' title='bbox 2528 3705 2760 3757; x_wconf 89' lang='lat' dir='ltr'><strong>tantum</strong></span> <span class='ocrx_word' id='word_1_600' title='bbox 2808 3699 3051 3766; x_wconf 88' lang='lat' dir='ltr'><strong>distant,</strong></span> <span class='ocrx_word' id='word_1_601' title='bbox 3084 3700 3372 3768; x_wconf 90' lang='lat' dir='ltr'><strong>quantum</strong></span> <span class='ocrx_word' id='word_1_602' title='bbox 3405 3713 3439 3752; x_wconf 90' lang='lat' dir='ltr'><strong>a</strong></span> <span class='ocrx_word' id='word_1_603' title='bbox 3467 3699 3621 3751; x_wconf 88' lang='lat' dir='ltr'><strong>terra</strong></span> 
     </span>
    </p>
   </div>
   <div class='ocr_carea' id='block_1_84' title="bbox 1970 3785 3618 3859">
    <p class='ocr_par' dir='ltr' id='par_1_84' title="bbox 1970 3785 3618 3859">
     <span class='ocr_line' id='line_1_86' title="bbox 1970 3785 3618 3859; baseline -0.006 -10"><span class='ocrx_word' id='word_1_604' title='bbox 1970 3795 2098 3850; x_wconf 63' lang='lat' dir='ltr'><strong>caeli</strong></span> <span class='ocrx_word' id='word_1_605' title='bbox 2139 3791 2507 3857; x_wconf 83' lang='lat' dir='ltr'><strong>sublimatas,</strong></span> <span class='ocrx_word' id='word_1_606' title='bbox 2541 3795 2600 3847; x_wconf 87' lang='lat' dir='ltr'><strong>et</strong></span> <span class='ocrx_word' id='word_1_607' title='bbox 2646 3789 2820 3845; x_wconf 88' lang='lat' dir='ltr'><strong>etiam</strong></span> <span class='ocrx_word' id='word_1_608' title='bbox 2855 3792 3142 3859; x_wconf 89' lang='lat' dir='ltr'><strong>quantum</strong></span> <span class='ocrx_word' id='word_1_609' title='bbox 3195 3785 3389 3842; x_wconf 81' lang='lat' dir='ltr'><strong>oriens</strong></span> <span class='ocrx_word' id='word_1_610' title='bbox 3420 3786 3490 3840; x_wconf 91' lang='lat' dir='ltr'><strong>ab</strong></span> <span class='ocrx_word' id='word_1_611' title='bbox 3524 3801 3618 3840; x_wconf 84' lang='lat' dir='ltr'><strong>oc-</strong></span> 
     </span>
    </p>
   </div>
   <div class='ocr_carea' id='block_1_85' title="bbox 1969 3873 3618 3952">
    <p class='ocr_par' dir='ltr' id='par_1_85' title="bbox 1969 3873 3618 3952">
     <span class='ocr_line' id='line_1_87' title="bbox 1969 3873 3618 3952; baseline -0.005 -15"><span class='ocrx_word' id='word_1_612' title='bbox 1969 3883 2218 3938; x_wconf 89' lang='lat' dir='ltr'><strong>cidente.</strong></span> <span class='ocrx_word' id='word_1_613' title='bbox 2252 3881 2321 3936; x_wconf 87' lang='lat' dir='ltr'><strong>Hi</strong></span> <span class='ocrx_word' id='word_1_614' title='bbox 2350 3881 2588 3952; x_wconf 91' lang='lat' dir='ltr'><strong>quidem</strong></span> <span class='ocrx_word' id='word_1_615' title='bbox 2622 3877 2885 3934; x_wconf 66' lang='lat' dir='ltr'><strong>caelestes</strong></span> <span class='ocrx_word' id='word_1_616' title='bbox 2934 3881 3074 3933; x_wconf 89' lang='lat' dir='ltr'><strong>sunt</strong></span> <span class='ocrx_word' id='word_1_617' title='bbox 3121 3874 3292 3932; x_wconf 84' lang='lat' dir='ltr'><strong>bonis</strong></span> <span class='ocrx_word' id='word_1_618' title='bbox 3321 3873 3618 3946; x_wconf 89' lang='lat' dir='ltr'><strong>operibus,</strong></span> 
     </span>
    </p>
   </div>
   <div class='ocr_carea' id='block_1_86' title="bbox 1967 3960 3619 4040">
    <p class='ocr_par' dir='ltr' id='par_1_86' title="bbox 1967 3960 3619 4040">
     <span class='ocr_line' id='line_1_88' title="bbox 1967 3960 3619 4040; baseline -0.007 -14"><span class='ocrx_word' id='word_1_619' title='bbox 1967 3972 2180 4027; x_wconf 91' lang='lat' dir='ltr'><strong>virtute</strong></span> <span class='ocrx_word' id='word_1_620' title='bbox 2235 3969 2340 4026; x_wconf 87' lang='lat' dir='ltr'><strong>soli</strong></span> <span class='ocrx_word' id='word_1_621' title='bbox 2397 3967 2672 4040; x_wconf 67' lang='lat' dir='ltr'><strong>equales,</strong></span> <span class='ocrx_word' id='word_1_622' title='bbox 2724 3965 2925 4022; x_wconf 77' lang='lat' dir='ltr'><strong>incolaa</strong></span> <span class='ocrx_word' id='word_1_623' title='bbox 2992 3962 3272 4036; x_wconf 84' lang='lat' dir='ltr'><strong>paradisi,</strong></span> <span class='ocrx_word' id='word_1_624' title='bbox 3332 3960 3462 4018; x_wconf 89' lang='lat' dir='ltr'><strong>luce</strong></span> <span class='ocrx_word' id='word_1_625' title='bbox 3527 3962 3619 4016; x_wconf 88' lang='lat' dir='ltr'><strong>di-</strong></span> 
     </span>
    </p>
   </div>
   <div class='ocr_carea' id='block_1_87' title="bbox 1967 4052 3618 4132">
    <p class='ocr_par' dir='ltr' id='par_1_87' title="bbox 1967 4052 3618 4132">
     <span class='ocr_line' id='line_1_89' title="bbox 1967 4052 3618 4132; baseline -0.005 -17"><span class='ocrx_word' id='word_1_626' title='bbox 1967 4060 2099 4115; x_wconf 89' lang='lat' dir='ltr'><strong>vina</strong></span> <span class='ocrx_word' id='word_1_627' title='bbox 2165 4057 2541 4132; x_wconf 88' lang='lat' dir='ltr'><strong>refulgentes,</strong></span> <span class='ocrx_word' id='word_1_628' title='bbox 2599 4055 2808 4110; x_wconf 88' lang='lat' dir='ltr'><strong>divites</strong></span> <span class='ocrx_word' id='word_1_629' title='bbox 2873 4055 3001 4110; x_wconf 89' lang='lat' dir='ltr'><strong>sine</strong></span> <span class='ocrx_word' id='word_1_630' title='bbox 3065 4052 3302 4124; x_wconf 91' lang='lat' dir='ltr'><strong>propria</strong></span> <span class='ocrx_word' id='word_1_631' title='bbox 3363 4052 3618 4120; x_wconf 89' lang='lat' dir='ltr'><strong>fortuna,</strong></span> 
     </span>
    </p>
   </div>
   <div class='ocr_carea' id='block_1_88' title="bbox 1970 4139 3618 4214">
    <p class='ocr_par' dir='ltr' id='par_1_88' title="bbox 1970 4139 3618 4214">
     <span class='ocr_line' id='line_1_90' title="bbox 1970 4139 3618 4214; baseline -0.004 -11"><span class='ocrx_word' id='word_1_632' title='bbox 1970 4147 2141 4204; x_wconf 90' lang='lat' dir='ltr'><strong>multi</strong></span> <span class='ocrx_word' id='word_1_633' title='bbox 2199 4164 2333 4203; x_wconf 91' lang='lat' dir='ltr'><strong>cum</strong></span> <span class='ocrx_word' id='word_1_634' title='bbox 2391 4151 2652 4202; x_wconf 83' lang='lat' dir='ltr'><strong>extrema</strong></span> <span class='ocrx_word' id='word_1_635' title='bbox 2708 4145 2884 4200; x_wconf 88' lang='lat' dir='ltr'><strong>etiam</strong></span> <span class='ocrx_word' id='word_1_636' title='bbox 2941 4141 3285 4214; x_wconf 88' lang='lat' dir='ltr'><strong>indigentia,</strong></span> <span class='ocrx_word' id='word_1_637' title='bbox 3318 4139 3390 4196; x_wconf 89' lang='lat' dir='ltr'><strong>ob</strong></span> <span class='ocrx_word' id='word_1_638' title='bbox 3440 4156 3618 4212; x_wconf 80' lang='lat' dir='ltr'><strong>quam</strong></span> 
     </span>
    </p>
   </div>
   <div class='ocr_carea' id='block_1_89' title="bbox 1967 4229 3615 4308">
    <p class='ocr_par' dir='ltr' id='par_1_89' title="bbox 1967 4229 3615 4308">
     <span class='ocr_line' id='line_1_91' title="bbox 1967 4229 3615 4308; baseline -0.007 -15"><span class='ocrx_word' id='word_1_639' title='bbox 1967 4238 2152 4294; x_wconf 90' lang='lat' dir='ltr'><strong>Deum</strong></span> <span class='ocrx_word' id='word_1_640' title='bbox 2183 4237 2380 4308; x_wconf 90' lang='lat' dir='ltr'><strong>ipsum</strong></span> <span class='ocrx_word' id='word_1_641' title='bbox 2413 4233 2737 4308; x_wconf 88' lang='lat' dir='ltr'><strong>possident.</strong></span> <span class='ocrx_word' id='word_1_642' title='bbox 2760 4232 2877 4288; x_wconf 88' lang='lat' dir='ltr'><strong>Vos</strong></span> <span class='ocrx_word' id='word_1_643' title='bbox 2899 4237 3096 4288; x_wconf 88' lang='lat' dir='ltr'><strong>autem</strong></span> <span class='ocrx_word' id='word_1_644' title='bbox 3128 4229 3397 4286; x_wconf 92' lang='lat' dir='ltr'><strong>homines</strong></span> <span class='ocrx_word' id='word_1_645' title='bbox 3426 4234 3615 4297; x_wconf 70' lang='lat' dir='ltr'><strong>terrae,</strong></span> 
     </span>
    </p>
   </div>
   <div class='ocr_carea' id='block_1_90' title="bbox 1965 4319 3616 4398">
    <p class='ocr_par' dir='ltr' id='par_1_90' title="bbox 1965 4319 3616 4398">
     <span class='ocr_line' id='line_1_92' title="bbox 1965 4319 3616 4398; baseline -0.005 -17"><span class='ocrx_word' id='word_1_646' title='bbox 1965 4326 2259 4398; x_wconf 88' lang='lat' dir='ltr'><strong>istiusque</strong></span> <span class='ocrx_word' id='word_1_647' title='bbox 2290 4323 2480 4396; x_wconf 82' lang='lat' dir='ltr'><strong>spinis</strong></span> <span class='ocrx_word' id='word_1_648' title='bbox 2508 4323 2771 4391; x_wconf 60' lang='lat' dir='ltr'><strong>hirsutas,</strong></span> <span class='ocrx_word' id='word_1_649' title='bbox 2803 4321 3078 4393; x_wconf 91' lang='lat' dir='ltr'><strong>curisque</strong></span> <span class='ocrx_word' id='word_1_650' title='bbox 3115 4319 3412 4392; x_wconf 88' lang='lat' dir='ltr'><strong>perpetuis</strong></span> <span class='ocrx_word' id='word_1_651' title='bbox 3441 4333 3616 4389; x_wconf 90' lang='lat' dir='ltr'><strong>pr0p-</strong></span> 
     </span>
    </p>
   </div>
   <div class='ocr_carea' id='block_1_91' title="bbox 1965 4407 3616 4485">
    <p class='ocr_par' dir='ltr' id='par_1_91' title="bbox 1965 4407 3616 4485">
     <span class='ocr_line' id='line_1_93' title="bbox 1965 4407 3616 4485; baseline -0.007 -13"><span class='ocrx_word' id='word_1_652' title='bbox 1965 4420 2055 4472; x_wconf 89' lang='lat' dir='ltr'><strong>ter</strong></span> <span class='ocrx_word' id='word_1_653' title='bbox 2083 4431 2175 4471; x_wconf 90' lang='lat' dir='ltr'><strong>res</strong></span> <span class='ocrx_word' id='word_1_654' title='bbox 2207 4413 2430 4470; x_wconf 89' lang='lat' dir='ltr'><strong>nullius</strong></span> <span class='ocrx_word' id='word_1_655' title='bbox 2451 4410 2622 4485; x_wconf 89' lang='lat' dir='ltr'><strong>pretii</strong></span> <span class='ocrx_word' id='word_1_656' title='bbox 2647 4409 2951 4482; x_wconf 87' lang='lat' dir='ltr'><strong>angimini.</strong></span> <span class='ocrx_word' id='word_1_657' title='bbox 2985 4407 3053 4464; x_wconf 86' lang='lat' dir='ltr'><strong>Hi</strong></span> <span class='ocrx_word' id='word_1_658' title='bbox 3083 4407 3352 4464; x_wconf 91' lang='lat' dir='ltr'><strong>laborant</strong></span> <span class='ocrx_word' id='word_1_659' title='bbox 3373 4411 3437 4461; x_wconf 92' lang='lat' dir='ltr'><strong>ut</strong></span> <span class='ocrx_word' id='word_1_660' title='bbox 3465 4422 3616 4462; x_wconf 89' lang='lat' dir='ltr'><strong>sem-</strong></span> 
     </span>
    </p>
   </div>
   <div class='ocr_carea' id='block_1_92' title="bbox 1966 4493 3614 4577">
    <p class='ocr_par' dir='ltr' id='par_1_92' title="bbox 1966 4493 3614 4577">
     <span class='ocr_line' id='line_1_94' title="bbox 1966 4493 3614 4577; baseline -0.007 -16"><span class='ocrx_word' id='word_1_661' title='bbox 1966 4521 2069 4577; x_wconf 90' lang='lat' dir='ltr'><strong>per</strong></span> <span class='ocrx_word' id='word_1_662' title='bbox 2113 4503 2370 4570; x_wconf 88' lang='lat' dir='ltr'><strong>luceant,</strong></span> <span class='ocrx_word' id='word_1_663' title='bbox 2419 4518 2528 4558; x_wconf 91' lang='lat' dir='ltr'><strong>sua</strong></span> <span class='ocrx_word' id='word_1_664' title='bbox 2578 4501 2707 4556; x_wconf 85' lang='lat' dir='ltr'><strong>luce</strong></span> <span class='ocrx_word' id='word_1_665' title='bbox 2761 4497 3014 4565; x_wconf 89' lang='lat' dir='ltr'><strong>accensi,</strong></span> <span class='ocrx_word' id='word_1_666' title='bbox 3046 4495 3147 4569; x_wconf 91' lang='lat' dir='ltr'><strong>qui</strong></span> <span class='ocrx_word' id='word_1_667' title='bbox 3194 4493 3331 4552; x_wconf 91' lang='lat' dir='ltr'><strong>oriri</strong></span> <span class='ocrx_word' id='word_1_668' title='bbox 3380 4509 3614 4566; x_wconf 89' lang='lat' dir='ltr'><strong>semper</strong></span> 
     </span>
    </p>
   </div>
   <div class='ocr_carea' id='block_1_93' title="bbox 225 4577 1865 4660">
    <p class='ocr_par' dir='ltr' id='par_1_93' title="bbox 225 4577 1857 4660">
     <span class='ocr_line' id='line_1_95' title="bbox 225 4577 1857 4660; baseline 0.009 -30"><span class='ocrx_word' id='word_1_669' title='bbox 225 4577 328 4629; x_wconf 75' lang='grc' dir='ltr'>κατ’</span> <span class='ocrx_word' id='word_1_670' title='bbox 381 4578 572 4644; x_wconf 76' lang='grc' dir='ltr'>αὐτοὺς</span> <span class='ocrx_word' id='word_1_671' title='bbox 639 4581 800 4659; x_wconf 76' lang='grc' dir='ltr'>φωτὶ,</span> <span class='ocrx_word' id='word_1_672' title='bbox 856 4581 910 4638; x_wconf 73' lang='grc' dir='ltr'>ἰν</span> <span class='ocrx_word' id='word_1_673' title='bbox 965 4588 1045 4656; x_wconf 81' lang='grc' dir='ltr'><strong>τῷ</strong></span> <span class='ocrx_word' id='word_1_674' title='bbox 1097 4586 1566 4660; x_wconf 79' lang='grc' dir='ltr'>πραγματεύεσθαι</span> <span class='ocrx_word' id='word_1_675' title='bbox 1629 4589 1857 4646; x_wconf 86' lang='grc' dir='ltr'>πάντοτε</span> 
     </span>
    </p>
   </div>
   <div class='ocr_carea' id='block_1_94' title="bbox 1980 4577 3611 4660">
    <p class='ocr_par' dir='ltr' id='par_1_94' title="bbox 1980 4583 3611 4658">
     <span class='ocr_line' id='line_1_96' title="bbox 1980 4583 3611 4658; baseline -0.007 -10"><span class='ocrx_word' id='word_1_676' title='bbox 1980 4593 2257 4658; x_wconf 74' lang='lat' dir='ltr'><strong>iitlntur,</strong></span> <span class='ocrx_word' id='word_1_677' title='bbox 2317 4595 2375 4647; x_wconf 86' lang='lat' dir='ltr'><strong>et</strong></span> <span class='ocrx_word' id='word_1_678' title='bbox 2431 4607 2500 4646; x_wconf 83' lang='lat' dir='ltr'><strong>ex</strong></span> <span class='ocrx_word' id='word_1_679' title='bbox 2552 4586 2928 4644; x_wconf 83' lang='lat' dir='ltr'><strong>inferioribus</strong></span> <span class='ocrx_word' id='word_1_680' title='bbox 2979 4583 3040 4639; x_wconf 88' lang='lat' dir='ltr'><strong>in</strong></span> <span class='ocrx_word' id='word_1_681' title='bbox 3099 4599 3354 4655; x_wconf 89' lang='lat' dir='ltr'><strong>superna</strong></span> <span class='ocrx_word' id='word_1_682' title='bbox 3409 4597 3611 4637; x_wconf 91' lang='lat' dir='ltr'><strong>ascen-</strong></span> 
     </span>
    </p>
   </div>
   <div class='ocr_carea' id='block_1_95' title="bbox 225 4662 1852 4753">
    <p class='ocr_par' dir='ltr' id='par_1_95' title="bbox 225 4662 1852 4753">
     <span class='ocr_line' id='line_1_97' title="bbox 225 4662 1852 4753; baseline 0.012 -38"><span class='ocrx_word' id='word_1_683' title='bbox 225 4662 312 4753; x_wconf 65' lang='grc' dir='ltr'><strong>τῆν</strong></span> <span class='ocrx_word' id='word_1_684' title='bbox 370 4665 636 4739; x_wconf 74' lang='grc' dir='ltr'>ἀνατολὴν</span> <span class='ocrx_word' id='word_1_685' title='bbox 680 4675 798 4733; x_wconf 90' lang='grc' dir='ltr'>ταῖς</span> <span class='ocrx_word' id='word_1_686' title='bbox 851 4670 912 4727; x_wconf 85' lang='grc' dir='ltr'>ἐκ</span> <span class='ocrx_word' id='word_1_687' title='bbox 959 4677 1068 4726; x_wconf 94' lang='grc' dir='ltr'><strong>τῶν</strong></span> <span class='ocrx_word' id='word_1_688' title='bbox 1121 4673 1418 4752; x_wconf 73' lang='grc' dir='ltr'>ὑφειμένων</span> <span class='ocrx_word' id='word_1_689' title='bbox 1458 4676 1668 4753; x_wconf 83' lang='grc' dir='ltr'>ἀγαθῶν</span> <span class='ocrx_word' id='word_1_690' title='bbox 1727 4678 1852 4734; x_wconf 86' lang='grc' dir='ltr'>ἀνα-</span> 
     </span>
    </p>
   </div>
   <div class='ocr_carea' id='block_1_96' title="bbox 230 4743 1856 4841">
    <p class='ocr_par' dir='ltr' id='par_1_96' title="bbox 230 4743 1856 4841">
     <span class='ocr_line' id='line_1_98' title="bbox 230 4743 1856 4841; baseline 0.011 -36"><span class='ocrx_word' id='word_1_691' title='bbox 230 4743 421 4810; x_wconf 70' lang='grc' dir='ltr'>ϐάσεσιν</span> <span class='ocrx_word' id='word_1_692' title='bbox 472 4756 560 4812; x_wconf 72' lang='grc' dir='ltr'>ἐπὶ</span> <span class='ocrx_word' id='word_1_693' title='bbox 614 4759 682 4814; x_wconf 77' lang='grc' dir='ltr'><strong>τὰ</strong></span> <span class='ocrx_word' id='word_1_694' title='bbox 730 4758 1065 4836; x_wconf 72' lang='grc' dir='ltr'>ὑψηλότερα·</span> <span class='ocrx_word' id='word_1_695' title='bbox 1115 4743 1205 4817; x_wconf 78' lang='grc' dir='ltr'>ὅτε</span> <span class='ocrx_word' id='word_1_696' title='bbox 1245 4743 1311 4818; x_wconf 70' lang='grc' dir='ltr'><strong>⁷δὲ</strong></span> <span class='ocrx_word' id='word_1_697' title='bbox 1366 4765 1455 4819; x_wconf 83' lang='grc' dir='ltr'><strong>καὶ</strong></span> <span class='ocrx_word' id='word_1_698' title='bbox 1505 4743 1856 4841; x_wconf 47' lang='grc' dir='ltr'>’μεσημϐριά-</span> 
     </span>
    </p>
   </div>
   <div class='ocr_carea' id='block_1_97' title="bbox 229 4846 1854 4926">
    <p class='ocr_par' dir='ltr' id='par_1_97' title="bbox 229 4846 1854 4926">
     <span class='ocr_line' id='line_1_99' title="bbox 229 4846 1854 4926; baseline 0.012 -33"><span class='ocrx_word' id='word_1_699' title='bbox 229 4859 390 4897; x_wconf 85' lang='grc' dir='ltr'>σουσιν</span> <span class='ocrx_word' id='word_1_700' title='bbox 440 4846 662 4922; x_wconf 74' lang='grc' dir='ltr'>(ἀνάγκη</span> <span class='ocrx_word' id='word_1_701' title='bbox 703 4846 803 4926; x_wconf 78' lang='grc' dir='ltr'><strong>γάρ</strong></span> <span class='ocrx_word' id='word_1_702' title='bbox 861 4849 952 4905; x_wconf 80' lang='grc' dir='ltr'><strong>καὶ</strong></span> <span class='ocrx_word' id='word_1_703' title='bbox 1005 4856 1122 4913; x_wconf 90' lang='grc' dir='ltr'>τοῖς</span> <span class='ocrx_word' id='word_1_704' title='bbox 1168 4853 1442 4916; x_wconf 81' lang='grc' dir='ltr'>τοιούτοις</span> <span class='ocrx_word' id='word_1_705' title='bbox 1492 4856 1677 4925; x_wconf 82' lang='grc' dir='ltr'>ἠλίοις</span> <span class='ocrx_word' id='word_1_706' title='bbox 1725 4857 1854 4914; x_wconf 80' lang='grc' dir='ltr'>αὐτὸ</span> 
     </span>
    </p>
   </div>
   <div class='ocr_carea' id='block_1_98' title="bbox 224 4927 1852 5030">
    <p class='ocr_par' dir='ltr' id='par_1_98' title="bbox 224 4927 1852 5030">
     <span class='ocr_line' id='line_1_100' title="bbox 224 4927 1852 5030; baseline 0.014 -50"><span class='ocrx_word' id='word_1_707' title='bbox 224 4927 484 5030; x_wconf 79' lang='grc' dir='ltr'>γίνεσθαι),</span> <span class='ocrx_word' id='word_1_708' title='bbox 521 4935 739 4992; x_wconf 84' lang='grc' dir='ltr'>ὀκνοῦσι</span> <span class='ocrx_word' id='word_1_709' title='bbox 795 4939 894 5008; x_wconf 77' lang='grc' dir='ltr'>τὴν</span> <span class='ocrx_word' id='word_1_710' title='bbox 939 4935 1254 5012; x_wconf 77' lang='grc' dir='ltr'>κατάϐασιν,</span> <span class='ocrx_word' id='word_1_711' title='bbox 1309 4945 1384 5016; x_wconf 75' lang='grc' dir='ltr'>μὴ</span> <span class='ocrx_word' id='word_1_712' title='bbox 1434 4944 1524 4998; x_wconf 83' lang='grc' dir='ltr'><strong>καὶ</strong></span> <span class='ocrx_word' id='word_1_713' title='bbox 1583 4945 1659 5008; x_wconf 81' lang='grc' dir='ltr'><strong>είς</strong></span> <span class='ocrx_word' id='word_1_714' title='bbox 1705 4943 1852 5002; x_wconf 87' lang='grc' dir='ltr'>δύσιν</span> 
     </span>
    </p>
   </div>
   <div class='ocr_carea' id='block_1_99' title="bbox 229 5025 1856 5103">
    <p class='ocr_par' dir='ltr' id='par_1_99' title="bbox 229 5025 1856 5103">
     <span class='ocr_line' id='line_1_101' title="bbox 229 5025 1856 5103; baseline 0.015 -35"><span class='ocrx_word' id='word_1_715' title='bbox 229 5025 588 5088; x_wconf 72' lang='grc' dir='ltr'>ἐμπεσοῦνται.</span> <span class='ocrx_word' id='word_1_716' title='bbox 648 5027 754 5084; x_wconf 86' lang='grc' dir='ltr'>Καὶ</span> <span class='ocrx_word' id='word_1_717' title='bbox 807 5025 873 5098; x_wconf 83' lang='grc' dir='ltr'><strong>δῆ</strong></span> <span class='ocrx_word' id='word_1_718' title='bbox 932 5029 1283 5103; x_wconf 69' lang='grc' dir='ltr'>κατορθοῦσιν</span> <span class='ocrx_word' id='word_1_719' title='bbox 1343 5031 1495 5101; x_wconf 75' lang='grc' dir='ltr'>αὐτὸ,</span> <span class='ocrx_word' id='word_1_720' title='bbox 1553 5039 1686 5090; x_wconf 87' lang='grc' dir='ltr'>Θεοῦ</span> <span class='ocrx_word' id='word_1_721' title='bbox 1739 5035 1856 5092; x_wconf 61' lang='lat' dir='ltr'><strong>lm-</strong></span> 
     </span>
    </p>
   </div>
   <div class='ocr_carea' id='block_1_100' title="bbox 225 5106 1857 5192">
    <p class='ocr_par' dir='ltr' id='par_1_100' title="bbox 225 5106 1857 5192">
     <span class='ocr_line' id='line_1_102' title="bbox 225 5106 1857 5192; baseline 0.003 -16"><span class='ocrx_word' id='word_1_722' title='bbox 225 5106 514 5192; x_wconf 54' lang='lat' dir='ltr'><strong>’*_i”°VTOC,</strong></span> <span class='ocrx_word' id='word_1_723' title='bbox 554 5119 651 5171; x_wconf 87' lang='grc' dir='ltr'><strong>τοῦ</strong></span> <span class='ocrx_word' id='word_1_724' title='bbox 698 5117 788 5172; x_wconf 86' lang='grc' dir='ltr'><strong>καὶ</strong></span> <span class='ocrx_word' id='word_1_725' title='bbox 827 5118 916 5173; x_wconf 88' lang='grc' dir='ltr'>τὸν</span> <span class='ocrx_word' id='word_1_726' title='bbox 977 5124 1092 5174; x_wconf 82' lang='grc' dir='ltr'>κατ’</span> <span class='ocrx_word' id='word_1_727' title='bbox 1142 5115 1390 5191; x_wconf 78' lang='grc' dir='ltr'>αἶ’σθησιν</span> <span class='ocrx_word' id='word_1_728' title='bbox 1443 5120 1607 5192; x_wconf 66' lang='grc' dir='ltr'>ἥλιος</span> <span class='ocrx_word' id='word_1_729' title='bbox 1650 5125 1701 5180; x_wconf 76' lang='grc' dir='ltr'>ἐν</span> <span class='ocrx_word' id='word_1_730' title='bbox 1755 5132 1857 5181; x_wconf 88' lang='grc' dir='ltr'><strong>Γα-</strong></span> 
     </span>
    </p>
   </div>
   <div class='ocr_carea' id='block_1_101' title="bbox 228 5187 1858 5292">
    <p class='ocr_par' dir='ltr' id='par_1_101' title="bbox 228 5187 1858 5292">
     <span class='ocr_line' id='line_1_103' title="bbox 228 5187 1858 5292; baseline 0.01 -40"><span class='ocrx_word' id='word_1_731' title='bbox 228 5187 338 5292; x_wconf 54' lang='lat' dir='ltr'><strong>fit}!</strong></span> <span class='ocrx_word' id='word_1_732' title='bbox 379 5205 670 5272; x_wconf 77' lang='grc' dir='ltr'>στήσαντος</span> <span class='ocrx_word' id='word_1_733' title='bbox 696 5205 760 5261; x_wconf 78' lang='grc' dir='ltr'><strong>τὰ</strong></span> <span class='ocrx_word' id='word_1_734' title='bbox 790 5205 1022 5262; x_wconf 89' lang='grc' dir='ltr'>παλαιὸν</span> <span class='ocrx_word' id='word_1_735' title='bbox 1061 5205 1150 5263; x_wconf 77' lang='grc' dir='ltr'><strong>διὰ</strong></span> <span class='ocrx_word' id='word_1_736' title='bbox 1189 5214 1286 5264; x_wconf 90' lang='grc' dir='ltr'><strong>τοῦ</strong></span> <span class='ocrx_word' id='word_1_737' title='bbox 1346 5209 1502 5286; x_wconf 70' lang='grc' dir='ltr'>ἁγίου</span> <span class='ocrx_word' id='word_1_738' title='bbox 1551 5219 1858 5290; x_wconf 87' lang='grc' dir='ltr'>στρατηγοῦ</span> 
     </span>
    </p>
   </div>
   <div class='ocr_carea' id='block_1_102' title="bbox 244 5287 1853 5379">
    <p class='ocr_par' dir='ltr' id='par_1_102' title="bbox 244 5287 1853 5379">
     <span class='ocr_line' id='line_1_104' title="bbox 244 5287 1853 5379; baseline 0.009 -35"><span class='ocrx_word' id='word_1_739' title='bbox 244 5287 410 5379; x_wconf 47' lang='lat' dir='ltr'><strong>introii,</strong></span> <span class='ocrx_word' id='word_1_740' title='bbox 461 5293 548 5379; x_wconf 77' lang='grc' dir='ltr'><strong>καὶ</strong></span> <span class='ocrx_word' id='word_1_741' title='bbox 605 5294 657 5350; x_wconf 76' lang='grc' dir='ltr'>ἰν</span> <span class='ocrx_word' id='word_1_742' title='bbox 714 5301 832 5359; x_wconf 85' lang='grc' dir='ltr'>τοῖς</span> <span class='ocrx_word' id='word_1_743' title='bbox 891 5295 1202 5372; x_wconf 68' lang='grc' dir='ltr'>ὕστερονδὲ</span> <span class='ocrx_word' id='word_1_744' title='bbox 1261 5295 1350 5354; x_wconf 82' lang='grc' dir='ltr'><strong>διά</strong></span> <span class='ocrx_word' id='word_1_745' title='bbox 1406 5321 1554 5366; x_wconf 82' lang='grc' dir='ltr'>τινος</span> <span class='ocrx_word' id='word_1_746' title='bbox 1616 5287 1853 5379; x_wconf 82' lang='grc' dir='ltr'>μεγάλου</span> 
     </span>
    </p>
   </div>
   <div class='ocr_carea' id='block_1_103' title="bbox 226 5369 1858 5466">
    <p class='ocr_par' dir='ltr' id='par_1_103' title="bbox 226 5369 1858 5466">
     <span class='ocr_line' id='line_1_105' title="bbox 226 5369 1858 5466; baseline 0.013 -42"><span class='ocrx_word' id='word_1_747' title='bbox 226 5369 420 5466; x_wconf 52' lang='grc' dir='ltr'>ματρὸς</span> <span class='ocrx_word' id='word_1_748' title='bbox 467 5376 518 5434; x_wconf 65' lang='grc' dir='ltr'>ἰν</span> <span class='ocrx_word' id='word_1_749' title='bbox 561 5387 640 5455; x_wconf 82' lang='grc' dir='ltr'>τῷ</span> <span class='ocrx_word' id='word_1_750' title='bbox 704 5388 803 5438; x_wconf 88' lang='grc' dir='ltr'><strong>τοῦ</strong></span> <span class='ocrx_word' id='word_1_751' title='bbox 864 5369 1119 5460; x_wconf 75' lang='grc' dir='ltr'>μεγίστου</span> <span class='ocrx_word' id='word_1_752' title='bbox 1174 5388 1337 5460; x_wconf 80' lang='grc' dir='ltr'>ἡμῶν</span> <span class='ocrx_word' id='word_1_753' title='bbox 1395 5393 1576 5460; x_wconf 85' lang='grc' dir='ltr'>Ἰησοῦ</span> <span class='ocrx_word' id='word_1_754' title='bbox 1616 5369 1858 5466; x_wconf 38' lang='grc' dir='ltr'>’Χριστοῦ</span> 
     </span>
    </p>
   </div>
   <div class='ocr_carea' id='block_1_104' title="bbox 1966 4669 3610 4745">
    <p class='ocr_par' dir='ltr' id='par_1_104' title="bbox 1966 4669 3610 4745">
     <span class='ocr_line' id='line_1_106' title="bbox 1966 4669 3610 4745; baseline -0.009 -7"><span class='ocrx_word' id='word_1_755' title='bbox 1966 4683 2133 4738; x_wconf 84' lang='lat' dir='ltr'><strong>dunt.</strong></span> <span class='ocrx_word' id='word_1_756' title='bbox 2183 4682 2327 4737; x_wconf 85' lang='lat' dir='ltr'><strong>Cum</strong></span> <span class='ocrx_word' id='word_1_757' title='bbox 2386 4679 2446 4734; x_wconf 88' lang='lat' dir='ltr'><strong>in</strong></span> <span class='ocrx_word' id='word_1_758' title='bbox 2505 4677 2662 4733; x_wconf 90' lang='lat' dir='ltr'><strong>diem</strong></span> <span class='ocrx_word' id='word_1_759' title='bbox 2721 4675 2982 4730; x_wconf 90' lang='lat' dir='ltr'><strong>medium</strong></span> <span class='ocrx_word' id='word_1_760' title='bbox 3038 4671 3402 4745; x_wconf 87' lang='lat' dir='ltr'><strong>pervenerint</strong></span> <span class='ocrx_word' id='word_1_761' title='bbox 3455 4669 3610 4742; x_wconf 77' lang='lat' dir='ltr'><strong>(istis</strong></span> 
     </span>
    </p>
   </div>
   <div class='ocr_carea' id='block_1_105' title="bbox 1965 4759 3610 4833">
    <p class='ocr_par' dir='ltr' id='par_1_105' title="bbox 1965 4759 3610 4833">
     <span class='ocr_line' id='line_1_107' title="bbox 1965 4759 3610 4833; baseline -0.009 -5"><span class='ocrx_word' id='word_1_762' title='bbox 1965 4771 2191 4828; x_wconf 89' lang='lat' dir='ltr'><strong>solibus</strong></span> <span class='ocrx_word' id='word_1_763' title='bbox 2221 4769 2330 4825; x_wconf 91' lang='lat' dir='ltr'><strong>hoc</strong></span> <span class='ocrx_word' id='word_1_764' title='bbox 2376 4767 2637 4824; x_wconf 90' lang='lat' dir='ltr'><strong>accidere</strong></span> <span class='ocrx_word' id='word_1_765' title='bbox 2668 4777 2904 4820; x_wconf 90' lang='lat' dir='ltr'><strong>necesse</strong></span> <span class='ocrx_word' id='word_1_766' title='bbox 2955 4762 3086 4833; x_wconf 81' lang='lat' dir='ltr'><strong>est),</strong></span> <span class='ocrx_word' id='word_1_767' title='bbox 3117 4760 3327 4816; x_wconf 90' lang='lat' dir='ltr'><strong>timent</strong></span> <span class='ocrx_word' id='word_1_768' title='bbox 3357 4776 3429 4815; x_wconf 91' lang='lat' dir='ltr'><strong>ne</strong></span> <span class='ocrx_word' id='word_1_769' title='bbox 3460 4759 3610 4814; x_wconf 91' lang='lat' dir='ltr'><strong>occi-</strong></span> 
     </span>
    </p>
   </div>
   <div class='ocr_carea' id='block_1_106' title="bbox 1966 4849 3610 4928">
    <p class='ocr_par' dir='ltr' id='par_1_106' title="bbox 1966 4849 3610 4928">
     <span class='ocr_line' id='line_1_108' title="bbox 1966 4849 3610 4928; baseline -0.007 -12"><span class='ocrx_word' id='word_1_770' title='bbox 1966 4862 2130 4925; x_wconf 89' lang='lat' dir='ltr'><strong>dant,</strong></span> <span class='ocrx_word' id='word_1_771' title='bbox 2165 4874 2238 4913; x_wconf 88' lang='lat' dir='ltr'><strong>ne</strong></span> <span class='ocrx_word' id='word_1_772' title='bbox 2280 4857 2339 4912; x_wconf 92' lang='lat' dir='ltr'><strong>in</strong></span> <span class='ocrx_word' id='word_1_773' title='bbox 2372 4855 2730 4928; x_wconf 87' lang='lat' dir='ltr'><strong>profundum</strong></span> <span class='ocrx_word' id='word_1_774' title='bbox 2778 4856 3136 4923; x_wconf 90' lang='lat' dir='ltr'><strong>mergantur.</strong></span> <span class='ocrx_word' id='word_1_775' title='bbox 3171 4849 3278 4916; x_wconf 88' lang='lat' dir='ltr'><strong>Qui</strong></span> <span class='ocrx_word' id='word_1_776' title='bbox 3309 4853 3610 4917; x_wconf 88' lang='lat' dir='ltr'><strong>renovant,</strong></span> 
     </span>
    </p>
   </div>
   <div class='ocr_carea' id='block_1_107' title="bbox 1966 4939 3614 5006">
    <p class='ocr_par' dir='ltr' id='par_1_107' title="bbox 1966 4939 3614 5006">
     <span class='ocr_line' id='line_1_109' title="bbox 1966 4939 3614 5006; baseline -0.007 -2"><span class='ocrx_word' id='word_1_777' title='bbox 1966 4952 2261 5006; x_wconf 88' lang='lat' dir='ltr'><strong>annuente</strong></span> <span class='ocrx_word' id='word_1_778' title='bbox 2290 4946 2404 5002; x_wconf 90' lang='lat' dir='ltr'><strong>Deo</strong></span> <span class='ocrx_word' id='word_1_779' title='bbox 2436 4944 2618 5001; x_wconf 89' lang='lat' dir='ltr'><strong>solem</strong></span> <span class='ocrx_word' id='word_1_780' title='bbox 2650 4941 2942 4998; x_wconf 89' lang='lat' dir='ltr'><strong>visibilem</strong></span> <span class='ocrx_word' id='word_1_781' title='bbox 2997 4941 3056 4995; x_wconf 93' lang='lat' dir='ltr'><strong>in</strong></span> <span class='ocrx_word' id='word_1_782' title='bbox 3103 4940 3298 4994; x_wconf 83' lang='lat' dir='ltr'><strong>Gabao</strong></span> <span class='ocrx_word' id='word_1_783' title='bbox 3347 4939 3614 5005; x_wconf 86' lang='lat' dir='ltr'><strong>sistente,</strong></span> 
     </span>
    </p>
   </div>
   <div class='ocr_carea' id='block_1_108' title="bbox 1967 5028 3612 5110">
    <p class='ocr_par' dir='ltr' id='par_1_108' title="bbox 1967 5028 3612 5110">
     <span class='ocr_line' id='line_1_110' title="bbox 1967 5028 3612 5110; baseline -0.006 -17"><span class='ocrx_word' id='word_1_784' title='bbox 1967 5037 2276 5110; x_wconf 91' lang='lat' dir='ltr'><strong>antiquum</strong></span> <span class='ocrx_word' id='word_1_785' title='bbox 2308 5032 2659 5090; x_wconf 87' lang='lat' dir='ltr'><strong>miraculum</strong></span> <span class='ocrx_word' id='word_1_786' title='bbox 2683 5029 3119 5102; x_wconf 88' lang='lat' dir='ltr'><strong>Josuejudicis,</strong></span> <span class='ocrx_word' id='word_1_787' title='bbox 3143 5031 3200 5084; x_wconf 86' lang='lat' dir='ltr'><strong>et</strong></span> <span class='ocrx_word' id='word_1_788' title='bbox 3220 5028 3612 5084; x_wconf 87' lang='lat' dir='ltr'><strong>instauratum</strong></span> 
     </span>
    </p>
   </div>
   <div class='ocr_carea' id='block_1_109' title="bbox 1965 5116 3617 5194">
    <p class='ocr_par' dir='ltr' id='par_1_109' title="bbox 1965 5116 3617 5194">
     <span class='ocr_line' id='line_1_111' title="bbox 1965 5116 3617 5194; baseline -0.007 -11"><span class='ocrx_word' id='word_1_789' title='bbox 1965 5129 2024 5183; x_wconf 86' lang='lat' dir='ltr'><strong>in</strong></span> <span class='ocrx_word' id='word_1_790' title='bbox 2056 5125 2396 5183; x_wconf 87' lang='lat' dir='ltr'><strong>novissimis</strong></span> <span class='ocrx_word' id='word_1_791' title='bbox 2445 5121 2811 5194; x_wconf 88' lang='lat' dir='ltr'><strong>temporibus</strong></span> <span class='ocrx_word' id='word_1_792' title='bbox 2871 5136 2971 5192; x_wconf 91' lang='lat' dir='ltr'><strong>per</strong></span> <span class='ocrx_word' id='word_1_793' title='bbox 3023 5117 3342 5190; x_wconf 90' lang='lat' dir='ltr'><strong>quemdam</strong></span> <span class='ocrx_word' id='word_1_794' title='bbox 3383 5116 3617 5172; x_wconf 85' lang='lat' dir='ltr'><strong>Patrem</strong></span> 
     </span>
    </p>
   </div>
   <div class='ocr_carea' id='block_1_110' title="bbox 1968 5204 3616 5289">
    <p class='ocr_par' dir='ltr' id='par_1_110' title="bbox 1968 5204 3616 5289">
     <span class='ocr_line' id='line_1_112' title="bbox 1968 5204 3616 5289; baseline -0.008 -17"><span class='ocrx_word' id='word_1_795' title='bbox 1968 5231 2270 5289; x_wconf 88' lang='lat' dir='ltr'><strong>magnum,</strong></span> <span class='ocrx_word' id='word_1_796' title='bbox 2329 5213 2591 5268; x_wconf 87' lang='lat' dir='ltr'><strong>invocato</strong></span> <span class='ocrx_word' id='word_1_797' title='bbox 2639 5209 2877 5266; x_wconf 88' lang='lat' dir='ltr'><strong>nomine</strong></span> <span class='ocrx_word' id='word_1_798' title='bbox 2921 5209 3062 5264; x_wconf 90' lang='lat' dir='ltr'><strong>Jesu</strong></span> <span class='ocrx_word' id='word_1_799' title='bbox 3113 5207 3328 5262; x_wconf 88' lang='lat' dir='ltr'><strong>Christi</strong></span> <span class='ocrx_word' id='word_1_800' title='bbox 3375 5204 3616 5261; x_wconf 85' lang='lat' dir='ltr'><strong>maximi</strong></span> 
     </span>
    </p>
   </div>
   <div class='ocr_carea' id='block_1_111' title="bbox 1969 5293 3614 5378">
    <p class='ocr_par' dir='ltr' id='par_1_111' title="bbox 1969 5293 3614 5378">
     <span class='ocr_line' id='line_1_113' title="bbox 1969 5293 3614 5378; baseline -0.007 -16"><span class='ocrx_word' id='word_1_801' title='bbox 1969 5305 2125 5378; x_wconf 89' lang='lat' dir='ltr'><strong>apud</strong></span> <span class='ocrx_word' id='word_1_802' title='bbox 2177 5321 2304 5371; x_wconf 88' lang='lat' dir='ltr'><strong>nos,</strong></span> <span class='ocrx_word' id='word_1_803' title='bbox 2338 5305 2508 5375; x_wconf 88' lang='lat' dir='ltr'><strong>cujus</strong></span> <span class='ocrx_word' id='word_1_804' title='bbox 2565 5299 2852 5356; x_wconf 91' lang='lat' dir='ltr'><strong>invocatio</strong></span> <span class='ocrx_word' id='word_1_805' title='bbox 2900 5302 2960 5354; x_wconf 89' lang='lat' dir='ltr'><strong>et</strong></span> <span class='ocrx_word' id='word_1_806' title='bbox 3005 5297 3162 5353; x_wconf 91' lang='lat' dir='ltr'><strong>hunc</strong></span> <span class='ocrx_word' id='word_1_807' title='bbox 3198 5296 3376 5352; x_wconf 88' lang='lat' dir='ltr'><strong>Josue</strong></span> <span class='ocrx_word' id='word_1_808' title='bbox 3434 5293 3614 5351; x_wconf 89' lang='lat' dir='ltr'><strong>simili</strong></span> 
     </span>
    </p>
   </div>
   <div class='ocr_carea' id='block_1_112' title="bbox 1968 5390 2596 5468">
    <p class='ocr_par' dir='ltr' id='par_1_112' title="bbox 1968 5390 2596 5468">
     <span class='ocr_line' id='line_1_114' title="bbox 1968 5390 2596 5468; baseline -0.008 -17"><span class='ocrx_word' id='word_1_809' title='bbox 1968 5395 2234 5468; x_wconf 89' lang='lat' dir='ltr'><strong>prodigio</strong></span> <span class='ocrx_word' id='word_1_810' title='bbox 2264 5390 2596 5449; x_wconf 83' lang='lat' dir='ltr'><strong>illustravit.</strong></span> 
     </span>
    </p>
   </div>
   <div class='ocr_carea' id='block_1_113' title="bbox 229 5455 2510 5558">
    <p class='ocr_par' dir='ltr' id='par_1_113' title="bbox 229 5455 2510 5558">
     <span class='ocr_line' id='line_1_115' title="bbox 229 5455 2510 5558; baseline 0.013 -50"><span class='ocrx_word' id='word_1_811' title='bbox 229 5455 460 5532; x_wconf 73' lang='grc' dir='ltr'>ὀνόματι·</span> <span class='ocrx_word' id='word_1_812' title='bbox 510 5469 571 5525; x_wconf 80' lang='grc' dir='ltr'><strong>οὗ</strong></span> <span class='ocrx_word' id='word_1_813' title='bbox 609 5474 644 5542; x_wconf 76' lang='grc' dir='ltr'><strong>ἡ</strong></span> <span class='ocrx_word' id='word_1_814' title='bbox 676 5455 876 5544; x_wconf 85' lang='grc' dir='ltr'>κλῆσις</span> <span class='ocrx_word' id='word_1_815' title='bbox 903 5455 993 5530; x_wconf 81' lang='grc' dir='ltr'><strong>καὶ</strong></span> <span class='ocrx_word' id='word_1_816' title='bbox 1019 5473 1114 5530; x_wconf 88' lang='grc' dir='ltr'>τὸν</span> <span class='ocrx_word' id='word_1_817' title='bbox 1146 5455 1356 5547; x_wconf 74' lang='grc' dir='ltr'>Ἰησοῦν</span> <span class='ocrx_word' id='word_1_818' title='bbox 1391 5455 1589 5535; x_wconf 68' lang='grc' dir='ltr'>ἐκεῖνον</span> <span class='ocrx_word' id='word_1_819' title='bbox 1624 5455 1710 5537; x_wconf 74' lang='grc' dir='ltr'>ἐπὶ</span> <span class='ocrx_word' id='word_1_820' title='bbox 1743 5480 1925 5556; x_wconf 81' lang='grc' dir='ltr'>ὁμοίῳ</span> <span class='ocrx_word' id='word_1_821' title='bbox 1951 5455 2216 5558; x_wconf 38' lang='grc' dir='ltr'>τεραστιίῳ</span> <span class='ocrx_word' id='word_1_822' title='bbox 2238 5480 2510 5554; x_wconf 71' lang='grc' dir='ltr'>ἐσέμνυνε.</span> 
     </span>
    </p>
   </div>
   <div class='ocr_carea' id='block_1_114' title="bbox 288 5587 3603 5681">
    <p class='ocr_par' dir='ltr' id='par_1_114' title="bbox 288 5587 3603 5681">
     <span class='ocr_line' id='line_1_116' title="bbox 288 5587 3603 5681; baseline -0.006 -8"><span class='ocrx_word' id='word_1_823' title='bbox 288 5587 605 5681; x_wconf 34' lang='lat' dir='ltr'><strong>{Ulli-’5”</strong></span> <span class='ocrx_word' id='word_1_824' title='bbox 639 5601 847 5681; x_wconf 76' lang='lat' dir='ltr'><strong>musici</strong></span> <span class='ocrx_word' id='word_1_825' title='bbox 876 5609 1106 5681; x_wconf 77' lang='lat' dir='ltr'><strong>vocant,</strong></span> <span class='ocrx_word' id='word_1_826' title='bbox 1138 5620 1269 5662; x_wconf 88' lang='lat' dir='ltr'><strong>cum</strong></span> <span class='ocrx_word' id='word_1_827' title='bbox 1304 5605 1594 5664; x_wconf 84' lang='lat' dir='ltr'><strong>attollitur</strong></span> <span class='ocrx_word' id='word_1_828' title='bbox 1622 5623 1834 5666; x_wconf 86' lang='lat' dir='ltr'><strong>manus</strong></span> <span class='ocrx_word' id='word_1_829' title='bbox 1859 5612 1961 5668; x_wconf 89' lang='lat' dir='ltr'><strong>aut</strong></span> <span class='ocrx_word' id='word_1_830' title='bbox 1984 5608 2259 5666; x_wconf 88' lang='lat' dir='ltr'><strong>baculum</strong></span> <span class='ocrx_word' id='word_1_831' title='bbox 2278 5609 2407 5681; x_wconf 88' lang='lat' dir='ltr'><strong>ejus</strong></span> <span class='ocrx_word' id='word_1_832' title='bbox 2429 5606 2530 5679; x_wconf 91' lang='lat' dir='ltr'><strong>qui</strong></span> <span class='ocrx_word' id='word_1_833' title='bbox 2558 5607 2798 5662; x_wconf 89' lang='lat' dir='ltr'><strong>cantum</strong></span> <span class='ocrx_word' id='word_1_834' title='bbox 2823 5613 3208 5672; x_wconf 87' lang='lat' dir='ltr'><strong>numerosque</strong></span> <span class='ocrx_word' id='word_1_835' title='bbox 3239 5598 3603 5666; x_wconf 85' lang='lat' dir='ltr'><strong>moderatur;</strong></span> 
     </span>
    </p>
   </div>
   <div class='ocr_carea' id='block_1_115' title="bbox 227 5653 1102 5748">
    <p class='ocr_par' dir='ltr' id='par_1_115' title="bbox 227 5653 1102 5748">
     <span class='ocr_line' id='line_1_117' title="bbox 227 5653 1102 5748; baseline 0.019 -33"><span class='ocrx_word' id='word_1_836' title='bbox 227 5653 354 5716; x_wconf 70' lang='grc' dir='ltr'>θὶάιν</span> <span class='ocrx_word' id='word_1_837' title='bbox 376 5653 532 5742; x_wconf 62' lang='lat' dir='ltr'><strong>vero,</strong></span> <span class='ocrx_word' id='word_1_838' title='bbox 562 5653 1102 5748; x_wconf 51' lang='grc' dir='ltr'><strong>ιτυῶᾑᾶὁῇτίὧῖἶᾶίῖ</strong></span> 
     </span>
    </p>
   </div>
  </div>
