4104 6210
418 347 537 408 823

1197 344 1622 409 EUSTATHII
1665 345 2429 407 THESSALONICENSIS
2474 342 3056 406 METROPOLITE

3725 338 3863 399 824

495 476 618 534 116.
668 477 761 534 Sic
822 477 1103 536 orientem
1161 477 1346 535 solem
1398 477 1730 546 imitantur,
1773 477 1914 534 dum
1965 481 2076 534 Deo

2263 477 2383 553 ρις’.
2418 475 2517 530 Καὶ
2558 473 2703 530 οὕτω
2764 474 2859 546 μὲν
2917 470 3155 542 ἡλιακὴν
3211 467 3482 540 ἀνατολὴν
3543 467 3865 544 μιμοῦνται

423 568 924 640 appropinquant,
977 574 1268 640 quantum
1320 585 1665 622 concessum
1722 572 1829 636 est,
1883 568 2080 640 magni

425 656 540 712 mei
590 657 885 723 monachi,
921 658 1228 728 utriusque
1262 655 1517 712 civitatis
1548 655 1770 721 incolae,
1796 659 1919 726 ejus
1951 674 2078 728 quae

424 746 578 801 infra
613 763 818 816 magna
850 751 960 814 est,
996 751 1051 802 et
1099 745 1259 801 illius
1288 763 1416 817 quae
1447 745 1506 801 in
1539 746 1769 817 superis
1802 745 2074 802 maxima,

425 851 603 906 super
634 851 964 890 sermonem
997 839 1054 891 et
1095 851 1272 905 super
1302 835 1683 890 intellectum.
1715 834 1832 891 Vos
1881 841 2075 891 autem

425 928 625 979 utrum
671 922 941 980 oriamini
1000 941 1116 980 non
1149 925 1266 1003 vidi
1297 939 1432 995 ego;
1466 925 1565 979 sed
1626 941 1693 980 ex
1753 941 1868 995 quo
1924 927 2078 979 tem-

423 1027 562 1083 pore
595 1011 893 1067 vobiscum
946 1030 1101 1080 sum,
1135 1018 1351 1068 terram
1395 1013 1577 1068 altero
1608 1011 1824 1068 circulo
1872 1017 2081 1083 praeter

424 1099 786 1171 descriptum
819 1101 1129 1157 circuitum
1161 1105 1549 1172 permeantes,
1584 1116 1816 1172 semper
1843 1100 1901 1155 in
1935 1099 2082 1155 occi-

423 1186 618 1244 dentis
664 1189 930 1261 partibus
961 1190 1308 1259 versamini;
1359 1189 1643 1262 ignoratis
1692 1189 1833 1246 solis
1883 1193 2078 1246 ortum

424 1293 602 1347 quam
655 1280 911 1349 practica
965 1283 1022 1335 et
1079 1278 1322 1346 theoria,
1356 1279 1644 1350 optimum
1704 1295 1828 1350 par,
1861 1281 2081 1334 norunt

426 1365 710 1431 attollere,
743 1371 798 1422 et
829 1385 944 1440 quo
977 1368 1036 1423 in
1087 1367 1297 1423 caelum
1346 1367 1523 1423 homo
1553 1367 1654 1422 Dei
1703 1367 1908 1422 evolat.
1946 1367 2077 1422 Pra-

425 1455 576 1509 ctica
605 1456 718 1526 (12)
752 1457 992 1512 omnino
1044 1458 1267 1513 diversa
1298 1474 1330 1512 a
1358 1461 1550 1512 vestra
1601 1456 1821 1528 regula,
1854 1459 1910 1510 et
1957 1459 2078 1511 tota

425 1541 544 1597 alia
573 1543 801 1599 theoria
851 1551 1026 1616 atque
1060 1551 1280 1601 nostra.
1315 1546 1446 1610 Quae
1478 1545 1635 1600 enim
1665 1562 1765 1600 vos
1796 1544 1989 1617 agitis,
2023 1549 2081 1599 et

427 1648 554 1703 quae
587 1633 875 1702 cogitatis,
902 1635 1168 1690 homines
1198 1635 1464 1706 vulgares
1495 1633 1652 1690 haud
1684 1634 2074 1689 imitarentur.

426 1723 571 1775 Cum
603 1721 758 1776 enim
794 1722 988 1777 omnis
1035 1723 1375 1778 monachica
1405 1723 1552 1778 actio
1601 1723 1670 1777 ad
1720 1722 2074 1778 imitandum

428 1809 614 1864 Deum
645 1811 743 1881 qui
779 1827 1012 1882 semper
1060 1827 1239 1882 agens
1271 1827 1425 1866 nunc
1456 1817 1513 1867 et
1543 1816 1822 1882 perpetuo
1871 1827 2074 1883 opera-

428 1905 548 1964 tur,
581 1905 909 1964 concurrat,
933 1898 1102 1954 aliter
1130 1916 1232 1955 vos
1261 1900 1453 1969 agitis,
1486 1901 1717 1970 negotia
1747 1905 2075 1971 operantes,

425 2005 459 2042 a
507 1987 726 2058 quibus
786 2003 1000 2042 nomen
1047 1987 1273 2042 ducunt
1327 1991 1558 2044 exactor
1612 1993 1671 2042 et
1727 1988 2074 2058 negotiator,

423 2093 537 2132 non
563 2081 759 2131 autem
787 2076 875 2129 vir
899 2076 1212 2144 practicus,
1233 2081 1299 2130 ut
1320 2077 1594 2148 superius
1622 2076 1896 2131 diximus.
1930 2076 2075 2133 Nam

422 2165 730 2221 solitudini
790 2169 1022 2219 tantum
1071 2164 1423 2233 adhaesistis,
1475 2171 1764 2235 quantum
1811 2165 2078 2220 tentoriis

418 2253 718 2321 vinitores,
753 2260 810 2309 et
839 2253 994 2308 cellas
1049 2252 1378 2308 fructuaria?
1412 2253 1509 2308 ille
1537 2253 1629 2308 cui
1680 2269 1823 2308 cura
1870 2257 1961 2308 est
2005 2253 2077 2310 de

421 2358 752 2400 cucumere.
788 2342 949 2404 Quod
984 2359 1125 2398 sane
1151 2347 1241 2398 est
1281 2341 1557 2397 multum.
1590 2341 1941 2413 Plerumque
1971 2359 2075 2398 au-

421 2437 539 2486 tem
601 2436 666 2486 ut
721 2432 1004 2486 nomades
1030 2431 1222 2486 vivere
1262 2430 1551 2501 satagitis,
1585 2431 1713 2486 loca
1770 2448 1872 2502 pro
1931 2430 2078 2488 locis

422 2521 757 2590 frequenter
798 2525 1048 2586 mutare,
1082 2520 1183 2573 ubi
1238 2536 1450 2590 purum
1499 2535 1634 2574 aera
1680 2517 1987 2586 hauriatis,
2021 2523 2079 2574 et

423 2608 659 2679 longam
690 2608 869 2662 vitam
902 2624 968 2662 eo
1008 2608 1179 2661 modo
1211 2607 1436 2662 vivatis.

2184 569 2299 638 Θεῷ
2353 563 2802 642 παρεξισούμενοι
2873 565 3013 617 κατά
3060 582 3120 638 γε
3167 562 3228 615 τὸ
3285 560 3562 637 ἐγχωροῦν
3610 561 3668 614 οἱ
3726 557 3864 632 ἐμοὶ

2185 654 2380 709 ἐκεῖνοι
2425 653 2940 730 μεγαλοσχήμονες,
2999 652 3050 705 οἱ
3097 649 3310 705 πόλεων
3362 647 3625 725 ἑκατέρων
3682 647 3866 703 πολῖ-

2183 764 2291 811 ται,
2322 750 2420 813 τῆς
2481 765 2538 798 τε
2567 742 2712 797 κάτω
2768 739 3008 816 μεγάλης
3065 739 3154 794 καὶ
3207 745 3308 808 τῆς
3365 737 3474 792 ἄνω
3538 735 3868 813 ὑπερμεγέ-

2183 833 2330 902 θους,
2391 833 2476 886 ὅτι
2539 831 2626 886 καῖ
2681 830 2811 906 ὑπὲρ
2857 827 3018 905 λόγον
3073 829 3164 883 καὶ
3212 831 3338 882 νοῦν
3391 827 3611 881 ἅπαντα.
3686 823 3868 880 Ἀλλ’

2185 922 2339 994 ὑμεῖς
2396 920 2444 975 εἷ
2495 922 2589 994 μὲν
2637 941 2769 975 ποτε
2819 918 3148 990 ἀνετείλατε,
3209 915 3308 972 οῦκ
3364 914 3510 971 οἶδον
3568 915 3709 992 ἐγώ·
3777 913 3869 984 ἐξ·

2185 1011 2312 1064 ότου
2355 1007 2412 1064 δὲ
2471 1011 2596 1083 ὑμῖν
2653 1007 2980 1084 ἐνετράνισα,
3038 1004 3362 1066 κυκλοῦντες
3417 1002 3693 1059 κυκλοῦτε
3753 1005 3864 1071 τήν

2183 1104 2286 1174 γῆν
2348 1097 2535 1160 ἄλλως
2578 1099 2723 1174 παρά
2776 1097 2838 1152 τὸ
2867 1093 3268 1173 γεγραμμένον,
3325 1094 3414 1148 καὶ
3469 1092 3584 1148 ἐστὶ
3613 1093 3710 1148 ἀεὶ
3743 1097 3866 1147 τῶν

2186 1184 2426 1261 δυσμῶν·
2474 1185 2790 1263 ἀγνοοῦντες
2848 1182 3179 1254 ἀνατολικὴν
3241 1177 3521 1252 ἀνάϐασίν,
3579 1183 3645 1251 ἣν
3714 1186 3868 1255 πρᾶ-

2185 1276 2265 1347 ξις
2311 1274 2400 1330 καὶ
2454 1276 2652 1351 θεωρία
2709 1273 2849 1330 οἶδεν
2912 1275 3144 1350 ἀνάγειν,
3205 1274 3240 1342 ἡ
3293 1270 3436 1340 καλή
3470 1271 3733 1346 ξυνωρίς·
3793 1268 3871 1325 δι’

2185 1365 2252 1433 ἧς
2311 1364 2386 1426 εἰς
2441 1364 2667 1438 οὐρανὸν
2726 1364 3010 1439 ἀνατρέχει
3071 1365 3204 1416 Θεοῦ
3259 1359 3576 1437 ἅνθρωπος.
3645 1361 3870 1433 Πρᾶξις

2187 1450 2332 1522 ἄλλη
2393 1450 2674 1515 παντελῶς
2723 1453 2870 1526 παρά
2926 1451 3026 1520 τὴν
3084 1449 3135 1504 ἐν
3189 1450 3319 1523 ὑμῖν
3379 1449 3868 1522 πολιτευομένην·

2189 1539 2389 1615 θεωρία
2454 1541 2663 1617 ἑτεροία
2701 1541 2900 1612 πάντη,
2931 1539 3148 1600 πάντως
3205 1537 3295 1593 καὶ
3352 1538 3488 1607 αὑτὴ
3547 1538 3705 1612 παρά
3756 1539 3866 1606 τὴν

2188 1631 2307 1684 καθ’
2355 1632 2524 1703 ἡμᾶς.
2583 1633 2681 1684 Οἴα
2737 1631 2842 1707 γάρ
2900 1630 3188 1704 πράττεται
3269 1628 3444 1700 ὑμεῖς,
3515 1627 3602 1680 καὶ
3687 1627 3868 1681 ὁποῖα

2189 1720 2460 1794 Θεωρεῖτε,
2531 1716 2645 1774 οὐδ’
2727 1717 2786 1773 ἃν
2863 1716 3112 1792 ἀγελαῖοι
3182 1713 3376 1792 ἄνδρες
3455 1717 3862 1789 μιμήσαιντο.

2192 1809 2440 1883 Πράξεως
2525 1809 2626 1884 γὰρ
2707 1814 3017 1884 μοναχικῆς
3087 1805 3300 1874 ἀπάσης
3377 1804 3516 1880 πρὸς
3601 1805 3861 1878 μίμησιν

2186 1896 2627 1970 ἀπευθυνομένης
2689 1901 2842 1967 Θεοῦ,
2910 1896 2969 1960 ’ὸς
3019 1895 3100 1951 ἀεὶ
3159 1893 3377 1970 ἐνεργὸς
3433 1891 3528 1967 ὢν,
3585 1890 3705 1954 ἓως
3767 1894 3863 1948 καὶ

2187 1982 2306 2061 ἄρτι
2391 1985 2706 2063 ἐργάζεται,
2779 1987 2934 2060 ὑμεῖς
2989 1982 3179 2049 ἄλλως
3233 1983 3542 2060 ἰνεργεῖτε,
3599 1982 3865 2059 πρακτέα

2186 2074 2557 2150 ἐργαζόμενοι,
2608 2075 2658 2146 ἐξ
2707 2077 2781 2130 ὧν
2833 2076 2861 2130 ὁ
2911 2077 3170 2150 πράκτωρ
3221 2073 3313 2128 καὶ
3346 2074 3374 2127 6
3431 2091 3865 2147 πραγματευτι-

2183 2163 2279 2224 κὸς
2329 2163 2710 2237 ὀνομάζονται,
2766 2162 2827 2218 οὗ
2893 2165 2998 2237 μὴν
3053 2161 3143 2217 καὶ
3201 2162 3228 2216 6
3287 2161 3585 2236 πρακτικὸς
3645 2157 3868 2237 ἄνθρω-

2185 2271 2309 2322 πος,
2364 2253 2499 2307 καθά
2553 2253 2644 2308 καὶ
2715 2251 3010 2330 φθάσαντες
3083 2247 3511 2326 διεγραψάμεθα.
3595 2253 3680 2323 Τῇ
3763 2252 3864 2323 μὲν

2185 2340 2289 2417 γὰρ
2369 2345 2509 2416 μονῇ
2579 2339 2833 2397 τοσοῦτον
2911 2341 3334 2417 προστετήκατε,
3411 2339 3488 2401 εἷς
3567 2337 3707 2393 ὅσον
3769 2338 3868 2393 καὶ

2188 2435 2409 2500 σκηναῖς
2464 2431 2516 2484 οἳ
2592 2428 2991 2506 ἀμπελουργοὶ,
3066 2427 3156 2483 καὶ
3231 2428 3732 2504 ὁπωροςνυλακίοις
3811 2429 3866 2481 οἱ

2185 2518 2311 2594 περὶ
2366 2520 2432 2573 τά
2487 2519 2808 2590 σικυήλατα.
2862 2517 2960 2573 Καὶ
3017 2512 3129 2572 ἔστι
3189 2517 3279 2572 καὶ
3338 2515 3499 2572 τοῦτο
3556 2513 3739 2573 πολύ.
3789 2517 3869 2570 Ti

2187 2603 2361 2661 πλείω
2415 2608 2517 2682 γὰρ
2565 2608 2700 2662 κατὰ
2729 2607 2856 2670 τοὺς
2913 2601 3279 2680 Ἀμαξοϐίους
3337 2603 3525 2679 διαζῆν
3580 2625 3867 2681 πραγμασ

420 2694 661 2766 τεόεσθε,
719 2694 810 2749 καὶ
868 2695 1042 2769 συχνά
1086 2693 1288 2756 τόπους
1343 2695 1525 2749 τόπων
1582 2688 1824 2766 ἀμείϐειν
1885 2687 2008 2758 ἔνθα
2062 2692 2298 2771 καθαρὸν
2351 2695 2480 2772 ἀέρα
2535 2701 2784 2766 σπάσετε,
2841 2693 2912 2751 δι’
2971 2695 3033 2750 οὗ
3083 2694 3148 2750 τὸ
3211 2688 3513 2768 μακρόϐιον
3570 2695 3706 2764 ὑμῖν
3761 2713 3868 2748 πε-

429 2787 788 2860 ριγενήσεται.

501 2875 623 2929 117.
656 2875 930 2930 Sanctam
961 2871 1386 2940 Ecclesiam,ut
1417 2873 1686 2941 arbitror,
1719 2873 2080 2946 concupisci-

429 2965 528 3031 tis,
563 2969 628 3017 ut
657 2963 806 3018 servi
838 2961 1076 3027 Christi,
1108 2967 1164 3017 et
1203 2961 1466 3017 conservi
1499 2962 1711 3030 nostri;
1746 2963 1846 3018 sed
1880 2978 1913 3017 a
1942 2978 2081 3016 con-

430 3052 634 3124 cupito
665 3050 1020 3122 elongamini
1054 3051 1329 3122 operibus
1362 3051 1578 3121 quibus
1607 3051 1933 3123 saepissime
1964 3051 2082 3122 agi-

427 3140 678 3206 tamini;
739 3141 1059 3212 perfectum
1120 3156 1268 3210 opus
1327 3139 1614 3210 linquitis,
1649 3145 1706 3194 et
1762 3139 2082 3211 indulgetis

424 3230 698 3296 vanitati;
734 3227 879 3283 nihil
901 3228 1067 3283 scitis
1093 3226 1400 3299 spirituale
1422 3244 1536 3298 quo
1567 3227 1698 3283 licet
1727 3228 1952 3300 angelis
1984 3214 2081 3281 an-

427 3317 744 3386 numerari,
768 3322 825 3373 et
856 3319 1008 3372 inter
1037 3317 1280 3388 pinguia
1304 3322 1361 3372 et
1381 3317 1582 3389 gravia
1609 3317 1924 3372 versamini
1955 3317 2080 3387 qui-

2261 2874 2379 2948 ριζ“.
2429 2879 2538 2944 Τῆς
2609 2893 2670 2928 τε
2745 2872 3058 2948 ἁγιωτάτης
3129 2869 3457 2942 Ἐκκλησίας
3527 2869 3864 2944 ἑπιθυμεῖτε

2194 2963 2312 3034 μὲν,
2347 2962 2522 3036 οἶμαι,
2553 2963 2626 3024 ὡς
2678 2959 2866 3017 δοῦλοι
2918 2964 3155 3031 Χριστοῦ
3200 2961 3290 3014 καὶ
3357 2962 3491 3032 ἡμῖν
3525 2955 3864 3012 σύνδουλοι·

2189 3050 2458 3125 ἀπάγεσθε
2506 3049 2561 3107 δὲ
2606 3055 2703 3106 τοῦ
2753 3050 2940 3129 ἐφετοῦ
2986 3047 3159 3104 διὰτὸ
3220 3048 3523 3124 ἐργατικὸν,
3559 3046 3619 3102 οῦ
3690 3047 3866 3122 χάριν

2191 3133 2452 3214 ῥέμϐεσθε
2505 3140 2574 3194 τὰ
2629 3137 2814 3194 πολλά
2869 3139 2932 3193 τὸ
2993 3139 3086 3212 μὶν
3147 3132 3388 3212 ἀκριϐῶς
3445 3135 3606 3213 ἔργον
3661 3137 3862 3214 ἀγιέν-

2187 3248 2296 3295 τες,
2355 3233 2472 3291 τοῖς
2529 3225 2586 3282 δὶ
2647 3227 2940 3304 παρέργοις
3012 3222 3410 3301 ἐντριϐόμενοι·
3485 3225 3575 3280 καὶ
3645 3223 3860 3281 λεπτὸν

2193 3317 2287 3388 μὲν
2321 3314 2524 3378 εἰδότες
2575 3313 2752 3388 οὐδὲν,
2811 3313 2881 3370 δι’
2909 3314 2971 3370 οῦ
3003 3313 3258 3390 ἀγγέλοις
3307 3309 3418 3369 ἔστι
3457 3315 3861 3384 συνάπτεσθαι,

426 3410 539 3464 bus
572 3423 738 3462 mens
768 3407 975 3461 devota
1006 3406 1121 3461 Deo
1152 3406 1212 3460 in
1243 3410 1460 3460 terram
1509 3405 1859 3475 deprimitur
1888 3409 1945 3459 et
1974 3421 2069 3459 as-

2190 3409 2293 3460 τῶν
2351 3403 2408 3459 δὲ
2457 3405 2680 3480 παχέων
2735 3404 2826 3460 καὶ
2881 3404 3024 3458 οὕτω
3084 3403 3293 3479 βαρέων
3353 3401 3853 3476 μεταποιούμενοι,

429 3497 674 3552 cendere
723 3494 958 3551 desinit.
995 3495 1128 3549 Ideo
1161 3492 1489 3566 discipulus
1517 3497 1706 3549 vester
1753 3511 1857 3565 pro
1889 3493 2081 3565 digni-

428 3591 567 3649 tate.
602 3582 1009 3652 intelligentia,
1032 3583 1324 3653 decentia,
1346 3587 1402 3637 et
1423 3585 1575 3638 bona
1604 3582 1940 3653 disciplina,
1962 3580 2085 3637 abit

428 3672 576 3729 nihil
607 3673 679 3728 ab
708 3671 895 3727 ascesi
926 3676 1299 3737 consecutus,
1324 3675 1532 3743 printer
1562 3671 1876 3740 quemdam
1910 3686 2086 3725 saecu-

429 3763 615 3818 larem
647 3761 976 3829 scientiam,
1003 3777 1248 3832 eamque
1279 3766 1463 3815 totam
1495 3759 1815 3830 vulgarem,
1840 3776 1954 3815 non
1985 3776 2084 3814 no-

431 3850 641 3918 bilem;
682 3848 842 3904 verbi
890 3848 1099 3920 gratia,
1133 3855 1198 3904 ut
1248 3865 1434 3920 pauca
1480 3865 1548 3904 ex
1596 3847 1801 3903 multis
1850 3848 2081 3918 eligam,

434 3939 726 4010 quomodo
752 3941 810 3992 et
835 3943 1122 4008 quantum
1149 3939 1506 3992 frumentum
1531 3942 1778 4004 servent,
1804 3953 1918 4009 quo
1940 3942 2085 3992 tem-

432 4042 571 4099 pore
615 4032 672 4082 et
718 4031 939 4097 quanto
998 4025 1182 4097 pretio
1239 4025 1385 4080 illud
1443 4026 1727 4092 vendant;
1785 4026 2082 4082 undenam

433 4115 592 4170 aliud
651 4115 916 4184 dignum,
948 4130 1048 4169 seu
1107 4114 1238 4170 vilis
1296 4117 1488 4185 pretii,
1535 4114 1857 4180 inveniant,
1896 4114 2084 4170 redire

433 4206 671 4271 faciant,
703 4207 907 4276 sicque
937 4206 1008 4260 de
1055 4221 1122 4260 eo
1153 4205 1373 4277 aliquid
1421 4205 1753 4273 lucrentur;
1789 4208 2083 4277 quomodo

434 4296 611 4350 etiam
642 4295 715 4350 de
746 4293 880 4348 vino
915 4294 1166 4349 fructum
1218 4294 1470 4366 capiant.
1503 4295 1785 4349 Servandi
1817 4299 1956 4350 sunt
2001 4293 2083 4348 vi-

434 4383 599 4438 nacei
632 4381 782 4438 acini
803 4381 1234 4454 eleemosynam
1269 4384 1667 4454 poscentibus,
1693 4384 1880 4455 magis
1908 4383 2083 4438 etiam

435 4474 672 4528 furfur:
715 4470 936 4526 talibus
985 4471 1138 4525 enim
1190 4477 1450 4543 tempore
1510 4472 1680 4527 famis
1737 4473 1891 4527 bona
1946 4475 2087 4526 sunt

436 4562 550 4617 ista
582 4561 653 4616 ad
699 4560 1105 4615 nutriendum.
1139 4559 1391 4616 Proximi
1440 4561 1652 4617 domus
1702 4561 1871 4616 bonis
1919 4567 2084 4615 terra

437 4649 693 4721 repletur
733 4665 747 4703 :
795 4648 1146 4704 inbabitanti
1196 4649 1395 4721 gravia
1442 4649 1664 4704 tributa
1709 4654 1850 4704 sunt
1897 4649 2084 4720 impo-

437 4738 651 4794 nenda.
685 4739 851 4793 Intus
901 4742 1094 4792 autem
1147 4743 1286 4793 sunt
1333 4738 1540 4793 divites
1589 4739 1856 4794 homines
1886 4754 1954 4793 ex
1980 4753 2082 4793 va-

437 4827 541 4884 riis
589 4826 1104 4899 negotiationibus,
1137 4832 1192 4882 et
1224 4828 1460 4882 aliunde
1493 4843 1506 4882 :
1542 4826 1634 4881 bis
1682 4825 1937 4882 claustra
1981 4843 2082 4881 au-

435 4916 628 4985 genda
665 4920 822 4970 sunt.
855 4914 1102 4978 Quidam
1135 4931 1166 4970 e
1195 4915 1461 4986 patribus
1511 4915 1763 4988 agellum
1815 4913 2084 4970 excolens

434 5004 494 5058 in
522 5004 917 5075 suspicionem
939 5003 1101 5058 venit
1127 5003 1262 5058 inde
1290 5003 1728 5070 lucril’aciendi;
1763 5004 2085 5058 mutandus

433 5098 525 5147 est
555 5099 743 5159 caute,
778 5110 850 5147 ne
873 5093 1036 5147 solus
1067 5093 1352 5147 comedat.
1389 5091 1684 5163 Extemplo
1726 5091 1982 5147 famulus
2012 5093 2084 5147 ad

432 5182 793 5237 reddendam
847 5182 1130 5236 rationem
1179 5181 1430 5251 cogitur;
1465 5192 1523 5236 et
1551 5181 1670 5235 sive
1717 5180 1865 5234 nihil
1912 5181 2088 5236 habet

432 5271 863 5343 condemnatur
895 5274 958 5325 ut
990 5271 1324 5341 imperitus,
1348 5275 1412 5324 ut
1432 5268 1702 5340 simplex,
1724 5274 1788 5324 ut
1817 5269 2082 5339 insanus,

434 5362 554 5417 sive
584 5364 780 5415 autem
811 5357 872 5415 in
905 5358 1218 5414 manifesta
1260 5357 1631 5430 possessione
1661 5355 2082 5429 deprehensus,

507 5522 622 5589 (12)
674 5521 922 5576 Practica
980 5523 1103 5575 erat
1158 5517 1589 5576 administratio
1647 5535 1843 5575 rerum
1901 5521 2082 5573 mate-

437 5590 700 5658 rialium,
749 5592 862 5647 cibi
904 5595 975 5663 et
1030 5590 1352 5663 redituum;
1403 5591 1619 5663 duplex
1676 5590 2082 5663 distinguitur,

442 5677 564 5720 una
598 5663 773 5731 bona,
803 5662 960 5718 mala
1006 5661 1210 5732 altera,
1240 5678 1368 5733 quae
1401 5664 1457 5719 id
1489 5661 1670 5719 unum
1720 5661 2079 5733 intendebat,

2192 3492 2262 3548 δι’
2311 3493 2383 3548 ὧν
2443 3500 2776 3548 κατασπᾶται
2837 3495 2865 3548 6
2924 3490 3208 3556 θεόσδοτος
3263 3497 3386 3554 νοῦς
3445 3491 3524 3555 εἷς
3569 3498 3696 3566 γῆν⁹
3743 3496 3860 3546 τοῦ

2190 3584 2587 3659 ἀνωφορεῖσθαι
2646 3582 3086 3656 παραλυόμενος.
3129 3582 3420 3646 Κὰντεῦοεν
3478 3581 3508 3634 6
3538 3586 3664 3656 παρ’
3701 3581 3859 3652 ὑμᾶς

2191 3677 2397 3749 φοιτῶν
2453 3671 2568 3726 ἀντὶ
2627 3671 2980 3744 σεμνότητος,
3037 3669 3127 3725 καὶ
3186 3669 3453 3739 συννοίας,
3513 3670 3604 3724 καὶ
3660 3668 3861 3741 εὐπρε-

2190 3761 2370 3830 πείας,
2421 3761 2511 3815 καὶ
2573 3762 2861 3834 μαθήσεως
2920 3759 3150 3835 ἀγαθῆς,
3201 3759 3404 3826 ἄπεισι,
3477 3755 3648 3831 μηδὲν
3707 3757 3856 3812 ἀποο

2189 3849 2420 3921 νάμενος
2477 3854 2583 3904 τῶν
2643 3849 2913 3919 ἀσκητῶν,
2975 3849 3012 3918 ἢ
3076 3849 3248 3921 μόνην
3311 3844 3520 3918 εἴδησιν
3553 3848 3853 3923 βιωικὴν,

2189 3938 2278 3992 καὶ
2337 3938 2503 4008 αὐτὴν
2536 3937 2635 3992 οὐκ
2692 3936 2928 4012 εὐγενῆς,
2985 3935 3111 3993 ἀλλ’
3159 3936 3238 3999 εἷς
3294 3937 3358 3991 τὸ
3412 3942 3520 3990 πᾶν
3587 3932 3852 4010 χυδαίαν·

2193 4027 2327 4095 οἷον,
2387 4027 2460 4088 ὡς
2518 4025 2580 4082 ἐκ
2629 4024 2856 4082 πολλῶν
2916 4024 3169 4101 ἀλίγιστα
3225 4027 3409 4102 φάναι,
3471 4028 3590 4086 πῶς
3647 4023 3710 4077 ’ἀν
3752 4023 3853 4078 καὶ

2191 4115 2276 4170 ἐπὶ
2333 4115 2499 4170 πόσον
2560 4113 2900 4192 φυλάξωνται
2930 4115 2993 4169 τὸ
3041 4114 3305 4190 σιτάριον,
3347 4113 3440 4169 καὶ
3486 4111 3694 4184 πηνίκα
3723 4132 3855 4166 και-

2193 4208 2290 4278 ροῦ
2340 4202 2557 4259 πολλοῦ
2612 4205 2926 4275 τιμήματος
2985 4199 3300 4258 ἀποδῶνται
3361 4202 3517 4257 αὐτό·
3576 4200 3742 4264 πόθεν
3793 4197 3858 4255 δὲ

2191 4292 2280 4347 καὶ
2311 4291 2600 4365 εὑρηκότες
2628 4289 2770 4347 ἄλλο
2827 4288 2997 4362 ἄξιον,
3053 4292 3248 4346 ταυτὸν
3279 4287 3326 4345 δ’
3376 4290 3571 4358 εἰπεῖν,
3622 4287 3854 4356 εῦωνον,

2194 4379 2560 4449 είσοδιάσωσι,
2634 4380 2724 4436 καὶ
2805 4379 2947 4436 οὕτω
3003 4377 3312 4451 κερδήσωσι
3379 4379 3469 4434 καὶ
3530 4376 3602 4432 δι’
3659 4377 3850 4433 αὐτοῦ·

2192 4474 2311 4532 πῶς
2370 4467 2418 4525 δ’
2473 4469 2533 4524 ἃν
2566 4470 2656 4524 καὶ
2705 4468 2794 4524 έπὶ
2848 4468 2929 4542 τῷ
2988 4467 3121 4542 οἷ’νῳ
3174 4470 3343 4524 ταυτά
3386 4465 3703 4522 διάθωνται.
3767 4467 3854 4522 Τὰ

2191 4558 2416 4634 γίγαρτα
2441 4558 2739 4637 φυλακτέον
2773 4556 2850 4620 εἵς
2904 4579 3026 4613 τινα
3081 4555 3462 4631 ἐλεημοσύνην
3519 4561 3638 4617 τοῖς
3688 4556 3852 4609 ἀπαι-

2194 4653 2369 4716 τοῦσι,
2439 4648 2526 4702 καὶ
2606 4646 2681 4710 εἰς
2748 4647 2915 4702 πλέον
2969 4647 3039 4702 τὰ
3095 4645 3313 4722 πίτυρα·
3372 4644 3519 4700 καλά
3572 4645 3676 4720 γὰρ
3735 4649 3852 4705 τοῖς

2194 4737 2465 4800 τοιούτοις
2519 4735 2609 4791 γαὶ
2669 4735 2803 4791 αὐτά
2845 4733 2898 4790 ἐν
2942 4735 3179 4808 ἡμέραις
3223 4732 3395 4808 λιμοῦ
3425 4733 3503 4796 εἰς
3530 4734 3844 4809 χόρτασμα.

2196 4827 2258 4883 Ἠ
2338 4825 2598 4900 παροικία
2674 4823 3032 4895 ἐνευθητεῖται
3116 4828 3233 4884 τοῖς
3308 4823 3368 4878 ἐκ
3431 4829 3540 4897 γῆς
3599 4823 3841 4895 ἀγαθοῖς

2193 4913 2601 4992 φορολογητέον
2634 4910 2737 4988 ἄρα
2763 4912 2891 4974 τοὺς
2920 4911 2974 4967 ἐν
3019 4911 3154 4986 αὐτῇ
3208 4911 3527 4988 βαρύτερον.
3582 4913 3642 4966 ἸΙ
3706 4908 3840 4963 ένοι-

2193 5003 2285 5058 κία
2325 5003 2697 5064 πλουτοῦντας
2739 4998 2856 5077 ἔχει
2897 4999 3092 5076 ἄνδρας
3149 4995 3210 5056 ἔκ
3257 5021 3319 5055 τε
3367 4999 3651 5076 ἐμποριῶν
3707 5018 3847 5053 παν-

2191 5089 2443 5146 τοδαπῶν
2517 5089 2607 5146 καὶ
2683 5087 2949 5145 ἄλλοθεν·
3009 5087 3341 5162 ὲπαυξητέον
3399 5086 3494 5144 οῦν
3542 5086 3733 5148 αὐτοῖς
3784 5086 3844 5139 τὸ

2194 5181 2570 5256 στεγανόμιον.
2629 5175 2898 5256 Ἀδελφὸς
2951 5178 2981 5233 6
3013 5174 3160 5232 δεῖνα
3187 5177 3250 5232 τὸ
3277 5184 3378 5246 τῆς
3415 5182 3586 5250 μονῆς
3629 5173 3844 5243 κτησεί-

2194 5267 2306 5325 διον
2367 5267 2844 5346 ἀμφιπονούμενος
2905 5265 3161 5322 ὑπόνοιαν
3220 5268 3427 5340 πέμπει
3461 5308 3474 5335 ,
3547 5259 3840 5339 κερδαίνειν

2192 5359 2410 5424 ἐκεῖθεν·
2475 5355 2855 5432 μετελευστέον
2884 5353 2976 5411 οῦν
3006 5354 3166 5412 αὐτὸν
3195 5353 3406 5427 δεξιῶς,
3440 5354 3518 5428 μὴ
3550 5353 3641 5408 καὶ
3673 5371 3846 5426 μονο-

2192 5524 2260 5576 ut
2288 5518 2518 5576 divitias
2568 5517 2916 5574 cumularet.
2951 5516 3179 5573 Theoria
3225 5517 3296 5572 de
3345 5516 3523 5573 rebus
3570 5511 3844 5586 spiritua-

2189 5591 2350 5720 ξομε
2374 5599 2500 5720 taut
2549 5588 3049 5647 intellectualibus
3097 5589 3364 5659 curabat,
3395 5585 3620 5645 litteras
3665 5585 3843 5642 doce-

2232 5680 2266 5723 a
2293 5708 2309 5737 ,
2339 5680 2371 5720 ο
2401 5679 2449 5721 c.
