4104 6210
289 377 408 437 825
1297 377 1400 438 DE
1441 373 1932 438 EMENDANDA
1977 372 2162 434 VITA
2210 369 2692 433 MONAClllCA.
3577 360 3697 421 826

289 507 462 582 φαγῇ.
496 505 592 560 Καὶ
651 501 846 558 αὐτίκα
888 503 1304 580 λογοπρατεῖται
1362 506 1498 581 πρὸς
1563 505 1683 578 βίαν
1743 503 1772 558 6
1826 500 1940 556 Sca-

2067 503 2200 559 i'orte
2232 521 2346 559 non
2381 502 2573 559 reddit
2621 500 2778 572 quod
2824 496 3163 569 requiritur,
3198 491 3610 561 contemnitur,
3643 492 3700 545 et

287 595 530 663 κονητής
564 611 577 624 ·
636 592 727 648 καὶ
783 591 819 661 ἢ
881 590 1048 664 μηδὲν
1117 589 1262 668 ἔχων
1337 594 1809 668 καταγινώσκεται,
1869 591 1944 652 ὡς

2067 591 2331 648 violenter
2379 591 2734 658 conteritur;
2787 605 2901 642 non
2952 586 3108 658 quod
3160 581 3477 638 oeconomia
3533 580 3701 634 cedat

289 681 518 786 ἀφελής,
552 682 638 786 καὶ
686 680 976 752 writing}:
1035 680 1125 735 καὶ
1181 679 1400 751 ἠλίθιος
1463 682 1497 751 ἢ
1559 679 1704 736 ἀλλᾶ
1759 701 1944 756 πεφω-

2067 684 2504 748 anrementum,
2539 696 2677 734 sane
2727 695 2861 732 vera
2893 690 3105 746 magno
3159 671 3334 739 Patri,
3360 674 3418 725 et
3448 669 3575 740 ejus
3606 683 3701 722 co-

2121 771 2154 786 ο.
2207 776 2216 786 .
2275 772 2285 782 -
2383 776 2391 786 .
2501 775 2510 786 .
2590 768 2600 779 -
2699 775 2707 786 .
2774 763 3188 786 ,,__,,_-L-_.-....
3230 757 3479 786 ..-...1-4:n

288 772 526 846 ραμένος
556 769 722 846 ἔχειν⁷
755 769 843 824 καὶ
875 771 1043 846 τυχὸν
1103 771 1177 844 μὴ
1239 769 1420 835 διδοὺς
1475 770 1526 826 ἐν
1577 775 1654 842 τῷ
1701 769 1943 823 ἀπαιτεῖ-

2067 771 2314 840 Γηὶιοίυί,
2347 776 2421 843 et,
2455 775 2518 825 ut
2551 768 2736 836 aiunt,
2772 763 3191 822 monachorum
3228 757 3501 832 praelatis.

285 871 436 970 σθαι,
492 865 900 970 κατμπατεῖται,
957 860 1046 914 καὶ
1106 859 1248 915 οὕτω
1308 859 1643 940 διαφορεῖται
1696 859 1833 934 πρὸς
1924 856 2040 933 βίαν
2079 876 2091 890 ·
2151 857 2258 934 οὐχ
2316 859 2453 912 ὥστε
2535 855 3000 931 προσλογισθῆναι
3054 855 3169 909 τοῖς
3227 850 3323 901 τοῦ
3379 863 3702 923 φροντιστη-

683 969 688 970 ,
783 969 793 970 ,
850 949 896 970 ,Α
1000 946 1125 970 yxxx
1227 954 1254 965 ι-
1450 947 1491 970 n
1604 955 1649 970 π
1697 947 1774 970 ,A
1980 952 2090 970 _,-,
2222 950 2257 970 Α
2326 947 2455 970 wing,
2536 943 2728 970 \__-_'_.
2813 941 2899 970 -..Α
2963 941 2991 970 SI
3049 959 3169 970 η--.
3233 933 3549 970 σ-Αλνλίοηορ
3593 935 3701 970 ηπ...

287 948 411 1025 ρίου
469 949 532 1052 τὸ
589 945 1136 1025 διαχωρηθὲν,ἀλλά
1188 954 1268 1023 τῶ
1328 947 1554 1025 μεγάλῳ
1603 933 1798 1022 Πατρὶ,
1831 947 1919 1002 καὶ
1976 952 2092 1010 τοῖς
2147 933 2257 1021 μετ⁵
2318 947 2474 1003 αὐτὸν
2536 943 2758 1020 λογάσι,
2813 941 2900 997 καὶ
2962 941 2991 994 6'
3049 959 3174 1016 φασι
3233 933 3549 1010 προκρίτοις
3593 935 3701 986 τῶν

288 1058 478 1114 μοναχ
483 1059 554 1091 ων
565 1081 578 1095 .

363 1127 492 1200 ριη’.
549 1124 759 1181 Τούτου
818 1122 876 1179 δὲ
935 1124 1110 1189 οῧτως
1184 1126 1778 1202 ἀποχειροτονηθέντος
1852 1129 1950 1180 τοῦ

278 1216 656 1288 προνοεῖσθαι,
715 1213 1138 1289 ἀναψηλαφᾶται
1225 1215 1522 1290 πρακτικὸς
1605 1211 1832 1289 ἕτερος,
1892 1213 1951 1274 ’ὸς

278 1303 389 1360 ούκ
445 1305 507 1359 ἂν
582 1303 897 1379 κριματίσοι
982 1301 1144 1373 δῆθεν
1213 1305 1314 1372 τὴν
1374 1301 1643 1382 κεφαλὴν,
1703 1303 1792 1358 καὶ
1848 1303 1947 1370 τὴν

275 1391 493 1461 λοιπὴν
551 1389 762 1467 λογάδα
821 1396 1168 1467 θυμομαχεῖν
1222 1391 1554 1467 ἀναγκάζων,
1604 1390 1694 1446 καὶ
1752 1389 1950 1467 μελαγ-

273 1480 604 1557 χολᾷν,καὶ
667 1480 810 1535 οὕτω
868 1478 1156 1554 ψεύδεσθαι
1212 1479 1273 1535 τὸ
1331 1479 1689 1558 φιλάδελφον.
1725 1481 1819 1537 Καὶ
1882 1477 1948 1548 δὴ

270 1569 375 1624 καὶ
440 1570 745 1644 εὑρίσκεται
807 1570 835 1624 6
892 1568 1234 1642 ποθούμενος
1293 1567 1525 1648 ἀδελφὸς
1583 1568 1668 1642 (οὐ
1727 1569 1827 1643 γὰρ
1888 1565 1947 1648 ἂν

271 1656 814 1730 αὐτούς’ἐπιλείψοι
898 1656 1030 1711 ποτὲ
1111 1663 1361 1719 τοιούτος
1440 1640 1809 1732 ἀνθρωποςῇί
1859 1640 1952 1712 καὶ

270 1744 528 1802 κατιδίαν
591 1745 990 1823 παραληφθεὶς,
1049 1745 1423 1822 καταρτίζεται
1487 1746 1563 1809 εἷς
1631 1748 1951 1823 προσοχήνζ

671 1805 680 1821 ι
798 1805 841 1823 ..
956 1805 989 1814 τ-
1189 1805 1199 1822 .
1291 1805 1307 1815 .
1550 1805 1560 1809 -
1676 1805 1684 1820 .
1818 1805 1892 1821 ι...

265 1836 371 1890 καὶ
431 1835 701 1904 ὑπακοὴν,
758 1833 848 1888 καὶ
914 1833 1440 1913 ἀφιλοχρηματίαν·
1490 1836 1578 1890 καὶ
1647 1805 1954 1912 παιδεύεταέ

2132 1128 2252 1182 118.
2297 1125 2414 1181 Ηοο
2463 1124 2642 1197 igitur
2694 1124 2887 1177 amoto
2947 1135 2981 1174 a
3029 1113 3396 1179 villicatione,
3444 1112 3706 1166 tentatur

2060 1215 2210 1273 alius
2256 1215 2472 1286 aliquis
2521 1211 2834 1285 practicus,
2867 1207 2964 1279 qui
2998 1221 3206 1277 nempe
3256 1205 3430 1274 caput
3478 1203 3536 1254 et
3565 1197 3704 1253 reli-

2061 1322 2236 1378 quam
2271 1308 2566 1360 catervam
2610 1318 2724 1356 non
2757 1298 3126 1363 condemnet,
3162 1309 3265 1349 nec
3296 1294 3463 1363 cogat
3485 1288 3558 1344 ad
3589 1288 3706 1342 ira-

2061 1395 2366 1462 scendum,
2399 1393 2471 1448 ad
2518 1389 2900 1452 moerendum,
2936 1390 2992 1441 et
3021 1385 3093 1438 ad
3141 1379 3536 1437 evacuandam
3569 1376 3707 1431 cha-

2061 1485 2311 1539 ritatem.
2349 1480 2644 1537 Invenitur
2673 1481 2909 1550 optatus
2942 1475 3117 1528 frater
3149 1470 3288 1538 (illis
3320 1467 3476 1522 enim
3508 1467 3710 1520 deesse

2061 1572 2264 1644 nequit
2319 1570 2455 1627 talis
2503 1568 2720 1639 homo),
2773 1565 2872 1636 qui
2928 1561 3171 1618 seorsim
3231 1557 3521 1613 abductus
3577 1569 3708 1609 eru~

2062 1663 2220 1717 ditur
2244 1661 2312 1717 ad
2346 1655 2868 1721 attendendum,ad
2893 1647 3385 1714 obediendum,ad
3421 1645 3714 1716 deponen-

2062 1753 2201 1808 dum
2235 1751 2490 1821 pecuniae
2524 1763 2776 1803 amorem
2805 1763 2818 1811 ;
2844 1742 2977 1798 dein
3002 1741 3330 1796 edocetura
3363 1739 3523 1806 patre
3554 1747 3711 1787 nunc

2064 1819 2252 1896 vitam
2292 1839 2659 1893 innocentem
2714 1833 3072 1904 dignamque
3128 1825 3319 1898 legato
3369 1821 3589 1895 praelati
3649 1819 3710 1874 in

269 1923 432 1998 παρὰ
489 1928 584 1978 τοῦ
639 1923 868 1998 πατρὸς,
917 1923 1107 1986 ἄλλως
1173 1924 1270 1997 μὲν
1331 1928 1450 1994 ζῆν,
1483 1922 1807 2001 καθαρείως,
1863 1945 1951 1984 κα.

282 2014 371 2076 ὡς
403 2012 596 2090 πρέπει
651 2017 732 2085 τῷ
789 2011 1040 2088 ἐπέχοντι
1072 2011 1314 2090 κεφαλῆς
1357 2013 1524 2089 λόγου
1565 2012 1616 2068 ὲν
1668 2017 1788 2074 τοῖς
1829 2010 1931 2082 ἔξω

283 2103 436 2157 ἅπαν
497 2099 556 2157 δὶ
605 2101 668 2157 τὸ
714 2101 1082 2178 ἐπερχόμενον
1107 2099 1296 2176 κέρδος
1328 2103 1432 2156 ἀπὸ
1464 2106 1597 2157 Θεοῦ
1657 2099 1951 2179 (φείδεσθαι

279 2191 418 2267 γὰρ,
481 2191 635 2268 φησὶ,
681 2191 796 2266 χρή
847 2188 974 2245 οὐδὲ
1027 2195 1124 2246 τοῦ
1171 2191 1433 2267 τυχόντος
1492 2189 1542 2246 ἐν
1595 2196 1712 2252 τοῖς
1779 2197 1952 2259 καθή-

279 2285 475 2350 κουσι)
498 2278 935 2356 παρακομιστὲον
981 2283 1050 2353 τῇ
1103 2279 1380 2356 γερουσίᾳ,
1440 2279 1531 2334 καὶ
1589 2278 1765 2334 θετέον
1821 2278 1950 2334 αὐτὸ

279 2369 400 2444 πρὸ
477 2373 584 2423 τῶν
659 2373 936 2444 πατρικῶν
1020 2365 1228 2439 ποδῶν,
1282 2369 1371 2423 καὶ
1461 2366 1601 2442 μηδὲ
1667 2367 1948 2442 ψευστὲον,

286 2454 442 2531 μηδὶ
493 2455 625 2533 ἄχρι
673 2455 804 2532 γοῦν
855 2451 1090 2512 ὀϐολοῦ·
1135 2454 1246 2528 ἵνα,
1308 2457 1354 2512 εί
1417 2459 1494 2530 μὴ
1550 2458 1637 2512 καὶ
1696 2457 1760 2512 τὸ
1817 2457 1951 2512 κατᾶ

277 2544 384 2600 τόν
417 2544 668 2600 Ἀνανίαν
709 2545 800 2600 καὶ
841 2546 942 2616 τὴν
985 2544 1290 2622 Σάπφειραν
1345 2543 1484 2620 μίγα
1539 2545 1701 2600 κακὸν
1769 2546 1948 2600 πείσε-

276 2655 401 2704 ται,
426 2632 576 2688 ἀλλὰ
603 2638 734 2709 γοῦν
768 2634 845 2707 μὴ
893 2634 1301 2705 καταπατηθείη
1351 2634 1442 2688 καὶ
1497 2633 1676 2705 αὐτὸς,
1710 2633 1811 2690 ὅσα
1859 2634 1950 2688 καὶ

285 2724 320 2778 6
355 2723 466 2796 πρὸ
498 2723 664 2778 αὐτοῦ
695 2720 772 2784 εἷς
798 2721 1114 2800 ἐκφόρησιν.

364 2813 489 2887 ριθ’.
552 2811 649 2866 Καὶ
704 2815 871 2867 ταῦτα
928 2811 1022 2884 μὲν
1093 2812 1144 2866 οἱ
1219 2813 1558 2886 παραινὲται,
1613 2813 1685 2867 ὧν
1753 2811 1952 2887 κατάρ-

285 2921 386 2976 χει
448 2901 478 2955 ὁ
535 2901 705 2975 μέγας
763 2902 970 2974 Πατήρ.
1023 2901 1084 2958 Ὁ
1140 2897 1198 2955 δὲ
1271 2901 1478 2974 μύστης
1527 2900 1808 2965 ἐπινεύσας
1861 2901 1951 2956 καὶ

285 2987 649 3062 κατακρύψας
737 2989 982 3062 κοσμίως
1056 2988 1134 3053 εἷς
1216 2989 1458 3059 ὑπακοὴν
1548 2990 1807 3064 ἀνομοίαν
1882 2993 1952 3065 τῇ

283 3082 682 3152 πνευματικῶς
760 3075 1112 3156 ὀφειλομὲνῃ,
1198 3078 1514 3155 ἀποτρέχει,
1598 3078 1687 3135 καὶ
1757 3084 1952 3152 ποιῶν,

283 3167 474 3224 ὁπόσα
525 3167 670 3231 εἰκὸς
723 3172 900 3222 ποιεῖν
978 3169 1069 3222 τὸν
1147 3172 1392 3224 τοιοῦτον
1421 3213 1436 3240 ,
1495 3167 1844 3244 ἐπανέρχεται
1899 3168 1950 3222 ἐν

2065 1927 2449 1985 exterioribus
2495 1927 2739 1997 degere;
2773 1936 2945 1976 omne
2995 1917 3225 1972 lucrum
3277 1931 3309 1969 a
3357 1913 3473 1968 Deo
3523 1923 3710 1966 emer-

2064 2035 2208 2091 gens
2239 2018 2432 2090 (parce
2479 2015 2636 2070 enim
2689 2010 2973 2068 utendum
3023 2010 3134 2071 est,
3168 2002 3381 2075 inquit,
3430 2017 3542 2055 non
3595 1999 3710 2052 for-

2063 2106 2232 2162 tuitis
2291 2104 2459 2161 bonis
2511 2103 2663 2158 inter
2718 2096 2974 2172 propria)
3031 2092 3392 2150 offerendum
3441 2102 3570 2144 esse
3617 2099 3710 2141 se-

2064 2194 2248 2264 natui,
2280 2199 2338 2250 et
2385 2189 2797 2264 deponendum
2854 2190 2989 2242 ante
3033 2183 3207 2255 pedes
3251 2182 3509 2246 Patrum,
3543 2190 3710 2230 men-

2060 2261 2328 2338 tiendum
2361 2261 2479 2336 non
2525 2294 2673 2348 esse,
2710 2292 2822 2332 non
2873 2275 2944 2330 de
2975 2269 3142 2327 obolo
3192 2267 3453 2340 quidem,
3486 2268 3567 2334 ut,
3601 2261 3710 2317 etsi

2059 2372 2294 2427 Ananiae
2341 2375 2400 2426 et
2448 2367 2709 2440 Saphiraa
2758 2363 2979 2420 malum
3021 2358 3282 2431 eil'ugiat,
3332 2353 3541 2411 saltem
3593 2367 3710 2406 non

2060 2465 2395 2517 conteratur
2441 2458 2588 2531 ipse,
2621 2455 2774 2512 sicut
2817 2456 3152 2508 antecessor
3195 2449 3435 2520 propter
3463 2457 3708 2499 concus-

2059 2550 2307 2608 sionem.

2135 2816 2256 2873 119.
2290 2821 2421 2872 Haec
2478 2812 2714 2886 quidem
2772 2805 3114 2874 consiliarii,
3164 2817 3415 2875 quorum
3474 2798 3704 2871 primus

2060 2909 2230 2964 Pater
2281 2919 2553 2976 magnus.
2590 2900 2862 2956 lnitiatus
2893 2912 3025 2952 vero
3076 2891 3426 2956 assentiens,
3460 2892 3518 2944 et
3545 2889 3715 2941 caute

2063 2975 2476 3050 inclinatusiad
2507 2988 2896 3048 obedientiam
2933 2980 3258 3056 spiritualis
3289 2983 3346 3034 et
3375 2975 3714 3032 necessariis

2063 3083 2402 3141 obedientiaa
2455 3078 2826 3143 dissimilem,
2857 3075 3054 3140 vadit;
3087 3075 3144 3128 et
3195 3073 3508 3142 postquam
3556 3079 3718 3137 pere-

2064 3174 2148 3248 git
2187 3191 2316 3246 quze
2365 3187 2498 3228 eum
2547 3183 2818 3243 peragere
2859 3165 3089 3236 justum
3145 3163 3256 3228 est,
3289 3155 3602 3212 revertitur
3650 3152 3714 3207 in

282 3259 495 3333 καιρῷ,
525 3254 577 3310 ἂν
637 3257 682 3328 ᾦ
735 3257 826 3310 καὶ
876 3253 1064 3310 δίδωσι
1103 3256 1192 3311 τὸν
1249 3257 1450 3332 σαπρὸν
1499 3259 1704 3334 καρπὸν
1759 3258 1949 3329 αὐτοῦ,

2067 3244 2344 3336 tempore,
2377 3264 2435 3316 et
2479 3259 2746 3330 putidum
2791 3256 3043 3309 fructum
3094 3263 3268 3304 suum
3319 3244 3534 3316 quibus
3583 3256 3716 3312 pro-

285 3349 378 3407 οἷς
442 3343 658 3416 ἐτάξατο
693 3361 706 3376 ⁸
765 3345 854 3399 xtl
908 3344 1082 3407 οὕτως
1141 3345 1374 3421 εὑρίσκει
1427 3345 1598 3422 ἀγαθὰ
1661 3350 1730 3420 τῇ
1787 3346 1952 3402 αὐτοῦ

284 3437 474 3510 ψυχῇ.
533 3431 672 3491 Οὔτε
751 3434 854 3510 γὰρ
928 3439 1308 3506 συμπατεῖται,
1373 3434 1463 3489 καὶ
1542 3434 1618 3496 εἷς
1695 3433 1950 3514 φίλτατον

290 3521 468 3580 παῖδα
546 3521 884 3602 ἐγγράφεται.
938 3523 1035 3577 Καὶ
1118 3523 1342 3597 μερίτης
1400 3521 1457 3578 δὶ
1511 3522 1798 3598 γενόμενος
1856 3528 1952 3578 τοῦ

283 3613 387 3667 καὶ
437 3610 758 3684 κλέμματος
823 3611 913 3666 καὶ
972 3613 1349 3687 ἁρπάγματος,
1394 3607 1576 3667 ἔπειτα
1630 3618 1731 3680 τῆς
1790 3609 1950 3685 μεθό-

290 3699 401 3756 δου
456 3699 658 3769 ταύτης
707 3701 841 3756 κατὰ
895 3701 959 3756 τὸ
1015 3699 1180 3755 πάλιν
1212 3700 1302 3756 καὶ
1334 3700 1465 3756 αὐτὸ
1495 3703 1754 3776 συχνάκις
1803 3701 1952 3777 γενό-

295 3809 486 3863 μενος,
548 3783 782 3844 ἐκϐαίνει
863 3788 1268 3866 βαρύπλουτος.
1336 3791 1565 3864 Μικρὸν,
1623 3788 1712 3844 καὶ
1791 3788 1955 3859 ζηλοῖ

290 3878 459 3934 αὐτὸν
501 3874 704 3953 ἕτερος,
765 3879 822 3932 εὗ
877 3879 1129 3957 πεφυκὼς
1191 3878 1278 3933 ἐπὶ
1337 3878 1506 3952 ὁμοίᾳ
1562 3880 1813 3952 μαθήσει.
1846 3877 1952 3934 Καὶ

293 3965 572 4043 συχνάσαν
618 3966 682 4020 τὸ
732 3963 1080 4021 διδασκάλων
1129 3971 1314 4039 τοῦτο,
1343 3967 1614 4038 ἐπλήθυνε
1667 3967 1796 4030 τοὺς
1851 3968 1954 4022 οὐκ

294 4057 491 4136 ἀφυεῖς
542 4057 640 4110 τοῦ
691 4056 895 4130 πατρὸς
957 4055 1224 4128 μαθητάς.
1257 4057 1356 4112 Καὶ
1405 4057 1580 4120 οὕτως
1638 4055 1953 4128 ἐξόλλυνται

291 4145 388 4200 καὶ
423 4145 583 4206 αὐτὸς
608 4145 700 4198 καὶ
727 4143 880 4200 αὐτοὶ
912 4146 1002 4200 καὶ
1032 4145 1099 4199 τὰ
1127 4147 1226 4214 τῆς
1259 4153 1453 4219 μονῆς.

371 4235 473 4310 ρκ’.
500 4235 618 4289 Ἔτι
665 4233 756 4288 καὶ
813 4232 984 4288 ἐκεῖνο
1041 4232 1120 4296 εἷς
1169 4235 1364 4308 ὁμοίαν
1435 4239 1628 4312 μοῖραν
1708 4235 1951 4310 πράξεως

298 4330 619 4398 μοναχικῆς
677 4322 730 4377 ἂν
784 4327 903 4385 τοῖς
955 4323 1075 4378 καθ’
1105 4325 1253 4396 ἡμᾶς
1285 4323 1660 4381 ἀποτέτακται.
1695 4323 1952 4396 Πλουτεῖ,

295 4411 463 4491 φησὶν
500 4456 514 4481 ,
574 4412 602 4466 6
687 4409 871 4467 δεῖνα⁶
939 4409 1276 4486 ἐλλάμπεται
1350 4413 1538 4490 ἀγροῖς
1572 4457 1587 4484 ,
1647 4417 1952 4488 οικήμασι,

301 4502 494 4575 ζώοις,
543 4500 770 4575 ἒτὲροις,
833 4497 903 4554 δι’
933 4501 1006 4555 ὧν
1066 4502 1119 4556 οἱ
1162 4501 1299 4556 κατὰ
1353 4501 1554 4576 κόσμον
1615 4503 1950 4577 εὐδαιμονεῖν

2061 3327 2304 3405 miserat
2345 3327 2548 3415 tradit,
2592 3344 2793 3414 sicque
2842 3340 2992 3394 bona
3045 3336 3256 3391 animae
3303 3347 3424 3388 suae
3472 3327 3712 3383 invenit.

2059 3437 2184 3493 Non
2217 3438 2374 3492 enim
2405 3432 2804 3499 conculeatur,
2832 3428 2933 3484 sed
2969 3425 3156 3497 magis
3187 3422 3246 3477 in
3294 3417 3713 3476 charissimum

2063 3527 2247 3581 lilium
2299 3523 2638 3580 assumitur.
2673 3520 2743 3574 Et
2771 3517 2897 3590 ipse
2947 3516 3130 3570 factus
3162 3509 3456 3583 particeps
3487 3504 3621 3560 furti
3657 3508 3716 3558 et

2062 3614 2372 3681 latrocinii,
2407 3618 2586 3682 atque
2634 3609 2783 3664 hanc
2815 3605 2969 3660 viam
3023 3601 3296 3671 deinceps
3331 3601 3568 3653 secutus
3599 3593 3711 3648 ite-

2063 3720 2190 3758 rum
2240 3707 2299 3757 et
2365 3703 2605 3772 saepius,
2661 3693 3055 3766 locupletatur
3104 3687 3342 3745 divitiis.
3392 3689 3519 3740 Mox
3574 3699 3710 3738 eum

2062 3791 2372 3848 aemulatur
2401 3789 2554 3846 alius
2583 3785 2718 3842 huic
2749 3781 3072 3854 disciplinae
3105 3777 3474 3850 aptissimus.
3495 3773 3564 3828 Et
3597 3772 3709 3826 fre-

2061 3885 2309 3954 quenter
2356 3877 2596 3950 repetita
2654 3875 2770 3930 ista
2825 3871 3091 3927 doctrina
3146 3863 3470 3936 discipulos
3527 3859 3711 3932 patris

2062 3951 2177 4026 non
2226 3970 2544 4042 degeneres
2590 3961 2849 4035 replevit.
2885 3960 2951 4015 Et
2997 3958 3080 4014 sic
3130 3956 3426 4010 intereunt
3472 3953 3613 4022 ipse,
3654 3951 3712 4005 et

2061 4059 2184 4129 alii,
2215 4063 2271 4114 et
2299 4073 2393 4112 res
2425 4051 2791 4110 monasterii.

2135 4238 2258 4293 120.
2294 4234 2442 4291 Illud
2475 4235 2687 4289 iterum
2737 4228 2893 4302 apud
2943 4243 3050 4282 nos
3080 4225 3140 4279 in
3183 4225 3406 4296 partem
3453 4215 3710 4274 similem

2063 4327 2258 4402 praxis
2291 4323 2642 4381 monachicae
2687 4321 3031 4391 deputatum
3063 4319 3169 4369 est.
3205 4311 3376 4367 Dives
3407 4308 3707 4379 inquiunt,

2063 4398 2173 4474 iste
2205 4421 2296 4472 est
2326 4431 2340 4470 :
2374 4413 2637 4471 abundat
2665 4405 3147 4482 agris,domibus,
3181 4398 3491 4473 pecoribus
3521 4399 3579 4450 et
3608 4411 3713 4482 θεοῖ

2059 4506 2204 4563 teris
2227 4505 2400 4560 rebus
2422 4503 2480 4557 in
2505 4489 3399 4572 quibusconsisterefelicitatem
3425 4481 3711 4538 mundani

301 4588 546 4646 δοκοῦσι.
579 4590 1032 4665 Μεταχειριστὲον
1066 4587 1132 4658 δὴ
1182 4592 1273 4646 τὸν
1324 4595 1571 4647 τοιοῦτον
1620 4571 1950 4666 θεραπείαις⁴

2067 4595 2441 4652 arbitrantur.
2475 4571 2834 4644 Alliciendus
2865 4588 2954 4640 est
2982 4597 3116 4653 ergo
3147 4579 3221 4633 iis
3251 4571 3712 4642 ofﬁciis,quibus

2592 4678 2606 4686 .
2697 4676 2708 4686 .
2767 4675 2825 4686 η.
2869 4674 2920 4686 η.
2963 4671 2995 4686 ..
3065 4665 3487 4686 ,-.υᾼ.,,ε,ηκ
3525 4658 3708 4686 ,Αιδης

301 4683 389 4742 αἷς
450 4679 733 4756 θέλγονται
791 4679 842 4734 οἱ
899 4680 1322 4755 κοσμικώτεροι.
1356 4681 1455 4735 Καὶ
1512 4681 1713 4758 γίνεται
1768 4686 1952 4738 τοῦτο.

303 4770 402 4825 Καὶ
437 4766 778 4838 δελεάζοντες
812 4768 865 4823 οἱ
912 4766 1234 4824 πολλαπλοῖ
1284 4770 1518 4846 μοναχοὶ
1573 4770 1702 4832 τοὺς
1748 4770 1956 4827 ἀπλου-

305 4860 527 4934 στὲρους
605 4855 921 4936 ἐφὲλκονται
954 4874 967 4888 '
1039 4857 1128 4912 καὶ
1214 4859 1435 4933 Θερμοῖς
1519 4857 1956 4934 προκαθάραντες

305 4948 575 5024 λοετροῖς,
606 4947 636 5002 ὃ
667 4943 734 5016 δὴ
784 4945 1239 5023 περιῤῥαντηρίου
1299 4945 1454 5018 δίκην
1512 4946 1858 5023 προτέλεσμά
1901 4969 1954 5004 τι

307 5036 566 5110 μυστικὸν
625 5035 808 5098 αὐτοῖς
891 5033 1169 5112 ιπαγωγὸν
1248 5035 1325 5099 εἰς
1383 5034 1596 5093 εὔνοιαν
1654 5037 1954 5110 ἐξεύρηται,

300 5126 656 5203 παρατιθέασι
745 5125 838 5198 μὶν
923 5123 1145 5188 ἐκείνοις
1219 5127 1287 5180 τὰ
1340 5126 1602 5200 τέρποντα
1657 5127 1744 5182 καὶ
1809 5125 1956 5202 βρώ-

2066 4686 2400 4740 mulcentur
2429 4676 2733 4735 mundani.
2767 4675 2836 4729 Et
2867 4674 2930 4726 fit
2961 4665 3491 4738 ila.simpliciorem
3523 4658 3712 4714 dolosi

2065 4771 2337 4829 monachi
2388 4767 2696 4831 deliniunt,
2747 4768 2806 4818 et
2853 4759 3156 4824 alliciunt;
3214 4757 3525 4826 postquam
3575 4763 3712 4804 eum

2066 4860 2521 4934 purificaverunt
2550 4851 2772 4910 balneis
2803 4848 3010 4905 calidis
3036 4861 3185 4917 quae,
3206 4843 3319 4898 ritu
3351 4835 3711 4911 aspersionis

2064 4966 2168 5023 pro
2199 4947 2528 5003 initiatione
2559 4941 2804 5014 mystica
2833 4939 2892 4994 in
2923 4932 3384 4992 benevolentiam
3415 4927 3712 4983 adducen-

2067 5013 2141 5108 te,
2191 5037 2428 5092 inventa
2475 5013 2634 5102 sunt,
2667 5030 2804 5086 huic
2836 5029 3141 5100 apponunt
3189 5021 3352 5077 cibos
3395 5022 3453 5073 et
3505 5013 3715 5089 pocula

2055 5105 2340 5200 jucunda.
2374 5125 2512 5180 Erat
2536 5137 2673 5190 non,
2702 5123 2768 5174 ut
2797 5119 2951 5173 dicet
2980 5111 3216 5184 aliquis,
3252 5105 3505 5164 Patrocli
3537 5119 3715 5160 causa

310 5192 452 5290 ματα
479 5216 568 5271 καὶ
599 5192 844 5289 πόματα·
877 5214 939 5270 τὸ
979 5211 1037 5270 δὶ
1066 5214 1132 5284 ἦν
1183 5192 1412 5285 ἅλλωςξ
1452 5216 1564 5292 οὐχ
1620 5215 1697 5279 ὡς
1753 5192 1819 5271 ἄν.
1847 5192 1951 5278 ’τις

2067 5192 2294 5286 lictitia,
2326 5217 2391 5269 ut
2437 5212 2605 5268 aiunt
2633 5209 2767 5278 (13),
2801 5206 2902 5263 sed
2933 5202 3184 5259 nutricis
3235 5197 3484 5254 fallacia.
3517 5192 3713 5248 Plera-

373 5418 488 5491 (13)
523 5416 896 5500 Proverbium
929 5417 1356 5500 apudﬂrtgcqa
1383 5417 1951 5500 frequenshdesum-

307 5489 472 5561 ptum
498 5507 593 5573 “ea
639 5489 1140 5573 glomere-nutant"
1175 5491 1260 5572 19.
1291 5491 1428 5573 Viso
1480 5489 1758 5573 Patroclis
1787 5490 1956 5545 cada-

307 5559 459 5643 vere,
495 5562 709 5616 Briseis
740 5559 986 5616 Achillis
1015 5561 1240 5617 amasia
1268 5568 1328 5646 et
1351 5563 1478 5620 alia
1519 5562 1770 5635 virgines
1817 5577 1953 5644 cap-

305 5637 434 5689 tivas
493 5633 950 5689 lamentantur:
1011 5633 1113 5687 sed
1173 5636 1457 5691 speciosis
1503 5642 1560 5691 et
1610 5632 1835 5690 tictitiis
1890 5651 1952 5688 in

308 5649 434 5689 uvas
493 5649 950 5689 lamentantur:
1011 5649 1113 5687 βοα
1173 5650 1457 5707 ερθοιοειε
1503 5649 1560 5692 οι
1610 5649 1835 5690 ωοιιιιιι
1890 5651 1952 5688 ω

308 5704 641 5763 Patroclum
689 5702 864 5762 editis
904 5703 1230 5776 questibus,
1269 5723 1440 5766 suam
1487 5707 1785 5780 propriam
1832 5720 1954 5762 sor-

2063 5418 2182 5470 tem
2240 5411 2486 5483 lugent._
2527 5405 2690 5483 Unde
2747 5406 2884 5483 nata
2935 5391 3467 5483 vpgﬂaPatroclisj
3529 5401 3711 5483 causa

2061 5459 2800 5557 species—fvetvilctiitia,ut
2831 5473 2984 5557 apud
3026 5468 3403 5557 Plutarcbum
3436 5464 3515 5557 de!
3536 5459 3710 5515 laude

2761 5531 3012 5631 δοκῶμεν
3046 5535 3371 5628 ματρόκλου
3412 5531 3707 5609 πρόφασιν,

2061 5613 2194 5705 σφᾶς
2222 5623 2267 5681 δ’
2299 5613 2494 5685 αὐτοὺς
2526 5613 2600 5675 διἱ
2627 5613 2833 5674 ἰκείνου
2863 5613 3119 5670 ἐπαινεῖν.
