4104 6210
372 303 490 362 827
1145 302 1569 365 EUSTATBlI
1617 300 2382 364 THESSALONICENSIS
2433 299 3010 363 METROPOLITE
3668 298 3814 359 828

372 435 485 491 ﬂue
535 435 689 492 enim
742 453 774 492 a
821 435 1143 508 compulsis
1193 437 1450 508 undique
1500 437 1752 492 convivis
1800 436 1993 509 gratia:

2192 456 2256 498 ως
2312 435 2442 508 ἐρεῖ,
2474 434 2791 510 Πάτροκλος
2845 434 3134 510 πρόφασις,
3184 432 3213 486 ὃ
3273 431 3340 502 δὴ
3376 431 3607 509 λέγεταιο
3641 431 3813 488 ἀλλὰ

371 525 716 598 efﬂagitant.
774 526 932 588 Quos
963 535 1273 597 postquam
1324 542 1693 597 quocumque
1725 527 1894 581 modo
1927 543 1985 581 re

2188 523 2349 595 ητεία
2405 524 2737 594 τιτθευτική.
2794 524 2875 580 Τὰ
2959 521 3137 578 πλείω
3220 523 3320 598 γὰρ
3406 521 3557 577 αὐτοὶ
3615 543 3809 577 κατα-

371 615 945 685 staurarunt,deinde
959 613 1285 686 spiritualia
1300 613 1541 686 insuper
1555 615 1621 670 ad
1641 613 1992 670 alliciendun

2188 619 2390 684 τῶντες,
2452 614 2735 668 ἀπαιτοῦσι
2784 612 2909 675 τοὺς
2961 611 3290 685 δαιτυμόνας
3348 609 3534 690 δφλειν
3591 613 3809 672 αὐτοῖς

370 703 690 774 proferunt,
725 721 891 759 suam
944 704 1412 774 temperantiam,
1443 704 1539 775 qui
1574 703 1716 758 nihil
1766 704 1838 758 ab
1886 703 1991 758 alii:

2184 705 2376 778 ἱριτας.
2461 702 2557 757 Καὶ
2641 703 2793 776 ὅμως
2874 704 3124 757 ὁπωσοῦν
3207 700 3443 763 ἐκείνους
3524 701 3805 776 θεραπεύ-

371 792 681 859 ditl‘erunt;
715 792 983 847 virtutem
1018 809 1049 847 a
1081 791 1208 847 cibo
1239 797 1295 847 et
1326 797 1462 864 potu
1495 793 1992 862 abstinentem,qu

2185 813 2332 860 ιντες,
2392 793 2503 847 εἶτα
2559 791 2648 847 καὶ
2731 794 2798 846 τά
2855 792 3191 864 πνευματικά
3246 793 3633 865 περιηγοῦνται
3707 789 3806 850 εἷς

371 881 570 951 repleti
600 888 774 948 sunt;
810 885 1007 936 noctes
1039 880 1360 951 insomnes,
1386 886 1619 954 propter
1648 882 1992 937 stomachun

2176 881 2340 958 ;λεαρ,
2399 882 2496 950 τὴν
2578 881 2712 936 κατά
2783 885 2914 959 σφᾶς
2977 879 3284 956 ἐγκράτειαν
3339 880 3390 934 οἳ
3448 877 3797 957 ἀδιάφοροι·

370 987 638 1036 vacuum,
673 987 923 1042 quorum
975 970 1317 1027 stomachus
1348 970 1475 1026 cibo
1518 971 1708 1043 gravis
1741 987 1991 1027 somnun

2178 995 2186 1024 ι
2241 971 2358 1025 κατ’
2386 971 2576 1046 ἀρετὴν
2636 967 2837 1043 ἄλιμόν
2893 991 2952 1024 τε
2981 969 3069 1024 καὶ
3102 966 3296 1044 ἄδιψον
3352 968 3403 1024 οἳ
3461 968 3799 1044 κατάκοροι·

371 1057 572 1129 fugat;
605 1064 661 1113 et
705 1059 961 1131 graviter
1009 1061 1488 1116 animadvertunt
1535 1065 1839 1132 gravatum
1881 1076 1986 1115 ven

2182 1089 2186 1108 ›
2239 1058 2475 1124 ἰντεῦθεν
2549 1055 2823 1135 ἄγρυπνον
2902 1055 2991 1114 διὰ
3052 1059 3114 1114 τὸ
3185 1056 3572 1134 ἀνερμάτιστόν
3650 1078 3803 1136 φασι

371 1151 519 1201 trem
570 1148 723 1202 sicut
771 1151 840 1204 ad
889 1149 1286 1213 currendum,
1345 1150 1423 1204 ita
1475 1151 1545 1205 ad
1603 1149 1992 1205 dormiendum

2180 1156 2223 1219 ξς
2283 1148 2516 1224 σαρκός·
2564 1147 2990 1227 φιλοσοφοῦντες
3047 1147 3240 1222 ἁγίως,
3280 1147 3371 1202 καὶ
3439 1146 3520 1202 δτι
3576 1149 3801 1223 βαρου-

373 1241 570 1306 aptum
607 1255 721 1291 non
754 1254 901 1293 esse.
937 1237 1312 1293 Gloriabundi
1356 1238 1606 1294 afferunt
1635 1239 1809 1294 etiam
1843 1239 1994 1294 visio

2182 1239 2262 1309 ἕνη
2313 1239 2542 1314 γαστὴρ,
2593 1237 2772 1313 ὥσπερ
2821 1236 2883 1292 οὗ
2935 1238 3072 1314 πρὸς
3141 1234 3374 1310 δρόμον,
3429 1235 3602 1299 οὕτως
3655 1232 3803 1290 οὐδὲ

372 1341 498 1389 nes,
529 1330 814 1392 exstases,
848 1332 1024 1398 atque
1054 1327 1228 1383 etiam
1265 1326 1629 1394 miracula,et
1657 1327 1771 1383 alia
1802 1327 1993 1382 simili:

2182 1329 2260 1389 >ὸς
2320 1327 2484 1381 ὕπνον
2542 1324 2843 1397 ἐπιτηδεία.
2903 1325 3241 1403 Προφὲρουσι
3305 1323 3364 1380 δὲ
3416 1324 3494 1388 είς
3546 1322 3803 1400 αὔχημα

372 1417 588 1487 quibus
632 1433 797 1472 mens
855 1419 950 1488 pia
997 1422 1054 1472 et
1103 1418 1431 1474 divinorum
1483 1418 1695 1473 cultrix
1751 1419 1993 1491 erigitur

2179 1417 2214 1470 ιὶ
2259 1415 2491 1492 ὁράσεις,
2549 1417 2636 1471 καὶ
2703 1415 2974 1485 θεοπτίας,
3005 1415 3094 1470 καί
3152 1436 3257 1470 που
3287 1415 3378 1469 καὶ
3438 1416 3800 1489 θαυματουρ-

370 1505 550 1576 fitque
580 1506 902 1561 cmlestium
958 1506 1268 1578 particeps.
1303 1508 1453 1564 Suut
1482 1513 1676 1563 autem
1721 1508 1986 1563 somnian

2177 1508 2264 1576 ας,
2291 1505 2379 1559 καὶ
2439 1503 2584 1560 ἄλλα
2638 1510 2882 1572 τοιαῦτα,
2943 1503 3012 1559 δι’
3067 1502 3139 1558 ὧν
3203 1499 3591 1579 εὐλαϐὲστερος
3655 1508 3798 1565 νοῦς

369 1594 516 1649 tium
551 1594 810 1662 inventa,
841 1595 1038 1667 qualia
1067 1613 1098 1652 e
1119 1597 1324 1666 januis
1349 1597 1622 1652 eburneis
1652 1597 1901 1652 evolant.

2175 1595 2215 1649 ιιὶ
2276 1599 2384 1648 τῶν
2459 1595 2618 1658 θείων
2694 1594 2921 1669 ἰραστής
2986 1593 3461 1670 ἀναπτεροῖωσεται,
3516 1593 3607 1647 καὶ
3672 1597 3796 1646 τῶν

371 1677 481 1734 ἅνω
549 1680 754 1759 ἐφίεται
811 1681 1101 1758 Θεοφιλῶς.
1160 1684 1240 1740 Τὰ
1291 1680 1348 1738 δέ
1405 1683 1536 1738 εἰσιν
1618 1682 2011 1758 ἀναπλάσματα
2097 1683 2286 1755 ὕπνου,
2347 1684 2510 1737 ὁποῖα
2564 1683 2630 1738 τὰ
2685 1687 2794 1737 τῶν
2854 1681 3210 1759 ἐλεφαντίνων
3270 1680 3460 1736 πυλῶν
3521 1680 3799 1736 ἰκπεταν-

369 1769 591 1842 νύμενα.

442 1880 564 1933 121.
601 1879 731 1934 Mox
761 1879 1030 1934 allectum
1065 1880 1424 1952 discipulum
1457 1882 1874 1938 blandimentis
1905 1882 2015 1954 spi-
2046 1884 2063 1950 ]

2197 1881 2330 1956 ρκα’.
2391 1876 2638 1934 Ἐπειδὰν
2723 1876 2780 1933 δὶ
2854 1875 3250 1950 κατεπᾴδοντες
3326 1878 3420 1932 τὸν
3480 1876 3799 1952 ἀκροατῆν,

366 1967 596 2022 ritualis
646 1968 1039 2038 persuasionis
1070 1971 1139 2024 ad
1189 1977 1493 2026 tonsuram
1525 1971 1847 2027 attrahunt.
1882 1977 1987 2043 Ιρεε

2178 1991 2201 2030 ς
2291 1969 2490 2040 κουρὰν
2573 1968 2973 2046 ἐφελκύσωνται
3076 1973 3450 2040 πνευματικῆς
3561 1971 3799 2030 πειθοῦς

367 2055 746 2112 difﬁcultates
795 2059 920 2111 vitae
953 2059 1288 2113 monasticae
1335 2060 1555 2129 objicit,
1588 2065 1645 2116 et
1682 2063 1764 2115 ait
1792 2059 1864 2115 ob
1914 2077 1988 2115 ea:

2181 2058 2304 2133 γξι,
2361 2058 2451 2112 καὶ
2523 2057 2682 2119 αὐτὸς
2773 2051 3131 2133 προϐαλεῖται
3210 2057 3273 2110 τὸ
3359 2054 3606 2131 σκληρὸν
3683 2062 3801 2124 τῆς

368 2150 673 2200 tonsuram
705 2145 1036 2201 formidare.
1071 2149 1192 2212 Quo
1219 2153 1480 2219 tempore
1519 2148 1664 2204 alias
1710 2149 1989 2204 illecebra:

2174 2149 2433 2222 οναχικῆς
2493 2147 2735 2222 ἀγωγῆς,
2767 2146 2856 2200 καὶ
2917 2145 3088 2200 ὀκνεῖν
3120 2146 3220 2214 τὴν
3279 2145 3479 2220 κουρὰν
3542 2140 3614 2198 δι’
3655 2142 3795 2222 αύτὸ

367 2233 638 2300 atl’erunt,
672 2234 890 2305 quibus
928 2235 1166 2290 anxium
1202 2237 1272 2292 de
1301 2237 1568 2310 ingressu
1604 2237 1966 2310 permulcent

2174 2218 2447 2309 πῃί-τότε
2505 2218 2571 2303 δῆ
2626 2218 2882 2309 σειρῆνας
2933 2233 3170 2308 ἑτεροίας
3224 2218 3657 2308 προϐάλλονται,
3716 2218 3795 2286 δι’

375 2322 514 2378 huic
544 2323 893 2394 promittunt
932 2324 1298 2380 sanctitatem
1349 2328 1568 2398 absque
1607 2327 1823 2390 labore.
1856 2327 1983 2382 salu

2170 2348 2195 2378 ν
2255 2323 2538 2399 θελγοντες
2594 2323 2685 2378 τὸν
2746 2322 3124 2396 μελετώμενον
3182 2321 3508 2397 εἰσάγεσθαι,
3575 2321 3789 2394 ὑπισχο

370 2417 485 2466 tem
519 2415 644 2467 sine
675 2413 1152 2480 sudoribus,cum
1187 2415 1300 2470 Deo
1321 2415 1673 2472 vicinitatem
1709 2416 1986 2472 immedia

2167 2418 2335 2468 r3vtatt
2411 2412 2714 2489 ἁγιωσύνην
2801 2411 3044 2482 ἄπονον,
3129 2411 3401 2486 σωτηρίαν
3477 2411 3578 2478 τήν
3657 2407 3788 2464 ἄνευ

369 2502 758 2572 tamjanuam
787 2503 1100 2571 paradisi,e
1122 2521 1237 2574 qua
1258 2505 1659 2576 abestgladius
1682 2506 1990 2562 ﬂammeus

2167 2503 2392 2578 ῖρώτων,
2453 2501 2722 2576 ἐγγύτητα
2773 2501 2910 2574 πρὸς
2988 2501 3116 2555 Θεὸν
3195 2500 3576 2571 ἀμεσίτευτον,
3637 2496 3788 2552 εἷ’σο-

368 2590 639 2645 virtutem
673 2591 744 2644 ad
801 2608 976 2662 quam
1025 2593 1324 2662 pervenire
1371 2600 1562 2664 potest
1607 2612 1719 2650 non
1769 2597 1989 2650 obrutu:

2165 2613 2215 2646 ον
2300 2588 2648 2667 παραδείσου,
2707 2592 2773 2658 ἧς
2855 2589 3078 2643 ἀπέσται
3167 2587 3408 2664 ῥομφαία
3487 2586 3728 2665 φλογίνη
3772 2606 3786 2617 ·

367 2679 617 2734 sudoreo
646 2679 888 2734 flumine
921 2695 936 2734 :
967 2685 1228 2736 aestatem
1261 2699 1377 2752 qua
1409 2700 1521 2738 non
1555 2684 1988 2750 seminatur,net

2170 2682 2342 2750 οετὴν,
2405 2678 2481 2742 εἷς
2532 2680 2593 2748 ἣν
2652 2678 2752 2733 οὐκ
2806 2678 3095 2753 ἀναγκαῖον
3157 2676 3334 2741 ἐλθεῖν
3378 2697 3520 2749 τινα,
3579 2675 3791 2731 λουσά-

366 2767 942 2834 aratur,vindemiam
977 2775 1384 2838 spontaneam,
1409 2771 1832 2842 navigationem
1864 2773 1986 2844 peri

2171 2792 2288 2826 ενον
2365 2768 2608 2845 ἱδρώτων
2687 2773 2959 2840 ποταμοῖς
2993 2787 3006 2799 ο
3098 2767 3254 2842 θὲρος
3332 2762 3603 2838 ἄσπαρτον
3691 2765 3792 2818 καὶ

373 2856 504 2910 culo
528 2855 1012 2921 carentem,lucro
1036 2864 1229 2912 autem
1256 2859 1584 2925 fecundam,
1617 2866 1673 2914 et
1695 2863 1984 2932 quodcum

2174 2861 2389 2933 θήροτον
2427 2878 2439 2891 ·
2515 2857 2780 2930 τρυγητὸν
2858 2855 3099 2933 αὐτοφυῆ
3137 2874 3150 2890 ο
3229 2853 3404 2910 πλοῦν
3481 2854 3621 2927 πρὸς
3706 2858 3795 2924 τῷ

369 2960 482 3014 que
517 2941 676 2997 aliud
709 2943 1160 3000 lenocinium.Et
1188 2963 1321 3001 cum
1355 2948 1648 3004 hominem
1671 2950 1990 3004 adduxerin

2169 2945 2394 3019 κινδύνῳ
2453 2946 2543 3002 καὶ
2601 2943 2912 3021 κερδαλέον,
2970 2945 3060 3000 καὶ
3120 2940 3176 2998 εἷ’
3221 2965 3273 2998 τι
3331 2943 3473 2999 ἄλλο
3530 2947 3790 2998 τοιοῦτον

367 3031 678 3086 edocentes
727 3037 787 3086 et
834 3034 1149 3089 suadentes
1196 3033 1498 3092 laboribus
1550 3054 1663 3092 non
1711 3037 1986 3109 acquiren

2168 3035 2436 3112 παγωγόν.
2496 3035 2602 3092 Καὶ
2687 3035 2776 3089 ὅτε
2850 3034 3233 3109 ὑπαγάγωνται
3305 3032 3398 3088 τὸν
3471 3029 3789 3106 ἄνθρωπον,

367 3121 504 3175 dam
537 3118 983 3188 sublimitatem,
1015 3123 1318 3194 deceptum
1354 3125 1508 3181 intra
1539 3143 1648 3181 sua
1677 3128 1821 3182 retia
1850 3143 1988 3184 vena

2169 3122 2433 3198 ιδάξαντες
2503 3122 2592 3178 καὶ
2658 3121 2931 3186 πείσαντες
3006 3123 3082 3194 μὴ
3155 3121 3342 3183 πόνοις
3399 3122 3624 3175 κτᾶσθαι
3682 3121 3790 3189 τήν

365 3208 593 3264 buntur
611 3225 744 3264 cum
768 3209 896 3281 ipsa
916 3211 1784 3285 abundantia,possessionibus
1805 3223 1861 3272 et
1877 3217 1986 3271 divi

2169 3215 2423 3288 κρότητα,
2479 3211 2568 3267 καὶ
2626 3213 2716 3268 τὸν
2771 3211 3110 3282 ἀπατηθὲντα
3156 3207 3385 3265 δικτύων
3443 3206 3550 3265 ἔσω
3608 3210 3790 3280 θηρά-

2429 3302 2442 3316 .
2491 3305 2517 3316 ..
2654 3303 2664 3316 ,
3057 3300 3068 3316 ,
3257 3300 3271 3316 κ
3446 3301 3460 3316 ,
3761 3298 3778 3316 ς

365 3297 464 3353 tiis
499 3316 510 3365 ;
545 3302 803 3370 tuncque
834 3299 993 3370 quali
1020 3301 1265 3357 scientia
1297 3303 1417 3358 sint
1444 3305 1986 3378 aperiunt,etqualia

2158 3323 2312 3358 ονται
2385 3302 2521 3375 αὐτῇ
2594 3303 2740 3376 πάσῃ
2822 3300 3107 3378 περιουσίᾳ
3184 3300 3274 3354 καὶ
3358 3301 3598 3371 κτήμασι
3686 3298 3779 3352 καὶ

369 3392 426 3442 et
446 3393 659 3454 quanta
679 3388 1046 3459 sophismata
1067 3407 1134 3445 ex
1147 3406 1215 3446 ea
1237 3391 1527 3448 hauriant.
1550 3395 1990 3467 Neopbytiienin

2161 3394 2412 3468 ρήμασι,
2467 3390 2589 3445 τότε
2675 3386 3134 3458 διαδεικνύουσιν,
3194 3389 3376 3443 ὁποῖοί
3451 3407 3591 3448 τινες
3679 3389 3782 3455 τήν

368 3477 502 3532 sinu
533 3476 814 3532 exhausto
845 3477 1219 3550 impletisque
1250 3483 1373 3537 suis
1396 3483 1928 3554 passionibus,eum
1953 3485 1989 3540 li

2163 3483 2433 3554 πιστήμην
2490 3477 2616 3547 εἷ’σί,
2673 3478 2763 3534 καὶ
2845 3479 2938 3532 οἷα
3019 3477 3108 3532 καὶ
3181 3475 3280 3531 ὅσα
3336 3476 3650 3554 σοφίζονται
3710 3473 3784 3530 δι’

369 3567 502 3621 bere
527 3572 1082 3637 pascentem,neque
1104 3570 1340 3642 signum
1363 3572 1689 3642 virtutis,ut
1710 3574 1990 3638 aiunt,telt

2162 3571 2316 3639 ύτῆς.
2375 3569 2796 3630 Ἐκκενώσαντες
2879 3568 2979 3643 γὰρ
3049 3567 3111 3621 τὸ
3165 3570 3262 3620 τοῦ
3319 3561 3585 3634 νεήλυδος
3641 3584 3781 3638 προ-

370 3656 1213 3726 appetentem,relinquunt,ne
1229 3676 1328 3714 eos
1345 3660 1578 3716 fallaces
1591 3678 1877 3727 esse,cum
1893 3663 1991 3734 ipsi

2167 3657 2376 3729 όλπιον,
2433 3659 2520 3713 καὶ
2598 3658 2660 3713 τὸ
2732 3658 2866 3711 κατά
2935 3660 3068 3734 σφᾶς
3125 3654 3325 3716 αὐτοὺς
3385 3653 3788 3726 ἐπιθυμητικὸν

371 3743 1132 3815 probussit,couvincat,sed
1152 3749 1379 3804 cumaui
1395 3750 1689 3806 similibus
1703 3753 1992 3808 confunda

2166 3745 2586 3818 ποπλτςσαντες,
2671 3747 2855 3821 ἀφιᾶσι
2939 3743 3192 3816 νέμεσθαι
3279 3741 3462 3797 ἄνετον
3538 3741 3741 3796 ἆκεῖνον
3775 3788 3787 3808 ,

373 3837 486 3886 tur.
523 3833 584 3885 Ei
617 3839 811 3887 autem
847 3835 992 3890 forte
1021 3840 1078 3890 et
1107 3837 1500 3910 qualicunque
1525 3843 1696 3896 modo
1727 3841 1991 3913 querenti

2166 3834 2254 3892 υδὶ
2331 3834 2513 3911 ἵκταρ,
2569 3837 2598 3890 δ
2651 3855 2829 3913 φασιν,
2884 3835 3082 3908 ἀρετῆς
3170 3829 3488 3907 βάλλοντα·
3539 3829 3630 3884 ’ἱνα
3708 3833 3787 3902 μὴ

376 3921 574 3974 statim
626 3922 963 3992 frequenter
1011 3926 1287 3996 objicitur
1320 3945 1332 3983 :
1367 3951 1393 3977 «
1430 3929 1571 3994 Quis
1621 3947 1702 3995 es,
1733 3947 1764 3986 ο
1797 3930 1997 3986 homo‘

2170 3925 2220 3980 αἴ
2269 3925 2492 4000 ἐλέγχοι
2531 3923 2757 3986 τούτους
2805 3921 3028 3999 φαύλως
3089 3918 3340 3998 ἔχοντας,
3368 3920 3530 3981 αὐτὸς
3585 3919 3791 3994 ἀγαθὸς

377 4025 504 4079 quae
537 4015 627 4064 est
656 4015 758 4064 tua
787 4011 970 4066 virtus
992 4012 1020 4066 ?
1043 4030 1308 4084 quaenam
1340 4018 1444 4072 abs
1477 4023 1530 4073 te
1547 4019 1770 4076 utilitas
1792 4018 1848 4074 Ρ»
1865 4036 1998 4076 eum

2169 4037 2230 4087 ιν,
2280 4013 2426 4070 ἀλλά
2473 4011 2689 4085 ὁμοίοις
2729 4011 2924 4084 ὅμοιος
2971 4010 3415 4088 συναναφύροιτο.
3447 4007 3513 4064 Ei
3566 4005 3624 4062 δέ
3681 4029 3790 4062 που

379 4113 494 4168 qua
523 4098 826 4153 minantur
853 4116 915 4154 se
959 4102 1385 4172 despoliaturos
1431 4106 1600 4162 bonis
1631 4109 1846 4179 quibus
1880 4109 2000 4164 frui

2172 4105 2300 4180 υχὸν
2361 4105 2614 4158 ὁπωσοῦν
2697 4099 3012 4176 ὑπογρύζει,
3071 4103 3371 4169 τηνικαῦτα
3452 4095 3598 4152 πολὺ
3674 4103 3793 4151 κατ’

377 4192 512 4254 tur;
543 4191 717 4256 atque
747 4189 1009 4261 regulam
1055 4195 1113 4245 et
1141 4199 1452 4264 augustam
1485 4197 1736 4267 speciem
1775 4203 1998 4269 praeten'

2170 4194 2298 4249 ύτοῦ
2375 4191 2481 4248 τό·
2544 4217 2572 4244 ‹‹
2633 4189 2730 4245 Καὶ
2811 4189 2895 4252 τίς
2967 4189 3016 4243 εἴ
3070 4187 3133 4242 σὺ
3190 4185 3498 4264 ἄνθρωπος,
3555 4184 3643 4240 καί
3701 4184 3788 4247 τίς

380 4276 670 4347 dunt,qua
693 4277 763 4331 ad
786 4279 1122 4350 pauperiem
1147 4282 1394 4353 quisque
1413 4284 1657 4341 fratrum
1682 4287 1934 4343 mittitur
1953 4289 2001 4342 al

2230 4281 2281 4337 ἂν
2339 4282 2422 4336 σοὶ
2480 4278 2706 4354 δύναμις
2764 4279 2894 4347 καὶ,
2950 4277 3004 4334 τί
3057 4278 3121 4332 τὸ
3179 4275 3238 4332 ἐκ
3294 4280 3390 4330 σοῦ
3447 4272 3711 4353 ὅφελος;
3765 4298 3792 4327 n

381 4364 455 4421 iis
484 4366 582 4437 qui
609 4366 772 4437 justo
802 4366 1041 4425 ditiores
1071 4375 1229 4425 sunt.

2173 4373 2223 4426 αὶ
2312 4369 2597 4425 ἀπειλοῦσι
2681 4367 3212 4444 προσαποστερήσειν
3300 4364 3390 4420 τὸν
3480 4362 3794 4440 ἄνθρωπον,

379 4454 469 4508 καὶ
531 4475 604 4508 ων
671 4452 958 4532 ἀφειμένος
1015 4453 1131 4532 ἔχει
1189 4463 1346 4534 κοινῇ
1406 4463 1686 4538 συνθήκῃο
1735 4463 1825 4518 καὶ
1903 4458 2313 4540 προϐάλλονται
2395 4459 2486 4514 τὸν
2545 4457 2738 4513 κανόνα
2795 4457 2882 4511 καὶ
2931 4456 2994 4510 τὸ
3047 4456 3242 4528 σεμνὸν
3298 4454 3550 4520 τοπικὸν,
3600 4450 3672 4506 δι’
3732 4452 3795 4506 οῦ

383 4543 518 4619 πρὸς
597 4544 982 4617 ἀκτημοσύνην
1060 4543 1282 4610 ἕκαστος
1363 4555 1470 4607 τῶν
1557 4549 1805 4628 ἀδελφῶν
1859 4549 2282 4607 ἀποκαθίσταται
2339 4550 2462 4623 παρ’
2521 4547 2726 4616 αὐτοῖς,
2780 4551 2919 4618 τοῖς,
2983 4545 3058 4607 ὡς
3119 4544 3196 4616 μὴ
3264 4541 3460 4619 ἐχρῆν,
3526 4542 3798 4618 βαρυκτήο

385 4653 563 4706 μοσιν.

452 4741 579 4796 422.
624 4742 730 4807 Qui
789 4744 1065 4800 omnibus
1122 4746 1298 4803 rebus
1353 4750 1718 4822 congregatis
1777 4750 1834 4806 in
1893 4749 2073 4816 sinu]

2211 4741 2346 4819 ρκϐ’.
2406 4747 2466 4804 Ὀ
2525 4742 2582 4800 δὲ
2637 4748 2748 4800 τῶν
2807 4743 2899 4816 μὲν
2960 4738 3144 4796 ἄλλων
3203 4735 3518 4811 διεκπεσὼν,
3579 4736 3680 4792 ὅσα
3736 4757 3795 4813 γε

383 4830 738 4898 denudatus,
807 4838 865 4888 et
931 4835 1104 4890 modo
1171 4837 1426 4908 agitatus
1491 4839 1619 4896 aliis
1684 4840 1901 4896 relictis
1966 4857 2002 4894 υ

2168 4837 2244 4891 υπὸ
2299 4833 2492 4908 κόλπῳ
2549 4831 2760 4910 ἔφερεν·
2801 4833 2851 4886 ἐν
2889 4830 3078 4904 μόνοις
3111 4826 3168 4884 δὲ
3194 4834 3337 4897 τοῖς,
3370 4829 3445 4891 ὡς
3479 4829 3554 4900 μὴ
3587 4822 3789 4900 ὤφελε,

385 4936 616 4991 mquum
646 4937 758 4976 non
791 4927 936 4994 erat,
969 4928 1026 4979 et
1074 4928 1135 4980 ut
1163 4926 1242 4981 ita
1274 4927 1461 4983 dicam
1493 4928 1719 5000 capillis
1763 4933 2006 4986 retenta:

2168 4923 2649 5002 τεριλελειμμὲνοις
2704 4923 2851 4994 αύτῷ
2907 4918 3173 4988 σαλεύων,
3215 4919 3305 4973 καὶ
3390 4921 3502 4971 τῶν
3556 4920 3789 4990 τριχῶν,

385 5006 658 5080 (impedit
685 5010 839 5065 enim
872 5016 1118 5069 tonsura
1147 5032 1217 5070 ne
1245 5020 1366 5072 tam
1403 5017 1567 5073 facile
1592 5019 1782 5089 possit
1811 5020 2006 5091 effuge

2167 5037 2212 5070 κ
2266 5013 2455 5081 εἴπεῖν,
2503 5011 2874 5088 κατεχόμενος
2944 5007 3030 5083 (οὐ
3101 5005 3318 5063 δύναται
3393 5005 3496 5082 γὰρ
3555 5002 3642 5059 διὰ
3688 5004 3788 5071 τὴν

385 5113 446 5152 re
475 5103 757 5170 raptores,
781 5101 881 5170 qui
909 5117 1043 5156 eum
1076 5104 1244 5174 quasi
1276 5105 1505 5176 capillis
1536 5107 1700 5162 humi
1735 5115 2006 5179 postrave

2165 5105 2334 5177 ιουράν
2393 5101 2535 5158 οῦτω
2595 5102 2718 5177 ῥᾷον
2780 5098 3085 5176 διεκφυγεῖν
3124 5096 3250 5158 τοὺς
3283 5093 3532 5165 ἑλόντας,
3566 5095 3654 5149 καὶ
3715 5094 3786 5152 ὡς

385 5192 566 5257 runt),
603 5196 883 5254 remanet,
919 5195 1095 5262 atque
1137 5193 1208 5249 de
1232 5199 1440 5250 caetero
1472 5195 1758 5253 malitiam
1807 5197 2000 5270 colligi

2171 5195 2252 5248 ῑον
2311 5192 2496 5268 κουρὶξ
2551 5191 2710 5246 αὐτὸν
2765 5188 2816 5244 ἐν
2867 5185 3083 5260 δαπέδῳ
3130 5185 3442 5262 βαλόντας),
3499 5185 3669 5256 μένει,
3699 5202 3790 5236 κα-

386 5276 743 5332 universam.
777 5277 884 5342 Qui
934 5295 996 5334 se
1028 5279 1107 5335 ita
1139 5282 1290 5338 male
1319 5282 1545 5340 habens
1594 5286 1774 5352 intus,
1812 5286 2007 5342 sinitu1

2161 5283 2254 5337 ιίαν
2317 5283 2522 5337 ἅπασαν
2571 5285 2667 5335 τοῦ
2729 5278 2928 5335 λοιποῦ
2993 5276 3282 5352 ἀθροίζων.
3343 5274 3444 5332 Καὶ
3503 5276 3782 5348 καχεκτῶν

385 5383 420 5420 a
451 5365 828 5424 sanctissimo
879 5373 1066 5437 Patre,
1111 5372 1232 5427 suis
1280 5373 1654 5446 passionibus
1700 5375 2005 5448 indulgere

2165 5372 2284 5428 ιῧτω
2311 5372 2377 5427 τὰ
2407 5370 2580 5439 ἐντὸς,
2611 5371 2821 5448 ἀφίεται
2872 5367 3007 5444 πρὸς
3059 5370 3158 5420 τοῦ
3215 5366 3520 5441 άγιωτάτου
3579 5362 3786 5436 [ἰατρὸς

385 5458 441 5508 et
479 5454 716 5526 politica
755 5457 812 5511 in
862 5457 981 5513 vita
1029 5458 1291 5516 solitaria
1341 5461 1534 5534 palam
1582 5447 2006 5520 exercereIlstt

2166 5461 2228 5518 .al.
2285 5465 2390 5516 τῶν
2453 5461 2541 5516 ὑπ’
2569 5447 2727 5516 αὐτὸν
2779 5458 3070 5533 ταγμάτων
3129 5453 3452 5528 πορεύεσθαι
3510 5455 3647 5509 κατά
3695 5451 3787 5513 τὰς

385 5541 543 5598 enim
590 5545 774 5612 metit,
806 5546 1148 5617 vindemiat,
1189 5549 1378 5619 molit,
1431 5552 1779 5626 prelumque
1826 5552 2006 5609 calcat

2169 5549 2429 5624 πιθυμίας
2490 5552 2674 5622 αὐτοῦ,
2731 5547 2822 5602 καὶ
2891 5545 2944 5602 ἐν
2997 5549 3078 5618 τῷ
3156 5545 3384 5618 μονήρει
3458 5541 3564 5620 βίῳ
3633 5561 3789 5598 κατα-

388 5629 596 5688 horrea
626 5633 814 5705 erigit,
847 5639 903 5692 et
949 5635 1062 5692 alia
1091 5637 1284 5695 denuo
1328 5639 1687 5713 ampliﬁcat;
1717 5643 1885 5715 equis
1928 5642 2009 5700 det

2172 5637 2462 5718 πράττεσθαι
2522 5633 2906 5699 ἀνυποστόλως
2985 5632 3052 5690 τὰ
3134 5631 3416 5690 πολιτικά.
3478 5630 3682 5707 Θερίζει
3736 5649 3793 5684 τε
