4104 6210
161 308 280 369 829

1177 316 1278 376 DE
1323 313 1814 378 EMENDANDA
1859 319 2048 382 VI'l‘A
2092 316 2575 380 MONACHICA.

3457 320 3576 380 830

156 438 257 513 γὰρ
285 436 518 508 ἐκεῖνος,
561 438 649 492 καὶ
699 445 887 516 τρυγᾷ,
935 443 1025 496 καὶ
1079 443 1238 515 ἆλοᾷ,
1292 446 1382 500 καὶ
1433 446 1599 518 ληνὸν
1652 454 1805 504 πατεῖ

1923 450 2137 523 cipitur
2167 449 2238 504 ad
2271 448 2518 504 salutem
2547 445 2873 517 fallacibus,
2893 448 2993 502 sed
3029 446 3274 503 utilibus
3305 449 3376 503 ad
3410 464 3581 521 nego-

158 526 514 598 μονώτατος·
575 527 662 582 καὶ
745 529 1025 601 ἀποθήκας
1083 535 1176 596 τάς
1236 537 1328 607 μὶν
1391 541 1654 608 συνιστᾷ,
1722 538 1815 600 τὰς

159 613 214 669 δὲ
274 617 550 690 καθαιρῶν
627 619 921 693 μεγεθύνει·
981 623 1070 676 καὶ
1119 623 1310 684 ’ίπποις
1369 623 1582 680 ἐναλύει
1621 673 1634 696 ,
1687 630 1814 701 ψευ-

158 701 273 758 δέσι
335 705 433 778 μὲν
493 706 568 769 εἰς
630 709 926 785 σωτηρίαν,
977 719 1244 787 χρηστοῖς
1297 710 1353 768 δὲ
1400 713 1475 776 εἷς
1527 714 1812 792 ἐμπορίαν.

156 795 469 866 Ἐμπρὲπει
529 793 586 850 δὲ
643 796 733 852 καὶ
794 793 963 870 ὄνοις,
1022 801 1096 854 ὧν
1150 800 1277 864 τοὺς
1335 803 1428 876 μὲν
1479 804 1688 875 ἀνίησιν
1741 807 1818 869 εἱς

159 882 447 960 ἐπιγονὴν,
489 890 607 949 τοῖς
655 883 712 940 δὲ
755 907 818 962 γε
873 887 1121 943 πλείοσιν
1168 891 1244 953 είς
1296 889 1619 970 ξυλοφορίαν
1673 896 1816 970 χρῆ-

153 993 268 1027 ται’
325 975 380 1028 οἳ
438 975 578 1050 πρὸς
631 974 856 1051 κέρδους
909 983 1243 1053 φορτηγοῦσι
1295 986 1414 1044 τοῖς
1472 983 1565 1054 μὲν
1621 980 1815 1046 ἄλλοις

157 1061 247 1116 ἐπὶ
305 1061 487 1136 ἐξάψει
545 1065 740 1139 πυρὸς,
813 1063 1187 1131 διακονοῦντος
1261 1075 1380 1132 τοῖς
1440 1068 1566 1140 ὧδε,
1623 1077 1703 1145 τῷ
1760 1070 1818 1127 δὶ

156 1149 404 1227 δεσπότῃ
478 1153 614 1224 πρὸς
692 1151 969 1233 φλόγωσιν
1045 1155 1397 1228 αἲωνίζουσαν
1471 1161 1570 1230 την
1657 1160 1813 1219 ἐκεῖ.

151 1239 404 1296 Πλουτεῖ
460 1238 518 1296 δὲ
575 1243 664 1297 καὶ
721 1245 998 1318 ἡμιόνοις,
1050 1245 1100 1300 ἐν
1151 1249 1234 1309 οἷς
1293 1243 1814 1327 ἕχειξφαντάζεσθαι

152 1334 459 1408 προσφυῶς
503 1331 566 1385 τὸ
613 1333 731 1386 καθ’
787 1332 972 1388 ἑαυτὸν
1023 1333 1082 1389 ἐκ
1131 1335 1302 1408 πάντη
1353 1337 1630 1410 ἀνομοίων
1691 1340 1813 1394 σύν-

153 1431 337 1482 Θετον.
393 1419 626 1474 Ἐκεῖνοί
678 1441 736 1475 τι
792 1422 894 1498 γὰρ
953 1423 1016 1477 τὸ
1083 1423 1290 1502 εύγενὶς
1348 1427 1630 1503 ἀχρειοῦσι
1687 1412 1811 1498 ξωϊ-

151 1508 252 1563 κὸν
299 1512 372 1581 τῇ
433 1511 816 1586 συνανακράσει
865 1515 963 1566 τοῦ
1022 1509 1334 1588 δυσγενοῦς,
1389 1516 1479 1571 καὶ
1535 1516 1696 1579 αὐτὸς
1751 1519 1813 1572 τὸ

153 1596 413 1673 ἐνάρετον
461 1605 654 1675 σχῆμα
694 1603 774 1672 τῷ
819 1607 1090 1675 κοσμικῷ.
1144 1604 1241 1658 Καὶ
1295 1605 1426 1680 βόας
1474 1603 1531 1661 δὲ
1579 1606 1813 1662 ἀκολού-

155 1687 273 1749 θως
330 1685 596 1762 ἐκτρέφει,
631 1688 704 1742 ὧν
759 1695 927 1767 μοῖρα
985 1693 1081 1764 μέν
1122 1713 1204 1754 τις
1254 1691 1580 1750 ἀποδοθεῖσα
1627 1697 1818 1771 χρυσί-

1931 539 2215 594 tiandum.
2249 536 2442 593 Asinis
2474 553 2705 608 quoque
2737 552 2970 608 operam
3007 537 3124 605 dat,
3150 553 3399 608 quorum
3433 555 3576 593 non-

1927 626 2118 682 nullos
2149 628 2218 682 ad
2253 626 2652 698 generandum
2677 625 2955 695 destinat,
2980 630 3035 680 et
3065 625 3362 696 plerisque
3397 627 3579 681 utitur

1927 717 1996 772 ad
2022 734 2198 771 onera
2221 716 2457 771 ferenda
2484 734 2495 783 ;
2532 713 2709 786 hique
2741 731 2842 786 pro
2867 713 3030 769 lucro
3059 715 3287 771 modico
3314 717 3576 772 sarcinas

1927 807 2163 862 fuerunt
2192 807 2262 860 ad
2297 804 2441 860 alios
2460 804 2528 859 ad
2548 804 2979 859 accenJendum
2999 802 3193 874 ignem
3229 804 3324 859 hic
3351 805 3574 877 utilem,

1926 901 1984 951 et
2013 896 2084 950 ad
2117 895 2423 949 dominum
2455 894 2522 948 ad
2551 893 2847 948 ﬂammam
2877 897 3151 948 aeternam
3187 893 3325 949 illic.
3359 897 3421 948 Et
3446 911 3576 948 mu-

1927 983 2000 1039 lis
2031 983 2292 1038 abundat
2330 983 2547 1054 quibus
2594 981 2739 1036 satis
2769 986 2902 1052 apte
2953 986 3402 1054 reprasentatus
3433 999 3578 1039 suus

1926 1072 2161 1128 habitus
2192 1089 2222 1127 e
2255 1072 2428 1126 rebus
2459 1069 2716 1126 totaliter
2740 1069 3134 1125 dissimilibus
3166 1071 3532 1142 compositus
3559 1089 3572 1126 :

1926 1160 2011 1216 illi
2045 1161 2201 1216 enim
2235 1159 2426 1216 nobile
2443 1158 2659 1215 animal
2679 1158 2778 1212 vili
2811 1158 3189 1229 conjunctum
3214 1160 3574 1230 deprimunt,

1925 1251 2051 1322 ipse
2082 1255 2278 1305 autem
2311 1248 2625 1304 sublimem
2661 1247 2928 1302 habitum
2962 1263 3095 1302 cum
3131 1250 3450 1304 mundano.
3487 1251 3582 1304 Bo-

1924 1356 2021 1396 ves
2051 1339 2227 1394 etiam
2262 1337 2463 1403 nutrit,
2506 1354 2756 1410 quorum
2792 1352 2925 1408 pars
2958 1336 3073 1392 alia
3100 1338 3335 1392 vendita
3366 1355 3576 1394 aurum

1925 1432 1984 1484 et
2030 1431 2336 1500 argentum
2393 1427 2576 1492 all‘ert,
2610 1431 2668 1481 et
2719 1425 2830 1480 alia
2875 1425 3116 1480 inservit
3161 1426 3232 1480 ad
3267 1428 3574 1482 arandum.

1924 1516 2184 1572 Aliorum
2217 1521 2620 1571 armentorum
2669 1514 2844 1570 etiam
2875 1530 3075 1570 curam
3111 1514 3308 1581 habet,
3342 1516 3575 1586 istaque

1923 1622 2197 1678 pecorum
2232 1604 2607 1660 multitudine
2625 1602 3030 1659 rationabilem
3056 1603 3235 1658 vitam
3260 1621 3426 1659 suam
3451 1621 3574 1675 per-

1925 1695 2029 1750 dit.
2063 1693 2264 1750 Clarus
2294 1699 2382 1749 est
2420 1693 2597 1748 etiam
2633 1710 2665 1747 a
2694 1692 2891 1764 pueris
2924 1691 3197 1764 agricolis
3229 1710 3376 1764 quos
3407 1694 3569 1765 emit,

150 1795 285 1836 νους
342 1776 433 1829 καὶ
485 1775 712 1852 ἀργύρια
769 1776 1066 1855 ἐκπορίσει,
1113 1777 1268 1857 ἕτερα
1318 1779 1375 1837 δὲ
1423 1780 1500 1847 είς
1545 1785 1805 1860 γεωργικᾶ

1924 1801 2055 1840 nam
2105 1788 2162 1838 et
2206 1782 2364 1838 istud
2423 1797 2515 1837 res
2563 1791 2668 1837 est.
2723 1782 2830 1836 Sed
2883 1797 3058 1852 quam
3108 1781 3180 1836 ob
3231 1798 3469 1837 causam
3516 1789 3574 1838 et

153 1862 469 1918 συντελέσει
504 1906 517 1920 .
573 1866 694 1922 Ἔτι
752 1867 780 1920 ὁ
837 1867 997 1930 αὐτὸς
1066 1867 1407 1942 ἐπιμελεῖται
1465 1871 1555 1926 καὶ
1615 1870 1814 1942 λοιπῆς

155 1951 378 2024 ἀπάσης
426 1947 766 2028 προδάσεως,
809 1955 900 2010 καὶ
969 1961 1048 2029 τῷ
1103 1958 1520 2033 βοσκηματώδει
1569 1960 1753 2032 πληθυ
1785 1993 1812 2006 -

152 2046 286 2113 σμῷ
343 2039 774 2119 ψευδεπιγραφεῖ
816 2045 879 2100 τὸ
954 2051 1048 2101 τοῦ
1126 2047 1246 2123 βίου
1303 2047 1531 2126 ἕλλογον
1587 2051 1758 2124 ἑαυτῷ
1792 2093 1805 2107 .

151 2130 256 2184 Καὶ
322 2132 432 2204 μὴν
491 2131 654 2208 αὐχεῖ
706 2134 796 2188 καὶ
853 2133 1051 2198 παῖδας
1123 2138 1456 2214 γεωργικοὺς
1511 2140 1808 2214 ποριζόμε-

147 2240 266 2280 νος.
318 2219 429 2276 Καὶ
483 2224 642 2276 τοῦτο
695 2222 790 2295 μὶν
840 2227 1198 2297 κτηματικόν.
1252 2227 1410 2284 Ίνατί
1464 2225 1520 2283 δὲ
1560 2229 1650 2284 καὶ
1681 2251 1804 2284 παι-

147 2306 344 2371 δίσκας
378 2353 397 2382 ,
453 2309 544 2364 καί
613 2311 775 2374 αὐτᾶς
852 2313 1231 2388 ἁσυμμέτρους
1295 2321 1376 2389 τῷ
1428 2322 1536 2372 τῶν
1594 2316 1804 2373 παίδων

143 2399 394 2474 ἀριθμῷ,
471 2401 545 2462 ὡς
624 2402 1036 2476 ὑπιρ-εκπίπτειν
1099 2410 1179 2478 τῷ
1233 2405 1804 2480 πληθυσμῷ;Ταῦτά

141 2509 202 2542 τε
237 2485 332 2542 οὖν
369 2489 396 2543 ὁ
445 2488 618 2552 οὕτως
675 2490 751 2553 εἰς
809 2493 1077 2567 ἁμαρτίαν
1128 2492 1478 2568 ἐκδεδομένος
1536 2495 1801 2570 πλημμε-

145 2575 258 2650 λεῖ,
292 2578 384 2632 καὶ
417 2575 586 2633 λουπᾶ
631 2576 687 2635 δὲ
725 2582 840 2635 καθ’
891 2583 1078 2658 εἱρμὸν
1132 2581 1297 2656 ἄλλα,
1344 2585 1565 2648 ὁπόσοις
1613 2588 1640 2641 ὁ
1673 2607 1798 2641 κοσ-

145 2667 312 2738 μικὸς
393 2662 692 2743 ἐντρίϐεται
761 2668 1041 2746 ἄνθρωπος
1075 2692 1087 2706 ’
1148 2673 1480 2749 ἀσκούμενος
1545 2675 1635 2730 καὶ
1685 2697 1748 2730 το
1780 2706 1801 2722 -

143 2753 455 2832 κογλυφεῖν
510 2757 539 2810 ὁ
617 2755 850 2821 ἐλεεινὸς
910 2756 1298 2831 κοινοϐιακὸς,
1371 2763 1461 2818 καὶ
1533 2764 1798 2826 παντοίως

1925 1872 2172 1945 puellas,
2205 1887 2423 1942 easque
2454 1869 2650 1942 plures
2697 1887 2798 1942 pro
2833 1885 3070 1926 numero
3123 1887 3459 1942 puerorum,
3494 1871 3575 1927 ita

1925 1966 1992 2017 ut
2021 1961 2262 2017 nimium
2293 1961 2613 2026 abundent,
2647 1959 2945 2030 acquirere
2968 1959 2995 2014 ?
3042 1959 3172 2015 Haec
3205 1959 3385 2031 igitur
3412 1965 3577 2016 curat

1921 2050 2032 2107 iste
2061 2056 2298 2122 peccato
2351 2049 2643 2116 addictus,
2683 2054 2739 2104 et
2790 2065 3154 2120 quacunque
3207 2047 3320 2104 alia
3363 2065 3573 2105 conse-

1921 2147 2204 2210 quuntur,
2232 2138 2560 2210 quibusque
2612 2137 2787 2192 homo
2838 2137 3177 2192 mundanus
3209 2135 3567 2208 implicatur.

1921 2229 2118 2286 Usurae
2151 2229 2348 2284 studet
2374 2227 2466 2283 hic
2496 2226 2803 2297 cmnobita,
2837 2226 3259 2281 abundantiam
3291 2226 3450 2282 omni
3485 2243 3572 2282 ra-

1916 2318 2075 2374 tione
2104 2318 2332 2389 quacrit,
2357 2316 2440 2371 ita
2470 2321 2535 2371 ut
2566 2315 2822 2371 moriens
2852 2314 3167 2386 aliquando
3198 2315 3438 2371 inimico
3473 2332 3564 2371 sa-

1913 2408 2055 2464 lutis
2087 2411 2299 2462 nostra!
2331 2406 2610 2474 animam,
2639 2409 2695 2460 et
2723 2404 3078 2460 monasterio
3102 2403 3391 2475 relinquat
3420 2404 3561 2460 veti-

1912 2503 2003 2553 tas
2042 2495 2444 2569 possessiones
2491 2495 2921 2550 consumendas
2977 2494 3034 2548 in
3067 2493 3293 2548 deliciis
3325 2511 3560 2566 prover-

1911 2585 2167 2642 bialibus
2213 2583 2454 2652 scilicet,
2508 2600 2622 2638 non
2671 2583 2930 2655 proiecto
2981 2582 3038 2636 in
3088 2582 3312 2638 deliciis
3365 2584 3562 2639 fratris

1913 2675 2013 2747 qui
2047 2660 2188 2730 abiit
2233 2673 2452 2740 infelix,
2487 2677 2544 2728 et
2584 2690 2617 2728 a
2646 2671 2962 2728 venerabili
3013 2676 3177 2744 patre
3221 2672 3564 2729 reconcilia-

1913 2771 2011 2821 tus
2043 2769 2154 2831 est,
2185 2768 2386 2818 contra
2419 2763 2525 2818 fas.

150 2842 586 2918 μεθοδευόμενος
644 2847 722 2911 εἷς
773 2851 1222 2924 περιουσιασμόν⁶
1271 2849 1365 2906 τίνα
1418 2854 1590 2907 θανών
1669 2873 1800 2908 ποτε
1871 2850 1950 2924 τῷ
2017 2851 2110 2924 μὲν
2163 2849 2347 2926 ἐχθρῷ
2392 2856 2492 2918 τῆς
2545 2847 2819 2924 σωτηρίας
2869 2850 3029 2920 ἡμῶν
3080 2849 3178 2917 τήν
3229 2849 3434 2922 ψυχὴν,
3482 2852 3563 2921 τῷ

149 2930 207 2987 δὲ
277 2934 684 3010 φροντιστηρίῳ
743 2939 1043 3012 παραθήσει
1100 2939 1196 3003 τὰς
1255 2940 1630 3004 ἀκανονίστους
1676 2941 2020 3012 ἐπικτήσεις,
2085 2937 2487 3015 βροχισομένας
2536 2935 2588 2999 ἐς
2647 2937 2912 3012 μακαρίαν
2948 2978 2962 3004 ,
3016 2937 3116 3004 τὴν
3190 2937 3562 3012 παροιμιακὴν

152 3017 452 3092 δήπουθεν·
515 3022 577 3078 ού
632 3024 732 3101 γὰρ
793 3023 1006 3098 δηλαδὴ
1060 3030 1161 3099 τήν
1211 3035 1308 3085 τοῦ
1361 3027 1622 3110 ἀδελφοῦο
1678 3053 1736 3094 ος
1792 3029 2015 3088 ἀπέλθοι
2072 3027 2132 3084 ἂν
2194 3025 2323 3090 ἴσως
2380 3024 2593 3097 ἄθλιος,
2646 3027 2748 3082 ὑπὸ
2797 3030 2895 3082 τοῦ
2937 3025 3126 3100 τιμίου
3163 3025 3364 3100 πατρὸς
3402 3047 3566 3095 κατη-

141 3111 451 3184 ρτισμένος,
485 3113 560 3174 ὡς
591 3113 690 3168 οὑκ
719 3113 909 3191 ἐχρῆν.

213 3219 355 3294 ρκγ’.
389 3220 490 3275 Καὶ
551 3220 694 3275 οὕτω
755 3223 848 3296 μὲν
909 3224 960 3278 οἱ
1018 3223 1070 3280 ἐν
1117 3227 1251 3298 ἡμῖν
1303 3225 1461 3306 σοφοὶ
1501 3228 1790 3303 πρακτικοὶ
1823 3231 1867 3298 C

145 3307 404 3381 βόσκουσι
480 3310 574 3363 τὸν
650 3309 701 3364 ἐν
774 3310 962 3375 αὐτοῖς
1031 3310 1296 3370 πλούσιον
1383 3316 1744 3392 εἷσαγωγικόν
1779 3358 1793 3373 .

141 3397 360 3466 Πένητα
412 3393 470 3451 δὲ
527 3393 934 3473 ἀπολαϐόντες,
993 3403 1083 3456 καὶ
1142 3402 1300 3458 αὐτὸν
1360 3405 1434 3466 ὡς
1488 3407 1555 3460 τὰ
1609 3403 1797 3460 πολλὰ

140 3482 261 3538 οὔτι
302 3485 515 3555 ἑκόντα,
567 3489 703 3560 μετά
751 3488 977 3559 πολλῆς
1029 3488 1086 3546 δέ
1129 3491 1368 3566 ὅτιμάλα
1398 3492 1794 3569 πραγματείας,

140 3573 184 3628 εί
215 3575 386 3646 μόνον
438 3571 650 3650 οἴκημα
697 3574 948 3651 καλυϐίῳ
1001 3583 1288 3654 παρεοικὸς
1338 3582 1554 3637 ὕπεστιν
1588 3581 1794 3655 ἐκείνῳ,

141 3662 192 3716 ἐν
239 3663 441 3739 καιρίῳ
491 3665 664 3721 τόπου
720 3668 986 3741 κείμενον,
1039 3669 1084 3724 ὣ
1143 3673 1235 3726 οἷα
1285 3671 1650 3726 τεκταίνονται
1705 3671 1794 3726 καὶ

143 3751 194 3806 ἐν
258 3752 453 3826 ἐκείνῳ
497 3755 588 3809 καὶ
646 3753 717 3810 δι’
775 3756 1012 3812 ἐκείνου·
1066 3758 1118 3814 ἐν
1165 3757 1347 3833 ἐκείνῳ
1393 3761 1510 3834 μὲν,
1569 3761 1651 3815 ὅτι
1697 3761 1798 3815 οὐκ

139 3841 332 3919 ἀφιᾶσι
392 3839 482 3898 διὰ
557 3843 681 3920 βίου
753 3847 846 3900 τὸν
907 3844 1193 3923 ἄνθρωπον
1252 3848 1613 3905 ἀναπαύεσθαι
1671 3850 1797 3925 παρ’

141 3928 332 3994 αὐτοῖς
363 3974 378 4002 ,
439 3931 898 4008 εὗτελιζόμενον,
958 3934 1405 4010 ἐξουθενούμενον
1447 3986 1462 4009 ,
1518 3933 1794 4014 παραϐλε-

140 4019 404 4092 πόμενον,
460 4020 640 4077 τᾶλλα
691 4022 997 4099 πάσχοντα,
1041 4026 1118 4080 ὧν
1177 4031 1471 4102 πειρῶνται
1509 4023 1796 4082 καλυϐῖται

139 4107 428 4184 ἄνθρωποι
507 4111 598 4166 καὶ
672 4111 983 4178 ἀσυντελεῖς
1061 4114 1162 4170 ὑπὸ
1242 4113 1516 4172 δεσποτῶν
1596 4116 1688 4180 οὓς
1759 4119 1795 4189 ἡ

139 4200 322 4277 τρυφὴ
376 4200 665 4276 καταφέρει
719 4206 826 4257 τῶν
903 4203 1167 4259 τοιούτων
1224 4204 1301 4268 εἰς
1356 4205 1744 4283 περιφρόνησιν
1781 4226 1794 4240 ⁸

143 4283 216 4340 δι’
248 4286 455 4344 ἐκείνου
486 4286 564 4362 δὲ,
616 4289 699 4346 ὅτι
749 4289 1083 4368 ἐνεδρεύουσι
1138 4296 1610 4369 παρακαθήμενοι,
1666 4296 1799 4351 πότε

140 4381 242 4431 τοῦ
296 4375 704 4448 πλησιάζοντος
759 4383 829 4455 τῇ
887 4385 1148 4458 πτωχικῇ
1199 4378 1413 4458 καλύϐῃ
1470 4383 1748 4458 ἆμπελίου
1780 4433 1796 4459 ,

141 4467 178 4535 ἢ
243 4462 490 4542 ἀγριδίου
526 4513 542 4538 ,
601 4466 710 4524 εἴτε
766 4468 1070 4543 οἷκήματος
1103 4515 1118 4541 ,
1179 4469 1287 4528 alits
1362 4470 1527 4543 ληΐου
1613 4475 1798 4548 καιρὸν

143 4550 392 4610 λάϐωσιν
457 4553 670 4622 εὔθετον
743 4556 1126 4633 ἐπιδράξασθαι
1163 4579 1176 4594 ⁸
1239 4562 1274 4631 ἢ
1350 4562 1602 4637 ἄγξαντες
1671 4562 1796 4626 τοὺς

141 4643 207 4698 ἐκ
237 4646 522 4719 γειτόνων,
555 4645 591 4715 ἢ
632 4648 722 4701 καὶ
765 4648 1258 4724 ὑποποιησάμενοι.
1301 4649 1397 4704 Κα)
1451 4650 1593 4705 οὕτω
1631 4652 1800 4727 πυρὸς

143 4729 308 4803 δίκην
365 4733 762 4809 ἐπινεμομένου
815 4743 935 4800 τοῖς
992 4740 1412 4815 παρακειμένοις
1463 4739 1799 4818 ἐπεισφροῦ-

144 4843 252 4892 σιν,
282 4821 391 4899 οὐχ
420 4823 502 4879 ὅτι
562 4824 750 4901 χρείαν
800 4819 1044 4902 ἔχουσιν,
1095 4825 1224 4882 ἀλλ’
1266 4825 1358 4882 ’ίνα
1402 4829 1492 4882 καὶ
1543 4829 1606 4884 τὸ
1633 4827 1800 4901 ἀνεξε-

146 4908 377 4984 λεγκτον
414 4955 428 4980 ,
488 4910 568 4990 ἐφ’
645 4914 724 4976 οἷς
783 4911 1212 4988 πλημμελοῦσιν
1249 4961 1263 4987 ,
1319 4913 1491 4992 ἔχωσι
1547 4921 1616 4992 τῇ
1671 4916 1798 4992 ἐρη-

149 4998 250 5070 μίᾳ
337 5000 444 5053 τῶν
530 4996 950 5072 πλησιαζόντων
986 5047 1001 5074 ,
1074 5004 1165 5059 καὶ
1248 5006 1386 5082 πρὸς
1468 5008 1538 5080 τῇ
1621 5003 1801 5060 πολυ-

143 5089 470 5164 κτημοσύνῃ
554 5089 646 5144 καὶ
731 5085 956 5170 φοϐεροὶ
1041 5089 1261 5167 δόξωσι,
1338 5093 1429 5149 καὶ
1513 5094 1713 5156 πάννας
1785 5093 1860 5158 ὡς

145 5197 376 5252 γωνται.

220 5282 358 5360 ρκδῆ
415 5285 657 5354 Τοιαύτη
732 5288 823 5343 καὶ
882 5286 1016 5360 αὕτη
1077 5291 1348 5367 πρακτική
1411 5291 1538 5366 παρ’
1596 5288 1798 5354 αὐτοῖς.

149 5374 267 5443 Τὴν
330 5371 388 5430 δὲ
442 5374 667 5446 λοιπήν,
729 5377 829 5448 ὅση
890 5373 1325 5455 δημοτικωτέρα,
1374 5379 1464 5435 καὶ
1507 5377 1803 5454 παχυτέρῳ

147 5463 517 5540 κεχρωσμὲνη
570 5470 652 5539 τῷ
708 5463 905 5541 ῥύπῳ,
957 5465 1365 5538 στηλιτευτικὸς
1418 5467 1554 5541 ἀνὴρ
1613 5465 1802 5522 ἐπιλέ-

153 5553 312 5624 ξηται
371 5552 432 5609 ἂν
493 5553 569 5618 εἷς
628 5553 767 5625 ὕλην
825 5562 1062 5631 γραφῆς,
1122 5558 1287 5636 οὗπερ
1349 5561 1581 5634 μακροῖς
1630 5554 1802 5631 ὁρίοις

153 5645 324 5718 ἡμεῖς
372 5643 776 5720 ἆφεστήκαμεν,
837 5644 889 5701 οἱ
947 5647 1025 5722 μὴ
1085 5649 1221 5725 πρὸς
1274 5645 1634 5726 ἀγανάκτησιν
1682 5641 1802 5724 ἄρτι

1830 4607 1878 4674 D

1978 3229 2099 3284 123.
2135 3228 2248 3283 lsto
2281 3226 2452 3282 modo
2484 3225 2776 3296 sapientes
2809 3223 3046 3295 practici
3080 3224 3233 3296 apud
3270 3240 3376 3279 nos
3408 3222 3565 3278 novi-

1904 3318 2056 3374 tium
2105 3333 2172 3372 ex
2223 3317 2368 3386 ipsis
2425 3313 2660 3369 divitem
2717 3318 2993 3368 tractant.
3057 3314 3374 3384 Pauperem
3429 3327 3561 3368 vero

1907 3407 2255 3478 plerumque
2287 3403 2531 3458 minime
2562 3403 2876 3466 volentem.
2905 3407 2963 3456 et
2991 3417 3167 3471 quam
3201 3401 3455 3455 maxime
3480 3417 3563 3454 re-

1903 3494 2223 3549 luctantem
2254 3491 2599 3564 ,accipiunt,
2652 3491 2825 3546 modo
2868 3488 3272 3544 habitaculum
3326 3487 3561 3560 tugurio

1905 3581 2100 3638 simile
2169 3580 2489 3652 possideat,
2549 3580 2608 3633 in
2680 3579 2802 3633 loco
2869 3578 3078 3632 idoneo
3150 3577 3356 3644 situm,
3411 3576 3560 3632 eheu

1905 3675 2126 3743 quanta
2157 3669 2310 3725 mala
2340 3669 2399 3724 in
2429 3684 2586 3735 eum,
2618 3672 2676 3723 et
2709 3684 2810 3738 per
2839 3683 2970 3722 eum
3005 3665 3457 3721 machinanturl
3497 3667 3560 3720 In

1906 3777 2039 3816 eum
2075 3759 2336 3832 quidem,
2368 3775 2435 3812 eo
2466 3757 2619 3828 quod
2656 3756 2811 3811 hunc
2844 3755 3144 3810 hominem
3178 3753 3560 3826 tranquillam

1907 3849 2085 3904 vitam
2118 3863 2287 3919 agere
2327 3846 2482 3917 apud
2515 3863 2578 3901 se
2626 3862 2739 3900 non
2775 3843 3144 3916 permittunt,
3175 3844 3276 3899 sed
3309 3849 3562 3898 contem-

1907 3943 2077 4006 nunt,
2130 3937 2297 3992 nihili
2332 3937 2574 4002 faciunt,
2623 3935 2978 4007 despiciunt,
3028 3933 3262 4006 aliaque
3291 3934 3565 4004 ingerunt

1909 4027 2108 4101 qualia
2138 4026 2442 4100 patiuntur
2473 4024 2742 4081 homines
2773 4041 3061 4096 pauperes
3092 4028 3149 4079 et
3179 4023 3370 4078 idiotaa
3404 4039 3436 4077 a
3466 4023 3565 4078 do-

1908 4116 2086 4173 minis
2118 4117 2176 4171 in
2209 4119 2607 4186 contemptum
2659 4113 2938 4186 superbia
2967 4113 3259 4169 adductis.
3297 4113 3400 4169 Per
3427 4127 3563 4167 eum

1906 4207 2086 4263 etiam
2118 4221 2252 4262 cum
2285 4203 2650 4260 adhaerentes
2678 4202 3056 4272 insidiantur,
3092 4203 3387 4274 quomodo
3424 4207 3568 4257 tem-

1907 4312 2019 4368 pus
2051 4299 2252 4368 aptum
2303 4293 2605 4349 inveniant
2655 4292 2726 4348 ad
2760 4291 3162 4362 usurpandam
3209 4291 3440 4346 vineam
3472 4295 3564 4345 tu-

1907 4384 2074 4459 gurio
2125 4382 2472 4456 proximam,
2507 4381 2630 4437 sive
2673 4379 2952 4453 agellum,
2983 4379 3104 4436 sive
3133 4379 3566 4449 habitaculum,

1907 4475 2028 4530 sive
2077 4473 2296 4544 fruges,
2350 4470 2559 4526 vicinis
2609 4475 2709 4525 aut
2763 4469 3063 4524 suffocatis
3122 4473 3226 4523 aut
3283 4466 3564 4537 subjectis

1908 4563 2097 4618 instar
2153 4560 2409 4617 incendii
2469 4559 2822 4628 devorantis,
2882 4557 3262 4624 insidiantur,
3316 4572 3432 4611 non
3500 4560 3566 4610 ut

1911 4651 2219 4708 utilitatem
2261 4651 2397 4704 inde
2447 4647 2702 4720 capiant,
2736 4648 2835 4702 sed
2873 4651 2934 4702 ut
2964 4647 3036 4701 de
3085 4644 3404 4701 sceleribus
3437 4644 3562 4699 suis

1910 4757 2026 4796 non
2059 4741 2508 4811 redarguantur,
2541 4737 2693 4792 facta
2743 4737 3066 4791 vicinorum
3120 4733 3474 4799 solitudine;
3506 4737 3563 4788 et

1910 4833 1976 4884 ut
2002 4828 2310 4884 videantur
2339 4842 2454 4880 non
2487 4825 2657 4880 modo
2690 4825 2950 4891 ditiores,
2985 4824 3085 4880 sed
3117 4823 3291 4878 etiam
3322 4821 3560 4876 terribi-

1909 4917 2015 4988 les,
2047 4931 2366 4987 omnesque
2402 4913 2547 4970 alios
2572 4915 2632 4969 in
2665 4915 3006 4970 servitutem
3039 4913 3109 4981 si,
3140 4910 3419 4984 possibile
3449 4915 3560 4983 est,

1910 5007 2196 5079 redigant.

1941 5093 2016 5156 εἲς
2099 5089 2348 5148 δουλείαν
2421 5089 2837 5153 ἐλαττώσαντες.

2917 5088 2966 5144 εἴ
3039 5085 3258 5144 δυνατὸν
3271 5130 3284 5156 ,
3357 5085 3560 5164 ὑπαγά-

1985 5291 2106 5347 124.
2139 5289 2308 5346 Tales
2338 5292 2476 5346 sunt
2501 5289 2655 5361 apud
2680 5304 2778 5344 eos
2806 5287 3068 5360 practici.
3102 5285 3381 5358 Reliquos
3402 5301 3562 5355 vero,

1912 5396 2125 5452 nempe
2171 5379 2403 5450 vulgus,
2435 5383 2492 5433 et
2537 5393 2832 5448 quosquos
2875 5377 3078 5433 sordes
3124 5375 3377 5431 crassior
3407 5373 3560 5428 obte-

1913 5469 2020 5542 git,
2051 5469 2111 5523 in
2143 5466 2450 5524 materiam
2499 5463 2711 5520 tabulis
2741 5465 3030 5521 detractos
3079 5464 3224 5520 forte
3253 5461 3559 5533 acciperet,

1913 5575 1948 5615 a
1977 5559 2150 5629 cujus
2192 5553 2388 5612 indole
2419 5570 2527 5610 nos
2553 5552 2725 5627 longe
2755 5571 2964 5610 sumus
2994 5571 3008 5623 ;
3041 5554 3114 5613 ad
3154 5552 3303 5607 iram
3335 5548 3560 5605 solum-

1914 5647 2089 5710 modo
2121 5662 2236 5704 non
2272 5642 2594 5717 loquimur,
2642 5643 2834 5717 magis
2861 5659 2994 5701 vero
3025 5642 3097 5700 ad
3128 5643 3360 5698 nostros
3388 5635 3566 5694 corri-
