4104 6210
82 48 153 103 ,π-
186 48 413 95 13:12
432 52 465 81 .-

140 402 263 464 833

1162 395 1263 457 DE
1305 392 1797 457 EMENDANDA
1842 389 2027 453 VITA
2069 389 2551 452 MUNACHIGA.

3418 346 3553 458 .834

140 532 495 611 ὀγριόωνται.
528 526 629 589 Καί
684 526 849 606 ὀργάς
905 522 1328 600 ἀναλαϐόμενοι,
1376 524 1476 582 ὅσα
1503 524 1592 580 καὶ
1622 518 1791 595 ὅπλα,

1926 538 2041 580 tare
2067 539 2203 580 eum
2234 539 2349 580 non
2381 527 2648 598 possunt,
2698 541 2860 583 more
2920 526 3354 601 Lmstrygonum
3410 528 3545 601 (14),

140 622 258 679 ἐπεὶ
299 623 379 695 μή
422 617 677 676 δύνανται
735 616 1151 694 Λαιστρυγόνων
1202 613 1358 686 δίκην
1410 615 1501 670 τὸν
1546 616 1794 668 τοιοῦτον

142 711 529 782 Θοινήσασθαι,
585 706 739 781 ὅμως
816 706 1075 777 ἐξωθοῦσι
1150 708 1248 760 τοῦ
1303 703 1547 778 λιμένος,
1606 697 1797 756 λοιδο-

145 800 293 876 ρίαις
328 799 447 855 ἀντὶ
482 797 648 854 λίθων
706 795 1027 874 βάλλοντες.
1076 795 1176 852 Καὶ
1228 790 1568 869 δόσχρηστον
1618 789 1798 852 αὐτοῖς

142 892 236 946 τὸν
289 886 573 966 ἄνθρωπον
619 908 759 942 ειναι
807 884 1218 964 ἀποφηνάμενοι
1259 879 1550 958 (μηδὲγὰρ
1593 877 1800 936 δέεσθαι

146 982 209 1035 τὸ
271 978 692 1057 φροντιστήριον
753 977 1151 1051 γραμματικῶν
1217 969 1466 1046 ἀνδρῶν),
1524 971 1799 1045 ἀνοίγουσι

147 1066 437 1131 πλατείας·
474 1065 638 1141 θύρας
717 1068 787 1139 τῇ
863 1062 1138 1139 ἀγροικίᾳ,
1212 1061 1300 1117 καὶ
1358 1060 1572 1133 ἀφιᾶσιν
1634 1058 1798 1129 αύτῆν

150 1155 611 1232 ὶμπολιτεύεσῦαι
686 1157 758 1228 τῇ
813 1153 931 1209 κατ’
1001 1152 1201 1215 αὐτοὺς
1266 1150 1537 1226 ἁγιότητι,
1611 1147 1802 1226 ποῤῥω

151 1245 481 1319 ποιούμενοι
509 1242 639 1307 τοὺς
691 1246 1032 1320 γραμματεῖς
1080 1244 1176 1297 τοῦ
1222 1244 1356 1297 Θεοῦ
1393 1259 1406 1273 ο
1450 1237 1502 1294 ο⁹ί
1535 1249 1804 1312 μαθητευ-

154 1334 335 1400 θέντες
416 1329 786 1409 εῦαγγελικῶς
839 1330 916 1394 εἰς
972 1330 1070 1399 τὴν
1152 1327 1429 1406 βασιλείαν
1486 1327 1594 1383 τῶν
1651 1327 1809 1401 ούρα-

151 1430 285 1496 νῶν,
312 1426 621 1500 χορηγοῦσι
680 1419 840 1475 καινά
891 1440 952 1474 τε
997 1418 1088 1474 καὶ
1143 1416 1368 1476 παλαιά.
1410 1416 1487 1475 υύ
1535 1418 1636 1492 γάρ
1664 1415 1807 1472 ἐνθυ·

158 1516 393 1586 μοῦνται
479 1511 532 1564 οἱ
604 1513 711 1565 τῶν
768 1506 1162 1583 ἐργαστηρίων,
1227 1505 1278 1561 οί
1360 1511 1458 1562 τοῦ
1516 1506 1807 1582 ἀγροτικοῦ

159 1601 304 1678 βίου,
336 1599 391 1655 οἱ
416 1605 517 1668 τῆς
548 1597 907 1674 χειρομάχου
936 1594 1215 1669 πληθύος,
1264 1594 1320 1651 οῗ
1358 1593 1535 1671 χύδην
1587 1594 1806 1670 προκεί-

159 1708 338 1763 μενοι,
374 1689 426 1743 οἱ
470 1690 672 1762 ψωμοῦ
730 1684 1063 1760 ὀποδόμενοι
1114 1686 1215 1754 τήν
1266 1684 1455 1761 τρίχα,
1489 1683 1540 1739 οὶ
1568 1688 1675 1740 τῶν
1705 1684 1808 1757 ἀμ-

159 1778 372 1852 μάτων,
407 1777 462 1831 οἱ
514 1780 623 1831 τῶν
684 1773 1010 1851 βαμμάτων,
1071 1772 1234 1830 πόλιν
1301 1772 1637 1850 γραμμάτων
1670 1772 1805 1828 ὲκεί-

153 1889 251 1937 νην
284 1862 661 1937 πολύκλυτον,
693 1860 731 1934 ἤ
782 1864 873 1919 καὶ
926 1862 1060 1933 αύτὴ
1122 1859 1480 1939 παραδέδοται
1519 1865 1654 1936 ἡμῖν
1691 1881 1703 1896 ·
1736 1860 1802 1932 ἤν
1837 1899 1885 1963 Β

158 1954 276 2012 δὲον
312 1953 521 2026 ζηλοῦν
573 1951 791 2024 αὐτοὺς,
834 1953 934 2008 ’καὶ
995 1951 1045 2009 ἐν
1097 1956 1234 2026 αυτῇ
1281 1950 1807 2027 πολιτογραφεῖσθαι

156 2045 304 2107 Θείας
328 2045 495 2121 χάριν
555 2040 767 2120 σοφίας,
824 2038 895 2096 δι’
926 2041 992 2110 ἧς
1039 2043 1107 2096 τά
1151 2061 1210 2096 τε
1237 2042 1352 2096 θεῖα
1390 2037 1807 2118 φιλοσοφούσης

152 2134 244 2190 καὶ
275 2136 348 2187 τά
399 2133 518 2187 κατ’
567 2131 911 2206 ἀνθρώπους,
967 2128 1209 2186 ἐνοῦνται
1260 2134 1341 2203 τῷ
1388 2134 1506 2203 Θεῷ
1549 2130 1601 2184 οἱ
1630 2128 1808 2201 ἀρθῶς

152 2223 244 2277 καὶ
294 2220 533 2282 ἰντελῶς
607 2219 757 2292 αύτῷ
832 2219 1287 2295 προσανέχοντες,
1361 2216 1487 2274 ἀλλ’
1540 2218 1691 2274 αὐτοὶ
1745 2218 1807 2273 τὸ

151 2311 519 2387 ἀγράμματον
595 2312 1009 2385 προαιροῦνται,
1084 2308 1175 2363 καὶ
1250 2305 1530 2370 παντελῶς
1606 2305 1810 2363 ἰδιωτι-

150 2401 251 2455 κόν
289 2417 302 2430 '
354 2397 501 2474 τάχα
543 2398 639 2472 μὲν
686 2396 1084 2472 ἐνθυμούμενοι
1131 2397 1219 2452 καὶ
1265 2397 1329 2452 τό
1363 2417 1376 2431 ·
1428 2420 1457 2450 ι(
1513 2396 1663 2454 Ἐπεὶ
1713 2395 1812 2452 οὐκ

154 2484 333 2564 ’ἔγνων
415 2486 819 2565 γραμματείας,
905 2484 1280 2560 εἴσελεύσομαι
1375 2485 1428 2543 ὲν
1512 2489 1594 2559 τῷ
1672 2483 1809 2558 οἷειῳ

155 2577 390 2653 Κυρίου.
443 2601 473 2628 ››
528 2575 633 2634 Καὶ
690 2572 901 2639 ἀθλίως
955 2575 1347 2652 παρανουὸντες
1402 2574 1466 2630 τὸ
1524 2574 1806 2630 Δαυϊτικὸν

1905 616 2101 669 tamen
2133 629 2168 668 a
2190 611 2394 670 limine
2422 612 2715 687 repellunt
2746 633 2760 671 :
2793 615 3097 687 etinjuriis
3127 616 3393 689 lapidum
3424 617 3550 675 loco

1906 702 2219 774 impetunt.
2253 702 2319 758 Et
2348 719 2484 758 cum
2512 702 2780 760 inutilem
2811 703 2922 760 sibi
2970 694 3092 762 fore
3147 706 3304 762 hunc
3360 707 3549 763 homi-

1907 807 2043 847 nem
2100 796 2496 863 cognoverunt
2523 792 2851 864 (hominum
2881 794 3039 851 enim
3072 796 3400 852 litterarum
3434 814 3549 852 non

1907 880 2171 953 indigere
2195 880 2822 949 monasterium),latas
2842 882 3061 954 jauuas
3091 884 3364 956 aperiunt
3392 884 3554 941 inur-

1909 970 2101 1037 banis,
2133 986 2352 1042 eosque
2383 968 2534 1026 intra
2560 974 2794 1027 sanctas
2818 973 2970 1028 aedes
3029 972 3233 1029 sinunt
3262 973 3550 1043 habitare,

1910 1061 2114 1132 procul
2146 1058 2345 1116 missis
2375 1059 2682 1131 discipulis
2711 1060 2945 1117 Domini
2976 1062 3079 1135 qui
3108 1064 3265 1120 docti
3305 1080 3551 1137 evange-

1909 1148 1987 1205 lio
2019 1149 2078 1204 in
2103 1166 2350 1221 regnum
2381 1148 2659 1206 caelorum
2717 1167 2868 1206 nova
2921 1155 2979 1208 et
3029 1156 3224 1210 vetera
3261 1154 3553 1210 afferrent.

1912 1238 2039 1295 Non
2094 1239 2252 1295 enim
2305 1238 2575 1295 homines
2620 1239 3074 1312 ergastulorum,
3107 1258 3403 1313 agrorum,
3438 1260 3552 1299 non

1914 1329 2098 1384 turbae
2129 1345 2259 1400 quas
2289 1328 2503 1401 pugnis
2532 1328 2795 1397 dimicat,
2828 1346 2955 1401 quis
3013 1330 3234 1402 passim
3289 1337 3552 1405 vagatur,

1916 1434 2042 1490 quis
2089 1417 2332 1490 capillos
2392 1417 2638 1475 frustulo
2699 1418 2869 1491 panis
2925 1420 3144 1490 vendit,
3173 1420 3442 1477 homines
3472 1420 3556 1477 ﬁli

1917 1509 2027 1580 (15)
2057 1513 2117 1564 et
2144 1524 2285 1564 acus
2331 1523 2460 1564 eam
2518 1507 2815 1581 egregiam
2871 1507 3164 1564 civitatem
3224 1508 3555 1566 litterarum

1917 1596 2361 1669 concupiscunt,
2395 1613 2521 1668 quae
2554 1597 2724 1653 nobis
2749 1602 2950 1669 aperta
2978 1601 3069 1654 est
3100 1614 3113 1653 :
3143 1615 3268 1654 eam
3300 1615 3560 1671 querere

1917 1686 2228 1754 debebant,
2258 1690 2315 1742 et
2344 1685 2403 1742 in
2437 1702 2506 1741 ea
2527 1686 2629 1757 jus
2660 1685 2912 1742 civitatis
2940 1687 3269 1759 ,acquirere
3322 1692 3561 1760 propter

1916 1774 2264 1848 sapientiam
2296 1791 2415 1847 qua
2462 1775 2705 1832 docente
2762 1774 3025 1832 humana
3082 1782 3140 1832 et
3192 1777 3389 1833 divina
3448 1778 3557 1834 Deo

1916 1864 2201 1920 uniuntur
2230 1862 2502 1920 homines
2532 1868 2686 1921 recte
2715 1869 2771 1920 et
2799 1864 3049 1937 perfecte
3078 1863 3132 1921 ei
3161 1864 3556 1923 adhaerentes:

1920 1954 2021 2010 sed
2051 1952 2445 2026 ignorantiam
2478 1956 2535 2009 et
2560 1970 2757 2010 veram
2812 1953 3106 2012 insaniam
3163 1954 3277 2026 ipsi
3335 1972 3561 2029 praepo-

1917 2042 2338 2111 nunt,forsitan
2367 2041 2736 2100 intendentes
2762 2044 2819 2102 in
2848 2042 2995 2100 illud
3029 2060 3042 2099 :
3078 2068 3102 2096 ι
3130 2043 3418 2110 Quoniam
3446 2060 3562 2100 non

1918 2131 2160 2204 cognovi
2199 2130 2616 2199 litteraturam,
2675 2132 2927 2189 introibo
2984 2131 3044 2188 in
3103 2133 3392 2205 potentias
3449 2133 3564 2191 Do-

1919 2219 2066 2276 mini
2099 2221 2176 2288 “,
2203 2242 2232 2272 ι»
2266 2225 2322 2276 et
2351 2220 2590 2276 verbum
2650 2221 2885 2278 Davidis
2944 2219 3096 2277 male
3145 2220 3563 2294 intelligentes,

1919 2325 2074 2381 saepe
2102 2309 2280 2365 etiam
2333 2326 2399 2365 ex
2465 2308 2770 2365 versiculis
2827 2310 3211 2382 sequentibus
3271 2310 3431 2365 istud
3485 2308 3566 2365 la-

1919 2397 2033 2456 biis
2088 2398 2537 2470 pronuntiantes
2570 2415 2584 2454 :
2620 2420 2649 2450 «
2683 2397 3009 2471 Discipulos
3052 2398 3319 2455 indoctos
3353 2415 3366 2454 :
3397 2420 3427 2449 »
3459 2415 3564 2455 ne-

1920 2504 2034 2559 que
2059 2488 2261 2544 statim
2293 2487 2439 2544 illud
2469 2487 2813 2559 adjicientes
2866 2504 2881 2544 :
2937 2510 2965 2539 ‹‹
3024 2488 3237 2545 Doctos
3288 2487 3476 2544 fecisti
3531 2508 3563 2538 κ

1917 2576 2142 2633 Christe
2171 2577 2346 2634 Deus.
2380 2599 2410 2628 ››

161 2666 543 2742 προφέροντες
572 2661 632 2720 δὶ
655 2667 724 2719 τὰ
744 2662 919 2719 πλείω
948 2662 1034 2720 ἐπὶ
1084 2661 1338 2741 γλώττης
1369 2663 1458 2720 καὶ
1509 2663 1569 2720 ἐκ
1613 2668 1721 2719 τῶν
1767 2662 2048 2740 ἐσύστερον
2092 2662 2458 2739 ψαλλομὲνων
2506 2661 2567 2723 τό
2600 2686 2613 2700 ·
2648 2690 2676 2719 ι(
2700 2664 2841 2728 Τοὺς
2870 2664 3569 2741 ἀγραμμάτουςμαθητάς,

154 2781 189 2811 ει
216 2756 298 2831 μὴ
330 2751 905 2830 προσεπισονείροντες
938 2750 996 2809 δὲ
1023 2751 1212 2809 αὐτίκα
1239 2753 1329 2809 καὶ
1357 2752 1420 2809 τό
1451 2772 1464 2787 ·
1501 2777 1529 2807 ι(
1559 2749 1854 2818 Παιδευτάς
1881 2750 2200 2825 ἀνὲδδειξας,
2229 2756 2443 2831 Χριστὲ,
2475 2757 2503 2812 ὁ
2533 2755 2685 2818 Θεός.
2718 2778 2749 2808 ››

228 2845 372 2922 ρκζ.
406 2841 543 2901 Εἷπέ
580 2863 698 2916 μοι,
732 2840 777 2897 ὦ
820 2843 1120 2919 θεωρητικὲ
1172 2842 1397 2919 μοναχὶ,
1448 2841 1811 2919 ἀγράμματος

154 2932 233 2990 ὢν
268 2932 323 2995 ἐς
352 2932 417 2987 τὸ
445 2937 551 2987 πᾶν
580 2931 652 3005 (τί
692 2928 750 2987 δὲ
806 2951 902 3004 μοι
948 2930 1033 2986 ἐπὶ
1085 2931 1143 2986 σε
1190 2930 1489 2988 ἀποτείνειν
1516 2930 1608 2986 τὸν
1643 2930 1810 3007 λόγον

154 3020 238 3083 εἷς
282 3019 442 3076 κενόν
478 3022 516 3094 ς)
576 3018 723 3076 ἀλλά
787 3024 917 3096 γοῦν
991 3018 1475 3097 ὀλιγογράμματος
1539 3020 1698 3097 (πρὸς
1757 3019 1815 3075 σὶ

156 3111 267 3186 γὰρ
299 3105 417 3165 ἔστι
446 3128 528 3171 τις
564 3107 750 3185 λόγος)
782 3127 796 3141 ·
850 3109 987 3181 πρὸς
1033 3105 1090 3164 δὲ
1117 3110 1204 3164 καὶ
1241 3113 1343 3178 ζῶν
1380 3110 1595 3186 βιοτὴν,
1628 3107 1816 3165 ὁποίαν

1996 2845 2116 2900 127.
2150 2846 2251 2901 Dic
2280 2847 2446 2913 mihi,
2492 2847 2744 2904 theorice
2801 2845 3107 2914 monache,
3167 2846 3269 2918 qui
3324 2844 3564 2903 omnino

1920 2934 2233 2992 illiteratus
2280 2952 2343 2992 es
2389 2937 2513 3009 (sed
2547 2936 2686 3010 quid
2720 2934 2865 2990 mihi
2890 2950 3222 2992 sermonem
3254 2934 3315 2990 in
3342 2949 3564 2990 vanum

1922 3024 2317 3097 extendere?),
2349 3025 2561 3082 saltem
2593 3025 2694 3098 qui
2744 3041 2932 3098 pauca
2985 3022 3307 3097 cognovisti
3362 3022 3444 3093 (in
3507 3027 3562 3080 te

1923 3112 2080 3168 enim
2108 3113 2305 3186 aliqua
2335 3119 2426 3170 est
2450 3114 2741 3185 scientia),
2770 3113 2869 3185 qui
2899 3113 3140 3184 insuper
3185 3113 3364 3169 vitam
3412 3111 3560 3185 agis,

157 3193 397 3273 τρίϐεις,
442 3197 519 3259 ὡς
570 3196 853 3270 ἐξίωμεθα
886 3218 898 3230 ·
956 3199 1078 3253 τίνα
1132 3198 1405 3254 παισεύειν
1435 3197 1813 3261 ἀποστολικῶς

1926 3206 1991 3258 ut
2046 3202 2324 3271 diximus,
2383 3219 2557 3276 quem
2604 3202 2898 3260 hominem
2931 3202 3149 3274 poteris
3177 3202 3397 3258 bonum
3427 3218 3568 3273 apo—

157 3286 393 3344 δύνασαι
439 3285 516 3348 εἰς
569 3285 763 3361 ἀγαθόν
799 3304 813 3355 ;
846 3287 918 3342 Ἢ
958 3287 1172 3351 πάντως
1228 3284 1457 3358 διδάξεις
1519 3288 1634 3362 μὲν,
1667 3286 1813 3357 πλὴν

1929 3290 2133 3348 stolice
2161 3293 2401 3348 edocere
2419 3291 2447 3347 ?
2478 3297 2594 3349 Aut
2622 3291 2793 3364 plane
2822 3290 3089 3359 docebis,
3108 3291 3209 3347 sed
3260 3306 3375 3346 non
3424 3306 3569 3361 quo-

155 3377 238 3442 ὡς
267 3374 375 3431 οὐκ
418 3374 599 3449 ἀγαπᾳ
650 3375 680 3429 ὁ
728 3373 894 3436 Θεόςο
944 3372 1251 3451 παιδεύσεις
1299 3377 1517 3438 πάντως
1562 3376 1629 3431 τὰ
1670 3373 1816 3432 ἄλλα

156 3464 359 3535 πάντα,
390 3462 539 3533 πλὴν
569 3467 668 3518 τοῦ
726 3464 975 3538 μονάζειν
1010 3471 1025 3497 ⁸
1066 3463 1402 3541 καταρτίζεις
1444 3465 1536 3520 τὸν
1571 3467 1818 3538 μαθητὴν

161 3555 461 3612 ἀναπατεῖν
521 3553 694 3628 συχνά
739 3554 886 3628 παρὰ
934 3552 1032 3616 τὰς
1088 3552 1430 3633 λεωφόρους,
1487 3552 1815 3631 προκύπτειν

158 3643 274 3701 ἔσω
335 3645 537 3717 θυρῶν,
596 3641 794 3698 ὁπόσαι
853 3638 1203 3699 διαπὸτανται
1267 3643 1343 3706 εἰς
1403 3641 1630 3718 θεωρίαν
1681 3640 1819 3698 ἐτοίο

164 3755 304 3807 μην,
369 3729 681 3809 φιλίοῦσθαι
730 3732 1205 3809 παρατυγχάνουσι
1266 3730 1484 3794 λα’ίκοῖς
1539 3731 1614 3794 εἰς
1646 3730 1818 3802 ἐπιξε-

158 3840 378 3895 νωμα’
439 3814 788 3895 ἀκριϐοῦσϐαι
860 3821 929 3875 τά
998 3829 1099 3891 τῆς
1177 3820 1374 3898 ἀγορᾶς
1408 3839 1422 3855 ·
1496 3819 1821 3885 ἐνεθίαεσθαι

162 3910 444 3984 λοετροῖς,
499 3909 577 3970 οἷς
634 3908 760 3986 πρὶν
819 3910 921 3965 οὐκ
978 3909 1200 3984 ἐθάμιζε
1232 3929 1247 3944 ο
1308 3908 1594 3985 διακρίνειν
1648 3908 1823 3984 οἷ’νου,

161 3997 252 4062 τίς
297 3998 395 4071 μὲν
450 3995 769 4073 εὐπρόσιτος
827 3997 903 4061 εἰς
955 4003 1158 4075 γεῦσιν,
1211 3997 1294 4061 τίς
1348 3996 1407 4054 δὶ
1435 3998 1497 4055 ού
1527 3999 1772 4075 χρηστός
1806 4020 1819 4033 ·

158 4086 257 4142 κεί
288 4087 423 4141 αὐτὸ
460 4086 529 4143 τά
584 4085 771 4143 πολλά
829 4084 953 4143 ούδὶ
1008 4087 1085 4150 εἰς
1147 4087 1447 4145 ἀπόλαυσιν
1481 4090 1582 4158 τὴν
1612 4087 1821 4161 ἁπλῶς,

160 4173 474 4232 ἀλλ’ἵναό
532 4175 660 4253 πρὶν
714 4177 793 4250 μή
842 4177 1241 4254 πεπειραμὲνος
1299 4174 1450 4233 οἷ’νου
1511 4175 1652 4251 μηδὲ
1689 4175 1821 4254 ἄχρι

158 4269 294 4342 γοῦν
327 4261 506 4339 ὀδμῆς
537 4269 630 4320 νῦν
676 4264 983 4342 ἀρτιμαθὴς
1037 4266 1201 4323 αὐτοῦ
1247 4267 1465 4341 γένηται
1498 4267 1637 4343 πρὸς
1668 4278 1820 4342 θερα-

165 4352 327 4410 πείαν
381 4374 499 4426 σου,
555 4357 657 4409 τοῦ
734 4354 980 4430 μεγάλου
1040 4354 1250 4431 Πατρός
1285 4374 1299 4387 ⁸
1354 4353 1823 4431 προσεπιδιδάξεις

171 4441 235 4498 δὲ
290 4441 473 4512 αὐτὸν,
531 4445 619 4498 καὶ
670 4444 852 4508 ἀτενὲς
912 4443 1156 4519 βλέπειν,
1226 4446 1315 4500 καὶ
1365 4445 1553 4519 τρανές
1612 4443 1824 4518 λαλεῖν,

167 4534 262 4589 καὶ
319 4530 656 4600 ἀντιλαλεῖν,
713 4532 803 4588 καί
858 4554 964 4588 που
994 4534 1084 4589 καὶ
1143 4533 1513 4610 θρασύνεσθαι,
1546 4534 1634 4588 καὶ
1663 4555 1827 4590 κατα-

1924 3379 2094 3435 modo
2140 3385 2300 3435 amat
2350 3381 2542 3449 Deus;
2600 3397 2737 3437 cum
2789 3381 2989 3437 omnia
3046 3383 3256 3435 caetera
3309 3377 3567 3444 docebis,

1924 3484 2043 3525 non
2098 3473 2295 3524 autem
2350 3469 2771 3526 monasterium
2802 3469 3174 3526 servandum.
3209 3466 3572 3539 Discipulum

1928 3556 2126 3613 erudis
2157 3558 2493 3631 frequenter
2521 3574 2714 3615 errare
2741 3576 2844 3631 per
2872 3558 3017 3629 vias,
3075 3543 3364 3629 inspicere
3423 3557 3578 3615 intra

1930 3650 2132 3719 portas
2163 3663 2289 3719 quin
2320 3652 2530 3719 aperta
2581 3652 2742 3715 sunt,
2802 3651 2863 3704 et
2915 3651 3129 3719 paratis
3184 3645 3574 3715 intuentibus,

1931 3735 2207 3806 conjungi
2262 3734 2502 3792 cuilibet
2556 3735 2705 3792 laico
2739 3736 2798 3791 in
2836 3734 3312 3807 Jospitalitatem,
3346 3734 3580 3806 negotia

1931 3824 2190 3881 forensia
2219 3826 2472 3896 perfecte
2500 3841 2759 3893 noscere,
2801 3840 3136 3882 assuescere
3182 3823 3408 3881 balneis
3454 3842 3578 3894 quas

1932 3912 2098 3985 prius
2148 3930 2266 3970 non
2324 3914 2734 3986 frequentabat
2792 3931 2806 3970 :
2865 3914 2999 3970 vina
3048 3914 3380 3986 degustare,
3415 3929 3579 3985 qua:-

1933 4018 2071 4057 nam
2104 4001 2224 4059 sint
2245 4007 2421 4077 gustu
2452 4002 2674 4072 suavia,
2710 4020 2978 4075 quamam
3032 4002 3359 4075 injucunda
3417 4019 3430 4058 :
3491 4001 3580 4057 id-

1935 4108 2048 4163 que
2106 4108 2258 4163 saepe
2304 4108 2418 4147 non
2477 4092 2549 4147 ad
2608 4093 2923 4148 fruendum
2984 4091 3353 4165 simpliciter,
3385 4092 3488 4148 sed
3520 4096 3586 4147 ut

1937 4180 2037 4253 qui
2070 4182 2353 4238 hactenus
2386 4182 2624 4253 ignarus
2655 4182 2773 4237 vini
2804 4181 3121 4254 odorisque
3173 4182 3301 4254 ejus
3348 4197 3583 4237 reman-

1936 4274 2094 4325 serat
2149 4269 2294 4326 illud
2348 4286 2506 4327 nunc
2535 4277 2851 4344 cognoscat
2880 4272 2952 4327 ad
2986 4271 3447 4328 minisuandum
3477 4269 3585 4326 tibi

1936 4376 2147 4429 magno
2208 4359 2359 4415 Patri
2392 4376 2407 4416 :
2440 4359 2607 4415 illum
2668 4364 2944 4432 praeterea
2999 4361 3208 4417 edoces
3263 4359 3463 4417 oculos
3521 4359 3580 4414 in

1935 4464 2059 4503 rem
2153 4448 2405 4520 defigere
2447 4492 2462 4517 ,
2544 4448 2892 4506 tiducialiter
2980 4449 3201 4521 loqui,
3268 4448 3533 4505 contradi
3566 4477 3587 4489 -

1935 4553 2085 4604 cere,
2119 4554 2419 4609 procacem
2450 4554 2600 4608 esse,
2650 4537 2883 4608 injuriis
2940 4538 3221 4593 dimicare
3274 4555 3343 4593 ea
3392 4537 3591 4592 omnia

167 4619 407 4695 ψάλλειν
436 4616 675 4697 ὕϐρεσιν,
736 4621 1053 4687 ἀπεναντίας
1108 4627 1277 4679 ταῦτα
1326 4622 1519 4692 πάντα,
1554 4623 1633 4686 οἶς
1668 4622 1813 4685 αὐτὸς

1936 4626 2229 4682 contraria
2260 4643 2325 4683 ac
2355 4627 2701 4700 promisisti.
2721 4627 3022 4683 Permittis
3056 4643 3298 4682 manum
3328 4624 3593 4681 attollere

168 4710 365 4781 ἐτάξω.
397 4711 409 4731 ’
452 4713 688 4790 Εφησεις
742 4709 801 4766 δὲ
855 4711 945 4767 καὶ
1019 4718 1209 4787 χεῖρας
1293 4708 1461 4786 αἶ’ρειν
1534 4711 1613 4774 εἲς
1667 4710 1819 4767 οὐδὲν

168 4795 331 4874 ἅγιον
361 4817 375 4831 '
409 4802 499 4855 καὶ
561 4800 832 4877 βακτηρίᾳ
882 4801 996 4874 μὲν,
1029 4797 1222 4856 οὔκουν
1288 4795 1476 4877 ῥάϐδῳ
1524 4797 1582 4855 δὲ
1631 4797 1829 4877 σιδηρᾷ

1935 4714 2006 4770 ad
2039 4713 2188 4771 nihil
2216 4720 2508 4781 sanctum,
2541 4719 2598 4771 et
2625 4715 2856 4784 baculo,
2888 4713 2975 4771 vel
3011 4714 3200 4788 magis
3226 4714 3412 4771 ferrea
3439 4713 3597 4785 virga

1938 4803 2023 4858 uti
2058 4820 2170 4858 non
2204 4804 2276 4858 ad
2308 4809 2615 4876 paternum
2650 4805 2953 4873 ducatum,
3005 4804 3105 4860 sed
3166 4803 3239 4859 ad
3295 4802 3567 4861 latrocini

165 4895 500 4963 κεχρῆσθαι,
539 4889 648 4967 οὐχ
688 4890 763 4951 ὡς
816 4889 892 4953 είς
936 4888 1227 4963 ποίμανσιν
1274 4890 1567 4961 πατρικὴν,
1600 4888 1728 4945 ἀλλ’
1756 4891 1830 4952 ὡς
1940 4892 2185 4948 malum.

170 4976 253 5038 εἷς
284 4979 546 5051 πημονὴν
580 4979 901 5055 Λῃστρικήν.

254 5088 361 5144 ρκη
384 5109 398 5124 .

244 5339 298 5374 ἰ
328 5324 483 5393 Psal.
518 5334 645 5405 πέει,
680 5337 765 5393 16.

484 5070 717 5123 Τοιαῦτα
792 5065 856 5122 σὺ
913 5063 1293 5137 ἀπιδιδάξεις,
1359 5067 1387 5121 ὁ
1473 5068 1832 5143 ἀγράμματος

177 5155 450 5234 μοναχὸς,
504 5154 715 5233 ἑτεροῖα
762 5152 921 5231 μόνα,
968 5155 1106 5233 πρὸς
1157 5153 1291 5231 ἅπερ
1325 5154 1486 5219 αὐτὸς
1516 5155 1831 5232 παρηγγελ-

2014 5068 2135 5124 128.
2171 5067 2301 5123 Haec
2330 5066 2588 5134 docebis,
2643 5084 2675 5124 ο
2734 5068 3016 5124 monache
3074 5067 3405 5134 illitterate,
3453 5086 3591 5125 con-

1943 5157 2126 5213 traria
2172 5157 2256 5212 eis
2287 5173 2414 5229 quis
2446 5155 2747 5229 pollicitus
2777 5174 2839 5213 es
2868 5162 2926 5214 et
2954 5157 3309 5231 spondidisti
3340 5174 3591 5215 servare.

247 5514 367 5597 (.14.)
409 5515 815 5597 Lagstrygones,
875 5514 1129 5597 populus
1182 5515 1519 5597 Campunim
1570 5512 1807 5597 _m_o_ribu

1952 5514 2306 5597 in.vocibus,
2336 5513 2604 5597 ἀμμάτων
2632 5513 2931 5597 βαμμάτων
2963 5515 3405 5597 οιΑ-γραμμάτων.
3455 5517 3592 5597 Ι)οφ

169 5586 384 5646 ferinis
414 5586 688 5655 infamis;
722 5604 955 5643 carnem
989 5587 1309 5645 humanam
1329 5586 1586 5644 edebant
1608 5589 1834 5656 (Home-

171 5676 308 5727 rus,
340 5656 604 5727 Ovidius,
637 5666 693 5715 et
720 5658 1014 5726 Horatus).

251 5731 374 5806 (15)
403 5729 681 5791 Homines
708 5731 793 5791 ﬂii
823 5736 882 5789 et
910 5747 1051 5790 acus
1083 5747 1098 5789 :
1131 5729 1226 5787 hic
1282 5728 1629 5789 Eustathius
1686 5727 1837 5789 indit

1946 5586 2145 5665 primae
2202 5603 2365 5665 saepe
2405 5586 2788 5658 cepulantur,
2850 5586 3304 5665 signitican‘tque
3360 5590 3594 5662 prOprie

1944 5658 2166 5715 nodum
2198 5665 2255 5715 et
2283 5662 2571 5716 saturam.
