4104 6210
3803 65 4010 222 ’Ἴ

580 389 698 451 835
1345 383 1770 447 EUSTATHII
1817 379 2122 442 THESSA
2137 377 2596 444 LONlCENSIS
2639 382 2914 446 METRO
2926 384 3228 445 POLITE
3811 397 3897 458 836

581 523 686 589 Qui
721 522 980 596 praticus
1011 537 1128 576 non
1171 536 1233 576 es
1287 519 1509 587 (divina
1563 515 1721 573 enim
1778 531 1906 584 vox,
1965 513 2202 584 nihilqui

2389 510 2505 573 ἐνος
2535 511 2904 589 ὡμολόγησας
2931 515 3032 584 τήν
3072 514 3246 569 αὐτῶν
3299 515 3536 592 φυλακήν
3570 537 3582 551 ·
3614 520 3639 574 ὁ
3667 531 3894 598 πρακτικὸς
4003 477 4008 597 ί

585 614 689 670 tibi
746 610 1045 684 congrua),
1103 609 1201 663 sed
1265 607 1594 677 negotiator
1651 610 1707 661 et
1748 606 2074 671 mercator;
2108 602 2206 656 sivv

2387 600 2438 654 ὲν
2505 597 2694 656 οὔκουν
2750 603 2892 672 (θεία
2940 604 3043 679 γάρ
3121 600 3254 675 αὕτη
3306 603 3466 678 λέξις,
3523 609 3607 664 καὶ
3659 611 3786 668 οὐδὲν
3835 640 3893 672 σοι
4007 602 4008 607 ί

585 705 681 778 qui
716 719 802 768 es,
835 718 946 754 non
980 699 1170 754 dicam
1203 695 1625 761 theoricus,sed
1658 699 1953 766 spectator
1983 690 2196 747 forensi

2339 692 2733 764 προσήκουσα),
2787 692 3159 766 πραγματικὸς
3217 693 3399 765 μέντοι
3453 696 3538 750 καὶ
3591 697 3838 774 ἐμπορικός
3881 749 3889 761 .

582 795 926 868 smpissime,
961 790 1247 861 siquidem
1283 793 1554 842 naturam
1606 803 1795 858 neque
1839 785 1980 850 oris,
2042 799 2203 854 nequi

2341 778 2429 833 καὶ
2461 780 2792 853 θεωρητικὸς
2825 781 2918 853 μὲν
2969 780 3068 835 οὐκ
3117 779 3175 835 ἂν
3228 779 3454 856 εἶ’ποιμι,
3486 786 3720 862 θεωρικὸς
3747 789 3793 846 εὶ
3831 798 3891 849 καὶ

584 865 698 939 rcis
753 895 944 944 curas,
1007 892 1192 948 neque
1224 880 1442 931 tractas
1474 876 1543 929 de
1575 873 1886 946 theologia,
1922 889 2110 944 neque
2142 872 2198 925 in

2344 865 2600 942 ἀγοραῖος
2662 869 2738 930 ὡς
2794 870 2860 922 τά
2915 869 3120 940 πολλὰ,
3170 873 3265 925 οἷα
3319 875 3452 944 μήτε
3483 873 3624 951 οὖσιν
3676 878 3891 957 πολυπρα-

582 971 730 1025 dolis
762 983 953 1023 mores
985 967 1291 1032 reformas,
1325 980 1530 1019 omnes
1560 963 1740 1018 libros
1795 961 2031 1036 projicis
2080 978 2196 1033 quo

2343 961 2567 1031 γμονῶν
2599 954 2635 1026 ἤ
2669 959 2977 1034 προσώπων
3013 956 3049 1028 ἤ
3101 961 3454 1036 πθαγμάτιυν,
3507 984 3632 1034 μητε
3677 954 3894 1045 θεολογίαν

581 1074 834 1128 cumque
886 1055 1221 1121 inciderint,
1275 1058 1337 1108 ut
1370 1057 1646 1107 maneant
1679 1069 1778 1123 pro
1810 1056 1866 1106 te
1897 1049 2140 1106 solitarii
2172 1067 2202 1104 e

2345 1045 2714 1121 ἷσχνολογῶν,
2777 1049 2916 1119 μήτε
2983 1047 3244 1122 ἁρμονίαν
3319 1047 3482 1118 ἤθους
3535 1052 3894 1130 ῥυθμιζὸμινος·

580 1147 840 1212 silentes,
873 1145 951 1216 ζει
1000 1161 1112 1198 non
1173 1143 1292 1198 sint
1351 1141 1718 1196 intuentibus
1772 1141 2190 1211 impedimento

2342 1135 2431 1190 καὶ
2493 1131 2685 1211 βίϐλον
2749 1137 2841 1208 μὲν
2891 1134 3096 1191 ἅπασαν
3148 1132 3465 1212 παραϐύων,
3519 1140 3634 1196 ὅποι
3681 1143 3812 1221 τῦγῃ,
3848 1151 3897 1213 ὡς

579 1251 788 1292 sensus
841 1211 973 1288 tuos
1031 1230 1336 1300 distrahis,
1387 1247 1501 1301 quo
1537 1228 1844 1301 prohibent
1877 1228 1974 1284 Dei
2008 1244 2198 1284 sermo

2343 1225 2460 1280 ἀντὶ
2505 1229 2600 1279 σοῦ
2657 1224 2905 1298 μονάζειν
2964 1226 3131 1296 αὐτὴν
3183 1228 3574 1303 ἠσυχάζουσαν,
3602 1233 3681 1286 καὶ
3825 1258 3895 1292 πα.

580 1342 704 1393 nes,
739 1340 890 1396 quos
919 1321 1046 1377 ideo
1079 1320 1334 1375 arbitror
1371 1318 1563 1375 claudi
1624 1322 1679 1374 et
1733 1317 1933 1391 repelli
1996 1335 2067 1373 ne
2123 1334 2201 1372 vo:

2341 1313 2607 1390 ρέχουσαν
2658 1314 2948 1390 πράγματα
3001 1321 3116 1378 τοῖς
3166 1321 3441 1390 μετιοῦσιν
3472 1337 3484 1349 ⁸
3539 1319 3822 1398 ἀπασχολῶν
3859 1324 3896 1381 δὲ

577 1432 646 1471 ex
701 1413 786 1468 eis
847 1411 994 1465 mire
1026 1409 1246 1476 audita
1275 1412 1404 1462 acta
1436 1413 1534 1463 tua
1564 1407 1648 1463 eis
1682 1407 1972 1462 contraria
2001 1409 2198 1478 arguat

2337 1404 2436 1467 τὰς
2464 1401 2515 1458 ἐν
2546 1403 2631 1458 σοὶ
2662 1402 2960 1477 αἲσθήσεις,
3009 1403 3134 1460 ἔνθα
3197 1407 3276 1479 μή
3326 1406 3675 1463 ἐπιτάσσουσιν
3721 1415 3762 1466 οἱ
3797 1415 3895 1487 ἱεροῖ

577 1504 648 1558 Et
679 1501 817 1575 quid
855 1498 1004 1566 dico,
1039 1497 1306 1570 repellit?
1337 1496 1577 1566 Vsndis,
1613 1500 1672 1552 et
1722 1495 1831 1552 hoc
1892 1496 2112 1551 bonum
2171 1495 2198 1549 i1

2343 1493 2538 1568 λόγοι·
2586 1492 2676 1556 οὖς
2735 1494 2887 1567 οἶμαι
2950 1495 3040 1548 καὶ
3103 1492 3173 1550 δι’
3205 1495 3338 1550 αὐτὸ
3393 1499 3704 1561 κατακλείεις
3750 1502 3820 1556 καὶ
3842 1503 3898 1558 ἐκ.

581 1592 809 1646 lucrum
843 1592 1166 1661 permutes,
1195 1586 1366 1658 quasi
1397 1587 1596 1641 audito
1630 1585 1886 1658 maligno
1920 1586 1989 1640 ad
2024 1589 2080 1640 te
2111 1584 2201 1639 cla

2342 1582 2544 1644 κλείεις
2597 1580 2689 1637 ’ἶνα
2748 1584 2993 1655 μήποθεν
3050 1581 3102 1654 ἐξ
3181 1583 3357 1639 αὐτῶν
3414 1585 3742 1661 ἀπηχουμὲνη
3789 1595 3895 1667 amvi,

581 1684 821 1735 mante:
857 1701 884 1728 κ
917 1676 1116 1731 Vende
1142 1691 1288 1746 quos
1333 1675 1512 1730 habes
1568 1674 1768 1740 libros,
1828 1675 2032 1746 eisque
2079 1673 2200 1728 sicu

2343 1673 2478 1727 κατά
2514 1671 2567 1726 τί
2617 1671 2894 1748 τεράστιον
2942 1671 3204 1748 ἐξελέγχῃ
3259 1675 3354 1735 τὰς
3405 1673 3494 1736 σὰς
3540 1674 3755 1751 ἐργασίας
3798 1679 3897 1734 ἀντι-

577 1767 830 1823 volueris
887 1765 1242 1830 distributis,
1299 1765 1452 1833 veni,
1509 1780 1754 1832 sequere
1814 1780 1908 1818 me
1954 1764 2018 1817 ³⁸.
2052 1763 2193 1818 »Ηει

2341 1760 2677 1836 πραττούσας
2723 1761 2925 1825 αὐτοῖς.
2971 1761 3068 1816 Καὶ
3122 1762 3176 1816 τί
3228 1761 3396 1837 λέγω,
3431 1762 3676 1827 ἐκκλείσις
3704 1787 3715 1835 ;
3745 1767 3895 1841 Ἀπεμ·

581 1855 893 1928 disciplina
917 1854 1220 1926 judaizare
1248 1853 1488 1918 videris,
1521 1853 1613 1924 qui
1649 1852 1756 1908 hoc
1813 1851 2068 1906 Verbum
2129 1852 2202 1906 De

2272 1884 2312 1950 Β
2343 1849 2535 1935 πολεῖς
2595 1850 2689 1924 μὶν
2742 1849 2855 1923 οὖν,
2914 1851 3244 1923 καπηλεύων
3296 1853 3385 1907 καὶ
3443 1858 3592 1908 τοῦτο
3642 1855 3696 1909 τὸ
3736 1856 3893 1930 ἀγαθὸν,

579 1943 972 2002 substantiale
1051 1947 1107 1997 et
1189 1940 1728 2015 superubstantiale
1795 1942 2041 1996 vendere
2112 1958 2200 1996 n01

2271 1939 2309 1950 “’
2344 1939 2433 1996 καί
2488 1961 2604 2002 πως
2667 1941 2950 1995 ὑπακούων
3005 1945 3085 2014 τῷ
3139 1945 3370 2017 πονηρῷ
3424 1941 3762 2020 ὐποφωνοῦντί
3799 1966 3892 2001 σοι·

581 2034 801 2105 valens,
867 2033 1040 2088 verba
1105 2031 1231 2101 ejus
1288 2031 1470 2086 tradis
1527 2029 1987 2102 negotiatoribus
2047 2029 2202 2100 pretii

2343 2029 2672 2100 «ΙΙώλησον
2731 2029 2796 2084 τά
2854 2030 3172 2106 ὑπάρχοντά
3249 2052 3334 2085 σοι
3389 2032 3536 2086 ταυτὶ
3591 2027 3751 2108 βιϐλία
3783 2053 3794 2066 ·
3833 2037 3891 2089 καί

580 2124 820 2179 minime
841 2120 1238 2191 congruo,imo
1269 2121 1496 2191 exiguo;
1525 2119 2025 2191 quemodmodum
2062 2135 2197 2174 man

2340 2118 2672 2190 δαπανήσας,
2728 2114 2852 2174 ἔνθα
2903 2118 3112 2192 βούλει,
3169 2118 3330 2195 δεῦρο
3379 2118 3647 2176 ἀκολούθει
3677 2124 3891 2195 μοι.»Σῦ

577 2213 730 2285 cipia
761 2217 818 2267 et
853 2211 1008 2266 fures
1040 2209 1250 2264 timore
1288 2207 1540 2280 perculsi
1574 2207 1859 2278 pretiosas
1915 2211 1972 2262 et
2029 2224 2198 2279 magn

2340 2208 2397 2264 δὲ
2452 2208 2542 2264 καὶ
2593 2206 2882 2277 ἱουδαίζειν
2937 2205 3116 2272 δοκεῖς
3170 2213 3240 2282 τῇ
3296 2207 3518 2274 ἐνταῦθα
3565 2211 3891 2284 μαθητείᾳ,τόν

574 2301 747 2374 pretii
807 2315 1087 2371 personas
1136 2301 1192 2352 et
1241 2297 1475 2352 divitias
1533 2295 1693 2368 parvi
1748 2295 2063 2351 aestimant.
2126 2295 2195 2351 He

2341 2299 2436 2372 μὲν
2463 2302 2560 2353 τοῦ
2608 2301 2740 2353 Θεοῦ
2793 2296 2957 2372 λόγον
3015 2297 3174 2352 αὐτὸν
3232 2296 3460 2368 ἐκεῖνον,
3490 2299 3574 2354 τὸν
3616 2299 3809 2355 ἐνοῦσιον
3831 2300 3890 2356 ιιαὲ

579 2387 761 2446 mihi!
797 2387 1220 2444 Bibliothecam
1255 2385 1617 2455 monasterii,
1661 2401 1693 2440 o
1748 2383 2064 2453 illitterate,
2124 2402 2192 2440 cu

2338 2388 2681 2463 ὑπεροῦσιον,
2713 2387 2810 2443 οὐκ
2854 2384 2998 2464 ἔχων
3060 2385 3478 2464 διαπιπράσκειν
3513 2407 3524 2420 ·
3568 2389 3682 2452 τοὺς
3709 2387 3754 2444 δὲ
3776 2390 3888 2445 αὐτοῦ

579 2485 693 2536 tua:
721 2477 1115 2550 intelligentiae
1144 2475 1380 2548 aequasti
1401 2474 1428 2530 ?
1459 2475 1566 2539 Qui
1596 2473 1820 2530 litteras
1839 2475 1984 2546 {non
2045 2473 2198 2529 nosti

2337 2473 2538 2552 λόγους
2592 2473 2837 2539 ἐκδιδοὺς
2897 2481 3017 2538 τοῖς
3089 2475 3439 2552 ἀγοράζουσι,
3507 2477 3591 2532 καὶ
3642 2475 3746 2534 οὐδὲ
3789 2479 3891 2549 ἀξίου

578 2587 681 2625 cur
739 2584 865 2624 eam
918 2565 1330 2622 instrumentis
1385 2564 1456 2619 ad
1514 2563 1839 2619 docendum
1901 2563 2076 2634 apitis
2126 2580 2196 2618 va

2335 2571 2464 2641 γοῦν
2490 2568 2828 2639 τιμήματος,
2888 2563 3036 2620 ἀλλὰ
3090 2568 3187 2620 τοῦ
3243 2565 3765 2643 παραῤῥιπτομένου·
3799 2570 3890 2622 καθὰ

577 2657 978 2714 cuasti?Sine
1010 2653 1268 2728 pretiosa
1299 2653 1358 2707 in
1417 2669 1486 2708 ea
1541 2651 1733 2724 colligi
1795 2668 1810 2708 :
1870 2651 2063 2708 veniet
2117 2651 2193 2708 ali

2333 2677 2438 2711 που
2491 2655 2580 2710 καὶ
2640 2650 3061 2728 ἀνδραποδισταὶ
3118 2655 3212 2709 καὶ
3267 2653 3521 2724 κλέπται,
3574 2655 3886 2732 τροχαζόμενοι

577 2749 710 2819 quis
778 2750 910 2817 post
970 2749 1066 2812 te,
1134 2743 1254 2797 sive
1317 2741 1546 2798 litteras
1612 2742 1892 2808 edoctus,
1959 2740 2080 2796 sive
2143 2741 2198 2796 di

2335 2739 2513 2821 φόϐῳ,
2575 2743 2823 2820 βραχέων
2899 2747 3164 2816 τιμῶνται
3241 2745 3310 2798 τὰ
3386 2745 3570 2820 εὐγενή
3613 2745 3690 2800 καὶ
3734 2743 3888 2800 πολλοῦ

579 2835 776 2890 scendi
809 2833 1082 2904 cupidus,
1117 2831 1214 2902 qui
1250 2835 1487 2902 tempus
1519 2830 1575 2884 in
1609 2846 1676 2884 ea
1723 2846 2077 2884 consumens
2127 2847 2200 2885 sa

2331 2834 2618 2906 τιμώμενα
2646 2832 2914 2906 πρόσωπά
2942 2853 2999 2887 τε
3045 2833 3132 2887 καὶ
3166 2835 3453 2910 χρήματα.
3498 2833 3640 2890 Ἀλλ’
3666 2829 3702 2887 ὥ
3731 2853 3802 2906 μοι
3821 2835 3830 2888 !
3851 2832 3887 2886 τί

579 2922 830 2996 pientior
887 2921 996 2975 erit
1048 2937 1081 2974 a
1143 2919 1331 2992 primo
1391 2918 1718 2990 principio;
1770 2923 1828 2974 et
1884 2918 2028 2974 alter
2072 2917 2192 2974 inte

2333 2921 2556 2994 δήποτε,
2603 2923 2647 2976 ὦ
2707 2920 3047 2997 ἀγράμματε,
3106 2922 3208 2991 τήν
3271 2923 3682 2996 μονοστηριακήν
3728 2916 3883 2996 βιϐλιο-

579 3027 743 3085 gram
776 3010 1164 3082 ignorantiam
1195 3008 1438 3077 veritus,
1471 3007 1801 3062 desiderata
1830 3007 1888 3062 in
1938 3006 2200 3063 librorun

2331 3014 2505 3082 Θήκην
2558 3014 2626 3085 τῇ
2685 3013 2752 3084 σῇ
2809 3009 3179 3086 παρεξισάσεις
3233 3010 3434 3088 ψυχῆς
3493 3011 3574 3066 καὶ
3627 3010 3698 3065 ὅτι
3741 3011 3799 3083 μή
3841 3007 3883 3064 σὺ

578 3099 976 3173 promptuario
1033 3097 1311 3152 inveniet.
1374 3097 1438 3150 Et
1493 3099 1558 3151 tu
1615 3113 1792 3167 quam
1853 3096 1924 3150 ob
1978 3112 2199 3150 causan

2327 3100 2576 3177 κατέχεις
2634 3099 2950 3175 γράμματα,
2995 3099 3234 3163 ἐκκενοῖς
3286 3101 3376 3156 καὶ
3419 3101 3578 3170 αὒτὴν
3629 3105 3718 3155 τῶν
3759 3121 3885 3174 γραμ-

578 3191 686 3245 hoc
721 3206 830 3244 non
866 3188 1104 3242 tentas?
1134 3191 1190 3242 et
1223 3187 1527 3258 ingressus
1555 3184 1728 3257 plane
1776 3185 1960 3251 rudis,
2011 3185 2199 3240 studii:

2333 3190 2654 3267 ματοφόρων
2707 3191 2908 3243 σκευῶν
2944 3207 2957 3256 ;
2990 3190 3154 3266 ’Δφες
3205 3188 3376 3259 αὐτὴν
3433 3191 3627 3264 στέγειν
3668 3189 3723 3242 τὰ
3758 3187 3883 3259 τίμια.

574 3280 915 3333 incumbere
973 3293 1085 3330 non
1146 3274 1362 3346 cupis?
1419 3274 1484 3329 Et
1532 3289 1666 3328 cum
1700 3273 1988 3329 occultam
2025 3273 2195 3328 scien‘

2266 3264 2290 3330 3
2332 3264 2750 3340 ’Eleﬁoemifzc
2801 3277 2935 3350 μετά
2981 3264 3125 3347 σὲίῆ
3176 3298 3478 3353 γράμματα
3527 3274 3887 3350 μαθὼν,ἤᾶλ).ὲ

575 3368 714 3422 tiam
782 3365 1130 3438 gustaveris,
1200 3369 1276 3434 et,
1338 3363 1493 3418 dicet
1548 3361 1786 3434 aliquis,
1847 3362 2195 3418 invisibilem

2333 3367 2812 3443 φιλογράμματος.
2847 3365 2942 3421 Καὶ
2988 3364 3193 3428 ἐκεῖνος
3245 3368 3342 3440 μὲν
3399 3361 3720 3438 ἐνδιατρίϐων
3752 3364 3885 3423 αὐταῖς

574 3455 714 3527 quia
742 3455 1002 3510 nondum
1039 3452 1238 3525 fulget,
1272 3452 1436 3507 illam
1470 3452 1526 3505 in
1587 3450 1778 3506 lucem
1840 3452 2109 3521 adducis,
2168 3469 2195 3506 e

2333 3456 2383 3526 ἐξ
2440 3455 2695 3531 ἀφορμῆς
2751 3462 2852 3524 τῆς
2909 3455 3102 3530 πρώην
3186 3450 3336 3510 ἕσται
3418 3457 3742 3533 σοφώτεροςο
3787 3454 3809 3507 ὁ
3850 3449 3886 3505 δὲ

574 3545 830 3616 teipsum
891 3543 1074 3598 efficis
1135 3559 1236 3614 pro
1303 3541 1544 3612 indigno
1580 3540 1846 3612 dignum,
1880 3557 1982 3613 pro
2014 3541 2195 3596 insani

2334 3543 2604 3620 δεύτερος,
2638 3541 2900 3608 αἰδεσθεὶς
2951 3545 3013 3598 τὸ
3061 3543 3346 3606 παντελὼς
3397 3545 3736 3621 ἀγράμματον,
3771 3543 3886 3617 εὑρή-

576 3636 927 3708 sapientem,
955 3650 1057 3706 pro
1091 3649 1248 3687 mero
1281 3631 1519 3687 homine
1576 3631 1984 3687 rationabilem
2041 3631 2197 3687 homi

2333 3655 2410 3689 σει
2461 3631 2550 3688 διὰ
2599 3636 2698 3702 τῆς
2760 3627 3056 3708 βιϐλιακῆς
3115 3629 3471 3688 διδασκαλίαν
3511 3635 3567 3689 τὸ
3610 3631 3888 3704 ποθούμενην.

579 3742 736 3795 nem,
795 3724 916 3779 sive
973 3721 1086 3778 alio
1119 3721 1290 3776 modo
1323 3721 1548 3776 ratione
1578 3719 1890 3792 praditum
1917 3720 1944 3775 ?
1969 3721 2157 3789 Disce,
2191 3740 2200 3775 ι

2332 3722 2399 3780 Τί
2449 3721 2506 3778 δὲ
2568 3723 2642 3794 μὴ
2701 3722 2792 3776 καὶ
2850 3722 2911 3776 σὺ
2968 3721 3030 3776 τὸ
3088 3721 3220 3777 αὐτὸ
3285 3723 3628 3799 μεταχειρίζῃ
3652 3716 3888 3788 καλόν;κιῖ

580 3814 875 3882 homo;et
900 3811 1109 3866 deinde
1138 3814 1238 3865 aut
1270 3810 1480 3880 scribe,
1536 3814 1640 3864 aut
1696 3809 1972 3880 loquere;
2033 3817 2098 3866 ut
2154 3811 2201 3864 dt

2331 3807 2717 3886 ἀναλφάϐητος
2752 3810 2869 3883 μὶν,
2929 3811 2956 3865 ὅ
3011 3833 3190 3886 φασιν,
3231 3807 3488 3883 ἀπεκϐἀς,
3527 3805 3808 3887 ἐντρίϐεσθαι

577 3902 814 3974 scriptis
846 3901 950 3955 tibi
984 3898 1484 3971 congratulentur,
1518 3915 1652 3953 cum
1684 3897 1833 3952 liber
1866 3903 2001 3954 tuus
2033 3898 2092 3954 in
2121 3899 2198 3954 bo

2333 3902 2631 3976 ἀναγνώσει
2689 3897 3007 3969 σποτδάζεις
3048 3919 3061 3932 °
3116 3903 3455 3976 γευσάμενος
3502 3899 3556 3956 δὲ
3619 3899 3887 3974 ἀναγνώσεως

579 4009 715 4046 nam
751 3990 1091 4045 memoriam
1129 3988 1413 4060 procedet,
1451 3991 1513 4041 ut
1542 3987 1832 4042 sermonis
1865 3987 1948 4042 tui
1982 3988 2066 4043 vel
2099 4005 2198 4044 sen

2329 3985 2593 4064 ἀμυδράς,
2650 3988 2736 4041 καὶ
2796 3988 2870 4048 ὡς
2930 3985 2988 4042 ἄν
3047 4009 3130 4051 τις
3186 3987 3326 4064 ἐρεῖ,
3389 3990 3612 4068 ἀφανους
3642 3985 3716 4043 διὰ
3740 3983 3888 4040 τὸκατ’

583 4077 941 4145 ιριιιίοιιὶ,νρ1
970 4076 1393 4150 interpretativi
1428 4077 1806 4132 recordentur
1837 4077 2123 4133 homines.
2151 4079 2204 4132 Dl

2332 4077 2498 4146 αὐτὴν
2574 4073 2844 4149 ἀλαμπὲς,
2921 4073 3266 4154 διαφωτίζεις
3345 4077 3532 4146 αὐτὴν,
3589 4078 3666 4132 καὶ
3733 4072 3889 4129 σεαυτὸν

575 4173 631 4223 te
683 4167 856 4222 etiam
907 4166 1135 4221 dicatur
1167 4181 1179 4220 :
1217 4170 1486 4235 Loquere,
1521 4181 1716 4230 senex,
1745 4171 1800 4221 et
1821 4165 2094 4221 laudetur
2124 4184 2192 4239 pe

2333 4163 2616 4227 ἀποτελεῖς
2647 4164 2763 4220 ἀντὶ
2817 4164 3035 4235 ἀναξίου
3085 4164 3256 4238 ἄξιον,
3305 4168 3396 4222 καὶ
3443 4167 3555 4222 ἀντὶ
3583 4167 3779 4236 ἀνοήτου
3810 4181 3889 4216 νοι-

575 4262 632 4312 te
663 4256 764 4327 qui
797 4257 896 4311 dat
925 4253 1266 4324 sapientiam
1299 4259 1355 4309 et
1383 4253 1766 4320 intellectum,
1827 4255 2002 4311 Deus.
2062 4256 2196 4320 Qum

2335 4256 2448 4329 ρὸν,
2503 4255 2593 4309 καὶ
2627 4254 2742 4308 ἀντὶ
2796 4253 2987 4316 ἁπλῶς
3038 4255 3332 4330 ἀνθρώπου
3373 4255 3554 4332 λόγιον
3607 4247 3888 4329 ἅνθρωπον,ἧ

577 4345 796 4402 bonum
827 4347 873 4402 si
907 4345 965 4400 in
998 4349 1052 4398 te
1084 4361 1197 4398 non
1230 4348 1489 4416 apparet,
1524 4360 1712 4415 neque
1744 4345 1940 4416 praxis
1970 4347 2198 4418 egregia

2331 4349 2460 4420 γοῦν
2492 4342 2638 4399 ἀλλᾶ
2666 4338 2898 4419 ἔλλογον
2937 4363 2949 4412 ;
3009 4345 3182 4411 Μάθε,
3228 4346 3274 4399 ὦ
3323 4345 3480 4408 οὗτος
3515 4364 3527 4377 °
3569 4345 3668 4400 εἶτα
3692 4341 3723 4411 ἦ
3745 4343 3887 4418 γράψον

574 4439 843 4508 superest
876 4439 940 4488 ut
966 4434 1221 4489 moriens
1245 4434 1416 4504 juxta
1432 4431 1729 4504 vulgarem
1756 4433 1969 4488 laicum
1999 4434 2195 4505 jaceas

2333 4432 2369 4503 ἤ
2398 4430 2543 4488 ἀλλὰ
2569 4432 2685 4487 εἷπέ⁹
2719 4454 2730 4464 ·
2765 4432 2851 4486 ἱνα
2879 4433 3089 4509 γράψας
3146 4435 3241 4506 μὲν
3300 4435 3581 4510 μακαρίζῃ,
3619 4435 3891 4510 προχειριζο-

577 4525 820 4580 minime
881 4529 1076 4578 autem
1127 4523 1299 4593 juxta
1350 4537 1483 4576 eum
1543 4520 1643 4592 qui
1703 4538 1807 4577 nec
1866 4522 1980 4578 Deo
2039 4524 2195 4579 astiti

2338 4523 2505 4595 μένης
2565 4525 2665 4586 τῆς
2720 4523 2856 4576 κατά
2913 4543 2970 4577 σε
3051 4517 3250 4598 βίϐλου
3305 4525 3383 4586 εἷς
3439 4524 3634 4598 ἀγαθὴν
3691 4522 3889 4594 μνήμην·

574 4614 962 4669 conventione
992 4629 1165 4684 quam
1201 4616 1261 4666 tu
1296 4609 1639 4682 promisisti,
1676 4627 1779 4666 nec
1812 4611 1966 4666 inter
2023 4629 2195 4668 muns

2269 4635 2304 4697 θ
2336 4612 2500 4666 εἰπὼν
2563 4607 2620 4665 δὲ
2677 4610 3108 4686 ἀπομνημονεύῃ
3186 4617 3283 4668 τοῦ
3363 4611 3400 4682 ἤ
3481 4601 3890 4690 ἀποοθὲγματοςῆ

574 4704 715 4758 chos
748 4703 898 4758 sicut
929 4707 990 4756 tu
1019 4701 1276 4772 scriptus
1307 4704 1414 4754 est.

2268 4694 2290 4697 —
2335 4699 2766 4773 ἒρμτ,νε·5ματος.
2821 4700 3069 4776 Λεγὲσθω
3126 4705 3218 4756 καὶ
3278 4701 3403 4778 περὶ
3462 4706 3552 4756 σοῦ
3598 4701 3686 4756 τό⁶
3736 4722 3758 4749 ί(
3801 4694 3889 4751 Ek!

576 4793 748 4867 γέρων
786 4809 798 4821 ⁸
848 4816 874 4843 ››
910 4789 998 4844 καὶ
1058 4787 1394 4860 ἀνυμνείυϐω
1445 4785 1597 4848 εὐθὺς
1656 4787 1743 4841 καὶ
1791 4784 1880 4842 διὰ
1937 4787 1993 4844 σέ
2049 4789 2076 4844 ὁ
2131 4792 2232 4855 τῆς
2288 4791 2478 4866 σοφ¹ας
2530 4789 2618 4843 καὶ
2677 4796 2774 4858 τῆς
2833 4788 3094 4852 συνέσεως
3154 4787 3345 4868 δοτὴρ.
3406 4790 3552 4852 Θεός.
3601 4788 3654 4845 Et
3707 4783 3754 4842 δὶ
3795 4783 3890 4856 μήτε

573 4883 735 4933 τοῦτο
791 4878 852 4932 τὸ
907 4877 1100 4952 ἀγαθὸν
1163 4876 1213 4929 ἐν
1274 4873 1360 4928 σοὶ
1413 4870 1797 4950 διεκφαίνεται,
1851 4878 1989 4948 μήτε
2043 4875 2105 4930 τό
2153 4877 2288 4931 κατὰ
2344 4865 2533 4952 πρᾶξιν
2596 4875 2861 4951 ἐνάρετον.
2897 4875 3138 4932 λείπεταί
3195 4865 3302 4932 σοι*
3344 4878 3548 4932 θανόντι
3594 4881 3771 4936 κεῖσθαι
3799 4865 3891 4922 mi

573 4968 666 5022 τὸν
725 4974 825 5036 τῆς
875 4961 1080 5040 τύρϐης
1131 4959 1322 5020 λαϊκόν
1357 4981 1370 4995 ⁶
1430 4965 1642 5037 μήποτε
1691 4961 1748 5018 δὲ
1797 4962 1923 5020 οὐδὲ
1972 4967 2088 5020 κατ’
2140 4963 2362 5035 ἐκεῖνον,
2422 4962 2483 5028 ὅς
2539 4986 2602 5041 γε
2661 4964 2782 5020 οὕτε
2815 4969 2932 5038 Θεῷ
2973 4966 3210 5042 παρέστη
3243 4967 3379 5042 πρὸς
3411 4961 3710 5041 ὁμολογίαν,
3738 4957 3826 5016 οἵαν
3849 4953 3890 5008 σὺ

577 5053 718 5124 ἔθου,
753 5055 874 5110 οὕτε
907 5060 1172 5130 μοναχοῖς
1203 5052 1470 5128 ἐνεγράφη
1505 5052 1640 5106 κατᾶ
1670 5053 1746 5108 σέ.

652 5167 771 5222 129.
827 5168 1086 5237 Agnosco
1140 5163 1316 5218 etiam
1372 5160 1648 5216 indutum
1707 5161 1928 5217 sanctis
1997 5163 2231 5234 pannis,

2416 5163 2548 5236 ρκο’.
2603 5161 2840 5216 Γίνωσκε
2871 5157 2928 5216 δὲ
2985 5161 3075 5216 καὶ
3129 5160 3210 5216 ὅτι
3243 5159 3719 5236 περικείμενοςῗμὶν
3743 5156 3796 5211 τὰ
3818 5155 3895 5216 et?!

578 5255 794 5327 quibus
824 5271 995 5309 verus
1028 5251 1352 5308 monachus
1382 5256 1716 5317 exornatur,
1737 5257 2002 5323 agentem
2037 5259 2199 5306 auter

2345 5250 2506 5326 ῥάκη,
2545 5247 2614 5305 δι’
2649 5251 2721 5304 ὧν
2753 5252 2780 5306 ὁ
2834 5251 3035 5326 κυρίως
3097 5253 3338 5328 μοναχὸς
3395 5256 3676 5324 κοσμεῖται,
3711 5244 3893 5319 πράττων

577 5363 689 5400 non
723 5343 1049 5399 secundum
1082 5341 1262 5406 hunc,
1296 5340 1396 5395 sed
1431 5339 1618 5411 magis
1667 5345 2018 5412 occupatum
2079 5341 2195 5396 circ

2343 5337 2400 5394 δὲ
2455 5340 2532 5413 μὴ
2591 5345 2707 5394 κατ’
2763 5337 2990 5409 ἕκεῖνον,
3050 5338 3196 5396 ἀλλὰ
3246 5340 3366 5416 περί
3414 5341 3478 5394 τά
3530 5334 3778 5413 κερδαλέα,
3808 5329 3893 5416 xit-

574 5434 865 5501 lucrit'era,
920 5437 976 5488 et
1029 5430 1167 5486 vilia
1219 5434 1666 5500 consequenter,
1726 5429 2002 5500 carnalia,
2063 5430 2195 5486 laica

2341 5432 2519 5493 τεῦθεν
2570 5426 2790 5506 χυδαῖα,
2822 5429 2910 5484 καὶ
2970 5429 3217 5505 σαρκικὰ,
3273 5429 3359 5484 καὶ
3414 5428 3584 5495 λαϊκᾶ,
3638 5425 3712 5479 καὶ
3761 5422 3820 5481 εἷς
3851 5415 3891 5467 τὸ

575 5528 633 5578 et
665 5541 777 5579 uno
809 5522 980 5578 verbo
1004 5521 1448 5588 mundana,non
1479 5517 1847 5589 epiritualem
1877 5519 2196 5575 monachus

2341 5523 2444 5572 πᾶν
2495 5519 2734 5592 κοσμικὰ
2780 5513 3125 5593 τριϐόμενος,
3173 5518 3234 5574 οὐ
3291 5519 3534 5593 μονάζεις
3570 5509 3891 5586 πνενματικῶς,

645 5718 690 5754 ³⁸
720 5717 924 5774 Matth.
951 5734 1065 5785 xix,
1095 5717 1186 5772 21.
