4104 6210
192 404 320 465 837
1218 391 1323 451 DE
1365 389 1858 453 EMENDANDA
1904 390 2090 451 VITA
2135 391 2610 455 MONACHICA.
3498 395 3617 455 838

193 529 350 588 ἀλλὰ
410 530 686 605 τεχνικῶς
715 522 962 595 ίδιάζεις,
993 524 1176 598 σαφῶς
1203 516 1262 575 δὶ
1301 518 1493 589 εἰπεῖν,
1544 518 1843 595 ἐργατικῶς
1872 570 1882 589 γ

1996 538 2201 593 εοεεεο,
2241 525 2342 580 sed
2376 524 2445 580 de
2474 522 2766 580 industria
2814 509 3185 591 seccessisse,
3234 527 3312 591 et,
3346 529 3411 580 ut
3465 530 3620 581 recte

198 620 462 697 μοχθεῖς,
529 615 851 695 σαφέστερον
927 608 985 666 δὶ
1044 611 1227 689 φάναι,
1281 608 1537 697 τεχνίτου
1588 605 1855 697 βαναξσου

1996 631 2196 686 oquar,
2230 614 2504 687 operibus
2535 612 2770 680 vilibus,
2803 630 2905 669 seu
2963 612 3196 683 melius,
3257 618 3322 668 ut
3379 613 3609 670 fabrum

196 694 362 780 δίκην
422 694 640 777 κοπιᾷς⁸
699 703 760 767 ’ὸς
815 700 867 757 ἐν
915 705 1033 763 τοῖς
1085 698 1351 777 ἆγεννέσιν
1379 696 1585 773 ἔργοις,
1618 695 1686 751 δι’
1719 694 1795 750 ὧν
1823 696 1858 765 ἢ

196 797 515 878 ρυπαίνεται
547 795 583 864 ἢ
616 785 996 866 κατατρίϐεται
1052 788 1115 843 τὸ
1162 785 1330 843 καλὸν
1383 784 1612 864 ἄμφιον,
1674 785 1862 862 ῥακεν-

196 872 357 944 δυτεῖ
426 884 517 940 καὶ
549 882 694 938 οὕτω
724 876 1163 957 κερδαλεώτερον
1209 877 1307 945 την
1366 876 1567 955 τέχνην
1601 872 1867 951 διαχειρίο

198 984 376 1048 ζεται.
421 974 730 1049 Θεώρησον,
785 967 1003 1025 ταπεινὶ
1053 964 1251 1041 ὕψηλὲ·
1308 962 1362 1018 τί
1414 961 1481 1034 δή
1540 963 1672 1019 ποτέ
1728 962 1868 1019 ἐστιν

198 1069 230 1123 6
262 1062 513 1139 μοναχός
544 1080 559 1130 ;
591 1059 692 1115 Καὶ
725 1054 915 1126 ἔπειδή
947 1054 1072 1111 οὔτε
1127 1052 1190 1109 σὺ
1219 1052 1540 1128 αὖτομαθῶς
1563 1053 1653 1108 τὸν
1685 1057 1865 1108 τοιοῦ-

196 1176 298 1211 τον
359 1149 531 1221 οἶδας,
594 1145 717 1204 οὔτε
775 1147 883 1221 μὴν
913 1144 973 1200 ἰκ
1020 1143 1240 1221 βιολίου
1297 1140 1444 1219 ἔχεις
1499 1143 1684 1218 μαθὼν
1728 1144 1867 1216 (πῶς

203 1244 341 1322 γὰρ,
375 1240 509 1317 ὅπερ
544 1241 717 1313 μῖσῶν
764 1234 862 1290 κᾶν
920 1233 1275 1309 ἀνοιγόμενον
1325 1229 1473 1308 ἴδῃς,
1524 1232 1662 1322 χάος
1693 1228 1871 1322 δοκεῖς

217 1318 452 1409 βλέπειν
484 1327 622 1385 κατὰ
650 1330 746 1383 σοῦ
794 1325 1032 1401 χαῖνον),
1082 1324 1313 1377 ἄκουσον
1363 1322 1469 1377 ἀπὸ
1525 1318 1721 1384 λαλιᾶς
1776 1320 1877 1377 οὐκ

213 1420 559 1500 ἆσυμφώνου
586 1420 705 1479 ταῖς
737 1415 908 1491 ἱεραῖς
935 1410 1235 1490 διφθέραις.

281 1526 391 1601 ρλ’.
453 1524 718 1598 Μοναχός
748 1519 864 1577 ἐστι
898 1517 1132 1590 πολίτης
1188 1518 1437 1593 οὐρανοῦ·
1477 1518 1553 1592 μὴ
1602 1518 1706 1593 γὰρ
1750 1524 1879 1594 γῆς,

222 1617 270 1673 εἲ
330 1615 424 1671 καὶ
477 1613 601 1690 περὶ
657 1617 760 1689 γῆν
818 1607 1087 1666 εἰλεῖται.
1146 1605 1391 1683 Αἶθὲριος
1446 1608 1545 1676 τήν
1595 1604 1876 1661 πολιτείαν

217 1707 545 1783 ἄνθρωπος·
631 1693 986 1775 ἀεροόάμων,
1046 1699 1129 1759 οἷς
1164 1695 1253 1783 ,τὰ
1306 1695 1442 1751 κατὰ
1491 1701 1593 1772 γῆν
1649 1695 1879 1771 ὑπερπέ-

210 1781 393 1850 τεται·
467 1794 568 1868 γῆς
625 1788 839 1859 ἁπάσης
873 1784 1126 1862 βασιλεὺς
1157 1781 1246 1839 διὰ
1271 1785 1335 1840 τὸ
1383 1785 1498 1840 κατ’
1548 1783 1729 1839 εἰκόνα
1783 1787 1881 1839 τοῦ

1974 701 2228 775 fatigari,
2279 702 2379 775 qui
2429 702 2581 758 inter
2626 701 2763 758 vilia
2814 718 2990 775 Opera
3050 703 3268 774 quibus
3315 704 3617 759 sordesce-

1974 796 2063 847 ret
2092 797 2195 847 aut
2240 796 2572 847 conteretur
2618 790 2932 864 pulchrum
2982 792 3421 860 indumentum,
3473 810 3619 867 pan-

1976 884 2070 939 nis
2101 883 2387 951 induitur,
2420 891 2474 939 et
2502 882 2587 939 sic
2633 882 2819 954 magis
2865 882 3164 939 luciferam
3226 889 3409 939 artem
3460 902 3622 941 exer-

1978 978 2089 1039 cet,
2138 972 2343 1028 Viden’
2391 989 2423 1028 o
2480 988 2690 1043 magne
2735 977 2794 1027 et
2855 971 3113 1039 humilis,
3181 973 3323 1045 quid
3371 974 3449 1029 sit
3491 991 3615 1031 mo-

1978 1061 2202 1118 nachus
2224 1062 2252 1116 ?
2283 1066 2351 1117 Et
2380 1061 2661 1135 quoniam
2700 1077 2833 1117 eum
2869 1078 2982 1117 non
3017 1061 3249 1134 novisti,
3302 1078 3489 1137 neque
3520 1080 3621 1121 ex-

1982 1151 2265 1225 perientia
2295 1150 2552 1224 propria,
2586 1167 2774 1223 neque
2804 1167 2873 1206 ex
2902 1149 3049 1207 libro
3079 1152 3395 1225 (quomodo
3429 1153 3611 1221 enim,

1966 1236 2270 1313 'siquidem
2302 1256 2459 1309 eum,
2492 1238 2590 1295 ubi
2621 1240 2830 1296 videris
2858 1245 3147 1312 apertum,
3179 1242 3440 1310 odisti,et
3470 1243 3623 1299 arbi-

1984 1331 2158 1387 traris
2186 1330 2466 1402 abyssum
2511 1332 2645 1385 ante
2694 1333 2749 1385 te
2796 1328 3056 1386 hiantem
3106 1331 3456 1403 inspicere);
3490 1332 3625 1389 audi

1986 1437 2124 1494 ergo
2154 1437 2224 1475 cx
2252 1435 2519 1475 sermone
2557 1418 2781 1476 sanctis
2811 1419 3107 1492 tympanis
3160 1437 3276 1477 non
3329 1421 3626 1479 dissimili.

2060 1528 2184 1584 150.
2234 1526 2555 1584 Monachus
2589 1525 2730 1582 civis
2778 1532 2869 1581 est
2919 1526 3070 1593 caali,
3120 1545 3235 1584 non
3276 1533 3463 1597 terrae,
3496 1530 3633 1586 licet

1988 1615 2217 1671 habitet
2265 1616 2324 1670 in
2373 1632 2461 1670 ea.
2512 1614 2817 1671 [Ethereus
2882 1621 2972 1671 est
3036 1617 3211 1673 homo
3273 1619 3483 1691 agendi
3534 1636 3631 1674 ra-

1990 1706 2148 1762 tione
2175 1723 2190 1774 ;
2222 1720 2324 1777 per
2354 1720 2547 1761 aerem
2578 1703 2797 1759 incedit
2825 1706 3086 1760 terrestri
3116 1705 3335 1773 volatu,
3370 1724 3469 1764 rex
3501 1709 3631 1764 uni-

1990 1811 2171 1851 versa:
2220 1799 2408 1859 terrae,
2470 1792 2571 1864 qui
2640 1798 2731 1848 est
2786 1798 2856 1849 ad
2913 1794 3229 1867 imaginem
3286 1797 3383 1852 Dei
3455 1798 3631 1870 Regis

203 1878 617 1957 παμϐασιλέως
680 1880 836 1946 Ωεοῦ,
870 1876 899 1931 ὃ
955 1880 1059 1937 πᾶς
1122 1875 1216 1948 μὶν
1267 1870 1548 1949 ἄνθρωπος
1591 1872 1875 1960 φυλαττειν

1996 1900 2216 1955 regum,
2267 1898 2446 1954 quam
2497 1897 2727 1937 servare
2776 1882 2991 1939 debent
3040 1884 3294 1940 universi
3340 1885 3634 1957 homines,

206 1974 496 2042 τέτακται,
555 1967 728 2030 αὐτὸς
760 1962 817 2020 δὶ
846 1964 984 2041 πρὸς
1012 1968 1093 2035 τῷ
1139 1967 1308 2035 κοινῷ
1352 1961 1503 2038 χρέει
1554 1963 1644 2017 καὶ
1696 1959 1882 2025 ἰδικῶς

211 2059 534 2139 ἐποφείλει,
597 2054 986 2130 μεμνημάνος,
1051 2050 1135 2107 ὅτι
1194 2050 1427 2122 ὁπηνίκα
1483 2053 1518 2121 ἡ
1579 2050 1750 2127 κουρά
1800 2056 1885 2139 τῷ

222 2138 352 2223 Θεῷ
417 2148 580 2203 αὐτὸν
612 2144 1008 2221 παρεστήσατο,
1067 2139 1158 2196 καὶ
1215 2139 1346 2195 αὐτὸ
1375 2139 1654 2215 ἀπῃτήθη,
1687 2141 1760 2202 ὡς
1792 2138 1889 2211 δη-

215 2237 371 2309 λοδὴ
407 2235 675 2313 ἂπαλιφὲν
714 2234 998 2307 βιωτικοῖς
1031 2230 1213 2306 ὑγροῖς
1240 2229 1303 2283 τὸ
1341 2230 1458 2283 κατ’
1505 2227 1664 2284 αὐτὸν
1719 2227 1884 2304 ἀρχέ-

214 2348 394 2384 τυπον
489 2323 772 2395 εἶκόνισμα
876 2318 1115 2384 εἴσαῦθις
1219 2316 1532 2373 ἀνανεώσων
1634 2316 1887 2389 πολιτείᾳ

222 2417 534 2493 μοναχικῇ.
625 2412 749 2468 Ἔτι
835 2408 1080 2484 μοναχός
1156 2405 1268 2462 ἑστι
1342 2406 1624 2483 ζωγράφος
1675 2406 1876 2480 ἀρετῆς

218 2498 721 2579 ἀπηκρίὖωμένης,
777 2499 913 2573 πρὸς
968 2498 1030 2566 ἣν
1059 2496 1113 2550 αἱ
1168 2499 1275 2549 τῶν
1340 2494 1654 2570 βλεπόντων
1700 2497 1885 2570 ψυχαί

216 2594 526 2673 γράφοι·ηο
555 2591 632 2646 ἂν.
685 2587 890 2666 Γράφοι
940 2584 1000 2673 δε
1044 2581 1104 2639 ἄν
1138 2585 1167 2638 6
1222 2586 1475 2646 τοιαῦτος
1523 2582 1685 2645 αὐτὰς
1742 2582 1881 2658 πρὸς

227 2672 544 2760 ἀκρίϐειαν,
579 2677 665 2735 ἐὰν
720 2675 901 2760 σοφὸς
927 2672 1131 2736 τέκειος
1187 2672 1408 2749 γένηται
1457 2672 1556 2742 τήν
1616 2673 1886 2751 γραφικὴν

218 2758 456 2841 ταῦτην,
513 2769 588 2830 ὡς
644 2765 737 2821 καὶ
779 2758 987 2840 τρίϐειν
1043 2763 1382 2835 πνευματικὰ
1437 2760 1732 2837 χρώματα,
1798 2762 1884 2816 καὶ

224 2861 524 2936 ωγκιρνᾷν
570 2856 659 2910 καὶ
734 2851 998 2927 ἄμμελῶς
1044 2850 1394 2928 παρατιθέναι
1449 2850 1583 2925 πρὸς
1642 2848 1886 2921 ἄλληλα,

222 2935 319 3005 καὶ
393 2950 630 3021 μετρεῖν,
661 2944 737 3005 ὥς
794 2938 908 2997 οἶδε
950 2941 1232 3017 ζωγράφος
1282 2944 1574 3015 τεχνᾶσθαι
1627 2940 1726 3008 τήν
1771 2935 1890 2993 κατ’

228 3037 361 3094 αὐτὶ
409 3032 768 3111 συμμετρίαν.
816 3033 1073 3093 Τοιοῦτος
1121 3026 1179 3084 δὲ
1225 3029 1439 3090 πάντως
1485 3028 1520 3097 ἢ
1572 3027 1601 3081 6
1658 3026 1710 3098 ἐξ
1765 3027 1889 3082 ἀνα-

232 3127 512 3204 γνώσεως,
562 3122 598 3192 ἢ
643 3122 672 3176 6
718 3119 770 3193 ἐξ
827 3116 1247 3192 ἀποκαλύψεως,
1283 3120 1383 3182 τῆς
1415 3113 1504 3171 διὰ
1559 3122 1884 3193 πρακτικῆςο

1996 1978 2052 2029 et
2075 1972 2202 2044 ipse
2229 1971 2360 2044 plus
2403 1986 2583 2042 quam
2612 1970 2805 2025 ceteri
2852 1976 2909 2026 et
2957 1971 3214 2044 amplius
3261 1978 3511 2040 tenetur,
3545 1992 3637 2031 re-

1995 2062 2271 2117 cordatus
2301 2077 2384 2127 se,
2417 2059 2653 2131 quando
2685 2064 2929 2115 tonsura
2957 2068 3337 2118 consecratus
3388 2063 3522 2132 fuit,
3561 2065 3633 2119 ad
3692 2065 3698 2071 ’

1997 2150 2105 2205 hoc
2128 2166 2257 2206 esse
2284 2148 2619 2217 invitatum,
2671 2152 2733 2202 ut
2776 2148 3048 2204 fcedatam
3098 2150 3415 2207 sudoribus
3465 2169 3635 2208 mun-

1995 2238 2167 2294 danis
2199 2236 2650 2293 similitudinem
2682 2252 2850 2291 suam
2883 2237 2954 2291 ad
2985 2237 3169 2293 Deum
3210 2256 3418 2295 rursus
3466 2257 3638 2297 reno-

1996 2333 2241 2382 vaturus
2309 2330 2459 2383 esset
2527 2326 2801 2396 operibus
2886 2326 3250 2383 monasticis.
3319 2328 3641 2385 Monachus

1996 2416 2186 2489 pictor
2231 2419 2321 2471 est
2363 2414 2543 2470 etiam
2593 2413 2828 2469 virtutis
2873 2413 3161 2485 perfectis,
3208 2416 3282 2471 ad
3334 2433 3514 2487 quam
3546 2418 3640 2471 iu-

1997 2505 2316 2561 t'ormandis
2347 2508 2487 2559 sunt
2535 2504 2744 2559 anima:
2775 2503 3153 2559 intuentium.
3204 2504 3358 2568 Quas
3405 2506 3477 2560 ad
3511 2521 3640 2576 per-

1997 2594 2308 2650 fectionem
2358 2592 2469 2649 iste
2520 2592 2814 2665 depinget,
2848 2592 2898 2647 si
2945 2592 3097 2647 hanc
3139 2597 3327 2649 artem
3386 2594 3640 2666 perfecte

1998 2683 2241 2739 edoctus
2271 2686 2378 2751 est,
2414 2681 2465 2738 si
2512 2680 2719 2736 didicit
2765 2679 3106 2752 spirituales
3155 2680 3377 2738 colores
3435 2688 3640 2751 terere,

1998 2770 2266 2840 miscere,
2338 2769 2715 2841 distinguere,
2781 2773 2982 2824 curate
3045 2770 3325 2840 conferre,
3363 2776 3422 2825 et
3486 2786 3644 2826 men-

1998 2875 2222 2927 surare,
2274 2859 2431 2914 sicut
2480 2858 2641 2914 novit
2708 2857 2894 2929 pictor
2939 2873 3038 2913 eos
3078 2858 3221 2913 scite
3268 2875 3642 2930 componere.

1997 2947 2157 3004 Talis
2186 2952 2276 3003 est
2302 2947 2478 3003 homo
2522 2946 2819 3012 doctrinm,
2862 2951 2963 3001 aut
3004 2946 3356 3003 inventionis
3386 2964 3489 3020 per
3519 2964 3652 3020 pra-

1997 3038 2209 3093 cticam
2258 3055 2272 3093 :
2326 3053 2575 3108 quarum
2622 3052 2797 3091 unam
2844 3051 2946 3107 per
2992 3034 3370 3106 sapientiam,
3414 3043 3474 3093 et
3505 3035 3645 3092 alte-

1996 3142 2123 3182 ram
2171 3142 2273 3198 per
2319 3143 2511 3181 veram
2583 3124 2811 3197 praxim
2861 3123 3185 3178 monachus
3250 3125 3497 3194 obtinet,
3544 3141 3649 3197 per

238 3202 315 3271 ὧν
347 3214 411 3270 τὸ
445 3213 539 3287 μὲν
587 3207 703 3286 ἔχει
736 3206 825 3265 διὰ
853 3206 1043 3285 σοφίαν
1079 3206 1107 3262 ὁ
1136 3204 1408 3280 μονάζων,
1437 3205 1500 3260 τὸ
1548 3202 1607 3260 δὲ
1655 3202 1744 3261 διὰ
1788 3212 1882 3275 τῆς

1999 3232 2174 3287 quam
2206 3216 2551 3287 aperiuntur
2589 3212 2744 3269 oculi
2788 3212 2878 3285 (ut
2923 3213 3125 3268 Davidi
3175 3213 3410 3285 accidit)
3448 3215 3519 3269 ad
3553 3214 3645 3268 in-

242 3264 309 3271 *⁷’
360 3264 407 3270 "
445 3264 531 3287 r"'
594 3264 658 3286 'n.
748 3264 751 3265 '
934 3264 945 3285 ι
1136 3264 1148 3280 ι
1291 3264 1307 3275 σ
1395 3264 1408 3277 ι
1845 3264 1882 3275 -η

240 3300 419 3364 ὄντως
451 3300 746 3371 ’πεάξεως,
797 3294 869 3352 δι’
929 3298 996 3366 ἧς
1045 3294 1135 3350 καὶ
1185 3293 1351 3364 αὐτῆς
1412 3292 1882 3350 ἀποκαλύπτονται

1999 3264 2651 3376 ῖῶῖίξθιῖἷιζᾶἷτξιᾷίιῖᾇ
2666 3264 3519 3372 13.5,“g.‘;.“.;.{i;.;.";t;{
3548 3264 3642 3357 ἐξ-

244 3392 548 3450 Δαυϊτιιιῶς
576 3384 854 3466 ὀφθαλμοὶ
884 3385 961 3451 είς
986 3385 1049 3441 τὸ
1073 3389 1349 3440 κατανοεῖν
1380 3385 1447 3439 τὰ
1474 3388 1571 3440 τοῦ
1601 3388 1735 3440 Θεοῦ⁹
1768 3395 1894 3448 θαυ-

237 3481 429 3555 μάσια·
476 3476 527 3531 ἰν
576 3477 661 3539 οἷς
718 3475 808 3531 καὶ
864 3474 934 3530 τὰ
977 3481 1076 3545 τῆς
1108 3472 1311 3529 ἐκείνου
1343 3471 1535 3551 σοφίας
1564 3469 1745 3544 ἄδηλα
1799 3473 1888 3528 καὶ

230 3569 463 3647 κρύφια.
497 3570 655 3620 Δυοῖν
708 3562 767 3620 δὶ
813 3565 1043 3633 τούτων,
1101 3563 1348 3639 πράξεως
1400 3562 1488 3617 καὶ
1551 3560 1802 3636 θεωρίας,
1865 3561 1893 3616 6

234 3658 411 3734 μέγας
445 3653 687 3731 μοναχὸς
718 3652 1180 3727 ἀποστερημένος,
1240 3648 1363 3708 οὔτε
1396 3648 1677 3727 ζωγράφος
1706 3648 1767 3706 ἃν
1799 3670 1885 3721 ειη

219 3752 344 3821 Θεῷ
373 3747 624 3820 πρέπων,
654 3740 778 3799 οὔτε
803 3742 1098 3813 ἇληθεόσοι
1126 3741 1218 3797 τὸν
1256 3741 1520 3817 μοναχόν.

286 3851 438 3929 ρλα’.
472 3857 590 3907 Ἔτι
618 3852 808 3925 κριτὴς
853 3850 881 3904 6
917 3848 1183 3924 μοναχὸς,
1240 3844 1473 3917 δικάζων
1533 3845 1889 3910 ἀντιπάλοις·

212 3943 307 3999 καὶ
349 3945 386 4011 ἢ
438 3937 615 4015 κρίσις
672 3935 945 4015 διχασμὸς
1005 3939 1192 4012 ψυχῆς
1253 3936 1359 3991 ἀπὸ
1417 3935 1695 4009 σώματος,
1759 3938 1867 3991 ὡσε

215 4031 311 4088 καὶ
372 4032 551 4095 θανεῖν
600 4026 787 4101 ἐκρίθη
836 4027 902 4081 τὸ
950 4025 1000 4080 ὲν
1046 4024 1316 4101 ἀνθρώπῳ
1373 4025 1647 4083 σύνθετον.
1707 4028 1781 4081 Τὸ
1834 4024 1892 4081 δὲ

222 4119 371 4177 οὕτω
401 4115 647 4194 διχάζειν
705 4113 1032 4194 φιλοσοφίας
1090 4110 1242 4190 ἔργον
1307 4111 1673 4190 παραδέδοται
1732 4114 1888 4171 εἶναι,

223 4213 293 4280 ἧς
345 4209 410 4264 τὸ
465 4204 625 4268 τέλος
687 4203 915 4270 ἰνταῦθα
980 4203 1259 4279 ἡνωμένος
1334 4202 1628 4279 διακρίνειν
1704 4204 1887 4280 ψυχὴν

229 4298 516 4370 σώματος,
573 4295 663 4351 καὶ
720 4292 786 4350 αὖ
841 4292 1006 4349 πάλιν
1060 4290 1480 4369 διακεκριμένως
1509 4294 1682 4360 ένοῦν,
1712 4292 1749 4363 ἢ
1798 4294 1890 4348 καὶ

228 4385 445 4460 (ἄλλως
478 4385 667 4454 εἰπεῖν)
731 4387 953 4459 νεκροῦν
1005 4382 1100 4456 μὲν
1152 4383 1215 4438 τὸ
1248 4385 1352 4452 ζῶν
1386 4384 1460 4455 μή
1524 4381 1885 4458 ὲναρμονίως,

231 4480 529 4552 ζωογονεῖν
589 4471 647 4529 δὲ
699 4474 763 4529 τὸ
805 4470 1229 4547 νενεκρωμένον.
1287 4475 1467 4527 Ταῦτα
1513 4468 1571 4526 δὲ
1622 4472 1886 4548 μοναχὸς,

230 4564 463 4635 ἰδιώτης
513 4563 645 4618 εἶναι
704 4562 892 4637 αὐχῶν
922 4560 974 4616 ἐν
1013 4561 1093 4633 τῷ
1123 4563 1196 4633 μὴ
1234 4558 1491 4633 μέλεσθαι
1521 4560 1886 4636 γραμμάτων,

226 4655 321 4711 καὶ
382 4650 524 4726 μηδὲ
570 4636 987 4728 ἀριστοπραξίας
1045 4646 1467 4721 ἰλλαμπόμενος
1516 4649 1730 4725 χάριτι,
1788 4636 1968 4706 οὐκί)

232 4742 356 4800 οἶδα
410 4742 563 4819 εἰπερ
613 4741 815 4809 ἂνύσει,
874 4739 950 4803 ὡς
982 4739 1059 4810 μὴ
1090 4734 1376 4811 ψεύδεσθαι
1432 4738 1525 4793 τὸν
1566 4738 1885 4815 φιλοσόφως

229 4834 380 4888 θεῖον
412 4827 695 4898 δικαστὴν,
754 4826 813 4888 ὅς
870 4823 933 4881 οὗ
958 4824 1094 4880 κατὰ
1120 4826 1324 4897 νόμους
1354 4823 1480 4887 τοὺς
1512 4826 1691 4900 χαμαὶ
1724 4845 1883 4899 συρο-

235 4920 434 4996 μένους
462 4918 655 4993 κρίνει,
704 4914 850 4972 ἀλλὰ
890 4913 1017 4976 τοὺς
1065 4910 1317 4987 δακτύλῳ
1351 4917 1486 4969 Θεοῦ
1512 4914 1888 4992 γραφομένους

233 5009 314 5072 εἲς
371 5004 596 5084 καρδίαν
660 5003 953 5077 σαρκίνην,
1011 4999 1247 5059 εὕεικτον
1305 5006 1419 5074 Θεῷ
1467 5003 1547 5075 τῷ
1602 5004 1883 5083 γράφοντι·

236 5094 397 5157 Ἀλλ’
455 5095 682 5173 ἇνταῦθα
710 5126 779 5138 -
826 5090 871 5148 ὢ
920 5091 1032 5149 οἷον
1073 5090 1244 5168 κρίμα
1274 5090 1473 5167 πάσχει
1521 5092 1550 5146 6
1580 5093 1697 5146 καθ’
1739 5094 1889 5164 ἡμᾶς

233 5185 481 5263 κριτικὸς
537 5184 779 5257 ὁμιλοςί
850 5184 1199 5241 Ἀκούσαντες
1276 5179 1401 5255 γὰρ,
1478 5178 1541 5233 οὐ
1621 5181 1727 5253 μὴν
1793 5182 1884 5237 καὶ

241 5275 646 5351 μεμαθηκότες,
678 5273 857 5348 κριταὶ
915 5272 1068 5341 εἶναι,
1100 5268 1190 5324 καὶ
1245 5265 1589 5339 σπεύδοντες,
1637 5273 1733 5323 τοῦ
1768 5270 1888 5325 λοι-

235 5367 350 5421 ποῖ’)
406 5363 484 5437 μὴ
543 5362 646 5417 ὑπὸ
700 5365 911 5436 κριταῖς
969 5360 1121 5427 εἶναι,
1195 5358 1240 5413 o'
1316 5356 1502 5420 ἄλλως
1577 5358 1885 5435 ὑποκριταὶ,

238 5451 569 5528 μετάγουσιν
601 5448 822 5512 ἑαυτοὺς
848 5448 935 5505 καὶ
968 5448 1044 5514 εἷς
1098 5445 1177 5522 (εἷ’
1222 5469 1275 5504 τι
1307 5448 1419 5523 χρὴ
1453 5445 1625 5510 οὕτως
1684 5447 1887 5523 ὀνομά-

236 5543 350 5616 σαι)
404 5540 749 5614 κατακριτάς.
799 5534 1003 5594 Οὕκοῦν
1036 5538 1251 5593 ὀκνοῦσι
1282 5535 1619 5612 κατακρίνειν
1653 5537 1753 5593 οὐκ
1780 5537 1889 5594 ἐσθ’

235 5627 428 5688 ὅντινα
457 5625 544 5697 οὔ,
600 5624 1040 5704 παραζηλοῦντες
1091 5624 1316 5681 ἐνταῦθα
1369 5625 1497 5689 τοὺς
1546 5625 1889 5701 ἠξιωμένους

235 5725 424 5798 κρῖναι
455 5717 553 5780 τὰς
585 5712 797 5772 δώδεκα
823 5715 998 5795 φυλὰς
1022 5717 1119 5771 τοῦ
1148 5712 1389 5789 Ἰσραήλ.

2004 3393 2239 3465 pientis:
2274 3393 2403 3463 ejus
2435 3392 2713 3463 mysteria
2747 3390 3384 3461 incomprehensibilia.
3419 3390 3646 3457 Quibus

2003 3498 2256 3554 magnus
2288 3479 2612 3536 monachus
2640 3494 2827 3550 neque
2859 3479 3047 3551 pictor
3076 3483 3231 3534 esset
3261 3483 3375 3535 Deo
3415 3484 3645 3553 gratus,

2003 3586 2194 3642 neque
2221 3586 2395 3627 verus
2425 3568 2775 3624 monachus.

2076 3853 2197 3908 131.
2227 3852 2414 3907 Judex
2443 3852 2622 3907 etiam
2656 3850 3006 3918 monachus,
3047 3851 3147 3923 qui
3172 3853 3274 3921 jus
3319 3851 3464 3906 dicit
3520 3868 3651 3923 par-

1999 3941 2160 3997 tibus
2192 3940 2455 3996 adversis
2480 3958 2493 4007 ;
2523 3945 2580 3995 et
2600 3940 2895 4010 judicium
2927 3940 3221 4013 separatio
3251 3946 3340 3995 est
3362 3942 3572 3996 animae
3595 3944 3656 3995 et

2001 4031 2263 4101 corporis
2293 4029 2446 4086 sicut
2476 4029 2625 4084 mori
2650 4029 2985 4100 judicatum
3016 4033 3107 4085 est
3137 4030 3376 4101 quodin
3410 4031 3650 4086 homine

2001 4118 2391 4190 compositum
2445 4122 2557 4173 est.
2605 4117 2739 4180 Qua:
2796 4117 3088 4189 separatio
3142 4118 3342 4174 habita
3371 4124 3461 4175 est
3504 4136 3655 4191 opus

1999 4206 2385 4282 philosOpbiaa
2426 4223 2440 4261 :
2492 4206 2663 4276 cujus
2714 4222 2929 4278 scopus
2974 4213 3115 4262 tunc
3154 4213 3279 4263 erat
3323 4224 3539 4281 corpus
3601 4214 3658 4263 et
3742 4248 3748 4259 .

2001 4298 2261 4353 animam
2293 4295 2461 4351 unita
2490 4294 2771 4364 dividere,
2804 4301 2862 4351 et
2904 4295 3118 4353 iterum
3167 4297 3358 4354 divisa
3407 4300 3654 4367 conjun-

1999 4400 2177 4458 gere;
2209 4401 2335 4455 seu,
2385 4385 2539 4455 quod
2592 4384 2749 4440 idem
2797 4391 2907 4451 est,
2965 4386 3289 4441 interficere
3336 4387 3490 4456 quod
3544 4402 3655 4439 non

1999 4478 2155 4530 recte
2185 4474 2434 4544 vivebat,
2468 4478 2525 4528 et
2554 4472 2816 4529 occisum
2865 4475 3241 4529 reviviﬁcare.
3291 4478 3408 4528 Ista
3462 4490 3662 4528 mona-

1999 4563 2168 4627 chus,
2197 4562 2297 4634 qui
2330 4563 2401 4617 de
2433 4561 2814 4633 simplicitate
2841 4561 3128 4632 gloriatus
3151 4578 3218 4617 eo
3248 4562 3401 4633 quod
3433 4562 3661 4617 litteras

2000 4668 2116 4707 non
2149 4655 2333 4722 curet,
2367 4667 2556 4721 neque
2585 4651 2795 4705 merito
2827 4666 3023 4706 rerum
3071 4649 3302 4722 egregie
3354 4650 3645 4705 factarum

1996 4739 2309 4810 refulgent,
2339 4738 2535 4794 nescio
2568 4744 2768 4794 utrum
2795 4738 3075 4810 perﬁciet,
3124 4740 3206 4793 ita
3255 4745 3320 4793 ut
3361 4738 3439 4793 sit
3476 4738 3661 4810 judex

1997 4828 2233 4900 sapiens
2266 4833 2322 4883 et
2351 4833 2615 4894 sanctus,
2651 4844 2765 4883 non
2791 4827 3070 4899 judicans
3117 4827 3440 4883 secundum
3489 4827 3659 4910 leges.

1994 4915 2167 4973 humi
2197 4920 2489 4989 repentes,
2522 4915 2622 4971 sed
2676 4916 3003 4971 secundum
3049 4915 3300 4988 scriptas
3343 4916 3528 4987 digito
3559 4915 3665 4972 De1

1995 5005 2058 5061 in
2089 5005 2263 5062 corde
2292 5004 2536 5072 carnali,
2568 5010 2625 5060 et
2655 5003 2835 5060 simili
2867 5004 2981 5061 Deo
3013 5004 3315 5061 scribenti.
3347 5006 3516 5061 Tunc
3555 5022 3661 5061 au-

1998 5098 2116 5151 tem
2138 5123 2207 5136 --
2229 5092 2404 5166 quato
2427 5093 2722 5163 judicium
2754 5092 3007 5165 proteret
3034 5093 3354 5149 multitudo
3377 5094 3652 5165 judicum

1998 5184 2153 5255 apud
2187 5199 2291 5238 nos
2320 5184 2329 5237 l
2367 5185 2474 5246 Qui
2507 5199 2642 5236 eum
2675 5183 3000 5249 audissent,
3052 5198 3177 5236 non
3228 5182 3563 5237 didicerunt
3601 5197 3665 5237 se

1992 5271 2229 5344 judiccs
2261 5287 2411 5340 esse,
2446 5276 2501 5326 et
2546 5273 2801 5326 nitentes
2850 5271 2959 5325 sub
3001 5271 3312 5341 judicibus
3360 5288 3475 5325 non
3526 5285 3657 5326 esse

1998 5360 2278 5432 amplius,
2314 5361 2427 5431 ipsi
2460 5361 2629 5416 aliter
2662 5359 2999 5431 hypocrita»,
3035 5360 3263 5431 seipsos
3295 5360 3353 5415 in
3385 5360 3661 5415 condem-

1997 5455 2234 5508 natores
2277 5451 2355 5519 {si
2400 5450 2482 5504 ita
2541 5464 2752 5506 vocare
2800 5448 2958 5517 licet)
3028 5454 3388 5521 permutant.
3450 5449 3663 5514 Quem-

1997 5538 2143 5595 libet
2171 5539 2562 5595 condemnare
2614 5555 2731 5593 non
2779 5543 3073 5607 verentur,
3122 5538 3194 5594 ad
3239 5538 3536 5610 exemplar
3563 5554 3659 5593 eo-

2000 5643 2136 5685 rum
2186 5627 2287 5698 qui
2338 5625 2501 5699 digni
2544 5626 2733 5682 habiti
2779 5630 2924 5683 sunt
2995 5630 3057 5683 ut
3114 5626 3423 5684 duodecim
3475 5626 3667 5684 tribus

1999 5714 2185 5775 Israel
2209 5715 2505 5790 judicent.
