4104 6210
504 277 624 337 839
1273 277 1698 342 EUSTATBII
1741 275 2512 340 THESSALONICENSIS
2556 276 3141 340 METROPOLITE
3713 301 3806 364 διο

575 408 696 464 132,
727 409 837 463 Sed
867 407 979 464 hoc
1010 407 1218 464 melius
1250 409 1562 464 ostendent
1588 408 1764 464 verba
1799 406 2108 479 sequentia

2225 465 2228 473 ,
2327 403 2469 502 ρλβ’.
2499 402 2678 502 ’Λλλά
2704 406 2995 502 τοῦτα-μὶν
3025 407 3061 502 ό
3081 405 3241 483 λόγος
3284 409 3592 483 ὑποκαταϐὰς
3637 421 3809 502 ἐκφανεῖ

499 496 617 554 Nos
649 500 845 553 autem
873 514 1081 553 rursus
1113 497 1409 569 proposita
1442 496 1645 570 regula
1676 496 2040 566 monachica,
2073 496 2116 551 di

2253 494 2599 571 σαφέστερον·
2632 496 2796 567 ἡμεῖς
2856 491 2912 548 δὲ
2967 499 3065 550 τοῦ
3125 506 3412 573 μοναχικοῦ
3439 491 3805 580 γενόμενοιιπάη

502 588 722 643 mundo
766 603 895 642 esse
941 587 1292 641 monachum
1361 586 1632 654 dicimus,
1685 589 1741 642 et
1786 586 1916 642 ideo
1965 603 2116 657 supra

2252 579 2339 636 λιν
2393 582 2747 660 ὅρου,‹ραμὲν
2799 582 2893 638 καὶ
2952 585 3034 640 ὅτι
3090 584 3292 659 κόσμου
3344 589 3472 646 ἐστὶν
3523 579 3564 650 ό
3597 604 3804 676 μοναγάςι

503 677 816 732 mundum.
851 676 907 731 Si
943 680 1135 730 autem
1168 675 1341 730 rebus
1386 676 1699 730 mundanis
1735 675 1964 748 proprie
1993 675 2112 730 assi

2249 668 2334 725 διὸ
2364 672 2452 726 καὶ
2487 672 2872 748 ὑπερκόσμιοςο
2907 673 2973 728 Εἴ
3025 671 3081 729 δὲ
3127 681 3240 737 τοῖς
3287 681 3375 732 τοῦ
3420 665 3607 755 κόσί-ιοἁ
3634 665 3805 746 “Vg”;

503 764 766 823 milatur.
799 781 913 836 quo
947 764 1116 818 modo
1147 779 1277 818 vere
1307 780 1487 834 supra
1537 765 1821 819 mundum
1867 763 2116 819 dicetur‘

2247 761 2551 836 χρώννυται
2594 759 2908 827 ἰδιωτικῶς,
2942 767 3059 824 πῶς
3111 763 3168 818 ἂν
3217 766 3276 819 τὸ
3333 767 3655 845 ὑπερκόσμιον
3708 777 3805 835 ἐπα-

503 855 567 910 Et
601 871 715 926 qua
745 853 967 908 ratione
997 851 1096 923 qui
1130 869 1309 924 supra
1359 854 1644 909 mundum
1693 858 1800 920 est,
1834 858 1889 909 et
1921 853 2137 908 mundo

495 943 687 999 adhuc
720 942 961 1014 indiget,
997 941 1120 1013 ipse
1150 941 1401 998 ludibrio
1435 960 1548 998 non
1581 941 1742 998 erit?
1774 941 1912 998 Tale
1946 946 2030 997 est
2062 943 2134 997 ad

493 1031 929 1104 corripiendum
966 1031 1062 1086 ubi
1098 1031 1315 1086 mundo
1350 1032 1684 1087 mundanus
1716 1031 2133 1104 indiget,quasi

490 1119 576 1175 sal
607 1119 727 1176 sale
762 1119 1045 1174 infatuato
1079 1118 1367 1192 indigens.
1421 1120 1770 1176 Monachum
1815 1124 2032 1186 autem,
2071 1123 2135 1174 ut

487 1225 722 1266 omnem
753 1209 1076 1274 hominem,
1107 1208 1254 1264 ratio
1284 1213 1557 1278 exornat;
1592 1210 1902 1280 quaerenda
1933 1213 2020 1265 est
2039 1225 2130 1265 er-

485 1315 558 1371 go
589 1297 694 1353 tibi
727 1297 936 1365 ratio,o
963 1297 1546 1369 magnificentissime
1567 1314 1635 1353 ex
1665 1314 1877 1370 magno
1902 1295 2129 1364 habitu,

481 1391 550 1444 ut
582 1403 684 1459 per
714 1404 841 1442 eam
876 1387 984 1442 ﬁas
1009 1386 1794 1450 ornatior.Quemadmodum
1829 1387 1984 1441 enim
2017 1385 2132 1441 alia

485 1477 754 1548 quaedam
785 1475 917 1531 aliis
971 1476 1314 1547 corporibus
1355 1483 1412 1530 et
1443 1476 1639 1544 rebus,
1673 1476 1756 1531 sic
1805 1476 1944 1530 ordo
1989 1475 2128 1532 viris

479 1562 654 1634 veris,
685 1562 839 1619 inter
869 1579 1015 1634 quos
1045 1568 1135 1619 est
1163 1580 1333 1619 verus
1382 1563 1730 1632 monachus,
1786 1563 1930 1618 nihil
1968 1562 2124 1619 aliud

480 1658 572 1710 est
600 1657 776 1724 atque
808 1653 954 1708 ratio
980 1669 1114 1708 cum
1147 1653 1360 1708 virtute
1389 1652 1593 1722 activa,
1637 1666 1666 1707 c
1697 1669 1812 1724 qua
1843 1652 1941 1724 qui
1976 1653 2124 1708 exci-

478 1742 616 1798 disti
648 1759 680 1798 a
713 1741 1025 1814 principio,
1059 1741 1160 1814 qui
1192 1741 1416 1797 litteras
1448 1745 1504 1796 et
1537 1742 1824 1797 actionem
1868 1741 2120 1813 ignoras,

478 1848 612 1888 ama
645 1831 903 1886 secundo
937 1829 1062 1886 loco
1092 1829 1361 1885 homines
1391 1829 1496 1885 tibi
1565 1829 1907 1886 dissimiles.
1944 1831 2010 1885 Et
2041 1829 2124 1886 sic

475 1926 601 1976 esto
637 1920 832 1992 aliquo
867 1920 1036 1974 modo
1069 1919 1195 1990 ipse
1227 1919 1465 1990 sapiens
1505 1919 1795 1989 (quaedam
1835 1918 2125 1991 sapientia

477 2013 567 2066 est
596 2009 751 2065 enim
780 2008 1070 2080 sapientes
1101 2007 1612 2080 diligere),eosque
1643 2007 1890 2063 nimium
1923 2013 1980 2064 et
2007 2008 2122 2064 im-

475 2100 761 2171 pudenter
782 2115 852 2154 ne
870 2102 1344 2167 contemnas,pro
1371 2097 1624 2152 maxima
1647 2098 1863 2168 injuria
1888 2099 2121 2154 nomine

472 2187 711 2243 litterati
745 2191 1002 2258 accepto.
1036 2191 1117 2240 Tu
1150 2202 1282 2241 vero
1315 2186 1364 2242 si
1407 2187 1582 2242 homo
1615 2187 1836 2259 peritus
1887 2203 2000 2242 non
2035 2203 2115 2255 es,

479 2295 668 2349 neque
698 2275 847 2332 tales
877 2293 1064 2347 amas,
1099 2276 1182 2331 sic
1215 2291 1319 2330 nec
1351 2275 1599 2348 gloriam
1641 2293 1707 2331 ex
1751 2277 1982 2332 actibus
2031 2293 2117 2332 ac-

475 2366 678 2439 cepisti
713 2382 725 2422 :
760 2365 952 2438 cogita
979 2381 1233 2437 quonam
1259 2365 1319 2419 in
1351 2363 1475 2420 loco
1505 2365 1940 2422 interhomines
1970 2365 2120 2420 ordi-

474 2461 648 2512 natus
680 2455 783 2510 sis.
826 2455 950 2510 Non
1004 2454 1263 2527 profecto
1301 2453 1455 2509 inter
1487 2453 1810 2510 laudabiles
1854 2455 1948 2527 (ne
1978 2455 2113 2526 quid

471 2543 740 2600 acerbius
771 2542 1005 2614 dicam),
1037 2541 1146 2598 hoc
1195 2547 1390 2596 autem
1445 2559 1558 2597 non
1608 2560 1819 2598 novum
1870 2547 1958 2599 est
1987 2560 2114 2598 om-

470 2634 611 2689 nino
678 2631 976 2688 hominem
1031 2631 1177 2686 nihil
1229 2631 1532 2703 superbire
1577 2636 1813 2704 propter
1856 2649 2112 2688 amorem

470 2721 564 2778 sui
626 2721 842 2794 ipsius,
906 2736 1078 2794 quem
1151 2719 1449 2793 plerisque
1535 2721 1841 2776 hominum
1908 2727 2116 2778 natura

471 2810 706 2866 indidit.

547 3028 666 3084 133.
699 3029 940 3085 Credere
971 3045 1141 3100 porro
1171 3045 1236 3084 ac
1267 3044 1613 3100 persuasum
1646 3029 1858 3085 habere
1884 3027 2110 3084 nullum

2247 847 2505 918 ληθεύσοι
2537 850 2718 923 αύτῷ;
2757 852 2880 913 ΙΙῶς
2927 849 2982 906 δὲ
3037 853 3065 907 ὁ
3125 854 3253 930 ὑπὲρ
3309 857 3392 910 τὸν
3444 860 3623 933 κόσμον
3669 863 3807 939 δεόεη.

2248 937 2406 1012 μένος
2463 940 2672 1013 κόσμου
2723 941 2812 996 καὶ
2870 940 3028 1002 αύτὸς
3087 941 3184 996 οὐκ
3238 942 3298 997 ἃν
3371 945 3569 1024 ὀφλήσῃ
3636 937 3805 1027 γέλων,

2241 1029 2473 1100 ’Ὁμοιον
2532 1030 2633 1104 γάρ
2679 1050 2731 1083 τι
2775 1030 2912 1102 πρὸς
2963 1028 3191 1104 μέμψιν,
3223 1030 3266 1085 εἷ
3312 1034 3506 1106 κόσμου
3552 1039 3804 1113 προσδέετιε

2193 1117 2271 1180 ,ὁ
2336 1116 2590 1191 κόσμιος,
2655 1119 2730 1182 ὡς
2789 1118 2833 1172 εί
2889 1119 2976 1172 καὶ
3035 1119 3096 1174 τὸ
3150 1118 3282 1183 ἅλας
3345 1124 3580 1197 νοστίμου
3631 1127 3803 1194 ἁλατος.

2241 1212 2448 1280 Κοσμεῖ
2504 1203 2560 1262 δὲ
2616 1206 2881 1282 μοναχὸν,
2916 1205 3096 1283 ὥσπερ
3153 1207 3242 1262 καὶ
3298 1211 3458 1266 πάντα
3508 1213 3807 1292 ἄνθρωπον,ὁ

2241 1293 2428 1370 λόγος.
2459 1293 2849 1351 Μετελευστέον
2912 1317 2997 1350 σοι
3054 1293 3156 1368 ὄίρα
3211 1296 3301 1352 τὸν
3360 1297 3528 1374 λόγον,
3569 1304 3607 1357 ὦ
3645 1302 3718 1361 διὰ
3760 1309 3806 1363 τὸ

2240 1381 2673 1460 μεγαλόσχημδν
2723 1385 3219 1460 εὐσχημονέστατε,
3270 1384 3360 1442 ’ίνα
3433 1386 3497 1443 δι’
3546 1392 3678 1448 αύιοῦ
3743 1396 3808 1450 ἐπὶ

2236 1472 2402 1528 πλέον
2436 1470 2556 1544 εἷής
2585 1475 3011 1549 κοσμικώτερος.
3047 1476 3263 1548 Κόσμος
3293 1477 3394 1552 γὰρ
3448 1477 3607 1556 ὥσπερ
3657 1480 3807 1547 ἄλλοις

2233 1566 2340 1615 τῶν
2402 1563 2670 1634 σωμάτων
2717 1563 2806 1617 καὶ
2859 1567 2967 1617 τῶν
3024 1563 3360 1640 πραγμάτων
3393 1565 3526 1622 ἄλλα
3551 1572 3672 1640 τινὰ,
3700 1572 3808 1628 οὕτω

2234 1652 2321 1704 καὶ
2384 1651 2655 1726 ἀνθρώπῳ
2697 1655 2776 1722 τῷ
2827 1651 3046 1725 κυρίως,
3083 1653 3145 1706 οὗ
3200 1653 3360 1729 μέρος
3403 1656 3486 1709 καὶ
3528 1658 3807 1731 ὁκατ²ἀλήο

2235 1741 2378 1795 θειαν
2410 1741 2674 1816 μοναχὸς,
2709 1737 2869 1794 οὐδὲν
2902 1739 3044 1795 ἄλλο
3141 1737 3330 1817 λόγος,
3355 1743 3382 1796 ό
3407 1745 3532 1816 μετᾶ
3557 1745 3808 1818 ἔμπρακτον

2233 1827 2450 1903 ἀρετῆςο
2483 1830 2647 1905 οὗπερ
2680 1829 2953 1884 ἐκπίπτων
2991 1829 3052 1883 σὺ
3076 1831 3178 1899 τὴν
3214 1832 3410 1907 ἀρχὴν,
3443 1833 3469 1887 ὁ
3514 1835 3593 1888 καὶ
3639 1835 3806 1911 ἀγράμ-

2236 1939 2404 1990 ματος
2459 1919 2548 1974 καὶ
2630 1915 2754 1972 οὐδὲ
2828 1918 3142 1994 πρακτικὸς,
3206 1919 3383 1996 ἀγάπα
3437 1917 3646 1999 δευτέρῳ
3693 1923 3810 2000 λόγῳ

2230 2007 2355 2070 τοὺς
2391 2011 2466 2081 μὴ
2500 2010 2633 2063 κατᾶ
2664 2009 2740 2064 σέ.
2776 2008 2878 2064 Καὶ
2911 2007 3054 2063 οὕτω
3085 2008 3243 2082 γίνου
3291 2009 3484 2086 τρόπον
3532 2014 3638 2066 τινὰ
3684 2016 3808 2092 σοφὸς

2229 2098 2315 2151 καὶ
2351 2097 2512 2160 αὐτός
2545 2096 2730 2175 (σοφία
2753 2099 2854 2173 γάρ
2884 2118 2966 2160 τις
2995 2096 3084 2152 καὶ
3123 2098 3188 2152 τὸ
3232 2097 3408 2176 φιλεῖν
3454 2098 3571 2163 τοὺς
3619 2102 3809 2180 σοφοὺς),

2227 2186 2317 2240 καὶ
2405 2188 2479 2260 μὴ
2559 2185 2815 2257 ἐξουθένει
2875 2183 3067 2257 ἀνέδην
3123 2187 3218 2241 καὶ
3290 2187 3734 2264 ἀπαρακαλύπτως,
3771 2191 3807 2246 ἐν

2228 2270 2379 2351 ὕϐρει
2411 2276 2636 2350 μεγίστῃ
2668 2274 2832 2338 τιθεὶς
2860 2275 2923 2329 τὸ
2961 2300 2980 2325 ι
3016 2277 3389 2350 γραμματικέ.
3425 2301 3452 2328 ››
3508 2277 3567 2333 Εἰ
3615 2276 3664 2333 δὲ
3709 2281 3811 2351 μήτε

2226 2362 2290 2418 σὺ
2322 2363 2581 2438 ἐρμαϊκός
2631 2365 2915 2439 ἅνθρωπος
2957 2364 3022 2432 εἶ’,
3060 2365 3204 2437 μήτε
3247 2366 3456 2439 ἀγαπᾷς
3507 2365 3622 2428 τοὺς
3672 2367 3810 2421 τοιού·

2224 2474 2372 2521 τους,
2405 2454 2493 2507 καὶ
2527 2449 2655 2508 οὐδὲ
2678 2453 2739 2508 τὸ
2766 2452 2826 2508 ἐκ
2851 2458 2960 2508 τῶν
3009 2451 3255 2527 πράξεων
3305 2451 3452 2529 ἔχεις
3497 2453 3810 2528 ἑπικόσμημτ

2225 2542 2288 2597 σὺ
2332 2540 2492 2604 αὐτὸς
2541 2542 2779 2618 λόγισαι,
2829 2541 2993 2605 ποίας
3036 2543 3241 2614 τάξεως
3292 2541 3344 2597 ἐν
3396 2544 3676 2619 ἀνθρώποις
3715 2545 3812 2598 εἶναι

2221 2631 2548 2707 τετύχηκας.
2583 2633 2709 2689 ’Ότι
2765 2627 2982 2702 δηλαδὴ
3044 2630 3106 2686 ού
3166 2633 3272 2700 τῆς
3330 2631 3694 2705 ἐπαινουμένης
3731 2630 3812 2705 (ἵνα

2226 2723 2301 2795 μή
2353 2743 2403 2776 τι
2461 2719 2795 2796 τραχύτερον
2849 2717 3032 2794 ε’ίπω),
3067 2719 3219 2775 ἀλλὰ
3264 2725 3425 2776 τοῦτο
3478 2722 3564 2794 μὲν
3613 2720 3669 2775 ού
3724 2719 3812 2775 λίαν

2223 2812 2361 2865 πάνυ
2391 2811 2599 2876 καινὸν,
2632 2809 2682 2865 εἷ’
2715 2800 2882 2882 μηδὲν
2918 2807 2990 2863 ὣν
3026 2807 3327 2884 ἀλαζονεύῃ
3353 2807 3441 2864 διὰ
3483 2809 3543 2864 τὸ
3587 2808 3812 2887 φίλαυτον,

2223 2900 2252 2954 ὃ
2280 2904 2395 2961 τοῖς
2420 2898 2635 2954 πλείοσι
2664 2903 2770 2953 τῶν
2798 2898 3097 2973 ἀνθρώπων
3129 2900 3504 2978 παραπέφυκε.

2294 3023 2430 3100 ρλγ’.
2462 3024 2540 3081 Τὸ
2589 3023 2646 3079 δὲ
2691 3023 2781 3078 καὶ
2834 3025 2910 3096 μή
2962 3023 3236 3096 νομίζειν,
3267 3021 3413 3079 ἀλλὰ
3457 3021 3639 3098 κρίνειν
3675 3023 3735 3083 ὡς
3775 3020 3812 3076 ιν

473 3116 654 3172 alium
673 3117 776 3172 tibi
793 3119 1196 3188 praestare,sed
1211 3117 1315 3173 tibi
1337 3117 1521 3189 primo
1542 3117 1765 3173 nullum
1783 3117 2106 3174 secundum

2225 3109 2595 3189 πληροφορίᾳ,
2628 3110 2710 3167 ὅτι
2767 3108 2944 3172 οὐδεὶς
3003 3108 3191 3186 ἕτερος
3250 3113 3382 3188 ὑπὲρ
3435 3112 3511 3179 σὲ,
3542 3109 3670 3166 ἀλλὰ
3711 3130 3816 3182 συμ-

2421 3200 2433 3218 I
2617 3200 2630 3217 ν
2648 3198 2689 3218 8‘
2791 3201 2802 3216 \
2917 3197 2940 3218 δ
3142 3200 3155 3218 1
3355 3197 3379 3218 Ἰ
3603 3199 3616 3218 \
3754 3217 3757 3218 ν
3785 3197 3791 3218 ί

470 3223 620 3277 esse,
651 3205 808 3262 istud
843 3207 1186 3278 arrogantiae
1218 3207 1309 3261 cui
1341 3207 1581 3262 insaniae
1623 3207 1940 3262 attribuam
1963 3206 1990 3260 ?
2012 3207 2113 3260 Vir

468 3297 625 3350 enim
659 3301 837 3351 nauta
861 3295 1680 3364 solummodo,ordinationem
1695 3296 1980 3352 exercitus
1996 3311 2109 3349 non

468 3385 795 3457 praesumit,
811 3389 868 3440 et
887 3385 974 3438 vir
990 3400 1287 3439 armorum
1307 3385 1578 3440 nauticus
1609 3385 1722 3439 dici
1754 3392 2043 3455 veretur;q
2055 3382 2113 3438 ui

468 3475 621 3546 agris
646 3473 977 3529 excolendis
1007 3478 1096 3528 est
1127 3473 1612 3538 addictus,artem
1646 3473 1969 3528 (sditicandi
1995 3489 2110 3527 non

458 3564 680 3634 jactat;
713 3562 932 3634 quique
979 3561 1248 3631 aediﬁcat,
1299 3561 1570 3630 ignarum
1635 3561 2000 3633 agriculturae
2049 3578 2111 3616 se

465 3651 788 3721 profitetur.
818 3651 886 3706 Et
907 3650 1038 3721 quis
1083 3666 1340 3720 unquam
1374 3666 1435 3704 se
1479 3649 1829 3720 magistrum
1874 3651 2112 3720 jactitat

467 3756 668 3796 earum
707 3756 903 3796 rerum
949 3754 1096 3809 quas
1143 3755 1256 3792 non
1306 3737 1554 3792 didicit?
1585 3739 1709 3795 Non
1759 3739 1940 3806 faber,
1993 3755 2108 3792 non

467 3829 675 3900 pictor,
711 3845 821 3883 non
856 3827 1233 3894 citharoedus,
1284 3843 1398 3881 non
1448 3826 1640 3896 quivis
1690 3826 1862 3884 alius.
1909 3827 2110 3897 Neque

466 3917 575 3972 hoc
603 3917 748 3973 satis
777 3922 865 3972 est
891 3934 904 3982 ;
936 3916 1037 3970 sed
1070 3916 1323 3970 artiﬁces
1345 3915 1683 3970 consimiles
1709 3917 1799 3970 sui
1819 3916 2112 3970 mirantur

466 4005 527 4059 hi
548 4006 942 4070 homines,ubi
966 4010 1195 4075 tempus
1217 4004 1470 4067 est,licet
1491 4021 1604 4059 non
1629 4003 1799 4075 plane
1812 4005 2109 4060 studiosos

467 4095 528 4149 in
562 4094 790 4166 magnis
821 4094 1015 4148 rebus.
1047 4092 1132 4147 Tu
1166 4097 1383 4157 autem,
1419 4109 1522 4147 nec
1548 4094 1846 4164 operibus,
1868 4110 1972 4148 nec
1993 4109 2110 4148 ser-

469 4183 744 4238 monibus
773 4180 1164 4252 iconspicuus,
1215 4179 1489 4236 omnibus
1537 4183 1810 4253 anteponi
1866 4181 1990 4248 vis;
2025 4191 2110 4236 tu-

469 4287 640 4344 agere
670 4270 858 4342 eligis,
902 4269 959 4324 id
1009 4285 1141 4324 vero
1194 4287 1306 4324 non
1359 4269 1537 4333 vales,
1587 4287 1655 4325 ex
1705 4271 1813 4326 hoc
1856 4271 2111 4326 totaliter

467 4361 692 4433 lapsus,
720 4361 843 4430 jam
875 4375 1200 4414 sermonem
1235 4357 1400 4412 nihili
1435 4359 1733 4426 facis,imo
1764 4377 1898 4414 eum
1931 4377 1964 4414 a
1994 4361 2110 4414 vita

466 4455 587 4517 tua,
619 4449 779 4505 velut
801 4453 1054 4504 stercora
1083 4462 1112 4501 e
1143 4447 1316 4501 domo
1349 4447 1659 4518 splendida
1689 4449 1870 4518 ejicis.
1892 4449 2108 4503 Idcirco

467 4556 672 4595 omnes
704 4537 985 4592 litteratos
1037 4534 1348 4606 repellens,
1397 4541 1455 4589 et
1503 4535 1692 4606 ipsam
1742 4537 2109 4608 sapientiam,

462 4634 747 4699 tanquam
779 4625 1094 4697 superbam
1140 4627 1199 4678 et
1248 4630 1645 4694 arrogantem,
1705 4631 2107 4690 contemnens,

464 4717 626 4788 ipsos
657 4729 922 4771 summos
955 4711 1261 4783 pontiﬁces
1295 4711 1550 4781 repellis.
1593 4711 1698 4766 Vix
1746 4718 1985 4768 tonsura
2017 4714 2110 4767 in-

467 4804 742 4876 signitus,
778 4808 842 4857 ut
888 4801 1010 4856 ovis
1062 4798 1164 4855 Dei
1212 4800 1457 4854 dexterae
1509 4802 1659 4872 parti
1709 4802 1960 4870 addicta,
1995 4819 2109 4856 non

461 4894 631 4964 juxta
661 4891 877 4959 haedos,
912 4904 1045 4944 mox
1071 4886 1421 4942 cornibusin
1443 4905 1542 4944 eos
1572 4890 1970 4962 insurgisjam
1995 4907 2107 4945 non

467 4982 654 5038 ovinis
669 4980 945 5035 cornibus
969 4976 1281 5043 uteris,sod
1297 4977 1467 5047 quasi
1490 4977 1728 5050 elephas
1747 4980 1915 5051 nigra
1961 4978 2112 5050 pelle

467 5070 673 5127 niteris
703 5074 836 5124 ante
862 5067 1062 5121 omnia
1109 5082 1319 5120 vanam
1363 5065 1666 5122 victoriam
1716 5073 2012 5139 reportare
2042 5069 2112 5122 de

466 5159 753 5232 superiori
784 5155 1090 5212 hominum
1142 5154 1369 5222 ordine,
1420 5160 1486 5210 ut
1533 5173 1648 5211 uno
1699 5156 1851 5212 saltu
1885 5158 2112 5229 absque

463 5251 682 5319 labore,
715 5244 938 5302 cateris
969 5241 1300 5299 antecedas.
1331 5243 1472 5314 [Nec
1516 5261 1711 5301 cessas
1757 5263 1922 5301 arma
1966 5246 2113 5302 ferre

464 5341 524 5395 in
574 5336 793 5394 summi
838 5331 1213 5406 pontiﬁcatus
1265 5330 1684 5402 ministerium,
1736 5333 1960 5390 scilicet
2011 5334 2109 5406 qui

462 5429 580 5485 Deo
611 5425 865 5482 similem
898 5419 1162 5493 facit,qui
1195 5437 1398 5475 omnes
1423 5421 1481 5475 in
1519 5423 1630 5478 Deo
1654 5422 2112 5493 sanctiﬁcat,qui

466 5517 524 5572 in
558 5516 674 5571 Deo
705 5519 813 5579 est,
843 5512 939 5584 qui
975 5509 1172 5566 statim
1208 5515 1341 5578 post
1371 5509 1552 5565 Deum
1591 5512 1884 5567 maximus
1933 5517 2023 5566 est
2051 5510 2110 5565 in

470 5603 842 5659 mundo.Non
875 5599 1029 5655 enim
1054 5597 1290 5671 ignoras
1322 5596 1531 5653 salutis
1564 5605 1771 5657 nostra:
1801 5600 2111 5673 poniﬁcem

2223 3200 2514 3272 πρωτεύων
2576 3198 2700 3255 οὐδὲ
2749 3201 2840 3254 τὸν
2913 3197 3298 3276 δευτερεύοντα
3353 3197 3514 3276 ἔχεις,
3569 3199 3623 3253 τὸ
3681 3197 3816 3273 παρα-

2221 3287 2373 3363 δοξον
2429 3294 2533 3344 ποῦ
2592 3309 2722 3344 ποτε
2777 3288 3073 3360 παρανοίας
3135 3290 3513 3362 θήσομαι;’0
3565 3286 3817 3360 καταμόνας

2219 3379 2468 3441 ναυτικὸς
2524 3378 2836 3453 ἀπαρνεῖται
2895 3377 2962 3430 τὰ
3018 3379 3252 3432 τακτικά
3286 3398 3298 3410 ·
3353 3379 3382 3431 ὁ
3439 3376 3554 3451 περὶ
3604 3377 3662 3430 τὰ
3708 3373 3817 3428 ὅπλα

2221 3468 2368 3523 ὀκνεῖ
2423 3465 2823 3542 θαλαττουργὸς
2883 3463 3250 3542 ἐπιλέγεσθαι’
3305 3468 3334 3522 ὁ
3391 3459 3818 3542 παραϐεϐλημένος

2217 3558 2388 3631 τέχνῃ
2421 3558 2694 3630 γεωργικῇ
2753 3554 2861 3630 οὐχ
2917 3555 3269 3629 ὑπισχνεῖταν
3323 3557 3424 3624 τὴν
3476 3550 3814 3620 τεκτονικήν·ὁ

2217 3644 2417 3700 τέκτων
2449 3643 2635 3718 ἀφυῶς
2701 3641 2846 3719 ἔχειν
2895 3648 2993 3698 τοῦ
3031 3651 3300 3720 γεωργεῖν
3365 3642 3641 3718 ὁμολογεῖ.
3667 3643 3741 3702 Τίς
3785 3635 3818 3692 δ’

2219 3733 2278 3788 ἃν
2305 3730 2530 3794 ἕκαστος
2559 3738 2665 3788 τῶν
2726 3730 2914 3787 ἄλλων
2973 3731 3302 3806 ἐπιστήμων
3360 3734 3653 3807 ὑπόσχηται
3699 3730 3817 3794 εἶναι,

2220 3824 2293 3877 ὧν
2323 3823 2424 3878 οὐκ
2455 3820 2636 3891 οἶδεν;
2669 3821 2740 3876 Οὐ
2774 3821 3036 3897 χαλκεὺς,
3069 3823 3138 3877 οὐ
3177 3823 3488 3898 ζωγράφος,
3517 3821 3574 3876 οὐ
3625 3816 3821 3893 λυρικὸς,

2219 3912 2320 3966 οὐκ
2368 3907 2538 3972 ἄλλος
2589 3908 2784 3972 ούδείς.
2841 3911 2937 3964 Καὶ
2998 3910 3097 3965 οὐκ
3155 3910 3290 3966 αὐτὸ
3354 3911 3538 3983 μόνον·
3585 3906 3712 3964 ἀλλά
3753 3903 3856 3972 καὶ,

2215 3999 2343 4062 τοὺς
2376 4000 2498 4073 περὶ
2530 3999 2594 4054 τὰ
2625 3999 2802 4077 σφίσιν
2848 3998 3015 4072 ὅμοια
3041 3999 3300 4076 τεχνίτας
3352 4001 3411 4054 οἱ
3456 4001 3678 4054 τοιοῦτοι
3726 3995 3822 4048 θαυ-

2223 4091 2505 4162 μάζουσιν,
2539 4085 2594 4143 εἷ’
2645 4109 2749 4142 που
2793 4089 3006 4160 καιρὸς,
3059 4090 3149 4143 καὶ
3213 4093 3390 4145 ταῦτα
3451 4085 3585 4162 μηδὲ
3636 4086 3684 4147 ἐς
3731 4081 3821 4137 λίαν

2219 4175 2544 4238 σπουδαίους
2600 4172 2755 4238 ὄντας
2816 4175 2902 4231 ἐπὶ
2959 4175 3227 4251 μεγάλοις
3296 4179 3420 4241 καθ’
3449 4174 3723 4250 ὑπεροχήν.
3771 4166 3824 4222 Σδ

2220 4264 2277 4321 δὲ
2308 4264 2431 4321 οὕτε
2487 4263 2687 4342 ἔργοις,
2721 4262 2844 4320 οὔτε
2900 4263 3088 4340 λόγοις
3150 4265 3372 4339 ἀξίωμα
3429 4265 3691 4333 πλουτῶν,
3730 4259 3828 4314 ἀπο·

2217 4361 2430 4428 τολμᾷς
2491 4354 2872 4430 ὑπερπίρεσθαι
2931 4355 3164 4408 πάντων·
3198 4355 3292 4409 καὶ
3351 4357 3450 4424 τήν
3511 4351 3687 4429 πρᾶξιν
3736 4346 3828 4402 ἐπι-

2221 4442 2540 4519 λεγόμενος,
2599 4443 2687 4498 καὶ
2738 4440 2871 4497 atat
2921 4441 3090 4511 αὐτῆς
3139 4443 3458 4518 ,ὥσ-τυχῶν,
3511 4439 3632 4497 ἀλλ’
3677 4437 3741 4498 εἷς
3784 4433 3830 4487 τὸ

2221 4531 2470 4606 παράπαν
2553 4529 2883 4586 διεκπίπτων
2959 4530 3128 4601 αὐτῆς
3161 4576 3175 4600 ,
3234 4533 3302 4586 οὐ
3368 4532 3533 4604 μόνον
3590 4528 3635 4582 ἐν
3689 4521 3829 4581 οὐδενὶ

2221 4618 2345 4676 οὐδὲ
2399 4621 2490 4676 τὸν
2553 4619 2720 4695 λόγον
2753 4620 2936 4689 τίθης,
2966 4617 3113 4675 ἀλλὰ
3140 4620 3231 4674 καὶ
3275 4616 3569 4683 ἐκϐάλλεις
3595 4617 3733 4673 αὑτὸν
3758 4613 3831 4665 τοῦ

2219 4710 2354 4764 κατὰ
2383 4711 2439 4765 σὶ
2466 4709 2635 4786 ίβίου,
2668 4711 2768 4764 ὅσα
2812 4709 2899 4764 καὶ
2951 4709 3209 4786 συρφετὸν
3260 4707 3419 4764 οἳκου
3469 4707 3724 4783 λαμπροῦ.
3762 4699 3830 4755 Διό

2219 4800 2309 4853 καὶ
2367 4800 2568 4860 πάντας
2626 4797 3019 4874 ἐκτρεπόμενος
3076 4798 3206 4861 τοὺς
3267 4794 3378 4854 ἔσω
3422 4797 3612 4874 λόγου,
3640 4794 3718 4850 καὶ
3758 4791 3831 4857 τήν

2222 4886 2523 4962 λογιότητα
2571 4885 2994 4962 παρωθούμενος
3043 4884 3134 4943 διὰ
3186 4892 3366 4966 τῦφον
3427 4889 3516 4943 καὶ
3569 4878 3830 4953 ἀλαζονείαν

2223 4971 2694 5052 ὑπερϐάλλουσαν,
2747 4976 3137 5051 ἀποπροσποιῇ
3227 4977 3323 5032 καὶ
3399 4977 3528 5039 τοὺς
3583 4973 3832 5050 ἀρχιερεῖ(

2222 5067 2335 5138 ἅμα
2392 5068 2732 5141 κειράμενος,
2787 5067 2876 5120 οἷα
2933 5069 3066 5120 Θεοῦ
3148 5061 3432 5141 πρόϐατον
3493 5063 3630 5135 δεξιᾷ
3679 5060 3832 5120 ἐπικη-

2223 5154 2418 5230 ρυχοὶν
2503 5155 2706 5222 στάσει,
2765 5153 2828 5208 οὗ
2915 5154 3021 5227 μὴν
3099 5153 3167 5229 τῇ
3228 5156 3373 5210 κατᾶ
3431 5152 3632 5233 ἔφιρον,
3681 5147 3836 5204 αὐτίκα

2220 5246 2629 5322 κερασφορήσας
2673 5242 2755 5298 ἐπ’
2788 5243 2998 5310 αὐτοῖς,
3036 5243 3125 5297 καὶ
3181 5231 3480 5320 κυρίττωνή
3515 5239 3682 5297 οὐκέτι
3729 5231 3836 5322 κατα

2221 5328 2517 5405 πρόϐατον,
2560 5330 2706 5389 ἀλλὰ
2751 5331 3162 5409 κελαινορῥίνου
3201 5329 3366 5404 δίκην
3421 5330 3720 5409 ἐλέφαντος.
3767 5317 3835 5376 καὶ

2223 5419 2274 5475 ὲν
2336 5422 2573 5496 πρώτοις
2622 5420 2972 5500 φιλονεικῶν,
3032 5423 3167 5478 κατὰ
3216 5423 3317 5478 τοῦ
3375 5424 3623 5496 μείζονος
3675 5416 3721 5470 ἐν
3768 5412 3834 5464 ἀν·

2225 5509 2464 5582 θρώποις
2527 5498 2737 5585 βαθμοῦ
2791 5509 2946 5581 νίκην
2999 5507 3211 5588 φαύλην
3271 5513 3584 5583 στήσεσθαι,
3616 5505 3700 5560 ’ίνα
3746 5498 3837 5588 καθῘ

2222 5597 2278 5656 ’ἐν
2336 5598 2488 5674 ἅλμα
2531 5584 2662 5662 τοῖς
2732 5596 2928 5664 ἄλλοις
2986 5584 3419 5677 προσεπιόαίνῃς
3497 5592 3738 5672 ἀμογητί.
3781 5584 3837 5640 0‘5
