4104 6210
285 341 404 403 8M

1307 343 1410 406 DE
1450 343 1943 408 EMENDANDA
1982 345 2166 407 VITA
2209 345 2696 408 MONACHIGA.

3581 347 3705 410 842

282 472 432 548 παύῃ
463 469 556 528 οὗν
609 469 1040 546 ἐξοπλιζόμενος
1092 470 1170 537 εἷς
1213 473 1625 551 ἀρχιερωσύνης
1664 471 1933 550 πόλεμον,

2064 478 2156 534 Dei
2188 479 2421 536 nomine
2471 496 2587 536 non
2616 480 2918 548 confundi,
2973 481 3073 552 qui
3123 481 3193 537 de
3242 481 3602 554 episcopatu,
3635 485 3705 541 ut

279 568 388 632 τῆς
436 564 808 635 θεομιμητου,
862 569 964 631 τῆς
1022 561 1236 617 πάντων
1315 565 1632 638 ἁγιαστικῆς
1692 563 1742 618 ὲν
1805 570 1944 637 Θεῷ,

279 653 381 721 τῆς
433 651 645 720 ἐνθέου,
701 657 803 720 τῆς
863 650 1019 714 εὐθὺς
1074 652 1208 725 μετά
1259 653 1386 708 Θεὸν
1449 647 1502 708 ἔν
1545 675 1604 728 γε
1652 659 1767 716 τοῖς
1811 655 1948 708 κατὰ

279 741 518 813 κόσμον.
583 738 660 798 Οὐ
720 736 990 809 δήπουθεν
1049 739 1152 816 γὰρ
1221 741 1457 816 ἀγνοεῖς,
1515 740 1597 796 δτι
1659 740 1946 816 ἀρχιερεὺς

2055 567 2140 624 ita
2172 568 2383 638 dicam,
2416 569 2631 626 electos
2681 587 2821 626 suos
2869 571 3140 626 observat
3172 588 3185 638 ;
3236 569 3476 626 minime
3507 576 3704 628 autem

2056 657 2451 711 venerandum
2483 675 2698 729 senem,
2731 674 2837 714 nec
2866 657 3041 714 etiam
3077 658 3546 732 qualemcunque
3577 676 3704 716 m0—

2059 744 2338 799 nachum.

287 832 392 904 μεν
452 837 556 901 τῆς
617 831 777 903 ἡμῶν
837 831 1112 906 σωτηρίας
1169 831 1196 885 ὁ
1256 833 1383 893 Θεὸς
1437 831 1582 902 ἀξιοῖ
1638 828 1912 906 λὲγεσθαι,
1973 832 2001 887 ὁ
2057 833 2146 887 καὶ
2199 832 2465 908 ἐπισκοπῇ
2520 841 2800 911 γραφικῶς
2859 835 3323 909 ἐπισκεπτόμενος
3372 836 3500 900 τοὺς
3551 837 3704 910 αύτῷ

279 919 539 998 αἱρετούς
573 939 584 950 °
618 917 922 996 καλόγερος
954 917 1013 976 δὲ
1042 917 1257 990 οὔκουν,
1292 920 1355 976 οὐ
1389 922 1497 995 μὴν
1531 918 1655 976 οὐδὲ
1689 922 1931 996 μοναχὸς
1964 919 2274 979 ὀποιοσοῦν.

357 1051 497 1129 ρλὸ¹.
548 1048 886 1128 Ἀνάϐλεψον
948 1053 1022 1114 εἰς
1077 1055 1177 1124 τήν
1235 1053 1674 1130 ἀρχιερωσύνην,
1737 1049 1793 1108 εἷ’
1834 1074 1941 1108 που

276 1126 373 1197 καῖ
429 1139 649 1197 δύνασαι
681 1161 694 1176 ·
745 1126 921 1212 ἤ-καὶ
969 1126 1447 1204 κατασταθεῖςνέπί
1493 1163 1640 1204 τινος
1690 1142 1938 1220 φυλακῆς

277 1230 606 1306 περιόπτου,
645 1229 1074 1296 ἀποσκόπευσον,
1124 1232 1214 1285 καὶ
1265 1232 1542 1304 κατάμαθε
1597 1232 1690 1286 τὸν
1750 1233 1939 1307 ἀρχιε-

280 1320 402 1395 pia,
437 1318 546 1400 βτί
595 1319 728 1375 ποτέ
778 1318 940 1377 ἐστιν.
1003 1320 1088 1390 Ἐξ
1146 1319 1454 1396 ἀρχιεράως
1505 1321 1593 1376 καὶ
1663 1320 1726 1374 σὺ
1768 1319 1937 1396 ἔχεις,

278 1405 420 1482 ἅπερ
473 1406 533 1462 ἂν
577 1407 667 1462 καὶ
715 1403 870 1484 ἔχῃς,
921 1406 1159 1473 Ἐκεῖθεν
1211 1429 1294 1462 σοι
1345 1409 1434 1464 καὶ
1465 1409 1527 1464 τὸ
1557 1410 1720 1484 ἱερῶς
1751 1407 1938 1464 διακο-

277 1501 398 1550 νεῖν
452 1495 504 1550 iv
553 1500 632 1567 τῷ
675 1495 976 1572 λειτοργεῖν
1006 1494 1104 1569 ¹τῷ
1153 1501 1288 1569 Θεῷ.
1349 1496 1650 1574 Ἐξαίρετος
1709 1499 1743 1566 ἡ
1804 1495 1940 1552 ἔκεί·

278 1605 379 1640 νου
428 1584 666 1660 ἐνέργεια
713 1584 860 1661 παρὰ
912 1586 1012 1655 τὴν
1073 1585 1123 1640 ἐν
1175 1586 1286 1642 σοί.
1327 1587 1487 1661 Ἔχει
1539 1585 1747 1648 ἐκεῖνος
1787 1587 1944 1664 ἀνάγ-

279 1694 389 1744 κην
445 1672 733 1751 φυλάττειν
790 1674 880 1728 καὶ
928 1673 996 1729 τὰ
1044 1673 1131 1729 ἐπὶ
1186 1673 1269 1728 σοὶ
1315 1673 1739 1752 ἰκπεφωνημένα
1776 1673 1934 1730 καλά.

2125 1057 2246 1111 134.
2281 1057 2522 1128 Suspice
2552 1074 2686 1129 ergo
2720 1059 2774 1113 in
2829 1059 3252 1129 pontiﬁcatum,
3304 1059 3353 1115 si
3395 1065 3581 1133 potes,
3612 1061 3702 1118 vel

2052 1151 2218 1201 stans
2247 1146 2305 1201 in
2339 1146 2537 1217 aliquo
2562 1147 2685 1202 loco
2719 1148 3277 1218 excelso,considera
3299 1153 3356 1204 et
3377 1150 3538 1206 disce
3559 1150 3702 1222 quid

2051 1234 2127 1290 sit
2148 1251 2259 1305 pon
2272 1235 2427 1290 tiiex.
2452 1238 2495 1289 A
2521 1237 2794 1307 pontiﬁce
2811 1236 3083 1308 accepisti
3101 1253 3300 1308 quaacu
3313 1255 3484 1310 mque
3498 1239 3700 1294 habes.

2052 1324 2268 1378 Exinde
2299 1325 2401 1379 tibi
2437 1324 2570 1379 licet
2602 1326 2658 1378 in
2708 1340 2878 1379 sacra
2909 1324 3147 1396 liturgia
3196 1326 3310 1381 Deo
3345 1328 3700 1382 ministrare.

2055 1414 2296 1484 Egregia
2319 1419 2577 1486 potestas
2599 1413 2758 1468 illius
2787 1431 2900 1485 prae
2926 1420 3043 1469 tua.
3070 1415 3490 1471 Necessitatem
3522 1416 3706 1472 habes

2055 1503 2207 1557 bona
2237 1503 2340 1557 tibi
2366 1504 2503 1557 data
2526 1505 2574 1557 ei
2609 1519 2839 1558 servare
2864 1521 2876 1559 :
2912 1519 3037 1574 quis
3065 1505 3220 1559 enim
3239 1503 3570 1572 evangelica
3589 1509 3704 1560 vir-

2052 1595 2176 1645 tute
2209 1591 2506 1660 dicuntur,
2535 1592 2809 1647 omnibus
2841 1592 3138 1660 dicuntur,
3175 1597 3240 1648 ut
3280 1592 3560 1665 scriptum
3593 1597 3702 1649 est.

2057 1679 2239 1734 Multa
2259 1680 2434 1734 etiam
2451 1680 2649 1750 habet,
2675 1681 2892 1752 quibus
2909 1685 2969 1736 tu
2987 1697 3121 1752 eges
3141 1683 3238 1753 qui
3257 1685 3600 1738 tonsuratus
3617 1697 3702 1738 es.

283 1765 429 1818 Ὅσα
480 1761 582 1837 γὰρ
661 1761 1023 1838 εὖαγγελικῶς
1093 1761 1366 1831 λαλεῖται,
1425 1764 1588 1818 ἅπασι
1666 1761 1938 1832 λαλεῖται,

304 1853 366 1874 L
443 1853 691 1874 ._,__,__,
762 1853 915 1874 m____
977 1848 1025 1874 εχ
1224 1850 1398 1874 κλη
1470 1852 1535 1874 r,
1582 1850 1618 1874 κς
1676 1853 1759 1874 ,Α
1821 1873 1826 1874 ,
1895 1852 1907 1873 ρ

2064 1768 2155 1822 [Ile
2179 1769 2343 1839 ungit
2365 1768 2891 1839 spiritualiter,Deo
2918 1776 3435 1842 consecrat,praaco
3459 1775 3550 1826 est
3565 1785 3706 1842 apo-

287 1853 370 1914 ὡς
400 1853 719 1927 γέγραπται.
762 1853 920 1926 Ἔχει
974 1848 1031 1906 δὲ
1079 1850 1168 1905 καὶ
1216 1850 1422 1922 πολλὰ,
1463 1852 1538 1906 ὦν
1572 1850 1634 1906 σὺ
1667 1852 1945 1908 ἀποκεκώο

285 1937 455 1995 λυσαι
499 1941 840 2015 κειράμενος.
902 1939 1055 2016 Χρίει
1123 1937 1326 2002 ἐκεῖνος
1374 1945 1751 2014 πνευματικῶς
1788 1960 1802 1974 ο
1858 1962 1947 1996 τε-

285 2027 439 2084 λειοῖ
495 2032 848 2105 θεοπρεπῶς’
926 2025 1279 2100 περιοδευττςς
1355 2028 1465 2084 ἐστι
1542 2029 1943 2092 ἀποστολικός·

284 2115 641 2173 πολιτεύεται
712 2114 1186 2190 ἀπαρακαλύπνως
1251 2114 1532 2172 πολιτείαν
1591 2117 1943 2187 παντοδαπὴν

288 2206 443 2282 ὀρθῷ
513 2205 700 2260 κανόνι
765 2204 1196 2278 ἀπευθυνόμινος
1233 2225 1245 2238 ο
1314 2204 1574 2279 περίεισιν
1631 2205 1948 2282 ἰξευρίσκων

285 2294 422 2356 τοὺς
472 2291 1000 2369 διδαχθησομίνους,
1055 2292 1143 2348 καὶ
1191 2299 1340 2349 ποιεῖ
1410 2294 1540 2350 αὐτὸ
1596 2296 1944 2370 ἠναγκασμέ-

287 2404 426 2446 νως.
462 2383 537 2437 Σὺ
571 2380 628 2438 δὶ
665 2383 839 2455 μένειν
876 2381 1063 2446 ἄλλως
1111 2381 1372 2458 ἰτάχθης,
1418 2383 1508 2438 καὶ
1549 2383 1838 2458 στηρίξειν,
1874 2385 1948 2449 ὡς

289 2471 382 2527 ἐπὶ
429 2470 567 2533 ἐνός.
615 2473 858 2542 Δικάζειν
904 2470 1108 2526 ἰκεῖνον
1158 2469 1407 2547 ὥρισται,
1459 2471 1548 2526 καὶ
1580 2493 1685 2527 που
1718 2470 1786 2527 δι’
1816 2472 1946 2528 αὐτὸ

286 2559 384 2616 καὶ
464 2555 742 2636 τυρϐάζει,
823 2557 1120 2615 ἐπιστατῶν
1204 2566 1602 2634 πρατματικαῖς
1679 2560 1945 2637 όχλήσεσι

288 2651 385 2705 καὶ
445 2647 722 2720 ἰριθείαις.
776 2647 837 2703 Τί
886 2645 944 2705 δὶ
999 2649 1076 2721 μὴ
1132 2648 1222 2704 καὶ
1269 2647 1332 2703 σὺ
1379 2649 1776 2725 θρασυνάμενος
1807 2649 1948 2726 ἐρεῖς

290 2737 493 2809 ἐξεῖναί
553 2759 638 2792 σοι
691 2735 868 2806 αύτό;
943 2734 1206 2793 Ἐκδικεῖν
1263 2738 1536 2809 τέτακται,
1591 2739 1952 2816 παρῥησιάζε-

288 2849 407 2899 ται,
442 2825 690 2902 ἄσχολός
734 2825 846 2882 ἐστι
896 2828 1032 2882 κατά
1085 2848 1138 2882 τι
1190 2825 1446 2902 ἐργῶδες,
1499 2828 1552 2883 ἰν
1594 2834 1770 2905 καιρῷ
1802 2827 1950 2906 διορ-

303 2925 594 2989 θουμενες,
652 2911 709 2970 εἷ’
751 2915 802 2969 τί
859 2935 965 2970 που
1021 2915 1112 2970 καὶ
1168 2917 1287 2970 κατ’
1342 2916 1538 2991 ἀγορὰν
1600 2912 1955 2994 στρεϐλοῦται

290 3009 414 3067 τοῖς
465 3002 520 3059 ἰν
559 3008 640 3076 τῷ
693 3003 817 3080 βίῳ.
872 3004 951 3061 Τὸ
999 3009 1101 3058 πᾶν
1144 3003 1331 3075 εἰπεῖν,
1386 3003 1592 3082 φαῦλος
1638 3005 1950 3078 ἐπίσκοπος,

288 3092 357 3158 ὃς
409 3091 693 3169 ἐγκλείσας
742 3092 954 3161 ἑαυτὸν,
1001 3092 1087 3146 καὶ
1142 3090 1284 3146 οὕτω
1337 3093 1570 3164 μονάσας
1627 3093 1949 3166 καθεδεῖται,

2057 1855 2321 1923 stolicus,
2348 1857 2728 1928 multiplicem
2756 1858 3238 1928 gubernationem
3256 1860 3390 1930 jure
3409 1875 3551 1915 cano
3573 1860 3704 1914 nico

2057 1947 2381 2000 instructus
2416 1947 2537 2017 agit
2569 1952 2764 2017 aperte
2793 1965 2805 2013 ;
2864 1947 3069 2002 circuit
3118 1965 3382 2019 quaerens
3431 1965 3578 2020 quos
3608 1949 3708 2004 do-

2057 2039 2203 2102 ceat,
2238 2035 2413 2105 idque
2444 2037 2718 2106 perﬁcere
2751 2039 2993 2107 cogitur.
3028 2039 3114 2091 Tu
3165 2045 3358 2093 autem
3393 2038 3561 2094 aliter
3588 2054 3707 2093 ma-

2059 2141 2214 2190 nere,
2248 2129 2303 2177 et
2345 2123 2502 2178 velut
2553 2124 2652 2178 uni
2708 2125 2936 2195 negotio
2983 2127 3321 2181 incumbere
3370 2128 3580 2197 jussus
3619 2142 3705 2181 es.

2058 2212 2158 2266 Hic
2192 2212 2259 2266 ad
2286 2213 2676 2283 judicandum
2738 2213 3041 2268 ordinatus
3102 2220 3212 2280 est,
3256 2220 3312 2270 et
3360 2216 3488 2270 ideo
3522 2214 3708 2270 multa

2055 2300 2324 2364 sustinet,
2359 2301 2497 2354 dum
2534 2305 2744 2372 prwest
2790 2301 3071 2357 tumultui
3098 2320 3290 2358 rerum
3318 2308 3374 2359 et
3405 2303 3706 2359 machina-

2055 2387 2337 2443 tionibus.
2373 2389 2458 2442 Tu
2493 2395 2687 2444 autem
2724 2390 2864 2461 quid
2913 2391 3019 2445 tibi
3069 2393 3425 2462 permissum
3458 2409 3572 2448 non
3606 2409 3708 2464 po-

2056 2482 2144 2530 tes
2173 2476 2524 2530 ﬁducialiter
2555 2477 2791 2532 dicere?
2849 2478 2951 2532 Hic
3003 2481 3073 2534 ad
3125 2481 3227 2549 jus
3287 2481 3708 2538 vindicandum

2057 2565 2282 2637 positus
2315 2571 2425 2634 est,
2460 2565 2697 2631 clamat,
2750 2566 2972 2621 nullam
3008 2567 3184 2624 habet
3239 2570 3504 2641 requiem
3554 2569 3712 2626 velut

2058 2653 2358 2724 operarius
2386 2654 2477 2720 ;in
2504 2656 2619 2708 ictu
2646 2655 2795 2709 oculi
2819 2655 3063 2727 erigitur
3083 2658 3129 2712 si
3154 2657 3293 2729 quid
3319 2657 3516 2728 aliquo
3541 2658 3710 2714 modo

2059 2741 2116 2796 in
2153 2743 2274 2796 foro
2309 2743 2575 2798 homines
2619 2743 2928 2799 saeculares
2962 2751 3315 2815 pervertunt.
3351 2747 3476 2803 Uno
3513 2747 3708 2817 verbo,

2058 2847 2246 2884 vanus
2295 2832 2608 2903 episOOpus
2665 2833 2764 2904 qui
2820 2835 3082 2904 seipsum
3144 2835 3413 2904 recludit,
3463 2835 3710 2891 seorsim

2063 2921 2332 2992 quiescit,
2367 2927 2422 2974 et
2444 2921 2588 2975 nihil
2616 2923 2687 2977 de
2718 2924 3147 2979 communicata
3177 2929 3361 2980 curat.
3394 2925 3524 2981 Mox
3552 2924 3710 2980 enim

2062 3011 2134 3064 ab
2165 3009 2441 3064 omnibus
2473 3009 2680 3064 audis:
2716 3010 2796 3063 Ad
2823 3010 2961 3079 quid
2993 3027 3123 3081 ergo
3157 3017 3382 3068 exercet
3411 3011 3712 3084 pontiﬁca-

2062 3103 2187 3152 tum
2219 3102 2276 3152 et
2307 3114 2421 3152 non
2456 3098 2838 3153 absconditur
2867 3099 3026 3155 velut
3057 3102 3326 3157 monachi
3352 3103 3372 3156 ἒ

294 3181 540 3259 μηδενὸς
585 3188 695 3239 τῶν
737 3181 790 3237 ἐν
838 3186 917 3254 τῷ
963 3201 1135 3254 κοινῳ
1190 3181 1668 3259 ἐπιστρεφόμενος.
1727 3185 1934 3241 Αὐτίκα
1974 3187 2074 3264 γὰρ
2123 3186 2304 3242 ἀκούει
2346 3187 2482 3262 πρὸς
2535 3187 2746 3242 πάντων
2793 3186 2852 3241 τό
2886 3207 2898 3221 ⁸
2935 3212 2963 3241 ι(
3010 3190 3111 3245 Καὶ
3155 3191 3208 3244 τί
3261 3189 3464 3260 δήποτε
3513 3190 3710 3266 ἀρχιε-

299 3271 539 3350 ρατεύει,
568 3272 659 3328 καὶ
688 3270 786 3327 οὐκ
817 3269 1130 3348 ιγγωνιάζει
1157 3276 1476 3347 μοναχικῶς
1509 3289 1522 3342 ;
1550 3295 1580 3324 ι)

369 3406 508 3484 ρλε’.
537 3411 718 3465 Κεῖται
749 3403 808 3462 δὶ
857 3403 961 3482 ἄρα
1008 3405 1233 3462 ὶνταῦθα
1281 3409 1579 3484 παρόραμα
1624 3430 1676 3464 τι
1727 3429 1950 3486 μοναχι-

2138 3413 2259 3468 135.
2295 3412 2395 3466 Ηίο
2429 3413 2778 3469 manifestus
2817 3419 2909 3470 est
2957 3433 3118 3472 error
3149 3417 3594 3474 monachorum.
3627 3419 3716 3475 Ad

293 3499 415 3557 κόν.
449 3496 546 3560 Εἰς
591 3501 760 3552 ταῦτα
807 3497 935 3572 γὰρ,
979 3497 1156 3568 οἶμαι,
1207 3491 1613 3560 ἀποϐλέποντες
1661 3499 1714 3552 οἳ
1760 3500 1827 3554 τὰ
1863 3499 1956 3574 ἀρ-

297 3591 599 3664 χιερατικᾶ
653 3587 1131 3660 παραθεωροῦντες
1188 3586 1444 3661 μοναχοὶ,
1495 3586 1586 3642 καὶ
1631 3587 1954 3650 ἀναλύοντες

299 3677 444 3733 αὐτὰ
473 3677 549 3739 ὡς
583 3675 658 3738 είς
690 3672 846 3745 δόξαν
885 3673 973 3728 καὶ
1025 3674 1358 3751 φανητισμὸν
1407 3674 1495 3729 καὶ
1551 3676 1671 3751 βίου
1703 3676 1954 3754 λαμπρό-

298 3787 464 3836 τητα,
518 3763 986 3842 πραγματεύονται
1061 3763 1151 3818 καὶ
1226 3763 1290 3818 τὸ
1363 3764 1769 3840 ἀρχιεράτευμα
1824 3786 1954 3842 κρα-

297 3859 494 3927 ταιῶς,
544 3855 619 3917 ὡς
677 3851 738 3908 ἂν
790 3856 870 3924 τῷ
924 3851 1113 3927 τρόπῳ
1175 3851 1354 3925 τούτῳ
1410 3859 1507 3922 τῆς
1554 3854 1690 3909 κατὰ
1743 3859 1955 3928 πνεῦμα

301 3944 470 4013 ὀπῆς,
525 3944 586 4011 ἢν
649 3943 701 3996 οἱ
754 3945 1063 4004 Μωσαϊκῶς
1132 3940 1352 4004 θεόπται
1410 3939 1652 4020 φιλοῦσι,
1713 3945 1801 3998 καὶ
1858 3949 1954 3999 τοῦ

298 4033 420 4086 κατ’
471 4029 644 4098 αὐτὴν
701 4027 918 4106 φωλεοῦ
996 4027 1397 4104 ἑξερπύσαντες,
1471 4035 1580 4086 τῶν
1657 4029 1950 4110 λεωφόρων

299 4117 724 4194 εὐθαρσέστερον
775 4119 1058 4194 γίνωνται,
1121 4117 1210 4172 καὶ
1270 4117 1726 4193 ἕπανακάμψωσιν
1787 4117 1956 4187 ἀδεῶς

305 4209 385 4273 εἰς
427 4209 495 4263 τὰ
525 4207 812 4284 πρότερον,
860 4205 920 4261 οὗ
973 4203 1404 4280 προκληθὲντες,
1465 4206 1590 4264 οὐδὲ
1619 4207 1806 4272 ἄλλως
1835 4209 1954 4266 ἀνε-

297 4295 668 4375 ρευνηθὲντες,
724 4295 832 4366 ὅπη
893 4294 1243 4370 κρύπτονται.
1297 4297 1365 4354 Οἱ
1421 4295 1647 4360 πλείους
1691 4300 1790 4372 γὰρ
1831 4296 1956 4354 οὐδὶ

296 4389 441 4464 πρὸς
474 4382 651 4460 ὄνομα
697 4384 1076 4460 γινώσκονται,
1122 4381 1248 4440 ἀλλ’
1287 4386 1445 4441 αὐτοὶ
1475 4385 1951 4463 προπηδήσαντες,

297 4477 389 4531 καὶ
447 4476 553 4544 τὴν
604 4473 851 4548 ἐντυχίαν
899 4473 1099 4544 ταύτην
1148 4475 1501 4548 ἁρπάσαντες,
1543 4477 1654 4552 οὐχ
1700 4475 1791 4532 ’ίνα
1837 4483 1954 4534 τοῖς

299 4565 497 4641 πρώην
548 4567 817 4638 μοναχοῖς
862 4559 1055 4624 καλοῖς
1102 4562 1164 4617 τὸ
1220 4563 1600 4639 ἀρχιερατικὸν
1639 4586 1955 4641 προσεπιτι-

299 4655 496 4722 θέντες,
555 4649 1085 4708 πολλαπλασιάσωσι
1139 4651 1237 4720 τὴν
1299 4654 1494 4724 ἀρετήν
1530 4674 1542 4686 °
1605 4653 1728 4710 ἀλλ’
1779 4652 1862 4711 i’va
1917 4654 1953 4724 ἤ

297 4743 388 4799 καὶ
419 4747 528 4798 τῶν
565 4741 846 4817 προτέρων
899 4739 1108 4815 ἀγαθῶν
1164 4739 1469 4814 ὑφᾶλωνται
1521 4740 1610 4796 διὰ
1658 4744 1719 4798 τὸ
1759 4743 1952 4799 ἐπίπο-

295 4853 410 4898 νον,
448 4827 596 4904 εἷ’περ
626 4850 679 4884 τι
710 4829 799 4882 καὶ
859 4821 1021 4902 ἔσχον
1079 4822 1250 4881 πλέον
1311 4836 1411 4898 τῆς
1443 4831 1842 4903 κοσμικότητος
1877 4852 1889 4865 ·
1921 4833 1958 4903 ἤ

298 4918 446 4976 ἀλλά
476 4921 545 4993 τῇ
594 4918 818 4996 ἀφορμῇ
867 4922 969 4985 τῆς
1009 4914 1325 4986 ἐπισκοπῆς
1375 4913 1868 4990 ἀποϐουκολήσωσι
1897 4923 1960 4977 τὸ

298 5003 546 5084 ἀκριϐὲς,
575 5007 649 5069 ὠς
682 5006 760 5080 μή
793 5004 905 5076 ἰξὸν
946 5001 1111 5073 δῆθεν
1162 5003 1220 5059 ’ὸν
1264 5008 1372 5059 τῶν
1425 5004 1477 5061 ἐν
1527 5005 1679 5080 μέσῳ
1707 5011 1962 5084 πραγμά-

298 5119 411 5154 των
460 5094 807 5172 τετυχηκότα
878 5090 1204 5170 ἐπίστροφον
1274 5093 1405 5148 εἶναι
1465 5101 1566 5166 τῆς
1617 5095 1754 5172 πρὸς
1812 5098 1964 5176 ἀκρί-

299 5181 452 5242 ὅειαν
492 5186 712 5262 ἀρετῆς.

379 5307 517 5386 ρλςῖ
552 5310 651 5363 Καὶ
698 5307 822 5362 τότε
869 5302 936 5373 δὴ
989 5302 1102 5359 ἴστι
1159 5302 1378 5379 βλέπειν
1429 5307 1492 5362 τὸ
1527 5307 1878 5382 γελοιότατον
1907 5309 1961 5364 ἐν

305 5400 515 5460 αὐτοῖς.
573 5397 640 5455 O't
693 5396 799 5470 γὰρ
861 5393 920 5449 ἐκ
975 5399 1076 5462 τῆς
1118 5393 1312 5470 πρώην
1366 5402 1562 5459 καλιᾶς
1611 5399 1699 5452 καὶ
1756 5405 1857 5468 τῆς
1906 5398 1956 5453 ἐν

301 5487 440 5560 αὐτῇ
497 5482 838 5562 στεοχωρίας
889 5480 1025 5536 κατά
1070 5484 1177 5535 τῶν
1224 5480 1534 5539 ἐπισκόπων
1585 5485 1962 5560 τοξαζόμενοι,

304 5577 434 5635 τότε
481 5575 620 5632 κατὰ
663 5577 775 5630 τῶν
834 5568 1134 5645 ὁμοχρόων
1199 5577 1458 5648 μοναχῶν
1510 5575 1962 5651 θωρακισάμενοι,

311 5665 375 5723 οὐ
430 5665 602 5740 μόνον
646 5655 1066 5718 ἀντιϐάλλουσιν
1114 5655 1630 5738 ἀκροϐολιζόμενοι,
1687 5661 1834 5722 ἀλλά
1876 5665 1966 5723 καὶ

643 5793 916 5858 Paeon.
963 5787 1081 5873 Gs,
1123 5786 1414 5873 βων.

2066 3502 2181 3557 ista
2210 3503 2365 3556 enim
2399 3501 2598 3557 oculos
2630 3503 2944 3574 ﬂectentes,
2982 3511 3044 3559 ut
3087 3508 3357 3578 arbitror,
3389 3507 3486 3578 qui
3517 3524 3718 3566 sacras

2065 3590 2381 3661 dignitates
2417 3591 2789 3646 considerant
2821 3594 3112 3657 monachi,
3137 3601 3193 3650 et
3220 3596 3276 3649 in
3305 3597 3390 3652 eis
3422 3596 3567 3654 nihil
3598 3597 3716 3653 nisi

2065 3678 2335 3751 gloriam,
2371 3686 2743 3750 apparatum,
2793 3687 2850 3735 et
2904 3683 3398 3753 magnificentiam
3450 3687 3579 3742 vita
3623 3687 3714 3742 iu-

2065 3771 2386 3840 venientes,
2442 3771 2846 3841 pontiﬁcatum
2895 3773 3104 3829 acriter
3150 3783 3606 3850 prosequuntur,
3649 3781 3714 3835 ut

2065 3861 2155 3915 via
2186 3861 2296 3914 ista
2328 3866 2630 3931 emergant
2659 3877 2688 3914 e
2718 3863 3012 3933 spirituali
3035 3864 3316 3921 foramine
3341 3872 3534 3938 petris,
3567 3867 3711 3924 dile-

2065 3953 2155 4001 cto
2187 3949 2259 4002 ab
2287 3948 2370 4002 eis
2400 3949 2495 4018 qui
2530 3949 2713 4003 Deum
2750 3956 2812 4004 ut
2857 3951 3082 4024 Moyses
3113 3955 3621 4028 contemplantur;
3654 3961 3712 4014 et

2064 4042 2269 4091 euntes
2300 4053 2329 4091 e
2361 4053 2608 4092 caverna
2637 4040 2900 4109 proxima
2931 4043 2988 4095 in
3019 4041 3128 4098 viis
3157 4045 3464 4101 ambulant
3492 4048 3713 4104 audac-

2063 4129 2188 4192 ter;
2219 4126 2288 4180 ad
2322 4125 2517 4197 priora
2572 4128 2795 4198 absque
2843 4130 3063 4200 pudore
3109 4139 3496 4202 revertantur,
3529 4151 3714 4207 neque

2065 4213 2308 4282 evocati,
2342 4231 2528 4284 neque
2573 4215 2792 4270 inventi
2838 4217 2936 4272 ubi
2971 4219 3132 4288 prius
3179 4222 3712 4280 abscondebantur.

2064 4302 2331 4370 Plerique
2362 4304 2518 4357 enim
2569 4320 2640 4358 ne
2691 4306 2928 4360 nomine
2978 4309 3214 4378 quidem
3255 4319 3712 4384 cognoscuntur,

2064 4392 2164 4446 sed
2199 4408 2314 4445 uno
2345 4391 2521 4456 saltu,
2556 4394 2786 4449 obviam
2819 4395 3114 4452 fortunam
3165 4400 3474 4472 arripiunt,
3509 4419 3622 4456 non
3655 4406 3721 4458 ut

2067 4479 2274 4548 priscis
2316 4481 2679 4536 monachicis
2731 4483 2894 4538 bonis
2942 4489 3321 4556 superaddite
3372 4490 3716 4558 pontiﬁcatu

2065 4568 2338 4622 virtutem
2375 4570 2788 4642 multiplicent,
2841 4574 2941 4628 sed
2996 4582 3060 4631 ut
3114 4578 3405 4633 veteribus
3452 4580 3621 4635 bonis
3653 4583 3719 4636 ut

2066 4661 2198 4726 pote
2221 4657 2590 4726 gravioribus
2615 4662 3038 4728 subducantur,
3074 4666 3119 4719 si
3155 4667 3293 4737 quid
3327 4684 3506 4738 supra
3539 4685 3718 4724 mun-

2066 4745 2205 4798 dum
2242 4747 2572 4813 habebant;
2628 4749 2712 4803 vel
2772 4756 2835 4804 ut
2877 4768 3054 4806 causa
3112 4755 3484 4826 episcopatus
3523 4757 3721 4830 opima

2069 4835 2386 4901 abducant,
2423 4836 2590 4907 quasi
2628 4854 2739 4892 non
2775 4839 2850 4892 sit
2896 4841 3175 4912 possibile
3219 4843 3514 4902 hominem
3546 4847 3721 4904 rebus

2070 4924 2484 4979 communibus
2529 4942 2740 4981 manus
2792 4928 3199 4987 admoventem
3250 4934 3564 5006 perfectam
3609 4935 3721 4993 vir-

2071 5017 2258 5067 tutem
2293 5013 2525 5068 sectari.

2147 5315 2269 5368 136.
2302 5318 2459 5370 Tunc
2509 5316 2567 5370 in
2628 5317 2702 5372 iis
2757 5318 3010 5374 maxime
3068 5322 3312 5380 ridenda
3356 5341 3591 5384 cernere
3622 5345 3726 5401 po-

2074 5403 2239 5457 teris.
2274 5404 2381 5470 Qui
2414 5406 2569 5460 enim
2604 5406 2765 5475 prius
2810 5423 2840 5461 e
2885 5408 3058 5464 domo
3107 5410 3318 5482 lignea,
3367 5419 3542 5487 atque
3572 5431 3603 5472 e
3633 5434 3726 5474 so-

2073 5492 2324 5548 litudine
2397 5494 2621 5564 vicina,
2700 5501 2903 5550 contra
2975 5498 3282 5572 episcopos
3363 5503 3481 5558 tela
3545 5506 3728 5577 jacio-

2076 5582 2240 5652 bant,
2305 5584 2479 5639 modo
2539 5589 2743 5640 contra
2821 5587 3142 5644 monachos
3195 5592 3463 5662 ejusdem
3521 5594 3734 5654 coloris

2076 5676 2386 5729 armantur
2409 5713 2423 5741 ,
2451 5688 2556 5730 nec
2586 5672 2780 5730 solum
2805 5691 2838 5731 a
2871 5673 3047 5749 longe
3077 5678 3380 5752 sagittam,
3411 5683 3514 5740 sed
3544 5689 3734 5744 morte

3334 5809 3419 5884 3'1
