4104 6210
540 289 659 349 843
1301 287 1725 356 ΕΠ8Ί⁹ΑἸἮῙΙ
1765 283 2538 349 THESSALONICENSIS
2584 283 3177 351 METROPOLITE
3737 317 3824 382 θη

532 419 769 491 quidem
801 423 1086 493 afficiunt,
1111 425 1197 480 vel
1220 441 1249 480 e
1278 422 1636 479 monasterio
1657 418 1990 509 expellunt;
2013 419 2153 486 juxt:

2211 418 2264 483 Α
2292 412 2330 482 ἥ
2379 417 2714 483 θανατοῦσιν,
2747 412 2785 483 ἤ
2835 420 2934 470 τοῦ
2980 422 3383 496 φροντιστηρίου
3427 428 3736 509 ὑπεξάγουσιν,
3779 449 3824 504 οὐ

532 525 788 565 canones
821 529 935 567 non
988 519 1193 584 agunt,
1245 514 1345 568 sed
1395 509 1713 583 episcopali
1761 507 2046 579 dignitate
2077 523 2153 560 sae

2293 502 2664 607 xuvpviCovtsf
2700 502 2896 607 ὀρθῶς,
2949 487 3096 561 ἀλλὰ
3141 512 3208 607 τῇ

531 597 660 654 vius
689 605 746 654 et
777 601 1027 656 ferocius
1076 603 1427 656 abutuntur.
1482 600 1550 653 Et
1590 597 1691 670 qui
1748 597 1806 650 in
1841 593 2147 650 monacbic

2291 590 2573 666 χρώμενοί
2629 588 2926 667 δεινότερόν
2981 616 3040 650 τε
3096 597 3185 651 καὶ
3241 588 3821 681 ἐμϐριθές-ιε’ρονζιιαιᾙι

533 686 738 742 habitu
771 690 1060 760 principes
1114 689 1528 754 adulabantur,
1570 689 1696 758 jam
1734 703 1845 740 non
1881 684 2149 755 patiuntu

2292 681 2540 769 σχήματι
2596 687 2884 756 μοναχικῷ
2936 683 3216 760 θὲλγοντες
3267 689 3354 751 τὰς
3397 693 3569 769 ἀρχὰς,
3616 703 3716 759 τότε
3755 710 3824 766 οὐκ

532 793 660 830 esse
688 779 842 846 quod
874 783 1265 840 erant,amaro
1321 779 1448 832 furo
1481 778 1784 832 feruntur:
1820 772 2148 828 extrinsecu

2291 763 2367 821 ἔτι
2426 767 2702 844 στέγοντες
2763 770 2920 840 εἶναι,
2981 771 3113 849 ὅπερ
3171 774 3325 846 ἦσαν,
3543 763 3821 864 πικρίαν

533 865 853 920 monachos
886 867 1078 936 magni
1112 866 1468 930 indumenti,
1493 870 1551 919 et
1575 865 1863 935 quotquot
1894 861 2046 914 inter
2071 858 2151 914 mi

2295 857 2595 929 μαίτονται,
2625 863 2704 930 τῷ
2753 860 2848 932 μὶν
2898 861 3229 937 προσωπείῳ
3274 857 3750 942 γλυκαίνοντεςπούς
3781 906 3821 942 τι

530 968 700 1008 nores
732 955 1032 1009 reverendi
1057 960 1215 1025 sunt,
1243 954 1440 1010 verbis
1472 952 1747 1007 dulcibus
1772 949 2151 1020 alloquuntur

2295 943 2789 1040 μεγαλοσχήμονας
2835 949 2924 1003 xui
2981 949 3128 1040 τοὺς,
3179 951 3291 1008 ὅσοι
3351 965 3513 1033 μικρῷ
3564 961 3630 1017 ἔτι
3677 973 3821 1040 σεμνύ.

527 1041 697 1095 corde
749 1047 944 1096 autem
1004 1047 1369 1098 aversantur.
1419 1047 1579 1096 Tunc
1638 1043 1831 1110 potest
1874 1036 2057 1092 videri
2085 1053 2148 1092 ve

2286 1055 2470 1125 νοντα-ι
2527 1038 2796 1125 σχήματι,
2854 1036 3035 1125 τῷξδὲ
3092 1041 3488 1118 αὐτοπροσώπῳ
3529 1036 3819 1125 πικράζοντες,

525 1130 638 1186 dici
692 1132 966 1187 virtutem
1015 1135 1214 1189 Virtuti
1267 1135 1574 1200 obsistere,
1623 1133 1672 1187 si
1727 1148 1844 1204 qua
1889 1131 2073 1185 virtus
2117 1129 2146 1182 il

2287 1121 2384 1176 Καὶ
2442 1116 2583 1176 ἔστιν
2634 1122 2822 1179 ἐνταῖθ
2921 1124 3025 1180 ί““’
3154 1128 3178 1149 ”
3307 1129 3320 1151 ’
3391 1138 3410 1149 ”
3464 1116 3470 1118 Ἴ
3615 1116 3631 1158 ζ
3681 1116 3695 1123 ⁷
3794 1116 3819 1161 ζ

2765 1148 2789 1178 .›
2828 1147 2860 1179 α
2945 1143 3070 1196 οειν,
3125 1150 3232 1184 ειτε
3280 1151 3457 1201 ειπειν,
3498 1135 3662 1211 ἀρετην
3704 1143 3823 1217 ﬁgam

521 1220 607 1275 eis
630 1221 866 1276 residua
887 1227 1012 1276 est:
1050 1222 1363 1294 simileque
1385 1221 1563 1278 simili
1589 1239 1700 1276 non
1725 1220 2142 1293 gaudere.Apui

2287 1210 2633 1286 μαχομένην,
2674 1212 2726 1267 εἶ’
2757 1213 2836 1276 τίς
2865 1237 2969 1270 που
3005 1216 3094 1271 καὶ
3144 1213 3285 1272 ἔστιν
3312 1220 3464 1296 ἀρετὴ
3494 1210 3539 1277 ἐν
3564 1232 3662 1289 τοῖς
3685 1210 3823 1286 τοιιούέ

521 1323 622 1362 eos
651 1307 926 1378 frequens
959 1310 1342 1381 interrogatio
1374 1310 1522 1364 ista:
1559 1308 1704 1374 Quid
1730 1324 1862 1362 cum
1887 1306 1966 1361 sis
2001 1322 2136 1360 sene

2283 1320 2417 1394 τοις,
2452 1301 2537 1354 καὶ
2590 1299 2715 1356 οὐδὲ
2755 1307 2835 1394 τῷ
2875 1303 3055 1394 ὁμοίῳ
3107 1311 3300 1380 γαῖρον
3345 1308 3403 1363 τὸ
3439 1309 3628 1383 ὅμοιον.
3667 1319 3822 1394 Συχνὸν

523 1395 740 1462 mollis,
791 1397 982 1467 gravis
1031 1399 1328 1453 similibus
1375 1399 1456 1452 lui
1504 1395 1845 1452 incumbis?
1887 1401 2076 1465 Atque
2106 1410 2144 1449 e:

2285 1387 2342 1444 δὲ
2372 1389 2723 1464 ἀπορητικῶς
2755 1390 2805 1444 ἄν
2837 1392 3054 1458 τούτοις
3098 1394 3190 1449 καὶ
3237 1395 3296 1450 τό
3321 1417 3333 1430 ⁸
3366 1422 3393 1449 ‹‹
3423 1399 3481 1454 Τί
3503 1397 3677 1472 δήποτε
3700 1387 3825 1461 καλό-

524 1482 707 1539 altera
738 1489 902 1556 parte
935 1486 1040 1542 hoc
1091 1503 1476 1557 responsum:
1531 1486 1848 1556 Episcopus
1880 1499 2008 1537 sum
2043 1498 2145 1553 ego

2281 1497 2454 1551 γερως
2481 1477 2570 1532 καὶ
2600 1479 2763 1541 αὐτὸς
2809 1479 2904 1551 ὥν,
2949 1481 3116 1558 βαρὺς
3163 1482 3422 1541 ἐπίκεισαι
3449 1495 3551 1552 τοῖς
3581 1492 3781 1564 ὁμοίοις;
3804 1521 3823 1548 n

523 1573 690 1628 Tunc
722 1573 915 1628 solum
949 1574 1102 1629 sicut
1149 1574 1207 1628 in
1241 1574 1396 1629 brevi
1448 1573 1860 1645 recogitatione
1901 1571 2143 1642 judican

2281 1565 2567 1641 'Etépwetv
2621 1564 2678 1620 δὶ
2735 1566 2975 1631 λυτικῶς
3020 1571 3081 1626 τό
3117 1591 3131 1603 ·
3182 1597 3210 1624 ‹‹
3261 1573 3428 1631 Ἀλλὰ
3473 1577 3553 1632 καὶ
3602 1579 3825 1646 ἐπίσκοπός

525 1662 930 1730 pontiﬁcatum
979 1663 1334 1718 monachicae
1382 1663 1510 1716 vitea
1565 1666 1858 1732 praestare,
1889 1677 1950 1715 se
1980 1658 2146 1731 ipsan

2282 1653 2416 1726 εἶμι.
2453 1679 2478 1705 ››
2532 1655 2803 1710 Κάνταῦθα
2855 1657 3014 1729 μόνον
3075 1660 3150 1722 ὡς
3211 1659 3262 1714 ἐν
3309 1662 3506 1736 ἐπινοίᾳ
3546 1664 3692 1742 λεπτῇ
3743 1667 3827 1725 δια-

525 1747 875 1818 injustitiam
911 1756 1082 1806 antea
1115 1751 1406 1806 fefellisse.
1439 1751 1602 1805 Tunc
1649 1755 1890 1804 sanctus
1920 1746 2146 1818 duplici

2205 1788 2248 1832 Π
2279 1743 2517 1821 φαίνεται
2577 1743 2861 1820 ὑπερέχειν
2909 1747 2971 1801 τὸ
3020 1747 3400 1823 ἀρχιερατικὸν
3444 1757 3532 1808 τοῦ
3574 1763 3826 1832 μοναχικοῦ,

523 1841 629 1907 ter,
665 1839 976 1911 episcopus
1019 1840 1238 1894 scilicet
1291 1843 1346 1894 et
1397 1839 1742 1906 monachus,
1791 1837 2010 1892 oblitus
2042 1852 2144 1907 qua

2204 1831 2354 1894 νὼς
2407 1831 2474 1886 τά
2529 1853 2592 1907 γε
2646 1834 2753 1909 πρὸ
2805 1835 2998 1890 τούτου
3056 1835 3310 1910 ἐψεύδετο
3355 1843 3389 1910 ἡ
3444 1839 3604 1898 ἀδικία
3644 1831 3825 1916 ἑαυτήν·

523 1925 684 1995 prius
717 1927 1011 1999 cogitabat
1050 1945 1207 1982 nunc
1255 1927 1506 1982 clamat:
1561 1927 1706 1991 Quid
1737 1925 1907 1980 nobis
1959 1929 2016 1980 et
2044 1925 2144 1996 epit

2275 1921 2363 1976 ὅτε
2391 1921 2477 1976 καὶ
2513 1919 2884 2010 ,ἐκλαθόμενος
2935 1925 2963 1980 ὁ
3007 1922 3238 1989 διπλοῦς
3289 1925 3452 2005 ἅγιος,
3483 1932 3509 1986 6
3535 1934 3613 1987 καὶ
3645 1936 3828 2010 μοναχδς

487 2069 490 2073 .
520 2029 694 2085 secpo
717 2032 1025 2071 commune
1046 2016 1072 2070 ?
1103 2017 1406 2071 contendit
1432 2019 1629 2069 omnia
1651 2030 1778 2069 esse
1801 2014 2108 2085 episcopus

2273 2010 2363 2064 xui
2431 2009 2746 2081 ἐπίσκοπος,
2805 2014 2879 2066 ὧν
2937 2015 3129 2088 πρώην
3191 2013 3419 2093 ἐφρόνει,
3477 2020 3738 2095 ἀνακράζων
3778 2009 3823 2077 τὸ

515 2103 754 2158 etinter
813 2105 1154 2169 monachos,
1215 2110 1271 2159 et
1327 2105 1480 2158 inter
1528 2107 1766 2158 caeteros
1815 2119 2055 2157 omnes:
2108 2119 2136 2156 e

2275 2124 2302 2151 «
2335 2100 2397 2154 Τί
2430 2098 2646 2175 μετέχει
2697 2100 2747 2155 ἐν
2797 2103 2930 2174 ⁴ἡμῖν
2988 2103 3016 2157 6
3064 2102 3354 2167 ἐπίσκοπος
3385 2125 3400 2176 ς
3434 2132 3461 2159 ››
3507 2106 3764 2188 φιλοσοφεῖ,
3785 2112 3827 2166 τὸ

515 2191 770 2263 episcopi
799 2209 1008 2248 nomen
1047 2193 1350 2262 jactitans,
1400 2192 1542 2246 illud
1581 2193 1689 2246 Deo
1739 2190 1937 2246 omnia
1984 2191 2136 2262 inspi

2271 2194 2373 2242 πᾶν
2436 2188 2568 2242 εἶναι
2625 2189 2717 2243 τὸν
2777 2188 3072 2246 ἐπίσκοπον
3148 2194 3244 2248 xui
3301 2193 3350 2249 ἐν
3402 2201 3642 2272 μοναχοῖς
3685 2200 3754 2252 καὶ
3793 2199 3828 2253 iv

511 2279 710 2348 cienti,
743 2281 1059 2349 videnti,et
1079 2279 1438 2336 examinanti
1467 2279 1808 2335 solemniter
1839 2284 2132 2334 consecrat

2271 2273 2433 2330 ἅπασι
2467 2297 2480 2310 ·
2513 2277 2603 2332 καὶ
2652 2278 3031 2352 ἀποσεμνύνων
3076 2283 3176 2351 τήν
3223 2287 3318 2337 τοῦ
3367 2283 3638 2340 ὶπῐσκόπου
3662 2284 3828 2360 κλῆσιν,

510 2370 824 2426 ostendens
855 2369 968 2425 sibi
1017 2370 1130 2442 ipsi
1180 2368 1464 2425 malitiam
1514 2368 1859 2440 plerumque
1891 2369 2131 2424 nocivan

2266 2369 2347 2430 τῷ
2403 2371 2520 2438 Θεῷ
2577 2366 2744 2435 αὐτὴν
2821 2369 3042 2446 ἀφοσιοῖ
3110 2369 3533 2448 τελεταρχικῶς,
3579 2379 3649 2446 τῷ
3685 2395 3826 2430 παντε-

509 2473 657 2514 esse.
2269 2454 2442 2529 φόρῳ,
2521 2459 2601 2527 τῷ
2668 2456 3032 2532 παντεπόπτῃ,
3106 2463 3189 2530 τῷ
3264 2459 3435 2515 πάντα
3499 2461 3826 2531 ἐπισκοποῦντι,

2267 2541 2513 2616 δεικνὺς,
2571 2551 2832 2622 περιπετῆ
2893 2546 3054 2621 ἑαυτῇ
3118 2549 3222 2618 τήν
3279 2549 3463 2604 κακίαν
3518 2551 3633 2605 εἶναι
3681 2551 3740 2613 ὡς
3779 2553 3827 2606 τὰ

2263 2630 2470 2690 πολλά.

577 2743 699 2799 137.
733 2743 900 2800 Nunc
931 2751 1146 2812 autem,
1180 2759 1213 2798 ο
1233 2741 1478 2798 humilis
1498 2745 1803 2816 monaebe,
1838 2750 2153 2819 antequam

2335 2739 2469 2815 ρλξ.
2524 2738 2677 2803 Τέως
2723 2761 2782 2816 γε
2831 2741 2962 2814 μὴν,
3009 2741 3054 2795 ὦ
3104 2737 3182 2797 ἔτι
3234 2745 3450 2799 ταπεινὲ
3501 2744 3706 2819 μοναχὶ,
3731 2743 3821 2819 πρὶν

500 2831 560 2886 in
595 2833 972 2904 pontificatus
994 2833 1219 2904 apicem
1252 2831 1555 2899 ascendas,
1588 2851 1842 2905 quanam
1874 2837 1945 2892 de
1975 2852 2121 2892 caus

2261 2827 2297 2900 ἤ
2353 2830 2440 2884 καὶ
2489 2824 2750 2894 ἀναϐῆναι
2829 2829 2905 2892 είς
2981 2831 3397 2907 ἀρχιερωσύνης
3450 2830 3593 2906 ὕψος,
3640 2831 3684 2886 τί
3727 2852 3823 2886 ποτε

501 2921 840 2992 pontificem
874 2921 1137 2976 omnium
1166 2936 1457 2975 consensu
1487 2921 1595 2977 tibi
1625 2924 1962 2993 praefectum
1987 2942 2120 2981 aver

2259 2923 2467 2997 φρονῶν
2528 2917 2914 2992 ἀποπροσποιῇ
2991 2919 3081 2973 τὸν
3162 2917 3296 2996 δίχα
3351 2922 3522 2992 πάσ-ης
3575 2921 3825 2995 ἀντιλογίας

495 3007 645 3062 saris
667 3009 694 3062 ?
723 3008 838 3063 Cur
867 3025 1001 3063 eum
1053 3007 1330 3080 aufugis?
1362 3009 1526 3064 Unde
1575 3027 1708 3066 eum
1756 3013 2102 3070 reformidas

2260 3005 2700 3083 ὑπερκαθήμενόν
2775 3027 2874 3060 σου
2971 3007 3231 3084 ἀρχιερέα
3281 3035 3294 3079 ς
3361 3009 3533 3067 ’Ἰνατί
3602 3008 3819 3087 ἐκγεύγεις

495 3095 640 3151 Mite
670 3097 775 3152 tibi
806 3102 895 3153 est
930 3099 1142 3170 jugum
1197 3098 1345 3168 ejus.
1397 3098 1513 3154 Cur
1560 3114 1693 3169 ergo
1724 3099 1867 3155 illud
1902 3103 2116 3173 projici:

2202 3147 2212 3174 ,
2252 3095 2460 3165 αὐτόν;
2512 3093 2610 3156 Τίς
2658 3095 2686 3149 6
2745 3094 2836 3148 ἀπ’
2894 3093 3101 3150 ἐκείνου
3151 3093 3326 3175 φόϐος
3374 3095 3426 3153 ἔν
3453 3120 3531 3153 σοι
3565 3118 3576 3167 ;
3608 3097 3823 3174 Ἐλσφρός

495 3145 638 3151 """
675 3145 775 3152 ""'
808 3145 894 3153 *τ’
930 3145 1142 3170 J'O“'"
1201 3145 1345 3168 νει-⁷⁷
1403 3145 1503 3154 """
1562 3145 1691 3169 "O"
1724 3145 1867 3155 ⁵⁸⁸““·⁶
1902 3145 2104 3173 r‘VJ'V'

490 3184 638 3241 collo
671 3186 958 3242 indomito
1012 3187 1356 3258 impositum
1380 3186 1406 3240 Τ
1454 3187 1510 3240 Si
1564 3203 1738 3259 grave
1770 3195 1878 3257 est,
1912 3191 2103 3262 patien

2201 3147 2212 3212 ³
2252 3145 2547 3240 ξςξι”έσὲιν’
2570 3145 2609 3238 ἑ
2647 3145 2697 3254 ἐξ
2749 3145 3822 3262 2..{..;;;"g;;,i:."1;;{autem};

489 3279 634 3330 esto.
672 3274 778 3330 Ubi
809 3281 896 3330 est
945 3275 1224 3348 patientia
1275 3280 1392 3340 tua,
1439 3292 1617 3347 quam
1669 3278 1996 3334 astantibus
2026 3285 2110 3336 De:

2249 3273 2430 3342 αὐτὸν,
2484 3271 2723 3347 σκληρὸν
2783 3271 3004 3348 ὑπέχων
3061 3273 3403 3351 τράχηλον;
3448 3274 3615 3332 Ἀλλὰ
3658 3273 3821 3350 βαρύς·

489 3369 546 3420 et
576 3364 800 3436 angelis
833 3365 960 3436 ejus
993 3364 1384 3437 spopondisti,
1407 3381 1658 3438 eamque
1686 3383 1872 3438 usque
1892 3369 1962 3423 ad
1989 3386 2110 3425 mor

2246 3363 2336 3416 xui
2385 3362 2637 3434 ὑπόμενε,
2702 3362 2770 3415 Ἥ
2827 3366 2931 3415 ποῦ
2990 3364 3024 3431 ἡ
3080 3363 3359 3437 ὑπομονὴ,
3409 3364 3473 3434 ἥν
3523 3363 3690 3434 ἑτάξω,
3723 3365 3821 3417 Θεοῦ

486 3453 657 3509 tem?
687 3455 794 3509 Sed
827 3453 1018 3509 verbis
1067 3454 1290 3526 asperis
1322 3471 1409 3509 me
1439 3455 1718 3509 offendit:
1753 3457 1869 3511 noli
1901 3480 1929 3508 «
1963 3458 2107 3515 calci

2244 3451 2334 3506 xui
2377 3455 2485 3506 τῶν
2531 3448 2694 3505 αὑτοῦ
2737 3449 2984 3526 ἀγγέλων
3031 3452 3336 3527 παρόντων,
3385 3455 3470 3509 καὶ
3522 3454 3644 3521 αὖτὴ
3686 3454 3715 3522 ἡ
3754 3452 3826 3523 μὲ-

487 3547 642 3598 trare
675 3547 876 3599 contra
908 3543 1218 3599 stimulum
1243 3544 1306 3610 9°,
1362 3565 1390 3592 ››
1424 3543 1576 3599 sicut
1607 3543 1712 3600 tibi
1760 3547 1969 3601 suadet
1998 3565 2102 3620 pro

2244 3561 2340 3617 χρι
2376 3539 2603 3596 θανάτου
2637 3559 2651 3610 ;
2685 3537 2862 3596 Ἀλλᾶ
2908 3539 3169 3615 κεντρίζει
3213 3541 3402 3619 λόγοις
3449 3540 3821 3618 αὑστηροτέροι·

487 3632 774 3687 verbium.
837 3633 1009 3688 Recto
1057 3633 1267 3688 itinere
1325 3634 1690 3704 progredere.
1752 3635 1900 3698 Quid
1949 3644 2108 3709 ergo'

2241 3629 2329 3685 xui
2379 3631 2454 3702 μὴ
2501 3627 2720 3698 λάκτιζε
2767 3628 2904 3702 πρὸς
2941 3625 3150 3705 κὲντρα,
3200 3632 3236 3701 ἠ
3280 3629 3547 3706 παροιμία
3589 3651 3668 3684 σοι
3712 3627 3823 3703 ἐγκε-

483 3720 590 3776 tibi
623 3721 838 3792 saepius
871 3721 1204 3776 incumbit?
1256 3721 1337 3776 fer
1385 3737 1538 3792 ergo.
1588 3725 1645 3776 et
1676 3721 1767 3778 die
1823 3723 1997 3780 toties
2025 3743 2104 3797 pri

2240 3716 2474 3773 λεύεται.
2511 3717 2752 3792 Πορεύου
2783 3715 2839 3771 δὲ
2883 3717 3042 3792 ὀρθὸς
3084 3717 3164 3780 είς
3213 3717 3365 3775 ὁδόν.
3417 3717 3481 3776 Τί
3505 3715 3557 3772 δι
3589 3714 3820 3788 mra-

481 3809 773 3865 cantilena
794 3811 950 3864 istud
971 3809 1324 3865 translatum
1353 3827 1365 3864 :
1391 3833 1417 3859 «
1448 3814 1532 3864 Me
1563 3826 1766 3865 omnes
1797 3816 2102 3869 conterunt

2237 3806 2406 3862 κειταί
2456 3827 2539 3860 σοι
2581 3803 2854 3868 πολλάκις
2888 3823 2902 3838 ⁸
2952 3806 3039 3860 xui
3090 3806 3219 3884 φέρε
3268 3807 3355 3877 σὺ,
3403 3805 3699 3867 τοσαυτάκις
3736 3801 3824 3858 ἐπι-

475 3903 533 3954 et
565 3916 734 3954 nemo
766 3899 1088 3954 conteritur
1110 3901 1152 3932 ετ
1177 3915 1190 3952 :
1232 3922 1252 3947 ι
1289 3898 1380 3954 cui
1409 3899 1711 3954 sententiis
1736 3916 1834 3954 vas
1864 3903 2093 3958 Anaxar

2236 3895 2407 3973 λέγων
2463 3893 2678 3969 ἑπῳδοῦ
2725 3892 2880 3966 δίκην
2927 3894 2986 3949 ἐκ
3039 3899 3466 3972 παραποιήσεως
3519 3896 3577 3951 τό
3608 3915 3620 3928 ’
3673 3890 3819 3948 «Θλί-

472 3987 563 4042 chi
593 3988 880 4042 refertur:
944 3987 1144 4058 sicque
1191 3988 1434 4043 sortitus
1485 3987 1715 4044 labores
1775 3989 2035 4046 invenies
2065 4009 2093 4048 e

2231 3980 2387 4040 ϐουσί
2422 4006 2488 4059 με
2534 3983 2748 4054 ⁶τινοίντες,
2800 3979 3043 4047 ολίϐεται
3092 3981 3150 4039 δὲ
3205 3983 3385 4047 οὐδείς
3415 4005 3427 4017 '
3468 4009 3488 4037 ιι
3547 3985 3609 4054 ἧς
3661 3979 3820 4042 ἑννοίας

468 4075 915 4130 beatitudinem.
943 4077 1072 4130 Tibi
1098 4076 1209 4147 ipsi
1232 4081 1354 4132 esto
1382 4076 1662 4132 stimulus
1685 4078 1876 4133 carnis
1899 4080 2082 4136 missu

2227 4074 2315 4129 xui
2349 4075 2376 4129 6
2406 4073 2542 4128 κατὰ
2579 4075 2671 4128 τὸν
2720 4073 3050 4148 ’Δνάξαρχον
3103 4073 3402 4150 ἆξήρτηται
3445 4071 3717 4145 θύλακος)’
3751 4067 3818 4123 iv:

461 4183 495 4220 a
530 4167 660 4230 Deo,
697 4170 761 4220 ut
796 4165 904 4219 fuit
935 4165 1263 4238 apostolus.
1299 4170 1366 4221 Et
1392 4167 1440 4221 si
1477 4165 1581 4234 vis,
1609 4167 1795 4238 junge
1836 4170 1989 4238 quod
2024 4186 2082 4224 se

2224 4163 2653 4238 κληρωσάμενος
2703 4162 2766 4217 τὸ
2814 4161 3128 4237 φερέπονον,
3189 4164 3446 4239 εὑρήσεις
3509 4157 3817 4237 μακαρισμόν.

459 4254 680 4326 quitur.
713 4255 858 4310 Cum
890 4255 1046 4310 enim
1079 4255 1502 4326 desperaveris,
1536 4255 1680 4310 illud
1716 4258 1956 4312 omnino
2009 4275 2080 4314 au

2223 4255 2403 4309 Ἔστω
2453 4273 2536 4306 σοι
2579 4251 2668 4306 καὶ
2719 4250 2877 4314 αὐτὸς
2925 4255 2993 4324 τῇ
3048 4253 3205 4326 σαρκὶ
3239 4252 3455 4326 σκόλοψ
3483 4251 3541 4307 ἐκ
3575 4255 3695 4307 Θεοῦ
3718 4248 3819 4302 κατὰ

456 4343 619 4399 dies:
655 4367 683 4394 «
715 4344 934 4400 sufficit
990 4344 1093 4399 tibi
1150 4345 1339 4416 gratia
1386 4360 1542 4414 mea,
1573 4366 1600 4394 »
1663 4361 1728 4400 ex
1759 4362 2074 4418 quacunqu

2217 4343 2309 4397 τὸν
2339 4339 2688 4398 Ἀπόστολον.
2724 4340 2788 4397 Ei
2839 4337 2896 4395 δὲ
2952 4340 3164 4416 βουλει,
3215 4342 3454 4418 πρόσθες
3500 4341 3585 4395 xui
3623 4340 3678 4394 τὸ
3705 4337 3815 4408 ἑξῆς.

452 4437 616 4504 parte
646 4432 788 4488 illud
821 4433 1098 4488 audieris.
1134 4432 1598 4501 Insimulaberis,
1635 4434 1684 4488 si
1726 4450 1794 4488 ex
1826 4451 2072 4507 arrogan

2219 4427 2632 4487 Ἀποδυσπετῶν
2713 4429 2813 4505 γὰρ
2889 4428 3136 4491 ἀκούσεις
3201 4433 3429 4490 πάντως
3484 4429 3570 4484 καὶ
3636 4427 3690 4482 σὺ
3736 4424 3816 4479 τό⁸

453 4521 787 4594 tia,absque
820 4523 1016 4577 divino
1049 4523 1325 4578 mandato
1355 4521 1662 4577 stimulum
1697 4526 1862 4576 tuum
1897 4526 2074 4578 contri

2222 4520 2460 4595 εἈρκεῖ
2516 4539 2598 4572 σοι
2652 4520 2686 4586 ἡ
2746 4517 2908 4593 χάρις
2959 4538 3086 4589 μου.
3123 4541 3152 4568 ››
3206 4517 3334 4582 ὅθεν
3395 4517 3454 4572 ἀν
3510 4517 3594 4572 καὶ
3627 4513 3817 4585 ἀκούσῃς

449 4610 639 4666 veris:
675 4627 799 4677 seu,
835 4615 898 4666 ut
927 4611 1135 4682 loquar
1168 4611 1402 4678 rectius,
1436 4612 1543 4666 tibi
1575 4611 1772 4666 licebit
1793 4611 1978 4682 aliter,
2004 4629 2070 4685 pe

2215 4607 2362 4663 αὐτό.
2409 4606 2509 4664 Καὶ
2565 4627 2670 4661 που
2715 4607 2803 4660 καὶ
2856 4605 3161 4681 αἱτιαθήσῃ,
3210 4605 3506 4662 κατακλῶν
3558 4601 3818 4680 ἀγερωχίας

448 4699 817 4771 patientiam,
851 4717 982 4755 cum
1018 4701 1206 4771 gratia
1237 4701 1355 4768 Dei,
1391 4699 1568 4756 talem
1620 4699 1931 4756 stimulum
1963 4718 2069 4757 con

2211 4699 2367 4770 νόμῳ
2400 4694 2528 4771 δίχα
2578 4695 2721 4757 θείας
2774 4695 3072 4758 κελεύσεως
3119 4696 3213 4752 τὸν
3263 4697 3404 4751 κατὰ
3453 4699 3547 4750 σοῦ
3592 4689 3811 4748 σκόλοπα.

446 4792 652 4843 terere.
689 4788 829 4854 Quis
860 4790 1015 4844 enim
1050 4789 1381 4861 pontificem
1414 4806 1529 4845 non
1566 4789 1864 4860 lapidibus
1895 4791 2067 4846 obrue

2212 4786 2397 4843 Εῗπεῖν
2431 4783 2488 4840 δὲ
2541 4780 2917 4860 ἀκριϐέστερον
2953 4804 2966 4818 °
3019 4784 3222 4856 ἐξέσται
3271 4806 3359 4840 σοι
3411 4783 3595 4844 ἄλλως
3634 4781 3682 4836 ἐν
3710 4781 3815 4836 ὐποο

444 4881 650 4932 contra
680 4877 948 4932 homines
984 4878 1077 4931 Dei
1130 4877 1463 4933 sawientem
1486 4878 1514 4932 ?
1545 4878 1686 4943 Quis
1735 4879 1792 4932 in
1827 4877 2065 4950 imperic

2214 4880 2354 4949 μονῇ
2384 4873 2654 4944 κατακλᾷν
2711 4873 2803 4928 τὸν
2849 4878 3095 4929 τοιοῦτον
3148 4874 3404 4929 σκόλοπα
3447 4870 3534 4927 διὰ
3563 4874 3654 4926 τοῦ
3681 4887 3813 4944 χαρι-

440 4964 572 5037 quis
600 4964 658 5020 in
713 4970 1042 5036 potestate?
1071 4966 1219 5031 Quid
1278 4983 1414 5038 ergo
1435 4967 1464 5023 ?
1494 4984 1595 5023 rex
1647 4967 1706 5022 in
1735 4972 1910 5040 caput
1939 4967 2061 5023 illiu

2205 4962 2478 5025 τώσαντός
2509 4983 2566 5017 σε
2613 4965 2768 5018 Θεοῦ.
2823 4961 2923 5025 Τίς
2969 4962 3070 5038 γὰρ
3110 4961 3171 5018 οὐ
3221 4958 3630 5031 λιθολευστήσει
3661 4956 3813 5031 ἀρχιε-

505 5135 551 5170 ²⁶
581 5137 708 5191 Act.
743 5151 818 5200 Ix,
850 5134 904 5188 5.
979 5136 1023 5169 ³⁷
1058 5136 1106 5190 ΙΙ
1136 5134 1267 5202 Cor,
1299 5151 1404 5205 xu,
1435 5135 1491 5190 9.

495 5306 609 5376 (l6)
639 5305 1039 5389 Anaxarchus,
1068 5306 1226 5389 inter
1245 5305 1549 5389 Alexandri
1583 5305 2070 5389 comites,magn.a
2177 5308 2758 5389 tortores‘conterere
2788 5321 2888 5360 vas
2915 5304 2975 5358 in
3009 5321 3122 5376 quo
3143 5303 3558 5389 “Anaxarchus
3586 5295 3810 5389 inclyti:-

423 5371 988 5447 loquendilibertale
1022 5371 1318 5444 utebatur,
1351 5379 1788 5448 multorumque
1816 5371 2070 5433 inim‘ici-
2177 5377 2353 5432 batur
2383 5382 2460 5448 (et
2491 5394 2591 5432 vas
2636 5393 2812 5431 suum
2860 5371 3074 5447 corpus
3125 5377 3386 5445 dicebat)
3437 5371 3809 5432 Anaxarchum

428 5451 538 5520 tias
567 5449 626 5503 in
659 5465 722 5503 se
759 5454 1144 5504 converterat.
1193 5449 1336 5503 Cum
1372 5458 1603 5506 mortuo
1652 5448 2002 5513 Alexandro,
2033 5467 2067 5506 a
2177 5455 2375 5504 autem
2431 5448 2567 5502 inde
2625 5448 3042 5520 detrimentum
3103 5463 3218 5502 non
3282 5463 3520 5520 capere.
3581 5448 3644 5520 βι
3694 5453 3805 5520 cum

421 5519 798 5604 Nicocreonte
829 5526 1034 5592 captus
1063 5526 1232 5589 esset,
1284 5526 1457 5604 atque
1508 5523 1816 5604 missus‘in
1851 5512 2067 5577 morta-
2174 5521 2390 5604 linguai
2422 5520 2739 5604 sectionem
2793 5519 3180 5604 minarentur,
3214 5512 3372 5590 ipse-
3403 5535 3532 5575 eam
3567 5512 3807 5572 dentibus

421 5591 580 5644 rium
635 5590 1054 5661 contereretur,
1109 5590 1413 5663 respondit
1466 5592 1853 5664 philosophus
1895 5610 2069 5665 posse
2179 5590 2461 5649 resectam
2496 5591 2557 5646 in
2587 5607 2653 5649 os
2681 5591 2914 5663 tyranni
2945 5590 3194 5663 exspuit.
