4104 6210
217 410 352 471 815

1241 412 1344 474 DE
1383 409 1880 474 EMENDANDA
1919 407 2108 470 VITA
2151 406 2635 470 MONACHICA.

3525 411 3648 472 846

208 543 322 617 ρέα,
391 541 768 619 ἐπηρεάζοντα
827 546 965 599 Θεοῦ
1019 544 1374 618 ἀνθρώποις;
1419 547 1578 604 ποῖος
1638 538 1826 617 ἅρχων

1993 540 2250 597 recidere
2272 540 2444 597 faciet
2471 557 2539 596 ea
2559 540 2777 612 quibus
2808 540 3106 613 afﬂigeris.
3142 541 3208 596 Et
3237 543 3397 614 quod
3444 545 3642 614 majus

205 637 371 694 ποῖος
399 629 664 702 δυνάστης
693 652 707 701 ;
738 631 803 690 Τί
835 629 893 686 δέ
927 652 939 700 ;
974 630 1120 687 ἀλλὰ
1169 633 1196 686 6
1257 631 1514 708 βασιλεὺς
1569 630 1869 685 ἀπονυστά-

205 722 304 792 Eu,
337 720 420 800 ἔφ’
471 723 553 782 οἷς
607 715 877 797 θλιϐερὼς
928 718 1098 796 ἔχεις.
1130 721 1207 777 Τὸ
1257 722 1472 775 πάντων
1512 725 1718 793 μεῖζον,
1750 739 1870 771 συν-

204 808 582 883 εκπολεμήσει
636 810 770 883 μετᾶ
815 813 910 864 σοῦ
949 811 985 879 ἡ
1018 810 1193 870 κτίσις
1244 809 1379 864 κατὰ
1428 813 1525 864 τοῦ
1555 805 1868 868 ἀδικοῦντάς

204 919 281 954 σε·
341 900 708 975 βρεχθήσεται
757 901 864 974 πῦρ
933 899 1015 953 ἔπ’
1065 897 1266 953 ἐκεῖνον
1306 916 1319 929 ·
1365 897 1868 967 κατακλυσθήσεται

209 989 409 1050 ὁετοῖςο
445 988 806 1062 ἀγανακτήσει
855 988 972 1042 κατ’
1021 987 1192 1042 αὐτοῦ
1242 985 1518 1057 θαλάσσης
1563 985 1731 1061 ὕδωρ·
1765 989 1867 1039 πᾶν

202 1077 374 1131 κακὸν
408 1075 684 1130 ἐλεύσεται
719 1074 802 1130 ἐπ’
833 1074 1018 1132 αὐτόν.

278 1163 430 1241 ρλη⁶.
475 1162 652 1220 Ἀλλὰ
695 1168 860 1220 ταῦτα
913 1165 1007 1238 μὲν
1067 1163 1307 1241 ἐγένοντο
1375 1163 1434 1219 ἄν
1482 1185 1593 1232 σοι,
1640 1164 1728 1218 ἐὰν
1787 1162 1870 1216 ἐπ’

201 1253 470 1323 ἀληθείας
521 1257 701 1315 κακῶς
763 1252 998 1328 ἔπασχες
1059 1253 1110 1307 έν
1169 1258 1247 1325 τῷ
1305 1251 1710 1328 ἀρχιερατιλῶς
1751 1249 1868 1306 ἐπι-

199 1344 552 1398 σκέπτεσθαιο
608 1342 712 1397 εἰσὶ
759 1340 816 1397 δέ
861 1363 944 1396 σοι
994 1341 1168 1397 πάντα
1212 1343 1363 1397 κεναὶ
1411 1343 1726 1419 προφάσεις,
1777 1339 1865 1394 καὶ

203 1435 537 1509 μοχθηριῶν
592 1434 844 1506 ψυχικῶν
879 1429 1216 1506 έπικρύψεις,
1267 1431 1358 1485 καὶ
1405 1429 1629 1505 φενάκαι
1675 1428 1867 1492 ἀκοῆς.

198 1523 353 1597 Πρὸς
405 1518 465 1576 δὲ
510 1520 789 1591 ἀλήθειαν,
842 1521 1043 1595 φθόνου
1096 1519 1186 1575 καί
1232 1519 1404 1598 τύφου
1458 1520 1868 1588 ὑποκινοῢντος,

193 1609 590 1685 καταγίνεσθαι
642 1614 752 1664 τῶν
800 1607 1111 1663 ἐπισκόπων
1167 1606 1410 1672 ἐθέλεις.
1468 1610 1658 1682 Ἔχεις
1713 1601 1867 1679 ὕϐριν

195 1697 265 1753 οὐ
329 1698 580 1774 φορητὴν
609 1740 623 1766 ,
678 1697 902 1752 ἀκοῦσαι
953 1697 1310 1771 ἀμαθέστερος
1359 1697 1490 1751 εἶναι
1541 1701 1639 1751 τοῦ
1687 1697 1869 1770 ἀρχιε-

193 1788 364 1860 ρέως’
414 1786 476 1840 οὗ
527 1786 706 1863 φέρεις
758 1785 1145 1860 ἐπαινούμενον
1193 1785 1407 1841 ἀκούειν
1461 1786 1592 1862 ὑπὶρ
1647 1784 1722 1839 σέ·
1765 1783 1870 1838 οὐκ

191 1874 378 1950 ἀνέχῃ
432 1874 694 1952 εὐφήμως
742 1874 903 1930 αὐτὸν
952 1875 1285 1950 προάγεσθαι
1345 1876 1476 1948 μετᾶ
1520 1874 1648 1936 τοὺς
1705 1875 1862 1950 βασι·
1892 1914 1940 1979 Β

191 1962 212 1979 ς
264 1968 288 1978 ..
484 1962 495 1979 ,
693 1963 706 1979 .
801 1958 865 1979 ηρ
1045 1961 1106 1979 ς-
1394 1961 1414 1979 ς
1445 1963 1457 1979 ς
1569 1963 1583 1979 ,
1785 1967 1808 1978 ..

191 1962 343 2024 λεῖςο
405 1962 606 2036 κρίνεις
663 1963 739 2025 είς
800 1958 954 2035 ὕϐριν
1008 1961 1193 2018 κλῖναι
1253 1961 1500 2038 κεφαλὴν
1559 1963 1851 2038 ἀρχιερεῖο

190 2051 481 2128 ἀφόρητον
516 2050 710 2126 λογίζῃ
760 2049 1092 2123 προποδίσαι
1137 2052 1212 2113 είς
1264 2052 1526 2122 ὑπαντὴν,
1561 2049 1709 2126 ε’ίπερ
1763 2047 1858 2126 ἕρ-

189 2162 364 2216 χεται
426 2139 511 2195 ἐπὶ
575 2141 650 2195 σέ’
709 2140 1037 2213 ἀτιμοῦσθαι
1097 2142 1339 2216 φαντάζῃ
1377 2183 1390 2208 ,
1453 2139 1538 2195 έᾶν
1597 2138 1859 2215 καθέδρας

191 2230 355 2302 αὐτῷ
416 2229 782 2303 ὑπεξαναστῇς
816 2249 828 2262 ·
891 2229 986 2283 κᾶν
1052 2230 1360 2304 ὑφιζήσῃς,
1420 2232 1666 2300 θνήσκεις
1754 2231 1856 2285 ὑπὸ

187 2325 409 2395 χολῆς.
464 2316 673 2386 Δέδιας,
725 2320 940 2391 μήποτε
992 2319 1248 2394 ἁμαρτὼν
1277 2316 1312 2393 ’ὃ
1345 2317 1788 2394 λογοπραγηθῇςι
1819 2318 1854 2388 ἢ

186 2406 349 2463 ἀλλὰ
405 2407 569 2483 πέσῃς
627 2408 730 2462 ὑπὸ
788 2407 1127 2482 παραίνεσιν·
1188 2407 1308 2462 ὅθεν
1359 2408 1448 2462 καὶ
1506 2415 1854 2484 παροιστρεῖς

183 2496 544 2559 ἀλλοκότως’
592 2495 683 2550 καὶ
730 2494 975 2559 σπεύδεις
1029 2496 1188 2551 αὐτὸν
1239 2497 1333 2569 μὲν
1394 2497 1646 2574 ἀφιέναι,
1701 2496 1856 2552 ἀντε-

181 2584 514 2661 πιλέγεσθαι
571 2582 650 2658 δὲ,
711 2585 769 2640 ὃν
826 2583 886 2638 ἂν
941 2585 1172 2659 προέλῃ·
1231 2585 1322 2640 καὶ
1374 2585 1546 2649 οὕτως
1599 2584 1674 2647 εἷς
1704 2587 1855 2660 ἀορι-

181 2675 339 2730 στίαν
400 2672 673 2747 ἐγκλίνας,
733 2669 1153 2738 κασαλϐαδικῶς
1205 2675 1315 2730 οἷον
1374 2673 1622 2750 ἐρωτιᾷς,
1681 2674 1717 2744 ἢ
1766 2675 1855 2730 καὶ

183 2762 335 2830 ὕλης
373 2765 475 2832 τῆς
511 2759 812 2839 ἀρχεγόνου
857 2758 1010 2832 δίκην
1057 2760 1216 2818 τόνδε
1267 2763 1362 2836 μὲν
1396 2760 1684 2838 παραδέχῃ
1722 2763 1856 2838 πρὸς

183 2852 578 2907 έπισκόπευσιν
616 2899 632 2920 ,
686 2851 890 2907 ἐκεῖνον
968 2849 1025 2907 δέ
1097 2851 1392 2907 ἀποπτύων
1454 2853 1645 2928 μικρὸν
1705 2851 1852 2921 ὅσον,

183 2937 422 3016 εἷσδέχῃ
467 2937 649 3015 ἓτερον
685 2985 699 3009 ,
762 2941 1003 3016 στέργων
1060 2941 1149 2995 καὶ
1209 2941 1583 3016 ἀποστέργων,
1642 2939 1736 3003 οὓς
1792 2939 1852 2995 ἃν

179 3029 418 3105 κυρώσῃ
475 3030 544 3084 τὸ
605 3029 658 3084 έν
715 3030 799 3084 σοὶ
856 3037 958 3101 τῆς
1012 3032 1198 3105 ψυχῆς
1254 3029 1708 3105 προαιρούμενον,
1763 3032 1850 3085 καὶ

180 3117 432 3192 πατέρας
469 3115 613 3172 οὕτω
645 3117 892 3181 πολλοὺς
944 3114 1068 3173 οὔτε
1111 3117 1322 3196 φύσεως
1365 3117 1682 3190 ἀκολουθίᾳ,
1733 3115 1854 3174 οὔτε

176 3210 536 3280 πνευματικῇ
568 3205 868 3281 τιθέμενος.

249 3313 403 3389 ρλθ’.
437 3313 661 3390 Ἐρωτῶ
715 3335 794 3386 σε,
851 3314 896 3368 ὧ
952 3315 1084 3392 σοφὲ
1138 3315 1369 3389 μοναχὶ,
1425 3314 1470 3369 εί
1513 3313 1687 3376 οὕτως
1717 3314 1859 3369 ἀπα-
1892 3282 1936 3350 C

171 3405 351 3478 ρέσκῃ
410 3407 491 3475 τῷ
549 3403 910 3479 ἀγχιτέρμονι
967 3403 1059 3458 καὶ
1119 3404 1330 3477 συνόρῳ
1387 3403 1654 3479 ἀρχιερει,
1716 3405 1777 3458 ’ὃν
1828 3405 1854 3458 6

170 3494 476 3554 κανονικὸς
509 3489 816 3565 ἀνάδασμος
868 3487 1038 3556 ἔθετο·
1076 3491 1128 3546 τί
1177 3490 1325 3546 ἔσται
1377 3488 1561 3566 ἕτερος
1591 3493 1619 3546 6
1652 3511 1856 3564 καταρ-

170 3582 353 3652 τίζων
414 3602 472 3635 σε
527 3586 956 3654 πνευματικῶς;
1013 3585 1154 3656 "Ap:
1209 3581 1266 3635 ὃν
1327 3579 1389 3634 σὺ
1449 3580 1667 3654 ἐπιλέξῃ
1703 3607 1718 3645 ς
1754 3583 1852 3636 Καὶ

171 3673 225 3728 τί
292 3669 469 3726 πλέον
527 3667 630 3740 ἕξει
694 3672 720 3724 6
781 3670 1220 3746 ἀρχιερεύς;Σὶ
1274 3675 1639 3743 παραιτεῖται,
1695 3667 1846 3746 εἷ’περ

174 3758 388 3826 ἐθέλει,
424 3760 452 3813 6
484 3757 554 3814 δι’
604 3758 1062 3834 ἐξομολογήσεως
1114 3758 1195 3821 εἷς
1242 3757 1411 3814 παῖδά
1455 3780 1539 3814 σοι
1589 3758 1850 3832 ποιούμε-

173 3870 303 3911 νος.
338 3848 405 3904 Εἰ
456 3845 514 3902 Si:
560 3848 649 3902 καὶ
700 3848 762 3902 σὺ
806 3846 897 3903 τθν
952 3847 1211 3923 ἀρχιερέα
1260 3869 1379 3914 σου,
1409 3847 1467 3903 τί
1516 3845 1617 3923 ἄρα
1664 3846 1850 3922 ἐκείνῳ

170 3937 327 4012 πρός
362 3957 421 3991 σε
450 3937 512 3992 τὸ
539 3935 796 4015 διάφορον
828 3956 841 4005 ;
877 3937 1000 3999 Υἱὸς
1050 3937 1214 4014 πατρὶ
1265 3934 1446 3991 δίκαία
1496 3935 1675 4012 λέγων
1715 3939 1850 4013 πρὸς

165 4025 530 4095 ἀντιλαλιὰν,
588 4027 905 4100 ἐπιτιμᾶται
963 4023 1230 4088 δικαίως.
1280 4028 1658 4101 Παραιτεῖσθαι
1725 4027 1850 4100 μέν·

159 4137 250 4172 τοι
287 4114 457 4169 αὐτὸν
486 4115 584 4170 ούκ
623 4113 682 4169 ἂν
738 4113 864 4170 οὐδὲ
910 4111 1000 4169 διὰ
1050 4114 1321 4186 στόματος
1375 4115 1638 4191 θαρῥήσοι
1673 4136 1844 4191 προς-

161 4209 437 4279 ενεγκεῖν.
490 4203 564 4258 Σὺ
607 4202 663 4259 δὲ
694 4205 722 4258 6
761 4205 956 4280 μικρὸς
1004 4205 1189 4279 πατὴρ
1244 4205 1456 4278 ἀπαρνῇ
1501 4205 1615 4272 τὸν,
1666 4204 1849 4267 καλῶς

162 4295 227 4349 ἂν
261 4292 511 4365 εἷ’ποιμι,
555 4295 959 4370 πρωτοπάτορα
989 4336 1002 4349 .
1061 4290 1204 4363 Ἤδη
1256 4289 1314 4346 δὲ
1358 4294 1447 4347 καὶ
1503 4291 1849 4368 Μελχισεδὲκ

163 4382 496 4459 λογίζεσθαι
544 4381 774 4459 βούλει,
836 4383 1058 4458 ἀπάτωρ
1113 4383 1242 4436 εἶναι
1300 4382 1844 4458 πραγματευόμενος.

163 4472 320 4532 Οὐαί
352 4493 462 4540 σοι,
495 4470 804 4547 πατραλοία
838 4471 1068 4546 μοναχὲ,
1100 4470 1400 4544 ἀποίμαντε
1434 4471 1713 4546 μόναργεί

243 4585 362 4656 ρμ’.
397 4575 581 4634 Ἀλλὰ
611 4580 668 4633 σὲ
721 4579 815 4652 μὲν
867 4577 1069 4656 ἀφίημι
1124 4577 1364 4653 χαίρειν,
1400 4578 1488 4632 καὶ
1535 4578 1636 4646 τὴν
1689 4599 1846 4632 πνευ-

1984 633 2076 684 est
2104 634 2310 684 contra
2342 645 2473 685 eum
2508 631 2610 702 qui
2643 639 2696 685 le
2742 630 2961 700 injuste
3012 630 3292 702 opprimit
3356 632 3645 702 pugnabit

1978 722 2170 773 tecum
2203 719 2397 774 omnis
2427 717 2820 789 creatiozignis
2840 721 3043 774 contra
3065 719 3231 774 illum
3263 719 3637 790 excitabitur,

1979 807 2200 862 diluvio
2233 808 2676 878 submergetur:
2701 812 2904 862 contra
2930 806 3097 862 illum
3131 809 3463 864 irascentur
3487 809 3634 865 ﬂuc-

1978 899 2076 951 tus
2107 897 2309 964 maris,
2342 913 2515 954 omne
2547 897 2770 952 malum
2805 914 2938 953 eum
2974 899 3228 954 invadet.

2052 1165 2172 1219 138.
2197 1164 2326 1220 Hac
2356 1163 2553 1219 omnia
2589 1163 2698 1218 tibi
2755 1163 3076 1232 evenirent,
3113 1164 3163 1220 si
3185 1171 3419 1237 propter
3466 1164 3626 1222 veri-

1978 1256 2158 1308 tatem
2189 1253 2530 1308 solemniter
2556 1253 2926 1309 observatam
2984 1253 3137 1309 mala
3185 1271 3395 1325 passus
3441 1271 3621 1311 esses.

1980 1343 2147 1414 Apud
2179 1346 2234 1397 te
2261 1347 2458 1398 autem
2489 1359 2639 1397 vana
2667 1346 2807 1397 sunt
2853 1347 3147 1414 pretexta,
3199 1345 3414 1399 mentis
3460 1343 3626 1400 malm

1979 1431 2298 1501 involucra,
2341 1435 2397 1487 et
2427 1432 2661 1486 aurium
2687 1431 3012 1487 illusiones.
3075 1435 3150 1486 Re
3180 1447 3313 1487 vera
3342 1433 3627 1488 moventi-

1978 1521 2091 1576 bus
2112 1519 2292 1576 livore
2324 1524 2380 1576 et
2410 1520 2708 1592 superbia,
2735 1519 3024 1591 episcopis
3073 1521 3449 1576 annumerari
3483 1538 3634 1594 pra--

1979 1609 2188 1664 sumis.
2223 1613 2331 1665 Pro
2361 1609 2581 1680 injuria
2611 1625 2726 1664 non
2777 1608 3014 1664 ferenda
3060 1609 3263 1680 habes,
3297 1609 3399 1665 ubi
3454 1609 3626 1668 audis

1979 1703 2034 1754 te
2061 1699 2257 1754 minus
2288 1703 2492 1753 notum
2526 1714 2704 1768 quam
2753 1698 3088 1769 pontiﬁcem
3124 1714 3138 1760 :
3193 1716 3309 1754 non
3364 1700 3624 1756 sustines

1977 1803 2109 1842 eum
2144 1786 2278 1859 plus
2307 1803 2482 1859 quam
2515 1791 2569 1842 te
2600 1786 2829 1842 laudari
2855 1811 2869 1856 ;
2897 1805 3010 1843 non
3037 1787 3252 1844 toleras
3284 1805 3419 1845 eum
3473 1788 3624 1845 cele-

1975 1876 2132 1932 brari
2154 1881 2211 1932 et
2241 1876 2378 1948 poni
2431 1879 2562 1948 post
2632 1892 2834 1947 reges:
2885 1876 3265 1948 cpprobrium
3317 1877 3624 1936 arbitraris

1970 1969 2146 2036 caput
2175 1963 2436 2036 pontifici
2467 1963 2774 2031 inclinare,
2799 1964 3035 2035 judioas
3069 1965 3431 2023 intelorabile
3462 1967 3512 2023 si
3567 1967 3619 2022 ei

1965 2053 2218 2109 venienti
2248 2053 2320 2108 ad
2353 2057 2410 2108 te
2441 2052 2796 2108 obviandum
2829 2057 2951 2109 est:
2987 2053 3240 2110 dedecus
3299 2071 3504 2111 censes
3562 2055 3618 2112 si

1965 2142 2071 2196 tibi
2105 2147 2239 2197 ante
2265 2158 2398 2198 eum
2431 2157 2460 2196 θ
2485 2141 2762 2197 cathedra
2795 2143 3225 2215 assurgendum
3258 2148 3362 2200 est:
3388 2145 3620 2215 postha-

1966 2231 2148 2296 bitus,
2182 2232 2266 2286 ira
2290 2230 2760 2286 moreris.’l‘imes
2792 2247 2862 2286 ne
2901 2232 2973 2286 de
3022 2231 3273 2304 peccatis
3325 2233 3618 2302 judicium

1965 2324 2322 2390 exerceatur,
2352 2318 2443 2374 vel
2475 2318 2645 2374 aliter
2675 2319 2735 2373 in
2769 2319 3317 2376 condemnationem
3351 2321 3618 2378 incidas:

1966 2407 2171 2464 etideo
2204 2407 2351 2463 miro
2377 2409 2548 2463 modo
2581 2407 2831 2474 insanis,
2881 2408 3085 2464 studes
3116 2425 3251 2464 eum
3310 2409 3617 2481 projicere,

1967 2508 2021 2554 el
2052 2497 2296 2554 electum
2333 2514 2366 2552 a
2410 2502 2467 2552 te
2516 2496 2567 2551 ei
2625 2497 3028 2553 substituere:
3064 2498 3150 2553 sic
3203 2497 3262 2553 in
3319 2499 3614 2555 incertum

1967 2586 2438 2658 devenis,'quasi
2499 2586 2874 2642 meretricum
2935 2603 3133 2642 amore
3190 2587 3475 2659 agitaris:
3529 2587 3618 2643 vel

1967 2676 2136 2748 quasi
2166 2676 2238 2730 de
2270 2674 2513 2730 materia
2557 2674 2838 2747 primaria
2866 2675 3048 2730 istum
3092 2675 3152 2730 in
3209 2669 3617 2749 episcopatum

1966 2765 2206 2836 accipis,
2248 2767 2305 2820 et
2358 2762 2528 2819 illum
2578 2764 2867 2836 tantisper
2923 2768 3310 2822 contemnens
3367 2766 3618 2822 alterum

1964 2853 2250 2910 admittis:
2282 2869 2470 2921 amas,
2503 2857 2560 2908 et
2592 2852 2767 2909 odisti
2799 2858 2973 2925 prout
3002 2853 3252 2910 voluerit
3307 2853 3619 2911 consilium

1965 2944 2173 3000 animae
2202 2948 2338 2998 tuae:
2371 2949 2429 2997 et
2450 2943 2657 2999 exinde
2691 2942 2906 2998 multos
2973 2947 3166 3015 patres
3223 2959 3411 3015 neque
3453 2947 3624 3000 natu-

1964 3032 2114 3089 rales
2137 3049 2326 3105 neque
2356 3031 2691 3103 spirituales
2724 3032 2951 3088 statuit.

2047 3317 2167 3372 139.
2228 3319 2418 3384 Quare
2476 3315 2581 3371 abs
2627 3323 2697 3382 le,
2740 3315 3026 3372 monache
3057 3317 3313 3388 sapiens,
3340 3334 3475 3374 cum
3508 3317 3623 3374 isto

1971 3407 2145 3461 modo
2174 3423 2353 3477 agens
2385 3409 2588 3459 contra
2618 3404 2961 3475 episcopum
3007 3406 3340 3477 proximum
3392 3411 3448 3462 et
3479 3405 3620 3462 vici-

1967 3511 2128 3560 num,
2162 3509 2336 3564 quem
2361 3493 2557 3564 posuit
2586 3509 2879 3548 canonum
2911 3494 3284 3562 delimitatio,
3324 3495 3466 3566 quid
3500 3496 3614 3552 erit

1965 3585 2036 3639 de
2067 3584 2248 3639 altero
2278 3585 2335 3636 te
2365 3579 2754 3653 spiritualiter
2802 3582 3154 3653 corripiente
3174 3584 3201 3638 ?
3271 3586 3381 3638 Aut
3438 3599 3614 3655 quem

1963 3673 2065 3728 tibi
2098 3671 2484 3744 eliges?Quid
2517 3669 2774 3740 amplius
2817 3669 2928 3725 erit
2958 3671 3219 3741 pontifici
3243 3671 3272 3727 ‘I
3325 3673 3405 3728 Te
3453 3689 3620 3729 rene-

1961 3766 2081 3835 gat,
2115 3761 2163 3817 si
2206 3759 2354 3827 vult,
2405 3760 2506 3831 qui
2554 3775 2623 3814 ex
2683 3759 2994 3830 adeptione
3052 3776 3155 3831 pro
3212 3759 3332 3816 ﬁlio
3381 3761 3487 3818 tibi
3520 3779 3617 3818 as-

1961 3856 2236 3922 sumptus
2257 3855 2364 3905 est.
2390 3850 2449 3904 Si
2480 3853 2678 3903 autem
2707 3852 2770 3902 tu
2818 3848 3153 3919 pontiﬁcem
3214 3855 3397 3919 tuum,
3461 3868 3615 3923 quaa-

1959 3957 2095 3996 nam
2126 3938 2457 3994 dilferentia
2484 3936 2605 3993 inte
2626 3941 2691 4017 te
2723 3940 2780 3990 et
2826 3935 2996 3992 illum
3024 3938 3052 3992 ?
3103 3939 3206 4002 Qui
3261 3939 3418 3996 ﬁlius
3465 3940 3617 4012 patri

1950 4030 2054 4101 jus
2085 4028 2246 4098 dicit,
2287 4032 2344 4083 et
2374 4026 2676 4083 contendit
2711 4041 2846 4080 cum
2876 4041 2964 4097 eo,
2999 4028 3204 4084 merito
3257 4029 3615 4102 increpatur.

1960 4118 2133 4173 illum
2165 4121 2359 4171 autem
2393 4129 2671 4185 renegare
2694 4131 2765 4169 ne
2791 4131 2888 4168 ore
2911 4117 3148 4185 quidem
3172 4117 3484 4190 quisquam
3517 4137 3620 4175 au-

1958 4204 2224 4259 debit.Tu
2259 4207 2454 4257 autem
2489 4206 2653 4271 pater
2684 4201 2966 4257 minimus
2997 4219 3171 4259 avum
3212 4212 3363 4262 recte
3393 4208 3619 4263 dictum

1957 4309 2156 4365 negas.
2192 4291 2263 4347 Ut
2300 4289 2724 4344 Melchisedech
2783 4293 3045 4361 reputari
3106 4293 3428 4363 desideras,
3487 4296 3616 4351 sine

1958 4386 2127 4454 patre
2149 4397 2278 4436 esse
2308 4377 2704 4450 concupiscis;
2731 4395 2811 4434 Vir.
2841 4378 3274 4453 tibi,parricida
3305 4383 3614 4452 monache,

1958 4488 2059 4527 rex
2090 4487 2205 4525 non
2241 4485 2509 4542 pascens.

2029 4578 2151 4631 140.
2186 4577 2266 4631 Te
2297 4581 2494 4631 autem
2529 4574 2762 4629 dimitto
2813 4575 3188 4645 abjicientem
3235 4578 3448 4649 jugum
3500 4577 3618 4649 epi-

163 4671 421 4742 ματικήν
481 4667 824 4731 ἀποσείεσθαι
881 4666 1155 4742 ζεύγλην,
1219 4667 1310 4720 καὶ
1377 4666 1850 4742 πραγματεύεσθαι

1969 4665 2192 4733 rituale,
2255 4669 2432 4736 atque
2486 4669 2810 4719 sectantem
2870 4680 3096 4720 errores
3152 4683 3186 4721 a
3242 4671 3297 4722 te
3346 4665 3612 4733 dilectos,

159 4759 270 4828 τήν
307 4756 662 4829 ποθουμένην
711 4755 768 4810 σὲ
818 4754 1028 4825 πλάνην
1082 4753 1170 4810 διὰ
1215 4755 1278 4810 τὸ
1328 4754 1723 4830 ἀνεξέλεγκτον,
1775 4757 1850 4820 ὡς

160 4849 190 4903 6
231 4849 416 4921 μέγας
467 4845 760 4922 φιλοσοφεῖ
811 4843 1109 4916 Σολομῶν.
1162 4849 1326 4898 Ποῖον
1359 4845 1417 4898 σέ
1451 4847 1583 4913 ;τὸν
1646 4845 1846 4918 οἴημα-

156 4937 317 5002 τίαν,
350 4935 448 4989 τὸν
498 4933 849 5010 κενότροπον,
900 4933 992 4988 τὸν
1041 4931 1132 4987 διὰ
1179 4933 1240 4986 τὸ
1290 4933 1474 5008 περιὸν
1531 4938 1640 4988 τῶν
1690 4955 1847 4988 πται-

160 5026 403 5098 σμάτων
457 5020 926 5100 φιλοτιμούμενον
979 5022 1040 5076 τὸ
1099 5021 1510 5096 ἀνεπιτίμητον·
1570 5023 1662 5078 τὸν
1717 5024 1848 5098 ὑπὲρ

160 5113 395 5170 πάντων
435 5113 554 5186 μὲν,
604 5111 692 5167 καὶ
743 5111 916 5166 αὐτῶν
967 5115 1074 5166 τῶν
1128 5109 1363 5186 ἐχθρῶν,
1425 5109 1712 5189 ὀφείλοντα
1760 5109 1848 5166 εὕ-

160 5213 402 5279 χεσθαι,
456 5201 609 5274 μόνῳ
655 5198 713 5255 δὲ
760 5202 839 5272 τῷ
890 5201 1140 5276 ἀρχιερεῖ
1186 5199 1274 5254 καὶ
1320 5201 1419 5269 τὴν
1455 5197 1523 5254 δι’
1577 5201 1846 5279 ἀναφορᾶς

166 5291 418 5365 μνήμην
470 5288 803 5357 έκκλείοντα,
852 5287 941 5343 καὶ
990 5284 1132 5362 μηδὲ
1181 5287 1515 5365 ἐγγράφονται
1558 5293 1719 5343 τοῦτο
1768 5289 1843 5351 εἰς

163 5380 548 5456 μνησικακίαν
611 5397 624 5410 ⁸
687 5378 780 5434 τὸν
858 5377 1167 5455 ἀφύλακτον
1243 5377 1343 5446 τὴν
1417 5377 1691 5453 γλῶσσανο
1751 5379 1842 5433 τὸν

157 5468 620 5544 ἀπεριμέριμνον
658 5468 726 5522 τὰ
777 5465 853 5529 εἷς
905 5463 1122 5536 λαλιὰν,
1169 5465 1258 5521 καὶ
1308 5465 1432 5521 οὐδὲ
1472 5465 1763 5542 ἐχέφρονα,
1797 5467 1848 5521 εἷ’

158 5558 297 5635 χρὴ
358 5562 474 5618 τοῖς
529 5551 762 5632 ἕναγχός
817 5576 924 5609 που
983 5554 1188 5630 ῥήμασι
1240 5556 1614 5626 τεκμήρασθαι
1658 5555 1747 5609 καὶ
1777 5557 1846 5609 τά

157 5649 289 5725 πρὸ
325 5645 555 5702 τούτων.
607 5644 867 5702 Μελετῶν
901 5644 1001 5721 γὰρ
1049 5647 1354 5719 κορακικῶς
1401 5644 1466 5698 τὰ
1510 5646 1628 5708 καθ’
1660 5645 1841 5717 ἡμῶν,

159 5738 271 5796 καὶ
316 5733 462 5792 ἄλλα
514 5736 606 5808 μὶν
643 5732 901 5810 ἔκρωξας,
955 5731 1008 5788 ἐν
1063 5730 1120 5786 δὲ
1148 5737 1266 5796 τοῖς
1314 5731 1404 5788 καὶ
1455 5731 1539 5788 ὅτι
1589 5734 1840 5808 ’Λπειμι,

1958 4756 2093 4827 quia
2125 4753 2470 4825 reprehendi
2507 4757 2896 4822 nequeunt,ut
2925 4753 3007 4807 ait
3037 4770 3287 4826 magnus
3317 4755 3612 4811 Salomon.

1960 4846 2029 4900 Et
2059 4843 2292 4915 qualem
2327 4857 2462 4912 ergo
2484 4840 2510 4893 ‘I
2543 4845 3026 4909 Prmsumentem,
3058 4859 3211 4898 vana
3239 4844 3616 4916 cogitantem,

1956 4950 2062 5006 per
2093 4931 2355 4986 facinora
2409 4928 2687 5001 praeclara
2754 4935 3114 5000 quaerentem
3173 4949 3289 4987 non
3341 4934 3606 4988 condem-

1958 5022 2106 5093 nari,
2139 5024 2446 5082 oraturum
2473 5035 2575 5089 pro
2608 5017 2906 5081 omnibus,
2930 5024 2987 5073 et
3018 5020 3295 5090 inimicis,
3347 5023 3448 5078 sed
3508 5022 3617 5077 soli

1957 5108 2220 5184 pontifici
2257 5107 2606 5162 memoriam
2629 5105 2785 5161 intra
2819 5106 3175 5165 oblationem
3220 5114 3613 5176 recusantem,

1957 5216 2062 5255 nec
2117 5204 2316 5253 tamen
2376 5196 2509 5252 odio
2577 5196 2734 5251 istud
2794 5197 3240 5267 ascribentem;
3304 5200 3509 5271 lingua
3540 5199 3621 5255 ef-

1955 5289 2201 5350 frenam,
2288 5283 2438 5339 nihil
2525 5284 2844 5340 sollicitum
2927 5286 2998 5342 de
3112 5290 3400 5359 procacia,
3499 5304 3616 5343 non

1956 5379 2406 5449 temperantem,
2457 5373 2504 5428 si
2566 5373 2869 5428 referenda
2928 5379 3068 5430 sunt
3116 5377 3293 5433 verba
3349 5378 3616 5449 superius

1955 5469 2134 5532 dicta,
2160 5463 2246 5520 vel
2279 5462 2392 5518 alia
2428 5461 2611 5534 prius.
2674 5461 2818 5516 Cum
2879 5463 3034 5519 enim
3101 5481 3260 5522 more
3318 5483 3614 5522 corvorern

1954 5572 2062 5611 nos
2093 5555 2456 5619 observares,
2478 5549 2595 5605 alia
2643 5551 2876 5622 quidem
2912 5551 3200 5620 clamasti,
3237 5559 3295 5611 et
3341 5555 3495 5610 inter
3549 5572 3618 5612 ea

1952 5644 2138 5701 illud:
2219 5641 2361 5695 Ecce
2420 5639 2651 5709 absum,
2710 5644 2773 5693 ut
2825 5646 3028 5696 contra
3097 5643 3614 5716 metropolitanum

1953 5735 2295 5805 deponeres.
2359 5727 2716 5786 Vomitorem
2773 5730 3079 5788 coniessus
3142 5749 3204 5790 es
3265 5734 3326 5790 in
3383 5732 3612 5807 dialogo
