4104 6210
233 321 362 383 849

1258 322 1362 384 DE
1405 320 1891 384 EMENDANDA
1939 318 2130 382 VITA
2171 320 2660 383 MONACHIOA.

3539 324 3660 388 850

239 471 412 523 ματα,
467 449 521 522 ιε
581 451 658 506 ὧν
707 452 799 506 καὶ
859 451 912 506 οἱ
967 450 1138 508 πάλαι
1187 451 1476 527 ἁγιώτατοι
1509 451 1740 526 Πατὲρες
1772 449 1882 520 ερας

2008 455 2208 507 cantes
2238 452 2466 525 antiqui
2497 453 2685 508 sancti
2733 452 2934 510 Patres
2983 454 3098 511 mel
3130 455 3537 525 conﬁciebant,
3571 462 3650 526 et,

234 542 528 614 νισάμενοι
603 538 1107 616 εμελετούργησαν,
1174 535 1750 613 σιμϐλοποιησάμενοι
1827 537 1882 592 τὰ

2003 541 2355 597 constructis
2414 544 2477 597 ut
2533 541 2863 598 alvearibus
2936 542 3028 599 his
3085 543 3293 611 libris,
3353 561 3656 601 sermones

233 627 454 705 γλυκέα
508 628 687 686 ἐκεῖνα
747 623 958 704 βιϐλία,
1024 631 1112 693 οἷς
1170 627 1408 694 ἐνέθεντο
1459 630 1526 684 τὰ
1590 628 1894 704 γλυκύτερα

239 719 382 794 ὑπὲρ
443 717 570 792 μίλι
627 717 717 774 καὶ
774 717 968 794 κηρίον
1018 716 1198 793 λόγια,
1257 718 1345 774 καὶ
1403 717 1577 780 οὕτως
1634 716 1892 792 ἂρεσκόν-

231 828 350 870 τως
402 811 484 880 τῷ
559 812 676 879 Θεῴ
747 804 1191 882 δλειτούργησαν.
1266 806 1364 864 Καὶ
1434 805 1737 879 ἕπεθύμουν
1794 806 1888 879 μὶν

232 894 405 958 αὐτὸς
459 893 713 950 τοιούσδε
759 895 851 951 καὶ
888 896 1019 972 παρ’
1061 898 1198 969 ἡμῖν
1227 898 1363 951 εἶναι
1418 895 1544 958 τοὺς
1587 916 1892 973 προφαινο-

234 984 442 1058 μὲνους
506 982 807 1060 μοναχούς·
858 981 942 1038 ὅτι
1002 979 1060 1038 δὲ
1115 981 1272 1038 αὐτοὶ
1327 981 1465 1059 πρὸς
1521 987 1642 1044 ταῖς
1673 980 1772 1055 ἔξω
1807 980 1892 1057 βία

227 1067 398 1136 ϐλοις
457 1072 818 1149 ἐξαθερίζουσι
886 1071 976 1127 καὶ
1040 1070 1136 1136 τὰς
1200 1071 1494 1149 ἡμετερας,
1545 1070 1738 1125 ὁπόσαι
1801 1071 1888 1125 καὶ

2009 628 2360 687 «dulciores
2415 646 2590 702 super
2640 631 2754 686 mei
2801 635 2859 687 et
2918 633 3113 688 favum
3147 634 3191 668 ³9
3249 655 3277 684 ››
3331 633 3411 688 ibi
3470 634 3655 690 inclu-

2002 719 2236 775 debant.
2283 719 2450 776 Tales
2509 719 2813 792 cupiebam
2871 737 3002 777 esse
3063 723 3217 794 apud
3276 739 3381 778 nos
3440 723 3541 794 qui
3592 722 3651 778 in

2001 807 2186 880 primo
2218 807 2420 864 ordine
2451 808 2721 864 videntur
2749 825 2878 865 esse
2909 811 3200 866 monachi.
3224 811 3336 867 Sed
3366 809 3505 881 quia
3534 827 3651 866 non

2001 897 2277 968 profanos
2307 895 2488 953 libros
2521 898 2735 964 solum,
2763 899 2863 954 sed
2898 903 2953 954 et
2984 904 3236 970 nostros,
3259 900 3476 971 quibus
3502 901 3650 955 Deus

2000 989 2058 1040 et
2086 984 2281 1040 divina
2314 985 2491 1040 altius
2533 990 2986 1058 cognoscuntur,
3033 989 3194 1058 parvi
3244 988 3488 1056 faciunt,
3521 986 3662 1062 volo,

2001 1088 2135 1128 cum
2165 1073 2250 1129 eis
2281 1073 2560 1129 rationein
2590 1091 2803 1146 ponere
2835 1091 2906 1129 ne
2937 1075 3191 1147 amplius
3229 1077 3311 1131 sic
3343 1075 3650 1148 insipiant.

234 1158 461 1235 μᾶλλον
505 1155 1020 1235 ἂμϐαθύνουσιτοίς
1050 1158 1126 1223 εἰς
1184 1161 1315 1217 Θεὸν
1371 1159 1461 1215 καὶ
1516 1158 1585 1214 τὰ
1641 1159 1777 1228 θεῖα,
1838 1153 2074 1233 εὔχομαι
2116 1157 2385 1236 λογισμὸν
2437 1159 2622 1222 αὐτοῖς
2666 1159 2940 1230 ἐντεθῆναι
3003 1162 3080 1235 μὴ
3131 1163 3222 1216 καὶ
3284 1161 3444 1217 εἰσέτι
3477 1159 3650 1225 οὕτως

227 1249 541 1327 ἀφραίνειν.

304 1336 452 1415 ρμδ’.
515 1339 643 1396 Οῐον
691 1339 818 1415 γάρ,
871 1335 916 1394 ὦ
971 1343 1044 1414 γῆ
1084 1338 1176 1394 καὶ
1235 1337 1448 1413 ούρανὶ,
1501 1334 1669 1412 λόγον
1715 1334 1766 1407 ἐξ
1795 1334 1889 1390 ἆν-

226 1425 361 1503 δρὸς
419 1427 674 1484 τοιούτου
732 1426 936 1506 φθάσας
994 1423 1242 1498 ἤκουσα·
1303 1427 1542 1500 Ἐμαθον
1603 1428 1886 1479 κατακεῖσ-

222 1516 318 1572 θαί
369 1538 479 1573 που
531 1512 722 1593 βίϐλον
781 1517 951 1592 ἱερὰν,
1011 1517 1079 1586 ἢν
1138 1515 1444 1586 ἐπονήσατο
1493 1507 1824 1590 Γρηγόριος,
1857 1512 1885 1567 ὁ

219 1604 319 1660 καὶ
369 1603 664 1683 Θεολόγος,
718 1609 827 1682 πῦρ
883 1604 1114 1669 πνεύσας
1164 1604 1254 1661 καὶ
1309 1601 1645 1678 καλλιλογίᾳ
1673 1600 1883 1674 ἐλλαμ-

223 1694 500 1768 ψάμενος.
556 1694 656 1750 Καὶ
715 1696 750 1764 ἡ
816 1689 1008 1770 βίϐλος
1067 1695 1184 1770 εἶχε
1239 1690 1385 1748 πολὺ
1441 1693 1504 1747 τὸ
1533 1689 1881 1766 παράσημον,

2073 1339 2195 1394 144.
2229 1339 2434 1404 Qualia
2475 1339 2670 1409 verba,
2703 1356 2735 1395 o
2767 1339 2976 1397 ccelum
3023 1343 3080 1395 et
3138 1344 3314 1405 terra,
3375 1344 3548 1397 antea
3577 1340 3648 1397 ab

1997 1426 2236 1483 homine
2257 1428 2430 1483 istius
2462 1427 2620 1483 modi
2644 1427 2876 1484 audivil
2910 1431 3258 1500 Acceperam
3287 1427 3500 1483 alicubi
3522 1445 3652 1484 esse

1998 1519 2313 1590 quemdam
2341 1518 2555 1573 librum
2578 1535 2831 1588 sacrum,
2851 1535 3025 1590 quem
3057 1518 3372 1590 Gregorius
3404 1517 3649 1575 Theolo-

1995 1621 2128 1678 gus,
2160 1606 2356 1678 ignem
2403 1607 2656 1678 spirans,
2716 1607 2947 1680 egregia
2991 1607 3282 1664 sermonis
3335 1605 3643 1678 elegantia,

1993 1695 2444 1767 conscripserat.
2478 1695 2723 1750 Multum
2775 1696 3002 1752 decoris
3031 1696 3129 1752 ille
3174 1695 3322 1751 liber
3352 1695 3644 1765 habebat;

215 1783 315 1838 καὶ
367 1785 433 1840 τὸ
491 1785 607 1840 κατ’
645 1782 813 1853 αὐτὴν
868 1782 1029 1846 κλέος
1085 1782 1334 1858 ἐξηγεῖτο
1386 1781 1461 1843 εἷς
1488 1778 1761 1851 πολλοὺς,
1791 1779 1881 1835 καὶ

1997 1782 2145 1839 fama
2176 1784 2335 1839 illius
2384 1785 2540 1856 apud
2591 1784 2809 1839 multos
2861 1786 3232 1853 narrabatur,
3291 1785 3491 1855 sicque
3522 1785 3647 1856 qui-

216 1871 511 1951 ιφείλκετο
537 1871 668 1934 τοὺς
721 1871 989 1948 ἀκροατὰς
1036 1869 1209 1932 οὕτως
1262 1869 1466 1940 ἐκείνη,
1512 1867 1602 1924 καὶ
1654 1866 1882 1938 ἐθεῶντο

212 1961 396 2030 αὐτὴν
451 1961 590 2036 πρὸς
658 1963 877 2034 Θαῦμα·
959 1960 1050 2016 καὶ
1115 1959 1184 2029 ἦν
1252 1958 1510 2035 εντρυφᾷν
1565 1956 1692 2019 τοὺς
1757 1954 1884 2033 βλί-

215 2070 428 2112 ποντας
501 2054 618 2113 τοῖς
689 2069 750 2105 τε
820 2047 972 2111 ιντὸς
1041 2048 1131 2103 καὶ
1197 2051 1277 2120 τῷ
1331 2043 1753 2124 προφαινομένῳ
1806 2043 1883 2107 εἷς

218 2137 549 2216 ἁγαλλίαμα
596 2137 686 2194 καὶ
735 2141 920 2214 ψυχῆς
949 2138 1039 2192 καὶ
1088 2131 1289 2211 ὄψεως.
1348 2133 1583 2210 Θᾶμενος
1644 2134 1736 2189 οὗν
1793 2132 1885 2188 καὶ

219 2226 334 2303 ιγὼ
395 2224 636 2296 σπουδὴν
692 2224 937 2302 δτυχεῖν
988 2223 1070 2298 τῷ
1115 2224 1271 2297 καλῷ
1319 2223 1608 2301 Γρηγορίῳ
1663 2220 1882 2296 τούτῳ,

219 2315 327 2372 ούκ
381 2315 719 2391 εύστόχησαο
799 2315 1056 2389 μετετεθη
1107 2315 1208 2390 γάρ
1265 2333 1383 2376 πως
1430 2313 1498 2368 τά
1538 2333 1599 2387 γε
1639 2310 1717 2374 εἰς
1765 2310 1882 2384 εμὲ.

222 2405 456 2479 ’Δμὲλει
507 2405 596 2460 καὶ
672 2402 1060 2478 λελυπημὲνος
1126 2402 1407 2476 ἐπυθόμην
1458 2405 1556 2456 τοῦ
1611 2411 1886 2475 καθηγου-

220 2494 395 2568 μένου
455 2496 547 2569 (ἦν
609 2490 667 2548 δὶ
723 2492 972 2569 ἐνάρετος
1033 2493 1062 2547 ὁ
1116 2491 1278 2565 ἀνὴρ,
1325 2490 1415 2546 καὶ
1457 2490 1794 2567 γραμμάτων
1829 2485 1886 2543 δὶ

225 2580 464 2656 ἵὸμων),
521 2587 622 2637 ποῖ
675 2602 808 2638 ποτε
864 2581 1036 2636 τόπου
1087 2579 1152 2636 τὸ
1205 2579 1372 2635 καλὸν
1425 2573 1643 2653 βιϐλίον
1703 2576 1884 2648 εστίν;

216 2673 283 2729 ⁸0
347 2669 406 2726 δὲ
461 2671 554 2726 τὸν
613 2673 712 2741 τῆς
771 2668 943 2744 δεξιᾶς
1005 2669 1236 2745 λιχανὸν
1291 2667 1609 2729 κατασείσας
1667 2666 1741 2728 ὡς
1809 2665 1884 2727 είς

225 2758 460 2830 κύκλον,
535 2757 688 2815 οὐδὲν
762 2758 1107 2836 ἀπεκρίνατο.
1186 2760 1360 2830 Ἐμοῦ
1434 2753 1492 2810 δὲ
1547 2753 1884 2831 ἔγκειμίνου,

227 2848 324 2904 καὶ
381 2849 591 2926 ἱλαρῶς
657 2848 1152 2926 επανερωτῶντος,
1231 2843 1696 2919 ἀπεμποληθῆναι
1773 2844 1887 2899 εἶπε

228 2939 336 3008 τήν
369 2932 587 3014 βίϐλον.
643 2936 734 3002 Τίς
788 2937 912 3014 γὰρ,
961 2935 1115 3016 φησὶ,
1182 2934 1272 2991 καὶ
1301 2934 1491 3010 χρείαν
1521 2936 1586 3003 ἦν
1618 2935 1752 3004 ἡμῖν
1787 2931 1886 2988 αὖ-

231 3034 337 3098 τῆς
365 3045 379 3096 ;
408 3027 670 3091 Ἐνταῦθα
726 3025 862 3100 ὶμοῦ
911 3026 1081 3099 θυμὸν
1135 3022 1442 3099 ἐνδόμυχον
1491 3021 1885 3096 ὑπανάψαντος,

231 3111 346 3206 ἥβη
410 3111 469 3206 ξε
523 3114 612 3169 καὶ
670 3115 1048 3206 προφήναννος
1104 3113 1318 3206 ἥμερα,
1369 3111 1620 3206 ἐπήγαγε
1659 3109 1754 3206 καὶ
1791 3109 1887 3206 :1-
1919 3138 1961 3206 Ο

228 3201 352 3259 τίαν
407 3201 612 3266 εκεῖνος
667 3203 697 3258 ὁ
751 3203 946 3277 σεμνὸς
999 3203 1241 3278 μοναχὸς
1295 3198 1578 3257 διάλευκον
1611 3199 1694 3255 τό·
1728 3221 1758 3253 ι(
1790 3197 1884 3262 Εἰς

227 3290 284 3346 τί
312 3289 416 3367 γὰρ
466 3292 559 3346 καὶ
608 3288 842 3365 δεόμεθα
897 3285 1141 3366 βαϐλίων
1199 3289 1461 3344 τοιούτων
1507 3291 1710 3362 ἡμεῖςς
1741 3313 1769 3341 ››
1798 3289 1885 3350 Ὡς

232 3376 280 3435 δ’
340 3379 447 3456 ἆγὼ
501 3379 596 3436 τὸν
657 3381 830 3453 θυμὸν
891 3374 1210 3454 μεταϐαλὼν
1288 3377 1364 3441 εἷς
1428 3377 1592 3454 βαρὺν
1646 3375 1880 3454 γίλωτα,

227 3465 541 3540 ἕξωνείὸισα
605 3469 848 3525 ὑπειπών
882 3487 896 3501 ·
962 3492 992 3523 ‹‹
1062 3467 1218 3529 Τίνος
1288 3468 1394 3544 γὰρ
1467 3466 1554 3521 καὶ
1631 3463 1884 3536 δεήσεσθε

227 3557 282 3613 οἱ
342 3555 512 3635 λόγου
571 3555 707 3629 ἄξιοι
759 3557 1018 3633 μοναχοί,
1052 3555 1139 3612 ἰὰν
1171 3556 1239 3612 τὰ
1277 3558 1504 3610 τοιαῦτα
1537 3549 1728 3630 βιϐλία
1755 3559 1885 3628 παρ’

225 3643 385 3702 οὐδὲν
443 3648 710 3717 uarices;
745 3669 775 3698 ››
813 3643 1064 3723 παρῆλθὲ
1097 3665 1163 3719 με
1193 3645 1221 3700 ὁ
1252 3641 1537 3721 ἄνθρωπος
1581 3643 1878 3719 ἑντραπεὶς,

224 3735 320 3790 καὶ
351 3733 533 3790 οὐκέτι
564 3732 656 3790 διὰ
689 3735 809 3812 βίου
863 3733 941 3797 εἲς
985 3730 1110 3809 ὄψιν
1159 3732 1300 3803 ἦλθε
1333 3753 1449 3808 μοι,
1495 3731 1773 3808 βαρυνθεὶς
1801 3731 1877 3786 οῖ-

227 3844 352 3900 μαι,
383 3824 448 3880 τὸ
477 3821 533 3880 ἐν
563 3822 686 3900 ἐμοὶ
720 3823 863 3879 οὕτω
894 3818 1248 3902 φιλόϐιϐλον.

302 3913 442 3990 ρμε’.
500 3917 566 3968 Ὢ
609 3909 676 3982 δὴ
724 3917 964 3969 τοιοῦτοι
1025 3911 1286 3987 μοναχοὶ,
1343 3908 1514 3973 οὕτως
1570 3909 1876 3982 ἰξουθενοῦν

226 4001 441 4059 ἰοιλετε
475 4000 606 4067 τοὺς
664 3999 983 4077 θεολόγους,
1037 3997 1146 4072 ἤδη
1207 3997 1265 4056 δὲ
1319 4001 1536 4065 πάντως
1580 4000 1668 4054 καὶ
1724 3997 1875 4069 τοὺς,

225 4091 348 4147 ὅσοι
407 4094 526 4148 κατ’
575 4090 809 4161 αύτούς;
893 4089 1081 4153 Οὕτως
1136 4088 1408 4166 ἄχρηστοι
1458 4089 1587 4164 παρ’
1642 4089 1769 4160 ὑμῖν
1825 4088 1877 4143 οἱ

223 4179 592 4259 θεόφθογγοις
641 4183 710 4235 Ὦ
766 4184 998 4252 Φαῦστε,
1042 4180 1088 4234 ὧ
1143 4179 1415 4253 Δαλμᾶτε,
1464 4179 1509 4233 ὦ
1564 4175 1878 4234 Στουδιῶτα

221 4267 496 4348 Θεόδωρε,
542 4271 587 4326 ὧ
645 4269 868 4345 Κύπρου
925 4269 1231 4338 Ἑπιφάνιε,
1291 4268 1338 4323 ὦ
1395 4265 1580 4344 μυρίοι
1635 4270 1874 4322 τοιοῦτοι

219 4359 371 4436 ἅγιοι
433 4357 689 4436 μοναχοί·
752 4357 926 4423 οὕτως
989 4359 1146 4431 ὑμεῖς
1176 4357 1354 4428 ἐζῆτε,
1412 4355 1558 4412 οὕτω
1612 4357 1708 4420 τὰς
1765 4357 1878 4412 Θεο-

219 4445 430 4524 λόγους
457 4445 681 4514 δέλτους
709 4447 836 4504 ὡσεὶ
896 4444 1048 4503 ούδὶν
1107 4444 1417 4521 ἆλογίζεσθε
1472 4443 1875 4520 σκορακίζοντες

1993 1888 2246 1944 cumque
2295 1874 2589 1928 audebant
2636 1873 3064 1940 alliciebantur,
3116 1879 3175 1929 et
3231 1891 3364 1929 cum
3404 1881 3647 1947 stupore

1992 1961 2417 2029 intuebantur;
2451 1978 2704 2033 cumque
2751 1962 3090 2017 viderentur
3130 1962 3424 2018 internam
3460 1969 3518 2020 et
3548 1980 3646 2018 ex-

1992 2052 2219 2106 ternam
2251 2051 2530 2121 speciem,
2558 2050 2776 2106 delicia:
2827 2056 2993 2108 erant
3043 2056 3101 2106 et
3149 2051 3460 2108 admiratio
3492 2069 3651 2108 men-

1992 2137 2070 2194 tis
2103 2143 2159 2194 et
2189 2137 2511 2194 oculorum.
2545 2143 2688 2194 Cum
2728 2139 2911 2212 igitur
2958 2139 3315 2195 desiderium
3347 2140 3646 2212 concepis-

1995 2242 2118 2283 sem
2149 2228 2310 2284 illius
2341 2228 2555 2300 egregii
2587 2227 2849 2300 Gregorii
2880 2229 3072 2300 cperis
3129 2228 3388 2299 videndi,
3419 2230 3491 2284 ad
3524 2246 3647 2286 rem

1995 2333 2113 2372 non
2146 2317 2379 2388 perveni
2407 2334 2420 2371 :
2453 2317 2791 2372 reconditus
2824 2320 2967 2386 erat,
3002 2316 3208 2372 saltem
3241 2333 3343 2390 pro
3375 2334 3486 2375 me.
3519 2319 3644 2374 Sta-

1993 2403 2101 2460 tim
2135 2409 2190 2460 et
2215 2406 2402 2460 tristis
2433 2405 2672 2477 quaesivi
2723 2422 2755 2460 a
2787 2405 3106 2478 proposito,
3155 2405 3392 2462 homine
3423 2407 3646 2463 scilicet

1995 2493 2335 2565 conspicuo,
2390 2498 2446 2549 et
2493 2492 2823 2549 litterarum
2882 2494 3088 2565 perito,
3123 2512 3377 2566 quonam
3425 2497 3484 2551 in
3518 2495 3642 2552 loco

1994 2587 2150 2638 esset
2183 2581 2328 2637 liber
2372 2583 2655 2638 famosus.
2698 2582 2825 2654 Qui,
2876 2583 3057 2655 digito
3107 2585 3352 2640 dexteraa
3384 2585 3551 2656 quasi
3582 2585 3643 2641 in

1996 2671 2280 2728 circulum
2314 2672 2552 2743 agitato,
2587 2672 2732 2726 nihil
2783 2673 3101 2743 respondit.
3154 2674 3224 2728 Et
3271 2690 3405 2730 cum
3438 2692 3644 2732 rursus

1994 2759 2296 2829 instarem,
2330 2763 2387 2816 et
2415 2777 2619 2815 rursus
2671 2777 2806 2816 cum
2854 2759 3147 2816 hilaritate
3198 2762 3648 2836 interrogarem,

1995 2848 2214 2906 librum
2262 2849 2563 2904 venditum
2609 2866 2739 2905 esse
2795 2850 2962 2906 dixit.
3016 2851 3150 2914 Quae
3207 2853 3387 2919 enim,
3431 2853 3643 2926 inquit,

1996 2938 2220 2994 utilitas
2252 2938 2458 2994 illius?
2504 2940 2573 2994 Et
2615 2956 2749 2994 cum
2779 2938 2864 2995 ira
2912 2939 3073 2996 intus
3121 2943 3554 3010 accederentur,
3590 2947 3650 2998 et

1996 3027 2284 3100 paulatim
2336 3029 2760 3096 ostenderetur,
2813 3045 3051 3084 causam
3101 3030 3346 3101 protulit
3393 3030 3645 3104 insignis

1997 3115 2098 3172 ille
2128 3117 2470 3187 monachus,
2523 3117 2724 3189 sicque
2774 3117 3075 3189 exposuit:
3120 3119 3196 3174 Ad
3248 3119 3390 3190 quid
3434 3119 3644 3174 talium

1996 3205 2277 3262 librorum
2308 3223 2548 3279 egemus
2589 3207 2742 3262 nos?
2790 3207 3108 3278 Postquam
3156 3213 3351 3264 autem
3401 3208 3550 3264 iram
3582 3209 3643 3264 in

1994 3295 2348 3351 cachinnum
2408 3295 2848 3361 convertissem,
2899 3300 2956 3351 et
3011 3297 3510 3368 exprobravissem
3559 3297 3642 3352 di-

1993 3399 2170 3440 cens:
2223 3383 2541 3454 Cujusnam
2591 3384 2672 3439 rei
2731 3383 3089 3454 indigebitis,
3151 3386 3423 3442 monachi
3483 3386 3641 3442 fama

1991 3471 2176 3544 digni,
2210 3471 2258 3528 si
2290 3471 2436 3527 tales
2467 3472 2648 3527 libros
2676 3471 2844 3526 nihili
2877 3472 3112 3528 facitis?
3145 3491 3233 3529 me
3265 3473 3502 3546 reliquit
3531 3475 3642 3531 iste

1989 3559 2165 3616 homo
2184 3564 2334 3615 retro
2359 3576 2805 3629 conversus,nec
2829 3560 3087 3633 amplius
3115 3561 3256 3616 mihi
3281 3568 3415 3619 ante
3435 3561 3636 3620 oculos

1989 3648 2707 3717 aﬂuit,tantumlibrorum
2738 3665 2995 3705 amorem
3025 3667 3219 3706 meum
3241 3667 3394 3724 (egre
3421 3651 3633 3725 ferens,

1990 3742 2058 3793 ut
2082 3738 2354 3794 arbitror.

2061 3916 2180 3972 145.
2213 3915 2353 3982 Vos,
2387 3932 2418 3972 0
2450 3915 2744 3983 monachi,
2791 3914 3070 3988 repellere
3123 3915 3302 3972 vultis
3331 3916 3634 3991 theologos

1986 4008 2045 4063 et
2064 4009 2347 4077 quotquot
2371 4006 2452 4062 eis
2475 4006 2699 4062 similes
2722 4010 2860 4064 sunt
2883 4005 2911 4060 ?
2932 4006 3022 4061 Sic
3041 4007 3204 4061 vobis
3235 4005 3475 4063 inutiles
3497 4011 3638 4064 sunt

1987 4095 2086 4165 qui
2120 4094 2190 4149 de
2222 4094 2397 4149 rebus
2428 4094 2641 4150 divinis
2672 4094 3051 4150 tractarunt?
3083 4094 3126 4150 Ο
3158 4095 3389 4164 Fauste,
3425 4113 3456 4152 ο
3506 4095 3635 4152 Dal-

1985 4187 2158 4250 mate,
2194 4199 2225 4238 o
2257 4182 2557 4238 Theodore
2605 4184 2855 4252 Studita,
2890 4200 2921 4239 0
2967 4183 3248 4256 Epiphani
3281 4185 3570 4258 Cypriota,
3602 4201 3635 4242 ο

1984 4287 2086 4327 vos
2116 4287 2318 4327 omnes
2348 4287 2517 4342 pares
2541 4271 2701 4328 mille
2723 4272 2908 4328 sancti
2943 4273 3214 4328 monachi
3241 4274 3252 4328 l
3278 4273 3505 4331 Siccine
3534 4292 3635 4332 vos

1983 4361 2268 4417 vivebatis
2293 4360 2305 4414 l
2340 4359 2554 4416 siccine
2576 4367 2811 4418 sanctas
2832 4361 3063 4417 tabulas
3087 4367 3149 4417 ut
3181 4362 3430 4418 nihilum
3461 4381 3634 4436 repu-

1984 4449 2225 4517 tabatis,
2280 4453 2336 4504 et
2391 4454 2523 4505 ante
2579 4467 2780 4507 corvos
2839 4448 3272 4522 projiciebatisl
3332 4451 3375 4506 Ο
3435 4456 3635 4509 sancte

218 4507 322 4592 Ὠ.
352 4507 592 4616 Ἐφραὶμ
635 4507 921 4614 ἁγιώτατε,
972 4533 1026 4590 τί
1085 4532 1152 4606 δή
1201 4507 1335 4590 ποτε
1379 4507 1649 4605 τοσαύτης
1689 4507 1873 4611 ἄνεφο-

1997 4507 2296 4611 Epiphani,
2328 4538 2398 4593 ad
2449 4538 2589 4610 quid
2649 4555 2782 4612 ergo
2828 4507 2990 4595 tanta
3043 4539 3417 4611 philosophia
3447 4507 3636 4613 usque

205 4627 404 4702 ρήθης
463 4624 790 4704 φιλοσοφίας
847 4625 976 4700 ὑπὲρ
1033 4624 1220 4698 κόρον,
1280 4622 1355 4686 ὡς
1414 4622 1504 4678 καὶ
1556 4627 1875 4686 ποτνιᾶσθαι

1997 4628 2058 4683 ad
2086 4627 2415 4683 satietatem
2448 4628 2702 4700 repletus
2749 4645 2831 4695 es,
2885 4629 2966 4684 ita
3008 4633 3075 4684 ut
3133 4634 3310 4684 Deum
3341 4646 3632 4702 exorares,

218 4715 316 4771 καὶ
366 4713 676 4771 θεοκλυτεῖν
732 4713 934 4770 ἀνιίναι
985 4713 1078 4770 τὸν
1132 4712 1260 4770 Θεὸν
1309 4712 1370 4768 τὸ
1402 4711 1669 4789 ὑπεράγαν
1701 4709 1752 4766 ἐν
1785 4710 1871 4767 σοὶ

1997 4719 2042 4772 at
2070 4715 2415 4787 suppliciter
2443 4722 2667 4788 peteres
2701 4716 2948 4772 nimiam
2983 4721 3145 4772 tuam
3191 4718 3498 4775 scientiam
3544 4737 3632 4778 re-

219 4810 326 4875 τῆς
353 4805 610 4881 γνώσεως
635 4822 651 4876 ;

1997 4804 2178 4860 laxare
2195 4803 2223 4858 ‘2

297 4894 444 4968 ρμς’.
497 4893 725 4969 Μοναχὶ
776 4891 1082 4969 χωρητικὶ,
1142 4890 1191 4947 εἴ
1269 4887 1328 4946 δι
1400 4890 1562 4945 ποθεν
1617 4889 1875 4964 ἀνακύψει

219 4983 312 5038 καὶ
363 4986 452 5037 νῦν
506 4985 728 5056 ζήτημα
782 4979 1230 5054 ἐκκλησιαστικὸν
1290 4974 1544 5056 ἐμϐριθὲς
1571 5023 1584 5050 ,
1633 4979 1878 5058 ἀμφιμα-

218 5092 370 5149 χον,
426 5073 519 5127 καὶ
571 5070 766 5146 πρέπει
818 5069 1174 5148 ἀγωνίζεσθαι
1226 5068 1355 5131 τοὺς
1401 5067 1583 5145 ἱεροὺς
1641 5065 1872 5144 ἄνδρας,

221 5159 296 5215 ὧν
354 5159 523 5233 μέλος
569 5159 660 5216 καὶ
721 5160 885 5236 μέρος
941 5157 1004 5214 οὐ
1055 5158 1118 5212 τὸ
1172 5155 1344 5233 τυχὸν
1401 5155 1492 5211 καὶ
1551 5157 1603 5211 οἱ
1629 5156 1766 5212 κατὰ
1795 5157 1872 5212 σε’

218 5249 274 5303 τί
330 5246 393 5304 ἃν
436 5253 732 5320 τηνικαῦτα
777 5249 1012 5322 ποιήσῃς
1052 5245 1254 5315 αὐτόςς
1308 5250 1433 5308 Πῶς
1485 5243 1545 5300 ἂν
1601 5244 1874 5320 λαλήσῃς,

223 5338 522 5414 ἀπαγαγὼν
583 5341 841 5411 σεαυτοῦ,
895 5337 985 5393 καὶ
1043 5336 1246 5412 τρόπον
1302 5334 1424 5390 τινὰ
1480 5332 1720 5408 ἱκτεμὼν
1774 5336 1873 5405 τήν

221 5447 285 5482 τε
331 5425 610 5504 γλῶσσαν,
637 5425 704 5481 τά
730 5446 791 5482 τε
819 5424 1014 5502 χείλη,
1061 5424 1132 5484 τὰ
1161 5422 1453 5502 θεολογικὰ
1481 5419 1695 5494 δηλαδή
1743 5424 1876 5496 νοή-

300 5641 348 5679 ”
375 5638 534 5699 Psal.
562 5655 728 5712 ινιιι,
758 5639 850 5701 ll.

2057 4893 2180 4948 146.
2212 4892 2314 4948 Eia
2345 4909 2471 4966 age,
2504 4893 2696 4966 ample
2725 4893 3028 4964 monacho,
3063 4893 3112 4950 si
3162 4892 3398 4952 aliunde
3436 4913 3633 4957 assur-

1983 4982 2070 5056 git
2109 4981 2343 5053 aliquod
2387 4982 2630 5038 dubium
2666 4982 3149 5052 ecclesiasticum,
3191 4983 3448 5057 difﬁcile,
3479 4988 3634 5047 circa

1986 5071 2142 5144 quod
2175 5072 2559 5142 pugnandum
2615 5075 2726 5142 est,
2753 5076 2811 5127 et
2858 5072 2906 5128 si
2937 5073 3103 5129 decet
3143 5074 3438 5132 decertare
3468 5095 3636 5136 sanc-

1985 5166 2076 5218 tos
2104 5160 2372 5216 homines
2417 5178 2666 5233 quorum
2719 5163 3047 5218 membrum
3096 5166 3152 5218 et
3183 5179 3318 5234 pars
3349 5171 3488 5222 sunt
3518 5168 3631 5224 fra-

1983 5255 2103 5308 tres
2137 5250 2244 5317 tui,
2280 5251 2421 5322 quid
2455 5255 2594 5306 tunc
2629 5251 2850 5307 facies?
2882 5250 3181 5314 Quomodo
3211 5251 3634 5324 loqueris,cum

1985 5339 2274 5395 amoveris
2306 5356 2339 5394 a
2367 5343 2444 5408 te,
2490 5343 2547 5394 et
2578 5339 2745 5412 quasi
2795 5339 3082 5395 secaveris
3131 5340 3411 5410 linguam,
3458 5341 3633 5413 labia,

1983 5427 2212 5485 scilicet
2263 5428 2588 5486 sententias
2646 5425 3023 5499 theologicae,
3066 5427 3282 5500 quibus
3352 5429 3637 5490 universae
