  <div class='ocr_page' id='page_1' title='image "/cluster/home/n/w/nwhite01/storage/ocr_20150623/135/hvd.32044073502528/431.png"; bbox 0 0 4104 6210; ppageno 0'>
   <div class='ocr_carea' id='block_1_1' title="bbox 541 314 655 376">
    <p class='ocr_par' dir='ltr' id='par_1_1' title="bbox 541 314 655 376">
     <span class='ocr_line' id='line_1_1' title="bbox 541 314 655 376; baseline 0.009 -2"><span class='ocrx_word' id='word_1_1' title='bbox 541 314 655 376; x_wconf 76' lang='grc'><strong>851</strong></span> 
     </span>
    </p>
   </div>
   <div class='ocr_carea' id='block_1_2' title="bbox 1315 311 3878 383">
    <p class='ocr_par' dir='ltr' id='par_1_2' title="bbox 1315 311 3878 383">
     <span class='ocr_line' id='line_1_2' title="bbox 1315 311 3878 383; baseline 0.002 -7"><span class='ocrx_word' id='word_1_2' title='bbox 1315 315 1737 378; x_wconf 81' lang='lat' dir='ltr'><strong>EUSTATHII</strong></span> <span class='ocrx_word' id='word_1_3' title='bbox 1780 313 2552 376; x_wconf 83' lang='lat' dir='ltr'><strong>THESSALONICENSIS</strong></span> <span class='ocrx_word' id='word_1_4' title='bbox 2599 311 3182 375; x_wconf 68' lang='lat' dir='ltr'><strong>METROPOLITIE</strong></span> <span class='ocrx_word' id='word_1_5' title='bbox 3788 323 3878 383; x_wconf 78' lang='lat'><strong>852</strong></span> 
     </span>
    </p>
   </div>
   <div class='ocr_carea' id='block_1_3' title="bbox 541 438 2203 519">
    <p class='ocr_par' dir='ltr' id='par_1_3' title="bbox 541 445 2193 518">
     <span class='ocr_line' id='line_1_3' title="bbox 541 445 2193 518; baseline 0.001 -17"><span class='ocrx_word' id='word_1_6' title='bbox 541 445 873 513; x_wconf 86' lang='lat' dir='ltr'><strong>solvuntur,</strong></span> <span class='ocrx_word' id='word_1_7' title='bbox 926 448 1279 518; x_wconf 69' lang='lat' dir='ltr'><strong>quaestiones</strong></span> <span class='ocrx_word' id='word_1_8' title='bbox 1338 447 1682 517; x_wconf 65' lang='lat' dir='ltr'><strong>depravata,</strong></span> <span class='ocrx_word' id='word_1_9' title='bbox 1732 451 1906 517; x_wconf 89' lang='lat' dir='ltr'><strong>atque</strong></span> <span class='ocrx_word' id='word_1_10' title='bbox 1964 447 2021 500; x_wconf 93' lang='lat' dir='ltr'><strong>in</strong></span> <span class='ocrx_word' id='word_1_11' title='bbox 2063 463 2193 502; x_wconf 84' lang='lat' dir='ltr'><strong>sen-</strong></span> 
     </span>
    </p>
   </div>
   <div class='ocr_carea' id='block_1_4' title="bbox 2312 438 3879 519">
    <p class='ocr_par' dir='ltr' id='par_1_4' title="bbox 2313 438 3879 519">
     <span class='ocr_line' id='line_1_4' title="bbox 2313 438 3879 519; baseline 0.003 -21"><span class='ocrx_word' id='word_1_12' title='bbox 2313 464 2475 516; x_wconf 86' lang='grc' dir='ltr'>ματα,</span> <span class='ocrx_word' id='word_1_13' title='bbox 2535 441 2604 496; x_wconf 86' lang='grc' dir='ltr'>δι’</span> <span class='ocrx_word' id='word_1_14' title='bbox 2661 445 2734 497; x_wconf 85' lang='grc' dir='ltr'>ὧν</span> <span class='ocrx_word' id='word_1_15' title='bbox 2795 444 2871 505; x_wconf 81' lang='grc' dir='ltr'><strong>ὡς</strong></span> <span class='ocrx_word' id='word_1_16' title='bbox 2926 442 3118 498; x_wconf 79' lang='grc' dir='ltr'><strong>ἐπίπαν</strong></span> <span class='ocrx_word' id='word_1_17' title='bbox 3151 445 3204 497; x_wconf 79' lang='grc' dir='ltr'>αἱ</span> <span class='ocrx_word' id='word_1_18' title='bbox 3252 438 3654 518; x_wconf 77' lang='grc' dir='ltr'>στρεϐλούμεναι</span> <span class='ocrx_word' id='word_1_19' title='bbox 3696 453 3879 519; x_wconf 75' lang='grc' dir='ltr'>συζητή-</span> 
     </span>
    </p>
   </div>
   <div class='ocr_carea' id='block_1_5' title="bbox 543 535 2199 606">
    <p class='ocr_par' dir='ltr' id='par_1_5' title="bbox 543 535 2199 606">
     <span class='ocr_line' id='line_1_5' title="bbox 543 535 2199 606; baseline -0.001 -16"><span class='ocrx_word' id='word_1_20' title='bbox 543 551 677 590; x_wconf 84' lang='lat' dir='ltr'><strong>sum</strong></span> <span class='ocrx_word' id='word_1_21' title='bbox 709 540 933 590; x_wconf 89' lang='lat' dir='ltr'><strong>rectum</strong></span> <span class='ocrx_word' id='word_1_22' title='bbox 961 543 1240 591; x_wconf 69' lang='lat' dir='ltr'><strong>revocata:</strong></span> <span class='ocrx_word' id='word_1_23' title='bbox 1265 536 1390 589; x_wconf 79' lang='lat' dir='ltr'><strong>PAd</strong></span> <span class='ocrx_word' id='word_1_24' title='bbox 1427 535 1565 606; x_wconf 93' lang='lat' dir='ltr'><strong>quid</strong></span> <span class='ocrx_word' id='word_1_25' title='bbox 1590 541 1730 590; x_wconf 88' lang='lat' dir='ltr'><strong>tunc</strong></span> <span class='ocrx_word' id='word_1_26' title='bbox 1751 535 1856 590; x_wconf 82' lang='lat' dir='ltr'><strong>tibi</strong></span> <span class='ocrx_word' id='word_1_27' title='bbox 1881 537 2199 606; x_wconf 90' lang='lat' dir='ltr'><strong>proderunt</strong></span> 
     </span>
    </p>
   </div>
   <div class='ocr_carea' id='block_1_6' title="bbox 542 625 2202 694">
    <p class='ocr_par' dir='ltr' id='par_1_6' title="bbox 542 625 2202 694">
     <span class='ocr_line' id='line_1_6' title="bbox 542 625 2202 694; baseline -0.001 -16"><span class='ocrx_word' id='word_1_28' title='bbox 542 627 646 678; x_wconf 91' lang='lat' dir='ltr'><strong>tua</strong></span> <span class='ocrx_word' id='word_1_29' title='bbox 677 625 957 694; x_wconf 83' lang='lat' dir='ltr'><strong>negotia?</strong></span> <span class='ocrx_word' id='word_1_30' title='bbox 987 626 1234 689; x_wconf 86' lang='lat' dir='ltr'><strong>Quibus,</strong></span> <span class='ocrx_word' id='word_1_31' title='bbox 1267 628 1485 693; x_wconf 91' lang='lat' dir='ltr'><strong>quanto</strong></span> <span class='ocrx_word' id='word_1_32' title='bbox 1532 629 1794 694; x_wconf 89' lang='lat' dir='ltr'><strong>tempore</strong></span> <span class='ocrx_word' id='word_1_33' title='bbox 1839 639 2202 694; x_wconf 67' lang='lat' dir='ltr'><strong>preoccupa-</strong></span> 
     </span>
    </p>
   </div>
   <div class='ocr_carea' id='block_1_7' title="bbox 541 710 2197 784">
    <p class='ocr_par' dir='ltr' id='par_1_7' title="bbox 541 710 2197 784">
     <span class='ocr_line' id='line_1_7' title="bbox 541 710 2197 784; baseline -0.003 -15"><span class='ocrx_word' id='word_1_34' title='bbox 541 715 640 769; x_wconf 80' lang='lat' dir='ltr'><strong>tus</strong></span> <span class='ocrx_word' id='word_1_35' title='bbox 673 713 951 769; x_wconf 80' lang='lat' dir='ltr'><strong>remisisti</strong></span> <span class='ocrx_word' id='word_1_36' title='bbox 985 713 1247 767; x_wconf 85' lang='lat' dir='ltr'><strong>studium</strong></span> <span class='ocrx_word' id='word_1_37' title='bbox 1282 710 1802 782; x_wconf 90' lang='lat' dir='ltr'><strong>bibliorum,atque</strong></span> <span class='ocrx_word' id='word_1_38' title='bbox 1834 711 2197 784; x_wconf 76' lang='lat' dir='ltr'><strong>cognitiones</strong></span> 
     </span>
    </p>
   </div>
   <div class='ocr_carea' id='block_1_8' title="bbox 545 799 2196 872">
    <p class='ocr_par' dir='ltr' id='par_1_8' title="bbox 545 799 2196 872">
     <span class='ocr_line' id='line_1_8' title="bbox 545 799 2196 872; baseline -0.002 -17"><span class='ocrx_word' id='word_1_39' title='bbox 545 802 806 868; x_wconf 75' lang='lat' dir='ltr'><strong>altiores,</strong></span> <span class='ocrx_word' id='word_1_40' title='bbox 857 799 1253 866; x_wconf 88' lang='lat' dir='ltr'><strong>sublimiores,</strong></span> <span class='ocrx_word' id='word_1_41' title='bbox 1321 800 1431 854; x_wconf 85' lang='lat' dir='ltr'><strong>Deo</strong></span> <span class='ocrx_word' id='word_1_42' title='bbox 1491 800 1824 872; x_wconf 84' lang='lat' dir='ltr'><strong>proximas;</strong></span> <span class='ocrx_word' id='word_1_43' title='bbox 1871 816 1985 854; x_wconf 91' lang='lat' dir='ltr'><strong>non</strong></span> <span class='ocrx_word' id='word_1_44' title='bbox 2025 799 2196 853; x_wconf 88' lang='lat' dir='ltr'><strong>modo</strong></span> 
     </span>
    </p>
   </div>
   <div class='ocr_carea' id='block_1_9' title="bbox 545 888 2198 959">
    <p class='ocr_par' dir='ltr' id='par_1_9' title="bbox 545 888 2198 959">
     <span class='ocr_line' id='line_1_9' title="bbox 545 888 2198 959; baseline -0.002 -15"><span class='ocrx_word' id='word_1_45' title='bbox 545 888 719 944; x_wconf 79' lang='lat' dir='ltr'><strong>istius</strong></span> <span class='ocrx_word' id='word_1_46' title='bbox 750 890 884 944; x_wconf 90' lang='lat' dir='ltr'><strong>boni</strong></span> <span class='ocrx_word' id='word_1_47' title='bbox 916 905 1173 944; x_wconf 88' lang='lat' dir='ltr'><strong>amorem</strong></span> <span class='ocrx_word' id='word_1_48' title='bbox 1205 905 1319 943; x_wconf 91' lang='lat' dir='ltr'><strong>non</strong></span> <span class='ocrx_word' id='word_1_49' title='bbox 1346 903 1715 959; x_wconf 83' lang='lat' dir='ltr'><strong>conceperas,</strong></span> <span class='ocrx_word' id='word_1_50' title='bbox 1751 889 1849 944; x_wconf 88' lang='lat' dir='ltr'><strong>sed</strong></span> <span class='ocrx_word' id='word_1_51' title='bbox 1885 905 2036 944; x_wconf 87' lang='lat' dir='ltr'><strong>unus</strong></span> <span class='ocrx_word' id='word_1_52' title='bbox 2069 903 2198 942; x_wconf 86' lang='lat' dir='ltr'><strong>eras</strong></span> 
     </span>
    </p>
   </div>
   <div class='ocr_carea' id='block_1_10' title="bbox 546 976 2196 1048">
    <p class='ocr_par' dir='ltr' id='par_1_10' title="bbox 546 976 2196 1048">
     <span class='ocr_line' id='line_1_10' title="bbox 546 976 2196 1048; baseline -0.003 -15"><span class='ocrx_word' id='word_1_53' title='bbox 546 991 616 1034; x_wconf 81' lang='lat' dir='ltr'><strong>ex</strong></span> <span class='ocrx_word' id='word_1_54' title='bbox 671 977 1155 1048; x_wconf 89' lang='lat' dir='ltr'><strong>persequentibus</strong></span> <span class='ocrx_word' id='word_1_55' title='bbox 1204 977 1390 1044; x_wconf 89' lang='lat' dir='ltr'><strong>illud,</strong></span> <span class='ocrx_word' id='word_1_56' title='bbox 1453 976 1605 1032; x_wconf 90' lang='lat' dir='ltr'><strong>banc</strong></span> <span class='ocrx_word' id='word_1_57' title='bbox 1647 993 1826 1031; x_wconf 90' lang='lat' dir='ltr'><strong>unam</strong></span> <span class='ocrx_word' id='word_1_58' title='bbox 1883 977 2196 1030; x_wconf 87' lang='lat' dir='ltr'><strong>trinitatem</strong></span> 
     </span>
    </p>
   </div>
   <div class='ocr_carea' id='block_1_11' title="bbox 548 1063 2196 1137">
    <p class='ocr_par' dir='ltr' id='par_1_11' title="bbox 548 1063 2196 1137">
     <span class='ocr_line' id='line_1_11' title="bbox 548 1063 2196 1137; baseline -0.002 -17"><span class='ocrx_word' id='word_1_59' title='bbox 548 1081 792 1120; x_wconf 84' lang='lat' dir='ltr'><strong>noveras</strong></span> <span class='ocrx_word' id='word_1_60' title='bbox 838 1065 1112 1137; x_wconf 84' lang='lat' dir='ltr'><strong>perfecte,</strong></span> <span class='ocrx_word' id='word_1_61' title='bbox 1166 1071 1224 1120; x_wconf 90' lang='lat' dir='ltr'><strong>et</strong></span> <span class='ocrx_word' id='word_1_62' title='bbox 1279 1065 1619 1133; x_wconf 83' lang='lat' dir='ltr'><strong>extollebas,</strong></span> <span class='ocrx_word' id='word_1_63' title='bbox 1679 1064 2078 1120; x_wconf 90' lang='lat' dir='ltr'><strong>adorationem</strong></span> <span class='ocrx_word' id='word_1_64' title='bbox 2136 1063 2196 1118; x_wconf 93' lang='lat' dir='ltr'><strong>in</strong></span> 
     </span>
    </p>
   </div>
   <div class='ocr_carea' id='block_1_12' title="bbox 547 1153 2198 1226">
    <p class='ocr_par' dir='ltr' id='par_1_12' title="bbox 547 1153 2198 1226">
     <span class='ocr_line' id='line_1_12' title="bbox 547 1153 2198 1226; baseline -0.002 -16"><span class='ocrx_word' id='word_1_65' title='bbox 547 1154 806 1226; x_wconf 86' lang='lat' dir='ltr'><strong>templo,</strong></span> <span class='ocrx_word' id='word_1_66' title='bbox 871 1154 1141 1210; x_wconf 81' lang='lat' dir='ltr'><strong>cellulam</strong></span> <span class='ocrx_word' id='word_1_67' title='bbox 1224 1158 1428 1223; x_wconf 88' lang='lat' dir='ltr'><strong>tuam,</strong></span> <span class='ocrx_word' id='word_1_68' title='bbox 1495 1160 1550 1209; x_wconf 92' lang='lat' dir='ltr'><strong>et</strong></span> <span class='ocrx_word' id='word_1_69' title='bbox 1606 1171 1911 1219; x_wconf 86' lang='lat' dir='ltr'><strong>mensam,</strong></span> <span class='ocrx_word' id='word_1_70' title='bbox 1981 1153 2198 1209; x_wconf 90' lang='lat' dir='ltr'><strong>oblitus</strong></span> 
     </span>
    </p>
   </div>
   <div class='ocr_carea' id='block_1_13' title="bbox 548 1243 2197 1299">
    <p class='ocr_par' dir='ltr' id='par_1_13' title="bbox 548 1243 2197 1299">
     <span class='ocr_line' id='line_1_13' title="bbox 548 1243 2197 1299; baseline -0.001 -1"><span class='ocrx_word' id='word_1_71' title='bbox 548 1258 666 1298; x_wconf 91' lang='lat' dir='ltr'><strong>non</strong></span> <span class='ocrx_word' id='word_1_72' title='bbox 717 1243 862 1298; x_wconf 89' lang='lat' dir='ltr'><strong>satis</strong></span> <span class='ocrx_word' id='word_1_73' title='bbox 926 1259 1058 1299; x_wconf 89' lang='lat' dir='ltr'><strong>esse</strong></span> <span class='ocrx_word' id='word_1_74' title='bbox 1113 1243 1230 1298; x_wconf 85' lang='lat' dir='ltr'><strong>ista</strong></span> <span class='ocrx_word' id='word_1_75' title='bbox 1284 1259 1419 1298; x_wconf 88' lang='lat' dir='ltr'><strong>vero</strong></span> <span class='ocrx_word' id='word_1_76' title='bbox 1473 1245 1758 1299; x_wconf 81' lang='lat' dir='ltr'><strong>monacho</strong></span> <span class='ocrx_word' id='word_1_77' title='bbox 1809 1243 1878 1298; x_wconf 92' lang='lat' dir='ltr'><strong>ad</strong></span> <span class='ocrx_word' id='word_1_78' title='bbox 1924 1243 2197 1297; x_wconf 78' lang='lat' dir='ltr'><strong>virtutem</strong></span> 
     </span>
    </p>
   </div>
   <div class='ocr_carea' id='block_1_14' title="bbox 547 1331 2198 1402">
    <p class='ocr_par' dir='ltr' id='par_1_14' title="bbox 547 1331 2198 1402">
     <span class='ocr_line' id='line_1_14' title="bbox 547 1331 2198 1402; baseline 0 -17"><span class='ocrx_word' id='word_1_79' title='bbox 547 1331 952 1402; x_wconf 81' lang='lat' dir='ltr'><strong>perfectam,et</strong></span> <span class='ocrx_word' id='word_1_80' title='bbox 971 1332 1108 1387; x_wconf 89' lang='lat' dir='ltr'><strong>huic</strong></span> <span class='ocrx_word' id='word_1_81' title='bbox 1140 1332 1533 1388; x_wconf 84' lang='lat' dir='ltr'><strong>necessariam</strong></span> <span class='ocrx_word' id='word_1_82' title='bbox 1557 1347 1685 1388; x_wconf 87' lang='lat' dir='ltr'><strong>esse</strong></span> <span class='ocrx_word' id='word_1_83' title='bbox 1708 1347 1976 1401; x_wconf 82' lang='lat' dir='ltr'><strong>magnam</strong></span> <span class='ocrx_word' id='word_1_84' title='bbox 2008 1332 2198 1386; x_wconf 89' lang='lat' dir='ltr'><strong>scien-</strong></span> 
     </span>
    </p>
   </div>
   <div class='ocr_carea' id='block_1_15' title="bbox 546 1418 2202 1496">
    <p class='ocr_par' dir='ltr' id='par_1_15' title="bbox 546 1418 2202 1496">
     <span class='ocr_line' id='line_1_15' title="bbox 546 1418 2202 1496; baseline 0 -22"><span class='ocrx_word' id='word_1_85' title='bbox 546 1418 692 1474; x_wconf 83' lang='lat' dir='ltr'><strong>tiam</strong></span> <span class='ocrx_word' id='word_1_86' title='bbox 719 1437 732 1486; x_wconf 93' lang='lat'><strong>;</strong></span> <span class='ocrx_word' id='word_1_87' title='bbox 764 1436 870 1475; x_wconf 93' lang='lat' dir='ltr'><strong>nec</strong></span> <span class='ocrx_word' id='word_1_88' title='bbox 902 1419 1090 1496; x_wconf 80' lang='lat' dir='ltr'><strong>solam</strong></span> <span class='ocrx_word' id='word_1_89' title='bbox 1142 1421 1401 1476; x_wconf 91' lang='lat' dir='ltr'><strong>divinam</strong></span> <span class='ocrx_word' id='word_1_90' title='bbox 1434 1421 1584 1490; x_wconf 91' lang='lat' dir='ltr'><strong>dico,</strong></span> <span class='ocrx_word' id='word_1_91' title='bbox 1617 1421 1720 1477; x_wconf 88' lang='lat' dir='ltr'><strong>sed</strong></span> <span class='ocrx_word' id='word_1_92' title='bbox 1765 1420 1940 1476; x_wconf 90' lang='lat' dir='ltr'><strong>etiam</strong></span> <span class='ocrx_word' id='word_1_93' title='bbox 1972 1436 2202 1490; x_wconf 85' lang='lat' dir='ltr'><strong>excerp-</strong></span> 
     </span>
    </p>
   </div>
   <div class='ocr_carea' id='block_1_16' title="bbox 547 1508 2201 1579">
    <p class='ocr_par' dir='ltr' id='par_1_16' title="bbox 547 1508 2201 1579">
     <span class='ocr_line' id='line_1_16' title="bbox 547 1508 2201 1579; baseline 0 -15"><span class='ocrx_word' id='word_1_94' title='bbox 547 1510 670 1564; x_wconf 89' lang='lat' dir='ltr'><strong>tam</strong></span> <span class='ocrx_word' id='word_1_95' title='bbox 702 1523 772 1563; x_wconf 85' lang='lat' dir='ltr'><strong>ex</strong></span> <span class='ocrx_word' id='word_1_96' title='bbox 802 1508 1087 1579; x_wconf 87' lang='lat' dir='ltr'><strong>historiis,</strong></span> <span class='ocrx_word' id='word_1_97' title='bbox 1147 1514 1214 1565; x_wconf 90' lang='lat' dir='ltr'><strong>ut</strong></span> <span class='ocrx_word' id='word_1_98' title='bbox 1242 1510 1466 1565; x_wconf 89' lang='lat' dir='ltr'><strong>dictum</strong></span> <span class='ocrx_word' id='word_1_99' title='bbox 1511 1514 1622 1577; x_wconf 90' lang='lat' dir='ltr'><strong>est,</strong></span> <span class='ocrx_word' id='word_1_100' title='bbox 1666 1514 1723 1565; x_wconf 89' lang='lat' dir='ltr'><strong>et</strong></span> <span class='ocrx_word' id='word_1_101' title='bbox 1772 1509 1918 1566; x_wconf 89' lang='lat' dir='ltr'><strong>alias</strong></span> <span class='ocrx_word' id='word_1_102' title='bbox 1947 1509 2201 1565; x_wconf 84' lang='lat' dir='ltr'><strong>maxime</strong></span> 
     </span>
    </p>
   </div>
   <div class='ocr_carea' id='block_1_17' title="bbox 547 1597 1930 1670">
    <p class='ocr_par' dir='ltr' id='par_1_17' title="bbox 547 1597 1930 1670">
     <span class='ocr_line' id='line_1_17' title="bbox 547 1597 1930 1670; baseline 0.001 -18"><span class='ocrx_word' id='word_1_103' title='bbox 547 1597 742 1653; x_wconf 83' lang='lat' dir='ltr'><strong>varias</strong></span> <span class='ocrx_word' id='word_1_104' title='bbox 773 1598 991 1669; x_wconf 88' lang='lat' dir='ltr'><strong>quibus</strong></span> <span class='ocrx_word' id='word_1_105' title='bbox 1021 1598 1371 1670; x_wconf 91' lang='lat' dir='ltr'><strong>cuicumque</strong></span> <span class='ocrx_word' id='word_1_106' title='bbox 1403 1597 1682 1654; x_wconf 86' lang='lat' dir='ltr'><strong>inservire</strong></span> <span class='ocrx_word' id='word_1_107' title='bbox 1714 1603 1930 1669; x_wconf 84' lang='lat' dir='ltr'><strong>posset.</strong></span> 
     </span>
    </p>
   </div>
   <div class='ocr_carea' id='block_1_18' title="bbox 630 1864 2201 1938">
    <p class='ocr_par' dir='ltr' id='par_1_18' title="bbox 630 1864 2201 1938">
     <span class='ocr_line' id='line_1_18' title="bbox 630 1864 2201 1938; baseline 0.001 -20"><span class='ocrx_word' id='word_1_108' title='bbox 630 1864 752 1918; x_wconf 82' lang='grc'><strong>147.</strong></span> <span class='ocrx_word' id='word_1_109' title='bbox 787 1865 856 1919; x_wconf 91' lang='lat' dir='ltr'><strong>Et</strong></span> <span class='ocrx_word' id='word_1_110' title='bbox 879 1865 1176 1922; x_wconf 89' lang='lat' dir='ltr'><strong>undenam</strong></span> <span class='ocrx_word' id='word_1_111' title='bbox 1224 1865 1414 1922; x_wconf 89' lang='lat' dir='ltr'><strong>sancti</strong></span> <span class='ocrx_word' id='word_1_112' title='bbox 1471 1865 1555 1921; x_wconf 91' lang='lat' dir='ltr'><strong>illi</strong></span> <span class='ocrx_word' id='word_1_113' title='bbox 1603 1865 1821 1938; x_wconf 82' lang='lat' dir='ltr'><strong>egregii</strong></span> <span class='ocrx_word' id='word_1_114' title='bbox 1851 1866 2201 1938; x_wconf 87' lang='lat' dir='ltr'><strong>sapientiam</strong></span> 
     </span>
    </p>
   </div>
   <div class='ocr_carea' id='block_1_19' title="bbox 559 1952 2202 2026">
    <p class='ocr_par' dir='ltr' id='par_1_19' title="bbox 559 1952 2202 2026">
     <span class='ocr_line' id='line_1_19' title="bbox 559 1952 2202 2026; baseline -0.001 -18"><span class='ocrx_word' id='word_1_115' title='bbox 559 1952 939 2008; x_wconf 76' lang='lat' dir='ltr'><strong>didicerunt?</strong></span> <span class='ocrx_word' id='word_1_116' title='bbox 959 1955 1259 2026; x_wconf 87' lang='lat' dir='ltr'><strong>Numquid</strong></span> <span class='ocrx_word' id='word_1_117' title='bbox 1283 1955 1422 2010; x_wconf 90' lang='lat' dir='ltr'><strong>dum</strong></span> <span class='ocrx_word' id='word_1_118' title='bbox 1444 1959 1816 2010; x_wconf 87' lang='lat' dir='ltr'><strong>versarentur</strong></span> <span class='ocrx_word' id='word_1_119' title='bbox 1835 1954 1891 2009; x_wconf 92' lang='lat' dir='ltr'><strong>in</strong></span> <span class='ocrx_word' id='word_1_120' title='bbox 1911 1954 2054 2010; x_wconf 88' lang='lat' dir='ltr'><strong>vicis</strong></span> <span class='ocrx_word' id='word_1_121' title='bbox 2075 1955 2202 2010; x_wconf 88' lang='lat' dir='ltr'><strong>etin</strong></span> 
     </span>
    </p>
   </div>
   <div class='ocr_carea' id='block_1_20' title="bbox 557 2040 2201 2115">
    <p class='ocr_par' dir='ltr' id='par_1_20' title="bbox 557 2040 2201 2115">
     <span class='ocr_line' id='line_1_20' title="bbox 557 2040 2201 2115; baseline 0.001 -19"><span class='ocrx_word' id='word_1_122' title='bbox 557 2040 913 2112; x_wconf 84' lang='lat' dir='ltr'><strong>civitatibus,</strong></span> <span class='ocrx_word' id='word_1_123' title='bbox 947 2043 1089 2097; x_wconf 89' lang='lat' dir='ltr'><strong>dum</strong></span> <span class='ocrx_word' id='word_1_124' title='bbox 1121 2043 1243 2098; x_wconf 89' lang='lat' dir='ltr'><strong>vias</strong></span> <span class='ocrx_word' id='word_1_125' title='bbox 1273 2048 1330 2098; x_wconf 89' lang='lat' dir='ltr'><strong>et</strong></span> <span class='ocrx_word' id='word_1_126' title='bbox 1357 2045 1597 2099; x_wconf 90' lang='lat' dir='ltr'><strong>semitas</strong></span> <span class='ocrx_word' id='word_1_127' title='bbox 1629 2049 2006 2115; x_wconf 87' lang='lat' dir='ltr'><strong>peragrarent</strong></span> <span class='ocrx_word' id='word_1_128' title='bbox 2059 2045 2201 2098; x_wconf 89' lang='lat' dir='ltr'><strong>dum</strong></span> 
     </span>
    </p>
   </div>
   <div class='ocr_carea' id='block_1_21' title="bbox 554 2131 2204 2203">
    <p class='ocr_par' dir='ltr' id='par_1_21' title="bbox 554 2131 2204 2203">
     <span class='ocr_line' id='line_1_21' title="bbox 554 2131 2204 2203; baseline 0.001 -18"><span class='ocrx_word' id='word_1_129' title='bbox 554 2133 741 2186; x_wconf 86' lang='lat' dir='ltr'><strong>metas</strong></span> <span class='ocrx_word' id='word_1_130' title='bbox 761 2131 1042 2188; x_wconf 84' lang='lat' dir='ltr'><strong>ctrbedas</strong></span> <span class='ocrx_word' id='word_1_131' title='bbox 1057 2133 1394 2188; x_wconf 83' lang='lat' dir='ltr'><strong>currerent?</strong></span> <span class='ocrx_word' id='word_1_132' title='bbox 1406 2132 1703 2203; x_wconf 88' lang='lat' dir='ltr'><strong>Numquid</strong></span> <span class='ocrx_word' id='word_1_133' title='bbox 1718 2148 1850 2187; x_wconf 92' lang='lat' dir='ltr'><strong>cum</strong></span> <span class='ocrx_word' id='word_1_134' title='bbox 1869 2133 2204 2188; x_wconf 86' lang='lat' dir='ltr'><strong>secederent</strong></span> 
     </span>
    </p>
   </div>
   <div class='ocr_carea' id='block_1_22' title="bbox 551 2218 2202 2294">
    <p class='ocr_par' dir='ltr' id='par_1_22' title="bbox 551 2218 2202 2294">
     <span class='ocr_line' id='line_1_22' title="bbox 551 2218 2202 2294; baseline 0.001 -21"><span class='ocrx_word' id='word_1_135' title='bbox 551 2221 613 2273; x_wconf 85' lang='lat' dir='ltr'><strong>et</strong></span> <span class='ocrx_word' id='word_1_136' title='bbox 641 2218 797 2275; x_wconf 91' lang='lat' dir='ltr'><strong>omni</strong></span> <span class='ocrx_word' id='word_1_137' title='bbox 829 2220 1027 2276; x_wconf 89' lang='lat' dir='ltr'><strong>studio</strong></span> <span class='ocrx_word' id='word_1_138' title='bbox 1061 2221 1482 2294; x_wconf 82' lang='lat' dir='ltr'><strong>indulgerent?</strong></span> <span class='ocrx_word' id='word_1_139' title='bbox 1513 2222 1581 2276; x_wconf 86' lang='lat' dir='ltr'><strong>Et</strong></span> <span class='ocrx_word' id='word_1_140' title='bbox 1613 2222 1902 2292; x_wconf 92' lang='lat' dir='ltr'><strong>quomodo</strong></span> <span class='ocrx_word' id='word_1_141' title='bbox 1934 2220 2202 2275; x_wconf 84' lang='lat' dir='ltr'><strong>homines</strong></span> 
     </span>
    </p>
   </div>
   <div class='ocr_carea' id='block_1_23' title="bbox 551 2309 2203 2383">
    <p class='ocr_par' dir='ltr' id='par_1_23' title="bbox 551 2309 2203 2383">
     <span class='ocr_line' id='line_1_23' title="bbox 551 2309 2203 2383; baseline 0.001 -19"><span class='ocrx_word' id='word_1_142' title='bbox 551 2309 650 2380; x_wconf 91' lang='lat' dir='ltr'><strong>qui</strong></span> <span class='ocrx_word' id='word_1_143' title='bbox 683 2327 716 2364; x_wconf 94' lang='lat' dir='ltr'><strong>a</strong></span> <span class='ocrx_word' id='word_1_144' title='bbox 747 2309 1035 2383; x_wconf 90' lang='lat' dir='ltr'><strong>principio</strong></span> <span class='ocrx_word' id='word_1_145' title='bbox 1067 2311 1286 2368; x_wconf 89' lang='lat' dir='ltr'><strong>talibus</strong></span> <span class='ocrx_word' id='word_1_146' title='bbox 1317 2311 1617 2368; x_wconf 87' lang='lat' dir='ltr'><strong>laboribus</strong></span> <span class='ocrx_word' id='word_1_147' title='bbox 1649 2329 1762 2367; x_wconf 93' lang='lat' dir='ltr'><strong>non</strong></span> <span class='ocrx_word' id='word_1_148' title='bbox 1796 2311 2203 2376; x_wconf 83' lang='lat' dir='ltr'><strong>instituerunt,</strong></span> 
     </span>
    </p>
   </div>
   <div class='ocr_carea' id='block_1_24' title="bbox 546 2401 2204 2475">
    <p class='ocr_par' dir='ltr' id='par_1_24' title="bbox 546 2401 2204 2475">
     <span class='ocr_line' id='line_1_24' title="bbox 546 2401 2204 2475; baseline 0 -19"><span class='ocrx_word' id='word_1_149' title='bbox 546 2405 752 2472; x_wconf 89' lang='lat' dir='ltr'><strong>postea</strong></span> <span class='ocrx_word' id='word_1_150' title='bbox 783 2407 924 2457; x_wconf 87' lang='lat' dir='ltr'><strong>sunt</strong></span> <span class='ocrx_word' id='word_1_151' title='bbox 955 2403 1158 2474; x_wconf 88' lang='lat' dir='ltr'><strong>repleti</strong></span> <span class='ocrx_word' id='word_1_152' title='bbox 1191 2403 1481 2475; x_wconf 90' lang='lat' dir='ltr'><strong>sapientia</strong></span> <span class='ocrx_word' id='word_1_153' title='bbox 1513 2404 1686 2474; x_wconf 89' lang='lat' dir='ltr'><strong>digna</strong></span> <span class='ocrx_word' id='word_1_154' title='bbox 1716 2401 1995 2474; x_wconf 90' lang='lat' dir='ltr'><strong>apostolis</strong></span> <span class='ocrx_word' id='word_1_155' title='bbox 2016 2402 2204 2468; x_wconf 87' lang='lat' dir='ltr'><strong>Dei,et</strong></span> 
     </span>
    </p>
   </div>
   <div class='ocr_carea' id='block_1_25' title="bbox 547 2491 2201 2562">
    <p class='ocr_par' dir='ltr' id='par_1_25' title="bbox 547 2491 2201 2562">
     <span class='ocr_line' id='line_1_25' title="bbox 547 2491 2201 2562; baseline 0.001 -18"><span class='ocrx_word' id='word_1_156' title='bbox 547 2505 746 2546; x_wconf 85' lang='lat' dir='ltr'><strong>vocem</strong></span> <span class='ocrx_word' id='word_1_157' title='bbox 777 2491 1090 2547; x_wconf 88' lang='lat' dir='ltr'><strong>ediderunt</strong></span> <span class='ocrx_word' id='word_1_158' title='bbox 1110 2493 1328 2547; x_wconf 89' lang='lat' dir='ltr'><strong>tonitru</strong></span> <span class='ocrx_word' id='word_1_159' title='bbox 1355 2493 1904 2558; x_wconf 86' lang='lat' dir='ltr'><strong>similem,auditam</strong></span> <span class='ocrx_word' id='word_1_160' title='bbox 1922 2508 2106 2562; x_wconf 79' lang='lat' dir='ltr'><strong>usque</strong></span> <span class='ocrx_word' id='word_1_161' title='bbox 2131 2491 2201 2545; x_wconf 92' lang='lat' dir='ltr'><strong>ad</strong></span> 
     </span>
    </p>
   </div>
   <div class='ocr_carea' id='block_1_26' title="bbox 551 2580 2200 2652">
    <p class='ocr_par' dir='ltr' id='par_1_26' title="bbox 551 2580 2200 2652">
     <span class='ocr_line' id='line_1_26' title="bbox 551 2580 2200 2652; baseline 0.001 -19"><span class='ocrx_word' id='word_1_162' title='bbox 551 2584 878 2635; x_wconf 82' lang='lat' dir='ltr'><strong>extremum</strong></span> <span class='ocrx_word' id='word_1_163' title='bbox 893 2584 1062 2636; x_wconf 76' lang='lat' dir='ltr'><strong>terrae</strong></span> <span class='ocrx_word' id='word_1_164' title='bbox 1075 2581 1399 2652; x_wconf 66' lang='lat' dir='ltr'><strong>iNumquid</strong></span> <span class='ocrx_word' id='word_1_165' title='bbox 1415 2586 1676 2637; x_wconf 89' lang='lat' dir='ltr'><strong>errantes</strong></span> <span class='ocrx_word' id='word_1_166' title='bbox 1690 2582 1842 2636; x_wconf 89' lang='lat' dir='ltr'><strong>circa</strong></span> <span class='ocrx_word' id='word_1_167' title='bbox 1857 2580 2200 2652; x_wconf 89' lang='lat' dir='ltr'><strong>composita,</strong></span> 
     </span>
    </p>
   </div>
   <div class='ocr_carea' id='block_1_27' title="bbox 554 2666 2205 2739">
    <p class='ocr_par' dir='ltr' id='par_1_27' title="bbox 554 2666 2205 2739">
     <span class='ocr_line' id='line_1_27' title="bbox 554 2666 2205 2739; baseline 0.002 -18"><span class='ocrx_word' id='word_1_168' title='bbox 554 2666 736 2723; x_wconf 88' lang='lat' dir='ltr'><strong>libere</strong></span> <span class='ocrx_word' id='word_1_169' title='bbox 757 2669 1051 2725; x_wconf 89' lang='lat' dir='ltr'><strong>circumeu</strong></span> <span class='ocrx_word' id='word_1_170' title='bbox 1065 2668 2130 2739; x_wconf 86' lang='lat' dir='ltr'><strong>utes,foreusibusinsultantes,oculis</strong></span> <span class='ocrx_word' id='word_1_171' title='bbox 2147 2674 2205 2724; x_wconf 86' lang='lat' dir='ltr'><strong>et</strong></span> 
     </span>
    </p>
   </div>
   <div class='ocr_carea' id='block_1_28' title="bbox 558 2755 2206 2830">
    <p class='ocr_par' dir='ltr' id='par_1_28' title="bbox 558 2755 2206 2830">
     <span class='ocr_line' id='line_1_28' title="bbox 558 2755 2206 2830; baseline 0.002 -21"><span class='ocrx_word' id='word_1_172' title='bbox 558 2755 732 2812; x_wconf 87' lang='lat' dir='ltr'><strong>labiis</strong></span> <span class='ocrx_word' id='word_1_173' title='bbox 755 2763 1100 2826; x_wconf 88' lang='lat' dir='ltr'><strong>annuentes,</strong></span> <span class='ocrx_word' id='word_1_174' title='bbox 1122 2775 1388 2830; x_wconf 91' lang='lat' dir='ltr'><strong>quosque</strong></span> <span class='ocrx_word' id='word_1_175' title='bbox 1414 2775 1527 2813; x_wconf 89' lang='lat' dir='ltr'><strong>non</strong></span> <span class='ocrx_word' id='word_1_176' title='bbox 1549 2759 1872 2830; x_wconf 84' lang='lat' dir='ltr'><strong>Oportebat,</strong></span> <span class='ocrx_word' id='word_1_177' title='bbox 1895 2757 2206 2829; x_wconf 84' lang='lat' dir='ltr'><strong>inspicien-</strong></span> 
     </span>
    </p>
   </div>
   <div class='ocr_carea' id='block_1_29' title="bbox 556 2843 2204 2917">
    <p class='ocr_par' dir='ltr' id='par_1_29' title="bbox 556 2843 2204 2917">
     <span class='ocr_line' id='line_1_29' title="bbox 556 2843 2204 2917; baseline 0.002 -19"><span class='ocrx_word' id='word_1_178' title='bbox 556 2843 911 2900; x_wconf 85' lang='lat' dir='ltr'><strong>tes?Nonne</strong></span> <span class='ocrx_word' id='word_1_179' title='bbox 937 2847 1130 2917; x_wconf 91' lang='lat' dir='ltr'><strong>potius</strong></span> <span class='ocrx_word' id='word_1_180' title='bbox 1151 2846 1316 2902; x_wconf 90' lang='lat' dir='ltr'><strong>libris</strong></span> <span class='ocrx_word' id='word_1_181' title='bbox 1347 2846 1605 2916; x_wconf 78' lang='lat' dir='ltr'><strong>legendis</strong></span> <span class='ocrx_word' id='word_1_182' title='bbox 1635 2847 1844 2902; x_wconf 87' lang='lat' dir='ltr'><strong>intenti</strong></span> <span class='ocrx_word' id='word_1_183' title='bbox 1875 2847 2204 2902; x_wconf 89' lang='lat' dir='ltr'><strong>doctrinam</strong></span> 
     </span>
    </p>
   </div>
   <div class='ocr_carea' id='block_1_30' title="bbox 558 2932 2205 3005">
    <p class='ocr_par' dir='ltr' id='par_1_30' title="bbox 558 2932 2205 3005">
     <span class='ocr_line' id='line_1_30' title="bbox 558 2932 2205 3005; baseline 0.003 -19"><span class='ocrx_word' id='word_1_184' title='bbox 558 2932 802 2988; x_wconf 89' lang='lat' dir='ltr'><strong>auribus</strong></span> <span class='ocrx_word' id='word_1_185' title='bbox 815 2935 1210 3005; x_wconf 91' lang='lat' dir='ltr'><strong>concipientes</strong></span> <span class='ocrx_word' id='word_1_186' title='bbox 1224 2941 1378 2990; x_wconf 88' lang='lat' dir='ltr'><strong>artes</strong></span> <span class='ocrx_word' id='word_1_187' title='bbox 1393 2935 1698 2992; x_wconf 88' lang='lat' dir='ltr'><strong>manuales</strong></span> <span class='ocrx_word' id='word_1_188' title='bbox 1715 2937 2205 2992; x_wconf 65' lang='lat' dir='ltr'><strong>exercendo‘mwc</strong></span> 
     </span>
    </p>
   </div>
   <div class='ocr_carea' id='block_1_31' title="bbox 560 3009 2206 3097">
    <p class='ocr_par' dir='ltr' id='par_1_31' title="bbox 560 3009 2206 3097">
     <span class='ocr_line' id='line_1_31' title="bbox 560 3009 2206 3097; baseline 0.004 -22"><span class='ocrx_word' id='word_1_189' title='bbox 560 3021 909 3078; x_wconf 87' lang='lat' dir='ltr'><strong>amuiaodio</strong></span> <span class='ocrx_word' id='word_1_190' title='bbox 934 3022 1217 3079; x_wconf 88' lang='lat' dir='ltr'><strong>habentes</strong></span> <span class='ocrx_word' id='word_1_191' title='bbox 1241 3024 1812 3097; x_wconf 88' lang='lat' dir='ltr'><strong>pigrihomines,non</strong></span> <span class='ocrx_word' id='word_1_192' title='bbox 1827 3025 2016 3080; x_wconf 85' lang='lat' dir='ltr'><strong>solum</strong></span> <span class='ocrx_word' id='word_1_193' title='bbox 2037 3009 2206 3096; x_wconf 79' lang='lat' dir='ltr'><strong>quasi</strong></span> 
     </span>
    </p>
   </div>
   <div class='ocr_carea' id='block_1_32' title="bbox 2308 531 3879 608">
    <p class='ocr_par' dir='ltr' id='par_1_32' title="bbox 2308 531 3879 608">
     <span class='ocr_line' id='line_1_32' title="bbox 2308 531 3879 608; baseline 0.003 -23"><span class='ocrx_word' id='word_1_194' title='bbox 2308 554 2417 595; x_wconf 81' lang='grc' dir='ltr'>σεις</span> <span class='ocrx_word' id='word_1_195' title='bbox 2474 531 2718 601; x_wconf 75' lang='grc' dir='ltr'><strong>λύονται,</strong></span> <span class='ocrx_word' id='word_1_196' title='bbox 2780 532 3268 604; x_wconf 76' lang='grc' dir='ltr'>ἀποκαθιστάμεναι</span> <span class='ocrx_word' id='word_1_197' title='bbox 3336 532 3410 594; x_wconf 83' lang='grc' dir='ltr'><strong>είς</strong></span> <span class='ocrx_word' id='word_1_198' title='bbox 3481 533 3662 608; x_wconf 82' lang='grc' dir='ltr'>ὀρθόν;</span> <span class='ocrx_word' id='word_1_199' title='bbox 3725 537 3801 598; x_wconf 71' lang='grc' dir='ltr'>Εἷς</span> <span class='ocrx_word' id='word_1_200' title='bbox 3842 540 3879 593; x_wconf 74' lang='grc' dir='ltr'><strong>τί</strong></span> 
     </span>
    </p>
   </div>
   <div class='ocr_carea' id='block_1_33' title="bbox 2307 621 3878 696">
    <p class='ocr_par' dir='ltr' id='par_1_33' title="bbox 2307 621 3878 696">
     <span class='ocr_line' id='line_1_33' title="bbox 2307 621 3878 696; baseline 0.009 -23"><span class='ocrx_word' id='word_1_201' title='bbox 2307 640 2394 674; x_wconf 84' lang='grc' dir='ltr'><strong>σοι</strong></span> <span class='ocrx_word' id='word_1_202' title='bbox 2427 621 2826 696; x_wconf 76' lang='grc' dir='ltr'>χρησιμεύουσι</span> <span class='ocrx_word' id='word_1_203' title='bbox 2856 622 2979 676; x_wconf 84' lang='grc' dir='ltr'>τότε</span> <span class='ocrx_word' id='word_1_204' title='bbox 3023 621 3090 674; x_wconf 74' lang='grc' dir='ltr'><strong>τὰ</strong></span> <span class='ocrx_word' id='word_1_205' title='bbox 3138 621 3204 674; x_wconf 73' lang='grc' dir='ltr'>σὰ</span> <span class='ocrx_word' id='word_1_206' title='bbox 3257 622 3632 694; x_wconf 71' lang='grc' dir='ltr'>πραγματικά;</span> <span class='ocrx_word' id='word_1_207' title='bbox 3678 626 3749 685; x_wconf 77' lang='grc' dir='ltr'>οἷς</span> <span class='ocrx_word' id='word_1_208' title='bbox 3790 628 3878 680; x_wconf 65' lang='grc' dir='ltr'><strong>ὅσα(</strong></span> 
     </span>
    </p>
   </div>
   <div class='ocr_carea' id='block_1_34' title="bbox 2307 705 3878 787">
    <p class='ocr_par' dir='ltr' id='par_1_34' title="bbox 2307 705 3878 787">
     <span class='ocr_line' id='line_1_34' title="bbox 2307 705 3878 787; baseline 0.003 -25"><span class='ocrx_word' id='word_1_209' title='bbox 2307 709 2445 783; x_wconf 87' lang='grc' dir='ltr'>ὧραι</span> <span class='ocrx_word' id='word_1_210' title='bbox 2471 711 3002 785; x_wconf 82' lang='grc' dir='ltr'>προσταλαιπωρῶν,</span> <span class='ocrx_word' id='word_1_211' title='bbox 3034 710 3199 787; x_wconf 85' lang='grc' dir='ltr'>ἀφίης</span> <span class='ocrx_word' id='word_1_212' title='bbox 3248 712 3347 778; x_wconf 77' lang='grc' dir='ltr'><strong>την</strong></span> <span class='ocrx_word' id='word_1_213' title='bbox 3393 705 3668 784; x_wconf 73' lang='grc' dir='ltr'>βιϐλιακήν</span> <span class='ocrx_word' id='word_1_214' title='bbox 3707 709 3878 786; x_wconf 72' lang='grc' dir='ltr'>τριϐήν,</span> 
     </span>
    </p>
   </div>
   <div class='ocr_carea' id='block_1_35' title="bbox 2304 797 3881 875">
    <p class='ocr_par' dir='ltr' id='par_1_35' title="bbox 2304 797 3881 875">
     <span class='ocr_line' id='line_1_35' title="bbox 2304 797 3881 875; baseline 0.003 -24"><span class='ocrx_word' id='word_1_215' title='bbox 2304 799 2393 852; x_wconf 87' lang='grc' dir='ltr'>καὶ</span> <span class='ocrx_word' id='word_1_216' title='bbox 2441 801 2543 867; x_wconf 78' lang='grc' dir='ltr'><strong>τήν</strong></span> <span class='ocrx_word' id='word_1_217' title='bbox 2605 798 2942 875; x_wconf 71' lang='grc' dir='ltr'>ὑψηλοτέραν</span> <span class='ocrx_word' id='word_1_218' title='bbox 2987 797 3306 873; x_wconf 82' lang='grc' dir='ltr'>ἀνάγνωσιν,</span> <span class='ocrx_word' id='word_1_219' title='bbox 3366 798 3454 853; x_wconf 83' lang='grc' dir='ltr'>καὶ</span> <span class='ocrx_word' id='word_1_220' title='bbox 3511 799 3881 872; x_wconf 69' lang='grc' dir='ltr'>ὑπερανῳκισμέ-</span> 
     </span>
    </p>
   </div>
   <div class='ocr_carea' id='block_1_36' title="bbox 2305 882 3882 964">
    <p class='ocr_par' dir='ltr' id='par_1_36' title="bbox 2305 882 3882 964">
     <span class='ocr_line' id='line_1_36' title="bbox 2305 882 3882 964; baseline 0.003 -25"><span class='ocrx_word' id='word_1_221' title='bbox 2305 907 2427 958; x_wconf 81' lang='grc' dir='ltr'>νην,</span> <span class='ocrx_word' id='word_1_222' title='bbox 2477 887 2566 940; x_wconf 83' lang='grc' dir='ltr'>καὶ</span> <span class='ocrx_word' id='word_1_223' title='bbox 2597 891 2731 941; x_wconf 87' lang='grc' dir='ltr'>Θεοῦ</span> <span class='ocrx_word' id='word_1_224' title='bbox 2791 888 3125 959; x_wconf 74' lang='grc' dir='ltr'>ἀπτομὲνην·</span> <span class='ocrx_word' id='word_1_225' title='bbox 3185 885 3248 941; x_wconf 80' lang='grc' dir='ltr'>οὐ</span> <span class='ocrx_word' id='word_1_226' title='bbox 3311 882 3473 960; x_wconf 87' lang='grc' dir='ltr'>μόνον</span> <span class='ocrx_word' id='word_1_227' title='bbox 3529 885 3644 942; x_wconf 71' lang='grc' dir='ltr'>οὐδὲ</span> <span class='ocrx_word' id='word_1_228' title='bbox 3694 888 3882 964; x_wconf 80' lang='grc' dir='ltr'>ἀναλαμ·</span> 
     </span>
    </p>
   </div>
   <div class='ocr_carea' id='block_1_37' title="bbox 2307 968 3880 1052">
    <p class='ocr_par' dir='ltr' id='par_1_37' title="bbox 2307 968 3880 1052">
     <span class='ocr_line' id='line_1_37' title="bbox 2307 968 3880 1052; baseline 0.004 -24"><span class='ocrx_word' id='word_1_229' title='bbox 2307 969 2480 1029; x_wconf 77' lang='grc' dir='ltr'>ϐάνων</span> <span class='ocrx_word' id='word_1_230' title='bbox 2515 968 2690 1052; x_wconf 79' lang='grc' dir='ltr'>ἔφεσιν</span> <span class='ocrx_word' id='word_1_231' title='bbox 2749 980 2847 1030; x_wconf 90' lang='grc' dir='ltr'><strong>τοῦ</strong></span> <span class='ocrx_word' id='word_1_232' title='bbox 2903 974 3160 1030; x_wconf 89' lang='grc' dir='ltr'>τοιούτου</span> <span class='ocrx_word' id='word_1_233' title='bbox 3219 974 3414 1047; x_wconf 85' lang='grc' dir='ltr'>καλοῦ,</span> <span class='ocrx_word' id='word_1_234' title='bbox 3470 973 3608 1031; x_wconf 84' lang='grc' dir='ltr'><strong>ἀλλά</strong></span> <span class='ocrx_word' id='word_1_235' title='bbox 3643 978 3722 1030; x_wconf 82' lang='grc' dir='ltr'>καὶ</span> <span class='ocrx_word' id='word_1_236' title='bbox 3759 999 3880 1034; x_wconf 78' lang='grc' dir='ltr'>κατα·</span> 
     </span>
    </p>
   </div>
   <div class='ocr_carea' id='block_1_38' title="bbox 2306 1062 3881 1140">
    <p class='ocr_par' dir='ltr' id='par_1_38' title="bbox 2306 1062 3881 1140">
     <span class='ocr_line' id='line_1_38' title="bbox 2306 1062 3881 1140; baseline 0.003 -25"><span class='ocrx_word' id='word_1_237' title='bbox 2306 1062 2595 1137; x_wconf 74' lang='grc' dir='ltr'>γινόμενος</span> <span class='ocrx_word' id='word_1_238' title='bbox 2645 1069 2753 1118; x_wconf 82' lang='grc' dir='ltr'>τῶν</span> <span class='ocrx_word' id='word_1_239' title='bbox 2815 1064 3234 1140; x_wconf 75' lang='grc' dir='ltr'><strong>μετερχομένων</strong></span> <span class='ocrx_word' id='word_1_240' title='bbox 3288 1062 3454 1118; x_wconf 77' lang='grc' dir='ltr'>αὐτό·</span> <span class='ocrx_word' id='word_1_241' title='bbox 3514 1062 3700 1134; x_wconf 79' lang='grc' dir='ltr'>ἐκείνην</span> <span class='ocrx_word' id='word_1_242' title='bbox 3753 1066 3881 1138; x_wconf 82' lang='grc' dir='ltr'>μόνην</span> 
     </span>
    </p>
   </div>
   <div class='ocr_carea' id='block_1_39' title="bbox 2307 1146 3880 1228">
    <p class='ocr_par' dir='ltr' id='par_1_39' title="bbox 2307 1146 3880 1228">
     <span class='ocr_line' id='line_1_39' title="bbox 2307 1146 3880 1228; baseline 0.003 -24"><span class='ocrx_word' id='word_1_243' title='bbox 2307 1146 2756 1226; x_wconf 79' lang='grc' dir='ltr'>ἀκριϐωσάμενος</span> <span class='ocrx_word' id='word_1_244' title='bbox 2804 1150 2999 1226; x_wconf 79' lang='grc' dir='ltr'>τριάδα</span> <span class='ocrx_word' id='word_1_245' title='bbox 3053 1152 3190 1207; x_wconf 84' lang='grc' dir='ltr'><strong>κατά</strong></span> <span class='ocrx_word' id='word_1_246' title='bbox 3244 1152 3346 1220; x_wconf 79' lang='grc' dir='ltr'><strong>τήν</strong></span> <span class='ocrx_word' id='word_1_247' title='bbox 3405 1153 3500 1220; x_wconf 81' lang='grc' dir='ltr'>σὴν</span> <span class='ocrx_word' id='word_1_248' title='bbox 3547 1150 3771 1228; x_wconf 75' lang='grc' dir='ltr'>αύχησιν,</span> <span class='ocrx_word' id='word_1_249' title='bbox 3809 1156 3880 1222; x_wconf 71' lang='grc' dir='ltr'>τήν</span> 
     </span>
    </p>
   </div>
   <div class='ocr_carea' id='block_1_40' title="bbox 2311 1238 3881 1317">
    <p class='ocr_par' dir='ltr' id='par_1_40' title="bbox 2311 1238 3881 1317">
     <span class='ocr_line' id='line_1_40' title="bbox 2311 1238 3881 1317; baseline 0.003 -24"><span class='ocrx_word' id='word_1_250' title='bbox 2311 1238 2365 1293; x_wconf 79' lang='grc' dir='ltr'>ἐν</span> <span class='ocrx_word' id='word_1_251' title='bbox 2395 1243 2462 1312; x_wconf 84' lang='grc' dir='ltr'><strong>τῇ</strong></span> <span class='ocrx_word' id='word_1_252' title='bbox 2522 1240 2786 1312; x_wconf 64' lang='grc' dir='ltr'>ἐκκλησίᾳ</span> <span class='ocrx_word' id='word_1_253' title='bbox 2842 1239 3236 1317; x_wconf 68' lang='grc' dir='ltr'><strong>προσκύνησιν,</strong></span> <span class='ocrx_word' id='word_1_254' title='bbox 3296 1240 3386 1294; x_wconf 81' lang='grc' dir='ltr'>καὶ</span> <span class='ocrx_word' id='word_1_255' title='bbox 3437 1241 3498 1295; x_wconf 86' lang='grc' dir='ltr'>τὸ</span> <span class='ocrx_word' id='word_1_256' title='bbox 3550 1241 3748 1296; x_wconf 88' lang='grc' dir='ltr'>κελλίον</span> <span class='ocrx_word' id='word_1_257' title='bbox 3795 1264 3881 1311; x_wconf 84' lang='grc' dir='ltr'>σου,</span> 
     </span>
    </p>
   </div>
   <div class='ocr_carea' id='block_1_41' title="bbox 2307 1327 3884 1406">
    <p class='ocr_par' dir='ltr' id='par_1_41' title="bbox 2307 1327 3884 1406">
     <span class='ocr_line' id='line_1_41' title="bbox 2307 1327 3884 1406; baseline 0.003 -24"><span class='ocrx_word' id='word_1_258' title='bbox 2307 1329 2395 1382; x_wconf 86' lang='grc' dir='ltr'>καὶ</span> <span class='ocrx_word' id='word_1_259' title='bbox 2429 1329 2528 1397; x_wconf 73' lang='grc' dir='ltr'>τὴν</span> <span class='ocrx_word' id='word_1_260' title='bbox 2581 1330 2868 1404; x_wconf 63' lang='grc' dir='ltr'>τράπεζαν</span> <span class='ocrx_word' id='word_1_261' title='bbox 2919 1330 3010 1384; x_wconf 81' lang='grc' dir='ltr'><strong>καὶ</strong></span> <span class='ocrx_word' id='word_1_262' title='bbox 3062 1330 3164 1385; x_wconf 84' lang='grc' dir='ltr'>οὐκ</span> <span class='ocrx_word' id='word_1_263' title='bbox 3213 1327 3392 1397; x_wconf 79' lang='grc' dir='ltr'>εἰδὼς,</span> <span class='ocrx_word' id='word_1_264' title='bbox 3429 1330 3502 1402; x_wconf 82' lang='grc' dir='ltr'>μή</span> <span class='ocrx_word' id='word_1_265' title='bbox 3559 1329 3720 1406; x_wconf 87' lang='grc' dir='ltr'>ἀρκεῖν</span> <span class='ocrx_word' id='word_1_266' title='bbox 3761 1331 3884 1386; x_wconf 74' lang='grc' dir='ltr'>ταῦτα</span> 
     </span>
    </p>
   </div>
   <div class='ocr_carea' id='block_1_42' title="bbox 2306 1417 3886 1494">
    <p class='ocr_par' dir='ltr' id='par_1_42' title="bbox 2306 1417 3886 1494">
     <span class='ocr_line' id='line_1_42' title="bbox 2306 1417 3886 1494; baseline 0.003 -23"><span class='ocrx_word' id='word_1_267' title='bbox 2306 1422 2387 1488; x_wconf 80' lang='grc' dir='ltr'>τῷ</span> <span class='ocrx_word' id='word_1_268' title='bbox 2440 1418 2640 1492; x_wconf 89' lang='grc' dir='ltr'>κυρίως</span> <span class='ocrx_word' id='word_1_269' title='bbox 2725 1424 2957 1494; x_wconf 78' lang='grc' dir='ltr'>μοναχῷ</span> <span class='ocrx_word' id='word_1_270' title='bbox 3001 1417 3108 1480; x_wconf 64' lang='grc' dir='ltr'>ςεΐς</span> <span class='ocrx_word' id='word_1_271' title='bbox 3185 1417 3385 1493; x_wconf 86' lang='grc' dir='ltr'>ἀρετῆς</span> <span class='ocrx_word' id='word_1_272' title='bbox 3461 1417 3722 1486; x_wconf 68' lang='grc' dir='ltr'>ἐντέλειαν,</span> <span class='ocrx_word' id='word_1_273' title='bbox 3778 1418 3886 1475; x_wconf 74' lang='grc' dir='ltr'><strong>ἀλλά</strong></span> 
     </span>
    </p>
   </div>
   <div class='ocr_carea' id='block_1_43' title="bbox 2308 1504 3882 1581">
    <p class='ocr_par' dir='ltr' id='par_1_43' title="bbox 2308 1504 3882 1581">
     <span class='ocr_line' id='line_1_43' title="bbox 2308 1504 3882 1581; baseline 0.001 -21"><span class='ocrx_word' id='word_1_274' title='bbox 2308 1504 2661 1580; x_wconf 79' lang='grc' dir='ltr'>προσδεῖσθαι</span> <span class='ocrx_word' id='word_1_275' title='bbox 2705 1507 2870 1562; x_wconf 82' lang='grc' dir='ltr'>αὐτὸν</span> <span class='ocrx_word' id='word_1_276' title='bbox 2929 1505 3049 1562; x_wconf 90' lang='grc' dir='ltr'>λίαν</span> <span class='ocrx_word' id='word_1_277' title='bbox 3099 1508 3238 1561; x_wconf 84' lang='grc' dir='ltr'>πάνυ</span> <span class='ocrx_word' id='word_1_278' title='bbox 3287 1508 3376 1561; x_wconf 86' lang='grc' dir='ltr'>καὶ</span> <span class='ocrx_word' id='word_1_279' title='bbox 3428 1507 3682 1581; x_wconf 86' lang='grc' dir='ltr'>γνώσεως.</span> <span class='ocrx_word' id='word_1_280' title='bbox 3724 1506 3804 1562; x_wconf 78' lang='grc' dir='ltr'><strong>Καὶ</strong></span> <span class='ocrx_word' id='word_1_281' title='bbox 3835 1509 3882 1562; x_wconf 80' lang='grc' dir='ltr'><strong>ού</strong></span> 
     </span>
    </p>
   </div>
   <div class='ocr_carea' id='block_1_44' title="bbox 2310 1591 3884 1668">
    <p class='ocr_par' dir='ltr' id='par_1_44' title="bbox 2310 1591 3884 1668">
     <span class='ocr_line' id='line_1_44' title="bbox 2310 1591 3884 1668; baseline 0.001 -20"><span class='ocrx_word' id='word_1_282' title='bbox 2310 1591 2480 1668; x_wconf 73' lang='grc' dir='ltr'>λέγω,</span> <span class='ocrx_word' id='word_1_283' title='bbox 2518 1596 2689 1667; x_wconf 89' lang='grc' dir='ltr'>μόνης</span> <span class='ocrx_word' id='word_1_284' title='bbox 2713 1603 2814 1665; x_wconf 80' lang='grc' dir='ltr'><strong>τῆς</strong></span> <span class='ocrx_word' id='word_1_285' title='bbox 2846 1597 3152 1666; x_wconf 85' lang='grc' dir='ltr'>θειοτάτης,</span> <span class='ocrx_word' id='word_1_286' title='bbox 3187 1592 3339 1650; x_wconf 83' lang='grc' dir='ltr'><strong>ἀλλά</strong></span> <span class='ocrx_word' id='word_1_287' title='bbox 3366 1596 3452 1650; x_wconf 79' lang='grc' dir='ltr'><strong>καὶ</strong></span> <span class='ocrx_word' id='word_1_288' title='bbox 3509 1601 3604 1665; x_wconf 85' lang='grc' dir='ltr'>τῆς</span> <span class='ocrx_word' id='word_1_289' title='bbox 3642 1595 3732 1650; x_wconf 86' lang='grc' dir='ltr'>ἀπὸ</span> <span class='ocrx_word' id='word_1_290' title='bbox 3773 1595 3884 1650; x_wconf 72' lang='grc' dir='ltr'>ἱστο-</span> 
     </span>
    </p>
   </div>
   <div class='ocr_carea' id='block_1_45' title="bbox 2311 1680 3884 1760">
    <p class='ocr_par' dir='ltr' id='par_1_45' title="bbox 2311 1680 3884 1760">
     <span class='ocr_line' id='line_1_45' title="bbox 2311 1680 3884 1760; baseline 0.001 -24"><span class='ocrx_word' id='word_1_291' title='bbox 2311 1687 2462 1756; x_wconf 80' lang='grc' dir='ltr'>ριῶν,</span> <span class='ocrx_word' id='word_1_292' title='bbox 2495 1684 2568 1746; x_wconf 84' lang='grc' dir='ltr'><strong>ὡς</strong></span> <span class='ocrx_word' id='word_1_293' title='bbox 2601 1683 2813 1760; x_wconf 72' lang='grc' dir='ltr'>ἰρῥέθη,</span> <span class='ocrx_word' id='word_1_294' title='bbox 2844 1685 2934 1738; x_wconf 82' lang='grc' dir='ltr'><strong>καὶ</strong></span> <span class='ocrx_word' id='word_1_295' title='bbox 2979 1683 3216 1760; x_wconf 73' lang='grc' dir='ltr'>ἑτεροίας</span> <span class='ocrx_word' id='word_1_296' title='bbox 3261 1680 3322 1738; x_wconf 71' lang='grc' dir='ltr'><strong>δὲ</strong></span> <span class='ocrx_word' id='word_1_297' title='bbox 3363 1681 3689 1756; x_wconf 84' lang='grc' dir='ltr'>πολυειδοῦς,</span> <span class='ocrx_word' id='word_1_298' title='bbox 3740 1680 3797 1738; x_wconf 84' lang='grc' dir='ltr'>δι’</span> <span class='ocrx_word' id='word_1_299' title='bbox 3833 1685 3884 1752; x_wconf 73' lang='grc' dir='ltr'>ἧς</span> 
     </span>
    </p>
   </div>
   <div class='ocr_carea' id='block_1_46' title="bbox 2232 1768 3614 1878">
    <p class='ocr_par' dir='ltr' id='par_1_46' title="bbox 2232 1768 3614 1878">
     <span class='ocr_line' id='line_1_46' title="bbox 2232 1768 3614 1878; baseline 0.003 -53"><span class='ocrx_word' id='word_1_300' title='bbox 2232 1812 2281 1878; x_wconf 79' lang='grc' dir='ltr'>Β</span> <span class='ocrx_word' id='word_1_301' title='bbox 2311 1768 2432 1847; x_wconf 61' lang='grc' dir='ltr'>ἔχοι</span> <span class='ocrx_word' id='word_1_302' title='bbox 2484 1769 2544 1827; x_wconf 77' lang='grc' dir='ltr'>ἂν</span> <span class='ocrx_word' id='word_1_303' title='bbox 2592 1773 2837 1848; x_wconf 84' lang='grc' dir='ltr'>χρηστὸς</span> <span class='ocrx_word' id='word_1_304' title='bbox 2867 1773 3001 1827; x_wconf 78' lang='grc' dir='ltr'>εἶναι</span> <span class='ocrx_word' id='word_1_305' title='bbox 3031 1777 3149 1836; x_wconf 83' lang='grc' dir='ltr'>τοῖς</span> <span class='ocrx_word' id='word_1_306' title='bbox 3174 1771 3614 1878; x_wconf 51' lang='grc' dir='ltr'>ἐντυγχάνουσιν.</span> 
     </span>
    </p>
   </div>
   <div class='ocr_carea' id='block_1_47' title="bbox 2384 1859 3884 1938">
    <p class='ocr_par' dir='ltr' id='par_1_47' title="bbox 2384 1859 3884 1938">
     <span class='ocr_line' id='line_1_47' title="bbox 2384 1859 3884 1938; baseline -0.003 -20"><span class='ocrx_word' id='word_1_307' title='bbox 2384 1862 2525 1937; x_wconf 84' lang='grc' dir='ltr'>ρμζ’.</span> <span class='ocrx_word' id='word_1_308' title='bbox 2575 1867 2643 1916; x_wconf 83' lang='lat' dir='ltr'><strong>&quot;H</strong></span> <span class='ocrx_word' id='word_1_309' title='bbox 2698 1862 2860 1925; x_wconf 85' lang='grc' dir='ltr'>πόθεν</span> <span class='ocrx_word' id='word_1_310' title='bbox 2915 1862 2972 1914; x_wconf 75' lang='grc' dir='ltr'>οἱ</span> <span class='ocrx_word' id='word_1_311' title='bbox 3030 1859 3268 1938; x_wconf 81' lang='grc' dir='ltr'>μεγάλοῐ</span> <span class='ocrx_word' id='word_1_312' title='bbox 3325 1859 3518 1915; x_wconf 72' lang='grc' dir='ltr'>ἐκεῖνοι</span> <span class='ocrx_word' id='word_1_313' title='bbox 3572 1861 3700 1934; x_wconf 77' lang='grc' dir='ltr'>ἅγιοι</span> <span class='ocrx_word' id='word_1_314' title='bbox 3749 1859 3884 1938; x_wconf 55' lang='lat' dir='ltr'><strong>hopi-</strong></span> 
     </span>
    </p>
   </div>
   <div class='ocr_carea' id='block_1_48' title="bbox 2313 1947 3884 2026">
    <p class='ocr_par' dir='ltr' id='par_1_48' title="bbox 2313 1947 3884 2026">
     <span class='ocr_line' id='line_1_48' title="bbox 2313 1947 3884 2026; baseline -0.001 -24"><span class='ocrx_word' id='word_1_315' title='bbox 2313 1960 2554 2019; x_wconf 82' lang='grc' dir='ltr'>σθησαν;</span> <span class='ocrx_word' id='word_1_316' title='bbox 2613 1949 2756 2023; x_wconf 81' lang='grc' dir='ltr'><strong>Ἀρά</strong></span> <span class='ocrx_word' id='word_1_317' title='bbox 2810 1970 2873 2025; x_wconf 87' lang='grc' dir='ltr'><strong>γε</strong></span> <span class='ocrx_word' id='word_1_318' title='bbox 2927 1949 3393 2026; x_wconf 78' lang='grc' dir='ltr'>ἀναστρεφόμενοι</span> <span class='ocrx_word' id='word_1_319' title='bbox 3469 1947 3518 2003; x_wconf 65' lang='grc' dir='ltr'>ἂν</span> <span class='ocrx_word' id='word_1_320' title='bbox 3583 1947 3767 2021; x_wconf 80' lang='grc' dir='ltr'>κώμαις</span> <span class='ocrx_word' id='word_1_321' title='bbox 3821 1949 3884 2002; x_wconf 77' lang='grc' dir='ltr'><strong>καὶ</strong></span> 
     </span>
    </p>
   </div>
   <div class='ocr_carea' id='block_1_49' title="bbox 2310 2037 3886 2114">
    <p class='ocr_par' dir='ltr' id='par_1_49' title="bbox 2310 2037 3886 2114">
     <span class='ocr_line' id='line_1_49' title="bbox 2310 2037 3886 2114; baseline -0.001 -23"><span class='ocrx_word' id='word_1_322' title='bbox 2310 2037 2525 2107; x_wconf 79' lang='grc' dir='ltr'>πόλεσι,</span> <span class='ocrx_word' id='word_1_323' title='bbox 2585 2038 2674 2092; x_wconf 70' lang='grc' dir='ltr'>καὶ</span> <span class='ocrx_word' id='word_1_324' title='bbox 2730 2037 3155 2113; x_wconf 77' lang='grc' dir='ltr'>ἀναμετροῦντες</span> <span class='ocrx_word' id='word_1_325' title='bbox 3209 2038 3550 2114; x_wconf 77' lang='grc' dir='ltr'>ῥυμοτομίας</span> <span class='ocrx_word' id='word_1_326' title='bbox 3607 2037 3686 2091; x_wconf 82' lang='grc' dir='ltr'><strong>καὶ</strong></span> <span class='ocrx_word' id='word_1_327' title='bbox 3743 2057 3886 2091; x_wconf 74' lang='grc' dir='ltr'>στενωσ</span> 
     </span>
    </p>
   </div>
   <div class='ocr_carea' id='block_1_50' title="bbox 2310 2119 3882 2202">
    <p class='ocr_par' dir='ltr' id='par_1_50' title="bbox 2310 2119 3882 2202">
     <span class='ocr_line' id='line_1_50' title="bbox 2310 2119 3882 2202; baseline -0.001 -22"><span class='ocrx_word' id='word_1_328' title='bbox 2310 2126 2470 2200; x_wconf 77' lang='grc' dir='ltr'>ποὺς,</span> <span class='ocrx_word' id='word_1_329' title='bbox 2541 2129 2628 2182; x_wconf 80' lang='grc' dir='ltr'>καὶ</span> <span class='ocrx_word' id='word_1_330' title='bbox 2700 2127 2931 2202; x_wconf 87' lang='grc' dir='ltr'>τόρμαις</span> <span class='ocrx_word' id='word_1_331' title='bbox 3012 2126 3102 2182; x_wconf 87' lang='grc' dir='ltr'>καὶ</span> <span class='ocrx_word' id='word_1_332' title='bbox 3177 2125 3435 2202; x_wconf 78' lang='grc' dir='ltr'>ῥεγιῶσιν</span> <span class='ocrx_word' id='word_1_333' title='bbox 3503 2119 3882 2202; x_wconf 46' lang='grc' dir='ltr'>ἐνδιατρίϐοντες</span> 
     </span>
    </p>
   </div>
   <div class='ocr_carea' id='block_1_51' title="bbox 2311 2215 3886 2291">
    <p class='ocr_par' dir='ltr' id='par_1_51' title="bbox 2311 2215 3886 2291">
     <span class='ocr_line' id='line_1_51' title="bbox 2311 2215 3886 2291; baseline -0.003 -21"><span class='ocrx_word' id='word_1_334' title='bbox 2311 2217 2380 2270; x_wconf 81' lang='lat' dir='ltr'><strong>&quot;H</strong></span> <span class='ocrx_word' id='word_1_335' title='bbox 2440 2215 2888 2291; x_wconf 81' lang='grc' dir='ltr'>ἐγγωνιάζοντες,</span> <span class='ocrx_word' id='word_1_336' title='bbox 2937 2217 3027 2271; x_wconf 88' lang='grc' dir='ltr'>καὶ</span> <span class='ocrx_word' id='word_1_337' title='bbox 3085 2217 3372 2280; x_wconf 84' lang='grc' dir='ltr'>παντοίαις</span> <span class='ocrx_word' id='word_1_338' title='bbox 3414 2215 3759 2290; x_wconf 86' lang='grc' dir='ltr'>συγγινόμενοι</span> <span class='ocrx_word' id='word_1_339' title='bbox 3793 2216 3886 2267; x_wconf 75' lang='grc' dir='ltr'>ἀνι-</span> 
     </span>
    </p>
   </div>
   <div class='ocr_carea' id='block_1_52' title="bbox 2309 2297 3884 2381">
    <p class='ocr_par' dir='ltr' id='par_1_52' title="bbox 2309 2297 3884 2381">
     <span class='ocr_line' id='line_1_52' title="bbox 2309 2297 3884 2381; baseline -0.001 -23"><span class='ocrx_word' id='word_1_340' title='bbox 2309 2305 2580 2381; x_wconf 87' lang='grc' dir='ltr'>γνώσεσι;</span> <span class='ocrx_word' id='word_1_341' title='bbox 2639 2309 2761 2366; x_wconf 80' lang='grc' dir='ltr'>Πῶς</span> <span class='ocrx_word' id='word_1_342' title='bbox 2823 2301 2882 2359; x_wconf 76' lang='grc' dir='ltr'><strong>δὲ</strong></span> <span class='ocrx_word' id='word_1_343' title='bbox 2939 2305 2991 2358; x_wconf 74' lang='grc' dir='ltr'>οἱ</span> <span class='ocrx_word' id='word_1_344' title='bbox 3035 2305 3109 2378; x_wconf 82' lang='grc' dir='ltr'>μή</span> <span class='ocrx_word' id='word_1_345' title='bbox 3143 2306 3244 2373; x_wconf 77' lang='grc' dir='ltr'><strong>τὴν</strong></span> <span class='ocrx_word' id='word_1_346' title='bbox 3281 2303 3461 2380; x_wconf 71' lang='grc' dir='ltr'>ἀρχὴν</span> <span class='ocrx_word' id='word_1_347' title='bbox 3487 2302 3730 2364; x_wconf 72' lang='grc' dir='ltr'>τοιούτοις</span> <span class='ocrx_word' id='word_1_348' title='bbox 3753 2297 3884 2356; x_wconf 60' lang='lat' dir='ltr'><strong>tm?»-</strong></span> 
     </span>
    </p>
   </div>
   <div class='ocr_carea' id='block_1_53' title="bbox 2313 2389 3884 2471">
    <p class='ocr_par' dir='ltr' id='par_1_53' title="bbox 2313 2389 3884 2471">
     <span class='ocr_line' id='line_1_53' title="bbox 2313 2389 3884 2471; baseline -0.003 -24"><span class='ocrx_word' id='word_1_349' title='bbox 2313 2389 2581 2464; x_wconf 76' lang='grc' dir='ltr'>ϐληκότες</span> <span class='ocrx_word' id='word_1_350' title='bbox 2607 2393 2754 2455; x_wconf 78' lang='grc' dir='ltr'>ὅλως</span> <span class='ocrx_word' id='word_1_351' title='bbox 2802 2395 3082 2466; x_wconf 75' lang='grc' dir='ltr'>πονήμασι</span> <span class='ocrx_word' id='word_1_352' title='bbox 3133 2393 3327 2471; x_wconf 80' lang='grc' dir='ltr'>σοφίας</span> <span class='ocrx_word' id='word_1_353' title='bbox 3380 2393 3589 2468; x_wconf 78' lang='grc' dir='ltr'>ὕστερον</span> <span class='ocrx_word' id='word_1_354' title='bbox 3631 2390 3884 2460; x_wconf 75' lang='grc' dir='ltr'>ἐνεπλήσθη·</span> 
     </span>
    </p>
   </div>
   <div class='ocr_carea' id='block_1_54' title="bbox 2312 2479 3884 2555">
    <p class='ocr_par' dir='ltr' id='par_1_54' title="bbox 2312 2479 3884 2555">
     <span class='ocr_line' id='line_1_54' title="bbox 2312 2479 3884 2555; baseline -0.003 -18"><span class='ocrx_word' id='word_1_355' title='bbox 2312 2503 2406 2537; x_wconf 89' lang='grc' dir='ltr'><strong>σαν</strong></span> <span class='ocrx_word' id='word_1_356' title='bbox 2434 2525 2447 2550; x_wconf 90' lang='grc'><strong>,</strong></span> <span class='ocrx_word' id='word_1_357' title='bbox 2514 2482 2831 2554; x_wconf 77' lang='grc' dir='ltr'>πρεπούσης</span> <span class='ocrx_word' id='word_1_358' title='bbox 2907 2479 3238 2544; x_wconf 81' lang='grc' dir='ltr'>ἀποστόλοις</span> <span class='ocrx_word' id='word_1_359' title='bbox 3304 2487 3437 2537; x_wconf 88' lang='grc' dir='ltr'>Θεοῦ</span> <span class='ocrx_word' id='word_1_360' title='bbox 3511 2482 3592 2536; x_wconf 84' lang='grc' dir='ltr'><strong>καὶ</strong></span> <span class='ocrx_word' id='word_1_361' title='bbox 3643 2479 3884 2555; x_wconf 74' lang='grc' dir='ltr'>ἑφθέγξαντο</span> 
     </span>
    </p>
   </div>
   <div class='ocr_carea' id='block_1_55' title="bbox 2317 2568 3884 2649">
    <p class='ocr_par' dir='ltr' id='par_1_55' title="bbox 2317 2568 3884 2649">
     <span class='ocr_line' id='line_1_55' title="bbox 2317 2568 3884 2649; baseline -0.003 -24"><span class='ocrx_word' id='word_1_362' title='bbox 2317 2571 2692 2649; x_wconf 85' lang='grc' dir='ltr'>βροντόφωνα,</span> <span class='ocrx_word' id='word_1_363' title='bbox 2752 2570 3110 2644; x_wconf 72' lang='grc' dir='ltr'>ἔξακουόμενα</span> <span class='ocrx_word' id='word_1_364' title='bbox 3171 2570 3282 2633; x_wconf 83' lang='grc' dir='ltr'>ἓως</span> <span class='ocrx_word' id='word_1_365' title='bbox 3339 2572 3578 2645; x_wconf 81' lang='grc' dir='ltr'>περάτων</span> <span class='ocrx_word' id='word_1_366' title='bbox 3623 2577 3743 2645; x_wconf 82' lang='grc' dir='ltr'>γῆς;</span> <span class='ocrx_word' id='word_1_367' title='bbox 3785 2568 3884 2639; x_wconf 75' lang='grc' dir='ltr'>’Δρά</span> 
     </span>
    </p>
   </div>
   <div class='ocr_carea' id='block_1_56' title="bbox 2310 2651 3884 2736">
    <p class='ocr_par' dir='ltr' id='par_1_56' title="bbox 2310 2651 3884 2736">
     <span class='ocr_line' id='line_1_56' title="bbox 2310 2651 3884 2736; baseline -0.003 -22"><span class='ocrx_word' id='word_1_368' title='bbox 2310 2681 2371 2736; x_wconf 91' lang='grc' dir='ltr'><strong>γε</strong></span> <span class='ocrx_word' id='word_1_369' title='bbox 2424 2657 2771 2733; x_wconf 86' lang='grc' dir='ltr'>πλανώμενοι</span> <span class='ocrx_word' id='word_1_370' title='bbox 2829 2659 2952 2730; x_wconf 88' lang='grc' dir='ltr'>περὶ</span> <span class='ocrx_word' id='word_1_371' title='bbox 3011 2655 3298 2734; x_wconf 86' lang='grc' dir='ltr'>ἀμφόδους</span> <span class='ocrx_word' id='word_1_372' title='bbox 3351 2659 3563 2727; x_wconf 65' lang='grc' dir='ltr'>ἐκεῖνοι,</span> <span class='ocrx_word' id='word_1_373' title='bbox 3616 2657 3694 2712; x_wconf 84' lang='grc' dir='ltr'><strong>καὶ</strong></span> <span class='ocrx_word' id='word_1_374' title='bbox 3737 2651 3884 2732; x_wconf 73' lang='grc' dir='ltr'>ῥεμϐό-</span> 
     </span>
    </p>
   </div>
   <div class='ocr_carea' id='block_1_57' title="bbox 2318 2745 3883 2824">
    <p class='ocr_par' dir='ltr' id='par_1_57' title="bbox 2318 2745 3883 2824">
     <span class='ocr_line' id='line_1_57' title="bbox 2318 2745 3883 2824; baseline -0.004 -21"><span class='ocrx_word' id='word_1_375' title='bbox 2318 2769 2465 2822; x_wconf 89' lang='grc' dir='ltr'>μενοι</span> <span class='ocrx_word' id='word_1_376' title='bbox 2526 2746 2706 2817; x_wconf 78' lang='grc' dir='ltr'>ἄνετα,</span> <span class='ocrx_word' id='word_1_377' title='bbox 2763 2750 2851 2803; x_wconf 71' lang='grc' dir='ltr'>καὶ</span> <span class='ocrx_word' id='word_1_378' title='bbox 2912 2745 3433 2824; x_wconf 82' lang='grc' dir='ltr'>διαλοιδορούμενοι</span> <span class='ocrx_word' id='word_1_379' title='bbox 3502 2752 3610 2809; x_wconf 85' lang='grc' dir='ltr'><strong>τνῖς</strong></span> <span class='ocrx_word' id='word_1_380' title='bbox 3657 2745 3883 2821; x_wconf 70' lang='grc' dir='ltr'>ἀγοραίοις,</span> 
     </span>
    </p>
   </div>
   <div class='ocr_carea' id='block_1_58' title="bbox 2313 2833 3884 2915">
    <p class='ocr_par' dir='ltr' id='par_1_58' title="bbox 2313 2833 3884 2915">
     <span class='ocr_line' id='line_1_58' title="bbox 2313 2833 3884 2915; baseline -0.005 -23"><span class='ocrx_word' id='word_1_381' title='bbox 2313 2838 2401 2892; x_wconf 83' lang='grc' dir='ltr'><strong>καὶ</strong></span> <span class='ocrx_word' id='word_1_382' title='bbox 2462 2835 2769 2915; x_wconf 71' lang='grc' dir='ltr'>ὀφθαλμοῖς</span> <span class='ocrx_word' id='word_1_383' title='bbox 2822 2836 3119 2899; x_wconf 68' lang='grc' dir='ltr'>ἕννεύοντες</span> <span class='ocrx_word' id='word_1_384' title='bbox 3156 2883 3170 2907; x_wconf 92' lang='grc'><strong>,</strong></span> <span class='ocrx_word' id='word_1_385' title='bbox 3224 2839 3320 2892; x_wconf 81' lang='grc' dir='ltr'><strong>καὶ</strong></span> <span class='ocrx_word' id='word_1_386' title='bbox 3381 2834 3683 2910; x_wconf 75' lang='grc' dir='ltr'>μύλλοντες,</span> <span class='ocrx_word' id='word_1_387' title='bbox 3722 2833 3884 2892; x_wconf 74' lang='grc' dir='ltr'>καὶτὰς</span> 
     </span>
    </p>
   </div>
   <div class='ocr_carea' id='block_1_59' title="bbox 2314 2921 3883 3002">
    <p class='ocr_par' dir='ltr' id='par_1_59' title="bbox 2314 2921 3883 3002">
     <span class='ocr_line' id='line_1_59' title="bbox 2314 2921 3883 3002; baseline -0.004 -21"><span class='ocrx_word' id='word_1_388' title='bbox 2314 2924 2464 3000; x_wconf 77' lang='grc' dir='ltr'>ὄψεις</span> <span class='ocrx_word' id='word_1_389' title='bbox 2527 2923 2791 2994; x_wconf 84' lang='grc' dir='ltr'>διδόντες,</span> <span class='ocrx_word' id='word_1_390' title='bbox 2846 2927 2933 2988; x_wconf 81' lang='grc' dir='ltr'><strong>οἷς</strong></span> <span class='ocrx_word' id='word_1_391' title='bbox 2990 2925 3052 2980; x_wconf 79' lang='grc' dir='ltr'>οὐ</span> <span class='ocrx_word' id='word_1_392' title='bbox 3111 2928 3221 3001; x_wconf 79' lang='grc' dir='ltr'><strong>χρή</strong></span> <span class='ocrx_word' id='word_1_393' title='bbox 3251 2953 3268 2994; x_wconf 85' lang='lat'><strong>;</strong></span> <span class='ocrx_word' id='word_1_394' title='bbox 3301 2927 3335 2995; x_wconf 75' lang='grc' dir='ltr'>ἢ</span> <span class='ocrx_word' id='word_1_395' title='bbox 3375 2921 3607 3002; x_wconf 77' lang='grc' dir='ltr'>βιϐλίοις</span> <span class='ocrx_word' id='word_1_396' title='bbox 3635 2923 3771 2986; x_wconf 68' lang='grc' dir='ltr'>αὐτὰς</span> <span class='ocrx_word' id='word_1_397' title='bbox 3793 2922 3883 2976; x_wconf 64' lang='grc' dir='ltr'>ἐπα-</span> 
     </span>
    </p>
   </div>
   <div class='ocr_carea' id='block_1_60' title="bbox 2314 3012 3882 3093">
    <p class='ocr_par' dir='ltr' id='par_1_60' title="bbox 2314 3012 3882 3093">
     <span class='ocr_line' id='line_1_60' title="bbox 2314 3012 3882 3093; baseline -0.005 -22"><span class='ocrx_word' id='word_1_398' title='bbox 2314 3017 2561 3093; x_wconf 81' lang='grc' dir='ltr'>φιὲντες,</span> <span class='ocrx_word' id='word_1_399' title='bbox 2613 3016 2648 3084; x_wconf 73' lang='grc' dir='ltr'>ἢ</span> <span class='ocrx_word' id='word_1_400' title='bbox 2697 3020 2827 3090; x_wconf 84' lang='grc' dir='ltr'>γοῦν</span> <span class='ocrx_word' id='word_1_401' title='bbox 2873 3014 3020 3070; x_wconf 75' lang='grc' dir='ltr'>ἀλλὰ</span> <span class='ocrx_word' id='word_1_402' title='bbox 3070 3013 3165 3068; x_wconf 78' lang='grc' dir='ltr'>σὺν</span> <span class='ocrx_word' id='word_1_403' title='bbox 3219 3019 3292 3088; x_wconf 80' lang='grc' dir='ltr'><strong>τῇ</strong></span> <span class='ocrx_word' id='word_1_404' title='bbox 3353 3014 3405 3085; x_wconf 74' lang='grc' dir='ltr'><strong>ἐξ</strong></span> <span class='ocrx_word' id='word_1_405' title='bbox 3465 3012 3742 3088; x_wconf 82' lang='grc' dir='ltr'>ἀκροάσεως</span> <span class='ocrx_word' id='word_1_406' title='bbox 3785 3012 3882 3087; x_wconf 63' lang='grc' dir='ltr'>ὡφε-</span> 
     </span>
    </p>
   </div>
   <div class='ocr_carea' id='block_1_61' title="bbox 564 3099 2203 3182">
    <p class='ocr_par' dir='ltr' id='par_1_61' title="bbox 564 3110 2203 3182">
     <span class='ocr_line' id='line_1_61' title="bbox 564 3110 2203 3182; baseline 0.003 -18"><span class='ocrx_word' id='word_1_407' title='bbox 564 3125 743 3181; x_wconf 88' lang='lat' dir='ltr'><strong>super</strong></span> <span class='ocrx_word' id='word_1_408' title='bbox 767 3110 969 3182; x_wconf 85' lang='lat' dir='ltr'><strong>spinas</strong></span> <span class='ocrx_word' id='word_1_409' title='bbox 999 3111 1058 3167; x_wconf 90' lang='lat' dir='ltr'><strong>in</strong></span> <span class='ocrx_word' id='word_1_410' title='bbox 1091 3112 1183 3168; x_wconf 90' lang='lat' dir='ltr'><strong>via</strong></span> <span class='ocrx_word' id='word_1_411' title='bbox 1211 3113 1338 3168; x_wconf 75' lang='lat' dir='ltr'><strong>vitae</strong></span> <span class='ocrx_word' id='word_1_412' title='bbox 1361 3114 1687 3180; x_wconf 89' lang='lat' dir='ltr'><strong>ambulant,</strong></span> <span class='ocrx_word' id='word_1_413' title='bbox 1720 3116 2044 3170; x_wconf 89' lang='lat' dir='ltr'><strong>secundum</strong></span> <span class='ocrx_word' id='word_1_414' title='bbox 2069 3131 2203 3170; x_wconf 90' lang='lat' dir='ltr'><strong>cum</strong></span> 
     </span>
    </p>
   </div>
   <div class='ocr_carea' id='block_1_62' title="bbox 2312 3099 3881 3182">
    <p class='ocr_par' dir='ltr' id='par_1_62' title="bbox 2315 3099 3881 3180">
     <span class='ocr_line' id='line_1_62' title="bbox 2315 3099 3881 3180; baseline -0.004 -22"><span class='ocrx_word' id='word_1_415' title='bbox 2315 3101 2434 3176; x_wconf 77' lang='grc' dir='ltr'>λείᾳ</span> <span class='ocrx_word' id='word_1_416' title='bbox 2471 3103 2899 3177; x_wconf 84' lang='grc' dir='ltr'>προστετηκότες</span> <span class='ocrx_word' id='word_1_417' title='bbox 2947 3103 3037 3158; x_wconf 87' lang='grc' dir='ltr'>καὶ</span> <span class='ocrx_word' id='word_1_418' title='bbox 3086 3102 3475 3180; x_wconf 72' lang='grc' dir='ltr'>ἐργοχείροιςς</span> <span class='ocrx_word' id='word_1_419' title='bbox 3508 3104 3572 3160; x_wconf 79' lang='grc' dir='ltr'><strong>Ἀ</strong></span> <span class='ocrx_word' id='word_1_420' title='bbox 3616 3099 3675 3170; x_wconf 82' lang='grc' dir='ltr'><strong>δὴ</strong></span> <span class='ocrx_word' id='word_1_421' title='bbox 3724 3102 3881 3173; x_wconf 75' lang='grc' dir='ltr'>μισοῦν·</span> 
     </span>
    </p>
   </div>
   <div class='ocr_carea' id='block_1_63' title="bbox 555 3177 2203 3274">
    <p class='ocr_par' dir='ltr' id='par_1_63' title="bbox 555 3177 2202 3274">
     <span class='ocr_line' id='line_1_63' title="bbox 555 3177 2202 3274; baseline 0.002 -20"><span class='ocrx_word' id='word_1_422' title='bbox 555 3177 659 3270; x_wconf 82' lang='lat' dir='ltr'><strong>qui</strong></span> <span class='ocrx_word' id='word_1_423' title='bbox 681 3177 857 3254; x_wconf 77' lang='lat' dir='ltr'><strong>dixit:</strong></span> <span class='ocrx_word' id='word_1_424' title='bbox 887 3219 908 3248; x_wconf 81' lang='grc' dir='ltr'>ι</span> <span class='ocrx_word' id='word_1_425' title='bbox 930 3201 1044 3256; x_wconf 87' lang='lat' dir='ltr'><strong>Iter</strong></span> <span class='ocrx_word' id='word_1_426' title='bbox 1064 3201 1360 3272; x_wconf 85' lang='lat' dir='ltr'><strong>pigrorum</strong></span> <span class='ocrx_word' id='word_1_427' title='bbox 1383 3204 1550 3273; x_wconf 85' lang='lat' dir='ltr'><strong>quasi</strong></span> <span class='ocrx_word' id='word_1_428' title='bbox 1574 3177 1742 3274; x_wconf 18' lang='lat' dir='ltr'><strong>sep&#39;es</strong></span> <span class='ocrx_word' id='word_1_429' title='bbox 1761 3203 2112 3274; x_wconf 61' lang='lat' dir='ltr'><strong>spinarum”0</strong></span> <span class='ocrx_word' id='word_1_430' title='bbox 2135 3228 2149 3270; x_wconf 83' lang='lat'><strong>;</strong></span> <span class='ocrx_word' id='word_1_431' title='bbox 2174 3226 2202 3254; x_wconf 88' lang='lat'><strong>»</strong></span> 
     </span>
    </p>
   </div>
   <div class='ocr_carea' id='block_1_64' title="bbox 2312 3177 3884 3274">
    <p class='ocr_par' dir='ltr' id='par_1_64' title="bbox 2314 3177 3884 3268">
     <span class='ocr_line' id='line_1_64' title="bbox 2314 3177 3884 3268; baseline -0.005 -21"><span class='ocrx_word' id='word_1_432' title='bbox 2314 3214 2400 3256; x_wconf 89' lang='grc' dir='ltr'><strong>τες</strong></span> <span class='ocrx_word' id='word_1_433' title='bbox 2434 3193 2486 3247; x_wconf 78' lang='grc' dir='ltr'>οἷ</span> <span class='ocrx_word' id='word_1_434' title='bbox 2517 3192 2698 3268; x_wconf 83' lang='grc' dir='ltr'>ἀεργοὶ</span> <span class='ocrx_word' id='word_1_435' title='bbox 2732 3191 2973 3267; x_wconf 87' lang='grc' dir='ltr'>λογικοὶ,</span> <span class='ocrx_word' id='word_1_436' title='bbox 3033 3191 3094 3246; x_wconf 83' lang='grc' dir='ltr'><strong>ού</strong></span> <span class='ocrx_word' id='word_1_437' title='bbox 3116 3177 3123 3179; x_wconf 17' lang='grc' dir='ltr'><strong><em>ὴ</em></strong></span> <span class='ocrx_word' id='word_1_438' title='bbox 3147 3177 3332 3264; x_wconf 24' lang='grc' dir='ltr'>μόνον.</span> <span class='ocrx_word' id='word_1_439' title='bbox 3376 3193 3449 3254; x_wconf 87' lang='grc' dir='ltr'>ὡς</span> <span class='ocrx_word' id='word_1_440' title='bbox 3505 3190 3586 3246; x_wconf 68' lang='grc' dir='ltr'><strong>ἐπὶ</strong></span> <span class='ocrx_word' id='word_1_441' title='bbox 3619 3189 3816 3252; x_wconf 77' lang='grc' dir='ltr'>ἀκανθῶν</span> <span class='ocrx_word' id='word_1_442' title='bbox 3850 3185 3884 3238; x_wconf 75' lang='lat' dir='ltr'><strong>tv</strong></span> 
     </span>
    </p>
   </div>
   <div class='ocr_carea' id='block_1_65' title="bbox 554 3287 2202 3364">
    <p class='ocr_par' dir='ltr' id='par_1_65' title="bbox 554 3287 2202 3364">
     <span class='ocr_line' id='line_1_65' title="bbox 554 3287 2202 3364; baseline 0.003 -21"><span class='ocrx_word' id='word_1_443' title='bbox 554 3289 656 3344; x_wconf 92' lang='lat' dir='ltr'><strong>sed</strong></span> <span class='ocrx_word' id='word_1_444' title='bbox 688 3287 863 3344; x_wconf 89' lang='lat' dir='ltr'><strong>etiam</strong></span> <span class='ocrx_word' id='word_1_445' title='bbox 895 3290 1178 3346; x_wconf 90' lang='lat' dir='ltr'><strong>rationem</strong></span> <span class='ocrx_word' id='word_1_446' title='bbox 1213 3291 1521 3347; x_wconf 86' lang='lat' dir='ltr'><strong>manifeste</strong></span> <span class='ocrx_word' id='word_1_447' title='bbox 1552 3293 1893 3364; x_wconf 89' lang='lat' dir='ltr'><strong>deponunt;</strong></span> <span class='ocrx_word' id='word_1_448' title='bbox 1925 3293 1982 3348; x_wconf 92' lang='lat' dir='ltr'><strong>id</strong></span> <span class='ocrx_word' id='word_1_449' title='bbox 2016 3309 2202 3348; x_wconf 91' lang='lat' dir='ltr'><strong>unum</strong></span> 
     </span>
    </p>
   </div>
   <div class='ocr_carea' id='block_1_66' title="bbox 551 3376 2208 3447">
    <p class='ocr_par' dir='ltr' id='par_1_66' title="bbox 551 3376 2208 3447">
     <span class='ocr_line' id='line_1_66' title="bbox 551 3376 2208 3447; baseline 0.004 -17"><span class='ocrx_word' id='word_1_450' title='bbox 551 3376 672 3432; x_wconf 78' lang='lat' dir='ltr'><strong>fere</strong></span> <span class='ocrx_word' id='word_1_451' title='bbox 703 3377 1058 3447; x_wconf 88' lang='lat' dir='ltr'><strong>didicerunt,</strong></span> <span class='ocrx_word' id='word_1_452' title='bbox 1089 3383 1146 3434; x_wconf 90' lang='lat' dir='ltr'><strong>et</strong></span> <span class='ocrx_word' id='word_1_453' title='bbox 1192 3380 1341 3436; x_wconf 88' lang='lat' dir='ltr'><strong>bene</strong></span> <span class='ocrx_word' id='word_1_454' title='bbox 1373 3385 1592 3436; x_wconf 89' lang='lat' dir='ltr'><strong>norunt</strong></span> <span class='ocrx_word' id='word_1_455' title='bbox 1639 3379 1947 3436; x_wconf 89' lang='lat' dir='ltr'><strong>demittere</strong></span> <span class='ocrx_word' id='word_1_456' title='bbox 1989 3382 2106 3436; x_wconf 85' lang='lat' dir='ltr'><strong>fere</strong></span> <span class='ocrx_word' id='word_1_457' title='bbox 2136 3381 2208 3436; x_wconf 87' lang='lat' dir='ltr'><strong>ad</strong></span> 
     </span>
    </p>
   </div>
   <div class='ocr_carea' id='block_1_67' title="bbox 557 3469 2209 3545">
    <p class='ocr_par' dir='ltr' id='par_1_67' title="bbox 557 3469 2209 3545">
     <span class='ocr_line' id='line_1_67' title="bbox 557 3469 2209 3545; baseline 0.004 -24"><span class='ocrx_word' id='word_1_458' title='bbox 557 3482 623 3521; x_wconf 91' lang='lat' dir='ltr'><strong>os</strong></span> <span class='ocrx_word' id='word_1_459' title='bbox 655 3469 1013 3539; x_wconf 85' lang='lat' dir='ltr'><strong>Opertorium</strong></span> <span class='ocrx_word' id='word_1_460' title='bbox 1048 3471 1138 3525; x_wconf 87' lang='lat' dir='ltr'><strong>sui</strong></span> <span class='ocrx_word' id='word_1_461' title='bbox 1189 3470 1418 3543; x_wconf 86' lang='lat' dir='ltr'><strong>capitis,</strong></span> <span class='ocrx_word' id='word_1_462' title='bbox 1474 3471 1530 3526; x_wconf 94' lang='lat' dir='ltr'><strong>in</strong></span> <span class='ocrx_word' id='word_1_463' title='bbox 1565 3471 1758 3542; x_wconf 89' lang='lat' dir='ltr'><strong>platea</strong></span> <span class='ocrx_word' id='word_1_464' title='bbox 1806 3473 1878 3528; x_wconf 91' lang='lat' dir='ltr'><strong>ad</strong></span> <span class='ocrx_word' id='word_1_465' title='bbox 1911 3473 2209 3545; x_wconf 85' lang='lat' dir='ltr'><strong>acquiren-</strong></span> 
     </span>
    </p>
   </div>
   <div class='ocr_carea' id='block_1_68' title="bbox 557 3555 2207 3632">
    <p class='ocr_par' dir='ltr' id='par_1_68' title="bbox 557 3555 2207 3632">
     <span class='ocr_line' id='line_1_68' title="bbox 557 3555 2207 3632; baseline 0.004 -23"><span class='ocrx_word' id='word_1_466' title='bbox 557 3555 691 3610; x_wconf 81' lang='lat' dir='ltr'><strong>dam</strong></span> <span class='ocrx_word' id='word_1_467' title='bbox 723 3556 971 3629; x_wconf 85' lang='lat' dir='ltr'><strong>gloriam</strong></span> <span class='ocrx_word' id='word_1_468' title='bbox 1005 3558 1264 3615; x_wconf 87' lang='lat' dir='ltr'><strong>hominis</strong></span> <span class='ocrx_word' id='word_1_469' title='bbox 1312 3561 1728 3616; x_wconf 89' lang='lat' dir='ltr'><strong>abscondentis</strong></span> <span class='ocrx_word' id='word_1_470' title='bbox 1757 3578 1856 3617; x_wconf 88' lang='lat' dir='ltr'><strong>se:</strong></span> <span class='ocrx_word' id='word_1_471' title='bbox 1908 3566 1965 3618; x_wconf 89' lang='lat' dir='ltr'><strong>et</strong></span> <span class='ocrx_word' id='word_1_472' title='bbox 1998 3561 2047 3616; x_wconf 90' lang='lat' dir='ltr'><strong>si</strong></span> <span class='ocrx_word' id='word_1_473' title='bbox 2080 3578 2207 3632; x_wconf 78' lang='lat' dir='ltr'><strong>quas</strong></span> 
     </span>
    </p>
   </div>
   <div class='ocr_carea' id='block_1_69' title="bbox 560 3647 2209 3716">
    <p class='ocr_par' dir='ltr' id='par_1_69' title="bbox 560 3647 2209 3716">
     <span class='ocr_line' id='line_1_69' title="bbox 560 3647 2209 3716; baseline 0.005 -18"><span class='ocrx_word' id='word_1_474' title='bbox 560 3660 730 3716; x_wconf 63' lang='lat' dir='ltr'><strong>nugae</strong></span> <span class='ocrx_word' id='word_1_475' title='bbox 761 3647 1085 3714; x_wconf 70' lang='lat' dir='ltr'><strong>offendant,</strong></span> <span class='ocrx_word' id='word_1_476' title='bbox 1140 3665 1274 3704; x_wconf 81' lang='lat' dir='ltr'><strong>mox</strong></span> <span class='ocrx_word' id='word_1_477' title='bbox 1332 3649 1598 3705; x_wconf 90' lang='lat' dir='ltr'><strong>attollere</strong></span> <span class='ocrx_word' id='word_1_478' title='bbox 1655 3655 1712 3705; x_wconf 87' lang='lat' dir='ltr'><strong>et</strong></span> <span class='ocrx_word' id='word_1_479' title='bbox 1757 3651 1979 3706; x_wconf 89' lang='lat' dir='ltr'><strong>elevare</strong></span> <span class='ocrx_word' id='word_1_480' title='bbox 2020 3651 2209 3707; x_wconf 92' lang='lat' dir='ltr'><strong>velum</strong></span> 
     </span>
    </p>
   </div>
   <div class='ocr_carea' id='block_1_70' title="bbox 561 3730 2210 3810">
    <p class='ocr_par' dir='ltr' id='par_1_70' title="bbox 561 3730 2210 3810">
     <span class='ocr_line' id='line_1_70' title="bbox 561 3730 2210 3810; baseline 0.005 -24"><span class='ocrx_word' id='word_1_481' title='bbox 561 3730 796 3805; x_wconf 87' lang='lat' dir='ltr'><strong>nigrum</strong></span> <span class='ocrx_word' id='word_1_482' title='bbox 829 3751 1010 3806; x_wconf 91' lang='lat' dir='ltr'><strong>supra</strong></span> <span class='ocrx_word' id='word_1_483' title='bbox 1040 3735 1311 3807; x_wconf 82' lang='lat' dir='ltr'><strong>frontem,</strong></span> <span class='ocrx_word' id='word_1_484' title='bbox 1344 3742 1400 3793; x_wconf 90' lang='lat' dir='ltr'><strong>et</strong></span> <span class='ocrx_word' id='word_1_485' title='bbox 1422 3754 1610 3810; x_wconf 90' lang='lat' dir='ltr'><strong>usque</strong></span> <span class='ocrx_word' id='word_1_486' title='bbox 1631 3738 1702 3793; x_wconf 88' lang='lat' dir='ltr'><strong>ad</strong></span> <span class='ocrx_word' id='word_1_487' title='bbox 1734 3739 2002 3794; x_wconf 90' lang='lat' dir='ltr'><strong>verticem</strong></span> <span class='ocrx_word' id='word_1_488' title='bbox 2026 3743 2091 3794; x_wconf 89' lang='lat' dir='ltr'><strong>ut</strong></span> <span class='ocrx_word' id='word_1_489' title='bbox 2112 3754 2210 3794; x_wconf 91' lang='lat' dir='ltr'><strong>ore</strong></span> 
     </span>
    </p>
   </div>
   <div class='ocr_carea' id='block_1_71' title="bbox 561 3823 2210 3898">
    <p class='ocr_par' dir='ltr' id='par_1_71' title="bbox 561 3823 2210 3898">
     <span class='ocr_line' id='line_1_71' title="bbox 561 3823 2210 3898; baseline 0.004 -21"><span class='ocrx_word' id='word_1_490' title='bbox 561 3828 761 3894; x_wconf 88' lang='lat' dir='ltr'><strong>aperto</strong></span> <span class='ocrx_word' id='word_1_491' title='bbox 803 3823 1185 3892; x_wconf 88' lang='lat' dir='ltr'><strong>insolescant,</strong></span> <span class='ocrx_word' id='word_1_492' title='bbox 1212 3830 1270 3881; x_wconf 89' lang='lat' dir='ltr'><strong>et</strong></span> <span class='ocrx_word' id='word_1_493' title='bbox 1299 3825 1524 3881; x_wconf 91' lang='lat' dir='ltr'><strong>vultum</strong></span> <span class='ocrx_word' id='word_1_494' title='bbox 1559 3826 1726 3898; x_wconf 83' lang='lat' dir='ltr'><strong>quasi</strong></span> <span class='ocrx_word' id='word_1_495' title='bbox 1759 3828 2082 3884; x_wconf 90' lang='lat' dir='ltr'><strong>meretricis</strong></span> <span class='ocrx_word' id='word_1_496' title='bbox 2110 3828 2210 3883; x_wconf 90' lang='lat' dir='ltr'><strong>ha-</strong></span> 
     </span>
    </p>
   </div>
   <div class='ocr_carea' id='block_1_72' title="bbox 554 3909 2208 3988">
    <p class='ocr_par' dir='ltr' id='par_1_72' title="bbox 554 3909 2208 3988">
     <span class='ocr_line' id='line_1_72' title="bbox 554 3909 2208 3988; baseline 0.005 -23"><span class='ocrx_word' id='word_1_497' title='bbox 554 3909 752 3966; x_wconf 88' lang='lat' dir='ltr'><strong>beant.</strong></span> <span class='ocrx_word' id='word_1_498' title='bbox 780 3911 845 3967; x_wconf 86' lang='lat' dir='ltr'><strong>Et</strong></span> <span class='ocrx_word' id='word_1_499' title='bbox 866 3916 1005 3967; x_wconf 87' lang='lat' dir='ltr'><strong>tunc</strong></span> <span class='ocrx_word' id='word_1_500' title='bbox 1031 3913 1142 3968; x_wconf 87' lang='lat' dir='ltr'><strong>isto</strong></span> <span class='ocrx_word' id='word_1_501' title='bbox 1166 3913 1263 3984; x_wconf 91' lang='lat' dir='ltr'><strong>qui</strong></span> <span class='ocrx_word' id='word_1_502' title='bbox 1287 3917 1486 3970; x_wconf 90' lang='lat' dir='ltr'><strong>oculos</strong></span> <span class='ocrx_word' id='word_1_503' title='bbox 1517 3915 1807 3972; x_wconf 86' lang='lat' dir='ltr'><strong>demissos</strong></span> <span class='ocrx_word' id='word_1_504' title='bbox 1830 3917 2208 3988; x_wconf 82' lang='lat' dir='ltr'><strong>ﬂgebat,eos-</strong></span> 
     </span>
    </p>
   </div>
   <div class='ocr_carea' id='block_1_73' title="bbox 556 3998 2206 4075">
    <p class='ocr_par' dir='ltr' id='par_1_73' title="bbox 556 3998 2206 4075">
     <span class='ocr_line' id='line_1_73' title="bbox 556 3998 2206 4075; baseline 0.005 -22"><span class='ocrx_word' id='word_1_505' title='bbox 556 3998 690 4054; x_wconf 89' lang='lat' dir='ltr'><strong>dem</strong></span> <span class='ocrx_word' id='word_1_506' title='bbox 726 3999 1062 4067; x_wconf 82' lang='lat' dir='ltr'><strong>magnificat</strong></span> <span class='ocrx_word' id='word_1_507' title='bbox 1088 4001 1281 4072; x_wconf 88' lang='lat' dir='ltr'><strong>ignem</strong></span> <span class='ocrx_word' id='word_1_508' title='bbox 1315 4003 1630 4074; x_wconf 85' lang='lat' dir='ltr'><strong>spirantes,</strong></span> <span class='ocrx_word' id='word_1_509' title='bbox 1654 4003 1928 4060; x_wconf 88' lang='lat' dir='ltr'><strong>terribilis</strong></span> <span class='ocrx_word' id='word_1_510' title='bbox 1958 4005 2206 4075; x_wconf 90' lang='lat' dir='ltr'><strong>videtur,</strong></span> 
     </span>
    </p>
   </div>
   <div class='ocr_carea' id='block_1_74' title="bbox 553 4087 2212 4166">
    <p class='ocr_par' dir='ltr' id='par_1_74' title="bbox 553 4087 2212 4166">
     <span class='ocr_line' id='line_1_74' title="bbox 553 4087 2212 4166; baseline 0.004 -25"><span class='ocrx_word' id='word_1_511' title='bbox 553 4101 655 4142; x_wconf 91' lang='lat' dir='ltr'><strong>eos</strong></span> <span class='ocrx_word' id='word_1_512' title='bbox 688 4087 976 4150; x_wconf 81' lang='lat' dir='ltr'><strong>accendit,</strong></span> <span class='ocrx_word' id='word_1_513' title='bbox 1009 4089 1205 4144; x_wconf 87' lang='lat' dir='ltr'><strong>turbat</strong></span> <span class='ocrx_word' id='word_1_514' title='bbox 1237 4091 1541 4156; x_wconf 89' lang='lat' dir='ltr'><strong>rationem,</strong></span> <span class='ocrx_word' id='word_1_515' title='bbox 1597 4093 1910 4165; x_wconf 88' lang='lat' dir='ltr'><strong>omniaque</strong></span> <span class='ocrx_word' id='word_1_516' title='bbox 1941 4094 2060 4166; x_wconf 90' lang='lat' dir='ltr'><strong>agit</strong></span> <span class='ocrx_word' id='word_1_517' title='bbox 2085 4095 2212 4166; x_wconf 89' lang='lat' dir='ltr'><strong>qui-</strong></span> 
     </span>
    </p>
   </div>
   <div class='ocr_carea' id='block_1_75' title="bbox 549 4175 2207 4321">
    <p class='ocr_par' dir='ltr' id='par_1_75' title="bbox 549 4175 2207 4321">
     <span class='ocr_line' id='line_1_75' title="bbox 549 4175 2207 4321; baseline 0.007 -91"><span class='ocrx_word' id='word_1_518' title='bbox 549 4175 665 4321; x_wconf 61' lang='lat' dir='ltr'><strong>:uls</strong></span> <span class='ocrx_word' id='word_1_519' title='bbox 697 4176 797 4248; x_wconf 93' lang='lat' dir='ltr'><strong>qui</strong></span> <span class='ocrx_word' id='word_1_520' title='bbox 856 4177 1226 4237; x_wconf 85' lang='lat' dir='ltr'><strong>assuefactus</strong></span> <span class='ocrx_word' id='word_1_521' title='bbox 1255 4185 1348 4238; x_wconf 87' lang='lat' dir='ltr'><strong>est</strong></span> <span class='ocrx_word' id='word_1_522' title='bbox 1403 4182 1528 4238; x_wconf 90' lang='lat' dir='ltr'><strong>vias</strong></span> <span class='ocrx_word' id='word_1_523' title='bbox 1578 4199 1689 4239; x_wconf 92' lang='lat' dir='ltr'><strong>non</strong></span> <span class='ocrx_word' id='word_1_524' title='bbox 1749 4187 1981 4240; x_wconf 81' lang='lat' dir='ltr'><strong>veretur</strong></span> <span class='ocrx_word' id='word_1_525' title='bbox 2023 4190 2080 4240; x_wconf 89' lang='lat' dir='ltr'><strong>et</strong></span> <span class='ocrx_word' id='word_1_526' title='bbox 2109 4202 2207 4242; x_wconf 87' lang='lat' dir='ltr'><strong>eas</strong></span> 
     </span>
     <span class='ocr_line' id='line_1_76' title="bbox 597 4264 770 4321; baseline 0 0"><span class='ocrx_word' id='word_1_527' title='bbox 597 4264 770 4321; x_wconf 73' lang='lat' dir='ltr'><strong>iigit.</strong></span> 
     </span>
    </p>
   </div>
   <div class='ocr_carea' id='block_1_76' title="bbox 597 4264 770 4338">
    <p class='ocr_par' dir='ltr' id='par_1_76' title="bbox 597 4264 770 4338">
     <span class='ocr_line' id='line_1_77' title="bbox 597 4264 770 4338; baseline 0 -16"><span class='ocrx_word' id='word_1_528' title='bbox 597 4264 770 4338; x_wconf 89' lang='lat' dir='ltr'><strong>iligit.</strong></span> 
     </span>
    </p>
   </div>
   <div class='ocr_carea' id='block_1_77' title="bbox 625 4601 2207 4678">
    <p class='ocr_par' dir='ltr' id='par_1_77' title="bbox 625 4601 2207 4678">
     <span class='ocr_line' id='line_1_78' title="bbox 625 4601 2207 4678; baseline 0.008 -22"><span class='ocrx_word' id='word_1_529' title='bbox 625 4601 747 4659; x_wconf 74' lang='grc'><strong>148.</strong></span> <span class='ocrx_word' id='word_1_530' title='bbox 780 4604 964 4669; x_wconf 88' lang='lat' dir='ltr'><strong>Quem</strong></span> <span class='ocrx_word' id='word_1_531' title='bbox 987 4619 1124 4678; x_wconf 90' lang='lat' dir='ltr'><strong>ergo</strong></span> <span class='ocrx_word' id='word_1_532' title='bbox 1151 4608 1206 4661; x_wconf 91' lang='lat' dir='ltr'><strong>te</strong></span> <span class='ocrx_word' id='word_1_533' title='bbox 1235 4605 1597 4676; x_wconf 89' lang='lat' dir='ltr'><strong>vocabimus,</strong></span> <span class='ocrx_word' id='word_1_534' title='bbox 1625 4624 1656 4663; x_wconf 93' lang='grc' dir='ltr'><strong>ο</strong></span> <span class='ocrx_word' id='word_1_535' title='bbox 1690 4608 1973 4665; x_wconf 87' lang='lat' dir='ltr'><strong>monache</strong></span> <span class='ocrx_word' id='word_1_536' title='bbox 1992 4611 2020 4664; x_wconf 84' lang='lat'>?</span> <span class='ocrx_word' id='word_1_537' title='bbox 2041 4611 2207 4668; x_wconf 87' lang='lat' dir='ltr'><strong>urba-</strong></span> 
     </span>
    </p>
   </div>
   <div class='ocr_carea' id='block_1_78' title="bbox 551 4691 2209 4767">
    <p class='ocr_par' dir='ltr' id='par_1_78' title="bbox 551 4691 2209 4767">
     <span class='ocr_line' id='line_1_79' title="bbox 551 4691 2209 4767; baseline 0.007 -21"><span class='ocrx_word' id='word_1_538' title='bbox 551 4707 696 4746; x_wconf 86' lang='lat' dir='ltr'><strong>num</strong></span> <span class='ocrx_word' id='word_1_539' title='bbox 714 4691 801 4747; x_wconf 91' lang='lat' dir='ltr'><strong>vel</strong></span> <span class='ocrx_word' id='word_1_540' title='bbox 820 4692 1148 4750; x_wconf 88' lang='lat' dir='ltr'><strong>solitarium</strong></span> <span class='ocrx_word' id='word_1_541' title='bbox 1171 4695 1507 4752; x_wconf 75' lang='lat' dir='ltr'><strong>‘Ihominem</strong></span> <span class='ocrx_word' id='word_1_542' title='bbox 1532 4696 1858 4767; x_wconf 88' lang='lat' dir='ltr'><strong>spiritualis</strong></span> <span class='ocrx_word' id='word_1_543' title='bbox 1871 4698 2209 4758; x_wconf 89' lang='lat' dir='ltr'><strong>solitudinis</strong></span> 
     </span>
    </p>
   </div>
   <div class='ocr_carea' id='block_1_79' title="bbox 548 4777 2207 4855">
    <p class='ocr_par' dir='ltr' id='par_1_79' title="bbox 548 4777 2207 4855">
     <span class='ocr_line' id='line_1_80' title="bbox 548 4777 2207 4855; baseline 0.007 -21"><span class='ocrx_word' id='word_1_544' title='bbox 548 4777 637 4834; x_wconf 89' lang='lat' dir='ltr'><strong>vel</strong></span> <span class='ocrx_word' id='word_1_545' title='bbox 658 4779 950 4836; x_wconf 84' lang='lat' dir='ltr'><strong>tumultus</strong></span> <span class='ocrx_word' id='word_1_546' title='bbox 968 4781 1358 4855; x_wconf 88' lang='lat' dir='ltr'><strong>compitorum</strong></span> <span class='ocrx_word' id='word_1_547' title='bbox 1378 4783 1404 4838; x_wconf 83' lang='lat'><strong>?</strong></span> <span class='ocrx_word' id='word_1_548' title='bbox 1422 4785 1781 4841; x_wconf 87' lang='lat' dir='ltr'><strong>habitantem</strong></span> <span class='ocrx_word' id='word_1_549' title='bbox 1799 4786 1853 4840; x_wconf 90' lang='lat' dir='ltr'><strong>in</strong></span> <span class='ocrx_word' id='word_1_550' title='bbox 1879 4786 2018 4842; x_wconf 90' lang='lat' dir='ltr'><strong>vicis</strong></span> <span class='ocrx_word' id='word_1_551' title='bbox 2031 4794 2132 4844; x_wconf 91' lang='lat' dir='ltr'><strong>aut</strong></span> <span class='ocrx_word' id='word_1_552' title='bbox 2150 4791 2207 4845; x_wconf 88' lang='lat' dir='ltr'><strong>in</strong></span> 
     </span>
    </p>
   </div>
   <div class='ocr_carea' id='block_1_80' title="bbox 548 4865 2209 4946">
    <p class='ocr_par' dir='ltr' id='par_1_80' title="bbox 548 4865 2209 4946">
     <span class='ocr_line' id='line_1_81' title="bbox 548 4865 2209 4946; baseline 0.008 -27"><span class='ocrx_word' id='word_1_553' title='bbox 548 4865 778 4922; x_wconf 91' lang='lat' dir='ltr'><strong>deserto</strong></span> <span class='ocrx_word' id='word_1_554' title='bbox 802 4866 824 4922; x_wconf 76' lang='grc' dir='ltr'><em>Ρ</em></span> <span class='ocrx_word' id='word_1_555' title='bbox 849 4867 1069 4942; x_wconf 85' lang='lat' dir='ltr'><strong>Nempe</strong></span> <span class='ocrx_word' id='word_1_556' title='bbox 1087 4869 1200 4926; x_wconf 92' lang='lat' dir='ltr'><strong>isto</strong></span> <span class='ocrx_word' id='word_1_557' title='bbox 1221 4871 1478 4940; x_wconf 91' lang='lat' dir='ltr'><strong>nomine,</strong></span> <span class='ocrx_word' id='word_1_558' title='bbox 1502 4877 1564 4927; x_wconf 91' lang='lat' dir='ltr'><strong>ut</strong></span> <span class='ocrx_word' id='word_1_559' title='bbox 1581 4890 1712 4929; x_wconf 93' lang='lat' dir='ltr'><strong>reor</strong></span> <span class='ocrx_word' id='word_1_560' title='bbox 1732 4891 1744 4941; x_wconf 93' lang='lat'><strong>;</strong></span> <span class='ocrx_word' id='word_1_561' title='bbox 1767 4874 2060 4946; x_wconf 90' lang='lat' dir='ltr'><strong>siquidem</strong></span> <span class='ocrx_word' id='word_1_562' title='bbox 2076 4877 2209 4933; x_wconf 89' lang='lat' dir='ltr'><strong>civi-</strong></span> 
     </span>
    </p>
   </div>
   <div class='ocr_carea' id='block_1_81' title="bbox 545 4958 2204 5036">
    <p class='ocr_par' dir='ltr' id='par_1_81' title="bbox 545 4958 2204 5036">
     <span class='ocr_line' id='line_1_82' title="bbox 545 4958 2204 5036; baseline 0.008 -27"><span class='ocrx_word' id='word_1_563' title='bbox 545 4958 727 5010; x_wconf 91' lang='lat' dir='ltr'><strong>tatem</strong></span> <span class='ocrx_word' id='word_1_564' title='bbox 761 4974 795 5011; x_wconf 90' lang='lat' dir='ltr'><strong>a</strong></span> <span class='ocrx_word' id='word_1_565' title='bbox 821 4963 878 5014; x_wconf 89' lang='lat' dir='ltr'><strong>te</strong></span> <span class='ocrx_word' id='word_1_566' title='bbox 927 4960 1357 5031; x_wconf 80' lang='lat' dir='ltr'><strong>frequentatam</strong></span> <span class='ocrx_word' id='word_1_567' title='bbox 1392 4962 1541 5017; x_wconf 79' lang='lat' dir='ltr'><strong>bone</strong></span> <span class='ocrx_word' id='word_1_568' title='bbox 1595 4963 1861 5036; x_wconf 85' lang='lat' dir='ltr'><strong>exemplo</strong></span> <span class='ocrx_word' id='word_1_569' title='bbox 1891 4967 2204 5022; x_wconf 89' lang='lat' dir='ltr'><strong>evacuasti.</strong></span> 
     </span>
    </p>
   </div>
   <div class='ocr_carea' id='block_1_82' title="bbox 542 5043 2205 5118">
    <p class='ocr_par' dir='ltr' id='par_1_82' title="bbox 542 5043 2205 5118">
     <span class='ocr_line' id='line_1_83' title="bbox 542 5043 2205 5118; baseline 0.009 -22"><span class='ocrx_word' id='word_1_570' title='bbox 542 5043 634 5097; x_wconf 78' lang='lat' dir='ltr'><strong>Ad</strong></span> <span class='ocrx_word' id='word_1_571' title='bbox 667 5048 829 5101; x_wconf 85' lang='lat' dir='ltr'><strong>extra</strong></span> <span class='ocrx_word' id='word_1_572' title='bbox 853 5047 1109 5104; x_wconf 89' lang='lat' dir='ltr'><strong>debebas</strong></span> <span class='ocrx_word' id='word_1_573' title='bbox 1135 5065 1263 5105; x_wconf 87' lang='lat' dir='ltr'><strong>esse</strong></span> <span class='ocrx_word' id='word_1_574' title='bbox 1292 5056 1580 5118; x_wconf 90' lang='lat' dir='ltr'><strong>terrenus,</strong></span> <span class='ocrx_word' id='word_1_575' title='bbox 1615 5056 1671 5106; x_wconf 91' lang='lat' dir='ltr'><strong>et</strong></span> <span class='ocrx_word' id='word_1_576' title='bbox 1701 5051 1950 5108; x_wconf 80' lang='lat' dir='ltr'><strong>caelestis</strong></span> <span class='ocrx_word' id='word_1_577' title='bbox 1982 5053 2042 5109; x_wconf 89' lang='lat' dir='ltr'><strong>in</strong></span> <span class='ocrx_word' id='word_1_578' title='bbox 2078 5057 2205 5111; x_wconf 90' lang='lat' dir='ltr'><strong>abs-</strong></span> 
     </span>
    </p>
   </div>
   <div class='ocr_carea' id='block_1_83' title="bbox 542 5131 2203 5212">
    <p class='ocr_par' dir='ltr' id='par_1_83' title="bbox 542 5131 2203 5212">
     <span class='ocr_line' id='line_1_84' title="bbox 542 5131 2203 5212; baseline 0.006 -24"><span class='ocrx_word' id='word_1_579' title='bbox 542 5131 965 5206; x_wconf 86' lang='lat' dir='ltr'><strong>oondito,quod</strong></span> <span class='ocrx_word' id='word_1_580' title='bbox 992 5136 1183 5210; x_wconf 88' lang='lat' dir='ltr'><strong>diligit</strong></span> <span class='ocrx_word' id='word_1_581' title='bbox 1204 5138 1372 5193; x_wconf 87' lang='lat' dir='ltr'><strong>Pater</strong></span> <span class='ocrx_word' id='word_1_582' title='bbox 1402 5141 1689 5207; x_wconf 89' lang='lat' dir='ltr'><strong>omnium,</strong></span> <span class='ocrx_word' id='word_1_583' title='bbox 1716 5139 1868 5196; x_wconf 90' lang='lat' dir='ltr'><strong>Deus</strong></span> <span class='ocrx_word' id='word_1_584' title='bbox 1896 5159 1908 5196; x_wconf 92' lang='lat'><strong>:</strong></span> <span class='ocrx_word' id='word_1_585' title='bbox 1935 5166 1962 5192; x_wconf 85' lang='lat'><strong>«</strong></span> <span class='ocrx_word' id='word_1_586' title='bbox 1991 5143 2091 5212; x_wconf 89' lang='lat' dir='ltr'><strong>qui</strong></span> <span class='ocrx_word' id='word_1_587' title='bbox 2112 5144 2203 5198; x_wconf 92' lang='lat' dir='ltr'><strong>vi-</strong></span> 
     </span>
    </p>
   </div>
   <div class='ocr_carea' id='block_1_84' title="bbox 542 5221 2198 5296">
    <p class='ocr_par' dir='ltr' id='par_1_84' title="bbox 542 5221 2198 5296">
     <span class='ocr_line' id='line_1_85' title="bbox 542 5221 2198 5296; baseline 0.007 -20"><span class='ocrx_word' id='word_1_588' title='bbox 542 5221 640 5277; x_wconf 91' lang='lat' dir='ltr'><strong>det</strong></span> <span class='ocrx_word' id='word_1_589' title='bbox 670 5221 728 5277; x_wconf 90' lang='lat' dir='ltr'><strong>in</strong></span> <span class='ocrx_word' id='word_1_590' title='bbox 763 5224 1130 5296; x_wconf 90' lang='lat' dir='ltr'><strong>abscondito,</strong></span> <span class='ocrx_word' id='word_1_591' title='bbox 1165 5231 1220 5282; x_wconf 90' lang='lat' dir='ltr'><strong>et</strong></span> <span class='ocrx_word' id='word_1_592' title='bbox 1267 5227 1457 5282; x_wconf 80' lang='lat' dir='ltr'><strong>reddit</strong></span> <span class='ocrx_word' id='word_1_593' title='bbox 1485 5229 1793 5284; x_wconf 74' lang='lat' dir='ltr'><strong>manifesto</strong></span> <span class='ocrx_word' id='word_1_594' title='bbox 1818 5232 1884 5284; x_wconf 84' lang='grc'><strong>³¹.</strong></span> <span class='ocrx_word' id='word_1_595' title='bbox 1919 5253 1947 5281; x_wconf 86' lang='grc'><strong>››</strong></span> <span class='ocrx_word' id='word_1_596' title='bbox 1980 5236 2061 5287; x_wconf 93' lang='lat' dir='ltr'><strong>Tu</strong></span> <span class='ocrx_word' id='word_1_597' title='bbox 2095 5250 2198 5288; x_wconf 87' lang='lat' dir='ltr'><strong>au-</strong></span> 
     </span>
    </p>
   </div>
   <div class='ocr_carea' id='block_1_85' title="bbox 541 5314 2197 5391">
    <p class='ocr_par' dir='ltr' id='par_1_85' title="bbox 541 5314 2197 5391">
     <span class='ocr_line' id='line_1_86' title="bbox 541 5314 2197 5391; baseline 0.008 -26"><span class='ocrx_word' id='word_1_598' title='bbox 541 5314 662 5365; x_wconf 91' lang='lat' dir='ltr'><strong>tem</strong></span> <span class='ocrx_word' id='word_1_599' title='bbox 695 5314 985 5386; x_wconf 87' lang='lat' dir='ltr'><strong>assurgis,</strong></span> <span class='ocrx_word' id='word_1_600' title='bbox 1011 5315 1180 5386; x_wconf 90' lang='lat' dir='ltr'><strong>quasi</strong></span> <span class='ocrx_word' id='word_1_601' title='bbox 1205 5315 1391 5382; x_wconf 89' lang='lat' dir='ltr'><strong>sidus,</strong></span> <span class='ocrx_word' id='word_1_602' title='bbox 1426 5321 1482 5371; x_wconf 91' lang='lat' dir='ltr'><strong>et</strong></span> <span class='ocrx_word' id='word_1_603' title='bbox 1509 5318 1579 5372; x_wconf 89' lang='lat' dir='ltr'><strong>ad</strong></span> <span class='ocrx_word' id='word_1_604' title='bbox 1606 5324 1823 5373; x_wconf 91' lang='lat' dir='ltr'><strong>terram</strong></span> <span class='ocrx_word' id='word_1_605' title='bbox 1856 5319 2197 5391; x_wconf 89' lang='lat' dir='ltr'><strong>inclinaris;</strong></span> 
     </span>
    </p>
   </div>
   <div class='ocr_carea' id='block_1_86' title="bbox 547 5398 2198 5479">
    <p class='ocr_par' dir='ltr' id='par_1_86' title="bbox 547 5398 2198 5479">
     <span class='ocr_line' id='line_1_87' title="bbox 547 5398 2198 5479; baseline 0.009 -25"><span class='ocrx_word' id='word_1_606' title='bbox 547 5398 895 5472; x_wconf 88' lang='lat' dir='ltr'><strong>deprimeris</strong></span> <span class='ocrx_word' id='word_1_607' title='bbox 923 5403 1093 5475; x_wconf 88' lang='lat' dir='ltr'><strong>quasi</strong></span> <span class='ocrx_word' id='word_1_608' title='bbox 1161 5404 1572 5479; x_wconf 87' lang='lat' dir='ltr'><strong>mandragora,</strong></span> <span class='ocrx_word' id='word_1_609' title='bbox 1603 5412 1707 5464; x_wconf 91' lang='lat' dir='ltr'><strong>aut</strong></span> <span class='ocrx_word' id='word_1_610' title='bbox 1758 5407 1873 5464; x_wconf 89' lang='lat' dir='ltr'><strong>alia</strong></span> <span class='ocrx_word' id='word_1_611' title='bbox 1899 5410 2074 5468; x_wconf 90' lang='lat' dir='ltr'><strong>arbor</strong></span> <span class='ocrx_word' id='word_1_612' title='bbox 2101 5428 2198 5469; x_wconf 80' lang='lat' dir='ltr'><strong>ex-</strong></span> 
     </span>
    </p>
   </div>
   <div class='ocr_carea' id='block_1_87' title="bbox 623 5613 1620 5698">
    <p class='ocr_par' dir='ltr' id='par_1_87' title="bbox 623 5613 1620 5698">
     <span class='ocr_line' id='line_1_88' title="bbox 623 5613 1620 5698; baseline 0.011 -26"><span class='ocrx_word' id='word_1_613' title='bbox 623 5613 671 5651; x_wconf 81' lang='grc'><em>³⁰</em></span> <span class='ocrx_word' id='word_1_614' title='bbox 698 5615 864 5675; x_wconf 86' lang='lat' dir='ltr'><strong>Prov.</strong></span> <span class='ocrx_word' id='word_1_615' title='bbox 894 5635 988 5689; x_wconf 79' lang='lat' dir='ltr'><strong>xv,</strong></span> <span class='ocrx_word' id='word_1_616' title='bbox 1021 5621 1108 5678; x_wconf 84' lang='grc'><strong>19.</strong></span> <span class='ocrx_word' id='word_1_617' title='bbox 1183 5621 1229 5662; x_wconf 71' lang='grc'><strong>⁸⁸</strong></span> <span class='ocrx_word' id='word_1_618' title='bbox 1260 5622 1426 5682; x_wconf 87' lang='lat' dir='ltr'><strong>Matt.</strong></span> <span class='ocrx_word' id='word_1_619' title='bbox 1458 5639 1536 5698; x_wconf 77' lang='lat' dir='ltr'><strong>vx,</strong></span> <span class='ocrx_word' id='word_1_620' title='bbox 1568 5625 1620 5683; x_wconf 73' lang='grc'><strong>4.</strong></span> 
     </span>
    </p>
   </div>
   <div class='ocr_carea' id='block_1_88' title="bbox 2315 3275 3881 3358">
    <p class='ocr_par' dir='ltr' id='par_1_88' title="bbox 2315 3275 3881 3358">
     <span class='ocr_line' id='line_1_89' title="bbox 2315 3275 3881 3358; baseline -0.005 -22"><span class='ocrx_word' id='word_1_621' title='bbox 2315 3286 2385 3355; x_wconf 76' lang='grc' dir='ltr'><strong>τῇ</strong></span> <span class='ocrx_word' id='word_1_622' title='bbox 2436 3286 2534 3336; x_wconf 91' lang='grc' dir='ltr'><strong>τοῦ</strong></span> <span class='ocrx_word' id='word_1_623' title='bbox 2587 3282 2710 3358; x_wconf 87' lang='grc' dir='ltr'>βίου</span> <span class='ocrx_word' id='word_1_624' title='bbox 2763 3278 3040 3356; x_wconf 84' lang='grc' dir='ltr'>βαδίζουσι</span> <span class='ocrx_word' id='word_1_625' title='bbox 3101 3275 3302 3356; x_wconf 78' lang='grc' dir='ltr'>τρίϐῳ,</span> <span class='ocrx_word' id='word_1_626' title='bbox 3374 3282 3510 3336; x_wconf 81' lang='grc' dir='ltr'>κατὰ</span> <span class='ocrx_word' id='word_1_627' title='bbox 3560 3281 3642 3334; x_wconf 81' lang='grc' dir='ltr'>τὸν</span> <span class='ocrx_word' id='word_1_628' title='bbox 3707 3279 3881 3357; x_wconf 79' lang='grc' dir='ltr'>φάμενον</span> 
     </span>
    </p>
   </div>
   <div class='ocr_carea' id='block_1_89' title="bbox 2319 3362 3881 3442">
    <p class='ocr_par' dir='ltr' id='par_1_89' title="bbox 2319 3362 3881 3442">
     <span class='ocr_line' id='line_1_90' title="bbox 2319 3362 3881 3442; baseline -0.006 -17"><span class='ocrx_word' id='word_1_629' title='bbox 2319 3371 2569 3432; x_wconf 79' lang='grc' dir='ltr'>ἀκάνθαις</span> <span class='ocrx_word' id='word_1_630' title='bbox 2657 3367 2998 3441; x_wconf 68' lang='grc' dir='ltr'>ἀπρωμὲνας</span> <span class='ocrx_word' id='word_1_631' title='bbox 3082 3369 3216 3423; x_wconf 75' lang='grc' dir='ltr'>εἶναι</span> <span class='ocrx_word' id='word_1_632' title='bbox 3303 3374 3413 3423; x_wconf 81' lang='grc' dir='ltr'>τῶν</span> <span class='ocrx_word' id='word_1_633' title='bbox 3498 3369 3686 3442; x_wconf 83' lang='grc' dir='ltr'>ἀεργῶν</span> <span class='ocrx_word' id='word_1_634' title='bbox 3744 3362 3881 3426; x_wconf 66' lang='grc' dir='ltr'>ὁδοὺς,</span> 
     </span>
    </p>
   </div>
   <div class='ocr_carea' id='block_1_90' title="bbox 2317 3454 3884 3534">
    <p class='ocr_par' dir='ltr' id='par_1_90' title="bbox 2317 3454 3884 3534">
     <span class='ocr_line' id='line_1_91' title="bbox 2317 3454 3884 3534; baseline -0.004 -20"><span class='ocrx_word' id='word_1_635' title='bbox 2317 3459 2462 3516; x_wconf 84' lang='grc' dir='ltr'>ἀλλὰ</span> <span class='ocrx_word' id='word_1_636' title='bbox 2503 3459 2594 3514; x_wconf 79' lang='grc' dir='ltr'>καὶ</span> <span class='ocrx_word' id='word_1_637' title='bbox 2654 3456 3056 3532; x_wconf 77' lang='grc' dir='ltr'>ὲξαλογίζονται</span> <span class='ocrx_word' id='word_1_638' title='bbox 3118 3455 3396 3534; x_wconf 72' lang='grc' dir='ltr'>ἄντικρυς,</span> <span class='ocrx_word' id='word_1_639' title='bbox 3453 3454 3507 3512; x_wconf 70' lang='grc' dir='ltr'>ἓν</span> <span class='ocrx_word' id='word_1_640' title='bbox 3575 3455 3720 3529; x_wconf 85' lang='grc' dir='ltr'>μόνον</span> <span class='ocrx_word' id='word_1_641' title='bbox 3746 3472 3884 3526; x_wconf 80' lang='grc' dir='ltr'>τεχνα-</span> 
     </span>
    </p>
   </div>
   <div class='ocr_carea' id='block_1_91' title="bbox 2319 3538 3882 3621">
    <p class='ocr_par' dir='ltr' id='par_1_91' title="bbox 2319 3538 3882 3621">
     <span class='ocr_line' id='line_1_92' title="bbox 2319 3538 3882 3621; baseline -0.007 -18"><span class='ocrx_word' id='word_1_642' title='bbox 2319 3549 2538 3621; x_wconf 88' lang='grc' dir='ltr'>σάμενοι</span> <span class='ocrx_word' id='word_1_643' title='bbox 2615 3548 2704 3602; x_wconf 83' lang='grc' dir='ltr'><strong>καὶ</strong></span> <span class='ocrx_word' id='word_1_644' title='bbox 2783 3545 2838 3600; x_wconf 78' lang='grc' dir='ltr'>εὖ</span> <span class='ocrx_word' id='word_1_645' title='bbox 2916 3543 3152 3614; x_wconf 81' lang='grc' dir='ltr'>εἰδότες,</span> <span class='ocrx_word' id='word_1_646' title='bbox 3223 3545 3549 3602; x_wconf 79' lang='grc' dir='ltr'>καθελκύσαι</span> <span class='ocrx_word' id='word_1_647' title='bbox 3629 3545 3767 3618; x_wconf 69' lang='grc' dir='ltr'>μέχρι</span> <span class='ocrx_word' id='word_1_648' title='bbox 3823 3538 3882 3594; x_wconf 70' lang='grc' dir='ltr'><strong>καὶ</strong></span> 
     </span>
    </p>
   </div>
   <div class='ocr_carea' id='block_1_92' title="bbox 2317 3625 3884 3710">
    <p class='ocr_par' dir='ltr' id='par_1_92' title="bbox 2317 3625 3884 3710">
     <span class='ocr_line' id='line_1_93' title="bbox 2317 3625 3884 3710; baseline -0.001 -19"><span class='ocrx_word' id='word_1_649' title='bbox 2317 3638 2446 3692; x_wconf 76' lang='grc' dir='ltr'>αὐτὸ</span> <span class='ocrx_word' id='word_1_650' title='bbox 2499 3641 2696 3710; x_wconf 78' lang='grc' dir='ltr'>μικροῦ</span> <span class='ocrx_word' id='word_1_651' title='bbox 2744 3636 2920 3708; x_wconf 87' lang='grc' dir='ltr'>στόμα</span> <span class='ocrx_word' id='word_1_652' title='bbox 2974 3637 3035 3690; x_wconf 83' lang='grc' dir='ltr'><strong>τὸ</strong></span> <span class='ocrx_word' id='word_1_653' title='bbox 3085 3632 3359 3708; x_wconf 80' lang='grc' dir='ltr'>κάλυμμα</span> <span class='ocrx_word' id='word_1_654' title='bbox 3416 3637 3477 3690; x_wconf 89' lang='grc' dir='ltr'>τὸ</span> <span class='ocrx_word' id='word_1_655' title='bbox 3505 3641 3598 3705; x_wconf 81' lang='grc' dir='ltr'><strong>τῆς</strong></span> <span class='ocrx_word' id='word_1_656' title='bbox 3633 3625 3884 3710; x_wconf 69' lang='grc' dir='ltr'>κεφαλῆςὲν</span> 
     </span>
    </p>
   </div>
   <div class='ocr_carea' id='block_1_93' title="bbox 2315 3714 3886 3802">
    <p class='ocr_par' dir='ltr' id='par_1_93' title="bbox 2315 3714 3886 3802">
     <span class='ocr_line' id='line_1_94' title="bbox 2315 3714 3886 3802; baseline -0.006 -21"><span class='ocrx_word' id='word_1_657' title='bbox 2315 3729 2384 3799; x_wconf 75' lang='grc' dir='ltr'><strong>τῇ</strong></span> <span class='ocrx_word' id='word_1_658' title='bbox 2453 3727 2623 3802; x_wconf 82' lang='grc' dir='ltr'>ἀγορᾷ</span> <span class='ocrx_word' id='word_1_659' title='bbox 2696 3722 2971 3795; x_wconf 80' lang='grc' dir='ltr'>δοκήσεως</span> <span class='ocrx_word' id='word_1_660' title='bbox 3041 3726 3202 3800; x_wconf 83' lang='grc' dir='ltr'>χάριν</span> <span class='ocrx_word' id='word_1_661' title='bbox 3256 3732 3361 3794; x_wconf 87' lang='grc' dir='ltr'><strong>τῆς</strong></span> <span class='ocrx_word' id='word_1_662' title='bbox 3405 3726 3520 3779; x_wconf 85' lang='grc' dir='ltr'>κατ’</span> <span class='ocrx_word' id='word_1_663' title='bbox 3563 3723 3815 3797; x_wconf 81' lang='grc' dir='ltr'>ἐπίκρυψιν·</span> <span class='ocrx_word' id='word_1_664' title='bbox 3857 3714 3886 3768; x_wconf 77' lang='grc' dir='ltr'>εἷ</span> 
     </span>
    </p>
   </div>
   <div class='ocr_carea' id='block_1_94' title="bbox 2319 3802 3884 3890">
    <p class='ocr_par' dir='ltr' id='par_1_94' title="bbox 2319 3802 3884 3890">
     <span class='ocr_line' id='line_1_95' title="bbox 2319 3802 3884 3890; baseline -0.006 -22"><span class='ocrx_word' id='word_1_665' title='bbox 2319 3812 2375 3868; x_wconf 73' lang='grc' dir='ltr'><strong>δὲ</strong></span> <span class='ocrx_word' id='word_1_666' title='bbox 2427 3835 2532 3869; x_wconf 88' lang='grc' dir='ltr'><strong>που</strong></span> <span class='ocrx_word' id='word_1_667' title='bbox 2590 3813 2930 3887; x_wconf 70' lang='grc' dir='ltr'>παρεμπέσοι</span> <span class='ocrx_word' id='word_1_668' title='bbox 2993 3812 3232 3890; x_wconf 79' lang='grc' dir='ltr'>φλυαρία</span> <span class='ocrx_word' id='word_1_669' title='bbox 3286 3814 3430 3889; x_wconf 84' lang='grc' dir='ltr'>βίου,</span> <span class='ocrx_word' id='word_1_670' title='bbox 3489 3812 3629 3868; x_wconf 71' lang='grc' dir='ltr'>ἀλλὰ</span> <span class='ocrx_word' id='word_1_671' title='bbox 3667 3810 3769 3865; x_wconf 85' lang='grc' dir='ltr'>τότε</span> <span class='ocrx_word' id='word_1_672' title='bbox 3789 3802 3884 3878; x_wconf 69' lang='grc' dir='ltr'>ταχδ</span> 
     </span>
    </p>
   </div>
   <div class='ocr_carea' id='block_1_95' title="bbox 2318 3898 3882 3978">
    <p class='ocr_par' dir='ltr' id='par_1_95' title="bbox 2318 3898 3882 3978">
     <span class='ocr_line' id='line_1_96' title="bbox 2318 3898 3882 3978; baseline -0.006 -20"><span class='ocrx_word' id='word_1_673' title='bbox 2318 3902 2628 3958; x_wconf 86' lang='grc' dir='ltr'>ἀναστεῖλαι</span> <span class='ocrx_word' id='word_1_674' title='bbox 2687 3900 3123 3978; x_wconf 78' lang='grc' dir='ltr'>ἀνασυραμὲνους</span> <span class='ocrx_word' id='word_1_675' title='bbox 3199 3901 3264 3957; x_wconf 82' lang='grc' dir='ltr'><strong>τὸ</strong></span> <span class='ocrx_word' id='word_1_676' title='bbox 3335 3901 3502 3975; x_wconf 64' lang='grc' dir='ltr'>μέλαν</span> <span class='ocrx_word' id='word_1_677' title='bbox 3574 3898 3882 3972; x_wconf 73' lang='grc' dir='ltr'>παραπέτασμα</span> 
     </span>
    </p>
   </div>
   <div class='ocr_carea' id='block_1_96' title="bbox 2320 3981 3881 4066">
    <p class='ocr_par' dir='ltr' id='par_1_96' title="bbox 2320 3981 3881 4066">
     <span class='ocr_line' id='line_1_97' title="bbox 2320 3981 3881 4066; baseline -0.004 -20"><span class='ocrx_word' id='word_1_678' title='bbox 2320 3992 2450 4066; x_wconf 74' lang='grc' dir='ltr'>ὑπὲρ</span> <span class='ocrx_word' id='word_1_679' title='bbox 2525 3993 2587 4046; x_wconf 86' lang='grc' dir='ltr'><strong>τὸ</strong></span> <span class='ocrx_word' id='word_1_680' title='bbox 2667 3992 2941 4064; x_wconf 75' lang='grc' dir='ltr'>μέτωπον,</span> <span class='ocrx_word' id='word_1_681' title='bbox 3012 3987 3116 4053; x_wconf 69' lang='grc' dir='ltr'><strong>ἕως</strong></span> <span class='ocrx_word' id='word_1_682' title='bbox 3183 3991 3275 4046; x_wconf 78' lang='grc' dir='ltr'>καὶ</span> <span class='ocrx_word' id='word_1_683' title='bbox 3339 3991 3415 4053; x_wconf 85' lang='grc' dir='ltr'><strong>είς</strong></span> <span class='ocrx_word' id='word_1_684' title='bbox 3483 3989 3629 4045; x_wconf 81' lang='grc' dir='ltr'>αὐτὸν</span> <span class='ocrx_word' id='word_1_685' title='bbox 3685 3981 3881 4062; x_wconf 55' lang='grc' dir='ltr'>βρεχμόν</span> 
     </span>
    </p>
   </div>
   <div class='ocr_carea' id='block_1_97' title="bbox 2311 4066 3882 4156">
    <p class='ocr_par' dir='ltr' id='par_1_97' title="bbox 2311 4066 3882 4156">
     <span class='ocr_line' id='line_1_98' title="bbox 2311 4066 3882 4156; baseline -0.002 -22"><span class='ocrx_word' id='word_1_686' title='bbox 2311 4079 2404 4136; x_wconf 70' lang='grc' dir='ltr'>’ίνα</span> <span class='ocrx_word' id='word_1_687' title='bbox 2455 4082 2602 4156; x_wconf 87' lang='grc' dir='ltr'>τάχα</span> <span class='ocrx_word' id='word_1_688' title='bbox 2648 4101 2844 4154; x_wconf 85' lang='grc' dir='ltr'>γυμνῳ</span> <span class='ocrx_word' id='word_1_689' title='bbox 2888 4084 2967 4152; x_wconf 82' lang='grc' dir='ltr'><strong>τῷ</strong></span> <span class='ocrx_word' id='word_1_690' title='bbox 3010 4081 3294 4154; x_wconf 87' lang='grc' dir='ltr'>προσώπῳ</span> <span class='ocrx_word' id='word_1_691' title='bbox 3354 4079 3715 4156; x_wconf 82' lang='grc' dir='ltr'>Θρασύνωνται,</span> <span class='ocrx_word' id='word_1_692' title='bbox 3761 4073 3818 4132; x_wconf 80' lang='grc' dir='ltr'>ὡς</span> <span class='ocrx_word' id='word_1_693' title='bbox 3851 4066 3882 4121; x_wconf 78' lang='grc' dir='ltr'>ιῖ</span> 
     </span>
    </p>
   </div>
   <div class='ocr_carea' id='block_1_98' title="bbox 2314 4157 3882 4244">
    <p class='ocr_par' dir='ltr' id='par_1_98' title="bbox 2314 4157 3882 4244">
     <span class='ocr_line' id='line_1_99' title="bbox 2314 4157 3882 4244; baseline -0.008 -19"><span class='ocrx_word' id='word_1_694' title='bbox 2314 4169 2404 4224; x_wconf 81' lang='grc' dir='ltr'>καὶ</span> <span class='ocrx_word' id='word_1_695' title='bbox 2452 4169 2662 4240; x_wconf 88' lang='grc' dir='ltr'>πόρνης</span> <span class='ocrx_word' id='word_1_696' title='bbox 2715 4165 2838 4243; x_wconf 72' lang='grc' dir='ltr'>ὄψιν</span> <span class='ocrx_word' id='word_1_697' title='bbox 2895 4168 3067 4244; x_wconf 78' lang='grc' dir='ltr'>εἶχον.</span> <span class='ocrx_word' id='word_1_698' title='bbox 3121 4170 3255 4225; x_wconf 79' lang='grc' dir='ltr'>’Ὀτε</span> <span class='ocrx_word' id='word_1_699' title='bbox 3303 4169 3394 4223; x_wconf 85' lang='grc' dir='ltr'><strong>καὶ</strong></span> <span class='ocrx_word' id='word_1_700' title='bbox 3443 4169 3470 4222; x_wconf 83' lang='grc' dir='ltr'>ὁ</span> <span class='ocrx_word' id='word_1_701' title='bbox 3500 4168 3562 4222; x_wconf 79' lang='grc' dir='ltr'><strong>τά</strong></span> <span class='ocrx_word' id='word_1_702' title='bbox 3607 4166 3716 4242; x_wconf 73' lang='grc' dir='ltr'>πρὶν</span> <span class='ocrx_word' id='word_1_703' title='bbox 3755 4157 3882 4214; x_wconf 74' lang='grc' dir='ltr'>κατώ-</span> 
     </span>
    </p>
   </div>
   <div class='ocr_carea' id='block_1_99' title="bbox 2315 4243 3882 4335">
    <p class='ocr_par' dir='ltr' id='par_1_99' title="bbox 2315 4243 3882 4335">
     <span class='ocr_line' id='line_1_100' title="bbox 2315 4243 3882 4335; baseline -0.007 -22"><span class='ocrx_word' id='word_1_704' title='bbox 2315 4254 2458 4332; x_wconf 74' lang='grc' dir='ltr'>ϐλεψ</span> <span class='ocrx_word' id='word_1_705' title='bbox 2509 4257 2715 4321; x_wconf 76' lang='grc' dir='ltr'>ἐκεῖνος</span> <span class='ocrx_word' id='word_1_706' title='bbox 2765 4243 3098 4320; x_wconf 80' lang='grc' dir='ltr'>ἀναπετάσας</span> <span class='ocrx_word' id='word_1_707' title='bbox 3145 4257 3273 4319; x_wconf 74' lang='grc' dir='ltr'>τοὺς</span> <span class='ocrx_word' id='word_1_708' title='bbox 3317 4254 3648 4335; x_wconf 77' lang='grc' dir='ltr'>ὀφθαλμοὺς,</span> <span class='ocrx_word' id='word_1_709' title='bbox 3687 4248 3789 4306; x_wconf 80' lang='grc' dir='ltr'>ὡσεὶ</span> <span class='ocrx_word' id='word_1_710' title='bbox 3823 4243 3882 4335; x_wconf 69' lang='grc' dir='ltr'><strong>κρῖ</strong></span> 
     </span>
    </p>
   </div>
   <div class='ocr_carea' id='block_1_100' title="bbox 2316 4334 3880 4422">
    <p class='ocr_par' dir='ltr' id='par_1_100' title="bbox 2316 4334 3880 4422">
     <span class='ocr_line' id='line_1_101' title="bbox 2316 4334 3880 4422; baseline -0.01 -20"><span class='ocrx_word' id='word_1_711' title='bbox 2316 4346 2654 4422; x_wconf 89' lang='grc' dir='ltr'>πυρπνόους,</span> <span class='ocrx_word' id='word_1_712' title='bbox 2716 4345 2864 4402; x_wconf 82' lang='grc' dir='ltr'>δεινά</span> <span class='ocrx_word' id='word_1_713' title='bbox 2918 4351 3089 4416; x_wconf 82' lang='grc' dir='ltr'>ποιεῖ,</span> <span class='ocrx_word' id='word_1_714' title='bbox 3151 4334 3371 4421; x_wconf 74' lang='grc' dir='ltr'>φλὲγων</span> <span class='ocrx_word' id='word_1_715' title='bbox 3425 4347 3596 4418; x_wconf 78' lang='grc' dir='ltr'>θυμῷ,</span> <span class='ocrx_word' id='word_1_716' title='bbox 3651 4342 3794 4397; x_wconf 82' lang='grc' dir='ltr'>κυκῶν</span> <span class='ocrx_word' id='word_1_717' title='bbox 3819 4334 3880 4388; x_wconf 80' lang='grc' dir='ltr'><strong>τὸν</strong></span> 
     </span>
    </p>
   </div>
   <div class='ocr_carea' id='block_1_101' title="bbox 2316 4423 3885 4511">
    <p class='ocr_par' dir='ltr' id='par_1_101' title="bbox 2316 4423 3885 4511">
     <span class='ocr_line' id='line_1_102' title="bbox 2316 4423 3885 4511; baseline -0.004 -21"><span class='ocrx_word' id='word_1_718' title='bbox 2316 4433 2446 4492; x_wconf 82' lang='grc' dir='ltr'>σύλ)</span> <span class='ocrx_word' id='word_1_719' title='bbox 2463 4456 2613 4511; x_wconf 88' lang='grc' dir='ltr'>ογον,</span> <span class='ocrx_word' id='word_1_720' title='bbox 2644 4434 2816 4491; x_wconf 89' lang='grc' dir='ltr'>πάντα</span> <span class='ocrx_word' id='word_1_721' title='bbox 2847 4432 3014 4509; x_wconf 83' lang='grc' dir='ltr'>δρῶν,</span> <span class='ocrx_word' id='word_1_722' title='bbox 3047 4431 3118 4489; x_wconf 85' lang='grc' dir='ltr'>δι’</span> <span class='ocrx_word' id='word_1_723' title='bbox 3145 4435 3220 4490; x_wconf 82' lang='grc' dir='ltr'>ὧν</span> <span class='ocrx_word' id='word_1_724' title='bbox 3256 4433 3508 4511; x_wconf 72' lang='grc' dir='ltr'>ἐντρέψας</span> <span class='ocrx_word' id='word_1_725' title='bbox 3533 4433 3594 4490; x_wconf 82' lang='grc' dir='ltr'>οὐ</span> <span class='ocrx_word' id='word_1_726' title='bbox 3615 4423 3885 4500; x_wconf 76' lang='grc' dir='ltr'>καταισχυνᾶ</span> 
     </span>
    </p>
   </div>
   <div class='ocr_carea' id='block_1_102' title="bbox 2314 4521 3042 4603">
    <p class='ocr_par' dir='ltr' id='par_1_102' title="bbox 2314 4521 3042 4603">
     <span class='ocr_line' id='line_1_103' title="bbox 2314 4521 3042 4603; baseline 0.001 -23"><span class='ocrx_word' id='word_1_727' title='bbox 2314 4525 2414 4594; x_wconf 72' lang='grc' dir='ltr'><strong>τὴν</strong></span> <span class='ocrx_word' id='word_1_728' title='bbox 2441 4523 2746 4603; x_wconf 78' lang='grc' dir='ltr'>λεωφόρον,</span> <span class='ocrx_word' id='word_1_729' title='bbox 2774 4525 2840 4594; x_wconf 77' lang='grc' dir='ltr'>ἣν</span> <span class='ocrx_word' id='word_1_730' title='bbox 2870 4521 3042 4601; x_wconf 87' lang='grc' dir='ltr'>φιλεῖ.</span> 
     </span>
    </p>
   </div>
   <div class='ocr_carea' id='block_1_103' title="bbox 2390 4600 3880 4691">
    <p class='ocr_par' dir='ltr' id='par_1_103' title="bbox 2390 4600 3880 4691">
     <span class='ocr_line' id='line_1_104' title="bbox 2390 4600 3880 4691; baseline -0.005 -20"><span class='ocrx_word' id='word_1_731' title='bbox 2390 4600 2668 4691; x_wconf 39' lang='grc' dir='ltr'>ρμη’.’Τί</span> <span class='ocrx_word' id='word_1_732' title='bbox 2720 4634 2778 4668; x_wconf 92' lang='grc' dir='ltr'><strong>σε</strong></span> <span class='ocrx_word' id='word_1_733' title='bbox 2822 4600 3120 4684; x_wconf 80' lang='grc' dir='ltr'>τηνικαῦτα</span> <span class='ocrx_word' id='word_1_734' title='bbox 3165 4617 3558 4688; x_wconf 85' lang='grc' dir='ltr'>προσεροῦμεν,</span> <span class='ocrx_word' id='word_1_735' title='bbox 3610 4610 3651 4664; x_wconf 83' lang='grc' dir='ltr'><strong>ὧ</strong></span> <span class='ocrx_word' id='word_1_736' title='bbox 3702 4600 3880 4680; x_wconf 70' lang='grc' dir='ltr'>μονσχέῖ</span> 
     </span>
    </p>
   </div>
   <div class='ocr_carea' id='block_1_104' title="bbox 2316 4700 3879 4778">
    <p class='ocr_par' dir='ltr' id='par_1_104' title="bbox 2316 4700 3879 4778">
     <span class='ocr_line' id='line_1_105' title="bbox 2316 4700 3879 4778; baseline -0.009 -21"><span class='ocrx_word' id='word_1_737' title='bbox 2316 4702 2552 4771; x_wconf 82' lang='grc' dir='ltr'>ἀστικὸν,</span> <span class='ocrx_word' id='word_1_738' title='bbox 2610 4704 2646 4773; x_wconf 77' lang='grc' dir='ltr'><strong>ἢ</strong></span> <span class='ocrx_word' id='word_1_739' title='bbox 2707 4701 3000 4777; x_wconf 71' lang='grc' dir='ltr'>ἔρημικόνς</span> <span class='ocrx_word' id='word_1_740' title='bbox 3069 4702 3275 4778; x_wconf 88' lang='grc' dir='ltr'>γωνίας</span> <span class='ocrx_word' id='word_1_741' title='bbox 3331 4700 3603 4778; x_wconf 72' lang='grc' dir='ltr'>ἄνθρωπον</span> <span class='ocrx_word' id='word_1_742' title='bbox 3654 4709 3879 4764; x_wconf 76' lang='grc' dir='ltr'>πνευματιο</span> 
     </span>
    </p>
   </div>
   <div class='ocr_carea' id='block_1_105' title="bbox 2316 4781 3880 4866">
    <p class='ocr_par' dir='ltr' id='par_1_105' title="bbox 2316 4781 3880 4866">
     <span class='ocr_line' id='line_1_106' title="bbox 2316 4781 3880 4866; baseline 0.001 -19"><span class='ocrx_word' id='word_1_743' title='bbox 2316 4799 2442 4863; x_wconf 79' lang='grc' dir='ltr'><strong>κῆς,</strong></span> <span class='ocrx_word' id='word_1_744' title='bbox 2472 4792 2506 4860; x_wconf 77' lang='grc' dir='ltr'><strong>ἢ</strong></span> <span class='ocrx_word' id='word_1_745' title='bbox 2541 4790 2795 4866; x_wconf 79' lang='grc' dir='ltr'>ἀμφόδου</span> <span class='ocrx_word' id='word_1_746' title='bbox 2827 4790 3159 4862; x_wconf 80' lang='grc' dir='ltr'>πολιτικῆς;</span> <span class='ocrx_word' id='word_1_747' title='bbox 3217 4789 3627 4866; x_wconf 86' lang='grc' dir='ltr'>κωμοπολίτην,</span> <span class='ocrx_word' id='word_1_748' title='bbox 3678 4781 3880 4866; x_wconf 52' lang='grc' dir='ltr'>ἢέρημφ</span> 
     </span>
    </p>
   </div>
   <div class='ocr_carea' id='block_1_106' title="bbox 2315 4864 3884 4953">
    <p class='ocr_par' dir='ltr' id='par_1_106' title="bbox 2315 4864 3884 4953">
     <span class='ocr_line' id='line_1_107' title="bbox 2315 4864 3884 4953; baseline -0.011 -17"><span class='ocrx_word' id='word_1_749' title='bbox 2315 4864 2588 4950; x_wconf 64' lang='grc' dir='ltr'>πολίτην,</span> <span class='ocrx_word' id='word_1_750' title='bbox 2637 4864 2768 4950; x_wconf 31' lang='grc' dir='ltr'>-Ναὶ,</span> <span class='ocrx_word' id='word_1_751' title='bbox 2833 4881 3009 4953; x_wconf 74' lang='grc' dir='ltr'>οἶμαι,</span> <span class='ocrx_word' id='word_1_752' title='bbox 3069 4864 3340 4950; x_wconf 81' lang='grc' dir='ltr'>τοιοῦτον,</span> <span class='ocrx_word' id='word_1_753' title='bbox 3399 4881 3472 4942; x_wconf 85' lang='grc' dir='ltr'>ὡς</span> <span class='ocrx_word' id='word_1_754' title='bbox 3531 4864 3884 4953; x_wconf 57' lang='grc' dir='ltr'>ἐρημοῦντατῆγ</span> 
     </span>
    </p>
   </div>
   <div class='ocr_carea' id='block_1_107' title="bbox 2319 4948 3877 5045">
    <p class='ocr_par' dir='ltr' id='par_1_107' title="bbox 2319 4948 3877 5045">
     <span class='ocr_line' id='line_1_108' title="bbox 2319 4948 3877 5045; baseline -0.005 -21"><span class='ocrx_word' id='word_1_755' title='bbox 2319 4969 2423 5024; x_wconf 87' lang='grc' dir='ltr'>ὑπὸ</span> <span class='ocrx_word' id='word_1_756' title='bbox 2465 4948 2581 5024; x_wconf 23' lang='grc' dir='ltr'>σοῦ.</span> <span class='ocrx_word' id='word_1_757' title='bbox 2615 4948 2949 5045; x_wconf 72' lang='grc' dir='ltr'>τριϐομένην</span> <span class='ocrx_word' id='word_1_758' title='bbox 2996 4948 3161 5024; x_wconf 83' lang='grc' dir='ltr'>πόλιν</span> <span class='ocrx_word' id='word_1_759' title='bbox 3229 4948 3512 5043; x_wconf 79' lang='grc' dir='ltr'>μιμήσεως</span> <span class='ocrx_word' id='word_1_760' title='bbox 3557 4948 3761 5040; x_wconf 71' lang='grc' dir='ltr'>ἀγαθῆς·</span> <span class='ocrx_word' id='word_1_761' title='bbox 3807 4948 3877 5009; x_wconf 66' lang='grc' dir='ltr'><strong>Ῑίιιἶ</strong></span> 
     </span>
    </p>
   </div>
   <div class='ocr_carea' id='block_1_108' title="bbox 2319 5049 3882 5139">
    <p class='ocr_par' dir='ltr' id='par_1_108' title="bbox 2319 5049 3882 5139">
     <span class='ocr_line' id='line_1_109' title="bbox 2319 5049 3882 5139; baseline -0.017 -11"><span class='ocrx_word' id='word_1_762' title='bbox 2319 5059 2425 5131; x_wconf 68' lang='grc' dir='ltr'>μὴν</span> <span class='ocrx_word' id='word_1_763' title='bbox 2503 5057 2735 5136; x_wconf 71' lang='grc' dir='ltr'>ὤφειλες</span> <span class='ocrx_word' id='word_1_764' title='bbox 2804 5057 3040 5132; x_wconf 64' lang='grc' dir='ltr'>ἐπίγειος</span> <span class='ocrx_word' id='word_1_765' title='bbox 3111 5059 3202 5131; x_wconf 78' lang='grc' dir='ltr'>μὶν</span> <span class='ocrx_word' id='word_1_766' title='bbox 3284 5059 3416 5113; x_wconf 73' lang='grc' dir='ltr'>εἶναι</span> <span class='ocrx_word' id='word_1_767' title='bbox 3480 5057 3540 5111; x_wconf 85' lang='grc' dir='ltr'><strong>τὸ</strong></span> <span class='ocrx_word' id='word_1_768' title='bbox 3615 5049 3882 5139; x_wconf 55' lang='grc' dir='ltr'>φαινόμενοξρ</span> 
     </span>
    </p>
   </div>
   <div class='ocr_carea' id='block_1_109' title="bbox 2315 5143 3880 5227">
    <p class='ocr_par' dir='ltr' id='par_1_109' title="bbox 2315 5143 3880 5227">
     <span class='ocr_line' id='line_1_110' title="bbox 2315 5143 3880 5227; baseline -0.007 -25"><span class='ocrx_word' id='word_1_769' title='bbox 2315 5147 2562 5219; x_wconf 81' lang='grc' dir='ltr'>οὐράνιος</span> <span class='ocrx_word' id='word_1_770' title='bbox 2616 5145 2675 5203; x_wconf 77' lang='grc' dir='ltr'><strong>δὶ</strong></span> <span class='ocrx_word' id='word_1_771' title='bbox 2715 5148 2777 5203; x_wconf 93' lang='grc' dir='ltr'><strong>τό</strong></span> <span class='ocrx_word' id='word_1_772' title='bbox 2817 5168 2879 5223; x_wconf 86' lang='grc' dir='ltr'><strong>γε</strong></span> <span class='ocrx_word' id='word_1_773' title='bbox 2907 5146 3155 5222; x_wconf 81' lang='grc' dir='ltr'>κρύφιον,</span> <span class='ocrx_word' id='word_1_774' title='bbox 3187 5147 3250 5202; x_wconf 80' lang='grc' dir='ltr'>τὸ</span> <span class='ocrx_word' id='word_1_775' title='bbox 3281 5145 3438 5226; x_wconf 82' lang='grc' dir='ltr'>φίλον</span> <span class='ocrx_word' id='word_1_776' title='bbox 3473 5149 3549 5216; x_wconf 79' lang='grc' dir='ltr'><strong>τῷ</strong></span> <span class='ocrx_word' id='word_1_777' title='bbox 3577 5143 3724 5211; x_wconf 80' lang='grc' dir='ltr'>κοινῷ</span> <span class='ocrx_word' id='word_1_778' title='bbox 3748 5148 3880 5227; x_wconf 43' lang='grc' dir='ltr'>πατρί,</span> 
     </span>
    </p>
   </div>
   <div class='ocr_carea' id='block_1_110' title="bbox 2313 5222 3881 5312">
    <p class='ocr_par' dir='ltr' id='par_1_110' title="bbox 2313 5222 3881 5312">
     <span class='ocr_line' id='line_1_111' title="bbox 2313 5222 3881 5312; baseline -0.006 -21"><span class='ocrx_word' id='word_1_779' title='bbox 2313 5241 2450 5308; x_wconf 72' lang='grc' dir='ltr'><strong>Θεῖν’</strong></span> <span class='ocrx_word' id='word_1_780' title='bbox 2513 5237 2572 5300; x_wconf 80' lang='grc' dir='ltr'><strong>ὅς</strong></span> <span class='ocrx_word' id='word_1_781' title='bbox 2632 5222 2850 5312; x_wconf 72' lang='grc' dir='ltr'>βλέπων</span> <span class='ocrx_word' id='word_1_782' title='bbox 2900 5235 2950 5291; x_wconf 66' lang='grc' dir='ltr'>ἂν</span> <span class='ocrx_word' id='word_1_783' title='bbox 2997 5241 3078 5308; x_wconf 80' lang='grc' dir='ltr'>τῷ</span> <span class='ocrx_word' id='word_1_784' title='bbox 3125 5222 3370 5311; x_wconf 73' lang='grc' dir='ltr'>κρυπτῷ,</span> <span class='ocrx_word' id='word_1_785' title='bbox 3421 5229 3725 5290; x_wconf 79' lang='grc' dir='ltr'>ἀποδίδωσιν</span> <span class='ocrx_word' id='word_1_786' title='bbox 3765 5222 3881 5282; x_wconf 68' lang='grc' dir='ltr'><strong>ἐντῷ</strong></span> 
     </span>
    </p>
   </div>
   <div class='ocr_carea' id='block_1_111' title="bbox 2312 5312 3877 5403">
    <p class='ocr_par' dir='ltr' id='par_1_111' title="bbox 2312 5312 3877 5403">
     <span class='ocr_line' id='line_1_112' title="bbox 2312 5312 3877 5403; baseline -0.015 -23"><span class='ocrx_word' id='word_1_787' title='bbox 2312 5331 2544 5403; x_wconf 82' lang='grc' dir='ltr'>φανερῷ.</span> <span class='ocrx_word' id='word_1_788' title='bbox 2623 5327 2698 5380; x_wconf 82' lang='grc' dir='ltr'>Σὺ</span> <span class='ocrx_word' id='word_1_789' title='bbox 2753 5323 2812 5380; x_wconf 70' lang='grc' dir='ltr'><strong>δὲ</strong></span> <span class='ocrx_word' id='word_1_790' title='bbox 2868 5323 3014 5380; x_wconf 80' lang='grc' dir='ltr'>ἀλλὰ</span> <span class='ocrx_word' id='word_1_791' title='bbox 3063 5325 3368 5402; x_wconf 80' lang='grc' dir='ltr'>ἀρθριάζεις</span> <span class='ocrx_word' id='word_1_792' title='bbox 3429 5324 3521 5397; x_wconf 78' lang='grc' dir='ltr'>μὶν</span> <span class='ocrx_word' id='word_1_793' title='bbox 3572 5322 3645 5390; x_wconf 78' lang='grc' dir='ltr'><strong>τῷ</strong></span> <span class='ocrx_word' id='word_1_794' title='bbox 3689 5312 3877 5403; x_wconf 60' lang='grc' dir='ltr'>σχήματι</span> 
     </span>
    </p>
   </div>
   <div class='ocr_carea' id='block_1_112' title="bbox 2311 5385 3880 5494">
    <p class='ocr_par' dir='ltr' id='par_1_112' title="bbox 2311 5385 3880 5494">
     <span class='ocr_line' id='line_1_113' title="bbox 2311 5385 3880 5494; baseline -0.006 -24"><span class='ocrx_word' id='word_1_795' title='bbox 2311 5385 2755 5491; x_wconf 69' lang='grc' dir='ltr'>όύρανόϐάμονος</span> <span class='ocrx_word' id='word_1_796' title='bbox 2817 5411 3013 5488; x_wconf 80' lang='grc' dir='ltr'>δίκην,</span> <span class='ocrx_word' id='word_1_797' title='bbox 3071 5385 3445 5494; x_wconf 62' lang='grc' dir='ltr'>προσκεκυφας</span> <span class='ocrx_word' id='word_1_798' title='bbox 3502 5408 3557 5466; x_wconf 67' lang='grc' dir='ltr'><strong>δὲ</strong></span> <span class='ocrx_word' id='word_1_799' title='bbox 3814 5385 3880 5447; x_wconf 63' lang='grc' dir='ltr'><strong>δαί</strong></span> 
     </span>
    </p>
   </div>
  </div>
