4104 6210
279 280 406 341 853

1301 279 1405 339 DE
1452 278 1939 338 EMENDANDA
1981 277 2166 340 VlTA
2210 283 2686 348 MONACHIGA.

3585 292 3706 352 854

273 409 694 486 προσπέφυκας,
753 407 881 462 ὡσεὶ
954 408 1044 463 καὶ
1127 405 1520 484 μανδραγόρας,
1679 405 1818 462 ἄλλο
1891 427 1945 461 τι

2063 414 2246 468 tractu
2277 415 2554 474 difﬁcilis.
2595 420 2702 473 Aut
2727 418 2862 488 Deo,
2885 418 3298 491 inquiunt,aut
3328 437 3701 476 mammonae»

276 497 712 554 δυσέκσπαστον.
768 504 833 552 Ἡ
890 521 917 550 ‹‹
975 501 1055 569 τῷ
1108 502 1226 569 Θεῷ
1258 522 1280 550 ι
1320 496 1505 572 φησὶν,
1536 497 1570 565 ἢ
1623 519 1650 548 ››
1700 501 1778 567 τῷ
1841 517 1940 568 μα-

278 593 462 662 μωνᾷ.
497 611 525 642 ››
572 589 644 644 Ἦ
693 587 795 663 γὰρ
848 583 1070 657 ἄλλως;
1103 586 1262 644 Οὕτω
1312 584 1369 640 δὲ
1415 585 1504 640 καὶ
1537 586 1565 639 6
1606 586 1742 660 πρὸς
1801 582 1940 654 ἀλή-

271 679 428 732 θειαν
490 677 758 750 μονάζων,
885 679 964 746 τῷ
1017 671 1211 747 κὸσμῳ
1268 674 1503 743 πάντως,
1553 672 1587 741 ἢ
1637 673 1715 745 τῷ
1774 692 1942 747 φρον-

271 766 579 842 τιστηρίῳ.
623 763 914 833 Δυάζεσθαι
963 763 1063 840 γὰρ
1115 763 1213 818 οὐκ
1259 759 1369 817 ἔστι
1415 763 1506 816 τὸν
1563 759 1785 831 ἀληθῶς
1839 780 1939 832 μο-

273 854 541 925 νάζοντα.

355 945 503 1020 ρμθ’.
560 942 772 1017 Σεμνὸν
829 943 976 1018 παρὰ
1028 946 1146 1005 τοῖς
1203 941 1376 998 πάλαι
1425 945 1613 1018 σοφοῖς
1650 942 1685 1009 ἡ
1749 939 1938 1012 μονὰς,

275 1029 377 1088 διὰ
429 1034 494 1088 τὸ
541 1032 617 1094 εἷς
673 1033 865 1100 ἑαυτὴν
910 1030 1220 1110 ἐστράφθαι,
1252 1031 1342 1085 καὶ
1372 1027 1704 1090 ἀδιαστάτως
1769 1025 1937 1102 ἔχειν·

271 1123 374 1178 καὶ
437 1122 585 1198 ἀρχὴ
668 1122 763 1192 μὶν
835 1120 1070 1197 ἀριθμοῦ
1149 1121 1412 1175 τεθεῖσθαι
1470 1120 1559 1174 καὶ
1611 1117 1941 1191 πληθυσμοῢ

275 1211 454 1279 αἰτία,
490 1213 567 1286 μή
631 1211 814 1284 μέντοι
873 1209 962 1264 καὶ
1019 1208 1154 1279 αὐτή
1206 1208 1486 1284 πολύχοος
1520 1208 1652 1262 εἶναι
1707 1206 1796 1262 καὶ
1851 1205 1940 1260 εὐ-

277 1299 507 1377 σχιδής.
543 1301 636 1355 Διὸ
678 1300 769 1354 καὶ
820 1297 896 1362 εἶ’ς
945 1320 997 1352 τι
1043 1303 1188 1364 θεῖον
1237 1298 1509 1364 ἐτάσσετο,
1539 1297 1628 1352 καὶ
1683 1303 1782 1365 τῆς
1830 1299 1937 1350 τῶν

279 1391 502 1467 ἀγαθῶν
578 1387 896 1465 συστοιχίας
968 1388 1314 1463 προεκάθητο
1383 1386 1434 1442 ἐν
1506 1389 1575 1460 τῇ
1651 1383 1939 1464 φιλοσόφῳ

275 1482 630 1556 καταγραφῇ.
690 1477 794 1534 Καὶ
850 1475 993 1532 οὕτω
1052 1477 1144 1550 μὲν
1209 1477 1402 1549 σεμνὸν
1458 1479 1493 1545 ἡ
1557 1477 1737 1549 μονάς.
1770 1475 1833 1531 Ἡ
1883 1469 1940 1526 δὲ

277 1566 438 1635 δυάς,
491 1568 684 1643 πρώτη
763 1571 871 1620 τῶν
932 1564 1120 1642 ἐφεξῆς
1187 1565 1451 1640 ἀριθμῶν,
1503 1561 1772 1618 διάστασιν
1840 1582 1940 1634 με·

275 1656 583 1728 λετήσασα,
631 1654 720 1711 καὶ
781 1657 898 1710 οἷον
967 1654 1362 1730 ἀποσχισθεῖσα
1422 1659 1522 1722 τῆς
1595 1653 1798 1728 ἀρχῆς,
1848 1648 1938 1704 καὶ

2053 499 2200 563 Quid
2233 503 2388 558 enim
2422 506 2580 561 aliud
2603 506 2862 562 ?Eodem
2897 509 3069 564 modo
3101 525 3234 564 vere
3266 509 3590 564 monachus
3613 516 3700 565 vel

2053 592 2274 646 mundo
2305 595 2584 661 totaliter,
2638 596 2728 652 vel
2780 598 3156 653 monasterio.
3191 600 3252 652 In
3312 599 3459 654 duas
3506 603 3698 670 partes

2051 678 2209 734 enim
2240 682 2428 738 scindi
2460 701 2574 740 non
2607 690 2800 757 potest
2829 703 3000 742 verus
3035 686 3383 743 monachus.

2125 952 2495 1008 149.Sacrum
2515 954 2736 1025 aliquid
2760 957 2913 1026 apud
2933 960 3158 1013 veteres
3181 956 3560 1028 philosophos
3574 963 3699 1015 erat

2049 1039 2269 1108 unitas,
2305 1040 2443 1112 quia
2475 1042 2534 1096 in
2560 1057 2622 1096 se
2653 1042 2783 1114 ipsa
2805 1043 3093 1114 sistit,nec
3115 1044 3291 1100 habet
3313 1046 3695 1116 divisionem;

2050 1141 2118 1182 ea
2150 1127 2504 1200 principium
2531 1147 2911 1186 numerorum
2949 1132 3400 1202 ponitur,causa
3431 1133 3698 1189 multitu-

2050 1215 2338 1282 dinis,nec
2369 1222 2566 1274 tamen
2600 1218 2934 1276 multicolor
2962 1225 3180 1291 est,aut
3211 1222 3541 1277 divisibilis.
3565 1224 3697 1278 Ideo

2048 1304 2301 1362 habetur
2361 1314 2424 1363 ut
2479 1309 2703 1380 aliquid
2766 1310 3051 1376 divinum,
3086 1311 3144 1364 in
3204 1312 3353 1366 serie
3411 1313 3696 1368 bonorum

2051 1395 2240 1472 primo
2273 1398 2557 1453 statuitur
2585 1417 2616 1452 a
2643 1398 3050 1470 scriptoribus.
3088 1399 3183 1454 Sic
3212 1417 3380 1454 sacra
3410 1407 3536 1455 erat
3569 1401 3698 1455 uni-

2047 1488 2160 1539 tas.
2193 1485 2318 1540 Duo
2351 1492 2571 1552 autem,
2604 1486 2832 1558 primus
2882 1488 3372 1558 subsequentium
3425 1506 3699 1545 numero-

2049 1589 2202 1642 rum,
2236 1575 2583 1631 divisionem
2610 1576 2973 1647 signiﬁcans,
2999 1577 3168 1648 quasi
3193 1583 3462 1650 separata
3483 1595 3516 1633 a
3539 1579 3700 1650 prinv

2049 1660 2219 1733 cipio,
2244 1664 2645 1720 multitudinis
2676 1665 2936 1731 initium,
2959 1666 3207 1722 audacia
3236 1667 3697 1733 vocabatur,non

274 1745 532 1816 πλήθους
615 1742 959 1818 κατάρξασα,
1032 1741 1216 1816 τόλμα
1287 1741 1599 1814 ἐπεκλήθη,
1658 1739 1725 1795 οὐ
1799 1739 1938 1795 πάνυ

2063 1751 2221 1821 plane
2242 1755 2414 1821 serio,
2448 1755 2548 1809 sed
2599 1755 2765 1824 quasi
2815 1755 3078 1810 ridendo.
3130 1754 3350 1810 Exinde
3396 1755 3693 1810 miseriam

275 1840 522 1910 σεμνῶς,
573 1831 720 1890 ἀλλᾶ
770 1830 1243 1908 σκωπτικώτερον.
1298 1831 1398 1885 Καὶ
1471 1830 1646 1886 τοίνυν
1709 1831 1798 1884 ἀπ’
1845 1829 1938 1884 αὖ·

273 1929 384 1990 τῆς
462 1924 551 1979 καὶ
632 1923 732 1992 τὴν
815 1921 1176 1976 κακοπάθειαν
1239 1920 1290 1975 οἱ
1345 1919 1411 1975 τὰ
1493 1923 1720 1974 τοιαῦτα
1781 1919 1938 1996 σοφοὶ

271 2039 300 2066 ιι
351 2011 487 2084 δύην
535 2037 564 2065 ››
620 2008 902 2081 ἐκάλεσαν,
932 2011 1006 2072 ὡς
1052 2011 1151 2080 τήν
1196 2010 1332 2064 κατά
1389 2013 1549 2084 σῶμα
1606 2005 1934 2084 στοιχειώδη

266 2106 394 2168 καθ’
452 2105 602 2177 ἡμᾶς
650 2099 878 2171 ἑνότητα
935 2097 1229 2168 δυάζουσαν
1289 2097 1425 2154 κατά
1485 2119 1543 2152 τε
1605 2099 1668 2153 τὸ
1723 2099 1934 2172 πάσχον

266 2194 367 2248 καὶ
419 2192 483 2247 τὸ
535 2195 750 2247 ποιοῦν.
785 2185 992 2247 Οὔκουν
1052 2188 1142 2244 καὶ
1191 2193 1307 2250 τοῖς
1359 2186 1465 2242 ἔσω
1519 2187 1608 2242 καὶ
1665 2193 1782 2250 τοῖς
1836 2186 1936 2260 ἔξω

275 2279 620 2356 μεριστέοςὸ
658 2279 925 2354 μοναχὸς,
979 2279 1055 2341 ὡς
1107 2275 1280 2339 οὕτως
1338 2277 1454 2332 ἄντὶ
1509 2281 1606 2332 τοῦ
1665 2281 1760 2351 ζῇν
1835 2298 1933 2350 μο-

268 2372 367 2444 vae
437 2367 720 2439 δυάζεσθαι
797 2367 954 2442 (ὅπερ
1034 2367 1133 2422 οὐκ
1207 2365 1471 2440 ἐτάξατο),
1530 2367 1621 2421 καὶ
1696 2363 1934 2431 ἐντεῦθεν

268 2458 631 2538 ἀφιλοσόφως
714 2454 1025 2533 διαχὲεσθαι
1108 2453 1186 2520 εἷς
1269 2453 1595 2529 πληθυσμὸν
1665 2456 1728 2510 οὐ
1813 2466 1933 2520 θεο-

277 2546 446 2627 φιλῆ.

344 2639 446 2712 ρν’.
481 2636 545 2692 ΕΙ
596 2633 642 2690 δ’
692 2633 846 2708 ἴσως,
894 2635 939 2688 ὦ
992 2634 1408 2708 μοναστηριακὶ,
1459 2634 1748 2711 προφέρεις
1798 2635 1932 2706 ἡμῖν

276 2726 359 2791 εἷς
415 2723 666 2780 ἆθώωσίν
727 2744 822 2778 σου
896 2721 1068 2778 ἐκεῖνο
1140 2723 1204 2778 τὸ
1277 2723 1630 2800 μακαριστὸν,
1683 2723 1758 2785 ὡς
1813 2720 1932 2798 ἄρα,

275 2816 422 2880 καθὰ
477 2819 514 2885 ἡ
570 2813 897 2888 εὐαγγελικὴ
973 2811 1172 2887 Μαρία,
1221 2814 1256 2882 ἡ
1306 2813 1442 2889 πρὸς
1490 2817 1608 2874 τοῖς
1655 2811 1812 2867 ποσὶν
1856 2811 1935 2866 ἀεὶ

275 2910 379 2960 τοῦ
432 2906 639 2974 Ἰησοῦ,
701 2899 873 2957 δέεται
916 2901 1005 2956 καὶ
1056 2898 1301 2974 δευτέρας
1354 2908 1456 2971 τῆς
1514 2900 1764 2977 Μάρθας,
1809 2921 1936 2976 τυρ-

280 2989 577 3066 ϐαζούσης,
608 2990 698 3047 καὶ
753 2990 860 3066 οὐχ
905 2988 1116 3063 ἁπλῶς,
1176 2987 1325 3045 ἀλλὰ
1377 2991 1500 3066 περὶ
1553 2988 1739 3046 πολλὰ
1795 2990 1936 3045 οὕτω

281 3077 641 3152 δυασθήσεται
696 3079 785 3135 καὶ
843 3082 878 3150 ὴ
942 3080 1217 3155 μοναχική
1279 3077 1622 3157 ἀδελφότηςο
1679 3076 1769 3142 δός
1843 3100 1936 3152 μοι

275 3174 378 3241 τήν
433 3146 648 3246 Μαρίαν
698 3146 952 3238 ἐνταῦθα,
994 3146 1501 3241 τήν’“ἐκλεξαμένήν
1542 3146 1767 3242 μερίδα,
1813 3146 1934 3238 ἥτις
1968 3146 2010 3213 C

279 3261 463 3336 ἀγαθὴ
534 3260 702 3327 οὖσα,
761 3257 860 3312 οὐκ
941 3257 1355 3332 ἀφαιρεθήσεται
1433 3259 1525 3313 ἀπ’
1579 3257 1789 3326 αὐτῆς·
1849 3275 1948 3329 και

281 3348 414 3405 ἰδὼν
476 3347 670 3418 αὐτὴν,
727 3347 1114 3422 συγγνώσομαι
1171 3349 1240 3420 τῇ
1301 3345 1437 3401 κατά
1494 3367 1552 3401 σε
1599 3347 1797 3420 Μάρθα
1851 3352 1950 3413 τῆς

2059 1840 2395 1914 philosophi
2425 1842 2699 1898 dixerunt
2726 1842 3040 1915 duplicem,
3074 1843 3243 1915 quasi
3277 1843 3551 1914 primeva
3571 1861 3696 1899 cor-

2049 1930 2208 2003 poris
2238 1932 2424 1987 nostri
2457 1932 2650 1988 unitas
2680 1933 2740 1987 in
2791 1933 2938 1988 duas
2987 1938 3184 2004 partes
3215 1931 3602 1999 scinderetur,
3636 1933 3696 1987 in

2048 2020 2190 2092 pati,
2222 2025 2280 2076 et
2307 2019 2366 2075 in
2398 2037 2587 2092 agere.
2620 2021 2819 2092 Neque
2847 2037 2980 2091 ergo
3012 2038 3207 2076 rerum
3239 2025 3612 2077 externarum
3642 2025 3700 2076 ct

2047 2111 2412 2165 internarum
2441 2109 2732 2181 particeps
2759 2127 2888 2166 esse
2918 2110 3090 2166 debet
3137 2109 3488 2180 monachus,
3520 2110 3600 2165 ita
3631 2116 3696 2166 ut

2047 2215 2150 2270 pro
2181 2199 2298 2254 vita
2329 2199 2501 2254 unica
2531 2199 2864 2270 duplicetur
2906 2199 3087 2271 (quod
3141 2216 3257 2254 non
3304 2199 3694 2272 promiserat),

2046 2293 2102 2344 et
2130 2289 2342 2344 deinde
2372 2287 2432 2342 in
2467 2287 2908 2344 multitudinem
2943 2293 3055 2344 Deo
3086 2289 3349 2345 odiosam
3381 2287 3696 2344 irrationa-

2046 2375 2243 2434 biliter
2273 2377 2659 2433 dilfundatur.

2120 2644 2241 2699 150.
2273 2643 2328 2696 Si
2355 2646 2548 2698 autem
2574 2645 2637 2698 ut
2650 2641 3056 2714 justiﬁceris,o
3078 2641 3540 2710 monache,hanc
3562 2641 3694 2699 bea-

2045 2732 2358 2790 titudinem
2392 2732 2564 2788 nobis
2586 2732 3048 2804 profers,nempe
3069 2732 3308 2788 Mariam
3332 2731 3492 2788 illam
3515 2749 3687 2787 evan-

2046 2821 2449 2893 gelicam,quaa
2473 2836 2705 2892 semper
2725 2821 2795 2875 ad
2821 2821 2996 2891 pedes
3016 2820 3047 2875 J
3054 2836 3157 2876 esu
3181 2821 3439 2892 sedebat,
3455 2821 3688 2892 eguisse

2047 2910 2277 2965 Martha
2306 2909 2562 2965 secunda
2593 2924 2656 2964 se
2685 2909 2976 2972 turbante,
3011 2925 3127 2964 non
3159 2909 3316 2964 circa
3336 2925 3552 2976 unum,
3583 2909 3685 2964 sed

2047 3022 2075 3050 ‹‹
2109 2999 2262 3054 circa
2293 2997 2549 3070 plurima
2578 3021 2598 3046 ι
2626 2999 2690 3065 ³⁵³,
2714 3000 2772 3052 et
2801 2998 3003 3053 eodem
3028 2998 3199 3053 modo
3222 2998 3280 3052 in
3313 2998 3460 3053 duas
3492 3001 3687 3070 partes

2049 3088 2420 3144 dividendam
2451 3103 2580 3142 esse
2636 3086 3059 3142 monachorum
3120 3085 3581 3153 fraternitatem;
3615 3086 3690 3141 da

2055 3177 2196 3234 mihi
2229 3175 2519 3248 extemplo
2550 3175 2701 3232 hanc
2727 3175 2990 3245 Mariam,
3023 3191 3151 3246 qua
3179 3180 3403 3247 partem
3442 3175 3698 3247 elegerat

2057 3268 2415 3331 honam,non
2457 3265 2834 3319 auferendam
2867 3264 2938 3319 ab
2969 3280 3072 3331 ea;
3105 3281 3280 3333 quam
3313 3279 3447 3319 cum
3477 3263 3698 3334 videro,

2059 3353 2300 3412 Marthae
2331 3358 2444 3408 tua:
2492 3353 2885 3408 turbationem
2934 3353 3310 3420 condonabo;
3347 3351 3516 3408 aliter
3543 3351 3701 3406 enim

277 3434 533 3514 τύρϐης·
589 3434 778 3498 ἄλλως
833 3437 933 3512 γὰρ
989 3433 1088 3491 οὐκ
1145 3436 1432 3510 ἄμεμπτον
1493 3435 1719 3512 Μάρθαν
1782 3436 1949 3509 μόνην

284 3530 425 3584 εἶναι
479 3527 543 3582 τὸ
588 3527 1030 3605 φροντιστήριον.
1072 3523 1231 3584 Οὕτω
1279 3546 1398 3586 πως
1449 3525 1541 3579 καὶ
1594 3525 1622 3578 6
1670 3529 1765 3578 τοῦ
1817 3532 1949 3581 Ζακ-

2060 3442 2288 3501 Martha
2317 3441 2442 3498 sola
2470 3441 2896 3497 monasterium
2930 3458 3043 3496 non
3084 3441 3196 3496 erit
3227 3442 3446 3511 absque
3476 3441 3703 3511 vitupe-

2061 3533 2306 3588 ratione.
2340 3531 2434 3586 Sic
2465 3530 2834 3601 aliquomodo
2887 3529 3109 3585 Zachwi
3154 3530 3386 3595 domus,
3418 3534 3476 3585 et
3509 3527 3709 3600 magni

282 3619 455 3696 χαίου
514 3617 682 3686 οἶκος,
732 3615 824 3670 καὶ
879 3615 908 3670 6
964 3619 1061 3670 τοῦ
1151 3611 1398 3688 μεγάλου
1458 3614 1756 3672 Ματθαίου.
1814 3621 1952 3696 Ζακτ

285 3695 454 3783 χαῖος
518 3704 682 3779 μόνος
741 3703 808 3773 ἦν
871 3723 1023 3773 ποτε,
1055 3703 1147 3757 καὶ
1205 3705 1484 3766 Ματθαῖοε
1544 3702 1732 3775 μόνος.
1793 3695 1953 3760 Ἀλλ’

286 3795 512 3870 ὕστερον
582 3793 799 3870 ἀφέντες
874 3791 938 3846 τὸ
1007 3795 1257 3847 τοιοῦτον
1346 3791 1597 3864 μονάζον,
1646 3789 1955 3864 ἐπλήθυναν

286 3883 513 3948 ἑαυτοὺς
595 3883 813 3959 ἀρεταῖς
847 3903 860 3916 ’
921 3881 1013 3936 καὶ
1083 3885 1180 3936 τοῦ
1263 3881 1475 3954 κόσμου
1545 3881 1956 3959 ἀπαναστάντεςε

290 3971 602 4045 ἐκόλλησαν
633 3945 752 4033 ’τὰς
803 3970 983 4047 ψυχὰς
1041 3967 1217 4024 αὒτῶν
1280 3945 1455 4025 ὀπί-σω
1496 3975 1590 4024 τοῦ
1651 3975 1822 4026 Θεοῦ*
1868 3945 1960 4026 κσιὶ

290 4061 479 4119 ἔκτοτε
533 4059 921 4137 πορευόμενοι,
955 4058 1280 4134 ἐπορεύοντο
1335 4057 1633 4135 βάλλοντες
1685 4061 1751 4115 τὰ
1795 4062 1960 4136 σπὲρ·

297 4173 441 4228 ματα
511 4149 684 4206 αὐτῶν
758 4147 841 4204 ἐπ’
900 4149 1088 4224 ἀγαθῷ
1160 4147 1331 4215 τέλει,
1383 4149 1428 4220 ᾧ
1485 4150 1575 4203 καὶ
1627 4151 1958 4226 προσέσχον,

296 4243 538 4318 χρυσοῦν
611 4239 769 4314 θὶρος
837 4235 1194 4313 δρεψάμενοι.
1249 4238 1326 4294 Οὗ
1397 4236 1460 4291 σὺ
1534 4242 1653 4300 πῶς
1729 4236 1787 4294 ἂν
1845 4239 1962 4296 ἐπι-

294 4328 489 4407 δράξῃ,
541 4330 570 4384 ὁ
618 4327 757 4384 κατὰ
809 4326 1016 4399 κόσμον
1091 4327 1184 4400 μὶν
1235 4326 1525 4402 γλίσχρως
1580 4328 1965 4407 πονησάμενος

290 4424 363 4494 τῇ
425 4417 647 4494 γαστρὶ,
695 4417 786 4472 καὶ
845 4413 934 4471 διὰ
987 4420 1149 4470 τοῦτο
1225 4413 1526 4490 καταγνοὺς
1586 4415 1813 4488 ἐκείνου,
1873 4403 1962 4473 καἰ

2061 3619 2507 3690 Matthaei,solus
2545 3623 2670 3674 erat
2725 3618 3039 3690 aliquando
3095 3618 3389 3673 Zachaeus.
3449 3617 3621 3674 Solus
3654 3619 3712 3673 et

2065 3709 2616 3767 MatthaeusPostea
2639 3713 2833 3763 autem
2859 3723 2990 3762 cum
3016 3707 3168 3762 hanc
3206 3706 3582 3762 solitudinem
3616 3723 3709 3762 re-

2065 3800 2401 3872 liquissent,
2433 3796 2750 3853 virtutibus
2783 3795 3009 3867 seipsos
3039 3794 3488 3867 repleverunt,et
3516 3812 3713 3850 assur-

2067 3893 2270 3961 gentes
2299 3904 2330 3942 e
2355 3886 2576 3942 mundo
2609 3887 2837 3941 animas
2867 3901 3007 3940 suas
3029 3885 3143 3940 Deo
3175 3883 3710 3956 agglutinaverunt,

2068 3984 2344 4049 extraque
2373 3980 2652 4032 exeuntes
2681 3975 2847 4030 ibant
2894 3973 3192 4029 mittantes
3240 3974 3468 4030 semina
3513 3990 3620 4029 sua
3647 3972 3710 4029 in

2072 4069 2247 4122 [luem
2307 4064 2620 4137 optimum,
2677 4079 2851 4135 quem
2927 4063 3229 4118 consecuti
3287 4066 3428 4118 sunt
3482 4067 3717 4134 accepta

2072 4172 2264 4212 messe
2294 4171 2489 4210 aurea.
2522 4153 2703 4216 Quem
2753 4169 2872 4223 qua
2919 4151 3144 4207 ratione
3177 4157 3240 4208 tu
3271 4150 3581 4219 obtinebis,
3615 4150 3718 4222 qui

2072 4247 2131 4301 in
2162 4245 2383 4300 mundo
2413 4243 2504 4298 vix
2536 4242 2720 4297 ventri
2740 4240 3042 4311 laborasti,
3075 4257 3260 4312 eoque
3289 4241 3360 4296 ob
3394 4240 3545 4296 hanc
3577 4257 3718 4295 cau-

2074 4350 2199 4392 sam
2233 4330 2707 4399 condemnato,in
2743 4329 3046 4385 meliorem
3069 4330 3248 4386 vitam
3273 4328 3720 4400 transiisti,qui-

2074 4440 2188 4495 que
2217 4422 2423 4479 exinde
2458 4419 2629 4476 malis
2661 4418 2886 4475 artibus
2945 4418 3133 4489 major
3172 4419 3412 4474 elfectus
3438 4434 3498 4473 es
3519 4416 3546 4471 ?
3575 4416 3719 4487 quid

297 4503 630 4584 μεταϐαλὼν
685 4505 762 4569 εἷς
835 4506 927 4561 τὸν
995 4505 1282 4580 κρείττονα
1338 4503 1480 4579 βίον,
1541 4504 1845 4570 πλεονάσας
1903 4505 1945 4562 δῖ

2069 4511 2397 4568 monachus
2428 4527 2462 4565 a
2490 4507 2932 4578 conversione,a
2956 4506 3148 4578 prima
3176 4505 3718 4561 conditionelucra—

294 4597 356 4653 ἐκ
411 4604 514 4668 τῆς
564 4595 689 4652 τότε
763 4593 1177 4671 πονηρεύμασι;
1230 4592 1290 4647 Τί
1348 4589 1645 4669 κερδαίνεις
1709 4597 1952 4672 μοναχὸς

291 4693 400 4757 τῆς
469 4686 824 4759 μετατάξεως,
872 4691 973 4754 τῆς
1051 4681 1318 4759 προτέρας
1374 4681 1446 4736 ὣν
1508 4683 1744 4754 τάξεως;
1805 4684 1955 4758 Σύμ-

294 4777 466 4853 φορόν
524 4795 607 4829 σοι
671 4775 972 4852 στραφῆναι
1026 4771 1103 4834 εἰς
1176 4773 1270 4827 τὸν
1343 4773 1536 4847 πρώην
1597 4770 1810 4846 ἔμετον,
1867 4776 1956 4829 καὶ

2064 4602 2147 4657 ris
2168 4602 2196 4656 ?
2227 4600 2438 4656 Melius
2468 4598 2573 4654 tibi
2605 4602 2730 4653 erat
2780 4597 2851 4652 ad
2901 4595 3158 4668 priscum
3191 4594 3474 4649 vomitum
3507 4593 3717 4648 reverti

2066 4695 2122 4745 et
2151 4692 2345 4761 parvis
2376 4686 2548 4743 malis
2574 4684 2889 4741 obnoxium
2944 4699 3072 4739 esse
3123 4699 3298 4754 quam
3340 4682 3712 4737 accedentem

2068 4780 2140 4834 ad
2167 4778 2346 4833 vitam
2381 4775 2751 4848 impollutam
2785 4773 2988 4829 sordes
3021 4789 3136 4827 non
3168 4775 3427 4826 extersas
3459 4769 3710 4826 trahere.

291 4863 509 4942 ὀλίγοις
565 4868 754 4928 κακοῖς
813 4860 1108 4927 ὑπεύθυνον
1169 4861 1328 4932 εἶναι,
1381 4857 1525 4938 ἤπερ
1577 4865 1656 4934 τῷ
1712 4863 1984 4938 καθαρείῳ
2047 4865 2150 4940 βίῳ
2209 4857 2508 4940 προσϐάντι
2570 4859 2736 4937 ῥύπον
2798 4857 2886 4914 διὰ
2935 4861 3312 4934 κακοπραξιῶν
3362 4856 3712 4932 ἐπισόρασθαι

298 4952 584 5029 ἄσμηκτον
595 4996 608 5010 .

371 5042 504 5118 ρνα’.
538 5040 638 5104 Δός
693 5061 786 5114 μοι
833 5041 925 5096 τὸν
977 5038 1364 5118 ὠφελούμενον
1417 5037 1478 5094 ἐκ
1528 5044 1635 5095 τῶν
1695 5045 1800 5096 σῶν
1866 5063 1961 5115 μο-

295 5133 553 5208 χθηριῶν
619 5129 762 5206 Ἀρά
824 5150 886 5206 γε
937 5130 1150 5207 τρέφεις
1226 5127 1455 5199 ἐσκητᾶω
1534 5128 1804 5206 πατέρας;
1860 5132 1962 5186 Καὶ

296 5219 483 5295 ἁγίοις
533 5217 756 5281 ἐκείνοις
804 5215 922 5274 οὖσι
986 5219 1236 5293 μοχθεῖς,
1295 5216 1456 5281 αὐτὸς
1512 5224 1812 5296 χορηγῶν;
1863 5218 1961 5274 Καὶ

291 5307 442 5364 οὕτω
504 5307 743 5384 μερίτης
795 5308 978 5370 αὐτοῖς
1028 5307 1147 5384 γίνῃ
1200 5311 1296 5362 τοῦ
1359 5306 1553 5377 καλοῦ,
1604 5309 1744 5373 καθὰ
1792 5309 1880 5362 καὶ
1925 5310 1959 5378 ἡ

300 5397 624 5473 ὑμνουμένη
673 5397 867 5475 Μάρθα
913 5401 984 5473 τῇ
1039 5395 1267 5474 Μαρίᾳ;
1299 5395 1399 5451 Καὶ
1455 5397 1561 5470 μὴν
1595 5395 1649 5453 ἐν
1703 5401 1783 5471 τῷ
1827 5395 1964 5453 κατά

371 5595 422 5634 ⁸⁸
454 5595 597 5654 Luc.
628 5613 686 5668 x,
717 5596 809 5655 41.

2143 5044 2264 5098 151.
2299 5043 2383 5098 Da
2415 5040 2556 5097 mihi
2591 5039 2890 5096 hominem
2917 5040 2988 5094 de
3019 5043 3120 5094 tua
3153 5037 3378 5093 malitia
3410 5037 3719 5110 proficien-

2076 5137 2214 5188 tem.
2269 5132 2548 5188 Nutrisne
2607 5133 2800 5202 patres
2857 5127 3135 5184 ascetas?
3176 5128 3246 5182 Et
3300 5127 3360 5182 hi
3421 5144 3554 5182 cum
3605 5114 3724 5180 sint

2075 5220 2353 5288 sancti,tu
2379 5221 2494 5275 dux
2517 5234 2717 5275 eorum
2747 5216 3042 5288 malignus
3069 5233 3131 5272 es
3152 5216 3410 5272 ‘ISiccine
3434 5217 3722 5271 bonorum

2075 5304 2281 5365 eorum
2308 5324 2369 5364 es
2420 5308 2732 5380 particeps,
2769 5311 2832 5360 ut
2875 5305 3067 5361 Mariaa
3125 5305 3351 5361 Martha
3403 5299 3721 5376 praedicta?

2075 5398 2219 5455 Vide
2267 5413 2403 5470 ergo
2435 5397 2496 5453 in
2552 5399 2812 5452 torrente
2871 5393 2972 5466 qui
3016 5395 3187 5466 juxta
3235 5398 3292 5449 te
3341 5396 3468 5464 est;
3501 5392 3550 5449 si
3583 5391 3718 5464 quis
