4104 6210
458 329 577 391 855

1233 322 1652 386 EUSTATHII
1696 322 2469 388 THESSALONICENSIS
2514 321 3096 385 METROPOLI'LE

3711 329 3813 389 856

460 458 708 519 sollicite
737 457 964 515 fodiens
987 456 1348 513 metallicum
1379 455 1673 527 pulverem
1699 455 1872 521 lavat,
1905 454 2102 526 paleas

2238 476 2279 510 re
2330 454 2618 533 χειμάρρω
2678 450 2733 510 εἷ’
2777 474 2859 516 τις
2919 451 3196 527 ἐπιμελῶς
3239 452 3537 528 ἀνορύσσων
3568 455 3814 533 ἀποπλύνῃ

460 550 656 606 brevis
685 549 811 605 auri
844 551 944 602 aut
975 546 1197 619 argenti
1245 544 1479 600 obscuri
1511 543 1697 615 eligit,
1731 550 1787 599 et
1818 543 2109 615 reliquum

2238 545 2308 598 τὸν
2337 550 2470 620 χοῦν
2505 542 2946 616 μεταλλευτικῶς
2981 541 3160 618 βραχύ
3207 563 3260 596 τι
3305 545 3489 616 ψῆγμα
3542 545 3746 619 χρύσεον
3787 547 3816 615 ἢ

466 637 794 708 metallum,
830 635 1146 708 particulas
1195 649 1373 688 aereas
1429 630 1518 688 vel
1565 632 1710 688 aciei
1763 638 1959 688 atoma
1996 651 2112 689 non

2238 633 2439 707 ίσήμου
2470 633 2704 710 ἀργύρου
2736 630 3028 702 ἐκλέξεται·
3060 631 3125 686 τὸ
3173 627 3230 686 δὲ
3278 630 3466 686 λοιπὸν
3512 639 3605 701 τῆς
3661 635 3824 706 μεταλ-

465 727 706 785 adducit
736 727 806 783 ad
839 726 1050 790 lucem,
1086 723 1283 778 omnia
1312 737 1444 777 vero
1490 737 1673 793 grana
1703 723 2112 794 projiciuntur.

465 819 583 874 Cur
613 821 807 872 autem
839 813 952 870 alia
979 817 1155 883 atque
1187 811 1284 866 isti
1327 811 1536 866 fratres
1569 827 1682 865 non
1717 811 1862 883 agis,
1897 817 1954 867 et
1986 817 2117 867 tuos

461 907 693 964 labores
723 903 876 958 inter
899 900 1228 971 indigentes
1250 917 1363 955 non
1389 897 1601 954 dividis
1622 898 1650 952 ?
1672 900 1739 954 Et
1768 916 1944 971 quam
1966 901 2120 956 mul-

465 995 545 1050 tis
577 989 980 1064 indigentibus
1039 987 1207 1044 facile
1259 993 1316 1043 et
1371 987 1529 1060 large
1585 988 1816 1060 dividis,
1852 989 1953 1061 qui
2004 1007 2119 1046 non

467 1081 662 1138 solum
723 1079 1026 1134 mendicos
1085 1077 1156 1132 ad
1211 1076 1542 1144 ditandum,
1604 1078 1704 1132 sed
1765 1079 1961 1148 etiam,
2019 1077 2121 1134 ubi

467 1167 750 1242 possibile
786 1171 892 1229 est,
930 1166 1090 1237 rapis
1120 1165 1231 1220 sub
1281 1169 1560 1236 praztextu
1609 1166 1943 1221 ceconomize
1993 1183 2121 1223 mo-

468 1257 710 1315 nasterii
731 1259 757 1313 1
787 1255 894 1320 Qui
929 1270 1164 1326 semper
1194 1254 1444 1326 colligis,
1461 1259 1518 1309 et
1550 1271 1852 1326 nunquam
1884 1257 2120 1327 dividis,

471 1353 536 1406 ut
567 1347 820 1418 imperat
853 1350 998 1400 Deus
1031 1343 1337 1398 monachis
1370 1359 1596 1415 magnae
1650 1343 1921 1412 civitatis,
1956 1345 2122 1413 solis,

471 1439 538 1491 ut
575 1435 828 1500 videtur,
879 1439 934 1489 et
993 1431 1300 1504 quibusvis
1353 1431 1490 1487 alibi
1545 1448 1748 1488 eorum
1803 1433 2122 1491 similibus.

469 1523 617 1582 Huic
642 1523 802 1579 enim
836 1520 1101 1593 loquenti
1132 1537 1232 1576 vos
1264 1537 1381 1577 non
1411 1520 1852 1592 obtemperatis.

547 1701 668 1757 152.
729 1699 786 1755 Si
843 1704 1064 1768 tamen,
1121 1714 1152 1754 ο
1210 1698 1469 1769 ρεωιυΐο,
1540 1699 1982 1755 concedendum
2041 1701 2130 1755 est

477 1788 798 1847 monachos
830 1789 986 1845 circa
1015 1787 1272 1860 plurima
1322 1788 1547 1843 turbari
1597 1805 1792 1860 posse,
1835 1794 1892 1844 et
1921 1788 2131 1844 debere

477 1882 539 1937 in
571 1878 792 1934 mundo
823 1877 1151 1933 conversari
1180 1900 1194 1943 ;
1227 1893 1404 1948 quam
1453 1878 1527 1932 ob
1575 1894 1811 1933 causam
1841 1884 1903 1933 tu
1947 1894 2125 1932 manu

484 1968 723 2042 propria
754 1967 933 2024 istum
968 1965 1225 2021 laborem
1277 1965 1552 2037 suscipis,
1585 1981 1718 2022 cum
1771 1966 1915 2021 alios
1947 1966 2128 2022 habes

484 2054 828 2129 operarios?
857 2058 972 2110 Cur
998 2053 1126 2126 ipse
1156 2069 1271 2109 non
1323 2052 1512 2109 instas
1543 2054 1614 2109 iis
1646 2055 1841 2122 rebus,
1875 2071 2127 2126 quarum

481 2144 816 2202 sollicitudo
842 2161 876 2200 a
905 2144 1021 2199 Deo
1053 2142 1174 2198 tuis
1203 2142 1424 2198 credita
1453 2147 1564 2211 est,
1594 2147 1651 2197 et
1681 2142 1976 2214 apostolos
2006 2142 2130 2198 vul-

481 2249 554 2307 go
587 2233 1032 2288 ministraturos
1065 2248 1178 2287 non
1213 2229 1445 2287 mittis?
1475 2231 1585 2287 Sed
1632 2232 1969 2304 frequenter
1993 2247 2128 2288 cum

478 2323 564 2378 eis
595 2321 912 2394 egrederis,
945 2326 1009 2376 ut
1041 2319 1346 2388 centurio;
1397 2325 1453 2374 et
1492 2319 1798 2375 monachis
1827 2319 2130 2376 nonnullis

479 2410 551 2465 ad
582 2410 951 2481 sequendum
983 2408 1042 2464 in
1071 2407 1195 2464 acie
1223 2413 1486 2462 extrema
1525 2407 1831 2475 ordinatis,
1864 2407 1994 2463 aliis
2027 2426 2130 2464 au-

474 2503 594 2554 tem
620 2499 692 2553 ad
726 2501 903 2569 caput
951 2495 1311 2570 praepositis,
1339 2495 1466 2567 ipse
1499 2496 1733 2552 medius
1763 2496 1888 2567 agis
1913 2497 2129 2551 trium-

478 2586 664 2659 phum
695 2589 718 2642 ?
745 2591 802 2642 et
828 2585 952 2641 vias
985 2585 1326 2657 praeteriens
1352 2585 1568 2655 januas
1600 2584 1864 2656 eﬂ'ringis
1885 2584 1912 2639 ‘I
1941 2585 2000 2640 Si
2034 2601 2132 2657 po-

479 2675 753 2745 tentium,
788 2664 1314 2745 forte-gloriosum
1382 2677 1554 2738 esset,
1597 2673 1699 2728 sed
1768 2673 2128 2744 privatorum

479 2763 920 2836 plerorumque,
950 2767 1008 2816 et
1055 2761 1298 2817 minime
1342 2776 1668 2832 procerum.
1703 2761 1961 2825 Quarum
1993 2778 2126 2817 cum

478 2851 677 2908 velum
709 2856 1012 2907 externum
1062 2850 1371 2905 reductum
1423 2850 1616 2918 fuerit,
1649 2850 1838 2905 multa
1880 2852 2027 2923 juga
2068 2851 2127 2906 in

479 2939 686 2996 limine
717 2938 1013 2995 manentia
1045 2941 1297 2994 ascetam
1332 2937 1493 2993 intus
1510 2954 1637 2993 esse
1665 2937 2129 3011 indicant,spiri-

480 3028 780 3100 tualiaque
802 3027 1252 3100 peragere.Num
1275 3027 1512 3099 ignoras
1531 3026 1781 3082 maxime
1801 3027 2022 3083 invium
2045 3045 2132 3084 es-

479 3134 545 3174 se
575 3116 897 3188 quemlibet
925 3119 1267 3184 ascetam,et
1296 3116 1424 3171 ideo
1442 3116 1626 3171 turba:
1649 3115 2001 3187 invium,sed
2025 3118 2131 3172 dif-

2223 720 2372 783 λείας
2430 723 2642 795 μήποτε
2698 718 2823 776 οὐδὲ
2879 719 3092 795 χάλκεα
3129 719 3452 793 παραυγάζει
3496 721 3750 794 ψηγμάτια
3796 725 3824 792 ἢ

2226 808 2452 885 σιδηρᾶς
2497 809 2776 882 ἀτόμους·
2827 807 2972 863 ἀλλὰ
3030 810 3092 862 τὸ
3141 812 3244 862 πᾶν
3294 807 3511 881 ψαμμία
3560 808 3680 863 εἰσὶν
3719 809 3826 866 ἀπό.

2227 895 2426 970 ϐλητα.
2457 897 2516 954 Τί
2547 897 2604 953 δὶ
2643 895 2791 952 ἀλλὰ
2819 896 3090 958 τοιούτοις
3125 897 3218 970 μὶν
3265 893 3516 974 ἀδελφοῖς
3561 896 3618 951 οὗ
3657 905 3823 968 πονεῖς,

2233 985 2531 1062 μεταδίδως
2563 985 2621 1042 δὲ
2651 991 2758 1041 τῶν
2793 989 2899 1040 σῶν
2943 984 3280 1058 πονημάτων
3331 990 3448 1048 τοῖς
3499 982 3712 1056 ἐνδεέσις
3742 989 3826 1044 Καὶ

2229 1077 2407 1139 ποίοις
2465 1076 2692 1138 ἐκείνοις
2740 1074 3209 1151 ἀπραγματεύτως
3255 1071 3573 1149 ένδαψιλεύῃ
3621 1074 3825 1145 πένησιν,

2234 1168 2261 1222 ὁ
2320 1167 2394 1238 μὴ
2458 1164 2540 1220 δτι
2599 1185 2660 1241 γε
2719 1168 2984 1237 μεταιτῶν
3041 1162 3110 1218 τὰ
3163 1163 3240 1227 είς
3284 1160 3632 1236 πλουτισμὸν,
3661 1161 3768 1218 ἀλλ’
3793 1161 3835 1219 εἴ

2233 1275 2339 1310 που
2391 1251 2639 1322 δυνατὸν,
2699 1253 2788 1308 καὶ
2865 1252 3194 1328 ἀφαρπάζων
3267 1251 3528 1329 προφάσει
3596 1256 3693 1306 τῶν
3754 1261 3832 1323 τῆς

2239 1350 2450 1418 μονῆς;
2483 1341 2574 1397 καὶ
2623 1342 2703 1396 ἀεὶ
2751 1345 2848 1396 τοῦ
2901 1342 3147 1417 συνάγειν
3199 1338 3297 1413 ὣν,
3330 1341 3506 1395 οὐκέτι
3539 1338 3592 1394 δὲ
3634 1342 3712 1396 καὶ
3757 1346 3833 1396 τοῦ

2236 1431 2567 1507 σκορπίζειν,
2601 1431 2676 1493 ὡς
2733 1429 3004 1485 ἐπιτάσσει
3064 1431 3093 1484 ὁ
3147 1430 3278 1491 Θεὸς
3333 1434 3452 1491 τοῖς
3510 1429 3834 1504 μεγαλοπολί·

2235 1541 2350 1582 ταις
2383 1519 2593 1593 μόνοις,
2637 1521 2712 1581 ὡς
2741 1513 2906 1591 ἔοικε,
2933 1518 3024 1573 καὶ
3047 1522 3187 1586 τοῖς,
3222 1519 3341 1573 ὅσοι
3375 1516 3566 1582 ἄλλοθί
3613 1539 3706 1574 που
3747 1520 3838 1574 κατ’

2238 1609 2453 1672 αὐτούς.
2486 1610 2669 1682 Ὑμεῖς
2702 1607 2804 1685 γὰρ
2837 1607 2985 1680 αὐτῷ
3017 1605 3375 1662 διαλαλοῦντι
3397 1608 3669 1683 κωφεύετε.

2312 1700 2443 1776 ρνβ’.
2476 1699 2623 1760 Τέως
2655 1719 2718 1774 γε
2763 1698 2894 1772 μὴν,
2929 1694 2974 1751 ὦ
3020 1698 3430 1772 προκαθήμενε,
3463 1696 3508 1752 εἰ
3543 1697 3625 1751 καὶ
3670 1694 3835 1766 δοτέον,

2239 1795 2440 1864 χρῆναι
2500 1781 2782 1862 τυρϐάζειν
2841 1785 2969 1848 τοὺς
3031 1784 3312 1862 μοναχοὺς
3371 1784 3458 1840 ἰπὶ
3514 1783 3743 1856 πολλοῖς,
3767 1788 3836 1840 καὶ

2235 1881 2516 1950 κοσμικῶς
2574 1876 3023 1954 ἀναστρέφεσθαιο
3073 1874 3128 1930 τί
3188 1873 3255 1946 δή
3317 1895 3452 1930 ποτε
3515 1874 3574 1928 σὺ
3626 1873 3838 1950 αὐτόχειρ

2237 1963 2474 2042 ἀναδέχῃ
2531 1965 2621 2019 τὸν
2668 1968 2917 2019 τοιοῦτον
2966 1964 3233 2037 κάματον,
3286 1961 3494 2025 ἄλλους
3534 1958 3666 2039 ἔχων
3703 1984 3841 2032 καμα-

2233 2053 2568 2131 τηρούς;Τί
2613 2051 2670 2108 δὲ
2723 2054 2798 2127 μὴ
2848 2052 3008 2114 αὐτὸς
3061 2055 3158 2126 μὶν
3205 2051 3522 2128 προσέχεις,
3573 2056 3649 2115 οἷς
3694 2053 3837 2128 χρεὼν

2236 2144 2590 2221 προσανέχειν
2619 2142 2747 2206 τοὺς
2791 2143 2927 2198 κατὰ
2973 2143 3031 2197 σὲ
3073 2142 3370 2216 θειότερον,
3401 2148 3520 2205 ταῖς
3564 2140 3615 2198 δὲ
3657 2137 3838 2218 τύρϐαις

2240 2231 2580 2295 ἀποστόλους
2664 2231 2900 2305 πέμπεις
2971 2229 3436 2302 διακονήσονταςς
3508 2229 3642 2286 ἀλλὰ
3706 2235 3838 2305 συχνά

2237 2324 2649 2400 προερχόμενος
2705 2322 2818 2395 ἅμα
2869 2319 3118 2390 ἆκείνοις,
3175 2321 3249 2383 ὡς
3292 2323 3387 2376 οἷα
3432 2319 3519 2376 καὶ
3570 2318 3839 2398 φαλαγγάρ-

2239 2431 2372 2488 χης,
2413 2411 2502 2466 καὶ
2556 2410 2686 2473 τοὺς
2741 2411 2834 2483 μὲν
2881 2415 2987 2465 τῶν
3044 2413 3302 2485 μοναχῶν
3359 2407 3614 2485 οὐραγοὺς
3663 2407 3836 2471 ἔπεσθαι

2236 2501 2416 2571 τάξας,
2442 2499 2569 2562 τοὺς
2630 2496 2687 2555 δὲ
2735 2500 2809 2560 ὡς
2868 2498 2943 2563 εἷς
2991 2498 3170 2572 στόμα
3216 2493 3683 2574 προϐαλλόμενος,
3715 2495 3839 2571 μέσος

2238 2588 2397 2651 αὐτὸς
2448 2586 2788 2660 πομπεύειςς
2840 2588 2930 2641 καὶ
3004 2585 3462 2664 προφορούμενος
3533 2587 3622 2648 τὰς
3695 2583 3838 2651 ὁδοὺς,

2239 2677 2403 2753 θύρας
2471 2671 2772 2750 έκτρίϐειςς
2823 2673 3009 2732 Καλὸν
3066 2678 3159 2747 μὲν
3209 2673 3369 2742 ἴσως,
3416 2672 3502 2729 ἐὰν
3555 2671 3835 2729 δυναστευτι-

2236 2764 2372 2828 κάς⁸
2424 2764 2570 2835 πλὴν
2630 2763 2776 2820 ἀλλὰ
2829 2764 2924 2827 τὰς
2983 2762 3208 2819 πλείους
3264 2760 3566 2835 ἰδιωτικὰς,
3621 2763 3699 2818 καὶ
3744 2759 3838 2816 οὐδέ

2237 2853 2580 2927 ἐπισήμους·
2633 2851 2707 2906 ὧν
2759 2859 2862 2923 τῆς
2931 2847 3037 2907 ἔσω
3113 2851 3348 2914 αὐλαίας
3401 2850 3834 2923 ἀποστενουμένης,

2236 2945 2303 2998 τὰ
2350 2942 2526 2998 πλείω
2575 2946 2679 2998 τῶν
2744 2941 3056 3016 ὑποζυγίων
3110 2940 3305 3017 θύραζε
3372 2940 3591 3015 μένοντα
3637 2960 3837 3011 mam-

2236 3031 2451 3087 νύουσιν
2512 3027 2617 3086 ἔσω
2677 3032 2809 3086 εἶναι
2865 3033 2956 3086 τὸν
3017 3030 3282 3102 ἀπητήν,
3316 3031 3410 3086 καὶ
3441 3029 3748 3104 καταρτίζειν
3788 3028 3839 3081 τὰ

2237 3119 2593 3194 πνευματικά.
2629 3120 2746 3178 Οὐκ
2794 3117 2966 3187 οἶδας,
3017 3120 3100 3175 δτι
3157 3117 3460 3195 ἀπρόσιτος
3519 3120 3590 3182 ὡς
3650 3116 3837 3174 Ξπιπολὺ

477 3187 632 3263 ﬂcile
663 3205 945 3262 obvium?
973 3205 1079 3270 Qui
1113 3204 1161 3260 si
1195 3206 1429 3275 quando
1467 3204 1622 3259 exire
1652 3208 1900 3277 cogitur,
1921 3205 2129 3261 metuit

2242 3187 2385 3272 όίπας
2427 3208 2688 3279 ἀσκητὴς,
2723 3205 2792 3263 δι’
2822 3208 2953 3263 αὐτὸ
3011 3205 3069 3263 δὲ
3117 3207 3206 3262 καὶ
3237 3187 3558 3286 ¹ἀπρόσιτος
3584 3212 3688 3270 τοῖς
3729 3203 3840 3260 πολ-

478 3295 732 3352 maxime
756 3296 994 3351 neinter
1031 3293 1272 3348 delicias
1287 3293 1625 3365 triumphet,
1661 3294 1971 3349 circuitum
2003 3295 2133 3366 qui-

476 3385 731 3441 busdam
762 3384 1019 3440 tenebris
1052 3382 1316 3449 involvit,
1337 3399 1408 3439 ne
1439 3400 1473 3438 a
1499 3383 1817 3438 mundanis
1846 3383 2132 3453 videatur,

479 3473 583 3544 qui
615 3473 868 3530 ccelestis
891 3488 1020 3529 esse
1045 3471 1490 3544 praesumitﬁur
1520 3487 1657 3550 ergo
1681 3471 1768 3542 (ut
1790 3471 1997 3543 loquar
2017 3489 2136 3528 ma-

473 3563 654 3635 jora),
689 3579 821 3618 cum
855 3578 1070 3634 magno
1095 3562 1205 3617 Deo
1237 3559 1600 3632 promiseris,
1616 3559 1913 3616 similibus
1942 3561 2132 3632 operi-

480 3652 597 3708 bus
627 3669 742 3707 non
763 3651 1248 3708 sanctiﬁcaris?et
1270 3650 1381 3706 isto
1406 3650 1579 3705 modo
1601 3649 2009 3722 celebratus,et
2025 3652 2134 3708 fac-

479 3745 578 3797 tus
595 3741 870 3814 insignis,
899 3758 1013 3797 non
1032 3739 1222 3795 trahis
1240 3738 1587 3810 discipulos,
1603 3737 1905 3811 allicisque
1920 3756 2134 3812 magno

481 3829 642 3901 fune,
666 3830 888 3887 scilicet
907 3828 1142 3885 vinculo
1166 3827 1472 3883 charitatis
1493 3827 1520 3882 ?
1543 3827 1622 3882 ita
1653 3832 1718 3882 ut
1747 3845 1985 3885 necesse
2013 3847 2131 3886 non

481 3921 626 3976 sitte
639 3920 710 3975 ad
729 3919 876 3976 alios
889 3917 1172 3985 exire,sed
1188 3917 1299 3989 ipsi
1314 3917 1384 3972 ad
1401 3921 1458 3972 te
1475 3915 1808 3972 alliciantur
1819 3934 1886 3972 ex
1898 3919 2136 3974 admira-

479 3999 728 4074 tione,te
744 4008 1162 4063 invocentcum
1180 4006 1375 4061 studio
1393 4006 1682 4061 dicentes:
1711 4027 1739 4056 «
1773 4008 2016 4072 Quando
2037 4024 2133 4064 ve-

480 4097 640 4153 niam
657 4100 713 4152 et
733 4096 1022 4168 apparebo
1038 4099 1173 4150 ante
1193 4095 1624 4166 conspectum”
1647 4094 1762 4150 divi
1786 4096 2131 4152 monachi?»

2243 3297 2383 3369 λοῖς,
2411 3297 2447 3368 ἢ
2499 3295 2894 3372 δυσπρόσιτος,
2926 3297 2992 3354 Εἰ
3051 3294 3109 3352 δέ
3155 3318 3288 3353 ποτε
3341 3297 3432 3352 καὶ
3479 3297 3708 3374 προϊέναι
3752 3294 3837 3370 χρὴ

2239 3388 2331 3442 τὸν
2402 3391 2675 3458 τοιοῦτον,
2752 3385 2900 3441 ὀκνεῖ
2980 3387 3197 3448 πάντως
3279 3384 3487 3448 έκεῖνες
3553 3379 3840 3461 θριαμϐεύειν

2242 3472 2560 3553 ἁδρότερον,
2611 3477 2890 3550 τιθέμενος
2944 3480 3013 3551 τῇ
3073 3475 3307 3550 έντροπῇ
3381 3477 3683 3552 άποκρυφήν
3732 3493 3838 3544 τινα,

2246 3568 2321 3640 μή
2379 3567 2464 3620 καὶ
2530 3564 2790 3641 βλέποιτο
2845 3570 2962 3627 τοῖς
2999 3569 3097 3620 τοῦ
3137 3565 3357 3639 κόσμου
3406 3567 3434 3621 ὁ
3488 3567 3585 3635 τὴν
3637 3563 3840 3639 πρόθεσιν

2246 3654 2632 3732 ὑπερκόσμιος.
2695 3653 2846 3709 Διατί
2919 3651 2976 3709 δὲ
3032 3653 3142 3726 (ἵνα
3198 3675 3250 3710 τι
3312 3655 3408 3710 καὶ
3471 3659 3644 3728 μεῖζον
3696 3647 3839 3720 εἴπω),

2247 3742 2459 3820 μεγάλα
2521 3744 2904 3819 ὑπεσχημένος
2957 3748 3037 3816 τῷ
3111 3747 3249 3816 Θεῷ,
3305 3745 3413 3800 οὐκ
3471 3742 3712 3812 ένθεάζεις
3752 3745 3841 3801 ταῖς

2241 3833 2462 3908 πράξεσι
2509 3833 2625 3888 κατ’
2687 3832 2898 3901 ἰκεῖνα;
2956 3831 3046 3886 καὶ
3131 3831 3275 3887 οὕτω
3343 3829 3722 3906 καταμηνυθεὶς
3773 3822 3839 3881 καὶ

2242 3919 2560 3990 ἐξάκουστος
2616 3919 2872 3996 γεγονὼς,
2923 3919 3124 3995 έφὲλκῃ
3176 3919 3302 3982 τοὺς
3369 3923 3712 3995 μανθάνοντας
3750 3915 3840 3970 ἐπι-

2243 4008 2529 4082 σπώμενος
2587 4008 2638 4063 έν
2696 4008 2926 4084 σχοινίῳ
2985 4013 3196 4082 μακρῷ,
3238 4013 3320 4082 τῷ
3377 4011 3494 4066 κατ’
3543 4009 3718 4083 ἀρετὴν
3767 4001 3840 4073 δη·

2244 4095 2431 4152 λονότι
2461 4118 2475 4167 ;
2509 4099 2584 4160 ὡς
2614 4096 2851 4162 ἐντεῦθεν
2889 4098 2966 4171 μὴ
3011 4097 3252 4174 ἀνάγκην
3285 4099 3418 4153 εἶναί
3471 4119 3528 4154 σε
3581 4096 3710 4172 παρὰ
3745 4091 3841 4152 τοὺς

477 4180 686 4245 ἄλλους
743 4187 958 4258 φοιτᾷν,
989 4180 1113 4238 ἀλλ’
1146 4180 1380 4244 ἐκείνους
1427 4181 1514 4237 ἐπὶ
1571 4183 1628 4237 σὲ
1674 4181 1824 4252 ἥκειν
1859 4185 2137 4258 ἀγιασμοῢ
2177 4189 2367 4263 χάριν,
2397 4187 2487 4242 καί
2519 4207 2626 4242 που
2652 4187 2743 4241 καὶ
2774 4187 3116 4256 ποτνιᾶσθαι,
3152 4184 3416 4264 λέγοντας
3466 4183 3839 4260 ἐπιθυμητικῶς⁸

480 4294 510 4325 ‹‹
541 4276 681 4328 Ποτε
705 4269 841 4342 ἥξω,
871 4272 958 4326 καὶ
996 4269 1310 4349 ὀφθήσομαι
1337 4275 1418 4343 τῷ
1444 4272 1725 4344 προσώπῳ
1749 4276 1846 4326 τοῦ
1875 4270 2058 4336 ἐνθέου
2093 4278 2374 4351 μοναχοῦ;
2413 4299 2440 4326 ››

549 4361 677 4419 453.
733 4363 844 4419 Sed
896 4363 967 4418 ad
1019 4362 1160 4434 quid
1213 4363 1326 4418 ista
1373 4361 1563 4417 dicere
1609 4362 1955 4418 hominibus
1985 4380 2133 4436 quos

477 4456 634 4510 esset
661 4451 865 4507 utilius
910 4454 1071 4507 extra
1123 4449 1450 4506 cmnobium
1509 4451 1739 4519 degere,
1770 4467 1947 4522 quam
1979 4451 2135 4508 intra

2315 4365 2447 4440 ρνγ’.
2487 4363 2549 4418 Τί
2598 4361 2645 4419 δ’
2673 4361 2819 4420 ἀλλὰ
2858 4367 3025 4420 ταῦτα
3055 4363 3202 4441 λέγω
3236 4365 3571 4442 ἀνθρώποις,
3601 4361 3690 4424 οὓς
3736 4356 3841 4433 μᾶλ-

2242 4448 2339 4506 λον
2370 4453 2641 4530 συμφέρον
2673 4453 2739 4522 ἦν
2797 4449 2897 4525 ἔξω
2954 4457 3050 4509 τοῦ
3093 4455 3519 4532 φροντιστηρίου
3575 4449 3835 4526 διατρίοειν,

476 4556 780 4598 remanere
801 4541 828 4596 ?
857 4539 1077 4596 Exinde
1107 4539 1264 4596 enim
1287 4539 1488 4594 emissi
1511 4538 1808 4594 licentiam
1835 4540 1980 4595 nihil
2003 4557 2129 4597 om-

2240 4538 2379 4616 ἤπερ
2411 4537 2560 4596 ἔνδον
2608 4543 2782 4615 μένειν
2813 4561 2827 4612 ;
2862 4543 3324 4619 Προενηνεγμένοι
3387 4544 3483 4617 μὲν
3520 4542 3619 4619 γὰρ
3663 4536 3838 4597 ἐκεῖθεν.

479 4628 621 4687 nino
643 4630 854 4703 agendi
878 4635 1196 4685 censentur
1217 4628 1693 4700 habere.Aliquid
1717 4633 1911 4684 tamen
1933 4629 2132 4686 viden-

479 4722 579 4774 tur
609 4734 800 4791 agere,
835 4719 886 4774 si
929 4734 1041 4773 non
1097 4716 1278 4784 aliud,
1341 4717 1548 4773 saltem
1612 4717 1906 4773 nudantes
1934 4719 2132 4790 pedes,

481 4811 660 4879 atque
691 4805 966 4862 sensibus
997 4803 1110 4861 late
1145 4803 1569 4876 percipientes;
1603 4803 1663 4858 in
1715 4805 1994 4860 asceterio
2026 4821 2132 4860 au-

476 4898 602 4950 tem
636 4894 778 4950 dum
813 4896 1138 4958 remanent,
1170 4893 1339 4964 quasi
1369 4891 1643 4947 manibus
1675 4897 1732 4947 et
1763 4893 2012 4964 pedibus
2038 4910 2134 4949 ca-

477 4985 670 5050 reant,
695 4982 934 5038 omnino
958 4982 1131 5038 otiosi
1151 4996 1338 5052 usque
1361 4981 1430 5036 ad
1458 4985 1704 5036 mortem
1738 4986 2131 5053 perseverant.

476 5072 725 5126 Litteras
757 5070 996 5142 quidem
1059 5086 1173 5124 non
1234 5079 1539 5137 noverunt,
1586 5084 1722 5124 cum
1774 5069 2036 5140 plerique
2067 5087 2135 5126 ex

475 5160 730 5217 ofﬁcinis
761 5159 1017 5224 veniant,
1051 5164 1153 5214 aut
1183 5158 1360 5214 aliam
1411 5163 1597 5212 artem
1644 5159 2042 5228 exercuerint;
2076 5165 2136 5215 et

473 5265 593 5304 non
619 5247 749 5303 dico
783 5247 853 5302 de
885 5245 1379 5318 quibuscumque,
1414 5245 1515 5300 sed
1548 5251 1604 5300 et
1652 5247 1723 5300 de
1755 5246 2133 5321 peritioribus

475 5337 846 5405 artificibus;
881 5337 1056 5391 multi
1088 5334 1483 5407 compitorum
1517 5333 1694 5390 etiam
1741 5341 1881 5390 sunt
1909 5335 2132 5408 incolae,

480 5426 565 5484 ita
595 5430 658 5483 ut
689 5440 876 5496 neque
906 5423 1192 5481 librorum
1243 5422 1477 5480 casulas
1525 5424 1599 5479 ad
1631 5423 1986 5496 acquirenda
2013 5426 2134 5498 spi-

557 5643 604 5680 ⁸²
634 5644 789 5705 Psal.
817 5662 933 5720 xu,
963 5647 1017 5703 3.

2241 4627 2502 4698 ἀδειάζειν
2563 4627 2781 4686 δοκοῦσι
2831 4635 2930 4686 τοῦ
2977 4631 3146 4706 πάντῃ
3193 4631 3400 4710 ἀργεῖν.
3431 4631 3535 4688 Καί
3587 4651 3629 4686 τι
3667 4624 3839 4710 φαίνον-

2238 4739 2326 4773 ται
2381 4723 2578 4787 ποιεῖν,
2634 4719 2680 4774 εὶ
2743 4716 2914 4792 μηδὲν
2973 4717 3138 4792 ἄλλο,
3198 4708 3346 4776 ἀλλὰ
3400 4720 3492 4776 καὶ
3537 4717 3656 4778 τοὺς
3704 4708 3838 4769 πόδας

2240 4807 2626 4882 γυμνάζοντες,
2683 4809 2775 4863 καὶ
2831 4812 2950 4872 ταῖς
3010 4808 3321 4881 αἲσθήσεσιν
3378 4809 3455 4872 είς
3516 4804 3680 4863 πλατὺ
3727 4800 3838 4875 ἐνερ-

2240 4900 2481 4970 γοῦντες⁶
2529 4899 2626 4950 τοῦ
2681 4893 2738 4951 δὲ
2794 4897 3132 4974 ἀσκητηρίου
3189 4893 3359 4971 ὄντες,
3391 4893 3662 4956 παντελῶς
3712 4888 3840 4974 ἔπραξ

2239 5005 2360 5039 κτοι
2417 4984 2902 5061 ἀποκαρτεροῦσιν,
2951 4986 3024 5049 ὠς
3079 4985 3125 5040 εί
3177 4986 3268 5042 καὶ
3337 4988 3556 5063 ἄχειρες
3607 4982 3728 5051 ἦσαν
3771 4973 3838 5031 τιιῖ

2243 5071 2462 5135 ἄποδες.
2499 5075 2798 5150 Γράμματα
2841 5075 2934 5149 μὶν
2974 5075 3076 5150 γὰρ
3118 5075 3216 5131 οὐκ
3265 5073 3503 5140 οἷ’δασιν,
3533 5073 3583 5143 ἐξ
3629 5070 3840 5144 ἐργαστη·

2245 5161 2373 5237 ρίων
2402 5163 2453 5217 οἱ
2485 5163 2714 5225 πλείους
2760 5163 3008 5233 ἥκοντες,
3041 5164 3131 5218 καὶ
3184 5161 3373 5226 ἄλλως
3426 5160 3484 5218 δὶ
3529 5159 3840 5237 χειρώνακτες

2245 5246 2393 5313 ὄντες
2427 5270 2441 5284 ⁸
2502 5251 2592 5306 καὶ
2654 5249 2780 5306 οὐδὲ
2852 5253 2903 5307 οἱ
2982 5254 3266 5328 τυχόντες,
3322 5251 3471 5308 ἀλλά
3537 5248 3841 5318 ἆπιστήμονες

2249 5339 2526 5414 βάναυσοιο
2586 5338 2792 5397 πολλοὶ
2851 5338 2909 5397 δὲ
2962 5343 3053 5398 καὶ
3107 5340 3339 5418 τριόδων
3406 5334 3683 5416 τρίϐωνες
3737 5333 3842 5418 ὥστε

2245 5427 2368 5484 οὕτε
2421 5427 2763 5507 περιέλευσις
2813 5429 2865 5487 έν
2917 5430 3106 5494 αὐτοῖς
3143 5416 3464 5509 -βιϐλιακοῦ
3515 5424 3738 5505 ἐδαφίουε
3783 5416 3842 5478 sic
