4104 6210
244 333 366 394 857
1249 337 1352 400 DE
1395 337 1887 402 EMENDANDA
1934 341 2121 404 Vl'l‘A
2164 341 2646 405 MONACH'IGA.
3526 349 3646 413 858

239 462 507 540 ὖμπορίαν
561 466 958 538 πνευματικὴν,
1028 464 1152 524 οὕτε
1213 469 1470 544 ἀκρόασις
1530 469 1886 546 ἀναγνώσμα-

2013 475 2237 532 ritualia
2291 476 2673 543 circumeant,
2731 495 2919 549 neque
2977 480 3220 536 audiant
3274 486 3533 538 sanctam
3564 483 3646 540 le-

235 574 332 614 τος
363 555 539 629 ἱεροῦ,
586 555 734 624 πλὴν
789 556 834 611 εί
887 554 990 632 ἄρα
1045 555 1097 611 ἐν
1137 563 1312 634 καιρῷ
1366 553 1718 628 κοινοὸιακῆς
1757 558 1891 614 ἐστι·

239 647 462 706 ἀσεως*
522 644 552 698 ὃ
627 646 714 700 καὶ
787 645 952 723 φαίης
1029 645 1088 700 ἂν
1164 645 1545 724 ἐπιτραπὲζιον
1629 647 1890 725 εὑρίσκειν

236 730 465 804 ἔδεσμα,
517 733 594 795 ὡς
641 736 731 788 οἷα
768 734 896 798 τοὺς
941 733 1138 811 λόγους
1187 736 1329 792 οὕτω
1384 742 1480 793 τοῦ
1527 743 1660 793 Θεοῦ
1719 742 1898 814 ψωμι-

237 821 299 891 ζό
309 843 496 895 μενος.

312 925 446 1005 ρνδ’.
500 929 600 984 Καὶ
657 927 766 986 ἔστι
822 931 917 1004 μὲν
966 930 1134 989 καλὸν
1177 932 1266 989 καὶ
1319 933 1450 990 αύτὸ
1489 934 1634 1011 παρά
1679 956 1738 1011 γε
1776 940 1894 998 τοῖς

232 1018 329 1073 καὶ
396 1020 681 1093 μανθάνειν
760 1019 1010 1076 ἐθέλουσι
1083 1023 1172 1078 καὶ
1229 1024 1753 1097 ἀναμιμνήσκεσθαι,
1804 1022 1898 1078 ’ίνα

235 1103 329 1178 εἴη
371 1112 556 1182 μεῖζον
609 1109 880 1174 κάνταῦθα
919 1114 1016 1167 τοῦ
1060 1109 1222 1187 ἔργου
1271 1113 1334 1168 τὸ
1382 1115 1650 1190 πάρεργον
1681 1133 1692 1145 ·
1746 1112 1807 1168 σὺ
1840 1110 1897 1168 δὲ

238 1195 398 1253 ἀλλὰ
470 1197 838 1273 παροιμιακόν
897 1221 948 1255 τι
1003 1205 1140 1270 ζῶον
1200 1200 1414 1266 ἀκούεις
1475 1199 1642 1278 λύρας
1695 1201 1897 1273 ταύτης

234 1293 645 1360 πνευματικῆς,
701 1290 994 1364 ὁπερηχῶν
1062 1289 1172 1358 ,τὴν
1249 1289 1516 1364 ἠρεμαίαν
1599 1290 1897 1366 ἀναγνωσιν

232 1380 321 1448 τῷ
348 1396 410 1430 τε
439 1374 641 1449 κόμπῳ
686 1381 794 1431 τῶν
844 1399 986 1450 μαση
1000 1378 1207 1451 μάτων,
1250 1379 1341 1434 καὶ
1391 1379 1470 1440 οἷς
1497 1379 1564 1434 τὰ
1593 1379 1777 1435 πολλὰ
1805 1378 1894 1433 καὶ

236 1464 292 1518 ἐν
327 1469 400 1538 τῇ
431 1464 670 1541 τραπέζῃ
726 1465 1096 1544 βλασφημεῖς,
1134 1467 1222 1522 καὶ
1262 1468 1479 1542 μάλισθ’
1505 1469 1628 1522 ὅταν
1663 1467 1894 1543 σπανίζῃ

236 1553 487 1629 ἑταιρίας
543 1554 606 1608 τὸ
655 1554 1010 1629 δστιατόριον.
1071 1554 1260 1611 Φίλων
1318 1557 1417 1632 γὰρ
1468 1577 1553 1612 τοι
1601 1577 1897 1632 παρατετυ-

237 1642 533 1718 χηκότων,
579 1642 767 1718 βαθεῖα
815 1643 1044 1718 νηνεμία
1086 1649 1286 1718 κοσμεῖ
1329 1645 1427 1713 τὴν
1480 1647 1768 1721 τράπεζαν,
1799 1651 1902 1714 τῆς

237 1729 542 1802 δεσποίνης
617 1731 955 1809 ὑποκρίσεως
1030 1730 1556 1808 διοικονομουμένης
1630 1735 1781 1789 τουτὶ
1837 1734 1900 1789 τὸ

2003 565 2275 635 ctionem,
2310 566 2422 621 nisi
2448 567 2592 622 forte
2621 584 2794 622 omnis
2817 570 3152 625 communis
3186 575 3646 644 tempore,quem

2004 655 2198 710 cibum
2230 656 2452 711 diceres
2476 673 2704 714 menses
2728 660 2966 730 apponi,
2994 659 3153 714 velut
3182 660 3230 716 si
3261 661 3436 717 verba
3466 661 3565 716 Dei
3589 663 3647 717 in

2004 743 2223 800 frustra
2254 750 2604 800 resecentur.

2078 922 2200 978 154.
2233 923 2395 978 Istud
2422 923 2599 978 etiam
2624 924 2842 980 bonum
2865 929 2954 980 est
2980 925 3352 997 cupientibus
3382 926 3573 984 dicere
3595 932 3654 983 et

2007 1011 2370 1078 meminisse,
2400 1011 2536 1068 licet
2583 1030 2730 1084 opus
2778 1014 3189 1070 secundarium
3241 1015 3426 1086 primo
3460 1016 3652 1088 majus

2006 1100 2104 1155 sit.
2137 1104 2217 1154 Tu
2251 1106 2442 1157 autem
2476 1101 2585 1156 vile
2633 1103 2928 1173 quoddam
2975 1103 3190 1158 animal
3246 1087 3390 1159 bene
3422 1087 3652 1174 notum,

2007 1191 2176 1246 audis
2234 1189 2405 1262 longe
2437 1190 2664 1246 diversa
2720 1191 2791 1245 ab
2836 1191 2950 1246 ista
3007 1192 3131 1264 lyra
3189 1192 3517 1264 spirituali;
3569 1191 3652 1248 le-

2008 1278 2262 1334 ctionem
2313 1280 2637 1334 modestam
2687 1280 2933 1350 strepitu
2966 1281 3208 1334 convivii
3259 1281 3563 1353 opprimis,
3599 1286 3657 1338 et

2010 1369 2417 1440 frequentibus
2447 1368 2833 1440 hlasphemiis
2875 1370 2946 1424 ad
2993 1386 3280 1434 mensam,
3329 1371 3652 1442 praesertim

2010 1474 2142 1512 cum
2175 1457 2405 1512 sodales
2435 1474 2465 1512 e
2495 1458 2791 1512 caenaculo
2823 1458 3057 1514 absunt.
3099 1458 3319 1514 Amicis
3361 1460 3517 1515 enim
3550 1460 3651 1515 ad-

2009 1548 2324 1615 stantibus,
2360 1564 2622 1603 mensam
2669 1548 2905 1603 decorat
2951 1547 3132 1604 altum
3184 1548 3511 1615 silentium,
3545 1550 3655 1606 hoc

2009 1638 2229 1692 bonum
2263 1637 2631 1692 ministrante
2663 1641 2719 1692 et
2751 1637 2990 1692 docente
3021 1638 3313 1710 hypocrisi
3346 1638 3655 1710 magistra.

2011 1727 2176 1798 Apud
2213 1726 2518 1797 praedictos
2549 1727 2886 1797 monachos,
2921 1732 2984 1781 ut
3012 1727 3290 1792 diximus,
3324 1745 3513 1799 neque
3542 1727 3658 1784 lec-

236 1819 439 1876 καλόν.
472 1818 606 1876 Οὔτε
652 1823 852 1892 τοίνυν,
906 1821 1037 1898 ὅπερ
1085 1821 1310 1902 ἔφαμεν,
1358 1822 1658 1899 ἀνάγνωσις
1699 1822 1752 1879 ἓν
1784 1827 1900 1887 τοῖς

2013 1817 2112 1882 tio,
2143 1832 2330 1886 neque
2360 1815 2645 1870 bonorum
2701 1832 2940 1886 operum
2971 1816 3323 1884 exercitatio,
3358 1834 3392 1873 a
3441 1816 3657 1890 quibus

239 1910 706 1984 ἀνατεταγμὲνοις
769 1917 1059 1988 μοναχοῖς,
1116 1909 1239 1968 οὕτε
1311 1911 1494 1968 καλῶν
1553 1907 1729 1989 ἔργων
1787 1911 1904 1968 ἐπι-

249 1994 432 2068 ϐολὴ,
466 2000 538 2054 ὧν
572 1999 837 2076 ἀπέχουσι
882 2001 978 2063 τὰς
1028 2006 1218 2077 χεῖρας
1267 2001 1392 2055 ὡσεὶ
1441 2001 1530 2056 καί
1568 2021 1715 2063 τινος
1777 2002 1908 2074 μιά-

249 2109 468 2160 σματος
504 2104 518 2117 ⁸
578 2090 725 2164 τάχα
773 2110 879 2144 που
933 2089 1022 2144 καὶ
1080 2085 1327 2152 εὐλαϐῶς
1371 2084 1591 2166 ἔχοντες
1639 2089 1909 2163 ἀκκισμοῦ

248 2175 415 2252 λόγῳ
444 2174 480 2248 ἤ
526 2181 859 2252 σικχασμοῦ,
895 2179 970 2250 μὴ
1019 2178 1108 2233 καὶ
1154 2175 1401 2255 δυσγενὲς
1437 2174 1522 2250 εἴη
1578 2177 1668 2234 καὶ
1713 2177 1908 2252 ἀτιμο-

251 2268 424 2321 ποιὸν
461 2272 731 2342 μοναχοῖς
770 2267 834 2322 τὸ
883 2267 934 2322 ἰν
989 2264 1162 2324 δέοντι
1211 2273 1578 2344 χειρουργεῖν.
1607 2266 1907 2332 Κάντεῦθεν

247 2353 589 2431 ἀργολογίαι
640 2353 1023 2411 πολιτεύονται
1072 2357 1200 2431 παρ’
1240 2356 1446 2428 αὐτοῖς,
1493 2354 1567 2411 ὧν
1608 2354 1762 2411 οὐδὲν
1783 2356 1907 2432 κίρ-

245 2441 350 2508 δος
394 2444 783 2517 πνευματικόν.
847 2445 953 2500 Καὶ
1014 2449 1174 2499 τοῦτο
1227 2446 1321 2518 μὲν
1370 2444 1728 2521 ζωϊκώτερον,
1790 2445 1903 2500 ἐπεὶ

244 2531 350 2588 καὶ
399 2532 560 2602 ζώοις
608 2531 837 2609 ἀλόγοις
888 2533 956 2588 τά
1002 2538 1227 2589 τοιαῦτα
1273 2532 1568 2612 ἐμπέφυκε.
1611 2534 1714 2591 Καὶ
1771 2534 1910 2589 αύτά

242 2623 357 2700 γὰρ
425 2619 592 2695 μηδὲν
650 2645 703 2678 τι
771 2623 1051 2698 πεφυκότα
1090 2620 1523 2698 διαπράττεςθαι,
1584 2621 1726 2678 οὕτω
1787 2644 1906 2687 πως

247 2708 609 2768 διατίθενται.
657 2709 886 2783 ⁸’ᾼδουσι
935 2712 1030 2785 μὶν
1077 2713 1203 2787 γὰρ,
1257 2710 1376 2766 ὅσοι
1411 2716 1520 2767 τῶν
1567 2711 1794 2788 ὀρνίθων
1829 2712 1909 2766 εὖ.

246 2804 412 2878 φυῶς
468 2798 711 2876 ἔχουσιν,
770 2805 905 2854 Ὅσα
964 2801 1040 2873 μή
1097 2805 1340 2872 τοιαῦτα,
1394 2799 1430 2870 ἤ
1507 2800 1819 2872 κλάζουσιν,
1867 2797 1905 2870 ἤ

243 2890 581 2965 κρώζουσιν,
635 2886 672 2958 ἥ
723 2889 1153 2966 στρουθίζουσιν,
1184 2885 1221 2960 ἤ
1270 2886 1459 2953 ἄλλως
1487 2890 1690 2966 ἠχοῦσι
1725 2910 1738 2923 '
1777 2891 1906 2967 βρυ-

245 2983 468 3054 χῶνται
513 2975 571 3032 δὲ
618 2975 794 3054 ἔτερα,
842 2976 932 3032 καὶ
978 2982 1252 3051 μυκῶνται
1303 2974 1467 3034 ἄλλα.
1517 2979 1596 3035 Τὰ
1641 2977 1813 3034 πάντα
1849 2977 1908 3034 δὶ

248 3065 626 3122 διακινοῦνται
669 3067 806 3143 πρὸς
853 3065 1030 3142 ὄρεξεν
1081 3066 1424 3144 ἀργοφωνίας
1465 3068 1630 3130 τινὸς.
1671 3067 1716 3122 εἰ
1765 3067 1905 3124 οὕτω

2015 1904 2172 1960 velut
2203 1923 2236 1960 a
2265 1904 2518 1960 sordidis
2549 1905 2721 1960 rebus
2754 1921 2963 1960 manus
2995 1910 3302 1973 amovent;
3346 1905 3504 1962 haud
3535 1905 3656 1962 scio

2018 2012 2089 2048 an
2116 1993 2408 2062 timentes,
2443 1994 2609 2065 quasi
2643 2010 2776 2048 cum
2811 1993 3184 2050 simulatione
3213 1999 3270 2050 et
3302 1994 3557 2061 fastidio,
3585 2009 3658 2050 ne

2017 2083 2094 2138 sit
2125 2084 2462 2138 indecorum
2495 2088 2551 2138 et
2581 2083 2863 2138 monacho
2902 2083 3214 2155 indignum
3260 2083 3358 2138 ubi
3389 2100 3537 2155 opus
3567 2087 3658 2139 est

2018 2189 2231 2228 manus
2260 2174 2582 2228 admovere.
2616 2171 2762 2227 Hinc
2799 2189 2949 2227 vana
2996 2172 3429 2238 sermocinatio,
3478 2189 3509 2228 ο
3540 2188 3661 2244 qua

2018 2261 2245 2317 nullum
2278 2261 2509 2324 lucrum
2538 2259 2862 2333 spirituale,
2897 2261 3049 2332 apud
3099 2277 3197 2316 eos
3230 2261 3654 2332 frequentatur.

2017 2351 2134 2406 Hoc
2163 2355 2356 2406 autem
2390 2355 2445 2405 et
2474 2349 2828 2404 animalibus
2867 2349 3153 2418 convenit,
3186 2349 3400 2420 quibus
3433 2350 3660 2405 ratione

2017 2439 2348 2514 carentibus
2379 2445 2587 2494 natura
2633 2438 2776 2492 illud
2816 2437 3070 2492 inditum
3117 2443 3224 2493 est.
3276 2439 3355 2493 Ea
3398 2439 3554 2494 enim
3583 2439 3656 2494 ad

2017 2530 2309 2599 agendum
2344 2526 2488 2582 nihil
2533 2527 2821 2591 ordinata,
2875 2526 2986 2582 isto
3041 2527 3212 2582 modo
3243 2527 3657 2598 disponuntur.

2016 2617 2246 2672 Canunt
2276 2634 2429 2686 aves,
2464 2631 2827 2688 quaecunque
2859 2616 2928 2670 ad
2961 2615 3018 2670 id
3053 2615 3276 2671 idoneae
3321 2621 3478 2684 sunt,
3513 2617 3656 2672 dum

2016 2708 2214 2762 omnia
2243 2706 2442 2761 alienae
2495 2705 2708 2777 speciei
2739 2703 3016 2760 animalia
3061 2704 3146 2758 vel
3179 2703 3534 2777 clangorem,
3568 2703 3658 2760 vel

2015 2797 2322 2864 crocitum,
2354 2795 2438 2850 vel
2479 2796 2766 2865 pipatum,
2813 2799 2913 2848 aut
2965 2793 3139 2851 aliam
3200 2811 3398 2850 vocem
3431 2795 3654 2864 edunt;

2016 2886 2130 2941 alia
2165 2887 2436 2954 fremunt,
2495 2885 2769 2954 mugiunt
2819 2883 2968 2950 alia;
3001 2883 3272 2938 universa
3324 2883 3394 2937 ad
3442 2899 3655 2938 vanam

2016 2976 2334 3047 quamdam
2366 2972 2767 3046 garrulitatem
2797 2971 3146 3039 excitantur,
3189 2971 3239 3027 si
3269 2972 3379 3027 hoc
3423 2972 3660 3027 nomine

2015 3069 2298 3124 utendum
2329 3071 2436 3122 est.
2459 3067 2542 3120 Ad
2567 3081 2815 3136 quorum
2839 3062 3168 3134 exemplum
3198 3062 3467 3119 monachi
3488 3061 3660 3119 otiosi

245 3157 366 3232 χρὴ
431 3155 718 3229 ὀνομάσαι.
781 3155 878 3217 Οίς
947 3154 1157 3228 ὁμοίως
1231 3155 1658 3232 ἀργοκογοῦντες
1705 3157 1794 3212 καὶ
1854 3157 1900 3212 οἱ

2017 3174 2168 3213 vana
2196 3156 2520 3228 loquentes,
2556 3153 2774 3209 malum
2809 3153 3105 3224 quoddam
3139 3169 3382 3224 parvum
3415 3168 3662 3224 operan-

246 3204 447 3320 329.702
505 3204 762 3320 μῐναχοὶ,
819 3204 1023 3320 μικρός
1055 3265 1109 3299 τι
1153 3204 1371 3299 ποιόῦΙσι
1411 3204 1600 3301 κακόν.
1632 3245 1788 3303 Ἀλλ’
1819 3244 1900 3301 ὅτε

2019 3204 2728 3316 ἐξῆᾞῦἶέξᾷξιῖὸηῖιυιιί
2763 3204 2842 3296 de;
2862 3242 3035 3296 turba
3059 3204 3203 3296 istos
3234 3241 3304 3296 de
3331 3204 3660 3307 sanctitate,

245 3356 338 3398 τις
384 3337 497 3388 τῶτ
526 3333 780 3388 ἁπάντων
823 3331 1096 3406 τολμήσει
1147 3332 1225 3407 μή
1271 3333 1505 3389 ἐπαινεῖν
1559 3334 1686 3397 τοὺς
1728 3333 1909 3390 τοιού-

240 3443 380 3485 τους
441 3423 515 3484 ὡς
573 3422 664 3477 καὶ
720 3420 933 3497 ἀγίους,
983 3421 1073 3476 καὶ
1125 3419 1370 3498 λογίους,
1431 3422 1521 3477 καὶ
1575 3433 1909 3498 θαυματουρ-

242 3510 411 3588 γοὺς,
465 3509 608 3584 μηδὲ
653 3510 937 3585 κατατείνῃ
997 3509 1181 3586 ῥήσεις
1233 3511 1440 3584 μακρὰς
1486 3509 1777 3585 ἐγκωμίων
1825 3510 1906 3566 ἐπ’

245 3601 440 3662 αὐτοῖς
469 3627 531 3647 =
583 3597 629 3653 ὣ
673 3605 776 3670 τῆς
824 3598 1047 3664 ἰνταῦθα
1102 3598 1276 3669 λοιπῆ
1323 3599 1695 3676 ἀργολογικῆς
1735 3597 1910 3669 ἐπεξε-

246 3689 514 3759 λεύσεως,
573 3687 617 3743 ὣ
671 3693 782 3744 τῶν
843 3693 1236 3764 συμομαχιῶν,
1297 3685 1342 3743 ὣ
1382 3693 1491 3744 τῶν
1534 3687 1904 3765 ἀντιλογιῶνί

253 3777 479 3852 μᾶλλον
512 3779 606 3850 μὲν
659 3777 775 3846 οὗν,
805 3774 850 3832 ὣ
904 3798 1012 3832 των
1057 3777 1342 3852 πολέμων,
1382 3775 1427 3832 ὣ
1454 3783 1562 3834 τῶν
1597 3777 1906 3857 συρραφῶν,

249 3865 300 3922 ὣ
337 3872 448 3921 τῶν
483 3869 887 3944 καταγραφῶνι
941 3864 1068 3922 Οὐδ’
1118 3867 1178 3922 ἂν
1233 3865 1489 3943 βασιλεὺς
1540 3867 1908 3944 βλασφημού-

2018 3341 2120 3391 aut
2151 3337 2222 3389 de
2253 3331 2639 3404 intelligentia
2671 3335 2772 3386 aut
2819 3331 2889 3385 de
2943 3329 3244 3385 miraculis
3291 3330 3512 3384 audent
3541 3344 3660 3384 non

2018 3424 2280 3488 laudare,
2311 3438 2417 3478 nec
2448 3421 2653 3491 longos
2700 3419 2894 3474 laudis
2938 3435 3237 3474 sermones
3288 3419 3358 3473 ad
3390 3433 3489 3473 eos
3521 3433 3659 3488 pro-

2013 3513 2282 3568 tendere:
2306 3510 2350 3566 Ο
2367 3526 2577 3565 vanam
2600 3507 2955 3563 locutionem
2974 3506 3250 3574 clamant,
3267 3510 3325 3561 et
3341 3505 3619 3561 ultionem
3639 3501 3653 3560 l

2016 3620 2048 3657 ο
2079 3601 2297 3657 bellum
2333 3599 2500 3654 acre!
2536 3615 2568 3654 ο
2618 3594 2902 3667 injuriasl
2948 3595 3034 3651 vel
3085 3595 3281 3668 potius
3310 3611 3342 3650 ο
3373 3594 3590 3668 praelia,
3623 3610 3656 3650 ο

2017 3689 2204 3759 dolos,
2237 3705 2269 3744 ο
2300 3687 2721 3743 detractiones!
2760 3685 2957 3757 Neque
2987 3702 3086 3740 rex
3125 3683 3400 3740 conviciis
3432 3683 3657 3756 appeti-

2014 3785 2132 3846 tus,
2168 3793 2357 3850 neque
2386 3777 2512 3848 ipse
2558 3775 2711 3830 Deus
2766 3773 3090 3829 ulciscitur.
3123 3773 3216 3829 Sic
3267 3771 3514 3828 modesti
3546 3787 3661 3828 mo-

2017 3868 2212 3935 nachi,
2246 3865 2512 3922 monachi
2539 3866 2693 3921 sicut
2722 3863 3183 3928 destinaverunt,
3214 3863 3298 3918 sic
3328 3860 3656 3933 tranquilli.

251 3976 441 4030 μενος,
496 3955 669 4018 οῧτως
727 3954 1143 4030 ἐπεξελεόσεται,
1194 3953 1307 4012 οὐδ’
1347 3954 1408 4012 ἂν
1463 3956 1592 4019 Θεὸς
1659 3955 1842 4019 αὐτός.
1902 3955 2090 4019 Οὕτως
2145 3954 2399 4016 ἐπιεικεῖς
2460 3953 2511 4008 οἱ
2587 3951 2839 4027 μοναχοὶ,
2917 3952 3176 4026 μοναχοὶ,
3232 3950 3308 4014 ὡς
3363 3947 3656 4021 ἐτάξαντο·

246 4051 436 4115 οὕτως
461 4049 690 4129 ἥσυχοι.

323 4162 449 4236 ρνε’.
497 4160 558 4215 Τί
601 4157 658 4216 δὲ
707 4161 809 4238 ἄρα
856 4159 946 4215 καὶ
1001 4158 1210 4237 βούλει,
1261 4155 1306 4215 ὦ
1360 4159 1610 4238 μοναχέ;
1657 4163 1901 4238 Μακαρι-

247 4251 428 4325 σθήσῃ
462 4248 724 4324 εὐκαίρως
757 4276 772 4319 ς
815 4249 943 4321 Ναὶ,
997 4249 1150 4326 φησί.
1195 4251 1380 4324 Πατήρ
1405 4251 1506 4327 γάρ
1539 4249 1652 4324 εἶμι
1687 4269 1700 4284 ο
1734 4251 1895 4326 πατρὶ

247 4335 308 4395 δὲ
363 4337 660 4414 ἀντιλέγειν
715 4336 868 4400 υἱοὺς
925 4336 1024 4393 οὐκ
1081 4337 1268 4409 ἔξεστι.
1325 4339 1422 4393 Καὶ
1485 4340 1615 4412 μὴν,
1676 4340 1720 4394 ὧ
1763 4340 1900 4395 κατὰ

247 4429 307 4484 σὲ
357 4427 548 4502 πάτερ,
582 4423 793 4482 δέδοται
842 4426 932 4481 καὶ
962 4425 1086 4499 υἱῷ,
1117 4426 1161 4482 εί
1194 4424 1425 4499 μηδενὸς
1454 4426 1639 4504 ἐτέρου
1665 4449 1897 4505 κακουρ-

2082 4163 2204 4218 155.
2231 4161 2378 4228 Quid
2400 4160 2486 4217 vis
2511 4159 2714 4233 igitur,
2739 4176 2770 4214 ο
2801 4157 3083 4214 monache
3104 4158 3132 4214 Ἰ
3148 4158 3419 4214 Libenter
3441 4157 3661 4231 magni-

2008 4251 2278 4308 ﬁcaberis
2299 4251 2326 4305 ?
2360 4250 2587 4320 Utique,
2613 4249 2712 4303 ait.
2740 4249 2907 4303 Pater
2937 4251 3152 4314 sum,et
3177 4248 3326 4320 patri
3357 4245 3511 4304 ﬁlios
3527 4261 3660 4303 con-

2007 4341 2291 4397 tradicere
2321 4356 2432 4394 non
2467 4337 2621 4393 licet.
2654 4337 2786 4403 Sed,
2817 4337 2917 4409 qui
2951 4341 3173 4408 patrem
3204 4342 3259 4392 te
3281 4336 3495 4406 jactas,
3527 4351 3660 4390 con-

2007 4430 2234 4486 ceditur
2262 4428 2379 4484 ﬁlio
2411 4431 2633 4500 patrem
2667 4427 2738 4480 de
2785 4426 3014 4481 insania
3059 4441 3324 4497 arguere,
3357 4424 3403 4480 si
3438 4441 3554 4479 non
3584 4424 3658 4480 de

245 4501 522 4594 γήματος,
582 4515 879 4592 παρανοίας
929 4520 1058 4590 γοῦν
1114 4514 1354 4573 ἀλίσκειν
1407 4519 1498 4572 τὸν
1543 4501 1891 4593 ’γεινάμενοικ

2013 4519 2115 4575 alio
2175 4533 2527 4590 quocunque
2577 4515 2736 4570 vitio.
2779 4515 3065 4579 Quoniam
3125 4529 3261 4586 ergo
3293 4516 3494 4568 contra
3525 4527 3656 4568 mo-

246 4607 312 4662 Εἰ
343 4611 476 4682 γοῦν
507 4605 596 4661 καὶ
630 4604 692 4661 σὺ
740 4606 885 4681 παρᾶ
940 4605 1032 4661 τὸν
1087 4606 1384 4682 μοναχικὸν
1415 4607 1614 4662 κανόνα
1644 4607 1895 4684 πράττων

246 4700 562 4772 παρανοεῖς,
625 4695 714 4749 καὶ
793 4692 933 4749 οὕτω
999 4699 1357 4768 παρανομεῖς,
1423 4695 1475 4751 τί
1532 4692 1898 4772 δυσχεραίνεις

244 4786 350 4854 τήν
408 4783 496 4839 ἐπὶ
547 4782 831 4860 παροινίας
898 4785 1161 4860 γραφήν;
1232 4785 1454 4848 Ἔοικας
1514 4782 1572 4840 δὲ
1622 4785 1723 4862 ἄρα
1773 4784 1900 4848 τοὺς

246 4872 614 4947 αἴτιωμὲνους
656 4871 1112 4948 παρακρούεσθαι,
1167 4893 1249 4927 ινα
1291 4872 1380 4928 καὶ
1427 4876 1526 4944 τήν
1576 4874 1635 4929 ἐκ
1679 4878 1776 4928 τοῦ
1801 4874 1898 4949 ἀρ-

247 4963 485 5040 χιερέως
523 4960 728 5036 μέμψιν
765 4959 1023 5041 ἐκφύγῃς,
1055 4965 1153 5018 τοῦ
1183 4963 1432 5037 μείζονος
1463 4964 1665 5038 πατρὸς
1693 4960 1730 5033 ἤ
1762 4963 1898 5018 κατὰ

227 5053 328 5126 πὶ,
360 5056 458 5107 τοῦ
483 5050 559 5113 είς
604 5049 772 5106 τύπον
825 5051 984 5108 Οεοῦ.
1031 5050 1191 5127 Λὲγω
1233 5049 1298 5125 δή
1343 5073 1427 5107 σοι
1470 5051 1778 5127 τολμήσας,
1821 5051 1896 5115 ὡς

247 5141 293 5197 εί
321 5143 400 5214 μὴ
433 5141 462 5196 ὁ
495 5139 810 5213 ἐπίσκοπος,
859 5138 944 5202 τίς
988 5137 1090 5215 ἄρα
1142 5135 1322 5219 ἕτερος
1367 5141 1623 5220 θαῤῥήσει
1666 5143 1804 5218 πρὸς
1839 5142 1898 5197 σὶ

247 5229 540 5301 λαλῆσαις
599 5234 767 5290 Ποῖος
821 5225 879 5283 δὲ
950 5230 1132 5284 κακὼν
1197 5229 1389 5308 ἀφίησί
1465 5252 1523 5286 σε
1578 5228 1892 5302 ἀδέσποτον,

245 5319 582 5397 ἀκυρίευτον,
633 5316 895 5393 ἄναρχον,
964 5315 1260 5395 ἀκέφαλον,
1304 5318 1710 5396 ἀνεκλόγιστον,
1758 5316 1892 5374 ἀλο-

242 5412 597 5487 γοπράγητον
633 5429 648 5480 ;
683 5403 848 5462 Οὐδὶν
899 5401 1051 5468 ἔθνος
1099 5401 1450 5465 ὺϐασίλευτον
1486 5428 1498 5442 '
1541 5409 1736 5464 οὐκοῦν
1769 5404 1894 5463 ούδὲ

240 5519 324 5562 τις
382 5498 515 5561 λαὸς
561 5500 677 5570 Θεῷ
727 5493 1152 5571 κεκληρωμένος
1209 5493 1447 5576 ἅναρχός
1504 5496 1668 5555 ἔστιν.
1719 5520 1750 5550 κ
1803 5495 1893 5569 Ἐξ

242 5585 346 5664 ἄρα
385 5585 453 5660 δή
501 5609 556 5643 τι
604 5583 788 5642 ῐπειτα
836 5584 967 5649 Θεὸς
1023 5582 1221 5661 φρένας
1267 5585 1489 5658 ὤλεσεν,
1523 5610 1553 5641 ››
1613 5584 1660 5641 εί
1717 5582 1891 5649 οὕτως

243 5675 610 5758 ἁλλοφρονεῖς
637 5693 653 5710 ο
712 5673 772 5738 ὃς
819 5672 980 5749 ἀξιῶν
1033 5674 1296 5734 πάντοθεν
1344 5676 1686 5752 ἀνεξίταστος
1736 5675 1890 5749 εῖναι,

2008 4608 2319 4664 nachicum
2350 4621 2630 4662 canonem
2690 4621 2868 4677 agens
2900 4603 3146 4670 insanis,
3205 4605 3264 4658 et
3309 4601 3393 4656 sic
3424 4615 3653 4672 peccas,

2010 4698 2150 4769 quid
2184 4696 2615 4752 accusationem
2646 4693 2894 4749 insaniae
2942 4693 3057 4747 fers
3086 4688 3504 4763 impatienter?
3533 4689 3654 4745 Ac-

2008 4790 2307 4843 cusatores
2340 4785 2617 4856 repellere
2666 4781 2903 4846 videris,
2954 4786 3018 4836 ut
3067 4778 3327 4836 convicia
3357 4775 3652 4851 pontificis

2008 4873 2207 4948 magni
2240 4875 2442 4946 patris,
2498 4872 2584 4927 vel
2615 4872 2806 4942 juxta
2864 4875 2939 4938 te,
2988 4870 3116 4940 ejus
3171 4867 3271 4940 qui
3327 4868 3520 4923 locum
3550 4864 3654 4922 Dei

2005 4968 2188 5034 tenet,
2221 4962 2487 5034 effugias.
2537 4961 2655 5032 Ego
2688 4965 2886 5015 autem
2944 4957 3045 5013 libi
3093 4958 3336 5013 ﬁdenter
3391 4953 3558 5011 dico:
3591 4951 3653 5009 Si

2007 5070 2124 5109 non
2172 5051 2504 5125 episcOpus,
2557 5049 2657 5122 qui
2710 5047 2862 5103 alius
2919 5051 3114 5102 tecum
3161 5045 3324 5117 loqui
3373 5041 3653 5099 audebit?

2007 5144 2310 5209 Quodnam
2333 5143 2434 5212 jus
2460 5137 2742 5208 relinquit
2788 5140 2841 5192 te
2879 5135 3007 5192 sine
3057 5136 3358 5208 magistro,
3393 5133 3522 5188 sine
3550 5131 3653 5186 do-

2007 5233 2188 5299 mino,
2221 5233 2349 5287 sine
2408 5225 2716 5302 principio,
2775 5226 2904 5280 sine
2961 5225 3171 5296 capite,
3231 5223 3360 5279 sine
3407 5219 3652 5287 ratione,

2005 5321 2130 5378 sine
2160 5321 2366 5377 ordine
2415 5321 2683 5389 agentem
2706 5314 2734 5369 ?
2775 5314 2949 5369 Nulla
2978 5330 3123 5386 gens
3169 5327 3302 5384 rege
3332 5315 3528 5376 caret;
3560 5307 3652 5363 id-

2004 5411 2155 5466 circo
2188 5426 2293 5466 nec
2325 5406 2579 5481 populus
2610 5404 2726 5459 Deo
2757 5407 3136 5459 consecratus
3184 5401 3311 5457 sine
3341 5400 3489 5454 duce
3517 5395 3650 5452 erit.

2002 5499 2082 5555 Ex
2109 5499 2220 5556 hoc
2245 5496 2606 5554 intellectum
2629 5492 2783 5549 Deus
2804 5491 3127 5560 abstulit,si
3157 5490 3271 5548 isto
3295 5487 3469 5544 modo
3491 5501 3653 5542 men-

2000 5592 2120 5644 tem
2152 5587 2395 5653 alienas,
2426 5583 2524 5656 qui
2574 5597 2709 5638 cum
2742 5596 2811 5638 ex
2856 5580 3018 5638 nulla
3073 5583 3238 5653 parte
3282 5575 3425 5635 velis
3449 5573 3652 5631 ober-

2002 5675 2150 5746 vari,
2173 5673 2368 5733 simile
2383 5670 2604 5745 aliquid
2621 5668 2949 5744 agis,quasi
2967 5669 3264 5727 recusaret
3282 5676 3492 5722 aurum
3513 5675 3650 5719 cum

4025 5045 4044 5052 ...

4043 5225 4046 5236 ε

4041 5243 4046 5258 l

4057 4911 4079 5570 γ

4077 2075 4079 2098 |

4077 2141 4079 2174 Ι

4077 2213 4079 2254 Ι

4077 2367 4079 2392 ι

4077 2399 4079 2444 Ι

4077 2623 4079 2666 Ι

4077 2693 4079 2734 Ι

4074 2893 4079 2956 Ι

4074 2965 4079 3034 Ι

4077 3051 4079 3080 Ι

4077 3147 4079 3174 |

4074 3201 4079 3310 Ι

4077 3323 4079 3348 |

4074 3359 4079 3448 Ι

4077 3461 4079 3486 |

4077 3525 4079 3548 |
