4104 6210
383 233 502 292 859

1163 243 1588 306 EUSTATHII
1632 246 2396 316 THESSALONICENSIS
2441 253 3020 316 METROPOLITIE

3681 248 3813 309 860

386 379 498 419 mre
531 364 805 437 mixtum,
838 369 1085 443 ideoque
1125 371 1441 445 impurum,
1495 377 1896 448 probationem
1930 397 2034 452 per

2164 381 2340 454 ῗμοιον
2398 405 2450 438 τι
2509 389 2706 453 ποιεῖς,
2766 385 2840 446 ὡς
2893 383 2939 439 εὶ
2995 383 3084 438 καί
3127 404 3182 438 τι
3213 383 3442 458 χρυσίον
3471 378 3807 455 ύπόχαλκον

383 449 602 523 ignem.
634 458 751 510 Hoc
782 461 973 513 autem
1008 477 1194 532 neque
1242 464 1696 532 patriarcbicum
1742 449 2033 539 caput—ef-

385 543 536 615 fugit
565 544 797 615 ipsum;
831 551 930 604 sed
965 557 1120 606 certo
1165 557 1424 625 tempore
1472 557 1542 610 ab
1570 574 1636 612 eo
1685 575 1786 630 pro
1818 560 2034 630 quibus

386 636 687 704 oportebat
716 639 862 694 ratio
897 642 1172 710 poscitur.
1226 644 1292 698 Et
1326 645 1446 715 ipse
1496 646 1648 702 Deus
1703 664 1831 704 cum
1864 649 2035 704 boni-

384 728 505 778 tate
521 727 802 783 rationem
825 730 1096 799 reddens,
1121 731 1388 790 homines
1413 735 1521 791 sibi
1546 737 1763 796 amicos
1785 740 2038 795 sustinet

386 812 850 886 interrogantes:
885 817 1092 888 Quare,
1131 822 1390 888 Domine,
1426 824 1535 880 hoc
1566 830 1623 881 et
1676 827 1834 883 istud
1866 828 2038 901 agis?

388 906 453 957 ut
482 902 690 959 deinde
735 907 1062 965 convincat.
1116 910 1446 983 Aliquando
1496 913 1667 971 etiam
1701 915 2037 972 misericor—

388 990 538 1046 diter
567 1008 882 1050 conversus
913 996 982 1051 ad
1016 1012 1218 1054 eorum
1251 999 1462 1072 placita
1494 1001 1830 1060 inclinatur.

470 1260 588 1314 156.
637 1261 722 1316 Tu
756 1266 950 1319 autem
983 1281 1112 1321 vero
1139 1267 1428 1324 maximus
1452 1285 1534 1337 es,
1561 1272 1744 1342 major
1773 1271 1930 1329 omni
1956 1291 2039 1328 ra-

390 1349 549 1404 tione
573 1352 943 1420 reddenda,el
971 1354 1184 1411 idcirco
1208 1374 1385 1429 super
1418 1361 1594 1415 Deum
1629 1362 1825 1434 ipsum
1850 1362 2037 1418 eleva-

393 1445 510 1508 tus,
545 1443 647 1514 qui
682 1443 851 1515 plane
900 1449 1100 1502 renuis
1150 1450 1468 1521 apostolice
1515 1453 1831 1509 observari.
1882 1454 2038 1510 Talis

394 1547 527 1586 cum
560 1533 662 1602 ais,
695 1534 835 1604 quid
868 1552 898 1589 a
932 1536 1219 1609 principio
1250 1555 1381 1595 cum
1406 1541 1463 1595 in
1498 1547 1740 1598 tonsura
1761 1545 2037 1613 rationes,

393 1619 883 1692 interrogationes
913 1631 969 1680 et
1017 1627 1369 1697 quaastiones
1425 1631 1682 1702 audires,
1715 1649 1814 1688 cor
1870 1637 2038 1688 tuum

2141 472 2231 525 καὶ
2258 471 2401 527 οὕτω
2453 467 2721 544 κίϐδηλον
2767 471 2939 537 ἰθέλει
3001 477 3376 547 παραιτεῖσθαι
3424 471 3526 538 τήν
3577 466 3672 523 διὰ
3700 489 3808 522 πυ-

2143 561 2236 634 ρὸς
2291 559 2548 635 δοκιμήν.
2612 564 2708 617 Καὶ
2768 565 2876 636 μὴν
2935 561 3064 617 αύτὸ
3113 559 3239 616 οὐδὲ
3288 560 3668 636 πατριαρχική
3722 577 3809 618 τις

2145 645 2493 727 διαφυγγάνει
2569 649 2802 727 κεφαλὴ,
2861 649 2987 707 ἀλλ’
3061 649 3114 705 έν
3189 653 3365 724 καιρῷ
3420 646 3807 722 λογιστεύεται

2144 739 2233 792 καὶ
2264 739 2424 810 αὐτὴ,
2475 737 2544 795 δι’
2587 739 2650 795 οὗ
2698 741 2894 817 ἐχρῆν.
2945 739 3046 798 Καὶ
3091 739 3220 802 Θεὸς
3268 735 3326 793 δέ
3352 737 3515 800 αὐτὸς
3542 737 3808 811 ἀνέχεται

2144 823 2355 897 ἄλλως,
2415 829 2665 893 έπιεικῶς
2740 829 3092 906 λογιστεύων,
3167 829 3464 904 ἀνθρώπων
3521 822 3807 904 θεοφιλῶν

2143 922 2237 972 καῖ
2276 919 2694 993 πυνθανομένων
2721 938 2733 952 ⁸
2791 944 2821 972 «
2880 919 2949 977 Τί
3005 917 3111 988 ὅτι,
3165 917 3345 994 Κύριε,
3391 913 3522 972 τάδε
3550 914 3645 970 καὶ
3675 911 3812 969 τάδε

2145 1013 2362 1076 ποιεῖς;
2406 1031 2435 1061 ››
2496 1010 2602 1064 Καὶ
2657 1008 2829 1070 οὕτως
2877 1009 3137 1082 ὑπομένει
3189 1006 3644 1082 ἐπανερωτῶντας
3706 1001 3810 1073 δῆ-

2148 1107 2232 1160 θεν
2268 1097 2343 1158 εἱς
2372 1095 2621 1174 ἔλεγχον.
2673 1099 2774 1155 Καί
2825 1117 2958 1153 ποτε
3003 1096 3525 1170 κατακαμπτόμενος
3563 1092 3812 1166 έλεημό-

2145 1205 2275 1258 νως,
2307 1191 2456 1241 ποιεῖ
2484 1187 2550 1241 τὰ
2579 1186 2655 1251 εἷς
2688 1185 3010 1263 ἱλαρότητα.

2220 1275 2349 1348 ρνς’.
2384 1276 2530 1330 Πάνυ
2570 1280 2696 1349 γοῦν
2753 1273 2815 1330 σὺ
2867 1275 3031 1351 μέγας
3079 1271 3245 1346 οὕτω,
3299 1273 3391 1328 καὶ
3454 1274 3590 1349 ὗπὶρ
3620 1276 3805 1327 πᾶσαν

2149 1360 2545 1439 λογοπραγίαν,
2577 1363 2666 1418 καὶ
2701 1361 2790 1418 διὰ
2834 1367 2997 1418 τοῦτο
3036 1362 3310 1439 ὑπέρθεος,
3357 1359 3815 1435 ἀποπροσποιού-

2151 1471 2313 1522 μενος
2371 1451 2544 1523 πάντη
2603 1452 2818 1515 πάντως
2875 1453 2938 1506 τὸ
2990 1452 3333 1530 ἐφορεύεσθαι
3391 1449 3808 1512 ἀποπολικῶς.

2147 1540 2211 1595 El
2244 1537 2309 1610 δὴ
2340 1545 2588 1604 τοιοῦτος
2618 1541 2780 1610 ἦσθα,
2835 1542 2886 1596 τί
2939 1538 3006 1609 δὴ
3055 1542 3154 1610 τήν
3196 1539 3400 1616 ἀρχὴν,
3433 1542 3521 1595 ὅτε
3539 1540 3808 1614 κειρόμε-

2146 1649 2239 1691 νος
2290 1627 2659 1706 λογοπραγίας
2688 1628 2854 1705 εἶχες,
2897 1627 2986 1684 καί
3035 1627 3350 1705 έρωτήσεις,
3400 1628 3487 1684 καὶ
3515 1627 3810 1700 πύσματα,

392 1707 581 1764 valide
615 1727 728 1766 non
770 1713 1148 1786 conﬁrmasti,
1177 1733 1282 1773 nec
1321 1720 1565 1776 consilio
1617 1722 1840 1794 potenti
1872 1723 2038 1778 resti-

392 1796 518 1820 1!-L2
552 1798 859 1820 :_L___-_,,,
892 1801 948 1820 1!I
1102 1805 1124 1820 ο
1350 1813 1358 1820 .
1638 1810 1647 1820 ο
1764 1811 1777 1820 .

2164 1719 2231 1790 αὴ
2277 1713 2527 1795 ἕσφιγξας
2575 1720 2674 1788 τὴν
2722 1715 2944 1795 καρδίαν
2993 1739 3089 1772 σου
3139 1717 3397 1794 στερρῶς,
3442 1716 3534 1772 καὶ
3565 1716 3812 1820 ἴσχυρο-

392 1796 521 1853 tisti
552 1798 1048 1872 interrogantibus
1100 1805 1454 1877 frequenter,
1483 1825 1554 1864 ne
1601 1810 1781 1866 simul
1814 1829 2041 1884 progre-

393 1886 620 1943 dientes
651 1893 704 1944 te
736 1890 790 1944 in
844 1892 990 1947 retia
1037 1893 1438 1952 ineluctabilis
1484 1904 1540 1954 et
1596 1899 1841 1956 molesta
1871 1901 2041 1956 indu-

394 1981 624 2032 cerent:
661 1979 761 2033 sed
794 1983 912 2034 tam
946 1979 1114 2036 facile
1145 1985 1400 2054 subiisti,
1433 1991 1490 2042 et
1534 1987 1698 2044 nulla
1728 2007 1788 2045 re
1817 1990 2044 2060 objecta

396 2067 816 2138 spopondisti?
847 2068 993 2135 Quia
1023 2086 1158 2143 ergo
1185 2089 1220 2127 a
1249 2074 1535 2147 principio
1576 2076 1872 2132 humiliari
1906 2095 2042 2134 con-

397 2154 650 2222 cessisti,
684 2155 742 2211 in
779 2161 1075 2229 posterum
1115 2161 1249 2216 audi
1281 2164 1587 2234 profutura
1638 2165 1772 2222 licet
1802 2167 2043 2234 invitus,

399 2245 761 2311 convincere,
826 2252 949 2302 esto
1009 2249 1285 2320 sapiens,
1346 2254 1671 2310 secundum
1728 2255 2043 2312 consilium

397 2331 743 2390 Salomonis.
776 2336 923 2392 Ama
952 2341 1008 2392 te
1041 2337 1334 2410 integrum
1375 2359 1526 2410 esse,
1559 2344 1607 2399 si
1661 2360 1775 2400 non
1809 2349 1873 2401 ut
1907 2345 2046 2400 Pro-

398 2424 667 2481 metheus
689 2426 819 2498 (17),
853 2427 1060 2484 saltem
1091 2431 1260 2500 quasi
1294 2431 1688 2504 Epimetheus.

475 2618 597 2674 157.
625 2618 938 2693 Memento,
961 2639 1097 2696 ergo
1115 2625 1299 2682 multa
1329 2627 1752 2686 irrationabilia
1770 2629 2050 2687 animalia

405 2704 758 2763 clamoribus
803 2711 1122 2779 admonita,
1155 2731 1281 2770 cum
1310 2721 1527 2784 errant,
1561 2719 1792 2790 corrigi.
1824 2719 2050 2782 Quanto

408 2796 599 2866 magis
628 2796 686 2850 id
719 2797 893 2854 homo
923 2802 1137 2872 cupiet,
1172 2807 1228 2859 et
1257 2810 1496 2875 quaaret,
1529 2811 1738 2864 etcum
1768 2807 2054 2863 invenerit

412 2882 615 2939 beatus
644 2886 789 2940 erit!
825 2887 904 2943 De
935 2888 1042 2945 hoc
1069 2895 1340 2949 sexcenta
1370 2896 1633 2968 exempla
1653 2897 1790 2953 licet
1818 2897 2053 2953 aliunde

413 2991 645 3046 quoque
676 2975 945 3048 colligere
971 2997 984 3047 ;
1018 2983 1164 3038 satis
1195 2985 1305 3040 erit
1336 2988 1489 3057 quod
1525 2988 1812 3060 sequitur.
1839 2989 2057 3044 Ferunt

410 3067 742 3118 Maurorum
777 3065 1073 3138 mulieres,
1106 3087 1238 3126 cum
1287 3073 1486 3130 leones
1517 3074 1669 3130 circa
1701 3092 1913 3148 pagum
1945 3075 2049 3131 ali-

410 3167 583 3222 quem
659 3157 846 3222 erant,
915 3155 1056 3212 viris
1131 3159 1476 3218 absentibus
1549 3164 1836 3235 (abundat
1892 3164 2049 3220 enim

406 3239 539 3297 istis
586 3239 725 3296 feris
774 3245 1106 3301 Maurorum
1148 3249 1349 3321 regio),
1395 3251 1629 3322 injuriis
1660 3258 1716 3309 et
1775 3253 2051 3310 conviciis

407 3329 687 3400 impetere
716 3329 918 3388 solitas
965 3350 1114 3390 esse.
1160 3338 1309 3403 Quid
1349 3356 1484 3411 ergo
1516 3340 1603 3398 leo
1661 3342 1879 3414 regius,
1909 3343 2050 3398 adeo

407 3417 702 3490 egregius,
734 3435 850 3474 non
882 3423 1192 3491 erubescit,
1225 3427 1295 3481 ad
1343 3444 1622 3499 personas
1661 3449 1777 3488 non
1829 3430 2051 3487 validas

406 3507 622 3574 venire,
647 3509 863 3580 quibus
889 3529 992 3568 nec
1017 3517 1626 3588 roburmanuum,nec
1647 3521 1866 3594 aliquid
1888 3521 2052 3576 virile

410 3598 546 3655 est?
577 3600 799 3662 Quibus
829 3603 1048 3660 auditis
1103 3606 1306 3663 dicunt
1358 3607 1583 3667 leonem
1631 3613 1844 3668 rubore
1874 3611 2049 3678 afﬁci,

411 3687 582 3760 quasi
613 3688 933 3760 inspirante
971 3698 1180 3750 natura
1229 3696 1585 3766 rationabili,
1637 3701 1960 3756 verecunde
1992 3715 2054 3755 se

411 3781 761 3840 convertere,
813 3785 989 3850 atque
1045 3783 1115 3836 ad
1172 3784 1409 3855 propria
1465 3788 1670 3843 reverti
1720 3787 1866 3844 nihil
1916 3786 2056 3842 mali

403 3864 777 3922 inferentem.
811 3872 924 3922 Cur
952 3885 1088 3940 ergo
1118 3875 1180 3926 tu
1215 3872 1301 3929 leo
1343 3891 1474 3931 esse
1500 3877 1781 3933 adversus
1805 3877 2057 3933 munda-

415 3969 522 4008 nas
547 3955 849 4024 passiones
896 3957 1156 4028 edoctus,
1210 3979 1322 4018 non
1375 3965 1546 4020 modo
1595 3965 1783 4022 velum
1817 3965 2058 4038 pudoris

417 4039 502 4094 ori
534 4044 633 4095 tuo
665 4058 780 4096 non
812 4041 1085 4115 imponis,
1120 4063 1254 4104 cum
1305 4050 1537 4108 solitam
1589 4054 1940 4110 modeStiam
1970 4068 2059 4107 re-

417 4129 660 4200 linquis,
694 4147 826 4187 cum
877 4134 948 4189 ad
983 4139 1267 4194 mundum
1327 4143 1672 4215 transfugis,
1704 4147 1762 4199 et
1808 4144 1880 4199 ob
1910 4143 2063 4198 hanc

419 4234 656 4274 causam
690 4220 1020 4294 corriperis,
1072 4227 1172 4282 sed
1224 4228 1400 4284 etiam
1432 4232 1670 4303 rugiens
1729 4238 1792 4288 ut
1839 4231 1929 4287 leo
1955 4231 2062 4286 ob-

412 4306 724 4380 jurgantes
756 4313 1024 4380 proteris,
1058 4318 1116 4370 et
1145 4316 1232 4372 vis
1283 4317 1613 4376 dilaniare?
1645 4321 1945 4377 Didiceras
1973 4324 2062 4375 ta-

423 4414 553 4454 men
584 4398 833 4470 injurias
883 4402 1114 4473 injuriis
1163 4423 1278 4464 non
1328 4409 1628 4481 repellere,
1679 4417 1736 4469 et
1778 4411 1933 4468 mala
1964 4427 2065 4483 pa-

420 4487 575 4543 tiens
605 4505 719 4544 non
753 4489 987 4548 minari.

2151 1809 2515 1884 γνωμονήσας
2575 1807 2829 1878 ἀντέστης
2885 1812 3001 1869 τοῖς
3077 1806 3531 1883 πολυπράγμοσιν
3593 1805 3812 1881 ἐρωτη-

2157 1903 2428 1972 ματικοῖς,
2497 1899 2571 1972 μὴ
2630 1897 2718 1952 καὶ
2778 1894 3191 1960 συνελαύνοντες
3256 1895 3659 1950 κατακλείσωσι
3717 1893 3814 1950 καὶ

2153 1987 2212 2042 at
2242 1986 2318 2050 εἰς
2353 1987 2594 2063 ἂποριῶν
2629 1985 2752 2042 λίνα
2796 1982 3161 2063 δυσδιάφυκτα
3195 2005 3206 2016 ·
3231 1983 3358 2040 ἀλλ’
3392 1984 3568 2046 οὕτως
3591 1984 3814 2059 ἀπραγ-

2158 2075 2339 2149 μόνως
2390 2077 2632 2148 ὑπεῖσας,
2701 2075 2790 2130 καὶ
2849 2074 3096 2147 κατέθου,
3155 2073 3535 2152 άντιφωνήσας
3583 2071 3811 2146 μηδέν;

2154 2167 2275 2224 Ὅτι
2305 2166 2435 2241 γοῦν
2487 2167 2780 2238 ὑπέμεινας
2824 2165 3216 2234 ταπεινωθῆναι
3263 2163 3362 2227 τὰς
3409 2162 3612 2239 ἀρχὰς,
3647 2159 3816 2216 ἄκουε

2153 2259 2249 2311 τοῦ
2306 2254 2504 2310 λοιποῦ
2551 2253 2642 2309 καὶ
2700 2252 2842 2309 ἄκων
2885 2253 2954 2309 τὰ
2998 2253 3336 2310 συνοίσοντα.
3389 2253 3482 2307 καὶ
3541 2249 3812 2328 ἐλέγχου,

2153 2345 2242 2401 καὶ
2291 2343 2445 2419 γίνου
2503 2344 2696 2418 σοφὸς,
2749 2341 2887 2398 καθᾶ
2951 2344 2986 2412 ἡ
3066 2339 3488 2415 Σολομώντειος
3547 2337 3807 2410 {inoo-Ilia;

2159 2433 2414 2511 βούλεται
2448 2453 2460 2466 ·
2503 2433 2591 2488 καὶ
2636 2431 2838 2507 ἀγάπα,
2887 2430 3032 2487 οὕτω
3079 2428 3493 2508 διορθούμενος,
3527 2428 3578 2486 εἶ
3603 2429 3698 2486 καὶ
3728 2431 3808 2503 μὴ

2155 2524 2291 2578 κατὰ
2320 2522 2634 2599 Προμηθέα,
2667 2518 2737 2576 δι’
2767 2521 3115 2596 Ἐπιμηθέως
3139 2525 3289 2596 γοῦν.

2231 2632 2358 2707 ρνζ’.
2419 2631 2788 2703 Ἐνθυμήθητι
2846 2628 2898 2684 ἰν
2949 2628 3165 2692 τούτοις
3213 2630 3326 2697 καὶ,
3382 2629 3458 2690 ὡς
3500 2624 3696 2683 πολλᾶ
3719 2627 3811 2682 καὶ

2157 2725 2265 2775 τῶν
2319 2717 2538 2794 ἀλόγων
2609 2718 2763 2787 ζώων
2835 2716 3228 2794 ἐγκραζόμενα,
3280 2715 3371 2771 ὅτε
3444 2715 3817 2794 σφάλλονται,

2161 2809 2531 2884 ἀνορθοῦνται.
2591 2812 2682 2879 Τῷ
2739 2807 2897 2862 παντὶ
2957 2804 3024 2876 δὴ
3083 2805 3250 2862 πλέον
3312 2806 3340 2860 ὁ
3385 2803 3674 2880 ἅνθρωπος
3725 2803 3819 2860 καὶ

2161 2899 2388 2969 ποθήσει
2442 2897 2593 2966 αὐτὸ,
2637 2896 2727 2951 καὶ
2771 2897 3040 2965 ζητήσει·
3090 2895 3180 2949 καὶ
3226 2893 3396 2968 εὑρὼν
3447 2888 3818 2969 εύϐρανθήσε-

2160 3008 2272 3044 ται.
2321 2987 2422 3044 Καὶ
2481 2985 2547 3054 ἦν
2601 2986 2696 3058 μέν
2750 2983 2977 3048 ἐνταῦθα
3031 2981 3374 3053 ἱπιλέξασθαι
3429 2984 3580 3057 ἡμᾶς
3617 2982 3817 3056 ὁμοιό-

2161 3097 2301 3147 τητα
2361 3074 2552 3151 μυρίαν
2607 3075 2937 3149 πράγματος
2990 3071 3081 3127 καὶ
3140 3068 3374 3128 ἄλλοθεν
3410 3091 3423 3104 ·
3479 3071 3700 3148 ἀρέσκει
3759 3069 3821 3126 δὲ

2163 3164 2315 3239 ὅμως
2374 3165 2438 3219 τὸ
2494 3162 2992 3240 προτεθησόμενον.
3054 3161 3413 3234 Ἰστοροῦνται
3468 3161 3817 3237 Μαυρούσιαι

2154 3259 2423 3333 γυναῖκες,
2456 3249 2670 3308 ἐπειδὰν
2729 3250 2853 3326 περί
2895 3271 3014 3305 τινα
3056 3250 3253 3323 κώμην
3307 3248 3418 3306 ἐκεῖ
3456 3270 3564 3305 που
3596 3249 3819 3326 ἐπιχω-

2161 3343 2386 3421 ριάσωσι
2428 3339 2666 3408 λέοντες,
2717 3341 2794 3414 μή
2841 3339 3125 3416 παρόντων
3175 3335 3384 3415 ἀνδρῶν
3446 3338 3726 3412 (πέπληθε
3755 3337 3816 3395 δὲ

2160 3433 2365 3504 θηρίων
2418 3430 2681 3487 τοιούτων
2739 3431 2802 3485 τὸ
2859 3427 3199 3504 Μαυρούσιον
3250 3427 3469 3503 κλίμα),
3519 3427 3812 3484 έπιλαλεῖν

2160 3523 2347 3583 αὐτοῖς
2401 3517 2549 3585 έθάδι
2597 3519 2821 3595 γλώσσῃ
2871 3515 3238 3592 ὀνειδισμοὺς,
3294 3517 3386 3572 καὶ
3454 3517 3517 3572 τὸ
3580 3515 3815 3580 ὄνειδος·

2164 3635 2192 3664 ι(
2219 3612 2284 3669 Τί
2312 3607 2377 3681 δή
2408 3630 2540 3665 ποτε
2568 3610 2596 3664 ὁ
2632 3606 2888 3684 βασιλεὺς
2933 3605 3094 3677 λέων,
3146 3607 3174 3660 ὀ
3218 3605 3389 3668 οὕτως
3418 3606 3817 3680 ἁξιωματικὸς,

2163 3701 2265 3756 οὐκ
2307 3697 2638 3774 ἐντρέπεται,
2670 3696 2816 3770 παρὰ
2863 3696 3138 3768 πρόσωπα
3195 3692 3344 3764 ἥκων
3390 3696 3468 3768 μὴ
3509 3695 3817 3772 ἀξιόμαχα,

2166 3789 2246 3854 οἷς
2271 3784 2394 3844 οὔτε
2425 3786 2585 3863 ῥώμη
2619 3789 2846 3861 χειρῶν,
2878 3781 3001 3839 οὔτε
3032 3782 3172 3838 ἄλλο
3198 3803 3250 3838 τι
3287 3785 3444 3857 μετὸν
3479 3782 3708 3860 ἀνδράσι
3741 3807 3755 3855 ;
3791 3810 3818 3836 η

2168 3879 2274 3934 Καὶ
2325 3879 2353 3932 ὁ
2401 3874 2540 3930 λέων
2591 3873 2824 3943 ἀκούων,
2867 3872 3119 3944 αἰδεῖται,
3164 3872 3314 3949 φασὶ,
3360 3874 3480 3937 καθ’
3529 3869 3820 3945 ὑποϐολήν

2165 3987 2284 4023 τινα
2331 3965 2540 4044 φύσεως
2616 3961 2872 4040 ἐλλόγου,
2937 3961 3028 4016 καὶ
3080 3960 3390 4035 κατακύψας
3446 3959 3820 4036 αιδημὸνως;

2169 4055 2221 4119 ἐς
2252 4054 2320 4110 τὰ
2348 4053 2522 4109 οἰκεῖα
2550 4049 2658 4122 ἤθη
2712 4050 3050 4124 παλινοσνεῖ,
3104 4047 3270 4124 μηδέν
3319 4071 3372 4104 τι
3407 4047 3612 4126 δράσας
3639 4050 3826 4127 δυσ-γε-

2168 4145 2278 4206 νές.
2332 4141 2391 4197 Τί
2451 4139 2545 4196 οὖν
2603 4139 2680 4214 μὴ
2730 4137 2819 4194 καὶ
2879 4137 2962 4207 σὺ,
3025 4138 3054 4192 ὁ
3111 4138 3248 4193 κατᾶ
3296 4139 3482 4192 παθῶν
3534 4146 3821 4214 κοσμικῶν

2171 4231 2315 4288 λέων
2372 4232 2502 4285 εἶναι
2559 4229 2913 4305 ἀποταχθεὶς,
2971 4226 3032 4282 οὐ
3091 4228 3254 4300 μόνον
3314 4226 3374 4281 ού
3431 4240 3685 4306 προϊσχῃ
3728 4235 3822 4286 τοῦ

2171 4319 2471 4396 προσώπου
2522 4313 2827 4394 πρόϐλημα
2890 4313 3098 4386 αἰδοῦς,
3173 4322 3276 4386 τῆς
3349 4313 3542 4381 ἐθάδος
3587 4320 3824 4396 ἡσυχίας

2176 4410 2632 4483 ἆπανιστάμενος,
2693 4406 2783 4462 καὶ
2839 4400 3133 4460 διαϐαίνων
3185 4404 3260 4468 εἷς
3313 4406 3384 4461 τὰ
3437 4410 3705 4481 κοσμικὰ,
3737 4411 3822 4464 καὶ

2103 4482 2580 4573 Πόνειδιζόμενος
2648 4493 2718 4551 δι’
2771 4494 2944 4565 αύτό;
3021 4491 3203 4550 Ἀλλὰ
3284 4494 3375 4550 καὶ
3460 4495 3826 4572 βρυχώμενος

423 4575 688 4632 λέεντειον
746 4577 1088 4652 έπεμπηδᾷς,
1145 4584 1233 4638 καὶ
1293 4583 1703 4664 διασπαράττειν
1757 4591 1945 4668 βούλει
2000 4592 2092 4647 τὸν
2141 4588 2475 4666 έγκραγόντα
2532 4606 2667 4656 σοις
2722 4585 2826 4643 Kal
2883 4585 2990 4658 μὴν
3043 4583 3108 4639 οὗ
3173 4584 3342 4657 μόνον
3396 4582 3828 4661 λοιδορούμενος

421 4664 760 4736 τετύπωκας,
794 4669 892 4725 οὐκ
921 4670 1337 4750 άντιλοιδορεῖν.
1371 4675 1516 4732 ἀλλὰ
1542 4679 1631 4734 καὶ
1663 4664 1916 4758 πάσχων,
1953 4679 2093 4756 μηδὲ
2113 4664 2251 4758 γοῧν
2275 4676 2636 4734 ἄπειλεῖσθαι.

504 4758 625 4814 158.
679 4759 820 4816 Ecce
890 4761 1109 4818 librum
1186 4766 1435 4838 regulae:
1519 4771 1737 4844 accipe,
1809 4774 1956 4846 lege,
2013 4777 2072 4829 et

429 4847 753 4903 condemns
799 4850 1076 4922 teipsum.
1128 4851 1271 4908 Cum
1330 4857 1555 4929 absque
1595 4861 1817 4932 pudore
1849 4863 1996 4936 agis,
2037 4879 2070 4919 0

431 4935 736 5004 monacho,
768 4939 958 5010 cogita
990 4947 1286 4999 mortuum
1319 4948 1374 5000 te
1397 4946 1794 5018 impudentem
1827 4935 1974 5008 esse.
2007 4953 2070 5008 In

428 5028 670 5080 tonsura
701 5028 854 5083 enim
906 5037 1168 5087 mortuus
1226 5049 1307 5089 es.
1351 5037 1493 5092 Cum
1551 5041 1917 5113 conviciaris,
1952 5059 2071 5099 mc-

429 5121 627 5173 mento
646 5117 798 5175 inter
813 5128 974 5178 muta
991 5124 1284 5181 redactum
1302 5125 1702 5200 blasphemias
1717 5137 1772 5190 te
1785 5135 2069 5207 proferre:

430 5223 547 5262 non
580 5208 822 5266 edoctus
853 5228 916 5268 es
978 5213 1063 5270 sic
1109 5213 1407 5287 loquacem
1456 5235 1605 5276 esse.
1654 5221 1864 5280 Desine
1893 5225 2076 5297 igitur

502 5409 616 5487 (17)
648 5409 1028 5487 Prometheus
1058 5418 1115 5470 et
1143 5414 1540 5487 Epimetheus.
1565 5420 1738 5478 ambo
1765 5423 1924 5479 Jovis
1948 5423 2072 5482 ﬁlii.

431 5478 710 5567 gerebant
730 5483 1143 5567 Prometheum
1160 5478 1250 5550 res
1272 5492 1406 5567 ante
1425 5478 1697 5548 eventum
1719 5478 2072 5567 praevidere}

434 5552 836 5622 Epimetbeum
868 5571 983 5613 non
1017 5557 1132 5614 nisi
1155 5559 1448 5629 praeterita
1476 5552 1759 5638 noscere}
1790 5569 1947 5626 unde
1975 5552 2075 5625 de:-

2255 4768 2387 4843 ρνη’.
2423 4764 2563 4824 Ἰδοὺ
2620 4766 2683 4820 τὸ
2745 4759 2959 4840 βιϐλίον
3014 4768 3115 4833 τῆς
3167 4769 3451 4838 συνταγῆς,
3519 4766 3610 4820 καὶ
3647 4761 3826 4821 λαϐὼν

2182 4858 2474 4932 ἀνάγνωθι,
2531 4855 2623 4910 καὶ
2687 4857 2994 4930 κατάγνωθι
3050 4856 3294 4910 σεαυτοῦ.
3353 4855 3485 4911 "Ore
3541 4854 3828 4931 άναισχυν·

2179 4953 2311 5016 τεῖς,
2365 4947 2411 5001 ὦ
2470 4949 2702 5020 μοναχὶ,
2759 4943 2967 5016 νόμιζε,
3034 4941 3118 4997 ὅτι
3174 4942 3360 5019 νεκρὸς
3417 4940 3492 4997 ὣν
3551 4942 3826 5019 ἁναιδεύῃ.

2181 5039 2453 5107 Τέθνηκας
2518 5034 2622 5110 γὰρ
2681 5032 2733 5089 ἓν
2787 5037 2868 5106 τῷ
2931 5031 3220 5108 κείρασθαι.
3285 5033 3412 5090 Ὅτε
3476 5033 3829 5106 καταλαλεῖς,

2183 5126 2373 5198 ἐννόει,
2435 5122 2517 5180 ὅτι
2565 5123 2617 5179 έν
2669 5123 2908 5200 ἀφώνοις
2963 5122 3310 5197 τεταγμένος,
3356 5118 3642 5198 διαρθροῖς
3697 5123 3831 5200 βλα-

2185 5216 2452 5294 σφημίαν.
2514 5213 2591 5272 Ού
2643 5213 2748 5290 γὰρ
2799 5210 3077 5274 έτύπωσας
3137 5211 3279 5266 οὕτω
3323 5207 3499 5274 λάλος
3547 5212 3712 5270 εἶναι.
3744 5214 3831 5268 Διὸ

2185 5414 2452 5470 rivantur
2496 5416 2694 5468 Graeca
2739 5409 3001 5467 nomina.
3059 5406 3367 5464 Addebant
3409 5408 3590 5465 etiam
3624 5410 3697 5466 ab
3738 5408 3834 5464 illo

2185 5490 2389 5543 cautos
2419 5488 2476 5542 et
2502 5484 2797 5558 sapientes
2823 5482 3112 5548 homines,
3142 5477 3382 5537 insanas
3401 5496 3536 5539 vero
3565 5487 3627 5538 et
3655 5481 3835 5555 impos

2185 5565 2332 5624 rites
2361 5565 2434 5624 ab
2464 5566 2576 5624 hoc
2603 5564 2789 5623 fuisse
2818 5565 3062 5621 creatos.
