4104 6210
289 325 406 387 851

1300 329 1402 392 DE
1449 328 1939 390 EMENDANDA
1990 327 2702 406 VITAIMONACHICA.

3584 323 3700 383 862

288 459 421 535 ἄφες
455 461 679 512 τοιαῦτα
716 466 1102 536 τερατουργεῖν
1155 460 1242 516 έπὶ
1301 461 1408 532 σοὶ,
1465 461 1539 534 μὴ
1591 459 1680 514 καὶ
1738 479 1942 533 παρορ-

2073 464 2175 516 sta
2207 460 2468 532 prodigia
2495 459 2553 514 in
2585 466 2640 516 te
2669 458 2919 532 operari,
2944 475 3016 513 ne
3044 459 3114 513 ad
3149 457 3508 512 iracundiam
3567 473 3700 527 pro-

285 547 449 622 γίσῃς
481 548 572 602 τὸν
606 547 680 611 ὡς
711 547 932 618 ἀληθῶς
973 549 1194 622 ὕψιστον
1255 549 1686 625 θαυματουργόν.
1742 549 1943 620 Στέρνα

283 635 506 690 τύπτειν
555 635 765 706 τέταξαι
824 639 890 691 τὰ
947 639 1012 691 σὰ
1059 637 1145 692 ἐπὶ
1201 639 1475 712 μετανοίᾳ,
1533 637 1592 692 οὗ
1657 639 1762 710 μὴν
1809 637 1944 690 κατὰ

285 722 520 793 καρδίας
574 723 794 780 τύπτειν
821 726 949 788 τοὺς
986 727 1153 803 μικρᾶ
1210 728 1244 796 ἢ
1299 725 1452 782 οὐδὲν
1482 727 1707 788 αἰτίους·
1743 723 1944 801 δάκρυα

279 813 603 890 καταρῥέειν
634 813 722 869 ἰπὶ
777 814 1181 889 μεταμέλῳτῷ
1211 815 1294 890 ἐφ’
1345 815 1652 892 ἁμαρτίαις,
1713 815 1774 869 οὐ
1835 815 1941 887 μὴν

282 907 590 977 τυραννεῖν,
654 901 729 965 εἷς
800 901 1026 980 δάκρυαο
1103 902 1359 979 ψάλλειν,
1442 904 1503 960 οὐ
1572 905 1942 977 κατακράζειν·

283 987 625 1066 ὀρθοστάδην
689 989 890 1054 ἄϋπνος
955 991 1300 1069 ἐντυγχάνειν
1374 998 1510 1066 Θεῷ,
1573 993 1635 1048 οὐ
1697 994 1802 1066 μὴν
1865 991 1946 1046 ἐπ’

284 1079 626 1158 ἀμφοτέραις
700 1079 969 1156 χωλεύειν
1051 1081 1260 1157 ἰγνύαις
1337 1081 1748 1157 ἀμαρτητικῶς·
1815 1080 1947 1156 γόνυ

283 1168 493 1224 κλίνειν
544 1167 629 1224 ἐπὶ
684 1175 1062 1247 προσευχαῖς,
1123 1170 1184 1226 οὐ
1234 1170 1505 1242 κατακλᾷν
1560 1168 1726 1240 σκέλη
1789 1166 1944 1240 δίκην

287 1249 515 1327 λῃστοῦ·
548 1254 712 1309 ὁποῖα
756 1255 846 1309 καὶ
899 1261 1122 1311 τοιαῦτα
1167 1255 1354 1312 πολλᾶ
1384 1256 1436 1312 ἐν
1467 1262 1582 1320 τοῖς
1631 1257 1749 1320 καθ’
1797 1257 1944 1328 ἡμᾶς

289 1339 594 1416 βλέπομεν.
625 1349 687 1400 Ἠ
741 1339 938 1419 ῥάϐδος
986 1366 1082 1400 σου
1129 1350 1219 1401 καί
1267 1348 1302 1416 ἡ
1353 1347 1630 1421 βακτημία
1663 1366 1757 1400 σου
1780 1365 1948 1418 παρα-

287 1429 630 1486 λαλείτωσαν
661 1433 790 1496 τοὺς
815 1432 918 1488 ὐπὸ
947 1434 1024 1504 σὲ,
1058 1435 1147 1488 καὶ
1181 1433 1410 1496 λοιποὺς
1441 1432 1499 1489 δὲ
1531 1432 1754 1504 ἄλλους,
1790 1435 1948 1497 ὅσους

286 1517 583 1595 ἰξισχῦεις’
621 1522 697 1594 μὴ
721 1520 1146 1597 παραλυέτωσαν
1169 1520 1226 1579 δὲ
1255 1531 1354 1594 τῆς
1381 1529 1524 1594 ζωῆς
1547 1518 1943 1602 φοϐερώτερον.

285 1608 621 1684 Ἀγκαλίζου
672 1611 860 1686 γερσὶν
908 1611 985 1674 εἰς
1043 1614 1416 1686 πνευματικὴν
1487 1614 1814 1688 χαρμονήνο
1867 1611 1943 1684 μὴ

288 1697 484 1777 σφίγγε
514 1698 591 1762 είς
621 1702 953 1776 πνιγμονήν.

2051 566 2220 604 voces
2247 549 2539 603 excelsum
2563 548 2975 602 miraculorum
2992 548 3513 601 artil'icem.Pcctus
3532 551 3695 598 tuum

2054 654 2156 709 per
2178 637 2570 708 paenitentiam
2590 644 2885 708 percutere
2902 654 2961 691 es
2983 637 3474 702 informatus,non
3505 639 3697 688 autem

2055 744 2154 781 cor
2176 728 2514 797 transﬁgere
2549 743 2723 798 parva
2756 731 2855 780 aut
2885 724 3041 780 nulla
3067 723 3533 794 delinquentium
3565 740 3576 777 :
3616 720 3702 775 la-

2055 831 2285 886 crymas
2313 814 2607 870 effundere
2639 831 2705 869 ex
2739 819 3103 886 peccatorum
3156 812 3376 878 dolore,
3437 827 3551 865 non
3605 826 3704 880 op-

2056 903 2308 977 primere
2339 920 2524 974 usque
2554 903 2624 958 ad
2658 902 2983 975 lacrymas;
3018 901 3288 973 psallere,
3318 917 3432 955 non
3493 898 3700 954 clami-

2055 996 2199 1062 tare,
2233 997 2455 1046 rectum
2477 998 2533 1046 et
2560 990 2794 1063 vigilem
2829 993 2942 1046 Deo
2971 993 3224 1054 adstare,
3260 1007 3372 1043 non
3408 989 3696 1043 ambobus

2057 1081 2330 1137 cruribus
2413 1079 2791 1135 claudicando
2851 1081 3173 1135 incedere:
3224 1094 3414 1150 genua
3475 1077 3703 1132 ﬂectere

2059 1172 2130 1226 ad
2225 1171 2536 1236 orandum,
2594 1187 2713 1224 non
2771 1187 2960 1235 crura,
3011 1186 3170 1223 more
3217 1166 3483 1234 latronis,
3537 1183 3699 1220 rum-

2059 1276 2230 1332 pere;
2280 1276 2408 1330 quaa
2433 1258 2632 1314 omnia
2688 1259 2841 1329 apud
2881 1275 2985 1311 nos
3028 1258 3357 1326 frequenter
3408 1256 3699 1309 videmus.

2055 1349 2230 1421 Virga
2259 1355 2360 1403 tua
2412 1352 2469 1403 et
2529 1347 2774 1402 baculus
2824 1352 2960 1400 tuus
3004 1346 3380 1400 consolentur
3431 1343 3702 1398 subditos

2053 1444 2188 1495 tuos
2219 1443 2274 1492 et
2296 1437 2440 1492 alios
2458 1453 2842 1508 quoscunque
2876 1437 3110 1507 poteris,
3147 1440 3209 1488 ut
3240 1434 3432 1504 quiete
3481 1433 3700 1486 vivant.

2057 1526 2327 1581 Manibus
2351 1525 2701 1596 amplectere
2719 1527 2787 1578 ad
2817 1524 3310 1579 manifestandam
3336 1518 3705 1592 spiritualem

2055 1613 2343 1678 laetitiam,
2375 1630 2491 1668 non
2525 1613 2747 1685 stringe
2782 1615 2852 1668 ad
2886 1613 3313 1668 suﬂ‘ocandum.

369 1850 500 1925 ρνθ’,
563 1849 742 1906 Ἀλλὰ
786 1855 953 1906 ταῦτα
1000 1853 1094 1926 μὲν
1145 1857 1342 1914 κοινῶς
1395 1851 1534 1927 πρός
1562 1874 1620 1908 τε
1675 1850 1804 1914 τοὺς
1867 1874 1954 1926 με-

2133 1853 2254 1908 159.
2313 1856 2440 1906 meo
2488 1852 2688 1908 omnia
2739 1852 2796 1906 in
2887 1851 3187 1906 communi
3256 1852 3325 1906 ad
3389 1852 3709 1908 monachos

293 1936 732 2013 γαλοσχήμονας
760 1940 849 1994 καὶ
906 1939 1034 2004 τοὺς
1066 1940 1142 2014 μή
1174 1941 1290 1996 κατ’
1316 1940 1529 2004 αὐτούς.
1589 1945 1702 1999 Τοῦ
1753 1939 1951 1996 λοιποῦ

299 2023 358 2080 δὲ
410 2022 523 2097 ἰδίᾳ
569 2027 660 2080 καὶ
707 2034 824 2090 τοῖς
877 2031 1044 2101 μήπω
1093 2029 1576 2104 ἀπογραψαμένοις
1627 2030 1695 2084 τὰ
1747 2028 1953 2085 τελεώ-

295 2134 437 2170 τατα
462 2113 761 2188 ὁμιλητέον
808 2115 898 2172 διὰ
953 2117 1202 2194 βραχέων
1265 2119 1341 2182 εἷς
1402 2119 1573 2192 μόνην
1628 2117 1950 2191 ἀνάμνησιν·

297 2203 364 2258 οὐ
401 2205 504 2280 γὰρ
556 2206 710 2277 οἶμαι
770 2207 974 2283 ἀγνοεῖν
1010 2205 1125 2262 οὐδ’
1179 2206 1392 2279 αὐτοὺς,
1426 2210 1557 2283 ἅπερ
1609 2208 1952 2266 ἀκούσονται.

296 2295 401 2350 Καὶ
458 2294 597 2356 τέως
646 2295 1002 2370 παρεκθετέον
1055 2297 1155 2366 τήν
1212 2301 1308 2351 τοῦ
1369 2301 1616 2373 μονοιχοῦ
1672 2295 1891 2368 κλῆσιν,
1925 2298 1953 2351 ’ὀ

294 2381 351 2436 τί
381 2403 516 2437 ποτε
577 2381 856 2457 βούλεται.
915 2385 1107 2458 Ἠρεσε
1171 2389 1240 2459 τῇ
1283 2385 1420 2440 κατὰ
1469 2385 1660 2463 σοφίαν
1706 2382 1956 2462 ἀκριϐείᾳ

295 2472 362 2525 τὸ
413 2471 582 2543 μόνον
632 2471 844 2526 καὶτὸν
881 2472 1043 2545 μόνον
1086 2475 1174 2528 καὶ
1225 2475 1325 2542 τήν
1380 2474 1556 2547 μόνην
1596 2479 1832 2538 νοεῖσθαι
1863 2476 1957 2546 μὶν

297 2559 390 2614 καὶ
453 2558 640 2622 ἄλλως
694 2561 1014 2634 ὁμωνυμίας
1055 2562 1231 2636 νόμῳ,
1284 2561 1535 2638 λέγεσθαι
1589 2561 1645 2618 δέ
1696 2585 1824 2619 ποτε
1865 2563 1956 2619 καὶ

299 2647 445 2722 πρὸς
511 2648 575 2703 τὸ
633 2653 896 2723 συζυγοῦν
938 2654 1019 2722 τῷ
1068 2651 1213 2727 ἄρτῳ
1263 2651 1337 2713 είς
1391 2659 1600 2729 τροφῆς
1655 2650 1911 2724 ἀρτίωσιν
1943 2694 1956 2708 .

300 2736 468 2796 Οὕτω
497 2737 588 2792 καὶ
628 2736 794 2810 μόνος
841 2739 1014 2813 χιτών
1067 2760 1172 2794 τινι
1223 2739 1532 2812 πρόσεστιν,
1591 2743 1679 2796 ὅτι
1707 2739 1963 2797 ἀσυνδύα-

304 2827 434 2889 στός
493 2827 632 2882 ἔστιν
691 2826 904 2904 ἐτεροίᾳ
948 2824 1260 2903 περιϐολῇ,
1327 2830 1394 2898 ἧς
1441 2830 1720 2904 παρούσης
1779 2831 1851 2892 ὡς
1905 2831 1960 2886 ἓν

301 2937 411 2972 τινι
466 2915 701 2987 συζεύξει
732 2917 908 2972 οὐκέτι
946 2919 1258 2991 μεμόνωται
1291 2919 1318 2972 ὁ
1350 2921 1542 2994 χιτών.
1601 2924 1688 2991 Τῷ
1739 2917 1785 2974 δ’
1815 2921 1962 2993 αὖτῷ

306 3005 462 3081 λόγῳ
513 3005 602 3060 καὶ
654 3005 826 3080 μόνην
860 3000 1006 3083 ἔχειν
1042 3005 1257 3082 λέγεταί
1286 3028 1368 3070 τις
1414 3007 1671 3084 χλαῖναν,
1731 3009 1819 3063 ὅτι
1863 3017 1964 3079 τῆς

307 3093 604 3150 ἐπιλοίπου
654 3095 930 3170 συζυγίας,
983 3095 1079 3150 εἴτ’
1126 3095 1216 3150 οὖν
1275 3097 1609 3174 συστοιχίας,
1668 3097 1802 3167 αὐτὴ
1856 3095 1962 3153 διέ-

2063 1941 2258 2016 magni
2294 1943 2646 2009 indumenti,
2681 1947 2736 1997 et
2760 1943 2829 1996 ad
2891 1941 3036 1995 alios
3099 1959 3210 1995 non
3273 1941 3497 1996 similes
3554 1941 3709 1997 dicta

2061 2032 2198 2087 sint.
2228 2030 2512 2102 Relinque.
2541 2036 2735 2086 autem
2771 2030 2840 2085 iis
2873 2030 2970 2101 qui
2999 2029 3409 2100 perfectionem
3446 2031 3707 2085 nondum

2059 2121 2524 2191 spoponderunt,
2557 2118 2848 2190 privatim.
2900 2119 3103 2190 paucis
3149 2119 3358 2184 verbis,
3392 2119 3462 2173 ad
3516 2117 3702 2173 solam

2060 2209 2520 2264 recordationem
2557 2209 2899 2279 proferenda
2927 2212 3100 2262 sunt:
3132 2224 3229 2262 eos
3260 2207 3414 2262 enim
3459 2208 3707 2262 dicenda

2063 2296 2332 2368 ignorare
2363 2313 2476 2351 non
2506 2297 2773 2352 arbitror.
2822 2302 3005 2351 Antea
3055 2301 3248 2352 autem
3294 2297 3703 2368 exponendum

2064 2392 2156 2442 est
2186 2403 2394 2442 nomen
2428 2386 2699 2442 monachi
2732 2387 2871 2458 quid
2905 2387 3214 2458 signiﬁcet.
3250 2386 3477 2439 Placuit
3503 2385 3706 2457 exqui-

2065 2476 2177 2530 sita
2225 2475 2590 2547 sapientibus
2647 2475 2754 2530 has
2809 2492 2976 2530 voces
3029 2475 3421 2542 solummodo,
3486 2474 3704 2542 solum,

2067 2563 2446 2620 solitudinem
2503 2581 2605 2637 pro
2649 2565 2895 2620 diversis
2945 2564 3213 2635 intelligi,
3276 2564 3443 2635 quasi
3504 2564 3708 2618 homo-

2067 2669 2266 2727 nyma,
2297 2657 2354 2708 et
2383 2654 2655 2725 usurpari
2714 2654 3129 2719 indifferenter,
3172 2654 3325 2708 sicut
3373 2653 3541 2724 panis
3585 2669 3716 2724 pro-

2069 2743 2428 2798 conficiendo
2459 2742 2605 2798 cibo.
2662 2744 2876 2798 Eodem
2926 2744 3095 2796 ruodo
3148 2742 3320 2796 unica
3365 2741 3564 2795 tunica
3623 2745 3712 2796 est

2070 2831 2422 2897 alicui,cum
2456 2833 2803 2886 vestimento
2864 2831 3024 2885 alteri
3079 2847 3190 2883 non
3244 2830 3536 2900 jungitur,
3594 2845 3709 2899 quo

2071 2921 2329 2985 admoto,
2358 2919 2540 2975 veluti
2571 2921 2822 2992 quadam
2858 2919 2913 2973 in
2950 2918 3379 2987 unionc,unica
3412 2918 3539 2988 jam
3603 2933 3716 2971 non

2071 3015 2160 3066 est
2189 3010 2406 3064 tunica.
2441 3010 2655 3064 Eadem
2690 3009 2913 3064 ratione
2984 3009 3219 3062 unicum
3278 3006 3521 3078 pallium
3575 3004 3719 3060 dici-

2073 3104 2172 3154 tur
2200 3099 2422 3170 aliquis
2457 3098 2689 3169 habere,
2725 3116 2856 3152 cum
2906 3116 2936 3151 a
2970 3097 3214 3167 reliquis
3273 3094 3611 3164 conjunctis
3667 3096 3724 3148 et

309 3205 524 3241 σταται.
571 3185 642 3238 Τὸ
691 3181 748 3240 δὲ
800 3185 993 3259 ὅμοιον
1025 3191 1305 3263 θεωρεῖται
1335 3185 1424 3242 καὶ
1457 3186 1544 3243 ἐπὶ
1582 3187 1790 3264 μυρίων
1824 3187 1961 3243 ὅσων

2078 3188 2362 3259 proximis
2382 3189 2640 3244 vestibus
2671 3188 2882 3242 differt.
2919 3187 2983 3240 Et
3028 3186 3248 3240 similia
3306 3186 3377 3239 de
3429 3182 3724 3240 sexcentis

306 3273 531 3348 ὶτέρων.

382 3427 476 3500 ρξ’.
535 3422 709 3488 Οὗτος
740 3423 807 3494 δὴ
839 3428 869 3481 ὁ
900 3423 1066 3503 λόγος
1105 3429 1134 3482 ὁ
1183 3433 1301 3482 κατ’
1356 3425 1582 3497 ἔννοιαν,
1631 3429 1676 3482 ὦ
1739 3428 1964 3503 μοναχὶ,

312 3515 468 3576 ὅστις
505 3515 628 3571 ποτ’
655 3515 716 3570 ἂν
764 3513 855 3570 καὶ
888 3512 1026 3585 εἶής,
1075 3517 1165 3571 καὶ
1212 3520 1282 3590 τῇ
1314 3516 1382 3590 σῇ
1429 3516 1598 3592 ταύτῃ
1640 3516 1836 3587 κλήσει
1881 3516 1968 3592 ἐγ-

307 3605 548 3674 κάθηται
582 3645 596 3660 .
654 3603 916 3658 Τοιούτου
970 3603 1151 3659 τοίνυν
1212 3608 1300 3659 οἶα
1355 3605 1446 3659 καί
1502 3626 1652 3668 τινος
1709 3604 1967 3678 θεμελίου

311 3687 775 3764 ὑποϐεϐλημένου
827 3713 951 3764 σοι,
1009 3693 1392 3766 ἀναμνήσομέν
1448 3715 1504 3747 σε
1565 3693 1699 3766 μετὰ
1755 3693 1964 3769 βραχὺν

312 3780 507 3857 λόγον,
567 3781 643 3844 ὡς
702 3779 764 3835 οὐ
809 3782 926 3836 κατ’
957 3779 1115 3836 αὐτὸν
1149 3779 1488 3856 οἰκοδομαῖς,
1549 3781 1696 3837 ἀλλὰ
1721 3788 1803 3855 τῷ
1834 3783 1967 3837 ὑπο-

311 3871 556 3943 κειμένῳ
608 3868 859 3943 θεμέθλῳ
917 3870 1282 3935 ἀνακόλουθον
1341 3892 1424 3925 σοι
1481 3871 1546 3926 τὸ
1603 3871 1918 3946 παρύψωμα
1951 3915 1964 3928 .

302 3961 372 4017 Ὁ
421 3960 525 4035 γὰρ
581 3959 942 4021 ἆποστολικὸς
1005 3960 1273 4036 μοναχὸς,
1304 3961 1496 4016 ταυτὸν
1552 3958 1610 4015 Si
1641 3961 1834 4029 εἰπεῖν,
1869 3960 1968 4033 μό-

305 4069 427 4119 νος,
479 4045 632 4104 οὐδὶν
658 4049 867 4126 ὀφείλει
899 4045 1044 4123 ἔχων
1074 4046 1214 4104 ἄλλο
1248 4053 1366 4123 ζῇν,
1405 4048 1450 4104 εἶ
1487 4050 1564 4123 μὴ
1596 4049 1802 4120 ἑαυτὸν,
1836 4047 1969 4126 δίχα

308 4134 533 4208 δηλαδὴ
595 4141 955 4212 συζυγοῦντος
1008 4141 1077 4203 τῇ
1117 4139 1234 4192 κατ’
1286 4135 1565 4214 ἄνθρωπον
1624 4143 1738 4214 ζωῇ
1799 4141 1968 4194 ἅπαν·-

305 4246 404 4288 τος
435 4223 778 4300 πράγματος,
840 4227 954 4281 οἷον
1012 4227 1137 4292 ἄτερ
1177 4228 1355 4302 πήρας
1384 4227 1472 4282 καὶ
1509 4225 1824 4303 βαλαντίου,
1857 4233 1965 4283 τῶν

307 4315 402 4370 καὶ
464 4313 782 4390 ἀχρειωδῶν
835 4316 924 4370 κιοὶ
961 4315 1417 4391 μοχθηροτάτωνο
1469 4316 1516 4372 εί
1568 4316 1658 4371 καὶ
1690 4321 1807 4380 τοῖς
1834 4316 1969 4394 ἀφε-

311 4403 592 4477 λεστέροις
641 4403 694 4460 ἰν
750 4409 965 4480 σμικρῷ
992 4405 1194 4460 τίθεται
1253 4408 1287 4475 ή
1345 4411 1446 4475 τῆς
1491 4405 1698 4460 τούτων
1749 4406 1968 4480 ἀποχῆς

310 4491 674 4570 παραγγελία.
732 4498 824 4565 Τῷ
872 4493 1148 4570 βαλαντίῳ
1200 4495 1294 4568 μὲν
1338 4492 1565 4559 ἐνταῦθα
1613 4495 1641 4549 ὁ
1697 4495 1966 4569 θησαυρὸς

2079 3276 2209 3332 aliis
2244 3277 2418 3332 rebus
2441 3277 2690 3332 dicenda
2722 3280 2879 3330 sunt.

2152 3429 2271 3483 160.
2305 3429 2436 3483 Haec
2468 3427 2613 3482 ratio
2653 3426 3172 3497 interpretationis,
3205 3441 3236 3479 ο
3279 3421 3583 3488 monaohe,
3618 3425 3722 3477 aut

2077 3516 2346 3588 quisquis
2371 3517 2608 3570 tandem
2633 3531 2717 3582 es,
2737 3521 2835 3568 tuo
2869 3514 3102 3585 proprio
3136 3512 3356 3567 nomini
3385 3511 3720 3582 adaptatur.

2077 3606 2304 3672 Quo,ut
2333 3604 2844 3671 fundamento,tibi
2881 3604 3201 3674 supposito,
3236 3607 3291 3655 te
3323 3600 3719 3668 monebimus,

2079 3699 2208 3764 post
2241 3711 2425 3766 pauca
2456 3694 2652 3759 verba,
2687 3693 2744 3747 in
2778 3710 2841 3747 eo
2877 3710 2989 3746 non
3015 3692 3312 3757 habitare;
3359 3691 3458 3744 sed
3492 3689 3541 3744 ei
3577 3689 3716 3743 sub-

2076 3788 2175 3838 tus
2217 3782 2438 3854 jacenti
2487 3782 2878 3852 adjiciendum
2928 3798 3054 3836 esse
3103 3780 3279 3834 aliam
3330 3784 3713 3834 structuram.

2075 3872 2445 3944 Apostolicus
2485 3871 2642 3926 enim
2676 3875 3024 3935 monachus,
3067 3868 3150 3923 vel
3185 3869 3337 3940 quod
3396 3868 3551 3922 idem
3609 3872 3718 3932 est,

2079 3962 2396 4032 solitarius,
2425 3961 2613 4016 vivere
2643 3961 2814 4015 debet
2845 3959 2988 4014 nibil
3024 3959 3176 4013 aliud
3213 3958 3518 4028 possidens
3548 3972 3724 4026 quam

2078 4049 2496 4123 seipsum,sine
2511 4049 2632 4104 ulla
2644 4065 2703 4104 re
2719 4050 2850 4103 vitae
2867 4049 3135 4102 humanae
3151 4048 3444 4102 adhaerere
3459 4045 3723 4114 faciente,

2081 4145 2147 4196 ut
2176 4144 2313 4194 sunt
2345 4155 2481 4210 pera
2504 4142 2561 4194 et
2587 4137 2857 4205 loculi,et
2897 4137 3131 4207 quidem
3159 4136 3412 4206 minimi,
3440 4140 3494 4190 et
3517 4133 3723 4190 miser-

2078 4227 2562 4296 rimi,dummodo
2593 4228 2744 4298 apud
2762 4227 2871 4281 sim
2885 4226 3062 4296 plices
3090 4225 3424 4295 sitalicujus
3446 4221 3727 4279 momenti

2079 4316 2398 4373 admonitio
2433 4317 2503 4370 de
2535 4316 2626 4372 his
2659 4317 2832 4371 rebus
2864 4315 3527 4387 deponendis.Namque
3560 4313 3616 4367 in
3639 4311 3726 4368 lo-

2078 4405 2226 4462 culis
2256 4405 2516 4462 thesauri
2543 4405 2966 4477 depositisunt,
2993 4410 3048 4458 et
3080 4405 3136 4458 in
3157 4420 3290 4476 pera
3313 4403 3545 4472 reliqua:
3577 4401 3724 4455 divi-

2077 4495 2417 4551 tiaa.Saccus
2430 4494 2586 4549 enim
2611 4497 2699 4548 est
2714 4498 2935 4564 pera,et
2960 4493 3191 4547 sacculo
3209 4491 3552 4562 intelligitur
3572 4489 3727 4559 quod

315 4566 767 4652 cuvsitgéGlmat,
797 4566 882 4658 cf}-
925 4585 1076 4658 πήρᾳ
1133 4566 1208 4638 δὲ.
1248 4585 1276 4640 ὁ
1326 4583 1519 4646 λοιπὸς
1550 4566 1961 4660 χρηματισμός·

2081 4601 2313 4656 cunque
2343 4583 2680 4640 divitiarum
2745 4581 3197 4653 receptaculum.
3260 4578 3390 4636 Tibi
3436 4578 3639 4650 igitur,
3696 4591 3730 4632 ο

318 4674 519 4736 σάκκος
545 4673 645 4748 γάρ
676 4693 758 4734 τις
807 4673 897 4727 καὶ
955 4672 989 4727 ὰ
1041 4675 1210 4748 πήρα.
1265 4679 1357 4748 Τῷ
1408 4671 1466 4729 δὲ
1495 4674 1705 4746 σακκίῳ
1755 4670 1974 4748 δοχεῖον

317 4764 459 4816 ἅπαν
524 4766 917 4817 συνεπινοεῖται
987 4763 1442 4838 χρηματιστικόν.
1512 4762 1804 4818 Ἐπίκειται
1883 4761 1975 4817 οὖν

317 4850 527 4906 καὶσοί
581 4850 773 4926 χρέος,
829 4852 875 4904 ὧ
934 4849 1250 4927 εῗσαγωγικὲ
1301 4853 1506 4928 μοναχὶ
1565 4852 1693 4925 (ἀπὸ
1751 4855 1847 4906 σοῦ
1876 4851 1977 4928 γὰρ

317 4939 382 4994 τό
413 4960 477 5014 γε
532 4938 622 4994 νῦν
671 4937 963 5015 ἄρχομαι),
1013 4943 1411 5017 γεγυμνῶσθαι.
1469 4945 1645 4997 Τοῦτο
1703 4942 1808 5017 γάρ
1867 4940 1978 4996 ἐστι

317 5028 384 5085 τὸ
418 5033 622 5105 χρῆναι
677 5029 769 5084 τὸν
829 5028 1072 5104 μοναχὸν
1124 5030 1310 5085 ἑαυτὸν
1337 5030 1428 5086 καὶ
1481 5030 1650 5104 μόνον
1685 5027 1849 5105 ἔχειν.
1884 5036 1980 5085 Γε-

311 5116 635 5194 γυμνῶσθαι
685 5117 743 5173 δέ
790 5139 934 5195 φημι
990 5117 1052 5172 οὗ
1103 5119 1165 5173 τὸ
1225 5117 1607 5195 περιεοτάλθαι
1642 5116 1811 5193 μηδέν
1841 5140 1893 5173 τι
1925 5116 1978 5181 ἐς

316 5201 622 5277 ἀναϐολὴν,
680 5205 1078 5281 διατεθειμένον
1109 5211 1438 5284 Βραχμᾶνος
1497 5205 1654 5279 δίκην
1703 5229 1978 5286 γυμνοσο-

320 5300 550 5375 φιστοῦ,
610 5297 748 5352 κατὰ
791 5296 882 5351 τὸν
933 5295 1161 5352 πεσόντα
1211 5295 1271 5352 ἐκ
1319 5296 1537 5360 κοιλίας
1577 5294 1695 5374 ἄρτι
1749 5299 1982 5372 πρώτως

325 5392 602 5460 μητρικῆς
650 5386 703 5458 (ὃ
759 5383 825 5457 δή
892 5406 1018 5440 ποτε
1074 5385 1269 5462 ἀγαθὸν
1321 5387 1410 5442 καὶ
1460 5385 1750 5461 ἡμετέροις
1809 5385 1981 5462 ἁγίοις

324 5474 563 5550 Πατράσι
597 5474 912 5550 θαυμασίως
973 5472 1316 5551 ἰνέλαμψιν),
1350 5474 1499 5532 ἀλλὰ
1540 5476 1602 5531 τὸ
1651 5479 1769 5538 τοῖς
1821 5475 1981 5550 ἀναγ-

322 5563 635 5630 καιοτάτοις
707 5565 1019 5638 ἀρκεῖσθαι,
1093 5563 1186 5620 καὶ
1262 5563 1432 5639 μηδέν
1496 5586 1549 5621 τι
1619 5569 1978 5642 περικεῖσθαι,

326 5651 484 5730 λόγῳ
515 5650 732 5728 δηλαδὴ
764 5651 1174 5732 περιττότητος.
1204 5652 1275 5711 T6
1308 5651 1364 5713 δὶ
1387 5653 1532 5712 οὕτω
1552 5647 1980 5734 περιϐεϐλῆσθαι

2087 4673 2374 4729 monacho
2406 4672 2733 4744 recipiende
2764 4676 2820 4739 (a
2855 4678 2907 4726 te
2940 4672 3092 4725 enim
3136 4668 3536 4739 incipiendum
3594 4666 3727 4736 est).

2087 4779 2325 4818 necesse
2351 4767 2437 4817 est
2471 4761 2701 4816 nudari.
2735 4761 2851 4815 Hoc
2885 4761 3166 4827 innuilur,
3210 4773 3340 4810 cum
3366 4756 3580 4810 dicitur
3604 4770 3728 4809 mo-

2089 4851 2342 4908 nachum
2376 4850 2661 4922 seipsum,
2694 4856 2749 4905 et
2781 4868 2840 4904 se
2873 4849 3063 4904 solum
3107 4863 3233 4902 esse
3291 4860 3728 4917 possessorum.

2089 4939 2308 4996 Nudari
2331 4939 2482 5008 dico,
2525 4955 2637 4994 non
2659 4937 2802 4993 nihil
2836 4938 3199 4992 induendum
3233 4951 3481 5002 servare,
3518 4949 3634 4988 non
3666 4946 3728 4988 se

2089 5030 2304 5086 habere
2331 5029 2519 5084 instar
2565 5027 2956 5083 Brachmanni
3013 5025 3527 5098 gymnosophistae,
3577 5021 3736 5078 velut

2091 5117 2304 5191 aliquis
2336 5116 2672 5190 nuperrime
2701 5117 3053 5187 egressusde
3083 5119 3282 5170 ventre
3315 5113 3520 5168 matris
3555 5111 3736 5182 (quod

2092 5208 2312 5264 bonum
2347 5207 2501 5278 apud
2534 5210 2765 5261 nostros
2798 5209 3030 5260 sanctos
3065 5205 3265 5258 Patres
3311 5203 3456 5256 mire
3505 5199 3737 5269 enituit.)

2092 5298 2192 5354 sed
2244 5298 2420 5352 rebus
2469 5294 2818 5352 necessariis
2869 5299 3209 5348 contentum
3257 5308 3408 5360 esse,
3468 5287 3736 5359 nihilque

2091 5387 2457 5444 circumdare
2487 5385 2875 5456 superﬂuum.
2901 5387 2968 5438 Et
2999 5383 3412 5438 indumentum
3445 5378 3580 5448 hoc,
3631 5377 3735 5434 ali-

2093 5493 2209 5550 quo
2241 5476 2414 5532 modo
2445 5473 2698 5530 nuditati
2730 5490 2844 5528 non
2869 5472 3176 5536 dissimile,
3201 5468 3527 5542 quamlibet
3561 5465 3740 5523 aliam

2090 5569 2310 5622 vestem
2342 5561 2616 5634 excludit,
2645 5563 2781 5634 quia
2807 5561 2950 5618 satis
2982 5565 3091 5629 est,
3142 5568 3196 5616 et
3244 5559 3382 5631 quia
3432 5555 3738 5614 retinenda

2089 5658 2182 5712 est
2201 5652 2358 5712 dicta
2385 5651 2642 5712 solitudo
2673 5649 2978 5709 monachis
3007 5664 3286 5722 congrua.
