4104 6210
366 341 484 403 863

1144 340 1563 404 EUSTATHII
1605 335 2376 404 THESSALONICENSIS
2421 333 3004 398 METROPOLITA‘S

3659 334 3794 395 864

368 473 700 548 γυμνωσεώς
727 493 848 526 τινα
879 471 1046 547 λόγον
1079 467 1229 546 ἔχον,
1263 467 1518 526 ἐκϐάλκει
1543 475 1714 525 πᾶσαν
1748 466 1928 540 ἄλλην
1956 465 2224 544 περίθεσιν
2257 463 2347 522 διὰ
2372 466 2436 522 τὸ
2463 463 2748 542 αὔταρκες,
2777 463 2876 520 καὶ
2898 460 3186 543 φυλάττειν
3213 462 3266 518 ἂν
3309 462 3394 518 σοὶ
3421 463 3523 532 τὴν
3551 461 3789 538 amas.

369 580 469 632 νην
503 561 734 634 μόνωσιν
766 563 868 631 τὴν
899 566 1164 636 μοναχοῖς
1195 561 1527 635 πρέπουσαν.

447 670 569 724 161.
608 670 744 726 Vere
777 669 1028 724 maxime
1063 667 1463 724 necessarium
1525 672 1615 724 est
1667 666 1835 738 panis
1893 666 2016 720 fru-

2203 661 2331 736 pEa'.
2379 660 2828 736 Ἀναγκαιότατον
2887 660 2916 714 ὁ
2961 656 3158 732 ψωμός
3189 676 3203 689 ·
3255 657 3333 720 εἷς
3380 655 3501 712 ’ίσον
3558 653 3789 733 ιρχεται

375 762 572 824 stum;
605 763 661 813 et
693 775 856 829 aaquo
889 759 1182 813 modicum
1213 758 1435 826 vinum,
1468 755 1739 812 similiter
1758 760 1816 812 et
1847 756 2018 811 obso-

377 848 543 902 nium
579 848 896 902 modicum.
953 847 1086 912 Qum
1145 863 1279 902 cum
1338 846 1544 917 habes,
1599 845 1797 917 aliquo
1848 843 2019 899 modo

379 942 444 993 ut
476 935 800 991 monachus
834 953 948 992 non
981 935 1103 1006 agis
1128 937 1566 992 antemundum
1598 934 1804 1006 (habes
1861 931 2020 988 enim

380 1024 577 1095 aliqua
618 1024 840 1079 ratione
887 1025 1249 1096 conjuncta),
1303 1024 1404 1080 sed
1451 1023 1565 1079 alio
1621 1023 1795 1079 modo
1850 1038 2022 1078 verus

380 1109 706 1167 monachus
737 1110 972 1168 videris.
1009 1110 1245 1167 Inutilia
1266 1111 1421 1166 enim
1457 1115 1577 1167 ate
1623 1110 1914 1177 amovisti,
1967 1113 2024 1164 et

377 1204 587 1254 catera
617 1199 834 1270 quibus
866 1200 1140 1271 conjungi
1176 1216 1413 1255 necesse
1442 1216 1556 1255 non
1587 1203 1675 1254 est
1722 1197 2022 1254 hominem

376 1287 508 1342 vitae
540 1287 896 1343 continentis
926 1287 1235 1360 cupidum,
1277 1305 1392 1342 non
1442 1287 1816 1359 passionibus
1868 1284 2026 1341 dedi-

376 1382 528 1443 tum,
599 1393 702 1431 nec
761 1377 1141 1433 necessitates
1202 1375 1497 1432 naturales
1546 1374 2022 1448 praetergredien-

378 1469 522 1520 tem.
557 1463 776 1520 Taliter
805 1466 994 1521 vivere
1025 1466 1074 1520 si
1107 1465 1362 1537 potueris
1394 1466 1474 1536 (et
1522 1469 1686 1536 potes
1739 1461 2022 1531 omnino),

382 1557 450 1606 ut
480 1551 728 1624 elegisti,
763 1553 821 1607 in
855 1552 1174 1609 solitudine
1218 1553 1378 1608 vivas
1414 1553 1694 1625 deinceps
1741 1555 1874 1623 post
1932 1550 2022 1605 in-

381 1657 650 1713 gressum
682 1647 871 1698 tuum.
901 1642 954 1696 Si
980 1647 1175 1698 autem
1223 1640 1586 1714 impossibile
1634 1642 1756 1697 fore
1813 1655 2021 1710 cogno-

379 1730 554 1797 veris,
586 1731 881 1802 egredere.
909 1731 992 1786 Ad
1021 1731 1134 1787 hoc
1160 1730 1315 1787 enim
1374 1731 1481 1786 tibi
1537 1747 1571 1786 a
1627 1729 1829 1803 regula
1878 1734 2023 1784 tem-

381 1834 493 1890 pus
551 1817 909 1890 recogitandi
959 1822 1049 1875 est
1100 1823 1558 1886 concessum,ut
1613 1817 1872 1873 conﬁsus
1929 1833 2023 1872 re-

380 1923 645 1974 maneas,
668 1911 726 1962 et
765 1907 1034 1963 dimdens
1094 1909 1289 1964 abeas.
1339 1908 1449 1963 Sed
1500 1905 1913 1972 considerasti,
1963 1904 2024 1961 in

378 1995 584 2052 limine
640 2002 842 2053 sancto
880 1997 1220 2067 constitisti,
1253 1997 1404 2052 inter
1455 2012 1622 2052 sacra
1681 1992 2023 2050 benedictus

382 2102 466 2157 es,
489 2090 546 2140 et
574 2089 793 2141 vestem
825 2085 1204 2156 apostolicam
1249 2084 1516 2141 induisti.
1582 2083 1841 2140 Remane
1887 2097 2024 2154 ergo

385 2173 556 2245 quasi
583 2173 959 2246 apostolicus,
993 2179 1052 2230 et
1083 2191 1218 2229 mox
1245 2173 1620 2246 evangelicae
1679 2171 2025 2228 monachus.

383 2263 454 2319 Et
503 2262 722 2335 duplici
768 2263 940 2319 modo
984 2263 1342 2329 remanebis,
1402 2278 1519 2318 non
1600 2259 2026 2317 circumvolans

385 2357 603 2418 mente,
661 2352 872 2425 potiori
924 2357 1087 2424 parte
1172 2356 1395 2408 natura)
1467 2354 1602 2422 tuis,
1689 2366 1796 2406 nec
1881 2366 2027 2406 usus

385 2457 625 2512 oorpore
655 2441 727 2496 ad
762 2440 1014 2496 liberum
1045 2440 1374 2497 arbitrium.
1409 2439 1588 2496 Aliter
1617 2438 1775 2495 enim
1821 2439 2026 2511 jussus

385 2529 741 2597 ministrare,
783 2529 988 2600 exibis,
1017 2533 1075 2584 et
1129 2530 1343 2586 iterum
1411 2528 1626 2585 redibis
1679 2527 2024 2598 monachus,

385 2618 580 2689 qualis
605 2617 849 2686 exieras,
882 2617 1230 2690 impollutus
1273 2622 1468 2675 mente
1533 2622 1591 2673 et
1636 2633 1899 2689 corpore.
1958 2617 2029 2672 Et

387 2706 614 2776 siquid
665 2707 930 2764 redeunti
987 2707 1358 2763 referendum
1413 2711 1524 2777 est,
1565 2707 1636 2763 ad
1695 2705 2027 2778 exemplum

387 2793 516 2866 apis
547 2794 828 2851 studiosae
870 2795 926 2850 id
978 2811 1137 2867 ages,
1187 2811 1398 2866 nempe
1443 2793 1682 2867 colliges
1739 2798 1798 2850 et
1854 2795 2024 2860 feres,

386 2883 486 2937 ubi
521 2883 849 2955 contigerit,
882 2882 1117 2955 aliquod
1158 2884 1377 2939 bonum
1434 2882 1522 2938 vel
1581 2881 1881 2954 corporale
1923 2883 2026 2938 do-

386 2987 529 3026 num
571 2972 963 3027 christianum
1020 2989 1090 3028 οι
1140 2973 1342 3044 aliqua
1381 2978 1544 3044 parte
1591 2973 1662 3027 ad
1709 2971 2024 3028 utilitatem

389 3060 758 3128 monasterii,
793 3059 880 3116 vel
911 3060 1216 3133 spirituale
1247 3062 1370 3116 sive
1399 3060 1620 3118 sanctis
1650 3059 2024 3116 sermonibus

385 3148 625 3217 auditis,
667 3150 788 3206 sive
832 3149 946 3222 piis
986 3149 1295 3206 desideriis
1345 3151 1404 3205 in
1445 3153 1702 3205 mentem
1747 3149 2022 3220 acceptis.

381 3238 591 3308 Sicque
647 3237 870 3310 aliquid
930 3239 1002 3295 ab
1062 3238 1448 3295 exterioribus
1490 3237 1776 3310 lucratus,
1838 3239 2027 3309 major

381 3327 594 3384 evades
626 3332 860 3400 propter
887 3327 1302 3399 egressionem.
1341 3328 1579 3399 Absque
1599 3327 1775 3399 jussu
1825 3331 2022 3385 autem

383 3433 488 3474 nec
516 3415 864 3474 vilissimam
893 3416 1231 3490 lanuginem
1263 3417 1490 3473 auferre
1520 3415 1734 3472 licebit.

456 3704 578 3761 162.
626 3704 720 3761 Sic
774 3721 912 3777 ergo
964 3704 1321 3778 explicatum
1379 3703 1654 3761 monachi
1730 3719 1944 3760 nomen
1993 3719 2028 3759 a

390 3793 559 3850 nobis
607 3794 1046 3850 consideratam
1097 3803 1204 3862 est,
1263 3810 1453 3866 neque
1523 3792 1728 3866 procul
1785 3809 1820 3849 a
1871 3796 2030 3848 recta

387 3881 634 3951 ratione,
662 3887 728 3938 ut
758 3884 1028 3939 arbitror.
1060 3884 1180 3940 Sub
1225 3884 1338 3940 alio
1397 3886 1663 3955 respectu
1715 3882 1871 3938 idem
1922 3897 2028 3938 no-

389 3986 525 4026 men
556 3969 691 4026 licet
706 3970 1026 4043 inquirere.
1060 3974 1225 4044 Apud
1259 3972 1569 4044 plerosque
1603 3971 1764 4027 solus
1818 3986 2027 4044 quam-

389 4059 527 4113 dam
557 4057 958 4115 excellentiam
989 4065 1210 4116 naturaa
1229 4065 1356 4132 iaut
1380 4061 1606 4116 numeri
1663 4059 1896 4132 proprie
1947 4059 2028 4114 si-

389 4147 648 4217 gniﬁcat,
675 4151 732 4203 et
781 4147 934 4204 hanc
987 4150 1160 4205 modo
1217 4148 1596 4216 laudabilem,
1656 4165 1786 4205 eam
1832 4153 2030 4204 tamen

390 4234 708 4307 aliquando
764 4237 1217 4309 vituperandam
1301 4254 1430 4295 esse
1503 4253 1673 4293 nemo
1757 4237 2021 4309 negabit.

392 4325 696 4381 Invenitur
723 4342 860 4399 ergo
891 4326 1107 4400 aliquis
1145 4327 1308 4384 solus
1365 4328 1557 4382 dictus
1598 4327 1754 4399 apud
1809 4331 2031 4382 veteres

392 4413 798 4487 philosophos,
854 4420 911 4473 et
956 4416 1118 4474 solus
1199 4417 1352 4473 inter
1398 4415 1628 4471 dicendi
1677 4415 1920 4488 peritos,
1977 4418 2036 4470 et

391 4503 596 4560 eodem
643 4506 815 4562 modo
873 4505 1027 4562 inter
1072 4507 1292 4578 justos,
1343 4508 1446 4561 aut
1500 4503 1646 4560 alios
1695 4503 2035 4560 fortitudine

391 4592 763 4666 conspicuos.
797 4595 986 4652 Solum
1006 4595 1219 4651 iterum
1246 4611 1280 4650 a
1309 4593 1666 4667 quibusdam
1683 4593 2037 4648 transfertur

391 4682 462 4736 ad
497 4681 808 4753 malitiam,
864 4684 960 4739 cui
1021 4684 1318 4757 pessimus
1372 4680 1642 4738 diabolus
1697 4680 2032 4754 praeﬁcitur.

2125 750 2215 805 καὶ
2292 751 2508 826 μέτριος
2585 749 2748 812 οἶνος·
2829 749 3023 821 ὅμοιον
3085 747 3282 802 καὶτὸ
3338 751 3559 823 σῶφρον
3620 742 3787 820 ὄψον.

2125 840 2307 895 Ταῦτα
2354 833 2522 914 ἔχων,
2570 837 2773 915 τρόπον
2823 836 2916 910 μὲν
2962 857 3080 892 τινα
3130 835 3230 891 οὐκ
3276 835 3580 914 ἀναστρίφῃ
3625 855 3795 908 μονα-

2128 925 2232 1002 χὸς
2293 925 2344 982 ἐν
2403 927 2597 1001 κόσμῳ
2655 923 2830 1002 (ἔχεις
2879 925 2980 1001 γάρ
3034 947 3086 980 τι
3141 927 3391 981 ὁπωσοῦν
3455 922 3789 1001 ωζυγοῦν)’

2127 1017 2329 1092 τρόπον
2364 1013 2422 1072 δὶ
2450 1013 2624 1072 ἄλλον
2655 1013 2870 1085 ἀληθὴς
2923 1014 3168 1094 πέφηνας
3229 1013 3495 1090 μοναχός.
3529 1013 3798 1084 ’Δπὲζευ-

2131 1106 2220 1178 ξας
2251 1104 2356 1181 γὰρ
2411 1107 2636 1159 σεαυτοῦ
2685 1105 2754 1159 τὰ
2802 1104 3050 1178 περιττὰ,
3095 1103 3186 1158 καὶ
3235 1101 3334 1158 ὅσα
3367 1105 3444 1176 μή
3494 1103 3792 1177 ἀναγκαῖον

2131 1193 2480 1268 συνεζεῦχθαι
2558 1196 2639 1265 τῷ
2711 1189 3140 1268 ἐγκρατευτικῶς
3219 1194 3313 1266 ζῇν
3396 1211 3790 1267 πραγματευο-

2134 1279 2299 1355 μίνῳ,
2343 1282 2455 1357 οὐχ
2499 1281 2846 1356 ὑπερπαθῶς,
2900 1280 2974 1344 ὡς
3025 1275 3361 1354 ὑπερϐαίνειν
3410 1280 3504 1335 καὶ
3548 1281 3652 1351 τήν
3688 1302 3795 1359 ipo-

2129 1371 2287 1439 ωκήν
2346 1369 2636 1441 ἀπαίτησιν
2667 1411 2680 1425 .
2760 1367 2828 1427 Εἴ
2903 1370 2998 1443 μὶν
3063 1368 3154 1424 οὖν
3211 1366 3428 1424 δύνασαι
3488 1369 3583 1443 ζῇν
3642 1369 3797 1424 οὕτω

2133 1460 2371 1532 (πάντως
2438 1456 2494 1514 δέ
2570 1455 2836 1532 δύνασαι),
2894 1457 3033 1523 καθᾶ
3077 1459 3165 1513 καὶ
3214 1456 3499 1534 προείλου,
3559 1464 3685 1527 ζῆθι
3737 1457 3793 1513 ἐν

2129 1551 2199 1622 τῇ
2235 1551 2376 1622 μονῇ
2420 1551 2520 1603 τοῦ
2549 1545 2749 1603 λοιποῦ
2800 1547 2934 1620 μετὰ
2976 1548 3076 1616 τὴν
3121 1545 3441 1621 εἰσδρομήν·
3493 1546 3540 1602 εἰ
3581 1545 3642 1602 δὶ
3696 1568 3799 1601 κα-

2130 1636 2482 1712 ταγινώσκεις
2512 1637 2588 1710 μὴ
2622 1633 2682 1690 ἂν
2730 1633 3074 1706 δυνήσεσθαι,
3122 1633 3430 1709 ἆπόδραμε.
3479 1635 3576 1698 Εἰς
3616 1640 3796 1691 τοῦτο

2130 1726 2234 1802 γὰρ
2281 1726 2372 1780 καὶ
2415 1725 2619 1801 χρόνος
2665 1722 3034 1780 κεκανόνισταί
3101 1745 3185 1778 σοι
3245 1723 3521 1798 σκέψεως,
3587 1721 3689 1778 ἵνα
3754 1725 3794 1793 ἧ

2132 1813 2345 1891 θαῤῥῶν
2388 1812 2747 1891 παραμείνῃς,
2804 1812 2840 1882 ἢ
2893 1814 2969 1886 μή
3001 1813 3284 1877 πεποιθὼς
3312 1810 3574 1876 ἀπέλθὰς.
3610 1809 3800 1869 Ἀλλᾶ

2136 1903 2246 1978 μὴν
2285 1903 2376 1958 καὶ
2425 1902 2657 1977 ἰσκέψω,
2700 1901 2791 1957 καὶ
2839 1902 3066 1966 κατάθου
3112 1901 3200 1958 ἐπὶ
3247 1907 3346 1957 τοῦ
3385 1903 3538 1974 ἱεροῦ
3582 1900 3678 1957 καὶ
3728 1901 3796 1956 σὺ

2137 1993 2406 2069 βήματος,
2449 1991 2540 2047 καὶ
2571 1991 2877 2066 εὐλογήθης
2904 1991 3089 2067 ιερῶς,
3137 1991 3225 2046 καὶ
3258 1992 3358 2062 τὴν
3411 1990 3793 2060 ἀποστολικὴν

2136 2078 2367 2136 ἐνεδύσω
2416 2076 2642 2151 στολήν.
2693 2078 2977 2155 Παράμενε
3030 2081 3212 2135 τοίνυν
3271 2080 3346 2142 ὡς
3394 2077 3791 2148 ἀποστολικὸς,

2133 2169 2330 2226 αὐτίκα
2387 2167 2445 2226 δὲ
2485 2170 2575 2225 καὶ
2621 2168 2967 2245 εὖαγγελικὸς
3016 2169 3277 2245 μοναχός.
3330 2174 3675 2245 Παραμενεῖς
3731 2165 3795 2224 δὶ

2137 2255 2336 2335 διχῶς,
2387 2261 2526 2333 μήτε
2551 2261 2622 2334 τῇ
2652 2261 2808 2334 ψυχῇ
2839 2253 2940 2329 ἔξω
2979 2253 3346 2335 ῥεμϐόμενος,
3376 2263 3456 2331 τῷ
3514 2259 3798 2335 κρείττονι

2134 2349 2350 2410 πάντως
2401 2348 2550 2423 μέρει
2591 2354 2691 2418 τῆς
2740 2347 2874 2403 κατᾶ
2913 2349 2971 2403 σὶ
3019 2345 3303 2422 διαρτίας,
3353 2345 3496 2423 μηδὶ
3549 2348 3660 2421 μὴν
3713 2351 3800 2418 τῷ

2135 2438 2349 2511 σώματι
2396 2438 2822 2512 καταχρώμενος
2873 2435 2950 2500 εἷς
2994 2436 3354 2508 αὐτεξούσιεν.
3405 2432 3638 2498 ’Δλλως
3690 2436 3798 2512 γὰρ

2137 2524 2402 2582 διακονεῖν
2477 2524 2915 2600 ὶπιτεταγμὲνος,
2979 2522 3272 2602 ἰξελεόσῃ’
3321 2525 3413 2582 καὶ
3470 2524 3628 2590 αὖθις
3681 2524 3800 2580 εἶσ-

2137 2613 2330 2690 ελεύσῃ
2401 2615 2661 2690 μοναχὸς,
2739 2615 2932 2677 ὁποῖος
2979 2614 3070 2670 καὶ
3117 2613 3363 2686 ἐξῆλθες,
3411 2615 3650 2691 καθαρὸς
3699 2614 3795 2670 καὶ

2137 2708 2297 2779 σῶμα
2325 2702 2415 2759 καὶ
2441 2705 2648 2780 ψυχήν.
2694 2701 2767 2758 Ei'
2800 2725 2854 2759 τι
2903 2701 2960 2760 δὲ
3005 2704 3098 2760 καὶ
3149 2709 3546 2782 συνεισαγαγεῖν
3604 2699 3792 2774 δεήσει

2136 2792 2189 2849 ἰν
2233 2797 2302 2868 τῇ
2358 2792 2766 2871 ἐπαναστροφῇ,
2825 2794 2962 2848 κατὰ
3017 2793 3248 2867 μίμησιν
3313 2793 3448 2850 αὐτὸ
3515 2791 3792 2872 φιλεργοῦ

2140 2880 2405 2956 μελίσσης
2452 2885 2728 2955 ποιήσεις,
2780 2881 3154 2960 ἀνθολογήσας
3197 2881 3416 2956 δηλαδή
3460 2884 3548 2938 καὶ
3611 2881 3797 2958 φὲρων

2136 2972 2357 3047 ἀγαθὸν,
2399 2971 2451 3027 εἴ
2505 2972 2597 3046 μὲν
2655 2973 2976 3049 παραπέσῃ,
3029 2974 3116 3028 καὶ
3179 2973 3490 3046 σωματικὸν
3559 2969 3794 3037 ἔκποθεν

2137 3059 2502 3140 φιλοχρίστου
2555 3059 2759 3138 δωρεᾶς
2809 3060 2887 3126 εἲς
2938 3059 3205 3141 ὠφέλειαν
3249 3066 3320 3137 τῇ
3373 3065 3537 3138 μονῇ·
3601 3059 3798 3125 ἄλλως

2137 3147 2195 3205 δέ
2223 3170 2286 3226 γε
2333 3150 2660 3226 νοερώτερον
2713 3149 2766 3206 ιν
2814 3155 2895 3224 τῷ
2943 3149 2979 3220 ἢ
3023 3145 3220 3228 λόγους
3250 3149 3480 3225 ἀγαθοὺς
3530 3151 3797 3206 ἆνωτίσα-

2135 3239 2275 3307 σθαι,
2325 3237 2362 3308 ἢ
2419 3237 2708 3311 ὶνθυμήσει
2757 3238 2959 3315 ἀγαθὰς
3019 3238 3406 3295 εἷσοικίσασθαι
3477 3239 3531 3294 ιν
3609 3243 3794 3315 ψυχῇ.

2135 3327 2232 3382 Καὶ
2289 3325 2438 3382 οὕτω
2481 3323 2673 3402 κάρδος
2722 3347 2773 3381 τι
2835 3321 3028 3398 ἔξωθεν
3076 3329 3468 3403 πορισάμενος,
3518 3325 3678 3402 ἔχοις
3733 3328 3796 3382 ἂν

2054 3394 2099 3464 C
2136 3414 2280 3471 οὕτω
2312 3394 2666 3490 σεμνύνασθαι
2699 3411 2790 3470 διὰ
2827 3394 2929 3485 της
2957 3394 3296 3486 ἐξελεύσεωςξ
3347 3394 3688 3495 Ἐκιρορξσαι
3739 3413 3803 3471 δὲ

2133 3525 2199 3581 γε
2220 3511 2322 3575 τῆς
2357 3511 2527 3579 μονῆς
2554 3500 2684 3580 δίχιο
2713 3503 3012 3569 κελεύσεως
3063 3503 3194 3563 οὖδὶ
3221 3503 3396 3582 ἄχνην
3448 3504 3797 3577 λεπτοτάτην

2135 3593 2338 3666 ἰξὲσται
2362 3614 2468 3652 σοι.

2206 3701 2340 3776 ρξϐ’.
2373 3696 2529 3756 Ἀλλ’
2578 3698 2721 3756 οὕτω
2774 3701 2872 3774 μὲν
2920 3702 3057 3775 ἡμῖν
3105 3701 3141 3772 ἡ
3187 3705 3285 3756 τοῦ
3314 3705 3562 3780 μοναχοῦ
3591 3700 3798 3772 κλῆσις

2135 3788 2512 3866 ἇκεπτυγμὲνη
2579 3789 2937 3864 τεθεώρηται,
3011 3789 3112 3845 οὐκ
3169 3785 3290 3862 ἰξω,
3350 3792 3532 3864 οἶμαι,
3583 3790 3796 3865 ἅγιεθοῦ

2137 3877 2325 3954 λόγου.
2356 3880 2508 3933 Ἔστι
2558 3874 2617 3933 δὶ
2661 3877 2751 3932 καὶ
2790 3879 2910 3933 καθ’
2953 3879 3189 3954 ὶτεροίαν
3221 3875 3490 3949 ὶπιϐολήν
3539 3880 3602 3935 τὸ
3660 3879 3796 3936 αὐτὸ

2138 3965 2412 4032 διαθισθαι
2443 3963 2638 4039 ὄνομα.
2669 3968 2731 4025 Ὀ
2783 3967 2947 4040 μόνος
2980 3966 3033 4023 ἐν
3065 3967 3304 4033 πολλοῖς
3347 3969 3633 4046 ὑπεροχήν
3671 3990 3798 4024 τινα

2139 4054 2360 4126 ἱδιάζειν
2424 4053 2576 4111 δοκεῖ
2633 4054 2818 4119 οὐσίας
2853 4100 2868 4126 ,
2937 4054 3046 4113 εἴτε
3100 4057 3416 4129 ποιότητοςο
3478 4058 3571 4114 καὶ
3619 4059 3796 4124 αὐτῆς

2140 4146 2230 4202 ὁτὲ
2283 4146 2377 4218 μὶν
2423 4144 2840 4219 ἰπαινουμὲνης·
2875 4146 2978 4202 οὐκ
3027 4143 3088 4201 ἂν
3147 4143 3206 4203 δὲ
3262 4144 3408 4202 εἴποι
3453 4167 3538 4210 τις
3590 4147 3670 4210 ὡς
3717 4149 3795 4222 μὴ

2137 4238 2229 4292 καὶ
2277 4238 2579 4313 ψεγομίνης
2635 4237 2820 4311 ἑτέρας
2878 4234 3020 4292 ἔστιν
3078 4238 3164 4296 οὗ.
3222 4237 3464 4314 Εὕρηται
3519 4242 3651 4315 γοῦν
3711 4258 3797 4302 τις

2142 4325 2584 4400 ἀποτεταγμένος
2636 4325 2803 4400 μόνος
2850 4325 2904 4380 ἂν
2944 4323 3269 4404 φιλοσόφοις
3296 4332 3413 4389 τοῖς
3467 4326 3666 4397 πάλαι,
3707 4327 3796 4382 καὶ

2147 4415 2330 4490 μόνοις
2381 4411 2434 4470 ἓν
2476 4419 2596 4477 τοῖς
2641 4413 2952 4492 ῥητορεύειν
2997 4414 3352 4489 ἠσκημένοις·
3408 4415 3554 4471 οὕτω
3603 4414 3664 4471 δὶ
3705 4415 3796 4471 καὶ

2142 4500 2196 4559 εν
2253 4499 2475 4572 δικαίοι,
2524 4503 2615 4558 καὶ
2663 4506 2748 4568 οἷς
2801 4505 2836 4574 ἡ
2886 4500 3076 4581 ἀνδρία
3117 4506 3418 4581 προσέσχεν
3447 4548 3462 4562 .
3517 4505 3795 4580 Ἀπηνέγ-

2140 4612 2274 4648 κατο
2305 4590 2365 4647 αὲ
2408 4612 2492 4655 τις
2525 4590 2697 4655 ἄλλος
2743 4593 2806 4648 τὸ
2865 4600 3100 4670 μονῆρες
3147 4594 3239 4650 καὶ
3271 4593 3324 4650 ἐν
3351 4594 3532 4665 κακία,
3563 4595 3634 4664 ἧς
3665 4615 3793 4670 πρι-

2141 4680 2370 4753 κάθηται
2398 4681 2427 4736 ὁ
2471 4682 2776 4759 ἀρχίκακος
2806 4679 3037 4755 δαίμων.
3091 4684 3147 4739 Ὀ
3194 4683 3372 4740 τοίνυν
3425 4681 3583 4748 ἰδίως
3628 4681 3790 4761 λεγό-

390 4770 498 4834 Ουὶ
531 4787 667 4843 ergo
693 4773 848 4844 apud
872 4773 1202 4828 mundanos
1225 4771 1496 4828 homines
1527 4770 1851 4826 monachus
1900 4786 2026 4842 pro-

2144 4789 2305 4845 μενος
2363 4771 2607 4846 μοναχὸς
2647 4769 2701 4825 ἔν
2731 4775 2851 4835 τοῖς
2878 4773 3015 4827 κατὰ
3037 4773 3245 4847 κόσμον
3279 4774 3610 4845 ἀνθρώποις,
3639 4760 3789 4836 ὅστις

389 4859 515 4931 prie
545 4859 780 4930 dicitur,
809 4861 1082 4933 quisquis
1112 4859 1723 4933 est,;solivagus,sicut
1751 4864 1808 4916 et
1833 4858 2033 4916 solita-

387 4948 514 5003 rius
542 4949 733 5004 veraci
753 4949 988 5006 nomine
1021 4950 1320 5018 dicitur,et
1339 4949 1507 5005 facile
1529 4948 1726 5016 solus;
1760 4965 1875 5004 non
1895 4965 2034 5022 pro-

386 5037 540 5092 fecto
573 5042 811 5109 propter
867 5038 1152 5095 malitiam
1205 5055 1380 5110 quam
1443 5037 1673 5110 fugiens
1730 5037 1905 5093 exivit
1961 5039 2033 5094 de

385 5125 584 5197 vulgo,
605 5142 668 5182 es
699 5128 770 5182 de
801 5128 1246 5194 communitate,
1274 5134 1330 5184 et
1360 5127 1534 5202 eleglt
1569 5127 2028 5198 monasterium;

389 5215 491 5272 sed
524 5216 874 5273 manifestus
905 5222 1139 5290 propter
1165 5218 1463 5274 virtutem.
1498 5217 1565 5272 Et
1607 5216 1850 5290 insuper
1905 5233 2030 5274 mo-

389 5303 618 5360 nachus
676 5304 737 5361 in
821 5306 1018 5363 divina
1083 5305 1446 5363 sublimitate
1533 5303 1695 5362 solus
1770 5309 1880 5375 est,
1928 5306 2030 5378 qui

392 5394 885 5467 appropinquavit
940 5397 1012 5452 ad
1054 5401 1235 5453 Deum
1301 5413 1434 5452 vere
1490 5394 1682 5451 solum
1748 5393 2028 5462 bonitate,

388 5483 719 5540 secundum
739 5483 908 5540 illum
941 5485 1229 5542 formatus
1280 5489 1390 5557 est,
1447 5481 1769 5556 insignitus
1826 5488 1937 5556 est,
1971 5488 2031 5543 et

387 5568 449 5626 in
478 5570 580 5628 illo
608 5573 936 5647 evangelica
957 5589 1302 5646 permanere
1331 5575 1575 5631 edoctus
1596 5575 1708 5642 est,
1739 5588 1812 5630 ne
1867 5576 2030 5632 extra

389 5671 524 5714 cum
554 5659 897 5719 vulneratus
927 5662 1085 5720 mala
1137 5666 1393 5722 extreme
1449 5660 1726 5735 patiatur.
1785 5664 2032 5736 Propter

2139 4860 2262 4915 ποτ’
2328 4858 2386 4914 ἂν
2458 4857 2548 4914 καὶ
2613 4855 2724 4932 εἷή,
2797 4861 3045 4936 μονήρης
3092 4861 3204 4918 ὶστὶ
3250 4863 3340 4918 καὶ
3384 4863 3550 4926 αὐτὸς
3609 4883 3790 4942 φερω-

2140 4947 2337 5022 νυμίας
2379 4946 2550 5025 λόγῳ,
2597 4949 2784 5004 καθότι
2833 4950 2924 5005 καὶ
2960 4952 3231 5025 μονάζων·
3260 4951 3414 5017 εὐθὺς
3463 4949 3521 5007 δὲ
3558 4952 3654 5007 καὶ
3690 4953 3787 5026 μό-

2139 5055 2252 5098 νος·
2302 5035 2392 5091 καὶ
2423 5037 2488 5092 οὗ
2547 5033 2725 5108 δήπου
2773 5038 2872 5109 τήν
2921 5038 3131 5108 κακίαε,
3180 5041 3241 5111 ἢν
3292 5040 3508 5117 φεύγων
3559 5039 3796 5113 ἆξετοπίο

2141 5137 2240 5196 σθη
2297 5125 2391 5200 μὶν
2433 5130 2532 5181 τοῦ
2578 5131 2767 5182 κοινοῦ
2794 5127 2884 5182 καὶ
2917 5126 3157 5199 πολλοῦ,
3187 5120 3362 5187 anno
3419 5127 3478 5185 δὲ
3505 5131 3569 5186 τὸ
3625 5151 3792 5205 μονα·

2139 5215 2325 5290 χικὸν,
2354 5213 2500 5271 ἀλλὰ
2553 5216 2654 5285 τὴν
2687 5215 2882 5289 ἀρετὴν
2935 5214 3228 5288 δήπουθεν.
3284 5217 3384 5274 Καὶ
3434 5213 3546 5274 ἔστι
3593 5218 3789 5275 λοιπὸν

2099 5305 2169 5359 ’ὁ
2230 5303 2474 5378 μοναχὸς
2525 5302 2577 5360 ἐν
2619 5304 2784 5381 ἐξοχῇ
2835 5305 3112 5371 θειότατος
3165 5308 3354 5380 μόνος,
3412 5307 3489 5373 ὡς
3534 5309 3626 5363 οῐα
3677 5312 3790 5381 Θεῷ

2137 5395 2567 5470 προσχωρήσας,
2639 5399 2720 5468 τῷ
2780 5393 3004 5463 ἀληθῶς
3067 5397 3222 5471 μόνῳ
3288 5399 3389 5468 τήν
3456 5397 3786 5474 ἆγαθότητα,

2137 5483 2225 5538 καὶ
2275 5484 2413 5557 πρὸς
2474 5481 2676 5540 ικεῖνον
2751 5485 3020 5548 τυπωθεὶς
3051 5529 3066 5555 ,
3123 5486 3216 5542 καὶ
3272 5488 3740 5563 χαρακτηρισθεὶς
3769 5532 3786 5561 ,

2135 5571 2226 5627 καὶ
2286 5569 2462 5646 μένειν
2520 5571 2889 5650 εὖαγγελικῶς
2936 5573 2989 5630 ἂν
3015 5572 3202 5650 ἐκείνῴ
3253 5575 3500 5653 ταχθείς·
3551 5573 3650 5632 ἵνα
3706 5578 3783 5650 μὴ

2102 5659 2239 5737 εεεω
2289 5658 2536 5740 βληθείς,
2567 5665 2731 5728 πάθοι
2771 5664 2841 5720 τὰ
2891 5660 3168 5724 πάνδεινα.
3219 5670 3380 5722 Ὥστε
3430 5666 3553 5724 κατ’
3609 5666 3786 5745 ιξαίρε
