4104 6210
322 361 446 424 865

1334 363 1439 425 DE
1481 362 1969 425 EMENDANDA
2010 362 2198 423 VITA
2249 364 2739 429 MONACHICA.

3619 371 3740 432 866

319 512 414 548 τον
475 491 673 569 ἀρετὴν
722 492 1073 569 ὑπεροχικῶς
1101 494 1130 548 6
1164 493 1409 570 μοναχὸς
1464 491 1800 566 ὠνόμασται,
1835 503 1978 556 θειο-

2099 495 2383 568 insignem
2433 497 2618 572 igitur
2667 500 2944 558 virtutem
3012 501 3337 558 monachus
3393 501 3744 560 excellenter

316 582 486 652 τάτην
539 580 744 653 ταύτην
801 579 1238 656 περιδυσάμενος
1329 579 1791 659 μεγαλοπρέπειαν
1856 581 1982 638 όνό-

324 691 517 744 ματος.

395 758 526 835 ρξγ’.
559 756 708 829 Δῧτη
743 755 966 836 δευτέρα
1008 760 1145 832 ἡμῖν
1194 757 1376 814 ἔννοια
1421 757 1711 835 ἑρμηνείας
1767 758 1853 814 ἐπὶ
1904 764 1984 832 τῷ

328 851 587 924 μοναχῷ,
643 851 723 920 τῷ
804 842 1142 922 ἀξυμϐλήτῳ
1221 849 1354 924 πρὸς
1409 846 1537 910 τοὺς
1595 849 1844 918 Λοιποὺς,
1904 849 1984 921 τῷ

324 935 656 1013 ἀσυγκρίτῳ,
684 940 764 1008 τῷ
824 934 1195 1011 ἀσυνδυάστῳ,
1239 937 1330 993 καὶ
1390 935 1460 993 δι’
1503 936 1638 993 αύτά
1692 938 1980 1011 μονάζοντι

323 1031 444 1081 κατ’
483 1025 706 1101 ἐξοχὴν,
739 1026 813 1088 ὡς
857 1025 1072 1103 έρρέθη,
1107 1026 1373 1102 ἰνάρετον,
1407 1026 1468 1082 ού
1531 1027 1637 1101 μὴν
1693 1031 1982 1104 τυραννιῶ-

325 1134 446 1170 σατ·
491 1117 566 1176 ὡς
615 1112 793 1170 δοκεῖν
845 1114 938 1171 τὸν
997 1117 1316 1192 κειράμενον
1372 1111 1535 1190 μόνον
1569 1114 1737 1172 οἲκεῖν
1767 1115 1854 1171 ἐπὶ
1885 1120 1983 1181 τῆς

320 1212 450 1281 τῆς,
509 1206 697 1279 μήπου
751 1203 809 1261 δὲ
858 1205 948 1262 καὶ
1022 1201 1417 1276 συνθλίϐεσθαι,
1480 1208 1556 1280 μὴ
1616 1208 1980 1284 χωρούμενον

322 1293 378 1350 ἐν
440 1294 599 1370 αὐτῇ.
633 1296 806 1350 Φάναι
866 1292 924 1351 δὶ
977 1297 1114 1352 κατὰ
1147 1295 1338 1372 τρίτην
1385 1292 1652 1366 ἐπιϐολὴν
1714 1295 1981 1370 ἐτυμότη-

321 1404 443 1453 τος,
473 1383 550 1445 ὡς
604 1387 674 1457 τῇ
729 1387 825 1438 τοῦ
882 1388 1130 1460 μοναχοῦ
1159 1383 1352 1456 κλήσει
1407 1385 1471 1441 τὸ
1529 1382 1665 1460 ἄχος
1725 1380 1980 1461 ἔγκειται,

323 1473 407 1535 εἰς
459 1469 678 1544 ἔνδειξιν
731 1476 829 1528 τοῦ
883 1472 974 1528 καὶ
1033 1475 1326 1546 μονοῦσθαι
1381 1473 1563 1546 αὐτὸν,
1603 1474 1694 1530 καὶ
1743 1472 1979 1552 ὀφείλειν

321 1561 590 1637 ἄχνυσθαι
623 1561 773 1638 λόγῳ
800 1562 1070 1635 πενθίμου
1114 1563 1236 1631 βίου
1291 1560 1388 1617 τοῦ
1437 1561 1574 1617 κατὰ
1627 1564 1726 1632 τὴν
1782 1565 1982 1638 κυυρᾶν

319 1651 734 1727 ἐπιστρεπτικὸν
791 1651 888 1724 μέν
943 1649 1052 1706 ἐστι
1104 1655 1202 1706 τοῦ
1275 1649 1606 1726 μονάζοντος
1656 1650 1733 1714 εἷς
1795 1652 1978 1707 ταπεί-

318 1761 514 1812 νωσιν,
574 1737 1122 1816 λογοπραγηθήσεται
1208 1736 1290 1808 δὶ,
1366 1740 1566 1818 γραφὲν
1646 1739 1976 1816 τολμηρίας,

318 1830 474 1905 παρά
501 1849 561 1906 γε
586 1833 702 1892 τοῖς
730 1828 821 1883 καὶ
844 1827 912 1884 τὰ
938 1832 1165 1885 τοιαῦτα
1192 1834 1486 1904 κριτικοῖς.

400 2003 526 2083 ρεδ’.
561 2007 823 2064 Ἐνταῦθα
879 2002 936 2061 δὶ
989 2003 1180 2082 λόγου,
1214 2004 1410 2079 ἐλθὼν,
1442 2004 1486 2060 ὦ
1534 2003 1753 2082 ἀδελφὶ,
1783 2007 1984 2071 πυνθά-

319 2095 494 2169 νομαί
543 2115 660 2166 σου,
693 2093 744 2150 εἲ
784 2095 920 2171 πρὸς
969 2089 1246 2166 ἀκρίϐειιον
1278 2095 1592 2152 καθέσταταί
1625 2117 1720 2169 μοι
1775 2099 1978 2167 ταῦτας

321 2186 571 2255 Δοκήσας
629 2181 688 2238 δὶ
745 2183 992 2252 ἀκοῦσαι,
1024 2184 1098 2246 ὡς
1155 2179 1557 2260 ἠκριϐωσάμην
1606 2185 1667 2240 τὸ
1717 2182 1980 2256 λαληθὲν,

315 2277 724 2350 προσεπερωτῶ
754 2293 834 2345 σε,
865 2273 954 2327 καὶ
980 2277 1137 2328 ποῖον
1166 2269 1228 2328 ἃν
1273 2271 1394 2348 ἔχοι
1451 2294 1534 2335 τις
1595 2272 1786 2350 ψόγον,
1818 2286 1982 2338 καθα-

314 2362 591 2436 πτόμενος
651 2365 900 2438 μοναχοῦ
956 2360 1342 2438 εἷσαγωγικοῦ,
1401 2362 1654 2418 τοιούτου
1728 2363 1823 2436 μὲν
1891 2361 1982 2418 καὶ

313 2445 486 2504 αὐτοῦ
529 2445 914 2526 έποφείλοντος
968 2447 1124 2518 εἶναι,
1158 2446 1390 2504 ἀλλοίου
1444 2446 1502 2504 δὲ
1557 2444 1983 2513 ἆπεκϐαἰνῡντος

314 2535 398 2599 εἲς
427 2537 492 2592 τὸ
517 2535 777 2599 παντελές
803 2555 817 2606 ;
847 2540 1001 2592 Δοκῶ
1059 2557 1152 2610 μοι
1211 2537 1484 2602 κάνταῦθα
1537 2536 1874 2613 ένηχεῖσθαι,
1909 2539 1984 2602 ὡς

314 2624 628 2687 ιπαινετὲος
655 2625 743 2680 καὶ
779 2625 807 2680 6
835 2625 926 2680 τὸν
982 2629 1232 2681 τοιοῦτον
1295 2626 1538 2702 μοναχὸν
1601 2625 1982 2705 ἐπισκώπτων,

313 2714 410 2769 καὶ
477 2712 650 2778 οὕτως
719 2713 1036 2770 ἀνακόπτων
1090 2721 1190 2784 τῆς
1242 2713 1330 2770 έπὶ
1394 2715 1463 2770 τὰ
1519 2714 1703 2794 φαῦλα
1756 2717 1979 2791 ὁρμῆς’

317 2800 525 2874 πολλῷ
583 2800 642 2856 δι
705 2800 940 2875 μάλιστα
994 2802 1083 2857 καὶ
1127 2803 1154 2857 6
1182 2802 1274 2858 τὸν
1307 2802 1702 2880 πολυχρόνιον.
1735 2804 1840 2860 Καὶ
1894 2804 1982 2862 ἐπὶ

214 2901 222 2907 ’
315 2889 540 2952 τούτοις
573 2889 840 2966 ὁμολογῶ
868 2895 1118 2953 τοιοῦτος
1147 2891 1235 2946 καὶ
1266 2891 1426 2955 αὐτὸς
1457 2893 1592 2948 εἶναι
1638 2893 1762 2948 Λίαν
1813 2893 1981 2966 μάλα,

318 2977 398 3040 ὡς
455 2976 546 3032 καὶ
601 2978 657 3032 εὗ
714 2975 875 3041 asa;
923 2985 1127 3055 χρῆναι
1158 2979 1276 3034 κατ’
1309 2976 1438 3055 ἴχνη
1495 2981 1574 3053 τῷ
1630 2978 1980 3058 μεγαλοσχή-

323 3085 455 3146 μονι
509 3064 638 3128 τοὺς
703 3067 780 3140 μὴ
838 3068 1118 3128 τοιούτους
1173 3065 1582 3138 ἐπακολουθεῖν,
1623 3068 1713 3124 καὶ
1769 3090 1980 3146 παρηγ-

316 3151 593 3232 γελμένος
622 3153 682 3211 έκ
710 3159 845 3210 Θεοῦ
874 3161 1208 3230 παρακαλεῖν
1261 3153 1312 3211 ἐν
1337 3161 1457 3219 τοῖς
1494 3155 1768 3220 τοιούτοις
1819 3178 1980 3214 πνευ-

325 3248 594 3318 ματικῶς,
625 3243 716 3300 καὶ
748 3244 1024 3322 ἐλέγχειν,
1055 3245 1147 3300 καὶ
1179 3243 1454 3321 ἐπιτιμᾷν.

394 3332 528 3411 ρξε’.
588 3334 658 3391 Ἦ
716 3335 802 3396 τίς
861 3331 924 3389 ἂν
998 3337 1354 3411 παρεπηκῶς
1422 3329 1600 3409 θρόνῳ
1655 3332 1982 3420 αῗσθήσεως⁷

312 3423 414 3479 καὶ
482 3421 703 3499 βλέπων
755 3421 884 3488 τοὺς
932 3421 983 3478 έν
1034 3420 1170 3496 ἡμῖν
1217 3421 1507 3500 φορτικοὺς
1572 3424 1984 3498 πρωτοπείρους

307 3515 412 3567 τοῦ
476 3513 752 3586 μονάζειν,
803 3511 894 3567 καὶ
943 3509 1131 3574 ἄλλως
1181 3512 1656 3588 μικροσχήμονας,
1699 3508 1984 3582 δυνήσεται

313 3601 507 3676 ψυχὴν
570 3595 910 3678 ἀθορύϐητον
967 3598 1258 3676 ἔχειν,καὶ
1318 3603 1393 3674 μὴ
1438 3599 1985 3679 προσεπιμίμφεσθαι

316 3688 411 3745 καὶ
471 3690 565 3744 τὸν
626 3687 678 3744 ἐν
733 3688 919 3752 αὐτοῖς
980 3690 1229 3744 ὁπωσοῦν
1265 3689 1458 3765 μέγαν,
1492 3689 1552 3752 ὃς
1585 3687 1800 3765 βλέπων
1858 3689 1988 3753 τοὺς

322 3776 536 3840 ἀτελῶς
585 3778 907 3854 ἁρτιμαθεῖς
963 3775 1350 3851 ἰξοκέλλοντας
1396 3775 1474 3842 εἴς
1516 3775 1816 3845 ἀπώλειαν,
1865 3775 1990 3841 οὔτε

324 3866 665 3942 ἀναχαιτίζει
721 3866 1222 3944 φριμασσομένους,
1281 3864 1427 3922 ἀλλὰ
1473 3866 1564 3921 καὶ
1602 3869 1989 3943 ,προσερεθίζει

318 3955 646 4031 κεντρίζων,
695 3956 784 4011 καὶ
835 3953 1210 4034 φιλοτιμεῖται
1256 3956 1320 4010 τὸ
1375 3956 1494 4010 κατ’
1543 3953 1781 4018 ἐκείνους
1839 3953 1992 4015 ἄστο-

329 4065 438 4118 μον
477 4042 570 4100 καὶ
617 4041 899 4116 δυσήνιον,
931 4042 1384 4119 έναγλαϊζόμενος
1427 4043 1587 4106 αὐτὸς
1618 4046 1686 4118 τῇ
1743 4044 1861 4100 κατ’
1892 4044 1989 4100 αύ-

315 4134 452 4194 τοὺς
495 4133 709 4210 γενναίᾳ
759 4133 1076 4209 θρασύτητι·
1127 4137 1201 4195 ὡς
1250 4131 1376 4188 οὐδὲ
1426 4133 1728 4208 στρατηγὸς
1777 4130 1988 4208 ἐλλάμ-

318 4225 480 4297 ψεται
542 4227 822 4300 μαχηταῖς
894 4220 1172 4299 ἆνδρικοῖς
1247 4223 1336 4278 ὑπ’
1409 4224 1560 4295 αύτῷ
1613 4221 1988 4299 τεταγμένοις.

2092 586 2286 642 dictus
2317 592 2428 654 est,
2458 593 2630 661 atque
2669 589 2843 646 istam
2884 589 3066 647 divini
3109 590 3363 648 nominis
3395 592 3739 664 dignitatem

2093 676 2371 732 obtinuit.

2166 765 2286 821 163.
2320 766 2476 822 Talis
2515 770 2606 822 est
2662 769 2921 824 secunda
2951 772 3156 825 nostra
3213 769 3614 842 interpretatio
3673 771 3744 827 de

2094 853 2509 927 monacho,qui
2544 872 2676 912 cum
2709 857 2957 928 reliquis
2988 874 3102 913 non
3138 862 3331 930 potest
3389 860 3742 931 comparari,

2095 959 2210 998 non
2246 943 2517 1016 iudicari,
2575 962 2690 1001 non
2742 946 3061 1019 conjungi:
3120 947 3338 1018 quique
3390 947 3520 1003 ideo
3579 946 3744 1004 solus

2093 1037 2183 1086 est
2207 1033 2532 1088 secundum
2565 1033 2969 1089 excellentiam
3003 1034 3258 1102 virtutis,
3316 1051 3433 1091 non
3477 1037 3742 1107 tyranni-

2094 1119 2208 1185 dis,
2238 1120 2320 1176 ita
2347 1120 2694 1177 utvideatur
2743 1122 2904 1178 solus
2964 1123 3065 1194 qui
3122 1129 3367 1180 tonsura
3423 1124 3743 1196 insignitus

2093 1213 2184 1264 est
2239 1209 2505 1266 habitare
2555 1211 2717 1267 solus
2774 1211 2834 1266 in
2884 1213 3081 1283 terris,
3143 1213 3387 1269 minime
3419 1218 3614 1269 autem
3675 1231 3743 1271 ea

2093 1298 2367 1370 opprimi,
2412 1300 2709 1372 siquidem
2769 1301 2828 1355 in
2886 1317 2954 1356 ea
3010 1318 3122 1357 non
3187 1301 3471 1357 ambulat.
3551 1301 3744 1358 Tertia

2092 1387 2542 1460 signiﬁcationis
2591 1391 2930 1461 conjectura
2988 1406 3166 1461 quam
3243 1390 3452 1446 damus
3529 1391 3741 1446 asserit

2091 1475 2338 1532 solitarii
2396 1478 2618 1533 nomini
2679 1478 2939 1534 dolorem
3008 1478 3145 1533 addi
3201 1476 3606 1553 (μόνος-ἄχος),
3660 1480 3734 1536 ad

2091 1565 2518 1621 ostendendum
2552 1583 2684 1621 eum
2719 1565 2911 1623 solum
2952 1583 3102 1634 esse,
3157 1571 3546 1639 mmstumque
3577 1568 3737 1623 futu-

2090 1670 2222 1709 rum
2272 1669 2403 1710 esse
2460 1656 2533 1710 ob
2593 1656 3004 1711 mortificatam
3040 1656 3329 1712 tousurati
3377 1656 3582 1725 vitam,
3614 1657 3738 1714 hinc

2090 1741 2324 1811 quidem
2378 1743 2730 1800 monachum
2791 1744 2862 1798 ad
2925 1744 3319 1801 humilitatem
3381 1745 3579 1814 ﬂectit,
3639 1745 3741 1803 sed

2008 1862 2058 1928 Β
2083 1830 2470 1928 judicabitur,
2521 1836 2579 1888 et
2609 1838 2893 1904 arguatur
2951 1833 3301 1891 temeritatis
3350 1835 3505 1907 apud
3561 1835 3743 1907 hujus

2097 1920 2176 1976 rei
2209 1922 2448 1994 peritos.

2169 2011 2286 2065 164.
2323 2012 2407 2066 Ad
2443 2011 2600 2067 hunc
2630 2028 2957 2068 sermonem
2992 2029 3125 2068 cum
3166 2012 3444 2079 venerim,
3477 2029 3509 2068 ο
3542 2013 3745 2084 frater,

2096 2115 2291 2171 quaero
2318 2117 2352 2155 a
2381 2104 2436 2155 te
2459 2106 2656 2156 utrum
2678 2101 2788 2156 ista
2802 2101 2949 2157 bene
2975 2102 3406 2158 definierimJEt
3427 2106 3741 2173 postquam

2094 2188 2297 2243 audire
2326 2189 2643 2245 arbitratus
2674 2207 2807 2245 sum
2848 2191 3004 2246 dicta
3025 2190 3132 2245 tibi
3175 2190 3506 2262 approbari,
3534 2206 3742 2246 rursus

2097 2281 2150 2332 te
2183 2278 2477 2350 interrogo
2505 2284 2756 2350 quantas
2782 2280 3241 2350 vituperationes
3285 2280 3636 2335 incursurus
3665 2278 3746 2336 sit

2093 2364 2269 2421 homo
2301 2382 2610 2422 occurrens
2643 2369 2930 2423 monacho
2962 2369 3202 2434 novitio,
3251 2368 3351 2438 qui
3415 2368 3551 2424 talis
3610 2384 3743 2424 esse

2092 2454 2357 2522 debebat,
2387 2459 2443 2509 et
2482 2457 2720 2512 omnino
2751 2456 2901 2512 alius
2924 2458 3127 2512 evasit.
3165 2461 3230 2511 Et
3256 2456 3364 2512 hoc
3387 2472 3738 2529 responsum

2090 2542 2496 2614 accipiendum
2530 2561 2677 2610 reor,
2709 2543 3070 2599 laudandum
3103 2562 3231 2600 esse
3261 2561 3392 2599 eum
3427 2545 3528 2616 qui
3563 2544 3741 2601 talem

2093 2631 2446 2686 monachum
2479 2632 2953 2704 irriserit,sicque
2985 2651 3017 2687 a
3049 2633 3304 2688 vanitate
3333 2633 3744 2705 prosequenda

2092 2720 2401 2788 averterit;
2429 2720 2730 2791 multoque
2765 2721 2952 2792 magis
3011 2722 3112 2788 qui
3173 2731 3474 2776 assuetum
3503 2739 3536 2776 a
3566 2719 3740 2792 longo

2091 2812 2374 2880 tempore.
2408 2808 2488 2863 De
2520 2809 2610 2864 his
2644 2809 2923 2865 conﬁteor
2952 2827 3043 2864 me
3070 2811 3273 2865 eadem
3335 2809 3575 2878 sentire,
3637 2809 3740 2881 qui

2091 2898 2312 2970 Optime
2344 2897 2470 2952 novi
2504 2897 2821 2953 dissimiles
2853 2897 3114 2968 vestigiis
3137 2898 3335 2970 magni
3364 2897 3740 2954 monachiin-

2091 2988 2293 3043 sistere
2321 2986 2551 3056 debere,
2585 2986 2802 3059 quippe
2826 2986 2925 3059 qui
2958 2988 3201 3042 eductus
3233 3004 3365 3042 sum
3392 2987 3540 3043 istos
3571 2986 3742 3060 spiri-

2089 3075 2328 3132 tualiter
2348 3098 2374 3126 ‹‹
2397 3076 2720 3144 obsecrare,
2754 3091 3017 3150 arguere,
3041 3080 3096 3132 et
3118 3078 3418 3150 increpare
3437 3077 3502 3133 ³⁸.
3537 3098 3567 3126 ››

2169 3345 2286 3398 165.
2313 3343 2473 3410 Quis,
2509 3359 2730 3413 quaeso,
2783 3343 2992 3398 throno
3051 3357 3332 3398 sensuum
3377 3341 3621 3414 potitus,
3651 3340 3738 3400 via

2095 3434 2360 3504 densque
2386 3435 2753 3502 contemptos
2769 3434 2967 3486 nostro
2992 3447 3109 3486 αξνο
3129 3430 3447 3487 monachos
3468 3430 3741 3502 novitios,

2096 3527 2196 3576 aut
2223 3520 2392 3576 aliter
2423 3519 2700 3585 minores,
2739 3519 2948 3590 poterit
2981 3519 3194 3590 spiritu
3229 3535 3344 3573 non
3377 3517 3624 3586 turbari,
3683 3520 3744 3577 et

2097 3625 2213 3664 non
2245 3608 2634 3662 condemnare
2665 3605 2962 3661 hominem
2995 3605 3150 3661 inter
3188 3623 3287 3661 eos
3320 3606 3519 3678 aliquo
3567 3608 3742 3663 modo

2099 3714 2403 3770 magnum,
2428 3695 2528 3767 qui
2566 3711 2698 3750 cum
2729 3693 2940 3750 viderit
2987 3693 3309 3767 discipulos
3368 3695 3742 3768 imperfectos

2098 3787 2156 3842 in
2189 3787 2490 3841 interitum
2524 3784 2682 3850 ferri,
2715 3783 3032 3839 indomitos
3062 3801 3174 3839 non
3207 3785 3589 3852 refrenat,sed
3623 3801 3744 3840 ma-

2098 3877 2188 3950 gis
2245 3875 2446 3931 aculeo
2503 3874 2735 3942 excitat,
2788 3873 2990 3929 laudat
3046 3891 3110 3929 os
3169 3891 3374 3929 eorum
3423 3874 3636 3929 durum
3687 3878 3748 3930 et

2100 3981 2398 4036 asperum,
2453 3967 2509 4019 et
2568 3962 2696 4034 ipse
2746 3963 2868 4017 fera
2915 3979 3116 4018 eorum
3174 3961 3514 4017 fortitudine
3564 3960 3744 4018 extol-

2099 4054 2260 4110 litur.
2294 4053 2494 4124 Neque
2542 4051 2698 4108 enim
2734 4051 2850 4106 dux
2879 4051 3168 4106 exercitus
3217 4067 3248 4107 e
3305 4049 3595 4106 militibus
3652 4051 3745 4106 in-

2100 4141 2338 4199 domitis
2369 4141 2478 4196 sub
2513 4158 2574 4196 se
2624 4139 2908 4195 ordinatis
2964 4138 3210 4212 gloriam
3263 4138 3629 4212 adipiscitur.
3680 4139 3750 4195 Et

2100 4237 2303 4303 captus
2334 4228 2624 4286 desiderio
2647 4228 2854 4283 talium
2886 4228 3311 4300 discipulorum
3347 4227 3746 4300 multiplican-

319 4312 414 4368 καὶ
470 4313 758 4386 τιθέμενος
811 4311 864 4368 έν
925 4309 1138 4377 σπουδῆ
1212 4311 1682 4387 περιουσιάζεσθαι
1752 4312 1983 4369 τοιοῖσδε

2102 4321 2334 4388 dorum,
2369 4318 2599 4375 etiamsi
2632 4317 2792 4372 omni
2825 4321 3086 4388 tempore
3144 4317 3397 4372 audierit
3438 4315 3750 4372 fallacissi-

323 4407 619 4474 μαθηταῖς,
667 4400 788 4457 ὅθεν
839 4400 928 4456 καὶ
974 4402 1074 4472 τὴν
1136 4401 1316 4477 ἂρχήν
1377 4400 1659 4474 μανθάνων
1720 4399 1990 4480 φαυλεπι-

319 4487 569 4568 φαύλους
628 4491 764 4546 εἶναι
842 4489 989 4562 τοῦς,
1050 4491 1125 4553 ὡς
1200 4489 1393 4562 εἴπεῖν,
1446 4489 1836 4566 προσηλύτους
1902 4489 1991 4547 ἐπὶ

2103 4425 2234 4465 mos
2267 4424 2396 4464 esse
2419 4411 2483 4462 ut
2517 4407 2597 4462 ita
2625 4405 2838 4476 dicam,
2869 4404 3194 4478 proselytos
3241 4406 3296 4458 in
3332 4408 3576 4460 tonsura
3595 4403 3752 4460 salu-

2104 4498 2294 4568 tifera,
2319 4512 2511 4552 mores
2545 4511 2744 4550 eorum
2786 4499 2982 4549 tamen
3035 4511 3150 4549 non
3205 4493 3520 4564 dijudicat:
3556 4507 3750 4565 neque

321 4579 581 4654 σωτηρίῳ
635 4583 827 4655 κουρᾷ,
890 4575 1017 4634 οὔτε
1090 4578 1412 4657 φυλοκρινεῖ
1483 4581 1552 4634 τὰ
1614 4581 1728 4634 κατ’
1787 4579 1983 4643 αὐτοὺς

2102 4586 2366 4658 disponit
2413 4585 2484 4640 ad
2544 4583 2848 4638 certiorem
2900 4582 3226 4638 faciendam
3287 4579 3748 4647 conversionem,

318 4664 463 4738 ἤθη,
509 4665 632 4723 οὔτε
692 4669 1032 4746 καταρτίζων
1086 4667 1438 4744 ἀσφαλίζεται
1499 4667 1574 4730 εἷς
1631 4667 1987 4748 ἰπιστροφήν,

320 4753 450 4812 ἀλλ’
479 4757 614 4813 αὐτὸ
654 4763 816 4814 τοῦτο
854 4755 1300 4834 στρατηλατικῶς
1351 4759 1593 4813 ὑπειπὼν
1642 4758 1670 4813 ὁ
1729 4758 1988 4835 ψυχικὸς,

323 4841 351 4900 6
382 4851 482 4915 τῆς
528 4843 775 4922 εἷ’ρήνης,
811 4847 839 4903 6
867 4853 968 4916 τῆς
1015 4845 1246 4922 ἀγάπης,
1278 4847 1306 4901 6
1334 4851 1434 4902 τοῦ
1478 4851 1632 4916 Θεοῦ,
1663 4846 1736 4908 ὡς
1774 4849 1808 4917 ἡ
1846 4848 1986 4920 μονή

319 4934 412 4988 καὶ
459 4934 724 4991 τοιούτων
781 4933 1116 5005 διακονητῶν
1170 4932 1366 5005 δέεται,
1399 4936 1526 4991 ὡσεὶ
1559 4935 1648 4990 καὶ
1704 4935 1986 5010 τύραννος,

323 5023 499 5096 οἶμαι,
557 5021 797 5094 δημίων,
854 5024 1132 5100 προσίεται
1184 5023 1311 5086 τοὺς
1371 5023 1591 5098 έξώλεις
1641 5025 1717 5089 ὡς
1769 5021 1985 5094 δηλαδὴ

319 5110 628 5180 τοιούτους,
674 5113 762 5168 καὶ
809 5117 1091 5186 σωμασκεῖ
1159 5111 1459 5186 έπιμελῶς,
1511 5113 1603 5177 οὓς
1679 5113 1846 5190 ἐχρῆν
1899 5110 1988 5168 διὰ

323 5199 449 5275 βίου
510 5199 546 5270 ἢ
609 5202 968 5278 ἀκειρεκόμας
1029 5199 1226 5275 μένειν,
1281 5200 1330 5256 si
1386 5203 1473 5258 καὶ
1545 5197 1827 5272 ἐϐιάζοντο
1883 5203 1985 5270 τὴν

319 5289 540 5360 κουρὰν,
598 5289 634 5360 ἢ
694 5289 840 5346 ἀλλὰ
897 5290 1031 5346 κατὰ
1112 5289 1450 5367 κακούργους
1526 5291 1834 5366 κείρεσθαι·
1894 5303 1984 5359 καὶ

322 5376 432 5453 πρὸ
489 5381 790 5453 προσώπου
847 5379 1074 5448 τίθεται,
1129 5379 1219 5434 καὶ
1261 5379 1504 5458 ἐκτρέφει
1565 5379 1849 5450 ἀναλόγως
1901 5381 1983 5442 οἷς

318 5466 663 5538 ¹ἤθιιιεύονται
690 5489 704 5504 ο
749 5469 839 5525 καὶ
882 5467 1360 5548 σωματοφύλακας
1409 5468 1598 5548 έφῐστᾷ
1664 5469 1864 5542 έαυτῷ,
1909 5467 1988 5536 εἰς

322 5551 544 5632 ἀνδρίαν
575 5554 832 5629 έξασκῶν.

393 5679 444 5719 ⁸⁸
468 5680 522 5742 Π
553 5681 822 5760 Tim.;xv,
855 5684 950 5744 20.

2100 4676 2201 4731 sed
2236 4682 2298 4730 ut
2330 4677 2447 4730 dux
2477 4672 2757 4738 militum,
2789 4673 2875 4726 vir
2919 4669 3269 4742 spiritualis,
3331 4669 3632 4740 paciﬁcus,
3662 4670 3751 4725 vir

2099 4763 2425 4830 charitatis,
2456 4765 2543 4817 vir
2573 4761 2670 4816 Dei
2705 4762 2785 4814 ita
2816 4759 3124 4831 respondet
3157 4776 3169 4813 :
3203 4757 3421 4814 talibus
3457 4757 3748 4816 ministris

2101 4851 2522 4909 monasterium
2601 4850 2882 4920 indigere,
2966 4847 3465 4919 quemadmodum
3551 4854 3748 4920 tyran-

2098 4939 2593 5008 numlictoribus,
2627 4937 2896 5007 arbitror,
2947 4942 3003 4992 et
3061 4935 3317 5008 perditos
3361 4935 3631 4992 homines
3684 4939 3752 4992 ut

2097 5031 2244 5086 tales
2277 5028 2563 5095 admittit,
2586 5026 2849 5082 studiose
2879 5029 3126 5090 exercet,
3158 5041 3308 5097 quos
3356 5041 3594 5082 necesse
3624 5029 3752 5082 erat

2097 5137 2199 5192 per
2227 5123 2409 5172 totam
2436 5117 2614 5171 vitam
2655 5115 2922 5170 intonsos
2968 5129 3288 5185 remanere,
3348 5114 3578 5170 etiamsi
3610 5118 3746 5170 ton-

2096 5223 2298 5262 suram
2337 5202 2726 5276 postularent,
2786 5203 2888 5256 aut
2944 5200 3120 5256 etiam
3167 5202 3232 5255 ut
3280 5201 3558 5256 scelestos
3615 5203 3746 5256 ton-

2094 5296 2237 5351 deri.
2264 5299 2382 5349 Hos
2411 5292 2472 5347 in
2508 5292 2693 5346 fronte
2728 5289 2909 5361 ponit,
2944 5288 3218 5345 similiter
3276 5289 3480 5358 nutrit,
3538 5291 3604 5345 ut
3651 5304 3746 5346 as-

2094 5385 2248 5440 sueti
2309 5385 2498 5445 erant,
2559 5394 2779 5450 eosque
2843 5378 2914 5434 ad
2975 5378 3243 5432 ardorem
3293 5378 3575 5451 majorem
3649 5392 3746 5435 ao-

2097 5469 2310 5533 condit.
