4104 6210
382 383 500 444 867

377 699 704 769 ορρῐιιιηιοε,
740 691 1011 755 studiosi,
1045 705 1228 756 acres,
1261 689 1455 759 periti,
1487 692 1541 744 et
1594 693 1658 744 ut
1688 688 1800 758 ipsi
1833 687 2019 753 aiunt,

373 785 570 840 vividi.
622 781 897 837 Homines
955 783 1148 832 autem
1201 778 1418 832 indolis
1468 776 1770 832 contrarias
1829 775 2019 846 expel-

368 874 578 929 luntur
607 870 773 942 quasi
807 865 1068 935 inutiles,
1098 883 1168 920 ne
1198 866 1358 920 velut
1399 865 1568 921 otiosi
1619 866 1931 921 crabrones
1957 865 2015 919 in

369 958 740 1017 monasteriis
770 956 1164 1012 enutriuntur.
1214 953 1412 1009 Talem
1464 955 1780 1009 exercitum
1842 953 2016 1024 primi

366 1049 632 1107 monachi
670 1062 804 1101 curn
846 1043 1329 1115 conscripserint,
1359 1049 1536 1114 atque
1567 1043 1747 1098 aciem
1782 1042 2015 1097 ordina—

362 1144 481 1194 tam
513 1132 1499 1199 instruxerint,hancemittuntnon
1538 1133 1709 1187 modo
1735 1132 2015 1187 adversus

365 1227 699 1290 viciniores,
727 1224 825 1278 sed
862 1221 1040 1276 etiam
1073 1227 1277 1275 contra
1308 1220 1650 1275 remotiorss
1707 1224 1882 1290 atque
1915 1236 2015 1289 per

363 1316 541 1371 istam
567 1311 1019 1376 ordinationem,
1055 1309 1290 1364 insidiis
1323 1309 1492 1365 facile
1522 1309 1763 1380 paratis,
1787 1307 2010 1363 domini

359 1409 687 1478 praeeuntes
718 1399 1022 1456 victoriam
1058 1402 1376 1470 reportant.
1412 1397 1491 1452 Re
1521 1397 1676 1452 enim
1710 1413 1846 1452 vera
1877 1413 2010 1452 cum

357 1499 591 1567 gratum
650 1496 739 1547 est
788 1493 1112 1562 peccatum,
1167 1493 1230 1542 ut
1300 1487 1541 1558 quidam
1602 1487 1770 1550 dixit,
1829 1487 2014 1540 densa

358 1589 416 1639 et
475 1582 734 1637 conferta
803 1578 955 1633 acies
1017 1578 1298 1632 adversus
1366 1576 1640 1630 virtutem
1692 1573 2008 1646 colligitur.

360 1673 522 1739 Quod
555 1669 710 1742 apud
734 1684 839 1723 nos
868 1665 1147 1722 facientes
1167 1663 1497 1736 exemplum
1520 1681 1679 1719 vana;
1702 1662 2010 1718 discordias

358 1760 490 1816 aliis
523 1755 828 1813 monachis
861 1754 1140 1827 proximis
1165 1754 1326 1818 dant,
1369 1752 1498 1808 aliis
1533 1753 1604 1807 ad
1637 1751 1782 1807 alios
1813 1751 2008 1806 imita-

360 1849 578 1904 tionem
611 1844 1004 1906 tradentibus.
1038 1859 1140 1914 per
1169 1858 1368 1912 quam,
1423 1841 1591 1912 quasi
1653 1858 1754 1912 per
1808 1841 2005 1895 incen-

357 1937 519 1991 dium
554 1935 750 1990 omnia
783 1932 1177 2002 circumsepta
1197 1933 1754 2000 devorans,serpens
1784 1927 2006 1984 malitia

355 2031 611 2080 extrema
653 2022 808 2077 mala
840 2024 1151 2093 perpetrat.
1193 2019 1487 2074 Suscitata
1522 2019 1678 2072 enim
1711 2017 2006 2073 discordia

351 2115 507 2169 inter
537 2111 827 2184 praelatos,
857 2125 1106 2180 quorum
1133 2107 1399 2162 nonnulli
1426 2123 1700 2178 magnum
1737 2106 2001 2161 habitum

350 2220 464 2276 pra:
498 2219 559 2257 se
578 2198 939 2268 ferunt,iacis
962 2197 1170 2261 instar,
1195 2195 1451 2251 ostendit
1482 2195 2003 2250 circumstantibus

351 2291 670 2348 monachos
693 2291 982 2343 certantes
1006 2287 1075 2340 de
1106 2285 1357 2357 quodam
1385 2283 1508 2340 loco
1531 2288 1732 2338 contra
1757 2283 2001 2348 vicinos,

349 2380 438 2436 vel
482 2379 649 2435 aliter
695 2377 1022 2443 distinctos,
1075 2391 1222 2445 quos
1280 2374 1592 2428 observant
1643 2371 1885 2443 praelati,
1946 2377 2002 2426 et

356 2471 640 2526 adversus
670 2482 769 2521 eos
800 2463 977 2520 veluti
1009 2463 1080 2518 ab
1120 2479 1252 2518 arce
1284 2461 1501 2516 bellum
1536 2466 1786 2516 movent.

424 2753 544 2808 167.
573 2752 802 2807 Interea
833 2765 899 2804 ex
959 2747 1070 2803 hoc
1128 2747 1262 2819 igne
1321 2747 1435 2802 ista
1489 2746 1762 2820 cogitatio
1817 2747 1998 2802 menti

353 2859 505 2914 saepe
538 2838 826 2895 occurrit:
861 2838 919 2891 Si
954 2836 1272 2892 monachos
1303 2840 1422 2890 tam
1475 2840 1745 2891 strenuos
1778 2837 1999 2891 enutrit

352 2928 792 2997 Thessalonica,
826 2928 926 2998 qui
951 2929 1153 2981 contra
1183 2941 1437 2980 canones
1478 2929 1534 2979 et
1581 2923 1737 2996 leges
1793 2930 1994 2997 agunt,

355 3018 692 3091 pontificem
723 3018 1128 3075 contemnunt.
1162 3029 1351 3083 neque
1382 3012 1467 3068 eis
1501 3011 1657 3068 ullus
1707 3014 1996 3068 contradi-

353 3111 451 3170 cit.
484 3124 589 3161 cur
618 3122 723 3160 nos
754 3103 922 3158 otiosi
959 3118 1331 3157 remanemus
1363 3101 1532 3171 quasi
1566 3101 1847 3157 membris
1869 3119 1995 3174 per-

353 3195 522 3264 culsi,
549 3209 735 3266 neque
762 3192 1054 3260 manibus,
1094 3206 1282 3261 neque
1315 3206 1410 3245 ore
1454 3194 1683 3245 utentes
1711 3189 1739 3244 ?
1769 3191 1836 3245 Et
1866 3208 1997 3247 mox

1163 377 1589 442 EUSTATHII
1629 375 2396 440 THESSALONICENSIS
2439 378 3024 441 METROPOLITE

459 517 581 573 166.
642 518 784 572 Cum
845 511 1176 569 istiusmodi
1234 511 1504 568 homines
1552 511 1622 565 ad
1673 510 2110 582 magistrumA

377 607 712 662 animarum
765 602 1136 670 accesserint,
1191 601 1578 672 recipiuntur,
1640 604 1698 654 et
1747 599 2026 654 dicuntur

3676 379 3809 442 868

2213 509 2340 584 ρξς’.
2375 509 2470 566 Καὶ
2503 513 2741 565 τοιοῦτοι
2779 511 2874 581 μὶν
2922 507 3359 586 προσερχόμενοι
3408 515 3488 585 τῷ
3531 515 3646 567 τῶν
3693 514 3805 585 ψυ-

2132 603 2249 674 χῶν
2288 602 2575 674 καθηγητῇ
2623 596 3045 674 παραδέχονται,
3080 598 3478 673 ὀνομαζόμενοι
3531 601 3799 676 ἐνεργεῖς,

2129 687 2220 741 καὶ
2295 685 2602 756 σπουδαῖοι,
2681 689 2771 744 καὶ
2847 687 3141 764 ἐντρεχεῖς,
3216 690 3305 744 xui
3390 691 3800 765 πραγματικαὶ,

2128 775 2240 848 καὶ,
2285 777 2361 838 ὡς
2405 776 2556 832 αὐτοί
2617 799 2765 854 φασι,
2815 782 3032 847 ζῶντες.
3076 776 3144 833 Εἴ
3195 775 3253 832 δὲ
3296 779 3562 835 ἀνάπαλιν
3623 778 3802 849 ἤθους

2126 865 2378 920 τοιούτου
2435 865 2675 940 ἔχουσιν,
2736 864 3085 922 ἐκδιώκονται
3147 867 3223 928 ὡς
3276 866 3517 943 ἀχρεῖοιο
3567 866 3664 922 ’ἕνα
3712 870 3794 941 μὴ

2125 962 2360 1032 κηφῆνες
2418 956 2573 1011 αὐτοὶ
2632 957 2819 1032 ἀεργοὶ
2891 962 3352 1031 μοναστηριακοῖς
3423 956 3792 1034 ἐντρέφωνται

2125 1039 2403 1117 σίμϐλοις.
2452 1044 2550 1101 Καὶ
2598 1043 2664 1114 δὴ
2715 1044 3244 1121 στρατολογήσαντες
3289 1049 3536 1101 τοιοῦτον
3598 1052 3797 1125 στῖφος

2124 1133 2174 1187 οἱ
2223 1135 2675 1209 πρωτομόναχοι,
2721 1134 2810 1189 καὶ
2875 1133 3023 1204 τάξιν
3085 1132 3312 1189 ἄτακτον
3363 1136 3787 1212 φατριάσαντις,

2123 1220 2510 1295 ένακμάζουσιν
2555 1222 2618 1277 ού
2671 1223 2834 1295 μόνον
2885 1222 3020 1277 κατᾶ
3048 1227 3156 1277 τῶν
3184 1224 3464 1298 γειτόνων,
3495 1221 3646 1278 ἀλλὰ
3695 1225 3790 1279 καὶ

2117 1315 2250 1378 τῶν,
2284 1313 2404 1366 ὅσοι
2445 1311 2811 1387 πορρώτερον·
2844 1311 2935 1365 xui
2981 1316 3173 1365 νικῶσι
3229 1309 3319 1366 διὰ
3363 1319 3463 1381 τῆς
3521 1312 3792 1384 τοιαύτης

2121 1398 2380 1471 ἐκτάξεως
2438 1401 2489 1455 οἱ
2541 1400 2722 1476 κύριοι
2799 1400 3226 1475 καθηγούμενοι,
3286 1399 3412 1476 ῥᾷον
3471 1401 3788 1476 ἀπηρτικό-

2116 1509 2204 1550 τες
2259 1490 2357 1557 τήν
2406 1488 2771 1546 έπισύστασιν.
2803 1494 2894 1560 Τῷ
2943 1484 3059 1543 ὄντι
3107 1488 3232 1564 γὰρ,
3261 1487 3340 1543 ὅτ’
3370 1487 3429 1543 ἃν
3474 1489 3788 1565 εὐλογητὸς

2119 1579 2153 1646 ἡ
2209 1576 2447 1652 ἁμαρτία
2495 1575 2603 1646 εἷίη,
2639 1579 2775 1632 καθά
2819 1599 2905 1639 τις
2952 1575 3078 1656 ἔφη,
3135 1577 3325 1647 πολλή
3375 1579 3465 1633 καὶ
3524 1577 3697 1655 λογᾶς
3745 1583 3784 1649 ἢ

2117 1664 2483 1741 στρατολογία
2536 1668 2672 1721 κατὰ
2727 1673 2829 1736 τῆς
2880 1667 3075 1742 ἀρετῆς
3139 1665 3566 1723 ιπισυνίσταται·
3615 1670 3648 1723 ὃ
3711 1667 3784 1739 δὴ

2117 1755 2206 1809 καὶ
2251 1756 2303 1809 οἱ
2350 1756 2477 1828 παρ’
2523 1757 2657 1827 ἡμῖν
2713 1759 3017 1821 ποιοῦντες,
3063 1753 3375 1831 ἀρχέτυπον
3428 1757 3516 1811 καὶ
3581 1754 3790 1821 ἄλλοις

2113 1848 2223 1898 τῶν
2307 1845 2718 1919 παρακειμένων
2806 1848 3064 1919 μοναχῶν
3166 1843 3482 1920 πρόκεινται
3587 1848 3781 1901 κανόνι

2115 1931 2330 2010 φαύλης
2391 1930 2592 2006 ἔριδος,
2646 1931 2830 1987 ἄλλων
2875 1931 3068 1994 ἄλλοις
3142 1930 3606 2006 διαπεμπομένων
3674 1937 3782 2004 τὴν

2118 2021 2384 2092 μίμησινο
2440 2018 2507 2075 δι’
2553 2024 2620 2091 ἧς
2670 2020 3001 2094 ἐμπρησμοῦ
3051 2017 3210 2092 δίκην
3261 2021 3662 2095 ἐπινεμομένου
3712 2023 3785 2078 τὰ

2113 2108 2319 2182 κύκλῳ,
2371 2112 2404 2179 ἡ
2463 2111 2629 2164 κακία
2699 2114 2966 2185 προϊοῦσα
3035 2107 3184 2164 δεινά
3237 2116 3406 2168 ποιεῖ.
3465 2113 3621 2186 Ἔρις
3673 2112 3779 2186 γὰρ

2113 2197 2446 2271 ἐξαπτομένη
2484 2197 2535 2252 ἐν
2563 2203 2681 2260 τοῖς
2729 2200 3130 2275 προάρχουσιν,
3158 2199 3230 2252 ὧν
3281 2196 3414 2254 ἔνιοι
3464 2200 3556 2254 xui
3611 2221 3784 2276 μεγα-

2115 2285 2484 2362 λοσχήμονες,
2526 2291 2734 2358 πυρσοῦ
2784 2283 2940 2357 δίκην
2990 2287 3324 2360 καταμηνύει
3381 2293 3500 2352 τοῖς
3547 2289 3778 2344 ἑκαστα-

2111 2380 2215 2452 χοῦ
2270 2377 2397 2440 τοὺς
2439 2375 2562 2450 περὶ
2611 2372 2705 2430 ἵνα
2744 2376 2867 2430 τινὰ
2913 2374 3078 2430 τόπον
3131 2373 3556 2450 ἁνδριζομένους
3612 2400 3781 2450 μονα-

2109 2464 2245 2539 χοὺς
2300 2465 2437 2519 κατὰ
2490 2469 2598 2518 τῶν
2655 2463 2691 2533 ἢ
2747 2465 3132 2540 γειτνιώντων,
3193 2464 3229 2534 ἢ
3287 2464 3478 2529 ἄλλως
3530 2468 3626 2540 μὲν
3678 2468 3782 2545 ἀφ-

2109 2554 2378 2622 εστώτων,
2411 2547 2893 2628 περιϐλεπομένων
2935 2550 2993 2608 δὲ
3038 2558 3154 2615 τοῖς
3203 2551 3464 2628 ὑψηλοῖς,
3496 2557 3778 2632 καθηγου-

2114 2643 2297 2716 μένοις
2329 2642 2401 2704 ὡς
2434 2642 2538 2697 ἀπὸ
2569 2646 2817 2706 σκοπιᾶς.

2341 2749 2443 2805 Καὶ
2477 2748 2670 2824 συχνὸν
2701 2747 2753 2803 ἰν
2801 2752 2919 2811 τοῖς
2967 2747 3241 2812 τοιούτοις
3295 2749 3354 2804 ἐκ
3398 2753 3497 2805 τοῦ
3534 2771 3774 2822 πυρσευ-

2111 2859 2276 2912 ματος
2305 2838 2490 2910 νόημα
2518 2839 2552 2906 ἡ
2582 2838 2736 2913 ψυχὴ
2771 2842 3095 2914 φωταγωγεῖ
3121 2831 3203 2892 τό·
3240 2862 3268 2890 ‹‹
3300 2837 3363 2895 Εἰ
3397 2835 3455 2894 δὲ
3496 2839 3771 2896 Θεσσαλο-

2105 2929 2228 2998 νίκη
2263 2925 2434 2989 οὕτως
2461 2923 2741 3003 ἀνδρείους
2774 2925 3012 3002 ἐκτρέφει
3061 2925 3362 3003 μοναχοὺς,
3395 2929 3446 2982 οἳ
3497 2930 3587 2984 καὶ
3633 2929 3773 2986 κατᾶ

2104 3017 2342 3072 κανόνων
2370 3015 2458 3070 καὶ
2489 3015 2673 3089 νόμων
2707 3014 3070 3090 ἀνδρίζονται,
3103 3015 3196 3071 καὶ
3233 3016 3325 3071 τὸν
3373 3017 3636 3094 ἀρχιερέα
3674 3041 3772 3075 πει

2107 3109 2444 3182 ριφρονοῦσι,
2475 3105 2564 3159 καὶ
2595 3102 2774 3169 οὐδεὶς
2805 3102 2933 3160 οὐδὲ
2983 3103 3146 3182 λόγον
3198 3105 3433 3182 ἀνταίρει
3484 3107 3624 3178 πρὸς
3670 3107 3774 3164 αὖ.

2103 3193 2252 3256 md;-
2285 3193 2337 3249 τί
2369 3191 2434 3264 δή
2466 3215 2598 3248 ποτε
2626 3196 2789 3266 ἡμεῖς
2823 3193 2960 3248 ἐνιοὶ
2991 3195 3295 3267 καθήμεθα,
3322 3194 3398 3257 ὡς
3439 3196 3530 3249 οἷα
3561 3197 3650 3249 καὶ
3684 3195 3772 3251 ἐγ-

351 3261 698 3353 excitata,-si
734 3283 876 3337 forte
909 3279 1100 3352 sopita
1144 3283 1287 3346 erat,
1341 3284 1533 3333 mente
1580 3279 1879 3350 irascibili,
1933 3285 1996 3335 ut

2113 3282 2574 3358 πεπληγότες,καῖ
2603 3261 2744 3355 μηδὲ
2766 3283 2923 3359 χερσὶ
2941 3283 3030 3337 καὶ
3058 3261 3290 3356 στόμασι
3309 3281 3685 3357 διοικούμενοι
3705 3291 3770 3357 ;’››

353 3374 523 3430 miles
558 3371 929 3438 metuendus,
963 3368 1403 3440 autimperator
1453 3369 1648 3439 (prout
1689 3368 1992 3424 ratiocina-

345 3469 443 3519 tus
475 3462 875 3533 estquidem),
907 3459 1182 3513 instructi
1214 3458 1488 3512 omnibus
1520 3457 1697 3512 armis
1726 3475 1850 3528 quas
1881 3457 1994 3529 ipsi

346 3567 552 3625 parare
586 3549 736 3605 male
752 3547 1396 3617 norunt,exsurguntad
1423 3545 1630 3601 bellum
1649 3546 1882 3618 aliquod
1900 3564 1991 3602 sa-

349 3658 537 3697 crum.
573 3640 632 3696 Si
675 3639 773 3711 qui
802 3635 1254 3708 deincepsinter
1295 3651 1394 3690 eos
1452 3633 1650 3706 magni
1701 3635 1992 3706 monachi,

347 3736 403 3786 et
429 3729 547 3802 apti
567 3730 634 3783 ad
656 3744 840 3800 praeeu
853 3727 924 3780 nd
937 3745 966 3780 u
980 3742 1162 3790 m,eos
1181 3725 1236 3779 in
1252 3724 1487 3779 insidiis
1507 3723 1698 3779 locant
1715 3725 1994 3780 adversus

348 3819 619 3875 homines
639 3816 880 3871 minime
901 3816 1174 3884 injustos,
1209 3819 1267 3868 et
1298 3813 1734 3884 aggressionem
1767 3830 1994 3884 exspec-

350 3913 585 3971 tantes;
614 3905 872 3976 reliquos
899 3905 955 3959 in
977 3905 1162 3959 fronte
1193 3906 1394 3974 aperta
1423 3903 1715 3957 ordinant.
1751 3902 1856 3966 Qui
1888 3902 1994 3957 ali-

342 3997 477 4053 cubi
510 3995 743 4064 detecti,
777 3994 943 4066 quasi
979 3995 1034 4046 in
1094 3992 1327 4047 insidiis
1385 3990 1631 4047 latentes
1669 3995 1994 4064 exsurgunt

337 4086 770 4158 ipsi,ctstantes
788 4081 1319 4152 contra,aciemque
1339 4080 1990 4148 ordinantes,minorem

337 4173 689 4248 phalangem
724 4171 1085 4238 immittunt;
1129 4174 1302 4240 atque
1334 4185 1435 4240 per
1457 4186 1582 4223 eam
1609 4168 1657 4222 si
1693 4186 1807 4223 non
1837 4187 1989 4242 quaa-

339 4277 594 4333 cumque
625 4259 947 4315 voluissent
978 4263 1215 4331 propter
1239 4257 1522 4314 auxilium
1559 4275 1591 4312 a
1622 4258 1736 4314 Deo
1768 4263 1821 4313 et
1860 4275 1991 4330 rege

342 4355 545 4409 sancto
579 4350 828 4415 illatum,
862 4348 1071 4404 saltem
1123 4363 1489 4420 quascunque
1539 4347 1832 4418 potuerint
1861 4349 1990 4403 effi-

342 4439 655 4497 ciunt.Non
681 4438 837 4494 enim
871 4438 1151 4493 recedunt
1170 4436 1316 4492 tales
1339 4437 1725 4501 animm,mori
1754 4443 1985 4508 paratae.

337 4531 549 4586 Nostra
583 4528 836 4600 perdidit
858 4527 965 4582 iste
995 4526 1152 4582 zelus
1184 4525 1502 4597 malus,qui
1530 4542 1701 4580 orsus
1732 4543 1764 4579 a
1794 4527 1985 4593 nobis,

2102 3373 2201 3428 Kui
2232 3371 2419 3428 αὐτίκα
2447 3373 2509 3426 τὸ
2535 3379 2635 3442 τῆς
2665 3376 2851 3448 ψυχῆς
2879 3371 3222 3445 θυμούμενον
3259 3370 3315 3427 εἷ’
3345 3393 3451 3427 που
3482 3373 3575 3427 xui
3618 3372 3768 3429 ἐκοι-

2106 3469 2266 3535 μᾶτο,
2315 3461 2728 3539 ἆφυπνίσαντες,
2759 3459 2849 3514 καὶ
2881 3458 2978 3514 ὅσα
3010 3458 3183 3515 δεινὸν
3232 3459 3466 3532 ὁπλίτην
3514 3461 3551 3531 ἤ
3603 3483 3770 3537 στρα-

2099 3551 2266 3626 τηγὸν
2301 3549 2454 3624 (καθά
2483 3571 2566 3613 τις
2595 3548 3004 3625 ἐφιλοσόφησε)
3035 3549 3464 3627 καταφράξαντες
3515 3551 3768 3628 χορηγίᾳ

2101 3640 2454 3715 παντευχίας,
2513 3635 2704 3693 ὁποίαν
2768 3639 2920 3692 αὐτοὶ
2983 3637 3291 3711 μεθοδεύειν
3346 3641 3767 3716 κακομηχάνως

2102 3725 2329 3798 οἴδασιν,
2389 3726 2841 3790 ἂποκαθίστανται
2901 3726 2978 3788 εἷς
3062 3727 3213 3803 ἱεροῦ
3292 3749 3438 3789 τινος
3507 3729 3764 3802 πολέμου

2101 3818 2375 3892 στρατιάν.
2435 3816 2537 3872 Καὶ
2592 3816 2714 3870 ὅσον
2771 3815 2864 3889 μέν
2919 3813 2970 3868 έν
3050 3815 3239 3878 αὐτοῖς
3315 3814 3760 3894 μεγαλόσχημον

2099 3907 2189 3961 καὶ
2238 3904 2625 3980 ἡγουμενικὸν,
2669 3901 2949 3979 έλλοχῶσι
2998 3903 3134 3958 κατὰ
3173 3908 3282 3958 τῶν
3313 3902 3468 3959 οὐδὲν
3532 3906 3628 3978 μὲν
3685 3907 3767 3961 αἷ-

2099 3995 2250 4063 τίων,
2307 3990 2778 4069 προσδοκωμένων
2841 3991 2897 4046 δὲ
2955 3987 3358 4063 ἆντιϐήσεσθαι,
3393 3993 3468 4056 εἷς
3529 3994 3767 4073 ἐμφανὲς

2099 4084 2542 4159 προστησάμενοι
2594 4081 2718 4143 τοὺς
2768 4081 3020 4144 λοιπούς.
3065 4081 3128 4138 Εἰ
3179 4079 3235 4136 δέ
3287 4104 3394 4137 που
3440 4085 3530 4137 καὶ
3565 4106 3758 4161 φωρα-

2101 4175 2257 4237 θῶσι,
2323 4170 2500 4246 λόχου
2569 4167 2722 4236 δίκην
2805 4171 3236 4243 ὑποκαθήμενοι,
3321 4170 3602 4242 έκπηδῶσι
3667 4174 3762 4229 καὶ

2101 4259 2273 4316 uinci“
2306 4261 2394 4314 xui
2445 4259 2800 4321 καταστάντες
2846 4259 2920 4322 εἰς
2973 4259 3245 4332 μέτωπον,
3296 4261 3386 4315 καὶ
3433 4263 3534 4332 τὴν
3610 4263 3758 4334 τάξιν

2098 4351 2492 4423 κοσμήσαντες,
2527 4347 2780 4426 ἐπαφιᾶσι
2842 4349 2940 4417 τὴν
2991 4351 3419 4424 μικροσχήμονα
3477 4350 3761 4428 φάλαγγα,

2097 4438 2187 4493 καὶ
2247 4436 2466 4491 ἀνύουσι
2522 4435 2589 4490 δι’
2636 4436 2904 4509 αὐτῶν,εἷ
2957 4436 3048 4491 καὶ
3105 4439 3181 4509 μὴ
3240 4437 3306 4492 τὰ
3346 4437 3554 4508 θελητᾶ
3613 4441 3760 4518 σφίσι

2099 4525 2188 4583 διὰ
2241 4528 2342 4596 τήν
2402 4525 2460 4580 ix
2512 4529 2646 4581 Θεοῦ
2703 4527 2791 4580 καὶ
2875 4523 3145 4602 βασιλέως
3202 4526 3356 4602 ἁγίου
3415 4525 3759 4604 ἐπικουρίαν,

340 4625 398 4675 et
429 4619 739 4674 traduxtus
772 4632 957 4688 usque
1015 4617 1083 4671 ad
1136 4619 1422 4688 Myrtoum
1459 4630 1640 4681 mare,
1695 4620 1751 4669 et
1781 4615 1990 4670 deinde

2113 4615 2200 4670 S'Gu
2255 4619 2383 4690 γοῦν
2441 4611 2711 4671 δύνανται.
2767 4614 2844 4672 Οὐ
2897 4616 2971 4688 μὴ
3053 4615 3156 4690 γὰρ
3235 4614 3524 4693 φείσωνται
3586 4618 3764 4693 ψυχαὶ

339 4724 527 4780 usque
558 4707 629 4761 ad
661 4706 993 4772 Maliacum,
1030 4708 1085 4761 et
1118 4722 1288 4776 porro
1318 4705 1388 4759 ad
1422 4704 1774 4773 Jonium,sic
1797 4709 1990 4775 partes

336 4795 726 4852 occidentales
752 4793 1153 4850 circumcinxit
1177 4811 1188 4860 ;
1210 4793 1294 4848 vel
1331 4795 1522 4847 forsan
1557 4793 1765 4847 exinde
1796 4794 1866 4848 ad
1884 4810 1989 4848 nos

336 4885 619 4958 pervenit,
645 4889 711 4939 ut
740 4883 962 4938 malum
986 4883 1280 4954 quoddam
1315 4881 1799 4954 pestilens,quale
1829 4883 1984 4954 apud

337 4977 563 5029 veteres
590 4978 863 5028 narratur
891 4971 1302 5043 Ethiopicum.

2099 4707 2368 4775 τοιαῦται,
2404 4702 2454 4757 εἷ’
2503 4704 2578 4776 μὴ
2627 4704 2717 4757 καὶ
2766 4702 3182 4766 θανατώσουσιν.
3217 4704 3389 4765 Οὗτος
3446 4705 3474 4758 ὁ
3535 4704 3708 4774 ζῆλος
3737 4707 3764 4760 ὁ

2101 4793 2176 4854 είς
2227 4792 2388 4846 κακὸν
2445 4789 2674 4861 έξώλεσε
2728 4792 2795 4846 τὰ
2852 4790 2902 4845 έν
2956 4793 3112 4864 ἡμῖν,
3147 4790 3252 4846 sifts
3313 4791 3551 4857 ἰντεῦθεν
3606 4794 3764 4867 ἀρξά-

2101 4903 2284 4955 μενος,
2343 4881 2432 4935 καὶ
2492 4877 2761 4941 διαδοθεὶς
2810 4877 2915 4942 ἕως
2985 4879 3075 4934 καὶ
3134 4879 3212 4942 εἷς
3271 4885 3535 4956 Μυρτῷον
3598 4883 3762 4937 αὐτὸν

2095 4968 2327 5040 κόλπον,
2384 4969 2473 5024 καὶ
2531 4969 2623 5023 τὸν
2679 4968 2920 5023 ἐπέκεινα
2967 4968 3302 5042 Μαλειακὸν,
3361 4971 3447 5024 καὶ
3528 4970 3620 5024 τὸν
3682 4966 3759 5026 ἔτι

339 5059 674 5137 πορρωτέρω
726 5059 938 5128 Ἰόνιον,
971 5059 1060 5113 καὶ
1119 5058 1266 5112 οὕτω
1323 5056 1389 5112 τὸ.
1439 5058 1659 5132 ἑσπέρια
1715 5059 2038 5135 περιζώσας·
2141 5059 2310 5134 τυχὸν
2371 5057 2568 5122 ἐκεῖθεν
2631 5053 2820 5120 διαϐάς
2878 5057 2965 5112 ἐπὶ
3021 5059 3089 5113 τὰ
3134 5059 3255 5123 καθ’
3285 5061 3452 5133 ἡμᾶς,
3485 5059 3618 5114 ὡσεὶ
3671 5061 3762 5116 καὶ

336 5172 389 5205 τι
422 5146 696 5222 λοιμῶδες
726 5149 912 5213 κακὸν,
945 5149 1138 5202 ὁποῖον
1171 5147 1260 5201 καὶ
1287 5148 1349 5201 τὸ
1380 5144 1548 5200 πάλαι
1581 5148 1712 5201 ποτὲ
1744 5149 2222 5224 συγγεγραμμένον
2257 5143 2592 5204 Αἶθιοπικὸν.

409 5262 530 5316 168.
565 5261 608 5316 0
631 5260 813 5316 aciem
849 5261 1271 5315 monachorum
1307 5257 1473 5330 nigro
1526 5257 1700 5329 pallio
1759 5259 1990 5314 induto-

332 5351 503 5408 rum!
544 5367 575 5406 ο
608 5350 966 5422 phalangum
1000 5348 1220 5404 variam
1251 5346 1698 5418 dispositionem
1730 5347 1983 5404 lOmitto

331 5440 488 5496 enim
523 5439 729 5494 leviter
760 5444 1017 5493 armatos
1051 5437 1293 5509 pedites.
1324 5441 1362 5488 Ο
1383 5435 1702 5492 monachos
1732 5437 1982 5508 equites,

330 5531 752 5582 Centaurorum
815 5526 932 5580 fere
991 5524 1237 5592 similes,
1289 5523 1442 5595 apud
1487 5540 1637 5594 quos
1685 5525 1740 5579 id
1801 5541 1986 5580 unum

335 5612 605 5669 mirabile
621 5615 775 5685 quod
802 5613 901 5685 qui
935 5630 1114 5686 super
1133 5614 1366 5668 asinum
1390 5629 1693 5684 nunquam
1711 5615 1986 5669 ascende-

337 5705 482 5756 runt
513 5704 642 5770 post
672 5705 976 5757 tonsuram
995 5701 1514 5773 equosindomitos
1546 5702 1778 5762 dextere
1792 5703 1988 5759 mode-

2175 5257 2310 5331 ρξη’.
2341 5264 2403 5310 Ὠ
2431 5260 2527 5310 τοῦ
2575 5259 2682 5310 τῶν
2736 5253 3157 5332 μελαγχλαίνων
3215 5253 3373 5311 τοῦδε
3430 5258 3759 5334 φωσσάτουέ

2094 5345 2160 5400 Ὠ
2207 5353 2306 5415 τῆς
2351 5351 2457 5400 τῶν
2507 5346 2747 5421 κεράτων
2798 5344 3063 5415 ποικίλης
3115 5342 3432 5415 διασκευῆςί
3467 5346 3576 5402 Ἐὦ
3633 5344 3761 5406 τοὺς

2097 5433 2296 5509 ψιλοὺς
2371 5435 2462 5490 xui
2537 5434 2908 5508 πεζεταίρους.
2969 5433 3121 5491 Ἀλλ’
3171 5433 3216 5488 ὣ
3285 5440 3394 5490 τῶν
3448 5435 3760 5490 ἱππικωτά-

2095 5544 2205 5577 τιυν
2259 5527 2556 5600 μοναχῶνί
2617 5528 2718 5578 τῶν
2783 5523 2845 5578 ού
2920 5521 3213 5599 παραπολὺ
3290 5524 3626 5599 Κενταύρων,
3689 5523 3761 5577 ὦν

2101 5614 2274 5670 έκεῖνο
2319 5615 2406 5671 καὶ
2461 5615 2624 5689 μόνον
2682 5616 2973 5688 θαυμάζειν
3037 5611 3206 5688 ἄξιον,
3239 5616 3314 5678 ὡς
3370 5617 3422 5670 οἱ
3482 5613 3759 5689 μηδέποτε

2102 5704 2176 5768 εἷς
2233 5699 2354 5760 ὄνον
2409 5709 2535 5783 γοῦν
2595 5699 3053 5779 ἀναϐεϐλημένοι,
3112 5702 3278 5780 δεξιοὶ
3352 5705 3448 5768 τὰς
3526 5705 3756 5766 ἱππικὰς
