2052 3105
123 180 186 212 869

639 180 690 210 DE
711 179 957 210 EMENDANDA
978 180 1071 210 Vl'l‘A
1095 180 1331 211 MONACEICA.

1774 188 1835 218 870

121 246 250 282 ἐξελίξεις
276 247 343 283 μετὰ
365 246 415 281 τὴν
436 245 535 284 κουρὰν
564 244 788 281 ἀπεκϐεϐήκασιν,
817 244 949 282 δαιμονο-

1008 249 1119 281 rantur,
1136 256 1152 275 a
1167 248 1282 276 diabolo
1293 249 1377 277 istam
1390 250 1600 286 equitationem
1613 253 1828 289 edocti,quibus

122 292 242 330 φόρητον
268 290 397 318 ἱππασίαν
430 290 531 325 ταύτην
555 289 752 328 δεδιδαγμένοι·
780 291 824 322 οἷς
847 290 888 317 ἀεὶ
916 289 951 318 δι’

122 336 237 375 ἐφέσεως
263 337 281 370 ἡ
307 336 477 372 πνευματική
506 335 553 371 μὶν
583 334 682 362 οὔκουν
707 332 846 369 ἀνάϐασις,
877 336 894 369 ἡ
922 334 951 362 δὲ

123 381 189 418 παρ’
213 381 297 415 αὐτήν
314 401 320 408 .
345 380 416 418 Πρὸς
440 380 492 417 γὰρ
518 382 577 411 τοῖς
600 379 698 411 ἄλλοις
728 379 790 407 οὐδὲ
819 380 949 416 ἡμιόνοις

124 424 251 453 ἐθέλουσι
275 426 414 462 χρᾶσθαι,
439 424 511 452 ἀλλὰ
536 423 570 451 δι’
588 423 682 451 ’ίππων
714 425 828 462 εὐγενῶν
853 434 950 461 κατορ-

122 471 232 508 χεῖσθαι
261 469 508 507 πραγματεύονται,
535 468 580 496 καὶ
609 468 696 496 αὐτῶν
727 467 876 496 ὠκυπόδων
906 467 951 495 καὶ

124 513 296 551 δρομάδων,
329 513 440 544 ὁποίους
474 513 640 552 νικηφόρους
669 514 686 548 ἡ
717 513 950 551 άντιπαρεξὲτασις

124 558 293 596 ἐπιλέγεται·
323 558 360 589 ὡς
384 557 578 594 ὲξανεμοῦσθαι
602 557 642 588 εἷς
656 557 753 595 τάχος,
780 556 806 585 εἴ
816 568 869 585 που
885 556 951 584 διώ-

121 614 180 631 κιιν
197 604 215 638 ἢ
241 602 347 642 φεύγειν
375 601 476 637 δεήσει.
502 602 653 639 Βαρύνουσι
680 601 708 630 δὲ
731 602 775 629 καὶ
792 603 841 637 τήν
863 601 950 637 δεξιὰν

120 647 263 686 κορύναις,
291 648 387 684 μήπου
410 647 455 674 καὶ
481 645 670 685 ἀνδραχθέσιν,
696 647 722 674 οἱ
750 647 949 684 βριαρόχειρες·

121 693 168 720 καὶ
200 692 226 720 εἷ’
251 703 293 724 τις
318 691 409 722 αὐτοῖς
437 690 585 728 ἐμπελάσει
621 691 784 728 μισούμενος
801 715 809 727 ,
836 690 951 729 καταφὲ-

121 748 218 775 ρουσιν
240 737 405 776 ἀφορήτους·
435 736 479 763 καὶ
509 733 695 772 συντρίϐοντες
726 736 772 763 τὸν
801 735 950 772 πληγέντα,

123 783 182 809 εἶτα
204 783 374 819 καυχῶνται,
397 780 435 807 ὡς
456 782 574 817 γενναῖοι
589 780 633 807 καὶ
658 780 829 816 παλαμναῖοι
844 779 951 807 πεπλα-

123 826 234 863 σμὲνοι,
262 825 337 853 αὐτοὶ
365 825 474 855 πάντως
501 827 651 859 τηνικαῦτα
678 825 728 852 ὑπὸ
752 827 800 852 τοῦ
814 823 951 860 πολεμίου

121 870 315 907 πληττόμενοι
332 868 471 906 δαίμονος”
486 869 515 900 ’ὸς
529 867 677 906 ἀνδρίζεται
694 870 751 896 κατ’
763 869 861 897 αὐτῶν.

162 915 228 954 ρξθ¹.
247 913 350 943 Πολλοῖ
379 912 408 941 δὶ
432 913 485 941 τῶν
514 913 646 941 τοιούτων
675 913 721 941 καὶ
750 911 926 953 τοξοφοροῦσι
943 935 950 949 ,

122 960 171 988 καὶ
203 960 296 998 ἀφιᾶσι
325 958 407 996 βὲλη’
434 958 479 985 καὶ
508 958 684 996 ἐπιτυχόντες
714 958 930 995 ἀνακαγχάζουσι
946 978 952 984 .

122 1004 265 1033 Γελῶνται
282 1003 310 1031 δὶ
325 1002 376 1041 ἄρα
402 1004 464 1030 τότε
494 1002 570 1030 αὐτοὶ
590 1002 642 1030 ὑπὸ
658 1004 707 1030 τοῦ
722 1002 747 1037 ἐξ
763 1002 870 1041 ἀφανῶν
888 1001 954 1039 βάλ-

121 1050 224 1079 λοντος
248 1047 336 1076 δεινοῦ
362 1047 484 1083 τοξότου,
510 1046 564 1082 ἤδη
590 1046 618 1074 δὲ
640 1046 685 1074 καὶ
711 1045 835 1080 δυνατοῦ,
862 1046 884 1073 εἶ
909 1046 954 1073 καὶ

120 1093 219 1124 ἄλλως
245 1093 340 1127 ἀσθενῆ
367 1092 449 1119 αὐτοῦ
473 1091 506 1119 τὰ
526 1092 590 1128 τόξα
616 1090 659 1118 ἐπί
683 1094 742 1122 τοῖς
768 1090 892 1122 δυνατοῖς
907 1092 955 1118 τοῦ

120 1140 204 1166 Θεοῦ.
234 1136 266 1165 Ei
291 1136 319 1164 δὶ
340 1139 398 1167 τοῖς
427 1134 669 1174 ἒπαγγειλαμὲνοις
701 1135 828 1172 μονάζειν
855 1134 953 1172 ἔπεισι,

119 1182 167 1211 καὶ
193 1180 308 1212 λαϊκοὺς
332 1180 507 1218 ὁπλοφόρους
540 1178 614 1218 ἔχειν
642 1180 810 1211 ὑπασπιστὰς
829 1203 836 1216 ,
865 1177 955 1217 ἔχοιεν

120 1227 153 1255 ἂν
171 1226 240 1257 ἴσως
254 1225 320 1253 αὐτὸ
344 1224 480 1263 ἀπόλογον
502 1225 549 1251 τὸν
573 1224 610 1255 ὡς
626 1224 670 1252 ἐπὶ
695 1223 827 1264 ἀσφαλείᾳ
844 1226 879 1261 τῇ
894 1229 944 1256 καθ

121 1269 199 1298 ὁδόν.
228 1269 434 1298 Καθυλακτοῦσι
463 1267 492 1296 δὲ
519 1272 569 1303 τῆς
595 1268 725 1304 τοιαύτης
749 1268 898 1307 ἀπολογίας
921 1267 948 1295 οῗ

125 1313 227 1343 ὀπαδοὶ
255 1313 333 1344 κύνες
350 1334 357 1346 ,
383 1312 429 1344 οὓς
459 1312 631 1351 ἐπισύρονται
657 1312 817 1351 ἀγρεύοντες
834 1323 840 1330 ·
869 1323 951 1340 κατα-

121 1359 258 1393 κλάζουσι
274 1356 303 1385 δὲ
326 1357 371 1385 καί
395 1357 420 1385 οἳ
442 1357 584 1395 θηρατικοὶ
609 1355 708 1393 δρνιις,
729 1356 776 1389 οὖς
790 1356 834 1384 ἐπὶ
849 1359 950 1395 ’χειρῶν

123 1402 260 1441 αἴρουσιν,
281 1401 328 1430 ’ίνα
352 1399 642 1438 συνιπιλαμόάνωνται
666 1405 717 1436 τῆς
743 1402 826 1439 θήρας
847 1401 950 1433 αὐτοῖς.

122 1449 192 1477 ’Ότι
218 1447 263 1474 καὶ
294 1446 400 1477 πλατὺς
436 1445 524 1473 αὐτῶν
556 1446 717 1484 καταχὲεται
756 1448 853 1483 μῶμος
882 1447 950 1484 πρὸς

121 1494 177 1520 τῶν
209 1491 335 1529 ὁρώντων
364 1490 462 1521 αὐτοὺς
492 1489 564 1517 οὕτω
593 1489 803 1527 παροδεύοντας⁶
833 1489 906 1527 εἴπερ
936 1491 950 1518 ὁ

124 1536 174 1574 μέν
199 1546 240 1567 τις
265 1534 372 1563 ἐκείνων
399 1533 463 1562 ὁδοῦ
491 1532 639 1565 σπουδαίας
662 1535 776 1572 γίνεται.
802 1535 816 1562 ὁ
842 1533 870 1562 δὲ
889 1534 950 1571 ἀρό-

121 1592 182 1620 τρῳ
211 1581 315 1618 σχίζων
353 1580 404 1613 τὴν
440 1582 491 1617 γῆν
529 1579 722 1613 καταστάζεται
746 1578 840 1616 Ιἱδρῶτι
859 1589 864 1595 ·
882 1580 896 1606 ὁ
921 1578 950 1607 δὶ

121 1617 248 1663 capp;
265 1624 381 1662 μερίζων
411 1626 533 1651 πονεῖται
550 1646 557 1659 ,
586 1623 604 1658 ἢ
630 1624 754 1651 σκάπτων
783 1623 876 1655 ἄλλως
905 1623 948 1651 ἐπὶ
964 1617 986 1651 C

121 1669 229 1708 φυτείᾳ,
258 1669 302 1696 καί
330 1679 371 1695 τις
401 1666 541 1705 λαχαίνων
569 1668 649 1706 φυτὰ,
674 1668 719 1694 καὶ
746 1666 890 1706 δρυτομῶν
907 1668 953 1695 ἅλ-

121 1714 185 1749 λος,
214 1713 259 1741 καὶ
287 1712 381 1741 λοιποὶ
407 1714 530 1739 τοιοῦτοι
555 1712 701 1749 πενόμενοι
717 1711 880 1745 πολυειδῶς,
908 1712 953 1739 καὶ

123 1759 199 1787 οὕτω
220 1758 270 1792 τὴν
295 1756 379 1795 σάρκα
403 1757 532 1791 τήκοντες
560 1755 598 1784 εἷς
626 1755 696 1792 δέον,
720 1756 764 1783 καὶ
789 1757 826 1787 ὠς
851 1757 900 1783 οὐκ
923 1755 954 1784 ἃν

122 1802 189 1831 οὔτε
204 1801 348 1840 ἄνθρωπος
362 1801 451 1839 ψέγοι,
474 1799 535 1828 οὕτε
560 1801 625 1832 Θεὸς
650 1801 800 1838 ὀργίζοιτνγ
817 1801 842 1828 οἱ
872 1800 900 1828 δὶ
914 1803 954 1837 τῷ

124 1848 206 1883 κόπῳ
234 1846 448 1884 ἒστοιχημὲνοι,
477 1846 522 1872 καὶ
545 1848 604 1876 τοῖς
630 1845 695 1883 ὑπὲρ
719 1845 815 1882 ἀρετῆς
840 1844 953 1883 ἱδρῶσιν

123 1889 404 1926 ἀποκεκληρωμέναι,
431 1889 469 1921 ὠς
491 1889 536 1917 κιὶ
564 1888 686 1928 ἀφείλειν
713 1890 851 1925 θνήσκειν,
881 1890 953 1917 οὕτω

122 1937 265 1974 περιιᾶσιν
295 1932 467 1969 ὡπλισμένοι
497 1932 565 1960 κατά
589 1944 619 1960 τι
642 1933 804 1970 ἀνθρώπων,
830 1935 899 1961 κατά
924 1945 954 1962 τι

125 1981 231 2018 θηρῶν,
245 1980 299 2006 τῶν
318 1989 347 2006 τι
370 1978 432 2015 περὶ
454 1981 516 2015 γῆν,
535 1978 581 2005 καὶ
606 1977 665 2005 ὅσοι
693 1976 721 2005 δὲ
745 1977 831 2016 ἀέριοι
858 1979 952 2017 φέρον-

122 2036 180 2053 ται.
197 2022 344 2062 Ἠρακλὲες
359 2022 437 2050 αὐτοὶ
459 2021 553 2057 ἄλλοι,
575 2022 641 2059 μήτι
666 2020 695 2049 δὲ
720 2022 765 2049 καὶ
792 2022 858 2060 ὑπὲρ
883 2021 953 2050 ἐκεῖ‹

122 2081 169 2097 νον
200 2069 247 2096 τὸν
272 2067 400 2095 παλαιόν.
431 2066 480 2094 Καὶ
509 2068 590 2094 τοῦτο
619 2065 766 2104 ἐπιψόγως.
788 2067 816 2094 '0
841 2066 888 2103 μὲν
903 2067 952 2105 γὰρ

124 2114 249 2154 φαύλους
286 2113 466 2150 ἀνθρώπους,
493 2112 537 2140 καὶ
578 2111 737 2143 ἀδικοῦντας
773 2114 879 2150 θῆρας,
908 2108 953 2140 καὶ

122 2159 217 2193 πτηνά
234 2156 388 2194 βλάπτοντα
399 2156 429 2184 ἐκ
441 2156 524 2193 μέσου
538 2157 628 2194 ἀπῆγε
643 2156 742 2194 μόχθῳ
757 2157 827 2184 πάνυ
842 2156 954 2199 πολλῷ⁸

120 2203 169 2231 καὶ
200 2202 268 2230 αὐτὸ.
294 2201 325 2229 οὖ
352 2200 381 2229 δὲ
404 2201 485 2236 ἑκὼν,
516 2200 591 2228 ἀλλὰ
619 2200 801 2237 ἀεκαζόμενος
830 2202 887 2238 μὶν,
915 2203 952 2238 μή

122 2247 198 2285 ἔχων
222 2244 251 2273 δὶ
276 2242 436 2272 ἀντιϐαίνειν
461 2246 501 2281 τῷ
525 2243 708 2272 Ξπιτάσσοντι·
736 2244 812 2272 αὐτοὶ
840 2243 868 2272 δὲ
890 2255 954 2283 τρυ-

1006 300 1123 328 semper
1151 292 1180 319 in
1207 294 1283 321 votis
1318 295 1449 322 ascensio
1488 304 1542 323 non
1572 297 1744 332 spiritualis,
1775 301 1825 327 sed

1006 336 1161 363 contraria.
1178 337 1265 365 Mulis
1297 339 1374 365 enim
1391 339 1438 366 alii
1467 340 1585 375 quidem
1616 343 1656 368 uti
1683 348 1830 379 recusant,

1006 380 1057 407 sed
1074 380 1221 408 nobilibus
1237 382 1332 417 equis,
1350 384 1472 418 pedibus
1497 385 1607 419 rapidis
1632 389 1659 413 et
1674 387 1830 424 celeribus,

1006 424 1216 461 victoriamque
1238 426 1267 453 in
1293 435 1434 455 concursu
1462 431 1680 464 reportantibus
1705 432 1830 460 circum-

1006 469 1052 504 agi
1068 469 1200 505 cupiunt,
1224 473 1252 498 et
1276 472 1370 498 ventis
1398 474 1591 507 promptiores
1623 475 1764 509 teruntur,
1782 478 1830 505 ubi

1007 513 1106 549 fugere
1121 516 1172 541 aut
1188 516 1321 549 persequi
1346 520 1468 551 Oportet.
1486 517 1638 546 Dexteram
1665 521 1751 548 etiam
1769 523 1830 549 cla-

1005 558 1060 591 vis,
1077 566 1112 586 ne
1127 558 1297 586 hominibus
1323 561 1441 595 quidem
1467 563 1670 597 portabilibus,
1696 565 1830 595 homines

1007 611 1095 630 manu
1119 603 1215 631 valida
1238 608 1370 639 onerant,
1398 614 1506 641 easque
1533 616 1589 635 non
1613 609 1746 638 ferendas
1763 612 1830 647 inji-

1006 647 1097 680 ciunt,
1114 648 1231 683 quando
1246 649 1366 676 odiosus
1393 650 1499 685 aliquis
1515 652 1618 679 obvius
1642 657 1695 680 est.
1714 655 1746 682 Et
1761 664 1827 683 cum

1005 693 1192 721 vulneratum
1207 695 1407 730 contriverint,
1425 695 1588 731 gloriantur
1609 700 1691 733 quasi
1710 709 1739 727 re
1756 701 1827 729 bene

1006 739 1098 773 gesta,
1114 739 1144 765 et
1172 738 1240 765 facti
1269 747 1357 766 manu
1375 741 1519 767 cruentati
1546 741 1618 777 (l8);
1651 743 1705 778 ipsi
1733 747 1829 773 autem

1006 783 1108 811 eodem
1124 785 1255 820 tempore
1271 793 1286 812 a
1309 785 1424 813 diabolo
1449 786 1564 814 inimico
1595 788 1762 826 vincuntur,
1779 792 1830 827 qui

1007 830 1120 863 pugnat
1137 828 1276 857 adversus
1291 838 1350 857 eos.

1044 916 1105 943 169.
1122 916 1201 945 Inter
1219 926 1269 945 eos
1303 918 1387 945 multi
1405 928 1488 946 arcus
1524 921 1630 955 ferunt,
1650 924 1677 949 et
1707 923 1764 950 tela
1781 923 1831 956 ja-

1009 960 1108 994 ciunt;
1127 970 1193 989 cum
1218 970 1338 998 scopum
1370 964 1527 999 attingunt,
1558 966 1743 994 cachinnant.
1772 968 1830 1003 lpsi

1009 1007 1106 1033 autem
1123 1006 1293 1034 deridentur
1308 1016 1323 1034 δ.
1341 1009 1494 1035 metuendo
1510 1009 1661 1044 sagittario
1683 1019 1714 1037 ex
1732 1013 1830 1039 occul-

1008 1049 1047 1077 tis
1064 1050 1183 1083 ferente,
1199 1053 1228 1078 et
1253 1051 1431 1085 dominante,
1457 1052 1523 1079 licet
1539 1053 1594 1080 tela
1620 1054 1681 1089 ejus
1699 1055 1830 1084 imbellis.

1010 1094 1146 1122 decidant
1174 1095 1313 1123 adversus
1344 1099 1473 1131 potentes
1503 1098 1562 1124 Dei.
1594 1098 1621 1124 Si
1639 1103 1831 1133 sequerentur

1010 1139 1146 1167 homines
1161 1140 1210 1175 qui
1228 1141 1425 1175 promiserunt
1441 1142 1628 1169 solitudinem
1647 1151 1677 1170 se
1699 1148 1830 1172 servatu-

1010 1192 1068 1218 ros,
1084 1186 1112 1211 et
1128 1184 1216 1212 laicos
1232 1187 1361 1212 armatos
1377 1185 1516 1212 satellites
1540 1186 1645 1214 habere
1666 1190 1831 1224 spoponde-

1009 1232 1088 1265 runt,
1119 1229 1195 1257 hanc
1223 1230 1439 1257 excusationem
1457 1231 1492 1258 de
1517 1232 1563 1259 via
1594 1233 1716 1260 tutanda
1742 1234 1831 1262 habe-

1009 1277 1081 1303 rent.
1100 1275 1167 1303 Eam
1191 1277 1288 1303 autem
1318 1275 1480 1311 apologiam
1511 1277 1666 1305 latratibus
1692 1280 1831 1308 refellunt

1007 1327 1095 1347 canes
1109 1321 1276 1355 sequentes,
1294 1328 1367 1355 quos
1393 1323 1542 1348 venatores
1567 1322 1704 1356 excitant.
1722 1327 1750 1351 et
1766 1333 1829 1352 ma-

1007 1363 1104 1398 nibus,
1121 1365 1154 1390 ut
1169 1363 1205 1390 de
1227 1363 1390 1391 venationis
1412 1373 1511 1391 earum
1538 1366 1596 1392 sint
1614 1367 1779 1403 participes.
1798 1369 1831 1396 Et

1005 1407 1070 1437 ideo
1085 1407 1211 1443 graviter
1239 1407 1397 1435 irridentur
1413 1410 1447 1435 ab
1465 1409 1498 1436 iis
1521 1410 1570 1444 qui
1587 1419 1635 1438 eos
1652 1412 1694 1439 sic
1710 1412 1764 1439 iter
1784 1413 1830 1440 {a—

1006 1452 1115 1480 cientes
1130 1452 1286 1488 aspiciunt,
1305 1453 1328 1480 si
1359 1453 1424 1488 quis
1454 1454 1533 1481 citati
1564 1455 1675 1483 itineris
1700 1457 1830 1484 sumitur

1005 1496 1113 1530 socius,
1129 1500 1158 1524 et
1172 1496 1246 1524 alter
1262 1500 1366 1524 terram
1383 1501 1479 1525 aratro
1496 1507 1599 1526 secans
1612 1501 1769 1529 sudoribus
1786 1510 1829 1529 re-

1005 1541 1126 1569 solvitur
1140 1549 1146 1568 :
1159 1541 1235 1569 alius
1247 1541 1386 1576 fatigatur
1402 1543 1515 1571 semina
1525 1544 1703 1579 jacicns,aut
1718 1546 1830 1573 fodiens

1004 1585 1079 1614 alius
1094 1585 1129 1613 ad
1160 1585 1364 1621 plantandum.
1391 1589 1418 1612 ct
1448 1587 1495 1614 ille
1524 1588 1622 1614 colens
1647 1597 1765 1616 nemora
1781 1591 1832 1617 aut

1008 1638 1137 1666 purgans
1167 1630 1224 1657 alio
1240 1631 1336 1663 modo,
1365 1634 1393 1657 et
1408 1633 1501 1658 caeteri
1530 1633 1640 1659 similes
1671 1634 1719 1668 qui
1736 1634 1831 1661 omni~

1009 1675 1065 1702 bus
1090 1675 1185 1702 modis
1215 1675 1386 1709 fatigantur,
1417 1676 1526 1710 sicque,
1559 1680 1589 1703 ut
1618 1680 1740 1711 oportet,
1766 1686 1831 1705 car-

1008 1727 1076 1746 nem
1092 1721 1251 1751 macerant,
1269 1720 1303 1745 de
1330 1720 1437 1754 quibus
1463 1729 1513 1746 nec
1539 1721 1624 1748 homo
1651 1724 1830 1756 quereretur,

1008 1771 1060 1790 nec
1089 1762 1164 1790 Deus
1194 1762 1378 1789 irasceretur.
1411 1764 1462 1794 Qui
1492 1764 1582 1791 labori
1614 1765 1720 1792 addicti
1750 1769 1831 1801 sunt,

1008 1807 1058 1843 qui
1086 1807 1121 1835 ad
1150 1807 1272 1835 sudores
1301 1808 1417 1835 virtutis
1446 1810 1537 1836 vocati
1567 1813 1646 1844 sunt,
1678 1819 1769 1845 usque
1794 1812 1830 1838 ad

1009 1854 1145 1886 mortem,
1161 1860 1227 1879 ecce
1242 1852 1490 1880 circumferuntur
1506 1854 1609 1881 armati
1627 1856 1766 1882 adversus
1782 1855 1833 1883 ho-

984 1928 985 1932 η
1008 1897 1102 1924 mines
1127 1899 1155 1924 et
1178 1896 1255 1924 feras
1285 1906 1347 1932 qua)
1378 1902 1447 1925 sunt
1474 1908 1562 1933 super
1587 1902 1705 1933 terram,
1735 1900 1830 1927 autin

1008 1949 1073 1969 aere
1089 1941 1223 1968 volitant.
1241 1941 1298 1977 Ipsi
1316 1941 1364 1968 alii
1392 1943 1537 1975 Hercules,
1556 1944 1614 1970 imo
1631 1945 1751 1979 antiquo
1767 1952 1831 1972 ma-

1005 1987 1095 2022 jores.
1113 1986 1147 2013 Et
1162 1985 1216 2013 hoc
1231 1994 1287 2013 non
1304 1987 1457 2014 immerito.
1479 1987 1525 2014 [lle
1538 1989 1612 2015 enim
1632 1989 1724 2016 malos
1739 1989 1833 2016 homi-

1009 2039 1060 2058 nes
1076 2029 1209 2058 crudeles
1236 2030 1321 2063 feras,
1349 2034 1376 2058 et
1406 2031 1537 2059 volucres
1555 2033 1654 2060 noxias
1685 2034 1719 2061 de
1736 2034 1832 2062 medio

1010 2074 1136 2102 multum
1148 2082 1213 2102 cum
1227 2073 1324 2102 labore
1336 2075 1475 2108 sustulit;
1493 2080 1521 2103 et
1534 2077 1588 2104 ista
1601 2085 1657 2104 non
1672 2077 1832 2111 Iibens,sed

1009 2118 1117 2146 invitus
1129 2118 1303 2154 jubentique
1330 2128 1385 2146 non
1414 2120 1513 2146 valens
1530 2122 1674 2148 resistere.
1706 2121 1755 2149 Isti
1782 2130 1833 2149 au-

1009 2166 1068 2191 tem
1084 2164 1120 2191 ob
1136 2163 1255 2191 delicias
1278 2164 1439 2198 indecoras,
1469 2165 1593 2192 libenter
1622 2167 1834 2201 aggrediuntur

1009 2208 1191 2244 innocentes,
1208 2208 1255 2243 qui
1273 2217 1288 2235 a
1314 2209 1455 2244 principio
1480 2210 1602 2237 consilio
1619 2211 1764 2245 spirituali
1780 2219 1831 2238 su-

1010 2260 1059 2288 per
1088 2254 1232 2280 mundum
1261 2252 1363 2280 elevati
1397 2254 1523 2286 fuerunt,
1565 2255 1723 2289 (quomodo
1753 2254 1831 2282 enim

122 2294 178 2325 φῆς
204 2289 316 2327 ἀκαίρου
342 2289 423 2326 χάριν
451 2288 570 2315 ἑκούσιοι
596 2288 629 2315 τὰ
657 2286 741 2325 μηδὲν
771 2287 844 2315 αἶ’τια
870 2299 951 2316 κατα-

1008 2297 1148 2325 mundani
1181 2301 1291 2330 essent,
1336 2300 1386 2333 qui
1421 2302 1540 2326 tonsura
1582 2300 1639 2326 Deo
1673 2301 1833 2327 consecrati

121 2332 285 2367 ϐάλλουσιν,
301 2333 326 2360 οἱ
344 2332 535 2368 ὑπερκόσμιοι,
560 2332 604 2359 καὶ
629 2332 705 2359 αὐτοὶ
731 2334 766 2368 τῇ
789 2332 847 2359 κατ’
860 2332 949 2370 ἀρχὴν

120 2378 294 2414 πνευματικῇ
309 2375 446 2413 προθέσει,
472 2376 611 2413 (κοσμικοὶ
637 2377 689 2413 γὰρ
716 2375 775 2407 πῶς
800 2376 830 2403 ἃν
855 2377 905 2403 εἷεν
924 2377 951 2404 οἱ

122 2422 170 2451 διὰ
193 2424 294 2460 κουρᾶς
321 2421 391 2449 ὅσιοι
420 2423 460 2457 τῷ
488 2423 547 2457 Θεῷ
576 2423 596 2456 ς)
625 2421 651 2448 οἱ
680 2419 949 2460 ἱκλεκτοί(ὅφελον)

119 2469 161 2504 τῷ
178 2465 280 2504 Κυρίῳ,
297 2465 320 2493 εἰ
343 2466 387 2493 καὶ
403 2464 479 2493 αὐτοὶ
505 2464 629 2493 ἰθᾶλουσι
646 2467 704 2497 τοῖς
729 2464 840 2504 φαύλως
864 2466 950 2504 ἡγου-

124 2513 219 2549 μένοις
235 2510 336 2539 αὐτῶν.

157 2557 208 2594 ρο’.
225 2556 258 2584 Ἠ
275 2555 324 2583 οὐκ
347 2553 434 2589 οἶδας,
460 2553 483 2582 ὣ
506 2554 670 2592 εἰσαγωγικὶ
695 2555 812 2592 μοναχὲ,
837 2554 878 2582 ὅτι
904 2555 949 2583 καὶ

121 2600 155 2627 σὺ
182 2599 249 2636 μετά
272 2600 321 2634 τὴν
349 2598 485 2636 ίπίσημον
513 2599 573 2635 μὶν,
597 2598 710 2633 λειπτήν
736 2597 764 2626 δὶ
787 2599 832 2626 καὶ
855 2599 949 2637 ἀπερι-

121 2644 248 2678 λάλητον
270 2643 369 2682 κουρὰν
399 2642 492 2670 αὐτίκα
520 2645 561 2679 τῷ
589 2644 648 2679 Θιῷ
671 2643 874 2678 καθωσιώθης;
903 2646 950 2671 Διό

120 2688 167 2716 καὶ
194 2690 341 2726 προσφυῶς
363 2686 482 2725 ψάλλοις
507 2686 537 2714 ἂν
561 2687 592 2714 τό
609 2696 616 2704 ·
644 2698 658 2713 ‹‹
683 2685 762 2722 Μηδὲ
784 2685 880 2719 δώσεις
903 2687 949 2714 τὸν

123 2839 182 2860 nus
197 2833 334 2859 tinxerat.

1006 2342 1111 2378 sunt?)
1127 2343 1183 2378 ipsi
1198 2343 1281 2370 electi
1298 2344 1355 2370 Deo
1367 2344 1394 2378 (ο
1411 2344 1519 2371 utinam
1539 2344 1557 2379 l)
1575 2345 1641 2371 licet
1658 2352 1726 2371 suos
1742 2344 1831 2372 duces

1006 2386 1100 2414 malos
1116 2389 1306 2422 anteponant.

1041 2556 1101 2584 170.
1136 2556 1238 2584 Nonne
1271 2556 1443 2592 cognovisti,
1480 2565 1495 2583 ο
1530 2557 1672 2584 monache
1700 2557 1765 2590 tiro,
1800 2560 1828 2585 te

1004 2603 1069 2637 post
1086 2603 1248 2633 tonsuram,
1265 2604 1422 2636 augustam
1436 2601 1565 2637 quidem,
1579 2602 1628 2629 sed
1646 2602 1787 2629 humilem
1801 2604 1829 2630 ct

1004 2653 1063 2672 non
1080 2645 1290 2681 perimendam,
1317 2645 1415 2672 statim
1443 2645 1499 2672 Deo
1522 2648 1723 2673 consecratum
1739 2646 1828 2674 esse?

997 2690 1073 2735 ’Ideo
1088 2693 1153 2726 apte
1168 2690 1251 2718 canis
1264 2698 1270 2718 :
1284 2701 1297 2715 «
1316 2692 1371 2716 Non
1389 2690 1472 2717 dabis
1488 2692 1622 2717 sanctum
1640 2693 1723 2718 tuum
1735 2690 1827 2718 videri

159 2793 410 2858 (1ῗξΠαλαμναῖος
440 2795 541 2831 (manu
572 2796 747 2831 cruentatus)
766 2797 828 2824 erat
859 2796 940 2825 Jovis
968 2793 1143 2834 cognomen,
1173 2797 1243 2834 quia
1275 2806 1377 2825 cruore
1407 2798 1595 2825 inimicorum
1613 2798 1747 2834 proprias
1763 2807 1824 2827 ma-

159 2839 182 2858 is
223 2839 334 2858 nxora.
