4104 6210
450 347 565 409 87!

1227 347 1642 411 EUSTATHII
1683 345 2446 410 THESSALONICENSIS
2487 345 3074 409 METROPOLITE

3752 349 3881 412 872

451 477 887 550 corruptionem
911 476 977 532 ³⁸.
1009 497 1038 527 η
1071 476 1219 548 Ergo
1252 475 1309 530 in
1358 475 1696 531 servitutem
1727 473 1937 542 libens,
1972 491 2086 530 non

2208 471 2348 528 ὅσιόν
2407 492 2502 527 σου
2560 469 2693 528 ἰδεῖν
2749 470 3071 552 διαφθοράν.
3133 497 3162 526 ››
3203 469 3595 546 Ἐνδουλώθης
3623 473 3739 547 ἤδη
3814 476 3880 532 οὗ

449 570 688 623 coactus
721 568 988 622 redactus
1019 583 1100 622 es.
1151 563 1417 621 Prolatus
1460 569 1549 622 est
1573 563 1886 621 crucifixus
1936 564 2096 620 omni

448 655 669 712 honore
725 656 961 729 dignus,
1019 671 1192 728 quem
1251 655 1550 710 adorando
1584 655 1638 710 in
1700 671 1798 712 ore
1828 656 1956 726 ejus
2004 671 2096 712 os-

449 745 680 802 culatus
725 761 807 802 es.
870 745 1064 814 Neque
1098 745 1337 800 deerant
1386 748 1565 800 testes
1615 747 1724 799 tua
1773 743 2097 810 servitutis,

447 850 694 905 quorum
754 833 987 905 signum
1046 833 1340 904 praterire
1400 850 1514 889 non
1573 832 1729 890 licet.
1779 832 1983 906 Angeli
2038 833 2097 887 in

449 922 722 978 manibus
769 921 1035 978 chartam
1085 926 1196 976 tuaa
1247 921 1630 993 subjectionis
1709 923 1922 991 ferunt,
1980 920 2096 976 noli

445 1010 602 1067 enim
634 1011 918 1068 arbitrare
947 1016 1151 1068 sancta
1181 1011 1268 1067 tui
1310 1011 1612 1082 ingressus
1664 1011 1943 1085 mysteria
1983 1028 2099 1066 non

446 1115 574 1155 esse
597 1099 712 1156 Deo
729 1105 785 1156 et
804 1099 1044 1172 Angelis
1068 1101 1196 1172 ejus
1217 1100 1603 1172 vestigabilia.
1619 1101 1808 1165 Quare
1822 1116 1958 1172 ergo
1981 1098 2100 1171 pla-

444 1189 570 1244 citae
601 1189 864 1245 servituti
925 1206 1040 1245 non
1101 1190 1311 1258 instas,
1374 1188 1536 1245 solus
1577 1190 1732 1262 apud
1780 1188 2096 1245 Dominum

447 1293 716 1345 manens,
748 1279 849 1334 sed
899 1279 1131 1333 frenum
1189 1278 1489 1334 conteris?
1545 1295 1650 1334 cur
1678 1278 1847 1349 quasi
1881 1277 2098 1334 oblitus

445 1370 559 1422 tua:
591 1368 913 1433 servitutis,
945 1368 1368 1440 circumvagari
1415 1373 1472 1424 et
1501 1385 1694 1424 errare
1743 1368 1924 1422 audes
1944 1367 1972 1422 ?
2001 1367 2098 1422 Di-

444 1457 616 1513 vitias
640 1474 742 1528 pro
770 1457 1086 1514 solitudine
1110 1458 1397 1529 reliquisti
1421 1476 1438 1513 :
1462 1459 1561 1514 sed
1585 1459 1792 1530 gaude,
1817 1458 2096 1530 quoniam

448 1547 619 1603 solito
650 1547 921 1603 ditiorem
983 1549 1293 1604 dominum
1354 1549 1651 1618 invenisti,
1703 1549 1802 1620 qui
1861 1552 1918 1604 te
1946 1547 2100 1604 inter

447 1651 587 1692 suos
617 1652 1017 1692 annumerans
1047 1654 1163 1692 non
1194 1636 1252 1691 in
1297 1637 1577 1709 pristinas
1625 1637 1885 1704 divitias,
1917 1640 2098 1692 terre-

448 1741 555 1780 nas
573 1723 877 1792 scilicet,te
900 1725 1084 1780 redire
1111 1726 1389 1797 patietur,
1409 1727 1508 1782 sed
1534 1728 1603 1781 ad
1625 1743 1870 1798 regnum
1895 1731 1948 1781 te
1973 1743 2096 1781 ma-

2208 564 2344 635 πρὸς
2379 561 2518 638 βίαν,
2551 561 2696 618 ἀλλὰ
2740 563 2900 620 ἑκών.
2935 561 3301 634 Προτέτακται
3334 563 3363 617 ό
3392 563 3664 637 πάντιμος
3721 587 3881 620 σταυ-

2209 651 2321 724 ρὸς,
2353 652 2410 707 ’ὸν
2447 656 2835 726 προσκυνητῶς
2885 653 2969 708 ἐπ’
3020 653 3183 708 αὐτοῦ
3232 653 3530 729 προσώπου
3572 655 3875 731 έχάραξας.

2208 741 2327 798 Οὐκ
2357 738 2795 815 ἀπελιμπάνοντο
2834 739 2960 798 οὗδὶ
3012 742 3117 797 άπὸ
3168 746 3264 796 σοῦ
3296 743 3349 797 οἱ
3396 742 3448 798 έν
3477 746 3548 817 τῇ
3591 741 3873 801 δουλώσει

2211 831 2478 907 μάρτυρες
2522 873 2536 900 ,
2591 831 2664 885 ὧν
2747 831 2847 886 οὐκ
2921 829 3032 887 ἔστι
3105 832 3417 896 καθικέσθαι
3471 836 3870 909 παραγραφήν.

2205 917 2473 996 ’Ἄγγελοι
2501 920 2606 995 πρὸ
2636 924 2863 996 χειρῶν,
2894 920 2984 975 καὶ
3013 921 3076 975 τὸ
3108 921 3200 975 σὸν
3248 921 3469 998 φέρουσι
3527 919 3872 977 δουλόσυνον

2207 1004 2488 1088 ἔγγραφον.
2523 1009 2612 1078 Μὴ
2662 1008 2764 1084 γὰρ
2812 1008 3004 1082 νόμιζε
3053 1006 3193 1083 μηδὶ
3241 1009 3309 1065 τὰ
3355 1009 3492 1065 κατᾶ
3522 1012 3580 1065 σὶ
3633 1011 3872 1086 εἰσαγω-

2207 1099 2336 1174 γικὰ
2390 1100 2502 1162 θεῖα
2561 1099 2830 1173 μυστήρια
2881 1098 3016 1154 εἶναι
3075 1099 3192 1155 Θεῶ
3245 1099 3335 1154 καὶ
3382 1105 3499 1162 τοῖς
3551 1098 3721 1154 αὐτοῦ
3772 1100 3871 1176 ἆγ-

2205 1186 2391 1266 γέλοις
2446 1189 2877 1259 ἀνεπισκόπητα.
2933 1187 2998 1244 Τί
3053 1193 3182 1264 γοῦν
3245 1188 3306 1244 οὗ
3358 1190 3739 1264 προστέτηκας
3798 1195 3872 1264 τῇ

2207 1277 2608 1352 εὑηρεστημένῃ
2658 1297 2742 1333 σοι
2803 1275 3054 1350 δουλείᾳ,
3109 1277 3201 1332 καὶ
3259 1277 3586 1353 προσμένεις
3642 1282 3727 1351 τῷ
3777 1277 3873 1334 δε-

2207 1365 2377 1440 σπότῃ
2437 1367 2686 1439 μονάζων
2723 1410 2738 1435 ,
2798 1365 2942 1422 ἀλλᾶ
2997 1365 3316 1442 ἇφηνιάζεις
3376 1385 3391 1437 ;
3453 1367 3552 1424 Καὶ
3613 1368 3691 1427 ὡς
3751 1371 3876 1423 οἷον

2207 1454 2576 1528 ἐκλαθόμενος
2635 1452 2832 1520 δοῦλος
2883 1455 3019 1511 εἶναι
3060 1499 3075 1524 ,
3133 1455 3346 1528 τολμᾷς
3420 1451 3721 1531 ῥέμϐεσθαι
3778 1457 3875 1512 καὶ

2206 1543 2536 1616 πλάξεσθαι;
2567 1545 2662 1601 Ἐκ
2708 1543 2950 1600 πλούτου
3004 1543 3157 1614 ἥκεις
3212 1543 3299 1599 ἰπὶ
3357 1545 3460 1615 τὴν
3522 1546 3725 1618 μονήν
3777 1548 3875 1600 καὶ

2205 1639 2388 1710 χαῖρε,
2441 1633 2524 1688 ὅτι
2572 1630 2836 1704 δεσπότην
2889 1633 3036 1708 εὗρες
3101 1632 3503 1706 ὑπέρπλουτον,
3555 1635 3613 1696 ὃς
3646 1633 3699 1689 ἐν
3749 1640 3876 1699 τοῖς

2206 1721 2371 1776 αὐτοῦ
2421 1721 2869 1792 ἀποκαταστήσας
2919 1721 3010 1776 καὶ
3061 1722 3138 1794 σε,
3173 1722 3276 1777 οὐκ
3328 1721 3406 1784 εἰς
3434 1723 3496 1778 τὸ
3537 1725 3737 1798 πρώην
3769 1745 3875 1780 κα-

447 1829 527 1868 nu
561 1813 770 1880 trahet,
800 1829 903 1868 nec
933 1814 1005 1868 ad
1038 1813 1466 1886 qualecunque,
1501 1815 1598 1869 sed
1635 1814 1705 1870 ad
1739 1813 1933 1870 simile
1978 1813 2094 1868 sui.

2208 1809 2475 1881 ταδέξεται
2523 1809 2760 1866 πλοῦτον
2814 1809 3165 1886 ἐπαναγαγεῖν
3230 1831 3290 1864 σε
3342 1812 3433 1867 τὸν
3493 1812 3818 1886 περιπέζιον
3855 1859 3872 1886 ,

2217 1895 2742 1912 ,κυεην
3105 1898 3265 1912 ω.

448 1901 529 1956 Ex
559 1903 915 1974 pauperibus
961 1919 1233 1974 egressus
1283 1919 1385 1958 es:
1446 1905 1636 1973 gaude
1694 1903 1945 1975 pariter:
1980 1919 2096 1957 non

2208 1897 2332 1954 ἀλλ’
2404 1897 2480 1960 είς
2559 1895 2785 1975 βασιλέα
2855 1898 3265 1974 προχειρίζεταί
3329 1920 3386 1954 σε
3419 1920 3433 1932 ·
3493 1902 3585 1955 καὶ
3647 1901 3714 1956 οὗ
3774 1903 3871 1957 τὸν

447 1990 605 2046 enim
637 1995 692 2045 te
725 2007 1038 2062 pauperem
1085 2007 1214 2047 esse
1259 1990 1411 2046 sinet
1443 1991 1560 2046 Rex
1609 2007 1836 2063 regum,
1869 1992 1970 2046 sed
2005 2007 2096 2046 rc-

444 2077 574 2151 gias
605 2078 835 2134 divitias
865 2078 1140 2151 colligere
1184 2078 1376 2144 faciet,
1425 2078 1473 2133 si
1507 2081 1680 2134 modo
1729 2079 2096 2135 mansionem

444 2167 598 2240 apud
631 2183 765 2223 eum
800 2167 1025 2223 feceris.
1082 2167 1321 2238 Ignotus
1370 2167 1692 2223 advenisti!
1746 2173 1800 2223 te
1830 2167 2094 2222 illustra-

444 2255 546 2312 bit.
581 2255 870 2312 Illustris:
935 2255 1310 2311 illustriorem
1365 2256 1586 2311 reddet.
1646 2256 1867 2327 Magna:
1901 2260 2094 2326 partes

425 2349 579 2412 tum,
612 2361 644 2401 ο
706 2345 1012 2415 monacho,
1047 2361 1180 2400 ecce
1235 2345 1385 2401 enim
1441 2345 1498 2399 in
1559 2346 1823 2400 ordinem
1866 2344 2092 2416 regium

443 2435 705 2491 adscitus
735 2450 816 2490 es.
851 2433 945 2488 Vss
973 2438 1167 2490 autem
1202 2433 1284 2489 illi
1317 2435 1416 2504 qui
1451 2439 1506 2489 te
1556 2435 1694 2489 inde
1723 2433 2011 2506 deprimet
2039 2437 2096 2489 et

445 2523 647 2594 rapiet.
682 2522 820 2590 Quis
853 2523 960 2578 erit
1011 2523 1144 2589 iste,
1195 2523 1306 2578 nisi
1366 2523 1640 2594 princeps
1695 2522 2090 2590 tenebrarum,

445 2614 716 2680 Satanas,
745 2613 792 2668 si
827 2613 942 2669 Deo
975 2613 1218 2668 ﬁrmiter
1247 2630 1361 2668 non
1391 2613 1652 2668 adhaeres
1674 2611 1701 2667 7

2206 1987 2418 2056 ἁπλῶς,
2476 1984 2624 2042 ἀλλὰ
2678 1987 2770 2042 τὸν
2821 1988 2939 2042 κατ’
2995 1987 3156 2042 αὐτόν
3188 2029 3206 2045 .
3269 1987 3422 2045 Ἀλλ’
3500 1989 3562 2044 lx
3611 1992 3872 2061 πενήτων

2203 2073 2536 2150 προσῆλθες·
2595 2076 2681 2130 καὶ
2738 2081 2902 2151 χαῖρε
2955 2075 3046 2130 καὶ
3102 2075 3310 2138 οὕτως.
3364 2076 3442 2134 Οὐ
3501 2077 3603 2154 γὰρ
3662 2079 3869 2151 ἀφήσει

2202 2164 2425 2241 πτωχόν
2477 2185 2534 2219 σε
2583 2163 2717 2219 εἶναι
2748 2166 2775 2219 ὁ
2807 2159 3206 2237 παμϐασιλεὺς,
3251 2165 3398 2222 ἀλλὰ
3445 2166 3537 2222 καὶ
3594 2164 3876 2243 προσϐιά-

2204 2273 2350 2308 σεται
2405 2251 2704 2328 βασιλικῶς
2756 2253 3110 2323 πλουτῆσαι,
3161 2255 3206 2309 εἰ
3259 2259 3437 2316 ποιεῖς
3498 2257 3678 2329 μονὴν
3739 2260 3871 2331 παρ’

2203 2342 2367 2413 αὐτῷ.
2419 2340 2734 2416 Προσῆλθες
2781 2338 2987 2412 ἄδοξοςι⁸
3039 2341 3130 2396 καὶ
3183 2339 3394 2414 δοξάσει
3455 2365 3532 2399 σε.
3569 2344 3732 2400 Ἀλλ’
3779 2344 3875 2400 ἔν-

2204 2427 2375 2501 δοξος’
2420 2431 2510 2485 καὶ
2561 2427 2908 2506 ὑπερδοξάσει
2959 2450 3036 2486 σε.
3070 2432 3223 2508 Μέγα
3265 2432 3355 2484 καὶ
3386 2432 3448 2486 τὸ
3493 2433 3585 2487 σὸν
3618 2434 3872 2507 ἀξίωμα,

2203 2520 2248 2574 ὦ
2304 2518 2644 2596 είσαγωγικέ.
2705 2517 2847 2589 Ἤδη
2907 2518 3008 2596 γὰρ
3066 2519 3144 2582 εἰς
3199 2518 3489 2596 βασιλικήν
3553 2521 3868 2600 ἐνεγράφης

2204 2608 2516 2684 ὑποταγήν.
2580 2608 2676 2664 Καὶ
2729 2609 2910 2664 τοίνυν
2970 2607 3092 2664 οὐαὶ
3145 2613 3226 2681 τῷ
3283 2608 3485 2674 έκεῖθεν
3547 2610 3873 2668 ἀποσπασοο

451 2699 598 2775 μένῳ
627 2701 715 2756 καὶ
750 2699 1006 2771 ἀπάξοντί
1037 2720 1114 2758 σε.
1139 2699 1238 2762 Τίς
1272 2698 1329 2756 δὶ
1356 2705 1604 2763 τοιοῦτος
1637 2693 1804 2770 ἔσται,
1837 2699 1919 2755 δτι
1957 2700 2032 2772 μὴ
2070 2696 2236 2772 μόνος
2268 2700 2295 2753 ὁ
2324 2701 2422 2754 τοῦ
2447 2695 2670 2760 σκότους
2693 2695 2904 2774 ἄρχων,
2937 2699 2966 2754 ό
2999 2703 3262 2763 Σατανᾶς,
3289 2699 3335 2753 εί
3369 2699 3446 2772 μὴ
3479 2698 3764 2776 ἐγκρατῶς
3795 2707 3878 2774 τῷ

447 2793 565 2862 Θεῷ
594 2790 964 2864 προστέτηκας
1001 2808 1014 2859 ;

524 2880 643 2937 171.
678 2879 750 2935 Ut
789 2896 1108 2951 cognoscas
1157 2884 1353 2935 autem
1401 2880 1766 2936 mundanum
1819 2879 1941 2936 ﬁeri
1965 2879 2092 2949 jam

2281 2882 2410 2950 ροα’.
2465 2878 2581 2932 Ἵνα
2637 2873 2694 2930 δὲ
2746 2879 2910 2952 γνῷς,
2961 2873 3048 2937 ,ὠς
3105 2873 3284 2930 οὐκέτι
3328 2872 3439 2931 ἔστι
3494 2880 3593 2932 τοῦ
3652 2876 3874 2952 κόσμου

450 2983 567 3023 non
604 2982 774 3039 posse
807 2967 1102 3022 hominem
1152 2967 1238 3022 tui
1297 2968 1571 3038 similem,
1630 2974 1899 3025 sanctum
1929 2972 2096 3023 tunm

452 3056 699 3128 pallium
731 3061 894 3112 tenta
925 3057 1234 3128 deponere,
1267 3059 1660 3130 operibusque
1691 3059 1882 3114 disces
1913 3056 2101 3112 millia

447 3148 770 3200 tentantem
789 3149 846 3199 te
864 3161 977 3200 non
994 3161 1166 3217 posse
1178 3147 1504 3201 secundum
1525 3145 1680 3218 leges
1698 3146 1916 3200 mundo
1934 3144 2099 3200 resti-

449 3233 557 3290 tui.
590 3234 714 3290 Non
747 3237 833 3290 est
890 3234 1046 3290 enim
1105 3233 1404 3307 possibile,
1457 3239 1521 3290 ut
1567 3235 1617 3290 is
1677 3234 1777 3307 qui
1827 3235 1983 3293 sicut
2008 3237 2094 3304 tu,

448 3321 566 3377 Deo
601 3322 834 3378 deditus
867 3327 975 3389 est,
1009 3326 1339 3394 apostatare
1371 3323 1602 3390 audeat,
1652 3323 1768 3379 nisi
1796 3341 1931 3380 cum
1963 3340 2099 3378 ana-

442 3409 724 3466 themate.
750 3411 1094 3484 Magistrum
1118 3428 1251 3482 ergo
1274 3411 1558 3483 relinque,
1591 3413 1826 3484 quando
1859 3417 2099 3484 peccata

443 3498 504 3553 in
537 3498 860 3554 ludibrium
911 3501 1102 3556 vertit.
1153 3499 1278 3555 Non
1329 3500 1485 3556 enim
1540 3502 1908 3574 conscriptus
1940 3518 2003 3558 es
2034 3504 2099 3556 ut

446 3605 658 3645 servus
691 3589 874 3659 illius,
908 3591 1006 3646 sed
1044 3591 1221 3645 frater
1249 3594 1307 3646 et
1337 3606 1674 3657 conservus,
1707 3592 1895 3661 magis
1919 3591 2096 3648 etiam

445 3677 791 3749 discipulus.
846 3683 911 3734 Et
973 3679 1171 3735 nullus
1231 3679 1582 3750 discipulus,
1642 3681 1741 3752 qui
1799 3681 2094 3737 Christum

448 3767 609 3822 novit
641 3767 924 3838 magistro
957 3769 1255 3824 contraria
1285 3768 1558 3824 sentienti
1581 3769 1798 3824 obedit.
1832 3770 1945 3826 Nec
1975 3788 2097 3826 ser-

443 3871 552 3910 vus
583 3855 780 3927 optimi
815 3856 1062 3924 domini,
1093 3855 1219 3928 ipse
1268 3872 1384 3911 non
1435 3873 1740 3927 perversus
1771 3859 1924 3913 cedit
1955 3875 2096 3914 con-

447 3960 612 4000 servo
645 3961 751 3999 suo
787 3945 1061 4000 suadenti
1094 3962 1161 4000 ea
1192 3945 1405 4016 quibus
1433 3945 1609 4001 herus
1639 3946 1882 4002 tristitia
1912 3948 2098 4004 afﬁce-

447 4037 626 4088 retur.
661 4034 729 4087 Et
783 4033 962 4089 frater
1017 4033 1254 4105 sapiens
1306 4033 1547 4089 minime
1585 4035 1945 4107 judicandus
1990 4037 2100 4094 erit

449 4121 548 4193 qui
584 4121 820 4178 fratrem
845 4123 1120 4178 insanum
1145 4127 1344 4178 contra
1367 4128 1589 4196 patrem
1612 4141 1986 4182 communem
2010 4144 2099 4183 ex-

447 4209 724 4265 citantem
755 4227 869 4266 non
919 4210 1352 4267 auscultaverit.
1403 4211 1498 4266 Sic
1534 4217 1591 4268 et
1642 4216 1706 4267 tu
1740 4215 2014 4282 novitius,
2046 4216 2096 4272 si

447 4303 679 4354 Patrem
712 4303 977 4356 nostrum
1010 4301 1112 4372 qui
1143 4304 1232 4356 est
1268 4299 1327 4355 in
1379 4300 1538 4357 cmlis
1570 4318 1754 4373 amas,
1805 4305 1853 4360 si
1875 4306 2099 4376 jucun-

447 4388 584 4443 dam
615 4389 957 4446 servitutem
1009 4407 1124 4445 non
1179 4389 1468 4458 mentiris,
1522 4393 1772 4448 maxime
1810 4395 1860 4449 si
1913 4395 2095 4467 magi-

447 4481 568 4533 stro
601 4482 856 4533 mentem
883 4479 1152 4550 apponis,
1178 4477 1314 4533 audi
1337 4477 1683 4550 magistrum
1718 4484 2099 4554 rectajaben-

447 4568 568 4622 tem
601 4565 756 4623 sicut
792 4582 994 4622 servus
1028 4567 1240 4633 bonus,
1275 4567 1427 4623 sicut
1456 4569 1720 4637 ejusdem
1764 4571 1986 4627 domini
2020 4573 2102 4630 fa-

451 4653 672 4722 mulus,
706 4655 861 4712 sicut
891 4657 1090 4712 mitem
1125 4663 1351 4729 patrem
1385 4655 1656 4727 diligens.
1693 4659 1852 4724 Quod
1904 4662 1953 4716 si
1987 4667 2042 4718 te
2071 4680 2105 4718 a

449 4744 651 4799 dextra
680 4746 938 4815 deducit,
971 4752 1028 4801 et
1058 4745 1298 4800 adducit
1327 4745 1400 4799 ad
1434 4743 1738 4802 sinistram
1762 4746 1820 4802 in
1844 4748 2106 4821 viamju-

449 4833 558 4889 stis
588 4833 1137 4904 ignotam,subsiste
1164 4852 1177 4901 ;
1204 4839 1410 4889 etcum
1445 4835 1767 4890 reverentia
1789 4841 1843 4892 et
1873 4837 2108 4896 liberta-

448 4924 507 4978 te
537 4922 917 4995 loquere,ista
947 4923 1698 4994 libertate,inquam,quam
1728 4942 1897 4982 nemo
1918 4928 2106 5000 repel-

449 5009 538 5065 lit.
571 5010 844 5079 Obsecra,
865 5017 922 5068 et
952 5029 1192 5068 causam
1217 5012 1466 5068 defende
1495 5011 1896 5083 spiritualiter.
1920 5017 2105 5074 Tuam

451 5099 945 5171 libertatem,tuas
966 5100 1706 5170 obsecrationes.justuum
1731 5105 2104 5181 reverebitur.

452 5188 512 5244 Si
542 5188 752 5244 dixerit
782 5193 838 5244 te
885 5189 1044 5262 loqui
1096 5190 1275 5246 libere
1324 5203 1454 5244 esse
1499 5187 1981 5261 inopportunum,
2017 5211 2106 5252 re-

451 5279 676 5351 sponde
695 5278 870 5336 aliam
893 5297 1021 5336 esse
1041 5279 1368 5335 libertatem
1395 5276 1488 5331 cui
1513 5292 1764 5349 magnus
1784 5284 2107 5342 monachus

449 5374 826 5425 consecratus
859 5369 1236 5435 renuntiavit,
1271 5372 1334 5422 ut
1365 5370 1536 5422 antea
1575 5370 1665 5422 est
1691 5373 2016 5440 ostensum,
2050 5379 2109 5431 et

452 5457 630 5513 aliam
662 5461 823 5513 tuam
854 5475 991 5531 ergo
1039 5474 1195 5514 eum.
1248 5456 1352 5511 Illa
1383 5455 1537 5510 enim
1573 5456 1829 5512 audaciaa
1875 5459 2106 5518 irratio-

451 5543 603 5602 nalis
632 5545 919 5602 indicium
951 5550 1061 5618 est,
1113 5545 1238 5602 haec
1281 5548 1480 5600 autem
1510 5543 1582 5599 ad
1638 5544 1861 5601 malum
1892 5565 2107 5621 praeca-

527 5651 571 5686 ⁸³
600 5651 752 5708 Psal.
789 5669 883 5724 xv,
912 5653 1002 5712 40.

2205 2961 2490 3040 ἄνθρωπον
2543 2964 2675 3019 εἶναι
2726 2961 2850 3020 οὐδὲ
2895 2964 2986 3020 τὸν
3037 2965 3175 3019 κατὰ
3226 2964 3305 3032 σὲ,
3354 2964 3642 3039 πειράθητι
3698 2967 3873 3023 ἀπεκ-

2208 3050 2463 3118 δὺσασθαι
2511 3054 2574 3109 τὸ
2623 3054 2766 3127 ἱερὸν
2818 3053 2869 3109 ἐν
2929 3054 3014 3109 σοὶ
3067 3051 3299 3132 ἄμφιον·
3356 3054 3448 3108 καὶ
3499 3054 3678 3129 μάθῃς
3719 3053 3786 3110 ἂν
3819 3056 3876 3128 ἐξ

2207 3140 2382 3196 αὐτῶν
2435 3138 2630 3218 ἔργων,
2679 3140 2761 3197 ὅτι
2821 3139 2945 3197 οὐδὲ
3004 3141 3169 3214 μυρία
3205 3139 3524 3211 σπουδάζων
3577 3141 3872 3215 ἀποδοθῆ-

2205 3251 2291 3286 ναι
2339 3235 2418 3303 τῷ
2462 3230 2657 3305 κόσμῳ
2712 3233 2848 3287 κατὰ
2903 3231 3104 3287 κανόνα
3151 3228 3394 3287 δύνασαι.
3429 3230 3508 3290 Οὐ
3559 3231 3664 3308 γὰρ
3699 3229 3872 3307 ἔστιν,

2207 3317 2306 3374 οὐκ
2334 3316 2444 3375 ἔστι
2475 3320 2565 3375 τὸν
2617 3318 3022 3394 ἀνατεθειμένον
3069 3323 3150 3392 τῷ
3202 3323 3319 3391 Θεῷ
3360 3319 3498 3374 κατᾶ
3538 3321 3597 3374 σὶ
3629 3320 3878 3378 ἀποστα-

2207 3407 2321 3463 σίαν
2381 3407 2708 3482 τολμῆσαι,
2768 3407 2850 3466 ὅτι
2928 3410 3004 3483 μὴ
3066 3408 3204 3482 μετά
3254 3408 3586 3480 ἀναθέματος
3623 3451 3638 3465 .
3700 3416 3878 3487 ’Ἄφες

2203 3496 2380 3552 τοίνυν
2438 3497 2530 3552 τὸν
2591 3496 2920 3574 ἡγούμενον,
2982 3495 3072 3553 ὅτε
3129 3517 3215 3551 σοι
3273 3497 3340 3550 τὰ
3393 3497 3533 3572 πρὸς
3592 3498 3874 3573 ἁμαρτίαν

2203 3585 2442 3656 κοσμικά
2474 3583 2814 3640 ἐπιτέλλεται
2866 3583 3056 3641 λαλεῖν
3103 3582 3314 3645 ἁπλῶς.
3350 3583 3426 3643 Οὐ
3471 3583 3574 3659 γὰρ
3619 3583 3874 3662 ἐτάχθης

2207 3672 2282 3734 είς
2314 3673 2644 3749 αὐτόχρημα
2685 3671 2885 3729 δοῦλον
2938 3673 3166 3742 ἐκείνου,
3218 3671 3345 3728 ἀλλ’
3376 3673 3453 3735 εἷς
3500 3671 3741 3748 ἀδελφὸν
3774 3675 3873 3730 καὶ

2207 3759 2526 3832 σύνδουλον,
2577 3761 2788 3837 μᾶλλον
2844 3764 2938 3836 μὶν
2999 3761 3089 3818 οὖν
3152 3761 3228 3824 είς
3265 3765 3534 3836 μαθητήν.
3590 3765 3872 3834 Μαθητής

2207 3847 2264 3904 δὲ
2295 3847 2497 3922 οὐδεὶς,
2545 3853 2772 3927 Χριστὸν
2823 3849 3007 3921 εἰδὼς,
3063 3850 3491 3927 ἀλλοτριόφρονι
3548 3849 3875 3927 διδασκάλῳ

2205 3939 2468 4004 πείθεται.
2502 3938 2643 3998 Οὗδὶ
2693 3943 2801 4014 μὴν
2851 3942 3054 4017 ἀγαθοῦ
3103 3939 3364 3996 δεσπότου
3417 3937 3613 4002 δοῦλος
3653 3944 3732 4015 μή
3767 3963 3879 3996 πο-

2205 4029 2371 4104 νηρὸς
2431 4027 2730 4103 ὁμοδούλῳ
2791 4029 2996 4085 ὑπείκει
3056 4029 3397 4085 ἐπιτάσσοντι
3458 4029 3731 4104 πράξεις,
3796 4028 3870 4085 δι’

2207 4119 2280 4173 ὧν
2323 4120 2351 4174 ὁ
2396 4115 2662 4190 δεσπότης
2706 4118 3057 4190 λυπήσεται.
3109 4117 3204 4173 Καὶ
3251 4117 3484 4196 ἀδελφὸς
3537 4116 3594 4173 δὲ
3647 4120 3874 4180 συνετὸς

2208 4204 2290 4277 si'n
2342 4204 2400 4262 ἂν
2478 4208 2686 4285 μακρὰν
2763 4208 3027 4284 κρίματος
3064 4253 3078 4280 ,
3142 4209 3218 4282 μὴ
3297 4205 3588 4263 ὑπακούων
3643 4205 3870 4283 ἀδελ.φῶ

2211 4292 2404 4372 ἄφρονι
2463 4294 2756 4371 έρεθίζοντι
2811 4298 2947 4352 κατὰ
2994 4301 3091 4352 τοῦ
3149 4300 3334 4351 κοινοῦ
3387 4295 3616 4370 πατρός.
3659 4296 3874 4353 Οὐκοῦν

2209 4383 2301 4440 καί
2332 4385 2394 4439 σύ
2440 4386 2466 4438 ὁ
2515 4392 2614 4455 τῆς
2665 4385 2999 4462 εἰσαγωγῆς,
3050 4385 3096 4440 εἰ
3142 4385 3234 4440 τὸν
3284 4382 3338 4439 έν
3398 4384 3660 4456 οὐρανοῖς
3713 4386 3875 4458 ἡμῶν

2211 4474 2422 4549 Πατέρα
2454 4473 2655 4551 φιλεῖς,
2686 4475 2732 4529 εί
2787 4477 2862 4549 μὴ
2912 4472 3085 4550 ψεύδῃ
3134 4476 3233 4544 τὴν
3279 4473 3558 4548 ἀπόνηρον
3593 4471 3871 4545 δουλείαν,

2213 4561 2260 4617 εἴ
2291 4561 2428 4638 πρὸς
2457 4567 2536 4635 τῷ
2592 4563 2830 4640 μεγίστῳ
2879 4560 3192 4637 διδασκάλῳ
3239 4563 3331 4617 τὸν
3383 4565 3507 4616 νοῦν
3562 4556 3738 4638 ἔχεις,
3779 4584 3873 4616 κα-

2210 4651 2471 4720 νονίζοντι
2521 4652 2616 4725 μὶν
2666 4652 2840 4728 ὀρθῶς
2889 4657 2968 4725 τῷ
3016 4653 3423 4728 προηγουμένῳ
3471 4649 3675 4728 ἐφέπου
3709 4696 3725 4722 ,
3776 4652 3873 4707 ὅσα

2213 4739 2303 4795 καὶ
2335 4736 2531 4802 δοῦλος
2586 4741 2802 4816 ἀγαθὸς,
2853 4742 2966 4814 ἅμα
3003 4745 3093 4796 καὶ
3145 4741 3221 4804 ὡς
3275 4740 3379 4796 ὑπὸ
3429 4739 3670 4814 δεσπότῃ
3731 4740 3871 4811 αὐτῷ

2213 4828 2590 4902 ταττόμενος,
2649 4831 2739 4886 καὶ
2797 4831 2872 4893 ὡς
2947 4831 3153 4907 πατέρα
3227 4827 3392 4900 ἤπιον
3460 4831 3867 4906 ὑπεραγαπῶν.

2216 4919 2339 4980 Εἷίτε
2392 4919 2448 4976 δὶ
2486 4928 2586 4991 τῆς
2639 4918 2812 4992 δεξιᾶς
2861 4919 2990 4978 ὁδοῦ
3038 4919 3396 4993 ἀποπλανῶν,
3428 4914 3789 4996 προσϐιϐάζει
3820 4939 3871 4974 σε

2216 5011 2292 5073 εἷς
2343 5009 2716 5086 ἐπαρίστερον,
2768 5011 2858 5066 καὶ
2904 5016 3022 5073 τοῖς
3070 5011 3205 5084 ὀρθὰ
3253 5012 3541 5089 φρονοῦσιν
3589 5006 3866 5083 ἄτριπτον,

2217 5100 2510 5169 κατάστηθι
2568 5145 2580 5169 ,
2657 5099 3025 5176 παῤῥησίασαι
3111 5100 3224 5173 μετ’
3305 5092 3590 5158 εὐλαϐείας
3623 5115 3638 5130 ⁸
3730 5095 3868 5151 ἀλλὰ

2215 5190 2418 5259 ταύτην
2475 5188 2783 5265 παρῥησίαν
2815 5235 2828 5262 ,
2879 5192 2940 5261 ἣν
3001 5187 3182 5253 οὐδεὶς
3240 5189 3594 5263 ἀπαρνεῖται.
3649 5187 3868 5244 Ἱκέτευ-

2217 5303 2332 5348 σον,
2367 5279 2820 5357 δικαιολογήθητι
2878 5285 3280 5357 πνευματικῶς.
3336 5276 3619 5336 Δίδέσεταί
3680 5299 3775 5332 σου
3830 5276 3862 5345 ἢ

2217 5371 2278 5426 τὸ
2307 5369 2792 5446 παρρησιαστικὸν,
2833 5370 2870 5441 ἢ
2901 5373 2963 5428 τὸ
3015 5371 3242 5439 ἱκέσιον,
3272 5369 3309 5439 ἢ
3341 5368 3402 5423 τὸ
3436 5363 3859 5442 δικαιολόγημα.

2218 5459 2342 5516 Ἐὰν
2403 5456 2459 5513 δὲ
2515 5456 2642 5533 εἷ’πῃ
2705 5461 2780 5533 μὴ
2841 5468 3047 5538 χρῆναι
3099 5456 3560 5536 παρρησιάζεσθαι
3614 5475 3695 5524 σε,
3747 5455 3859 5508 εἰνα-

2220 5547 2430 5622 δίδαξον
2479 5548 2706 5628 ἐκεῖνον,
2759 5551 2833 5615 ὡς
2881 5549 3056 5625 ἄλλη,
3085 5552 3179 5626 μὲν
3229 5551 3265 5621 ἡ
3316 5544 3610 5625 παρρησία,
3656 5546 3722 5616 ἦν
3769 5543 3859 5599 αὗ-
