4104 6210
238 316 362 378 8Ἰ8

1255 313 1361 375 DE
1402 311 1894 374 EMENDANDA
1934 311 2124 374 VITA
2165 310 2660 374 MONACHICA.

3537 309 3659 373 874

232 452 329 516 τὸς
376 446 829 525 μεγαλοσχήμων
908 447 1042 502 εἶναι
1124 444 1314 522 λαχὼν
1385 444 1674 514 ἀπείπατο,
1753 442 1891 509 καθᾶ

2026 446 2251 502 ’θηάυαι
2281 445 2570 503 hortatur.
2602 446 2660 502 Si
2691 445 2790 502 ille
2829 449 2887 501 te
2915 447 3095 500 terret
3121 443 3337 500 iterum
3395 444 3596 501 dicens
3631 459 3651 504 :

231 535 675 614 προδεδήλωται·
738 533 885 606 ἄλλη
943 531 1002 590 δὲ
1031 536 1066 605 ἠ
1098 538 1188 590 νῦν
1223 534 1328 590 ἀπὸ
1357 537 1453 588 σοῦ
1494 533 1632 609 πρὸς
1665 532 1892 590 ἐκεῖνον.

235 626 450 694 Ἐκείνη
525 625 620 700 μὶν
686 624 788 700 γὰρ
861 623 1071 697 τόλμαν
1142 622 1241 680 οὐκ
1309 621 1545 698 ἔλΛογον
1603 621 1892 700 ἐξέφαινεν,

236 716 374 787 αὕτη
435 713 492 770 δὲ
545 715 621 776 εἷς
685 711 929 770 ἔκκλισιν
983 712 1232 768 ἀπονεύει
1289 715 1478 770 κακοῦ.
1533 712 1654 767 Ἐὰν
1714 709 1772 766 δὲ
1830 709 1895 766 αὖ

239 805 409 860 πάλιν
441 799 649 883 έκφοϐῇ
707 802 935 870 ἐκεῖνος,
993 801 1276 877 ἐπαγαγὼν
1330 800 1412 855 τό·
1476 824 1505 852 ‹‹
1558 798 1683 864 Υἱὸς
1732 800 1896 875 πατρὶ

244 893 432 950 δίκαια
462 892 634 968 λέγων
665 889 924 960 τεθνάτω,
970 913 998 943 ››
1031 889 1234 954 ἐθέλων
1292 887 1627 965 πατραλοίαν
1687 889 1896 952 ἀποκα-

245 987 430 1054 θιστᾷν
483 983 576 1036 τὸν
625 978 797 1042 οὕτως
851 979 997 1051 αὐτῷ
1053 978 1454 1050 ἀντιτείνοντα,
1512 973 1664 1034 ἔασον
1723 999 1899 1054 παρα-

243 1071 440 1129 λαλείν
499 1071 572 1132 ὡς
625 1069 821 1143 μηκέτι
854 1069 1120 1146 φρενήρη,
1159 1065 1306 1123 ἀλλὰ
1353 1068 1742 1142 παρανοοῦντα,
1787 1068 1816 1122 ’ὸ
1845 1065 1899 1122 τί

246 1161 386 1216 ποτέ
441 1159 602 1227 ἔστιν,
659 1157 688 1213 ὃ
746 1155 913 1231 λέγει.
973 1154 1108 1211 Οὔτε
1159 1157 1260 1231 γὰρ
1317 1160 1565 1220 τοιοῦτος
1594 1158 1772 1232 πατὴρ
1800 1156 1901 1212 αύ-

245 1251 363 1318 τὸς,
398 1250 443 1322 ᾧ
498 1248 576 1321 μὴ
635 1244 830 1318 ἔξεστιν
864 1247 1013 1308 ὅλως
1066 1245 1184 1300 υἱὸν
1214 1242 1531 1322 ἀντιλέγειν·
1566 1243 1690 1301 οὔτε
1733 1247 1784 1301 οἱ
1815 1244 1901 1301 σοὶ

248 1338 409 1416 λόγοι
437 1337 576 1392 κατὰ
603 1336 701 1398 τὰς
729 1335 868 1411 πρὸς
903 1335 1110 1410 πατέρα
1159 1332 1360 1390 ἰκεῖνον
1415 1331 1726 1411 ἀντιλογίας
1775 1333 1899 1391 εἶσί.

250 1429 350 1484 Καὶ
407 1424 535 1483 οὐδὲ
593 1427 622 1480 6
684 1425 936 1502 μέγιστος
992 1425 1178 1498 Πατὴρ
1239 1422 1387 1479 ὀκνεῖ
1443 1422 1740 1480 ἐπιτάσσων
1798 1445 1903 1479 πα-

249 1516 500 1593 ραίτησιν
556 1514 790 1583 ἀκούειν,
846 1512 971 1569 οὐδὲ
1028 1518 1269 1582 θανατοῖ,
1329 1510 1458 1569 οὐδὲ
1506 1514 1614 1586 μὴν
1673 1515 1907 1579 ἀπωθεῖ-

247 1625 359 1661 ναι·
415 1603 562 1662 ἀλλὰ
608 1603 778 1667 πείθει
829 1603 964 1677 πρὸς
1015 1602 1258 1672 ὑπακοὴν
1302 1603 1394 1657 τὸν
1446 1602 1901 1676 παραιτούμενον·

245 1697 338 1752 καὶ
399 1698 588 1762 ταῦτα,
650 1689 792 1767 μηδὲ
846 1691 1058 1747 ἀκούων
1093 1691 1143 1762 ἐξ
1174 1689 1379 1747 ἐκείνου
1432 1688 1632 1749 δίκαια.
1673 1693 1766 1762 Μὴ
1797 1692 1909 1748 τοί-

2004 558 2034 587 α
2068 535 2249 591 Filius
2285 537 2385 608 qui
2433 552 2568 591 cum
2617 539 2782 608 patre
2838 533 3137 591 contendit
3192 532 3476 588 moriatur
3526 534 3572 569 ³⁸
3626 555 3657 587 δι

2001 623 2200 680 volens
2231 629 2297 679 ut
2329 625 2678 696 parricidam
2711 625 3014 680 traducere
3057 639 3190 678 eum
3218 622 3317 694 qui
3362 621 3475 677 sibi
3505 622 3650 678 resi-

2004 714 2365 782 stit,dimitte
2387 714 2722 785 loquentem
2749 713 3094 768 insanorum
3118 727 3412 781 more,nec
3437 711 3658 768 intelli-

2004 807 2236 874 gentem
2269 803 2403 872 quid
2437 806 2524 858 est
2545 803 2699 875 quod
2731 802 2889 858 dicit.
2919 802 3045 857 Non
3068 801 3224 856 enim
3255 801 3366 857 iste
3397 805 3661 872 paterest

2006 893 2097 947 cui
2122 891 2517 947 contradicere
2530 890 2714 946 ﬁlium
2732 908 2843 946 non
2867 891 3218 962 licet,neque
3241 906 3545 945 sermones
3566 889 3656 944 tui

2005 980 2409 1037 contentiones
2430 984 2570 1036 sunt
2590 981 2869 1036 adversus
2898 979 3056 1035 hunc
3086 983 3331 1052 patrem.
3382 979 3494 1034 Sed
3554 995 3662 1036 nec

2011 1071 2174 1126 Pater
2196 1069 2487 1124 maximus
2519 1087 2652 1124 cum
2681 1069 2958 1141 praecipit,
2995 1069 3188 1124 renuit
3217 1069 3420 1124 audire
3450 1067 3656 1140 depre-

2008 1161 2285 1228 cationes,
2308 1177 2410 1215 nec
2442 1165 2626 1216 morte
2655 1161 3041 1226 damnat,non
3075 1159 3430 1231 repellit,sed
3452 1161 3661 1232 depre-

2009 1255 2238 1305 cantem
2254 1250 2523 1304 hortatur
2534 1250 2605 1304 ad
2618 1248 3219 1316 obodiendum,idque
3233 1248 3410 1303 etiam
3424 1249 3658 1318 quando

2009 1338 2231 1408 injusta
2255 1337 2498 1392 audivit.
2551 1337 2674 1393 Noli
2724 1353 2860 1409 ergo
2916 1336 3173 1405 obedire,
3225 1352 3331 1391 nec
3376 1336 3664 1393 violenter

2010 1427 2210 1482 induci
2242 1427 2312 1482 ad
2345 1443 2522 1499 prava
2545 1444 2757 1499 opera;
2795 1425 2974 1482 libere
3005 1429 3203 1482 autem
3235 1428 3292 1482 et
3331 1439 3465 1482 vere
3521 1425 3670 1482 indi-

2013 1517 2273 1588 gnare.Si
2308 1519 2470 1587 pater
2501 1533 2703 1572 rursus
2743 1513 3240 1578 iustiterit,exibis
3273 1515 3344 1570 ab
3372 1531 3461 1586 eo,
3514 1513 3668 1572 sicut

2015 1607 2088 1661 ab
2117 1605 2270 1677 igne,
2297 1611 2352 1661 et
2406 1607 2749 1675 ejectionem
2807 1604 3042 1660 vitabis.
3098 1605 3168 1659 Et
3216 1620 3348 1659 cum
3381 1602 3485 1660 tali
3514 1603 3668 1675 patri

2017 1695 2322 1763 restiteris,
2349 1699 2406 1749 et
2442 1699 2497 1749 te
2528 1695 2598 1749 ab
2624 1710 2688 1750 eo
2719 1692 3084 1766 elongaveris
3120 1693 3363 1748 insania
3395 1709 3512 1760 reo,
3588 1693 3674 1751 sis

246 1805 342 1838 νυν
407 1782 662 1850 ὑπάκουε,
715 1779 943 1859 φαύλοις
997 1775 1431 1855 έμϐιϐαζόμενο·
1477 1775 1655 1857 ἔργοις
1691 1823 1706 1848 ,
1760 1779 1910 1837 ἀλλὰ

2026 1784 2174 1839 filius
2204 1783 2377 1855 primi
2408 1789 2465 1839 et
2496 1783 2679 1840 solius
2711 1787 2842 1839 ante
2890 1789 3123 1839 caeteros
3175 1783 3444 1851 Patris,et
3499 1799 3674 1854 spera

250 1832 1412 1948 ai..,;;z;.;;'i.’.;a:;...;..1.:me;
1457 1832 1528 1926 si
1551 1832 1909 1926 ’ὲξεὶσέξι””ξ

2026 1873 2076 1928 in
2101 1832 2258 1929 eum.
2292 1874 2360 1928 Et
2385 1874 2510 1945 ipse
2540 1873 2838 1943 adjuvabit
2867 1877 2943 1939 te,
2979 1871 3073 1927 cui
3105 1876 3160 1927 te
3188 1873 3259 1927 ab
3291 1832 3459 1927 initio
3491 1832 3671 1927 obtu-

249 1961 439 2035 πατὴρ
500 1956 753 2036 ἔγκειται,
837 1955 1199 2029 ἀποπήδησον
1279 1957 1329 2031 ἐξ
1405 1956 1610 2013 ἐκείνου
1671 1958 1745 2022 ὡς
1804 1957 1909 2014 ἀπὸ

250 2050 451 2127 πυρὸς,
504 2049 706 2127 φθάσας
749 2049 852 2119 την
900 2047 1256 2124 ἀποκήρυξιν,
1307 2046 1412 2104 Καὶ
1465 2047 1762 2111 ἐπαναστὰς
1807 2069 1911 2103 πα-

249 2141 339 2216 τρὶ
390 2138 646 2211 τοιούτῳ,
696 2137 786 2193 καὶ
839 2138 1206 2211 ἀπειπάμενος
1237 2136 1418 2206 αὐτὸν,
1469 2137 1543 2199 ὡς
1577 2137 1621 2192 εἶ
1671 2137 1760 2192 καὶ
1811 2156 1913 2192 πα-

248 2227 476 2304 ρανοίας
507 2226 682 2299 ἑάλω,
722 2231 880 2302 γενοῦ
928 2230 1024 2281 τοῦ
1073 2225 1278 2300 πρώτω
1312 2226 1399 2280 καὶ
1457 2227 1625 2299 μόνου
1672 2225 1763 2281 καὶ
1808 2227 1915 2301 πρὸ

246 2319 474 2373 πάντων
533 2315 766 2392 Πατρὸς,
818 2315 908 2371 καὶ
958 2311 1183 2370 ἔλπισον
1240 2312 1324 2370 ἐπ’
1380 2313 1564 2370 αὐτόν.
1593 2316 1696 2373 Καὶ
1755 2315 1916 2378 αὐτὸς

243 2407 516 2478 ποιήσει·
577 2405 622 2478 ᾦ
678 2403 770 2460 καὶ
819 2404 919 2472 τὴν
973 2401 1154 2479 ἀρχὴν
1213 2405 1596 2480 προσήνεγκας
1655 2404 1915 2478 σεαυτὸν,

245 2496 349 2558 τὰς
375 2494 516 2550 κατά
541 2493 751 2568 κόσμον
803 2491 1093 2566 ἐπιθυμίας
1139 2491 1454 2548 ἀπολιπών·
1516 2494 1581 2548 οὗ
1634 2487 1915 2567 σύμϐολον

248 2584 354 2640 καὶ
413 2586 442 2655 ἡ
492 2588 599 2638 τῶν
643 2585 854 2659 τριχῶν
901 2580 1181 2654 ἀπόθεσις,
1231 2583 1520 2657 χρήματος
1581 2579 1767 2644 ἄλλως
1822 2583 1916 2655 μὶν

251 2672 426 2750 ὀλίγα
486 2669 896 2743 συντελοῦντος,
937 2670 1280 2743 ἀπιθυμητοῢ
1325 2667 1383 2726 δὲ
1439 2669 1562 2727 λίαν
1620 2670 1760 2728 πάνυ
1800 2676 1921 2734 τοῖς

2019 1961 2135 2018 listi
2167 1962 2382 2018 relictis
2415 1962 2731 2018 mundanis
2754 1961 3080 2029 desideriis,
3125 1962 3292 2031 cujus
3322 1960 3402 2015 rei
3433 1960 3672 2032 signum

2023 2056 2146 2107 erat
2170 2051 2518 2122 capillorum
2542 2051 2993 2124 depositio,boni
3010 2051 3246 2121 quidem
3269 2050 3339 2104 ad
3355 2066 3541 2121 pauca
3565 2049 3675 2105 uti-

2025 2140 2223 2208 lis,sed
2250 2157 2426 2211 quam
2449 2141 2701 2196 maxime
2715 2139 3028 2196 desiderati
3044 2139 3114 2194 iis
3135 2139 3233 2210 qui
3254 2138 3312 2192 in
3335 2137 3555 2193 mundo
3571 2137 3674 2193 de-

2022 2229 2540 2300 liciantur,quique
2562 2245 2659 2284 eos
2677 2244 2706 2284 e
2737 2228 2926 2301 capite
2947 2228 3286 2283 decidentes
3313 2225 3562 2282 moleste
3577 2242 3675 2299 pa-

2024 2318 2350 2373 tiuntur.Et
2369 2317 2420 2372 si
2440 2334 2538 2373 eos
2568 2318 2824 2389 recipere
2851 2316 3179 2387 contigerit,
3205 2315 3480 2371 laetantur
3500 2314 3673 2387 quasi

2023 2407 2367 2462 thesaurum
2401 2407 2717 2478 quemdam
2745 2406 3135 2462 omnihonore
3156 2405 3404 2476 dignum
3427 2404 3666 2460 invene-

2028 2496 2160 2551 rint.
2193 2495 2379 2551 Verus
2435 2501 2630 2552 autem
2678 2495 3002 2551 monachus
3061 2493 3162 2566 qui
3222 2510 3322 2549 eos
3354 2493 3433 2549 ita
3455 2509 3518 2549 se
3573 2494 3674 2550 ha-

2027 2586 2230 2641 bentes
2286 2586 2570 2654 intuetur,
2649 2585 2718 2640 de
2795 2600 2944 2640 vana
3000 2599 3204 2639 eorum
3292 2582 3495 2640 latitia

2029 2678 2238 2730 statur.

3574 2582 3680 2640 tri-

254 2763 313 2818 έν
385 2763 492 2838 βίῳ
518 2765 784 2839 τρυφῶσι·
820 2757 906 2816 διὸ
934 2760 1024 2816 καὶ
1056 2757 1432 2822 ἀπολιπούσας
1461 2761 1560 2830 τὴν
1612 2763 1856 2839 κεφαλὴν
1888 2759 2091 2824 ἐκείνας
2125 2761 2465 2819 ἐπιποθοῦσι.
2495 2760 2598 2818 Καὶ
2639 2760 2689 2816 εἷ’
2738 2782 2822 2825 τις
2849 2759 2999 2822 αὖθις
3030 2759 3193 2824 αύτᾶς
3221 2759 3512 2837 εύτυχήσει
3545 2760 3680 2816 ἀνα-

256 2847 551 2922 λαϐέσθαι,
583 2849 745 2912 αὐτὸς
775 2850 868 2924 μὶν
897 2849 1102 2925 χαίρει,
1135 2849 1210 2913 ὡς
1239 2847 1285 2904 εί
1315 2848 1406 2904 καὶ
1434 2849 1645 2926 έρμαίῳ
1675 2849 2042 2925 πολυτιμήτω
2072 2851 2382 2927 περιτύχοι·
2443 2851 2686 2926 μοναχὸς
2732 2849 2790 2906 δὶ
2837 2851 2864 2904 ὁ
2915 2849 3116 2926 κυρίως
3158 2847 3306 2925 εἶ’περ
3337 2848 3500 2906 αὐτὸν
3535 2846 3680 2906 οὕτω

257 2937 642 3013 διατιθέμενον
677 2937 848 3014 εὕροι,
912 2938 1180 3016 μέμφεται
1213 2944 1316 3008 τῆς
1350 2937 1426 3000 είς
1462 2940 1636 3011 μάτην
1671 2945 1864 3014 χαρᾶς.

334 3024 474 3106 ροίῗό
507 3028 571 3083 El
632 3028 728 3101 μὶν
793 3025 908 3095 οὖν,
970 3027 1015 3082 ὦ
1069 3028 1167 3095 τῆς
1215 3026 1397 3102 ἀρχῆς
1431 3027 1640 3103 μοναχὲ
1687 3029 1914 3084 καὶτῶν

2099 3032 2223 3088 172.
2262 3031 2319 3085 Si
2342 3030 2540 3104 igitur,
2575 3047 2607 3085 ο
2654 3029 2960 3097 monache,
2997 3030 3097 3102 qui
3148 3028 3359 3102 incipis
3422 3033 3482 3085 et
3527 3045 3682 3085 non-

254 3117 620 3195 προτελείων,
651 3117 768 3172 κατ’
819 3115 945 3192 ἴχνη
1005 3114 1206 3192 βαίνειν
1249 3113 1456 3177 ἐθέλεις
1507 3119 1615 3171 τῶν
1662 3116 1739 3180 εἷς
1787 3119 1916 3174 Θεὸν

257 3206 471 3264 ὁδεύειν
531 3206 904 3282 προθεμένων,
970 3203 1157 3268 καλῶς
1233 3204 1435 3261 ἀπέθου
1485 3207 1586 3275 τήν
1645 3208 1916 3280 κοσμικὴν

249 3297 430 3374 τρίχα
487 3295 567 3351 ἐπ’
622 3296 805 3370 ἁγαθῷ
834 3287 1122 3367 συμϐόλῳ·
1177 3292 1222 3348 εἶ
1269 3291 1326 3349 δὶ
1354 3293 1447 3348 ἀπ’
1486 3293 1652 3365 αὐτῆς
1681 3291 1915 3365 είσόδου,

256 3387 339 3449 ὡς
400 3386 486 3441 οἶα
529 3384 675 3458 παρὰ
726 3383 887 3459 θύραν
937 3381 1087 3452 ἥκων
1135 3379 1489 3458 έπλαγίασας,
1523 3382 1787 3461 ἀφέμενος
1816 3391 1918 3454 τῆς

255 3475 498 3540 εὐθείας,
536 3473 710 3547 μάτην
743 3471 1026 3546 έψιλώθης
1066 3475 1173 3526 τῶν
1223 3475 1457 3547 τριχῶν.
1508 3477 1763 3547 Κρεῖττον
1816 3472 1918 3549 γάρ

257 3586 321 3620 σε
376 3564 656 3640 βαρεῖσθαι
686 3560 905 3624 ταύταις
955 3560 1043 3616 καὶ
1077 3560 1209 3636 ὑπὲρ
1246 3559 1373 3623 τοὺς
1405 3563 1729 3637 χαιτήεντας
1759 3563 1920 3617 ὁποι-

261 3651 478 3724 δήποτε
506 3657 612 3726 γῆς
655 3651 741 3705 καὶ
792 3647 1182 3724 καλλίτριχας,
1238 3648 1328 3704 καὶ
1373 3649 1520 3705 οὕτω
1568 3649 1917 3726 παραφαίνειν

259 3763 318 3797 τι
352 3740 575 3814 σεμνὸν,
628 3737 768 3814 ἤπερ
809 3741 880 3812 τῇ
911 3736 1163 3809 πολιτείᾳ
1215 3738 1310 3810 μὲν
1366 3737 1643 3814 αἰσχύνειν
1670 3741 1771 3808 τὴν
1815 3742 1923 3814 ψυ-

266 3834 406 3909 χήν,
462 3833 532 3903 τῇ
565 3825 622 3884 δὲ
651 3831 760 3882 τῶν
811 3847 1020 3903 τριχων
1071 3825 1320 3882 ἀποθέσει
1367 3829 1466 3898 τήν
1515 3827 1780 3907 κεφαλήν.
1825 3828 1923 3884 Καὶ

267 3923 384 3996 μὴν
459 3920 511 3972 οἱ
576 3917 803 3980 πλείους
866 3921 1232 3993 παρανομεῖτε
1294 3916 1580 3986 κάνταῦθα,
1638 3918 1923 3996 τρέφοντες

266 4009 456 4082 κόμην
489 4007 577 4063 καὶ
636 4006 768 4082 ὑπὲρ
816 4006 911 4068 τὰς
961 4003 1248 4079 κοσμικάς·
1298 4007 1400 4074 τὴν
1431 4006 1609 4082 ἀρχὴν
1646 4008 1739 4080 μὲι
1789 4015 1926 4062 Κου-

269 4097 436 4175 ρῆτές
482 4117 622 4158 τινες
673 4094 1010 4175 φαινόμενοι,
1068 4095 1260 4169 μικρὸν
1324 4093 1381 4150 δὲ
1431 4097 1553 4150 ὅσον
1615 4097 1926 4174 Ἀκαρνᾶνες

267 4181 699 4248 ἀπεκϐαίνοντες
759 4185 811 4239 οἱ
868 4185 986 4239 καθ’
1038 4183 1308 4259 ἱστορίαν·
1370 4183 1459 4239 καὶ
1518 4183 1646 4240 αὐτὸ
1700 4186 1808 4263 ούχ
1855 4188 1931 4252 ὡς

274 4275 450 4351 μέχρι
496 4269 678 4328 ποδῶν
738 4271 950 4351 ἀφεῖναι
998 4271 1325 4348 καθερπύσαι
1368 4271 1463 4334 τὰς
1509 4273 1723 4350 τρίχας.
1778 4275 1807 4330 ’ὁ
1861 4271 1929 4345 δὴ

273 4363 624 4437 πνευματικὴ
697 4360 1089 4440 περιφρόνησις
1169 4359 1348 4435 κόμης
1421 4361 1710 4418 ἀπετέλεσε
1786 4363 1934 4441 παρά

273 4460 397 4515 τοῖς
455 4449 624 4508 πάλαι
683 4448 878 4527 ἁγίοις·
939 4447 993 4504 ο’ί
1051 4447 1406 4522 λασιούμενοι
1464 4456 1584 4514 ταῖς
1631 4452 1825 4529 θριξὶν,
1858 4453 1933 4518 εἰς

277 4542 490 4612 σκέπην
549 4541 661 4595 οἷον
720 4538 883 4600 αὐτὰς
937 4533 1366 4614 περιεϐέϐληντο
1423 4541 1719 4613 σώματος,
1777 4541 1935 4597 αὐτο-

280 4633 396 4707 φυῆ
424 4649 546 4684 τινα
571 4628 784 4705 χιτὼνα
834 4628 1235 4703 τεχνασάμενοι
1281 4631 1498 4697 τοῦτον,
1551 4628 1611 4685 έκ
1666 4635 1774 4686 τῶν
1805 4629 1938 4701 ἅνω,

283 4719 330 4774 εἷ
384 4719 473 4774 καὶ
533 4720 607 4792 μὴ
670 4716 898 4794 ὑφαντὸν
936 4761 950 4786 ,
1006 4714 1150 4771 ἀλλὰ
1205 4721 1400 4779 καινῶς
1458 4719 1678 4774 κάθετον
1738 4719 1813 4782 ὡς
1867 4719 1944 4784 εἷς

282 4805 533 4881 ποδήρη.
591 4806 664 4861 Οὐ
693 4805 872 4860 τοίνυν
919 4805 1056 4860 κατά
1099 4803 1227 4867 τοὺς
1280 4805 1563 4868 τοιούτους
1599 4806 1803 4880 ἀμνοὺς
1849 4812 1945 4863 τοῦ

2029 3123 2169 3177 dum
2201 3125 2572 3178 consecratus
2611 3135 2695 3187 es,
2746 3119 3010 3193 vestigiis
3058 3118 3561 3192 progredientium
3610 3117 3683 3175 ad

2029 3212 2211 3266 Deum
2245 3211 2515 3266 insistere
2545 3214 2733 3281 Optas,
2767 3215 2919 3264 recte
2940 3209 3112 3281 egisti
3134 3209 3402 3280 deposita
3427 3207 3688 3264 munda-

2031 3319 2106 3355 na
2137 3300 2371 3355 caesarie
2392 3299 2449 3352 in
2473 3300 2692 3353 bonum
2718 3297 3045 3370 signum.Si
3063 3303 3253 3352 autem
3276 3298 3349 3352 ab
3383 3297 3679 3367 ingressu,

2026 3389 2128 3443 vize
2157 3388 2363 3442 limina
2384 3385 3267 3458 praetergressus,declinasti,et
3314 3385 3680 3440 alacritatem

2030 3477 2328 3547 remisisti,
2361 3476 2417 3529 in
2450 3493 2665 3530 vanum
2697 3474 2926 3547 capillis
2960 3475 3219 3530 nudatus
3250 3473 3547 3530 es.Melius
3569 3472 3684 3530 tibi

2029 3569 2150 3621 erat
2172 3564 2243 3620 iis
2273 3565 3015 3636 onerari,superquasdam
3048 3569 3254 3636 gentes
3286 3561 3517 3635 capillis
3537 3562 3670 3618 lon-

1999 3656 2119 3725 .gis
2150 3659 2205 3708 et
2231 3653 2863 3724 formosisconspicuas
2885 3659 2940 3707 et
2974 3652 3055 3708 sic
3078 3651 3300 3724 aliquid
3352 3651 3680 3707 verendum

2033 3742 2495 3815 praeferre,quam
2509 3743 2782 3797 ruborem
2796 3741 3004 3796 animae
3019 3741 3224 3813 agendi
3239 3741 3462 3796 ratione
3477 3739 3683 3810 injice-

2034 3847 2093 3886 re
2109 3831 2350 3901 elcapiti
2370 3830 2718 3902 capillorum
2744 3831 3130 3902 depositione.
3167 3829 3383 3885 Exinde
3415 3828 3684 3902 plerique

2035 3935 2262 3975 comam
2319 3918 2473 3974 male
2531 3920 2858 3974 nutrientes
2906 3917 3040 3991 plus
3083 3934 3260 3990 quam
3288 3915 3598 3984 mundani,
3653 3931 3690 3973 α

2038 4008 2322 4080 principio
2353 4008 2571 4063 Curetes
2602 4008 2708 4062 visi
2739 4012 2963 4076 sunt,et
2989 4024 3120 4063 mox
3154 4013 3490 4062 Acarnanes
3512 4005 3688 4062 eﬂ'ec-

2036 4099 2101 4164 ti,
2127 4103 2190 4153 ut
2221 4101 2419 4152 narrat
2449 4097 2696 4152 historia
2720 4114 2733 4163 ;
2761 4113 2874 4152 non
2895 4097 2978 4152 ita
2999 4101 3194 4152 tamen
3231 4101 3294 4152 ut
3323 4094 3567 4168 capillos
3584 4112 3694 4151 us-

2039 4205 2150 4260 que
2179 4187 2250 4242 ad
2284 4187 2459 4257 pedes
2490 4186 2855 4258 promittant,
2885 4186 3040 4259 quod
3075 4187 3268 4242 fuerat
3330 4185 3487 4257 apud
3543 4187 3698 4242 vete-

2041 4292 2135 4332 res
2167 4276 2371 4331 mundi
2403 4279 2795 4348 contemptus,
2830 4293 2966 4332 cum
2998 4274 3171 4331 velati
3205 4273 3437 4346 capillis
3469 4290 3569 4330 eos
3627 4277 3695 4330 ut

2045 4369 2442 4436 tegumentum
2495 4365 2754 4438 corporis
2813 4363 3328 4430 circumferebant,
3363 4361 3697 4418 naturalem

2045 4454 2304 4510 tunicam
2339 4455 2644 4524 parabant,
2676 4471 2707 4510 e
2738 4459 2900 4526 parte
2931 4451 3219 4524 superiori
3257 4467 3440 4521 usque
3471 4451 3542 4505 ad
3596 4465 3698 4522 pe-

2049 4545 2152 4599 des
2210 4543 2595 4610 decidentem,
2662 4544 2710 4600 si
2762 4560 2874 4598 non
2930 4547 3259 4598 consutam.
3318 4545 3441 4595 Non
3501 4542 3700 4596 autem

2051 4631 2202 4688 sicut
2232 4632 2290 4687 hi
2324 4632 2458 4704 agni
2515 4632 2630 4698 Dei,
2666 4632 2850 4688 nostri
2913 4630 3203 4698 monachi,
3269 4645 3447 4686 comm
3499 4627 3703 4697 amici,

2052 4721 2261 4777 vellere
2295 4726 2412 4778 tam
2447 4721 2610 4793 gravi
2637 4721 3086 4786 onerantur,sed
3120 4725 3186 4774 ut
3219 4718 3446 4790 nigram
3495 4715 3706 4789 capitis

2061 4810 2382 4881 marginem
2417 4811 2709 4881 comptius
2740 4808 3213 4866 exornent.Multi
3253 4806 3501 4878 capillos
3549 4805 3706 4862 cala-

285 4901 426 4954 Θεοῦ
477 4897 566 4951 καὶ
625 4897 678 4950 o't
734 4895 854 4958 καθ’
915 4895 1063 4965 ἡμᾶς
1140 4901 1380 4967 κομῆται
1465 4898 1703 4972 μοναχοὶ
1759 4903 1916 4952 πυκνὶ

2059 4900 2360 4954 mistralos
2390 4904 2511 4956 arte
2543 4901 2856 4972 diponunt,
2901 4899 3272 4972 providentes
3323 4912 3394 4952 ne
3452 4895 3715 4953 crassior

286 4985 439 5042 οῧτω
500 4984 778 5060 βρίθονται
835 4987 916 5055 τῶ
952 4981 1173 5056 μαλλῷ,
1233 4981 1361 5038 ἀλλ’
1419 4979 1557 5040 ὥστε
1593 4987 1656 5040 τὸ
1693 4986 1826 5062 ὑπὲρ
1856 5008 1916 5042 κε

2061 5005 2228 5043 coma
2259 4993 2536 5060 appareat
2557 4993 2615 5047 et
2639 4989 2824 5045 risum
2851 4987 3208 5044 intuentium
3235 4985 3713 5043 moveat.ldcirco

285 5072 477 5152 φαλῆς
521 5071 689 5147 μέλαν
728 5071 994 5148 περίθεμα
1040 5069 1328 5127 καλλύνειν
1378 5074 1746 5150 ὡρικώτερον.
1803 5075 1952 5132 Πολ-

287 5163 387 5219 λοὶ
420 5166 552 5239 γοῦν
580 5161 632 5217 έν
684 5167 802 5223 τοῖς
844 5160 1118 5222 τοιούτοις
1165 5161 1257 5216 καὶ
1296 5162 1359 5217 τὸ
1407 5162 1817 5237 στρεψίμαλλον
1867 5161 1952 5220 δε-

287 5257 424 5327 ξιῶς
464 5251 955 5327 πραγματεύονται,
1007 5247 1366 5327 σοφιζόμενος
1413 5251 1586 5314 οὕτως
1630 5253 1716 5307 καὶ
1762 5253 1825 5308 τὸ
1871 5255 1948 5326 μὴ

2054 5079 2191 5149 jure
2252 5077 2479 5134 dicetur
2565 5079 2919 5134 monachum
3003 5077 3198 5133 nimias
3258 5075 3516 5132 caesariei
3599 5090 3716 5129 non

2063 5167 2525 5235 renuntiantem,
2550 5184 2736 5239 neque
2768 5167 2927 5224 aliud
2961 5167 3101 5239 quid
3133 5165 3411 5222 saeculare
3443 5179 3573 5221 esse
3620 5163 3721 5220 de-

2069 5255 2424 5326 positurum.

302 5344 524 5419 βαθεῖαν
555 5341 654 5408 τὴν
685 5340 868 5414 κόμην
899 5338 1309 5416 προφαίνεσθαι,
1336 5341 1427 5396 καὶ
1458 5339 1854 5417 καταγελᾶσθαι
1884 5346 2002 5404 τοῖς
2045 5340 2361 5418 βλέπουσιν.
2395 5345 2554 5400 Ἔνθα
2577 5365 2659 5406 τις
2692 5341 2813 5419 ἔχοι
2841 5342 2900 5398 ἂν
2959 5343 3134 5420 ὀρθῶς
3180 5340 3580 5420 ἀποφήνασθαι,
3637 5338 3726 5396 δτι

305 5430 554 5506 μοναχὸς
586 5429 662 5503 μὴ
692 5427 757 5484 τὸ
788 5426 1040 5504 περιττὸν
1068 5426 1345 5493 ἀποτιθεὶς
1373 5435 1472 5501 τῆς
1504 5430 1722 5506 τριχὸς,
1763 5427 1948 5506 σχολῇ
1969 5435 2017 5506 γ’
2053 5427 2112 5487 ἂν
2143 5429 2282 5487 ἄλλο
2313 5454 2362 5488 τι
2400 5432 2653 5509 βιωτικὸν
2686 5432 3044 5506 ἀποϐήσεται.

374 5646 420 5686 ³⁸
450 5646 778 5719 Ειοὰιηι,
814 5645 904 5704 17.

636 5777 906 5842 Panem.
952 5774 1065 5838 Gn.
1110 5769 1406 5841 CXXXV.
