4104 6210
458 355 580 418 875

1222 349 1645 414 EUSTATHH
1686 344 2463 410 THESSALONIGENSIS
2506 347 3097 408 METROPOLITJE

3753 347 3884 408 876

530 489 652 544 173.
684 488 816 544 Ηωο
869 486 976 542 tibi
1032 485 1267 549 novitio,
1299 487 1364 538 ut
1413 479 1606 550 fratri,
1636 497 1816 536 causa
1897 477 2087 533 saluti:

2295 477 2426 551 ρογ’.
2480 479 2663 534 Ταῦτά
2746 499 2831 532 σοι
2897 483 2981 551 τῷ
3059 477 3401 555 εἷσαγωγικῷ
3479 476 3896 555 προσλαλῆσας

455 582 771 651 postquam
805 575 1071 641 dixerim,
1106 573 1354 628 ascende
1371 571 1442 626 ad
1477 570 1740 625 altiorem
1765 574 1842 637 te,
1867 568 1938 623 ad
1971 582 2087 620 eun

2216 562 2526 643 ἀδελφικῶς
2552 567 2688 642 πρὸς
2721 566 2968 643 ἀρὲλειαν
3005 562 3278 623 ἀναϐαίνω
3325 570 3464 644 πρὸς
3507 570 3603 623 τὸν
3666 567 3894 643 ὑψηλό-

454 666 554 738 qui
580 668 706 738 jam
737 682 851 721 non
881 669 991 731 est,
1027 661 1178 717 sicut
1207 665 1292 726 tu,
1345 659 1445 714 Dei
1505 658 1698 721 miles,
1759 657 1858 712 sed
1919 654 2082 710 indui

2213 674 2391 728 τερον,
2440 656 2532 710 τὸν
2581 656 2762 711 οὐκέτι
2809 657 2944 712 κατὰ
2985 658 3041 712 σε
3070 655 3236 730 ψιλὸν
3267 655 3500 728 ὁπλίτην
3535 662 3699 727 Θεοῦ,
3735 658 3896 715 ἀλλά

449 756 776 818 thoracem,
829 759 884 808 et
943 750 1042 821 qui
1097 754 1296 804 votum
1351 749 1488 802 fecit
1555 747 1788 801 Christo
1829 744 2105 800 salvatori

449 843 724 916 operibus
755 841 924 897 bonis
954 837 1435 908 conformari,qui
1471 836 1670 892 statim
1704 835 1973 905 signatus
1994 835 2106 897 est,

449 948 583 987 cum
614 933 675 986 in
707 929 942 985 nomine
973 931 1186 983 sanctae
1218 925 1524 981 Trinitatis
1569 923 1899 995 superﬂuos
1922 920 2104 992 capil-

449 1020 538 1076 los
570 1017 980 1090 deponeret,ad
1015 1016 1443 1072 ostendendam
1469 1012 1896 1085 pmnitentiam,
1931 1014 2107 1080 atque

451 1107 797 1163 mantellum
833 1110 1102 1162 sanctum
1158 1121 1260 1176 pro
1316 1103 1552 1158 thorace
1609 1100 1803 1155 valida
1859 1098 2105 1170 accepit,

448 1196 683 1268 istoque
705 1195 877 1250 modo
901 1193 1128 1249 medius
1151 1193 1303 1247 inter
1330 1197 1508 1246 Deum
1533 1195 1589 1245 et
1617 1189 1889 1244 homines
1915 1187 2105 1243 factus

451 1285 753 1342 estzDeum
771 1285 1006 1356 quidem
1021 1282 1122 1353 qui
1150 1280 1499 1337 excellenter
1513 1287 1601 1335 est
1615 1278 1811 1350 magni
1838 1277 2101 1345 habitus,

452 1374 725 1430 homines
757 1373 858 1445 qui
918 1375 1058 1427 sunt
1113 1369 1266 1424 infra
1317 1373 1552 1440 propter
1592 1367 2012 1430 initiationem,
2046 1370 2104 1420 et

452 1463 724 1519 laborant
751 1461 904 1516 circa
924 1459 1157 1514 virtutis
1193 1457 1589 1514 ascensiones.
1641 1455 1746 1520 Qui
1780 1455 2009 1527 positus
2041 1453 2100 1506 in

452 1552 672 1622 medio,
703 1555 760 1606 et
782 1550 1005 1622 junctis
1037 1547 1314 1605 extremis
1337 1553 1647 1616 utramque
1669 1549 1890 1616 partem
1923 1543 2098 1598 attin-

450 1656 618 1713 gens,
653 1640 836 1695 multo
870 1638 1054 1708 magis
1085 1654 1263 1709 quam
1299 1645 1353 1690 tu
1380 1635 1551 1705 finter
1598 1633 1844 1688 novitios
1892 1647 2099 1686 nume-

449 1737 633 1795 ratus,
667 1729 1132 1800 presbyteratum
1182 1724 1541 1797 magnificat,
1599 1722 1700 1777 sed
1762 1721 1954 1776 minor
2011 1724 2100 1775 est

445 1818 722 1888 perfecto,
755 1820 811 1871 et
842 1815 1083 1888 quidem
1119 1815 1290 1886 longo
1330 1810 1656 1880 intervallo,
1689 1815 1746 1865 et
1795 1809 2087 1864 nihilomi-

2205 1805 2264 1919 ἑὲ
2320 1808 2514 1882 τελείῳ
2571 1805 2930 1881 ὑποϐεϐηκὼς
2990 1816 3184 1888 μακρῷ
3251 1809 3637 1886 διαστήματι,

446 1923 561 1962 nus
585 1904 860 1962 eximiam
881 1901 1549 1973 habetdignitatem.0ui
1571 1901 1728 1956 enim
1750 1897 2098 1970 simpliciter

449 1992 831 2049 mantellatus
860 1997 950 2048 est
980 1992 1202 2062 absque
1245 1991 1422 2046 dubio
1455 1989 1685 2044 medius
1736 1992 1843 2042 est.
1879 1989 1946 2042 Et
1976 1987 2093 2042 fere

442 2082 662 2149 dicam,
688 2086 977 2152 quantum
1011 2097 1044 2136 a
1075 2079 1330 2135 maximo
1361 2078 1870 2142 vincitur,tantum
1902 2076 2095 2131 minor

442 2175 503 2226 te
533 2175 644 2227 est.
676 2171 735 2226 Si
765 2171 990 2242 apicem
1023 2169 1081 2224 in
1114 2169 1369 2241 quadam
1399 2167 1764 2223 fraternitate
1815 2165 2092 2236 attigerit,

443 2276 563 2315 non
585 2259 658 2315 ob
689 2259 746 2313 id
779 2258 889 2313 erit
923 2258 1175 2326 medius,
1213 2274 1327 2312 una
1346 2273 1521 2311 manu
1551 2255 1719 2326 quasi
1753 2253 1975 2309 excelsa
2005 2259 2091 2308 at-

440 2347 700 2420 tingens,
735 2353 792 2403 et
821 2346 1004 2417 altera
1027 2345 1200 2418 plane
1232 2345 1479 2400 humilia
1500 2362 1568 2400 ex
1597 2343 1925 2399 initiatione
1947 2340 2093 2396 acci-

440 2437 739 2508 piens;sed
774 2451 1086 2491 commune
1117 2435 1378 2490 medium
1411 2432 1796 2497 transcendit,
1828 2432 1900 2486 ad
1928 2430 2090 2485 altis-

438 2525 654 2583 simum
686 2524 848 2580 venit
878 2529 936 2580 et
965 2541 1083 2579 uno
1112 2524 1296 2596 grodu
1331 2521 1696 2588 ﬁcalestibus
1754 2520 1946 2576 minor
1999 2521 2090 2574 est

436 2619 675 2688 propter
704 2612 1172 2669 machinationes
1200 2611 1348 2668 satis
1379 2610 1634 2666 dolosas:
1659 2615 1717 2665 et
1735 2609 1967 2664 duabus
1997 2624 2091 2662 ve-

434 2702 544 2758 luti
570 2701 989 2769 alis,mantello
1021 2706 1078 2756 et
1116 2700 1382 2771 imperio,
1413 2700 1673 2771 proxime
1705 2699 1775 2754 ad
1806 2713 2086 2769 magnum

432 2791 789 2846 monachum
823 2789 1106 2845 evolat.Et
1134 2795 1273 2843 tunc
1303 2787 1442 2842 huic
1472 2787 1605 2842 licet
1632 2787 1703 2842 de
1732 2785 1919 2857 gloria
1939 2785 2088 2841 etde

431 2878 710 2948 dignitate
722 2895 857 2933 cum
873 2879 971 2934 illo
1005 2878 1352 2933 contendere
1382 2876 1748 2946 ﬁdenter,qui
1772 2875 1915 2930 istas
1929 2878 2088 2930 amat

433 2967 788 3038 quaestiones
818 2972 874 3022 et
905 2967 1126 3022 invenit
1156 2969 1503 3037 argumenta
1534 2965 1844 3035 probantis
1869 2963 2086 3034 quibus

432 3054 828 3126 mqualitatem
863 3053 1222 3113 obtineatJet
1250 3069 1500 3124 quorum
1535 3051 1964 3107 validissimum
1997 3056 2086 3106 est

434 3141 879 3216 praeeminentia
904 3159 1038 3198 cum
1071 3143 1339 3214 imperio,
1361 3158 1480 3213 qua
1501 3142 1714 3212 jugum
1748 3156 1920 3213 grave
1946 3139 2085 3210 quia

437 3232 811 3306 negotiosum
832 3233 1111 3304 suscepit.

503 3601 628 3656 174.
679 3600 844 3656 Hunc
884 3598 1195 3655 sublimem
1256 3596 1663 3653 mantellatum
1747 3598 2078 3669 praafatum,

430 3689 534 3763 qui
592 3705 696 3761 per
752 3689 928 3744 aliam
981 3689 1136 3744 viam
1163 3689 1221 3742 in
1263 3686 1475 3742 coelum
1508 3686 1790 3753 ascendit,
1819 3702 1922 3759 per
1953 3703 2076 3742 ma-

428 3795 612 3852 gnum
643 3777 936 3846 habitum,
969 3782 1026 3832 et
1048 3793 1140 3832 res
1171 3777 1324 3849 ipsa,
1375 3781 1432 3831 et
1455 3777 1559 3847 jus
1617 3776 1992 3844 canonicum,
2024 3781 2081 3831 et

426 3869 532 3926 Dei
579 3866 912 3938 exemplum
973 3866 1273 3938 egregium
1323 3881 1452 3920 esse
1511 3865 1841 3937 repuirunt,
1904 3864 2077 3937 paulo

426 3958 500 4015 ab
528 3956 754 4028 angelis
795 3955 1114 4021 minutum,
1147 3955 1246 4026 qui
1296 3959 1798 4026 recognoscuntur
1825 3953 1886 4009 in
1953 3970 2076 4010 ma-

425 4065 541 4121 gno
565 4047 854 4104 monacho
884 4047 1059 4102 veluti
1093 4047 1151 4101 in
1195 4046 1510 4119 archetypo
1567 4047 1846 4102 humano.
1909 4046 2076 4102 Hunc

425 4135 582 4193 enim
629 4153 884 4192 canones
934 4136 1262 4192 secundum
1313 4135 1550 4206 angelos
1599 4137 2072 4192 etformaverunt.

425 4227 583 4283 Talis
632 4228 813 4283 videri
875 4227 974 4299 qui
1028 4226 1198 4281 debet
1241 4227 1563 4282 monachus
1611 4227 1804 4281 minor
1855 4227 2075 4299 quique

423 4318 703 4391 praelatus
733 4321 821 4372 est
853 4315 1202 4387 scilicet,qui
1234 4331 1296 4371 se
1329 4315 1501 4371 habet
1528 4317 1852 4371 secundum
1887 4318 2072 4387 majo-

422 4411 681 4476 rem,aut
700 4407 772 4463 ad
789 4406 999 4462 melius
1015 4410 1072 4460 et
1087 4405 1300 4460 rectius
1314 4404 1671 4475 loquendum
1687 4405 2075 4477 impressione

421 4496 622 4554 divina
649 4497 1005 4550 informatus
1036 4498 1151 4563 est,
1177 4493 1578 4548 immensitate
1609 4494 1933 4565 excepta,in
1977 4512 2074 4550 ce-

2215 740 2324 812 ἥδη
2355 743 2445 797 καὶ
2496 745 2915 820 θωρακισθέντα,
2959 745 3048 799 καὶ
3082 746 3252 820 εὐχὴν
3304 743 3593 819 δεξάμενον
3642 769 3895 824 μορφω-

2217 832 2376 900 θῆναι
2407 829 2476 886 δι’
2503 831 2675 908 ἔργων
2724 833 2939 908 ἀγαθῶν
2991 833 3043 888 ἐν
3089 833 3236 906 αὐτῷ
3265 839 3343 906 τῷ
3376 839 3596 911 Σωτῆρι
3629 839 3892 909 Χριστῷ,

2214 920 2304 974 καὶ
2351 920 2542 976 αὐτίκα
2590 923 2986 994 σημειωθέντα,
3037 925 3121 984 οἷς
3183 923 3261 985 εἷς
3319 920 3495 996 ὄνομα
3551 931 3655 994 τῆς
3724 927 3898 1000 ἁγίας

2215 1007 2450 1084 Τριάδος
2481 1010 2704 1075 ἀπέθετο
2761 1013 2859 1079 τήν
2891 1013 3150 1088 περιττὴν
3210 1012 3381 1088 τρίχα
3411 1014 3488 1074 ὡς
3519 1012 3606 1068 ἐπὶ
3666 1017 3890 1088 πένθει,

2213 1098 2302 1152 καὶ
2349 1100 2444 1154 τὸν
2477 1100 2620 1174 ἱερὸν
2662 1097 2900 1172 μανδόαν
2961 1101 3061 1155 ὅσα
3103 1099 3192 1155 καί
3245 1102 3467 1176 θώρακα
3499 1101 3725 1178 στερρὸν
3780 1125 3896 1158 πε-

2216 1186 2516 1262 ριθέμενον,
2565 1189 2656 1242 καὶ
2705 1188 2848 1244 οὕτω
2903 1188 3061 1262 μέσον
3097 1191 3213 1243 οἷον
3248 1190 3381 1244 Θεοῦ
3429 1191 3520 1245 καὶ
3574 1191 3896 1264 ἀνθρώπων

2211 1274 2518 1348 γινόμενονο
2578 1281 2732 1345 Θεοῦ,
2783 1281 2882 1331 τοῦ
2940 1275 3120 1332 ἐνθέου
3176 1276 3682 1353 μεγαλοσχήμονος
3719 1300 3734 1312 ·
3797 1281 3899 1334 ἆν-

2213 1363 2467 1436 θρώπων,
2524 1370 2633 1419 τῶν
2689 1360 2766 1419 ἔτι
2832 1367 3126 1442 κατωτέρω
3183 1363 3272 1420 διὰ
3330 1366 3739 1444 εἷσαγωγικῆς,
3799 1371 3902 1424 καὶ

2211 1451 2588 1529 στρεφομένων
2642 1453 2766 1529 περὶ
2822 1454 2948 1516 τοὺς
3001 1463 3104 1526 τῆς
3162 1455 3358 1530 ἀρετῆς
3415 1454 3707 1530 πρόποδας
3741 1479 3754 1491 ·
3832 1459 3902 1521 ’ὃς

2207 1545 2286 1612 τῷ
2332 1548 2432 1610 τῆς
2489 1543 2787 1614 μεσότητος
2844 1542 2995 1618 λόγῳ
3036 1545 3370 1620 κεκραμένος
3430 1543 3513 1599 ἐπ’
3574 1544 3755 1620 ἄμφω

2207 1628 2474 1705 ἑκατέρων
2524 1636 2632 1686 τῶν
2693 1630 2870 1708 ἄκρων
2923 1638 3163 1709 μετοχῇ,
3219 1634 3308 1689 καὶ
3369 1639 3465 1690 σοῦ
3501 1636 3626 1708 μὲν,
3657 1640 3766 1690 τοῦ
3811 1634 3900 1690 ἔτι

2207 1719 2259 1774 ἐν
2292 1719 2641 1796 εἷ’σαγωγαῖς,
2674 1719 2818 1776 πολὺ
2866 1721 3033 1778 πλέον
3091 1724 3155 1778 τὸ
3211 1719 3500 1799 πρεσϐεῖον
3535 1725 3762 1800 αὐχῶν,
3809 1730 3903 1796 τῷ

3717 1816 3897 1886 ὅμως

2204 1895 2320 1973 ἔχει
2368 1898 2592 1972 θεωρίαν
2627 1897 2982 1976 διαιρετικήν.
3017 1899 3357 1971 Μανδυώτης
3410 1903 3502 1974 μὶν
3535 1903 3642 1979 γὰρ
3676 1902 3904 1966 ἀπλῶς

2209 1984 2741 2065 μὲνων,ἀκραιφνῶς
2790 1987 2900 2043 ἐστι
2956 1989 3142 2062 μέσος.
3203 1990 3300 2044 Καὶ
3371 1995 3570 2064 μικροῦ
3625 1988 3740 2046 δὲω
3813 1991 3902 2046 εἷ’-

2202 2081 2345 2143 πεῖν,
2379 2074 2503 2130 ὅσον
2545 2076 2681 2146 αὐτή
2733 2075 3046 2147 ἠλαττωται
3104 2082 3202 2132 τοῦ
3259 2077 3536 2153 μεγίστου,
3597 2079 3658 2142 ἒς
3716 2080 3901 2134 τόσον

2206 2165 2534 2235 ὑκοκάθηταί
2591 2186 2708 2222 σου.
2758 2165 2819 2222 Ei
2870 2163 2928 2220 δὲ
2970 2173 3272 2242 κορυφαῖος
3305 2168 3464 2230 αὐτὸς
3513 2168 3749 2244 γένηταί
3803 2192 3902 2225 τι-

2200 2272 2292 2313 νος
2321 2250 2714 2331 ἀδελφότητος,
2763 2253 2887 2310 τότε
2943 2251 3010 2324 δὴ
3065 2255 3164 2310 οὐκ
3194 2256 3326 2310 αὐτὸ
3358 2254 3425 2325 δὴ
3478 2261 3648 2312 τοῦτο
3709 2261 3897 2330 μέσος

2202 2338 2398 2417 ἔλαχεν
2461 2343 2617 2411 εἶναι,
2663 2348 2761 2416 μιᾷ
2813 2344 2907 2416 μὶν
2937 2345 3050 2399 οἷόν
3082 2344 3232 2421 χειρὶ
3257 2350 3354 2400 τοῦ
3386 2347 3652 2401 ἀνωτάτω
3706 2345 3892 2422 δρατ-

2199 2431 2450 2503 τόμενος,
2483 2429 2637 2507 ὲτὲρᾳ
2676 2429 2735 2487 δὲ
2781 2436 2877 2488 τοῦ
2934 2434 3110 2504 πάντη
3159 2437 3308 2490 κάτω
3355 2438 3490 2490 κατᾶ
3544 2434 3886 2512 εἴσαγωγήν

2200 2515 2659 2592 λαμϐανόμενοςο
2726 2521 2851 2577 ἀλλ’
2906 2518 3246 2598 ὑπεραναϐὰς
3297 2525 3360 2579 τὸ
3410 2525 3610 2587 κοινῶς
3678 2525 3888 2599 μέσον,

2198 2615 2501 2684 προσκυρεῖ
2553 2615 2632 2682 τῷ
2693 2608 3046 2685 ὑψηλοτάτῳ,
3097 2613 3188 2666 καὶ
3242 2618 3409 2688 μικρᾷ
3460 2635 3570 2669 τινι
3631 2615 3882 2690 βαθμίδι

2197 2698 2507 2775 καθυφίεται
2555 2703 2653 2754 τοῦ
2711 2697 2907 2775 σχεδόν
2973 2722 3026 2755 τι
3086 2700 3338 2777 οὐρανίου
3393 2700 3481 2756 διὰ
3537 2704 3602 2758 τὸ
3661 2706 3886 2768 ἱκανῶς

2197 2785 2711 2865 πεφιλοσοφημένον
2772 2787 3087 2864 ἐπάγγελμα
3118 2807 3133 2823 ⁸
3197 2789 3288 2844 καὶ
3348 2789 3495 2845 δυσὶν
3557 2793 3677 2846 οἷον
3732 2796 3882 2850 τι·τὲ-

2199 2875 2334 2950 ρυξι,
2391 2879 2460 2949 τῇ
2518 2897 2576 2930 τε
2633 2874 2980 2950 μανδυωτικῇ
3034 2879 3121 2932 καὶ
3183 2881 3252 2952 τῇ
3304 2880 3423 2942 καθ’
3461 2882 3874 2957 ἡγουμενείαν,

2196 2961 2540 3040 ἓλαφρίζεται
2576 2965 2650 3027 είς
2701 2963 2970 3040 ἐγγύτητα
3007 2965 3522 3042 μεγαλοσχήμονος.
3581 2969 3688 3024 Καὶ
3742 2969 3884 3045 ἔχει

2196 3051 2538 3128 θαρρούντως
2593 3051 2783 3129 ἐρίζειν
2843 3053 3031 3127 ἐκείνῳ
3083 3060 3182 3109 τοῦ
3240 3076 3297 3110 τε
3362 3055 3558 3121 κλέους
3612 3059 3709 3113 καὶ
3766 3065 3880 3114 τοῦ

2195 3139 2381 3214 ὕψους,
2441 3141 2750 3218 φιλόνεικος
2783 3143 2878 3215 μὲν
2911 3139 2986 3197 ὢν
3015 3143 3176 3198 τοῦτό
3232 3164 3310 3218 γε,
3369 3143 3574 3206 τόπους
3606 3143 3670 3201 δὲ
3707 3146 3876 3218 ἔξευ-

2113 3218 2157 3286 C
2197 3228 2393 3304 ρίσκων
2451 3230 2975 3307 ἐπιχειρηματικοὺς
3006 3277 3020 3302 ,
3103 3229 3173 3286 δι’
3251 3230 3323 3286 ὦν
3391 3231 3701 3308 ἁμιλλᾶται
3760 3240 3877 3306 τὴν

2192 3315 2459 3388 δείσωσιν,
2517 3317 2591 3373 ὧν
2651 3319 3031 3395 κραταιότερος
3075 3322 3104 3374 ὁ
3133 3323 3272 3376 κατὰ
3311 3323 3411 3390 τὴν
3471 3329 3863 3397 ποιμαντικήν

2189 3406 2539 3482 προστασίαν·
2575 3405 2644 3463 δι’
2673 3409 2742 3478 ἧς
2775 3409 2938 3485 βαρὺν
2975 3411 3155 3485 ζυγὸν,
3190 3411 3274 3466 ὅτι
3317 3410 3410 3466 καὶ
3439 3416 3862 3488 πραγματικὸν,

2191 3493 2490 3569 ἀνεδέξατο.

2263 3601 2393 3679 ροδ’.
2451 3606 2655 3662 Τοῦτον
2717 3601 2782 3673 δὴ
2861 3604 2953 3660 τὸν
3025 3601 3432 3681 αἰθεροϐάμονα
3514 3607 3856 3683 μανδυώτην

2189 3692 2516 3768 ἡγούμενον,
2579 3692 2637 3756 ὅς
2708 3693 2826 3758 καθ’
2893 3695 3074 3770 ὲτὲραν
3136 3691 3427 3769 μετάϐασιν
3483 3699 3562 3762 είς
3613 3699 3854 3776 οὐρανὸν

2187 3780 2344 3836 αὐτὸν
2381 3777 2650 3837 ἀναϐαίνει
2678 3779 2766 3837 διὰ
2821 3786 2919 3837 τοῦ
2976 3783 3220 3859 μεγάλου
3264 3788 3580 3861 σχήματος,
3626 3789 3694 3843 τὸ
3752 3791 3857 3863 μὲν

2186 3875 2432 3946 πρᾶγμα,
2483 3871 2572 3926 καὶ
2633 3872 2790 3948 ὀρθὸς
2842 3873 3017 3927 κανὼν
3049 3915 3063 3941 ,
3115 3874 3206 3928 καὶ
3255 3876 3289 3944 ἡ
3335 3877 3472 3930 κατά
3530 3878 3667 3932 Θεὸν
3717 3877 3862 3934 ἀκο-

2188 3955 2382 4023 λουθία
2459 3963 2620 4034 μεγαν
2696 3962 2911 4016 ἀπαιτεῖ
2981 3960 3265 4036 ἄνθρωπον
3342 3965 3499 4032 εἶναι,
3577 3966 3673 4020 καὶ
3729 3968 3854 4022 οἷον

2187 4046 2313 4104 οὐδὲ
2361 4049 2538 4125 βραχύ
2588 4071 2638 4104 τι
2681 4049 2918 4125 ἀγγέλου
2949 4050 3322 4122 ἠλαττῶσθαι,
3378 4058 3476 4108 τοῦ
3545 4053 3855 4130 ἕνθεωρου-

2190 4136 2374 4210 μένου,
2433 4137 2530 4192 ὅσα
2579 4139 2668 4192 καὶ
2723 4138 3050 4214 ἀνθρωπίνῳ
3108 4141 3424 4216 ἀρχετύπῳ,
3452 4148 3533 4215 τῷ
3570 4143 3855 4220 μεγαλοσο

2187 4227 2419 4300 χήμονι.
2481 4227 2718 4289 Ἐκεῖνος
2778 4227 2879 4302 γάρ
2939 4227 3077 4302 πρὸς
3135 4228 3293 4284 αὐτὸν
3355 4229 3585 4307 ἄγγελον
3625 4254 3852 4288 κανονι-

2184 4318 2294 4376 κῶς
2353 4315 2713 4370 ἐκτετύπωται
2749 4357 2761 4370 .
2841 4321 3096 4380 Τοιοῦτος
3177 4315 3234 4372 δὲ
3294 4318 3700 4394 ἀπαιτούμενος
3758 4324 3853 4378 καὶ

2185 4402 2459 4481 φαίνεσθαι
2491 4405 2580 4458 καὶ
2613 4405 2744 4459 εἶναι
2791 4406 2818 4459 ὁ
2855 4407 3260 4481 μικροσχήμων
3321 4408 3434 4481 μὲν,
3492 4411 3851 4487 καθηγούμε-

2182 4517 2274 4557 νος
2333 4494 2389 4549 δὲ
2417 4495 2500 4568 (ὃς
2531 4494 2620 4548 καὶ
2651 4493 2811 4556 αὐτὸς
2847 4491 2948 4565 ἤδη
2982 4497 3119 4550 κατὰ
3137 4497 3228 4550 τὸν
3294 4498 3461 4571 μέγαν
3493 4497 3852 4575 ἐσχημάτισ-

421 4585 732 4650 [cherrima
764 4585 1087 4649 urbium,et
1119 4584 1176 4638 in
1211 4582 1344 4637 aliis
1376 4581 1516 4636 locis
1551 4599 1800 4654 quorum
1853 4583 2075 4656 pleros-

2199 4603 2290 4652 ται,
2328 4581 2563 4655 μάλιστα
2619 4583 2711 4654 μὶν
2772 4582 2890 4649 οὖν,
2952 4577 3332 4658 ἀκριϐέστερον
3375 4583 3568 4657 είπεῖν,
3632 4589 3846 4661 μεμόρο

420 4692 536 4747 que
567 4692 634 4730 ex
667 4675 1026 4739 auctoribus,
1063 4671 1377 4727 nonnullos
1397 4687 1530 4726 vero
1561 4670 1746 4728 oculis
1780 4671 2070 4743 novimus,

417 4764 716 4837 postulata
748 4762 1050 4834 adimplet,
1075 4766 1133 4816 et
1164 4769 1291 4832 post
1337 4761 1666 4816 secundum
1699 4761 1908 4816 cmlum
1968 4778 2068 4816 seu

415 4855 740 4925 perfectum
799 4851 1154 4908 monachum
1216 4851 1340 4922 ipse
1401 4851 1700 4905 secundus
1761 4851 2071 4906 constitui-

415 4942 710 5013 tur,quasi
745 4941 1071 4998 secundum
1105 4943 1320 4995 terram
1353 4955 1469 4994 non
1501 4943 1791 4995 errantem
1826 4939 1950 5012 ipse
1981 4956 2072 4995 ro-

416 5031 719 5086 tundatur.

2182 4693 2356 4751 φωται
2390 4678 2696 4747 χαρακτῆρι
2757 4670 2906 4744 θείῳ,
2963 4670 3006 4725 εἰ
3054 4672 3143 4726 καὶ
3182 4674 3258 4745 μή
3300 4673 3432 4747 πρὸς
3483 4676 3586 4744 τήν
3635 4675 3850 4732 ἐκείνου

2185 4759 2629 4834 μεγαλειότητα),
2660 4758 2711 4814 ἐν
2749 4761 2843 4834 μὲν
2873 4763 2941 4833 τῇ
2974 4761 3306 4834 περιωνῦμῳ
3335 4767 3445 4817 τῶν
3475 4762 3724 4836 πόλεων,
3750 4769 3838 4820 καὶ

2182 4850 2232 4904 ὲν
2267 4847 2463 4911 ἄλλοις
2496 4847 2552 4904 δὶ
2582 4848 2792 4917 τόποις,
2824 4850 2984 4910 ὅσους
3028 4849 3157 4911 τοὺς
3212 4851 3306 4922 μὶν
3365 4850 3540 4906 πλείω
3593 4852 3644 4924 ἕξ
3699 4854 3846 4908 ἴστο-

2184 4943 2337 5016 ριῶν,
2397 4938 2570 5001 ἐνίους
2637 4936 2694 4994 δὲ
2755 4938 2845 4994 καὶ
2910 4939 3027 4993 κατ’
3073 4933 3196 5012 ὄψιν
3249 4935 3513 5014 ἔγνωμεν,
3577 4941 3849 5018 ἰκκληροῖ

2180 5030 2279 5098 τήν
2329 5027 2640 5095 ἀπαίτησιν
2717 5028 2808 5082 καὶ
2878 5026 3012 5101 μετά
3083 5023 3331 5102 δεύτερον
3410 5028 3524 5084 οἷον
3587 5031 3839 5107 οὗρατόν,

422 5117 515 5174 τὸν
591 5115 909 5174 παντέλειον
991 5116 1259 5192 μοναχὸν,
1336 5113 1585 5192 δεύτερος
1661 5115 1821 5178 αὐτὸς
1896 5115 2194 5187 ἐκτίταται,
2270 5117 2345 5179 ὡς
2418 5117 2465 5172 εί
2539 5117 2628 5172 καὶ
2709 5117 2844 5191 μετά
2914 5116 3013 5185 τὴν
3076 5115 3288 5187 ἀπλανῆ
3349 5118 3512 5181 αὐτὸς
3581 5121 3838 5200 ἀπεσγαίο

421 5228 590 5283 ρωτο.

486 5315 605 5370 17ὖ.
640 5316 810 5387 Apud
835 5332 942 5372 nos
973 5318 1168 5370 autem
1227 5329 1342 5368 non
1386 5329 1629 5385 possum
1660 5313 1943 5370 veraciter
2000 5330 2070 5370 ex

410 5404 650 5476 planare
679 5405 979 5476 quisnam,
1011 5411 1069 5460 et
1100 5403 1290 5475 qualis
1319 5402 1378 5457 in
1413 5419 1473 5458 se
1505 5404 1601 5459 sit.
1631 5402 1894 5458 Jactatur
1910 5404 2066 5460 enim

2199 5402 2312 5477 πρὸς
2361 5401 2645 5473 ἀλήθειαν,

2251 5320 2370 5386 ροε’.
2407 5313 2496 5371 Ἐν
2529 5309 2586 5367 δὲ
2640 5317 2756 5375 τοῖς
2805 5311 2926 5366 καθ’
2982 5312 3132 5383 ἡμᾶς
3186 5310 3286 5366 οὐκ
3342 5306 3458 5388 ἔχω
3486 5311 3834 5371 διαλευχάνιι

2732 5401 2923 5464 ὁποῖός
2975 5419 3058 5461 τις
3135 5399 3446 5471 ἐξήπλωται
3515 5403 3607 5458 καὶ
3666 5404 3835 5462 ποδα-

410 5508 545 5548 eum
578 5510 757 5566 super
779 5496 1036 5565 primum
1070 5493 1281 5549 caelum
1313 5508 1465 5558 esse,
1499 5492 1653 5547 sicut
1713 5509 1879 5564 aqum
1937 5509 2062 5564 quae

2199 5490 2294 5552 τός⁸
2372 5488 2794 5568 Ἐπαγγέλλεται
2858 5490 2952 5562 μὲν
3004 5489 3129 5564 γὰρ,
3189 5489 3278 5543 καὶ
3340 5490 3472 5565 ὑπὲρ
3530 5494 3624 5547 τὸν
3685 5500 3836 5568 πρῶ·

411 5596 593 5651 supra
648 5583 1089 5638 ﬁrmamentum
1148 5585 1308 5651 sunt,
1363 5579 1486 5653 ipse
1536 5580 1762 5652 primus
1793 5582 2059 5638 omnium

2203 5601 2259 5635 ον
2316 5581 2538 5657 οὐρανὸν
2595 5581 2726 5636 εἶναι
2782 5579 2920 5655 πρὸς
2951 5577 3254 5650 ὁμοιότητα
3286 5577 3494 5635 ὑδάτων
3526 5587 3633 5637 τῶν
3674 5585 3835 5658 ὑπερ-

414 5665 722 5724 hominum
753 5686 882 5726 esse
905 5670 1225 5726 arbitratur
1258 5687 1272 5738 ;
1331 5668 1616 5740 probatur
1659 5686 1814 5740 vero,
1869 5671 2060 5728 instar

2171 5671 2283 5726 ἀνω
2339 5673 2435 5725 τοῦ
2475 5669 2731 5747 οὐρανοῦ,
2795 5667 3095 5744 πρωτεύειν
3152 5665 3317 5730 αὐτὸς
3373 5667 3425 5724 ἐν
3487 5672 3681 5729 ἅπασιν
3733 5673 3826 5728 ἀν-
