4104 6210
291 356 414 417 877

1311 349 1417 411 DE
1457 347 1945 410 EMENDANDA
1988 347 2173 409 VITA
2217 345 2707 408 MONACHIGA.

3594 348 3718 412 878

294 495 540 558 θρώποις
569 480 844 555 οἰόμενοςο
873 476 1234 558 διεκφαίνεται
1286 477 1343 534 δὶ
1398 476 1533 534 κατά
1579 498 1702 533 τινα
1755 496 1947 552 παροιο

2073 476 2310 534 celebris
2341 477 2646 550 IEginetici
2696 477 2822 550 (aut
2868 478 3121 535 maxime
3170 478 3353 552 Egei)
3404 496 3592 551 neque
3634 499 3725 539 se-

299 573 494 646 μιακὸν
557 571 856 645 Αἰγινήτην
915 567 1182 642 (μάλιστα
1244 567 1339 640 μὶν
1419 564 1509 620 οὖν
1565 563 1777 640 Αίγιὲα)
1835 559 1957 619 οὔτε

298 658 574 735 δεύτερος,
605 659 695 714 καὶ
729 655 859 712 οὐδὲ
905 657 1109 732 τρίτος,
1143 656 1178 725 ἢ
1231 654 1405 719 ἄλλος
1446 653 1776 717 πολλοστός.
1811 652 1954 707 Ψεύ-

298 748 446 806 δεται
484 750 578 823 μὲν
608 749 710 823 γὰρ
743 746 996 826 ἐμφανῶς
1027 747 1119 800 τὸν
1161 743 1633 820 μεγαλοσχήμονα
1684 743 1786 797 οὐκ
1837 738 1959 796 οἶδα

294 839 454 910 πότε,
481 839 596 893 κατ’
628 837 829 892 ὶκεῖνον
877 835 984 890 ἀπὸ
1025 833 1468 909 κατηχουμὲνου,
1494 833 1523 886 ’ὀ
1556 830 1622 901 δὴ
1680 831 1769 886 καὶ
1827 831 1956 885 αὐτὸ

293 930 577 1007 γράφεται,
641 925 719 990 εἷς
773 925 1136 1003 νεοφώτιστον
1208 920 1520 997 σχολαστὴν
1579 920 1956 990 ἀποκαταστη-

296 1003 553 1092 σόμενος,
612 1015 702 1070 καὶ
759 1017 828 1088 τῇ
885 1013 938 1068 ἐν
997 1013 1132 1067 ἑπτὰ
1186 1011 1420 1087 ἡμέραις
1477 1009 1538 1065 ἐκ
1591 1014 1699 1064 τῶν
1780 1003 1954 1083 ἔργων

295 1107 486 1182 σχολῇ
539 1103 990 1174 ἀποτελευτήσων
1051 1100 1128 1162 είς
1173 1101 1265 1155 τὸν
1313 1097 1592 1160 παντελῶς
1649 1096 1958 1174 ἀναμάρτη-

294 1217 392 1251 τον
443 1192 729 1270 ὄίνθρωπον
758 1211 771 1224 ο
833 1193 908 1254 ὡς
965 1187 1325 1262 ἐκδυσάμενος
1386 1188 1480 1260 μὶν
1539 1187 1660 1243 τότε
1715 1188 1804 1241 τὸν
1860 1207 1958 1240 πα-

296 1282 484 1353 λαιὸν,
517 1280 868 1354 ἐνδυσάμενος
929 1276 986 1334 δὲ
1039 1279 1129 1334 τὸν
1183 1279 1473 1346 νεώτατον,
1532 1277 1622 1332 καὶ
1679 1275 1959 1331 ἁναπλασ·

295 1370 605 1446 θησόμενος
666 1368 744 1432 εἲς
794 1369 856 1425 τὸ
909 1369 1027 1424 κατ’
1056 1365 1238 1423 εἰκόνα
1286 1363 1440 1423 Θεοῦ.
1473 1367 1702 1437 Μήποτε
1749 1362 1806 1419 δὲ
1835 1367 1870 1435 ἡ
1903 1363 1954 1419 ἐν

298 1461 451 1533 αύτῷ
514 1458 796 1536 μοχθηρία
852 1454 1112 1512 οὐδέποτε
1184 1457 1381 1532 ἀφήσει
1457 1455 1615 1510 αὐτὸν
1688 1454 1956 1528 ἀνανῆψαι

295 1553 400 1605 τοῦ
455 1545 675 1604 πολλοῦ
732 1547 922 1623 κάρου,
958 1547 1048 1601 καὶ
1105 1549 1202 1600 τοῦ
1249 1543 1511 1622 παροίνου
1542 1543 1682 1618 βίου,
1713 1544 1803 1598 καὶ
1855 1549 1957 1612 τῆς

296 1638 504 1703 ἐκεῖθεν
565 1635 756 1710 μέθης,
812 1636 904 1690 καὶ
964 1636 1356 1713 ἁναφρονῆσαι,
1415 1632 1554 1688 ὥστε
1601 1639 1839 1702 σωθῆναι
1887 1635 1956 1706 τῇ

301 1725 617 1802 μεταλήψει
667 1724 756 1780 καὶ
816 1724 1093 1803 μορφώσει
1140 1727 1237 1778 τοῦ
1271 1721 1510 1798 μεγάλου
1542 1723 1846 1797 σχήματος·
1881 1721 1958 1784 είς

297 1816 330 1870 θ
371 1814 464 1870 καί
510 1812 697 1888 μόνον,
731 1814 806 1875 ὡς
865 1806 1061 1880 ἔοικεν,
1095 1813 1429 1886 ἀναρτῶντες
1481 1809 1703 1873 ἑαυτοὺς
1763 1812 1814 1866 οἱ
1869 1832 1958 1883 μια-

297 1868 712 1979 κροσχήμονες,
772 1868 942 1978 δρῶσι
1012 1868 1080 1956 τὸ
1135 1868 1426 1977 χείριστα,⁷
1462 1868 1716 1975 καχεξίαν
1777 1868 2037 1976 ἀφροί-Β

302 1998 490 2063 ζοντες
522 1991 974 2064 κενωθησομένην
1006 1989 1058 2045 ἰν
1102 1994 1181 2062 τῷ
1235 1990 1334 2058 τής
1398 1987 1964 2064 μεγαλοσχήμοσύνης

297 2086 500 2159 καιρῷ-
534 2077 619 2135 ἰ¹να
674 2080 702 2134 ὁ
762 2086 862 2150 τῆς
916 2081 1158 2155 ψυχικῆς
1208 2077 1415 2149 ἐκείνης
1445 2077 1680 2151 ἰατρείας
1739 2075 1960 2148 ἐπιστη-

302 2168 597 2245 μοναρχης
657 2169 788 2230 Θεὸς
843 2167 1074 2244 χάριτας
1130 2165 1349 2244 ὀφλήσῃ
1402 2170 1482 2238 τῷ
1536 2162 1678 2220 οὕτω
1720 2167 1960 2242 καχέκτῃ

301 2259 644 2333 ἐξαμαρτὼν,
706 2258 781 2320 ὡς
862 2255 1387 2330 τεθαυμαστωμὲνος
1468 2252 1538 2309 δι’
1622 2254 1806 2312 αὐτοῦ.
1865 2255 1963 2310 Καί

297 2369 423 2410 πως
481 2348 534 2402 οἱ
588 2351 828 2401 τοιοῦτοι
887 2347 1135 2420 στέρησιν
1196 2345 1402 2420 ἀγαθοῦ
1433 2344 1632 2406 παντὸς
1667 2365 1960 2419 περιποιη-

300 2438 557 2510 σάμενοι,
615 2433 1086 2510 πραγματεύονται
1173 2435 1275 2502 τῆν
1355 2432 1623 2488 είσὲπειτα
1706 2430 1813 2504 ἕξιν
1876 2430 1965 2488 διὰ

295 2531 408 2600 τῆς
473 2523 721 2600 μεγάλης
777 2527 996 2597 κουρᾶς,
1055 2521 1366 2600 ἀφιλόσοφα
1422 2519 1818 2595 μεθοδεύοντες,
1874 2522 1963 2577 καὶ

303 2597 830 2690 μίεταλαμόἀνοντες
914 2611 974 2666 ού
1055 2597 1238 2675 καλῶς
1307 2597 1390 2666 τό·
1448 2635 1476 2663 ‹‹
1529 2609 1796 2686 Φάγωμεν
1872 2613 1959 2667 καὶ

299 2705 548 2776 πίωμεν
601 2698 788 2776 αὔριον
841 2699 943 2777 γὰρ
1001 2699 1439 2773 ἀποθνήσκομεν.
1476 2722 1504 2751 ››
1551 2701 1723 2775 ’Ὀπερ
1780 2699 1959 2755 ἇστίν·

2066 567 2297 622 cundus
2328 582 2478 633 esse,
2512 583 2618 622 nec
2648 567 2860 624 tertius
2906 584 3012 623 nec
3051 567 3244 640 quivis
3302 568 3476 625 alius.
3509 571 3722 642 Aperte

2066 656 2222 711 enim
2257 656 2538 710 mentitur
2585 671 2864 727 magnum
2908 657 3262 713 monachum
3298 675 3360 713 se
3412 674 3542 714 esse
3574 659 3721 729 (ubi,

2067 743 2312 810 nescio),
2348 746 2502 800 sicut
2531 745 2649 816 ille,
2683 761 2713 801 θ
2759 745 3200 815 catechumeno,
3251 747 3405 802 sicut
3434 747 3723 819 scriptum

2067 837 2177 898 est,
2234 832 2293 887 in
2355 834 2713 906 neophytum
2773 834 3098 890 scholarem
3145 836 3611 905 transferendus,
3665 840 3722 894 et

2067 922 2422 993 quiescendo
2447 924 2517 978 ab
2541 924 2816 994 operibus
2839 923 2992 979 intra
3011 929 3234 996 septem
3253 925 3379 981 dies
3399 928 3720 983 mutandus

2065 1010 2125 1066 in
2162 1011 2455 1066 hominem
2490 1011 2728 1066 omnino
2757 1012 3221 1084 impeccabilem,
3244 1013 3412 1086 quasi
3443 1019 3586 1071 tunc
3616 1017 3715 1071 de-

2067 1100 2336 1170 posueris
2385 1105 2636 1154 veterem
2698 1099 2996 1156 hominem
3061 1107 3117 1157 et
3163 1119 3375 1158 novum
3434 1104 3714 1174 induerit,

2067 1197 2242 1260 atque
2300 1189 2710 1244 reformandus
2769 1190 2840 1244 ad
2875 1190 3191 1262 imaginem
3253 1193 3370 1248 Dei.
3402 1193 3716 1265 Nunquam

2067 1282 2262 1333 autem
2296 1276 2520 1332 malitia
2549 1294 2682 1332 eum
2718 1277 2871 1332 sinet
2900 1295 2933 1333 a
2963 1295 3168 1334 somno
3200 1280 3360 1350 gravi
3390 1281 3653 1354 excitari,
3685 1299 3717 1338 e

2065 1366 2187 1422 vita
2217 1367 2441 1437 vinosa,
2476 1371 2649 1438 atque
2680 1382 2748 1421 ex
2777 1367 3058 1422 ebrietate
3097 1367 3233 1422 inde
3283 1374 3714 1440 consequente;

2067 1471 2132 1511 ac
2162 1455 2246 1510 ita
2273 1455 2592 1527 recogitare
2645 1458 2712 1509 ut
2755 1453 3011 1510 salvetur
3041 1472 3144 1528 per
3192 1457 3632 1514 conversionem
3662 1463 3720 1515 et

2067 1544 2261 1617 magni
2290 1543 2530 1600 habitus
2561 1543 3062 1600 informationem.
3101 1545 3186 1600 Ad
3219 1547 3371 1616 quod
3405 1545 3595 1603 solum
3625 1564 3719 1604 ac-

2067 1635 2338 1689 cedentes
2369 1635 2626 1689 minores
2671 1633 2963 1700 monachi,
3021 1633 3333 1705 perﬁciunt
3378 1635 3636 1706 pessima
3665 1637 3722 1691 et

2068 1723 2355 1779 malitiam
2388 1728 2714 1797 congerunt
2765 1724 3164 1780 evacuandam
3215 1727 3476 1796 tempore
3520 1723 3720 1796 magni

2070 1813 2331 1879 habitus,
2355 1817 2420 1868 ut
2441 1813 2620 1883 hujus
2642 1811 2966 1884 spiritualis
2993 1813 3314 1868 curationis
3345 1817 3548 1869 auctor
3571 1815 3719 1870 Deus

2071 1902 2168 1958 isti
2203 1901 2448 1958 scelesto
2480 1903 2551 1958 de
2577 1902 2736 1957 vitiis
2780 1907 2916 1974 agat
2939 1901 3127 1971 gratia
3167 1918 3232 1957 eo
3264 1903 3418 1973 quod
3454 1919 3554 1972 per
3584 1918 3718 1958 eum

2071 1991 2258 2062 magis
2289 1991 2668 2047 admirandus
2701 1991 2978 2046 fuerit.Et
3008 1994 3322 2063 postquam
3354 1991 3514 2046 omni
3546 2007 3720 2062 opere

2071 2081 2224 2136 bono
2256 2096 2450 2135 carere
2500 2081 2877 2146 studuerunt,
2930 2096 2996 2135 ea
3047 2079 3258 2135 deinde
3307 2095 3409 2150 per
3438 2095 3716 2152 magnam

2071 2175 2376 2225 tonsuram
2410 2169 2622 2225 habere
2647 2167 3428 2240 satagunt,irrationabiliter
3456 2173 3718 2241 agentes,

2072 2264 2129 2314 et
2159 2275 2273 2313 non
2304 2258 2700 2330 intelligentes
2727 2258 2887 2312 istud
2915 2274 2928 2312 :
2963 2280 2993 2307 «
3025 2258 3444 2314 Manducemus
3476 2262 3534 2313 et
3561 2259 3723 2314 biba-

2073 2365 2228 2416 mus,
2261 2364 2390 2404 cras
2448 2348 2606 2404 enim
2638 2347 3040 2403 moriemur".
3090 2347 3207 2404 Hoc
3263 2350 3353 2403 est
3409 2348 3721 2405 Peccemus

2073 2437 2321 2505 fortiter,
2355 2453 2483 2492 cras
2513 2436 2670 2492 enim
2698 2439 2974 2508 suscepto
3005 2436 3210 2492 habitu
3243 2441 3465 2506 sancto,
3499 2438 3720 2493 mortui

2075 2525 2285 2582 sacculo
2317 2531 2374 2582 et
2430 2526 2650 2582 mundo
2699 2529 2971 2598 corrupto
3023 2530 3082 2581 et
3140 2526 3558 2597 corrumpenti,
3604 2527 3720 2583 Deo

2074 2617 2465 2684 adstabimus,
2525 2619 2856 2688 peccatores
2912 2615 3166 2688 amplius
3216 2633 3336 2673 non
3382 2616 3586 2685 futuri,
3618 2617 3719 2673 sed

2075 2703 2304 2761 similes
2335 2704 2579 2778 angelis.

314 2792 668 2866 Αμάρτωμεν
719 2787 1127 2851 ἁνυποστόλως’
1162 2784 1347 2864 αὔριον
1389 2789 1494 2864 γὰρ
1553 2785 1643 2842 διὰ
1688 2792 1786 2843 τοῦ
1818 2788 2085 2865 ἀγχθιὲου
2118 2794 2405 2868 σχήματος
2438 2791 2681 2854 θανόντες
2707 2795 2788 2865 τῷ
2817 2791 2907 2846 καὶ
2937 2796 3157 2870 φθαρτῷ
3179 2793 3270 2847 καὶ
3300 2796 3580 2868 φθαρτικῷ
3615 2792 3721 2869 βίῳ

300 2881 399 2937 καὶ
429 2879 645 2954 κόσμῳ,
679 2879 1139 2954 παραστησόμεθα
1164 2881 1244 2950 τῷ
1270 2881 1406 2949 Θεῷ,
1441 2876 1619 2933 ούκὲτι
1651 2877 1995 2953 ἁμαρτωλοὶ,
2029 2877 2174 2936 ἀλλὰ
2207 2881 2467 2956 ἀγγέλοις
2497 2879 2705 2953 ὅμοιοι.
3655 2881 3662 2887 ’

382 3014 516 3088 ρος’.
552 3012 646 3067 Καὶ
708 3010 921 3086 γίνοιτο
983 3013 1078 3084 μὶν
1132 3015 1319 3084 τυχεῖν
1377 3009 1504 3072 τοὺς
1557 3009 1842 3073 τοιούτους
1898 3011 1960 3067 οὗ

305 3101 558 3178 λέγουσι.
587 3099 682 3162 Τίς
735 3097 792 3154 δὲ
835 3097 946 3154 οἶδε
986 3099 1077 3154 τὸν
1121 3105 1221 3168 τῆς
1270 3097 1529 3170 ἐπιούσης
1577 3100 1760 3171 τόκον,
1791 3100 1837 3155 εἰ
1884 3103 1960 3174 μὴ

305 3186 832 3263 ἔξαμϐλωθήσεταις
879 3189 1026 3250 Τὲως
1079 3207 1140 3264 γε
1199 3188 1306 3260 μὴν
1367 3186 1775 3264 ἐπαγγέλλεται,
1831 3187 1963 3263 ὅπερ

2146 3016 2266 3071 176.
2300 3017 2370 3071 Et
2417 3016 2644 3072 utinam
2678 3017 2828 3089 quod
2851 3017 3056 3073 dicunt
3107 3017 3411 3073 obtineant
3457 3016 3579 3073 isti.
3611 3017 3721 3074 Ve-

2074 3122 2203 3160 rum
2236 3106 2370 3178 quis
2401 3106 2564 3161 novit
2603 3110 2801 3161 utrum
2851 3110 3055 3176 partus
3086 3106 3200 3161 diei
3253 3106 3528 3178 proxima:
3555 3106 3724 3160 abor-

2071 3197 2200 3249 tum
2233 3210 2348 3248 non
2380 3196 2457 3249 sit
2480 3211 2764 3266 passurus
2783 3194 2811 3248 ?
2834 3195 3126 3250 Hactenus
3148 3195 3386 3265 quidem
3418 3209 3723 3265 magnum,

300 3279 534 3357 ἔφαμεν,
567 3279 658 3332 τὸν
689 3281 808 3332 οἷον
848 3275 1321 3353 μεγαλοσχήμονα
1351 3277 1379 3330 ὁ
1428 3277 1504 3349 μὴ
1566 3276 1725 3332 εἰσὲτι
1780 3282 1960 3332 τοιοῦ-

2076 3287 2142 3338 ut
2175 3283 2451 3350 diximus,
2487 3283 2840 3339 monachum
2866 3284 3241 3338 commendat
3262 3284 3362 3354 qui
3390 3283 3517 3354 ipse
3546 3281 3597 3338 ei
3620 3299 3727 3354 par

293 3389 396 3430 τος
451 3367 781 3443 ἡγούμενος.
824 3363 1086 3420 Ψεύδεται
1147 3362 1224 3437 δὲ,
1283 3365 1575 3438 σεμνότητι
1635 3366 1727 3439 μὲν
1787 3386 1958 3441 προσ-

293 3457 478 3529 ώπου,
508 3457 616 3510 ’καὶ
675 3453 890 3530 ὀφρύων
950 3452 1213 3524 συνδέσει,
1260 3453 1350 3508 καὶ
1405 3455 1632 3532 νεφώσει
1689 3459 1786 3508 τοῦ
1842 3467 1960 3509 κατ’

292 3541 426 3620 ὄψιν
453 3543 640 3614 ἡλίου,
673 3544 763 3599 καὶ
809 3541 1128 3620 βλεμματος
1189 3540 1548 3615 ὑπουλότητι,
1577 3541 1666 3597 καὶ
1724 3541 1956 3597 κατακύ-

289 3639 389 3710 ψει
419 3639 491 3708 τῇ
525 3634 600 3698 εἷς
627 3640 752 3708 γῆν,
775 3633 862 3688 καὶ
903 3633 1098 3696 λαλιᾶς
1146 3630 1432 3705 ἐμμελείᾳ,
1465 3631 1556 3685 καὶ
1600 3633 1958 3707 προσχήματι

294 3723 708 3790 ταπεινώσεως,
735 3722 821 3776 καὶ
875 3726 956 3793 τῷ
1007 3725 1194 3796 συχνῷ
1249 3724 1346 3774 τοῦ
1383 3742 1409 3775 ε
1449 3719 1775 3796 εύλόγησον,
1809 3743 1838 3771 ››
1869 3720 1958 3774 καὶ

299 3814 465 3889 βαθεῖ
513 3813 950 3885 προσκυνήματι,
997 3810 1088 3864 καὶ
1135 3810 1508 3882 καταστήματι
1560 3803 1780 3864 εύλαϐεἷ
1828 3810 1960 3884 ἄχρι

297 3900 396 3956 καὶ
479 3900 644 3954 αὐτοῦ
729 3896 1065 3975 βαδίσματος
1149 3898 1239 3952 τὸν
1317 3897 1622 3973 πρώτιστον
1682 3896 1733 3952 ἐν
1795 3918 1961 3970 μονα-

302 3994 435 4066 χοῖς
469 3987 838 4067 ὁπεμφαίνωνο
867 3988 938 4042 τὰ
965 3984 1152 4042 πολλὰ
1181 3982 1238 4040 δὲ
1293 3985 1382 4041 καὶ
1433 3981 1770 4059 ὑπερϐαίνειν
1833 3986 1975 4041 suis

299 4100 416 4150 νον,
460 4079 694 4150 πέμπων
753 4075 997 4148 δόκησιν·
1059 4073 1246 4136 ἄλλως
1303 4072 1361 4129 δὲ
1417 4075 1648 4152 ὑπέρφευ
1705 4074 1780 4136 εἷς
1837 4076 1960 4130 ὅσον

300 4162 610 4224 ὑποϐαίνων
670 4166 757 4220 καὶ
807 4163 1218 4237 ἐλαττούμενος.
1253 4163 1313 4217 Τί
1361 4160 1417 4217 δέ
1465 4184 1609 4241 φημι
1642 4187 1670 4215 ‹‹
1703 4162 1964 4219 ἐλαττού-

297 4277 467 4332 μενος
496 4255 735 4324 ἐκείνους
772 4277 802 4306 »
837 4251 956 4308 δὲον
1005 4251 1175 4308 εἷπεῖν
1223 4252 1363 4328 πρὸτ
1406 4249 1684 4322 ἀλήθειαν,
1709 4251 1792 4307 ὅτι
1839 4250 1964 4307 οὐδὲ

293 4347 438 4419 πρὸς
493 4345 586 4399 τὸν
639 4350 739 4413 τῆς
801 4343 1106 4418 εἰσαγωγῆς
1169 4341 1407 4418 μοναχὸν
1467 4339 1840 4414 ἁμιλλήσαιτο
1899 4340 1959 4396 ἂν

299 4437 328 4491 ὁ
387 4432 642 4495 τοιούτος
675 4452 688 4466 ο
747 4431 836 4487 ὅτε
891 4453 975 4494 τις
1032 4429 1258 4506 πρώτην
1325 4431 1522 4506 ἀράξας
1583 4426 1816 4505 βαλϐίδα
1865 4435 1963 4486 τοῦ

299 4524 440 4583 κατά
498 4525 626 4579 Θεὸν
686 4520 930 4590 σταδίου,
991 4522 1150 4598 ὀρθὸν
1213 4520 1445 4592 ὲξανύειν
1495 4521 1783 4598 ἀπαρξεται
1844 4519 1963 4597 δρό-

2069 3388 2184 3426 non
2215 3377 2325 3427 est.
2360 3372 2664 3438 Mentitur,
2697 3373 2794 3442 qui
2817 3371 3043 3442 primus
3067 3386 3198 3426 esse
3219 3370 3372 3425 inter
3402 3369 3723 3424 monachos

2066 3459 2323 3526 videtur,
2352 3465 2410 3515 et
2439 3459 2602 3515 vultu
2632 3461 2908 3530 verendo,
2940 3465 2997 3515 et
3017 3458 3244 3531 junctis
3276 3458 3631 3530 superciliis,
3664 3461 3725 3514 et

2068 3551 2257 3607 velata
2285 3551 2438 3605 nube
2459 3550 2766 3606 oculorum
2790 3549 2932 3616 acie,
2957 3554 3014 3605 et
3040 3549 3258 3604 intuitu
3289 3548 3509 3620 perﬁdo
3533 3548 3591 3602 in
3611 3552 3724 3603 ter-

2069 3655 2192 3695 ram
2226 3639 2432 3709 delixo,
2465 3644 2520 3694 et
2549 3653 2816 3694 sermone
2847 3642 3167 3709 compto,et
3198 3636 3530 3692 humilitate
3561 3637 3717 3707 ficta,

2071 3737 2123 3784 et
2154 3729 2306 3784 dicto
2340 3728 2554 3800 saepius
2583 3743 2595 3781 :
2647 3727 2997 3803 Benedicite,
3031 3731 3087 3781 et
3127 3743 3342 3797 magna
3372 3725 3717 3795 reverentia,

2069 3823 2127 3874 et
2155 3817 2427 3890 religiosa
2456 3816 2516 3871 in
2543 3817 2777 3872 incessu
2809 3816 2984 3871 etiam
3008 3815 3452 3886 tranquillitate,
3480 3831 3543 3871 se
3588 3831 3716 3870 ma-

2064 3907 2256 3978 jorem
2289 3921 2416 3960 esse
2447 3903 2623 3960 etiam
2657 3903 2998 3976 plerumque
3020 3904 3356 3975 opinionem
3378 3903 3568 3974 injicit
3595 3903 3718 3971 ;sed

2073 3995 2263 4065 aliter,
2296 3994 2441 4065 proh
2474 3993 2670 4049 dolor!
2703 3992 2918 4048 mirum
2949 3997 3232 4061 quantum
3269 3994 3460 4048 minor
3489 3997 3546 4048 et
3575 3993 3722 4047 infe-

2071 4084 2190 4139 rior
2210 4088 2317 4138 est.
2338 4082 2635 4138 Veraciter
2656 4082 2970 4137 dicendum
2994 4087 3084 4137 est
3110 4082 3288 4138 istum
3312 4097 3382 4137 ne
3405 4098 3539 4138 cum
3571 4081 3728 4138 novi-

2071 4173 2151 4227 tio
2183 4171 2422 4242 quidem
2455 4169 2742 4226 monacho
2774 4171 3195 4226 conferendum
3229 4186 3379 4241 esse,
3403 4171 3502 4244 qui
3532 4170 3721 4244 primo

2071 4259 2374 4316 obstaculo
2433 4259 2612 4314 divini
2665 4259 2844 4313 stadii
2903 4259 3127 4328 avulso,
3175 4264 3332 4315 recta
3387 4275 3618 4315 currere
3649 4258 3722 4314 ad

2071 4350 2255 4406 Deum
2288 4349 2525 4420 incepit.
2580 4347 2767 4419 Opera
2816 4348 2972 4402 enim
3033 4349 3457 4404 monachorum
3501 4348 3560 4402 in
3593 4353 3727 4402 tan-

2070 4441 2196 4492 tum
2225 4439 2514 4510 attingere
2544 4442 3095 4510 recusat,quantum
3128 4438 3299 4493 homo
3324 4438 3598 4493 manibus
3628 4453 3726 4492 ca-

2071 4542 2228 4581 rens.
2261 4526 2546 4582 Continuo
2579 4527 2804 4583 otiosus
2836 4526 3070 4595 residet,
3105 4532 3162 4582 et
3193 4527 3320 4582 ideo
3367 4524 3731 4598 concupiscit

308 4636 413 4690 μον
471 4611 560 4669 ἐπὶ
614 4612 684 4668 τὰ
739 4613 876 4666 θεῖα.
913 4609 1280 4712 Ἐργρχείρων
1343 4612 1437 4684 μὲν
1486 4610 1584 4687 γὰρ
1648 4616 1960 4687 μοναχικῶν

2073 4631 2139 4669 ac
2171 4613 2438 4685 loquitur
2468 4615 2922 4687 qualiacunque,
2959 4621 3020 4670 ut
3051 4631 3155 4687 par
3183 4620 3296 4681 est,
3328 4631 3582 4686 quorum
3614 4613 3732 4686 ple-

302 4705 568 4766 ἅπτεσθαι
621 4705 881 4756 τοσοῦτον
933 4696 1172 4768 ἀποδὲει,
1236 4697 1350 4754 ἴσον
1381 4699 1470 4754 καὶ
1521 4704 1725 4776 χειρῶν
1781 4697 1960 4769 ὲνδεὴς

2075 4719 2257 4772 raque
2287 4704 2357 4758 ad
2393 4705 2698 4774 passiones
2728 4708 2786 4758 et
2814 4720 2913 4758 eas
2944 4720 3059 4757 non
3102 4702 3430 4758 laudabiles
3457 4706 3732 4774 vergunt.

304 4791 615 4867 ἅνθρωπος.
648 4791 893 4860 Κάθηται
923 4789 1023 4864 γὰρ
1058 4786 1251 4843 διόλου
1281 4789 1488 4864 ἀεργός’
1522 4788 1611 4843 καὶ
1644 4785 1713 4842 δι’
1746 4788 1876 4843 αὐτὸ
1908 4789 2212 4863 ἐνθυμεῖται
2244 4790 2330 4843 καὶ
2365 4787 2752 4862 διαλογίζεται,
2785 4791 2858 4851 ὡς
2885 4790 3048 4859 εἰκὸς,
3073 4795 3321 4860 παντοῖα,
3356 4791 3427 4844 ὧν
3453 4810 3520 4844 τα
3549 4787 3727 4844 πλείω

303 4881 397 4937 καὶ
429 4877 508 4943 εἵς
535 4901 685 4942 τινας
715 4876 1006 4952 ἐπιθυμίας
1039 4875 1263 4949 ὲκνεύει,
1294 4876 1382 4932 καὶ
1416 4878 1582 4940 αύτὰς
1615 4875 1747 4939 ἴσως
1780 4877 1879 4932 ούκ
1909 4872 2325 4940 ἀποϐλεπούσας
2348 4875 2424 4939 εἴς
2452 4900 2502 4932 τι
2537 4879 2753 4953 ἀγαθόν.

385 5016 522 5092 ρος.
565 5020 758 5083 Διττῆς
815 5011 918 5088 γὰρ
977 5007 1142 5082 οὔσης
1190 5017 1292 5081 τῆς
1347 5010 1658 5084 ἐπιθυμίας,
1711 5018 1811 5081 τῆς
1871 5013 1964 5085 μὲν

299 5103 730 5177 ἰπαινουμένης,
788 5101 907 5156 καθ’
964 5101 1032 5170 ἣν
1086 5098 1388 5172 ἐπιθυμιῶν
1447 5101 1582 5176 ἀνὴρ
1641 5100 1668 5154 ὁ
1728 5097 1966 5175 διορατι-

301 5193 552 5254 κώτατος
601 5190 812 5267 εἴρηται
869 5187 1098 5260 Δανιήλ·
1131 5195 1232 5258 τῆς
1290 5186 1349 5244 δὲ
1401 5187 1664 5265 ἐπιψόγου
1719 5189 1964 5262 (τοιαύτη

305 5281 367 5338 δὶ
420 5284 455 5352 ἡ
513 5281 622 5335 τῶν
680 5279 990 5356 ἀργούντων
1050 5279 1185 5332 κατᾶ
1230 5278 1322 5332 τὸν
1374 5279 1548 5354 ὀρθῶς
1582 5277 1822 5346 εἷ’πόντα,
1860 5303 1880 5329 α
1913 5278 1963 5332 ἐν

311 5369 628 5442 ἱπιθυμίαις
689 5369 819 5423 εἶναι
877 5367 968 5422 τὸν
1027 5365 1242 5442 ἀεργόν·
1295 5370 1345 5440 ››)
1401 5367 1498 5422 οὐκ
1553 5366 1775 5428 ἀπεικὸς
1827 5366 1966 5444 φαύ-

312 5459 430 5517 λων
487 5455 788 5531 ἐπιθυμιῶν
843 5454 1133 5524 κλύζεσθαι
1190 5453 1393 5529 κύμασι
1457 5455 1548 5511 τὸν
1618 5453 1966 5532 καθηγούμε-

388 5656 434 5693 ⁸⁷
466 5655 582 5714 Isa.
613 5669 753 5724 χιιι,
788 5653 875 5710 13.
952 5651 996 5689 ³⁸
1027 5651 1198 5710 Prov.
1231 5669 1349 5727 xxi,
1379 5653 1471 5712 25.

2152 5015 2272 5070 177.
2346 5013 2605 5085 Duplicis
2685 5015 2915 5087 generis
3003 5030 3132 5070 cum
3218 5014 3337 5070 sint
3399 5015 3729 5087 passiones,

2077 5101 2202 5158 alia
2236 5104 2476 5173 quidem
2530 5103 2882 5171 laudabiles,
2933 5104 3148 5174 quibus
3197 5103 3400 5160 Daniel
3441 5102 3732 5176 peritissi-

2077 5209 2209 5248 mus
2241 5193 2432 5247 dictus
2467 5198 2556 5248 est
2598 5193 2687 5246 vir
2734 5194 3199 5259 desideriorum;
3242 5198 3298 5248 et
3347 5192 3472 5247 aliis
3503 5192 3728 5263 vitupe-

2075 5281 2270 5336 randae
2304 5285 2382 5351 (et
2411 5283 2558 5336 tales
2591 5285 2732 5336 sunt
2770 5281 3112 5349 otiosorum,
3150 5283 3318 5352 juxta
3348 5286 3500 5336 recte
3528 5280 3730 5335 dicen-

2074 5372 2192 5424 tem
2221 5385 2235 5423 :
2272 5370 2331 5424 In
2365 5369 2673 5424 desideriis
2724 5385 2852 5425 esse
2901 5370 3133 5442 pigrum
3162 5371 3250 5442 ³⁸),
3308 5367 3614 5425 virisimile
3641 5369 3734 5424 est

2074 5475 2388 5532 pravarum
2417 5459 2761 5531 passionum
2795 5460 3070 5516 ﬂuctibus
3118 5460 3324 5534 agitari
3363 5459 3726 5533 prafectum,
