4104 6210
351 399 474 459 879

1121 395 1543 460 ΕΠΞΤΛἸἮΠ
1583 392 2007 456 THESSALO]

2118 392 2346 455 {ENSIS
2393 390 2986 454 METROPOLITE

3642 383 3790 448 880

350 548 485 588 cum
515 532 784 589 inclusus
811 532 869 588 in
902 531 1197 598 cellula,et
1217 530 1492 586 universa
1511 528 1743 603 negotia
1763 532 2000 584 externa

2118 547 2224 595 νον,
2258 524 2347 582 ὅτε
2406 525 2629 596 συνάξας
2679 524 2864 580 ἑαυτὸν
2923 517 3028 578 ἔσω
3083 524 3182 577 τοῖ)⁹
3239 517 3486 594 κελλίου,
3517 519 3608 574 καὶ
3657 539 3787 574 των

350 622 714 695 relinquens,
751 622 808 677 in
840 622 958 678 otio
990 625 1269 677 remanet.
1304 622 1427 687 Quo
1471 625 1732 691 tempore
1764 619 1832 674 ad
1867 632 2001 673 eum

356 712 761 781 ascendentes,
839 726 1092 782 eumque
1149 711 1557 782 oppugnantes
1619 707 2002 779 cogitationes

355 817 490 858 eum
521 801 761 871 dignum
821 799 1032 854 facient
1080 798 1498 853 lamentatione
1545 797 1825 852 adversus
1854 795 2003 851 tales

357 887 502 944 nihil
562 889 798 960 agentes
859 886 1061 942 illata:
1119 909 1146 937 «
1207 887 1304 941 Vae
1364 886 1494 956 soli,
1549 885 1744 957 inquit
1803 883 2006 956 «quia

357 994 489 1032 cum
519 976 793 1032 ceciderit
822 993 937 1031 non
988 976 1614 1042 habetfsublevantem
1675 991 1737 1030 se
1757 974 1821 1028 ³ο.
1875 995 1902 1023 ››
1936 973 2005 1027 Et

355 1064 654 1121 solitarius
710 1069 800 1121 est
857 1065 1114 1136 profecto
1172 1064 1468 1136 praelatus,
1524 1064 1623 1136 qui
1680 1064 1895 1134 degens
1942 1061 2002 1116 in

354 1153 492 1220 otio,
525 1168 713 1224 neque
763 1153 894 1209 aliis
946 1152 1228 1209 fratribus
1272 1153 1618 1208 cadentibus
1649 1151 1862 1207 auxilio
1893 1154 2001 1219 est,

353 1259 460 1298 nec
488 1257 587 1298 eos
647 1242 934 1313 sublevat,
983 1258 1174 1314 neque
1206 1242 1316 1297 sibi
1367 1242 1521 1314 quod
1555 1241 1786 1313 expedit
1836 1239 2002 1294 adin-

351 1331 532 1398 venit,
565 1335 622 1386 et
650 1347 767 1403 quo
798 1330 1002 1403 lapsus
1035 1336 1318 1403 resurgat,
1353 1336 1410 1387 et
1439 1347 1506 1386 ex
1543 1330 1705 1386 fovea
1734 1329 1790 1384 in
1825 1344 2002 1401 quam

353 1419 646 1476 inciderat
673 1423 953 1491 emergat.

429 1509 551 1564 178.
586 1509 702 1564 Isto
736 1508 908 1564 modo
939 1508 1116 1563 vitam
1153 1507 1557 1564 monachicam
1590 1507 1711 1580 agit
1741 1511 1905 1578 pater
1943 1504 2002 1560 in

357 1597 496 1653 otio.
527 1597 635 1653 Sed
667 1613 801 1652 cum
835 1600 1041 1653 fratres
1064 1598 1437 1664 conveniunt,
1469 1603 1610 1651 tunc
1640 1596 1864 1651 videres
1895 1595 2004 1649 ho-

359 1685 578 1740 minem
611 1684 1106 1757 qualemcunque,
1138 1691 1195 1740 et
1225 1690 1290 1740 ut
1317 1686 1428 1740 fert
1458 1683 2005 1755 proverbium,nibil

357 1779 668 1841 sanctum;
703 1773 842 1842 sive,
905 1778 968 1829 ut
999 1774 1168 1830 aliter
1215 1774 1428 1842 dicam,
1491 1772 1800 1844 pulchrum
1833 1779 2007 1843 caput

358 1866 556 1918 mento
587 1861 776 1918 valido
821 1863 1189 1935 impositum,
1242 1863 1444 1935 quales
1492 1860 1866 1918 monasteriis
1896 1878 2002 1916 sae-

361 1951 494 2024 pius
551 1951 949 2023 praeticiuntur
977 1969 1010 2006 a
1067 1952 1236 2007 nobis
1283 1951 1638 2020 errantibus,
1699 1954 1773 2020 et,
1819 1950 1890 2004 ad
1923 1949 2007 2004 sic

359 2041 696 2107 dicendum,
719 2040 1332 2109 conjicientibus.ldeo
1363 2040 1462 2111 qui
1484 2039 1784 2094 victimam
1818 2037 2009 2093 riden-

360 2129 496 2185 dam
531 2128 678 2184 nihil
736 2129 894 2184 aliud
940 2147 1070 2185 esse
1128 2135 1303 2200 atque
1347 2145 1566 2184 cornua
1622 2132 1726 2184 aut
1764 2127 2007 2182 barbam

359 2223 642 2285 cerneret,
678 2223 877 2290 posset
922 2217 1274 2272 concinnare
1323 2233 1458 2271 cum
1508 2215 1747 2288 parodia
1777 2215 2008 2271 haedum

357 2308 510 2362 inter
537 2322 637 2363 eos
662 2311 1019 2378 praeeuntem
1050 2321 1178 2361 esse
1208 2306 1578 2361 solummodo
1626 2304 2008 2377 supercilium

355 2401 412 2452 et
444 2397 708 2451 barbam.
757 2395 1002 2451 Talibus
1042 2400 1238 2451 tamen
1291 2395 1556 2467 personis
1613 2393 2009 2450 subscribitur

356 2484 556 2556 magni
588 2483 863 2540 monachi
912 2499 1148 2540 nomen.
1207 2484 1274 2540 Et
1322 2484 1476 2555 quod
1537 2481 1869 2538 mirabilius
1897 2488 2005 2548 est,

353 2590 488 2630 cum
521 2573 749 2639 habitu,
784 2589 897 2628 non
935 2589 994 2627 re
1021 2589 1304 2645 magnum
1353 2572 1619 2645 habitum
1668 2572 2003 2643 praeferunt,

352 2663 453 2735 qui
484 2662 723 2718 habitus
754 2678 1002 2732 magnus
1045 2663 1256 2716 virtute
1301 2661 1535 2729 dicitur,
1587 2675 1862 2732 magnam
1897 2659 2006 2730 hy-

351 2750 656 2822 pocrisim,
689 2751 844 2806 dicet
873 2749 1107 2822 aliquis,
1133 2750 1467 2821 praeferunt.
1489 2751 1728 2815 Quando
1760 2765 1918 2820 ergo,
1943 2751 2008 2802 ut

351 2840 571 2894 dictum
606 2844 714 2906 est,
748 2840 812 2894 fit
861 2840 1109 2895 fratrum
1149 2843 1493 2907 conventus,
1547 2843 1690 2894 tunc
1731 2836 2006 2909 praalatus

351 2931 570 2995 noster,
604 2927 1029 2998 qualiscunque
1072 2927 1149 2983 sit
1192 2931 1272 2991 (et
1319 2942 1519 2982 revera
1551 2943 1664 2981 non
1719 2931 1808 2982 est
1837 2942 2005 2995 mag-

354 3019 512 3085 nus),
532 3032 706 3088 opere
730 3033 1012 3071 manuum
1032 3033 1146 3071 non
1172 3015 1549 3070 incumbente
1565 3031 1633 3068 ex
1659 3014 2007 3070 necessitate

355 3105 670 3176 (quomodo
687 3105 842 3160 enim
865 3103 1090 3176 operari
1117 3104 1175 3158 in
1202 3108 1516 3176 conspectu
1541 3103 1863 3159 multorum
1888 3121 2004 3159 non

352 3199 670 3261 vereretur,
705 3193 804 3266 qui
836 3193 1000 3249 solus
1051 3194 1108 3249 id
1169 3193 1291 3249 odit
1309 3193 1358 3265 ?)
1414 3193 1793 3248 sermocinari
1823 3193 2002 3263 eligit.

353 3283 487 3348 Quas
519 3264 800 3337 dicuntur
820 3286 1160 3349 autem,non
1189 3282 1539 3354 quaestiones
1569 3283 1640 3337 de
1660 3282 2000 3355 Scripturis,
2034 3264 2078 3331 C

353 3385 470 3424 non
546 3373 886 3424 sanctarum
963 3368 1389 3423 obscuritatum
1461 3367 1824 3436 solutiones,
1883 3383 2001 3424 non

353 3456 464 3513 loci
497 3462 838 3536 sanctorum
896 3457 1161 3522 Patrum,
1215 3473 1331 3512 non
1387 3456 1794 3528 interpretatio
1854 3457 2002 3511 divi-

357 3562 568 3601 norum
600 3546 933 3616 verborum,
968 3563 1083 3602 non
1115 3544 1319 3601 relatio
1369 3549 1708 3602 sanctarum
1740 3546 2001 3618 discipli~

353 3652 588 3702 narum,
622 3652 739 3690 non
795 3634 1120 3690 exhortatio
1176 3634 1246 3690 de
1300 3633 1395 3690 his
1438 3651 1564 3706 quae
1598 3650 1764 3700 agere
1795 3635 2003 3692 fratres

355 3729 601 3796 oportet,
635 3729 698 3779 ut
728 3724 848 3779 sint
875 3722 1208 3795 spirituales
1240 3722 1511 3795 operarii,
1545 3727 1602 3778 et
1651 3724 1722 3779 de
1752 3723 1845 3778 bis
1874 3741 2006 3795 qua:

355 3813 735 3884 praecavenda
780 3815 938 3877 sunt,
975 3828 1088 3866 non
1136 3810 1336 3882 aliqua
1366 3809 1511 3865 ratio
1551 3809 1800 3881 eligendi
1828 3811 2003 3884 bona,

356 3907 414 3958 et
468 3901 686 3956 vitandi
749 3900 996 3967 malum,
1057 3899 1256 3954 nullus
1315 3899 1644 3968 discursus,
1697 3899 1860 3957 nulla
1902 3901 2005 3956 de-

360 3990 600 4063 scriptio
632 3989 849 4061 quibus
883 3989 981 4043 alii
1007 3989 1132 4060 jam
1155 3988 1309 4044 docti
1341 3988 1630 4044 doctiores
1681 3989 1824 4045 ﬁant
1854 3989 2008 4047 circa

363 4077 651 4152 principia
683 4077 846 4148 prius
890 4077 1124 4142 tradita,
1160 4081 1218 4132 et
1265 4076 1361 4130 alii
1393 4076 1580 4148 ignari
1639 4077 1924 4150 incipiant
1953 4084 2010 4134 et

362 4167 670 4238 perﬁciant
719 4165 975 4220 divinam
1035 4164 1362 4220 scientiam.
1424 4165 1548 4221 Non
1602 4181 1738 4238 ergo
1801 4167 2006 4239 hujus-

363 4254 522 4311 modi
553 4260 693 4310 sunt
727 4255 946 4326 praelati
978 4254 1521 4323 sermocinationes,
1559 4272 1699 4312 sane
1727 4273 1860 4313 vero
1888 4275 2010 4314 ser-

361 4361 566 4401 mones
597 4344 825 4400 confusi
855 4345 926 4400 de
959 4361 1019 4399 re
1050 4360 1422 4416 quacunque.
1457 4344 1710 4402 Exorsus
1742 4363 1775 4403 a
1803 4347 2008 4418 vineis,

361 4451 396 4490 a
425 4433 720 4489 messibus
750 4437 807 4488 et
837 4431 1076 4489 tributis
1130 4433 1431 4504 exigendis
1459 4437 1517 4488 et
1559 4432 1690 4489 aliis
1721 4435 1898 4492 rebus
1925 4439 2011 4494 sio

361 4522 660 4596 proficuis,
711 4522 853 4592 quia
902 4522 960 4576 in
1021 4521 1315 4577 reddenda
1363 4521 1585 4577 ratione
1625 4523 1696 4577 de
1743 4526 2011 4595 personis

2111 608 2212 685 ἔξω
2287 617 2501 672 πάντων
2580 615 2865 692 ἀφέμενος,
2921 611 2972 667 έν
3041 611 3202 688 ἀργίᾳ
3277 610 3445 684 μένει.
3496 611 3623 665 Ὅτε
3680 607 3792 664 καὶ

2113 698 2482 767 ἀναϐαίνοντες
2514 703 2589 768 εἷς
2633 702 2795 757 αὐτὸν
2855 699 3208 776 διαλογισμοὶ
3266 699 3353 755 καὶ
3408 696 3798 773 πολιορκοῦνο

2109 814 2216 861 τες,
2258 791 2664 869 ἀποκληροῦσιν
2706 791 2866 846 αὐτὸν
2923 795 3004 862 τῷ
3054 791 3241 867 θρήνῳ
3278 794 3359 862 τῷ
3389 787 3476 843 ἐπὶ
3507 793 3626 849 τοῖς
3680 786 3793 841 0'3-

2110 903 2218 944 τως
2259 882 2648 958 ἡσυχάζουσιν.
2679 905 2706 934 ‹‹
2741 879 2876 938 Οὐαὶ
2919 879 3046 955 γὰρ,
3093 878 3250 956 φησὶ,
3282 882 3361 950 τῷ
3412 875 3510 948 ἑνὶ,
3543 875 3652 948 ὅτι,
3688 874 3795 928 ἐὰν

2112 971 2267 1046 πέσῃ,
2301 971 2403 1026 οὐκ
2459 969 2574 1047 ἔχει
2632 971 2722 1025 τὸν
2789 968 3131 1045 ἒξεγεροῦντα
3185 990 3213 1019 ››
3263 969 3524 1026 Τοιοῦτος
3580 962 3643 1018 δὶ
3697 965 3798 1025 εἷς

2111 1061 2201 1116 καὶ
2232 1062 2259 1115 6
2289 1059 2724 1135 καθηγούμενος,
2757 1059 2816 1120 ’ὀς
2873 1057 2924 1112 έν
2971 1055 3156 1133 ἀεργίᾳ
3213 1053 3441 1130 διάγων,
3475 1053 3598 1110 οὕτε
3654 1059 3796 1116 τοῖς

2111 1154 2217 1204 τῶν
2252 1147 2438 1206 ἄλλων
2467 1146 2716 1227 ἀδελφῶν
2747 1148 3004 1220 πτώμασι
3053 1147 3264 1221 βοηθεῖ,
3297 1143 3578 1214 έξανιστῶν
3637 1141 3796 1197 ὲκεί-

2111 1257 2256 1301 νους·
2318 1237 2407 1292 καὶ
2467 1235 2592 1292 οὐδὲ
2651 1237 2826 1308 ἑαυτῷ
2886 1235 3142 1310 μηχανὰς
3197 1232 3507 1310 ἐξευρίσκει,
3567 1228 3642 1286 δι’
3705 1229 3801 1285 ὧν

2112 1329 2287 1382 πεσὼν
2337 1329 2714 1397 ἀναστήσεται,
2769 1324 3149 1401 μετεωρισθεὶς
3204 1322 3263 1378 ἐκ
3313 1322 3408 1378 τοῦ
3464 1320 3801 1398 βοθρεύμα-

2112 1437 2227 1484 τος,
2259 1417 2305 1489 ᾦ
2336 1418 2736 1492 περιπέπτωκε.

2184 1507 2324 1580 ροη’.
2356 1506 2460 1562 Καὶ
2491 1503 2635 1560 οὕτω
2667 1504 2763 1578 μὶν
2802 1505 3018 1578 μονάζει
3049 1504 3077 1557 6
3107 1501 3288 1577 πατὴρ
3330 1500 3384 1555 ἰν
3435 1503 3515 1571 τῷ
3559 1499 3802 1573 ἀργεῖν.

2112 1598 2243 1652 "Ore
2301 1592 2357 1649 δὲ
2412 1599 2503 1649 καὶ
2563 1591 2862 1669 ὁμηγερέες
2915 1592 2968 1646 οἱ
3025 1588 3251 1668 ἀδελφοὶ
3307 1589 3594 1666 γένωνται,
3655 1586 3804 1642 τότε

2111 1681 2174 1738 ἂν
2224 1681 2331 1738 ἴδοι
2374 1705 2456 1747 τις
2513 1682 2739 1753 ὶκεῖνον,
2771 1677 3055 1755 ἄνθρωπον
3111 1675 3241 1735 ὄντα
3268 1678 3359 1734 τὸν
3387 1677 3659 1752 τυχόντα,
3691 1676 3804 1730 καὶ

2111 1774 2246 1828 κατά
2274 1775 2374 1843 τὴν
2402 1771 2697 1846 παροιμίαν
2728 1768 2881 1825 οὐδὲν
2912 1769 3080 1843 ἱερὸν,
3115 1769 3204 1824 καὶ
3240 1766 3428 1829 ἄλλως
3477 1764 3537 1821 δὲ
3585 1767 3802 1844 φάναι,

2113 1863 2406 1935 πρόσωπον
2467 1859 2838 1936 σεμν‹.πρεπὶς
2894 1856 3062 1935 ἀδροῦ
3119 1856 3328 1935 γενείου
3389 1856 3804 1926 ὑπερκαθήμεο

2115 1972 2228 2021 νον,
2265 1949 2486 2012 ὁποίους
2543 1950 2609 2003 τὰ
2665 1947 2845 2005 πλείω
2893 1947 3081 2026 ἐφιστᾷ
3135 1951 3254 2008 τοῖς
3329 1943 3805 2024 φροντιστηρίοις

2115 2042 2151 2110 ἡ
2201 2041 2318 2103 καθ’
2355 2039 2653 2113 ὑπόληψιν,
2687 2039 2761 2102 ὡς
2817 2036 2988 2098 οὕτως
3051 2036 3240 2101 εἰπεῖν,
3273 2036 3324 2090 ἓν
3370 2036 3505 2106 ἡμῖν
3565 2032 3806 2104 ἀπάτη.

2117 2129 2234 2206 Ἐφ’
2264 2129 2337 2181 ὧν
2367 2129 2395 2182 ὁ
2443 2126 2871 2199 ἐντεθυμημένος
2928 2125 2992 2180 τὸ
3045 2125 3490 2197 κωμικευόμενον
3549 2122 3804 2197 ἱερεῖον,

2120 2214 2272 2272 οὐδὲν
2328 2216 2386 2270 ’ὀν
2445 2213 2635 2284 ἀλλ’
2672 2213 2869 2290 κέρατα
2924 2215 3013 2268 καὶ
3067 2214 3296 2288 γένειον,
3327 2207 3661 2286 παρῳδήσοι
3730 2209 3806 2265 ἃν

2115 2306 2208 2360 τὸν
2260 2302 2597 2365 κατ“αύτοὺς
2650 2303 2838 2358 κτίλον
2888 2301 3295 2377 καθηγούμενον
3355 2300 3557 2372 σεμνὴν
3609 2296 3805 2374 ὀφρὸν

2118 2395 2251 2450 εἶναι
2301 2393 2390 2448 καὶ
2445 2393 2781 2468 γένειον.Ἐν
2843 2388 2900 2446 δὲ
2927 2397 3047 2453 τοῖς
3099 2388 3369 2450 τοιούτοις
3420 2388 3808 2462 καθυπογρᾶ-

2118 2503 2271 2560 φεται
2327 2482 2421 2555 μὶν
2481 2483 2570 2537 καὶ
2639 2482 2700 2536 τὸ
2780 2477 3235 2555 μεγαλόσχημον.
3287 2477 3610 2554 Καινότερον
3678 2473 3747 2532 δέ
3788 2492 3808 2510 ⁸

2118 2573 2182 2627 ού
2240 2572 2516 2647 πράγματι
2574 2571 2702 2646 γὰρ,
2763 2567 2908 2625 ἀλλά
2982 2570 3232 2644 σχήματι
3284 2567 3346 2621 τὸ
3401 2566 3515 2621 κατ’
3571 2565 3806 2641 ἀρετήν

2121 2659 2408 2736 μεγαλεῖον
2472 2659 2856 2738 προφαίνοντες
2921 2658 3062 2731 μέγα
3119 2662 3335 2732 σχῆμα,
3381 2653 3805 2729 προΐσχονται,

2117 2750 2191 2811 ὡς
2251 2747 2305 2804 εἷ’
2353 2770 2435 2811 τις
2491 2748 2660 2820 εἴποι,
2712 2746 2954 2824 μεγάλην
3029 2744 3338 2820 ὑπόκρισιν.
3399 2746 3530 2799 Ὅτε
3588 2742 3801 2798 τοίνυν

2118 2840 2409 2915 ὁμήγυρις,
2449 2839 2524 2902 ὡς
2575 2835 2789 2913 ἐρρέθη,
2841 2833 3108 2913 ἀδελφικὴ
3160 2832 3404 2909 γένηται,
3448 2832 3572 2887 τότε
3629 2828 3728 2902 δὴ
3769 2833 3804 2886 6

2114 2927 2232 2990 καθ’
2289 2929 2436 3000 ἡμᾶς
2482 2925 2806 3001 ᾑγούμενος,
2865 2925 3057 2986 ὁποῖος
3119 2922 3177 2977 ἂν
3233 2921 3323 2977 καὶ
3383 2918 3466 2992 εἴη
3521 2916 3668 2994 (ἔστι
3733 2917 3808 2975 δὲ

2115 3015 2339 3086 ἀληθῶς
2394 3016 2458 3071 οὐ
2511 3013 2718 3090 μέγας),
2767 3007 2926 3090 ἔργου
2990 3011 3041 3082 ἐξ
3099 3009 3336 3086 ἀνάγκης
3390 3009 3495 3085 οὐχ
3548 3009 3807 3064 ὑποκει-

2121 3107 2304 3179 μένου,
2336 3106 2478 3179 (πῶς
2501 3104 2601 3179 γὰρ
2634 3103 2684 3158 έν
2715 3101 2940 3158 πολλῶν
2974 3096 3160 3175 ὄψεσιν
3203 3099 3303 3154 ούκ
3351 3097 3621 3154 αἲδέσεται
3679 3099 3801 3166 τήν

2116 3193 2364 3270 Ξργασίαν
2419 3193 2446 3248 6
2490 3192 2802 3265 καταμόνας
2858 3192 3031 3262 αὐτὴν
3095 3187 3501 3264 μυσαττόμενος
3529 3188 3568 3262 ;)
3627 3186 3806 3263 γίνε-

2113 3304 2201 3338 ται
2230 3287 2326 3338 τοῦ
2357 3281 2566 3338 λαλεῖν·
2600 3281 2690 3336 καὶ
2719 3283 2754 3350 ἡ
2789 3279 2957 3337 λαλιά
2988 3279 3050 3335 ού
3090 3273 3310 3354 προϐλή
3324 3297 3463 3352 ματα
3504 3278 3798 3351 γραφικεὶ⁸

2114 3371 2175 3427 ού
2228 3369 2412 3433 λύσεις
2470 3371 2628 3445 ἰερῶν
2677 3369 3058 3444 αἲνιγμάτων’
3112 3367 3175 3423 οὐ
3228 3365 3550 3441 διηγήματα
3604 3368 3801 3420 Ila-cs-

2115 3480 2221 3537 ρων
2258 3459 2447 3535 ἁγίων
2482 3458 2581 3514 οὐκ
2609 3459 2895 3530 ἀνάπτυξις
2935 3457 3090 3523 θείων
3142 3456 3372 3532 λογίων·
3409 3454 3506 3509 οὐκ
3549 3454 3797 3532 ἀφήγη-

2115 3571 2195 3605 σις
2229 3547 2522 3605 πολιτειῶν
2552 3546 2871 3624 θεαρέστων·
2904 3547 2966 3602 ού
2999 3546 3309 3621 παραίνεσις
3338 3545 3432 3618 (ὧν
3489 3565 3549 3599 τε
3598 3544 3798 3620 πράτ-

2113 3660 2221 3694 τειν
2270 3639 2382 3714 χρὴ
2441 3639 2541 3707 τὴν
2599 3634 2962 3714 ἀδελφότητα,
2996 3636 3072 3700 ὡς
3115 3635 3245 3692 εἶναι
3304 3633 3470 3702 αὐτὴν
3533 3631 3794 3689 ἐντεῦθεν

2113 3729 2417 3802 πρακτικὴν
2467 3730 2874 3799 πνευματικῶς,
2905 3725 2996 3780 καὶ
3049 3723 3123 3780 ὧν
3170 3724 3285 3800 χρὴ
3334 3721 3683 3797 ἀπέχεσθαι)·
3717 3722 3794 3776 οὐ

2120 3813 2347 3890 μέθοδος
2370 3818 2591 3886 ἡτισοῦν
2623 3813 2883 3890 (ἐκλογῆς
2918 3815 3013 3888 μὶν
3043 3821 3144 3884 τῆς
3171 3817 3279 3868 τῶν
3331 3812 3571 3887 ἀγαθῶν,
3610 3811 3792 3866 ἀπεκς

2117 3904 2292 3980 λογῆς
2324 3901 2381 3960 δὲ
2425 3907 2526 3970 τῆς
2575 3908 2681 3959 τῶν
2729 3901 2996 3978 φαύλων)·
3028 3902 3090 3959 ού
3147 3901 3485 3977 περιέλευσις
3543 3896 3800 3973 οὐδεμία

2117 3994 2380 4072 γραφικὴ,
2397 3990 2543 4062 δι’ἧς
2565 3994 2593 4048 ὁ
2620 3993 2712 4066 μὶν
2739 3990 2846 4063 ἤδη
2877 3992 3210 4066 μεμαθηκὼς
3231 3991 3316 4046 έπῖ
3339 3991 3564 4068 ἀφορμῇ
3584 3987 3800 4061 προδε-

2120 4080 2319 4157 δομένῃ
2354 4085 2661 4160 σοφώτερος
2691 4082 2921 4156 γίνεται,
2947 4083 2975 4136 6
3009 4081 3065 4136 δὲ
3099 4083 3268 4154 μήπω
3317 4080 3502 4153 μαθὼν
3550 4078 3797 4153 ἐνάρχε-

2118 4191 2206 4224 ται
2234 4168 2323 4224 καί
2355 4169 2658 4224 τελειοῦται
2689 4170 2755 4224 τὰ
2787 4168 2862 4230 είς
2896 4170 3041 4233 θείαν
3087 4168 3392 4244 ἐπίγνωσιν.
3423 4163 3640 4224 Οὔκουν
3673 4186 3798 4219 τοι-

2119 4259 2254 4313 αῦτά
2300 4279 2422 4313 τινα
2474 4257 2542 4313 τὰ
2595 4255 2891 4331 λαλήματα
2939 4261 3036 4312 τοῦ
3075 4257 3410 4333 καθηγητοῦ,
3445 4252 3594 4310 ἀλλὰ
3626 4253 3798 4330 λόγοι

2120 4351 2367 4402 παντοῖοι
2396 4340 2767 4419 τυρϐαστικοί.
2798 4345 3123 4422 Ἃρξόμενος
3177 4345 3270 4417 μὲν
3323 4342 3431 4398 ἀπὸ
3492 4341 3796 4415 ἀμπέλων,

2119 4435 2212 4492 καὶ
2269 4432 2469 4506 ληίων,
2527 4435 2616 4490 καὶ
2671 4434 2994 4512 είσπράξεων
3056 4436 3460 4512 φορολογικῶν,
3519 4432 3615 4486 καὶ
3674 4431 3797 4487 ἑτέ·-

2125 4545 2231 4601 ρων
2285 4523 2548 4579 τοιούτων
2607 4521 2949 4599 ἁδρομερῶν,
2998 4521 3088 4578 ὅτε
3151 4523 3226 4596 μή
3287 4520 3658 4596 ένευγαιροῦσι
3693 4520 3763 4574 λο

361 4627 478 4665 non
509 4615 693 4682 agunt
723 4609 969 4667 feliciter
999 4609 1283 4678 seniores,
1320 4615 1375 4664 et
1407 4609 1687 4666 decidunt
1718 4610 1774 4665 in
1808 4613 2007 4682 olivas,

2121 4613 2444 4689 γοπραγίαις
2501 4618 2880 4690 προσωπικαῖς
2933 4613 2987 4667 οἱ
3039 4612 3310 4687 γέροντες,
3369 4607 3786 4685 καταλήγοντα

362 4703 420 4754 et
451 4698 618 4766 ficus,
653 4703 709 4754 et
733 4699 958 4754 fructus
977 4699 1235 4769 reliquos
1262 4724 1276 4765 ;
1299 4690 1684 4754 ratiOcinatur
1704 4717 1830 4771 quis
1855 4703 2018 4762 vinea

362 4788 580 4843 bonum
614 4788 816 4843 vinum
846 4789 1050 4843 afferat
1079 4805 1092 4854 ;
1127 4804 1398 4859 quasnam
1425 4793 1580 4843 terra
1605 4789 1813 4844 melior
1838 4791 1916 4846 sit
1944 4794 2017 4848 ad

366 4875 537 4947 plura
595 4877 1009 4948 producenda;
1070 4876 1365 4931 undenam
1429 4877 1712 4948 majorem
1761 4881 2017 4939 reditum

366 4967 577 5020 fratres
633 4965 902 5036 capiant;
963 4965 1098 5035 quis
1157 4964 1338 5020 idiota
1385 4964 1538 5019 inter
1595 4965 1900 5025 ministros
1945 4971 2018 5027 ad

369 5052 781 5123 abripisndum
812 5052 892 5108 sit
941 5053 1209 5118 idoneus,
1238 5057 1295 5108 et
1351 5053 1491 5124 quid
1537 5055 1841 5112 monachis
1872 5074 2018 5129 prai-

366 5141 643 5197 euntibus
675 5158 917 5198 manum
945 5141 1218 5209 claudat;
1252 5140 1512 5212 seipsum
1541 5141 1698 5196 enim
1721 5143 2020 5202 evidenter

363 5230 618 5287 inserere
649 5231 905 5286 sermoni
940 5235 1192 5286 veretur.
1226 5229 1306 5286 De
1355 5229 1505 5284 oliva
1535 5230 1706 5286 docet
1755 5249 1870 5288 non
1904 5235 2014 5290 hu-

364 5336 588 5375 morem
619 5320 692 5375 ab
722 5336 786 5375 ea
815 5335 1155 5387 eXpressum
1189 5320 1260 5374 ad
1291 5319 1630 5373 unctionem
1675 5320 1924 5392 regalem
1959 5328 2016 5380 et

361 5407 794 5464 illuminantem
829 5409 1199 5476 consecrari;
1249 5423 1386 5473 non,
1436 5408 1833 5478 praetermissa
1878 5429 2016 5468 san-

363 5497 582 5566 ctitate,
614 5498 927 5555 sanitatem
962 5496 1350 5569 multiplicem
1393 5495 1696 5554 utentibus
1735 5500 2011 5574 praabere,

435 5681 481 5716 ⁸⁸
511 5681 694 5755 Eccle.
721 5699 798 5754 ιν,
833 5687 920 5755 1ο.

2129 4701 2186 4757 δὲ
2217 4701 2294 4765 εΐς
2326 4700 2509 4757 ἐλαίαν
2541 4702 2628 4758 καὶ
2661 4699 2862 4777 ἴσχάδα
2891 4699 2979 4757 καὶ
3007 4701 3208 4771 λοιπὴν
3232 4696 3794 4776 ὀπώραν,φιλοσοφεῖ

2124 4797 2276 4866 γοῦν,
2308 4791 2439 4846 ποία
2498 4789 2596 4865 μὶδ
2657 4789 2906 4864 ἄμπελος
2962 4791 3106 4846 οἶνον
3159 4789 3357 4866 ἀγαθὸν
3408 4786 3624 4843 δίδωσι·
3658 4787 3794 4842 ποία.

2128 4879 2186 4935 δὶ
2232 4888 2303 4955 γῆ
2357 4879 2602 4953 ἐνάρετός
2650 4879 2791 4935 έστιν
2842 4879 2919 4943 εἷς
2950 4877 3372 4936 πολλαπλάσιον
3400 4873 3788 4953 καρποδοτεῖν·

2125 4970 2285 5026 πόθεν
2320 4966 2377 5024 δὲ
2406 4974 2524 5031 τοῖς
2581 4966 2838 5047 ἀδελφοῖς
2862 4972 2898 5039 ἡ
2931 4967 3135 5024 πλείων
3198 4965 3528 5045 φορολογία⁶
3561 4964 3657 5020 καὶ
3709 4965 3788 5028 τίς

2129 5060 2224 5133 μὲν
2250 5063 2355 5113 τῶν
2391 5055 2724 5127 διακονητῶν
2751 5057 2958 5120 ἁπλοῦς
2986 5059 3085 5128 τὴν
3119 5055 3290 5132 δράκα
3328 5055 3560 5133 πέφυκεν
3622 5057 3782 5122 εἶναι,

2124 5148 2175 5203 τί
2206 5145 2263 5202 δὲ
2290 5152 2405 5211 τοῖς
2433 5147 2750 5224 προκρίτοις
2777 5152 2884 5202 τῶν
2923 5151 3182 5222 μοναχῶν
3206 5145 3414 5224 σφίγγει
3445 5146 3546 5216 τὴν
3597 5150 3783 5220 χάριν

2126 5237 2311 5291 ἑαυτὸν
2371 5237 2474 5312 γὰρ
2533 5234 2778 5305 ἀηδεῖται
2832 5233 3132 5313 διαρρήδην
3179 5232 3647 5311 παρεισκυκλῆσαι
3702 5236 3782 5304 τῷ

2125 5324 2299 5401 λόγῳ.
2365 5323 2607 5381 Διδάσκει
2660 5323 2716 5381 δὲ
2765 5327 2854 5380 καὶ
2937 5325 3062 5402 περὶ
3139 5323 3324 5387 έλαίας
3412 5324 3504 5398 μὲν
3587 5321 3780 5397 τυχὸν,

2125 5415 2230 5491 οὐχ
2259 5417 2342 5470 ὅτι
2371 5415 2433 5470 τὸ
2464 5415 2631 5485 αὐτῆς
2660 5410 3088 5488 ἀπολειεόμενον
3147 5415 3306 5491 ὑγρὸν
3367 5410 3640 5490 βασιλικῷ
3689 5410 3778 5464 καὶ

2125 5509 2435 5578 φωτιστικῷ
2482 5505 2753 5580 θειότερον
2822 5504 3116 5583 ἀφιέρωται
3173 5501 3462 5580 χρίσματι,
3522 5498 3640 5557 οὐδ’
3696 5498 3779 5554 ὅτι
