4104 6210
321 288 433 349 881

1341 293 1446 351 DE
1487 291 1982 355 EMENDANDA
2023 293 2207 358 νΙΤΑ
2253 298 2734 366 MONAGHICA.

3614 312 3732 374 852

318 419 460 495 πρὸς
490 422 569 492 τῷ
600 417 837 492 ἀγιάζειν
887 417 977 472 καὶ
1031 417 1228 494 ὑγίειαν
1280 417 1545 492 πολυειδῆ
1597 427 1832 518 χορηγεῖ
1857 428 1978 488 τοῖς

2094 445 2205 485 non
2231 447 2358 486 eam
2391 431 2575 489 solam
2591 433 2782 492 oleum
2802 437 2929 494 sine
2948 439 3198 497 mixtura
3220 444 3276 498 et
3296 443 3422 499 sine
3449 446 3735 518 composi-

319 507 653 583 χρῄζουσιν,
713 503 828 562 οὐδ’
900 507 982 562 δτι
1057 507 1192 579 αὐτή
1275 509 1411 583 μόνη
1482 511 1544 565 τὸ
1602 509 1980 578 ἀσυνδυάστως

2094 518 2246 574 tione
2267 521 2588 593 exprimere
2606 525 3022 600 (quodcunque
3039 530 3192 585 enim
3217 530 3375 588 aliud
3392 531 3583 589 oleum
3599 551 3730 590 cum

319 597 413 652 καὶ
475 596 780 661 ἀσυνθέτως
835 595 1019 652 ἔλαιον
1068 594 1352 662 ἀποθλίὸει
1408 596 1572 673 (ἄλλο
1614 602 1713 676 γὰρ
1754 622 1806 656 τι
1840 599 1976 658 ἅπαν

322 682 515 741 ἔλαιον
601 687 891 762 προσθήκῃ
966 685 1072 741 τινὶ
1138 685 1529 757 συνδυάζεται·
1609 688 1976 767 ἀμυγδάλινον

316 775 424 853 γάρ
458 799 508 832 τι
542 771 756 847 ἔλαιον,
805 777 897 832 καὶ
942 776 1196 854 καρόϊνόν
1250 799 1450 854 φαμεν,
1478 779 1573 834 καῖ
1605 779 1928 856 σησάμινον)
1962 801 1975 816 ο

317 866 384 921 οὔ
450 868 558 941 μὴν
627 865 679 921 έν
743 862 1013 938 ἁπλότητι
1082 861 1289 940 ἔλαιον,
1367 865 1494 923 ἀλλ’
1566 868 1648 924 δτι
1707 869 1837 924 αὐτὸ
1889 870 1978 924 καὶ

321 954 496 1028 μόνον
528 952 634 1025 ἡδὺ
678 953 951 1028 λίπασμα,
1005 953 1096 1010 καὶ
1146 955 1426 1025 πιότατον,
1459 957 1548 1012 καὶ
1590 956 1701 1013 οἷον
1737 959 1976 1034 χρηστὸν

317 1045 456 1098 εἶναι
487 1044 778 1120 τραπέζαις
815 1049 1165 1120 μοναχικαῖς.
1199 1045 1326 1119 Περὶ
1361 1043 1418 1100 δὲ
1449 1043 1676 1122 ἰσχάδος
1723 1046 1980 1124 ἷσχνολο-

313 1139 431 1207 γεῖ,
467 1133 576 1209 οὐχ
620 1135 702 1189 δτι
753 1132 977 1210 χλωρόν
1027 1154 1087 1188 τε
1131 1133 1188 1188 ὃν
1240 1135 1300 1189 τὸ
1348 1139 1507 1190 σῦκον
1560 1134 1781 1209 μέλιτός
1837 1135 1978 1192 ἐστιν

318 1221 692 1298 ὑποκόρισμα,
770 1223 859 1276 καὶ
937 1222 1194 1298 ξηρανθὶν
1273 1220 1330 1277 δὲ
1403 1223 1502 1278 οὐκ
1557 1225 1823 1296 ἐξίσταται
1881 1227 1979 1296 τῆς

311 1309 670 1386 γλυκύτητος
702 1329 716 1342 °
770 1307 854 1366 διὸ
900 1310 990 1366 καὶ
1049 1334 1074 1367 α
1103 1309 1371 1387 γλυκεράν
1405 1333 1431 1366 ι)
1476 1313 1572 1382 τὴν
1606 1321 1773 1384 συκῆν
1807 1315 1857 1370 οἱ
1889 1336 1980 1370 σο-

316 1399 416 1477 φοῖ
447 1403 564 1455 κατ’
595 1399 862 1476 έξαίρετόν
897 1399 948 1454 τί
999 1421 1154 1476 φασιν
1192 1419 1205 1432 ⁸
1258 1398 1386 1456 οὗδὶ
1434 1399 1517 1456 ὅτι
1563 1401 1653 1457 καὶ
1691 1408 1808 1466 τοῖς
1842 1401 1983 1479 φύλ-

316 1487 445 1552 λοις
498 1487 658 1545 τοῦδε
703 1487 802 1544 τοῦ
848 1485 1071 1564 δένδρου
1130 1490 1361 1566 χάριτας
1409 1489 1654 1566 δφλομεν
1716 1489 1806 1547 διὰ
1857 1491 1985 1556 τοὺς

315 1581 618 1656 γενάρχας,
654 1577 746 1642 οὓς
801 1578 938 1633 αὐτὰ
985 1578 1284 1634 ἐσκέπασαν
1316 1599 1329 1613 ·
1383 1577 1497 1635 οὔδ’
1527 1579 1669 1636 ἂλλο
1702 1603 1754 1638 τι
1788 1581 1982 1655 σεμνὸν

313 1669 412 1724 καὶ
465 1669 744 1745 ἐπαγωγὸν
797 1668 934 1744 πρὸς
987 1669 1151 1744 χάριν
1188 1689 1200 1702 ·
1252 1667 1342 1723 καὶ
1394 1670 1505 1743 μὴν
1556 1669 1671 1725 οὐδ’
1721 1669 1804 1726 ὅτι
1834 1672 1984 1749 φθεῖ-

317 1778 421 1833 ρας
481 1758 779 1832 ἀπογεννᾷν
843 1753 959 1812 οἶδε
1013 1756 1075 1812 τὸ
1131 1757 1294 1832 ξηρὸν
1355 1761 1516 1812 σῦκον
1574 1762 1643 1834 τῇ
1706 1756 1796 1814 διὰ
1857 1758 1983 1834 βίου

321 1849 702 1922 παραχρήσει,
737 1847 765 1902 ὂ
797 1843 864 1915 δὴ
914 1847 1052 1920 πρὸς
1104 1845 1340 1922 ἱστορίαν
1375 1844 1569 1923 λεχθὲν
1601 1845 1973 1922 πολυμάθειαν

327 1937 586 2014 ἐνέφηνεν
636 1937 696 1993 ἂν
747 1941 842 1994 τοῦ
889 1941 1206 2014 καθηγητοῦ
1239 1956 1252 1969 ·
1287 1937 1413 1994 ἀλλ’
1463 1937 1545 1994 ὅτι
1593 1941 1729 2016 πρὸς
1772 1937 1977 2010 ἡδονῆς

326 2027 600 2107 ἐμφαγεῖν
637 2028 824 2098 σύκου,
858 2026 1039 2098 ὥσπερ
1088 2026 1338 2103 χλωροῦ,
1387 2024 1531 2082 οὕτω
1569 2027 1658 2084 καὶ
1690 2029 1981 2105 ἀπισχναν·

328 2115 520 2180 θέντος
553 2141 567 2150 -
623 2116 715 2171 καὶ
771 2114 855 2171 ὅτι
911 2115 1081 2172 καλόν
1141 2115 1249 2170 έστι
1309 2115 1399 2171 καὶ
1464 2115 1596 2172 αὐτὸ
1654 2117 1730 2180 εἷς
1785 2114 1978 2193 κερδα-

328 2203 465 2262 λέαν
511 2213 702 2277 κτῆσιν
733 2225 745 2238 ·
795 2207 887 2260 καὶ
935 2205 1010 2268 ὡς
1060 2205 1261 2281 ἀγαθόν
1313 2226 1366 2260 τι
1421 2205 1627 2284 πέφηνε
1673 2207 1762 2262 καὶ
1804 2209 1840 2278 ἡ
1883 2228 1980 2262 συ-

323 2293 587 2370 κομαγῖς,
638 2295 691 2350 έν
739 2297 796 2368 ᾗ,
849 2292 1075 2350 πολλῶν
1127 2295 1269 2368 ὁμου
1325 2295 1814 2372 συμπεφυρμένων,
1883 2296 1982 2351 οὐκ

328 2381 448 2441 ἔστι
503 2387 566 2442 τὸ
626 2387 721 2460 μὲν
773 2385 1109 2462 ἐκλέγεσθαι,
1161 2386 1225 2441 τὸ
1297 2383 1341 2442 δ’
1411 2386 1797 2465 ἀπεκλέγεσθαι
1857 2385 1982 2444 ἀλλ’

331 2475 480 2548 ὁμοῦ
535 2477 706 2530 πάντα
753 2475 1182 2551 συμμεμιγμένα
1219 2477 1634 2540 καταθοινᾶσθαι
1685 2475 1761 2539 είς
1793 2473 1984 2550 κέρδος

323 2567 413 2635 τῷ
468 2564 815 2638 κτησαμένῳ.
873 2564 993 2621 Ἑτι
1067 2560 1437 2638 παραδίδωσιν
1521 2565 1550 2619 ὁ
1625 2567 1984 2638 προκαθήμε-

327 2672 425 2714 νος
482 2657 600 2716 τοῖς
670 2652 968 2726 ὁμιληταῖς
1030 2653 1122 2708 καὶ
1197 2653 1272 2716 ὡς
1349 2651 1572 2731 φυλάξει
1626 2675 1711 2717 τις
1767 2655 1980 2722 ἀπίους,

330 2742 372 2813 ἤ
431 2744 614 2816 μέλιτι
671 2739 991 2818 έμϐυθίσας,
1045 2741 1082 2814 ἤ
1142 2743 1400 2809 λακκίσας
1445 2743 1655 2801 εὔθετον
1709 2754 1832 2821 γῆν,
1892 2746 1982 2801 καὶ

335 2835 697 2909 ἁπαιωρήσας
751 2833 965 2904 αὐτοὺς,
1015 2831 1216 2909 λέγων,
1266 2835 1340 2896 ὡς
1371 2836 1675 2912 μετεώρους
1706 2837 1860 2908 εἶναι,
1891 2836 1982 2892 καὶ

331 2928 475 3000 χοῦν
522 2922 893 3002 έπιφρορήσας
951 2923 1039 2980 ἐπὶ
1096 2932 1412 3000 παραμονῆ.
1475 2925 1736 2999 Σεμνύνει
1785 2924 1842 2982 δὲ
1893 2927 1982 2982 καὶ

329 3012 463 3075 τοὺς
512 3013 731 3089 ἀγρίους
773 3012 987 3082 ἀπίους,
1033 3014 1106 3076 ὡς
1154 3013 1437 3091 γνώμονας
1480 3015 1701 3091 ἀγαθοῦ,
1751 3019 1980 3079 Λατῖνος

330 3100 396 3156 ἂν
454 3101 602 3176 αὖτῷ
654 3103 813 3178 ἀνὴρ,
868 3101 1124 3176 μούστου.
1205 3101 1663 3172 Ἐπιπολάζοντες
1725 3105 1818 3178 μὲν
1877 3105 1981 3181 γὰρ

332 3190 387 3246 ἐν
440 3191 609 3264 αὐτῷ,
665 3191 861 3266 ἀμιγὲς
924 3188 1076 3247 ὕδατι
1132 3191 1196 3247 τὸ
1245 3193 1474 3269 γλεῦκος
1525 3194 1655 3248 εἶναι
1706 3191 1980 3264 δηλοῦσι·

337 3281 683 3359 βυθισθέντες
743 3279 800 3336 δὶ
869 3285 1232 3358 κατηγοροῦσι
1311 3282 1664 3356 καπήλευμα.
1727 3282 1854 3348 Εἴθε
1929 3281 1987 3338 δὲ

331 3373 403 3442 ἦν
434 3376 514 3444 τῷ
545 3371 757 3448 γέροντι
803 3369 1004 3444 τούτῳ,
1055 3372 1154 3440 τήν
1201 3391 1259 3426 τε
1321 3371 1493 3426 αἰτίαν
1549 3369 1841 3426 συνειδέναι
1889 3375 1987 3426 τοῦ

333 3459 686 3536 πράγματος,
741 3458 829 3513 καὶ
897 3459 1435 3533 προσεπινοήσασθαι
1507 3460 1813 3532 ὁμοιότητά
1865 3480 1988 3514 τινα

332 3548 562 3612 ἐνταῦθα
608 3547 746 3624 πρὸς
802 3548 894 3603 τὸν
947 3543 1344 3623 περιᾳδόμενον
1393 3548 1606 3618 Ῥῆνον,
1654 3549 1745 3602 τὸν
1796 3546 1986 3603 Κελτι-

335 3640 434 3695 κὸν
466 3637 734 3711 ποταμόν.
767 3639 944 3695 Νόθον
993 3639 1096 3713 γάρ
1142 3658 1194 3691 τι
1243 3637 1511 3702 κάνταῦθα
1560 3635 1887 3714 διακρίνεται
1907 3642 1986 3712 τῷ

338 3726 710 3801 έπιπολασμῷ
756 3727 846 3782 καὶ
896 3731 975 3798 τῷ
1031 3726 1304 3803 βυθισμῷ,
1359 3724 1408 3781 εἲ
1434 3727 1521 3782 καὶ
1553 3726 1756 3802 τρόπον
1789 3726 1982 3784 ἄλλον.

340 3820 490 3875 Ἐκεῖ
541 3817 633 3890 μὲν
689 3817 794 3891 γὰρ
855 3816 1002 3892 ὑγρῷ
1075 3813 1441 3893 διακρίνονται
1512 3817 1578 3872 τὰ
1632 3818 1831 3893 γνήσια
1891 3817 1984 3890 μὶν

336 3910 449 3961 τῶν
501 3905 739 3980 βρεφῶν,
797 3900 1194 3972 ἐπιπολάζοντα
1226 3921 1239 3934 °
1304 3902 1630 3979 βυθιζόμενα
1694 3903 1771 3974 δὲ,
1818 3904 1886 3960 τὰ
1911 3907 1986 3978 μὴ

339 3997 447 4052 ἀπὸ
476 3999 681 4072 γάμου,
732 3997 992 4060 Ἐνταῦθα
1041 3992 1099 4051 δὲ
1138 3995 1300 4071 ὑγρὸν
1348 3997 1565 4072 γνήσιον
1623 3997 1712 4052 καὶ
1767 3998 1843 4072 μὴ
1873 4018 1988 4052 τοι-

339 4095 498 4147 οῦτον
551 4093 620 4164 τῇ
686 4093 794 4144 τῶν
874 4087 1048 4144 ἀπίων
1120 4087 1407 4144 καταδύσει
1483 4090 1574 4145 καὶ
1629 4096 1710 4163 τῷ
1765 4090 1990 4164 ἀνάπλῳ

336 4178 770 4254 καταμηνῦεται.
832 4184 955 4234 ’Έτι
1030 4175 1307 4251 μεθοδεύει
1375 4178 1402 4233 ὁ
1461 4178 1603 4234 οὕτω
1661 4178 1991 4254 πολυμαθὴς

337 4267 752 4344 καθηγούμενος
809 4267 899 4322 καὶ
959 4266 1085 4322 ὅποι
1137 4267 1311 4323 τόπου
1360 4265 1622 4341 εὐκράτου
1682 4268 1835 4342 μῆλα
1895 4289 1988 4342 με·

336 4357 685 4432 τεωριστέον,
747 4357 966 4432 ἒτεροῖά
1020 4376 1078 4411 τε
1142 4355 1233 4411 καὶ
1289 4352 1550 4426 κυδώνια,
1607 4355 1684 4419 εἷς
1738 4357 1989 4430 παράμο-

337 4469 462 4506 νον.
499 4451 604 4502 Ποῖ
651 4442 709 4501 δὲ
765 4445 922 4521 ἀέρος
968 4444 1110 4521 ῥοιαὶ
1142 4445 1522 4520 ζκρεμήσονται
1574 4444 1939 4523 φυλαξάμεναι
1971 4461 1985 4477 ⁸

2008 1802 2059 1870 Β

2091 606 2286 697 aliquo
2310 612 2995 689 additamentojungitur
3017 638 3030 675 :
3048 620 3239 676 oleum
3259 622 3510 680 dicimus
3527 641 3730 697 amyg-

2090 696 2348 768 daleum,
2409 718 2680 772 nuceum,
2737 711 2793 761 et
2860 708 3247 781 scsaminum,
3333 728 3449 768 non
3533 696 3731 769 autem

2091 787 2440 859 simpliciter
2464 791 2684 862 oleum)
2714 812 2727 862 ;
2760 811 2901 852 sane
2931 797 3240 854 veroistud
3273 799 3464 857 solum
3497 802 3729 874 adipem

2089 877 2229 932 dare
2279 880 2628 949 jucundam,
2681 889 2736 939 et
2791 884 3040 956 lautum,
3100 893 3157 944 et
3213 889 3457 961 dignum
3511 891 3733 950 mensis

2089 966 2450 1024 monachicis
2481 972 2718 1043 apponi.
2767 979 2841 1030 De
2875 976 2988 1032 ﬁcu
3024 977 3209 1035 multa
3237 981 3412 1037 etiam
3444 981 3682 1039 disserit
3712 998 3727 1038 :

2089 1072 2206 1112 non
2239 1056 2481 1112 viridem
2518 1061 2690 1116 ﬁcum
2715 1062 2935 1134 aliquid
2969 1066 3241 1124 melleum
3271 1085 3420 1138 esse,
3452 1070 3730 1127 siccatam

2090 1145 2399 1202 dulcedine
2426 1166 2541 1205 non
2575 1151 2809 1220 privari,
2841 1158 2898 1208 et
2943 1155 3074 1212 ideo
3131 1156 3362 1214 dulcem
3403 1159 3578 1216 ﬁcum
3625 1176 3730 1232 pro

2089 1251 2151 1290 re
2181 1235 2360 1292 electa
2392 1238 2525 1308 poni
2561 1242 3008 1313 asapientihus;
3043 1262 3233 1318 neque
3264 1247 3419 1305 foliis
3447 1248 3627 1320 hujus
3649 1265 3736 1304 ar-

2088 1323 2248 1380 boris
2278 1327 2499 1398 gratias
2550 1345 2654 1385 nos
2705 1331 2936 1402 debere,
2995 1350 3062 1390 eo
3094 1337 3251 1406 quod
3293 1341 3732 1410 protoparentes

2090 1414 2368 1486 texerint;
2428 1433 2616 1488 neque
2657 1421 2869 1476 mirum
2931 1422 3087 1478 aliud
3151 1429 3327 1496 atque
3387 1428 3459 1482 ad
3515 1429 3731 1498 gratias

2092 1503 2350 1573 agendas
2365 1506 2661 1562 adducens
2686 1525 2905 1582 ;neque
2932 1511 3103 1567 etiam
3125 1529 3406 1586 grossose
3426 1516 3539 1570 ficu
3552 1517 3728 1582 sicca,

2091 1607 2160 1645 ex
2188 1593 2305 1647 vita
2334 1591 2517 1649 nimia
2554 1597 2796 1667 produci
2853 1601 3008 1670 quod
3067 1600 3125 1655 in
3184 1603 3422 1658 modum
3478 1603 3732 1659 historiae

2093 1694 2399 1736 narratum
2445 1685 2692 1740 multam
2751 1686 2976 1758 praelati
3023 1689 3328 1747 scientiam
3387 1693 3734 1749 manifesta-

2093 1770 2306 1838 visset;
2339 1773 2440 1828 sed
2474 1775 2664 1847 magis
2693 1777 2916 1833 omissa
2941 1778 3236 1851 voluptate
3258 1781 3316 1837 in
3343 1782 3585 1838 edendis
3608 1783 3733 1838 ficis

2089 1862 2212 1915 tam
2245 1861 2527 1919 viridibus
2558 1879 2732 1934 quam
2770 1867 3095 1940 exsiccatis,
3152 1870 3395 1943 insuper
3443 1872 3593 1928 hanc
3634 1889 3732 1928 ac-

2088 1948 2463 2020 quisitionem
2498 1957 2892 2024 quaastuosam
2922 1973 3071 2028 esse,
3113 1958 3306 2015 afferri
3360 1960 3669 2018 utilitatem
3699 1980 3730 2019 θ

2086 2036 2355 2108 placenta
2380 2054 2410 2094 e
2440 2038 2569 2096 ﬁcis
2603 2045 2969 2117 ,composita,
3018 2047 3076 2103 in
3133 2065 3252 2120 qua
3308 2049 3510 2107 multis
3548 2052 3729 2108 simul

2088 2128 2288 2184 mixtis
2319 2128 2474 2186 istud
2505 2130 2717 2203 eligere
2775 2139 2832 2190 et
2886 2135 2995 2192 hoc
3048 2153 3321 2210 respuere
3369 2141 3731 2213 impossibile

2091 2223 2199 2286 est,
2232 2220 2332 2275 sed
2385 2221 2583 2277 omnia
2638 2221 2838 2292 simul,
2884 2241 3018 2281 cum
3075 2226 3237 2284 lucro
3286 2229 3508 2286 domini
3557 2231 3730 2287 devo-

2091 2312 2316 2363 rantur.
2346 2307 2547 2365 Socios
2578 2310 2855 2382 prmlatus
2884 2313 3048 2370 docet
3077 2315 3321 2388 insuper
3350 2334 3467 2390 qua
3505 2319 3730 2376 ratione

2091 2395 2217 2467 pira
2263 2397 2690 2464 custodiantur,
2750 2400 2836 2455 vel
2898 2402 3068 2460 melle
3121 2403 3392 2474 intincta,
3449 2406 3538 2463 vel
3597 2425 3734 2464 sus-

2092 2501 2274 2556 pensa
2298 2485 2357 2540 in
2388 2491 2543 2543 terra
2565 2488 2772 2546 idonea
2801 2495 2859 2546 et
2886 2491 3117 2560 effossa,
3169 2495 3340 2566 quasi
3384 2495 3646 2565 meliora,
3679 2501 3738 2554 et

2091 2590 2267 2629 arena
2296 2581 2568 2646 cooperta
2599 2581 2663 2632 ut
2693 2584 3015 2635 serventur.
3071 2582 3296 2640 Laudat
3323 2589 3381 2639 et
3409 2585 3536 2656 pira
3566 2601 3737 2658 agre-

2093 2663 2207 2718 stia
2236 2681 2302 2719 eo
2333 2667 2487 2736 quod
2523 2667 2736 2722 bonum
2771 2674 3053 2734 mustum,
3087 2672 3242 2734 dicet
3270 2674 3487 2744 aliquis
3516 2676 3734 2744 Latine,

2093 2753 2522 2810 indicent.Cum
2547 2757 2704 2811 enim
2735 2764 3142 2830 supernatant,
3161 2778 3315 2833 aqua
3345 2780 3460 2819 non
3484 2766 3734 2820 mixtum

2091 2841 2290 2897 vinum
2347 2845 2746 2912 manifestant,
2777 2863 2911 2902 cum
2959 2849 3415 2923 immerguntur,
3471 2854 3734 2910 fraudem

2094 2930 2470 2999 patefaciunt.
2524 2933 2594 2987 Et
2647 2932 2877 2989 utinam
2936 2952 3174 2992 causam
3217 2939 3396 3010 hujus
3427 2940 3509 2996 rei
3540 2943 3738 2998 senior

2092 3017 2404 3090 intelligat,
2438 3023 2611 3091 atque
2642 3020 2721 3076 ibi
2755 3019 3067 3094 quamdam
3103 3042 3237 3082 cum
3259 3027 3500 3086 laudato
3531 3029 3736 3088 Rheno

2097 3107 2389 3162 Celtarum
2461 3109 2705 3165 ﬂumine
2758 3112 3209 3172 similitudinem
3284 3120 3568 3175 attendat.
3649 3119 3736 3176 Ibi

2094 3198 2250 3252 enim
2274 3197 2692 3255 discernuntur
2748 3203 2950 3271 notha,
3009 3221 3136 3276 quas
3193 3213 3583 3279 supernatant
3636 3212 3739 3266 aut

2093 3286 2550 3360 immerguntur,
2583 3292 2682 3345 sed
2717 3293 2889 3348 modo
2921 3293 3169 3350 diverso.
3199 3295 3322 3352 lllic
3379 3297 3536 3352 enim
3582 3313 3738 3369 aqua

2096 3378 2514 3432 discernuntur
2568 3389 2770 3451 partus
2827 3381 3074 3454 legitimi
3144 3401 3278 3440 cum
3359 3388 3738 3458 superferun-

2095 3471 2210 3534 tur,
2259 3471 2317 3521 et
2360 3468 2547 3532 nothi,
2581 3470 2814 3540 quando
2871 3472 3323 3546 immerguntur.
3379 3475 3481 3531 Hic
3539 3480 3735 3533 autem

2095 3553 2423 3626 legitimum
2459 3561 2560 3611 aut
2599 3558 2886 3614 dissimile
2935 3560 3077 3631 piris
3134 3563 3429 3620 immersis
3475 3568 3579 3622 aut
3632 3583 3738 3622 na-

2094 3646 2357 3699 tantibus
2397 3663 2549 3716 aqua
2604 3646 2843 3704 indicat.
2902 3649 3185 3721 Explanat
3238 3653 3414 3710 etiam
3473 3655 3740 3713 eruditus

2096 3733 2372 3804 praalatus
2426 3752 2537 3806 quo
2586 3737 2711 3792 loco
2768 3742 3090 3810 temperato
3148 3741 3267 3796 sint
3321 3744 3739 3816 suspendenda

2098 3840 2272 3894 poma
2329 3823 2444 3880 alia
2486 3829 2541 3880 et
2619 3827 2886 3898 cydonia,
2948 3833 3013 3883 ut
3086 3835 3409 3900 serventur,
3472 3833 3532 3888 in
3589 3849 3736 3906 quo-

2098 3931 2232 3968 nam
2268 3931 2396 3969 aere
2425 3919 2670 3987 grauata
2701 3916 2820 3972 sint
2858 3917 3148 3988 libranda,
3200 3925 3263 3976 ut
3310 3922 3737 3994 custodiantur,

2099 4019 2213 4073 qua
2236 4003 2412 4059 etiam
2454 4004 2680 4061 ratione
2726 4023 2794 4062 ea
2845 4007 3128 4064 duratura
3177 4009 3345 4082 palea
3417 4020 3736 4069 conservet.

2097 4090 2168 4144 Et
2200 4107 2333 4146 mox
2372 4094 2642 4148 ardenter
2689 4094 3074 4152 ratiocinator
3122 4107 3389 4155 naturam
3439 4101 3620 4171 palam
3667 4103 3742 4158 ad

2099 4179 2374 4235 universa
2396 4183 2892 4255 servandaaptam
2911 4200 3069 4253 esse;
3101 4186 3273 4243 calidi
3291 4189 3449 4245 enim
3479 4190 3742 4263 corporis

2099 4267 2157 4322 in
2191 4285 2257 4324 ea
2288 4267 2532 4324 involuti
2565 4277 2782 4327 statum
2813 4278 2994 4343 tenet,
3027 4280 3082 4330 et
3114 4275 3391 4349 frigidum
3422 4277 3743 4353 aliquid,ut

2101 4356 2219 4423 nix,
2291 4357 2348 4412 in
2408 4363 2619 4414 natura
2667 4362 2903 4433 propria
2960 4363 3179 4420 ﬁrmari
3246 4367 3547 4438 permittit.
3619 4371 3744 4426 Mox

2099 4445 2274 4501 veluti
2335 4447 2394 4502 in
2453 4451 2930 4521 consequentiam
2978 4451 3306 4510 alteriorem
3357 4457 3744 4531 descendens,

338 4536 431 4591 καὶ
487 4536 561 4596 ὡς
618 4531 731 4588 οἶδε
802 4538 1084 4610 συντηρεῖν
1161 4531 1325 4596 αὐτὰς
1390 4532 1738 4609 παραμόνους
1781 4534 1870 4588 καὶ
1926 4534 1984 4588 τὸ

2097 4536 2444 4591 sententiam
2481 4538 2774 4609 propriam
2826 4538 2951 4612 ipse
2986 4541 3226 4607 invenit,
3259 4543 3485 4599 scilicet
3514 4543 3742 4617 paleam

340 4625 568 4703 ἄχυρον.
627 4623 834 4683 Αὐτίκα
891 4623 949 4680 δὲ
1006 4623 1472 4701 φιλοτιμούμενος
1530 4625 1990 4704 προσεπιφιλοσο-

2097 4623 2336 4680 inventu
2391 4625 2621 4681 facilem
2671 4643 2822 4695 esse,
2897 4627 3316 4702 hominemque
3389 4632 3742 4693 initiationis

341 4721 434 4794 φεῖ
470 4715 560 4771 καὶ
593 4715 669 4778 ὡς
721 4712 1053 4794 φυλαλτικόν
1105 4736 1157 4770 τι
1207 4718 1404 4790 ’χρῆμα
1451 4712 1503 4777 ές
1552 4717 1613 4771 τὸ
1654 4720 1757 4770 πᾶν
1807 4719 1842 4786 ἡ
1890 4720 1984 4771 τοῦ

2098 4730 2370 4785 capacem
2405 4714 2742 4787 faciliorem,
2775 4717 3083 4786 siquidem,
3135 4719 3234 4790 ait,
3296 4720 3462 4794 palea
3508 4723 3742 4797 deposi-

342 4806 561 4881 ἆχύρου
618 4803 798 4880 φύσις.
851 4807 1067 4878 Θερμοῦ
1121 4823 1180 4859 τε
1224 4804 1327 4880 γὰρ
1367 4800 1570 4875 έξανῦει
1601 4806 1867 4882 κατοχὴν,
1897 4805 1990 4880 έμ-

342 4889 643 4964 ϐληθέντος
693 4891 771 4956 εἷς
819 4892 988 4948 αὐτόο
1039 4891 1128 4948 καὶ
1182 4892 1394 4969 ψυχρὸν
1445 4890 1503 4948 δὲ
1559 4893 1990 4970 ἐμπεπιστευμέ-

339 5003 460 5049 νον,
521 4980 582 5036 οῦ
646 4981 810 5057 μέρος
859 4981 948 5037 καὶ
1009 4983 1044 5052 ἡ
1094 4982 1258 5058 χιὼν,
1309 4980 1626 5055 ένακμάζειν
1687 4980 1874 5039 δίδωσι
1922 4986 1990 5058 τῇ

344 5069 522 5141 οἷ’κειᾳ
551 5068 727 5145 φύσει.
764 5067 935 5132 Εὐθὺς
968 5066 1026 5124 δὲ
1069 5069 1159 5124 καὶ
1209 5068 1283 5131 εἷς
1324 5069 1435 5125 οἷόν
1479 5091 1530 5125 τι
1579 5069 1824 5146 πόρισμα
1853 5071 1989 5148 γλα-

346 5161 660 5236 φυρώτερον
715 5155 1038 5232 έμϐαθύνας,
1111 5158 1409 5235 παροιμίαν
1489 5157 1776 5235 ἐξευρίσκει
1833 5162 1995 5223 αὐτὸς

345 5245 517 5318 ὶδίαν,
549 5247 681 5302 αὐτὸ
736 5247 831 5320 μέν
881 5247 942 5301 τὸ
988 5247 1194 5322 ἄχυρον
1241 5243 1621 5317 εὕυπόληπτον
1685 5246 1992 5322 ὀνομάζων,

415 5427 527 5500 (19)
559 5427 910 5502 Megabyzus
958 5427 1077 5502 dux
1115 5430 1261 5502 erat
1295 5427 1583 5502 exercitus
1640 5428 1793 5502 Darii
1835 5429 1991 5502 regis

341 5497 698 5574 Persarum}
731 5497 1107 5574 ipse‘mu‘ltos
1137 5497 1337 5574 hostes
1367 5499 1729 5574 profligavit,
1776 5497 1995 5574 multas

343 5571 690 5645 provincias
729 5569 937 5645 patriis
966 5570 1189 5628 ﬁnibus
1210 5569 1428 5642 junxit.
1459 5569 1594 5629 Ideo
1619 5587 1753 5628 cum
1783 5572 1996 5632 Darius

2101 4807 2226 4858 tum
2272 4804 2566 4876 integrum
2628 4806 2889 4863 studiose
2945 4816 3265 4864 conservat.
3338 4809 3417 4866 De
3474 4812 3742 4884 granatis

2101 4891 2432 4948 considerat
2479 4893 2692 4962 adhuc,
2754 4912 2868 4950 non
2927 4901 3130 4953 sancta
3176 4897 3276 4954 illa
3347 4899 3749 4973 malogranata

2103 5000 2228 5054 quae
2259 4983 2328 5037 ad
2379 4983 2677 5055 exemplar
2731 4999 2936 5040 eorum
2995 4986 3276 5043 fabricata
3333 4994 3510 5060 sunt;
3555 5007 3746 5064 neque
3837 5039 3844 5044 .

2103 5072 2444 5144 Megabyzos
2475 5071 2586 5144 (19)
2612 5073 2931 5141 mirabiles,
2966 5091 3112 5146 quos
3145 5093 3244 5132 rex
3275 5076 3582 5136 Persarum
3632 5080 3750 5138 sibi

2105 5161 2457 5216 circumdari
2516 5163 2754 5233 optabat
2802 5164 2979 5233 juxta
3063 5181 3375 5222 numerum
3450 5168 3751 5228 seminum

2107 5249 2241 5306 mali
2265 5249 2496 5323 granati
2526 5252 2678 5322 quod
2711 5251 2914 5308 eodem
2948 5255 3206 5326 tempore
3252 5272 3431 5313 manu
3479 5257 3702 5316 ferebat
3730 5283 3749 5332 ς

2102 5430 2424 5500 taban,dux
2454 5429 2660 5499 alius,a
2679 5447 2811 5504 rege
2833 5403 3114 5504 quareret
3143 5433 3282 5505 quid
3314 5434 3486 5492 vellet
3512 5440 3747 5500 tantum

2105 5506 2391 5579 quantum
2416 5519 2600 5579 grana
2628 5505 2854 5575 granati
2877 5504 3279 5579 multiplicari,
3303 5509 3605 5579 respondit
3633 5515 3748 5570 Da-

2104 5575 2229 5631 rius
2258 5578 2345 5632 tot
2371 5574 2714 5648 Megabyz’os
2743 5590 2874 5633 esse
2900 5575 3014 5634 sibi
3035 5574 3167 5635 esse
3187 5574 3602 5652 exoptandum.

339 5641 603 5718 quadam
633 5641 984 5704 die'malum
1013 5641 1326 5718 granatum
1348 5659 1529 5704 manu
1555 5647 1865 5718 teneret,st
1893 5650 1997 5703 Ar-
2103 5703 2112 5711 λ,

4069 5735 4077 5762 J

4076 5265 4079 5374 Ι

4076 5383 4079 5510 l
