3952 6206
167 373 304 436 885

1197 372 1300 433 DE
1343 371 1837 436 EMENDANDA
1881 372 2071 438 VITA
2114 374 2602 439 MONACHICA.

3486 372 3605 435 886

163 509 249 576 τῷ
310 501 469 578 λόγῳ
525 501 709 574 τούτῳ
767 500 842 563 εἰς
896 501 965 556 τὰ
1022 501 1154 576 ὑπὲρ
1215 502 1426 557 δαυτοῦν
1473 503 1547 565 ὡς
1583 502 1823 566 θανόντος

2010 506 2038 560 d
2071 505 2211 577 quid
2243 508 2622 579 proferuntur
2651 505 2795 562 ista?
2811 505 2896 560 Ad
2915 504 3410 560 manifestandam
3431 520 3602 561 suam

162 591 378 646 ἐκείνου
436 591 526 645 καὶ
591 588 962 663 ἀποκαλύψεις
1017 588 1145 662 ἴδοι,
1203 591 1292 645 καὶ
1347 591 1592 664 Θαύματα
1625 589 1671 646 δ’
1703 591 1839 647 ἐκεί-

160 702 257 735 νου
316 682 544 750 ποιήσοι
607 680 790 741 αὐτός·
855 679 934 741 εἰς
992 678 1045 733 τί
1098 680 1186 734 καὶ
1243 685 1408 734 ταῦτα
1454 678 1830 756 παραλαλῶν;

159 769 258 832 Εἰς
309 767 535 840 ἔνδειξιν
565 775 667 838 τῆς
715 769 831 823 κατ’
880 767 1039 822 αὐτὸν
1076 775 1417 843 θεωρητικῆς
1444 790 1503 823 τε
1546 768 1636 823 καὶ
1692 790 1832 844 πρα-

158 865 383 928 κτικῆς,
441 859 492 925 ὁ,
551 854 606 912 εἷ’
659 878 710 910 τι
768 858 882 933 χρὴ
942 855 1116 918 οὕτως
1179 856 1464 931 ὀνομάσαι,
1525 855 1831 930 οὐδέτερος,

160 947 251 1003 οἶα
311 948 403 1002 καὶ
463 944 630 1022 λόγου
659 947 858 1008 παντὸς
888 945 977 1000 καὶ
1037 945 1200 1022 ἔργου
1261 944 1560 1002 σπουδαίου
1609 948 1834 1021 ἀπείραο

158 1056 280 1097 τος.
341 1036 473 1092 Εἶτα
529 1036 790 1113 προφάρει
846 1035 875 1089 6
932 1034 1204 1108 πάντιμος
1251 1035 1342 1091 καὶ
1400 1033 1694 1110 προεδρίας
1740 1035 1831 1090 καὶ

1949 593 2223 650 virtutem
2257 597 2636 652 theoreticam
2657 613 2723 651 ac
2756 593 3102 666 practicam,
3127 592 3229 665 qui
3261 597 3468 648 neuter
3494 598 3604 660 est,

1947 684 1997 739 si
2034 684 2146 740 isto
2181 687 2419 742 nomine
2451 686 2736 741 utendum
2767 689 2875 754 est,
2910 687 3109 754 utpote
3150 681 3372 737 nullius
3423 682 3605 738 scien-

1946 773 2039 828 tiae
2063 779 2120 828 et
2150 775 2342 845 Operis
2365 793 2546 847 capax
2564 780 2672 830 est.
2711 774 2968 844 Denique
2991 771 3230 844 profert_
3267 770 3365 827 ille
3419 770 3603 825 maxi-

1947 878 2040 916 me
2065 863 2443 918 honorandus
2462 864 2798 936 dignitates,
2833 866 2890 918 et
2911 862 3163 916 honores
3188 861 3259 916 ad
3293 877 3353 916 se
3385 877 3417 915 a
3450 859 3601 932 regi-

1943 951 2078 1021 bus,
2114 953 2466 1023 patriarchis
2496 959 2552 1007 et
2581 953 2833 1008 ducibus
2875 949 3225 1018 cumulatos,
3289 953 3354 1005 ut
3410 950 3482 1005 de
3526 947 3600 1004 iis

1941 1037 2220 1096 laudetur
2249 1047 2306 1096 et
2337 1043 2634 1097 timeatur.

169 1126 341 1197 τιμὰς
400 1124 478 1189 εἲς
537 1125 722 1180 ἑαυτὸν
761 1123 1070 1200 βασιλικὰς⁹
1102 1125 1526 1202 πατριαρχικὰς,
1555 1125 1909 1200 ἀρχοντικὰς,
1967 1125 2354 1202 φιλενδεικτῶν
2386 1130 2498 1203 ἅμα
2528 1128 2580 1183 ἒν
2610 1128 2830 1189 τούτοις
2857 1128 2946 1183 καὶ
2979 1121 3248 1205 ἐκφοϐῶν.

234 1216 347 1291 ρπ“.
380 1217 508 1270 Ὅτε
541 1211 597 1268 δὶ
625 1219 794 1268 ταῦτα
825 1213 936 1290 ipsi
985 1214 1123 1290 πρὸς
1181 1210 1478 1290 ἁϐρότητα,
1523 1215 1613 1270 καὶ
1671 1215 1831 1288 νομί-

159 1324 239 1364 ςει
303 1301 543 1380 ἐφολκὸς
603 1304 736 1358 εἶναι
791 1308 870 1376 τῷ
929 1305 1282 1380 ἀκροωμένῳ,
1341 1305 1428 1359 καὶ
1465 1302 1831 1380 ὑπαγαγέσθαι

154 1389 271 1463 ἤδη
343 1393 530 1461 αὐτὸν,
607 1393 849 1464 ἑτίθησιν
928 1395 963 1463 ἢ
1018 1393 1295 1470 πτωχείαν
1345 1397 1445 1462 τῇς
1511 1399 1685 1466 μονῆς
1741 1391 1829 1448 ἐπὶ

154 1486 535 1556 χρηματιπῷ
583 1481 932 1545 ἐπαιτοῦντος
1003 1480 1160 1554 δίκην
1198 1527 1212 1551 ,
1265 1482 1300 1552 ἢ
1349 1482 1678 1558 κατηγορίαν
1740 1479 1828 1536 ὶπί

153 1590 290 1640 τινι,
352 1572 431 1634 ὡς
488 1568 692 1627 ἀδικεῖν
753 1569 1021 1629 δοκοῦντι.
1087 1572 1185 1629 Καὶ
1235 1574 1263 1627 ὁ
1309 1569 1509 1626 ἀδικῶν
1555 1569 1756 1632 ἐκεῖνος
1789 1569 1824 1638 ἢ

158 1659 458 1735 ἀρχιερεύς
544 1659 684 1715 ἐστιν
715 1707 730 1733 ,
821 1661 1085 1734 ἀσώματα
1179 1658 1684 1738 βλασφημούμενος
1761 1659 1829 1714 τὰ

157 1747 365 1817 πλείω,
423 1749 459 1818 ἢ
521 1748 867 1822 πλησιαστὴς
934 1751 1244 1824 ὲνσώματον
1308 1751 1513 1824 μὲμψιν
1576 1749 1822 1825 πάσχων·

2016 1219 2138 1274 180.
2189 1220 2322 1283 Quas
2380 1237 2514 1275 cum
2569 1219 2780 1276 dixerit
2824 1220 2893 1274 ad
2951 1218 3434 1290 superbiendum,
3498 1215 3598 1272 ubi

1942 1314 2144 1364 censet
2173 1309 2502 1365 auditorem
2558 1307 2903 1373 demulceri,
2955 1311 3011 1362 et
3060 1305 3311 1362 docilem
3372 1305 3593 1360 factum

1939 1413 2088 1467 esse,
2125 1403 2266 1454 tunc
2297 1398 2600 1454 miseriam
2652 1395 2996 1452 monasterii
3053 1394 3308 1466 exponit,
3369 1394 3594 1448 bonum

1939 1488 2236 1556 quoddam
2261 1488 2415 1559 apud
2439 1487 2675 1558 judices
2720 1484 3059 1557 repetentis,
3119 1487 3222 1538 aut
3275 1480 3592 1554 quemdam

1937 1577 2169 1648 injuria
2199 1595 2365 1634 reum
2397 1577 2752 1633 accusantis.
2779 1575 2885 1640 Qui
2911 1574 3194 1644 injustus,
3247 1576 3348 1626 aut
3395 1567 3594 1641 ponti-

1937 1667 2027 1721 fex
2057 1673 2148 1724 est
2176 1667 2483 1739 impetitus
2516 1666 2864 1738 plerumque
2887 1668 3053 1718 extra
3083 1676 3318 1732 corpus,
3377 1661 3481 1713 aut
3510 1656 3593 1711 vi-

1935 1755 2106 1810 cinus
2151 1754 2484 1828 corporales
2537 1752 2807 1826 querelas
2877 1751 3145 1824 pariens.
3204 1746 3306 1803 llle
3353 1746 3592 1818 quidem

155 1839 370 1902 ἐκεῖνος
434 1839 551 1912 μὶν,
608 1838 689 1894 δτι
725 1837 1068 1916 δύσχρηττός
1118 1839 1259 1895 ἐστιν
1317 1839 1487 1912 αὐτῷ,
1528 1839 1620 1893 καὶ
1651 1837 1823 1893 πολυ-

2028 1845 2182 1914 quod
2206 1845 2390 1899 durus
2422 1843 2498 1911 sit
2528 1843 2664 1914 ipsi,
2711 1842 2768 1896 in
2797 1841 3083 1912 exigendo
3115 1837 3360 1903 nimius,
3393 1835 3588 1892 curio-

152 1925 452 2002 πράγμων,
512 1925 601 1982 καί
657 1926 1010 1999 ἐξεταστικὸς,
1058 1928 1149 1983 καὶ
1193 1925 1394 1992 ἰθὲλων
1442 1925 1674 1983 ἐκδικεῖν
1732 1928 1818 1982 ἰπὶ

153 2015 335 2070 πάντα
377 2016 449 2072 τὰ
506 2014 913 2090 ἐπέτηδεύματα
970 2016 1154 2085 αὐτοῦ,
1207 2015 1296 2072 καί
1344 2017 1582 2073 κανόνων
1635 2015 1820 2091 ψηλα-

160 2105 370 2182 φητής,
429 2104 540 2173 καὶ,
580 2106 642 2160 τὸ
672 2111 773 2160 πᾶν
808 2105 999 2175 εἰπεῖν,
1047 2106 1146 2161 οὐκ
1191 2106 1365 2182 ἀφιεὶς
1425 2105 1582 2161 αὐτὸν
1641 2111 1816 2161 ποιεῖν

157 2192 560 2269 ἀπραγμόνως,
595 2194 768 2250 ὁπόσα
800 2193 1076 2270 βούλεται.
1110 2195 1207 2250 Καὶ
1241 2193 1330 2251 διὰ
1353 2200 1520 2250 ταῦτα
1552 2197 1648 2269 μὶν
1684 2193 1818 2271 βλα-

157 2288 466 2360 σφημεῖται
499 2283 527 2337 ὁ
559 2283 865 2360 ἀρχιερεύς.
896 2290 956 2342 Ὁ
1003 2281 1061 2339 δὶ
1108 2281 1452 2356 πλησιάζων,
1504 2284 1588 2340 ὅτι
1635 2286 1821 2358 κτήμα

157 2366 309 2447 ἔχων
341 2374 744 2447 παρακείμενον
775 2378 894 2437 τοῖς
925 2379 1386 2449 μοναστηριακοῖς
1418 2373 1601 2445 (λήϊόν
1632 2395 1683 2429 τι
1733 2375 1817 2429 Θε-

152 2460 280 2514 τὲον
318 2459 518 2530 εἰπεῖν,
550 2460 584 2530 ἢ
618 2460 747 2516 ὅλον
781 2459 1023 2538 ἀγρίδιον
1052 2462 1088 2531 ἢ
1121 2461 1422 2539 παραρρέον
1463 2460 1632 2538 ὕδωρ,
1663 2460 1708 2518 δ’
1757 2463 1819 2518 οὗ

156 2546 252 2602 καί
292 2547 556 2619 κηπεύσει
603 2570 710 2617 τις,
758 2551 850 2604 καὶ
888 2549 1080 2606 ἀλετὸν
1130 2549 1455 2626 ἀπαρτίσει),
1493 2551 1659 2626 βαρύς
1708 2550 1818 2606 ἐστι

157 2636 228 2711 τῇ
262 2637 411 2712 μονῇ
469 2636 759 2713 πενομὲνῃ·
809 2639 898 2693 καὶ
949 2635 1073 2694 οὔτε
1111 2638 1407 2704 ἀποδόσθαι
1438 2639 1567 2695 αὐτὸ
1626 2638 1817 2709 ἰθέλει,

157 2731 239 2798 τῷ
289 2727 456 2782 παντὶ
523 2725 579 2783 δὲ
626 2727 792 2784 πλέον
847 2726 972 2784 οὐδὲ
1025 2730 1495 2806 ἀποχαρίσασῦαι.
1547 2729 1645 2784 Καὶ
1701 2734 1818 2792 τοῖς

160 2813 430 2890 ἀδελφοῖς
460 2813 518 2870 δὲ
543 2817 799 2895 φορτικὸς
855 2815 1089 2894 ἔγκειται
1141 2818 1190 2874 εἴ
1244 2841 1298 2874 τι
1348 2817 1652 2889 λαλήσουσι
1684 2818 1820 2894 πρὸς

160 2905 354 2962 αὐτόν.
417 2906 514 2959 Καὶ
562 2910 732 2960 ταῦτα
778 2906 966 2977 εἰπὼν,
1015 2908 1105 2962 καί
1151 2929 1259 2962 που
1318 2908 1490 2981 εὑρὼν
1545 2905 1820 2976 ἁπλοϊκὴν

163 2992 471 3072 Θεοφιλίαν,
507 2993 735 3070 βλάπτει
764 2996 1072 3070 ἑκατέρους,
1101 2995 1194 3052 τόν
1235 3018 1295 3052 τε
1346 2995 1578 3053 ὲλεεινὸν
1627 2995 1822 3074 ἀρχιε-

167 3081 282 3156 ρεα,
315 3081 408 3138 καὶ
439 3083 530 3138 τὸν
561 3084 810 3139 ταπεινὸν
842 3083 1237 3162 ἂγχιτέρμονα.

233 3178 382 3246 ρπα’.
419 3172 517 3227 Καὶ
572 3177 761 3227 τοῦτον
819 3174 917 3247 μὲν
977 3172 1125 3235 ὅπως
1176 3171 1491 3243 διατίθεται,
1550 3174 1824 3249 περιττὸν,

159 3261 249 3314 καὶ
309 3258 493 3336 λέγειν
555 3259 870 3332 διεξοδικῶς
905 3284 918 3298 θ
980 3262 1148 3318 ἐκεῖνο
1209 3261 1266 3318 δὶ
1319 3265 1406 3319 καὶ
1486 3264 1650 3338 μόνον
1704 3260 1824 3338 ἄρτι

161 3347 472 3424 λογιστέον,
533 3352 615 3405 ὅτι
674 3349 789 3407 οὐδ’
845 3351 906 3408 ἃν
964 3353 1143 3422 ὶθνικὴ
1201 3350 1522 3428 καταδρομὴ
1577 3357 1675 3408 τοῦ
1713 3373 1828 3427 γει-

159 3441 424 3500 τνιῶντος
505 3445 742 3495 τοσαῦτα
810 3441 1242 3516 καταπράξηται,
1324 3443 1499 3497 ὁπόσα
1569 3442 1620 3496 oi
1690 3440 1828 3517 ἱεροὶ

163 3526 424 3603 Πατὲρες.
457 3529 520 3585 Ὀ
550 3525 608 3583 δὲ
633 3529 924 3606 ἀρχιερεὺς
955 3564 1027 3574 -
1053 3531 1199 3587 ἀλλὰ
1227 3537 1387 3586 ποῖον
1423 3531 1518 3604 μὲν
1572 3529 1735 3595 αὐτὸς
1765 3530 1826 3585 ού

169 3615 365 3690 βλέπει
433 3617 595 3692 βέλος
655 3620 1015 3694 ἡγουμενικὸν
1091 3620 1386 3694 πετόμενον
1456 3626 1570 3674 κατ’
1623 3618 1826 3689 αύτοῦ;

162 3709 324 3759 ποῖον
360 3702 420 3759 δὲ
449 3703 622 3760 ὅπλον
674 3706 991 3784 ὲγχέμαχον
1045 3708 1153 3784 ούχ
1211 3708 1466 3782 ὑπομένει
1523 3708 1827 3785 καταφερό-

160 3813 362 3865 μενον;
397 3793 558 3870 βέλος
587 3797 706 3868 (τὴν
741 3793 1056 3871 διαϐολὴν),
1091 3799 1364 3874 φαρμάκῳ
1399 3795 1560 3869 δεινῴ
1601 3816 1824 3872 κεχρισ-

166 3883 352 3955 μένον,
383 3887 452 3958 τῇ
503 3885 845 3957 πιθανότητιο
894 3886 1066 3943 ὅπλον
1116 3888 1361 3957 πλῆττον
1409 3885 1603 3942 ἐκτῶν
1662 3886 1824 3962 ἐγγυ-

165 3982 274 4043 θεν,
301 3973 402 4042 τὴν
433 3975 570 4028 κατὰ
598 3974 891 4047 πρόσωπον
925 3973 1219 4044 ἀναίδειαν,
1252 3976 1373 4030 καθ’
1403 3976 1437 4044 ἢ
1469 3975 1496 4030 6
1549 3975 1650 4044 τήν
1699 3974 1821 4051 ἒχε-

171 4060 364 4133 μυθίαν
393 4059 791 4136 πλαττόμενος,
842 4065 870 4120 ὁ
918 4065 1260 4141 ἡσυχαστής,
1303 4065 1330 4119 6
1385 4064 1762 4140 πυθαγορίζων
1793 4065 1822 4119 6

167 4148 420 4226 σιγηλὸς,
453 4151 750 4228 πρόσωπον
780 4155 893 4228 ἅμα
920 4153 1008 4209 καὶ
1041 4156 1226 4232 φωνὴν
1259 4155 1467 4228 πόρνης
1509 4148 1820 4219 ἀναλαϐὼν,

167 4238 256 4292 καὶ
291 4240 364 4301 ὡς
396 4241 509 4294 οἷον
532 4240 702 4304 αὐλὸς
732 4239 948 4316 δαίμονι
980 4242 1356 4316 ἐμπνευσοεὶς,
1389 4241 1727 4317 καταψάλλει
1757 4241 1822 4296 τὰ

169 4331 245 4401 μὴ
280 4333 644 4404 προσήκοντα,
676 4333 768 4389 καὶ
795 4334 932 4389 αύτά
957 4333 1018 4388 ού
1052 4333 1248 4391 λαϊκοῦ
1289 4355 1437 4397 τινος
1465 4333 1820 4389 ἐπισκοπικοῦ

163 4419 199 4486 ἢ
231 4423 328 4473 τοῦ
356 4420 623 4496 τυχόντος
669 4423 818 4498 ἱεροῦ
868 4420 1081 4500 ἀνδρὸς,
1142 4421 1267 4479 ἀλλ’
1308 4423 1472 4478 αὐτοῦ
1520 4427 1617 4478 τοῦ
1674 4422 1822 4477 ἔτισα

164 4505 360 4577 κόπου,
413 4509 887 4587 φιλοτιμούμενος
949 4509 1171 4567 ἐνταῦθα
1227 4510 1315 4567 καί
1371 4512 1434 4567 τὸ
1489 4511 1816 4590 εύρύφωνον.

1933 1949 2056 2000 sus,
2088 1934 2440 1988 contendere
2471 1931 2673 1988 volens
2705 1931 2777 1986 de
2807 1928 3085 1984 omnibus
3133 1926 3366 1992 ofﬁciis,
3417 1940 3588 1980 cano-

1931 2038 2073 2076 num
2099 2026 2411 2092 scrutator,
2442 2020 2578 2091 et,si
2613 2019 2953 2076 universum
2986 2015 3301 2072 dicendum
3333 2017 3446 2083 est,
3472 2029 3590 2068 non

1929 2111 2132 2166 sinens
2163 2127 2297 2166 eum
2330 2125 2695 2182 quaecunque
2726 2106 2976 2163 voluerit
3025 2104 3206 2160 libere
3250 2104 3460 2158 facere.
3506 2101 3587 2156 De

1928 2199 2020 2255 his
2053 2200 2313 2272 pontifex
2343 2196 3002 2255 insimulatur.Vicinus
3033 2199 3230 2249 autem
3278 2207 3344 2246 eo
3400 2190 3580 2260 quod,

1927 2290 2082 2345 bono
2113 2289 2370 2362 quodam
2406 2289 2578 2358 juxta
2638 2284 3063 2341 monasterium
3124 2295 3395 2352 possesso
3447 2279 3574 2350 (aut

1927 2377 2311 2433 frumentario
2340 2392 2500 2447 agro,
2535 2379 2637 2430 aut
2667 2372 3106 2446 qualicumque,
3140 2373 3243 2425 aut
3269 2385 3421 2440 aqua
3471 2367 3570 2421 de-

1928 2471 2219 2531 currente,
2251 2466 2324 2520 ad
2355 2465 2721 2537 irrigandum
2779 2461 2867 2518 vel
2918 2459 3258 2516 molendum
3317 2455 3571 2526 idonea),

1929 2555 2217 2627 indigenti
2249 2554 2600 2610 monasterio
2633 2551 2916 2608 molestus
2947 2549 3044 2618 sit,
3079 2563 3269 2619 neque
3321 2545 3380 2600 id
3437 2561 3572 2600 ven-

1931 2645 2086 2712 dere,
2123 2648 2242 2710 aut,
2277 2643 2432 2714 quod
2466 2643 2632 2714 pejus
2662 2647 2770 2706 est,
2805 2641 3023 2694 donare
3050 2636 3211 2692 velit.
3269 2633 3574 2690 Fratribus

1931 2734 2174 2804 insuper
2193 2731 2424 2802 gravior
2443 2737 2554 2802 est,
2587 2729 2797 2801 siquid
2816 2727 2866 2783 ei
2901 2726 3210 2798 objiciunt.
3244 2725 3378 2788 Quae
3435 2737 3573 2777 cum

1933 2820 2164 2886 dixerit,
2187 2824 2244 2876 et
2264 2825 2377 2876 Deo
2408 2825 2612 2886 gratus
2645 2816 2991 2888 simpliciter
3022 2814 3100 2870 sit
3130 2811 3388 2881 habitus,
3420 2809 3583 2865 laedit

1933 2915 2239 2980 utrosque,
2265 2914 2323 2966 et
2345 2907 2681 2981 pontificem
2709 2905 3138 2971 miserandum,
3166 2912 3224 2957 et
3256 2914 3581 2972 pauperem

1928 2999 2124 3056 vicinu
2143 3015 2224 3054 :n.

2011 3176 2240 3234 18l.Hic
2271 3175 2566 3248 quomodo
2595 3189 2658 3230 se
2679 3173 2912 3242 habeat,
2938 3169 3142 3228 ordine
3171 3182 3458 3241 exponere
3487 3164 3600 3221 bu-

1933 3268 2036 3339 jus
2067 3266 2176 3323 loci
2198 3283 2314 3322 non
2335 3271 2442 3322 est.
2477 3263 2643 3320 Istud
2669 3279 2852 3318 unum
2875 3265 2965 3317 est
2986 3255 3598 3324 animadvertendum,

1939 3361 2108 3412 tanta
2141 3372 2456 3428 passurum
2493 3371 2606 3409 non
2629 3368 2759 3408 esse
2783 3351 3115 3423 proximum
3138 3365 3173 3404 a
3200 3348 3594 3404 barbarorum

1937 3445 2300 3516 incursione,
2335 3449 2558 3515 quanta
2607 3459 2640 3497 a
2689 3439 2911 3497 sanctis
2968 3437 3266 3493 Patribus.
3328 3433 3596 3490 Pontifex

1938 3537 2238 3606 quodnam
2266 3532 2447 3589 telum
2481 3549 2514 3586 a
2539 3529 2775 3602 praelato
2807 3529 2876 3584 ad
2922 3545 2987 3584 se
3015 3525 3218 3583 volans
3245 3541 3361 3580 non
3392 3520 3592 3578 videt?

1937 3626 2121 3690 Quem
2154 3622 2420 3695 gladium
2452 3620 2688 3677 eminus
2721 3619 3027 3675 ferientem
3060 3633 3174 3672 non
3210 3612 3422 3669 metuit
3453 3627 3590 3683 per-

1935 3728 2251 3768 cussurum
2276 3711 2304 3765 ?
2332 3709 2536 3765 Telum
2569 3713 2696 3776 (seu
2729 3707 3046 3777 calumnia)
3079 3702 3311 3760 mortali
3363 3716 3587 3757 veneno

1933 3802 2249 3859 intinctum
2292 3806 2401 3867 est,
2451 3798 2676 3856 scilicet
2735 3794 3292 3861 verisimilitudine;
3351 3789 3587 3862 gladius

1932 3891 2168 3948 eminus
2203 3888 2416 3944 feriens
2465 3893 2554 3944 est
2604 3885 2979 3942 irreverentia
3031 3887 3166 3939 ante
3210 3879 3434 3948 oculos,
3465 3894 3582 3950 qua

1933 3981 2110 4036 homo
2142 3979 2214 4034 ad
2245 3976 2549 4033 silentium
2583 3976 2959 4044 informatus,
2984 3968 3587 4044 tranquillus,Pytha-

1932 4085 2085 4142 gone
2115 4065 2468 4138 discipulus,
2494 4069 2720 4134 mutus,
2761 4081 2825 4120 os
2883 4067 2940 4119 et
2995 4077 3196 4118 vocem
3254 4056 3583 4115 meretricis

1933 4156 2201 4229 suscipit,
2230 4161 2286 4211 et
2316 4155 2486 4226 quasi
2517 4154 2662 4208 tibia
2691 4171 2725 4208 a
2755 4151 2988 4208 diabolo
3018 4150 3241 4218 inﬂata,
3269 4145 3583 4218 opprobria

1927 4246 2151 4319 profert
2179 4245 2456 4300 adversus
2489 4259 2603 4298 non
2626 4242 2842 4298 laicum
2869 4240 3132 4312 aliquem
3157 4233 3580 4310 episcopalem,

1929 4353 2045 4392 non
2076 4334 2568 4406 qualemcumque
2599 4330 2900 4386 hominem
2925 4345 3184 4394 sacrum,
3215 4326 3318 4382 sed
3372 4324 3578 4380 adver-

1928 4442 2032 4482 sus
2062 4427 2254 4496 ipsum
2277 4421 2973 4494 episeopum,eodemque
3002 4423 3265 4488 tempore
3295 4428 3430 4470 voce
3454 4428 3577 4467 ma-

1929 4530 2045 4586 gna
2075 4512 2363 4584 superbit.
2397 4511 2459 4566 In
2493 4509 2737 4565 ecclesia
2767 4508 3128 4564 subraucum
3161 4508 3386 4578 guttur,
3434 4506 3577 4556 tunc

169 4596 269 4653 Καὶ
329 4599 357 4652 6
417 4598 500 4653 ἐπ’
557 4597 851 4666 ικκλησιας
907 4601 1188 4677 βραγχιῶν
1261 4600 1464 4677 λάρυγξ
1523 4587 1820 4672 τηνικαῦτα

2010 4601 2304 4658 utissimos
2337 4598 2622 4654 clamores
2640 4597 2936 4653 buccinat.
2969 4599 3032 4650 Et
3061 4610 3195 4650 cum
3244 4591 3399 4648 sicco
3455 4587 3577 4660 spi-

165 4683 414 4756 σαλπίζει
472 4687 567 4760 μὲν
614 4688 710 4750 τὰς
761 4689 937 4764 ἀρχὰς
966 4689 1278 4765 ὀξυφωνῶν,
1309 4692 1438 4747 ’Ὀτε
1469 4686 1526 4744 δὲ
1552 4690 1615 4744 τὸ
1649 4689 1809 4764 ὑγρὸν

169 4774 559 4852 ἰπιπροσθήσει
618 4781 699 4850 τῷ
745 4779 966 4854 καθαρῷ
1006 4782 1103 4833 τοῦ
1148 4777 1486 4851 πνεύματος,
1550 4777 1626 4840 εἰς
1681 4799 1817 4851 τυμ-

171 4866 337 4920 πάνου
394 4867 721 4939 μεταπίπτει
779 4867 933 4943 βοὴν,
998 4867 1110 4922 εἶτα
1169 4861 1484 4930 ὑποϐάσεως
1537 4865 1684 4942 λόγῳ
1731 4865 1818 4921 καὶ

172 4953 244 5015 εἰς
279 4955 547 5030 βαϋσμὸν,
605 4957 697 5011 καὶ
749 4954 848 5011 οὐκ
893 4955 1131 5028 ἀνίησιν,
1180 4952 1286 5021 ἕως
1322 4956 1383 5012 οὗ
1414 4957 1448 5026 ἡ
1479 4961 1576 5027 τῆς
1627 4953 1821 5018 λαλιᾶς

175 5038 350 5107 δίοδος
385 5045 700 5123 ἀποφραγῇ.

439 5134 540 5189 Καὶ
598 5139 848 5197 τοιοῦτος
909 5137 1002 5210 μὶν
1066 5135 1094 5190 6
1145 5137 1500 5209 τιμιώτατος,
1558 5136 1647 5191 ὅτε
1687 5132 1824 5190 κατὰ

174 5218 360 5295 ἀνδρὸς
423 5224 638 5297 μέμηνε
700 5223 1096 5302 μελαγχολῶν·
1127 5223 1174 5280 εἲ
1206 5221 1264 5280 δὲ
1292 5245 1426 5281 ποτε
1469 5224 1559 5280 καὶ
1607 5223 1823 5300 γυναικὶ

172 5311 299 5381 πρὸς
332 5311 616 5389 λοιδορίαν
651 5313 900 5390 ἐγχάνοι,
934 5313 1236 5387 ἀλεξίκακε,
1273 5321 1375 5384 τῆς
1415 5313 1781 5387 κακοστομίας
1809 5313 1822 5367 l

174 5394 455 5475 ἀνεξίκακε,
508 5410 609 5474 τῆς
644 5407 750 5458 τῶν
795 5403 1140 5478 κακολογιῶν
1175 5402 1502 5479 ἐπιχύσεως,
1560 5406 1656 5458 τοῦ
1711 5404 1827 5456 τῶν

251 5565 378 5640 (20),
424 5565 757 5640 Ἀλεξίκακε,
811 5565 1096 5640 Depulsor
1157 5564 1813 5640 malorumtpestium.

179 5637 603 5713 calamitatuni,
636 5657 752 5713 quo
784 5637 1020 5713 nomine
1050 5639 1122 5694 ab
1147 5639 1408 5711 antiquis
1432 5639 1519 5713 dii
1542 5637 1702 5713 boni
1721 5653 1822 5713 vo-

176 5711 498 5771 cabantur:
532 5705 620 5772 sic
648 5705 897 5769 Athenis
929 5714 1054 5768 erat
1082 5705 1606 5784 statua'Apollonis
1650 5705 1824 5778 ἀλεξι-

1929 4689 2067 4746 ritui
2090 4689 2403 4744 humidum
2427 4685 2832 4753 addit,decidit
2861 4685 2920 4739 in
2951 4688 3295 4756 tympanum
3327 4677 3572 4734 surdum

1928 4784 2031 4837 aut
2059 4778 2309 4833 inferius
2339 4778 2412 4832 ad
2444 4775 2725 4831 latratum
2754 4791 2766 4830 :
2801 4789 2907 4830 nec
2929 4775 3139 4839 cessat,
3161 4772 3342 4825 donec
3371 4781 3573 4838 garru-

1925 4868 2109 4925 litatis
2139 4867 2348 4924 semita
2378 4864 2766 4922 rescindatur.

2005 5136 2126 5192 182.
2158 5133 2316 5190 Talis
2349 5136 2438 5188 est
2459 5133 2660 5187 noster
2687 5126 3165 5194 laudatissimus,
3198 5137 3332 5180 cum
3375 5122 3582 5178 adver-

1933 5243 2037 5282 sus
2069 5224 2367 5280 hominem
2418 5221 2726 5278 atrabilem
2784 5219 3040 5273 furorem
3100 5215 3238 5271 edit.
3278 5211 3584 5268 Mulierem

1931 5329 2068 5370 vero
2100 5314 2148 5370 si
2181 5313 2416 5385 quando
2449 5309 2685 5382 injurtis
2714 5305 2970 5378 impetit,
3010 5323 3042 5362 o
3074 5303 3353 5376 depulsor
3397 5299 3579 5356 malo-

1934 5420 2067 5459 rum
2099 5403 2306 5475 (20),os
2337 5401 2662 5474 pessimum
2688 5396 2700 5452 l
2726 5414 2758 5452 o
2780 5394 3380 5470 patientia,di1uvium
3404 5388 3585 5446 malo-

1933 5563 2126 5619 κάκου.
2160 5561 2485 5632 Ἀνεξίκακε,
2516 5558 2795 5632 tolerans,
2853 5557 3078 5632 patiens
3112 5554 3431 5632 malorum.
3453 5549 3578 5604 Non

1933 5637 2065 5692 novi
2098 5634 2207 5691 hoc
2238 5603 2734 5691 namine’vocatus
2759 5603 3089 5698 deorsatios;
3111 5623 3462 5686 Eustathius
3483 5638 3585 5678 au-

1931 5711 2052 5765 tem
2083 5711 2244 5764 amat
2271 5722 2370 5764 eas
2400 5721 2569 5764 voces
2599 5701 2778 5762 simul
2805 5701 3076 5775 jungere.
