4104 6210
330 289 449 350 88⁸1
1104 290 1529 354 EUSTATBII
1572 285 2341 352 THESSALONICENBIS
2391 288 2973 353 METROPOLITE
3627 289 3767 351 888

335 439 470 479 rum
500 423 1269 493 verborum,abundantiam
1291 424 1791 497 blasphemiarum
1817 423 1829 481 ί
1864 439 1979 479 non
2009 424 2034 491 Α

2147 425 2466 497 λασφημιῶν
2535 419 2819 480 πλούτουί
2892 425 3099 498 πόρνης
3157 421 3243 494 εἴη
3303 421 3362 478 ἂν
3419 424 3512 478 καὶ
3575 423 3766 496 μόνης

339 511 457 567 nisi
481 513 806 567 meretricis
829 513 1183 568 obscmnitas
1213 513 1460 568 dicenda
1483 519 1593 579 est,
1651 530 1768 585 qua
1822 529 1983 567 exer-

2151 512 2416 583 ονομάσαι
2446 514 2545 582 τήν
2582 511 3163 589 αἰσχρορῥημοσύνην,
3223 513 3286 581 ἣν
3317 511 3701 586 έξησκημένος
3735 511 3767 564 ὁ

338 599 554 656 citatus
585 601 758 657 homo
788 601 1122 658 causidicus
1172 618 1287 656 non
1347 601 1472 658 vult
1519 601 1806 674 superari.
1864 605 1986 654 Non

2147 607 2191 669 is
2220 603 2582 674 καθηγήσεως
2632 601 2732 656 οὐκ
2787 599 2960 656 ἐθέλει
2988 601 3051 656 τὸ
3081 598 3309 656 ἔλαττον
3342 600 3722 674 ἂποφέρεσθαι
3752 631 3768 644 ο

341 691 429 746 sic
459 690 725 747 luscinia;
754 691 880 746 aliis
913 691 1044 747 aliis
1074 693 1575 764 respondent,non
1609 695 1691 748 sic
1719 691 1989 747 hirundi-

2147 686 2223 744 ὶδέ
2279 687 2508 759 ἀηδόνες
2561 689 2620 745 ἂν
2681 690 2756 752 εἴς
2817 691 3011 763 ὅμοιον
3045 688 3326 760 ἀλλήλαις
3357 686 3663 760 ἀντᾴδοιεν·
3700 689 3775 745 οὗ

341 795 448 836 nes
478 779 803 836 clamitant.
839 782 974 846 Qua
1007 781 1294 838 clamores
1323 781 1682 838 clamoribus
1712 797 1988 838 ranarum

2147 776 2382 841 ελιδὸνες
2435 778 2608 842 οὕτως
2667 777 2728 834 ἂν
2793 780 3189 854 βατταρίζοιεν.
3246 778 3561 854 Βατράχοις
3594 774 3655 832 δέ
3709 794 3784 851 γε

349 869 610 925 conferre
639 886 756 925 non
771 886 876 941 par
905 874 1275 943 est,quarum
1306 888 1505 928 vocem
1529 888 1806 944 magnam
1837 870 1997 926 unda

2147 870 2313 923 ῖκάσαι
2363 870 2464 938 τὴν
2493 867 2754 940 τοιαύτην
2809 869 2945 944 βοήν
2994 868 3324 944 ἀπροσφυές,
3357 866 3454 930 οῦς
3499 867 3564 923 τὸ
3615 863 3784 938 ὕδωρ

350 956 437 1011 ori
467 956 825 1014 circumfusa
867 960 1223 1031 comprimit.
1282 961 1406 1017 Non
1466 961 1847 1017 confunditur
1897 958 1998 1031 qui

2147 957 2454 1030 τιστομίζον
2505 957 2795 1013 ἀνακόπτει
2846 963 2949 1028 τῆς
2984 962 3194 1033 μακρᾶς
3245 963 3452 1035 φωνῆς,
3503 955 3614 1012 Καὶ
3668 954 3792 1010 οὔτε

350 1044 602 1101 formam
633 1048 930 1120 egregiam
963 1048 1222 1106 hominis
1252 1066 1286 1106 a
1311 1056 1425 1106 Deo
1457 1050 1998 1123 accepit,=divinam

2147 1045 2417 1122 ίσχύνεται
2448 1048 2476 1101 ὁ
2525 1047 2618 1102 τὸν
2671 1046 2839 1102 καλὸν
2899 1046 3282 1122 ὑπεσχημένος
3342 1044 3628 1120 ἄνθρωπον
3691 1046 3791 1115 τῷ

351 1133 692 1206 imaginem,
717 1153 930 1209 nempe
960 1155 1044 1206 os,
1069 1137 1127 1193 in
1163 1155 1224 1195 se
1262 1139 1470 1196 inutile
1527 1141 1736 1208 facere,
1788 1142 1845 1194 et
1897 1155 2000 1210 pa-

2147 1139 2246 1207 εῷ,
2308 1137 2544 1212 ἀχρειῶν
2593 1137 2655 1191 τὸ
2704 1136 2756 1191 έν
2790 1137 2942 1209 αὐτῷ
2985 1138 3132 1192 θεῖον
3188 1133 3442 1212 ὄργανον,
3470 1135 3533 1190 τὸ
3565 1133 3792 1206 στόμα,

351 1223 619 1280 radisum
651 1227 962 1283 arboribus
993 1227 1290 1283 consitum
1322 1230 1381 1283 in
1408 1229 1708 1299 spinetum
1767 1244 2002 1283 conver-

2147 1225 2200 1279 αὶ
2272 1223 2386 1280 ἀντὶ
2460 1221 2786 1296 παραδείσου
2863 1221 3211 1298 δενδρήεντος
3295 1223 3376 1288 εἷς
3453 1223 3797 1279 ἀκανθεῶνα

363 1316 508 1367 tere.
534 1315 835 1371 Assentire
867 1316 1014 1371 nolit
1061 1317 1277 1373 dicenti
1335 1316 1669 1373 Salomoni:
1724 1316 2004 1372 «Sanitas

2147 1317 2448 1368 ιεταποιῶνο
2503 1315 2590 1368 οἷα
2623 1315 2699 1387 μὴ
2732 1311 2932 1369 ἐθέλων
2968 1312 3181 1369 ἀκούειν
3209 1310 3582 1386 Σολομῶντος
3616 1311 3800 1367 εἰπό-

358 1399 576 1472 Ιίοευω
607 1402 833 1475 lignum
864 1404 994 1460 vita
1018 1405 1063 1440 ‘9
1089 1426 1152 1473 ;»
1172 1405 1271 1460 ubi
1299 1406 1717 1477 inquirendum
1735 1410 1792 1460 et
1816 1403 2006 1476 explo-

2147 1421 2264 1464 τος·
2298 1427 2325 1455 ‹‹
2379 1404 2546 1476 ’Ἰαμα
2599 1403 2860 1478 γλώσσης
2893 1399 3112 1478 δένδρον
3145 1405 3311 1473 ζωῆς.
3338 1424 3367 1456 ι
3431 1404 3600 1466 ¹Ἐνθα
3632 1402 3800 1456 θεω-

359 1491 614 1547 randum
647 1499 736 1548 est
765 1494 873 1550 hoc
902 1495 1144 1550 verbum
1166 1512 1178 1551 :
1199 1518 1228 1546 «
1269 1496 1501 1551 Sanitas
1550 1495 1784 1568 linguae.
1812 1515 1840 1544 »
1860 1493 2008 1548 Vere

2153 1491 2310 1562 ητέον
2342 1491 2394 1546 έν
2447 1491 2804 1565 έπισημάνσει
2837 1493 2900 1546 τὸ
2959 1517 2988 1546 ‹‹
3020 1489 3159 1566 ἷάμα
3204 1491 3481 1567 γλώσσης.
3525 1514 3555 1543 ››
3606 1489 3808 1557 Ἀλη-

363 1577 516 1633 enim
537 1582 833 1652 pessimus
866 1585 1109 1639 morbus
1139 1583 1361 1640 malum
1397 1583 1628 1655 lingua.
1660 1583 1771 1639 Ubi
1813 1587 2008 1638 autem

2147 1585 2225 1643 ,ὣς
2281 1582 2385 1657 γὰρ
2445 1579 2722 1653 δεινοτάτη
2785 1582 2943 1644 νόσος
2997 1582 3090 1636 καὶ
3138 1584 3174 1651 ὴ
3205 1579 3589 1657 γλωσσαλγία.
3625 1577 3694 1635 Εἰ
3734 1575 3808 1632 δέ

365 1674 632 1736 sanatur,
666 1688 876 1728 rursus
905 1672 1108 1745 lingua
1137 1674 1203 1728 fit
1259 1674 1433 1729 arbor
1491 1674 1638 1741 vitae,
1693 1689 1798 1729 seu
1854 1671 2011 1743 quod

2147 1691 2227 1724 που
2286 1669 2575 1743 ῗατρευθῇ,
2637 1669 2826 1747 ἀφίησι
2883 1672 2983 1740 τὴν
3042 1670 3296 1746 γλῶσσαν
3361 1667 3582 1746 δένδρον
3646 1668 3809 1723 εἶναι

370 1757 528 1814 idem
581 1766 690 1828 est,
748 1760 868 1829 Dei,
930 1762 1027 1834 qui
1079 1762 1260 1818 dixit:
1311 1769 1480 1835 «Ego
1538 1780 1673 1819 sum
1719 1763 1940 1829 vita“;
1985 1782 2013 1810 ”

2147 1765 2292 1829 ζωῆς,
2349 1761 2542 1814 ταυτὸν
2588 1757 2632 1814 δ’
2683 1759 2876 1828 εἰπεῖν,
2928 1763 3082 1830 Θεοῦ,
3113 1763 3212 1815 τοῦ
3263 1759 3530 1823 εἰπόντος⁶
3569 1782 3601 1810 ι(
3633 1756 3804 1832 Ἐγὼ

377 1847 478 1917 qui
512 1849 782 1920 prohibet
811 1851 986 1907 etiam
1041 1868 1115 1908 ne
1172 1851 1383 1908 inutile
1434 1852 1677 1908 verbum
1730 1851 2017 1922 intempe-

2147 1847 2248 1921 ιῑμι
2306 1851 2341 1918 ἡ
2376 1851 2512 1920 ζωή·
2562 1870 2590 1902 ι
2625 1850 2712 1904 καὶ
2765 1845 2902 1922 μηδὲ
2944 1847 3248 1919 ἐθέλοντος,
3307 1846 3672 1924 παρακαίριόν
3739 1864 3807 1900 τι

381 1937 529 1993 stive
561 1940 908 2010 proferatur,
942 1939 1014 1996 de
1052 1955 1169 2011 quo
1218 1940 1292 1996 ad
1342 1939 1695 1996 maledicum
1752 1944 1843 1996 est
1897 1955 2018 1995 ser-

2147 1937 2409 1993 ιαλεῖσθαι
2457 1937 2860 2014 ἀργολογικῶς⁶
2915 1938 3048 2014 ὑπὶρ
3097 1936 3159 1993 οῦ
3207 1936 3374 2016 λόγος
3421 1933 3655 2017 ὄφλεται
3707 1938 3808 2007 τῷ

379 2027 820 2084 mocinandum.

2147 2025 2546 2102 ιακολογοῦντι.

452 2117 576 2172 183.
600 2116 860 2180 Qualiter
887 2118 1062 2174 arbor
1090 2118 1395 2191 pomifera,
1439 2123 1496 2176 et
1524 2120 1705 2193 piras,
1764 2122 1823 2174 et
1869 2131 2023 2172 mes-

382 2205 538 2275 pilus
572 2211 628 2262 et
647 2211 884 2275 ceterae,
917 2207 1114 2264 taliter
1133 2214 1190 2264 et
1219 2209 1422 2282 lingua
1461 2227 1625 2277 sana,
1687 2225 1814 2281 qua:
1869 2207 2024 2262 bona

379 2294 662 2367 loquitur,
685 2295 795 2352 erit
822 2297 996 2353 arbor
1023 2298 1150 2353 vitae
1177 2316 1190 2354 :
1217 2299 1388 2370 cujns
1407 2299 1634 2355 radices
1658 2298 1719 2353 in
1743 2297 2024 2362 anima,et

381 2385 583 2458 lingua
612 2390 860 2443 truncus
890 2389 1019 2459 ejus
1049 2393 1374 2460 reputatur.
1406 2389 1596 2460 Hujus
1628 2390 1856 2444 fructus
1886 2389 2026 2442 sunt

378 2476 546 2531 vitae:
581 2475 703 2532 sive
732 2477 1055 2532 secundum
1080 2476 1456 2549 theologiam,
1517 2478 1639 2533 sive
1695 2476 2023 2533 secundum

380 2562 660 2619 moralem
697 2564 1025 2632 scientiam,
1059 2571 1116 2621 et
1145 2582 1510 2638 quaecunque
1541 2567 1704 2635 aliae;
1756 2582 1870 2621 non
1916 2581 2026 2620 au-

380 2656 501 2708 tem
526 2651 681 2708 mala
710 2652 885 2709 verba
915 2669 1040 2723 quae
1072 2654 1209 2709 inde
1240 2653 1510 2726 efﬂuunt,
1542 2654 1696 2710 inter
1751 2669 1878 2726 quas
1937 2655 2027 2709 est

383 2742 750 2798 abundantia
773 2742 1186 2815 naziraica(21)
1209 2745 1362 2816 apud
1389 2761 1496 2800 nos
1519 2743 2026 2816 plurimiaastima-

383 2837 465 2886 ta.
498 2830 612 2886 lsta
643 2847 778 2886 cum
821 2832 904 2887 sic
963 2831 1310 2902 celebretur,
1369 2833 1417 2888 si
1478 2833 1614 2905 quis
1662 2832 2026 2889 adstantium

383 2918 609 2986 irridet,
641 2921 839 2992 gravia
869 2921 1038 2976 aliter
1068 2922 1337 2992 patietur,
1367 2927 1740 2994 ascetamque
1759 2923 1830 2977 ad
1862 2921 2026 2976 inde-

385 3007 578 3064 centia
607 3009 869 3064 convicia
899 3013 1193 3081 provocat.
1228 3010 1286 3065 Si
1322 3015 1518 3066 autem
1551 3010 1834 3083 pontlfex,
1859 3010 2028 3066 testis

2202 2118 2342 2195 ρπγ’.
2373 2119 2577 2191 ’Ὠσπερ
2609 2114 2667 2172 δέ
2715 2116 2826 2173 ἔστι
2873 2116 3132 2196 φοινίκων
3182 2114 3424 2194 δένδρον,
3453 2116 3542 2171 καὶ
3583 2113 3813 2182 ἀπίων,

2131 2207 2222 2263 καὶ
2258 2205 2559 2280 μεσπίλων,
2608 2205 2698 2261 καὶ
2750 2204 2984 2272 λοιπῶν,
3019 2207 3163 2262 οὕτω
3194 2206 3285 2262 καὶ
3331 2204 3555 2283 γλῶσσα
3611 2201 3816 2279 ὑγιαί-

2130 2317 2293 2352 νουσα
2323 2296 2374 2351 έν
2401 2300 2481 2367 τῷ
2523 2294 2874 2372 ἀγαθολογεῖν
2928 2293 3148 2372 δένδρον
3203 2289 3346 2350 ἔσται
3399 2297 3562 2364 ζωῆς·
3621 2290 3818 2367 οὗπερ

2134 2386 2364 2462 ἐνψυχῇ
2417 2387 2510 2459 μὲν
2561 2385 2616 2440 αἱ
2665 2384 2829 2463 ῥίζαι,
2884 2388 2919 2456 ἡ
2974 2383 3033 2442 δὲ
3079 2385 3306 2460 γλῶσσα
3339 2384 3467 2440 ὡσεί
3497 2405 3547 2438 τι
3605 2382 3819 2458 πρέμ-

2132 2496 2244 2531 νιον
2303 2474 2597 2550 λογίζεται.
2649 2475 2861 2551 Καρποὶ
2920 2473 2979 2530 δέ
3034 2475 3199 2530 αὐτοῦ
3247 2475 3304 2530 αἱ
3348 2474 3502 2544 ζωαίο
3554 2475 3594 2543 ἡ
3655 2471 3821 2526 κατὰ

2135 2565 2445 2641 θεολογίαν,
2505 2567 2540 2635 ἢ
2591 2566 2726 2620 κατὰ
2795 2560 3146 2620 διδασκαλίαν
3194 2565 3445 2634 ἠθικήν·
3511 2561 3605 2616 καὶ
3667 2560 3819 2616 ὅσαι

2134 2651 2321 2712 ἄλλαιο
2357 2652 2418 2710 ού
2471 2655 2578 2728 μὴν
2623 2655 2679 2708 αἱ
2712 2651 2998 2731 ἐπίῤῥητοι
3043 2649 3388 2728 κακολογίαι,
3420 2652 3495 2706 ὦν
3543 2649 3650 2725 μία
3696 2649 3810 2704 καὶ

2135 2748 2170 2816 ἡ
2203 2745 2255 2800 έν
2285 2749 2404 2808 τοῖς
2450 2746 2568 2799 καθ’
2609 2745 2758 2817 ἡμᾶς
2808 2740 3106 2818 φιλότιμος
3165 2742 3470 2817 Ναζιραϊκὴ
3520 2739 3811 2816 φλυαρίαο

2136 2834 2206 2903 ἧς
2255 2832 2398 2889 οὕτω
2443 2831 2980 2908 πανηγυριζομένης,
3035 2829 3207 2894 ἄλλος
3243 2831 3338 2905 μέν
3366 2851 3449 2892 τις
3477 2833 3583 2884 τῶν
3628 2849 3813 2905 περι-

2134 2922 2520 2998 τετυχηκότων
2578 2920 2928 2995 ἐπισκώψας,
2982 2916 3170 2982 ἄλλως
3238 2921 3441 2996 πάσχει
3487 2917 3558 2974 τὰ
3623 2918 3820 2994 βαρῦ-

2136 3033 2317 3082 νοντα,
2397 3011 2475 3074 εἰς
2544 3011 2810 3084 ἀσέμνους
2883 3007 3314 3088 ἀλληλοφωνίας
3371 3007 3647 3084 ἐκτρέπων
3700 3008 3817 3063 τὸν

383 3098 652 3156 oculatus
696 3099 815 3156 sive
873 3100 1238 3157 auriculatus
1286 3103 1572 3173 queritur,
1634 3107 1772 3158 tunc
1815 3101 2029 3158 sentiet

384 3205 495 3214 -..Α
526 3189 695 3214 ...ι-.-Δρ
730 3205 790 3214 ,Α
823 3189 1148 3214 μ----ι.--..
1184 3190 1450 3214 J-f-__I-L
1515 3195 1564 3214 ,Δ
1618 3190 2006 3214 Δ-ι.---ι.-ι--..

2147 3103 2403 3173 ἆσκητήνο
2448 3101 2494 3156 εἰ
2549 3097 2607 3155 δὲ
2654 3097 2942 3174 ἀρχιερεὺς
2971 3098 3007 3168 ἢ
3062 3099 3253 3174 παρὼν
3283 3096 3319 3168 ἢ
3347 3097 3482 3171 ἀκοῇ
3509 3096 3511 3098 ’
3538 3095 3821 3172 παραλα-

2147 3186 2204 3214 P‘
2316 3191 2448 3214 ..!...l
2470 3210 2573 3214 ___-_
2659 3188 2777 3214 _l_-
2806 3189 2863 3214 Ἀ-.
2894 3189 3197 3214 -----..,,,ια,,
3234 3209 3280 3214 __
3303 3210 3317 3214 _
3344 3187 3442 3214 -.ιη
3483 3186 3821 3214 ,,,,,...-,--,ι,,

382 3205 498 3260 quo
526 3189 699 3245 modo
730 3205 792 3244 se
823 3189 1149 3246 monachus
1180 3190 1454 3246 defendat
1509 3195 1568 3246 et
1613 3190 2026 3247 debacchetur.

2147 3186 2251 3246 ϐὼν
2311 3191 2601 3264 μέμψεται,
2658 3188 2780 3244 τότε
2805 3189 2863 3243 ἃν
2894 3189 3202 3262 καταμάθοι
3232 3209 3318 3252 τις
3343 3187 3442 3256 τὴν
3481 3186 3822 3262 μοναχικήν

381 3277 684 3350 Extemplo
737 3279 894 3333 enim
936 3278 1006 3333 ad
1047 3279 1297 3350 injurias
1345 3297 1408 3336 se
1455 3282 1791 3353 accingens,
1851 3280 2028 3354 rugit,

382 3365 666 3430 infremit,
697 3367 906 3440 mugit,
931 3367 1236 3438 tripudiat,
1269 3369 1571 3438 mussitat,
1605 3370 1678 3426 de
1707 3368 1842 3424 imis
1891 3385 2032 3440 prm-

385 3455 601 3512 cordiis
631 3456 1030 3529 datgemitus,
1057 3457 1419 3528 frequentem
1464 3457 1718 3514 halitum
1781 3473 1811 3514 e
1871 3458 2030 3514 nari-

384 3545 498 3600 bus
527 3545 761 3606 emittit.
796 3546 966 3616 quasi
1020 3545 1230 3617 igneus
1289 3547 1413 3602 vult
1465 3547 1673 3616 videri,
1719 3548 2035 3620 supercilia

387 3637 662 3702 coarctat,
696 3638 754 3688 et
785 3632 1000 3688 nebula
1032 3633 1297 3706 obtegit;
1332 3651 1465 3690 mox
1496 3636 1554 3690 in
1595 3635 1875 3708 pallorem
1937 3637 2036 3691 de-

387 3720 614 3792 lapsus,
646 3738 780 3776 mox
805 3726 878 3777 ut
921 3721 1159 3777 ﬂamma
1189 3739 1493 3793 accensus,
1548 3725 1717 3795 quasi
1766 3724 2036 3781 cinereus

391 3809 584 3866 colore
630 3810 812 3866 tantis
868 3811 1301 3868 mutationibus
1358 3813 1578 3869 indicat
1622 3819 1678 3870 et
1746 3815 2040 3871 fervefacit

388 3899 538 3956 iram
557 3904 614 3956 et
631 3900 948 3972 loquelam.
968 3904 1111 3956 Cum
1135 3901 1194 3957 in
1227 3901 1496 3958 cellulam
1529 3920 1592 3959 se
1621 3904 1885 3973 retrahit,
1910 3921 2037 3976 quae

389 3989 654 4060 loquitur
683 3990 856 4045 corde
887 3989 1039 4045 irato
1069 3989 1128 4045 in
1153 4007 1215 4046 se
1245 3991 1462 4059 solum,
1487 4002 1541 4050 el
1572 3993 1630 4049 in
1665 3993 1888 4050 similes
1946 3993 2039 4050 sui

390 4083 733 4147 verluntur;
767 4095 894 4152 quis
919 4085 1116 4136 autem
1150 4081 1404 4153 cogitata
1433 4087 1489 4139 et
1513 4085 1793 4141 meditata
1821 4086 2042 4157 profert

391 4167 452 4224 in
483 4166 675 4224 lucem
705 4167 809 4225 tali
843 4169 1016 4225 modo
1048 4169 1522 4230 manifestantur.

465 4439 589 4494 184.
619 4439 666 4494 Α
697 4438 1099 4511 corporalibus
1131 4399 1455 4511 spiritualis
1488 4442 1661 4498 homo
1698 4444 1944 4499 orditur.
1979 4444 2039 4500 In

2138 3281 2437 3354 ἀμυντικὴν
2488 3277 2578 3333 καὶ
2621 3278 2684 3334 τὸ
2730 3278 2848 3333 κατ’
2892 3276 3057 3346 αὐτὴν
3112 3274 3401 3352 ἀργαλέον.
3450 3274 3630 3337 Εὐθὺς
3696 3276 3815 3347 μὲν

2137 3371 2238 3445 γὰρ
2288 3369 2362 3431 είς
2408 3362 2720 3444 ἐμὸρίθειαν
2781 3365 2966 3420 ἑαυτὸν
3025 3364 3247 3436 συνάξας
3312 3365 3604 3442 βρυχᾶται,
3674 3364 3816 3438 βρι-

2145 3464 2329 3533 μᾶται,
2392 3457 2568 3531 μύζει,
2627 3453 2833 3533 σφύζει,
2893 3454 3166 3532 γογγύζει,
3206 3453 3392 3530 βύθιον
3421 3453 3818 3523 ὑποστενάζει,

2141 3549 2454 3625 προπέμπει
2484 3551 2590 3601 τῶν
2628 3547 2918 3620 μυκτήρων
2979 3543 3160 3618 ἆσθμα
3215 3543 3431 3618 συχνὸν,
3465 3539 3674 3606 ἐθέλων
3707 3541 3822 3597 καὶ

2142 3637 2419 3714 πυρπνόος
2480 3636 2650 3690 εἶναι·
2705 3634 2918 3710 συνάγει
2977 3632 3072 3695 τὰς
3131 3633 3333 3711 ὀφρῦς·
3393 3635 3684 3709 νεφοποιεῖ
3739 3632 3818 3686 τὸ

2144 3728 2463 3802 πρόσωπον⁹
2521 3729 2608 3778 νῦν
2660 3722 2736 3786 εἷς
2790 3722 2975 3799 ὠχρὸν
3040 3722 3407 3798 βαπτόμενος,
3465 3719 3624 3784 αὖθις
3653 3717 3816 3798 φλο-

2145 3817 2303 3894 γερὸν
2363 3813 2731 3892 έρευθόμενος,
2781 3813 3010 3888 πάσχων
3068 3810 3159 3867 καί
3199 3833 3254 3867 τι
3281 3811 3478 3889 τεφρὸν
3507 3809 3582 3871 εἷς
3645 3813 3818 3886 χρῶ-

2147 3928 2254 3974 σιν,
2296 3905 2385 3960 καί
2433 3925 2547 3965 πως
2589 3901 2730 3958 οὕτω
2788 3899 3102 3977 πρωτεΐζων
3158 3907 3278 3964 ταῖς
3303 3899 3577 3961 τοιαύταις
3637 3919 3823 3972 μετα-

2149 3990 2362 4064 ϐολαῖς,
2418 3993 2506 4049 καὶ
2570 3993 2707 4054 τέως
2773 3989 2979 4065 πνίγων
3047 3991 3141 4046 τὸν
3188 3995 3444 4066 προφανῆ
3489 3987 3578 4044 καὶ
3629 3987 3825 4059 θυμὸν

2149 4085 2237 4141 καὶ
2293 4081 2472 4160 λόγον.
2527 4081 2826 4155 Γενόμενος
2856 4078 2914 4135 δὲ
2966 4083 3065 4134 τοῦ
3094 4075 3346 4148 κελλίου,
3407 4076 3440 4133 ἃ
3499 4077 3592 4151 μὶν
3658 4075 3822 4152 λέγει

2151 4179 2538 4251 θυμομαχῶν,
2596 4172 2715 4228 κατ’
2778 4171 2941 4226 αὐτοῦ
2990 4170 3081 4225 καὶ
3129 4169 3302 4243 μόνου
3356 4168 3654 4244 τράποιντο
3714 4167 3816 4221 καὶ

2148 4270 2256 4322 τῶν
2289 4263 2494 4338 ὁμοίων
2529 4261 2690 4334 αὐτῷ·
2727 4260 2759 4316 ἃ
2805 4257 2864 4316 δὲ
2917 4256 3363 4336 βυσσοδομεύσας
3410 4256 3501 4312 καὶ
3563 4253 3826 4329 μελετή-

2153 4375 2246 4417 σας
2274 4354 2350 4415 εἷς
2383 4357 2496 4426 φῶς
2524 4352 2776 4428 προάγει,
2804 4346 2858 4405 ἓν
2888 4369 3000 4405 τισι
3029 4352 3361 4424 θεωροῦνται
3384 4343 3650 4402 τοιοῖσδε.

2225 4439 2366 4520 ρπδ’.
2421 4443 2684 4517 “Δρχεται
2739 4439 2843 4494 ἀπὸ
2889 4441 2997 4494 τῶν
3047 4435 3521 4511 σωματικωτέρων
3567 4435 3596 4489 ὁ
3649 4453 3826 4489 πνευ-

393 4528 595 4584 vineas
609 4527 864 4584 ecclesia:
888 4527 1409 4585 animaliainducit
1431 4548 1555 4602 quas
1581 4533 1872 4588 matresin
1891 4533 2034 4589 fruc-

2159 4512 2406 4608 ματικός.
2457 4512 2568 4585 Καὶ.
2614 4527 2886 4603 ἀμπέλοις
2929 4527 3024 4602 μὶν
3079 4524 3558 4598 ἐκκλησιαστικαῖς
3614 4521 3821 4602 tm?!-

395 4617 558 4673 tibus
589 4617 900 4683 devorent:
925 4617 986 4674 in
1007 4619 1245 4674 arbores
1261 4618 1520 4676 excultas
1547 4637 1686 4676 suos
1710 4621 2043 4679 adulatores

398 4707 601 4773 mittit,
633 4710 700 4762 ut
729 4723 955 4777 corvos,
990 4708 1213 4780 quieos
1255 4710 1546 4766 fructibus
1599 4711 1918 4768 denudent.
1979 4713 2043 4768 In

399 4796 751 4852 arundineta
765 4797 890 4852 etin
917 4795 1142 4869 reliqua
1164 4800 1402 4856 dumeta
1425 4801 1722 4856 ﬂammam
1747 4809 2043 4857 voranlem

398 4884 597 4941 infert.
631 4885 881 4942 Semitas
913 4891 1196 4960 agrestes,
1228 4895 1286 4945 et
1326 4889 1578 4962 reliquas
1603 4890 1726 4946 vias
1757 4891 1910 4964 sepit
1938 4891 2041 4946 ho-

398 4973 660 5030 minibus
685 4973 940 5031 ccclesiee
965 4977 1162 5046 ;aliam
1195 4979 1350 5036 viam
1384 4996 1591 5036 novam
1617 4981 1786 5050 jubet
1819 4980 2046 5052 aperire

396 5062 572 5119 homo
603 5065 926 5120 novitatum
953 5073 1185 5123 amator
1205 5074 1261 5124 et
1289 5070 1640 5124 auctor.Eos
1661 5086 1694 5124 a
1719 5068 2046 5126 moletrinis

396 5157 555 5208 arcet
583 5169 717 5209 vere
775 5171 1085 5226 pervorsus
1130 5156 1311 5214 visus.
1373 5159 1436 5214 In
1495 5175 1677 5230 aquas
1733 5158 1934 5227 etiam,
1996 5158 2046 5215 si

393 5259 572 5315 quam
597 5243 910 5300 utilitatem
943 5245 1308 5317 spiritualem
1330 5246 1597 5304 homines
1627 5248 1887 5322 episcopi
1909 5248 2046 5307 inde

467 5407 514 5442 ιο
543 5406 706 5463 Prov.
739 5422 831 5478 xv,
862 5406 918 5462 4.
991 5407 1034 5442 ti
1067 5405 1236 5464 Joan.
1269 5425 1389 5476 11v,
1416 5409 1472 5465 6.

2151 4643 2244 4695 ησι
2295 4625 2407 4692 ζῶα
2465 4620 2884 4695 κατατρώγοντα
2944 4617 3041 4679 τὰς
3121 4613 3360 4690 μητέρας
3432 4612 3622 4674 αὐτοῖς
3678 4631 3822 4688 καρ-

2152 4715 2298 4772 ποῖς·
2334 4703 2574 4780 δένδροις
2609 4702 2665 4759 δὶ
2699 4701 2944 4780 ’ἡμέροις
3001 4701 3299 4776 ἐπιπέμπει
3347 4701 3477 4764 τοὺς
3531 4701 3667 4776 παρ’
3715 4699 3821 4756 αῦ-

2150 4803 2229 4872 τῷ
2281 4794 2724 4874 φαυλοκόλακας,
2763 4793 2849 4847 οἶα
2904 4791 2994 4847 καί
3015 4812 3168 4854 τινας
3213 4792 3474 4866 κόρακας,
3532 4787 3586 4844 οἵ
3629 4787 3820 4864 ψιλώ-

2153 4909 2333 4944 σουσιν
2393 4884 2529 4941 αὐτὰ
2579 4887 2677 4939 τοῦ
2727 4885 2978 4954 καρποῦ·
3050 4880 3208 4942 ὕλαις
3266 4878 3322 4935 δὲ
3382 4879 3673 4959 φρυγάνων
3724 4876 3820 4933 καὶ

2156 4977 2365 5034 λοιπῶν
2447 4976 2667 5047 θάμνων
2745 4967 3145 5027 έπαποστέλλει
3233 4967 3413 5048 φλόγα
3491 4969 3822 5044 παμφάγον.

2153 5063 2517 5144 Ἀποφράττει
2571 5063 2666 5123 τὰς
2724 5059 3017 5137 ἀγροτικᾶς
3079 5058 3374 5133 ἁμαξιτοὺς
3429 5059 3521 5113 καὶ
3582 5055 3823 5118 λοιποὺς

2156 5155 2472 5234 λεωφόρους
2528 5155 2648 5215 τοῖς
2690 5157 2792 5220 τῆς
2847 5147 3158 5218 ἐκκλησίας,
3221 5146 3400 5219 ἄλλην
3452 5147 3672 5234 τέμνειν
3701 5165 3822 5234 και·-

2155 5248 2252 5317 νὴν
2287 5233 2410 5300 ὁδὸν
2467 5236 2896 5312 ἐπιτελλόμενος
2953 5237 2981 5292 ὁ
3013 5237 3399 5315 καινότροπος,
3456 5235 3549 5292 καὶ
3583 5233 3658 5291 δι’
3685 5233 3819 5290 αὖτὸ

471 5552 586 5637 (ἓί)
608 5555 662 5637 ,A
690 5555 1008 5627 Ναζιραῖος.
1025 5555 1194 5637 qugd
1221 5554 1511 5637 lienrious
1527 5556 1864 5637 Stephanus
1892 5558 2208 5631 Nazimm,
2228 5559 2332 5617 aut
2356 5552 2658 5615 monachus
2675 5548 2871 5623 vertit,
2901 5563 2968 5608 eo
3002 5548 3161 5622 quod
3191 5546 3596 5609 Nazircaorum
3620 5543 3805 5604 vitam

407 5623 788 5682 austeriorem
816 5623 1087 5683 monachi
1117 5626 1334 5686 fuerint
1355 5628 1627 5702 amplexi.
