4104 6210
269 389 394 452 889

1290 392 1393 453 DE
1435 393 1931 457 EMENDANDA
1973 392 2161 456 VITA
2203 393 2684 459 MONACHICA.

3568 398 3688 458 890

270 521 625 594 καινοτόμος.
658 519 929 577 Ἑκκλείει
957 521 1153 584 αὐτοὺς
1177 524 1269 578 καί
1297 527 1393 578 τοῦ
1439 523 1637 579 ἀλετοῦ
1685 525 1714 578 ὁ
1760 543 1928 600 προσ-

2053 525 2296 597 capiant,
2329 527 2614 584 malitiam
2645 544 2814 584 suam
2846 531 3092 595 exercet,
3128 527 3344 598 quibus
3397 543 3546 599 opus
3575 526 3687 583 erit

274 615 428 686 φυῶς
485 611 646 688 φάναι
706 609 1018 687 ἀλιτήριος.
1051 617 1353 688 Κακουργεῖ
1407 612 1498 666 καὶ
1545 611 1622 674 εἷς
1679 609 1848 687 ὕδωρ,
1881 607 1938 665 εἷ’

270 720 360 761 τις
414 699 467 769 ἐξ
515 698 683 753 αὐτοῦ
731 700 1055 775 ψυχαγωγία
1098 705 1216 762 τοῖς
1263 699 1662 767 ἐπισκοπικοῖς,
1695 701 1756 756 οὗ
1805 698 1930 770 δεή-

274 810 426 844 σεται
485 787 824 866 φλεγόμενός
867 810 999 845 ποτε
1045 789 1437 846 ἀκατάκαυστα.
1497 788 1820 868 Ὀρογλυφεῖ
1877 789 1929 844 ἐν

269 883 394 941 τοῖς
440 872 542 948 ἔξω
590 878 618 932 6
665 879 765 948 τὴν
817 877 1054 950 ἐξουσίαν
1083 877 1315 950 πλατὺς,
1345 879 1436 935 καὶ
1467 876 1932 956 δυσπεριόριστος,

269 967 364 1022 καὶ
399 965 462 1022 οὗ
490 965 617 1042 ῥᾷον
649 965 1042 1043 περίγραπτος.

344 1074 438 1130 Ἐν
539 1076 608 1148 τῇ
712 1072 958 1146 συνοικίᾳ
1074 1076 1480 1153 περιεργάζεται
1609 1073 1931 1138 κατοπτείας

269 1163 300 1218 6
331 1156 702 1239 περίϐλεπτος
733 1162 829 1236 μὶν
854 1163 924 1219 τὰ
953 1163 1006 1227 ἂς
1060 1163 1395 1240 μοχθηρίαν,
1429 1164 1616 1227 ἄλλως
1674 1162 1732 1220 δὶ
1789 1165 1932 1238 ἀμυ-

271 1248 408 1328 δρᾶς
468 1249 590 1314 θέας
649 1248 816 1322 ἄξιος.
867 1254 1182 1327 Ἐπιτρὲπει
1235 1251 1466 1326 κλοπὰς,
1514 1253 1573 1309 ἐκ
1625 1259 1722 1309 τοῦ
1780 1255 1938 1327 ἀξιω-

275 1344 526 1413 ματικῶς
579 1338 771 1416 λογίου
802 1342 1006 1416 Ἐρμοῦ
1062 1343 1139 1405 εἱς
1195 1343 1287 1397 τὸν
1346 1348 1504 1420 φῶρα
1560 1343 1924 1420 κατενεχθείς.

272 1426 567 1484 Ἐνδίδωσι
596 1429 686 1484 καὶ
710 1430 779 1485 τὰ
807 1429 861 1493 ἐς
892 1426 1046 1507 ὕϐριν
1073 1430 1162 1487 καὶ
1193 1430 1246 1494 ἇς
1277 1430 1494 1506 πληγὰς
1524 1433 1552 1486 ὸ
1578 1432 1667 1487 καὶ
1713 1432 1934 1506 ἐμτιλή⁴

268 1516 410 1596 γδην
473 1523 582 1588 ζῶν
638 1520 729 1574 καὶ
786 1514 1133 1596 ὶφύϐριστος,
1166 1522 1340 1576 πάντα
1395 1526 1569 1576 ποιῶν
1625 1520 1716 1576 καὶ
1765 1521 1933 1595 ἁμιλ-

2043 616 2277 687 quando
2309 617 2578 672 ﬂammas
2610 616 3085 689 inextinguibiles
3111 617 3380 688 patietur.
3416 617 3476 670 In
3510 617 3684 670 rebus

2041 705 2524 761 externislimites
2537 706 2925 778 assignat,qui
2947 705 3278 760 facultatem
3293 704 3473 760 latam
3489 704 3687 770 habet,

2041 796 2099 846 et
2128 793 2250 862 qui,
2282 791 2626 849 indeﬁnitus
2654 810 2789 849 cum
2820 794 2918 860 sit,
2951 810 3064 848 non
3118 793 3286 849 facile
3317 791 3685 849 circumscri-

2042 877 2222 936 bitur.

2114 1076 2176 1132 In
2209 1077 2432 1133 aedibus
2460 1077 2636 1134 homo
2692 1077 2954 1134 famosus
3013 1081 3071 1133 et
3108 1076 3205 1148 qui
3264 1094 3356 1134 res
3403 1076 3689 1134 obscuras

2043 1166 2236 1222 videre
2267 1171 2545 1235 meretur,
2575 1167 2846 1240 speculas
2895 1167 3208 1232 construit,
3250 1167 3404 1222 furta
3459 1167 3690 1236 tolerat,

2043 1272 2113 1312 ex
2139 1255 2622 1327 eloquentissimo
2666 1256 2950 1313 Mercurio
3000 1257 3059 1310 in
3109 1257 3294 1311 furem
3348 1273 3688 1312 conversus.

2041 1345 2153 1402 Sed
2188 1347 2438 1416 injurias
2469 1364 2701 1419 quoque
2733 1353 2790 1402 et
2819 1348 3058 1402 verbera
3105 1349 3391 1418 permittit
3419 1349 3469 1402 is
3501 1348 3600 1418 qui
3631 1348 3691 1402 in

2043 1438 2282 1508 stupore
2297 1452 2362 1491 ac
2375 1440 2711 1507 contemptu
2731 1435 3197 1503 vivit,etomnem
3216 1436 3465 1508 lapidem
3482 1440 3690 1504 movet,

2044 1527 2110 1579 ut
2130 1529 2263 1596 post
2280 1523 2576 1581 victoriam
2599 1525 3005 1580 formidandus
3029 1529 3086 1580 et
3108 1524 3444 1580 inaccessas
3465 1525 3692 1579 evadat.

282 1608 560 1682 λώμενος,
593 1604 663 1662 δι’
691 1609 766 1663 ὧν
802 1609 1168 1685 ὑπερτερήσας
1216 1608 1361 1665 ἔσται
1411 1605 1642 1688 φοϐερὸς
1691 1609 1780 1666 καὶ
1830 1609 2144 1685 ἀπρόσιτος.

348 1721 483 1790 ρπε’.
543 1715 645 1772 Καὶ
711 1719 877 1770 ταῦτα
937 1717 1032 1790 μὶν
1091 1717 1541 1793 σωματικώτερα.
1600 1716 1666 1772 Al
1735 1714 1792 1772 δὲ
1839 1737 1940 1773 κα-

267 1803 339 1859 τὰ
395 1807 611 1878 πνεῦμα
667 1803 956 1881 τερθρεὶαι,
1006 1805 1096 1861 καὶ
1155 1825 1468 1881 σκευωριαι,
1517 1805 1606 1860 καὶ
1666 1808 1933 1883 μηχαναὶ,

271 1889 421 1947 ἄλλο
479 1892 642 1947 κακὸν
692 1891 916 1964 ἐκεῖναι,
977 1893 1160 1949 ούκὲτι
1227 1895 1365 1949 κατά
1446 1895 1737 1968 σωμάτων,
1792 1892 1939 1950 ἀλλὰ

2118 1720 2240 1774 185.
2274 1721 2379 1775 Sed
2415 1719 2536 1776 haec
2568 1722 2637 1776 ad
2692 1737 2905 1792 corpus
2956 1721 3152 1792 potius
3196 1723 3480 1792 spectant.
3514 1719 3696 1790 Spiri-

2044 1807 2228 1863 tualia
2258 1812 2454 1864 autem
2479 1809 2791 1882 praestigia,
2821 1809 2938 1864 doli
2965 1815 3022 1865 et
3053 1809 3517 1865 machinationes
3539 1807 3698 1863 aliud

2048 1896 2188 1952 mali
2221 1913 2407 1970 genus
2439 1915 2554 1954 non
2579 1899 2705 1970 jam
2729 1903 2933 1954 contra
2957 1915 3195 1970 corpus,
3218 1899 3317 1953 sed
3355 1902 3556 1953 contra
3576 1895 3701 1969 Spi-

268 1982 392 2036 κατ⁹
448 1980 613 2036 αὐτοῦ
667 1985 766 2037 τοῦ
823 1983 1092 2059 παναγίου
1149 1982 1487 2056 Ιῐνεύματος.
1537 1985 1792 2041 Ὀκνοῢσι
1848 1983 1939 2038 καὶ

2053 1985 2226 2042 ritum
2263 1993 2535 2042 sanctum
2596 1992 2778 2060 agunt
2834 1992 2892 2043 et
2932 1989 3035 2058 jus
3086 1988 3449 2058 pontificium
3495 2001 3699 2058 aggre-

281 2070 454 2140 αὐτὴν
502 2071 603 2138 τὴν
683 2072 1074 2148 ἀρχιερατικὴν
1147 2070 1438 2149 ἀναφοράν.
1498 2073 1595 2127 Καὶ
1671 2069 1936 2127 ἐκλαλου-

275 2160 450 2233 μένου
511 2162 611 2214 τοῦ
665 2159 964 2215 ἐπισκόπου
1013 2159 1064 2216 ἰν
1091 2165 1210 2222 τοῖς
1240 2159 1616 2236 εὖαγεστάτοις
1677 2161 1941 2236 μυστηρί-

280 2267 391 2318 οις,
453 2246 709 2302 ἀκούουσι
787 2249 902 2322 μὲν,
955 2249 1095 2322 (πῶς
1155 2249 1258 2324 γὰρ
1316 2248 1376 2304 ἂν
1431 2246 1546 2321 οὕς)
1598 2253 1705 2305 τῶν
1763 2254 1941 2326 θυρῶν

280 2334 646 2411 ἀνεῳγμένων
698 2339 769 2411 τῇ
819 2335 982 2410 ἀκοῇ,
1039 2336 1130 2392 καὶ
1198 2335 1598 2414 εἰσδεχομένων
1656 2338 1940 2413 αὐτοφυῶς

281 2426 352 2481 τὸ
386 2423 752 2498 λαλούμενον,
786 2425 875 2481 ὅτε
901 2445 986 2488 τις
1021 2427 1098 2500 μὴ
1129 2426 1384 2506 κωφεύει·
1420 2428 1569 2489 ὅπως
1603 2425 1661 2482 δὲ
1701 2426 1940 2483 διάκεινο

280 2535 378 2570 ται
435 2515 560 2586 περῖ
616 2515 706 2569 τὸν
765 2515 1090 2591 ἀναφορικὸν
1135 2514 1321 2592 λόγον,
1355 2516 1383 2571 6
1414 2516 1744 2593 παρατυχὼν
1805 2513 1941 2572 εἷ’σε-

281 2625 397 2662 ται.
455 2602 522 2661 Τί
571 2601 630 2658 δὶ
683 2602 917 2674 siderat;
975 2605 1327 2679 Ἀνθρώπους
1402 2603 1525 2661 οὔτε
1574 2610 1655 2678 τῷ
1711 2606 1971 2679 στόματι’

279 2693 464 2748 αὐτῶν
504 2689 918 2766 ἐνδιακειμὲνως
967 2692 1344 2769 εύλογοῦντας,
1376 2694 1466 2750 καὶ
1521 2697 1591 2769 τῇ
1639 2692 1837 2770 καρδίᾳ
1884 2691 1943 2749 δὶ

279 2781 730 2856 καταρωμένους,
772 2781 848 2844 ὡς
905 2780 1099 2838 ἔοικεν.
1151 2783 1220 2839 Ol
1272 2781 1318 2838 δ’
1373 2782 1526 2838 αὐτοὶ
1580 2782 1942 2860 ἀπαρνοῢνται

279 2869 378 2927 καὶ
404 2871 504 2940 τήν
540 2867 631 2924 διὰ
656 2867 755 2926 τοῖ’)
813 2868 1019 2926 οῗκείου
1073 2870 1373 2927 ἰπισκόπου
1427 2873 1790 2949 χειροτονίαν.
1826 2872 1944 2927 Διό-

281 2979 388 3034 περ
421 2960 450 3014 ὁ
497 2957 686 3035 μέγας,
720 2961 756 3030 ἡ
788 2957 1022 3038 κεφαλὴ,
1054 2961 1082 3016 ὁ
1131 2960 1284 3027 Θεὸς,
1319 2957 1511 3030 δεῆσαν
1567 2956 1943 3037 προϐιϐασθῆ-

283 3067 377 3103 ναι
429 3047 590 3103 αὐτὸν
647 3046 723 3112 εἷς
782 3049 916 3123 ὕψος
978 3049 1186 3125 ἱερέως,
1246 3050 1522 3114 ὑποθεῖναι
1586 3050 1680 3124 μὶν
1713 3051 1814 3120 τὴν
1861 3071 1947 3105 κεο

286 3135 474 3215 φαλήν
533 3142 612 3210 τῷ
666 3136 904 3214 ίθαγενεῖ
966 3138 1214 3215 ἀρχιερεῖ
1267 3137 1538 3215 ἐξάγιστον
1606 3137 1796 3210 οἴεται,
1856 3141 1944 3194 ἀν-

287 3227 499 3302 θρώπῳ
549 3226 639 3282 καὶ
690 3231 856 3282 ταῦτα
909 3222 1049 3302 ὄντι,
1084 3229 1425 3303 μεμαθηκότι
1463 3230 1560 3299 τὴν
1617 3233 1716 3284 τοῦ
1775 3228 1945 3286 ΙΙνεύ-

288 3336 462 3423 ματρς
519 3312 747 3423 δωρεῖν,
773 3315 862 3372 καὶ
920 3321 1276 3423 κατορθοῦντι
1322 3318 1406 3423 τόο
1453 3342 1476 3373 ε
1511 3317 1722 3423 Δωρεὰν
1754 3313 1944 3375 ἐλάϐε-
1974 3355 2016 3423 C

280 3425 364 3472 τε,
398 3401 602 3476 δωρεὰν
665 3401 806 3460 δότε·
838 3431 868 3460 ››
898 3405 988 3462 καὶ
1045 3408 1108 3462 τὸ
1169 3408 1486 3481 σιμωνίζειν
1544 3407 1622 3469 εἰς
1677 3409 1939 3484 τάρταρον

278 3494 521 3549 καθιέντι
579 3490 647 3548 δι’
696 3495 1046 3568 ἀναθέματος·
1082 3495 1250 3570 ὲτὲρῳ
1299 3493 1356 3551 δὲ
1404 3496 1594 3568 ξενικῷ
1640 3497 1708 3550 τά
1754 3516 1818 3571 γε
1863 3495 1941 3559 εἷς

281 3579 497 3656 ἐνορίαν
571 3577 842 3659 πρόσεισι,
900 3584 990 3638 καὶ
1065 3581 1212 3656 αὐτῷ
1286 3583 1667 3661 ἁπλουστίρῳ,
1719 3583 1809 3639 καὶ
1868 3585 1946 3650 εἰς

283 3669 544 3750 ἀφέλειαν
574 3669 944 3746 πεπλασμένῳ
970 3671 1060 3728 καὶ
1093 3670 1196 3745 ο¹ίῳ
1231 3675 1307 3747 μὴ
1357 3668 1642 3730 ἐκϐάλλειν
1693 3667 1794 3744 ἔξω
1847 3673 1939 3729 τὸν

281 3761 538 3816 ὁπωσοῦν
568 3760 718 3833 αύτῷ
745 3762 1212 3837 προσερχόμενον·
1247 3763 1490 3818 ὀκνοῦντι
1539 3761 1597 3818 δὶ
1643 3768 1735 3819 καί
1764 3762 1942 3819 πολυ-

277 3857 670 3926 πραγμονῆσαι
720 3849 814 3905 τὸν
859 3847 1033 3905 πολὺν
1097 3852 1362 3928 μοναχὸν,
1391 3851 1474 3914 τίς
1525 3851 1623 3921 ὣν,
1677 3851 1769 3908 καὶ
1824 3854 1942 3915 οἷος

281 3939 377 3994 καὶ
412 3938 595 4008 πόθεν,
623 3938 713 3994 καὶ
745 3935 890 3994 διατι
920 3940 1057 4016 πρὸς
1095 3939 1260 3996 αὐτὸν
1317 3939 1535 4016 ἔρχεται
1565 3959 1580 4012 ;
1615 3940 1713 3998 Καὶ
1772 3961 1941 4012 προσ-

281 4026 460 4083 ελθὼν
518 4032 596 4099 τῷ
644 4027 879 4101 τοιούτῳ
931 4027 1210 4102 ἐπισκόπῳ
1267 4035 1503 4106 παριστᾷ
1577 4029 1668 4085 καὶ
1737 4050 1941 4106 μαρτυ-

282 4115 474 4192 ρικοίις
530 4113 748 4192 ἄνδρας,
778 4117 948 4192 τυχὸν
1011 4117 1106 4191 μὲν
1163 4117 1254 4173 καὶ
1293 4117 1491 4174 ἐκεῖθεν
1525 4120 1771 4195 ἀγνῶτας
1829 4119 1944 4174 ἐπι-

281 4205 602 4270 σκοπικούς·
637 4205 738 4262 οὐκ
793 4203 1004 4269 εΐδότας
1068 4207 1187 4280 μὶν,
1219 4206 1660 4287 ἐγγραφομένους
1719 4206 1778 4264 δὲ
1831 4205 1944 4263 δώ-

281 4314 398 4372 ρων
455 4293 523 4350 τιὶ
581 4294 714 4371 ὑπὶρ
752 4299 850 4352 τοῦ
913 4296 1397 4371 μαρτυρουμένου·
1433 4295 1566 4360 ἴσως
1625 4294 1682 4352 δὶ
1739 4296 1828 4353 καὶ
1883 4297 1944 4353 ἐκ

276 4390 386 4454 τῆς
419 4391 613 4458 μονῆς,
644 4384 828 4459 (ποίας
860 4393 1028 4459 μονῆς
1057 4389 1096 4460 ;)
1129 4386 1205 4450 εἷς
1235 4387 1296 4456 ἢν
1354 4384 1585 4451 ἄλλοθεν
1638 4387 1742 4442 ἀπὸ
1791 4386 1944 4459 ξὲνης

277 4472 438 4544 ἥκων
477 4479 679 4551 κουρᾶς
725 4476 756 4530 6
802 4474 1128 4550 ἡγούμενος,
1160 4476 1250 4531 καὶ
1303 4475 1508 4553 βραγύν
1559 4497 1684 4532 τινα
1737 4476 1942 4552 χρόνον

281 4561 554 4638 ἐπισχὼν,
585 4563 675 4618 καὶ
736 4562 1054 4628 ἀκολούθως
1109 4563 1458 4640 βραχυτάτην
1515 4569 1704 4641 πεῖραν
1752 4565 1943 4620 ἑαυτοῦ

283 4648 545 4715 δεδωκὼς
587 4656 704 4714 τοῖς
734 4651 1015 4722 ἀδελφοῖς,
1049 4659 1398 4730 μαρτυρεῖται
1443 4655 1590 4730 παρὰ
1643 4657 1721 4725 τῷ
1767 4650 1942 4709 ἀλλο-

284 4737 450 4814 δαπῷ
506 4740 788 4814 ιπισκόπῳ
845 4740 979 4812 ὑπὲρ
1031 4745 1130 4797 τοῦ
1185 4728 1246 4798 ἐκ
1284 4728 1668 4817 ῃνετῆςνὸλου
1703 4741 1847 4818 βίου’
1884 4739 1946 4796 οὐ
1977 4728 2024 4794 D

285 4829 454 4905 μόνον
487 4830 676 4886 ἑαυτὸν
717 4828 929 4904 ψεύδων
981 4831 1010 4885 6
1059 4827 1383 4910 ἀδιάφορος,
1407 4831 1498 4886 καὶ
1544 4832 1639 4887 τὸν
1691 4851 1948 4908 χειροτο-

278 4921 545 4990 νήσαντα,
575 4919 666 4975 καὶ
712 4920 803 4975 τὸν
851 4920 988 4999 ἀμφ’
1034 4919 1181 4992 αὐτῷ
1221 4919 1455 4996 κλῆρον,
1487 4919 1634 4977 ἀλλὰ
1679 4921 1768 4976 καὶ
1817 4920 1948 4984 τοὺς

285 5010 567 5085 μάρτυρας
593 5007 872 5085 μοναχοὺς
904 5003 1237 5066 ὑποϐάλλων
1265 5015 1346 5083 τῷ
1395 5007 1455 5064 ἐκ
1509 5014 1643 5065 Θεοῦ
1697 5008 1945 5087 κρίματι.

278 5097 385 5153 Καὶ
447 5097 591 5154 οὕτω
644 5098 1064 5174 τεχνασάμενος,
1116 5099 1206 5154 καὶ
1262 5100 1364 5169 τήν
1423 5099 1688 5176 ἱερατείαν
1739 5099 1948 5174 κλέψας

280 5187 400 5260 ἅμα
455 5187 547 5243 καὶ
598 5189 956 5263 τυραννήσας,
1017 5183 1498 5264 προσλαμϐάνεται
1566 5188 1657 5244 καὶ
1716 5187 1944 5259 ἄλλους,

279 5271 341 5332 εἷ’
362 5297 466 5350 περ
517 5275 713 5347 ἐθέλει,
752 5277 1022 5353 μετόχους
1069 5278 1267 5352 ὁμοίας
1307 5278 1576 5352 πράξεως,
1621 5277 1711 5333 καὶ
1758 5277 1946 5333 imau-

2051 2074 2316 2131 diuntur.
2364 2076 2457 2144 Hi,
2516 2078 2656 2132 dum
2716 2075 3010 2148 pontiﬁcis
3066 2093 3277 2132 nomen
3334 2075 3487 2130 inter
3532 2090 3702 2130 sacra

2050 2165 2328 2234 mysteria
2357 2165 2588 2233 citatur,
2619 2165 2872 2221 audiunt
2915 2165 3175 2236 quidem,
3225 2164 3403 2234 idque
3429 2178 3701 2218 necessa-

2049 2253 2173 2321 rio;
2217 2254 2412 2324 januzs
2448 2254 2604 2310 enim
2663 2259 2876 2326 apertae
2934 2252 3309 2308 audientibus
3369 2252 3590 2307 faciunt
3637 2254 3702 2305 ut

2049 2341 2324 2413 quisquis
2356 2360 2469 2398 non
2505 2342 2677 2415 plane
2707 2343 2926 2398 surdus
2958 2347 3065 2408 est,
3101 2341 3259 2396 dicta
3297 2340 3516 2396 audiat.
3550 2338 3695 2405 Quid

2049 2435 2244 2486 autem
2277 2432 2348 2486 de
2371 2447 2640 2487 sermone
2662 2430 2900 2486 relativo
2923 2430 3502 2496 sentiant,neminem
3528 2429 3697 2500 fugit.

2049 2519 2195 2583 Quid
2227 2519 2422 2576 illud?
2469 2520 2744 2576 Homines
2791 2520 2921 2576 sine
2965 2520 3144 2575 dubio
3204 2518 3423 2574 videbit
3463 2517 3562 2588 qui
3595 2531 3700 2572 nec

2051 2624 2149 2665 ore
2181 2608 2407 2665 sincero
2439 2626 2542 2666 nec
2563 2611 2735 2665 corde
2757 2610 2904 2666 bene
2934 2611 3004 2665 de
3027 2609 3099 2664 iis
3121 2605 3562 2680 loquuntur.llli
3583 2603 3699 2677 ipsi

2050 2702 2246 2754 autem
2280 2716 2520 2754 manum
2581 2699 2726 2770 ipsis
2777 2716 2810 2755 a
2866 2700 3098 2770 proprio
3149 2698 3422 2769 episcopo
3477 2691 3700 2766 imponi

2051 2785 2278 2842 nolunt.
2315 2787 2472 2842 Hanc
2504 2790 2577 2842 ob
2609 2803 2847 2842 causam
2895 2787 3151 2857 pontifex
3197 2800 3470 2856 magnus,
3503 2788 3696 2852 caput,

2053 2880 2226 2944 Deus,
2259 2875 2360 2931 ubi
2393 2876 2463 2931 ad
2525 2874 2943 2932 sacerdotalem
2978 2876 3322 2946 dignitatem
3364 2871 3700 2928 evehendus

2054 2970 2224 3033 esset,
2258 2969 2434 3036 caput
2495 2964 2754 3037 pontifici
2813 2963 3072 3036 legitimo
3133 2963 3480 3018 submittere
3537 2959 3701 3016 nefas

2053 3053 2327 3121 habebat,
2374 3054 2472 3126 qui
2524 3055 2631 3109 hac
2688 3056 2745 3110 in
2778 3070 2838 3109 re
2899 3054 3072 3108 homo
3115 3057 3258 3119 erat,
3311 3051 3410 3123 qui
3443 3050 3701 3122 Spiritus

2053 3143 2244 3199 sancti
2289 3144 2509 3199 donum
2533 3143 2836 3212 didicerat,
2861 3142 2959 3214 qui
2979 3142 3512 3213 comprehendebat
3531 3139 3702 3195 illud.

2055 3253 2084 3282 ‹‹
2100 3231 2290 3288 Gratis
2303 3231 2966 3304 accepistis,gratisdate
2978 3232 3075 3298 ιις»
3089 3231 3188 3302 qui
3204 3230 3465 3286 simoniae
3479 3228 3700 3282 crimen

2055 3320 2558 3376 anathematizans
2589 3323 2806 3376 tartaro
2856 3319 3136 3387 tradidit;
3171 3319 3270 3390 qui
3311 3315 3532 3372 externi
3579 3315 3701 3388 epi-

2053 3409 2215 3481 scopi
2237 3409 2535 3464 dicecesim
2559 3408 2682 3463 adit
2700 3407 2989 3481 simplicis
3011 3413 3067 3463 et
3088 3407 3318 3462 candidi
3344 3410 3400 3461 et
3421 3404 3519 3476 qui
3542 3405 3700 3476 ejus-

2051 3498 2210 3553 modi
2241 3499 2494 3553 advenas
2528 3514 2642 3553 non
2665 3497 3119 3568 tergiversatur;
3153 3495 3253 3567 qui
3286 3510 3400 3549 non
3430 3491 3555 3547 vult
3578 3507 3700 3547 mo-

2053 3586 2305 3642 nachum
2340 3585 2517 3640 nimis
2544 3585 2841 3641 curiosum
2874 3584 3168 3656 inquirere
3201 3583 3332 3655 quis
3364 3580 3579 3652 aliquis
3601 3579 3699 3650 sit,

2051 3677 2234 3747 cujas,
2267 3679 2324 3731 et
2351 3692 2529 3747 quam
2561 3677 2632 3731 ob
2665 3691 2786 3730 rem
2821 3675 3016 3746 ipsum
3064 3672 3319 3728 adierit?
3350 3670 3568 3727 Adiens
3596 3686 3700 3724 au-

2051 3768 2169 3821 tem
2202 3764 2284 3820 illi
2317 3764 2590 3836 episcopo
2622 3767 2800 3819 testes
2855 3764 3136 3834 producet
3165 3762 3469 3834 episcopos
3501 3759 3602 3831 qui
3634 3773 3701 3814 eo

2051 3854 2112 3910 in
2141 3854 2267 3910 loco
2295 3853 2538 3909 forsitan
2573 3853 2756 3925 ignoti
2809 3857 2951 3907 sunt
2995 3854 3095 3907 sed
3156 3850 3542 3906 nihilominus
3575 3863 3701 3903 mu-

2051 3960 2193 4000 nera
2224 3959 2326 4014 pro
2381 3941 2719 3998 testimonio
2778 3941 3114 4013 accipiunt;
3146 3945 3246 3996 aut
3302 3941 3446 3995 forte
3477 3955 3546 3994 ex
3575 3953 3701 3992 mo-

2051 4032 2308 4089 nasterio
2341 4031 2536 4104 aliquo
2587 4031 2660 4087 ab
2717 4031 2910 4088 aliena
2965 4035 3211 4086 tonsura
3267 4028 3505 4084 advenit
3549 4044 3698 4099 prea-

2050 4121 2254 4188 feclus,
2289 4121 2388 4194 qui
2438 4125 2572 4193 post
2620 4120 2988 4192 aliquantum
3044 4118 3325 4190 temporis
3364 4120 3699 4190 promptum

2051 4212 2144 4268 sui
2179 4210 2570 4283 cognoscendi
2625 4209 2904 4266 fratribus
2955 4210 3250 4281 specimen
3300 4207 3551 4273 exhibet,
3582 4210 3698 4260 tes-

2049 4300 2226 4356 tando
2253 4301 2401 4372 apud
2436 4303 2778 4354 extraneum
2803 4299 3145 4371 episcOpum
3169 4299 3240 4352 de
3269 4301 3392 4352 tota
3414 4312 3522 4350 sua
3550 4293 3700 4362 vita,

2051 4388 2258 4446 fallens
2291 4405 2393 4461 per
2419 4386 2804 4444 indolentiam
2833 4391 2889 4444 et
2929 4405 2992 4444 se
3039 4392 3096 4443 et
3143 4387 3451 4443 electorem
3483 4386 3540 4438 et
3569 4397 3698 4438 om-

2051 4493 2184 4534 nem
2216 4476 2461 4544 clerum,
2494 4477 2595 4533 sed
2647 4476 2966 4532 monachos
3019 4480 3198 4531 testes
3239 4473 3464 4546 judicio
3503 4470 3700 4526 divino

2050 4567 2312 4640 subjicit.
2345 4567 2414 4621 Et
2443 4566 2528 4622 sic
2557 4566 2793 4638 quidem
2820 4566 3144 4621 sacerdotio
3167 4563 3373 4619 callide
3395 4565 3698 4630 usurpato,

2053 4655 2198 4713 alios
2259 4671 2493 4728 quoque
2545 4656 2616 4710 ad
2678 4655 2910 4710 libitum
2970 4653 3235 4709 criminis
3291 4650 3558 4706 conscios
3605 4665 3702 4704 as-

2057 4744 2260 4811 sumit,
2292 4743 2583 4816 extemplo
2631 4743 2950 4800 monachos
2979 4761 3011 4798 a
3058 4757 3233 4814 grege
3275 4755 3381 4796 suo
3413 4739 3523 4794 sibi
3563 4753 3703 4794 con-

2058 4833 2245 4891 sociat
2272 4836 2329 4888 et
2359 4832 2467 4888 hoc
2498 4832 2672 4887 modo
2693 4837 2910 4887 temere
2941 4832 3140 4897 afﬁcit,
3166 4835 3231 4885 ut
3251 4829 3498 4884 fratrum
3530 4825 3704 4884 colle-

2056 4922 2150 4996 gio
2183 4939 2297 4976 non
2333 4920 2478 4976 alios
2509 4921 2740 4976 labores
2769 4937 2834 4975 ac
2867 4924 3146 4990 sumptus
3198 4923 3492 4974 causatur.
3527 4914 3707 4983 Quale

2057 5010 2302 5082 accepit,
2333 5009 2448 5065 tale
2480 5009 2673 5064 reddit
2717 5009 3124 5064 testimonium
3173 5009 3390 5080 quibus
3419 5005 3705 5074 voluerit;

2058 5100 2319 5156 debitum
2355 5098 2754 5155 adulterinum
2781 5097 2972 5154 reddit
2991 5103 3048 5154 et
3077 5103 3349 5153 mutuum
3380 5095 3612 5152 virtutis
3630 5093 3706 5150 si-

2056 5189 2388 5246 mulacrum
2441 5189 2693 5245 exhibet.
2724 5187 2784 5244 Si
2837 5188 3045 5244 fratres
3095 5205 3194 5260 per
3252 5187 3468 5244 falsum
3499 5185 3706 5242 ludum

2055 5279 2203 5336 alios
2235 5283 2368 5351 post
2398 5277 2544 5333 alios
2569 5277 2843 5349 episcopo
2873 5277 2946 5332 ob
2978 5277 3178 5332 oculos
3208 5277 3529 5332 adducunt.

284 5367 525 5444 ράμενος
582 5366 772 5423 αὐτίκα
828 5367 906 5431 είς
962 5369 1291 5442 παράστασιν
1357 5366 1639 5445 μοναχοὺς
1699 5366 1759 5423 ἑκ
1827 5373 1932 5438 τῆς
1986 5367 2104 5422 κατ’
2164 5366 2322 5422 αὐτὸν
2379 5364 2641 5439 ποίμνης,
2698 5363 2787 5419 καὶ
2845 5369 2943 5438 μιᾷ
2995 5363 3165 5437 ταύτῃ
3224 5361 3337 5436 ὁδῷ
3392 5359 3568 5417 πλείω
3623 5360 3704 5434 ἐξ·

285 5455 489 5521 ανύσας
545 5455 694 5532 αὐτῷ
747 5455 1042 5536 ἀρέσκοντα
1093 5455 1248 5536 ἔργα,
1296 5453 1391 5514 ’ίνα
1448 5457 1526 5534 μὴ
1584 5455 1675 5513 καὶ
1731 5454 1938 5521 κόπους
1990 5454 2198 5521 ἄλλους
2247 5455 2337 5512 καὶ
2383 5453 2620 5518 δαπάνας
2677 5452 2965 5531 προξενοίη
3022 5456 3090 5528 τῇ
3145 5449 3496 5532 ἀδελφότητι.
3549 5453 3706 5528 Μαρ-

361 5727 437 5769 ⁴¹¹
467 5726 678 5792 Matth.
706 5742 766 5802 ι,
795 5728 854 5786 8.
