4104 6210
334 376 444 438 891

1107 373 1529 438 EUSTATHII
1574 365 2343 434 THESSALONIGENSIS
2389 360 2972 426 METROPOLlTxE

3630 357 3764 420 892

331 506 588 582 τυρηθεὶς
618 505 780 570 αὐτὸς
809 507 1214 581 ἀντιμαρτυρεῖ,
1249 503 1341 568 οὖς
1369 502 1428 559 ἂν
1463 505 1694 576 αἱροῖτοο
1729 497 1969 560 ἀποδοὺς
1997 498 2060 553 τὸ
2091 495 2301 551 ἀνόσιον
2335 489 2478 563 ὄφλη
2491 513 2584 565 μα,
2615 489 2707 582 καὶ
2729 491 2833 559 τήν
2861 491 2967 546 οὐκ
2995 486 3396 582 ἐπαινουμένην¹
3435 483 3756 582 διάλληλον

332 573 432 660 τῆνς
460 573 661 670 ἀρετῆς
698 593 858 666 δεῖξιν
893 573 1122 658 Eii-tabem.
1149 573 1497 668 μεθοδεύσας.
1524 573 1788 663 ⁷Ἀληθῶς
1819 590 1919 666 γὰρ
1951 586 2022 642 δι’
2051 583 2315 656 ἀλλήλων
2344 582 2478 638 κατά
2506 601 2626 637 τινα
2665 579 2894 658 ἔμφασιν
2945 580 3044 647 τῆς
3103 573 3506 652 περιᾳδομᾶνης
3554 575 3757 648 κύκλῳ

334 681 549 756 δείξεως
578 683 862 755 ἀλλήλους
896 685 947 738 οἱ
981 681 1206 761 ἀδελφοὶ
1237 688 1315 755 τῷ
1347 682 1626 755 ἰπισκόπῳ
1655 682 2002 750 συνέστησαν.

407 795 527 848 186.
555 795 622 848 Et
645 793 728 849 sic
751 794 985 864 quidem
1013 809 1295 848 manuum
1316 791 1751 862 impositionem
1773 804 1981 859 caupo-

2167 781 2306 854 ρπς’.
2336 779 2435 834 Καὶ
2479 777 2620 832 οὕτω
2669 774 3013 854 χειροτονίαν
3063 770 3557 848 ἐμπορευσάμενοι,
3606 771 3754 864 ἀπρ-

339 885 456 938 nati
490 883 906 937 monasterium
941 887 1232 952 occupant
1291 882 1556 936 homines
1615 897 1728 934 non
1775 893 1980 933 conse-

336 972 503 1040 crati,
538 986 610 1026 ne
639 971 830 1026 dicam
856 972 1081 1042 profani
1109 996 1122 1034 ;
1156 972 1340 1026 sancti
1365 971 1525 1042 prius
1558 969 1984 1041 profani.antea

334 1061 393 1115 in
427 1059 732 1114 ecclesiam
791 1059 1058 1128 admissi,
1091 1076 1246 1114 nunc
1295 1063 1457 1114 extra
1506 1073 1739 1113 omnem
1782 1055 1981 1111 Eccle-

335 1149 508 1205 siam.
542 1153 815 1204 Attamen
845 1153 1044 1220 pastor
1073 1149 1199 1204 sine
1228 1148 1492 1220 imperio,
1521 1147 1646 1202 sine
1678 1145 1823 1216 lege,
1857 1143 1983 1200 sine

335 1238 592 1310 pascuis,
626 1239 724 1309 qui
759 1237 1020 1309 sigillum
1072 1237 1301 1309 regium
1359 1235 1650 1303 contrivit,
1683 1250 1839 1289 nunc
1867 1238 1983 1287 tre-

337 1327 571 1383 mendis
609 1328 905 1399 mysteriis
939 1331 1144 1397 praaest
1191 1331 1247 1381 et
1295 1330 1667 1381 sacrosancto
1699 1321 1981 1380 sacriﬁcio

338 1417 622 1487 Iungitur.
658 1420 767 1471 Pro
797 1433 863 1471 eo
895 1420 951 1470 et
999 1433 1131 1471 cum
1187 1431 1253 1470 eo
1283 1415 1472 1470 caeteri
1531 1431 1730 1487 preces
1764 1412 1985 1467 faciunt

338 1523 689 1578 persuasum
713 1505 996 1561 habentes
1021 1507 1199 1560 Deum
1220 1505 1378 1576 ipsos
1400 1521 1540 1559 exau
1552 1505 1812 1558 diturum
1832 1518 1981 1558 esse.

336 1594 521 1649 Aliter
561 1600 758 1649 autem
798 1610 891 1648 res
935 1610 996 1649 se
1037 1594 1210 1648 habet
1254 1593 1300 1647 si
1328 1593 1470 1647 ﬁdes
1497 1593 1766 1647 habenda
1805 1591 1982 1662 scrip-

338 1683 486 1738 turis
518 1683 724 1749 sacris,
775 1687 831 1737 et
878 1683 1119 1737 omnino
1177 1687 1266 1736 est
1311 1681 1598 1737 habenda.
1654 1681 1799 1736 Nam
1842 1681 1987 1734 ﬁdu-

339 1771 564 1827 cialiter
580 1788 646 1826 ea
668 1771 793 1827 loca
816 1772 1053 1826 nomino
1077 1788 1200 1842 qua:
1231 1771 1490 1842 pontifex
1518 1769 1806 1825 naturalis
1831 1787 1842 1824 :
1870 1786 1983 1823 non

340 1860 598 1932 inspicit,
649 1877 821 1930 quem
870 1859 1140 1931 equidem
1190 1859 1541 1931 legitimum,
1575 1859 1984 1931 apostolicum,

338 1949 662 2022 genuinum
707 1951 1030 2004 secundum
1064 1949 1368 2020 antiquam
1417 1949 1791 2004 traditionem
1822 1948 1986 2002 dixe-

338 2038 474 2104 rim,
508 2053 642 2092 cum
675 2053 794 2108 qua
851 2037 1172 2109 procemiun
1233 2038 1506 2110 congruit
1563 2042 1620 2093 et
1675 2053 1852 2110 quam
1881 2051 1986 2090 nec

336 2126 624 2183 Dominus
655 2126 781 2198 ipse
813 2127 1069 2200 inspicit.

414 2303 536 2357 187.
573 2303 991 2359 Monachorum
1022 2304 1230 2360 deinde
1267 2304 1544 2360 acerbum
1574 2303 1630 2358 in
1661 2303 1984 2359 antistitem

339 2391 539 2446 odium
565 2392 700 2447 inde
729 2393 887 2447 venit
915 2393 1072 2463 quod
1105 2394 1302 2449 vident
1333 2394 1618 2449 rationem
1661 2393 1776 2464 ipsi
1807 2393 1984 2447 facto-

337 2497 470 2536 rum
505 2497 619 2536 non
643 2481 1022 2552 reddendam,
1048 2483 1201 2554 quod
1231 2483 1446 2538 mirum
1477 2483 1535 2537 in
1557 2482 1794 2538 modum
1813 2482 1984 2538 affec-

336 2574 464 2626 tant
493 2570 807 2638 monachi;
842 2571 1094 2642 quietem
1136 2572 1244 2643 ipsi
1295 2572 1560 2627 invident
1607 2589 1724 2642 qua
1767 2571 1880 2643 ipsi
1914 2571 1980 2626 li-

337 2659 544 2714 benter
573 2658 894 2727 luerentur,
927 2661 1076 2716 adde
1107 2661 1256 2716 altos
1279 2661 1523 2732 spiritus
1550 2664 1606 2715 et
1635 2659 1984 2716 diabolicam

341 2748 758 2819 arrogantiam.
793 2748 922 2804 Haec
952 2749 1106 2805 enim
1147 2751 1303 2821 apud
1336 2767 1398 2805 se
1433 2753 1706 2821 reputant
1734 2749 1911 2820 quod,
1935 2749 1984 2804 si

344 2837 653 2908 pontifices
685 2855 798 2892 non
831 2844 1048 2906 essent,
1080 2838 1193 2911 ipsi
1241 2839 1529 2894 mundum
1585 2838 1840 2909 potentia
1879 2855 1988 2894 sua

345 2923 659 2996 replerent,
712 2928 951 2997 etquod
1001 2927 1162 2983 nulla
1209 2927 1452 2983 ecclesia
1481 2927 1615 2983 aliis
1673 2927 1788 2982 nisi
1821 2927 1988 2998 nigra

344 3013 577 3069 cuculla
615 3015 838 3070 indutis
868 3017 1152 3071 obediret.
1191 3015 1356 3072 Tales
1386 3017 1566 3087 igitur
1595 3033 1728 3072 cum
1761 3015 1900 3080 sint,
1932 3019 1989 3072 et

344 3118 478 3156 cum
535 3107 697 3157 tanto
754 3104 1061 3174 praasulem
1118 3105 1249 3160 odio
1309 3109 1754 3176 persequantur,
1803 3119 1988 3175 eoque

346 3181 482 3236 odio
513 3198 628 3238 non
659 3182 906 3255 vulgari,
930 3185 1032 3240 sed
1054 3186 1565 3257 quod,secundum
1591 3183 1986 3253 Psalmistam,

345 3270 688 3327 inimicitias
718 3278 893 3344 creat,
922 3277 1133 3327 etcum
1166 3273 1380 3346 idcirco
1413 3274 1657 3330 miseros
1685 3275 1989 3345 episcopos

346 3360 789 3432 pertimescunt,
822 3361 960 3418 mali
994 3362 1259 3418 homines
1307 3380 1406 3419 eos
1437 3379 1670 3436 quoque
1717 3362 1991 3434 maligni-

345 3449 484 3505 tatis
512 3454 809 3506 accusant.

417 3556 540 3611 488.
570 3556 614 3612 Ο
644 3563 840 3612 sancte
895 3558 1202 3626 monache,
1233 3558 1282 3614 si
1339 3559 1648 3630 episcopus
1696 3560 1806 3614 sub
1862 3575 1991 3630 per-

348 3645 649 3700 secutione
683 3650 740 3701 et
768 3645 828 3702 in
879 3647 1018 3720 fuga
1065 3647 1291 3718 injuriae
1323 3647 1495 3703 illatas
1546 3664 1770 3703 memor
1797 3652 1905 3715 est,
1939 3651 1997 3703 et

350 3739 438 3803 tu,
473 3733 574 3804 qui
605 3751 740 3790 eum
791 3735 919 3791 sine
975 3753 1154 3792 causa
1203 3737 1588 3808 persequeris,
1646 3742 1725 3808 et,
1759 3741 1824 3792 ut
1861 3753 1996 3792 cum

352 3822 654 3894 Scrpitura
681 3823 906 3895 loquar,
933 3829 995 3879 ut
1023 3826 1275 3880 tenebrae
1296 3829 1354 3880 et
1384 3830 1576 3881 metus
1608 3825 1666 3880 in
1697 3841 1833 3881 eum
1852 3825 1996 3896 ruis,

353 3927 469 3982 quo
500 3913 736 3968 tandem
769 3929 1006 3970 nomme
1035 3914 1332 3970 vocaberis
1353 3913 1381 3968 ?
1429 3914 1646 3972 Memor
1682 3914 1998 3970 beneficio-

354 4015 510 4070 rum,
542 4000 592 4056 si
625 4002 856 4073 quidem
882 4019 1093 4059 nomen
1123 4002 1447 4059 indendum
1479 4007 1590 4060 est.
1621 4005 1688 4059 Et
1718 4003 1816 4060 ubi
1840 4003 1997 4060 aliud

357 4089 577 4144 bonum
606 4107 784 4162 penes
810 4096 866 4146 te
895 4092 1146 4161 erit,nisi
1169 4093 1322 4164 quod
1350 4093 1453 4147 tibi
1475 4092 1749 4164 inprimis
1769 4093 2002 4166 placet?

356 4181 542 4233 Deum
576 4179 771 4250 ipsum
801 4184 1007 4236 testem
1042 4198 1210 4237 sumo
1243 4183 1397 4252 quod
1430 4182 1501 4249 si,
1533 4199 1656 4254 qua:
1691 4200 1791 4254 per
1813 4186 2002 4238 totum

360 4283 582 4322 annum
615 4267 771 4324 mala
799 4275 995 4325 mente
1025 4274 1225 4325 contra
1270 4271 1609 4342 episcopum
1643 4277 1811 4327 tuum
1843 4271 2005 4343 cogi-

359 4356 522 4427 tasti,
556 4374 713 4414 nunc
743 4375 812 4414 ex
843 4359 995 4414 bona
1044 4363 1238 4414 mente
1269 4375 1371 4431 pro
1419 4360 1629 4415 anima:
1676 4365 1786 4415 tuas
1817 4360 2008 4416 salute

364 4463 468 4518 per
489 4463 674 4502 unum
701 4448 986 4503 duntaxat
1013 4449 1169 4503 diem
1201 4448 1510 4520 cogitares,
1533 4448 1632 4504 Dei
1665 4449 2008 4505 simillimus

367 4536 555 4592 ﬁeres.
588 4537 754 4592 Nunc
783 4541 978 4593 autem
1010 4553 1115 4609 pro
1147 4537 1490 4602 unico,bene
1521 4536 1676 4592 enim
1709 4538 1896 4604 video,
1927 4539 2010 4593 vi-

365 4632 439 4682 tae
468 4631 580 4681 tuae
610 4643 784 4697 scopo
815 4625 998 4682 habes
1041 4625 1332 4698 episcopis
1363 4626 1636 4682 resistere
1663 4644 1676 4693 ;
1730 4628 1883 4682 unde
1913 4628 2014 4682 ﬁet

368 4721 436 4772 ut
460 4731 529 4771 ex
559 4714 795 4773 inimico
826 4715 1084 4788 episcopi
1117 4714 1518 4787 episcopatum
1554 4715 1747 4787 ipsum
1779 4716 2013 4773 aboleas

366 4805 549 4877 Perge
579 4805 750 4861 modo
778 4810 845 4860 ut
878 4805 1036 4874 facis,
1068 4809 1127 4860 et
1158 4820 1461 4876 persevera
1498 4821 1689 4877 usque
1733 4806 1805 4861 ad
1836 4806 2011 4862 ﬁnem

2091 869 2435 923 καθίστανται
2489 872 2558 941 τῇ
2615 869 2756 940 μονῇ
2802 865 2853 920 οἱ
2903 861 3135 939 ἔναγχος
3171 863 3246 934 μή
3278 860 3590 933 ἱερωμένοι,
3648 856 3757 912 ἆλ-

2094 967 2189 1014 Αον
2219 958 2422 1032 τρόπον
2459 956 2686 1029 ἀνίεροι·
2731 954 2785 1008 οἱ
2814 953 2883 1007 τὰ
2910 952 3017 1026 πρὸ
3076 950 3271 1004 τούτου
3325 948 3467 1003 ὅσιοι
3525 946 3761 1017 ἀληθῶς

2090 1045 2294 1101 ἀνέσιοι
2331 1067 2344 1080 ·
2397 1045 2514 1099 ἀντὶ
2573 1041 3041 1112 ἐκκλησιαζόντων
3106 1033 3206 1112 ἔξω
3258 1034 3553 1107 ἐκκλησίας
3615 1036 3762 1090 ἁπά-

2092 1156 2214 1205 σης.
2249 1135 2347 1189 Καὶ
2379 1133 2532 1207 ὅμως
2563 1135 2590 1187 6
2628 1133 2720 1206 μὲν
2765 1129 3004 1207 ἄναρχος
3033 1126 3370 1205 ἀγελάρχης,
3405 1127 3434 1180 6
3463 1122 3759 1201 ἀγελαῖος,

2092 1225 2120 1279 6
2151 1222 2357 1293 ἄνετος,
2411 1224 2438 1279 ὁ
2490 1221 2850 1296 ἀποίμαντος,
2910 1220 2939 1274 6
2974 1219 3070 1287 τήν
3137 1215 3424 1292 βασιλικὴν
3485 1212 3768 1293 σφραγῖδα

2091 1312 2501 1388 παραχαράξας,
2558 1309 2880 1381 προΐσταται
2949 1312 3060 1362 τῶν
3119 1305 3489 1382 φρικτοτάτων
3549 1305 3766 1378 εὐχῶν,

2091 1403 2177 1457 καὶ
2210 1408 2310 1466 τῆς
2339 1401 2423 1455 ἐπ’
2454 1401 2644 1460 αὐταῖς
2704 1398 3017 1474 ἁγιωτάτης
3073 1395 3291 1458 θυσίας·
3332 1394 3384 1448 οἱ
3444 1389 3503 1447 δὲ
3563 1390 3764 1446 λοιποὶ

2093 1490 2443 1565 ἐπεύχονται,
2489 1489 2579 1544 καὶ
2630 1486 3005 1563 συνεύχονται,
3057 1483 3149 1540 καὶ
3199 1480 3420 1538 δοκοῦσι
3462 1481 3602 1558 πρὸς
3663 1480 3767 1534 αύ-

2091 1586 2207 1641 τοῖς
2247 1581 2379 1634 εἶναι
2444 1579 2541 1642 τὰς
2593 1577 2756 1639 ἀκοὰς
2814 1579 2913 1630 τοῦ
2954 1578 3111 1631 Θεοῦ.
3143 1574 3219 1630 Τὸ
3266 1570 3312 1626 δ’
3361 1568 3501 1626 ἔστιν
3561 1567 3768 1632 ἄλλως

2093 1665 2244 1746 ἔχον,
2277 1664 2332 1724 εἷ’
2375 1689 2426 1722 τι
2481 1664 2803 1738 προσεκτέον
2860 1669 2980 1728 ταῖς
3035 1663 3210 1737 ἱεραῖς
3267 1663 3528 1735 Γραφαῖςο
3580 1678 3763 1734 προσ-

2095 1761 2272 1817 εκτὲον
2325 1758 2383 1815 δὲ
2439 1759 2669 1820 πάντως.
2706 1756 2858 1832 Λέγω
2914 1756 3016 1833 γὰρ
3072 1753 3438 1831 θαρρούντως,
3485 1749 3569 1806 ὅτι
3627 1749 3765 1813 τοὺς

2091 1851 2317 1922 τόπους,
2351 1848 2440 1911 οὓς
2489 1848 2592 1904 οὐκ
2631 1846 2916 1902 ἐπισκοπεῖ
2961 1847 2989 1901 ὁ
3041 1843 3282 1922 ἔμφυτος
3331 1839 3646 1918 ἀρχιερεὺς,
3697 1840 3761 1894 ὃν

2094 1937 2234 1994 ἔστιν
2297 1937 2463 1993 εἰπεῖν
2521 1935 2610 1992 καὶ
2669 1937 2978 2011 ἐγκάθετον,
3011 1933 3104 1988 καὶ
3152 1930 3539 1992 ἀποστολικῶς
3599 1928 3768 1984 αύτο-

2095 2037 2229 2108 φυῆ,
2285 2031 2378 2084 καὶ
2443 2032 2664 2104 γνήσιον
2723 2027 2864 2082 κατὰ
2933 2025 3033 2093 τὴν
3109 2025 3358 2087 ἀνέκαθεν
3435 2019 3770 2097 παράδοσιι,

2016 2121 2132 2220 Βῇ
2188 2119 2277 2174 καὶ
2333 2119 2396 2174 τὸ
2451 2117 2746 2192 προοίμιον
2806 2115 3233 2191 συνεισέρχεται,
3291 2108 3423 2167 οὐδὲ
3471 2111 3500 2165 ὁ
3557 2108 3770 2183 Κύριος

2095 2210 2406 2268 ἐπισκοπεῖ.

2164 2301 2303 2375 ρπζῖ
2335 2297 2517 2355 Αἴτιον
2549 2296 2608 2353 δὲ
2648 2301 2747 2352 τοῦ
2789 2297 2928 2352 κατὰ
2967 2299 3073 2349 τῶν
3138 2291 3439 2368 ἀρχιερὲων
3498 2288 3762 2344 τοιούτου

2095 2394 2403 2465 μοναχικοῦ
2458 2388 2649 2462 μίσους
2687 2387 2780 2451 ,τὸ
2847 2382 3259 2459 ἀνεκλόγιστον,
3309 2382 3371 2436 οὗ
3427 2382 3651 2453 θερμῶς
3701 2380 3757 2433 οἱ

2097 2477 2334 2554 μοναχοὶ
2401 2476 2668 2555 ἐφίενται·
2727 2476 2790 2530 τὸ
2847 2470 3442 2549 ἀπολυπραγμόνητον⁹
3495 2465 3558 2522 οὗ
3617 2485 3756 2538 κρα-

2091 2569 2256 2630 ταιῶς
2308 2568 2648 2643 ἀντέχονται*
2682 2566 2774 2620 καὶ
2845 2566 2953 2638 μὴν
3014 2563 3105 2618 καὶ
3163 2561 3226 2616 τὸ
3279 2558 3629 2628 ἀλαζονικὸν,
3660 2555 3758 2610 καὶ

2093 2659 2129 2727 ἡ
2191 2652 2482 2726 διαϐολικὴ
2543 2655 2788 2731 ἔπαρσις.
2823 2654 3147 2730 Λογίζονται
3195 2649 3295 2726 γὰρ
3364 2645 3664 2719 δήπουθεν,
3709 2643 3759 2699 εἰ

2100 2748 2175 2822 μὴ
2235 2747 2509 2822 ἀρχιερεῖς
2563 2765 2703 2808 τινες
2749 2743 2909 2812 ἦσαν,
2943 2740 3098 2796 αὐτοὶ
3143 2739 3205 2794 τὸ
3235 2743 3338 2792 πᾶν
3367 2735 3418 2791 ὲν
3445 2739 3526 2807 τῷ
3557 2733 3760 2822 κόσμῳ

2097 2819 2226 2891 εἶναι
2261 2819 2281 2865 ’γ
2309 2819 2425 2890 ticali
2487 2832 2756 2908 μηδεμίαν
2835 2828 3123 2896 ἐκκλησίαν
3188 2825 3383 2888 ἄλλοις
3440 2819 3762 2879 ὑποκεῖσθαί

2094 2946 2255 2992 τισιν,
2278 2923 2360 2979 ὅτι
2398 2925 2473 2996 μὴ
2499 2927 2615 2984 τοῖς
2648 2919 2718 2977 δι’
2750 2918 2885 2975 ὅλου
2914 2923 3017 2974 τοῦ
3058 2916 3310 2990 σώματος
3345 2910 3764 2990 μελαμφόροις.

2095 3014 2228 3072 Εἶτα
2255 3012 2497 3067 τοιοῦτοι
2558 3006 2732 3077 ὄντες,
2761 3008 2851 3063 καὶ
2904 3005 3048 3062 οὕτω
3101 3008 3383 3077 μισοῦντες
3438 3001 3502 3056 τὸ
3567 2999 3770 3074 ἀρχιε-

2098 3101 2310 3175 ρατικὸν
2343 3099 2532 3179 φῦλον,
2563 3097 2654 3154 καὶ
2690 3101 2846 3172 μῖσος
2880 3095 2942 3150 οὐ
2971 3095 3032 3149 τὸ
3081 3094 3274 3168 τυχὸν,
3306 3089 3455 3146 ἀλλὰ
3505 3089 3570 3145 τὸ
3626 3087 3772 3179 κατὰ

2101 3172 2266 3266 μέγαν
2327 3172 2645 3262 ιίναλμῳδὸν
2701 3185 2934 3256 τέλειον,
2993 3183 3085 3238 καὶ
3144 3179 3499 3257 ἐχθροποιὸν,
3538 3177 3659 3266 καὶ*
3695 3172 3770 3229 δι’

2097 3264 2227 3335 αὐτὸ
2285 3277 2657 3350 ἐκκλινόμενοι
2712 3270 2868 3354 φόϐῳ
2948 3271 3053 3328 ὑπὸ
3125 3275 3234 3326 τῶν
3311 3267 3562 3324 ἐλεεινῶν
3643 3264 3768 3354 ἀπι-

2099 3368 2340 3436 σκόπων,
2404 3352 2763 3440 μνησικακίας
2842 3360 3036 3424 αὐτοὺς
3109 3360 3406 3438 γράφονται
3484 3357 3539 3411 οἱ
3609 3352 3773 3409 αὐτός

2101 3478 2257 3514 κακοι
2267 3498 2280 3513 ο

2177 3571 2326 3642 ρπη’.
2366 3568 2431 3617 Ὢ
2478 3563 2599 3636 ἅγιε
2649 3559 2879 3635 μοναχὲ,
2913 3557 2960 3613 εἲ
2986 3555 3044 3612 δὲ
3075 3556 3104 3611 6
3135 3554 3430 3616 ἰπίσοιοπος
3460 3549 3771 3642 ᾲδιωκόμε-

2104 3675 2196 3716 νος
2249 3652 2340 3707 καὶ
2400 3650 2606 3730 φεύγων
2685 3651 3026 3722 μνησικακεῖ,
3082 3644 3145 3700 σὺ
3205 3645 3234 3698 ὁ
3291 3640 3549 3704 ἀναιτίως
3606 3637 3770 3694 αὐτὸν

2109 3741 2342 3808 διώκων,
2373 3728 2466 3794 καὶ
2498 3741 2798 3816 (γραφικῶς
2840 3735 3032 3806 εἷπεῖν)
3062 3728 3231 3809 φόϐος
3280 3732 3450 3804 μιγας
3497 3729 3590 3782 καὶ
3643 3745 3776 3780 σκο-

2105 3830 2278 3891 τεινὸς
2335 3827 2640 3883 ἐπιπίπτων
2701 3825 2870 3898 αύτῷ,
2917 3824 2971 3878 τί
3041 3842 3176 3877 ποτε
3230 3819 3320 3876 καὶ
3373 3816 3774 3891 ὀνομασθήσῃῇ

2109 3915 2506 3989 Μνησίκαλος;
2567 3912 2623 3970 εἷ’
2665 3937 2719 3970 τι
2777 3913 2891 3990 χρὴ
2971 3913 3062 3966 καὶ
3113 3909 3605 3984 ὀνοματοτεθῆσαι.
3673 3902 3778 3957 Καὶ

2109 4012 2216 4064 ποῦ
2272 4027 2406 4061 ποτε
2451 4002 2618 4059 καλὸν
2674 4003 2821 4077 παρὰ
2871 4000 2955 4056 σοὶ
3011 3996 3192 4073 ἓτερδν
3223 3997 3258 4068 ἢ
3295 3996 3456 4070 μόνον
3482 3995 3547 4050 τὸ
3611 3992 3778 4047 αὐτο-

2111 4097 2298 4170 νόμως
2354 4095 2580 4168 ἀρέσκον
2633 4112 2752 4161 σοις
2807 4089 3167 4166 Μαρτύρομαι
3223 4087 3311 4142 τὸν
3374 4086 3506 4141 Θεὸν
3567 4081 3778 4138 αὐτόν·

2114 4184 2286 4261 εἴπερ,
2329 4183 2503 4239 ὁπόσα
2554 4181 2629 4243 είς
2687 4180 2928 4237 ἐνιαυτὸν
2989 4177 3118 4233 ὅλον
3165 4175 3506 4250 περιενοήσω
3561 4174 3782 4261 κοπιῶν

2113 4258 2249 4330 κατᾶ
2301 4277 2400 4328 τοῦ
2455 4269 2753 4328 ἐπισκόπου
2811 4289 2930 4340 σου,
2962 4263 3222 4342 ἔστρεψας
3283 4263 3360 4326 εἰς
3414 4261 3624 4338 ἀγαθὴν
3661 4258 3784 4314 ἐπί-

2114 4383 2264 4419 νοιαν
2323 4363 2422 4430 τὴν
2476 4361 2607 4435 ὑπὲρ
2662 4361 2760 4428 τῆς
2814 4359 2911 4426 σῆς
2970 4358 3156 4430 ψυχῆς
3187 4353 3315 4426 μίαν
3344 4355 3474 4428 γοῦν
3534 4350 3783 4423 ἡμέραν,

2117 4451 2399 4527 ἐγγυτατω
2444 4448 2504 4503 ἂν
2557 4447 2734 4522 ἐγένου
2787 4450 2942 4504 Θεοῦ,
2974 4447 3086 4502 Νῦν
3141 4439 3200 4498 δὲ
3255 4435 3434 4502 ἔοικας
3486 4438 3620 4493 αὐτὸ
3690 4437 3784 4491 καὶ

2123 4539 2287 4614 μόνον
2347 4535 2436 4593 διὰ
2496 4536 2614 4613 βίον
2675 4535 2856 4600 θέσθαι
2925 4532 3126 4589 σκοπὸν
3184 4531 3247 4586 τὸ
3303 4527 3783 4591 ἀντικαθίστασθαι

2119 4613 2236 4691 τοῖς
2283 4626 2625 4695 ἐπισκόποις,
2666 4624 2756 4680 καὶ
2811 4624 2982 4698 μὲνειν
3038 4619 3524 4688 ἀντεπισκόπητος,
3585 4613 3786 4670 αὐτίκα

2124 4716 2182 4774 δὲ
2208 4719 2296 4773 καὶ
2339 4715 2792 4786 ἀνεπισκόπητος.
2826 4714 2926 4770 Καὶ
2992 4711 3114 4786 μένε
3156 4712 3424 4779 τοιοῦτος,
3457 4705 3503 4761 εἰ
3565 4703 3784 4781 βούλει,

2122 4807 2213 4864 καὶ
2269 4804 2608 4883 διαχειρίζου
2663 4803 2886 4859 τοιαῦτα
2943 4798 3032 4856 διὰ
3060 4797 3277 4867 τέλους,
3308 4795 3398 4852 καὶ
3428 4800 3635 4883 πρᾶττε
3692 4791 3789 4847 οὓ-

367 4897 435 4949 ut
464 4895 699 4965 quando
737 4910 980 4966 operum
1039 4898 1276 4948 tuorum
1337 4893 1562 4948 fructus
1620 4894 1991 4950 absorbueris

2122 4914 2253 4959 τωςο
2281 4880 2465 4950 Ἕνανέν
2514 4897 2690 4966 καιρῷ
2746 4890 2956 4970 φαγὼν,
2987 4887 3116 4952 τοὺς
3162 4891 3272 4943 τῶν
3327 4883 3501 4947 οὕτως
3565 4881 3789 4959 ἐργατι-

371 4982 527 5038 mala
555 4986 659 5038 tua
689 4984 1030 5039 manduces.
1063 4988 1324 5055 Loquere
1359 4999 1457 5052 pro
1488 4999 1649 5039 more
1671 4987 1770 5040 tuo
1802 4988 1859 5040 et
1881 5000 2021 5040 con~

373 5078 466 5128 tra
495 5087 671 5143 quem
703 5071 898 5139 voles;
947 5072 1284 5143 hujusmodi
1329 5087 1587 5143 namque
1615 5073 1888 5129 exercitio
1920 5075 2017 5130 de-

373 5161 658 5218 clamator
712 5161 940 5217 evades.
995 5159 1375 5215 Pontiﬁcibus
1423 5161 1749 5217 benedicite
1797 5178 2016 5228 coram,

373 5256 438 5308 ut
467 5256 526 5307 et
549 5251 654 5306 tibi
682 5249 1007 5306 benedictio
1029 5249 1311 5322 obtingat.
1335 5249 1865 5306 Sanctiﬁcationem
1887 5268 2018 5323 quae

369 5341 507 5397 inde
539 5341 715 5410 venit,
751 5340 919 5413 longe
968 5339 1179 5412 repelle
1232 5339 1519 5395 dicendo:
1571 5340 1686 5412 Ego
1720 5341 2019 5397 sanctiﬁco

377 5431 711 5502 meipsum;
765 5434 823 5486 et
872 5430 957 5485 sic
987 5429 1313 5486 abundabit
1371 5428 1759 5485 sanctiﬁcatio
1805 5435 1910 5485 tua
1965 5435 2023 5487 et

378 5518 437 5574 in
471 5523 707 5575 caeteros
739 5535 969 5591 quoque
998 5518 1351 5575 redundabit
1382 5517 1483 5590 qui
1505 5534 1632 5573 eam
1666 5519 2020 5576 desiderant.

378 5606 647 5677 Praepara
675 5606 951 5664 balneum
991 5607 1322 5678 jucundum
1369 5611 1427 5662 et
1473 5622 1724 5665 convoca
1771 5607 2023 5682 reliquos

385 5693 604 5749 amicos
656 5699 714 5751 et
770 5695 1251 5766 praetereuntium
1299 5709 1595 5768 quemque
1650 5699 1716 5753 ut
1759 5696 1817 5754 in
1860 5702 2026 5757 tanta

2133 4989 2246 5041 κῶν
2301 4988 2522 5061 καρπῶν
2581 5003 2676 5037 σου
2730 4980 2951 5051 πόνους,
2986 4977 3151 5052 μόνος
3199 4973 3478 5049 ἀντλήσῃς
3519 4972 3588 5027 τὰ
3646 4970 3793 5061 κακά

2129 5095 2247 5131 σου.
2281 5057 2477 5144 Λάλει,
2510 5069 2611 5127 ὅσα
2637 5070 2728 5126 καὶ
2777 5073 2867 5126 οἷα
2914 5067 3128 5133 λαλεῖς,
3159 5064 3249 5121 καὶ
3296 5065 3414 5120 καθ’
3440 5064 3516 5117 ὧν
3568 5061 3628 5116 ἂν
3688 5057 3792 5114 λα-

2131 5162 2236 5238 λῇς
2261 5184 2273 5197 ’
2298 5160 2393 5217 ἵνα
2441 5159 2754 5235 ἐμμελετῶν
2808 5163 2927 5222 τοῖς
2970 5155 3244 5217 τοιούτοις
3293 5151 3606 5230 ῥητορεύειν
3631 5237 3639 5238 7
3668 5169 3793 5238 συν-

2132 5235 2370 5325 εόισθῇς.
2405 5249 2634 5326 Εύλόγει
2682 5243 3016 5307 διαϐολικῶς
3062 5242 3191 5306 τοὺς
3241 5242 3519 5317 ἀρχιερεῖς
3557 5237 3648 5293 καὶ
3708 5235 3790 5297 εἲς

2131 5341 2448 5416 πρόσωπον,
2483 5337 2577 5395 ’ίνα
2623 5337 2738 5406 tif-nc;
2779 5335 3174 5412 εὐλογημένος.
3204 5327 3647 5416 Ἃποδιοπόμπει
3695 5326 3789 5380 τὸν

2135 5415 2330 5485 ἐκεῖθεν
2374 5429 2656 5504 ἁγιασμὸν,
2688 5427 2777 5482 καὶ
2823 5424 2971 5502 λὲγε,
2995 5423 3145 5485 ὅπως
3173 5421 3320 5496 Ἐγὼ
3369 5419 3575 5495 ἁγιάζω
3619 5415 3792 5504 ἐμαυ-

2130 5517 2262 5574 τόν⁶
2295 5519 2382 5573 καὶ
2441 5517 2582 5573 οὕτω
2629 5513 2966 5593 περισσεύσει
3026 5513 3054 5566 6
3107 5509 3160 5567 ἐν
3218 5507 3303 5564 σοὶ
3362 5505 3652 5582 ἁγιασμὸς,
3714 5502 3790 5566 ὡς

2132 5606 2223 5664 καὶ
2280 5607 2357 5670 εἰς
2411 5605 2617 5670 ἄλλους
2672 5599 2988 5675 διαϐαίνειν,
3020 5601 3073 5655 οἳ
3127 5599 3384 5654 τοιούτου
3428 5594 3786 5669 ἐπιθυμοῦσιν

2138 5697 2430 5774 ἁγιασμοῦ.
2483 5696 2716 5769 ’Ἑξαπτε
2789 5693 2881 5750 τὸν
2951 5687 3247 5768 ἐπαγωγὸν.
3312 5684 3623 5764 λουτρῶνα,
3700 5679 3790 5738 καὶ
