4104 6210
212 341 337 406 893

1242 354 1344 417 DE
1389 355 1883 418 EMENDANDA
1925 357 2113 421 VlTA
2158 358 2636 421 MONACHICA.

3514 368 3634 428 894

217 473 499 548 συγκαλοῦ
559 475 635 535 εἰς
692 474 874 550 λουμα
929 481 1020 534 καὶ
1071 477 1305 559 ἀλοιφὴν
1339 482 1468 545 τούς
1522 506 1581 540 τε
1639 483 1838 543 λοιποῦ

1987 487 2364 544 multitudine
2398 489 2646 559 injurias
2686 489 2946 560 pontiﬁci
2979 491 3172 548 illatas
3229 493 3445 565 expies.
3500 495 3631 550 Hac

214 560 444 635 φίλους,
479 563 568 616 καὶ
599 563 728 626 τοὺς
756 563 1178 640 παροδεύοντας,
1205 569 1298 624 ’ἕνα
1326 571 1410 626 ἐπὶ
1471 573 1700 630 πολλῶν
1758 596 1874 630 τοις

213 650 394 705 ούτων
447 651 754 726 καταλούῃς
807 655 898 708 τὸν
932 656 1189 733 ἀρχιερέα
1233 655 1440 735 ὕϐρεσι.
1476 663 1579 717 Καὶ
1612 659 1755 719 ἔσται
1788 685 1872 719 σοι

210 738 348 793 αὐτὸ
410 742 701 817 καθάρσιον
775 747 961 820 ψυχῆς
1017 768 1075 801 τε
1130 749 1215 802 καῖ
1278 751 1533 822 σώματος
1585 753 1872 827 λουομὲνῳ

209 829 418 903 συχνὰ,
473 827 563 884 ’ἱνα
619 829 799 906 γένοιο
851 835 1102 912 καθαρός.
1165 837 1414 915 Ἐξάρτυε
1457 839 1713 916 λαμπρὰς
1743 864 1870 916 τρα-

209 916 410 990 πέζας,
471 918 938 997 πολυανθρώπους
969 943 982 956 ·
1043 926 1130 980 καὶ
1205 932 1322 990 τοῖς
1383 925 1539 1002 ὄψοις
1593 951 1868 1008 παραμιγ-

206 1005 358 1060 νύων
414 1008 661 1073 κατὲσθιε
717 1010 805 1064 καὶ
846 1011 937 1066 τὸν
987 1011 1264 1089 ἀρχιερέα.
1327 1017 1425 1072 Καὶ
1486 1016 1626 1091 μηδὲ
1674 1005 1869 1094 κορὲν-

205 1115 367 1164 νυσο,
394 1094 489 1151 ⁹ίνα
517 1096 593 1160 εἰς
625 1095 981 1172 πολυήμερον
1030 1101 1187 1158 αὐτὸν
1235 1105 1468 1181 ταμιεύῃ
1529 1110 1733 1184 τροφήν
1777 1111 1868 1164 καὶ

202 1186 444 1262 τρυφήν.
508 1186 852 1262 Πανηγύριζε
907 1187 1157 1246 δαπανῶν
1206 1195 1320 1249 κατ’
1369 1195 1556 1253 αὐτοῦ.
1611 1199 1713 1262 Τίς
1765 1200 1866 1274 γάρ

205 1294 296 1328 σοι
326 1279 437 1328 τῶν
462 1280 558 1329 τοῦ
590 1274 724 1331 Θεοῦ
755 1275 947 1352 φειδὼ,
987 1278 1086 1357 ἐφ’
1146 1282 1224 1343 οἷς
1292 1281 1550 1356 δαιμονᾷς
1576 1305 1590 1354 ;
1625 1289 1868 1360 Κήρυσσε

203 1361 374 1417 αὐτὸν
423 1369 706 1439 πανταχοῦ
763 1373 871 1439 γῆς
931 1369 1149 1442 μιαρὸν,
1205 1371 1296 1425 καὶ
1342 1373 1661 1450 παμμίαρον
1694 1380 1869 1449 κῶμι-

203 1455 322 1513 κῶς
396 1452 488 1506 καὶ
554 1455 919 1529 μιαρώτατον·
995 1456 1084 1512 ἳνα
1155 1458 1328 1522 οὕτως
1389 1461 1649 1534 ἀμίαντος
1703 1464 1865 1528 αὐτὸς

203 1539 531 1617 φυλάττοιο.
594 1543 864 1616 Ψωμίζου
921 1547 989 1600 τὰ
1043 1549 1161 1602 κατ’
1220 1549 1405 1622 αὐτοῦ,
1466 1551 1634 1607 πίνων
1696 1555 1860 1612 οἶνον.

201 1628 423 1718 Ψάλλε-
465 1631 540 1695 εἷς
591 1631 772 1690 αὐτόν.
834 1636 1115 1692 Κατάπτυε
1168 1637 1296 1701 τοὺς
1345 1637 1614 1718 ἐλαφροὺς
1638 1643 1863 1706 κανόνας

201 1717 376 1773 αὐτοῦ
406 1716 494 1774 διὰ
525 1721 615 1775 τὸν
650 1722 741 1776 σὸν
778 1723 943 1798 βαρὺν
975 1725 1192 1782 κανόνα.
1251 1716 1568 1806 Περιφρόνει
1623 1733 1719 1794 τὰς
1769 1734 1860 1788 αὐ-

198 1808 301 1862 τοῦ
349 1805 722 1878 διδασκαλίας,
777 1813 849 1866 ὧν
906 1811 1034 1868 οὐδὲ
1080 1813 1282 1870 ἐπαΐειν
1335 1814 1548 1873 δέδοταί
1580 1841 1685 1890 σοι,
1747 1821 1862 1876 οὐδ’

201 1892 265 1949 ἂν
307 1893 518 1986 δοθείη.
577 1899 832 1969 Εύθὲτιζε
888 1901 981 1956 τὸν
1047 1903 1208 1977 βαθὺν
1267 1907 1509 1981 πώγωνα
1566 1907 1641 1971 εἰς
1673 1908 1861 1986 εὐπρέ-

199 2005 389 2055 πειαν,
449 1985 513 2042 οὗ
567 1988 656 2042 καὶ
719 1990 889 2062 μόνου
921 1992 1252 2068 ἀπηώρηται
1279 1996 1343 2050 τὸ
1389 1998 1523 2052 κατὰ
1552 1997 1610 2052 σὲ
1640 2001 1856 2071 σεμνόν.

199 2068 514 2147 Ἐμϐάθυνε
569 2081 647 2147 τῷ
707 2084 810 2147 τῆς
865 2080 1110 2157 κεφαλῆς
1164 2082 1508 2156 καλύμματι,
1557 2068 1860 2162 καθιενμένῳ

203 2162 376 2239 μέχρι
442 2170 646 2240 μικροῦ
689 2166 779 2220 καὶ
811 2166 886 2229 εἰς
917 2167 1206 2244 ρώθωναςο
1251 2172 1437 2227 καὶσὺ
1491 2175 1584 2247 μὶν
1645 2179 1857 2253 παρεμ-

1983 576 2189 631 iterata
2218 577 2357 632 lotio
2393 578 2570 632 menti
2605 583 2662 632 et
2693 579 2917 650 corpori
2950 582 3418 651 puriﬁcationem
3442 583 3625 638 dabit.

1984 666 2216 721 Mensas
2246 666 2437 722 lautas
2488 667 2926 740 multorumque
2983 670 3355 725 convivarum
3387 687 3630 743 capaces

1982 771 2209 825 appone
2241 762 2298 810 et
2330 756 2475 811 cibis
2504 755 2830 812 immistum
2872 758 3204 828 pontiﬁcem
3251 762 3511 829 comede,
3571 767 3630 816 et

1981 843 2099 898 noli
2131 844 2331 900 satiari
2367 848 2429 900 ut
2463 862 2564 916 per
2595 846 2812 902 multos
2844 846 2969 902 dies
3028 863 3097 903 ex
3156 864 3222 903 eo
3279 848 3626 907 alimentum

1980 939 2036 989 et
2065 935 2304 990 delicias
2337 936 2573 992 habeas.
2607 937 2953 992 Encomium
2994 938 3053 992 in
3107 955 3242 994 eum
3278 939 3624 1012 multiplica.

1978 1023 2114 1086 Quae
2135 1024 2290 1078 enim
2323 1024 2736 1081 misericordiae
2780 1027 2886 1082 tibi
2920 1028 2977 1081 in
3009 1044 3206 1083 servos
3237 1027 3358 1095 Dei,
3389 1029 3449 1083 in
3477 1046 3626 1101 quos

1979 1112 2333 1169 daemoniace
2364 1115 2655 1171 inveheris
2675 1116 2940 1187 ?Ubique
2961 1122 3248 1173 terrarum
3269 1119 3622 1191 prmdicaip-

1977 1219 2108 1258 sum
2143 1202 2652 1272 scelestum,valde
2682 1205 3088 1272 scelestum,ut
3118 1223 3249 1261 cum
3283 1209 3505 1263 comico
3537 1208 3623 1265 lo-

1977 1292 2414 1361 quar,omnium
2448 1293 3032 1366 scelestissimum,ut
3063 1305 3118 1351 tu
3149 1315 3331 1368 purus
3358 1314 3619 1354 maneas.

1977 1380 2036 1434 In
2065 1382 2251 1437 frusta
2281 1397 2410 1436 eum
2443 1383 2703 1455 discerpe
2727 1390 2782 1439 et
2813 1386 3011 1439 vinum
3039 1385 3263 1440 bibe.[n
3287 1402 3416 1440 eum
3441 1387 3620 1442 dicito

1974 1469 2314 1525 cantilenas.
2351 1472 2586 1542 Propter
2615 1488 2785 1543 grave
2818 1478 2984 1526 tuum
3039 1475 3246 1545 jugum
3310 1476 3430 1529 leve
3488 1475 3618 1547 ejus

1963 1558 2178 1628 jugum
2211 1559 2573 1615 ﬂoccil'acito.
2605 1561 2939 1616 Doctrinam
2968 1563 3096 1630 ejus
3129 1580 3403 1634 conspue,
3440 1580 3620 1634 quam

1973 1664 2276 1718 nunquam
2310 1651 2804 1720 comprehendere
2836 1652 3069 1720 poteris.
3107 1657 3178 1704 Ut
3229 1662 3278 1706 te
3309 1658 3623 1708 vereantur

1970 1737 2214 1792 barbam
2248 1740 2540 1808 promitte,
2577 1741 2730 1794 unde
2789 1741 3045 1811 dignitas
3080 1748 3180 1795 tua
3229 1742 3466 1811 pendet.
3503 1741 3619 1797 Im-

1973 1842 2234 1898 mergere
2261 1829 2318 1881 in
2351 1828 2558 1898 capitis
2589 1834 2925 1900 tegumento
2959 1831 3026 1884 ad
3063 1847 3233 1884 nares
3269 1847 3455 1901 usque
3478 1831 3614 1886 des-

1971 1915 2339 1981 cendente,et
2357 1917 2440 1971 sic
2464 1919 2706 1973 ostende
2736 1923 2896 1973 tuam
2932 1935 3063 1974 cum
3117 1924 3225 1974 Deo
3274 1919 3614 1976 similitudi-

1971 2020 2127 2074 nem,
2162 2005 2364 2061 dicens
2395 2006 2445 2062 ei
2477 2007 2578 2078 qui
2601 2010 3068 2079 appropinquat:
3131 2009 3360 2063 Faciem
3420 2025 3612 2064 meam

1969 2092 2228 2160 videbis;
2264 2117 2286 2143 ιι
2325 2096 2392 2150 ad
2429 2097 2583 2166 quod
2617 2097 2712 2151 ille
2743 2098 2847 2151 tibi
2880 2115 2994 2152 non
3018 2099 3270 2152 absurde
3302 2099 3616 2169 responde-

1969 2181 2089 2237 bit:
2125 2204 2153 2232 «
2185 2183 2308 2238 Non
2331 2183 2551 2238 videbit
2580 2185 2753 2240 homo
2787 2186 2994 2240 faciem
3025 2190 3213 2254 tuam,
3248 2193 3304 2242 et
3323 2187 3478 2242 vivet
3507 2187 3612 2237 ‘9.»

195 2272 359 2349 φαινε
387 2257 468 2349 τῷ
497 2253 690 2330 τρόπῳ
705 2255 895 2349 ,τούτω
1055 2259 1194 2349 πρὸς
1224 2261 1353 2349 θεὸν
1385 2263 1710 2336 ὁμοιότητα,
1744 2266 1918 2342 λέγων
1949 2272 2028 2340 τῷ
2059 2268 2416 2344 ἐντρανίζοντι
2449 2273 2584 2346 πρὸς
2614 2274 2692 2340 σε,
2724 2274 2806 2327 ὅτι
2839 2297 2865 2324 ‹‹
2896 2275 2966 2328 Τὸ
3007 2253 3299 2348 πρόσωπόν
3358 2295 3462 2347 μου
3516 2274 3610 2349 ὀφ-

195 2341 426 2410 θήσεταί
457 2361 563 2396 σοι·
603 2367 625 2395 ι
660 2342 820 2407 αὐτὸς
851 2341 909 2400 δὲ
933 2346 1176 2403 ἀντείποι
1207 2347 1294 2418 ἂν,
1327 2351 1606 2428 εὐστόχως
1666 2341 1844 2428 οἶμαι,
1893 2356 1975 2412 τό·
2029 2381 2058 2410 ‹‹
2102 2341 2176 2412 Oi’)
2229 2361 2304 2432 μὴ
2356 2357 2442 2434 ἴδῃ
2491 2341 2776 2435 όὶνθρωπος
2821 2363 2884 2416 τὸ
2915 2341 3206 2438 πρόσωπόν
3241 2341 3479 2433 σου,καί
3511 2341 3608 2433 ζιζ-

197 2449 371 2486 σεται.
409 2452 439 2482 ὶ)

269 2520 410 2593 ρπθ’.
442 2519 667 2592 Ἐρωτῶ
717 2543 775 2576 σε
816 2521 1064 2597 τολμῶν,
1117 2528 1162 2582 ὧ
1205 2529 1340 2584 κατὰ
1389 2529 1698 2587 ἐπισκόπων
1763 2535 1850 2606 μὲ-

189 2627 367 2698 γιστε,
400 2608 489 2662 καὶ
528 2608 592 2698 -ἐν
641 2615 758 2674 τοῖς
807 2614 926 2676 καθ’
971 2616 1120 2688 ἡμᾶς
1170 2612 1533 2695 φοϐερώτατε,
1593 2621 1638 2676 εἱ
1693 2622 1849 2698 εὗρε-

193 2696 464 2766 Θήσονται
523 2696 575 2752 ἐν
622 2705 740 2761 τοῖς
772 2701 875 2756 ὑπὸ
907 2703 964 2757 ci
1008 2704 1098 2758 καὶ
1145 2706 1280 2761 κατά
1327 2709 1385 2762 σὲ
1414 2706 1673 2788 ἀδελφοῖς
1730 2696 1848 2774 τοῖς

193 2785 488 2872 τοσούτοις
518 2787 709 2863 ἀγαθοὶ
768 2786 915 2859 δὲκα,
970 2792 1033 2847 τὸ
1087 2790 1441 2870 Ἀϐραμιαῖον
1495 2785 1844 2872 πυνθμενικόν·

193 2873 283 2928 ἰὰν
347 2871 404 2929 δὲ
456 2876 639 2946 πέντε,
671 2876 758 2932 ἰὰν
792 2875 848 2934 δὲ
898 2886 1044 2955 τρεῖς
1103 2884 1215 2956 ἅμα
1265 2887 1353 2940 καὶ
1410 2887 1512 2945 σοί.
1575 2871 1748 2946 Ἀλλὰ
1793 2888 1846 2943 τί

193 2961 373 3052 οὕτως
432 2965 532 3019 οὐκ
583 2967 849 3043 ἀποκρίνῃ
891 2969 972 3042 τῷ
1023 2971 1306 3049 ἀρχιερεῖ;
1363 2978 1561 3052 Ἕγωγ³
1599 2976 1689 3033 οῦν
1722 2977 1845 3034 οὐδὲ

187 3051 284 3106 ἓνα
323 3057 574 3109 τοιοῦτον
622 3057 853 3132 ἀριθμὸν
898 3059 1272 3136 πληρέστατον
1297 3066 1430 3120 εἶναι
1480 3051 1599 3122 οῖδα
1623 3067 1675 3123 ἐν
1731 3074 1846 3133 τοῖς

186 3141 506 3252 ἡμετέροις,
561 3143 929 3252 τοῖςετῷνὸντι
953 3149 1314 3252 ἐξωτερικοῖς.
1375 3156 1690 3252 Ἀγαπητὸς
1738 3159 1841 3234 γὰρ
1872 3183 1916 3252 C

185 3229 496 3306 εὑρημένος
543 3233 633 3288 καὶ
683 3235 711 3288 ὁ
757 3236 849 3309 εἷς,
879 3239 968 3293 καὶ
999 3238 1146 3296 οὕτω
1181 3242 1366 3316 μόνος,
1398 3229 1486 3299 καὶ
1523 3229 1839 3319 μοναδικνὸςῑ,

180 3319 274 3374 καὶ
339 3322 606 3398 μοναχὸς,
638 3324 728 3378 καὶ
788 3328 1054 3398 μονάζων,
1085 3330 1174 3385 καὶ
1209 3335 1480 3405 μοναστὴς
1512 3335 1601 3389 καὶ
1633 3335 1840 3391 ἐπώνυ-

182 3428 291 3480 μος
320 3412 388 3483 τῇ
425 3414 590 3485 μονῇ,
622 3412 700 3475 ὡς
741 3414 880 3488 αὐτῇ
933 3419 1340 3494 παραμύνιμος,
1395 3422 1444 3478 si“
1487 3423 1575 3479 καὶ
1620 3423 1674 3480 ἐν
1721 3430 1840 3487 τοῖς

178 3496 664 3588 μεγαλοπολίταις
739 3503 1003 3560 ἀνάπαλίν
1073 3507 1183 3564 ἐστι
1260 3511 1350 3565 καὶ
1423 3511 1691 3588 ἐρωτῆσαι
1746 3513 1838 3568 καὶ

178 3583 437 3661 ἐξευρεῖν·
497 3589 622 3664 παρ’
679 3590 761 3655 οἷς
813 3591 1124 3650 πολλοστόν
1181 3619 1232 3653 τι
1282 3583 1460 3673 μέρος⁷
1488 3603 1552 3656 τὸ
1613 3605 1688 3675 μὴ
1751 3600 1837 3658 ἔκ-

175 3694 367 3749 κριτον
429 3676 481 3732 ἂν
534 3678 786 3752 πολιτείᾳ
842 3690 1135 3761 μοναχινῇ·
1198 3690 1413 3761 μήποτε
1461 3688 1519 3746 δὲ
1577 3689 1701 3746 οὐδὲ
1754 3704 1839 3757 τις

178 3763 262 3851 εἷς
289 3762 490 3851 ἐκεῖθεν
527 3771 591 3842 ζῇ
651 3768 1144 3846 παρεξηυλημὲνην
1198 3777 1389 3851 βιοτὴν
1445 3781 1519 3842 ὡς
1567 3779 1835 3844 ἐπωλείας

177 3850 318 3914 υἱός·
347 3850 441 3907 ’ἱνα
476 3857 566 3910 καὶ
598 3855 682 3911 ἐπ’
711 3857 886 3914 αὐτῶν
920 3850 1302 3939 ἀληθεύσῃντὼ
1337 3891 1366 3918 ‹‹
1407 3865 1601 3933 Οὐδεὶς
1648 3869 1697 3942 ἐξ
1749 3870 1837 3925 αὐ-

174 3945 288 3995 τῶν
318 3941 595 3999 ἀπώλετο.
629 3966 658 4001 υ

405 4029 583 4088 Ἀλλᾶ
632 4035 735 4111 γὰρ
797 4034 896 4111 ὀψέ
950 4059 1103 4114 ποτε,
1163 4043 1208 4097 ὧ
1255 4042 1390 4100 καλέ
1439 4067 1543 4120 μου
1601 4045 1832 4104 δέσποτα

185 4117 419 4213 (πατξρα
467 4120 570 4196 γὰρ
617 4131 932 4200 προσειπεῖν
985 4128 1150 4201 ὀκνῶ,
1196 4128 1301 4197 ἕως
1345 4133 1405 4190 ἃν
1440 4117 1715 4213 ’θεωρήσω
1775 4159 1832 4194 σε

171 4205 608 4278 καταληηικῶς
650 4214 908 4286 τοιαύτης
936 4221 1372 4295 προσφωνήσεως
1423 4205 1628 4299 ἄξιον),
1682 4223 1833 4302 διορ-

175 4296 412 4368 θώθητι.
447 4299 549 4354 Καὶ
592 4304 784 4376 πρῶτα
845 4305 940 4377 μὲν
997 4304 1444 4382 προσλαϐόμενος
1489 4296 1581 4369 τὸ.
1614 4316 1716 4370 ὑπὸ
1773 4296 1832 4371 σὲ

173 4383 533 4480 εἶσαγωγικὸν
585 4389 799 4467 φῦλον,
851 4393 940 4448 καὶ
989 4393 1260 4462 συνελθὼν
1321 4400 1396 4462 εἷς
1453 4402 1708 4478 ἀκρόασιν
1759 4404 1827 4480 (εἰ

176 4476 254 4566 μή
319 4479 582 4566 πουΑτήν
639 4480 912 4557 ἡμετέραν
967 4483 1216 4556 ἀπαξιοῖς
1274 4476 1530 4566 λαλιὰν),
1571 4476 1824 4564 ἄκουσον,

2030 2537 2132 2592 Dic
2166 2538 2577 2611 mihi,quaeso,
2631 2558 2840 2613 magne
2901 2541 3307 2614 episcoporum
3370 2542 3606 2599 inimice

1959 2629 2012 2680 et
2044 2628 2296 2684 maxime
2325 2629 2604 2684 terribilis
2625 2630 2777 2684 inter
2807 2648 2935 2695 nos,
2968 2636 3166 2686 utrum
3199 2632 3351 2687 inter
3369 2635 3456 2686 tot
3480 2649 3602 2687 mo-

1959 2716 2180 2771 nachos
2209 2717 2320 2772 sub
2345 2723 2399 2774 te
2431 2735 2496 2773 ac
2521 2723 2712 2774 tecum
2753 2722 3029 2792 degentes
3064 2723 3264 2776 decem
3294 2721 3602 2776 invenian-

1955 2807 2053 2858 tur
2072 2805 2404 2875 justi,sicut
2431 2808 2744 2863 Abrahami
2781 2817 3060 2880 tempore,
3083 2814 3281 2864 utrum
3309 2809 3594 2881 quinque,

1957 2898 2156 2948 utrum
2184 2899 2297 2950 tres
2320 2895 2420 2950 tibi
2447 2896 2710 2952 similes?
2759 2897 2871 2951 Cur
2909 2914 3044 2969 ergo
3103 2915 3216 2952 non
3278 2885 3598 2969 respondes

1955 2983 2215 3053 pontiﬁci
2238 2984 2264 3038 ?
2279 2985 2559 3056 Equidem
2575 2987 2752 3042 istum
2787 3004 3096 3042 numerum
3113 2987 3266 3058 apud
3282 2987 3599 3043 monachos

1955 3077 2187 3128 nostros
2219 3073 2457 3144 plenum
2491 3074 2735 3131 inveniri
2772 3093 2931 3148 nego.
2974 3077 3264 3131 Gaudium
3298 3077 3452 3132 enim
3486 3082 3594 3148 est,

1955 3160 2002 3214 si
2035 3159 2308 3216 inventus
2339 3169 2427 3219 est
2459 3181 2611 3218 unus
2643 3171 2699 3219 et
2728 3166 2868 3219 adeo
2908 3165 3092 3234 solus,
3122 3166 3355 3232 unicus,
3392 3166 3596 3220 solita-

1953 3248 2098 3320 rius,
2150 3258 2496 3320 monachus,
2558 3253 2690 3318 alia,
2744 3271 2775 3307 a
2829 3256 3183 3309 monasterio
3240 3255 3338 3309 ubi
3399 3258 3596 3309 manet

1953 3338 2508 3408 adnominatus,etsi
2539 3343 2692 3414 apud
2716 3342 3152 3414 Megalopolitae
3173 3360 3378 3398 rursus
3409 3343 3592 3414 quaeri

1950 3428 2155 3497 possit,
2188 3430 2341 3499 apud
2384 3447 2531 3501 quos
2589 3433 2833 3486 minima
2891 3449 3027 3502 pars
3084 3433 3212 3486 vitae
3262 3431 3593 3487 monasticm

1949 3517 2204 3588 ascripta
2242 3533 2330 3573 est
2387 3524 2444 3574 et
2502 3520 2700 3574 nullus
2747 3525 2940 3575 tamen
2997 3519 3176 3575 vitam
3235 3521 3590 3592 decrepitam

1945 3604 2088 3661 vivit
2119 3612 2183 3661 ut
2223 3607 2379 3662 filius
2431 3610 2730 3680 prodigus,
2793 3611 2873 3665 ita
2932 3615 2996 3664 ut
3052 3611 3123 3664 de
3182 3609 3300 3664 illis
3360 3627 3593 3681 quoque

1945 3692 2260 3766 impleatur
2289 3697 2444 3767 quod
2461 3697 2682 3754 dictum
2705 3703 2821 3754 est:
2852 3722 2877 3748 «
2904 3699 3084 3753 Nemo
3116 3715 3184 3753 ex
3208 3699 3280 3754 iis
3301 3699 3588 3770 periit‘3.»

2015 4051 2135 4106 190.
2173 4051 2333 4107 Licet
2361 4068 2511 4120 sero,
2546 4052 2780 4108 domine
2810 4053 3060 4126 (Patrem
3093 4053 3248 4109 enim
3291 4058 3348 4110 te
3385 4053 3588 4127 appel-

1946 4139 2063 4196 lare
2093 4142 2264 4196 taedet
2286 4143 2617 4213 usquedum
2652 4147 2705 4196 to
2742 4143 2850 4198 hoc
2877 4143 3112 4198 nomine
3144 4144 3385 4216 dignum
3425 4145 3588 4216 judi-

1942 4230 2787 4302 cavero),aterigete.Etprimo
2812 4233 3048 4303 quidem
3077 4233 3272 4305 accipe
3303 4233 3588 4305 populum

1940 4319 2045 4376 abs
2076 4324 2132 4375 te
2162 4320 2574 4390 gubernatum,
2607 4325 2663 4374 et
2694 4326 2900 4391 praesto
2928 4323 2999 4376 ad
3032 4322 3390 4377 audiendum
3450 4338 3586 4377 cum

1940 4408 2023 4464 sis
2055 4409 2394 4479 (dummodo
2426 4425 2621 4464 vocem
2655 4426 2844 4463 meam
2877 4410 3081 4464 audire
3120 4427 3237 4466 non
3270 4410 3583 4479 fastidias),

1940 4497 2078 4553 audi
2104 4513 2231 4568 quae
2264 4498 2409 4553 forte
2441 4514 2552 4552 non
2584 4499 2944 4563 docebimus,
2981 4500 3081 4554 sed
3115 4500 3172 4554 in
3233 4499 3580 4554 memoriam

171 4562 356 4658 οἷα-ού
388 4561 670 4658 διξάξομεν
725 4569 862 4643 ὑμᾶς
912 4570 1061 4643 ἴσως,
1105 4574 1250 4633 ἀλλὰ
1298 4560 1704 4657 ἀναμνῆσομεν,
1755 4560 1830 4647 ὡς

1964 4586 2014 4640 is
2047 4585 2453 4642 revocabimus
2483 4587 2584 4656 qui
2616 4602 2811 4640 rerum
2835 4587 2999 4658 gnari
3024 4591 3186 4642 sunt.

170 4649 410 4726 εἷ’δότας,
438 4650 564 4710 ὅντα
595 4656 649 4712 ἐν
677 4658 918 4724 τούτοις.

245 4741 386 4834 ρειαπ
440 4743 604 4834 ρύδέν
662 4768 714 4802 τι
757 4747 981 4821 κωλύει,
1040 4751 1085 4808 ὦ
1137 4752 1388 4834 ἀδελφοὶ,
1433 4760 1522 4814 καὶ
1565 4760 1692 4824 τοὺς
1747 4760 1823 4818 ἔτι

173 4832 250 4921 μὴ
331 4831 562 4896 ἐντελῶς
660 4835 1168 4914 ἐσχηματισμένους
1251 4831 1627 4921 ἐξομοιοῦσθαι
1708 4857 1828 4914 ταῖς

165 4920 390 4996 ἀρεταῖς
420 4924 557 4998 πρὸς
587 4924 717 4988 τοὺς
765 4927 1286 5008 μεγαλοσχήμονας·
1332 4920 1519 4994 καθότι
1566 4941 1655 4996 καὶ
1705 4941 1824 4998 ὅσοι

165 5009 390 5107 ἀστέρες
426 5012 530 5068 ὑπὸ
580 5015 684 5107 τὴν
724 5015 960 5088 ἀπλανῆ,
1006 5021 1144 5097 πρὸς
1187 5025 1254 5094 ἣν
1305 5025 1395 5080 καὶ
1449 5027 1578 5084 αὐτὸ
1629 5029 1820 5107 ὶῤῥέθη

161 5098 227 5154 τὸ
265 5100 409 5200 μὲϊα
437 5108 631 5200 σχῆμα
665 5104 1059 5200 ὀνομασθῆναι,
1091 5111 1228 5188 πρὸς
1258 5112 1470 5188 ἐκείνην
1508 5098 1824 5200 πρέιρόνται

166 5189 417 5284 προιρήν
449 5189 724 5284 ἑκατέραν,
774 5195 848 5257 ὡς
898 5195 1294 5275 ἐπετάχθησαν.
1328 5189 1588 5264 Δύνανται
1641 5189 1824 5284 μιμή-

165 5297 306 5376 σεως
332 5277 482 5376 λόγω
509 5282 597 5376 καὶ
631 5283 698 5376 οἰΔ
717 5289 994 5376 μικροσχή
1007 5309 1187 5361 μονις,
1212 5293 1240 5347 ὁ
1275 5294 1368 5367 μὲν
1395 5317 1477 5359 τις
1510 5277 1657 5371 ἡλίώ
1687 5277 1823 5376 παρ-

159 5367 424 5437 εοικέναι,
461 5370 488 5424 ὁ
515 5367 573 5424 δὲ
622 5371 825 5447 σελήνῃ
872 5374 1289 5454 ἀφωμοιωσθαι.
1343 5386 1445 5442 Καὶ
1479 5367 1721 5450 συνόλως
1752 5367 1822 5443 ἐι-

157 5461 285 5510 πεῖν
315 5457 454 5533 πρὸς
482 5456 686 5516 ἐπταδα
720 5461 860 5518 Θείαν
895 5461 1113 5542 ἔχουσιν
1169 5471 1543 5547 εἴκοτίζεσθαι,
1591 5478 1822 5534 ἀντικει-

164 5543 334 5619 μένην
368 5549 437 5617 τῇ
468 5548 928 5621 νοητῶ,ἀπλανεῖ⁶
960 5553 1068 5632 οὐχ
1098 5557 1236 5616 ὥστε
1268 5543 1824 5648 μαχίμω,νάντιφὲρε-

233 5673 284 5710 ⁸³
306 5673 491 5732 Exod.
522 5693 722 5750 χχχιιι,
751 5678 844 5739 20.
875 5681 922 5718 “
948 5682 1120 5744 Joan.
1143 5704 1284 5764 xvn,
1309 5691 1378 5750 12
1404 5731 1425 5754 .

2009 4765 2131 4819 191.
2166 4763 2320 4819 Nihil
2349 4764 2612 4836 impedit,
2647 4765 3031 4836 fratres,quin
3064 4764 3101 4818 ii
3136 4763 3235 4836 qui
3262 4764 3578 4837 perfectam

1937 4855 2186 4911 formam
2221 4855 2479 4909 nondum
2524 4854 2718 4925 adepti
2749 4858 2906 4921 sunt,
2969 4871 3211 4923 magnos
3262 4854 3582 4911 monachos

1934 4945 2252 5000 virtutibus
2274 4947 2522 5014 aequent,
2559 4943 2712 4998 sicut
2741 4948 2898 4998 astra
2948 4960 3181 5014 quoque
3229 4942 3363 5012 ﬁxa,
3425 4944 3580 5001 unde

1935 5034 2009 5090 iis
2066 5036 2241 5090 etiam
2326 5050 2538 5090 nomen
2587 5034 2764 5101 venit,
2834 5034 3130 5106 duplicem
3189 5034 3579 5090 evolutionem

1935 5125 2269 5197 perﬁciunt,
2303 5141 2425 5194 quas
2456 5122 2603 5195 ipsis
2663 5124 3000 5195 praascripta
3049 5128 3157 5179 est.
3219 5124 3577 5180 Imitationis

1934 5231 2070 5287 ergo
2103 5214 2360 5270 minores
2402 5212 2691 5282 monachi,
2754 5230 2907 5268 unus
2955 5214 3187 5282 quidem
3250 5213 3380 5280 soli,
3432 5212 3580 5268 alter

1933 5304 2087 5359 lunai
2118 5303 2436 5359 assimilari
2471 5308 2736 5374 possunt.
2771 5302 2914 5365 Quid
2954 5302 3124 5373 plura
3151 5303 3177 5356 ‘I
3210 5302 3353 5356 Cum
3386 5306 3577 5371 septe-

1934 5392 2096 5449 nario
2127 5391 2342 5448 coelesti
2368 5390 2693 5463 comparari
2727 5391 3086 5462 possuntqui
3109 5389 3251 5445 coelo
3282 5387 3576 5460 spirituali

1931 5483 2236 5555 oppositus
2267 5485 2374 5548 est,
2408 5497 2524 5535 non
2556 5483 2621 5534 ut
2651 5479 2917 5551 praelium
2949 5479 3276 5547 incant,sed
3311 5483 3374 5533 ut
3401 5494 3576 5549 gene-

1930 5576 2062 5630 rent
2089 5573 2394 5628 terrestres
2426 5573 2724 5626 creaturas
2753 5568 2970 5641 quibus
2992 5569 3065 5624 ad
3097 5567 3345 5624 salutem
3379 5584 3413 5623 a
3440 5566 3576 5640 Spi-

4077 5625 4085 5963 l
