4104 6210
533 344 650 404 895
1306 338 1734 403 EUSTATHII
1777 335 2544 402 THESSALONICENSIS
2590 335 3174 400 METROPOLITJE
3766 346 3853 408 896

531 473 649 528 ritu
697 474 902 528 sancto
961 469 1084 526 dati
1131 473 1306 536 sunt;
1338 472 1398 525 et
1455 469 1540 525 sic
1595 467 1864 524 homines
1911 467 2213 540 perfectas,

2322 475 2437 532 011.,
2471 462 2616 521 ἀλλὰ
2662 469 3016 541 συζωογονεῖν
3065 462 3192 528 τοὺς
3239 465 3549 542 περιγιίους,
3603 469 3678 530 οἷς
3718 467 3849 541 ἔταξεν

532 561 791 626 virtutis,
851 561 1022 629 cujus
1077 558 1411 631 symbolum
1471 559 1865 630 septenarius,
1947 561 2013 613 ut
2087 556 2192 612 viri

2322 554 2541 616 ἐκείνους
2573 553 2648 618 εἷς
2682 553 2953 630 σωτηρίαν
2985 555 3046 610 τὸ
3074 559 3292 628 Πνεῦμα
3318 555 3378 608 τὸ
3407 554 3560 630 ἅγιονο
3607 556 3671 618 ὡς
3697 559 3744 612 ἄν
3785 561 3854 614 0'3-

534 653 831 723 sapientes
863 651 1267 713 viderunt,eos
1300 649 1399 719 qui
1423 651 1482 704 in
1503 649 1719 704 saeculo
1737 651 2196 721 sunt,perfectos

2322 663 2411 706 τως
2441 644 2496 697 οἱ
2541 643 2742 700 τὲλειοι
2793 646 2894 714 τήν
2943 644 3156 721 ἀρετὴν,
3213 644 3274 699 οὗ
3325 638 3584 717 σύμϐολον
3637 649 3667 715 ἡ
3717 649 3856 719 huic,

535 741 811 796 reddunt.
849 738 1300 809 Intelligendum
1319 737 1498 808 igitur
1521 737 1657 794 hinc
1686 743 1774 793 est
1795 755 1894 794 eos
1926 738 2026 809 qui
2063 753 2192 792 ma-

2322 732 2442 787 ιαθὰ
2489 734 2818 810 τεθεώρηται
2866 737 2983 788 τοῖς
3035 738 3246 810 σοφοῖς,
3283 735 3766 800 τελειοποιῶσιτοῦς
3803 734 3858 792 ἔτι

537 845 720 902 gnum
756 827 1148 883 sacerdotium
1173 827 1433 883 nondum
1459 826 1652 898 adepti
1677 832 1819 882 sunt
1842 828 1912 882 ad
1947 842 2195 898 magnos

2322 825 2404 875 τοῦ
2431 819 2688 897 βίου.Καὶ
2720 821 2863 877 οὕτω
2899 822 2995 896 μὶν
3027 820 3138 876 ἔστι
3160 817 3645 891 καταλαϐέσθαι,δτι
3666 821 3860 880 δύνανται

538 917 857 975 monachos
887 915 1148 984 formari,
1208 915 1364 971 sicut
1411 916 1708 987 pecudum
1769 919 2034 988 pastores
2093 911 2200 986 qui

2322 910 2399 965 ιιαὶ
2452 911 2504 966 οἱ
2555 913 2724 985 μήπω
2769 915 2868 967 τοῦ
2919 908 3159 988 μεγάλου
3187 911 3459 987 γενόμενοι
3489 913 3737 988 σχήματος
3762 915 3860 987 πρὸς

537 1006 599 1061 in
625 1004 859 1078 regione
887 1003 1063 1060 fertili
1097 1020 1316 1076 pascua
1347 1008 1638 1076 quaerunt.

610 1183 736 1239 192.
798 1181 1008 1238 Adsint
1052 1198 1190 1254 ergo
1250 1182 1344 1238 isti
1417 1182 1741 1238 mantellati
1826 1199 1962 1238 cum
2053 1186 2172 1238 Deo

540 1272 642 1345 qui
673 1275 866 1328 autem
901 1288 1000 1327 eos
1045 1276 1392 1342 sequuntur,
1454 1271 1709 1342 luceant,
1772 1272 1824 1328 si
1874 1289 1989 1328 non
2051 1271 2209 1327 inter

539 1359 969 1432 prima,saltem
994 1360 1146 1415 inter
1171 1360 1400 1414 minora
1423 1367 1582 1416 astra
1605 1361 1781 1432 (quod
1809 1361 1996 1417 facere
2025 1377 2204 1432 penes

542 1466 642 1505 eos
675 1449 785 1520 est)
819 1453 882 1504 ut
910 1465 1002 1504 res
1035 1448 1389 1504 monachicae
1422 1450 1594 1521 longe
1653 1451 1886 1521 lateque
1943 1449 2204 1521 resplen-

542 1536 878 1594 deantluce
907 1537 1165 1609 genuina
1222 1554 1289 1592 ao
1349 1537 1784 1594 conditionibus
1849 1538 2066 1610 quibus
2100 1555 2205 1609 par

545 1630 635 1682 est
651 1632 888 1682 caeteros
911 1625 1174 1682 alliciant
1205 1625 1363 1681 suavi
1396 1643 1532 1682 voce
1561 1627 1633 1682 “:
1669 1649 1697 1677 «
1730 1627 1934 1682 Venite
1989 1628 2062 1682 ad
2095 1645 2202 1684 nos

543 1721 601 1772 et
629 1715 1066 1770 illuminamini.
1096 1715 1196 1771 »εἰ
1219 1714 1349 1786 quis
1367 1721 1561 1770 autem
1579 1715 2060 1773 mantellatorum
2084 1715 2204 1788 pla-

543 1809 680 1860 neta
708 1803 820 1858 dici
853 1809 1090 1858 veretur
1120 1819 1192 1859 ne
1237 1805 1295 1858 in
1355 1804 1674 1858 Saturnum
1734 1810 1996 1860 vertatur
2045 1805 2193 1877 proli

545 1910 665 1950 sum
695 1892 1026 1961 inimicum,
1062 1897 1162 1948 aut
1211 1908 1282 1948 ne
1313 1892 1482 1948 Marti
1541 1893 1936 1965 mquiparetur
1965 1894 2192 1966 praalio-

545 1997 677 2037 rum
699 1980 969 2053 praesidi;
1016 1980 1065 2036 si
1098 1980 1456 2053 Aphroditen
1492 1982 1700 2036 metuit
1765 1983 2059 2055 Lunmque
2104 1983 2193 2038 vi-

545 2070 944 2138 cissitudines,
967 2076 1025 2126 et
1045 2069 1096 2125 si
1127 2071 1395 2141 quasdam
1428 2069 1564 2138 alia,
1615 2072 1766 2127 bono
1814 2073 2051 2142 quidem
2084 2089 2194 2127 au-

551 2159 720 2232 gurio
755 2159 932 2229 dicta,
993 2159 1356 2232 pertimescit
1412 2164 1470 2215 et
1529 2177 1630 2232 pro
1680 2159 1850 2232 nugis
1899 2161 2094 2231 habet,
2141 2160 2193 2216 ei

549 2252 753 2304 auctor
777 2265 906 2304 sum
937 2255 1003 2302 ut
1033 2247 1139 2304 soli
1175 2247 1387 2304 similis
1420 2247 1543 2304 fieri
1565 2249 1994 2316 studeat,unde
2014 2250 2193 2304 vitam

551 2355 721 2394 suam
791 2337 1070 2393 omnibus
1137 2337 1507 2410 perspicuam
1568 2339 1790 2407 reddet,
1856 2355 2192 2412 supremam

550 2425 861 2482 mmuletur
881 2425 1228 2498 dignitatem
1259 2433 1316 2481 et
1346 2426 1618 2482 Mercurii
1652 2426 1967 2499 imaginem
2003 2427 2196 2498 expri-

551 2518 694 2583 mat,
752 2515 924 2584 cujus
983 2515 1262 2571 beneﬁcio
1318 2515 1418 2570 Dei
1469 2532 1682 2587 corpus
1705 2520 1762 2571 et
1783 2533 1970 2587 praeco
1999 2515 2198 2572 omnia

553 2621 693 2660 cum
725 2603 949 2659 ratione
996 2607 1054 2658 et
1097 2603 1387 2674 sapientia
1455 2605 1644 2669 faciet,
1695 2605 1948 2661 etiamisi
2007 2605 2198 2678 prima

552 2692 805 2750 scientias
836 2691 1123 2748 elementa
1143 2709 1447 2764 nunquam
1484 2692 1839 2748 delibaverit.

2311 1000 2402 1055 τὸν
2439 1000 2914 1077 μεγαλοσχήμονα
2941 1002 3258 1069 τυποῦσθαι,
3288 999 3421 1055 καθά
3445 999 3528 1054 καὶ
3573 1002 3618 1056 οἱ
3660 1005 3862 1077 ζωογόνα,

2313 1087 2669 1163 πλανώμενοι
2697 1091 2833 1166 πρὸς
2859 1091 2958 1160 τήν
2991 1083 3275 1168 φερέσϐιον
3310 1087 3535 1158 ἀπλανῆ.

2559 1178 2662 1236 Καὶ
2691 1175 2926 1234 ἔστωσαν
2960 1179 3012 1234 οἱ
3068 1181 3161 1252 μὲν
3200 1175 3500 1252 μανδυῶται
3542 1181 3747 1234 τοιοῦτοι
3799 1178 3864 1234 σὺν

2312 1272 2450 1340 Θεῷ·
2503 1269 2554 1322 οἱ
2602 1265 2658 1323 δὶ
2710 1269 2825 1342 μετ’
2874 1267 3070 1330 αὐτοὺς
3123 1262 3513 1339 ὑποϐεϐηκότες
3553 1265 3863 1341 λαμπὲτωσαν,

2311 1358 2356 1414 εί
2391 1361 2467 1432 μή
2497 1361 2613 1415 κατ’
2645 1358 2904 1432 ἐκείνους,
2937 1358 3064 1416 ἀλλ’
3093 1357 3184 1413 οὗν
3217 1357 3355 1414 κατὰ
3396 1357 3460 1413 τὰ
3507 1357 3758 1433 μικρότερα
3791 1363 3868 1414 τῶν

2311 1445 2533 1523 ἐστρίων
2589 1450 2680 1524 (οὑ
2737 1447 3008 1520 δήπουθεν
3062 1449 3166 1524 γὰρ
3226 1447 3340 1503 οὐδ’
3412 1447 3558 1502 αὑτοὶ
3616 1445 3868 1502 ἀδυνατοῦσι

2309 1536 2470 1593 τοῦτό
2500 1539 2606 1613 γε),
2658 1535 2751 1594 ’ἱνα
2783 1538 2956 1601 οὕτως
3004 1539 3107 1593 εἷεν
3154 1539 3226 1593 τὰ
3277 1536 3540 1613 μοναχικα
3572 1536 3720 1592 πάντα
3763 1536 3867 1613 πρά·

2309 1648 2493 1700 γματα
2525 1627 2576 1682 ἀν
2636 1626 2932 1702 ἐλλάμψει,
2987 1629 3074 1682 καὶ
3135 1626 3490 1702 περιλάμψει,
3541 1625 3620 1680 καὶ
3675 1626 3871 1700 ζωογόνῳ

2307 1715 2649 1786 καταστάσει,
2709 1715 3102 1796 ἐπιστρεφούσῃ
3158 1715 3289 1780 τοὺς
3346 1714 3664 1790 βλέποντας·
3716 1711 3758 1769 οἵ
3802 1716 3865 1768 καὶ

2310 1801 2520 1860 δοκοῖεν
2569 1804 2628 1860 ἂν
2689 1805 2891 1860 ικεῖθεοι
2947 1804 3158 1860 ἀκούειν
3214 1804 3298 1859 τόσ
3358 1829 3379 1854 ιι
3426 1800 3725 1878 Προσίλθετι
3767 1801 3866 1874 πρὸς

2301 1895 2469 1967 ἡμᾶς,
2499 1893 2588 1949 καὶ
2648 1895 2974 1972 φωτίσθητε.
3027 1918 3056 1946 n
3107 1893 3170 1949 Εί
3204 1891 3262 1948 δι
3313 1913 3394 1956 τις
3449 1896 3548 1947 τῶν
3605 1887 3864 1966 μανδνωτῶν

2303 1981 2452 2038 ὀκνιῖ
2489 1983 2775 2055 πλανήτης
2819 1983 2975 2056 εἶναι,
3039 1984 3252 2057 μήποεε
3308 1981 3382 2045 εἷς
3441 1980 3632 2058 Κρόνον
3686 1980 3863 2036 ἐντεῦθεν

2301 2071 2680 2150 ἀναστραφείη,
2740 2073 2832 2128 τὸν
2879 2077 2997 2136 τοῖς
3051 2071 3263 2136 τέκνοις
3292 2070 3686 2144 ὶπιμαινόμενον
3711 2087 3722 2099 ⁸
3801 2067 3863 2121 καὶ

2303 2161 2379 2222 είς
2436 2163 2605 2236 ’Ἄρην
2653 2161 3014 2238 ἀποταχθείη,
3063 2160 3276 2236 μάχαις
3331 2159 3702 2215 ὲπιστατοῦντα·
3752 2155 3866 2210 αὔλει·

2303 2243 2474 2304 ϐεῖται
2533 2248 2590 2304 δὲ
2619 2250 2710 2305 καὶ
2739 2251 2802 2305 τὸ
2833 2246 3216 2328 ἐπαφρόδιτον,
3249 2252 3342 2304 καὶ
3366 2248 3428 2304 τὸ
3454 2247 3581 2303 κατὰ
3607 2247 3692 2315 τὴν
3747 2242 3866 2314 σιλή·

2301 2359 2399 2409 νην
2429 2337 2799 2414 πολύτροπον,
2830 2339 2920 2394 καὶ
2970 2339 3021 2394 εἴ
3044 2359 3165 2394 τινα
3214 2337 3421 2402 τοιαῦθ’
3465 2336 3609 2412 ’ὲτερα
3638 2368 3692 2378 -
3719 2331 3868 2405 εὔλογα

2308 2429 2404 2500 μὶν
2469 2426 2894 2492 ὑποστέλλεσθαι
2945 2424 3134 2498 δοκοίη
3168 2424 3258 2496 ἂν,
3291 2427 3365 2488 ὡς
3396 2424 3676 2497 ἄνθρωπος’
3704 2420 3868 2489 πεπλη-

2307 2517 2685 2593 ροφορημὲνος
2717 2514 2794 2588 δὶ,
2850 2515 3229 2590 τερετίσματα,
3287 2515 3316 2571 ὂ
3357 2513 3421 2584 δὴ
3454 2513 3667 2590 λέγεται,
3709 2510 3780 2566 καὶ
3821 2509 3868 2562 τὰ

2304 2609 2528 2659 τοιαῦτα
2556 2607 2804 2679 νοήματα
2833 2606 2983 2674 εἶναι,
3035 2604 3188 2678 ὅμως
3235 2601 3553 2679 ἀπερειδὲτω
3589 2600 3744 2657 ἑαυτὸν
3769 2597 3864 2673 πρὸς

2307 2691 2546 2764 ἡλιακὴν
2603 2694 2942 2768 ὁμοιότητα,
3000 2695 3116 2749 καθ’
3168 2694 3234 2764 ἣν
3280 2692 3590 2771 ἡμεροφαὴς
3636 2689 3756 2744 ἔσται
3794 2686 3862 2752 τὴν

558 2777 860 2835 πολιτείαψ
896 2780 1267 2855 ὲπιτεχνάσθω
1299 2777 1356 2834 δὲ
1381 2779 1470 2834 καὶ
1500 2780 1568 2834 τὰ
1595 2781 1730 2835 κατά
1758 2781 1848 2834 τὸν
1879 2779 2078 2856 ἀρχικὸ
2109 2777 2391 2856 διάσεμνα,
2419 2783 2509 2837 καὶ
2534 2784 2631 2852 τὴν
2665 2781 2897 2858 ἔλλογον
2931 2784 3199 2858 ἒρμαϊκήν
3253 2781 3512 2854 εἰκασίαν,
3560 2779 3622 2836 δι’
3669 2778 3724 2846 ἧς
3760 2780 3873 2845 σῶμα

565 2866 712 2922 ἔσται
735 2867 824 2921 καὶ
856 2867 1016 2929 αὐτὸς
1048 2871 1181 2922 Θεοῦ
1211 2867 1609 2936 ἀποστολικῶς,
1640 2869 1731 2923 καὶ
1762 2867 1904 2923 οὕτω
1936 2871 2218 2946 θεοκῆρυξ,
2247 2870 2340 2926 καὶ
2369 2872 2542 2927 πάντα
2572 2873 2706 2928 κατὰ
2735 2871 2898 2948 λόγον
2919 2873 3010 2928 καὶ
3043 2872 3233 2950 σοφίαν
3268 2868 3554 2943 ποιῶν,κᾶν
3582 2872 3674 2924 τῶν
3701 2863 3871 2941 πρώτων

569 2955 856 3031 στοιχείων
885 2963 985 3025 τῆς
1015 2964 1283 3034 γραφικῆς
1315 2956 1622 3030 ἱπιστήμης
1657 2955 1738 3028 εἶθ]
1771 2955 2047 3032 ἄγευστος.

639 3045 761 3100 193.
795 3045 888 3101 Sic
925 3045 1108 3117 igitur
1137 3045 1282 3102 nihil
1313 3046 1424 3103 erit
1472 3047 1626 3119 quod
1658 3051 1923 3104 metuant
1951 3047 2052 3119 qui
2085 3047 2208 3104 solo

563 3134 846 3191 mantello
876 3134 1103 3190 loricati
1137 3135 1437 3191 incedunt.
1475 3141 1754 3192 Lucentes
1785 3135 1941 3192 enim
1966 3136 2093 3192 luce
2115 3153 2207 3192 so-

2391 3049 2528 3127 ριιΥ’·
2564 3049 2662 3104 Καὶ
2694 3046 2801 3104 ὧδε
2851 3049 2945 3123 μὲν
3001 3049 3077 3122 μὴ
3128 3043 3551 3105 ιύλαϐείσθωσαν
3597 3044 3643 3099 οἱ
3679 3045 3745 3113 τῷ
3783 3059 3871 3127 μιαν·

2319 3135 2420 3211 δύᾳ
2445 3124 2628 3212 ’μόνῳ
2683 3143 3060 3212 πνευματικῶς
3113 3135 3570 3214 τεθωρακισμένοι
3601 3177 3614 3190 .
3679 3124 3874 3214 Ἣλιῶξις

561 3223 692 3295 lari,
725 3224 1142 3280 ratiocinantes
1163 3224 1315 3280 sicut
1340 3226 1792 3290 Mercurius,ubi
1810 3241 2047 3282 necesse
2078 3226 2207 3294 erit,

2322 3208 2424 3303 τάξ)
2478 3208 2923 3304 προλάμποντες,
2977 3228 3068 3283 καὶ
3122 3208 3400 3304 ἑρμαίικῶς
3430 3208 3780 3299 Ὕὲλλογοῦντες,
3818 3210 3878 3268 ὅτι

564 3328 798 3385 semper
826 3319 1020 3369 autem
1039 3330 1182 3368 sana
1198 3319 1394 3369 mente
1405 3314 1973 3386 philosophantes,et
1995 3315 2213 3386 ubique

562 3418 768 3460 causas
803 3417 993 3458 rerum
1028 3401 1410 3474 inquirentes,
1435 3407 1492 3460 et
1520 3402 1708 3459 Verbo
1736 3403 1890 3475 quod
1925 3403 2214 3476 principio

564 3496 724 3548 caret
752 3491 1181 3558 ministrantes,
1247 3509 1352 3548 nec
1378 3496 1442 3548 ut
1497 3495 1787 3547 Saturnus
1821 3507 1994 3547 carne
2036 3490 2217 3547 cruda

560 3584 891 3646 vescantur,
925 3596 1030 3636 nec
1062 3581 1273 3636 Martia
1323 3580 1475 3637 bella
1529 3585 1731 3650 gerent
1761 3597 1867 3637 nec
1921 3580 2124 3637 Veneri
2155 3595 2219 3636 se

565 3671 800 3739 dedent,
836 3687 1024 3743 neque
1055 3671 1224 3727 aliter
1258 3671 1458 3728 saeculi
1520 3688 1712 3727 mores
1743 3671 2170 3744 amplectentur
2201 3712 2216 3739 ,

567 3761 672 3818 sed
703 3775 837 3815 cum
860 3765 1060 3816 sancte
1089 3765 1146 3816 et
1197 3761 1407 3816 rationi
1467 3762 1880 3817 convenienter
1930 3776 1995 3816 ac
2047 3759 2220 3815 modo

571 3852 813 3908 numine
849 3852 1047 3908 divino
1079 3854 1480 3920 conveniente,
1518 3852 1750 3920 facient,
1785 3853 1843 3907 in
1877 3857 2218 3907 caeterorum

570 3941 757 3998 oculis
787 3941 867 3995 dii
901 3957 1030 3997 esse
1055 3943 1428 4011 videbuntur,
1475 3947 1540 3998 ut
1596 3942 1871 3997 Barnabas
1931 3945 1988 3996 et
2042 3939 2222 3995 Paulo

573 4031 804 4098 accidit,
835 4048 1088 4103 quorum
1124 4049 1308 4088 unum
1334 4033 1712 4100 Mercurium,
1746 4031 1995 4087 alterum
2017 4031 2222 4086 Jovem

573 4135 704 4178 esse
734 4121 1134 4179 crediderunt.
1172 4121 1265 4177 Sic
1324 4123 1524 4194 igitur,
1559 4127 1623 4178 ut
1654 4121 1935 4189 diximus,
1969 4120 2226 4176 minores

577 4209 852 4266 monachi
879 4209 1106 4267 lumina
1129 4228 1342 4283 magna
1390 4215 1562 4268 erunt
1609 4228 1758 4284 quos
1789 4226 2020 4266 sacrum
2053 4209 2229 4266 vestit

579 4299 926 4358 mantellum
957 4301 1154 4358 stricte
1184 4300 1512 4373 alligatum,
1546 4317 1651 4357 nec
1679 4306 1874 4356 tamen
1901 4300 2228 4356 demissum

579 4391 734 4450 sicut
764 4391 1007 4464 pallium
1059 4392 1422 4448 sacerdotale
1482 4391 1804 4466 symbolice
1863 4394 2230 4460 exornatum,

577 4496 754 4554 quam
787 4497 878 4536 res
913 4481 1242 4552 exponendi
1277 4481 1373 4536 hic
1431 4481 1596 4537 locus
1654 4497 1769 4536 non
1839 4485 1948 4537 est.
1996 4479 2229 4535 Tertius

2320 3316 2461 3391 χρὴ,
2489 3315 2579 3371 καὶ
2605 3315 2669 3371 αὖ
2699 3316 2866 3372 πάλιν
2903 3317 3125 3391 ἑτέρωθι
3186 3315 3554 3393 λογιζόμενοι,
3599 3310 3676 3366 καὶ
3720 3304 3879 3362 ἑαυτοὺς

2322 3402 2524 3461 ἄλλοτε
2554 3404 3047 3482 λογοπραγοῦντες,
3078 3405 3165 3460 καὶ
3195 3410 3294 3461 τοῦ
3338 3404 3390 3459 ἐν
3437 3405 3576 3481 ἀρχῇ
3605 3397 3732 3459 ὄντος
3756 3393 3878 3466 Λόγου

2325 3490 2472 3557 ὄντες
2530 3497 2874 3570 θεράποντες,
2933 3492 3057 3550 οὔτε
3112 3497 3397 3567 Κρονικῶς
3456 3489 3880 3570 ἀγριοφαγήσουσιν,

2327 3579 2449 3638 οὔτε
2479 3565 2736 3658 Ἀρεϊκῶς
2783 3565 3292 3657 ἐκπολιμώσονται,
3344 3580 3469 3640 ούδὶ
3500 3565 3569 3636 ⁷τὰ
3693 3565 3880 3650 ’Λφροδὶ-

2323 3693 2423 3743 την
2459 3673 2776 3748 θρύψονται,
2811 3670 2925 3728 οὐδ’
2956 3672 3014 3727 ἂν
3048 3671 3192 3729 ἄλλο
3221 3694 3276 3728 τι
3325 3672 3587 3727 πείσονται
3634 3660 3882 3737 αὐτόχρημι

2327 3759 2613 3835 κοσμικόν·
2647 3759 2794 3816 ἀλλά
2823 3765 3036 3835 σεμνῶς
3083 3760 3501 3834 πολιτευόμενοι
3547 3757 3629 3812 καὶ
3681 3749 3881 3835 ἐλλόγως,

2327 3851 2508 3906 καὶτὸ
2559 3848 2688 3906 ὅλον
2739 3849 2910 3905 εἰπεῖν
2963 3851 3310 3927 θεοπρεπῶς,
3363 3843 3626 3923 πέμψουσι
3666 3842 3740 3897 καὶ
3778 3832 3883 3892 αὐτοὶ

2331 3937 2619 4018 φαντασίαν
2651 3944 2769 4001 τοῖς
2802 3937 3133 4013 διορατικοῖς
3159 3944 3261 3996 τοῦ
3313 3939 3446 3994 εἶναι
3496 3935 3619 4003 θεοὶ,
3667 3928 3796 3986 ὁποία
3831 3942 3885 3982 τις

2331 4014 2420 4083 καὶ
2461 4033 2580 4090 τοῖς
2643 4026 2904 4105 μεγάλοις
2960 4029 3262 4106 ἐπεγράφη,
3325 4032 3403 4100 τῷ
3457 4019 3685 4102 Βαρνάϐᾳ
3729 4014 3797 4072 καὶ
3835 4014 3886 4106 if?

2334 4115 2561 4189 Παύλῳ.
2601 4117 2703 4173 Καὶ
2736 4115 2838 4192 γάρ
2885 4138 2969 4172 τοι
3019 4119 3109 4172 καὶ
3159 4117 3360 4173 ἐκεῖνοι
3404 4118 3630 4172 τοιοῦτοι
3673 4094 3886 4182 προφαινδ·

2339 4225 2508 4280 μενοι,
2543 4206 2570 4260 ὁ
2607 4205 2698 4279 μὲν
2750 4205 2827 4269 εἷς
2876 4205 2975 4262 Δία
3025 4205 3434 4282 ἰθιωρήθησαν,
3475 4205 3502 4260 ὁ
3533 4200 3586 4258 δὲ
3611 4200 3676 4261 είς
3722 4195 3888 4282 Ἑρμῇνι

2335 4278 2439 4350 Καὶ
2501 4278 2643 4350 οὕτω
2705 4294 2820 4367 μὲν,
2871 4295 2947 4360 ὡς
2999 4278 3234 4374 ἔφαμεν,
3285 4290 3631 4370 ἀστεροειδεῖς
3666 4278 3886 4374 μεγαλείους

2336 4381 2570 4451 ἔσονται,
2618 4384 2653 4453 ἡ
2709 4365 2760 4438 ἓν
2806 4365 3359 4460 -μοναχοίίςνδευτὲρα
3403 4365 3566 4457 τάξις,
3611 4377 3691 4438 οὖς
3736 4365 3888 4460 iii?“

2339 4470 2679 4548 περιστίλλει
2715 4454 3000 4546 μαννδύαςῑ
3020 4474 3242 4552 σφικτὸς
3288 4454 3450 4536 αὐτὸς
3481 4454 3565 4526 ⁷ὦν
3611 4454 3888 4552 ἀγκομϐιιὸμι·

579 4570 720 4626 ordo
751 4574 842 4626 est
871 4586 1072 4626 eorum
1106 4569 1207 4642 qui
1239 4587 1353 4626 non
1386 4569 1584 4640 lorica,
1617 4569 1717 4625 sed
1765 4569 1948 4625 armis
2003 4567 2213 4624 levibui

2341 4579 2443 4616 σιν⁶
2479 4561 2542 4616 οὐ
2593 4562 2700 4634 μὴν
2759 4562 2894 4616 κατὰ
2941 4563 3034 4617 τὸν
3065 4545 3471 4639 ’ἀρχιερατικὸν
3529 4545 3889 4646 διαπεπτιμξνοξι

579 4657 853 4714 instructi
889 4664 1049 4725 sunt,
1082 4676 1232 4732 quos
1266 4665 1330 4714 ut
1378 4659 1609 4714 minora
1639 4662 1816 4728 astra,
1868 4657 2229 4714 consuetudo

581 4747 866 4804 rotundos
896 4747 1070 4816 fecit;
1105 4747 1205 4820 qui
1237 4765 1352 4804 non
1383 4752 1474 4804 est
1505 4748 1660 4819 quod
1705 4750 1988 4814 metuant,
2039 4762 2112 4800 ne
2157 4744 2231 4800 ad

581 4835 771 4891 instar
799 4836 1192 4907 quorumdam
1225 4841 1518 4892 astrorum
1581 4834 1782 4891 minus
1830 4835 1985 4890 bono
2037 4833 2234 4892 omine

583 4924 1016 4981 nominatorum
1066 4925 1400 4997 exemplum
1461 4925 1614 4983 inter
1645 4924 1846 4982 stellas
1886 4925 2029 4980 lixas
2063 4922 2234 4979 malis

587 5012 869 5084 auspiciis
901 5015 1078 5085 positi
1131 5014 1268 5070 sint.
1322 5015 1514 5071 Prima
1570 5015 1807 5086 quidem
1868 5012 2234 5069 constellatio

586 5105 907 5157 Draconem
941 5108 1361 5173 repraesentat;
1417 5104 1598 5158 altera
1656 5108 1973 5172 utrumque
2003 5101 2234 5169 Ursum,

587 5188 770 5247 altera
822 5194 1136 5262 Pegasum.
1211 5191 1498 5247 Cancrum
1568 5190 1684 5246 alia
1734 5190 1968 5245 nomine
2023 5205 2235 5260 parum

589 5279 872 5337 laudabili
898 5281 1113 5347 refert;
1151 5281 1299 5337 adde
1326 5280 1702 5353 Sagittarium
1761 5278 2069 5352 perniciosi
2128 5295 2235 5334 no-

589 5368 789 5426 minis.
815 5369 1072 5442 Ideoque
1103 5371 1233 5443 ipsa
1266 5371 1508 5427 nomina
1537 5369 1743 5426 odiosa
1775 5369 1900 5426 visa
1929 5372 2090 5424 sunt.
2121 5367 2238 5424 Nec

589 5456 1011 5531 Capricornum
1038 5460 1111 5518 ob
1144 5475 1358 5518 nomen
1408 5459 1746 5517 ominosum
1774 5461 1994 5516 amant.
2023 5456 2110 5514 Ab
2142 5455 2237 5513 his

663 5669 712 5710 ⁸⁸
731 5673 890 5732 Psal.
919 5690 1118 5748 mm,
1147 5677 1207 5732 6.

2339 4651 2426 4706 καὶ
2487 4648 2660 4712 οὕτως
2711 4647 2894 4713 ἄνετος
2938 4649 3016 4715 εἵς
3059 4635 3464 4725 τιήσύμϐολον·
3510 4650 3536 4704 ὃ
3565 4651 3647 4701 νῦν
3677 4635 3885 4735 διεξελθξῇ

2340 4738 2585 4812 ἄκαιρον.
2634 4740 2708 4794 Τὸ
2753 4737 2812 4795 δὶ
2859 4741 3046 4816 τρίτον
3100 4739 3302 4816 τάγμα,
3353 4741 3405 4796 οἱ
3437 4739 3508 4802 ὡς
3533 4739 3640 4792 οἷον
3667 4731 3800 4816 εἰπεῖν
3839 4731 3885 4772 ἐτι

2341 4827 2702 4904 ἀθωράκιστον.
2761 4828 2854 4884 καὶ
2896 4812 3141 4904 ⁷ψιλῖται,
3181 4812 3296 4893 ὀὕς
3349 4829 3442 4885 καὶ
3489 4827 3562 4889 εἷς
3605 4812 3885 4915 βραχυτξὲξκ

2343 4895 2564 4993 ἀστέρας
2596 4919 2623 4972 ὁ
2674 4915 2841 4994 λόγος
2901 4895 3136 4994 ύψώσας
3163 4918 3480 4997 ἐσφαίρωσε,
3533 4895 3650 4990 μηδ⁶
3688 4895 3888 4997 “67°23”

2340 4987 2506 5061 ταῦθα
2554 5001 2726 5084 φόϐου
2758 4987 2985 5079 ἐἷἠσαν·
3037 5009 3138 5080 ὡς,
3186 4987 3376 5077 ἐπειδὴ
3435 5006 3485 5062 ἐν
3535 4987 3641 5064 τοῖς
3685 4987 3886 5054 ἀπλανέσα
3987 5055 3989 5082 ἓ

2343 5096 2656 5170 ὠνόμασταί
2711 5118 2829 5152 τινα
2863 5103 2972 5153 τῶν
3027 5096 3236 5174 ἄστρων
3281 5097 3382 5153 οὐκ
3423 5095 3497 5160 είς
3536 5092 3891 5174 εὔφημονοῗψ

2341 5186 2470 5241 κτέα
2497 5186 2587 5241 καὶ
2626 5185 2760 5241 αὐτά
2817 5186 2918 5242 εἶσι
2965 5189 3034 5243 τὰ
3083 5169 3162 5250 sic
3223 5185 3477 5262 μίμησιν.
3523 5183 3597 5241 Τὸ
3648 5179 3726 5253 μὶν
3750 5169 3822 5247 γάρ

2346 5273 2579 5348 σύνθεμα
2637 5275 2712 5338 εἷς
2766 5277 3064 5350 Δράκοντα,
3116 5244 3303 5354 φάσίν;
3352 5244 3817 5354 ἀξεικάσθη”ἓτιρον
3857 5244 3892 5300 δὲ

2344 5363 2397 5419 ἔν
2443 5363 2535 5419 καὶ
2567 5361 2814 5442 δεύτερον
2847 5364 2924 5430 εἷς
2967 5352 3257 5442 Ἀρκτους⁶
3311 5362 3453 5422 ἄλλο
3499 5360 3553 5418 δὶ
3595 5357 3662 5419 εἷς
3690 5352 3891 5443 Πῆἴίσξνξ

2343 5455 2420 5515 Τὸ
2449 5452 2508 5512 δε
2537 5476 2590 5512 τι
2639 5441 2898 5534 Καρκίνον
2949 5441 3298 5535 παραφαίνει,
3354 5454 3414 5519 ὅς
3461 5452 3557 5510 οὐκ
3582 5449 3636 5505 ἄν
3687 5441 3892 5499 fulvom
