4104 6210
242 387 372 450 897

1271 386 1377 447 DE
1418 383 1910 446 EMENDANDA
1949 385 2134 449 Vl’l‘A
2185 386 2662 450 MONAGHIGA.

237 525 348 589 τῆς
403 515 680 588 κλήσεως,
722 515 762 587 ἤ
808 515 1052 589 Τοξότην
1102 515 1636 592 φαυλωνυμούμενον
1682 516 1775 572 Διὸ
1813 536 1904 590 μισ-

2019 519 2316 591 omnibus,
2347 523 2484 577 sunt
2517 524 2709 576 autem
2742 520 3232 585 mnlta,astralem
3263 523 3532 578 naturam
3556 538 3666 578 an-

241 612 404 664 σοῦσι
438 608 532 681 μὲν
564 607 655 662 καὶ
707 607 840 662 αὐτὰ
886 611 991 661 τῶν
1045 605 1354 680 ὀνομάτων.
1405 606 1520 663 Οὐκ
1566 603 1908 682 ἀγαπῶσιδὶ

244 695 379 751 ούδὶ
406 696 502 751 τὸν
556 695 858 771 Αἰγόκερων
909 693 997 750 διὰ
1039 694 1100 750 τὸ
1149 694 1510 771 ἀγριώνυμον.
1543 693 1650 750 Καί
1699 715 1817 750 τινα
1849 691 1907 748 δὲ

243 785 422 842 λοιπὰ
469 789 692 840 τοιαῦτα
744 783 946 854 (πολλὰ
999 781 1056 839 δὶ
1103 783 1297 853 ἐκεῖνα)
1345 783 1905 859 προσενθυμούμενοι,

245 887 794 959 ἀποπροσποιοῦνται
851 883 914 938 τὸ
970 880 1320 955 ἀστεροειδές.
1380 885 1469 952 Μή
1528 882 1707 936 τοίνυν
1777 879 1906 956 μηδ’

247 974 406 1029 αὐτοὶ
465 973 688 1028 ἐνταῦθα
737 967 1135 1048 φοϐείσθωσαν,
1167 972 1229 1026 οὗ
1280 967 1449 1049 φόϐος
1488 969 1682 1036 οὐδείς.
1715 972 1776 1028 Ὀ
1805 972 1904 1047 γὰρ

247 1060 648 1134 διανονύμενος
696 1061 869 1123 οὕτως
940 1057 1076 1115 ἴστω
1133 1058 1421 1131 πλανήτης
1476 1059 1676 1137 τρόπον
1737 1059 1906 1116 ἄλλον

247 1151 417 1215 αὐτὸς
465 1152 626 1219 εἶναι,
675 1149 735 1205 ού
798 1151 907 1224 μὴν
961 1149 1287 1220 ἀποπλανῆς
1330 1149 1466 1204 κατά
1520 1171 1581 1227 γε
1635 1150 1701 1204 τὰ
1753 1147 1908 1212 ῒδίως

250 1238 430 1314 ἄστρα
487 1234 776 1316 λεγόμενα.
837 1244 1112 1294 Πλανᾶται
1172 1241 1276 1315 γὰρ
1334 1239 1581 1312 ἀληθῶς,
1637 1239 1728 1294 καὶ
1783 1235 1909 1294 οὐδὲ

245 1331 392 1404 πρὸς
437 1325 676 1398 ἔπαινον,
711 1327 757 1382 εί
802 1328 864 1382 τὸ
910 1328 1288 1404 πραγματικὸν
1333 1327 1541 1404 καίριον
1593 1327 1759 1406 ἀφιεὶ,
1817 1349 1908 1400 μι-

255 1425 503 1493 μεῖσθαι,
560 1417 623 1472 τὸ
680 1416 732 1471 έν
788 1421 904 1479 τοῖς
978 1413 1222 1492 ἄστροις,
1287 1417 1696 1494 περιεργάζεται
1769 1415 1906 1490 ψιλᾶ

248 1507 518 1579 ὀνόματα.
552 1503 693 1562 Οὐδὲ
754 1506 850 1579 μία
888 1505 992 1582 γὰρ
1051 1505 1232 1580 φαύλη
1287 1505 1484 1576 κλῆσις
1531 1500 1735 1579 ἔϐλαψέ
1777 1525 1909 1560 ποτε

245 1596 344 1651 τὸν
382 1595 465 1650 ἐπ’
510 1594 735 1671 ἀγαθοῖς
787 1594 1034 1667 μιμητὴν
1077 1592 1264 1671 ἄνδρα,
1317 1595 1497 1670 ὥσπερ
1547 1591 1672 1649 οὐδὲ
1728 1593 1906 1669 ἀγαθὴ

249 1683 506 1759 ὠφέλησε
534 1685 653 1752 τὸν,
694 1683 774 1760 ἐφ’
825 1684 905 1746 οἷς
955 1682 1018 1738 ού
1065 1685 1202 1759 χρὴ,
1259 1683 1512 1754 ζηλωτήν
1541 1701 1554 1715 ’
1602 1683 1656 1738 αἱ
1689 1680 1748 1737 δὲ
1773 1683 1910 1737 κατᾶ

247 1777 483 1848 πρᾶγμα
534 1773 797 1845 μιμήσεις
832 1769 870 1840 ἤ
919 1767 1182 1845 ἔϐλαψαν,
1215 1770 1304 1827 ὅτε
1349 1793 1432 1834 τις
1478 1773 1540 1827 τὸ
1567 1771 1773 1851 φαῦλον
1810 1777 1907 1841 ζη-

2017 609 2230 666 ferunt.
2258 611 2422 667 Absit
2454 611 2634 684 igitur
2665 611 2844 667 metui
2875 611 3059 682 locus,
3093 612 3195 667 ubi
3217 611 3364 667 nihil
3399 617 3665 668 metuen-

2016 699 2158 754 dnm
2190 701 2466 757 est.Talia
2487 701 2641 755 enim
2669 707 2861 756 mente
2884 701 3149 772 cogitans
3173 702 3322 756 sciat
3351 703 3506 772 quod
3539 701 3666 772 ipse

2017 804 2270 860 qucque,
2303 791 2403 845 sed
2436 790 2551 844 alia
2577 789 2800 845 ratione
2830 790 3062 861 planeta
3095 789 3194 855 sit,
3256 806 3372 844 non
3413 790 3670 845 erratica

2018 889 2439 960 antem,qnalia
2466 892 2626 943 astra
2656 887 2824 959 vulgo
2847 888 3322 944 dienntnr.Errat
3351 887 3508 943 enim
3543 905 3667 944 rea-

2020 993 2141 1047 pse,
2175 978 2274 1032 sed
2307 977 2466 1032 nullo
2488 977 2772 1043 decore,si
2803 983 3146 1032 eaeterornm
3182 980 3474 1031 astrorum
3508 975 3667 1048 leges

2019 1065 2512 1137 negligens,vanis
2535 1065 2872 1120 nominibus
2898 1065 3484 1136 inhaeret.Nnnquam
3507 1065 3665 1121 enim

2015 1156 2221 1228 iniqua
2251 1155 2651 1210 denominatio
2669 1155 2788 1209 viro
2806 1155 3038 1209 virtutis
3068 1158 3342 1226 spectata;
3374 1154 3666 1222 nocuit,ut

2017 1261 2123 1298 nec
2153 1244 2410 1316 gratiosa
2441 1244 2660 1314 profuit
2690 1242 2810 1297 viro
2843 1243 3266 1312 peccaminoso.
3300 1242 3665 1298 lmitationes

2019 1337 2255 1388 econtra
2285 1331 2455 1387 factis
2501 1345 2792 1402 expressa;
2853 1328 3191 1400 perniciosa
3239 1330 3399 1386 fuere
3455 1330 3507 1385 si
3562 1331 3665 1403 qui

2019 1421 2170 1476 male
2201 1420 2339 1492 agit,
2372 1424 2474 1476 ant
2505 1419 2775 1492 proﬁcnaa
2811 1419 3048 1474 fuerunt
3077 1419 3200 1474 vice
3223 1435 3410 1474 versa.
3449 1418 3507 1473 Si
3556 1419 3666 1492 igi-

2017 1516 2116 1566 tur
2150 1511 2404 1565 novitins
2436 1509 2644 1563 metuit
2676 1511 2999 1579 nepropter
3018 1507 3296 1562 Draconis
3319 1507 3554 1578 signum
3586 1508 3666 1564 si-

2020 1601 2256 1656 dereum
2288 1600 2413 1670 ipse
2445 1613 2680 1670 quoque
2707 1613 2879 1651 vorax
2910 1596 3030 1663 fiat,
3064 1600 3167 1650 aut
3197 1605 3431 1668 propter
3488 1596 3666 1652 Ursos

2018 1688 2284 1762 gnlosns,
2317 1693 2418 1742 ant
2467 1691 2702 1758 propter
2758 1687 3042 1756 Pegasum
3075 1684 3403 1755 impediens
3454 1685 3665 1754 factus,

2018 1777 2213 1832 subito
2245 1775 2517 1832 sublimis
2548 1776 2788 1842 feratur,
2819 1778 2922 1828 ant
2951 1774 3144 1829 cancri
3191 1789 3352 1828 more
3411 1773 3666 1844 obliquis

251 1860 374 1931 λοῖ,
407 1857 444 1930 ἤ
476 1857 996 1951 ᾠφέλησαν,ἂ’λλως
1018 1860 1318 1936 γινόμεναι.
1339 1860 1435 1916 Καὶ
1472 1862 1578 1934 μὴν
1612 1860 1656 1916 εἰ
1685 1861 1908 1916 τοιαῦτά

2018 1867 2293 1938 passibus
2321 1865 2576 1934 incedat,
2610 1880 2741 1919 cum
2774 1863 3081 1918 hominum
3117 1879 3230 1918 non
3280 1863 3508 1934 possit;
3566 1865 3668 1918 aut

250 1970 380 2004 τινα
411 1946 584 2003 δέδιεν
645 1950 673 2003 6
724 1947 1107 2024 εἰσαγωγικὸς,
1161 1952 1373 2022 μήποτε
1422 1947 1510 2005 διὰ
1547 1950 1640 2005 τὸν
1689 1949 1740 2004 ἂν
1787 1955 1908 2011 τοῖς

256 2039 700 2114 ἀστροθετήμασι
754 2039 1027 2114 Δράκοντα
1083 2039 1245 2114 βορὸς
1293 2038 1454 2102 αὐτὸς
1499 2033 1760 2109 ἀποϐαίη,
1819 2035 1908 2093 καί

253 2125 350 2182 διὰ
399 2127 494 2189 τὰς
554 2132 824 2202 ’Ἃρκτους
871 2129 1194 2205 παμφαγής,
1239 2128 1326 2182 καὶ
1378 2125 1468 2182 διὰ
1516 2128 1608 2181 τὸν
1658 2129 1906 2203 Πήγασον

251 2215 395 2290 πρὸς
448 2211 698 2288 λαγνείαν
748 2213 1144 2292 τρέφηται,καὶ
1191 2236 1290 2285 την
1324 2213 1511 2278 άλλως
1573 2216 1904 2291 μετεωρίζηο

249 2323 366 2370 ται,
398 2303 489 2356 καὶ
531 2299 666 2372 λοξά
717 2303 872 2376 βαίνῃ
917 2303 1176 2377 καρκίνου
1225 2301 1401 2375 δίκην,
1454 2304 1552 2358 οὐκ
1597 2303 1740 2380 ἔχων
1776 2305 1909 2380 ὀρθὰ

257 2388 525 2468 βαδίζειν,
579 2390 654 2452 ὡς
709 2389 982 2466 ἀνθρώπῳ
1028 2391 1243 2466 πρέπει,
1293 2392 1658 2468 ἀναγκάζηται
1712 2392 1770 2448 δὲ
1817 2392 1907 2448 καὶ

252 2479 566 2554 λῃστρικῶς
621 2479 771 2554 βιοῦν
829 2478 881 2533 ὲν
939 2484 1019 2552 τῷ
1075 2481 1450 2552 κατατοξεύειν
1508 2479 1597 2536 διὰ
1650 2482 1744 2537 τὸν
1797 2480 1907 2538 ἄνω

250 2568 518 2638 Τοξότην,
567 2568 657 2622 καὶ
722 2567 1095 2644 ἐξαγριοὺσθαι
1154 2570 1228 2632 ὡς
1307 2569 1381 2632 είς
1431 2571 1612 2644 κέρας,
1670 2570 1700 2626 6'
1755 2592 1904 2650 φασι,

252 2654 348 2712 διὰ
374 2657 466 2712 τὸν
498 2655 831 2733 Αἲγόκερων,
873 2655 1105 2731 δαιμονᾷ
1149 2659 1176 2714 6
1221 2663 1470 2724 τοιοῦτος
1515 2664 1612 2715 τοῦ
1643 2654 1837 2736 φόϐου,
1869 2659 1905 2729 ἤ

252 2743 407 2801 ἀλλὰ
462 2744 540 2810 εἷς
578 2743 944 2821 ὑποχόνδριον
1002 2753 1339 2823 κακοπραγεῖ
1377 2767 1390 2779 ·
1452 2748 1499 2803 εἴ
1559 2751 1633 2822 μή
1695 2770 1747 2804 τι
1806 2747 1908 2818 ἄρα

253 2834 469 2903 παίζειν
500 2831 687 2896 ἄλλως
717 2833 889 2899 ἐθέλει
941 2834 995 2890 ἰν
1043 2835 1104 2890 ού
1143 2842 1414 2900 παικτοῖς.
1450 2839 1628 2892 Ἔστω
1662 2835 1718 2893 δὲ
1750 2838 1904 2910 ὅμως

254 2924 352 2978 καὶ
411 2922 561 2996 αύτῷ
609 2921 688 2986 εἷς
737 2923 1016 2998 θεραπείαν
1064 2924 1319 2999 ἀστρῴων
1371 2924 1566 3004 ἐτέρων
1609 2925 1908 3003 χρηστοτέ-

259 3033 372 3089 ρων
401 3011 692 3086 ὀνομάτων
724 3011 790 3086 (εἴ
829 3010 1110 3089 βούλοιτο)
1140 3019 1332 3091 πρῶτα
1381 3016 1475 3088 μὲν
1511 3015 1572 3071 τὸ
1613 3018 1869 3091 θυτήριον
1890 3034 1904 3051 ⁸

257 3111 330 3168 δι’
364 3110 428 3166 οὗ
459 3110 706 3188 ἐναχθεὶς
757 3111 898 3177 θύειν
957 3114 1140 3169 ἑαυτὸν
1189 3113 1269 3188 τῷ
1300 3120 1415 3188 Θεῷ
1468 3117 1496 3170 6
1520 3121 1768 3180 τοιοῦτος
1806 3138 1906 3191 μο-

2019 1972 2090 2010 ne
2110 1955 2407 2010 latronum
2441 1953 2627 2008 instar
2656 1951 2828 2015 vivat,
2853 1956 2954 2006 ant
2983 1951 3098 2006 tela
3127 1950 3403 2021 conjiciat
3449 1955 3514 2005 nt
3561 1967 3668 2006 su-

2019 2061 2236 2118 pernus
2263 2042 2632 2115 Sagittarius,
2667 2045 2767 2097 ant
2792 2045 3114 2112 eornnpeta
3148 2040 3240 2109 sit,
3265 2038 3420 2094 sicut
3467 2039 3669 2111 Capri-

2017 2148 2255 2198 cornus,
2289 2130 2386 2186 hic
2415 2147 2449 2185 a
2473 2131 2738 2185 daemone
2760 2133 2952 2184 metus
3010 2128 3344 2199 possidetur
3390 2129 3492 2181 aut
3541 2131 3668 2184 atra

2017 2220 2133 2275 bile
2161 2220 2405 2284 laborat,
2435 2218 2544 2274 nisi
2582 2217 2727 2272 forte
2759 2215 2966 2287 nugari
2999 2215 3153 2282 velit,
3189 2215 3285 2270 ubi
3319 2215 3665 2286 nugandum

2019 2325 2132 2365 non
2164 2306 2691 2374 est.Meminerit,si
2716 2305 3079 2377 jnenndiora
3101 2309 3392 2360 astrorum
3425 2304 3670 2361 nomina

2018 2397 2208 2470 magis
2237 2400 2556 2462 amat,ante
2586 2395 2784 2451 omnia
2814 2397 2960 2461 Aras,
2988 2411 3164 2464 super
3193 2409 3306 2462 qua
3338 2392 3668 2448 monachus

2017 2488 2279 2559 seipsum
2302 2486 2417 2541 Deo
2449 2485 2780 2540 sacrificare
2809 2483 2936 2538 etin
2968 2481 3263 2536 victimam
3279 2487 3508 2552 gratam
3529 2497 3669 2537 eon-

2016 2593 2242 2642 versns,
2273 2592 2306 2630 a
2337 2573 2652 2629 virtutibus
2684 2588 2891 2627 nomen
2923 2587 3038 2625 non
3074 2587 3342 2642 pravum,
3373 2571 3474 2625 sed
3532 2584 3668 2624 vere

2016 2665 2308 2721 sidereum
2342 2666 2663 2718 mutuetur.
2697 2659 2796 2716 Dei
2829 2661 2944 2715 Ara
2975 2663 3371 2730 nuncupatus,
3407 2675 3510 2714 seu
3562 2673 3664 2729 po-

2015 2755 2135 2809 tius
2165 2753 2404 2808 victima
2453 2756 2562 2828 Deo
2610 2753 2968 2805 consecrata.
3001 2747 3334 2802 Secundum
3364 2749 3538 2802 Aram
3570 2762 3666 2818 ge-

2017 2842 2222 2899 mellos
2253 2844 2460 2896 fratres
2491 2838 2628 2895 boni
2659 2837 2876 2894 ominis
2912 2837 3147 2891 nomine
3170 2837 3322 2891 inter
3349 2840 3509 2890 astra
3538 2834 3662 2889 col-

2017 2936 2236 2997 oeatos,
2266 2929 2746 3002 antiquissimum
2773 2927 2822 2982 t'r
2837 2925 3025 2982 aterni
3049 2927 3267 2982 amoris
3325 2923 3662 2996 exemplum

2018 3040 2052 3078 a
2079 3020 2468 3092 scriptoribus
2491 3021 2882 3073 memoratum
2914 3015 3116 3082 habes,
3139 3031 3256 3087 qno
3289 3013 3405 3070 divi
3454 3014 3666 3070 fratres

2016 3113 2196 3166 vitam
2226 3107 2596 3165 sacriﬁcandi
2630 3110 2834 3162 mutuo
2867 3105 3164 3160 desiderio
3215 3103 3663 3160 incedebantnr.

252 3202 450 3277 ναχὸς,
508 3201 594 3256 καὶ
658 3199 735 3264 εἷς
793 3201 975 3268 θυσίαν
1029 3201 1375 3259 ἀποτελεῖθαι
1435 3201 1649 3276 δεκτήν,
1703 3205 1904 3284 κληρο-

2019 3207 2277 3280 Virginis
2304 3205 2514 3260 deinde
2528 3207 2737 3259 nomen
2763 3201 3228 3275 pulcherrimum
3245 3205 3421 3271 atque
3440 3199 3664 3270 angelis

255 3292 500 3363 νομήσοι
546 3287 606 3345 ἂν
660 3287 748 3345 διὰ
791 3298 894 3362 τῆς
959 3295 1073 3347 κατ’
1131 3292 1292 3348 αὐτὸν
1343 3301 1648 3370 πρακτικῆς
1706 3295 1900 3368 ἀρετῆς

259 3378 445 3434 οὐκέτι
473 3378 702 3454 φαῦλον,
736 3378 881 3435 ἀλλὰ
928 3381 1142 3443 πάντως
1192 3382 1384 3458 ἀγαθὸν
1435 3383 1675 3459 ἀστρῷον
1709 3379 1902 3457 ὄνομα,

262 3468 526 3542 θυτήριον
583 3469 726 3523 θεῖον
783 3467 1170 3544 καλούμενος·
1238 3471 1546 3546 κοινότερον
1601 3469 1658 3526 δὶ
1715 3473 1905 3544 εἰπεῖν,

257 3566 644 3642 θυμιατήριον,
696 3565 1010 3641 ὠσιωμένον
1067 3572 1202 3641 Θεῷ.
1260 3569 1391 3626 Εἶτα
1436 3569 1572 3646 πρὸς
1617 3575 1697 3643 τῷ
1744 3573 1908 3642 θυτη-

257 3653 365 3730 ρίῳ
396 3653 569 3730 ἃχίτω
613 3655 689 3718 είς
736 3655 1112 3733 ἀγαθωνυμίας
1145 3658 1378 3732 μίμησιν
1426 3659 1516 3713 καὶ
1553 3658 1679 3722 τοὺς
1707 3661 1906 3737 ἡστρο-

259 3743 595 3815 θετημένους
644 3740 936 3818 Διδύμους,
990 3747 1051 3802 τὸ
1097 3751 1196 3817 τῆς
1227 3749 1343 3802 καθ’
1373 3747 1610 3823 ἱστορίαν
1652 3747 1913 3826 φιλαδελ-

259 3833 393 3911 φίας
425 3830 758 3888 παλαίτατον
818 3833 1141 3909 ὑπόμνημα,
1199 3837 1316 3891 καθ’
1358 3834 1424 3906 ἤν
1470 3836 1560 3892 καὶ
1608 3837 1770 3892 αὐτοῦ
1813 3843 1910 3894 τοῦ

260 3924 365 3993 ζῇν
399 3918 676 3990 ἀλλήλοις
709 3922 1080 3993 ὑπεξίστανται
1123 3926 1175 3980 οἱ
1225 3924 1495 4004 φιλόθεοι.
1527 3926 1668 4001 Πρὸς
1697 3927 1913 3992 τούτοις

257 4008 352 4064 καὶ
399 4011 500 4079 τὴν
552 4011 847 4086 Παρθένον,
906 4014 969 4067 τὸ
1023 4013 1110 4068 καί
1153 4012 1450 4070 κάλλιστον
1504 4015 1593 4070 καὶ
1652 4015 1910 4092 ἀγγέλοις

256 4094 423 4172 φίλον
457 4095 633 4170 ὄνομα
665 4119 676 4132 ·
712 4099 774 4154 οὗ
796 4101 933 4175 πρὸς
986 4101 1217 4176 μίμησιν
1266 4104 1294 4158 6
1321 4105 1536 4179 τρέχων
1567 4124 1912 4180 πραγματευ-

251 4189 426 4246 τικῶς
467 4184 614 4258 αύτῷ
659 4191 777 4261 Θεῷ
826 4187 1040 4266 ἐγγίζει,
1099 4191 1190 4246 καὶ
1247 4196 1330 4265 τῷ
1389 4192 1735 4269 ἠγαπημένῳ
1791 4196 1910 4249 θεο-

261 4271 423 4350 λόγῳ
511 4274 942 4352 σύγπαραστατεῖ
974 4297 986 4310 ·
1058 4275 1228 4356 ταύτῃ
1300 4281 1390 4336 καὶ
1461 4281 1556 4337 τὸν
1613 4279 1914 4360 Ὑδρηχόον

249 4363 764 4438 προσεννοούμενός
819 4388 922 4435 τις,
953 4368 1043 4424 καὶ
1097 4374 1177 4442 τῷ
1223 4369 1448 4444 ὀνόματι
1494 4371 1674 4444 τούτῷ
1702 4371 1779 4434 είς
1824 4371 1915 4448 ἐγο

253 4451 516 4527 κράτειαν
571 4452 986 4528 ἐξασκούμενος,
1045 4458 1134 4513 καὶ
1207 4461 1307 4530 τήν
1388 4459 1446 4514 ἐκ
1507 4461 1677 4533 μέθης
1729 4458 1767 4531 ἤ
1824 4461 1914 4516 καὶ

2015 3303 2248 3371 gratum
2273 3295 2462 3363 venit;
2497 3292 2666 3366 cuius
2697 3289 3028 3364 exemplum
3064 3290 3160 3362 qui
3215 3290 3438 3345 sincere
3497 3287 3666 3344 factis

2015 3387 2304 3450 imitatur,
2338 3385 2406 3438 ad
2433 3388 2609 3438 Deum
2643 3383 2836 3453 ipsum
2870 3379 3304 3451 appropinquat
3341 3381 3400 3433 et
3454 3374 3669 3432 Joanni

2017 3475 2284 3545 theologo
2316 3473 2387 3528 ab
2409 3471 2682 3527 omnibus
2704 3469 2912 3524 dilecto
2934 3466 3448 3523 associatnr.Adde
3466 3467 3666 3536 Aqua-

2017 3563 2194 3630 rium,
2226 3563 2394 3632 enjns
2424 3561 2553 3633 ipsa
2581 3557 2894 3631 appellatio
2915 3558 2984 3612 ad
3009 3555 3455 3628 temperantiam
3480 3554 3669 3608 horta-

2017 3657 2133 3722 tnr,
2166 3652 2248 3707 ita
2279 3655 2341 3706 nt
2361 3649 2648 3706 malitiam
2679 3665 2748 3704 ex
2767 3646 3044 3702 ebrietate
3075 3649 3129 3701 et
3160 3645 3292 3701 vino
3321 3648 3509 3700 ortam
3567 3643 3668 3699 de-

2017 3741 2178 3808 vitet,
2229 3745 2287 3796 et
2334 3740 2406 3794 ad
2464 3737 2643 3793 vitam
2674 3736 2932 3792 sobriam
2991 3734 3360 3790 assuefactus
3391 3747 3459 3788 ex
3481 3736 3666 3788 astro-

2019 3847 2150 3888 rum
2183 3825 2847 3885 nominibnscommoda
2870 3823 3172 3896 percipiat,
3229 3827 3286 3877 et
3333 3822 3403 3876 ad
3463 3838 3530 3876 ea
3585 3820 3671 3875 fa-

2021 3921 2228 3977 cienda
2258 3921 2517 3990 paratus,
2553 3915 2825 3970 timorem
2859 3913 3013 3967 intra
3045 3929 3107 3968 se
3138 3911 3419 3982 reprimet
3459 3910 3672 3964 Draco-

2021 4009 2471 4079 nis,ntriusque
2518 4004 2700 4072 Ursa),
2760 4002 2991 4075 Pegasi,
3050 4001 3279 4067 Cancri,
3339 3997 3664 4071 Sagittarii,

2017 4105 2376 4177 Capricorni,
2399 4102 2664 4158 omnium
2695 4103 3130 4165 casterornm,et
3161 4097 3416 4170 profecto
3439 4101 3666 4152 astrum

2022 4192 2558 4262 cosleste,manebit,
2585 4191 2756 4246 bonis
2772 4189 3182 4244 nominibnset
3214 4186 3384 4242 factis
3407 4185 3674 4257 resplen-

2023 4288 2188 4343 dens.
2237 4283 2418 4340 Homo
2465 4280 2623 4337 enim
2677 4279 2776 4350 qui
2839 4283 2950 4333 Deo
2999 4280 3378 4332 consecratur
3435 4273 3675 4330 victima

2024 4392 2126 4448 per
2146 4373 2515 4437 charitatem,
2565 4367 2802 4440 qualem
2863 4369 3134 4422 sanctum
3193 4362 3573 4436 Evangelinm
3615 4365 3674 4417 et

2024 4464 2204 4519 Vetus
2231 4463 2670 4517 Testamentum
2697 4455 3066 4526 tradunt,qni
3091 4452 3420 4509 castitatem
3452 4449 3673 4522 virgine

259 4537 452 4634 ἄλλως
509 4540 872 4634 οίνοφλυγίας
920 4547 1110 4601 κακίαν
1160 4546 1356 4604 εαυτοῦ
1405 4548 1652 4626 ἀπάγων,
1699 4549 1786 4604 καὶ
1824 4572 1908 4622 νη-

2025 4554 2262 4624 dignam
2286 4553 2512 4606 exercet
2541 4551 2597 4602 et
2627 4545 2928 4602 sobrietati
2975 4543 3196 4611 studet,
3231 4541 3380 4596 nihil
3439 4557 3473 4595 a
3528 4539 3673 4634 Dra-

253 4626 456 4707 φάλιον
507 4631 656 4699 ζωὴν
706 4631 1122 4708 παιδευόμενος,
1167 4637 1257 4692 καὶ
1308 4636 1506 4702 λοιπάς
1558 4635 1615 4693 δὲ
1659 4638 1908 4704 τοιαύτας

2026 4658 2168 4699 cene
2199 4645 2300 4696 aut
2319 4639 2464 4696 Urse
2495 4637 2551 4691 in
2576 4651 2637 4691 se
2669 4635 2864 4690 habet.
2901 4633 3201 4699 Quomodo
3231 4628 3387 4683 enim
3438 4626 3673 4682 invidias

251 4718 318 4774 ἐκ
366 4722 476 4773 τῶν
525 4715 735 4795 ἄστρων
782 4719 1010 4793 κλήσεις
1063 4725 1465 4801 ἐρανιζόμενος,
1493 4725 1582 4781 καί
1630 4728 1767 4803 πρὸς
1815 4729 1911 4784 αύ-

243 4807 346 4870 τὰς
405 4803 776 4881 διατιθέμενος
849 4809 1179 4888 ἕμπρακτος,
1242 4814 1615 4889 ἐκθεραπεύσει
1671 4818 1798 4880 τοὺς
1857 4817 1908 4874 ἐν

247 4895 403 4968 αύτῷ
433 4891 636 4970 φόϐους
689 4898 926 4964 ἐκείνους
958 4921 971 4934 ·
1025 4903 1116 4957 τὸν
1166 4908 1264 4959 τοῦ
1306 4905 1626 4980 Δράκοντος,
1659 4906 1750 4961 τὸν
1783 4909 1909 4961 ἑκα-

246 4982 410 5058 τέρας
471 4985 730 5060 1Ἄρκτου,
786 4989 878 5044 τὸν
933 4989 994 5046 ἐκ
1019 4997 1116 5046 τοῦ
1157 4992 1434 5070 Πηγάσου,
1477 4993 1567 5048 τὸν
1617 4999 1714 5049 τοῦ
1765 5001 1911 5072 Καρ-

245 5072 426 5140 κίνου,
485 5074 578 5128 τὸν
630 5079 728 5130 τοῦ
783 5077 1046 5150 Τοξότου,
1098 5081 1190 5136 τὸν
1245 5085 1344 5136 τοῦ
1421 5080 1725 5157 Αἱγόκερω,
1785 5087 1913 5148 τοὺς

248 5159 486 5224 λοιποὺς
543 5162 822 5248 ἅπαντας·
879 5167 969 5222 καὶ
1035 5175 1184 5242 μενεῖ
1233 5167 1426 5225 διόλου
1487 5167 1682 5248 ἄστρον
1743 5173 1909 5244 θεῖον,

248 5249 474 5322 ἀγαθοῖς
534 5247 961 5328 ὲλλαμπόμενος
1019 5257 1250 5331 ὀνόμασί
1308 5279 1367 5314 τε
1433 5259 1525 5314 καὶ
1576 5247 1908 5336 πράγμασιν.

243 5347 580 5422 ’Λνθρωπος
627 5350 729 5425 γὰρ
779 5352 1189 5429 ἀνατεθειμένος
1239 5361 1354 5428 Θεῷ
1406 5353 1494 5410 διά
1539 5378 1597 5410 τε
1625 5361 1722 5411 τοῦ
1754 5359 1912 5422 θυσία

251 5434 445 5509 ἐκείνῳ
518 5438 784 5514 γενέσθαι,
868 5442 954 5499 διά
1021 5468 1080 5502 τε
1144 5445 1528 5525 φιλαδελφίας,
1579 5447 1771 5502 ὁποίαν
1846 5451 1910 5505 τὸ

245 5525 396 5599 ἱερὸν
457 5526 826 5603 παραδίδωσιν
892 5535 1220 5614 Εὐανγέλιον
1272 5537 1362 5593 καὶ
1427 5538 1462 5607 ἠ
1513 5535 1722 5593 παλαιὰ
1774 5550 1912 5604 θειο-

2019 4747 2332 4787 vensmnm
2380 4731 2605 4782 ernetet
2653 4729 2755 4779 aut
2784 4721 3133 4793 blaspheme
3196 4734 3294 4774 ore
3340 4717 3673 4790 proximum

2019 4819 2247 4876 vorabit
2276 4819 2450 4872 homo
2477 4817 2717 4868 fratrum
2742 4828 2950 4868 amans
2992 4827 3056 4864 ac
3089 4807 3278 4864 malas
3318 4805 3672 4879 cupiditates

2021 4912 2268 4966 domans
2291 4906 2319 4960 ?
2352 4905 2453 4960 Hic
2486 4919 2626 4958 sane
2658 4901 2956 4956 hinnitum
2990 4913 3294 4969 nunquam
3326 4897 3459 4952 edet
3517 4895 3674 4950 fero-

2023 5013 2282 5070 eem,nec
2299 4995 2418 5051 vias
2443 4992 2673 5048 Domini
2700 4984 3526 5063 praetergrediensincnrvabit
3547 4981 3672 5039 sine

2022 5086 2386 5152 necessitate,
2421 5097 2682 5139 amorem
2744 5080 3064 5134 fraternum
3116 5074 3471 5132 simulando.
3513 5077 3676 5128 Hane

2021 5188 2203 5258 igitur
2231 5185 2305 5239 ob
2334 5195 2571 5236 causam
2606 5193 2796 5248 neque
2847 5173 3122 5247 Sagitarii
3167 5173 3415 5229 formam
3471 5169 3678 5225 induet

2022 5278 2090 5332 ad
2126 5273 2281 5345 quod
2314 5267 2742 5342 designandum
2796 5264 3096 5321 Chimaera;
3169 5261 3421 5317 monstri
3463 5273 3677 5313 nomen

2021 5366 2327 5420 inventum
2358 5363 2466 5429 est,
2499 5357 2568 5412 ad
2603 5371 2776 5427 qnam
2815 5369 2920 5408 nec
2952 5368 3195 5424 serpens
3227 5366 3365 5406 corn
3380 5352 3515 5404 ntus
3548 5361 3680 5401 eon-

2021 5453 2157 5510 fsrri
2196 5449 2427 5524 poterit.

243 5615 407 5706 tam
449 5620 658 5706 Γραφη,
715 5623 806 5679 καὶ
872 5611 1216 5704 καθαρότητα
1287 5624 1345 5682 δὶ
1427 5626 1852 5706 παρθενοπφεπῆ
1936 5629 2212 5702 ζηλώσας,
2269 5622 2359 5679 καὶ
2431 5617 2711 5706 ἐγκρατείᾳ
2780 5615 3274 5706 ἐγγυμναζόμενος,
3355 5612 3480 5670 οὔτε
3535 5611 3676 5706 ἀρά-

245 5703 442 5769 κοντός
489 5725 543 5762 τι
601 5705 726 5785 ἔχοι
785 5710 866 5787 ἂν,
928 5702 1052 5774 οὔτε
1096 5718 1361 5792 Ἄρκτου.
1422 5717 1546 5780 Πῶς
1568 5714 1669 5794 γὰρ
1715 5702 1773 5774 ἀν
1829 5717 1912 5776 ἰὸν
1967 5715 2308 5796 ἐνὲρεύξηται
2363 5709 2590 5791 φθόνου,
2662 5705 2700 5778 ἤ
2762 5705 3104 5786 βλασφήμως
3179 5702 3674 5782 ἀνθρωποφαγήσιι,
