  <div class='ocr_page' id='page_1' title='image "/cluster/home/n/w/nwhite01/storage/ocr_20150623/135/hvd.32044073502528/455.png"; bbox 0 0 4104 6210; ppageno 0'>
   <div class='ocr_carea' id='block_1_1' title="bbox 456 344 578 404">
    <p class='ocr_par' dir='ltr' id='par_1_1' title="bbox 456 344 578 404">
     <span class='ocr_line' id='line_1_1' title="bbox 456 344 578 404; baseline -0.008 0"><span class='ocrx_word' id='word_1_1' title='bbox 456 344 578 404; x_wconf 83' lang='grc'>899</span> 
     </span>
    </p>
   </div>
   <div class='ocr_carea' id='block_1_2' title="bbox 1238 335 3104 406">
    <p class='ocr_par' dir='ltr' id='par_1_2' title="bbox 1238 335 3104 406">
     <span class='ocr_line' id='line_1_2' title="bbox 1238 335 3104 406; baseline 0.001 -4"><span class='ocrx_word' id='word_1_2' title='bbox 1238 339 1662 406; x_wconf 73' lang='lat' dir='ltr'>EUSTATHH</span> <span class='ocrx_word' id='word_1_3' title='bbox 1701 335 2467 401; x_wconf 81' lang='lat' dir='ltr'>THESSALONIGENSIS</span> <span class='ocrx_word' id='word_1_4' title='bbox 2512 338 3104 403; x_wconf 66' lang='lat' dir='ltr'>METROPOLITAI</span> 
     </span>
    </p>
   </div>
   <div class='ocr_carea' id='block_1_3' title="bbox 3773 347 3896 409">
    <p class='ocr_par' dir='ltr' id='par_1_3' title="bbox 3773 347 3896 409">
     <span class='ocr_line' id='line_1_3' title="bbox 3773 347 3896 409; baseline 0 -2"><span class='ocrx_word' id='word_1_5' title='bbox 3773 347 3896 409; x_wconf 75' lang='lat' dir='ltr'>eoo</span> 
     </span>
    </p>
   </div>
   <div class='ocr_carea' id='block_1_4' title="bbox 457 467 3890 557">
    <p class='ocr_par' dir='ltr' id='par_1_4' title="bbox 457 467 3890 557">
     <span class='ocr_line' id='line_1_4' title="bbox 457 467 3890 557; baseline -0.002 -25"><span class='ocrx_word' id='word_1_6' title='bbox 457 475 792 557; x_wconf 75' lang='grc' dir='ltr'>φιλάδελφος</span> <span class='ocrx_word' id='word_1_7' title='bbox 845 473 1183 550; x_wconf 78' lang='grc' dir='ltr'>ἅνθρωπος,</span> <span class='ocrx_word' id='word_1_8' title='bbox 1240 473 1331 528; x_wconf 81' lang='grc' dir='ltr'>καὶ</span> <span class='ocrx_word' id='word_1_9' title='bbox 1389 471 1692 545; x_wconf 80' lang='grc' dir='ltr'>ἐπιθυμιῶν</span> <span class='ocrx_word' id='word_1_10' title='bbox 1748 468 2070 548; x_wconf 76' lang='grc' dir='ltr'>ἔφαμάρτων</span> <span class='ocrx_word' id='word_1_11' title='bbox 2135 467 2400 545; x_wconf 77' lang='grc' dir='ltr'>ἐγκρατής</span> <span class='ocrx_word' id='word_1_12' title='bbox 2445 467 2802 557; x_wconf 72' lang='grc' dir='ltr'>Ἀκολοῦθως</span> <span class='ocrx_word' id='word_1_13' title='bbox 2857 468 2915 526; x_wconf 76' lang='grc' dir='ltr'>δὶ</span> <span class='ocrx_word' id='word_1_14' title='bbox 2972 468 3101 527; x_wconf 72' lang='grc' dir='ltr'>οὐδὲ</span> <span class='ocrx_word' id='word_1_15' title='bbox 3157 469 3482 551; x_wconf 68' lang='grc' dir='ltr'>φριμᾶξεται</span> <span class='ocrx_word' id='word_1_16' title='bbox 3537 495 3890 553; x_wconf 79' lang='grc' dir='ltr'>καταχρεμε-</span> 
     </span>
    </p>
   </div>
   <div class='ocr_carea' id='block_1_5' title="bbox 454 552 3884 641">
    <p class='ocr_par' dir='ltr' id='par_1_5' title="bbox 454 552 3884 641">
     <span class='ocr_line' id='line_1_5' title="bbox 454 552 3884 641; baseline -0.005 -18"><span class='ocrx_word' id='word_1_17' title='bbox 454 552 617 636; x_wconf 81' lang='grc' dir='ltr'>τίζων</span> <span class='ocrx_word' id='word_1_18' title='bbox 649 552 952 641; x_wconf 70' lang='grc' dir='ltr'>ἀλογίστως</span> <span class='ocrx_word' id='word_1_19' title='bbox 988 565 1015 618; x_wconf 98' lang='lat'>6</span> <span class='ocrx_word' id='word_1_20' title='bbox 1065 561 1393 632; x_wconf 88' lang='grc' dir='ltr'>τηλικοῦτος</span> <span class='ocrx_word' id='word_1_21' title='bbox 1452 559 1750 633; x_wconf 75' lang='grc' dir='ltr'>ἄνθρωπος,</span> <span class='ocrx_word' id='word_1_22' title='bbox 1805 557 1934 614; x_wconf 77' lang='grc' dir='ltr'>οὐδὲ</span> <span class='ocrx_word' id='word_1_23' title='bbox 1987 559 2079 620; x_wconf 75' lang='grc' dir='ltr'>τὰς</span> <span class='ocrx_word' id='word_1_24' title='bbox 2128 561 2224 612; x_wconf 90' lang='grc' dir='ltr'>τοῦ</span> <span class='ocrx_word' id='word_1_25' title='bbox 2255 561 2387 613; x_wconf 82' lang='grc' dir='ltr'>Θεοῦ</span> <span class='ocrx_word' id='word_1_26' title='bbox 2413 552 2634 632; x_wconf 78' lang='grc' dir='ltr'>τρίϐους</span> <span class='ocrx_word' id='word_1_27' title='bbox 2696 557 2925 629; x_wconf 77' lang='grc' dir='ltr'>λοξώσει</span> <span class='ocrx_word' id='word_1_28' title='bbox 2983 559 3324 636; x_wconf 82' lang='grc' dir='ltr'>πλαγιάζων,</span> <span class='ocrx_word' id='word_1_29' title='bbox 3390 562 3472 640; x_wconf 71' lang='grc' dir='ltr'>ἐφ’</span> <span class='ocrx_word' id='word_1_30' title='bbox 3523 566 3604 626; x_wconf 82' lang='grc' dir='ltr'>οἷς</span> <span class='ocrx_word' id='word_1_31' title='bbox 3655 552 3722 620; x_wconf 63' lang='grc' dir='ltr'>οὗ</span> <span class='ocrx_word' id='word_1_32' title='bbox 3781 562 3884 637; x_wconf 61' lang='grc' dir='ltr'>δεῖ,</span> 
     </span>
    </p>
   </div>
   <div class='ocr_carea' id='block_1_6' title="bbox 454 643 3884 731">
    <p class='ocr_par' dir='ltr' id='par_1_6' title="bbox 454 643 3884 731">
     <span class='ocr_line' id='line_1_6' title="bbox 454 643 3884 731; baseline -0.001 -20"><span class='ocrx_word' id='word_1_33' title='bbox 454 655 545 711; x_wconf 86' lang='grc' dir='ltr'>καὶ</span> <span class='ocrx_word' id='word_1_34' title='bbox 598 655 697 722; x_wconf 76' lang='grc' dir='ltr'>τήν</span> <span class='ocrx_word' id='word_1_35' title='bbox 731 650 1094 731; x_wconf 74' lang='grc' dir='ltr'>φιλαδελφίαν</span> <span class='ocrx_word' id='word_1_36' title='bbox 1136 649 1277 704; x_wconf 64' lang='grc' dir='ltr'>οὕτω</span> <span class='ocrx_word' id='word_1_37' title='bbox 1336 646 1691 722; x_wconf 81' lang='grc' dir='ltr'>ψευδόμενος.</span> <span class='ocrx_word' id='word_1_38' title='bbox 1752 649 1830 702; x_wconf 85' lang='grc' dir='ltr'>Δι’</span> <span class='ocrx_word' id='word_1_39' title='bbox 1887 647 2017 701; x_wconf 79' lang='grc' dir='ltr'>αὐτὸ</span> <span class='ocrx_word' id='word_1_40' title='bbox 2070 643 2128 700; x_wconf 77' lang='grc' dir='ltr'>δὲ</span> <span class='ocrx_word' id='word_1_41' title='bbox 2182 651 2342 701; x_wconf 86' lang='grc' dir='ltr'>τοῦτο</span> <span class='ocrx_word' id='word_1_42' title='bbox 2399 643 2522 700; x_wconf 74' lang='grc' dir='ltr'>οὐδὲ</span> <span class='ocrx_word' id='word_1_43' title='bbox 2579 647 2654 708; x_wconf 76' lang='grc' dir='ltr'>εἷς</span> <span class='ocrx_word' id='word_1_44' title='bbox 2709 648 2937 720; x_wconf 82' lang='grc' dir='ltr'>τοξότην</span> <span class='ocrx_word' id='word_1_45' title='bbox 2998 647 3408 725; x_wconf 78' lang='grc' dir='ltr'>ἐγγεγράψεται,</span> <span class='ocrx_word' id='word_1_46' title='bbox 3454 651 3588 708; x_wconf 75' lang='grc' dir='ltr'>οὐδὲ</span> <span class='ocrx_word' id='word_1_47' title='bbox 3633 655 3746 727; x_wconf 74' lang='grc' dir='ltr'>μὴν</span> <span class='ocrx_word' id='word_1_48' title='bbox 3806 655 3884 718; x_wconf 82' lang='grc' dir='ltr'>εἷς</span> 
     </span>
    </p>
   </div>
   <div class='ocr_carea' id='block_1_7' title="bbox 453 732 3882 819">
    <p class='ocr_par' dir='ltr' id='par_1_7' title="bbox 453 732 3882 819">
     <span class='ocr_line' id='line_1_7' title="bbox 453 732 3882 819; baseline 0.001 -25"><span class='ocrx_word' id='word_1_49' title='bbox 453 747 597 819; x_wconf 78' lang='grc' dir='ltr'>αἶγα,</span> <span class='ocrx_word' id='word_1_50' title='bbox 631 744 811 818; x_wconf 83' lang='grc' dir='ltr'>κέρατι</span> <span class='ocrx_word' id='word_1_51' title='bbox 843 741 1178 810; x_wconf 82' lang='grc' dir='ltr'>πλήττοντα·</span> <span class='ocrx_word' id='word_1_52' title='bbox 1211 741 1400 793; x_wconf 76' lang='grc' dir='ltr'>ὁποῖον</span> <span class='ocrx_word' id='word_1_53' title='bbox 1436 760 1487 793; x_wconf 90' lang='grc' dir='ltr'>τι</span> <span class='ocrx_word' id='word_1_54' title='bbox 1535 739 1698 793; x_wconf 87' lang='grc' dir='ltr'>κακὸν</span> <span class='ocrx_word' id='word_1_55' title='bbox 1731 737 1818 792; x_wconf 85' lang='grc' dir='ltr'>καὶ</span> <span class='ocrx_word' id='word_1_56' title='bbox 1850 739 1886 806; x_wconf 83' lang='grc' dir='ltr'>ἡ</span> <span class='ocrx_word' id='word_1_57' title='bbox 1921 735 2342 810; x_wconf 84' lang='grc' dir='ltr'>μεταληπτικῶς</span> <span class='ocrx_word' id='word_1_58' title='bbox 2375 732 2815 811; x_wconf 87' lang='grc' dir='ltr'>λογοποιουμένη</span> <span class='ocrx_word' id='word_1_59' title='bbox 2851 739 3118 811; x_wconf 78' lang='grc' dir='ltr'>Χίμαιρα,</span> <span class='ocrx_word' id='word_1_60' title='bbox 3151 740 3286 816; x_wconf 87' lang='grc' dir='ltr'>πρὸς</span> <span class='ocrx_word' id='word_1_61' title='bbox 3326 740 3391 809; x_wconf 74' lang='grc' dir='ltr'>ἦν</span> <span class='ocrx_word' id='word_1_62' title='bbox 3427 742 3530 797; x_wconf 82' lang='grc' dir='ltr'>οὐκ</span> <span class='ocrx_word' id='word_1_63' title='bbox 3560 740 3618 796; x_wconf 77' lang='grc' dir='ltr'>ἂν</span> <span class='ocrx_word' id='word_1_64' title='bbox 3681 745 3882 817; x_wconf 75' lang='grc' dir='ltr'>κεράσ-</span> 
     </span>
    </p>
   </div>
   <div class='ocr_carea' id='block_1_8' title="bbox 449 824 1165 909">
    <p class='ocr_par' dir='ltr' id='par_1_8' title="bbox 449 824 1165 909">
     <span class='ocr_line' id='line_1_8' title="bbox 449 824 1165 909; baseline -0.004 -21"><span class='ocrx_word' id='word_1_65' title='bbox 449 855 549 904; x_wconf 86' lang='grc' dir='ltr'>της</span> <span class='ocrx_word' id='word_1_66' title='bbox 579 834 738 909; x_wconf 83' lang='grc' dir='ltr'>Ὄφις</span> <span class='ocrx_word' id='word_1_67' title='bbox 764 824 1165 903; x_wconf 71' lang='grc' dir='ltr'>παραϐάλοιτο.</span> 
     </span>
    </p>
   </div>
   <div class='ocr_carea' id='block_1_9' title="bbox 525 927 2057 1013">
    <p class='ocr_par' dir='ltr' id='par_1_9' title="bbox 525 932 2057 1006">
     <span class='ocr_line' id='line_1_9' title="bbox 525 932 2057 1006; baseline -0.006 -11"><span class='ocrx_word' id='word_1_68' title='bbox 525 940 647 996; x_wconf 79' lang='grc'>194.</span> <span class='ocrx_word' id='word_1_69' title='bbox 681 937 790 993; x_wconf 86' lang='lat' dir='ltr'>Sed</span> <span class='ocrx_word' id='word_1_70' title='bbox 825 935 964 1006; x_wconf 91' lang='lat' dir='ltr'>quid</span> <span class='ocrx_word' id='word_1_71' title='bbox 1010 939 1169 990; x_wconf 89' lang='lat' dir='ltr'>astra</span> <span class='ocrx_word' id='word_1_72' title='bbox 1217 933 1276 988; x_wconf 91' lang='lat' dir='ltr'>in</span> <span class='ocrx_word' id='word_1_73' title='bbox 1335 951 1432 989; x_wconf 91' lang='lat' dir='ltr'>ore</span> <span class='ocrx_word' id='word_1_74' title='bbox 1491 934 1658 989; x_wconf 86' lang='lat' dir='ltr'>fero?</span> <span class='ocrx_word' id='word_1_75' title='bbox 1710 932 1942 988; x_wconf 82' lang='lat' dir='ltr'>Scilicet</span> <span class='ocrx_word' id='word_1_76' title='bbox 1989 937 2057 987; x_wconf 72' lang='lat' dir='ltr'>et:</span> 
     </span>
    </p>
   </div>
   <div class='ocr_carea' id='block_1_10' title="bbox 2167 927 3876 1013">
    <p class='ocr_par' dir='ltr' id='par_1_10' title="bbox 2167 927 3876 1013">
     <span class='ocr_line' id='line_1_10' title="bbox 2167 927 3876 1013; baseline 0.002 -27"><span class='ocrx_word' id='word_1_77' title='bbox 2167 986 2177 999; x_wconf 68' lang='lat'><em>_</em></span> <span class='ocrx_word' id='word_1_78' title='bbox 2277 927 2418 1007; x_wconf 61' lang='lat' dir='ltr'>tLp6&#39;.</span> <span class='ocrx_word' id='word_1_79' title='bbox 2459 929 2614 986; x_wconf 84' lang='grc' dir='ltr'>Ἀλλ’</span> <span class='ocrx_word' id='word_1_80' title='bbox 2650 930 2726 994; x_wconf 83' lang='grc' dir='ltr'>εἰς</span> <span class='ocrx_word' id='word_1_81' title='bbox 2753 931 2808 986; x_wconf 90' lang='grc' dir='ltr'>τί</span> <span class='ocrx_word' id='word_1_82' title='bbox 2840 953 2933 1004; x_wconf 89' lang='grc' dir='ltr'>μοι</span> <span class='ocrx_word' id='word_1_83' title='bbox 2958 933 3025 987; x_wconf 72' lang='grc' dir='ltr'>τὰ</span> <span class='ocrx_word' id='word_1_84' title='bbox 3052 933 3280 1006; x_wconf 69' lang='grc' dir='ltr'>ἀστρικὰ</span> <span class='ocrx_word' id='word_1_85' title='bbox 3320 939 3528 1004; x_wconf 86' lang='grc' dir='ltr'>ταῦτα;</span> <span class='ocrx_word' id='word_1_86' title='bbox 3577 937 3679 998; x_wconf 84' lang='grc' dir='ltr'>Οἷς</span> <span class='ocrx_word' id='word_1_87' title='bbox 3722 933 3876 1013; x_wconf 75' lang='grc' dir='ltr'>ἔχων</span> 
     </span>
    </p>
   </div>
   <div class='ocr_carea' id='block_1_11' title="bbox 451 1023 2100 1098">
    <p class='ocr_par' dir='ltr' id='par_1_11' title="bbox 451 1023 2100 1098">
     <span class='ocr_line' id='line_1_11' title="bbox 451 1023 2100 1098; baseline -0.005 -14"><span class='ocrx_word' id='word_1_88' title='bbox 451 1044 651 1084; x_wconf 90' lang='lat' dir='ltr'>eorum</span> <span class='ocrx_word' id='word_1_89' title='bbox 675 1043 782 1098; x_wconf 86' lang='lat' dir='ltr'>ope</span> <span class='ocrx_word' id='word_1_90' title='bbox 808 1041 922 1079; x_wconf 90' lang='lat' dir='ltr'>non</span> <span class='ocrx_word' id='word_1_91' title='bbox 954 1024 1148 1095; x_wconf 88' lang='lat' dir='ltr'>inepte</span> <span class='ocrx_word' id='word_1_92' title='bbox 1171 1023 1492 1096; x_wconf 84' lang='lat' dir='ltr'>longiorem</span> <span class='ocrx_word' id='word_1_93' title='bbox 1507 1023 1749 1078; x_wconf 85' lang='lat' dir='ltr'>reddere</span> <span class='ocrx_word' id='word_1_94' title='bbox 1766 1037 2100 1077; x_wconf 77' lang='lat' dir='ltr'>sermonem</span> 
     </span>
    </p>
   </div>
   <div class='ocr_carea' id='block_1_12' title="bbox 447 1109 2097 1190">
    <p class='ocr_par' dir='ltr' id='par_1_12' title="bbox 447 1109 2097 1190">
     <span class='ocr_line' id='line_1_12' title="bbox 447 1109 2097 1190; baseline -0.005 -18"><span class='ocrx_word' id='word_1_95' title='bbox 447 1132 704 1190; x_wconf 87' lang='lat' dir='ltr'>possem,</span> <span class='ocrx_word' id='word_1_96' title='bbox 736 1113 1088 1186; x_wconf 81' lang='lat' dir='ltr'>prudentius</span> <span class='ocrx_word' id='word_1_97' title='bbox 1119 1117 1316 1168; x_wconf 85' lang='lat' dir='ltr'>tamen</span> <span class='ocrx_word' id='word_1_98' title='bbox 1347 1111 1730 1179; x_wconf 87' lang='lat' dir='ltr'>disseram,ut</span> <span class='ocrx_word' id='word_1_99' title='bbox 1760 1109 2000 1167; x_wconf 89' lang='lat' dir='ltr'>secundi</span> <span class='ocrx_word' id='word_1_100' title='bbox 2032 1126 2097 1164; x_wconf 89' lang='lat' dir='ltr'>ac</span> 
     </span>
    </p>
   </div>
   <div class='ocr_carea' id='block_1_13' title="bbox 443 1200 2095 1274">
    <p class='ocr_par' dir='ltr' id='par_1_13' title="bbox 443 1200 2095 1274">
     <span class='ocr_line' id='line_1_13' title="bbox 443 1200 2095 1274; baseline -0.004 -14"><span class='ocrx_word' id='word_1_101' title='bbox 443 1205 598 1260; x_wconf 86' lang='lat' dir='ltr'>tertii</span> <span class='ocrx_word' id='word_1_102' title='bbox 631 1203 854 1261; x_wconf 83' lang='lat' dir='ltr'>ordinis</span> <span class='ocrx_word' id='word_1_103' title='bbox 893 1202 1170 1258; x_wconf 86' lang='lat' dir='ltr'>monachi</span> <span class='ocrx_word' id='word_1_104' title='bbox 1205 1207 1514 1274; x_wconf 64' lang='lat' dir='ltr'>prietexere</span> <span class='ocrx_word' id='word_1_105' title='bbox 1546 1203 1856 1272; x_wconf 84' lang='lat' dir='ltr'>nequeant.</span> <span class='ocrx_word' id='word_1_106' title='bbox 1890 1200 2095 1254; x_wconf 90' lang='lat' dir='ltr'>horam</span> 
     </span>
    </p>
   </div>
   <div class='ocr_carea' id='block_1_14' title="bbox 445 1289 2095 1358">
    <p class='ocr_par' dir='ltr' id='par_1_14' title="bbox 445 1289 2095 1358">
     <span class='ocr_line' id='line_1_14' title="bbox 445 1289 2095 1358; baseline -0.005 -7"><span class='ocrx_word' id='word_1_107' title='bbox 445 1295 654 1351; x_wconf 79' lang='lat' dir='ltr'>salutis</span> <span class='ocrx_word' id='word_1_108' title='bbox 686 1311 810 1349; x_wconf 74' lang='lat' dir='ltr'>sum</span> <span class='ocrx_word' id='word_1_109' title='bbox 837 1293 1100 1347; x_wconf 91' lang='lat' dir='ltr'>nondum</span> <span class='ocrx_word' id='word_1_110' title='bbox 1127 1292 1388 1358; x_wconf 85' lang='lat' dir='ltr'>venisse;</span> <span class='ocrx_word' id='word_1_111' title='bbox 1422 1306 1562 1345; x_wconf 85' lang='lat' dir='ltr'>neve</span> <span class='ocrx_word' id='word_1_112' title='bbox 1613 1290 1830 1356; x_wconf 88' lang='lat' dir='ltr'>dicant,</span> <span class='ocrx_word' id='word_1_113' title='bbox 1873 1312 1899 1339; x_wconf 88' lang='lat'><strong>«</strong></span> <span class='ocrx_word' id='word_1_114' title='bbox 1929 1289 2095 1343; x_wconf 90' lang='lat' dir='ltr'>Nunc</span> 
     </span>
    </p>
   </div>
   <div class='ocr_carea' id='block_1_15' title="bbox 444 1377 2095 1457">
    <p class='ocr_par' dir='ltr' id='par_1_15' title="bbox 444 1377 2095 1457">
     <span class='ocr_line' id='line_1_15' title="bbox 444 1377 2095 1457; baseline -0.005 -17"><span class='ocrx_word' id='word_1_115' title='bbox 444 1385 684 1457; x_wconf 88' lang='lat' dir='ltr'>quidem</span> <span class='ocrx_word' id='word_1_116' title='bbox 705 1382 874 1456; x_wconf 87' lang='lat' dir='ltr'>genio</span> <span class='ocrx_word' id='word_1_117' title='bbox 906 1381 1338 1453; x_wconf 89' lang='lat' dir='ltr'>indulgendum</span> <span class='ocrx_word' id='word_1_118' title='bbox 1366 1404 1380 1447; x_wconf 84' lang='lat'><strong>;</strong></span> <span class='ocrx_word' id='word_1_119' title='bbox 1411 1395 1568 1434; x_wconf 90' lang='lat' dir='ltr'>nune</span> <span class='ocrx_word' id='word_1_120' title='bbox 1598 1377 1908 1450; x_wconf 80' lang='lat' dir='ltr'>paululum</span> <span class='ocrx_word' id='word_1_121' title='bbox 1958 1393 2095 1450; x_wconf 87' lang='lat' dir='ltr'>pec-</span> 
     </span>
    </p>
   </div>
   <div class='ocr_carea' id='block_1_16' title="bbox 447 1466 2096 1544">
    <p class='ocr_par' dir='ltr' id='par_1_16' title="bbox 447 1466 2096 1544">
     <span class='ocr_line' id='line_1_16' title="bbox 447 1466 2096 1544; baseline -0.004 -15"><span class='ocrx_word' id='word_1_122' title='bbox 447 1475 698 1529; x_wconf 88' lang='lat' dir='ltr'>candum</span> <span class='ocrx_word' id='word_1_123' title='bbox 741 1491 754 1540; x_wconf 92' lang='lat'><strong>;</strong></span> <span class='ocrx_word' id='word_1_124' title='bbox 787 1472 946 1544; x_wconf 86' lang='lat' dir='ltr'>parvi</span> <span class='ocrx_word' id='word_1_125' title='bbox 981 1471 1137 1526; x_wconf 85' lang='lat' dir='ltr'>enim</span> <span class='ocrx_word' id='word_1_126' title='bbox 1169 1485 1377 1525; x_wconf 89' lang='lat' dir='ltr'>sumus</span> <span class='ocrx_word' id='word_1_127' title='bbox 1409 1473 1465 1523; x_wconf 93' lang='lat' dir='ltr'>et</span> <span class='ocrx_word' id='word_1_128' title='bbox 1494 1485 1610 1523; x_wconf 93' lang='lat' dir='ltr'>non</span> <span class='ocrx_word' id='word_1_129' title='bbox 1633 1466 2096 1534; x_wconf 88' lang='lat' dir='ltr'>maturi;talibus</span> 
     </span>
    </p>
   </div>
   <div class='ocr_carea' id='block_1_17' title="bbox 446 1555 2097 1632">
    <p class='ocr_par' dir='ltr' id='par_1_17' title="bbox 446 1555 2097 1632">
     <span class='ocr_line' id='line_1_17' title="bbox 446 1555 2097 1632; baseline -0.005 -15"><span class='ocrx_word' id='word_1_130' title='bbox 446 1567 642 1618; x_wconf 89' lang='lat' dir='ltr'>autem</span> <span class='ocrx_word' id='word_1_131' title='bbox 675 1566 972 1632; x_wconf 88' lang='lat' dir='ltr'>peccatum</span> <span class='ocrx_word' id='word_1_132' title='bbox 1006 1575 1122 1614; x_wconf 93' lang='lat' dir='ltr'>non</span> <span class='ocrx_word' id='word_1_133' title='bbox 1151 1559 1496 1630; x_wconf 87' lang='lat' dir='ltr'>imputatur,</span> <span class='ocrx_word' id='word_1_134' title='bbox 1527 1573 1638 1611; x_wconf 81' lang='lat' dir='ltr'>nex</span> <span class='ocrx_word' id='word_1_135' title='bbox 1668 1556 1757 1611; x_wconf 85' lang='lat' dir='ltr'>lex</span> <span class='ocrx_word' id='word_1_136' title='bbox 1798 1555 2097 1627; x_wconf 81' lang='lat' dir='ltr'>perfectio-</span> 
     </span>
    </p>
   </div>
   <div class='ocr_carea' id='block_1_18' title="bbox 445 1643 2095 1718">
    <p class='ocr_par' dir='ltr' id='par_1_18' title="bbox 445 1643 2095 1718">
     <span class='ocr_line' id='line_1_18' title="bbox 445 1643 2095 1718; baseline -0.004 -13"><span class='ocrx_word' id='word_1_137' title='bbox 445 1649 537 1705; x_wconf 88' lang='lat' dir='ltr'>nis</span> <span class='ocrx_word' id='word_1_138' title='bbox 571 1650 831 1704; x_wconf 88' lang='lat' dir='ltr'>nondum</span> <span class='ocrx_word' id='word_1_139' title='bbox 893 1647 1248 1718; x_wconf 88' lang='lat' dir='ltr'>imponenda</span> <span class='ocrx_word' id='word_1_140' title='bbox 1277 1649 1386 1700; x_wconf 89' lang='lat' dir='ltr'>est.</span> <span class='ocrx_word' id='word_1_141' title='bbox 1419 1645 1669 1700; x_wconf 89' lang='lat' dir='ltr'>Castitas</span> <span class='ocrx_word' id='word_1_142' title='bbox 1704 1643 2095 1714; x_wconf 89' lang='lat' dir='ltr'>imperabitur</span> 
     </span>
    </p>
   </div>
   <div class='ocr_carea' id='block_1_19' title="bbox 444 1731 2090 1810">
    <p class='ocr_par' dir='ltr' id='par_1_19' title="bbox 444 1731 2090 1810">
     <span class='ocr_line' id='line_1_19' title="bbox 444 1731 2090 1810; baseline -0.004 -17"><span class='ocrx_word' id='word_1_143' title='bbox 444 1739 678 1810; x_wconf 83' lang='lat' dir='ltr'>quando</span> <span class='ocrx_word' id='word_1_144' title='bbox 701 1738 988 1808; x_wconf 83' lang='lat' dir='ltr'>majorum</span> <span class='ocrx_word' id='word_1_145' title='bbox 1007 1736 1281 1790; x_wconf 87' lang='lat' dir='ltr'>ordinum</span> <span class='ocrx_word' id='word_1_146' title='bbox 1304 1739 1360 1789; x_wconf 91' lang='lat' dir='ltr'>et</span> <span class='ocrx_word' id='word_1_147' title='bbox 1382 1733 1554 1788; x_wconf 92' lang='lat' dir='ltr'>morti</span> <span class='ocrx_word' id='word_1_148' title='bbox 1577 1732 1826 1804; x_wconf 85' lang='lat' dir='ltr'>proximi</span> <span class='ocrx_word' id='word_1_149' title='bbox 1849 1731 2090 1801; x_wconf 86' lang='lat' dir='ltr'>erimus,</span> 
     </span>
    </p>
   </div>
   <div class='ocr_carea' id='block_1_20' title="bbox 389 1819 2094 1900">
    <p class='ocr_par' dir='ltr' id='par_1_20' title="bbox 389 1819 2094 1900">
     <span class='ocr_line' id='line_1_20' title="bbox 389 1819 2094 1900; baseline -0.005 -17"><span class='ocrx_word' id='word_1_150' title='bbox 389 1825 395 1832; x_wconf 84' lang='grc'><em>’</em></span> <span class='ocrx_word' id='word_1_151' title='bbox 442 1826 971 1900; x_wconf 66' lang='lat' dir='ltr'>imprmsentiarum</span> <span class='ocrx_word' id='word_1_152' title='bbox 1001 1828 1196 1880; x_wconf 87' lang='lat' dir='ltr'>autem</span> <span class='ocrx_word' id='word_1_153' title='bbox 1229 1824 1286 1878; x_wconf 93' lang='lat' dir='ltr'>in</span> <span class='ocrx_word' id='word_1_154' title='bbox 1324 1822 1547 1878; x_wconf 89' lang='lat' dir='ltr'>deliciis</span> <span class='ocrx_word' id='word_1_155' title='bbox 1570 1822 1898 1878; x_wconf 77' lang='lat' dir='ltr'>vivendum.</span> <span class='ocrx_word' id='word_1_156' title='bbox 1931 1819 2094 1876; x_wconf 86' lang='lat' dir='ltr'>Salu-</span> 
     </span>
    </p>
   </div>
   <div class='ocr_carea' id='block_1_21' title="bbox 441 1908 2088 1988">
    <p class='ocr_par' dir='ltr' id='par_1_21' title="bbox 441 1908 2088 1988">
     <span class='ocr_line' id='line_1_21' title="bbox 441 1908 2088 1988; baseline -0.004 -17"><span class='ocrx_word' id='word_1_157' title='bbox 441 1921 559 1971; x_wconf 85' lang='lat' dir='ltr'>tem</span> <span class='ocrx_word' id='word_1_158' title='bbox 595 1919 798 1988; x_wconf 87' lang='lat' dir='ltr'>postea</span> <span class='ocrx_word' id='word_1_159' title='bbox 827 1929 1182 1984; x_wconf 68' lang='lat' dir='ltr'>quaaremus,</span> <span class='ocrx_word' id='word_1_160' title='bbox 1217 1916 1279 1967; x_wconf 91' lang='lat' dir='ltr'>ut</span> <span class='ocrx_word' id='word_1_161' title='bbox 1306 1912 1424 1966; x_wconf 88' lang='lat' dir='ltr'>vita</span> <span class='ocrx_word' id='word_1_162' title='bbox 1454 1911 1574 1966; x_wconf 67' lang='lat' dir='ltr'>haec</span> <span class='ocrx_word' id='word_1_163' title='bbox 1606 1908 1907 1965; x_wconf 87' lang='lat' dir='ltr'>sensibilis</span> <span class='ocrx_word' id='word_1_164' title='bbox 1934 1926 2088 1974; x_wconf 88' lang='lat' dir='ltr'>mor-</span> 
     </span>
    </p>
   </div>
   <div class='ocr_carea' id='block_1_22' title="bbox 437 1999 2088 2073">
    <p class='ocr_par' dir='ltr' id='par_1_22' title="bbox 437 1999 2088 2073">
     <span class='ocr_line' id='line_1_22' title="bbox 437 1999 2088 2073; baseline -0.004 -12"><span class='ocrx_word' id='word_1_165' title='bbox 437 2010 556 2061; x_wconf 87' lang='lat' dir='ltr'>tem</span> <span class='ocrx_word' id='word_1_166' title='bbox 590 2003 995 2060; x_wconf 89' lang='lat' dir='ltr'>insensibilem</span> <span class='ocrx_word' id='word_1_167' title='bbox 1029 2002 1338 2073; x_wconf 65' lang='lat' dir='ltr'>praecedat.</span> <span class='ocrx_word' id='word_1_168' title='bbox 1373 2022 1402 2051; x_wconf 87' lang='lat'>»</span> <span class='ocrx_word' id='word_1_169' title='bbox 1436 1999 1641 2071; x_wconf 85' lang='lat' dir='ltr'>Igitur,</span> <span class='ocrx_word' id='word_1_170' title='bbox 1691 1999 1921 2068; x_wconf 85' lang='lat' dir='ltr'>fratres,</span> <span class='ocrx_word' id='word_1_171' title='bbox 1955 2015 2088 2070; x_wconf 90' lang='lat' dir='ltr'>pro-</span> 
     </span>
    </p>
   </div>
   <div class='ocr_carea' id='block_1_23' title="bbox 437 2087 2087 2161">
    <p class='ocr_par' dir='ltr' id='par_1_23' title="bbox 437 2087 2087 2161">
     <span class='ocr_line' id='line_1_23' title="bbox 437 2087 2087 2161; baseline -0.005 -12"><span class='ocrx_word' id='word_1_172' title='bbox 437 2095 759 2149; x_wconf 88' lang='lat' dir='ltr'>cedendum</span> <span class='ocrx_word' id='word_1_173' title='bbox 793 2097 883 2146; x_wconf 90' lang='lat' dir='ltr'>est</span> <span class='ocrx_word' id='word_1_174' title='bbox 912 2108 982 2146; x_wconf 83' lang='lat' dir='ltr'>ex</span> <span class='ocrx_word' id='word_1_175' title='bbox 1014 2091 1108 2158; x_wconf 89' lang='lat' dir='ltr'>iis,</span> <span class='ocrx_word' id='word_1_176' title='bbox 1169 2107 1298 2161; x_wconf 79' lang='lat' dir='ltr'>quae</span> <span class='ocrx_word' id='word_1_177' title='bbox 1336 2089 1608 2159; x_wconf 81' lang='lat' dir='ltr'>superius</span> <span class='ocrx_word' id='word_1_178' title='bbox 1643 2087 2087 2152; x_wconf 83' lang='lat' dir='ltr'>constituimus,</span> 
     </span>
    </p>
   </div>
   <div class='ocr_carea' id='block_1_24' title="bbox 435 2177 2089 2251">
    <p class='ocr_par' dir='ltr' id='par_1_24' title="bbox 435 2177 2089 2251">
     <span class='ocr_line' id='line_1_24' title="bbox 435 2177 2089 2251; baseline -0.004 -12"><span class='ocrx_word' id='word_1_179' title='bbox 435 2183 589 2239; x_wconf 87' lang='lat' dir='ltr'>sicut</span> <span class='ocrx_word' id='word_1_180' title='bbox 616 2183 735 2239; x_wconf 88' lang='lat' dir='ltr'>veri</span> <span class='ocrx_word' id='word_1_181' title='bbox 769 2180 1039 2237; x_wconf 89' lang='lat' dir='ltr'>monachi</span> <span class='ocrx_word' id='word_1_182' title='bbox 1071 2178 1312 2251; x_wconf 85' lang='lat' dir='ltr'>grandia</span> <span class='ocrx_word' id='word_1_183' title='bbox 1345 2177 1662 2232; x_wconf 84' lang='lat' dir='ltr'>luminaria</span> <span class='ocrx_word' id='word_1_184' title='bbox 1693 2177 1976 2244; x_wconf 85' lang='lat' dir='ltr'>ferentes;</span> <span class='ocrx_word' id='word_1_185' title='bbox 2004 2192 2089 2232; x_wconf 85' lang='lat' dir='ltr'>se-</span> 
     </span>
    </p>
   </div>
   <div class='ocr_carea' id='block_1_25' title="bbox 431 2265 2083 2342">
    <p class='ocr_par' dir='ltr' id='par_1_25' title="bbox 431 2265 2083 2342">
     <span class='ocr_line' id='line_1_25' title="bbox 431 2265 2083 2342; baseline -0.005 -14"><span class='ocrx_word' id='word_1_186' title='bbox 431 2271 768 2328; x_wconf 91' lang='lat' dir='ltr'>cundariaii</span> <span class='ocrx_word' id='word_1_187' title='bbox 801 2270 1016 2342; x_wconf 88' lang='lat' dir='ltr'>quibus</span> <span class='ocrx_word' id='word_1_188' title='bbox 1046 2285 1279 2324; x_wconf 89' lang='lat' dir='ltr'>sacrum</span> <span class='ocrx_word' id='word_1_189' title='bbox 1304 2268 1519 2339; x_wconf 83' lang='lat' dir='ltr'>duplex</span> <span class='ocrx_word' id='word_1_190' title='bbox 1551 2265 1895 2321; x_wconf 90' lang='lat' dir='ltr'>mantellum</span> <span class='ocrx_word' id='word_1_191' title='bbox 1946 2281 2083 2320; x_wconf 84' lang='lat' dir='ltr'>con-</span> 
     </span>
    </p>
   </div>
   <div class='ocr_carea' id='block_1_26' title="bbox 2210 1017 3876 1100">
    <p class='ocr_par' dir='ltr' id='par_1_26' title="bbox 2210 1017 3876 1100">
     <span class='ocr_line' id='line_1_26' title="bbox 2210 1017 3876 1100; baseline 0.005 -28"><span class='ocrx_word' id='word_1_192' title='bbox 2210 1018 2310 1073; x_wconf 74' lang='grc' dir='ltr'>οὐκ</span> <span class='ocrx_word' id='word_1_193' title='bbox 2360 1017 2708 1098; x_wconf 66' lang='grc' dir='ltr'>ἀπροσφυῶς,</span> <span class='ocrx_word' id='word_1_194' title='bbox 2768 1019 2895 1076; x_wconf 73' lang='grc' dir='ltr'>οὐδὲ</span> <span class='ocrx_word' id='word_1_195' title='bbox 2957 1023 3063 1095; x_wconf 71' lang='grc' dir='ltr'>μὴν</span> <span class='ocrx_word' id='word_1_196' title='bbox 3118 1023 3302 1100; x_wconf 75' lang='grc' dir='ltr'>ἀφυῶς</span> <span class='ocrx_word' id='word_1_197' title='bbox 3339 1069 3353 1096; x_wconf 85' lang='grc'>,</span> <span class='ocrx_word' id='word_1_198' title='bbox 3421 1023 3876 1097; x_wconf 72' lang='grc' dir='ltr'>ἑμπλατῦνασθαι</span> 
     </span>
    </p>
   </div>
   <div class='ocr_carea' id='block_1_27' title="bbox 2210 1105 3874 1187">
    <p class='ocr_par' dir='ltr' id='par_1_27' title="bbox 2210 1105 3874 1187">
     <span class='ocr_line' id='line_1_27' title="bbox 2210 1105 3874 1187; baseline 0.005 -26"><span class='ocrx_word' id='word_1_199' title='bbox 2210 1106 2285 1168; x_wconf 56' lang='grc' dir='ltr'>εἷς</span> <span class='ocrx_word' id='word_1_200' title='bbox 2319 1105 2509 1175; x_wconf 82' lang='grc' dir='ltr'>πλέον,</span> <span class='ocrx_word' id='word_1_201' title='bbox 2553 1106 2708 1182; x_wconf 75' lang='grc' dir='ltr'>ὅμως</span> <span class='ocrx_word' id='word_1_202' title='bbox 2764 1109 2983 1174; x_wconf 74' lang='grc' dir='ltr'>ἐνταῦθα</span> <span class='ocrx_word' id='word_1_203' title='bbox 3033 1112 3450 1187; x_wconf 79' lang='grc' dir='ltr'>νουνεχέστερον</span> <span class='ocrx_word' id='word_1_204' title='bbox 3499 1117 3751 1177; x_wconf 81' lang='grc' dir='ltr'>καθιστῶ</span> <span class='ocrx_word' id='word_1_205' title='bbox 3779 1116 3874 1170; x_wconf 82' lang='grc' dir='ltr'>τὸν</span> 
     </span>
    </p>
   </div>
   <div class='ocr_carea' id='block_1_28' title="bbox 2208 1194 3877 1279">
    <p class='ocr_par' dir='ltr' id='par_1_28' title="bbox 2208 1194 3877 1279">
     <span class='ocr_line' id='line_1_28' title="bbox 2208 1194 3877 1279; baseline 0.005 -29"><span class='ocrx_word' id='word_1_206' title='bbox 2208 1196 2393 1272; x_wconf 84' lang='grc' dir='ltr'>λόγον,</span> <span class='ocrx_word' id='word_1_207' title='bbox 2445 1194 2538 1251; x_wconf 67' lang='grc' dir='ltr'>ἵνα</span> <span class='ocrx_word' id='word_1_208' title='bbox 2593 1199 2810 1270; x_wconf 71' lang='grc' dir='ltr'>μάθοιεν</span> <span class='ocrx_word' id='word_1_209' title='bbox 2860 1200 2947 1253; x_wconf 78' lang='grc' dir='ltr'>καὶ</span> <span class='ocrx_word' id='word_1_210' title='bbox 3001 1199 3052 1253; x_wconf 72' lang='lat' dir='ltr'>o&#39;t</span> <span class='ocrx_word' id='word_1_211' title='bbox 3092 1204 3188 1254; x_wconf 89' lang='grc' dir='ltr'>τοῦ</span> <span class='ocrx_word' id='word_1_212' title='bbox 3242 1198 3494 1277; x_wconf 85' lang='grc' dir='ltr'>δευτέρου</span> <span class='ocrx_word' id='word_1_213' title='bbox 3525 1204 3612 1257; x_wconf 76' lang='grc' dir='ltr'>καὶ</span> <span class='ocrx_word' id='word_1_214' title='bbox 3677 1205 3877 1279; x_wconf 81' lang='grc' dir='ltr'>τρίτου</span> 
     </span>
    </p>
   </div>
   <div class='ocr_carea' id='block_1_29' title="bbox 2207 1287 3875 1368">
    <p class='ocr_par' dir='ltr' id='par_1_29' title="bbox 2207 1287 3875 1368">
     <span class='ocr_line' id='line_1_29' title="bbox 2207 1287 3875 1368; baseline 0.007 -30"><span class='ocrx_word' id='word_1_215' title='bbox 2207 1287 2495 1360; x_wconf 75' lang='grc' dir='ltr'>σχήματος</span> <span class='ocrx_word' id='word_1_216' title='bbox 2526 1287 2762 1362; x_wconf 83' lang='grc' dir='ltr'>μοναχοὶ</span> <span class='ocrx_word' id='word_1_217' title='bbox 2799 1288 2874 1360; x_wconf 76' lang='grc' dir='ltr'>μή</span> <span class='ocrx_word' id='word_1_218' title='bbox 2926 1287 3073 1364; x_wconf 82' lang='grc' dir='ltr'>ἔχειν</span> <span class='ocrx_word' id='word_1_219' title='bbox 3124 1290 3568 1368; x_wconf 75' lang='grc' dir='ltr'>προφασίζεσθαι,</span> <span class='ocrx_word' id='word_1_220' title='bbox 3601 1292 3681 1355; x_wconf 86' lang='grc' dir='ltr'>ὡς</span> <span class='ocrx_word' id='word_1_221' title='bbox 3713 1293 3875 1349; x_wconf 78' lang='grc' dir='ltr'>οῧπω</span> 
     </span>
    </p>
   </div>
   <div class='ocr_carea' id='block_1_30' title="bbox 2205 1374 3873 1457">
    <p class='ocr_par' dir='ltr' id='par_1_30' title="bbox 2205 1374 3873 1457">
     <span class='ocr_line' id='line_1_30' title="bbox 2205 1374 3873 1457; baseline 0.006 -29"><span class='ocrx_word' id='word_1_222' title='bbox 2205 1381 2326 1444; x_wconf 79' lang='grc' dir='ltr'>ἥκει</span> <span class='ocrx_word' id='word_1_223' title='bbox 2357 1374 2541 1437; x_wconf 80' lang='grc' dir='ltr'>αὐτοῖς</span> <span class='ocrx_word' id='word_1_224' title='bbox 2582 1378 2617 1444; x_wconf 78' lang='grc' dir='ltr'><strong>ἡ</strong></span> <span class='ocrx_word' id='word_1_225' title='bbox 2671 1375 2787 1447; x_wconf 83' lang='grc' dir='ltr'>ὥρα</span> <span class='ocrx_word' id='word_1_226' title='bbox 2831 1380 2928 1431; x_wconf 88' lang='grc' dir='ltr'>τοῦ</span> <span class='ocrx_word' id='word_1_227' title='bbox 2979 1383 3270 1442; x_wconf 86' lang='grc' dir='ltr'>σοσῶσθαι·</span> <span class='ocrx_word' id='word_1_228' title='bbox 3317 1377 3459 1452; x_wconf 73' lang='grc' dir='ltr'>μηδὲ</span> <span class='ocrx_word' id='word_1_229' title='bbox 3488 1379 3730 1457; x_wconf 77' lang='grc' dir='ltr'>λέγοιεν,</span> <span class='ocrx_word' id='word_1_230' title='bbox 3795 1384 3873 1446; x_wconf 84' lang='grc' dir='ltr'>ὡς</span> 
     </span>
    </p>
   </div>
   <div class='ocr_carea' id='block_1_31' title="bbox 2206 1463 3874 1547">
    <p class='ocr_par' dir='ltr' id='par_1_31' title="bbox 2206 1463 3874 1547">
     <span class='ocr_line' id='line_1_31' title="bbox 2206 1463 3874 1547; baseline 0.006 -30"><span class='ocrx_word' id='word_1_231' title='bbox 2206 1488 2235 1516; x_wconf 91' lang='grc'>‹‹</span> <span class='ocrx_word' id='word_1_232' title='bbox 2294 1467 2398 1518; x_wconf 84' lang='grc' dir='ltr'>Νῦν</span> <span class='ocrx_word' id='word_1_233' title='bbox 2461 1465 2554 1536; x_wconf 76' lang='grc' dir='ltr'>μὲν</span> <span class='ocrx_word' id='word_1_234' title='bbox 2608 1463 2773 1540; x_wconf 84' lang='grc' dir='ltr'>ὀλίγα</span> <span class='ocrx_word' id='word_1_235' title='bbox 2819 1465 3222 1542; x_wconf 83' lang='grc' dir='ltr'>ἐγκρατευτέον,</span> <span class='ocrx_word' id='word_1_236' title='bbox 3286 1469 3375 1523; x_wconf 82' lang='grc' dir='ltr'>καὶ</span> <span class='ocrx_word' id='word_1_237' title='bbox 3431 1466 3618 1526; x_wconf 83' lang='grc' dir='ltr'>δοτέον</span> <span class='ocrx_word' id='word_1_238' title='bbox 3669 1470 3874 1547; x_wconf 81' lang='grc' dir='ltr'>μερίδα</span> 
     </span>
    </p>
   </div>
   <div class='ocr_carea' id='block_1_32' title="bbox 2203 1552 3868 1636">
    <p class='ocr_par' dir='ltr' id='par_1_32' title="bbox 2203 1552 3868 1636">
     <span class='ocr_line' id='line_1_32' title="bbox 2203 1552 3868 1636; baseline 0.006 -30"><span class='ocrx_word' id='word_1_239' title='bbox 2203 1553 2293 1606; x_wconf 73' lang='grc' dir='ltr'>καὶ</span> <span class='ocrx_word' id='word_1_240' title='bbox 2346 1559 2463 1615; x_wconf 87' lang='grc' dir='ltr'>ταῖς</span> <span class='ocrx_word' id='word_1_241' title='bbox 2514 1555 2913 1629; x_wconf 81' lang='grc' dir='ltr'>ἁμαρτητικαῖς</span> <span class='ocrx_word' id='word_1_242' title='bbox 2973 1552 3237 1619; x_wconf 79' lang='grc' dir='ltr'>διαθέσεσι</span> <span class='ocrx_word' id='word_1_243' title='bbox 3273 1577 3286 1591; x_wconf 75' lang='grc' dir='ltr'><strong>ο</strong></span> <span class='ocrx_word' id='word_1_244' title='bbox 3370 1559 3557 1633; x_wconf 83' lang='grc' dir='ltr'>μικροὶ</span> <span class='ocrx_word' id='word_1_245' title='bbox 3615 1561 3724 1636; x_wconf 78' lang='grc' dir='ltr'>γὰρ</span> <span class='ocrx_word' id='word_1_246' title='bbox 3781 1557 3868 1617; x_wconf 83' lang='grc' dir='ltr'>ἔτι</span> 
     </span>
    </p>
   </div>
   <div class='ocr_carea' id='block_1_33' title="bbox 2202 1639 3869 1723">
    <p class='ocr_par' dir='ltr' id='par_1_33' title="bbox 2202 1639 3869 1723">
     <span class='ocr_line' id='line_1_33' title="bbox 2202 1639 3869 1723; baseline 0.006 -29"><span class='ocrx_word' id='word_1_247' title='bbox 2202 1639 2361 1712; x_wconf 71' lang='grc' dir='ltr'>ἐσμὲν</span> <span class='ocrx_word' id='word_1_248' title='bbox 2418 1641 2508 1696; x_wconf 81' lang='grc' dir='ltr'>καὶ</span> <span class='ocrx_word' id='word_1_249' title='bbox 2560 1641 2791 1705; x_wconf 85' lang='grc' dir='ltr'>ἀτελεῖς·</span> <span class='ocrx_word' id='word_1_250' title='bbox 2849 1649 2967 1706; x_wconf 84' lang='grc' dir='ltr'>τοῖς</span> <span class='ocrx_word' id='word_1_251' title='bbox 3024 1641 3081 1698; x_wconf 74' lang='grc' dir='ltr'>δὲ</span> <span class='ocrx_word' id='word_1_252' title='bbox 3136 1645 3420 1708; x_wconf 65' lang='grc' dir='ltr'>τοιονὸτοις-</span> <span class='ocrx_word' id='word_1_253' title='bbox 3463 1648 3528 1702; x_wconf 78' lang='grc' dir='ltr'>οὐ</span> <span class='ocrx_word' id='word_1_254' title='bbox 3575 1647 3869 1723; x_wconf 83' lang='grc' dir='ltr'>λογίζεται</span> 
     </span>
    </p>
   </div>
   <div class='ocr_carea' id='block_1_34' title="bbox 2204 1731 3868 1806">
    <p class='ocr_par' dir='ltr' id='par_1_34' title="bbox 2204 1731 3868 1806">
     <span class='ocr_line' id='line_1_34' title="bbox 2204 1731 3868 1806; baseline 0.007 -22"><span class='ocrx_word' id='word_1_255' title='bbox 2204 1731 2460 1804; x_wconf 80' lang='grc' dir='ltr'>ἁμαρτία,</span> <span class='ocrx_word' id='word_1_256' title='bbox 2510 1731 2600 1786; x_wconf 86' lang='grc' dir='ltr'>καὶ</span> <span class='ocrx_word' id='word_1_257' title='bbox 2649 1754 2768 1794; x_wconf 91' lang='grc' dir='ltr'>πως</span> <span class='ocrx_word' id='word_1_258' title='bbox 2817 1731 2941 1788; x_wconf 73' lang='grc' dir='ltr'>οὐδὲ</span> <span class='ocrx_word' id='word_1_259' title='bbox 2970 1734 3138 1806; x_wconf 89' lang='grc' dir='ltr'>νόμος</span> <span class='ocrx_word' id='word_1_260' title='bbox 3167 1732 3352 1796; x_wconf 73' lang='grc' dir='ltr'>αὐτοῖς</span> <span class='ocrx_word' id='word_1_261' title='bbox 3378 1738 3730 1801; x_wconf 80' lang='grc' dir='ltr'>τεΛειοποιὸς</span> <span class='ocrx_word' id='word_1_262' title='bbox 3787 1736 3868 1795; x_wconf 78' lang='grc' dir='ltr'>ἔτι</span> 
     </span>
    </p>
   </div>
   <div class='ocr_carea' id='block_1_35' title="bbox 2199 1817 3869 1904">
    <p class='ocr_par' dir='ltr' id='par_1_35' title="bbox 2199 1817 3869 1904">
     <span class='ocr_line' id='line_1_35' title="bbox 2199 1817 3869 1904; baseline 0.006 -32"><span class='ocrx_word' id='word_1_263' title='bbox 2199 1825 2392 1876; x_wconf 85' lang='grc' dir='ltr'>κεῖται.</span> <span class='ocrx_word' id='word_1_264' title='bbox 2429 1819 2786 1896; x_wconf 83' lang='grc' dir='ltr'>Καθαρευτέον</span> <span class='ocrx_word' id='word_1_265' title='bbox 2822 1819 2880 1876; x_wconf 80' lang='grc' dir='ltr'>δὲ</span> <span class='ocrx_word' id='word_1_266' title='bbox 2910 1821 2985 1884; x_wconf 74' lang='grc' dir='ltr'>εἰς</span> <span class='ocrx_word' id='word_1_267' title='bbox 3017 1817 3260 1896; x_wconf 76' lang='grc' dir='ltr'>ἀκριϐὲς,</span> <span class='ocrx_word' id='word_1_268' title='bbox 3307 1823 3397 1878; x_wconf 80' lang='grc' dir='ltr'>ὅτε</span> <span class='ocrx_word' id='word_1_269' title='bbox 3450 1830 3549 1879; x_wconf 90' lang='grc' dir='ltr'>τοῦ</span> <span class='ocrx_word' id='word_1_270' title='bbox 3614 1826 3869 1904; x_wconf 76' lang='grc' dir='ltr'>μεγάλου</span> 
     </span>
    </p>
   </div>
   <div class='ocr_carea' id='block_1_36' title="bbox 2198 1908 3869 1993">
    <p class='ocr_par' dir='ltr' id='par_1_36' title="bbox 2198 1908 3869 1993">
     <span class='ocr_line' id='line_1_36' title="bbox 2198 1908 3869 1993; baseline 0.006 -31"><span class='ocrx_word' id='word_1_271' title='bbox 2198 1908 2481 1982; x_wconf 87' lang='grc' dir='ltr'>γενώμεθα</span> <span class='ocrx_word' id='word_1_272' title='bbox 2539 1911 2844 1984; x_wconf 76' lang='grc' dir='ltr'>σχήματος·</span> <span class='ocrx_word' id='word_1_273' title='bbox 2906 1912 2994 1965; x_wconf 85' lang='grc' dir='ltr'>καὶ</span> <span class='ocrx_word' id='word_1_274' title='bbox 3075 1910 3263 1981; x_wconf 77' lang='grc' dir='ltr'>ἐπειδή</span> <span class='ocrx_word' id='word_1_275' title='bbox 3331 1912 3542 1986; x_wconf 85' lang='grc' dir='ltr'>θανάτῳ</span> <span class='ocrx_word' id='word_1_276' title='bbox 3623 1915 3869 1993; x_wconf 77' lang='grc' dir='ltr'>ἄγχιστα</span> 
     </span>
    </p>
   </div>
   <div class='ocr_carea' id='block_1_37' title="bbox 2200 1995 3864 2079">
    <p class='ocr_par' dir='ltr' id='par_1_37' title="bbox 2200 1995 3864 2079">
     <span class='ocr_line' id='line_1_37' title="bbox 2200 1995 3864 2079; baseline 0.005 -28"><span class='ocrx_word' id='word_1_277' title='bbox 2200 1995 2370 2052; x_wconf 72' lang='grc' dir='ltr'>ἔοικεν</span> <span class='ocrx_word' id='word_1_278' title='bbox 2428 1999 2630 2068; x_wconf 79' lang='grc' dir='ltr'>ἡκατᾶ</span> <span class='ocrx_word' id='word_1_279' title='bbox 2688 1997 2860 2054; x_wconf 82' lang='grc' dir='ltr'>έκεῖνο</span> <span class='ocrx_word' id='word_1_280' title='bbox 2913 1998 3166 2068; x_wconf 79' lang='grc' dir='ltr'>διάθεσις,</span> <span class='ocrx_word' id='word_1_281' title='bbox 3224 2003 3483 2073; x_wconf 73' lang='grc' dir='ltr'>ζητητέον</span> <span class='ocrx_word' id='word_1_282' title='bbox 3517 2005 3580 2059; x_wconf 92' lang='grc' dir='ltr'>τό</span> <span class='ocrx_word' id='word_1_283' title='bbox 3643 2026 3709 2079; x_wconf 83' lang='grc' dir='ltr'>γε</span> <span class='ocrx_word' id='word_1_284' title='bbox 3767 2011 3864 2060; x_wconf 87' lang='grc' dir='ltr'>νῦν</span> 
     </span>
    </p>
   </div>
   <div class='ocr_carea' id='block_1_38' title="bbox 2198 2083 3861 2169">
    <p class='ocr_par' dir='ltr' id='par_1_38' title="bbox 2198 2083 3861 2169">
     <span class='ocr_line' id='line_1_38' title="bbox 2198 2083 3861 2169; baseline 0.005 -29"><span class='ocrx_word' id='word_1_285' title='bbox 2198 2083 2326 2162; x_wconf 70' lang='grc' dir='ltr'>ἔχον</span> <span class='ocrx_word' id='word_1_286' title='bbox 2357 2088 2787 2166; x_wconf 72' lang='grc' dir='ltr'>τρυφερώτερον.</span> <span class='ocrx_word' id='word_1_287' title='bbox 2849 2089 2978 2145; x_wconf 74' lang='grc' dir='ltr'>Εἶτα</span> <span class='ocrx_word' id='word_1_288' title='bbox 3013 2091 3275 2160; x_wconf 84' lang='grc' dir='ltr'>ζητητέον</span> <span class='ocrx_word' id='word_1_289' title='bbox 3323 2091 3412 2146; x_wconf 80' lang='grc' dir='ltr'>καὶ</span> <span class='ocrx_word' id='word_1_290' title='bbox 3455 2092 3520 2148; x_wconf 80' lang='lat'><strong>16</strong></span> <span class='ocrx_word' id='word_1_291' title='bbox 3553 2096 3861 2169; x_wconf 71' lang='grc' dir='ltr'>σωτήριον,</span> 
     </span>
    </p>
   </div>
   <div class='ocr_carea' id='block_1_39' title="bbox 2191 2173 3865 2249">
    <p class='ocr_par' dir='ltr' id='par_1_39' title="bbox 2191 2173 3865 2249">
     <span class='ocr_line' id='line_1_39' title="bbox 2191 2173 3865 2249; baseline 0.006 -21"><span class='ocrx_word' id='word_1_292' title='bbox 2191 2173 2283 2230; x_wconf 71' lang='grc' dir='ltr'>’ίνα</span> <span class='ocrx_word' id='word_1_293' title='bbox 2333 2177 2445 2244; x_wconf 74' lang='grc' dir='ltr'>ζωὴ</span> <span class='ocrx_word' id='word_1_294' title='bbox 2499 2175 2632 2247; x_wconf 71' lang='grc' dir='ltr'>αὕτη</span> <span class='ocrx_word' id='word_1_295' title='bbox 2693 2176 2941 2249; x_wconf 72' lang='grc' dir='ltr'>ἐμπαθὴς</span> <span class='ocrx_word' id='word_1_296' title='bbox 2981 2182 3079 2232; x_wconf 89' lang='grc' dir='ltr'>τοῦ</span> <span class='ocrx_word' id='word_1_297' title='bbox 3136 2179 3368 2241; x_wconf 80' lang='grc' dir='ltr'>ἀπαθοῦς</span> <span class='ocrx_word' id='word_1_298' title='bbox 3426 2179 3633 2236; x_wconf 82' lang='grc' dir='ltr'>ἐκείνου</span> <span class='ocrx_word' id='word_1_299' title='bbox 3692 2185 3865 2238; x_wconf 70' lang='grc' dir='ltr'>θανά-</span> 
     </span>
    </p>
   </div>
   <div class='ocr_carea' id='block_1_40' title="bbox 2194 2265 3858 2346">
    <p class='ocr_par' dir='ltr' id='par_1_40' title="bbox 2194 2265 3858 2346">
     <span class='ocr_line' id='line_1_40' title="bbox 2194 2265 3858 2346; baseline 0.005 -28"><span class='ocrx_word' id='word_1_300' title='bbox 2194 2285 2289 2319; x_wconf 88' lang='grc' dir='ltr'>του</span> <span class='ocrx_word' id='word_1_301' title='bbox 2347 2267 2742 2339; x_wconf 75' lang='grc' dir='ltr'>προηγήσεται.</span> <span class='ocrx_word' id='word_1_302' title='bbox 2804 2291 2825 2320; x_wconf 78' lang='grc' dir='ltr'>ε</span> <span class='ocrx_word' id='word_1_303' title='bbox 2871 2265 3095 2336; x_wconf 81' lang='grc' dir='ltr'>Οὐκοῦν,</span> <span class='ocrx_word' id='word_1_304' title='bbox 3146 2269 3192 2321; x_wconf 85' lang='grc' dir='ltr'>ὦ</span> <span class='ocrx_word' id='word_1_305' title='bbox 3223 2265 3472 2346; x_wconf 66' lang='grc' dir='ltr'>ἀδελφοὶ,</span> <span class='ocrx_word' id='word_1_306' title='bbox 3527 2272 3858 2346; x_wconf 79' lang='grc' dir='ltr'>ποριστέον,</span> 
     </span>
    </p>
   </div>
   <div class='ocr_carea' id='block_1_41' title="bbox 428 2332 2057 2437">
    <p class='ocr_par' dir='ltr' id='par_1_41' title="bbox 428 2355 2051 2428">
     <span class='ocr_line' id='line_1_41' title="bbox 428 2355 2051 2428; baseline -0.004 -12"><span class='ocrx_word' id='word_1_307' title='bbox 428 2363 588 2418; x_wconf 84' lang='lat' dir='ltr'>venit</span> <span class='ocrx_word' id='word_1_308' title='bbox 619 2379 632 2426; x_wconf 85' lang='lat'><strong>;</strong></span> <span class='ocrx_word' id='word_1_309' title='bbox 666 2360 835 2416; x_wconf 84' lang='lat' dir='ltr'>tertia</span> <span class='ocrx_word' id='word_1_310' title='bbox 865 2359 1092 2414; x_wconf 87' lang='lat' dir='ltr'>lumina</span> <span class='ocrx_word' id='word_1_311' title='bbox 1122 2357 1351 2412; x_wconf 88' lang='lat' dir='ltr'>novitii:</span> <span class='ocrx_word' id='word_1_312' title='bbox 1377 2360 1654 2428; x_wconf 90' lang='lat' dir='ltr'>quartum</span> <span class='ocrx_word' id='word_1_313' title='bbox 1690 2355 1882 2410; x_wconf 90' lang='lat' dir='ltr'>locum</span> <span class='ocrx_word' id='word_1_314' title='bbox 1908 2355 2051 2426; x_wconf 90' lang='lat' dir='ltr'>prob</span> 
     </span>
    </p>
   </div>
   <div class='ocr_carea' id='block_1_42' title="bbox 2167 2332 3858 2437">
    <p class='ocr_par' dir='ltr' id='par_1_42' title="bbox 2183 2332 3858 2437">
     <span class='ocr_line' id='line_1_42' title="bbox 2183 2332 3858 2437; baseline 0.006 -31"><span class='ocrx_word' id='word_1_315' title='bbox 2183 2351 2234 2423; x_wconf 78' lang='grc' dir='ltr'>ἐξ</span> <span class='ocrx_word' id='word_1_316' title='bbox 2265 2351 2338 2406; x_wconf 84' lang='grc' dir='ltr'>ὧν</span> <span class='ocrx_word' id='word_1_317' title='bbox 2372 2332 2664 2430; x_wconf 51' lang='grc' dir='ltr'>φθάσαντες</span> <span class='ocrx_word' id='word_1_318' title='bbox 2723 2332 3104 2428; x_wconf 74' lang='grc' dir='ltr'>ἀνεταξάμεθα,</span> <span class='ocrx_word' id='word_1_319' title='bbox 3155 2357 3230 2418; x_wconf 86' lang='grc' dir='ltr'>ὡς</span> <span class='ocrx_word' id='word_1_320' title='bbox 3283 2332 3497 2431; x_wconf 71' lang='grc' dir='ltr'>μεγάλα</span> <span class='ocrx_word' id='word_1_321' title='bbox 3540 2332 3637 2431; x_wconf 61' lang='grc' dir='ltr'>μὲν</span> <span class='ocrx_word' id='word_1_322' title='bbox 3686 2332 3858 2437; x_wconf 60' lang='grc' dir='ltr'>φῶτα</span> 
     </span>
    </p>
   </div>
   <div class='ocr_carea' id='block_1_43' title="bbox 425 2443 2072 2521">
    <p class='ocr_par' dir='ltr' id='par_1_43' title="bbox 425 2443 2072 2521">
     <span class='ocr_line' id='line_1_43' title="bbox 425 2443 2072 2521; baseline -0.006 -14"><span class='ocrx_word' id='word_1_323' title='bbox 425 2451 557 2507; x_wconf 88' lang='lat' dir='ltr'>laici</span> <span class='ocrx_word' id='word_1_324' title='bbox 589 2450 980 2521; x_wconf 88' lang='lat' dir='ltr'>occupabunt.</span> <span class='ocrx_word' id='word_1_325' title='bbox 1007 2447 1166 2513; x_wconf 90' lang='lat' dir='ltr'>Quod</span> <span class='ocrx_word' id='word_1_326' title='bbox 1200 2446 1425 2500; x_wconf 88' lang='lat' dir='ltr'>utinam</span> <span class='ocrx_word' id='word_1_327' title='bbox 1456 2444 1537 2499; x_wconf 87' lang='lat' dir='ltr'>ita</span> <span class='ocrx_word' id='word_1_328' title='bbox 1558 2447 1811 2510; x_wconf 90' lang='lat' dir='ltr'>esset,ne</span> <span class='ocrx_word' id='word_1_329' title='bbox 1839 2443 2072 2515; x_wconf 90' lang='lat' dir='ltr'>quando</span> 
     </span>
    </p>
   </div>
   <div class='ocr_carea' id='block_1_44' title="bbox 425 2531 2068 2607">
    <p class='ocr_par' dir='ltr' id='par_1_44' title="bbox 425 2531 2068 2607">
     <span class='ocr_line' id='line_1_44' title="bbox 425 2531 2068 2607; baseline -0.006 -11"><span class='ocrx_word' id='word_1_330' title='bbox 425 2545 546 2596; x_wconf 88' lang='lat' dir='ltr'>tres</span> <span class='ocrx_word' id='word_1_331' title='bbox 570 2538 806 2595; x_wconf 88' lang='lat' dir='ltr'>ordines</span> <span class='ocrx_word' id='word_1_332' title='bbox 833 2539 1108 2607; x_wconf 85' lang='lat' dir='ltr'>superent</span> <span class='ocrx_word' id='word_1_333' title='bbox 1137 2533 1402 2590; x_wconf 88' lang='lat' dir='ltr'>homines</span> <span class='ocrx_word' id='word_1_334' title='bbox 1449 2532 1602 2600; x_wconf 89' lang='lat' dir='ltr'>laici,</span> <span class='ocrx_word' id='word_1_335' title='bbox 1655 2531 1879 2587; x_wconf 58' lang='lat' dir='ltr'>caeteris</span> <span class='ocrx_word' id='word_1_336' title='bbox 1937 2548 2068 2602; x_wconf 88' lang='lat' dir='ltr'>pro-</span> 
     </span>
    </p>
   </div>
   <div class='ocr_carea' id='block_1_45' title="bbox 425 2619 2068 2698">
    <p class='ocr_par' dir='ltr' id='par_1_45' title="bbox 425 2619 2068 2698">
     <span class='ocr_line' id='line_1_45' title="bbox 425 2619 2068 2698; baseline -0.005 -15"><span class='ocrx_word' id='word_1_337' title='bbox 425 2629 640 2698; x_wconf 91' lang='lat' dir='ltr'>biores,</span> <span class='ocrx_word' id='word_1_338' title='bbox 675 2644 745 2683; x_wconf 92' lang='lat' dir='ltr'>ne</span> <span class='ocrx_word' id='word_1_339' title='bbox 777 2642 1014 2682; x_wconf 90' lang='lat' dir='ltr'>summa</span> <span class='ocrx_word' id='word_1_340' title='bbox 1044 2624 1179 2679; x_wconf 88' lang='lat' dir='ltr'>imis</span> <span class='ocrx_word' id='word_1_341' title='bbox 1212 2624 1588 2687; x_wconf 87' lang='lat' dir='ltr'>misceantur,</span> <span class='ocrx_word' id='word_1_342' title='bbox 1613 2625 1737 2690; x_wconf 86' lang='lat' dir='ltr'>aut,</span> <span class='ocrx_word' id='word_1_343' title='bbox 1771 2619 1903 2675; x_wconf 89' lang='lat' dir='ltr'>aliis</span> <span class='ocrx_word' id='word_1_344' title='bbox 1944 2636 2068 2675; x_wconf 89' lang='lat' dir='ltr'>ver-</span> 
     </span>
    </p>
   </div>
   <div class='ocr_carea' id='block_1_46' title="bbox 425 2708 2066 2786">
    <p class='ocr_par' dir='ltr' id='par_1_46' title="bbox 425 2708 2066 2786">
     <span class='ocr_line' id='line_1_46' title="bbox 425 2708 2066 2786; baseline -0.007 -13"><span class='ocrx_word' id='word_1_345' title='bbox 425 2717 539 2780; x_wconf 86' lang='lat' dir='ltr'>bis.</span> <span class='ocrx_word' id='word_1_346' title='bbox 573 2717 834 2772; x_wconf 90' lang='lat' dir='ltr'>mundus</span> <span class='ocrx_word' id='word_1_347' title='bbox 867 2713 1032 2786; x_wconf 87' lang='lat' dir='ltr'>quasi</span> <span class='ocrx_word' id='word_1_348' title='bbox 1062 2716 1456 2784; x_wconf 87' lang='lat' dir='ltr'>regeneretur.</span> <span class='ocrx_word' id='word_1_349' title='bbox 1487 2714 1761 2782; x_wconf 88' lang='lat' dir='ltr'>Magnum</span> <span class='ocrx_word' id='word_1_350' title='bbox 1783 2708 2066 2764; x_wconf 91' lang='lat' dir='ltr'>laicorum</span> 
     </span>
    </p>
   </div>
   <div class='ocr_carea' id='block_1_47' title="bbox 425 2789 2066 2875">
    <p class='ocr_par' dir='ltr' id='par_1_47' title="bbox 425 2789 2066 2875">
     <span class='ocr_line' id='line_1_47' title="bbox 425 2789 2066 2875; baseline -0.006 -14"><span class='ocrx_word' id='word_1_351' title='bbox 425 2807 606 2860; x_wconf 81' lang='lat' dir='ltr'>decus</span> <span class='ocrx_word' id='word_1_352' title='bbox 637 2809 842 2875; x_wconf 84' lang='lat' dir='ltr'>exopto</span> <span class='ocrx_word' id='word_1_353' title='bbox 875 2816 1249 2875; x_wconf 84' lang='lat' dir='ltr'>magnopere,</span> <span class='ocrx_word' id='word_1_354' title='bbox 1283 2801 1474 2871; x_wconf 86' lang='lat' dir='ltr'>magis</span> <span class='ocrx_word' id='word_1_355' title='bbox 1515 2789 1711 2854; x_wconf 74' lang='lat' dir='ltr'>autem</span> <span class='ocrx_word' id='word_1_356' title='bbox 1751 2797 2066 2853; x_wconf 88' lang='lat' dir='ltr'>monacho-</span> 
     </span>
    </p>
   </div>
   <div class='ocr_carea' id='block_1_48' title="bbox 424 2886 2062 2962">
    <p class='ocr_par' dir='ltr' id='par_1_48' title="bbox 424 2886 2062 2962">
     <span class='ocr_line' id='line_1_48' title="bbox 424 2886 2062 2962; baseline -0.004 -13"><span class='ocrx_word' id='word_1_357' title='bbox 424 2911 579 2961; x_wconf 89' lang='lat' dir='ltr'>rum,</span> <span class='ocrx_word' id='word_1_358' title='bbox 606 2898 669 2948; x_wconf 92' lang='lat' dir='ltr'>ut</span> <span class='ocrx_word' id='word_1_359' title='bbox 698 2894 1022 2948; x_wconf 89' lang='lat' dir='ltr'>secundum</span> <span class='ocrx_word' id='word_1_360' title='bbox 1055 2888 1431 2962; x_wconf 87' lang='lat' dir='ltr'>Evangelium</span> <span class='ocrx_word' id='word_1_361' title='bbox 1465 2904 1670 2944; x_wconf 91' lang='lat' dir='ltr'>omnes</span> <span class='ocrx_word' id='word_1_362' title='bbox 1701 2903 1883 2942; x_wconf 90' lang='lat' dir='ltr'>unum</span> <span class='ocrx_word' id='word_1_363' title='bbox 1925 2886 2062 2942; x_wconf 92' lang='lat' dir='ltr'>sint.</span> 
     </span>
    </p>
   </div>
   <div class='ocr_carea' id='block_1_49' title="bbox 424 2976 2063 3052">
    <p class='ocr_par' dir='ltr' id='par_1_49' title="bbox 424 2976 2063 3052">
     <span class='ocr_line' id='line_1_49' title="bbox 424 2976 2063 3052; baseline -0.004 -13"><span class='ocrx_word' id='word_1_364' title='bbox 424 2983 586 3049; x_wconf 90' lang='lat' dir='ltr'>Quod</span> <span class='ocrx_word' id='word_1_365' title='bbox 611 2999 751 3039; x_wconf 87' lang='lat' dir='ltr'>sane</span> <span class='ocrx_word' id='word_1_366' title='bbox 780 2981 967 3047; x_wconf 90' lang='lat' dir='ltr'>erit,si</span> <span class='ocrx_word' id='word_1_367' title='bbox 1001 2980 1232 3052; x_wconf 90' lang='lat' dir='ltr'>quande</span> <span class='ocrx_word' id='word_1_368' title='bbox 1255 2977 1502 3050; x_wconf 86' lang='lat' dir='ltr'>spiritus</span> <span class='ocrx_word' id='word_1_369' title='bbox 1531 2976 1745 3032; x_wconf 87' lang='lat' dir='ltr'>Christi</span> <span class='ocrx_word' id='word_1_370' title='bbox 1780 2977 1936 3032; x_wconf 89' lang='lat' dir='ltr'>intra</span> <span class='ocrx_word' id='word_1_371' title='bbox 1957 2992 2063 3032; x_wconf 90' lang='lat' dir='ltr'>nos</span> 
     </span>
    </p>
   </div>
   <div class='ocr_carea' id='block_1_50' title="bbox 421 3070 1000 3141">
    <p class='ocr_par' dir='ltr' id='par_1_50' title="bbox 421 3070 1000 3141">
     <span class='ocr_line' id='line_1_50' title="bbox 421 3070 1000 3141; baseline -0.005 -14"><span class='ocrx_word' id='word_1_372' title='bbox 421 3072 574 3127; x_wconf 87' lang='lat' dir='ltr'>bono</span> <span class='ocrx_word' id='word_1_373' title='bbox 605 3071 807 3126; x_wconf 84' lang='lat' dir='ltr'>ordine</span> <span class='ocrx_word' id='word_1_374' title='bbox 826 3070 1000 3141; x_wconf 82' lang='lat' dir='ltr'>viget.</span> 
     </span>
    </p>
   </div>
   <div class='ocr_carea' id='block_1_51' title="bbox 2183 2440 3856 2525">
    <p class='ocr_par' dir='ltr' id='par_1_51' title="bbox 2183 2440 3856 2525">
     <span class='ocr_line' id='line_1_51' title="bbox 2183 2440 3856 2525; baseline 0.007 -30"><span class='ocrx_word' id='word_1_375' title='bbox 2183 2441 2234 2495; x_wconf 81' lang='grc' dir='ltr'>οἱ</span> <span class='ocrx_word' id='word_1_376' title='bbox 2265 2440 2491 2512; x_wconf 81' lang='grc' dir='ltr'>ἀληθεῖς</span> <span class='ocrx_word' id='word_1_377' title='bbox 2527 2441 3035 2518; x_wconf 78' lang='grc' dir='ltr'>μεγαλοσχήμονες·</span> <span class='ocrx_word' id='word_1_378' title='bbox 3079 2443 3300 2520; x_wconf 74' lang='grc' dir='ltr'>δεύτερα</span> <span class='ocrx_word' id='word_1_379' title='bbox 3349 2444 3407 2501; x_wconf 76' lang='grc' dir='ltr'>δὲ</span> <span class='ocrx_word' id='word_1_380' title='bbox 3435 2453 3614 2525; x_wconf 75' lang='grc' dir='ltr'>φῶτα,</span> <span class='ocrx_word' id='word_1_381' title='bbox 3669 2452 3759 2512; x_wconf 79' lang='grc' dir='ltr'>οἷς</span> <span class='ocrx_word' id='word_1_382' title='bbox 3823 2453 3856 2506; x_wconf 92' lang='lat'>6</span> 
     </span>
    </p>
   </div>
   <div class='ocr_carea' id='block_1_52' title="bbox 2179 2527 3848 2612">
    <p class='ocr_par' dir='ltr' id='par_1_52' title="bbox 2179 2527 3848 2612">
     <span class='ocr_line' id='line_1_52' title="bbox 2179 2527 3848 2612; baseline 0.007 -30"><span class='ocrx_word' id='word_1_383' title='bbox 2179 2528 2472 2604; x_wconf 77' lang='grc' dir='ltr'>ἱερώτατος</span> <span class='ocrx_word' id='word_1_384' title='bbox 2543 2527 2774 2593; x_wconf 79' lang='grc' dir='ltr'>διπλοῦς</span> <span class='ocrx_word' id='word_1_385' title='bbox 2834 2530 3120 2607; x_wconf 77' lang='grc' dir='ltr'>ἐπιπρέπει</span> <span class='ocrx_word' id='word_1_386' title='bbox 3185 2531 3422 2606; x_wconf 78' lang='grc' dir='ltr'>μανδύας</span> <span class='ocrx_word' id='word_1_387' title='bbox 3455 2555 3469 2568; x_wconf 85' lang='grc'><strong>·</strong></span> <span class='ocrx_word' id='word_1_388' title='bbox 3555 2536 3715 2612; x_wconf 82' lang='grc' dir='ltr'>τρίτα</span> <span class='ocrx_word' id='word_1_389' title='bbox 3783 2536 3848 2593; x_wconf 74' lang='grc' dir='ltr'>δὶ</span> 
     </span>
    </p>
   </div>
   <div class='ocr_carea' id='block_1_53' title="bbox 2179 2617 3849 2702">
    <p class='ocr_par' dir='ltr' id='par_1_53' title="bbox 2179 2617 3849 2702">
     <span class='ocr_line' id='line_1_53' title="bbox 2179 2617 3849 2702; baseline 0.007 -31"><span class='ocrx_word' id='word_1_390' title='bbox 2179 2621 2331 2692; x_wconf 79' lang='grc' dir='ltr'>φῶτα</span> <span class='ocrx_word' id='word_1_391' title='bbox 2386 2619 2439 2672; x_wconf 70' lang='grc' dir='ltr'>οἱ</span> <span class='ocrx_word' id='word_1_392' title='bbox 2497 2617 2858 2694; x_wconf 71' lang='grc' dir='ltr'>εῗσαχθέντεςο</span> <span class='ocrx_word' id='word_1_393' title='bbox 2912 2620 3173 2696; x_wconf 84' lang='grc' dir='ltr'>τετάρτης</span> <span class='ocrx_word' id='word_1_394' title='bbox 3219 2619 3277 2678; x_wconf 76' lang='grc' dir='ltr'>δὲ</span> <span class='ocrx_word' id='word_1_395' title='bbox 3307 2625 3555 2698; x_wconf 76' lang='grc' dir='ltr'>φαύσεως</span> <span class='ocrx_word' id='word_1_396' title='bbox 3586 2628 3643 2681; x_wconf 76' lang='grc' dir='ltr'>οἱ</span> <span class='ocrx_word' id='word_1_397' title='bbox 3701 2627 3849 2702; x_wconf 78' lang='grc' dir='ltr'>ἆτα-</span> 
     </span>
    </p>
   </div>
   <div class='ocr_carea' id='block_1_54' title="bbox 2177 2705 3848 2784">
    <p class='ocr_par' dir='ltr' id='par_1_54' title="bbox 2177 2705 3848 2784">
     <span class='ocr_line' id='line_1_54' title="bbox 2177 2705 3848 2784; baseline 0.007 -24"><span class='ocrx_word' id='word_1_398' title='bbox 2177 2707 2258 2761; x_wconf 89' lang='grc' dir='ltr'>θοὶ</span> <span class='ocrx_word' id='word_1_399' title='bbox 2294 2705 2498 2764; x_wconf 80' lang='grc' dir='ltr'>λα’ίκοί.</span> <span class='ocrx_word' id='word_1_400' title='bbox 2532 2709 2630 2762; x_wconf 81' lang='grc' dir='ltr'>Καὶ</span> <span class='ocrx_word' id='word_1_401' title='bbox 2662 2707 2745 2779; x_wconf 76' lang='grc' dir='ltr'>εἴη</span> <span class='ocrx_word' id='word_1_402' title='bbox 2779 2708 2952 2772; x_wconf 76' lang='grc' dir='ltr'>οὕτως</span> <span class='ocrx_word' id='word_1_403' title='bbox 2985 2709 3138 2778; x_wconf 77' lang='grc' dir='ltr'>εἶναι,</span> <span class='ocrx_word' id='word_1_404' title='bbox 3176 2713 3389 2784; x_wconf 80' lang='grc' dir='ltr'>μήποτε</span> <span class='ocrx_word' id='word_1_405' title='bbox 3437 2715 3490 2768; x_wconf 76' lang='grc' dir='ltr'>οἱ</span> <span class='ocrx_word' id='word_1_406' title='bbox 3540 2720 3642 2770; x_wconf 84' lang='grc' dir='ltr'>τοῦ</span> <span class='ocrx_word' id='word_1_407' title='bbox 3694 2716 3848 2772; x_wconf 84' lang='grc' dir='ltr'>λαοῦ</span> 
     </span>
    </p>
   </div>
   <div class='ocr_carea' id='block_1_55' title="bbox 2177 2794 3848 2879">
    <p class='ocr_par' dir='ltr' id='par_1_55' title="bbox 2177 2794 3848 2879">
     <span class='ocr_line' id='line_1_55' title="bbox 2177 2794 3848 2879; baseline 0.007 -30"><span class='ocrx_word' id='word_1_408' title='bbox 2177 2794 2399 2870; x_wconf 72' lang='grc' dir='ltr'>ὕπερθεν</span> <span class='ocrx_word' id='word_1_409' title='bbox 2452 2797 2544 2851; x_wconf 87' lang='grc' dir='ltr'>καὶ</span> <span class='ocrx_word' id='word_1_410' title='bbox 2593 2802 2701 2851; x_wconf 90' lang='grc' dir='ltr'>τῶν</span> <span class='ocrx_word' id='word_1_411' title='bbox 2751 2803 2918 2873; x_wconf 82' lang='grc' dir='ltr'>τριῶν</span> <span class='ocrx_word' id='word_1_412' title='bbox 2971 2798 3260 2875; x_wconf 86' lang='grc' dir='ltr'>γίνωνται,</span> <span class='ocrx_word' id='word_1_413' title='bbox 3321 2802 3848 2879; x_wconf 77' lang='grc' dir='ltr'>ἀγαθοπραγοῦντες</span> 
     </span>
    </p>
   </div>
   <div class='ocr_carea' id='block_1_56' title="bbox 2179 2885 3849 2964">
    <p class='ocr_par' dir='ltr' id='par_1_56' title="bbox 2179 2885 3849 2964">
     <span class='ocr_line' id='line_1_56' title="bbox 2179 2885 3849 2964; baseline 0.007 -24"><span class='ocrx_word' id='word_1_414' title='bbox 2179 2885 2311 2961; x_wconf 73' lang='grc' dir='ltr'>ὑπὲρ</span> <span class='ocrx_word' id='word_1_415' title='bbox 2359 2885 2573 2954; x_wconf 76' lang='grc' dir='ltr'>αὐτοὺς,</span> <span class='ocrx_word' id='word_1_416' title='bbox 2623 2885 2711 2941; x_wconf 85' lang='grc' dir='ltr'>καὶ</span> <span class='ocrx_word' id='word_1_417' title='bbox 2756 2888 2976 2961; x_wconf 87' lang='grc' dir='ltr'>γένηται</span> <span class='ocrx_word' id='word_1_418' title='bbox 3023 2887 3166 2944; x_wconf 78' lang='grc' dir='ltr'>οὕτω</span> <span class='ocrx_word' id='word_1_419' title='bbox 3204 2892 3270 2945; x_wconf 68' lang='grc' dir='ltr'>τὰ</span> <span class='ocrx_word' id='word_1_420' title='bbox 3299 2891 3410 2946; x_wconf 80' lang='grc' dir='ltr'>ἄνω</span> <span class='ocrx_word' id='word_1_421' title='bbox 3438 2891 3608 2948; x_wconf 71' lang='grc' dir='ltr'>κάτον</span> <span class='ocrx_word' id='word_1_422' title='bbox 3643 2896 3679 2964; x_wconf 75' lang='grc' dir='ltr'><strong>ἢ</strong></span> <span class='ocrx_word' id='word_1_423' title='bbox 3745 2897 3849 2952; x_wconf 72' lang='grc' dir='ltr'>καὶ</span> 
     </span>
    </p>
   </div>
   <div class='ocr_carea' id='block_1_57' title="bbox 2173 2972 3848 3052">
    <p class='ocr_par' dir='ltr' id='par_1_57' title="bbox 2173 2972 3848 3052">
     <span class='ocr_line' id='line_1_57' title="bbox 2173 2972 3848 3052; baseline 0.007 -24"><span class='ocrx_word' id='word_1_424' title='bbox 2173 2972 2362 3037; x_wconf 78' lang='grc' dir='ltr'>ἄλλως</span> <span class='ocrx_word' id='word_1_425' title='bbox 2421 2975 2603 3052; x_wconf 76' lang='grc' dir='ltr'>φάναι,</span> <span class='ocrx_word' id='word_1_426' title='bbox 2656 2974 2868 3031; x_wconf 80' lang='grc' dir='ltr'>ἄναλλα</span> <span class='ocrx_word' id='word_1_427' title='bbox 2911 2977 2981 3033; x_wconf 76' lang='grc' dir='ltr'>τὰ</span> <span class='ocrx_word' id='word_1_428' title='bbox 3025 2979 3218 3047; x_wconf 84' lang='grc' dir='ltr'>πάντα,</span> <span class='ocrx_word' id='word_1_429' title='bbox 3253 2980 3329 3042; x_wconf 85' lang='grc' dir='ltr'>ὡς</span> <span class='ocrx_word' id='word_1_430' title='bbox 3361 2982 3450 3036; x_wconf 79' lang='grc' dir='ltr'>οἷα</span> <span class='ocrx_word' id='word_1_431' title='bbox 3505 2983 3643 3038; x_wconf 81' lang='grc' dir='ltr'>κατᾶ</span> <span class='ocrx_word' id='word_1_432' title='bbox 3698 2986 3848 3041; x_wconf 79' lang='grc' dir='ltr'>ἀνα-</span> 
     </span>
    </p>
   </div>
   <div class='ocr_carea' id='block_1_58' title="bbox 2174 3062 3846 3152">
    <p class='ocr_par' dir='ltr' id='par_1_58' title="bbox 2174 3062 3846 3152">
     <span class='ocr_line' id='line_1_58' title="bbox 2174 3062 3846 3152; baseline 0.007 -34"><span class='ocrx_word' id='word_1_433' title='bbox 2174 3062 2540 3139; x_wconf 86' lang='grc' dir='ltr'>στοιχείωσιν.</span> <span class='ocrx_word' id='word_1_434' title='bbox 2587 3063 2688 3119; x_wconf 84' lang='grc' dir='ltr'>Καὶ</span> <span class='ocrx_word' id='word_1_435' title='bbox 2731 3066 2885 3119; x_wconf 86' lang='grc' dir='ltr'>ποθῶ</span> <span class='ocrx_word' id='word_1_436' title='bbox 2937 3067 3030 3139; x_wconf 76' lang='grc' dir='ltr'>μὲν</span> <span class='ocrx_word' id='word_1_437' title='bbox 3082 3065 3186 3141; x_wconf 82' lang='grc' dir='ltr'>ἐγὼ</span> <span class='ocrx_word' id='word_1_438' title='bbox 3233 3067 3296 3123; x_wconf 87' lang='grc' dir='ltr'>τὸ</span> <span class='ocrx_word' id='word_1_439' title='bbox 3327 3067 3515 3125; x_wconf 83' lang='grc' dir='ltr'>λαϊκὸν</span> <span class='ocrx_word' id='word_1_440' title='bbox 3547 3072 3846 3152; x_wconf 78' lang='grc' dir='ltr'>ὑπέρμεγα</span> 
     </span>
    </p>
   </div>
   <div class='ocr_carea' id='block_1_59' title="bbox 418 3150 3843 3237">
    <p class='ocr_par' dir='ltr' id='par_1_59' title="bbox 418 3150 3843 3237">
     <span class='ocr_line' id='line_1_59' title="bbox 418 3150 3843 3237; baseline 0.001 -23"><span class='ocrx_word' id='word_1_441' title='bbox 418 3159 608 3231; x_wconf 87' lang='grc' dir='ltr'>καλὸν,</span> <span class='ocrx_word' id='word_1_442' title='bbox 639 3162 982 3221; x_wconf 87' lang='grc' dir='ltr'>συνεπιποθῶ</span> <span class='ocrx_word' id='word_1_443' title='bbox 1014 3157 1071 3211; x_wconf 71' lang='grc' dir='ltr'>δὲ</span> <span class='ocrx_word' id='word_1_444' title='bbox 1095 3157 1184 3210; x_wconf 84' lang='grc' dir='ltr'>καὶ</span> <span class='ocrx_word' id='word_1_445' title='bbox 1212 3155 1272 3210; x_wconf 85' lang='grc' dir='ltr'>τὸ</span> <span class='ocrx_word' id='word_1_446' title='bbox 1307 3152 1627 3229; x_wconf 86' lang='grc' dir='ltr'>μοναχικόν·</span> <span class='ocrx_word' id='word_1_447' title='bbox 1656 3150 1749 3206; x_wconf 71' lang='grc' dir='ltr'>’ίνα</span> <span class='ocrx_word' id='word_1_448' title='bbox 1777 3153 1968 3216; x_wconf 87' lang='grc' dir='ltr'>πάντες</span> <span class='ocrx_word' id='word_1_449' title='bbox 1995 3157 2074 3225; x_wconf 82' lang='grc' dir='ltr'>τῷ</span> <span class='ocrx_word' id='word_1_450' title='bbox 2105 3150 2255 3230; x_wconf 85' lang='grc' dir='ltr'>λόγῳ</span> <span class='ocrx_word' id='word_1_451' title='bbox 2282 3153 2462 3227; x_wconf 80' lang='grc' dir='ltr'>τούτῳ</span> <span class='ocrx_word' id='word_1_452' title='bbox 2489 3151 2544 3209; x_wconf 68' lang='grc' dir='ltr'>ἓν</span> <span class='ocrx_word' id='word_1_453' title='bbox 2576 3155 2708 3210; x_wconf 81' lang='grc' dir='ltr'>ὦσιν</span> <span class='ocrx_word' id='word_1_454' title='bbox 2741 3154 3129 3232; x_wconf 84' lang='grc' dir='ltr'>εὐαγγελικῶς.</span> <span class='ocrx_word' id='word_1_455' title='bbox 3163 3157 3308 3214; x_wconf 77' lang='grc' dir='ltr'>Αὐτὸ</span> <span class='ocrx_word' id='word_1_456' title='bbox 3340 3156 3397 3214; x_wconf 71' lang='grc' dir='ltr'>δὲ</span> <span class='ocrx_word' id='word_1_457' title='bbox 3434 3164 3754 3237; x_wconf 74' lang='grc' dir='ltr'>γενήσεται,</span> <span class='ocrx_word' id='word_1_458' title='bbox 3787 3150 3843 3220; x_wconf 60' lang='grc' dir='ltr'>ξι</span> 
     </span>
    </p>
   </div>
   <div class='ocr_carea' id='block_1_60' title="bbox 415 3241 2528 3325">
    <p class='ocr_par' dir='ltr' id='par_1_60' title="bbox 415 3241 2528 3325">
     <span class='ocr_line' id='line_1_60' title="bbox 415 3241 2528 3325; baseline -0.002 -21"><span class='ocrx_word' id='word_1_459' title='bbox 415 3250 477 3305; x_wconf 90' lang='grc' dir='ltr'>τὸ</span> <span class='ocrx_word' id='word_1_460' title='bbox 507 3249 881 3325; x_wconf 86' lang='grc' dir='ltr'>Χριστιανικὸν</span> <span class='ocrx_word' id='word_1_461' title='bbox 912 3248 1150 3316; x_wconf 82' lang='grc' dir='ltr'>καθῆκον</span> <span class='ocrx_word' id='word_1_462' title='bbox 1190 3244 1433 3321; x_wconf 83' lang='grc' dir='ltr'>πρόεισιν</span> <span class='ocrx_word' id='word_1_463' title='bbox 1461 3243 1512 3299; x_wconf 78' lang='grc' dir='ltr'>ἐν</span> <span class='ocrx_word' id='word_1_464' title='bbox 1544 3246 1678 3316; x_wconf 78' lang='grc' dir='ltr'>ἡμῖν</span> <span class='ocrx_word' id='word_1_465' title='bbox 1704 3244 1820 3298; x_wconf 86' lang='grc' dir='ltr'>καθ’</span> <span class='ocrx_word' id='word_1_466' title='bbox 1851 3241 2060 3319; x_wconf 74' lang='grc' dir='ltr'>εἱρμὸν,</span> <span class='ocrx_word' id='word_1_467' title='bbox 2092 3242 2280 3319; x_wconf 88' lang='grc' dir='ltr'>τρόπῳ</span> <span class='ocrx_word' id='word_1_468' title='bbox 2309 3241 2528 3316; x_wconf 82' lang='grc' dir='ltr'>τοιῷδε.</span> 
     </span>
    </p>
   </div>
   <div class='ocr_carea' id='block_1_61' title="bbox 484 3351 2123 3424">
    <p class='ocr_par' dir='ltr' id='par_1_61' title="bbox 484 3351 2123 3424">
     <span class='ocr_line' id='line_1_61' title="bbox 484 3351 2123 3424; baseline -0.004 -11"><span class='ocrx_word' id='word_1_469' title='bbox 484 3359 605 3413; x_wconf 87' lang='grc'>165.</span> <span class='ocrx_word' id='word_1_470' title='bbox 667 3357 872 3413; x_wconf 89' lang='lat' dir='ltr'>Omnis</span> <span class='ocrx_word' id='word_1_471' title='bbox 953 3355 1128 3410; x_wconf 91' lang='lat' dir='ltr'>homo</span> <span class='ocrx_word' id='word_1_472' title='bbox 1178 3352 1350 3424; x_wconf 88' lang='lat' dir='ltr'>plane</span> <span class='ocrx_word' id='word_1_473' title='bbox 1410 3353 1506 3408; x_wconf 87' lang='lat' dir='ltr'>Dei</span> <span class='ocrx_word' id='word_1_474' title='bbox 1585 3356 1693 3418; x_wconf 88' lang='lat' dir='ltr'>est,</span> <span class='ocrx_word' id='word_1_475' title='bbox 1749 3351 1888 3422; x_wconf 88' lang='lat' dir='ltr'>quia</span> <span class='ocrx_word' id='word_1_476' title='bbox 1961 3355 2123 3424; x_wconf 81' lang='lat' dir='ltr'>estC</span> 
     </span>
    </p>
   </div>
   <div class='ocr_carea' id='block_1_62' title="bbox 404 3437 2056 3518">
    <p class='ocr_par' dir='ltr' id='par_1_62' title="bbox 404 3437 2056 3518">
     <span class='ocr_line' id='line_1_62' title="bbox 404 3437 2056 3518; baseline -0.005 -17"><span class='ocrx_word' id='word_1_477' title='bbox 404 3461 553 3518; x_wconf 88' lang='lat' dir='ltr'>opus</span> <span class='ocrx_word' id='word_1_478' title='bbox 582 3446 700 3512; x_wconf 91' lang='lat' dir='ltr'>Dei,</span> <span class='ocrx_word' id='word_1_479' title='bbox 736 3445 915 3516; x_wconf 90' lang='lat' dir='ltr'>idque</span> <span class='ocrx_word' id='word_1_480' title='bbox 959 3440 1452 3512; x_wconf 90' lang='lat' dir='ltr'>pulcherrimum,</span> <span class='ocrx_word' id='word_1_481' title='bbox 1512 3443 1569 3494; x_wconf 92' lang='lat' dir='ltr'>et</span> <span class='ocrx_word' id='word_1_482' title='bbox 1625 3437 1937 3510; x_wconf 88' lang='lat' dir='ltr'>optimum,</span> <span class='ocrx_word' id='word_1_483' title='bbox 1998 3441 2056 3493; x_wconf 89' lang='lat' dir='ltr'>et</span> 
     </span>
    </p>
   </div>
   <div class='ocr_carea' id='block_1_63' title="bbox 398 3527 2049 3607">
    <p class='ocr_par' dir='ltr' id='par_1_63' title="bbox 398 3527 2049 3607">
     <span class='ocr_line' id='line_1_63' title="bbox 398 3527 2049 3607; baseline -0.004 -19"><span class='ocrx_word' id='word_1_484' title='bbox 398 3535 676 3607; x_wconf 90' lang='lat' dir='ltr'>primum,</span> <span class='ocrx_word' id='word_1_485' title='bbox 739 3535 913 3604; x_wconf 88' lang='lat' dir='ltr'>cujus</span> <span class='ocrx_word' id='word_1_486' title='bbox 973 3546 1171 3586; x_wconf 89' lang='lat' dir='ltr'>semen</span> <span class='ocrx_word' id='word_1_487' title='bbox 1222 3529 1338 3584; x_wconf 91' lang='lat' dir='ltr'>Deo</span> <span class='ocrx_word' id='word_1_488' title='bbox 1370 3531 1674 3600; x_wconf 89' lang='lat' dir='ltr'>acceptum</span> <span class='ocrx_word' id='word_1_489' title='bbox 1737 3527 1810 3581; x_wconf 87' lang='lat' dir='ltr'>ab</span> <span class='ocrx_word' id='word_1_490' title='bbox 1865 3527 2049 3582; x_wconf 87' lang='lat' dir='ltr'>Adam</span> 
     </span>
    </p>
   </div>
   <div class='ocr_carea' id='block_1_64' title="bbox 398 3615 2050 3695">
    <p class='ocr_par' dir='ltr' id='par_1_64' title="bbox 398 3615 2050 3695">
     <span class='ocr_line' id='line_1_64' title="bbox 398 3615 2050 3695; baseline -0.006 -17"><span class='ocrx_word' id='word_1_491' title='bbox 398 3624 588 3695; x_wconf 91' lang='lat' dir='ltr'>primo</span> <span class='ocrx_word' id='word_1_492' title='bbox 637 3627 828 3678; x_wconf 86' lang='lat' dir='ltr'>creato</span> <span class='ocrx_word' id='word_1_493' title='bbox 874 3619 1109 3692; x_wconf 87' lang='lat' dir='ltr'>incepit.</span> <span class='ocrx_word' id='word_1_494' title='bbox 1171 3622 1287 3674; x_wconf 84' lang='lat' dir='ltr'>Has</span> <span class='ocrx_word' id='word_1_495' title='bbox 1343 3618 1492 3673; x_wconf 80' lang='lat' dir='ltr'>inter</span> <span class='ocrx_word' id='word_1_496' title='bbox 1549 3619 1844 3672; x_wconf 87' lang='lat' dir='ltr'>creaturas</span> <span class='ocrx_word' id='word_1_497' title='bbox 1919 3615 2050 3688; x_wconf 89' lang='lat' dir='ltr'>qui-</span> 
     </span>
    </p>
   </div>
   <div class='ocr_carea' id='block_1_65' title="bbox 400 3705 2050 3784">
    <p class='ocr_par' dir='ltr' id='par_1_65' title="bbox 400 3705 2050 3784">
     <span class='ocr_line' id='line_1_65' title="bbox 400 3705 2050 3784; baseline -0.005 -16"><span class='ocrx_word' id='word_1_498' title='bbox 400 3729 632 3784; x_wconf 88' lang='lat' dir='ltr'>cunque</span> <span class='ocrx_word' id='word_1_499' title='bbox 662 3712 808 3767; x_wconf 88' lang='lat' dir='ltr'>ovile</span> <span class='ocrx_word' id='word_1_500' title='bbox 839 3710 1209 3766; x_wconf 86' lang='lat' dir='ltr'>Dominicum</span> <span class='ocrx_word' id='word_1_501' title='bbox 1288 3707 1673 3778; x_wconf 88' lang='lat' dir='ltr'>reliquerunt,</span> <span class='ocrx_word' id='word_1_502' title='bbox 1732 3705 1849 3760; x_wconf 90' lang='lat' dir='ltr'>sint</span> <span class='ocrx_word' id='word_1_503' title='bbox 1887 3710 2050 3760; x_wconf 81' lang='lat' dir='ltr'>extra</span> 
     </span>
    </p>
   </div>
   <div class='ocr_carea' id='block_1_66' title="bbox 397 3793 2049 3868">
    <p class='ocr_par' dir='ltr' id='par_1_66' title="bbox 397 3793 2049 3868">
     <span class='ocr_line' id='line_1_66' title="bbox 397 3793 2049 3868; baseline -0.004 -13"><span class='ocrx_word' id='word_1_504' title='bbox 397 3800 566 3868; x_wconf 86' lang='lat' dir='ltr'>illud,</span> <span class='ocrx_word' id='word_1_505' title='bbox 623 3806 678 3857; x_wconf 91' lang='lat' dir='ltr'>et</span> <span class='ocrx_word' id='word_1_506' title='bbox 735 3805 897 3856; x_wconf 83' lang='lat' dir='ltr'>extra</span> <span class='ocrx_word' id='word_1_507' title='bbox 953 3813 1282 3854; x_wconf 83' lang='lat' dir='ltr'>sermonem</span> <span class='ocrx_word' id='word_1_508' title='bbox 1350 3800 1638 3851; x_wconf 90' lang='lat' dir='ltr'>nostrum.</span> <span class='ocrx_word' id='word_1_509' title='bbox 1725 3796 1834 3850; x_wconf 89' lang='lat' dir='ltr'>Sed</span> <span class='ocrx_word' id='word_1_510' title='bbox 1894 3793 2049 3849; x_wconf 89' lang='lat' dir='ltr'>inter</span> 
     </span>
    </p>
   </div>
   <div class='ocr_carea' id='block_1_67' title="bbox 396 3883 2041 3956">
    <p class='ocr_par' dir='ltr' id='par_1_67' title="bbox 396 3883 2041 3956">
     <span class='ocr_line' id='line_1_67' title="bbox 396 3883 2041 3956; baseline -0.004 -12"><span class='ocrx_word' id='word_1_511' title='bbox 396 3889 670 3945; x_wconf 87' lang='lat' dir='ltr'>homines</span> <span class='ocrx_word' id='word_1_512' title='bbox 725 3889 822 3945; x_wconf 87' lang='lat' dir='ltr'>Dei</span> <span class='ocrx_word' id='word_1_513' title='bbox 884 3887 1207 3944; x_wconf 88' lang='lat' dir='ltr'>secundum</span> <span class='ocrx_word' id='word_1_514' title='bbox 1282 3883 1662 3956; x_wconf 85' lang='lat' dir='ltr'>Evangelium</span> <span class='ocrx_word' id='word_1_515' title='bbox 1741 3884 2041 3956; x_wconf 70' lang='lat' dir='ltr'>degentss,</span> 
     </span>
    </p>
   </div>
   <div class='ocr_carea' id='block_1_68' title="bbox 394 3971 2042 4050">
    <p class='ocr_par' dir='ltr' id='par_1_68' title="bbox 394 3971 2042 4050">
     <span class='ocr_line' id='line_1_68' title="bbox 394 3971 2042 4050; baseline -0.005 -17"><span class='ocrx_word' id='word_1_516' title='bbox 394 3977 552 4048; x_wconf 87' lang='lat' dir='ltr'>laici,</span> <span class='ocrx_word' id='word_1_517' title='bbox 586 3996 732 4050; x_wconf 90' lang='lat' dir='ltr'>quos</span> <span class='ocrx_word' id='word_1_518' title='bbox 788 3983 1056 4032; x_wconf 80' lang='lat' dir='ltr'>naturae</span> <span class='ocrx_word' id='word_1_519' title='bbox 1093 3973 1378 4047; x_wconf 87' lang='lat' dir='ltr'>principio</span> <span class='ocrx_word' id='word_1_520' title='bbox 1435 3973 1726 4045; x_wconf 86' lang='lat' dir='ltr'>cognovit,</span> <span class='ocrx_word' id='word_1_521' title='bbox 1787 3971 2042 4027; x_wconf 87' lang='lat' dir='ltr'>universi</span> 
     </span>
    </p>
   </div>
   <div class='ocr_carea' id='block_1_69' title="bbox 393 4061 2042 4139">
    <p class='ocr_par' dir='ltr' id='par_1_69' title="bbox 393 4061 2042 4139">
     <span class='ocr_line' id='line_1_69' title="bbox 393 4061 2042 4139; baseline -0.004 -16"><span class='ocrx_word' id='word_1_522' title='bbox 393 4085 462 4123; x_wconf 83' lang='lat' dir='ltr'>ex</span> <span class='ocrx_word' id='word_1_523' title='bbox 491 4085 654 4139; x_wconf 73' lang='lat' dir='ltr'>aequo</span> <span class='ocrx_word' id='word_1_524' title='bbox 686 4068 862 4128; x_wconf 81' lang='lat' dir='ltr'>{idem</span> <span class='ocrx_word' id='word_1_525' title='bbox 896 4067 1016 4137; x_wconf 87' lang='lat' dir='ltr'>regi</span> <span class='ocrx_word' id='word_1_526' title='bbox 1046 4082 1289 4137; x_wconf 87' lang='lat' dir='ltr'>regnum</span> <span class='ocrx_word' id='word_1_527' title='bbox 1332 4061 1753 4134; x_wconf 81' lang='lat' dir='ltr'>acceptabilem</span> <span class='ocrx_word' id='word_1_528' title='bbox 1813 4077 2042 4117; x_wconf 88' lang='lat' dir='ltr'>servare</span> 
     </span>
    </p>
   </div>
   <div class='ocr_carea' id='block_1_70' title="bbox 395 4151 2038 4227">
    <p class='ocr_par' dir='ltr' id='par_1_70' title="bbox 395 4151 2038 4227">
     <span class='ocr_line' id='line_1_70' title="bbox 395 4151 2038 4227; baseline -0.004 -16"><span class='ocrx_word' id='word_1_529' title='bbox 395 4157 642 4212; x_wconf 90' lang='lat' dir='ltr'>debent:</span> <span class='ocrx_word' id='word_1_530' title='bbox 677 4157 773 4226; x_wconf 90' lang='lat' dir='ltr'>qui</span> <span class='ocrx_word' id='word_1_531' title='bbox 809 4156 964 4227; x_wconf 89' lang='lat' dir='ltr'>quod</span> <span class='ocrx_word' id='word_1_532' title='bbox 997 4155 1161 4223; x_wconf 89' lang='lat' dir='ltr'>dicit,</span> <span class='ocrx_word' id='word_1_533' title='bbox 1222 4151 1511 4208; x_wconf 89' lang='lat' dir='ltr'>universis</span> <span class='ocrx_word' id='word_1_534' title='bbox 1540 4152 1703 4206; x_wconf 88' lang='lat' dir='ltr'>dicit.</span> <span class='ocrx_word' id='word_1_535' title='bbox 1761 4152 1908 4205; x_wconf 90' lang='lat' dir='ltr'>Sunt</span> <span class='ocrx_word' id='word_1_536' title='bbox 1935 4167 2038 4204; x_wconf 90' lang='lat' dir='ltr'>au-</span> 
     </span>
    </p>
   </div>
   <div class='ocr_carea' id='block_1_71' title="bbox 391 4239 2035 4309">
    <p class='ocr_par' dir='ltr' id='par_1_71' title="bbox 391 4239 2035 4309">
     <span class='ocr_line' id='line_1_71' title="bbox 391 4239 2035 4309; baseline -0.005 -7"><span class='ocrx_word' id='word_1_537' title='bbox 391 4249 508 4302; x_wconf 87' lang='lat' dir='ltr'>tem</span> <span class='ocrx_word' id='word_1_538' title='bbox 542 4261 747 4301; x_wconf 85' lang='lat' dir='ltr'>omnes</span> <span class='ocrx_word' id='word_1_539' title='bbox 777 4245 963 4301; x_wconf 90' lang='lat' dir='ltr'>eidem</span> <span class='ocrx_word' id='word_1_540' title='bbox 989 4242 1172 4300; x_wconf 91' lang='lat' dir='ltr'>cultui</span> <span class='ocrx_word' id='word_1_541' title='bbox 1205 4241 1442 4308; x_wconf 89' lang='lat' dir='ltr'>addicti,</span> <span class='ocrx_word' id='word_1_542' title='bbox 1478 4245 1544 4295; x_wconf 86' lang='lat' dir='ltr'>ut</span> <span class='ocrx_word' id='word_1_543' title='bbox 1574 4239 2035 4309; x_wconf 84' lang='lat' dir='ltr'>constat.thui-</span> 
     </span>
    </p>
   </div>
   <div class='ocr_carea' id='block_1_72' title="bbox 392 4327 2033 4406">
    <p class='ocr_par' dir='ltr' id='par_1_72' title="bbox 392 4327 2033 4406">
     <span class='ocr_line' id='line_1_72' title="bbox 392 4327 2033 4406; baseline -0.004 -16"><span class='ocrx_word' id='word_1_544' title='bbox 392 4351 626 4406; x_wconf 90' lang='lat' dir='ltr'>cunque</span> <span class='ocrx_word' id='word_1_545' title='bbox 682 4332 967 4405; x_wconf 80' lang='lat' dir='ltr'>segregati</span> <span class='ocrx_word' id='word_1_546' title='bbox 1025 4336 1166 4388; x_wconf 90' lang='lat' dir='ltr'>sunt</span> <span class='ocrx_word' id='word_1_547' title='bbox 1221 4331 1347 4385; x_wconf 64' lang='lat' dir='ltr'>vitae</span> <span class='ocrx_word' id='word_1_548' title='bbox 1409 4329 1666 4385; x_wconf 90' lang='lat' dir='ltr'>melioris</span> <span class='ocrx_word' id='word_1_549' title='bbox 1723 4327 2033 4396; x_wconf 84' lang='lat' dir='ltr'>desiderio,</span> 
     </span>
    </p>
   </div>
   <div class='ocr_carea' id='block_1_73' title="bbox 391 4417 2035 4490">
    <p class='ocr_par' dir='ltr' id='par_1_73' title="bbox 391 4417 2035 4490">
     <span class='ocr_line' id='line_1_73' title="bbox 391 4417 2035 4490; baseline -0.004 -11"><span class='ocrx_word' id='word_1_550' title='bbox 391 4423 508 4479; x_wconf 93' lang='lat' dir='ltr'>Deo</span> <span class='ocrx_word' id='word_1_551' title='bbox 565 4424 736 4478; x_wconf 87' lang='lat' dir='ltr'>aliter</span> <span class='ocrx_word' id='word_1_552' title='bbox 796 4421 1117 4478; x_wconf 89' lang='lat' dir='ltr'>consecrati</span> <span class='ocrx_word' id='word_1_553' title='bbox 1201 4427 1361 4484; x_wconf 91' lang='lat' dir='ltr'>sunt,</span> <span class='ocrx_word' id='word_1_554' title='bbox 1420 4424 1477 4474; x_wconf 92' lang='lat' dir='ltr'>et</span> <span class='ocrx_word' id='word_1_555' title='bbox 1527 4417 1694 4490; x_wconf 88' lang='lat' dir='ltr'>quasi</span> <span class='ocrx_word' id='word_1_556' title='bbox 1753 4417 1915 4472; x_wconf 88' lang='lat' dir='ltr'>elecli</span> <span class='ocrx_word' id='word_1_557' title='bbox 1964 4417 2035 4472; x_wconf 93' lang='lat' dir='ltr'>de</span> 
     </span>
    </p>
   </div>
   <div class='ocr_carea' id='block_1_74' title="bbox 390 4505 2035 4584">
    <p class='ocr_par' dir='ltr' id='par_1_74' title="bbox 390 4505 2035 4584">
     <span class='ocr_line' id='line_1_74' title="bbox 390 4505 2035 4584; baseline -0.004 -17"><span class='ocrx_word' id='word_1_558' title='bbox 390 4513 548 4567; x_wconf 91' lang='lat' dir='ltr'>omni</span> <span class='ocrx_word' id='word_1_559' title='bbox 581 4529 756 4584; x_wconf 88' lang='lat' dir='ltr'>grege</span> <span class='ocrx_word' id='word_1_560' title='bbox 785 4516 924 4566; x_wconf 84' lang='lat' dir='ltr'>sunt</span> <span class='ocrx_word' id='word_1_561' title='bbox 953 4509 1169 4582; x_wconf 88' lang='lat' dir='ltr'>signati</span> <span class='ocrx_word' id='word_1_562' title='bbox 1203 4525 1346 4563; x_wconf 93' lang='lat' dir='ltr'>novo</span> <span class='ocrx_word' id='word_1_563' title='bbox 1380 4505 1572 4578; x_wconf 87' lang='lat' dir='ltr'>sigillo</span> <span class='ocrx_word' id='word_1_564' title='bbox 1625 4507 1919 4561; x_wconf 90' lang='lat' dir='ltr'>Dominico</span> <span class='ocrx_word' id='word_1_565' title='bbox 1979 4509 2035 4560; x_wconf 89' lang='lat' dir='ltr'>et</span> 
     </span>
    </p>
   </div>
   <div class='ocr_carea' id='block_1_75' title="bbox 387 4593 2034 4673">
    <p class='ocr_par' dir='ltr' id='par_1_75' title="bbox 387 4593 2034 4673">
     <span class='ocr_line' id='line_1_75' title="bbox 387 4593 2034 4673; baseline -0.002 -19"><span class='ocrx_word' id='word_1_566' title='bbox 387 4601 565 4673; x_wconf 86' lang='lat' dir='ltr'>regali</span> <span class='ocrx_word' id='word_1_567' title='bbox 589 4607 720 4672; x_wconf 90' lang='lat' dir='ltr'>post</span> <span class='ocrx_word' id='word_1_568' title='bbox 774 4601 1181 4671; x_wconf 90' lang='lat' dir='ltr'>baptismum;</span> <span class='ocrx_word' id='word_1_569' title='bbox 1219 4597 1274 4652; x_wconf 92' lang='lat' dir='ltr'>hi</span> <span class='ocrx_word' id='word_1_570' title='bbox 1339 4595 1564 4666; x_wconf 79' lang='lat' dir='ltr'>praecisi</span> <span class='ocrx_word' id='word_1_571' title='bbox 1621 4600 1760 4650; x_wconf 91' lang='lat' dir='ltr'>sunt</span> <span class='ocrx_word' id='word_1_572' title='bbox 1808 4593 2034 4650; x_wconf 84' lang='lat' dir='ltr'>scilicet</span> 
     </span>
    </p>
   </div>
   <div class='ocr_carea' id='block_1_76' title="bbox 386 4683 2108 4797">
    <p class='ocr_par' dir='ltr' id='par_1_76' title="bbox 386 4683 2108 4797">
     <span class='ocr_line' id='line_1_76' title="bbox 386 4683 2108 4797; baseline -0.003 -53"><span class='ocrx_word' id='word_1_573' title='bbox 386 4707 502 4745; x_wconf 91' lang='lat' dir='ltr'>non</span> <span class='ocrx_word' id='word_1_574' title='bbox 536 4706 693 4746; x_wconf 90' lang='lat' dir='ltr'>more</span> <span class='ocrx_word' id='word_1_575' title='bbox 725 4689 1172 4752; x_wconf 74' lang='lat' dir='ltr'>Phariszeorum,</span> <span class='ocrx_word' id='word_1_576' title='bbox 1207 4687 1331 4750; x_wconf 88' lang='lat' dir='ltr'>sed,</span> <span class='ocrx_word' id='word_1_577' title='bbox 1365 4684 1412 4740; x_wconf 91' lang='lat' dir='ltr'>si</span> <span class='ocrx_word' id='word_1_578' title='bbox 1446 4684 1636 4739; x_wconf 91' lang='lat' dir='ltr'>dicere</span> <span class='ocrx_word' id='word_1_579' title='bbox 1669 4683 1756 4738; x_wconf 87' lang='lat' dir='ltr'>fas</span> <span class='ocrx_word' id='word_1_580' title='bbox 1789 4688 1898 4751; x_wconf 91' lang='lat' dir='ltr'>est,</span> <span class='ocrx_word' id='word_1_581' title='bbox 1935 4699 2029 4739; x_wconf 88' lang='lat' dir='ltr'>se-</span> <span class='ocrx_word' id='word_1_582' title='bbox 2065 4733 2108 4797; x_wconf 68' lang='grc' dir='ltr'><strong>Β</strong></span> 
     </span>
     <span class='ocr_line' id='line_1_77' title="bbox 395 4771 2003 4797; baseline 0 0"><span class='ocrx_word' id='word_1_583' title='bbox 395 4796 409 4797; x_wconf 35' lang='grc' dir='ltr'><em>γ</em></span> <span class='ocrx_word' id='word_1_584' title='bbox 523 4780 536 4797; x_wconf 73' lang='grc' dir='ltr'><strong>ι</strong></span> <span class='ocrx_word' id='word_1_585' title='bbox 569 4795 636 4797; x_wconf 26' lang='grc' dir='ltr'>μή</span> <span class='ocrx_word' id='word_1_586' title='bbox 681 4778 916 4797; x_wconf 31' lang='lat' dir='ltr'>A,1,L,_-</span> <span class='ocrx_word' id='word_1_587' title='bbox 982 4778 1206 4797; x_wconf 65' lang='lat' dir='ltr'>n___,___</span> <span class='ocrx_word' id='word_1_588' title='bbox 1261 4791 1402 4797; x_wconf 64' lang='lat'>_---..</span> <span class='ocrx_word' id='word_1_589' title='bbox 1455 4773 1628 4797; x_wconf 67' lang='lat' dir='ltr'>1_...J:L</span> <span class='ocrx_word' id='word_1_590' title='bbox 1684 4771 1864 4797; x_wconf 73' lang='lat' dir='ltr'>.I.-l-:-</span> <span class='ocrx_word' id='word_1_591' title='bbox 1931 4777 2003 4797; x_wconf 72' lang='lat' dir='ltr'>Il-</span> 
     </span>
    </p>
   </div>
   <div class='ocr_carea' id='block_1_77' title="bbox 385 4771 2032 4846">
    <p class='ocr_par' dir='ltr' id='par_1_77' title="bbox 385 4771 2032 4846">
     <span class='ocr_line' id='line_1_78' title="bbox 385 4771 2032 4846; baseline -0.004 -12"><span class='ocrx_word' id='word_1_592' title='bbox 385 4780 647 4834; x_wconf 90' lang='lat' dir='ltr'>cundum</span> <span class='ocrx_word' id='word_1_593' title='bbox 671 4778 926 4834; x_wconf 90' lang='lat' dir='ltr'>celebres</span> <span class='ocrx_word' id='word_1_594' title='bbox 982 4778 1208 4832; x_wconf 60' lang='lat' dir='ltr'>Essenos</span> <span class='ocrx_word' id='word_1_595' title='bbox 1257 4791 1404 4846; x_wconf 90' lang='lat' dir='ltr'>quos</span> <span class='ocrx_word' id='word_1_596' title='bbox 1455 4773 1632 4828; x_wconf 88' lang='lat' dir='ltr'>tradit</span> <span class='ocrx_word' id='word_1_597' title='bbox 1681 4771 1867 4828; x_wconf 89' lang='lat' dir='ltr'>dulcis</span> <span class='ocrx_word' id='word_1_598' title='bbox 1924 4777 2032 4828; x_wconf 80' lang='lat' dir='ltr'>He-</span> 
     </span>
    </p>
   </div>
   <div class='ocr_carea' id='block_1_78' title="bbox 384 4861 2025 4938">
    <p class='ocr_par' dir='ltr' id='par_1_78' title="bbox 384 4861 2025 4938">
     <span class='ocr_line' id='line_1_79' title="bbox 384 4861 2025 4938; baseline -0.004 -16"><span class='ocrx_word' id='word_1_599' title='bbox 384 4867 674 4922; x_wconf 68' lang='lat' dir='ltr'>brzeorum</span> <span class='ocrx_word' id='word_1_600' title='bbox 707 4867 974 4938; x_wconf 88' lang='lat' dir='ltr'>scriptor,</span> <span class='ocrx_word' id='word_1_601' title='bbox 1025 4870 1081 4921; x_wconf 89' lang='lat' dir='ltr'>et</span> <span class='ocrx_word' id='word_1_602' title='bbox 1135 4864 1348 4936; x_wconf 89' lang='lat' dir='ltr'>quibus</span> <span class='ocrx_word' id='word_1_603' title='bbox 1403 4862 1614 4917; x_wconf 91' lang='lat' dir='ltr'>melius</span> <span class='ocrx_word' id='word_1_604' title='bbox 1663 4861 2025 4934; x_wconf 90' lang='lat' dir='ltr'>comparabi-</span> 
     </span>
    </p>
   </div>
   <div class='ocr_carea' id='block_1_79' title="bbox 384 4950 2028 5011">
    <p class='ocr_par' dir='ltr' id='par_1_79' title="bbox 384 4950 2028 5011">
     <span class='ocr_line' id='line_1_80' title="bbox 384 4950 2028 5011; baseline -0.003 0"><span class='ocrx_word' id='word_1_605' title='bbox 384 4960 483 5011; x_wconf 87' lang='lat' dir='ltr'>tur</span> <span class='ocrx_word' id='word_1_606' title='bbox 513 4956 923 5011; x_wconf 86' lang='lat' dir='ltr'>monachicum</span> <span class='ocrx_word' id='word_1_607' title='bbox 977 4953 1330 5010; x_wconf 73' lang='lat' dir='ltr'>cmnobium.</span> <span class='ocrx_word' id='word_1_608' title='bbox 1383 4951 1601 5007; x_wconf 89' lang='lat' dir='ltr'>Horum</span> <span class='ocrx_word' id='word_1_609' title='bbox 1661 4950 1813 5006; x_wconf 90' lang='lat' dir='ltr'>inter</span> <span class='ocrx_word' id='word_1_610' title='bbox 1860 4967 2028 5006; x_wconf 90' lang='lat' dir='ltr'>sacra</span> 
     </span>
    </p>
   </div>
   <div class='ocr_carea' id='block_1_80' title="bbox 2232 3348 3832 3434">
    <p class='ocr_par' dir='ltr' id='par_1_80' title="bbox 2232 3348 3832 3434">
     <span class='ocr_line' id='line_1_81' title="bbox 2232 3348 3832 3434; baseline 0.008 -31"><span class='ocrx_word' id='word_1_611' title='bbox 2232 3349 2360 3426; x_wconf 50' lang='grc' dir='ltr'>ρῑιεῖ</span> <span class='ocrx_word' id='word_1_612' title='bbox 2420 3352 2600 3412; x_wconf 69' lang='grc' dir='ltr'>’Ἅπας</span> <span class='ocrx_word' id='word_1_613' title='bbox 2669 3348 2954 3427; x_wconf 80' lang='grc' dir='ltr'>ἅνθρωπος</span> <span class='ocrx_word' id='word_1_614' title='bbox 3015 3353 3150 3408; x_wconf 85' lang='grc' dir='ltr'>Θεοῦ</span> <span class='ocrx_word' id='word_1_615' title='bbox 3201 3355 3420 3418; x_wconf 82' lang='grc' dir='ltr'>πάντως</span> <span class='ocrx_word' id='word_1_616' title='bbox 3476 3354 3778 3434; x_wconf 76' lang='grc' dir='ltr'>ἅνθρωπος</span> <span class='ocrx_word' id='word_1_617' title='bbox 3816 3404 3832 3430; x_wconf 86' lang='grc'>,</span> 
     </span>
    </p>
   </div>
   <div class='ocr_carea' id='block_1_81' title="bbox 2163 3437 3835 3522">
    <p class='ocr_par' dir='ltr' id='par_1_81' title="bbox 2163 3437 3835 3522">
     <span class='ocr_line' id='line_1_82' title="bbox 2163 3437 3835 3522; baseline 0.007 -29"><span class='ocrx_word' id='word_1_618' title='bbox 2163 3437 2244 3493; x_wconf 75' lang='grc' dir='ltr'>ὅτι</span> <span class='ocrx_word' id='word_1_619' title='bbox 2275 3437 2363 3493; x_wconf 83' lang='grc' dir='ltr'>καὶ</span> <span class='ocrx_word' id='word_1_620' title='bbox 2395 3443 2528 3494; x_wconf 86' lang='grc' dir='ltr'>Θεοῦ</span> <span class='ocrx_word' id='word_1_621' title='bbox 2573 3439 2808 3512; x_wconf 88' lang='grc' dir='ltr'>ποίημα,</span> <span class='ocrx_word' id='word_1_622' title='bbox 2867 3440 2929 3494; x_wconf 88' lang='grc' dir='ltr'>τὸ</span> <span class='ocrx_word' id='word_1_623' title='bbox 2978 3439 3068 3496; x_wconf 78' lang='grc' dir='ltr'>καὶ</span> <span class='ocrx_word' id='word_1_624' title='bbox 3099 3440 3421 3511; x_wconf 85' lang='grc' dir='ltr'>κάλλιστον,</span> <span class='ocrx_word' id='word_1_625' title='bbox 3476 3444 3564 3499; x_wconf 79' lang='grc' dir='ltr'>καὶ</span> <span class='ocrx_word' id='word_1_626' title='bbox 3631 3446 3835 3522; x_wconf 82' lang='grc' dir='ltr'>βέλτι-</span> 
     </span>
    </p>
   </div>
   <div class='ocr_carea' id='block_1_82' title="bbox 2161 3527 3835 3612">
    <p class='ocr_par' dir='ltr' id='par_1_82' title="bbox 2161 3527 3835 3612">
     <span class='ocr_line' id='line_1_83' title="bbox 2161 3527 3835 3612; baseline 0.008 -32"><span class='ocrx_word' id='word_1_627' title='bbox 2161 3546 2305 3598; x_wconf 89' lang='grc' dir='ltr'>στον,</span> <span class='ocrx_word' id='word_1_628' title='bbox 2353 3528 2444 3582; x_wconf 82' lang='grc' dir='ltr'>καὶ</span> <span class='ocrx_word' id='word_1_629' title='bbox 2496 3527 2713 3604; x_wconf 81' lang='grc' dir='ltr'>ἄριστον</span> <span class='ocrx_word' id='word_1_630' title='bbox 2752 3550 2764 3562; x_wconf 75' lang='grc' dir='ltr'>ο</span> <span class='ocrx_word' id='word_1_631' title='bbox 2845 3527 2909 3583; x_wconf 78' lang='grc' dir='ltr'>οὗ</span> <span class='ocrx_word' id='word_1_632' title='bbox 2971 3531 3232 3606; x_wconf 80' lang='grc' dir='ltr'>κατῆρξεν</span> <span class='ocrx_word' id='word_1_633' title='bbox 3292 3531 3390 3587; x_wconf 80' lang='grc' dir='ltr'>ὅσα</span> <span class='ocrx_word' id='word_1_634' title='bbox 3447 3534 3537 3589; x_wconf 85' lang='grc' dir='ltr'>καὶ</span> <span class='ocrx_word' id='word_1_635' title='bbox 3594 3537 3835 3612; x_wconf 69' lang='grc' dir='ltr'>σπέρμα</span> 
     </span>
    </p>
   </div>
   <div class='ocr_carea' id='block_1_83' title="bbox 2160 3616 3831 3693">
    <p class='ocr_par' dir='ltr' id='par_1_83' title="bbox 2160 3616 3831 3693">
     <span class='ocr_line' id='line_1_84' title="bbox 2160 3616 3831 3693; baseline 0.008 -24"><span class='ocrx_word' id='word_1_636' title='bbox 2160 3616 2453 3692; x_wconf 67' lang='grc' dir='ltr'>θεοπρεπὲς</span> <span class='ocrx_word' id='word_1_637' title='bbox 2507 3617 2535 3671; x_wconf 92' lang='lat'>6</span> <span class='ocrx_word' id='word_1_638' title='bbox 2585 3617 2925 3691; x_wconf 87' lang='grc' dir='ltr'>πρωτόθετος</span> <span class='ocrx_word' id='word_1_639' title='bbox 2975 3618 3171 3693; x_wconf 76' lang='grc' dir='ltr'>Ἀδάμ.</span> <span class='ocrx_word' id='word_1_640' title='bbox 3213 3622 3416 3676; x_wconf 72' lang='grc' dir='ltr'>Τούτου</span> <span class='ocrx_word' id='word_1_641' title='bbox 3447 3619 3505 3678; x_wconf 77' lang='grc' dir='ltr'>δὲ</span> <span class='ocrx_word' id='word_1_642' title='bbox 3531 3629 3632 3678; x_wconf 91' lang='grc' dir='ltr'>τοῦ</span> <span class='ocrx_word' id='word_1_643' title='bbox 3686 3647 3831 3682; x_wconf 79' lang='grc' dir='ltr'>παι-</span> 
     </span>
    </p>
   </div>
   <div class='ocr_carea' id='block_1_84' title="bbox 2156 3705 3831 3789">
    <p class='ocr_par' dir='ltr' id='par_1_84' title="bbox 2156 3705 3831 3789">
     <span class='ocr_line' id='line_1_85' title="bbox 2156 3705 3831 3789; baseline 0.008 -31"><span class='ocrx_word' id='word_1_644' title='bbox 2156 3705 2368 3778; x_wconf 76' lang='grc' dir='ltr'>ήματος</span> <span class='ocrx_word' id='word_1_645' title='bbox 2426 3705 2543 3760; x_wconf 73' lang='grc' dir='ltr'>ὅσοι</span> <span class='ocrx_word' id='word_1_646' title='bbox 2605 3707 2698 3779; x_wconf 76' lang='grc' dir='ltr'>μὲν</span> <span class='ocrx_word' id='word_1_647' title='bbox 2753 3708 2851 3776; x_wconf 70' lang='grc' dir='ltr'>τὴν</span> <span class='ocrx_word' id='word_1_648' title='bbox 2903 3710 3166 3783; x_wconf 83' lang='grc' dir='ltr'>κυριακήν</span> <span class='ocrx_word' id='word_1_649' title='bbox 3219 3708 3454 3788; x_wconf 83' lang='grc' dir='ltr'>μάνδραν</span> <span class='ocrx_word' id='word_1_650' title='bbox 3487 3713 3831 3789; x_wconf 71' lang='grc' dir='ltr'>ἀπείπαντο,</span> 
     </span>
    </p>
   </div>
   <div class='ocr_carea' id='block_1_85' title="bbox 2156 3789 3830 3871">
    <p class='ocr_par' dir='ltr' id='par_1_85' title="bbox 2156 3789 3830 3871">
     <span class='ocr_line' id='line_1_86' title="bbox 2156 3789 3830 3871; baseline 0.008 -24"><span class='ocrx_word' id='word_1_651' title='bbox 2156 3793 2492 3861; x_wconf 79' lang='grc' dir='ltr'>στηκέτωσαν</span> <span class='ocrx_word' id='word_1_652' title='bbox 2550 3789 2652 3866; x_wconf 79' lang='grc' dir='ltr'>ἔξω</span> <span class='ocrx_word' id='word_1_653' title='bbox 2688 3842 2704 3865; x_wconf 83' lang='grc'>,</span> <span class='ocrx_word' id='word_1_654' title='bbox 2771 3798 3008 3871; x_wconf 81' lang='grc' dir='ltr'>καθάπερ</span> <span class='ocrx_word' id='word_1_655' title='bbox 3072 3797 3300 3871; x_wconf 79' lang='grc' dir='ltr'>ἐκείνης,</span> <span class='ocrx_word' id='word_1_656' title='bbox 3363 3800 3504 3855; x_wconf 67' lang='grc' dir='ltr'>οὕτω</span> <span class='ocrx_word' id='word_1_657' title='bbox 3557 3803 3654 3857; x_wconf 84' lang='grc' dir='ltr'>καὶ</span> <span class='ocrx_word' id='word_1_658' title='bbox 3717 3811 3830 3860; x_wconf 87' lang='grc' dir='ltr'>τοῦ</span> 
     </span>
    </p>
   </div>
   <div class='ocr_carea' id='block_1_86' title="bbox 2152 3881 3828 3968">
    <p class='ocr_par' dir='ltr' id='par_1_86' title="bbox 2152 3881 3828 3968">
     <span class='ocr_line' id='line_1_87' title="bbox 2152 3881 3828 3968; baseline 0.007 -32"><span class='ocrx_word' id='word_1_659' title='bbox 2152 3884 2267 3937; x_wconf 83' lang='grc' dir='ltr'>καθ’</span> <span class='ocrx_word' id='word_1_660' title='bbox 2311 3885 2457 3956; x_wconf 72' lang='grc' dir='ltr'>ἡμᾶς</span> <span class='ocrx_word' id='word_1_661' title='bbox 2486 3881 2646 3938; x_wconf 86' lang='grc' dir='ltr'>τοῦδε</span> <span class='ocrx_word' id='word_1_662' title='bbox 2684 3882 2870 3961; x_wconf 68' lang='grc' dir='ltr'>λόγοιν</span> <span class='ocrx_word' id='word_1_663' title='bbox 2920 3890 3028 3940; x_wconf 81' lang='grc' dir='ltr'>τῶν</span> <span class='ocrx_word' id='word_1_664' title='bbox 3062 3884 3118 3942; x_wconf 71' lang='grc' dir='ltr'>δὲ</span> <span class='ocrx_word' id='word_1_665' title='bbox 3171 3887 3536 3964; x_wconf 80' lang='grc' dir='ltr'>εὖαγγελικῶς</span> <span class='ocrx_word' id='word_1_666' title='bbox 3591 3892 3828 3968; x_wconf 65' lang='grc' dir='ltr'>ἀνθρώ-</span> 
     </span>
    </p>
   </div>
   <div class='ocr_carea' id='block_1_87' title="bbox 2149 3973 3825 4058">
    <p class='ocr_par' dir='ltr' id='par_1_87' title="bbox 2149 3973 3825 4058">
     <span class='ocr_line' id='line_1_88' title="bbox 2149 3973 3825 4058; baseline 0.007 -33"><span class='ocrx_word' id='word_1_667' title='bbox 2149 3992 2266 4058; x_wconf 82' lang='grc' dir='ltr'>πων</span> <span class='ocrx_word' id='word_1_668' title='bbox 2297 3975 2396 4025; x_wconf 94' lang='grc' dir='ltr'>τοῦ</span> <span class='ocrx_word' id='word_1_669' title='bbox 2425 3976 2558 4027; x_wconf 89' lang='grc' dir='ltr'>Θεοῦ</span> <span class='ocrx_word' id='word_1_670' title='bbox 2606 3973 2658 4027; x_wconf 77' lang='grc' dir='ltr'>οἱ</span> <span class='ocrx_word' id='word_1_671' title='bbox 2710 3973 2804 4046; x_wconf 77' lang='grc' dir='ltr'>μὲν</span> <span class='ocrx_word' id='word_1_672' title='bbox 2853 3978 2950 4029; x_wconf 90' lang='grc' dir='ltr'>τοῦ</span> <span class='ocrx_word' id='word_1_673' title='bbox 3000 3979 3158 4044; x_wconf 84' lang='grc' dir='ltr'>Λαοῦ,</span> <span class='ocrx_word' id='word_1_674' title='bbox 3187 3976 3244 4030; x_wconf 82' lang='grc' dir='ltr'>ὃν</span> <span class='ocrx_word' id='word_1_675' title='bbox 3305 3980 3539 4054; x_wconf 76' lang='grc' dir='ltr'>ἀρχῆθεν</span> <span class='ocrx_word' id='word_1_676' title='bbox 3571 3983 3609 4049; x_wconf 81' lang='grc' dir='ltr'>ἠ</span> <span class='ocrx_word' id='word_1_677' title='bbox 3644 3981 3825 4058; x_wconf 67' lang='grc' dir='ltr'>φύσις</span> 
     </span>
    </p>
   </div>
   <div class='ocr_carea' id='block_1_88' title="bbox 2149 4057 3822 4142">
    <p class='ocr_par' dir='ltr' id='par_1_88' title="bbox 2149 4057 3822 4142">
     <span class='ocr_line' id='line_1_89' title="bbox 2149 4057 3822 4142; baseline 0.009 -30"><span class='ocrx_word' id='word_1_678' title='bbox 2149 4057 2430 4135; x_wconf 81' lang='grc' dir='ltr'>ἐγνώρισεν</span> <span class='ocrx_word' id='word_1_679' title='bbox 2465 4107 2480 4132; x_wconf 86' lang='grc'>,</span> <span class='ocrx_word' id='word_1_680' title='bbox 2555 4060 2730 4132; x_wconf 73' lang='grc' dir='ltr'>ὶξίσης</span> <span class='ocrx_word' id='word_1_681' title='bbox 2810 4059 3038 4126; x_wconf 74' lang='grc' dir='ltr'>ἅπαντες</span> <span class='ocrx_word' id='word_1_682' title='bbox 3108 4064 3380 4142; x_wconf 71' lang='grc' dir='ltr'>ὀφειλέται</span> <span class='ocrx_word' id='word_1_683' title='bbox 3440 4057 3822 4141; x_wconf 61' lang='grc' dir='ltr'>καθεστήκασι</span> 
     </span>
    </p>
   </div>
   <div class='ocr_carea' id='block_1_89' title="bbox 2148 4147 3818 4234">
    <p class='ocr_par' dir='ltr' id='par_1_89' title="bbox 2148 4147 3818 4234">
     <span class='ocr_line' id='line_1_90' title="bbox 2148 4147 3818 4234; baseline 0.001 -30"><span class='ocrx_word' id='word_1_684' title='bbox 2148 4147 2400 4218; x_wconf 87' lang='grc' dir='ltr'>πίστεως,</span> <span class='ocrx_word' id='word_1_685' title='bbox 2461 4147 2800 4224; x_wconf 81' lang='grc' dir='ltr'>φιλουμένης</span> <span class='ocrx_word' id='word_1_686' title='bbox 2844 4155 2923 4223; x_wconf 79' lang='grc' dir='ltr'>τῷ</span> <span class='ocrx_word' id='word_1_687' title='bbox 2977 4147 3337 4224; x_wconf 73' lang='grc' dir='ltr'>παμϐασιλεῖ·</span> <span class='ocrx_word' id='word_1_688' title='bbox 3392 4157 3470 4224; x_wconf 79' lang='grc' dir='ltr'>ὅς,</span> <span class='ocrx_word' id='word_1_689' title='bbox 3521 4155 3659 4234; x_wconf 72' lang='grc' dir='ltr'>ἅπερ</span> <span class='ocrx_word' id='word_1_690' title='bbox 3710 4160 3818 4217; x_wconf 74' lang='grc' dir='ltr'>λέ-</span> 
     </span>
    </p>
   </div>
   <div class='ocr_carea' id='block_1_90' title="bbox 2146 4236 3821 4325">
    <p class='ocr_par' dir='ltr' id='par_1_90' title="bbox 2146 4236 3821 4325">
     <span class='ocr_line' id='line_1_91' title="bbox 2146 4236 3821 4325; baseline 0.01 -35"><span class='ocrx_word' id='word_1_691' title='bbox 2146 4257 2250 4312; x_wconf 88' lang='grc' dir='ltr'>γει,</span> <span class='ocrx_word' id='word_1_692' title='bbox 2284 4243 2414 4292; x_wconf 80' lang='grc' dir='ltr'>πᾶσι</span> <span class='ocrx_word' id='word_1_693' title='bbox 2445 4236 2610 4314; x_wconf 87' lang='grc' dir='ltr'>λέγει.</span> <span class='ocrx_word' id='word_1_694' title='bbox 2670 4240 2765 4294; x_wconf 81' lang='grc' dir='ltr'>Καί</span> <span class='ocrx_word' id='word_1_695' title='bbox 2821 4239 2956 4294; x_wconf 77' lang='grc' dir='ltr'>εἰσιν</span> <span class='ocrx_word' id='word_1_696' title='bbox 3009 4243 3236 4305; x_wconf 77' lang='grc' dir='ltr'>ἅπαντες</span> <span class='ocrx_word' id='word_1_697' title='bbox 3289 4250 3388 4314; x_wconf 79' lang='grc' dir='ltr'>τῆς</span> <span class='ocrx_word' id='word_1_698' title='bbox 3429 4245 3589 4300; x_wconf 78' lang='grc' dir='ltr'>αὐτοῦ</span> <span class='ocrx_word' id='word_1_699' title='bbox 3649 4249 3821 4325; x_wconf 72' lang='grc' dir='ltr'>θερα-</span> 
     </span>
    </p>
   </div>
   <div class='ocr_carea' id='block_1_91' title="bbox 2144 4325 3818 4409">
    <p class='ocr_par' dir='ltr' id='par_1_91' title="bbox 2144 4325 3818 4409">
     <span class='ocr_line' id='line_1_92' title="bbox 2144 4325 3818 4409; baseline 0.01 -30"><span class='ocrx_word' id='word_1_700' title='bbox 2144 4325 2319 4394; x_wconf 87' lang='grc' dir='ltr'>πείας,</span> <span class='ocrx_word' id='word_1_701' title='bbox 2379 4327 2453 4389; x_wconf 86' lang='grc' dir='ltr'>ὡς</span> <span class='ocrx_word' id='word_1_702' title='bbox 2512 4327 2612 4383; x_wconf 80' lang='grc' dir='ltr'>οὐκ</span> <span class='ocrx_word' id='word_1_703' title='bbox 2668 4325 2726 4383; x_wconf 81' lang='grc' dir='ltr'>ἂν</span> <span class='ocrx_word' id='word_1_704' title='bbox 2787 4326 3080 4403; x_wconf 76' lang='grc' dir='ltr'>ἀμφιλέξοι</span> <span class='ocrx_word' id='word_1_705' title='bbox 3136 4352 3243 4393; x_wconf 90' lang='grc' dir='ltr'>τις.</span> <span class='ocrx_word' id='word_1_706' title='bbox 3300 4333 3461 4390; x_wconf 87' lang='grc' dir='ltr'>Ὅσον</span> <span class='ocrx_word' id='word_1_707' title='bbox 3510 4331 3565 4388; x_wconf 68' lang='grc' dir='ltr'>δὲ</span> <span class='ocrx_word' id='word_1_708' title='bbox 3622 4336 3818 4409; x_wconf 77' lang='grc' dir='ltr'>φῦλον</span> 
     </span>
    </p>
   </div>
   <div class='ocr_carea' id='block_1_92' title="bbox 2147 4411 3820 4495">
    <p class='ocr_par' dir='ltr' id='par_1_92' title="bbox 2147 4411 3820 4495">
     <span class='ocr_line' id='line_1_93' title="bbox 2147 4411 3820 4495; baseline 0.008 -27"><span class='ocrx_word' id='word_1_709' title='bbox 2147 4411 2354 4470; x_wconf 78' lang='grc' dir='ltr'>ίδιάσαν</span> <span class='ocrx_word' id='word_1_710' title='bbox 2399 4417 2553 4490; x_wconf 85' lang='grc' dir='ltr'>πόθῳ</span> <span class='ocrx_word' id='word_1_711' title='bbox 2587 4417 2708 4492; x_wconf 85' lang='grc' dir='ltr'>βίου</span> <span class='ocrx_word' id='word_1_712' title='bbox 2756 4417 3082 4495; x_wconf 83' lang='grc' dir='ltr'>κρείττονος,</span> <span class='ocrx_word' id='word_1_713' title='bbox 3116 4417 3306 4485; x_wconf 83' lang='grc' dir='ltr'>ἄλλως</span> <span class='ocrx_word' id='word_1_714' title='bbox 3345 4426 3424 4493; x_wconf 84' lang='grc' dir='ltr'>τῷ</span> <span class='ocrx_word' id='word_1_715' title='bbox 3468 4428 3585 4495; x_wconf 88' lang='grc' dir='ltr'>Θεῷ</span> <span class='ocrx_word' id='word_1_716' title='bbox 3646 4424 3820 4495; x_wconf 68' lang='grc' dir='ltr'>ἀφώ-</span> 
     </span>
    </p>
   </div>
   <div class='ocr_carea' id='block_1_93' title="bbox 2145 4490 3816 4587">
    <p class='ocr_par' dir='ltr' id='par_1_93' title="bbox 2145 4490 3816 4587">
     <span class='ocr_line' id='line_1_94' title="bbox 2145 4490 3816 4587; baseline 0.008 -31"><span class='ocrx_word' id='word_1_717' title='bbox 2145 4523 2342 4578; x_wconf 89' lang='grc' dir='ltr'>ρισται,</span> <span class='ocrx_word' id='word_1_718' title='bbox 2376 4507 2466 4559; x_wconf 82' lang='grc' dir='ltr'>καὶ</span> <span class='ocrx_word' id='word_1_719' title='bbox 2516 4507 2591 4568; x_wconf 83' lang='grc' dir='ltr'>ὡς</span> <span class='ocrx_word' id='word_1_720' title='bbox 2637 4510 2734 4562; x_wconf 90' lang='grc' dir='ltr'>τοῦ</span> <span class='ocrx_word' id='word_1_721' title='bbox 2785 4505 2983 4562; x_wconf 90' lang='grc' dir='ltr'>λοιποῦ</span> <span class='ocrx_word' id='word_1_722' title='bbox 3013 4509 3276 4582; x_wconf 87' lang='grc' dir='ltr'>ποιμνίου</span> <span class='ocrx_word' id='word_1_723' title='bbox 3310 4510 3609 4567; x_wconf 85' lang='grc' dir='ltr'>ἀπόλεκτον</span> <span class='ocrx_word' id='word_1_724' title='bbox 3672 4490 3816 4587; x_wconf 45' lang='grc' dir='ltr'>ἐή-</span> 
     </span>
    </p>
   </div>
   <div class='ocr_carea' id='block_1_94' title="bbox 2147 4591 3813 4675">
    <p class='ocr_par' dir='ltr' id='par_1_94' title="bbox 2147 4591 3813 4675">
     <span class='ocr_line' id='line_1_95' title="bbox 2147 4591 3813 4675; baseline 0.009 -30"><span class='ocrx_word' id='word_1_725' title='bbox 2147 4593 2354 4665; x_wconf 85' lang='grc' dir='ltr'>μειώθη</span> <span class='ocrx_word' id='word_1_726' title='bbox 2413 4591 2664 4672; x_wconf 79' lang='grc' dir='ltr'>σφραγῖδι</span> <span class='ocrx_word' id='word_1_727' title='bbox 2717 4592 3012 4670; x_wconf 80' lang='grc' dir='ltr'>δεσποτικῇ</span> <span class='ocrx_word' id='word_1_728' title='bbox 3063 4596 3323 4672; x_wconf 81' lang='grc' dir='ltr'>βασιλικῇ</span> <span class='ocrx_word' id='word_1_729' title='bbox 3383 4597 3606 4675; x_wconf 72' lang='grc' dir='ltr'>δευτέρᾳ</span> <span class='ocrx_word' id='word_1_730' title='bbox 3663 4606 3813 4675; x_wconf 76' lang='grc' dir='ltr'>μετᾶ</span> 
     </span>
    </p>
   </div>
   <div class='ocr_carea' id='block_1_95' title="bbox 2138 4681 3808 4769">
    <p class='ocr_par' dir='ltr' id='par_1_95' title="bbox 2138 4681 3808 4769">
     <span class='ocr_line' id='line_1_96' title="bbox 2138 4681 3808 4769; baseline 0.007 -34"><span class='ocrx_word' id='word_1_731' title='bbox 2138 4681 2200 4736; x_wconf 86' lang='grc' dir='ltr'>τὸ</span> <span class='ocrx_word' id='word_1_732' title='bbox 2233 4683 2532 4758; x_wconf 78' lang='grc' dir='ltr'>βάπτισμα,</span> <span class='ocrx_word' id='word_1_733' title='bbox 2583 4683 2751 4739; x_wconf 83' lang='grc' dir='ltr'>έκεῖνο</span> <span class='ocrx_word' id='word_1_734' title='bbox 2791 4685 3160 4741; x_wconf 81' lang='grc' dir='ltr'>ἀποκέκοπται</span> <span class='ocrx_word' id='word_1_735' title='bbox 3209 4684 3446 4758; x_wconf 69' lang='grc' dir='ltr'>δηλαδὴ,</span> <span class='ocrx_word' id='word_1_736' title='bbox 3509 4690 3570 4744; x_wconf 79' lang='grc' dir='ltr'>οὐ</span> <span class='ocrx_word' id='word_1_737' title='bbox 3634 4713 3808 4769; x_wconf 74' lang='grc' dir='ltr'>φαρι-</span> 
     </span>
    </p>
   </div>
   <div class='ocr_carea' id='block_1_96' title="bbox 2139 4771 3805 4854">
    <p class='ocr_par' dir='ltr' id='par_1_96' title="bbox 2139 4771 3805 4854">
     <span class='ocr_line' id='line_1_97' title="bbox 2139 4771 3805 4854; baseline 0.008 -31"><span class='ocrx_word' id='word_1_738' title='bbox 2139 4775 2342 4833; x_wconf 84' lang='grc' dir='ltr'>σαῖκῶς</span> <span class='ocrx_word' id='word_1_739' title='bbox 2378 4771 2584 4844; x_wconf 86' lang='grc' dir='ltr'>μέντοι,</span> <span class='ocrx_word' id='word_1_740' title='bbox 2619 4771 2744 4830; x_wconf 85' lang='grc' dir='ltr'>ἀλλ’</span> <span class='ocrx_word' id='word_1_741' title='bbox 2775 4773 2827 4828; x_wconf 83' lang='grc' dir='ltr'>εἷ’</span> <span class='ocrx_word' id='word_1_742' title='bbox 2879 4775 2992 4850; x_wconf 75' lang='grc' dir='ltr'>χρὴ</span> <span class='ocrx_word' id='word_1_743' title='bbox 3045 4774 3188 4830; x_wconf 77' lang='grc' dir='ltr'>οὕτω</span> <span class='ocrx_word' id='word_1_744' title='bbox 3239 4777 3417 4854; x_wconf 80' lang='grc' dir='ltr'>φάναι,</span> <span class='ocrx_word' id='word_1_745' title='bbox 3472 4780 3612 4834; x_wconf 81' lang='grc' dir='ltr'>κατὰ</span> <span class='ocrx_word' id='word_1_746' title='bbox 3666 4783 3805 4847; x_wconf 74' lang='grc' dir='ltr'>τοὺς</span> 
     </span>
    </p>
   </div>
   <div class='ocr_carea' id='block_1_97' title="bbox 2137 4857 3803 4945">
    <p class='ocr_par' dir='ltr' id='par_1_97' title="bbox 2137 4857 3803 4945">
     <span class='ocr_line' id='line_1_98' title="bbox 2137 4857 3803 4945; baseline 0.007 -31"><span class='ocrx_word' id='word_1_747' title='bbox 2137 4857 2566 4934; x_wconf 83' lang='grc' dir='ltr'>περιᾳδομένους</span> <span class='ocrx_word' id='word_1_748' title='bbox 2637 4861 2960 4934; x_wconf 76' lang='grc' dir='ltr'>Ἐσσαιοὺς,</span> <span class='ocrx_word' id='word_1_749' title='bbox 3039 4863 3216 4927; x_wconf 69' lang='grc' dir='ltr'>οῧς’ὁ</span> <span class='ocrx_word' id='word_1_750' title='bbox 3271 4863 3474 4941; x_wconf 78' lang='grc' dir='ltr'>γλυκὺς</span> <span class='ocrx_word' id='word_1_751' title='bbox 3536 4865 3803 4945; x_wconf 73' lang='grc' dir='ltr'>Ἐϐραῖος</span> 
     </span>
    </p>
   </div>
   <div class='ocr_carea' id='block_1_98' title="bbox 2137 4947 3802 5031">
    <p class='ocr_par' dir='ltr' id='par_1_98' title="bbox 2137 4947 3802 5031">
     <span class='ocr_line' id='line_1_99' title="bbox 2137 4947 3802 5031; baseline 0.007 -28"><span class='ocrx_word' id='word_1_752' title='bbox 2137 4947 2320 5024; x_wconf 77' lang='grc' dir='ltr'>ῥήτωρ</span> <span class='ocrx_word' id='word_1_753' title='bbox 2359 4957 2688 5026; x_wconf 81' lang='grc' dir='ltr'>καθιστορεῖ⁶</span> <span class='ocrx_word' id='word_1_754' title='bbox 2741 4953 2820 5014; x_wconf 82' lang='grc' dir='ltr'>οἷς</span> <span class='ocrx_word' id='word_1_755' title='bbox 2855 4950 3073 5025; x_wconf 74' lang='grc' dir='ltr'>μᾶλλον</span> <span class='ocrx_word' id='word_1_756' title='bbox 3104 4953 3512 5031; x_wconf 70' lang='grc' dir='ltr'>ἀφομοιώσεται</span> <span class='ocrx_word' id='word_1_757' title='bbox 3559 4959 3627 5014; x_wconf 84' lang='grc' dir='ltr'>τὸ</span> <span class='ocrx_word' id='word_1_758' title='bbox 3670 4982 3802 5016; x_wconf 74' lang='grc' dir='ltr'>κοι-</span> 
     </span>
    </p>
   </div>
   <div class='ocr_carea' id='block_1_99' title="bbox 4098 257 4104 790">
    <p class='ocr_par' dir='ltr' id='par_1_99' title="bbox 4101 593 4104 790">
     <span class='ocr_line' id='line_1_100' title="bbox 4101 593 4104 790; baseline 0 0"><span class='ocrx_word' id='word_1_759' title='bbox 4101 593 4104 790; x_wconf 75' lang='lat' dir='ltr'>l</span> 
     </span>
    </p>
   </div>
   <div class='ocr_carea' id='block_1_100' title="bbox 2133 5031 3798 5120">
    <p class='ocr_par' dir='ltr' id='par_1_100' title="bbox 2133 5031 3798 5120">
     <span class='ocr_line' id='line_1_101' title="bbox 2133 5031 3798 5120; baseline 0.01 -30"><span class='ocrx_word' id='word_1_760' title='bbox 2133 5031 2382 5093; x_wconf 78' lang='grc' dir='ltr'>νοϐιακὸν</span> <span class='ocrx_word' id='word_1_761' title='bbox 2429 5041 2754 5115; x_wconf 83' lang='grc' dir='ltr'>μουαχικόν.</span> <span class='ocrx_word' id='word_1_762' title='bbox 2815 5040 3036 5097; x_wconf 75' lang='grc' dir='ltr'>Τούτων</span> <span class='ocrx_word' id='word_1_763' title='bbox 3077 5039 3135 5096; x_wconf 75' lang='grc' dir='ltr'>δὲ</span> <span class='ocrx_word' id='word_1_764' title='bbox 3189 5047 3298 5098; x_wconf 89' lang='grc' dir='ltr'>τῶν</span> <span class='ocrx_word' id='word_1_765' title='bbox 3352 5045 3536 5120; x_wconf 79' lang='grc' dir='ltr'>ἱερῶς,</span> <span class='ocrx_word' id='word_1_766' title='bbox 3593 5048 3798 5106; x_wconf 66' lang='grc' dir='ltr'>ἀποκε-</span> 
     </span>
    </p>
   </div>
   <div class='ocr_carea' id='block_1_101' title="bbox 2132 5127 3797 5212">
    <p class='ocr_par' dir='ltr' id='par_1_101' title="bbox 2132 5127 3797 5212">
     <span class='ocr_line' id='line_1_102' title="bbox 2132 5127 3797 5212; baseline 0.008 -32"><span class='ocrx_word' id='word_1_767' title='bbox 2132 5127 2424 5198; x_wconf 86' lang='grc' dir='ltr'>κομμένων</span> <span class='ocrx_word' id='word_1_768' title='bbox 2449 5128 2502 5182; x_wconf 74' lang='grc' dir='ltr'>οἱ</span> <span class='ocrx_word' id='word_1_769' title='bbox 2536 5130 2627 5201; x_wconf 73' lang='grc' dir='ltr'>μὲν</span> <span class='ocrx_word' id='word_1_770' title='bbox 2661 5131 2759 5199; x_wconf 73' lang='grc' dir='ltr'>τὴν</span> <span class='ocrx_word' id='word_1_771' title='bbox 2789 5127 3100 5199; x_wconf 77' lang='grc' dir='ltr'>παπαδικὴν</span> <span class='ocrx_word' id='word_1_772' title='bbox 3155 5131 3544 5209; x_wconf 81' lang='grc' dir='ltr'>συμπληροῦσι</span> <span class='ocrx_word' id='word_1_773' title='bbox 3576 5137 3797 5212; x_wconf 71' lang='grc' dir='ltr'>φυλὴν,</span> 
     </span>
    </p>
   </div>
   <div class='ocr_carea' id='block_1_102' title="bbox 2133 5213 3793 5303">
    <p class='ocr_par' dir='ltr' id='par_1_102' title="bbox 2133 5213 3793 5303">
     <span class='ocr_line' id='line_1_103' title="bbox 2133 5213 3793 5303; baseline 0.01 -34"><span class='ocrx_word' id='word_1_774' title='bbox 2133 5213 2185 5269; x_wconf 75' lang='lat' dir='ltr'>o&#39;i</span> <span class='ocrx_word' id='word_1_775' title='bbox 2239 5219 2318 5288; x_wconf 76' lang='grc' dir='ltr'>τῷ</span> <span class='ocrx_word' id='word_1_776' title='bbox 2374 5216 2464 5270; x_wconf 87' lang='grc' dir='ltr'>καὶ</span> <span class='ocrx_word' id='word_1_777' title='bbox 2513 5217 2676 5292; x_wconf 85' lang='grc' dir='ltr'>γάμῳ</span> <span class='ocrx_word' id='word_1_778' title='bbox 2725 5225 3039 5290; x_wconf 82' lang='grc' dir='ltr'>κοινωνείν,</span> <span class='ocrx_word' id='word_1_779' title='bbox 3098 5221 3189 5275; x_wconf 75' lang='grc' dir='ltr'>καὶ</span> <span class='ocrx_word' id='word_1_780' title='bbox 3247 5220 3502 5297; x_wconf 74' lang='grc' dir='ltr'>ἐπιγονῆς</span> <span class='ocrx_word' id='word_1_781' title='bbox 3545 5224 3793 5303; x_wconf 72' lang='grc' dir='ltr'>ἐφίεσθαι</span> 
     </span>
    </p>
   </div>
   <div class='ocr_carea' id='block_1_103' title="bbox 2128 5306 3792 5387">
    <p class='ocr_par' dir='ltr' id='par_1_103' title="bbox 2128 5306 3792 5387">
     <span class='ocr_line' id='line_1_104' title="bbox 2128 5306 3792 5387; baseline 0.01 -28"><span class='ocrx_word' id='word_1_782' title='bbox 2128 5313 2481 5379; x_wconf 79' lang='grc' dir='ltr'>γεναρχικῆς,</span> <span class='ocrx_word' id='word_1_783' title='bbox 2536 5311 2616 5378; x_wconf 84' lang='grc' dir='ltr'>τῷ</span> <span class='ocrx_word' id='word_1_784' title='bbox 2676 5306 2851 5380; x_wconf 84' lang='grc' dir='ltr'>λαϊκῷ</span> <span class='ocrx_word' id='word_1_785' title='bbox 2895 5314 3261 5384; x_wconf 85' lang='grc' dir='ltr'>προσκυροῦσι</span> <span class='ocrx_word' id='word_1_786' title='bbox 3307 5311 3431 5387; x_wconf 77' lang='grc' dir='ltr'>βίῳ’</span> <span class='ocrx_word' id='word_1_787' title='bbox 3493 5316 3546 5368; x_wconf 70' lang='grc' dir='ltr'>οἱ</span> <span class='ocrx_word' id='word_1_788' title='bbox 3606 5313 3665 5372; x_wconf 73' lang='grc' dir='ltr'>δὲ</span> <span class='ocrx_word' id='word_1_789' title='bbox 3719 5320 3792 5375; x_wconf 83' lang='lat'>16</span> 
     </span>
    </p>
   </div>
   <div class='ocr_carea' id='block_1_104' title="bbox 2127 5388 3785 5474">
    <p class='ocr_par' dir='ltr' id='par_1_104' title="bbox 2127 5388 3785 5474">
     <span class='ocr_line' id='line_1_105' title="bbox 2127 5388 3785 5474; baseline 0.008 -27"><span class='ocrx_word' id='word_1_790' title='bbox 2127 5388 2308 5467; x_wconf 72' lang='grc' dir='ltr'>ἕτερον</span> <span class='ocrx_word' id='word_1_791' title='bbox 2365 5393 2556 5457; x_wconf 85' lang='grc' dir='ltr'>σκέλος</span> <span class='ocrx_word' id='word_1_792' title='bbox 2621 5403 2720 5466; x_wconf 81' lang='grc' dir='ltr'>τῆς</span> <span class='ocrx_word' id='word_1_793' title='bbox 2793 5395 3104 5474; x_wconf 70' lang='grc' dir='ltr'>διαιρέσεως</span> <span class='ocrx_word' id='word_1_794' title='bbox 3174 5399 3532 5474; x_wconf 82' lang='grc' dir='ltr'>ἀπαρτίζουσι</span> <span class='ocrx_word' id='word_1_795' title='bbox 3587 5405 3785 5472; x_wconf 75' lang='grc' dir='ltr'>τῆσδε.</span> 
     </span>
    </p>
   </div>
   <div class='ocr_carea' id='block_1_105' title="bbox 2127 5482 3787 5564">
    <p class='ocr_par' dir='ltr' id='par_1_105' title="bbox 2127 5482 3787 5564">
     <span class='ocr_line' id='line_1_106' title="bbox 2127 5482 3787 5564; baseline 0.009 -28"><span class='ocrx_word' id='word_1_796' title='bbox 2127 5483 2225 5536; x_wconf 83' lang='grc' dir='ltr'>Καὶ</span> <span class='ocrx_word' id='word_1_797' title='bbox 2286 5482 2419 5538; x_wconf 79' lang='grc' dir='ltr'>εἷ’σὶν</span> <span class='ocrx_word' id='word_1_798' title='bbox 2472 5484 2602 5539; x_wconf 78' lang='grc' dir='ltr'>αὐτὸ</span> <span class='ocrx_word' id='word_1_799' title='bbox 2658 5487 2710 5540; x_wconf 75' lang='grc' dir='ltr'>οἱ</span> <span class='ocrx_word' id='word_1_800' title='bbox 2771 5485 3026 5564; x_wconf 85' lang='grc' dir='ltr'>μοναχοί’</span> <span class='ocrx_word' id='word_1_801' title='bbox 3089 5487 3160 5541; x_wconf 85' lang='grc' dir='ltr'>ὧν</span> <span class='ocrx_word' id='word_1_802' title='bbox 3219 5491 3562 5564; x_wconf 73' lang='grc' dir='ltr'>σχιζομένων</span> <span class='ocrx_word' id='word_1_803' title='bbox 3623 5494 3787 5560; x_wconf 76' lang='grc' dir='ltr'>αὖθις</span> 
     </span>
    </p>
   </div>
   <div class='ocr_carea' id='block_1_106' title="bbox 2121 5568 3782 5657">
    <p class='ocr_par' dir='ltr' id='par_1_106' title="bbox 2121 5568 3782 5657">
     <span class='ocr_line' id='line_1_107' title="bbox 2121 5568 3782 5657; baseline 0.008 -30"><span class='ocrx_word' id='word_1_804' title='bbox 2121 5577 2314 5648; x_wconf 83' lang='grc' dir='ltr'>τριχῆ,</span> <span class='ocrx_word' id='word_1_805' title='bbox 2375 5568 2752 5648; x_wconf 70' lang='grc' dir='ltr'>διανενέμηται</span> <span class='ocrx_word' id='word_1_806' title='bbox 2799 5576 2861 5632; x_wconf 84' lang='grc' dir='ltr'>τὸ</span> <span class='ocrx_word' id='word_1_807' title='bbox 2908 5575 3026 5631; x_wconf 86' lang='grc' dir='ltr'>κατ’</span> <span class='ocrx_word' id='word_1_808' title='bbox 3050 5573 3245 5639; x_wconf 79' lang='grc' dir='ltr'>αὐτοὺς</span> <span class='ocrx_word' id='word_1_809' title='bbox 3279 5576 3646 5657; x_wconf 86' lang='grc' dir='ltr'>ὑποδιαίρεμα</span> <span class='ocrx_word' id='word_1_810' title='bbox 3697 5585 3782 5648; x_wconf 74' lang='grc' dir='ltr'>εἰς</span> 
     </span>
    </p>
   </div>
   <div class='ocr_carea' id='block_1_107' title="bbox 2123 5659 3777 5749">
    <p class='ocr_par' dir='ltr' id='par_1_107' title="bbox 2123 5659 3777 5749">
     <span class='ocr_line' id='line_1_108' title="bbox 2123 5659 3777 5749; baseline 0.008 -32"><span class='ocrx_word' id='word_1_811' title='bbox 2123 5659 2250 5724; x_wconf 81' lang='grc' dir='ltr'>τοὺς</span> <span class='ocrx_word' id='word_1_812' title='bbox 2299 5661 2670 5736; x_wconf 85' lang='grc' dir='ltr'>παντελείους,</span> <span class='ocrx_word' id='word_1_813' title='bbox 2715 5665 2805 5722; x_wconf 83' lang='grc' dir='ltr'>καὶ</span> <span class='ocrx_word' id='word_1_814' title='bbox 2852 5665 2928 5728; x_wconf 83' lang='grc' dir='ltr'>εἰς</span> <span class='ocrx_word' id='word_1_815' title='bbox 2976 5664 3105 5730; x_wconf 81' lang='grc' dir='ltr'>τοὺς</span> <span class='ocrx_word' id='word_1_816' title='bbox 3151 5664 3324 5740; x_wconf 85' lang='grc' dir='ltr'>πάντη</span> <span class='ocrx_word' id='word_1_817' title='bbox 3370 5667 3588 5737; x_wconf 77' lang='grc' dir='ltr'>ἀτελεῖς</span> <span class='ocrx_word' id='word_1_818' title='bbox 3604 5720 3623 5749; x_wconf 81' lang='grc'>,</span> <span class='ocrx_word' id='word_1_819' title='bbox 3680 5675 3777 5730; x_wconf 77' lang='grc' dir='ltr'>καὶ</span> 
     </span>
    </p>
   </div>
   <div class='ocr_carea' id='block_1_108' title="bbox 381 5039 2022 5114">
    <p class='ocr_par' dir='ltr' id='par_1_108' title="bbox 381 5039 2022 5114">
     <span class='ocr_line' id='line_1_109' title="bbox 381 5039 2022 5114; baseline -0.003 -15"><span class='ocrx_word' id='word_1_820' title='bbox 381 5043 750 5100; x_wconf 85' lang='lat' dir='ltr'>initiatorum</span> <span class='ocrx_word' id='word_1_821' title='bbox 778 5045 875 5100; x_wconf 87' lang='lat' dir='ltr'>alii</span> <span class='ocrx_word' id='word_1_822' title='bbox 908 5044 1127 5098; x_wconf 91' lang='lat' dir='ltr'>tribum</span> <span class='ocrx_word' id='word_1_823' title='bbox 1177 5039 1622 5114; x_wconf 89' lang='lat' dir='ltr'>patriarchalem</span> <span class='ocrx_word' id='word_1_824' title='bbox 1683 5040 2022 5109; x_wconf 81' lang='lat' dir='ltr'>conﬁciunt,</span> 
     </span>
    </p>
   </div>
   <div class='ocr_carea' id='block_1_109' title="bbox 381 5128 2024 5207">
    <p class='ocr_par' dir='ltr' id='par_1_109' title="bbox 381 5128 2024 5207">
     <span class='ocr_line' id='line_1_110' title="bbox 381 5128 2024 5207; baseline -0.004 -17"><span class='ocrx_word' id='word_1_825' title='bbox 381 5135 479 5207; x_wconf 87' lang='lat' dir='ltr'>qui</span> <span class='ocrx_word' id='word_1_826' title='bbox 506 5135 846 5206; x_wconf 89' lang='lat' dir='ltr'>nuptiarum</span> <span class='ocrx_word' id='word_1_827' title='bbox 878 5133 1212 5205; x_wconf 89' lang='lat' dir='ltr'>participes,</span> <span class='ocrx_word' id='word_1_828' title='bbox 1245 5135 1302 5185; x_wconf 86' lang='lat' dir='ltr'>et</span> <span class='ocrx_word' id='word_1_829' title='bbox 1333 5128 1586 5185; x_wconf 85' lang='lat' dir='ltr'>filiorum</span> <span class='ocrx_word' id='word_1_830' title='bbox 1634 5129 2024 5200; x_wconf 85' lang='lat' dir='ltr'>procreationi</span> 
     </span>
    </p>
   </div>
   <div class='ocr_carea' id='block_1_110' title="bbox 376 5218 2021 5290">
    <p class='ocr_par' dir='ltr' id='par_1_110' title="bbox 376 5218 2021 5290">
     <span class='ocr_line' id='line_1_111' title="bbox 376 5218 2021 5290; baseline -0.004 -11"><span class='ocrx_word' id='word_1_831' title='bbox 376 5224 806 5290; x_wconf 87' lang='lat' dir='ltr'>incumbentes,</span> <span class='ocrx_word' id='word_1_832' title='bbox 837 5224 908 5278; x_wconf 88' lang='lat' dir='ltr'>ad</span> <span class='ocrx_word' id='word_1_833' title='bbox 936 5222 1142 5278; x_wconf 87' lang='lat' dir='ltr'>laicam</span> <span class='ocrx_word' id='word_1_834' title='bbox 1170 5219 1346 5273; x_wconf 87' lang='lat' dir='ltr'>vitam</span> <span class='ocrx_word' id='word_1_835' title='bbox 1374 5218 1701 5289; x_wconf 76' lang='lat' dir='ltr'>pertinent];</span> <span class='ocrx_word' id='word_1_836' title='bbox 1736 5218 1882 5273; x_wconf 87' lang='lat' dir='ltr'>alios</span> <span class='ocrx_word' id='word_1_837' title='bbox 1915 5235 2021 5272; x_wconf 90' lang='lat' dir='ltr'>au-</span> 
     </span>
    </p>
   </div>
   <div class='ocr_carea' id='block_1_111' title="bbox 375 5305 2020 5378">
    <p class='ocr_par' dir='ltr' id='par_1_111' title="bbox 375 5305 2020 5378">
     <span class='ocr_line' id='line_1_112' title="bbox 375 5305 2020 5378; baseline -0.002 -12"><span class='ocrx_word' id='word_1_838' title='bbox 375 5314 490 5366; x_wconf 89' lang='lat' dir='ltr'>tem</span> <span class='ocrx_word' id='word_1_839' title='bbox 527 5327 726 5364; x_wconf 84' lang='lat' dir='ltr'>ramus</span> <span class='ocrx_word' id='word_1_840' title='bbox 757 5313 1055 5365; x_wconf 81' lang='lat' dir='ltr'>secundus</span> <span class='ocrx_word' id='word_1_841' title='bbox 1105 5305 1406 5363; x_wconf 91' lang='lat' dir='ltr'>divisionis</span> <span class='ocrx_word' id='word_1_842' title='bbox 1463 5305 1889 5378; x_wconf 86' lang='lat' dir='ltr'>complectitur.</span> <span class='ocrx_word' id='word_1_843' title='bbox 1951 5305 2020 5362; x_wconf 91' lang='lat' dir='ltr'>Hi</span> 
     </span>
    </p>
   </div>
   <div class='ocr_carea' id='block_1_112' title="bbox 375 5395 2015 5470">
    <p class='ocr_par' dir='ltr' id='par_1_112' title="bbox 375 5395 2015 5470">
     <span class='ocr_line' id='line_1_113' title="bbox 375 5395 2015 5470; baseline -0.002 -16"><span class='ocrx_word' id='word_1_844' title='bbox 375 5406 514 5454; x_wconf 91' lang='lat' dir='ltr'>sunt</span> <span class='ocrx_word' id='word_1_845' title='bbox 544 5400 839 5464; x_wconf 90' lang='lat' dir='ltr'>monachi,</span> <span class='ocrx_word' id='word_1_846' title='bbox 886 5398 1102 5470; x_wconf 90' lang='lat' dir='ltr'>quibus</span> <span class='ocrx_word' id='word_1_847' title='bbox 1162 5397 1374 5450; x_wconf 90' lang='lat' dir='ltr'>iterum</span> <span class='ocrx_word' id='word_1_848' title='bbox 1429 5395 1741 5467; x_wconf 84' lang='lat' dir='ltr'>tripliciter</span> <span class='ocrx_word' id='word_1_849' title='bbox 1793 5395 2015 5465; x_wconf 88' lang='lat' dir='ltr'>divisis,</span> 
     </span>
    </p>
   </div>
   <div class='ocr_carea' id='block_1_113' title="bbox 373 5484 2015 5556">
    <p class='ocr_par' dir='ltr' id='par_1_113' title="bbox 373 5484 2015 5556">
     <span class='ocr_line' id='line_1_114' title="bbox 373 5484 2015 5556; baseline -0.003 -12"><span class='ocrx_word' id='word_1_850' title='bbox 373 5488 694 5544; x_wconf 85' lang='lat' dir='ltr'>subdivisio</span> <span class='ocrx_word' id='word_1_851' title='bbox 728 5489 830 5543; x_wconf 92' lang='lat' dir='ltr'>illa</span> <span class='ocrx_word' id='word_1_852' title='bbox 860 5487 1150 5544; x_wconf 86' lang='lat' dir='ltr'>scinditur</span> <span class='ocrx_word' id='word_1_853' title='bbox 1194 5485 1251 5539; x_wconf 92' lang='lat' dir='ltr'>in</span> <span class='ocrx_word' id='word_1_854' title='bbox 1285 5484 1604 5539; x_wconf 87' lang='lat' dir='ltr'>monachos</span> <span class='ocrx_word' id='word_1_855' title='bbox 1659 5485 2015 5556; x_wconf 77' lang='lat' dir='ltr'>perfectissi-</span> 
     </span>
    </p>
   </div>
   <div class='ocr_carea' id='block_1_114' title="bbox 379 5572 2018 5650">
    <p class='ocr_par' dir='ltr' id='par_1_114' title="bbox 379 5572 2018 5650">
     <span class='ocr_line' id='line_1_115' title="bbox 379 5572 2018 5650; baseline -0.001 -19"><span class='ocrx_word' id='word_1_856' title='bbox 379 5591 528 5646; x_wconf 88' lang='lat' dir='ltr'>mos,</span> <span class='ocrx_word' id='word_1_857' title='bbox 550 5578 610 5632; x_wconf 90' lang='lat' dir='ltr'>in</span> <span class='ocrx_word' id='word_1_858' title='bbox 663 5576 1225 5650; x_wconf 84' lang='lat' dir='ltr'>imperfectissimos,</span> <span class='ocrx_word' id='word_1_859' title='bbox 1284 5576 1341 5628; x_wconf 88' lang='lat' dir='ltr'>et</span> <span class='ocrx_word' id='word_1_860' title='bbox 1391 5572 1452 5628; x_wconf 90' lang='lat' dir='ltr'>in</span> <span class='ocrx_word' id='word_1_861' title='bbox 1504 5573 1774 5630; x_wconf 88' lang='lat' dir='ltr'>medios:</span> <span class='ocrx_word' id='word_1_862' title='bbox 1807 5573 1918 5645; x_wconf 88' lang='lat' dir='ltr'>vel,</span> <span class='ocrx_word' id='word_1_863' title='bbox 1953 5577 2018 5630; x_wconf 93' lang='lat' dir='ltr'>ut</span> 
     </span>
    </p>
   </div>
   <div class='ocr_carea' id='block_1_115' title="bbox 380 5661 2014 5740">
    <p class='ocr_par' dir='ltr' id='par_1_115' title="bbox 380 5661 2014 5740">
     <span class='ocr_line' id='line_1_116' title="bbox 380 5661 2014 5740; baseline 0 -19"><span class='ocrx_word' id='word_1_864' title='bbox 380 5678 516 5721; x_wconf 86' lang='lat' dir='ltr'>cum</span> <span class='ocrx_word' id='word_1_865' title='bbox 569 5665 742 5738; x_wconf 86' lang='lat' dir='ltr'>vulgo</span> <span class='ocrx_word' id='word_1_866' title='bbox 798 5667 1027 5740; x_wconf 89' lang='lat' dir='ltr'>loquar,</span> <span class='ocrx_word' id='word_1_867' title='bbox 1094 5664 1156 5720; x_wconf 92' lang='lat' dir='ltr'>in</span> <span class='ocrx_word' id='word_1_868' title='bbox 1213 5661 1534 5720; x_wconf 87' lang='lat' dir='ltr'>monachos</span> <span class='ocrx_word' id='word_1_869' title='bbox 1595 5663 1794 5736; x_wconf 86' lang='lat' dir='ltr'>magni</span> <span class='ocrx_word' id='word_1_870' title='bbox 1843 5663 2014 5721; x_wconf 79' lang='lat' dir='ltr'>indu-</span> 
     </span>
    </p>
   </div>
  </div>
