2052 3105
136 175 193 205 901

644 173 697 204 DE
716 172 962 205 EMENDANDA
984 172 1078 204 VITA
1100 172 1342 205 MONAGHIGA.

1785 177 1846 208 902

135 239 176 271 εἷς
201 238 265 270 τοὺς
297 239 404 275 μέσους·
436 238 520 266 εἰπεῖν
545 236 574 265 δὶ
601 237 806 275 συνηθέστερον,
832 237 871 268 εἷς
897 236 961 267 τοὺς

1027 238 1122 273 menti,
1138 239 1167 266 in
1184 239 1306 268 minoris
1321 240 1496 274 indumenti,
1509 241 1560 277 qui
1576 242 1678 270 novitii
1694 244 1776 277 sunt,
1797 243 1847 271 de-

138 283 399 321 μεγαλοσχήμονας,
415 282 460 310 καὶ
476 282 514 314 εἷς
535 283 598 313 τοὺς
624 284 671 309 τοῦ
698 284 798 320 μικροῦ
822 282 967 319 σχήματος

138 327 183 355 διὰ
197 329 247 363 τήν
263 327 426 366 εἰσαγωγὴν,
443 327 488 354 καὶ
509 327 547 358 εἰς
575 326 641 358 τοὺς
670 326 766 362 μέσους
797 325 966 363 μανδυώτας.

138 373 189 400 Καὶ
212 371 296 406 ἔστιν,
311 371 402 408 ὥσπερ
432 371 447 399 ὁ
475 370 562 409 γάμος
590 370 717 398 κοινωνία
747 370 844 398 λαΐκοῦ
869 368 967 408 ἀνδρὸς

136 416 184 444 καὶ
211 418 297 451 παπᾶ,
315 415 386 444 οὕτω
415 414 556 452 συνδρομή
575 417 698 453 μοναχοῦ
724 415 794 452 πρὸς
822 417 912 442 παπᾶν
936 414 968 441 τὸ

135 464 186 489 τοῦ
217 461 382 496 ἰξεπιπολῆς
410 461 574 500 φορήματος
620 459 704 496 μέλαν
734 459 778 487 καὶ
821 458 890 496 πρός
909 469 969 486 τινα

136 505 279 545 διαφορὰν,
305 505 350 533 καὶ
390 505 422 532 τὸ
463 504 634 542 (ὁλοσχερῶς
667 503 763 540 εἷ’πεῖν)
789 503 824 530 οὔ
861 503 966 537 λαϊκὸν,

134 551 209 579 ἀλλά
223 561 282 581 πως
297 547 452 578 Δεϐιτικόν.

172 604 240 643 ρῑίς.
257 604 306 631 Ἐκ
333 602 438 631 τούτων
468 601 497 630 δὶ
526 601 624 637 δῆλον,
654 601 692 633 ὡς
725 601 884 638 θεραπευταὶ
917 600 966 637 μὲν

134 651 203 677 Θιοῦ
231 649 328 679 πάντες
356 649 456 678 κοινῶς
488 647 513 674 οἱ
541 646 709 685 Χριστιανοὶ,
739 645 966 683 ἀποτεταγμὲνως

133 692 164 721 δὶ
177 694 203 720 οἱ
218 691 340 723 παπάδες
354 692 398 719 καὶ
415 692 440 719 oi.
458 690 585 729 μοναχοί·
600 690 704 718 τούτων
718 689 747 718 δὲ
770 691 807 722 εἱς
834 690 917 718 πλέον
942 690 968 717 οἱ

135 737 267 775 μονιχοὶ,
282 737 320 768 ὡς
335 737 422 764 πάντα
444 736 491 773 μὶν
508 735 565 773 βίον
581 735 842 772 κατανωτισάμενοι,
859 735 906 762 τόν
940 745 970 763 τε

136 781 244 817 λαϊκὸν,
268 781 313 808 καὶ
340 780 421 808 αὐτὸν
450 780 495 808 τὸν
533 778 685 807 παπαδικόν
700 790 706 796 ·
738 778 910 816 ἰκλεξάμενοι
942 778 971 807 δὲ

136 826 210 854 ἄλλο
221 836 247 853 τι
261 825 394 858 ἐπέκεινα,
409 824 453 852 καὶ
471 824 502 852 οὐ
520 824 602 861 μόνον
626 824 808 861 ἐκλεξάμενοι,
821 823 894 852 ἀλλὰ
923 820 969 851 καὶ

137 868 316 900 ἐπιϐαλόντες
345 871 385 905 τῷ
415 868 620 906 ἐπιλελεγμὲνῳ
649 870 754 906 ἀγαθῷ,
779 868 823 896 καὶ
851 868 969 906 ἀνάγκην

1022 283 1109 318 nique
1125 287 1152 311 et
1167 285 1195 311 in
1209 285 1318 312 medios
1331 285 1530 314 mantellntos.
1546 287 1579 314 Et
1590 287 1841 322 quemadmodum

1023 328 1132 363 nuptiae
1149 329 1230 356 laicis
1245 332 1272 356 et
1288 330 1420 364 patribus
1435 338 1606 358 communes
1628 334 1707 363 sunt,
1725 332 1765 359 sic
1783 341 1847 359 mo-

1003 373 1148 409 ‘nachum
1174 377 1202 400 et
1232 377 1342 409 patrem
1366 375 1466 409 jungit
1495 375 1610 411 nigrum
1637 376 1843 404 indumentum

1023 421 1185 451 externum,
1202 418 1230 444 in
1257 418 1354 453 aliquo
1379 419 1536 451 diversum,
1554 420 1761 448 indumentum
1787 429 1844 448 non

1024 461 1164 488 luicorum
1181 464 1224 496 (ut
1240 462 1311 489 nihil
1329 471 1384 489 non
1402 463 1525 499 dicatur)
1541 464 1591 491 sed
1609 464 1773 493 levitarum.

1062 606 1120 632 196.
1138 605 1244 633 Exinde
1261 606 1350 641 liquet
1379 606 1505 634 famulos
1529 607 1575 634 Dei
1605 616 1669 635 esse
1695 608 1851 636 universos

1025 650 1205 677 Christianos
1220 651 1393 685 generatim,
1410 651 1576 686 specialiter
1596 655 1692 679 autem
1709 654 1805 687 patres
1819 655 1849 680 et

1026 694 1248 729 monachos,scd
1267 695 1424 722 monachos
1441 696 1631 731 magisquam
1650 697 1850 733 priores,quia

1024 739 1113 765 vitam
1130 741 1283 774 utramque
1310 740 1536 774 conjunxerunt,
1563 743 1590 768 et
1619 740 1722 768 laicam
1753 744 1781 769 et
1798 751 1847 777 pa—

1024 786 1179 814 ternam,et
1190 784 1267 810 aliud
1280 784 1402 819 insuper
1416 785 1563 820 quoddam
1577 786 1671 813 adhuc
1687 786 1847 821 elegerunt,

1026 830 1054 854 et
1070 836 1125 854 non
1145 828 1230 855 modo
1247 827 1407 862 elegerunt,
1425 829 1475 856 sed
1496 830 1631 863 przsdicto
1656 831 1732 857 bono
1748 839 1849 865 super-

1024 871 1238 907 imposuerunt,
1265 881 1334 908 qum
1364 874 1562 900 necessarium
1580 874 1621 901 eis
1651 877 1695 901 est
1711 875 1849 902 continuo

138 913 250 954 ἔχοντις
274 914 314 941 ἀεὶ
339 911 491 941 ἀναϐαίνειν
514 913 582 941 κατὰ
604 914 654 948 τήν
683 913 823 951 πρόθεσιν,
847 924 882 948 ης
909 912 968 950 ἐγά-

1027 917 1160 952 progredi
1189 918 1351 944 secundum
1391 917 1555 945 institutum
1593 922 1791 955 assumptum,
1822 922 1850 947 et

138 970 230 995 νον-ιο,
259 959 304 986 καὶ
344 956 504 985 ἀποδιδόναι
537 959 577 993 τῷ
603 960 673 994 Θεῷ,
707 956 896 995 ἅπεριεῦξαντο
924 957 969 985 ἐπὶ

139 1003 273 1041 σωτηρίᾳ,
289 1003 335 1030 Διὸ
351 1002 376 1030 εἴ
397 1002 445 1039 μὲν
467 1002 660 1039 εὖθυποροῦσι,
675 1004 827 1038 ποιοῦντες,
843 1002 880 1033 ὡς
909 1001 969 1029 ἐτά-

138 1049 228 1084 ξαντο,
242 1047 287 1075 καὶ
310 1049 360 1075 τοῦ
385 1046 555 1084 παγκρατίου
574 1046 727 1084 γενόμενοι,
752 1046 900 1084 ἀγωνιῶσι,
929 1047 967 1082 μὴ

138 1092 260 1130 δεύτεροι
288 1091 409 1119 ἐκπεσεῖν
438 1093 487 1118 τοῦ
524 1090 664 1128 χιιρίστου
697 1090 855 1126 ἀντιπάλου,
885 1090 968 1128 ὀρθὴν

135 1137 247 1165 ἀνύουσι
276 1136 326 1171 τὴν
355 1134 568 1174 προτεθειμένην
598 1133 672 1164 ὁδόν.
702 1138 754 1163 Καί
783 1133 857 1166 ὅντες
882 1135 969 1166 οὕτως

137 1181 250 1217 ἀληθῶς
267 1180 387 1218 μοναχοὶ
418 1179 461 1207 διὰ
490 1180 521 1207 τὸ
550 1180 773 1218 ἀποκεχῶρίσθαι
790 1182 844 1207 τῶν
875 1178 968 1207 ἄλλων

136 1226 246 1255 πάντων
275 1226 435 1262 ἀνθρώπων,
465 1224 544 1261 ὅμως
573 1224 676 1262 τρόπον
713 1223 801 1252 ἄλλον
834 1223 884 1251 οὐκ
919 1220 972 1252 ιῖσὶ

138 1270 271 1308 μοναχοί.
288 1270 471 1297 Ἐπισπῶνται
499 1268 550 1307 γὰρ
575 1269 607 1296 τὸ
633 1269 760 1306 βιωτικὸν
787 1269 856 1296 ἅπαν
884 1268 970 1307 φῦλον

136 1317 174 1353 τῇ
200 1314 344 1351 ὁμοιότητι
370 1313 438 1351 πρὸς
467 1312 573 1345 αὐτούς.
589 1313 639 1340 Καὶ
669 1312 740 1340 οὕτω
763 1312 883 1350 γίνονται
904 1313 972 1344 πάν,

137 1371 183 1391 τες
196 1361 230 1396 τῇ
249 1359 364 1396 μιμήσει
379 1357 425 1385 καὶ
437 1360 476 1394 τῷ
501 1357 649 1395 ἐμπράκτῳ
674 1357 751 1394 ζήλῳ
775 1355 814 1385 ἔν’
836 1358 874 1389 ὡς
904 1358 969 1385 ιῖνυ

138 1405 212 1432 οὕτω
226 1403 271 1431 καὶ
285 1402 350 1434 τοὺς
376 1402 515 1440 μοναχοὺς
543 1401 646 1433 λαϊκῶς
661 1402 843 1439 ἀμωμήτους,
866 1403 911 1429 καὶ
938 1403 971 1429 αὗ

135 1448 221 1476 πάλιν
247 1447 311 1478 τοὺς
335 1449 385 1475 τοῦ
413 1446 482 1474 λαοῦ
505 1444 676 1474 ἁπεκϐαίνειν
706 1447 881 1483 μονάζοντας·
900 1446 971 1474 οὕτω

137 1491 169 1520 δὲ
182 1493 228 1520 καὶ
242 1491 306 1523 τοὺς
320 1490 445 1523 παπάδας
460 1490 571 1527 ἑκάτερα
591 1491 669 1524 εἶναι,
685 1491 730 1518 καὶ
755 1490 828 1522 ὅλως
857 1493 891 1524 τῆ
915 1493 970 1518 τῶν

137 1537 271 1575 ἐναρέτων
287 1536 353 1573 βίων
368 1535 406 1567 εἷς
435 1534 579 1571 ἀλλήλους
609 1535 864 1573 ἀντιμεταχωρήσει
884 1536 972 1563 πάντα

138 1582 213 1618 όμοῦ
227 1582 359 1619 γρήματα
376 1580 453 1615 εῖναι,
469 1580 504 1608 οὐ
523 1579 593 1611 καθὰ
616 1579 702 1607 πάλαι
730 1580 797 1607 ποτὶ
817 1580 970 1617 ᾐρᾶτιοται,

138 1625 215 1654 ἀλλὰ
228 1624 374 1663 Θειότιρον.

177 1679 247 1718 ριιζ.
265 1677 296 1707 Εἰ
326 1678 375 1715 μὶν
404 1676 464 1714 οὗν,
485 1678 508 1705 ὦ
533 1677 647 1715 μοναχὶ,
676 1677 750 1708 ὅστις
779 1678 840 1705 ποτ’
868 1677 899 1705 ἂν
927 1678 973 1705 καὶ

140 1722 201 1759 ι’ίης
216 1725 257 1759 τῷ
272 1723 339 1760 ἱερῷ
360 1723 495 1760 σχήματι,
512 1721 584 1749 οὕτω
603 1720 747 1757 διάκεισαι,
763 1721 801 1752 ὡς
830 1722 972 1749 ὁπετυπω-

140 1768 258 1804 σάμεθα,
275 1766 320 1794 καὶ
350 1766 381 1794 σὺ
409 1766 497 1805 ὀρθῶς
525 1763 649 1802 ἕστηκας,
677 1765 722 1793 καὶ
752 1765 855 1797 ἄλλους
884 1766 974 1801 ἐξανα-

142 1813 254 1848 στήσεις
278 1811 449 1843 πίπτονταςθ
475 1810 498 1838 εἰ
527 1809 555 1838 δὶ
574 1809 771 1848 ἀποττγχάνεις
798 1814 847 1846 τῆς
876 1812 974 1849 προθέ-

141 1867 222 1891 σεως,
240 1856 290 1884 οὐκ
317 1857 368 1894 ἄρα
394 1856 432 1887 εἷς
461 1854 553 1893 ὄρθιον
574 1855 683 1883 σεαυτὸν
710 1854 906 1893 ἀγαλματίζεις
933 1858 973 1892 τῷ

139 1901 211 1938 Θεῷ,
231 1900 304 1929 ἀλλὰ
320 1899 480 1939 πλαγιάζεις
494 1900 532 1932 ὡς
544 1900 582 1931 εἰς
602 1901 704 1936 πτῶμα
724 1897 867 1938 συντριϐἠν
894 1901 973 1928 ἀπει-

140 1946 220 1974 λοῦν.
250 1944 355 1974 Οὐκοῦν
394 1944 541 1983 όρθώθητι,
567 1944 612 1972 καὶ
638 1944 668 1972 τὸ
697 1944 764 1972 κατὰ
793 1945 856 1973 Θεὸν
887 1945 974 1978 οὕτως

137 1990 247 2021 ἀσθενὲς
278 1990 431 2027 ἀγάπησον.
460 1989 543 2028 Ἄφες
566 1989 598 2016 τὸ
631 1988 784 2027 ἆγίρωχον·
811 1989 973 2027 σκοράκισον

137 2035 172 2062 τὸ
187 2033 387 2073 φίλαρχον,καὶ
402 2032 438 2060 δι’
453 2032 518 2060 αὐτὸ
534 2033 664 2071 ἄναρχον
678 2032 781 2065 ἀπόθου
802 2034 851 2067 τὴν
870 2032 973 2071 οἷήσιν,

141 2091 157 2106 ‹‹
173 2077 271 2113 Οῗησιν
287 2090 302 2103 )›
318 2076 347 2105 δὲ
361 2077 435 2115 λέγω
451 2077 482 2104 οὗ
499 2078 561 2112 τὴν,
577 2078 618 2105 ὡσ
632 2076 662 2104 ἂν
689 2075 761 2104 εἷ’ποι
786 2088 837 2110 τις,
853 2077 973 2116 ἐπιγνω-

140 2124 249 2158 στικήν,
274 2123 333 2154 καθ’
357 2123 391 2157 ἣν
417 2121 557 2160 γινώσκων
582 2132 624 2153 τις
647 2121 861 2160 ἀγαθοπραγεῖν,
887 2121 974 2157 οἷέται

138 2167 242 2205 ἀγαθὸς
259 2167 326 2194 εἶναι
342 2165 442 2204 (δῆλον
456 2166 519 2205 γὰρ,
540 2166 576 2198 ὡς
599 2166 614 2194 ὁ
637 2166 705 2203 πρὸς
729 2164 865 2203 ἀκρίϐειαν
895 2166 974 2199 εἰδὼς

138 2211 242 2248 πολλῷ
288 2221 420 2248 προτερον
462 2211 570 2247 οἴεται),
597 2209 672 2238 ἀλλὰ
708 2211 757 2244 τήν
798 2209 971 2248 δαιμονικήν,

137 2258 218 2285 ’Ἐστι
244 2255 273 2283 δὲ
295 2255 422 2290 τοιαότη,
437 2256 496 2287 καθ’
515 2256 546 2290 ἢν
570 2256 585 2282 ὸ
605 2255 636 2282 τὸ
660 2254 745 2291 μηδὲν
761 2254 798 2282 ὣν
814 2254 899 2283 οἷέται
933 2256 973 2283 εἷ’-

138 2310 183 2328 ναι
209 2301 241 2328 τὸ
266 2303 329 2328 πᾶν.
345 2286 504 2331 Τοιουτοςὸ
519 2286 569 2334 τῆς
584 2286 706 2337 ἱστορίας
724 2300 830 2337 βάττος,
851 2299 894 2328 ἐὰν
923 2311 971 2328 τυ-
988 2286 1011 2318 D

138 2346 191 2383 χὸν
216 2345 345 2384 Ὁρφικὸς
366 2343 435 2381 ᾤετο
461 2344 538 2372 εῖναι.
564 2345 697 2375 Τοιοῦτος
721 2344 735 2371 ὁ
760 2344 899 2382 Θερσίτης,
928 2345 972 2373 ὅτε

136 2389 180 2426 τῷ
214 2389 292 2425 καλῷ
308 2387 437 2427 Ἀχιλλεῖ
471 2388 567 2426 ἐρίζειν
608 2389 670 2426 περὶ
705 2388 826 2420 κάλλους
871 2389 970 2419 ἐθέλοι.

137 2434 258 2469 Τοιαύτη
284 2443 326 2465 τις
352 2434 443 2468 οὶησις
467 2432 511 2460 καὶ
536 2434 582 2460 τὸν
598 2433 848 2470 παροιμιαζόμενον
877 2434 971 2471 Θάμυ-

138 2488 196 2517 ριν,
218 2477 272 2505 εἴτε
294 2480 424 2515 ’¹Αμυριν,
454 2477 605 2515 ὑπεξήγαγε
632 2479 681 2505 τοῦ
711 2477 832 2515 βλέπειν.
863 2478 897 2507 Τί
931 2480 969 2516 μὴ

139 2523 218 2561 λέγω
243 2522 275 2550 τι)
303 2523 412 2550 πάντων
444 2523 577 2561 ὑπιρθεν;
607 2522 657 2550 Διὰ
678 2523 778 2558 ταύτην
812 2522 928 2556 καταδὺς
955 2525 969 2552 ὁ

139 2567 293 2606 ἑωσφόρος,
322 2569 362 2604 τῷ
399 2566 488 2604 σκότῳ
518 2565 704 2604 κεκλήρωται.
742 2568 800 2602 Τὴν
840 2568 968 2604 τοιαύτην

138 2610 247 2643 ἀπόθου
262 2609 365 2647 οἴησιν,
381 2611 404 2638 ὧ
419 2609 530 2648 ἀδελφό.
543 2612 615 2638 Πάνυ
631 2611 683 2649 γὰρ
699 2611 848 2647 ἐξήσκησας
865 2612 968 2649 οἴημα-

178 2705 235 2741 (22)
251 2705 362 2739 Battus,
379 2705 415 2731 de
432 2712 490 2741 quo
506 2704 637 2737 Ovidius,
652 2707 736 2740 poeta
750 2705 815 2737 fuit,
842 2705 891 2731 sed
909 2713 969 2733 me-

138 2741 263 2774 diocris,
289 2741 339 2776 qui
368 2740 502 2776 singulos
530 2740 630 2768 adibat
657 2741 784 2768 recitans
810 2749 879 2768 suos
906 2749 969 2768 ver-

139 2777 263 2805 siculos.
276 2776 347 2805 Cum
361 2777 462 2804 eadem
474 2776 581 2811 saepius
597 2777 716 2811 diceret,
732 2785 766 2804 ex
777 2776 841 2811 ejus
853 2777 971 2805 nomine

138 2815 268 2849 ortaest
283 2821 337 2841 vox
351 2811 516 2849 Battologia
531 2812 591 2849 sive
615 2812 753 2849 frequens
769 2812 809 2840 rei
827 2813 970 2849 repetitio.

138 2864 178 2871 —
187 2848 344 2885 Thamyris
352 2857 368 2877 θ
386 2848 509 2878 Thracia
518 2848 817 2878 oriundusératﬁum
826 2849 971 2879 musicam

1025 961 1083 988 Deo
1099 969 1162 995 quae
1191 964 1332 988 voverunt
1364 970 1414 997 pro
1441 971 1495 989 sua
1522 962 1616 990 salute
1645 964 1775 991 reddere.
1803 964 1848 991 Id-

1025 1005 1101 1032 circo
1117 1005 1141 1032 si
1160 1005 1271 1032 felicem
1302 1006 1517 1041 navigationem
1543 1007 1700 1043 complent,
1729 1011 1849 1043 agentes

1027 1052 1059 1077 ut
1089 1049 1295 1085 promiserunt,
1326 1053 1354 1077 et
1383 1059 1486 1085 pugna:
1518 1051 1653 1086 immixti,
1680 1053 1851 1087 praeliantur

1027 1102 1061 1121 ne
1087 1095 1215 1129 pessimo
1246 1095 1412 1121 adversario
1442 1095 1593 1123 inferiores
1622 1097 1848 1130 vidcantur,in-

1026 1141 1138 1174 ceptam
1167 1139 1241 1165 vium
1274 1141 1350 1166 recte
1383 1143 1555 1174 percurrunt
1596 1141 1653 1167 Isto
1683 1142 1769 1169 modo
1785 1150 1850 1170 vere

1026 1183 1149 1210 solitarii
1177 1186 1256 1217 sunt,
1286 1184 1354 1218 quia
1381 1193 1396 1210 ο
1425 1184 1537 1212 cunctis
1571 1185 1693 1221 reliquis
1723 1186 1850 1214 homini-

1026 1228 1082 1254 bus
1116 1228 1250 1263 separati'
1276 1230 1372 1261 sunt;
1408 1228 1463 1255 alio
1496 1237 1563 1256 vero
1604 1230 1688 1257 modo
1726 1231 1849 1259 solitarii

1027 1280 1083 1298 non
1094 1274 1247 1298 sunt.Nam
1258 1272 1425 1300 universum
1434 1274 1589 1300 saeculares
1597 1276 1850 1308 genusuttrahunt

1027 1315 1060 1343 ad
1079 1323 1109 1342 se
1137 1315 1305 1342 imitandos.
1333 1316 1379 1343 Sic
1408 1316 1495 1351 igitur
1525 1326 1612 1345 unum
1646 1320 1717 1346 fiunt
1747 1328 1849 1348 omnes

1027 1363 1089 1387 tum
1121 1360 1291 1392 imitatione,
1321 1362 1382 1387 tum
1408 1361 1501 1388 activa
1532 1362 1849 1399 mmulatione,its..ut,

1027 1404 1162 1431 monachi
1179 1404 1238 1431 sint
1265 1405 1322 1431 vita
1352 1405 1424 1432 laico
1453 1406 1734 1441 irreprehensibiles,
1757 1411 1786 1436 et
1801 1409 1852 1436 ali-

1027 1449 1103 1476 unde
1118 1448 1182 1475 laici
1214 1449 1284 1475 fiant
1315 1450 1505 1482 monachi,et
1534 1451 1575 1478 sic
1603 1454 1698 1487 patres
1728 1455 1851 1489 utroque

1026 1493 1176 1528 colligant,
1193 1495 1221 1519 et
1237 1493 1305 1520 vitis
1326 1502 1389 1528 qua:
1414 1494 1551 1522 virtutem
1575 1498 1726 1524 sectantur
1741 1498 1850 1533 optime

1027 1538 1062 1565 ad
1079 1538 1203 1565 invicem
1219 1538 1425 1565 transmutatis
1449 1539 1547 1566 omnia
1564 1540 1637 1567 bona
1653 1541 1712 1568 sint
1727 1541 1754 1568 in
1771 1550 1849 1570 com-

986 1603 1008 1637 c
1028 1583 1120 1613 muni,
1138 1591 1194 1609 non
1221 1582 1297 1609 sicut
1325 1583 1455 1618 antiquis
1485 1584 1641 1618 placuerat,
1672 1586 1721 1612 sed
1750 1587 1849 1614 divino

1031 1627 1111 1637 -.ηι
1131 1627 1213 1637 mmo

1027 1627 1111 1661 quasi
1131 1627 1225 1653 modo.

1064 1681 1123 1707 197.
1154 1680 1181 1706 Si
1212 1687 1290 1715 ergo,
1320 1689 1335 1707 ο
1353 1681 1503 1715 monacho,
1533 1681 1582 1716 qui
1607 1690 1690 1710 sacra
1714 1685 1791 1711 veste
1818 1693 1849 1712 es

1027 1724 1158 1756 indutus,
1176 1724 1217 1751 ita
1232 1727 1259 1751 te
1284 1725 1383 1757 habes,
1406 1728 1438 1752 ut
1465 1725 1687 1761 descripsimus,
1705 1730 1736 1754 tu
1753 1730 1848 1755 rectus

1027 1768 1145 1799 stetisti,
1162 1771 1189 1795 et
1205 1768 1277 1796 alios
1293 1769 1430 1796 cadentes
1447 1770 1553 1805 poteris
1572 1770 1733 1799 sublevare.
1751 1772 1780 1799 Si
1797 1781 1847 1800 au-

1026 1815 1084 1840 tem
1102 1821 1117 1839 a
1148 1812 1294 1848 proposito
1324 1813 1467 1846 excidisti,
1485 1822 1541 1841 non
1567 1817 1593 1841 te
1619 1814 1696 1842 velut
1723 1818 1849 1844 statuam

1027 1858 1085 1885 Deo
1101 1857 1259 1893 erigis,scd
1274 1857 1301 1884 in
1319 1866 1454 1885 occasum
1472 1867 1537 1885 cum
1555 1860 1644 1887 ruinas
1660 1861 1787 1895 periculo
1804 1862 1849 1888 in-

1027 1901 1155 1929 clinaris.
1186 1901 1236 1928 Sta
1265 1902 1364 1937 igitur,
1394 1906 1421 1929 et
1450 1903 1524 1937 quod
1550 1906 1608 1930 tam
1639 1905 1789 1932 inﬁrmum
1806 1908 1851 1933 est

1027 1948 1093 1973 ante
1111 1948 1199 1973 Deum
1216 1946 1314 1981 dilige.
1330 1946 1471 1982 Relinque
1486 1948 1634 1981 ﬁduciam,
1653 1957 1779 1976 amorem
1798 1958 1850 1985 po-

1027 1991 1152 2026 testatis,
1180 1990 1279 2026 sicque
1309 1991 1476 2018 anarchiam
1509 1993 1616 2027 projice
1647 1994 1698 2020 abs
1727 1996 1763 2021 te.
1802 1994 1851 2022 Di-

1029 2036 1111 2062 mitte
1140 2035 1381 2063 exitimationem.
1411 2037 1661 2065 Existimationem
1691 2038 1766 2071 dico,
1792 2047 1851 2066 non

1029 2088 1091 2107 eam
1108 2087 1170 2114 quas
1182 2082 1269 2106 estex
1284 2080 1452 2113 scientia,ut
1467 2081 1573 2107 dixerit
1585 2082 1702 2117 aliquis,
1717 2091 1774 2118 qua
1786 2083 1852 2119 qui-

1029 2125 1094 2151 dam
1113 2123 1207 2150 sciens
1232 2132 1262 2150 se
1290 2125 1365 2151 bona
1392 2133 1485 2160 agere,
1511 2126 1656 2153 existimat
1679 2127 1772 2154 bonus
1788 2135 1852 2155 esse

1029 2169 1230 2203 (manifestum
1261 2171 1305 2195 est
1333 2169 1410 2195 enim
1439 2179 1504 2197 cum
1523 2171 1570 2205 qui
1601 2171 1699 2198 omnia
1725 2172 1852 2206 perfecte

1029 2213 1124 2244 scivit,
1142 2213 1233 2240 multo
1251 2213 1331 2248 prius
1347 2213 1578 2249 existimavisse),
1596 2216 1646 2242 sed
1663 2215 1849 2243 diabolicam.

1028 2258 1068 2284 Ea
1083 2260 1127 2284 est
1143 2266 1200 2292 qua
1214 2257 1360 2292 quis,cum
1378 2258 1449 2285 nihil
1462 2259 1661 2293 sit,exislimat
1672 2268 1702 2287 se.
1713 2268 1777 2287 esse
1788 2268 1850 2287 om-

1028 2302 1086 2328 nia.
1098 2302 1176 2329 Talis
1189 2304 1250 2329 erat
1262 2302 1390 2328 famosus
1402 2302 1448 2329 illc
1460 2303 1560 2329 Battus
1572 2304 1626 2337 (22)
1639 2304 1687 2338 qui
1701 2304 1848 2339 Orpheum

1027 2355 1057 2373 se
1073 2354 1137 2373 esse
1152 2346 1345 2373 existimabat.
1365 2346 1443 2373 Talis
1467 2350 1529 2374 erat
1551 2348 1711 2381 Thersites,
1732 2349 1850 2384 quando

1027 2399 1091 2418 cum
1123 2390 1242 2425 pulchro
1272 2390 1382 2417 Achille
1421 2391 1456 2417 do
1487 2392 1579 2418 forma
1615 2395 1695 2420 certa
1726 2393 1851 2421 volebat.

1026 2435 1106 2463 Talis
1122 2434 1297 2462 existimatio
1329 2435 1473 2462 famosum
1504 2436 1670 2471 Thamyrim
1697 2441 1748 2464 aut
1763 2439 1851 2474 Amy-

1026 2481 1081 2508 rim
1097 2480 1162 2507 visu
1179 2479 1301 2512 orbavit,
1320 2480 1352 2506 Et
1370 2488 1457 2515 quam
1484 2480 1520 2507 ob
1536 2489 1656 2508 causam
1689 2482 1852 2510 maximum

1026 2524 1158 2553 omnium
1175 2532 1231 2551 non
1246 2524 1359 2559 profero
1371 2524 1384 2551 ?
1395 2524 1436 2551 Ob
1448 2524 1533 2552 istam
1550 2526 1689 2554 detrusus
1699 2526 1811 2554 Lucifer
1822 2527 1852 2555 in

1026 2570 1160 2598 tenebras
1177 2569 1324 2603 projectus
1340 2571 1394 2596 cst.
1412 2569 1511 2596 Talem
1538 2570 1784 2599 existimationem
1801 2572 1850 2599 de-

1024 2623 1110 2651 pone,
1125 2613 1163 2641 mi
1176 2614 1273 2640 frater.
1292 2613 1424 2640 Didicisti
1437 2614 1513 2641 enim
1527 2623 1712 2651 praesumere,
1726 2616 1850 2643 formam

1026 2706 1186 2738 didicisset,
1204 2713 1237 2733 ea
1253 2706 1323 2733 adeo
1336 2705 1481 2739 excelluit,
1494 2709 1525 2733 ut
1542 2708 1644 2735 tertius
1660 2708 1810 2736 victoriam
1820 2709 1851 2736 in

1027 2743 1154 2778 Pythicis
1170 2742 1246 2768 ludis
1261 2742 1429 2769 obtinuerit.
1457 2743 1560 2770 Dicunt
1584 2746 1682 2771 autem
1700 2753 1766 2772 eum
1783 2753 1850 2772 cum

1027 2777 1118 2806 Musis
1157 2777 1361 2810 deccrtavisse,
1390 2778 1558 2814 victumque
1593 2781 1696 2814 oculis,
1727 2788 1796 2809 voce
1823 2783 1851 2809 et

1027 2818 1123 2843 mente
1139 2814 1286 2850 prie/etum
1303 2814 1404 2842 fuisse.
