4104 6210
393 351 514 415 903

1167 341 1594 410 EUSTATHII
1631 339 2401 404 THESSALONICENSIS
2441 339 3028 404 METROPOLITE

3690 337 3816 400 904

394 500 573 558 quam
631 500 664 540 a
722 485 934 538 natura
989 497 1105 537 non
1159 477 1435 551 accepisti
1504 477 1749 548 jactare.
1800 473 2031 546 Depone

2147 469 2266 527 τίας
2345 490 2504 543 ειναι,
2593 468 3027 548 μορφαζόμενος,
3100 469 3235 548 ὅπερ
3331 467 3455 526 ούδὶ
3545 467 3820 548 πέφυκας.

393 577 573 634 etiam
605 573 848 629 nimium
883 570 1118 627 honoris
1166 583 1446 636 amorem,
1479 570 1581 621 aut
1638 563 1847 620 saltem
1880 578 2054 618 amo~

393 681 518 720 rem
550 662 765 733 gloria,
807 660 924 716 fere
982 659 1234 713 dicerem
1282 672 1492 710 vanam
1545 653 1812 726 gloriam.
1861 651 2045 706 Aliter

392 753 550 810 enim
583 767 749 806 amor
781 747 1017 803 honoris
1069 744 1323 817 speciem
1371 743 1607 798 virtutis
1665 741 1860 796 habet.
1891 738 2040 803 Quid

390 844 480 898 vis
514 839 690 896 videri
723 838 856 909 plus
887 851 1061 906 quam
1107 832 1381 905 oportet?
1413 835 1523 886 Per
1567 835 1872 886 tonsuram
1904 827 2038 882 abs-

389 930 660 986 conditus
687 943 771 994 es,
805 925 919 979 noli
956 939 1092 995 ergo
1142 937 1447 995 apparere,
1477 936 1613 975 nam
1667 917 1843 974 simul
1867 915 2041 988 jungi

389 1021 688 1090 nequeunt
745 1028 1026 1085 apparere
1086 1016 1143 1067 et
1189 1010 1493 1066 abscondi.
1555 1014 1835 1078 Asperum
1887 1005 2040 1060 viam

387 1105 634 1180 elegisti,
667 1121 772 1160 cur
801 1118 938 1174 ergo
969 1117 1072 1172 per
1113 1099 1344 1156 facilem
1395 1097 1604 1168 curris,
1638 1095 1738 1151 ubi
1795 1111 1902 1150 sua
1938 1094 2038 1148 ha-

390 1199 488 1253 bet
519 1193 779 1268 pericula
825 1191 919 1246 via
966 1191 1148 1246 trita?
1193 1187 1558 1260 Jampridem
1618 1185 1797 1240 vitam
1830 1184 2039 1238 duram

387 1286 664 1356 elegeras,
698 1281 1017 1337 facilimam
1051 1278 1221 1350 sequi
1255 1295 1371 1332 non
1401 1277 1601 1332 debes.

462 1375 587 1430 198.
611 1369 1116 1439 Quemadmodum
1139 1368 1200 1422 in
1219 1371 1409 1436 nocte,
1427 1366 1486 1420 in
1509 1364 1732 1420 mundo
1751 1362 2039 1418 obscurus

391 1481 474 1532 es,
509 1480 626 1519 non
658 1465 854 1517 autem
886 1458 946 1514 in
980 1461 1208 1514 noctem
1237 1461 1296 1512 tu
1332 1458 1596 1511 mutatus
1627 1469 1711 1509 es.
1742 1450 1872 1508 Noli
1901 1465 2038 1522 ergo

389 1553 740 1609 tenebrosus
770 1564 922 1613 esse,
953 1563 1026 1602 ne
1058 1563 1170 1601 nox
1198 1545 1326 1612 ﬁas,
1357 1545 1418 1599 in
1461 1561 1576 1614 qua
1605 1541 1864 1614 proxime
1895 1556 2038 1609 prae-

390 1639 821 1714 tergredientur
848 1636 1005 1692 silvae
1038 1635 1253 1703 bestiae,
1278 1639 1336 1689 et
1363 1632 1619 1689 leunculi
1649 1629 1948 1701 rugientes
1965 1626 2039 1682 ad

391 1730 765 1803 rapiendum,
801 1726 1039 1781 forsitan
1072 1723 1347 1792 alios,sed
1370 1727 1425 1777 te
1449 1736 1627 1792 quam
1660 1716 2036 1774 maxime.Haa

389 1817 690 1876 suntferas
748 1811 1255 1886 concupiscentiis,
1299 1811 1359 1866 in
1415 1814 1471 1866 te
1525 1809 1775 1882 agitatae,
1828 1808 1885 1860 et
1935 1820 2038 1870 per

386 1914 443 1964 te
474 1907 921 1964 debacchantes.
955 1901 1014 1957 Si
1061 1905 1255 1957 autem
1303 1899 1627 1972 oportuerit
1681 1902 1737 1953 te
1769 1896 1838 1951 de
1867 1897 2034 1949 nocte

384 2013 514 2053 esse
545 1997 618 2052 ob
649 1995 868 2050 bonum
899 1993 1133 2059 domus,
1181 2007 1293 2046 nox
1344 1989 1692 2045 terminatur
1722 1987 1781 2041 in
1813 1984 1965 2040 diem
1999 1999 2034 2038 a

384 2087 500 2142 Deo
530 2099 892 2148 concessam,
918 2082 976 2136 in
1002 2099 1118 2154 qua
1147 2080 1470 2138 bestiarum
1495 2078 1800 2149 passiones
1829 2072 2032 2145 sopitae

388 2181 550 2245 sunt,
583 2191 688 2230 nec
715 2175 964 2246 possunt
993 2171 1170 2226 libere
1200 2185 1390 2241 agere,
1423 2172 1600 2240 atque
1620 2166 1794 2221 homo
1825 2161 2032 2217 verita-

389 2265 464 2320 tis
496 2263 612 2319 exit
641 2263 711 2317 ad
745 2277 894 2332 Opus
926 2276 1123 2315 suum.
1174 2259 1382 2314 Noctes
1420 2256 1576 2312 enim
1635 2252 1942 2310 continuas
1972 2248 2032 2305 in

385 2353 559 2409 terris
588 2350 918 2408 Cimmeriis
960 2347 1184 2420 antiqui
1243 2352 1512 2402 auctores
1560 2345 2032 2415 assignaverunt.

386 2441 595 2499 Melius
626 2444 752 2496 erat
784 2439 891 2494 hoc
923 2439 1160 2494 verbum
1191 2452 1454 2493 servare:
1489 2456 1518 2486 «
1552 2431 1929 2490 absconditor
1948 2429 2032 2483 vi-

385 2545 548 2597 vens,
583 2550 611 2578 »
645 2534 707 2584 ut
739 2525 1017 2598 accepisti
1047 2543 1081 2580 a
1106 2525 1280 2581 veteri
1329 2529 1388 2580 et
1438 2521 1690 2595 sapienti
1720 2516 2030 2576 sententia.

390 2619 758 2675 Abscondere
789 2633 902 2671 non
936 2614 1126 2671 solum
1161 2615 1232 2670 ab
1276 2613 1408 2670 aliis
1455 2610 1718 2669 obvelata
1759 2609 1888 2664 vita
1917 2611 2031 2661 tum

383 2709 621 2778 virtute,
649 2707 750 2762 sed
782 2705 961 2761 etiam
991 2721 1025 2760 a
1055 2705 1243 2774 teipso
1275 2719 1375 2774 per
1401 2702 1690 2758 defectum
1723 2695 2030 2770 superbiae,

387 2802 443 2854 et
473 2814 574 2868 per
604 2795 1016 2861 humilitatem,
1051 2794 1266 2864 quibus
1309 2792 1485 2847 homo
1531 2789 1813 2863 prteditus
1843 2787 2033 2840 vivere

387 2903 503 2942 non
539 2889 863 2957 reputatur.
896 2883 1046 2937 Illud
1075 2886 1165 2937 est
1195 2897 1327 2936 nox.
1361 2903 1388 2930 «
1424 2880 1638 2934 Luceat
1670 2877 1771 2933 lux
1798 2881 1901 2931 tua
1932 2890 2030 2928 co-

388 2991 511 3031 ram
544 2972 886 3029 hominibus
909 2972 973 3028 ιδ.
1005 2992 1033 3021 ››
1072 2972 1199 3026 Haec
1228 2986 1360 3025 vero
1403 2973 1493 3025 est
1523 2967 1649 3023 dies
1679 2966 1740 3021 in
1771 2982 1888 3038 qua
1919 2979 2032 3020 nox

391 3063 758 3130 terminatur,
791 3077 919 3132 quae
950 3059 1092 3115 sinit
1117 3056 1666 3114 monachumlibere
1695 3070 1885 3128 agere,
1912 3070 2028 3110 non

387 3152 754 3224 simpliciter,
788 3149 1024 3205 fortuito
1055 3153 1111 3204 et
1131 3150 1190 3203 in
1222 3163 1458 3215 vanum,
1481 3146 1540 3200 in
1566 3145 1756 3200 medio
1787 3143 2030 3210 mundo,

2154 564 2320 637 Ἄφες
2349 560 2438 614 καὶ
2479 561 2542 615 τὸ
2569 558 2701 635 ἄγαν
2745 558 3068 638 φιλότιμον,
3103 564 3295 633 μενοῦν
3353 580 3417 634 γε
3459 559 3524 615 τὸ
3580 557 3822 638 φιλόδο-

2151 649 2260 718 ξον·
2295 648 2453 724 ἐγγὺς
2501 646 2559 704 δὶ
2617 649 2810 718 εἰπεῖν,
2843 649 2931 704 καὶ
2978 647 3281 719 κενόδοξον.
3323 646 3555 711 ’Ἄλλως
3611 650 3718 725 γὰρ
3782 651 3820 720 ἠ

2150 736 2440 816 φιλοτιμία
2481 735 2626 800 εἶδός
2672 737 2812 794 ἐστιν
2863 738 3082 810 ἀρετῆς.
3112 738 3171 792 Τί
3219 735 3612 814 φιλενδεικτεῖς
3675 739 3820 814 ὑπὲρ

2147 827 2210 881 τὸ
2250 824 2408 896 δέον;
2443 823 2716 901 Ἐκρύϐης
2767 825 2858 882 διὰ
2901 835 3001 898 τῆς
3050 833 3272 904 κουρᾶς·
3309 828 3384 900 μὴ
3431 828 3620 882 τοίνυν
3672 849 3819 903 προσ
3933 871 3946 884 .

2149 915 2361 992 φαίνου.
2411 917 2777 992 Ἀσύντροχον
2840 917 2944 993 γὰρ
3015 921 3084 991 τῇ
3158 916 3355 992 κρύψει
3400 918 3464 972 τὸ
3518 923 3816 994 φανητιᾷν,

2147 1008 2252 1076 Τὴν
2278 1014 2534 1086 τραχεῖαν
2569 1007 2692 1064 ὁδόν
2729 1006 2902 1064 ε’ίλουο
2933 1008 2987 1064 τί
3018 1012 3146 1085 γοῦν
3179 1007 3486 1084 ὶπιτρέχεις
3539 1014 3611 1084 τῇ
3667 1008 3816 1084 λείᾳ,

2149 1095 2271 1152 ἔνθα
2300 1095 2634 1168 κινδυνώδης
2663 1098 2752 1152 καὶ
2801 1099 2837 1168 ἡ
2894 1097 3276 1174 ἀγχώμαλοςς
3312 1099 3640 1173 Προέκρινας
3696 1096 3815 1170 ἤδη

2145 1187 2210 1242 τὸ
2237 1191 2337 1242 τοῦ
2371 1187 2490 1263 βίου
2529 1186 2791 1262 σκληρόν·
2823 1183 3018 1243 οὔκουν
3063 1185 3304 1265 ὀφείλεις
3349 1191 3446 1243 τοῦ
3486 1187 3816 1244 παναπάλω

2147 1277 2388 1352 γίνεσθαι
2399 1319 2413 1334 .

2220 1367 2363 1444 ρῑιηπ
2396 1367 2485 1428 Ὠς
2542 1365 2632 1438 νὺξ
2687 1365 2814 1441 περὶ
2872 1367 2929 1421 σὲ
3001 1364 3228 1442 κέχυται
3281 1365 3348 1422 τὸ
3391 1364 3529 1422 κατᾶ
3601 1366 3820 1440 κόσμον

2147 1454 2371 1534 ἀφανές·
2407 1456 2470 1510 οῦ
2522 1457 2630 1529 μὴν
2679 1455 2840 1517 αὐτὸς
2888 1454 2965 1518 είς
3015 1455 3181 1511 νύκτα
3233 1455 3669 1529 μεταπέπλασαι.
3719 1460 3817 1531 Μὴ

2144 1545 2324 1600 τοίνυν
2373 1543 2497 1600 θέλε
2539 1543 2720 1608 θέσθαι
2768 1545 2980 1615 σκότος,
3025 1543 3102 1609 ὡς
3148 1545 3391 1619 γενέσθαι
3429 1545 3618 1600 νύκτα*
3671 1547 3728 1603 έν

2147 1631 2516 1690 διελεύσονται
2570 1634 2717 1709 παρᾶ
2774 1633 2859 1688 σοὶ
2915 1633 3082 1707 θηρία
3129 1630 3363 1707 δρυμοῦ,
3422 1635 3514 1689 καὶ
3573 1635 3819 1709 σκύμνοι

2148 1723 2450 1797 ὠρυόμενοι
2491 1727 2588 1777 τοῦ
2635 1723 2914 1796 ἁρπάζειν,
2947 1722 3038 1776 καὶ
3093 1720 3298 1784 ἄλλους
3358 1723 3452 1796 μὶν
3505 1721 3673 1795 ἴσως,
3706 1727 3818 1799 μά-

2065 1851 2113 1918 Β
2148 1811 2306 1918 λιστα
2363 1809 2421 1866 δὲ
2478 1807 2718 1918 σεαυτόν.
2780 1811 3078 1918 Ἐνέργειαξ
3153 1816 3321 1867 ταῦτα
3378 1811 3694 1888 θηριώδεις,
3762 1816 3820 1872 ἐν

2143 1901 2228 1956 σοὶ
2312 1901 2703 1975 πορευόμεναι,
2762 1899 2853 1955 καὶ
2940 1899 3446 1976 παρῤησιαζόμεναι
3535 1900 3628 1958 διὰ
3686 1909 3816 1964 σοῦ.

2144 1976 2298 2046 νΑλλς
2356 1989 2401 2044 ,ε
2459 1989 2572 2064 χρή
2629 1989 2720 2043 καὶ
2794 1986 3043 2060 νύκτερον
3111 1989 3245 2044 εἶναί
3297 2009 3356 2044 σε
3405 1989 3814 2065 οἲκονομικῶς,

2141 2077 2285 2134 ἀλλὰ
2311 2077 2453 2153 ταγὺ
2485 2077 2821 2148 ἀποτελευτᾷ
2848 2078 2948 2147 τὴν
2997 2076 3163 2133 νύκτα
3216 2077 3416 2149 ταύτην
3461 2080 3539 2142 είς
3593 2082 3818 2158 ἡμέραν

2142 2164 2563 2242 θεοπαράδοτον,
2597 2165 2648 2221 ἂν
2798 2167 2867 2222 τὰ
2919 2168 3015 2240 μὲν
3068 2166 3284 2240 ἐμπαθῇ
3314 2169 3480 2243 θηρία
3525 2173 3814 2241 κοιτάζον.

2139 2277 2252 2326 ται,
2288 2257 2364 2329 μὴ
2399 2255 2601 2332 ἔχοντα
2654 2255 3140 2333 παρρησιάζεσθαι·
3174 2256 3202 2311 ὁ
3245 2254 3303 2311 δὲ
3349 2258 3486 2332 πρὸς
3541 2258 3818 2330 ἀλήθειαν

2142 2346 2427 2422 ἅνθρωπος
2483 2343 2572 2401 ιπὶ
2630 2345 2728 2414 τήν
2807 2343 3060 2420 ἐργασίαν
3134 2344 3298 2400 αὐτοῦ
3376 2345 3676 2423 ἐξέρχεται.
3741 2351 3822 2407 Τὸ

2141 2434 2244 2510 γὰρ
2297 2435 2429 2510 ὁπὶρ
2481 2441 2585 2510 γῆς
2637 2434 2716 2489 ἀεὶ
2777 2433 3032 2510 νύκτερον
3090 2434 3417 2509 Κιμμερίοις
3481 2436 3510 2491 ό
3565 2436 3821 2503 παλαιὸς

2143 2523 2305 2599 λόγος
2335 2525 2596 2602 ἀφώρισε.
2632 2524 2968 2602 Σαφίστερον
3002 2520 3060 2579 δὶ
3108 2520 3384 2588 διαθέσθαι
3441 2527 3533 2581 τὸν
3593 2526 3770 2604 λόγον
3792 2547 3814 2564 ο

2142 2637 2170 2666 ‹‹
2206 2613 2347 2677 Λάθε
2405 2612 2578 2688 βιοὺς,
2613 2635 2640 2664 ››
2675 2612 2752 2667 ὡτ
2807 2606 3113 2688 παρέλαϐες
3164 2611 3225 2667 ὲκ
3279 2610 3518 2668 παλαιοῦ
3561 2617 3654 2670 καὶ
3707 2637 3813 2673 σο-

2141 2706 2244 2780 φοῦ
2276 2702 2713 2779 ἀποφθέγματος.
2746 2701 2850 2757 Καὶ
2891 2699 3022 2764 λάθε
3074 2702 3150 2774 μὴ
3207 2701 3368 2774 μόνον
3407 2703 3535 2765 τοὺς
3586 2702 3814 2770 ἄλλους

2137 2793 2207 2864 τῇ
2257 2789 2540 2864 ἐπικρύψει
2577 2791 2678 2858 τῆς
2729 2789 2979 2864 ἐναρέτου
3043 2790 3253 2864 βιοτῆς,
3315 2787 3460 2845 ἀλλὰ
3515 2792 3607 2848 καὶ
3667 2815 3815 2849 mu-

2137 2880 2230 2934 τὸν
2275 2878 2344 2953 τῇ
2405 2878 2603 2952 ἀτυφίᾳ
2656 2877 2746 2933 καὶ
2780 2876 2881 2950 ’τῷ
2931 2877 3327 2951 ταπεινώματι⁸
3361 2879 3498 2955 ἅπερ
3557 2882 3588 2937 ὸ
3647 2879 3813 2959 ἔχων

2139 2966 2264 3024 οὐδὲ
2315 2971 2410 3042 ζῇν
2472 2965 2770 3042 λογίζεται.
2818 2969 2987 3020 Τοῦτο
3041 2968 3078 3036 ἡ
3139 2965 3252 3037 νύξ.
3311 2991 3342 3019 ι(
3400 2969 3686 3042 Λαμψάτω
3739 2975 3816 3028 τὸ

2139 3064 2253 3134 φῶς
2281 3080 2376 3114 σου
2407 3057 2708 3133 ἔμπροσθεν
2757 3059 2864 3111 τῶν
2915 3057 3232 3131 ἀνθρώπων.
3263 3081 3293 3110 ››
3322 3061 3490 3114 Τοῦτο
3521 3062 3555 3128 ὴ
3586 3060 3816 3137 ἡμέρα,

2140 3148 2214 3210 εἰς
2269 3150 2332 3217 ἣν
2389 3149 2424 3217 ἡ
2483 3145 2708 3216 τοιαύτη
2765 3144 2860 3216 κῦξ
2937 3144 3294 3216 ἀποτελευτᾷ,
3347 3146 3818 3223 παρῥησιαζουσι

385 3246 449 3297 ut
505 3241 875 3295 introductus
931 3237 990 3292 in
1050 3237 1257 3292 domos
1321 3235 1649 3301 hominum,
1708 3234 1866 3288 intra
1918 3249 2026 3287 cu-

2142 3237 2229 3292 τὸν
2264 3236 2534 3312 μοναχὸν,
2565 3233 2673 3311 ούχ
2716 3233 2887 3296 οὕτως
2937 3233 3151 3307 ἁπλῶς,
3185 3234 3305 3306 εΐκῆ
3355 3220 3469 3292 καὶ-
3506 3236 3689 3311 μάτην
3751 3240 3816 3296 ἐν

377 3330 551 3398 linas,
583 3345 761 3402 super
788 3344 1046 3394 mensas,
1078 3327 1135 3382 in
1169 3324 1467 3391 conviviis,
1497 3321 2025 3396 compotationibus

379 3424 436 3476 et
464 3418 674 3491 epulis,
724 3422 790 3473 ut
839 3417 1068 3488 lampas
1124 3415 1382 3487 fulgeat;
1434 3415 1533 3470 sed
1578 3413 1766 3484 magis
1807 3411 2024 3468 illumi-

381 3513 558 3564 natus
587 3525 621 3563 a
652 3507 819 3563 Patre
866 3505 1159 3560 luminum
1208 3509 1265 3560 et
1293 3503 1429 3559 inde
1476 3503 1538 3558 in
1592 3503 1892 3558 ﬂammam
1924 3517 2024 3556 ac-

378 3611 592 3653 census
622 3597 836 3663 luceat,
883 3595 1172 3657 videatur,
1225 3598 1469 3660 uratur;
1501 3596 1559 3647 et
1615 3591 1716 3647 lux
1758 3590 1939 3659 illius,
1974 3589 2023 3644 si

381 3685 579 3742 minus
612 3700 712 3756 per
742 3699 974 3739 omnem
998 3687 1236 3750 terram,
1264 3685 1330 3736 ut
1359 3679 1780 3754 apostolorum,
1814 3677 2023 3736 saltem

380 3774 567 3831 multa
596 3790 699 3845 per
727 3771 856 3828 loca
880 3770 1260 3826 diffundatur.
1296 3771 1458 3836 Quod
1502 3770 1561 3825 in
1591 3770 1853 3825 accensis
1885 3768 2023 3824 taci-

377 3865 489 3920 bus
515 3862 664 3918 solet
680 3862 1048 3932 ﬁerl,quibus
1070 3877 1138 3915 ex
1159 3860 1274 3916 alto
1296 3859 1652 3928 lucentibus,
1671 3860 2026 3930 deteguntur

378 3952 606 4009 insidias
636 3951 917 4020 hostium,
941 3949 1049 4004 tuti
1074 3953 1278 4020 portus
1299 3948 1656 4015 indicantur,
1683 3953 1741 4004 et
1765 3949 1908 4003 vada
1932 3963 2026 4019 pe-

377 4039 651 4108 riculosa,
685 4036 909 4108 scopuli
957 4040 1014 4092 et
1059 4053 1234 4109 rupes
1290 4035 1621 4092 devitantur
1676 4035 1902 4108 aliaque
1933 4036 2026 4092 via

379 4127 564 4184 tutior
592 4125 798 4181 initur.

452 4477 572 4533 199.
605 4477 810 4534 Nonne
841 4477 1056 4534 audisti
1111 4494 1388 4550 magnum
1437 4477 1780 4550 Magistrum
1827 4478 2024 4534 dicen-

381 4571 496 4623 tem
524 4585 536 4622 :
572 4590 599 4618 «
635 4568 854 4624 Luceas
887 4583 1082 4623 coram
1115 4566 1502 4622 hominibus?
1533 4589 1562 4618 »
1593 4567 1694 4638 qui
1721 4567 2024 4624 scilicetin

379 4657 830 4729 angiportubus,
859 4663 917 4712 et
947 4657 1004 4712 in
1037 4657 1146 4712 viis
1195 4657 1467 4725 versaris,
1523 4657 1622 4727 qui
1653 4658 1711 4711 in
1757 4657 2028 4728 procellis

374 4748 544 4818 juxta
572 4750 786 4801 terram
821 4746 1131 4802 commotis
1154 4745 1418 4818 agitaris,
1453 4745 1551 4800 ubi
1585 4745 1908 4802 timendum
1941 4752 2031 4804 est

379 4853 451 4891 ne
477 4834 944 4892 vehementiores
979 4835 1132 4890 venti
1166 4834 1465 4890 oodensati
1513 4833 1703 4890 lucem
1736 4840 1896 4892 tuam
1929 4851 2025 4892 ex-

380 4925 684 4996 stinguant
709 4944 721 4994 ;
756 4927 858 4982 sed
893 4926 1081 4982 luceat
1102 4926 1200 4982 lux
1220 4931 1322 4980 tua
1350 4942 1418 4981 ex
1441 4925 1558 4982 alto
1585 4925 1784 4982 oculos
1815 4928 2029 4984 feriens

381 5014 508 5070 sine
539 5013 714 5081 nube,
748 5015 873 5071 sine
899 5014 1176 5072 tenebris.
1218 5015 1310 5070 Sic
1341 5014 1484 5071 solis
1532 5013 1787 5072 circulus
1819 5034 1933 5073 non
1967 5031 2029 5074 se

379 5118 448 5158 ex
479 5100 596 5158 alto
631 5103 881 5174 proiicit,
914 5104 1014 5158 sed
1047 5103 1104 5158 in
1156 5102 1397 5159 excelsis
1446 5103 1645 5170 fertur,
1679 5108 1736 5158 et
1772 5104 2029 5162 viviﬁcos

377 5190 574 5246 radios
607 5189 832 5258 emittit,
868 5207 983 5247 non
1033 5191 1220 5247 solum
1281 5208 1478 5248 coram
1528 5192 1892 5262 hominibus,
1924 5195 2027 5251 sed

375 5279 617 5352 ubique,
651 5279 803 5334 sicut
821 5282 1027 5349 jussus
1051 5286 1160 5349 est,
1185 5297 1320 5336 cum
1345 5281 1653 5352 majestate
1671 5282 2026 5354 resplendet,

374 5373 432 5423 et
464 5368 616 5424 acies
647 5367 949 5424 oculorum
983 5370 1336 5426 intuentium
1385 5387 1622 5426 sursum
1654 5371 1886 5442 attollit,
1920 5390 2028 5428 un-

373 5455 548 5528 dique
577 5456 1068 5530 circumspicitur.
1100 5457 1195 5515 Sic
1215 5457 1370 5515 lucet
1390 5462 1449 5516 et
1474 5459 1615 5516 luna
1642 5459 1828 5517 solem
1850 5477 2029 5519 aemu-

447 5652 492 5688 ιι
519 5653 723 5710 Matth.
759 5670 814 5725 ν,
843 5658 930 5713 16.

2131 3331 2210 3399 τῷ
2259 3325 2474 3400 κόσμοι,
2518 3323 2612 3380 ἵνα
2661 3323 2798 3388 καθᾶ
2853 3322 2944 3379 καὶ
2997 3322 3314 3400 λυχνοῦχος
3361 3321 3820 3403 παραϐεϐλημέ-

2130 3436 2220 3478 νος
2269 3413 2439 3477 ο⁶ίκοις
2492 3414 2794 3490 ἀνθρώπων
2842 3411 3036 3488 λάμπῃ
3085 3412 3136 3468 ἐν
3183 3413 3511 3485 ὀπτανείοις,
3543 3415 3598 3470 ἰν
3662 3439 3815 3494 τρα..

2131 3505 2340 3574 πέζαις,
2366 3503 2418 3559 έν
2470 3503 2791 3572 συσσιτίοις,
2823 3501 2874 3558 tv
2927 3500 3252 3575 εἰλαπίναις,
3297 3501 3348 3557 έν
3393 3501 3629 3576 ἐράνοις·
3665 3506 3816 3564 ἀλλ’

2125 3591 2218 3647 ’ίνα
2271 3591 2677 3666 έμπυρσεύηται
2737 3590 2841 3646 ὰπὸ
2895 3595 2996 3646 τοῦ
3053 3596 3160 3647 τῶν
3214 3590 3407 3671 φώτων
3439 3595 3673 3670 πατρὸς,
3703 3598 3812 3652 καὶ

2131 3681 2330 3746 ἐκεῖθεν
2378 3681 2454 3745 εἰς
2500 3685 2615 3758 φῶς
2667 3679 3096 3754 ἆξαναπτόμενος
3143 3679 3425 3757 έκλάμπῃ,
3453 3684 3544 3739 καὶ
3604 3685 3808 3761 φαίνῃ,

2130 3771 2220 3827 καὶ
2267 3770 2506 3846 πυρσεύῃ
2536 3789 2550 3802 ο
2584 3770 2658 3832 ὡς
2697 3766 2926 3840 διήκειν,
2959 3768 3006 3824 εἰ
3053 3768 3143 3824 καὶ
3195 3771 3271 3843 μή
3321 3776 3606 3848 πανταχοῦ
3656 3775 3810 3830 ἀπο-

2132 3860 2421 3929 πολικῶς,
2444 3856 2569 3915 ἀλλ’
2600 3856 2689 3913 οῦν
2721 3855 3017 3932 πολλαχοῦ
3045 3863 3145 3926 τῆς
3175 3859 3357 3932 γῆςτὸ
3387 3857 3438 3914 έν
3472 3861 3620 3932 αὐτῷ
3647 3867 3805 3940 φῶς.

2130 3952 2197 4008 Ὃ
2241 3947 2307 4019 δὴ
2355 3949 2446 4004 καὶ
2498 3948 2550 4004 έν
2596 3952 2713 4010 τοῖς
2775 3947 3199 4020 πυρσευομένοις
3253 3954 3443 4026 φανοῖς
3490 3947 3651 4006 ε’ίωθε
3702 3951 3807 4028 γί-

2131 4041 2335 4108 νεσθαι,
2369 4038 2442 4092 ὧν
2476 4035 2868 4110 έκλαμπόντων
2903 4032 3102 4100 ἄνωθέν
3137 4047 3299 4101 ποθεν
3345 4035 3530 4112 ἔφοδοι
3577 4060 3642 4094 τε
3685 4061 3808 4097 πο-

2133 4126 2339 4201 λεμίων
2383 4124 2844 4199 καταμηνύονται,
2875 4125 2967 4180 καὶ
3014 4123 3232 4198 λιμένες
3287 4125 3574 4202 εὐάγκαλοι
3639 4126 3805 4205 διερ-

2136 4215 2483 4291 μηνεύονται,
2515 4213 2604 4270 καὶ
2667 4215 2877 4290 βράχεα
2930 4211 3237 4286 κινδυνώδη
3294 4215 3384 4271 καὶ
3451 4215 3640 4292 ῥαχίαν.
3700 4221 3816 4275 καὶ

2134 4301 2392 4368 σπιλάδες
2471 4302 2809 4361 ὲκκλίνονται
2842 4348 2860 4372 ,
2939 4302 3029 4359 καὶ
3131 4301 3346 4380 ἑτεροῖα
3455 4305 3812 4381 σωτηριώδη

2131 4395 2352 4470 γίνεται.

2206 4483 2340 4561 ρῳ.
2374 4481 2484 4538 Ούκ
2533 4479 2772 4551 ἤκουσας
2831 4479 2891 4536 ἐκ
2946 4485 3044 4536 τοῦ
3100 4482 3360 4557 μεγίστου
3433 4481 3812 4542 διδασκάλου-

2058 4593 2106 4659 D
2139 4595 2169 4624 «
2199 4571 2427 4645 Λάμψον
2455 4569 2757 4646 ἔμπροσθεν
2786 4573 2894 4659 τῶν
2927 4569 3268 4659 άνθρώπων;
3301 4594 3329 4624 ››
3363 4571 3520 4635 αὐτὸς
3569 4570 3812 4646 δηλαδὴ

2140 4661 2193 4716 έν
2249 4665 2542 4722 στενωποῖς
2616 4659 2704 4714 καὶ
2784 4657 3089 4736 λεωφόροις
3167 4659 3652 4738 ἀναστρεφόμενος,
3705 4665 3814 4720 καὶ

2135 4754 2254 4812 ταῖς
2334 4751 2458 4825 περῖ
2539 4754 2642 4824 γῆς
2701 4746 2954 4812 θυέλλαις
3006 4746 3400 4823 ἆνειλούμενος,
3451 4748 3573 4806 ἔνθα
3599 4747 3812 4829 φόϐος,

2143 4841 2355 4913 μήποτε
2412 4834 2863 4906 διαυλωνίζοντες
2914 4836 3258 4912 ἀσύμμετροι
3305 4836 3498 4911 ἄνεμοι
3555 4838 3809 4899 ἀποσϐέ-

2138 4948 2271 4983 σωσι
2301 4927 2363 4982 τὸ
2394 4926 2445 4982 έν
2476 4927 2561 4980 σοὶ
2593 4929 2729 5004 φῶς
2765 4924 2910 4981 ἀλλὰ
2937 4924 3210 4999 λαμψάτω
3241 4926 3302 4981 τὸ
3353 4931 3472 5006 φῶς
3501 4949 3625 4997 σου,
3661 4929 3812 4987 ἄνω-

2139 5027 2224 5080 θεν
2267 5009 2823 5087 ἀκτινοϐολούμενον,
2882 5012 3140 5092 ἀνέφελον
3199 5016 3292 5070 καὶ
3340 5015 3808 5091 ἀνεπισκότητον.

2138 5103 2291 5158 Οὕτω
2319 5103 2408 5159 καὶ
2441 5101 2608 5174 ἡλίου
2635 5101 2818 5166 δίσκος
2865 5101 2927 5157 οῦ
2975 5101 3354 5180 καταρῤίπτων
3409 5106 3599 5162 ἑαυτὸν
3655 5111 3810 5165 ἄνω-

2136 5195 2246 5265 θεν,
2291 5190 2418 5248 ἀλλ’
2473 5193 2609 5267 ὑψοῦ
2667 5189 2954 5268 διφρεύων,
3015 5192 3232 5257 ἀκτῖνας
3289 5193 3603 5252 ἆποπάλλει
3667 5203 3816 5268 ζωο-

2136 5283 2378 5359 γὸνουςο
2411 5281 2472 5336 οὐ
2537 5281 2701 5354 μόνον
2759 5276 3060 5356 ἔμπροσθεν
3118 5281 3442 5360 ἀνθρώπων,
3503 5284 3652 5342 ἀλλᾶ
3705 5291 3811 5344 καὶ

2135 5372 2413 5446 πανταχῇ,
2472 5367 2596 5426 ἔνθα
2676 5367 3042 5440 κεκέλευσται,
3094 5371 3480 5444 ἀξιωματικῶς
3547 5377 3812 5453 παμφαί-

2136 5481 2267 5530 νων,
2297 5460 2388 5516 καὶ
2417 5461 2512 5525 τὰς
2538 5463 2647 5516 τῶν
2683 5457 2996 5536 βλεπόντων
3025 5455 3177 5535 ὄψεις
3210 5461 3372 5527 αὐτὸς
3419 5461 3599 5522 ἕλκων
3660 5464 3813 5540 ἅνω,
