4104 6210
249 329 372 391 905

1272 326 1377 387 DE
1418 320 1908 387 EMENDANDA
1954 320 2140 381 Vl'l‘A
2187 320 2662 384 MONACHIGA.

3546 327 3665 389 906

237 458 333 513 καὶ
386 455 614 521 αὐτόθεν
674 449 1036 532 τερίϐλεπτος
1095 430 1546 531 προφαινόμενος.
1608 451 1767 511 Οὕτω
1818 449 1909 505 καὶ

2049 454 2166 516 ata,
2192 452 2402 508 dixerit
2443 452 2697 525 aliquis;
2730 458 2789 510 et
2844 455 3042 510 omnia
3073 454 3189 512 alia
3245 456 3439 513 sidera
3488 457 3668 530 digna

242 546 456 619 σελήνη
487 544 808 623 προλάμπει
842 544 1021 619 ζήλῳ,
1077 543 1219 600 εἷ’ποι
1271 543 1330 598 ἂν
1358 566 1467 614 τις,
1500 548 1580 615 τῷ
1626 540 1760 597 κατὰ
1816 539 1908 593 τὸν

239 636 432 705 ἥλιον
492 635 584 691 καὶ
641 634 760 690 ὅσοι
794 631 852 689 δὲ
881 638 988 689 τῶν
1018 632 1205 691 ἄλλων
1265 631 1502 709 ἀστέρων
1559 632 1679 692 θέας
1742 628 1908 699 ἄξιοι.

242 724 403 781 Ποίει
435 728 565 801 γοῦν
599 722 743 779 οὕτω
773 723 864 779 καὶ
897 723 981 778 σύ·
1014 724 1109 778 καὶ
1142 722 1378 796 λάμπων
1426 721 1665 799 φύλαττε
1712 718 1908 792 ὁμοίαν

249 813 585 888 σεμνότητα,
637 810 748 869 ἄνω
794 834 855 868 τε
904 812 1105 886 μενων,
1155 813 1246 867 καὶ
1292 811 1442 866 κάτω
1492 809 1725 884 λάμπων
1758 808 1809 862 ἐν
1838 810 1909 880 τῇ

250 903 410 958 νυκτὶ
471 906 569 957 τοῦ
636 903 753 958 καθ’
798 903 947 974 ἡμᾶς
1002 901 1149 977 βίου,
1220 899 1309 955 καὶ
1361 900 1487 961 τοὺς
1544 896 1910 974 ἐγρηγορότας

254 992 531 1070 φωτίζων,
562 991 650 1046 καὶ
709 991 906 1066 ἀρετῆς
931 988 1236 1066 προκλήσει
1288 990 1528 1064 βοώσης·
1595 1009 1616 1037 ι
1668 984 1908 1063 Προσελ-

251 1093 396 1152 θετε,
448 1082 541 1135 καὶ
595 1078 921 1158 φωτίσθητεο
971 1102 1002 1131 ››
1051 1073 1373 1134 ἀναϐλέπειν
1433 1076 1671 1139 ἐκείνους
1729 1075 1804 1137 εἰς
1852 1074 1911 1156 σε

249 1175 455 1241 ποιῶν,
486 1169 577 1224 καὶ
616 1169 931 1245 ἐργάζεσθαι
962 1169 1032 1223 τὰ
1061 1168 1327 1239 σωτήριοι⁹
1378 1167 1446 1222 τὰ
1474 1165 1569 1238 μὲν
1598 1164 1688 1219 καὶ
1720 1161 1907 1226 ἄλλως

250 1257 646 1336 πολυτρόπως,
679 1258 754 1321 ὡς
784 1254 992 1312 οἴδασιν
1024 1255 1176 1312 αὐτοὶ
1215 1256 1468 1331 μαθόνεες
1499 1252 1559 1310 ἐκ
1580 1252 1813 1332 φύσεως,
1844 1251 1913 1306 τὰ

251 1347 313 1405 δὲ
346 1348 437 1404 καὶ
469 1348 573 1403 ὑπὸ
601 1351 683 1421 τῷ
711 1347 853 1402 κατὰ
878 1347 935 1402 oe
963 1346 1125 1425 φωτί.

326 1458 397 1511 σ’.
432 1456 554 1511 Ἐὰν
589 1451 646 1508 δὲ
676 1474 811 1508 ποτε
841 1450 1011 1527 δεήσῃ
1040 1453 1104 1507 τὸ
1135 1450 1186 1506 ἐν
1217 1451 1303 1506 σοὶ
1351 1454 1467 1529 φῶς
1508 1449 1572 1504 τὸ
1619 1447 1909 1521 θεωμίμη-

249 1565 351 1600 τον
382 1544 471 1599 καί
508 1563 656 1604 τινος
689 1541 807 1604 ἑνὸς
861 1540 1032 1596 τόπου
1071 1541 1340 1616 γενέσθαι,
1372 1542 1490 1593 οἷον
1525 1535 1700 1606 οἷ’κου,
1731 1538 1766 1606 ἢ
1799 1537 1910 1591 κώ·-

256 1656 394 1707 μης,
428 1631 463 1702 ἢ
495 1632 715 1707 ἀγορᾶς,
746 1630 782 1700 ἢ
817 1631 1034 1705 ἑορτῆς,
1067 1632 1102 1700 ἢ
1136 1628 1314 1700 ἄλλης
1363 1629 1510 1689 τινὸς
1566 1624 1909 1697 διοικήσεως,

256 1722 451 1796 λάμπε
504 1725 779 1794 κυριακῶς
833 1719 923 1774 καὶ
983 1718 1122 1786 ἐκεῖ,
1174 1718 1262 1774 ἐπὶ
1318 1714 1733 1795 ἁναψηλαφήσει
1785 1714 1908 1787 μὲν-

2025 558 2151 610 quae
2183 542 2562 614 aspiciantur.
2584 543 2681 598 Sic
2713 559 2820 616 age
2850 549 2906 598 et
2938 550 2995 599 tu
3022 546 3198 612 ;dum
3232 544 3416 612 luces,
3476 549 3665 602 conti-

2022 647 2204 684 nuum
2240 631 2608 701 splendorem
2641 634 2849 700 retine,
2873 648 3113 688 manens
3140 635 3197 688 in
3232 633 3351 689 alto
3388 633 3668 693 inferiora

2020 718 2380 786 illumina,id
2412 725 2501 776 est
2531 725 2762 776 noctem
2799 722 2981 778 nostri
3015 722 3363 791 sweuli;eos
3384 725 3486 795 qui
3506 723 3665 779 exci-

2020 808 2125 862 tati
2158 813 2298 863 sunt
2334 808 2564 864 illustra
2593 828 2606 876 ;
2641 816 2819 882 atque
2842 812 3108 882 exemplo
3138 812 3374 868 virtutis
3403 815 3664 868 claman-

2019 899 2133 952 tis:
2167 919 2195 946 ‹‹
2221 896 2424 952 Venite
2455 906 2512 953 et
2542 897 2984 968 Illuminamini,
3008 920 3035 949 »
3063 901 3151 955 fac
3171 916 3270 956 eos
3291 902 3361 955 ad
3396 907 3452 956 te
3473 902 3664 972 suspi-

2018 1001 2146 1040 cere
2175 990 2232 1040 et
2260 984 2544 1041 salutaria
2574 988 2797 1057 operari
2825 990 3114 1058 ;qua=dam
3137 989 3342 1044 multis
3372 989 3503 1045 aliis
3535 1006 3660 1045 mo-

2018 1073 2130 1142 dis,
2162 1074 2317 1129 sicut
2346 1073 2555 1141 scient,
2588 1074 2717 1147 ipsa
2747 1080 2957 1131 natura
2988 1077 3523 1149 docente,qutedam
3557 1095 3661 1151 per

2019 1161 2211 1218 lucem
2253 1167 2441 1219 tuam.

2088 1450 2213 1504 200.
2240 1449 2297 1504 Si
2333 1451 2567 1521 quando
2593 1466 2831 1506 necesse
2871 1454 2959 1507 est
2999 1450 3188 1508 lucem
3233 1458 3395 1508 tuam
3454 1452 3660 1508 divina

2019 1538 2271 1595 similem
2308 1540 2364 1594 in
2391 1540 2587 1612 aliquo
2620 1539 2745 1596 loco
2777 1541 2980 1610 videri,
3027 1541 3275 1614 exempli
3333 1542 3544 1614 gratia,
3600 1541 3661 1599 in

2019 1628 2213 1695 domo,
2247 1628 2305 1683 in
2343 1645 2511 1701 pago,
2546 1629 2602 1683 in
2639 1631 2781 1701 foro,
2816 1631 2872 1685 in
2907 1631 3241 1701 festivitate,
3296 1636 3397 1687 aut
3441 1632 3499 1686 in
3549 1630 3664 1687 alia

2020 1717 2567 1785 occasione,ibidem
2601 1718 2799 1774 luceas
2832 1720 3075 1775 fidenter
3104 1720 3175 1776 ad
3210 1721 3588 1793 quaerendam
3605 1724 3663 1777 et

252 1831 348 1865 τοι
386 1810 476 1865 καὶ
508 1809 733 1886 ,εὑρέσει
790 1806 1048 1884 δραχμῆς
1110 1805 1468 1868 ἀπολωλυίας
1526 1801 1909 1880 εὐαγγελικῆς’

2045 1807 2427 1862 nveniendam
2462 1808 2803 1864 drachmam
2829 1808 3122 1881 Evangelii
3173 1810 3483 1881 perditam,
3540 1827 3660 1867 non

256 1900 330 1954 οὐ
413 1900 521 1972 μὴν
584 1898 658 1960 ὡς
726 1895 1008 1970 ἐμπλῆσαι
1071 1896 1365 1970 καμψάκην
1426 1895 1908 1970 πραγματευτικῶς

254 1985 397 2063 δίχα
478 1985 839 2062 προκλήσεως
865 2029 879 2043 .
967 1986 1349 2046 Ἐπαιτοῦντος
1432 1985 1534 2058 γὰρ
1619 1979 1910 2057 ἀνθρώπου

249 2075 422 2132 τοῦτό
478 2096 562 2150 γε,
611 2075 703 2130 καὶ
748 2071 1082 2148 πανδημίου,
1113 2075 1186 2136 ὡς
1213 2072 1385 2134 οὕτως
1414 2070 1608 2140 είπεῖν,
1655 2072 1907 2145 πτωχοῦ,

252 2166 319 2230 ὃς
366 2163 569 2220 δύναιτ’
616 2163 677 2219 ἂν
729 2163 818 2219 καὶ
864 2161 1000 2238 δίχα
1048 2165 1342 2238 σχήματος
1386 2159 1680 2237 ἀγγελικοῦ
1729 2158 1911 2235 ῥωγα-

255 2254 362 2311 λέα
409 2250 780 2328 περιδύθῆναι,
835 2252 926 2307 καὶ
975 2254 1155 2326 πήραν
1187 2251 1500 2325 ἐνάψασθαι,
1560 2250 1649 2304 καὶ
1704 2248 1909 2317 κνυζῶ-

253 2363 349 2398 aut
406 2341 531 2404 τοὺς
591 2340 952 2419 ὀφθαλμοὺς,
1009 2340 1100 2396 καὶ
1159 2339 1597 2415 σχηματίσασθαι
1635 2337 1909 2398 παντοίως

252 2432 354 2488 τὸν
415 2432 622 2502 ἱκέτην,
682 2430 773 2486 καὶ
823 2428 997 2495 οὕτως
1042 2426 1314 2508 ἕμφορτος
1357 2426 1617 2503 γενέσθαι,
1653 2427 1727 2482 ὧν
1754 2424 1912 2487 αὐτὸς

258 2520 438 2586 θέλεμ

336 2616 438 2665 σα’.
497 2603 798 2684 Φιλοσόφει
850 2607 1075 2671 ἐνταῦθα
1121 2609 1207 2663 καὶ
1261 2608 1350 2662 τὸν
1408 2613 1511 2676 τῆς
1565 2602 1911 2673 δικαιοσύνης

257 2698 453 2768 ἥλιον,
484 2698 579 2752 τὸν
627 2697 735 2771 πρὸ
785 2694 971 2767 ἡλίου,
1019 2697 1112 2751 τὸν
1139 2696 1245 2772 πρὸ
1275 2695 1512 2760 αἰώνων,
1540 2694 1631 2748 τὸν
1689 2693 1769 2747 ἀεὶ
1823 2690 1914 2746 καὶ

262 2786 400 2843 ὄντα
428 2787 519 2841 καὶ
551 2785 861 2858 λάμποντα,
911 2783 1147 2857 τοιούτῳ
1179 2782 1334 2860 λόγῳ
1361 2780 1784 2852 καταληλυθότα
1840 2781 1917 2843 εἷς

259 2884 389 2955 γῆν,
416 2876 509 2930 καὶ
541 2874 829 2949 λάμψαντα
887 2874 939 2929 ἐν
999 2876 1157 2947 ἡμῖν,
1210 2873 1299 2928 καὶ
1332 2874 1735 2949 ψηλαφήσαντα
1789 2869 1918 2934 τοὺς

260 2964 717 3031 ἀπολωλεκότας,
766 2964 853 3018 καὶ
889 2964 1181 3039 εὑρηκότα,
1220 2963 1311 3018 καὶ
1369 2956 1793 3033 ἀναλαϐόμενον,
1825 2959 1917 3013 καὶ

262 3053 741 3131 περισωσάμενον,
795 3052 885 3107 καὶ
943 3049 1305 3128 ἀναγαγόντα,
1364 3045 1487 3115 ἔνθα
1523 3050 1612 3104 καὶ
1645 3048 1805 3110 αὐτὸς
1847 3047 1914 3117 ἦν

2019 1913 2152 1953 vero
2181 1897 2253 1952 ad
2284 1895 2641 1969 implendam
2699 1914 3033 1954 mensuram
3092 1898 3262 1955 bonis
3314 1900 3660 1968 confertam,

2020 1987 2243 2058 absque
2272 1985 2635 2043 invitatione.
2662 1990 2779 2043 Hoc
2807 1987 2964 2042 enim
2995 1991 3152 2043 esset
3179 1987 3435 2044 hominis
3492 2005 3662 2045 men-

2020 2075 2158 2140 dici,
2189 2080 2265 2145 et,
2290 2079 2354 2130 ut
2382 2074 2466 2131 ita
2495 2076 2710 2145 dicam,
2744 2076 2874 2131 vilis
2897 2076 3190 2149 pauperis,
3214 2076 3313 2149 qui
3345 2093 3450 2148 pro
3481 2094 3661 2150 ange-

2020 2164 2134 2221 lica
2161 2169 2318 2221 veste
2340 2169 2536 2238 posset
2565 2164 2875 2221 laceratam
2903 2165 3016 2221 sibi
3040 2165 3430 2233 circumdare,
3462 2182 3663 2238 peram

2022 2270 2347 2320 assumere,
2378 2252 2578 2309 oculos
2609 2257 2821 2325 tegere,
2852 2260 2909 2308 et
2941 2255 3275 2310 mendicum
3310 2256 3551 2310 omnino
3582 2255 3665 2309 si-

2023 2344 2269 2413 mulare,
2304 2343 2504 2416 sicque
2534 2344 2812 2400 omnibus
2844 2343 3159 2401 molestum
3188 2362 3339 2402 esse.

2092 2612 2219 2666 201.
2250 2610 2568 2667 Considera
2598 2611 2776 2666 etiam
2810 2611 2992 2667 solem
3018 2612 3266 2682 justitiaz
3300 2616 3437 2669 ante
3463 2611 3668 2679 solem,

2025 2704 2159 2757 ante
2179 2699 2392 2755 saecula
2410 2716 2639 2771 semper
2669 2700 3039 2756 exsistentem
3064 2706 3120 2757 et
3143 2702 3667 2771 lueentem,eodem

2027 2793 2195 2846 modo
2225 2790 2281 2844 in
2315 2795 2501 2845 terras
2532 2790 2931 2860 descendisse,
2966 2792 3120 2862 apud
3183 2809 3288 2847 nos
3345 2792 3669 2862 refulsisse,

2029 2884 2292 2933 mortuos
2310 2877 2493 2949 digito
2514 2877 2980 2949 tetigisse,atque
2994 2878 3670 2953 invenisse,suscepisse,

2028 2966 2363 3033 salvavisse,
2386 2970 2443 3020 et
2473 2965 2794 3031 reduxisse,
2828 2966 2927 3020 ubi
2960 2972 3084 3022 erat
3132 2967 3257 3038 ipse
3312 2968 3384 3023 ab
3433 2975 3670 3027 aeterno.

2029 3057 2156 3126 Ipse
2180 3054 2230 3110 si
2261 3057 2462 3110 eodem
2485 3055 2657 3109 modo
2688 3056 2773 3109 vis
2804 3055 3178 3126 descendere,
3228 3059 3309 3113 ita
3339 3063 3405 3114 ut
3460 3060 3675 3118 habea-

263 3143 523 3198 πάντοτε.
555 3141 618 3198 Et
649 3141 792 3196 οὕτω
846 3135 1184 3196 καταϐαίνειν
1226 3141 1314 3195 καὶ
1346 3140 1504 3201 αὐτὸς
1563 3136 1786 3205 ἐθέλεις,
1842 3137 1917 3199 ὡς

2040 3145 2115 3200 ris
2146 3149 2211 3198 ut
2235 3148 2403 3211 Deus,
2440 3141 2584 3197 alios
2607 3142 2711 3198 tibi
2760 3143 2986 3199 similes
3029 3144 3151 3201 zelo
3202 3151 3510 3219 accendas,
3569 3151 3674 3205 de—

260 3233 353 3287 καὶ
410 3230 571 3293 αὐτὸς
618 3230 748 3293 Θεὸς
806 3231 941 3285 εἶναι
989 3229 1163 3301 θετὸς,
1214 3228 1464 3292 καὶτοὺς
1494 3225 1696 3287 ἄλλους
1728 3223 1786 3280 δὲ
1809 3225 1921 3298 ἐξο-

263 3325 463 3394 μοιοῦν
528 3320 617 3374 σοὶ
672 3319 819 3391 αὐτῷ
870 3319 1006 3373 κατά
1063 3318 1378 3391 ἐνθεασμὸν,
1436 3312 1723 3372 κατάϐαινε
1755 3359 1768 3383 ,
1828 3314 1919 3369 καὶ

263 3407 692 3487 συναναστρέφω
750 3410 887 3481 ἡμῖν
942 3412 1061 3471 τοῖς
1116 3408 1441 3483 ἀνθρώποις·
1504 3403 1690 3466 ἄλλως
1751 3401 1808 3457 δέ
1859 3422 1920 3477 γε

262 3497 413 3576 ἓρῥε,
468 3497 753 3574 ἐλέγχιστε
786 3498 1050 3566 ζωόντων
1091 3498 1306 3570 μήποτε
1336 3497 1364 3550 ὁ
1414 3495 1596 3558 κοινὸς
1652 3491 1918 3561 δεσπότης

268 3586 671 3663 δραπετεύοντά
720 3607 777 3641 σε
826 3588 1207 3657 ἀναζητήσας,
1258 3586 1503 3655 ἐπιθήσει
1555 3582 1753 3655 ζημίαν
1803 3586 1921 3641 τοῖς

271 3674 700 3754 ἁναδεχομὲνοις
732 3697 808 3734 σε.
841 3677 1181 3746 Ἐννοήθητι,
1219 3670 1301 3729 ὅτι
1333 3673 1560 3751 ἄγγελος
1618 3670 1797 3750 φωτὸς
1854 3670 1919 3737 εἴ,

270 3765 370 3823 κᾶν
404 3764 796 3844 μελαμφορῇς,
826 3761 909 3820 ὅτι
941 3766 1078 3842 φωτὶ
1111 3769 1190 3837 τῷ
1230 3760 1397 3827 ὄντως
1430 3765 1782 3838 παραστατεῖν
1833 3758 1921 3813 τὲ-

269 3857 447 3927 ταξαι·
482 3851 568 3912 ὅτι
594 3859 691 3910 τοῦ
721 3854 946 3927 οἶκιίου,
978 3854 1008 3909 ’ὁ
1040 3875 1189 3931 φασι,
1223 3850 1390 3930 λόγου
1432 3851 1724 3929 τυγχάνεις
1776 3848 1923 3926 παρὰ

268 3950 352 4017 τῷ
379 3949 519 4017 Θεῷ’
553 3939 636 4000 ὅτι
667 3943 859 4019 ἀρετὰς
890 3941 1207 4018 ἂπηγγείλω
1237 3941 1520 4005 παντοίας.

348 4047 452 4107 σε’.
511 4055 814 4126 Χρεωστεῖς
859 4049 948 4104 καὶ
1001 4049 1238 4123 μάλιστα
1267 4048 1351 4118 σὺ,
1411 4047 1456 4104 ὦ
1513 4044 1920 4124 μεγαλοπρεπὲ-

280 4161 461 4197 στατε.
510 4141 603 4209 Μὴ
650 4138 831 4194 τοίνυν
883 4133 1197 4194 ἀναϐάλλου
1246 4139 1346 4208 τὴν
1394 4145 1495 4208 τῆς
1532 4137 1759 4217 ὀφειλῆς
1791 4131 1929 4191 ἔκτι-

279 4251 385 4286 σιν.
441 4225 623 4299 Ηῦξω,
671 4228 761 4283 καὶ
828 4224 1052 4289 ἀπόδος.
1107 4228 1294 4296 Εἷπας,
1345 4228 1434 4282 καὶ
1480 4227 1730 4296 ποίησον.
1777 4224 1927 4279 ’Υπέ-

279 4338 446 4394 σχου,
490 4318 582 4373 καὶ
610 4315 1061 4394 πληροφόρησον.
1093 4320 1334 4372 Σπεῦσον
1397 4318 1472 4390 μή
1505 4315 1796 4390 ψεύσασθαι
1851 4319 1932 4386 τῷ

284 4412 426 4479 Qui,
451 4407 511 4461 ’ὸν
560 4404 661 4460 οὐκ
696 4404 807 4460 ἐστι
858 4401 1156 4468 διαλαθεῖν.
1208 4405 1379 4479 Ζυγὸς
1436 4403 1657 4474 ἐπετέθη
1695 4423 1800 4459 σοι·
1856 4404 1932 4477 μὴ

286 4497 378 4551 οὗν
411 4496 570 4570 γίνου
597 4490 1123 4569 σκληροτράχηλος.
1159 4491 1330 4570 Βαρὺς
1364 4494 1459 4567 μὶν
1485 4493 1587 4571 γὰρ
1635 4491 1733 4559 ὢν,
1781 4512 1937 4548 κατα-

282 4584 466 4661 τρίψει
502 4603 560 4638 σε
588 4582 666 4647 εἰς
699 4583 913 4657 βαθεῖαν
955 4579 1201 4657 πληγήν·
1260 4582 1493 4660 ἐλαφρὸς
1551 4580 1608 4637 δὲ
1665 4581 1938 4655 ἐπικείμε-

286 4695 401 4745 νος,
451 4672 543 4728 καὶ
576 4670 720 4726 οὕτω
759 4670 1004 4745 χρηστὸς
1059 4668 1331 4746 ἐπελέγξει
1374 4672 1437 4725 τὸ
1484 4670 1536 4725 ἐν
1588 4672 1671 4726 σοὶ
1721 4667 1936 4743 ἀδάμα-

292 4782 418 4817 στον
453 4801 466 4819 .
534 4758 608 4814 Οὗ
657 4758 806 4814 ἔνεκα
860 4759 951 4813 καὶ
998 4759 1224 4832 κὲντρου
1283 4755 1524 4833 δεηθήσῃ
1566 4758 1654 4813 καὶ
1706 4756 1942 4834 ἑτεροίας

290 4851 608 4910 κακώσεως.
661 4847 846 4921 Φύλαξ
898 4844 1152 4920 ἀμπέλου
1184 4846 1421 4923 ἐτάχθης
1455 4846 1833 4923 εὖλογημὲνης
1890 4845 1941 4901 ἐν

289 4939 373 5013 τῷ
407 4942 581 5013 καιρῴ
612 4944 711 5007 τῆς
755 4941 976 5012 κουρᾶς
1026 4937 1304 5012 παράμενε
1351 4934 1465 5004 οὖν,
1515 4933 1799 5013 φυλάττων
1852 4936 1944 4989 τὸν

294 5027 638 5103 ἀμπελῶνα,
693 5028 780 5081 καὶ
825 5028 925 5095 τὴν
979 5025 1244 5101 ἀνάλογον
1308 5022 1729 5099 μισθαποδοσίαν
1779 5026 1944 5079 ἀπεκο

299 5116 627 5192 δεχόμενος.
683 5112 932 5170 Μάλιστα
992 5114 1085 5188 μὲν
1147 5114 1237 5169 οὗν
1297 5112 1374 5175 εἷς
1424 5110 1671 5187 ἄμπελον
1714 5112 1949 5186 ἐμυστη-

303 5206 534 5282 ριάσθης
568 5246 582 5273 ,
641 5205 1046 5283 πεφυτευμένην
1106 5203 1208 5257 ὑπὸ
1263 5209 1365 5272 τῆς
1422 5199 1594 5274 δεξιᾶς
1650 5206 1747 5256 τοῦ
1804 5202 1951 5275 Ὑψί-

2035 3233 2247 3289 scende
2268 3237 2323 3287 et
2353 3247 2699 3286 conversare
2729 3232 2883 3302 apud
2919 3249 3026 3288 nos
3056 3234 3455 3291 homines.Sin
3486 3236 3677 3307 aliter,

2026 3321 2194 3387 vade,
2221 3338 2253 3375 ο
2278 3319 2529 3392 pessime
2561 3319 2924 3387 mortalium,
2959 3339 3028 3375 ne
3050 3324 3194 3377 forte
3226 3324 3511 3380 Dominus
3551 3344 3677 3381 om-

2032 3409 2191 3464 nium
2223 3410 2543 3479 fugientem
2578 3414 2632 3463 te
2662 3415 3031 3479 persecutus,
3091 3430 3256 3482 paena
3303 3413 3522 3469 afficiet
3570 3432 3672 3472 eos

2028 3498 2127 3569 qui
2160 3503 2215 3553 te
2236 3497 2692 3552 absconderunt.
2726 3499 2924 3569 Cogita
2956 3504 3011 3553 te
3044 3515 3171 3555 esse
3192 3501 3467 3573 angelum
3501 3503 3677 3577 lueis,

2032 3586 2349 3657 licetnigra
2377 3590 2539 3641 veste
2569 3586 2835 3654 indutus,
2872 3592 2923 3642 te
2975 3588 3316 3645 adiuturum
3377 3590 3493 3648 luci
3533 3609 3678 3648 verte

2029 3676 2435 3747 spopondisse,
2471 3678 2525 3729 te
2547 3674 2699 3745 apud
2734 3679 2912 3730 Deum
2945 3692 3043 3732 ore
3072 3681 3173 3734 tuo
3195 3679 3682 3750 judicandum,ut

2030 3765 2214 3829 aiunt,
2244 3764 2341 3836 qui
2365 3763 2609 3818 virtutes
2639 3762 2833 3820 omnis
2863 3766 3096 3836 generis
3127 3768 3470 3839 promisisti.

2100 4051 2227 4105 202.
2254 4050 2341 4105 Tu
2375 4049 2430 4104 in
2465 4047 2672 4121 primis
2702 4049 2931 4106 debitor
2960 4067 3264 4127 es,magne
3297 4059 3680 4132 monache,ne

2034 4142 2269 4196 differas
2299 4140 2480 4211 igitur
2513 4138 2693 4193 debiti
2723 4142 3095 4197 solutionem.
3122 4146 3469 4215 Promisisti,
3501 4150 3679 4209 solve.

2041 4228 2266 4298 Dixisti,
2301 4244 2428 4301 age.
2461 4228 2863 4300 Spopondisti,
2911 4230 3190 4304 adimple.
3253 4238 3398 4292 Cave
3439 4254 3510 4294 ne
3572 4242 3683 4298 Deo

2041 4318 2366 4386 mentiaris,
2400 4333 2573 4388 quem
2601 4317 2855 4388 effugere
2885 4316 3255 4391 impossibile
3298 4330 3412 4384 est.
3466 4326 3685 4399 Jugum

2040 4408 2146 4466 tibi
2178 4406 2523 4478 impositum
2556 4409 2666 4473 est,
2696 4405 2814 4461 noli
2849 4406 3002 4462 ultra
3024 4408 3348 4468 calcitrare.
3386 4415 3515 4485 Ipso
3554 4433 3689 4489 gra-

2043 4500 2191 4556 viter
2219 4497 2358 4562 leto,
2394 4496 2749 4567 profundum
2777 4496 2991 4551 vulnus
3023 4499 3312 4571 accipies;
3348 4502 3550 4560 leviter
3590 4522 3691 4562 αα-

2052 4594 2190 4655 tem,
2223 4590 2282 4640 et
2305 4585 2590 4655 jucunde,
2622 4583 2681 4638 in
2713 4589 2915 4656 aperto
2946 4586 3057 4642 erit
3077 4591 3131 4643 te
3161 4588 3515 4648 indomitum
3573 4611 3691 4651 non

2051 4692 2200 4732 esse.
2226 4674 2310 4729 Ob
2344 4674 2398 4727 id
2434 4689 2582 4744 opus
2611 4672 2970 4741 eritaculeo,
3003 4679 3060 4729 et
3090 4675 3203 4731 alia
3254 4695 3443 4749 pinna.
3481 4683 3694 4741 Custos

2051 4765 2230 4819 vinem
2258 4761 2573 4817 benedicta:
2597 4777 2658 4815 es
2689 4762 3119 4817 constitutusin
3144 4768 3247 4821 tua
3276 4771 3516 4826 tonsura
3540 4786 3553 4826 :
3576 4788 3704 4844 per.

2054 4869 2255 4909 severa
2285 4866 2421 4921 ergo
2450 4848 2707 4904 vinetum
2741 4849 3105 4918 custodiens,
3133 4856 3191 4908 et
3219 4853 3456 4927 dignam
3489 4874 3706 4917 meroe-

2056 4943 2187 4997 dem
2222 4937 2500 4994 invenies.
2539 4938 2605 4992 Et
2638 4938 2959 5008 praesertim
2993 4949 3370 4999 consecratus
3401 4962 3463 5001 es
3507 4947 3566 5003 in
3619 4949 3705 5004 vi-

2061 5046 2231 5086 neam
2267 5029 2504 5082 dextera
2534 5026 2755 5081 Excelsi
2790 5026 3051 5099 insitam,
3086 5032 3254 5101 cujus
3286 5035 3432 5089 rami
3466 5042 3524 5091 et
3570 5053 3706 5093 um-

2060 5120 2165 5174 bra
2196 5134 2230 5172 a
2252 5114 2569 5170 Psalmista
2600 5113 2924 5186 plurimum
2944 5116 3279 5174 laudantur.
3303 5124 3560 5179 Remane
3590 5124 3705 5197 igi—

2063 5216 2162 5264 tur
2191 5204 2690 5277 quemadmodum
2724 5202 2849 5259 vult
2870 5205 2967 5275 qui
3001 5211 3056 5260 te
3080 5206 3401 5279 plantavit;
3433 5213 3508 5268 da
3538 5212 3710 5269 ﬂores

304 5315 456 5351 στου·
517 5294 585 5363 ἧς
640 5294 730 5347 καὶ
788 5293 842 5347 u't
902 5286 1288 5363 ἁναδενδράδες
1325 5290 1416 5345 καὶ
1449 5290 1635 5360 ἡσκιὰ
1691 5288 1742 5344 ἐν
1804 5288 1955 5365 λόγῳ

302 5381 468 5456 καλῷ
495 5388 700 5438 κεῖνται
755 5381 904 5457 παρὰ
948 5384 1029 5453 τῷ
1087 5377 1413 5452 Ψαλμῳδῷ.
1455 5379 1595 5435 Μένε
1620 5378 1825 5447 τοίνυν,
1879 5378 1957 5440 ὡς

303 5473 333 5528 ὁ
374 5472 641 5550 φυτεύσας
699 5469 895 5540 ἐθέλει,
944 5468 1034 5524 καὶ
1085 5467 1274 5537 θάλλε,
1323 5468 1412 5524 καὶ
1458 5467 1819 5547 καρποφόρα,
1877 5464 1960 5522 δε-

305 5558 442 5625 διὼς
470 5561 534 5617 τὸ
563 5564 695 5637 πῦρ,
744 5559 822 5622 εἷς
873 5558 903 5614 ’ὁ
961 5556 1322 5635 εὑαγγελικῶς
1386 5555 1685 5634 βάλλονται
1735 5557 1804 5612 τὰ
1861 5564 1960 5627 τῆς

306 5649 457 5714 θείας
515 5642 733 5730 φυτείας
782 5642 1027 5721 ἔκϐλητα
1080 5649 1344 5721 κλήματα
1373 5689 1388 5705 .
1444 5646 1731 5711 Μισθωτὸς
1792 5645 1962 5724 ἐτάξω

631 5781 898 5848 Panos.
944 5780 1055 5846 Gs.
1100 5776 1394 5848 CXXXV.

2065 5304 2122 5353 et
2155 5298 2410 5358 fructus;
2437 5291 2627 5365 ignem
2661 5293 2803 5347 time
2826 5293 2881 5346 in
2898 5310 3065 5363 quem
3103 5295 3340 5354 inutiles
3371 5301 3713 5357 ramivinem

2071 5383 2401 5446 Dominicis,
2452 5380 2777 5435 secundum
2842 5381 3242 5452 Evangelium,
3299 5388 3709 5459 projiciuntur.

2071 5473 2393 5529 Mercedem
2426 5487 2458 5523 a
2480 5485 2690 5540 magno
2722 5468 3152 5528 Patrefamillas
3175 5476 3431 5547 recipere
3450 5478 3713 5551 voluisti,

2069 5562 2252 5636 igitur
2276 5558 2479 5614 labora
2510 5573 2761 5629 semper.
2797 5559 3123 5616 Producere
3141 5564 3457 5633 prandium
3492 5585 3608 5624 non
3639 5569 3715 5624 li-

2073 5656 2261 5724 cet,ne
2289 5647 2515 5704 otiosus
2534 5651 2797 5722 tempore
2829 5646 3127 5707 servitutis
3148 5656 3719 5718 remaneas.Cmnare

3320 5783 3400 5851 29
