4104 6210
363 350 479 413 907

1134 326 1557 397 EUSTATHII
1600 313 2368 388 THESSALONICENSIS
2413 305 2996 376 METROPOLITE

365 488 528 545 extra
559 480 823 548 modum,
855 475 928 532 ad
960 470 1318 546 gravandum
1352 480 1564 537 corpus
1586 477 1700 517 non
1724 457 2012 522 debes,ne
2045 491 2053 518 Α

2166 449 2254 503 έναι
2315 445 2560 522 μεγάλου
2615 441 3058 502 Οἰκοδεσπότουο
3120 436 3353 514 ἐργάζου
3406 430 3587 488 τοίνυν
3649 429 3778 486 ἀεί.

2178 536 2191 548 .
2265 535 2288 548 .,
2561 532 2586 548 κ
2741 539 2764 548 -
2840 530 2854 548 .
2905 532 2919 548 κ
3104 528 3143 548 ,t
3251 521 3342 548 σν--
3392 522 3458 548 --Α
3497 522 3778 548 --....--.τ-

367 575 622 634 crassior
651 586 799 644 opus
831 563 1112 637 negligas.
1154 559 1348 629 Neque
1406 571 1507 628 per
1544 557 1725 607 totam
1781 549 2009 602 noctem

372 664 628 722 dormire
651 661 737 717 ias
765 657 1116 728 est,propter
1145 661 1518 706 communem
1549 639 1854 697 inimicum
1887 650 2011 689 me-

282 781 293 791 ί
375 756 694 822 ridianum,
726 749 824 819 qui
861 759 1049 816 neque
1067 743 1233 796 nocte
1269 735 1428 792 novit
1475 729 1763 788 inducias.
1815 726 2014 780 Abun-

379 846 478 901 dat
507 814 926 909 enim'sagittis
953 814 1288 887 volantibus
1309 826 1369 880 in
1401 823 1515 888 die,
1549 824 1606 876 et
1627 814 1876 890 negotiis
1920 827 2017 883 pe-

379 928 854 992 rambulantibus
876 924 932 978 in
955 915 1347 976 tenebris.llle
1369 911 1592 968 malum
1621 921 1854 978 semper
1883 918 2020 974 ope-

379 1028 561 1088 ratur,
583 1024 639 1075 te
669 1029 900 1087 semper
916 1027 1044 1068 esse
1075 1006 1337 1064 sobrium
1370 1015 1606 1057 necesse
1636 1000 1744 1052 est.

449 1374 576 1432 203.
609 1370 742 1428 Scio
771 1365 1068 1438 equidem,
1103 1375 1237 1416 cum
1269 1357 1382 1414 ista
1413 1371 1446 1410 a
1477 1366 1569 1407 me
1601 1347 1791 1417 audis,
1824 1348 1879 1400 te
1908 1340 2028 1415 pati

388 1465 650 1541 pessima
693 1454 990 1523 arbitrari,
1020 1432 1077 1509 et
1121 1445 1446 1522 ignominia
1488 1438 1663 1502 afﬁci,
1715 1434 1836 1508 qui,
1867 1432 2029 1488 visus

392 1523 670 1628 magister
699 1562 850 1612 esse,
885 1544 957 1600 ab
988 1541 1121 1598 aliis
1164 1554 1289 1609 qua:
1341 1531 1566 1605 agenda
1623 1525 1739 1582 sint
1782 1523 2028 1579 doceris.

390 1611 736 1718 Egdautem
770 1647 1072 1705 nunquam
1099 1633 1373 1690 tacerem,
1406 1621 1537 1676 licet
1561 1617 1754 1672 furore
1777 1611 2032 1684 percitus

394 1729 787 1808 rumpereris;
821 1742 936 1781 non
970 1721 1140 1777 modo
1167 1718 1223 1772 in
1284 1712 1533 1787 gratiam
1595 1707 1704 1771 tui,
1745 1703 1922 1760 unius
1979 1705 2036 1756 et

396 1799 654 1899 sape-rbi,
685 1823 786 1876 aut
807 1817 1056 1872 duorum
1090 1807 1338 1865 aliorum
1383 1799 1692 1866 similium,
1724 1810 1871 1866 quos
1905 1807 2034 1863 per-
2067 1821 2116 1887 Β

397 1863 466 1886 Du
509 1863 654 1892 νιυι,
685 1863 1056 1876 υιυ--ν--ν-ττν--
1095 1863 1122 1865 _-
1678 1863 1685 1866 '
1740 1863 1758 1866 _

397 1863 600 1974 eung
657 1905 926 1970 dimitto;
982 1899 1082 1956 sed
1135 1910 1314 1951 causa
1366 1888 1726 1960 reliquorum
1791 1882 2037 1937 fratrum

2166 1874 2416 1953 ρθινύθειν
2465 1871 2689 1950 ἀφίημι,
2743 1867 2890 1926 ἀλλὰ
2940 1863 3030 1922 διὰ
3055 1863 3184 1928 τοὺς

397 1972 546 2080 quos
577 2001 716 2057 dum
749 1993 1016 2066 decipere
1046 1987 1155 2056 vis,
1188 1997 1434 2056 regnum
1468 1977 1569 2034 Dei
1603 1972 1930 2048 perturbas.

467 2202 593 2259 204.
625 2197 794 2254 Nunc
824 2197 1046 2254 tamen,
1079 2187 1188 2241 hoc
1221 2198 1337 2238 uno
1379 2178 1576 2234 addito
1601 2173 1863 2244 exemplo
1913 2169 2043 2224 laeto

399 2304 456 2354 et
486 2295 693 2350 idoneo
720 2289 790 2344 ad
850 2282 1204 2343 docendum,
1265 2273 1501 2328 finietur
1549 2267 1757 2324 oratio.
1826 2261 2044 2335 Scytha:

401 2385 542 2442 olim
574 2378 787 2437 Graecis
828 2370 1026 2429 infesti
1076 2366 1286 2423 acriter
1340 2362 1400 2416 in
1460 2376 1555 2414 eos
1594 2353 2044 2426 impressionem

406 2440 696 2530 faciebant
741 2481 866 2537 quae
962 2474 1110 2530 aegre
1187 2451 1607 2510 sustinebatur.
1690 2443 1873 2515 lgitur
1945 2440 2045 2511 qui

408 2534 790 2630 ltedebantur,
825 2557 951 2608 tum
1009 2551 1073 2602 ut
1132 2539 1455 2616 periculum
1515 2535 1866 2596 amoverent,
1922 2534 2047 2584 tum

407 2661 469 2708 ut
545 2628 764 2706 auxilia
839 2640 1132 2712 pararent,
1195 2630 1468 2687 inducias
1518 2625 1900 2697 paciscuntur
1947 2617 2049 2672 ali-

409 2742 630 2814 quanto
706 2711 992 2801 tempore,
1083 2722 1292 2778 diebus
1346 2732 1494 2788 quas
1547 2711 1856 2780 utriusque
1913 2724 2049 2778 par-

407 2797 488 2885 t-is
533 2797 963 2894 beneplacitum
1057 2807 1378 2882 assignavit
1462 2801 1801 2860 servandas.
1870 2797 2052 2852 Caete-

410 2929 544 2972 rum
599 2908 782 2966 Graeci
841 2900 1141 2960 securitati
1195 2915 1257 2952 se
1316 2894 1625 2954 dederunt,
1668 2886 1946 2942 ﬁduciam
1991 2883 2050 2938 in

411 3003 534 3062 solo
566 2996 800 3056 foederis
820 2989 1198 3066 jurejurando
1229 2982 1612 3046 collocarunt,
1647 2991 1831 3047 neque
1877 2989 2055 3029 excu-

411 3093 540 3149 bias
588 3086 857 3159 egerunt,
918 3095 1108 3150 neque
1166 3073 1420 3130 militum
1491 3084 1649 3122 more
1715 3062 2051 3135 vigilarunt.

409 3155 856 3253 Scythaavautem
891 3170 960 3224 ad
1005 3166 1202 3221 dolum
1267 3158 1629 3227 confugiunt.
1694 3155 2053 3222 Intempesta

413 3285 551 3341 ergo
579 3266 723 3321 hora
753 3259 962 3326 noctis,
998 3272 1113 3311 non
1147 3268 1280 3308 cum
1305 3248 1478 3305 solito
1531 3245 1810 3309 clamore,
1859 3237 2054 3294 subito

413 3351 862 3424 irruentes,i|los
892 3362 1096 3404 secure
1128 3340 1484 3398 dormientes
1506 3333 1923 3389 interfecerunt
1945 3344 2060 3383 non

418 3461 655 3520 paucos.
679 3417 889 3511 Sicque
920 3433 1234 3508 periissent
1265 3426 1373 3484 soli
1397 3427 1736 3498 juramento
1761 3417 2062 3475 conliden-

423 3543 535 3606 tes,
566 3533 682 3590 nisi
709 3530 924 3587 Graecis
956 3524 1193 3581 animus
1219 3517 1524 3576 adfuisset.
1560 3511 1723 3568 Brevi
1754 3509 1911 3565 enim
1935 3523 2062 3580 pro-

429 3625 692 3682 silientes
723 3632 1005 3686 armaque
1034 3612 1369 3674 induentes,
1403 3605 1497 3658 vix
1527 3601 1764 3671 quidem
1798 3596 2062 3669 superio-

417 3731 509 3771 res
541 3712 870 3768 evaserunt.
902 3705 1110 3760 Postea
1137 3715 1270 3755 cum
1298 3693 1538 3768 perjurii
1571 3688 1798 3762 Scythae
1858 3700 2063 3758 argue-

415 3805 640 3871 rentur,
681 3798 740 3853 in
788 3809 1030 3852 causam
1087 3789 1391 3844 adducunt
1446 3777 1856 3837 tantummodo
1913 3775 2061 3839 dies,

413 3889 576 3948 nullo
608 3863 781 3944 modo
797 3888 994 3940 noctes
1024 3875 1384 3934 intellexisse
1415 3871 1848 3936 dicentes,cum
1875 3863 2063 3918 fmdus

413 3981 776 4053 pepigerant.
820 3979 1022 4044 Itaque
1070 3968 1279 4024 diebus
1330 3963 1521 4019 solum
1577 3957 1794 4024 allatis,
1845 3954 2063 4023 injuste

415 4067 655 4142 perjurii
685 4062 949 4121 damnati
972 4051 1439 4126 fuissent,noctis
1459 4055 1718 4120 tempore
1750 4046 2062 4099 irruentes.

486 4353 613 4408 205.
648 4349 793 4407 Huic
825 4346 1078 4404 sermoni
1102 4343 1276 4398 finem
1310 4327 2065 4410 impone,eminentissime;

419 4444 638 4516 quique
697 4441 901 4495 rudem
957 4438 1107 4492 hanc
1152 4430 1462 4488 historiam
1521 4437 1800 4498 generose
1859 4433 2070 4491 provo-

419 4509 588 4596 caati,
648 4545 718 4585 ex
776 4527 878 4582 illa
930 4525 1185 4580 fructum
1241 4516 1494 4590 percipe,
1564 4529 1698 4567 cum
1757 4513 1814 4564 et
1872 4513 1934 4562 tu
2015 4509 2072 4560 et

419 4621 779 4688 fraternitas,
813 4632 939 4688 quis
973 4612 1127 4686 apud
1163 4616 1220 4666 te
1250 4613 1358 4676 est,
1391 4605 1627 4661 dolosos
1673 4601 1871 4655 hostes
1928 4612 2070 4667 quo-

421 4711 566 4767 tidie
583 4685 1218 4765 obsidenteshabeatis.
1260 4699 1419 4754 Licet
1449 4711 1550 4749 vos
1597 4692 1656 4746 in
1689 4689 1782 4744 die
1839 4685 2068 4742 sobrios

423 4816 541 4855 non
597 4797 950 4869 percutiant,
1013 4790 1236 4848 scilicet
1268 4784 1600 4847 visibiliter,
1655 4775 1826 4851 quasi
1882 4774 2070 4830 foedus

426 4890 800 4958 mentientes,
826 4886 925 4941 sed
959 4884 1074 4940 alio
1107 4880 1279 4935 modo
1311 4866 1880 4940 invisibiliter,quasi
1905 4868 2072 4920 nocte

425 4979 719 5032 irruentes
749 4952 1096 5031 mortalibus
1119 4966 1334 5040 jaculis
1361 4963 1646 5035 afﬂigunt.
1677 4959 1760 5012 lta
1793 4960 1855 5010 ut
1908 4952 2072 5008 vobis

429 5083 659 5140 semper
681 5065 757 5120 sit
785 5039 1436 5133 vigilandum,maxime
1457 5045 1914 5105 formidantibus
1945 5039 2070 5097 ani-

427 5174 662 5218 marum
704 5155 1012 5216 latronem,
1073 5143 1469 5202 nescientibus
1528 5155 1647 5210 qua
1705 5141 1846 5190 hora
1905 5131 2071 5187 dolo-

428 5428 841 5498 religiosorum
869 5433 1077 5473 nomen
1139 5411 1511 5468 mentientes.
1571 5409 1854 5458 Caeterum
1910 5399 2076 5453 vobis

436 5492 780 5594 prie‘paratis
806 5516 870 5566 ut
899 5503 1210 5580 prmparati
1243 5500 1410 5566 estis,
1453 5492 1762 5568 vigilantia
1815 5506 1929 5545 non
1989 5493 2080 5544 est

438 5577 784 5663 ievocanda.
813 5598 972 5656 Unde
1002 5577 1270 5665 quamvis
1302 5605 1404 5659 per
1428 5585 1584 5640 diem
1608 5587 1665 5638 et
1696 5583 1923 5636 noctem
1945 5577 2076 5632 dor-

438 5694 690 5751 mientes
719 5703 821 5742 vos
868 5682 1198 5759 percutiant
1247 5674 1540 5733 terribiles
1589 5666 1902 5742 sagittarii,
1963 5681 2080 5722 non

2121 536 2236 595 Οὐκ
2263 535 2373 591 ἔστι
2427 558 2510 591 σοι
2558 532 2791 590 δειπνεῖν
2837 530 2922 586 ἐπὶ
2977 528 3208 604 μακρὸν,
3251 521 3345 580 ἵνα
3389 522 3465 597 μή
3497 522 3780 595 καταργῇς

2120 625 2211 681 τὸν
2242 632 2341 695 τῆς
2368 623 2615 685 δουλείας
2644 620 2855 697 καιρόν.
2888 617 3005 677 Ούκ
3035 615 3278 694 ὀφείλεις
3328 613 3550 689 ἀριστᾷν
3614 607 3781 681 ὑπὲρ·

2129 735 2298 791 μετρα
2326 714 2417 769 καὶ
2467 714 2603 787 πρὸς
2659 694 2848 788 βάρος,
2892 705 2986 762 ἵνα
3037 707 3112 780 μή
3144 701 3418 782 ἓμφορτος
3447 698 3523 754 ὣν
3557 694 3782 771 ἀμελῇς

2124 808 2222 858 τοῦ
2247 800 2429 879 ἔργου.
2463 803 2578 862 Οὐκ
2629 796 2770 856 ἔστιν
2811 795 2936 854 οὐδὲ
2992 793 3312 850 ὁλονύκτιον
3367 786 3785 846 ἀναπαύσασθαί

2127 913 2186 947 σε
2215 876 2305 947 διά
2324 876 2420 948 τὸν
2455 885 2814 966 μεσεμϐρινὸν
2857 887 3042 943 κοινὸν
3071 883 3286 961 ἐχθρὸν,
3319 881 3378 943 ’ὸς
3407 876 3539 934 οὐδὲ
3564 876 3787 950 νύκτωρ

2131 980 2401 1039 σπέδεται.
2436 965 2677 1037 Πλουτεῖγ
2698 979 2820 1056 γὰρ,
2855 977 3034 1050 ὥσπερ
3071 973 3251 1050 βέλεσι
3281 967 3612 1042 πετομένοις
3637 965 3790 1039 ἠμέ-

2135 1093 2252 1148 ρας,
2285 1070 2427 1127 οὕτω
2456 1069 2544 1126 καὶ
2575 1070 2888 1145 πράγμασιν
2934 1065 2985 1121 έν
3041 1063 3219 1119 σκότει
3271 1056 3786 1133 διαπορευομένοις.

2135 1160 2249 1217 Ἀεὶ
2280 1161 2381 1230 τήν
2410 1159 2676 1234 πονηρίαν
2708 1156 2911 1218 ἐκεῖνος
2943 1151 3239 1232 ἰργάζεται·
3271 1149 3354 1208 ἀεὶ
3382 1147 3474 1204 καὶ
3507 1147 3566 1201 σὶ
3590 1147 3788 1223 νήφειν

2134 1247 2338 1323 ἀνάγκη
2349 1291 2362 1305 .

2210 1322 2305 1414 ογ.
2352 1336 2458 1392 Καὶ
2509 1334 2630 1391 οἶδα
2685 1334 2821 1409 μὶν,
2881 1331 2965 1388 ὅτι
3015 1334 3184 1388 ταῦτα
3240 1327 3294 1399 ἐξ
3345 1330 3510 1400 ἡμῶν
3569 1322 3794 1379 ἀκούων

2141 1424 2285 1483 δεινὰ
2313 1424 2493 1488 δοκεῖς
2531 1426 2786 1499 πάσχειν,
2839 1422 2914 1485 ὡς
2970 1418 3348 1494 έτιμούμενος·
3410 1415 3462 1471 εἷ’
3511 1435 3575 1491 γε
3631 1409 3796 1468 διδά-

2143 1515 2347 1578 σκαλος
2403 1516 2536 1571 εἶναι
2593 1498 2766 1569 δοκῶν
2795 1557 2810 1581 ,
2867 1510 2981 1566 εἶτα
3034 1508 3163 1584 παρ’
3216 1507 3410 1581 ἑτέρων
3457 1503 3702 1568 ἀκούεις,
3767 1498 3804 1555 ἃ

2141 1605 2418 1678 ποιητέον.
2451 1605 2595 1679 Ἐγὼ
2628 1600 2685 1658 δὲ
2715 1600 2814 1660 ούκ
2851 1599 2912 1659 ἂν
2945 1619 3076 1654 ποτε
3124 1597 3517 1667 σιωπήσωμαι,
3589 1590 3640 1646 εἰ
3698 1589 3803 1645 καὶ

2145 1694 2491 1773 διαρραγείης
2546 1691 2909 1766 θυμούμενος·
2967 1689 3055 1744 καὶ
3117 1686 3180 1744 ού
3227 1687 3483 1741 τοσοῦτον
3545 1679 3639 1736 διᾶ
3688 1681 3755 1734 οὶ
3789 1721 3808 1748 ,

2145 1768 2378 1855 τὸνγέναι,
2435 1784 2528 1840 τὸν
2581 1779 2818 1856 ὑψηλὸν,
2878 1781 2914 1850 ἢ
2964 1775 3054 1833 διὰ
3093 1775 3220 1838 τοὺς
3269 1772 3496 1847 ὁμοίους
3527 1769 3649 1839 δύο,
3703 1768 3811 1832 οὖς

3239 1859 3468 1924 λοιποὺς
3501 1856 3817 1934 ἀδελφοὺς,

2150 1964 2242 2027 οὕς
2271 1945 2569 2040 φενακίζειν
2603 1957 2826 2027 ἐθέλων,
2856 1958 2918 2012 τὸ
2947 1959 3046 2012 τοῦ
3077 1957 3210 2011 Θεοῦ
3250 1949 3622 2027 διαταράττεις
3653 1945 3816 2002 οὕτω

2148 2051 2258 2109 πολ
2269 2051 2374 2108 ίτευ
2383 2072 2476 2125 μα.

2224 2159 2320 2216 σδ’.
2353 2164 2439 2232 Τῷ
2495 2159 2615 2222 τὲος
2674 2157 2876 2230 μέντοι,
2935 2152 3110 2210 έκεῖνο
3147 2150 3238 2206 καὶ
3287 2149 3450 2222 μόνον
3492 2142 3820 2219 ἐπενεγκὼν

2153 2253 2228 2314 εἷς
2260 2251 2530 2328 ἀφήγησιν
2577 2243 2934 2305 παιδευτικῶς
2976 2241 3189 2316 ἱλαρὰν,
3245 2237 3616 2309 πεπαύσομαι.
3667 2232 3830 2290 Σκύο

2155 2351 2243 2404 θαι
2474 2336 2606 2391 ποτὶ
2654 2331 2906 2407 ἀνδράσιν
2967 2315 3235 2398 Ἕλλησιν
3291 2324 3616 2396 ἐπιθέμενοι,
3679 2315 3833 2374 Eeti-

2156 2450 2316 2504 ρυναν
2346 2427 2438 2482 τὸν
2468 2426 2551 2481 ἐπ’
2583 2423 2764 2484 αὐτοῖς
2793 2421 3061 2492 πόλεμον,
3083 2417 3174 2472 καὶ
3203 2418 3337 2485 ἦσαν
3373 2413 3433 2468 ού
3467 2412 3592 2489 ῥᾷον
3627 2431 3834 2486 φορη-

2154 2499 2262 2573 τοί.
2323 2516 2532 2575 Οὐκοῦν
2591 2515 2644 2568 οἱ
2707 2509 3079 2588 βλαπτόμενοι
3135 2507 3199 2560 τὸ
3247 2506 3341 2578 μέν
3366 2523 3451 2558 τοι
3505 2499 3831 2574 ἀναωχήν

2158 2602 2466 2678 τοῦξδεινοῦ
2508 2599 3044 2676 πραγματευόμενοι,
3091 2595 3155 2649 τὸ
3193 2592 3252 2648 δὲ
3280 2593 3367 2647 καὶ
3396 2593 3655 2657 ωσκευὴν
3684 2587 3836 2643 ἐπι-

2159 2677 2383 2771 κουρίας
2427 2691 2787 2767 τεχνώμενοι,
2839 2682 3152 2741 σπένδονται
3197 2685 3458 2759 καιρικῶς
3518 2679 3601 2734 ἐπὶ
3663 2677 3840 2750 ὴμέ-

2162 2765 2279 2861 ραις
2341 2765 2588 2844 δσαςντὸ
2641 2779 2695 2834 ἐν
2753 2776 3024 2851 ἑκατέροις
3079 2773 3302 2848 ἀρέσκον
3360 2769 3601 2846 ἐκύρωσε
3633 2811 3646 2824 .
3711 2765 3839 2821 Καὶ

2158 2854 2255 2929 τοῦ
2299 2871 2498 2928 λοιποῦ
2545 2868 2806 2938 ἐκάθηντο
2856 2866 2918 2920 τὸ
2961 2861 3289 2933 Ἑλληνικὸν
3345 2854 3684 2935 ἀφρόντιδες,
3724 2877 3841 2910 πι-

2162 2961 2472 3022 στεύσαντες
2500 2956 2720 3019 ἑαυτοὺς
2755 2950 2942 3030 μόνοις
2980 2957 3098 3014 τοῖς
3130 2946 3339 3025 ὅρκοις,
3401 2945 3524 3002 οὔτε
3565 2947 3843 3024 φύλακας

2161 3051 2604 3128 προσιστάμενοι,
2659 3042 2784 3102 ούδὶ
2843 3045 2952 3116 μὴν
3009 3042 3385 3118 στρατηγικῶς
3427 3030 3841 3113 ἐγρηγορότες.

2165 3122 2231 3199 Οηί
2259 3137 2317 3195 δὲ
2385 3122 2581 3193 Σκύθαι
2639 3167 2709 3178 -ο
2765 3131 2891 3188 ἀλλ’
2948 3130 3144 3192 αότοὺς
3201 3126 3494 3203 ὑπέρχεται
3550 3122 3846 3195 ἐπιθυμία

2171 3227 2360 3285 δόλουο
2413 3226 2510 3281 Καὶ
2557 3223 2695 3301 ἀωρὶ
2744 3221 2933 3282 νυκτὸς
2962 3218 3179 3298 αἶ’φνης,
3235 3215 3326 3272 καὶ
3385 3211 3513 3270 οὐδὲ
3559 3212 3650 3284 ξὺν
3713 3212 3846 3288 βοῇ

2167 3323 2238 3393 τῇ
2297 3318 2533 3388 συνήθει,
2581 3310 2990 3371 έπεισπτσόντες
3021 3352 3035 3376 ,
3077 3305 3193 3362 ἐπεὶ
3265 3305 3567 3377 ἐκοιμῶντο
3616 3300 3844 3357 ἐκεῖνοι

2173 3391 2496 3486 ἀφύλακτοι,
2529 3401 2828 3475 κατέκοψαν
2858 3399 2959 3455 ούκ
2988 3395 3252 3486 Δὀλίγους·
3283 3394 3375 3450 καὶ
3431 3394 3493 3448 ἂν
3524 3391 3851 3447 ἀπώλοντο

2173 3479 2231 3554 οἱ·
2258 3496 2409 3571 μόνῳ
2437 3491 2828 3568 τεθαρρηκότες
2856 3492 2937 3561 τῷ
2968 3482 3139 3564 ὅρκῳ,
3173 3484 3216 3540 εἰ
3253 3485 3329 3558 μὴ
3373 3483 3436 3538 τὸ
3491 3479 3850 3549 Ἑλληνικὸν

2174 3568 2424 3662 ἀνδρικὸν
2473 3581 2763 3658 ἀντέπραξε
2806 3582 2887 3651 τῷ
2937 3577 3168 3649 θανάτῳ.
3219 3572 3372 3649 Ταχὺ
3401 3572 3505 3647 γὰρ
3543 3568 3854 3642 έκθορῶν-

2171 3697 2287 3744 τες,
2335 3673 2425 3729 καὶ
2478 3668 2904 3745 στεγανώσαντες
2954 3663 3177 3727 ἑαυτοὺς
3223 3659 3592 3728 πανοπλίαις,
3655 3657 3852 3733 μόγις

2178 3766 2272 3839 μὲν
2304 3797 2370 3806 --
2401 3759 2772 3838 περιεγένοντο
2804 3754 2850 3812 δ’
2908 3755 3022 3811 οὗν.
3079 3755 3169 3816 Ὡς
3212 3749 3276 3839 δέ
3310 3751 3423 3825 μεθ’
3452 3748 3660 3822 ἡμέραν
3693 3747 3856 3816 ἡλί-

2175 3836 2365 3909 σκοντο
2405 3836 2688 3927 ἐπιορκίας
2720 3848 2772 3902 οἱ
2823 3844 3046 3916 Σκύθαι,
3087 3836 3495 3920 προϐάλλονται
3528 3837 3606 3898 εἰς
3660 3857 3854 3907 συνη-

2172 3941 2357 4018 γορίαν
2407 3942 2506 4010 τὴν
2535 3924 2862 4010 ⁷καταμόνας
2913 3934 3143 4008 ἡμέραν,
3195 3931 3272 4004 μὴ
3319 3928 3448 4004 οὐχὶ
3495 3925 3581 3981 καὶ
3633 3924 3859 3988 νύκτας

2176 4011 2406 4110 φάμενοι
2438 4024 2838 4096 συνθέσθαι,ὅτε
2866 4023 2960 4085 τὰς
2986 4018 3222 4083 σπονδὰς
3249 4017 3504 4074 ἐτίθεντοο
3537 4011 3624 4068 διὸ
3658 4014 3859 4086 μόνας

2174 4101 2385 4196 ’ἡμέρας
2430 4114 2896 4193 ἐκπεφωνηκότες,
2947 4112 3049 4168 ούκ
3073 4109 3136 4167 ἂν
3170 4107 3398 4173 δικαίως
3425 4101 3860 4181 παρασπονδεῖν

2175 4210 2447 4287 κρίνοιντο
2477 4207 2669 4269 νυκτὸς
2694 4203 3016 4276 έαιθέμενοι.

2250 4318 2340 4376 σε’.
2370 4315 2581 4390 Κάτεχε
2626 4311 2717 4368 καὶ
2771 4311 2866 4366 τὸν
2913 4306 3076 4383 λόγον
3123 4308 3341 4375 τοῦτον,
3485 4298 3684 4374 ὑψηλέο
3746 4299 3859 4361 καὶ

2176 4408 2275 4476 τήν
2329 4385 2564 4481 ἀγριάδα
2593 4398 2832 4475 ἱστορίαν
2893 4397 3128 4471 εὐγενῶς
3181 4388 3542 4469 ἐγκεντρίσας,
3596 4385 3862 4459 κάρπω-

2181 4518 2265 4551 σαι
2315 4493 2405 4550 καὶ
2463 4491 2531 4548 δι’
2589 4491 2779 4558 αὐτῆς,
2839 4487 2913 4549 ὡς
2961 4485 3104 4540 οὕτω
3151 4481 3243 4541 καὶ
3290 4480 3355 4535 σὺ
3400 4477 3490 4534 καὶ
3537 4478 3571 4545 ἡ
3604 4475 3757 4530 κατᾶ
3793 4476 3863 4530 οὶ

2183 4583 2491 4662 ἀδελφότης
2540 4578 2767 4640 δολίους
2796 4572 3102 4648 πολεμίους
3138 4567 3330 4642 κύκλῳ
3359 4563 3865 4642 περικαθημένους

2179 4650 2352 4750 ἔχετε·
2386 4650 2564 4726 οἳτκὲὶν
2593 4667 2646 4723 ἐν
2678 4668 2860 4742 ἡμέρᾳ
2889 4664 3162 4742 νήφοντας
3211 4659 3351 4732 ὑμᾶς
3404 4655 3465 4712 οὐ
3521 4650 3857 4731 βάλλωσιν,

2181 4743 2530 4841 ἑξέμφανοῦς
2577 4753 2816 4828 δηλαδὴ,
2879 4753 2952 4815 ὡς
3003 4752 3103 4841 οἷα
3153 4747 3499 4827 σοφιζόμενοι
3527 4743 3634 4811 τὴν
3669 4763 3859 4798 σπον-

2183 4830 2304 4925 δῆν,
2337 4830 2482 4906 ἀλλὰ
2538 4848 2742 4924 τρόπον
2784 4841 2954 4900 ἄλλον
2989 4840 3234 4918 ἀφανῶς,
3285 4835 3378 4892 καὶ
3434 4833 3509 4895 ὡς
3566 4830 3623 4886 ἐν
3685 4832 3861 4888 νυκτί

2183 4920 2486 5012 ἐπιθέμενοι
2523 4984 2538 5008 ,
2575 4920 2833 5009 καιρίαις
2888 4930 3179 5008 ἀλγυνοῦσι
3243 4923 3434 5001 βολαῖς
3464 4964 3477 4977 .
3533 4921 3702 4975 ’Ὥστε
3765 4920 3858 4975 ἀεὶ

2183 5005 2535 5106 ἐγρηγορέναι
2589 5005 2727 5098 ὑμάς
2779 5021 2915 5099 χρὴ,
2976 5005 3067 5074 Ἶδτι
3105 5014 3352 5106 μάλιστα,
3393 5005 3860 5106 εὐλαϐουμένους

2180 5095 2272 5175 rev
2299 5095 2698 5193 ’ψυγοκλέπτην
2754 5095 3112 5188 ἀγνοούμενον
3154 5102 3288 5175 ποίᾳ
3315 5097 3432 5178 ὥρᾳ
3460 5096 3649 5159 δόλιος
3711 5095 3859 5154 lato-

2185 5187 2453 5264 λεύσεται.
2523 5187 2891 5274 Ποιήσετεδὲ
2939 5195 3090 5268 αὐτὸ,
3150 5192 3288 5269 πρὸς
3333 5191 3458 5264 ὑμῖν
3510 5187 3701 5247 αὐτοῖς
3751 5187 3864 5259 μι-

2183 5318 2388 5365 νοντες,
2423 5293 2498 5350 ἔτι
2559 5290 2616 5348 δὲ
2661 5291 2750 5346 καὶ
2805 5284 3190 5362 ύπομένοντές,
3239 5279 3328 5337 καὶ
3359 5277 3506 5333 οὕτω
3542 5276 3684 5350 μήτε
3741 5277 3862 5346 τήν

2191 5362 2387 5464 μονὴν,
2425 5387 2563 5459 μήτε
2595 5383 2657 5438 τὸ
2694 5379 2992 5456 μοναχικὸν
3026 5371 3201 5447 ὄνομα
3229 5367 3575 5446 ψευδόμενοι.
3607 5362 3860 5426 ’Ἄλλως

2189 5452 2246 5534 δέ
2274 5452 2335 5554 γε
2365 5452 2750 5545 διακειμένοις,
2914 5470 3006 5522 νῦν
3032 5461 3322 5533 διάκεισθε,
3355 5457 3453 5513 ούκ
3507 5452 3656 5510 ἔστιν
3711 5453 3864 5525 ύμῖν

2190 5541 2378 5624 ἐνιδεῖν
2408 5541 2755 5640 ἰγρήγορσιν.
2805 5559 2966 5621 ’Όθεν
3009 5554 3084 5616 ὡς
3109 5551 3239 5640 μεθ’
3268 5546 3477 5623 ἡμέραν
3529 5544 3621 5600 καὶ
3675 5541 3862 5598 νύκτα

2189 5661 2360 5715 πᾶσαν
2406 5629 2780 5736 ἀφὐπνοξὶντας
2805 5648 2946 5723 ὑμᾶς
2996 5639 3294 5722 βάλλοντες
3351 5635 3404 5692 οἶ
3464 5632 3632 5690 δεινοὶ
3682 5629 3860 5706 τοξό-
