4104 6210
393 319 505 378 9H

385 539 680 608 Purpureo
712 535 908 588 autem
961 527 1153 583 colore
1211 524 1302 579 hic
1353 522 1726 595 perfunditur
1781 526 1838 574 et
1872 517 2033 574 exhi-

383 626 610 683 laretur
639 621 834 679 vultus
857 622 1028 690 juxta
1074 613 1420 670 benevolum
1477 611 1690 666 mentis
1739 611 2032 665 aﬁ‘ectum.

386 717 493 772 Sed
565 715 717 769 bono
786 710 979 766 animo
1044 705 1146 774 sis,
1216 701 1506 774 siquidem
1577 717 1732 754 nunc
1789 698 2034 754 interro-

390 802 544 878 gasti
572 797 916 872 simpliciter
943 799 1000 851 et
1023 792 1432 848 determinate.

461 921 515 974 3.
555 915 915 984 Theophilus.
976 909 1124 976 Quid
1166 907 1348 980 igitur
1401 906 1547 962 dicis
1577 906 1648 961 ad
1699 906 1847 960 hanc
1894 905 2036 960 sim-

391 1007 603 1080 plicem
631 1002 1011 1075 quaestionem
1033 1000 1061 1054 Ἰ

464 1147 752 1204 Hierocles.
786 1143 934 1210 Quid
967 1141 1124 1199 aliud
1157 1140 1271 1196 nisi
1303 1155 1394 1195 me
1425 1138 1682 1211 negare?
1712 1137 1848 1193 Dico
1881 1136 2036 1192 enim

394 1238 537 1295 nihil
571 1241 672 1293 aut
729 1248 1075 1308 prosperum
1127 1236 1229 1285 aut
1287 1229 1604 1284 infaustum
1664 1227 1856 1282 inesse
1885 1226 2036 1281 voci-

393 1329 524 1384 bus.
583 1325 756 1380 Nulla
831 1323 988 1378 enim
1066 1337 1170 1375 vox
1227 1317 1694 1374 substantialiter
1765 1315 2038 1384 exsistit;

389 1417 636 1473 felicitas
669 1418 864 1471 autem
899 1416 1001 1466 aut
1030 1409 1343 1464 infelicitas
1396 1405 1746 1462 substantiis
1792 1405 2034 1476 quihus-

387 1507 524 1562 dam
555 1503 918 1561 attribuitur.

457 1620 797 1692 Theophilus.
831 1619 1014 1682 Quam
1040 1619 1196 1670 recte
1225 1612 1448 1675 dixisti,
1485 1629 1517 1666 0
1550 1612 1844 1666 Hierocles
1871 1612 1882 1664 ι

455 1737 740 1792 Hierocles.
775 1734 915 1798 Quis
969 1747 1160 1803 porro,
1207 1747 1238 1783 ο
1290 1728 1627 1800 'l‘heOphile.
1690 1727 1792 1781 tihi
1826 1744 2038 1798 scopus

1166 297 1590 366 EUSTATHII
1630 297 1734 358 ΤΗ
1741 295 2088 359 ESSALON
2097 296 2394 361 lCENSlS
2437 299 3016 365 METROPOLITE
3638 317 3739 377 912

457 445 748 505 Hierocles.
803 444 926 499 Non
987 439 1203 503 irrisio,
1252 453 1284 490 0
1338 429 1656 499 Philothee,
1717 429 1872 484 risus
1903 431 2028 485 iste.
2067 444 2118 510 Α

2235 427 2520 503 Ιεροκλῆς.
2567 431 2639 487 Οὐ
2686 433 3023 510 κατάγελως,
3074 437 3119 491 ὦ
3173 435 3406 514 φιλόθεε,
3449 445 3598 497 τοῦτο
3641 464 3740 515 μει-

2146 515 2356 592 δίαμα·
2418 521 2683 599 πορφύρει
2739 521 2796 578 δὲ
2853 524 3039 600 ἱλαρὸν
3099 529 3133 596 ἡ
3196 522 3314 601 ὄψις
3372 528 3581 585 ἐνταῦθα
3631 533 3746 588 κατὰ

2142 611 2328 684 ψυχῆς
2362 608 2543 686 φίλιον
2595 614 2934 688 κατάστημα.
2970 615 3163 692 Θάρρει
3197 613 3272 685 δὲ,
3306 616 3379 680 ὡς
3407 618 3672 692 ἠρώτησας
3694 623 3745 677 τὸ

2147 695 2394 773 δεύτερον
2431 707 2690 776 μοναχῶς
2719 724 2778 757 τε
2808 703 2898 759 καὶ
2930 704 3209 780 ἀσφαλῶς.

2215 904 2282 977 γ’.
2334 903 2622 981 Θεόφιλος.
2678 906 2775 962 Καὶ
2825 907 2879 962 τί
2934 905 3000 978 δὴ
3063 909 3237 986 λέγεις
3283 911 3417 985 πρὸς
3461 911 3520 965 τὸ
3559 911 3749 989 ἀσχιδὶς

2144 995 2305 1046 τοῦτο
2335 992 2523 1065 πύσμα
2555 1013 2569 1064 ;

2218 1132 2526 1207 Ἱεροκλῆς.
2585 1137 2645 1190 Τί
2700 1158 2832 1193 ποτε
2888 1135 3051 1209 ἄλλο,
3109 1138 3145 1208 ἢ
3206 1139 3497 1216 ἀποφάσκω
3551 1161 3564 1212 ;
3617 1142 3751 1216 Φημὶ

2147 1221 2296 1298 γὰρ,
2375 1226 2513 1296 μήτε
2570 1225 2868 1302 εὐτυχίαν,
2929 1231 3068 1300 μήτε
3125 1226 3415 1305 δυστυχίαν
3450 1272 3464 1297 ,
3521 1230 3750 1301 ἐπαληθίο

2150 1314 2326 1380 ζεσοαι
2381 1320 2495 1376 ταῖς
2569 1321 2794 1390 φωναῖς.
2874 1321 3038 1388 Φωνή
3103 1319 3201 1391 μὲν
3258 1319 3360 1395 γὰρ
3421 1317 3630 1393 οὐδεμία
3679 1322 3755 1375 οὗ·

2149 1401 2339 1457 σίιοται
2375 1447 2389 1471 ,
2449 1403 2691 1480 εὐτυχεῖν
2754 1405 2812 1461 δὶ
2875 1408 2966 1462 καὶ
3037 1407 3326 1486 δυστυχεῖν
3396 1409 3590 1471 οὐσίαις
3636 1411 3750 1465 τισὶν

2147 1489 2473 1568 ἐπιλέγεται.

2219 1607 2504 1685 Θεόφιλος.
2538 1611 2626 1674 Ὠς
2655 1609 2710 1665 εὖ
2739 1633 2801 1685 γε
2827 1613 2999 1679 εἴπας,
3031 1612 3076 1667 ὦ
3103 1612 3415 1691 Ἱερόκλεις.

2217 1723 2514 1798 Ἱεροκλῆς.
2538 1725 2625 1788 Τίς
2656 1723 2742 1795 δὴ.
2771 1727 2814 1780 ὦ
2841 1727 3091 1806 Θεόφιλε,
3117 1731 3146 1784 ὁ
3178 1730 3382 1792 σκοπός
3407 1751 3491 1786 σοι
3519 1736 3607 1786 τοῦ
3633 1729 3758 1786 οὕτω

389 1830 481 1882 est
508 1825 649 1880 talia
679 1821 1042 1895 problemata
1091 1818 1434 1890 proponenti
1469 1821 1491 1871 Ρ
1540 1816 1661 1871 Non
1709 1816 1864 1870 enim
1897 1832 2038 1870 sane

2157 1809 2697 1887 προϐληματίσασθαι
2731 1833 2742 1873 :
2777 1815 2856 1873 Οὐ
2905 1819 3006 1894 γὰρ
3067 1816 3244 1889 δήπου
3306 1818 3589 1889 τηνάλλως
3640 1821 3758 1876 οὕτω

385 1914 606 1970 frustra
637 1913 744 1968 hoc
775 1909 1155 1983 proposuisti.

463 2038 803 2108 Theophilus.
855 2035 1135 2106 Detegam
1195 2031 1293 2086 libi
1358 2029 1864 2102 reprehensionem
1924 2045 2041 2100 qua

395 2128 684 2202 quosdam
739 2126 940 2180 incuso
999 2124 1069 2178 de
1128 2121 1509 2177 admittendis
1569 2119 1654 2174 vel
1714 2119 2042 2189 rejiciendis

398 2217 760 2274 nominibus.

469 2323 767 2389 Hierocles.
801 2331 880 2385 De
911 2329 1265 2400 quibusnam
1287 2325 1315 2380 Ἰ

469 2451 519 2504 4.
584 2447 926 2520 Theophilus.
987 2445 1154 2502 Circa
1223 2443 1394 2515 plura
1451 2441 1566 2496 alia
1624 2439 1879 2505 nomina,
1942 2441 2041 2496 sed

396 2537 719 2610 prasertim
789 2537 943 2590 circa
1002 2549 1229 2588 voces:
1298 2547 1449 2586 sacer
1513 2535 1569 2585 et
1645 2531 1752 2585 Deo
1817 2529 2046 2584 dilectus

393 2627 586 2700 (ἱεροῦ,
631 2621 976 2701 Θεοφιλοῦς).
1031 2621 1212 2676 Valde
1261 2621 1412 2675 enim
1466 2619 1687 2690 placuit
1745 2617 2044 2673 nonnullis

391 2715 686 2787 epis00pis
742 2719 798 2768 et
829 2712 960 2767 aliis
1017 2726 1216 2765 vocem
1277 2705 1416 2782 ἱερόν
1477 2713 1534 2762 et
1581 2710 1709 2776 ejus
1760 2706 2042 2762 excellen-

389 2805 534 2859 tiam
571 2803 782 2857 mirum
843 2802 903 2854 in
951 2800 1191 2854 modum
1242 2796 1538 2864 extollere,
1598 2812 1794 2850 vocem
1845 2801 2041 2850 autem

392 2888 652 2967 Θεοφιλὶς
684 2897 741 2945 et
770 2891 897 2960 ejus
947 2887 1348 2943 extensionem
1399 2884 1638 2939 omnino
1694 2883 2040 2956 deprimere.

392 2981 699 3035 Enimvero
731 2979 778 3034 si
831 2978 962 3048 quis
993 2993 1054 3032 se
1111 2976 1493 3031 sacerrimum
1545 2974 1655 3028 dici
1717 2974 1933 3037 audiat,
1981 2973 2040 3028 in

394 3068 604 3125 caelum
637 3068 771 3123 ferri
829 3067 940 3122 sibi
1001 3067 1252 3129 videtur,
1307 3063 1352 3118 si
1411 3078 1543 3117 vero
1597 3061 1812 3116 dicitur
1850 3067 2038 3137 Θεοφι-

395 3154 510 3217 λὶς.
547 3158 657 3212 Deo
697 3155 966 3223 dilectus,
1022 3154 1144 3208 sive
1199 3147 1646 3226 Θεοφιλέστατος,
1706 3154 1819 3204 Deo
1859 3151 2038 3205 dilec-

390 3246 683 3311 tissimus,
729 3262 844 3300 non
897 3243 1100 3298 dubito
1161 3242 1302 3314 quin
1365 3241 1584 3311 pudore
1641 3238 2036 3305 sull‘undatur,

390 3335 560 3406 quasi
607 3334 821 3404 insigni
879 3338 1118 3402 accepta
1177 3329 1554 3384 contumelia.
1619 3329 1868 3399 Ideoque
1913 3328 2039 3400 ipse

384 3439 582 3479 vocem
616 3419 878 3498 Θεοφιλός
917 3420 1204 3491 expellere
1258 3417 1478 3481 volens,
1529 3417 1658 3486 ejus
1687 3415 1812 3471 loco
1841 3433 2038 3472 vocem

383 3511 528 3585 ἱερὸν
559 3512 789 3566 civitate
850 3511 1003 3565 dono
1060 3514 1117 3563 et
1175 3509 1322 3562 bene
1372 3521 1542 3576 agere
1599 3513 1779 3576 puto;
1831 3511 1888 3558 et
1915 3504 2040 3576 ipse

386 3602 622 3672 quidem
649 3601 953 3664 erubesco,
989 3600 1033 3653 si
1069 3596 1398 3668 TheOphili,
1442 3611 1552 3648 non
1611 3598 1803 3648 autem
1841 3596 2040 3648 lliero-

383 3690 527 3758 thei,
559 3689 680 3744 sive
727 3688 829 3742 tali
891 3687 1004 3741 alio
1057 3685 1290 3740 nomine
1343 3683 1604 3754 appeller
1651 3683 1805 3753 quod
1847 3700 1880 3737 a
1911 3683 2038 3754 plu-

388 3779 551 3833 ribus
581 3777 937 3842 admittitur,
985 3773 1206 3845 tibique
1254 3773 1484 3827 invideo
1531 3775 1764 3842 propter
1793 3771 2036 3842 gloriam

390 3866 646 3922 nominis
703 3864 854 3936 ἱεροῦ
912 3863 1066 3933 quod
1128 3861 1303 3932 geris,
1364 3865 1422 3914 et
1464 3859 1595 3914 illos
1649 3860 1851 3914 beatos
1897 3877 2039 3931 pras-

390 3956 520 4010 dico
544 3954 644 4025 qui
665 3959 720 4007 te
741 3950 1385 4024 genuerunt,quoniam
1409 3948 1509 4002 tali
1533 3953 1587 4003 te
1608 3947 2043 4004 celebraverunt

392 4041 802 4115 appellatione.
839 4045 1015 4094 Porro
1067 4055 1263 4110 quaero
1313 4044 1452 4100 ate,
1502 4039 1602 4108 qui
1652 4043 1878 4092 tantum
1913 4054 2041 4093 sor-

394 4132 539 4186 titus
569 4146 632 4184 es
661 4145 897 4196 nomen,
949 4129 1090 4199 quid
1123 4128 1358 4182 tandem
1390 4143 1495 4199 ego
1554 4127 1768 4181 sentire
1799 4127 2038 4181 debeam

393 4221 464 4276 de
495 4218 833 4274 nominibus
893 4215 1032 4273 illis.
1069 4221 1231 4272 Forte
1287 4218 1442 4270 enim
1497 4233 1613 4270 una
1658 4232 1724 4270 ex
1786 4215 2038 4286 appella-

389 4309 672 4376 tionibus,
705 4306 926 4362 scilicet
975 4321 1041 4360 ea
1089 4323 1215 4377 quae
1261 4322 1488 4360 sacrum
1536 4309 1725 4372 sonat,
1786 4305 1921 4359 lelix
1950 4308 2040 4359 est

388 4402 814 4470 proptereaque
871 4400 1126 4464 amatur,
1175 4400 1231 4450 et
1287 4393 1825 4465 concupiscentiam
1859 4395 2040 4464 majo-

387 4502 510 4543 rem
542 4484 768 4550 allicit;
820 4483 1005 4539 altera
1063 4487 1278 4548 autem,
1340 4483 1473 4538 licet
1528 4481 1833 4553 Splendide
1880 4497 2037 4536 com-

2147 1897 2488 1977 προῦτεινας.

2221 2026 2532 2100 Θεόφιλος.
2595 2026 2955 2104 Ἀνακαλύψω
3034 2053 3118 2086 σοι
3192 2033 3404 2106 μέμψιν
3480 2033 3607 2107 ἐμὴν
3646 2081 3659 2107 ,
3709 2036 3758 2104 ἣν

2154 2115 2442 2192 μέμφομαί
2515 2137 2663 2179 τινας
2732 2115 2818 2172 ἔπὶ
2895 2118 3179 2193 ὀνομάτων
3257 2119 3465 2199 ἐκλογῇ
3528 2123 3610 2178 καὶ
3679 2124 3762 2178 ἄπ-

2154 2202 2377 2258 εκλογῆ.

2153 2223 2377 2278 εκΛογῃ.

2223 2319 2524 2395 Ἱεροκλῆς.
2559 2323 2699 2394 ΙΙοίᾳ
2729 2321 2904 2398 ἐκείνῃ
2936 2343 2951 2394 ;

2224 2433 2285 2492 δ’.
2319 2436 2604 2514 Θεόφιλος.
2655 2437 2898 2495 Πολλαῖς
2952 2442 3047 2513 μὲν
3099 2443 3189 2496 καὶ
3233 2441 3458 2513 ἄλλαις,
3490 2442 3542 2499 ἐν
3590 2442 3641 2499 δὲ
3664 2451 3764 2507 ταῖς

2151 2525 2238 2580 καὶ
2283 2529 2350 2600 τῇ
2402 2531 2498 2580 τοῦ
2558 2528 2706 2600 ἱεροῦ
2756 2529 2843 2584 καὶ
2900 2535 2998 2584 τοῦ
3057 2531 3373 2610 θεοφιλοῦς.
3432 2533 3768 2610 Εὐηρέστηται

2151 2615 2253 2689 γὰρ
2312 2612 2593 2691 διαφόροις
2669 2615 2988 2683 ἐπισκόποις
3037 2640 3095 2674 τε
3152 2620 3241 2675 καὶ
3317 2621 3536 2684 λοιποῖς
3587 2625 3643 2678 τό
3688 2624 3766 2696 μὲν

2150 2704 2295 2777 ἱερὸν
2355 2700 2528 2776 ὄνομα
2573 2705 2663 2759 καὶ
2708 2707 2806 2774 τήν
2867 2707 3030 2763 αὐτοῦ
3109 2709 3396 2782 ὑπέρθεσιν
3459 2713 3588 2786 ὑψοῦ
3640 2712 3768 2767 καθί-

2153 2797 2280 2862 ζειν,
2337 2792 2402 2847 τὸ
2461 2790 2516 2848 δὲ
2569 2792 2819 2864 θεοφιλὶς
2877 2796 2967 2851 καὶ
3023 2798 3122 2866 τὴν
3172 2797 3342 2854 αὐτοῦ
3392 2798 3623 2856 ἐπίτασιν
3657 2802 3767 2855 ὑπο-

2151 2876 2382 2954 ϐἀθμιον
2427 2883 2567 2936 πάνυ
2607 2903 2658 2936 τι
2705 2885 2981 2956 καθιστᾷν.
3037 2887 3257 2958 Ἀμέλει
3308 2910 3400 2944 τοι
3449 2890 3534 2944 καὶ
3580 2891 3771 2964 ἱερὼτα-

2147 2990 2240 3030 τος
2304 2971 2398 3041 μέν
2456 2991 2541 3032 τις
2615 2971 2865 3042 ἀκούσας,
2926 2973 3174 3048 οὐράνιος
3233 2977 3372 3032 εἶναι
3437 2977 3766 3056 φαντάζεται·

2151 3057 2411 3135 θεοφιλὴς
2471 3057 2550 3131 δὲ,
2610 3059 2716 3115 εἷ’τε
2776 3061 3231 3139 θεοφιλέστατος,
3297 3065 3428 3122 ἀλλ’
3486 3067 3635 3129 αὐτὸς
3689 3065 3769 3121 oin:

2151 3147 2302 3218 οἶμαι
2362 3147 2434 3209 ὡς
2486 3147 2615 3224 οὐχὶ
2644 3151 2734 3204 καὶ
2786 3149 3199 3227 ἐγκαλύπτεται,
3252 3157 3350 3211 οἷά
3379 3152 3770 3230 περιυϐριζόμε-

2149 3257 2273 3298 νος.
2335 3239 2429 3290 Διὸ
2487 3239 2572 3292 καὶ
2634 3238 2795 3300 αὐτὸς
2857 3239 2968 3314 ἐγὼ
3027 3240 3428 3316 ἐξοστρακίυειν
3488 3245 3674 3310 ἐθέλων
3721 3245 3772 3300 τὸ

2151 3322 2422 3402 θεοφιλὲς,
2462 3332 2848 3401 πολιτογρασῶ
2895 3330 3007 3385 ἀντ’
3056 3330 3220 3386 αὐτοῦ
3271 3333 3340 3388 τὸ
3389 3335 3550 3410 ἱερὸν,
3580 3337 3660 3389 καὶ
3693 3333 3770 3389 λο-

2147 3413 2367 3488 γίζομαι
2429 3414 2624 3490 ἀγαθόν
2697 3437 2751 3470 τι
2807 3423 2982 3473 ποιεῖν
3016 3437 3028 3451 ·
3083 3419 3172 3474 καί
3247 3442 3359 3476 που
3431 3423 3519 3477 καὶ
3571 3421 3770 3496 ἰμαυτὸν

2149 3501 2505 3578 αἰσχύνομαι,
2540 3503 2588 3588 εξ
2616 3505 2898 3579 καλοίμην
2947 3507 3225 3584 θεόφιλος,
3269 3510 3338 3565 οὔ
3393 3513 3501 3585 μὴν
3546 3512 3770 3586 ἱερόθεος,

2149 3589 2185 3660 ἤ
2215 3613 2268 3646 τι
2316 3596 2561 3646 τοιοῦτον
2623 3590 2761 3648 ἄλλο
2820 3593 3188 3672 έξειλεγμένον
3245 3606 3370 3662 τοῖς
3422 3600 3651 3657 πλείοσιο
3698 3601 3772 3655 iul

2152 3682 2209 3734 σε
2249 3677 2306 3734 δὲ
2341 3680 2492 3751 ζηλῶ
2522 3686 2618 3736 τοῦ
2661 3683 2809 3756 ἱεροῦ
2853 3682 3071 3755 κλέους,
3112 3687 3141 3741 ’ὀ
3173 3689 3545 3769 προγράφεταί
3574 3711 3674 3758 σοι,
3699 3689 3774 3744 καί

2155 3769 2435 3843 μακαρίζω
2491 3769 2618 3832 τοὺς
2667 3771 3039 3846 γειναμένους,
3099 3776 3182 3830 ὅτι
3236 3798 3295 3832 σε
3333 3779 3557 3855 τοιαύτῃ
3610 3799 3771 3855 παρω-

2149 3858 2318 3930 νυμίᾳ
2364 3856 2631 3913 ἐκλέϊσαν.
2685 3860 3028 3936 Πυνθάνομαι
3081 3861 3145 3935 δή
3182 3886 3302 3939 σου,
3346 3869 3394 3922 ὦ
3446 3869 3772 3944 κληρονομή-

2150 3966 2242 4007 σας
2297 3945 2566 4019 ὀνόματος
2606 3945 2923 4022 τηλικοῦδε,
2981 3952 3033 4006 τί
3078 3974 3210 4008 ποτε
3260 3957 3601 4030 καταρτίσεις
3657 3977 3771 4035 φρο-

2149 4039 2258 4088 νεῖν
2313 4055 2378 4107 με
2436 4035 2560 4110 περὶ
2616 4036 2822 4092 τούτων
2875 4044 2983 4093 τῶν
3045 4041 3334 4115 ὀνομάτων
3372 4048 3642 4116 ςΜήποτι
3688 4047 3772 4121 γὰρ

2151 4122 2368 4198 εὐτυχεῖ
2402 4123 2494 4196 μὲν
2550 4125 2743 4199 θατέρα
2793 4124 2936 4198 λέξις
2985 4131 3019 4198 ἡ
3066 4131 3202 4185 κατὰ
3247 4134 3346 4188 τὸν
3397 4135 3563 4211 ἱερὸν,
3595 4135 3674 4188 καὶ
3703 4131 3776 4187 διὰ

2147 4216 2310 4266 τοῦτο
2367 4211 2547 4286 ἐρᾶται
2604 4215 2691 4268 καὶ
2745 4213 3032 4289 ἐπιθυμίαν
3085 4218 3375 4296 ἐφέλκεται
3434 4222 3695 4279 πλείονα⁸
3744 4223 3772 4289 ἡ

2152 4297 2209 4355 δὲ
2240 4300 2434 4370 λοιπὴ,
2492 4302 2580 4355 καὶ
2635 4307 2806 4358 ταῦτα
2856 4303 3126 4382 λαμπρῶς
3163 4307 3500 4384 ἐσταλμένη,
3531 4311 3619 4366 καὶ
3664 4313 3777 4366 Θεοῦ

2150 4389 2332 4476 φιλίαν
2361 4389 2720 4466 ἀγγέλλουσα,
2755 4394 2857 4449 οὐκ
2886 4393 3192 4472 ἐπισύρεται
3225 4397 3451 4476 φίλους,
3504 4399 3644 4456 ἀλλὰ
3687 4421 3779 4454 πα-

2153 4473 2477 4552 ραϐλέπεται
2511 4481 2584 4544 ὡς
2641 4484 2731 4535 οἷα
2786 4483 2874 4537 καί
2921 4505 3005 4547 τις
3053 4473 3491 4562 δυσπρόσοπτος.
3525 4491 3656 4566 Ἐγὼ
3698 4489 3775 4560 μὲν

387 4580 600 4647 posita,
633 4579 688 4628 et
718 4573 816 4628 Dei
851 4573 1173 4628 amicitiam
1231 4572 1614 4640 annuntians,
1647 4587 1762 4625 non
1811 4575 1944 4641 post
1977 4585 2038 4625 se

2157 4569 2310 4640 οἶμαι
2353 4570 2488 4623 πάνυ
2537 4569 2682 4625 πολὺ
2734 4573 3056 4647 σεμνότερον
3113 4578 3248 4631 εἶναι
3306 4579 3404 4634 καὶ
3458 4578 3678 4651 κόσμιον
3726 4579 3778 4632 τὸ

386 4663 568 4718 trahit
597 4662 838 4727 amicos,
873 4663 973 4717 sed
1007 4661 1423 4728 contemnitur,
1448 4665 1730 4730 tanquam
1765 4658 2042 4715 deformis

387 4754 623 4826 aliquis.
657 4755 776 4825 Ego
835 4771 964 4808 vero
998 4768 1204 4808 censeo
1265 4751 1448 4806 multo
1507 4751 1698 4821 magis
1757 4767 2040 4805 veneran-

388 4845 527 4899 dum
550 4847 608 4899 et
627 4843 905 4898 decorum
932 4858 1061 4897 esse
1091 4841 1190 4896 Dei
1225 4841 1394 4895 amici
1426 4857 1636 4895 nomen
1669 4856 1845 4910 quam
1869 4841 2040 4907 sacri,

2151 4655 2402 4735 θεοφιλές
2429 4657 2496 4712 τά
2551 4679 2610 4734 γε
2665 4660 2743 4722 εἷς
2799 4667 3054 4738 προφανῆ
3101 4665 3294 4740 φράσιν
3351 4666 3496 4742 ἥπερ
3527 4669 3590 4723 τὸ
3631 4667 3774 4742 ἱερὸν·

2153 4745 2323 4800 ἰοέλω
2353 4743 2410 4800 δὲ
2437 4747 2525 4801 καὶ
2574 4749 2676 4817 τήν
2709 4751 2807 4819 ο-ἠν
2853 4753 3034 4830 ψῆφον
3084 4765 3568 4828 προππιτεθῆναι,
3609 4755 3658 4812 εἴ
3678 4773 3777 4815 πως

2155 4834 2296 4889 οὕτω
2323 4836 2570 4911 κωρώσω
2591 4837 2788 4911 κράτος
2818 4841 2900 4901 οἷς
2930 4839 3250 4916 λογίζομαι.

390 4931 598 4989 saltem
659 4932 850 5002 quoad
911 4935 1174 5002 apertam
1225 4929 1594 4985 locutionem.
1646 4928 1790 4984 Volo
1839 4932 2035 4983 autem
2093 4931 2148 4982 et
2201 4933 2370 4982 tuum
2429 4929 2748 4998 superaddi
2807 4929 3176 5002 suffragium,
3219 4939 3283 4988 ut
3338 4934 3426 4991 ita
3481 4949 3780 5006 consequar

387 5021 569 5077 robur
599 5036 739 5076 mea
771 5019 1096 5074 sententiae.

455 5138 510 5192 5.
603 5136 901 5193 Hierocles.
989 5134 1231 5189 Penetro
1316 5133 1372 5187 in
1460 5132 1814 5203 profundum
1883 5132 2033 5187 sacri

382 5225 599 5299 (ἱεροῦ),
633 5229 690 5281 et
719 5223 1007 5296 perspicio
1055 5222 1339 5293 quiddam
1372 5221 1525 5292 quod
1579 5237 1692 5275 non
1741 5221 1797 5275 in
1833 5236 2034 5292 super-

381 5315 509 5370 ficie
537 5312 809 5384 volvitur,
873 5313 972 5369 sed
1029 5311 1183 5382 quod
1247 5326 1492 5366 acumen
1554 5315 1822 5381 aspectus
1859 5326 2035 5381 expo-

379 5402 584 5459 stulat.

454 5509 811 5581 Theophilus,
839 5507 1130 5572 Quidnam
1165 5506 1319 5561 istud
1343 5505 1372 5560 ?

457 5625 756 5680 Hierocles.
790 5625 925 5694 Hoc,
951 5639 983 5678 0
1013 5621 1354 5694 Theophile.
1396 5621 1666 5693 Nomina,
1700 5638 1801 5679 seu
1829 5623 2036 5680 dictio-

2217 5131 2272 5187 ε’.
2308 5129 2612 5205 Ἱεροκλῆς.
2645 5133 2766 5189 ’Ότι
2815 5135 3141 5190 κατακόπτει)
3187 5136 3263 5199 εἷς
3291 5138 3358 5192 τὸ
3396 5137 3566 5213 βάθος
3602 5140 3691 5193 τοῦ
3717 5136 3777 5190 ἱε-

2147 5223 2264 5294 ροῦ,
2295 5219 2386 5276 καὶ
2436 5216 2709 5296 διορῶμαί
2737 5242 2790 5277 τι
2823 5222 2920 5278 οὔκ
2967 5222 3240 5296 ἐπιπολῆς
3291 5226 3616 5305 φερόμενον,
3667 5221 3776 5280 ἀλλ’

2146 5311 2260 5362 οἷον
2295 5305 2495 5364 ἐθέλειν
2529 5307 2760 5381 ὀξύτητα
2787 5310 3129 5387 βλέμματος.

2217 5501 2503 5578 Θεόφιλος.
2539 5501 2702 5559 Ποίαν
2733 5501 2800 5576 δή
2830 5527 2950 5562 τινα
2984 5527 2998 5579 ;

2222 5621 2323 5697 Ἱερ
2359 5619 2518 5692 κλῆς.
2576 5621 2870 5695 Τοιαύτην,
2930 5623 2975 5680 ὧ
3035 5625 3283 5708 Θεόφιλε.
3346 5626 3643 5704 Ὀνόματα,
3693 5620 3778 5680 εἴτ’
