4104 6210
400 359 518 420 913

1330 353 1718 417 DIALOGUS
1763 353 2263 416 THEOPHILUS
2308 354 2406 414 ET
2453 351 2909 414 HIEROCLES.

3700 355 3819 416 9M

406 485 496 542 οὖν
552 483 724 556 λέξεις
796 485 967 558 τινὰς,
1025 485 1298 564 ἀφωσίουν
1371 483 1852 560 ἀποπληρωτικῶς
1928 489 2048 546 τοῖς

2162 503 2265 544 nes
2295 490 2574 558 quaedam
2607 485 2896 543 exclusive
2952 485 3165 542 divinis
3215 484 3388 541 rebus
3438 485 3666 558 antiqui
3723 489 3817 543 de-

406 576 570 641 θείοις
595 576 906 651 πράγμασιν
934 577 987 630 οἱ
1017 574 1266 634 παλαιοί.

481 662 772 743 Θεόφιλος.
806 669 946 720 Ποῖα
975 663 1172 735 έκεῖνα,
1206 663 1251 719 ὦ
1278 659 1604 740 Ἰερὸκλεις;

475 756 540 818 ς’.
621 752 923 830 Ἱεροκλῆς.
999 755 1087 816 Ὡς
1169 751 1316 821 μάλα
1397 753 1598 829 μυρίαο
1657 754 1792 828 πρὸς
1870 751 1928 808 δὲ
1989 753 2052 806 τὸ

399 845 626 905 ἰνεστὼς
674 843 725 916 ἐξ
781 842 1070 917 δλιγίστων
1118 842 1390 919 ἐναγαγεῖν
1431 863 1488 898 σε
1532 841 1804 917 βούλομαι
1863 842 1938 904 εἷς
1986 843 2053 896 τὰ

398 932 524 991 ὅλα.
555 935 726 990 Μυεῖν
788 931 983 986 ἐκεῖνοι
1047 928 1229 996 ἔθεσαν
1280 931 1342 986 ού
1397 932 1460 986 τὸ
1509 929 1696 994 ἅπλῶς
1757 929 2050 998 διδάσκειν,

405 1019 551 1077 ἀλλὰ
605 1021 668 1075 τὸ
735 1021 788 1075 ἐν
842 1019 1140 1097 ἀπορρήτῳ
1197 1017 1576 1094 παραδιδόναι,
1617 1019 1649 1075 ἃ
1705 1025 1822 1092 Θεῴ
1879 1019 2052 1073 οἰκεῖα

401 1111 491 1166 καὶ
551 1115 668 1171 τοῖς
723 1111 842 1164 κατ’
897 1109 1056 1165 αὐτὸν
1116 1108 1462 1178 ἔνθεάζουσι·
1507 1109 1597 1164 καὶ
1658 1109 1859 1182 μύστας
1913 1108 2050 1162 ὠνό-

405 1205 599 1272 μαζον,
650 1197 801 1261 ὅσοις
869 1196 1135 1273 ἐξεγένετο
1210 1203 1434 1254 τοιαῦτα
1521 1204 1708 1271 μαθεῖν
1798 1195 2048 1251 διδασκά-

397 1286 515 1359 λια,
558 1289 632 1342 ὧν
685 1288 773 1342 καὶ
829 1285 1213 1363 ἐκφερομένων
1277 1286 1354 1350 εἷς
1411 1287 1575 1350 ἀκοὰς
1629 1282 1924 1361 βεϐήλους,
1955 1288 2047 1348 θά-

395 1397 555 1438 νατος
605 1376 944 1454 ἐπεψήφιστο
984 1381 1103 1440 τοῖς
1151 1374 1508 1446 ἐκλαλήσασι.
1555 1376 1632 1432 Τό
1670 1397 1730 1430 τε
1777 1373 1844 1444 δὴ
1900 1381 2050 1447 μυεῖν

399 1465 585 1540 εὐαγὲς
641 1465 732 1534 ἧν,
764 1464 854 1520 καὶ
911 1465 974 1519 τὸ
1031 1464 1348 1533 τελεῖν,καί
1404 1467 1439 1534 ἡ
1492 1467 1608 1519 κατ’
1652 1465 1781 1520 αὐτὸ
1832 1464 2047 1533 τελετὴ,

389 1555 482 1609 καὶ
541 1557 604 1610 τὸ
664 1553 893 1624 εύάζειν,
926 1555 972 1626 ᾧ
1031 1560 1361 1630 συνομαρτεῖ
1416 1556 1506 1608 καὶ
1561 1555 1589 1608 6
1637 1553 1818 1617 Eii't'oc'
1856 1553 2050 1628 εὐάγη-

389 1663 486 1697 τον
543 1641 603 1697 δὶ
656 1644 749 1698 καὶ
804 1643 867 1697 τὸ
913 1641 1010 1698 έπο
1127 1641 1141 1662 '
1347 1643 1359 1660 ‘
1427 1643 1454 1696 6
1505 1644 1563 1696 θ’
1778 1643 1791 1664 ‘
1881 1642 1894 1660 ‘
1991 1639 2017 1659 "

1015 1663 1421 1710 πτευειν,καιτ
1540 1663 1670 1710 υειν,
1703 1663 1792 1696 και
1841 1663 1904 1696 το
1961 1663 2047 1696 ευ-

395 1734 612 1809 χεσθαι,
653 1732 742 1786 καὶ
804 1732 833 1786 6
864 1731 1101 1806 ἀρητὴρ,
1131 1731 1221 1786 καὶ
1277 1733 1312 1801 ἡ
1363 1730 1538 1808 ὀμφή,
1569 1730 1660 1784 καὶ
1709 1733 1744 1799 ἠ
1801 1727 2046 1804 κλῃδὼν,

2163 580 2470 634 vovebant.

2235 669 2574 738 TheOphilus.
2617 672 2893 734 Quaenam
2919 669 3060 721 sunt
3088 666 3236 735 istae,
3271 683 3302 720 ο
3326 664 3618 721 Hierocles
3638 665 3667 720 ‘?

2231 758 2284 811 6.
2320 758 2613 812 Hierocles.
2670 760 2852 827 Prope
2902 755 3166 809 infinitae.
3224 755 3389 810 Nunc
3467 760 3660 810 autem
3740 771 3808 810 ex

2163 845 2540 917 paucissimis
2571 846 2639 899 ad
2682 845 2880 899 omnia
2936 845 3225 899 adducere
3285 849 3340 899 te
3391 843 3540 900 volo.
3599 844 3808 898 Gonni-

2161 935 2728 1006 νοτοοου1ἱ8(μυεῖν)
2780 934 2858 987 illi
2921 933 3192 988 dixerunt
3233 950 3345 988 non
3405 934 3610 988 docere
3663 933 3808 987 sim-

2162 1023 2407 1096 pliciter,
2455 1026 2554 1078 sed
2615 1024 2671 1076 in
2706 1028 2931 1077 secreto
2977 1023 3226 1089 tradere,
3286 1039 3415 1092 quae
3472 1023 3588 1076 Deo
3671 1028 3810 1078 sunt

2163 1114 2401 1187 propria
2427 1119 2484 1168 et
2507 1114 2579 1167 iis
2604 1113 2699 1184 qui
2735 1113 2807 1166 ab
2841 1111 2939 1166 illo
2971 1112 3246 1165 altlantur
3280 1129 3292 1178 ;
3328 1117 3384 1166 et
3428 1115 3651 1182 mystas
3706 1127 3804 1165 vo-

2161 1206 2371 1258 cal-ant
2399 1203 2852 1273 quibuscunque
2893 1202 3217 1270 contigerat
3263 1200 3402 1254 talia
3431 1201 3657 1255 discere
3715 1200 3812 1254 do-

2160 1299 2433 1348 cumenta
2457 1311 2469 1358 ;
2496 1309 2620 1362 quae
2649 1291 2695 1344 si
2728 1292 2797 1343 ad
2832 1293 3103 1360 protanas
3136 1306 3304 1343 aures
3336 1289 3531 1343 delata
3587 1294 3804 1360 essent,

2163 1401 2271 1437 nox
2315 1383 2736 1437 decernebatur
2785 1381 3065 1432 adversus
3117 1395 3216 1432 eos
3270 1378 3370 1448 qui
3425 1377 3800 1434 revelassent.

2159 1472 2473 1526 Connivere
2504 1470 2690 1526 oculis
2718 1469 2918 1539 (μυεῖν)
2955 1482 3183 1520 sacrum
3219 1467 3328 1520 fuit
3357 1466 3509 1520 sicut
3538 1472 3594 1520 et
3641 1466 3803 1520 initi-

2160 1575 2256 1614 are
2305 1565 2363 1613 et
2419 1557 2689 1614 initiatio.
2741 1561 2798 1609 et
2871 1554 3124 1608 clamare
3182 1554 3334 1607 Evan
3395 1554 3452 1606 in
3517 1555 3796 1608 honorem

2159 1648 2388 1716 Bacchi,
2424 1647 2577 1701 unde
2603 1651 2660 1699 et
2683 1645 2875 1699 Evius.
2910 1645 3151 1698 Sacrum
3185 1659 3419 1712 quoque
3450 1642 3562 1695 l'uit
3613 1643 3799 1710 inspi-

2158 1755 2284 1795 cere
2314 1739 2408 1807 (ad
2433 1752 2628 1791 sacras
2685 1733 3039 1805 spectandas
3097 1732 3324 1786 admitti
3380 1730 3802 1798 caeremonias).

390 1821 482 1876 καὶ
513 1824 548 1891 ἡ
603 1822 756 1892 ὅσσα,
785 1820 822 1889 ἢ
861 1818 919 1875 δέ
963 1841 1097 1875 ποτε
1141 1825 1240 1891 [an
1282 1817 1390 1889 ἤδη
1434 1818 1630 1892 ποτέἸ]
1670 1821 1759 1873 καὶ
1805 1820 1868 1874 τὸ
1925 1818 2049 1874 ὀλο-

2160 1833 2216 1882 et
2245 1827 2683 1898 sacriticare,_et
2713 1823 2958 1894 precari,
2990 1827 3046 1876 et
3075 1821 3370 1887 sacerdos,
3404 1824 3462 1874 et
3495 1819 3800 1874 oraculum

393 1908 600 1979 λύζειν.
661 1911 722 1964 Τί
800 1907 911 1978 οὖν,
973 1907 1018 1963 ὦ
1085 1908 1350 1986 Θεόφιλε;
1411 1910 1661 1979 ζητήσεις
1734 1907 1824 1962 καὶ
1900 1906 2045 1962 ἄλλα

390 2003 619 2055 τοιαῦτα
647 2001 1038 2074 παρατεθῆναι,
1073 1998 1108 2068 ἢ
1139 1998 1444 2073 ἀρκούντως
1485 1995 1709 2073 ἐνήγαγέ
1749 2017 1806 2052 σε
1855 2001 2040 2068 ταῦτα,

394 2089 471 2150 εἰς
503 2087 636 2164 ὅπερ
666 2088 837 2164 ἐχρῆν
869 2107 882 2158 ;

465 2268 526 2337 ζ’.
560 2266 850 2345 Θεόφιλος.
883 2261 1102 2340 Ἕδαψα
1152 2266 1229 2328 εὶς
1268 2287 1331 2321 το
1377 2267 1580 2338 νόημα,
1612 2265 1691 2344 ἐφ’
1735 2265 1860 2321 ὅσον
1911 2263 2040 2332 ἔδει,

387 2356 479 2412 καὶ
510 2355 609 2411 οὐκ
658 2356 830 2421 ἐθέλω
874 2353 1051 2412 πλείω
1100 2360 1325 2410 τοιαῦτα
1372 2357 1725 2429 συνείρεσθαι.
1760 2353 1936 2411 Ἀλλὰ
1989 2355 2041 2410 τί

391 2466 487 2518 μοι
534 2445 668 2500 αὐτὰ
714 2445 850 2518 πρὸς
898 2447 997 2514 τήν
1048 2449 1146 2500 τοῦ
1197 2446 1348 2518 ἱεροῦ
1389 2441 1593 2500 ἔννοιαν
1625 2444 1714 2499 καὶ
1763 2446 1861 2513 τῆν
1924 2445 2041 2499 κατ’

387 2537 522 2592 αὐτὸ
555 2538 699 2601 θείαν
734 2536 1080 2610 σεμνότητα;

459 2641 762 2718 Ἱεροκλῆς.
822 2641 964 2700 Αύτό
1019 2663 1102 2698 σοι
1153 2646 1336 2709 τοῦτο,
1387 2643 1431 2696 ὦ
1488 2641 1738 2721 Θεόφιλε,
1799 2645 1826 2698 6
1877 2641 2037 2718 λόγος

387 2733 509 2801 ἥκει
535 2730 825 2803 δηλώσων,
858 2731 940 2787 ὅτι
972 2734 1112 2787 θεῖον
1146 2727 1320 2805 ὄνομα
1350 2731 1438 2787 καὶ
1489 2732 1744 2804 μυστικὸν
1786 2732 1894 2808 οὐχ
1934 2735 2037 2800 ἧτ-

385 2821 482 2877 τόν
509 2843 560 2876 τι
589 2826 695 2877 τῶν
730 2820 914 2877 ἄλλων
942 2823 1027 2876 καὶ
1065 2823 1093 2876 6
1120 2821 1264 2898 ἱερὸς
1301 2822 1390 2876 καὶ
1425 2822 1523 2876 ὅσα
1577 2821 1760 2894 τούτῳ
1819 2822 2033 2877 σύστοι-

391 2931 488 2986 χα,
536 2911 598 2965 τὸ
659 2911 921 2985 ἱερᾶσθαι,
970 2911 1035 2965 τὸ
1083 2912 1394 2986 ἱερατεύειν,
1450 2911 1514 2966 τὸ
1572 2912 1790 2987 ἱερεῖον,
1837 2911 1925 2966 καὶ
1985 2910 2040 2967 εἷ’

387 3021 440 3054 τι
473 2998 612 3056 ἄλλο
647 3005 926 3078 συμφωνεῖ
955 2999 1188 3063 τούτοις.

463 3105 750 3185 Θεόφιλος.
782 3106 930 3183 Ταχὺ
953 3105 1064 3176 οὗν,
1081 3108 1125 3162 ὧ
1150 3105 1462 3183 Ἱερόκλεις,
1481 3107 1779 3180 ἀναπτύξας
1811 3111 2030 3185 πέραινε

2157 1916 2354 1992 (ὀμφή)
2386 1920 2443 1971 et
2481 1913 2794 1985 augurium
2848 1905 3111 1981 (κλῃδών)
3169 1913 3227 1963 et
3274 1907 3626 1978 praesagium
3687 1905 3802 1979 (ὅσ-

2153 2008 2240 2076 σα)
2271 2011 2329 2060 at
2359 2004 2677 2075 aliquando
2707 2000 3029 2056 vociferari.
3065 1999 3211 2062 Quid
3262 1997 3467 2068 igitur,
3525 2013 3558 2051 o
3614 2001 3801 2051 Theo-

2152 2094 2354 2167 phile?
2385 2096 2696 2159 Qumresne
2727 2094 2792 2144 ut
2820 2088 2934 2142 alia
2964 2086 3180 2142 similia
3205 2086 3311 2140 tibi
3374 2089 3800 2156 proponantur,

2151 2201 2225 2239 an
2248 2180 2984 2239 sufﬁcienterinduxerunt
3014 2181 3068 2230 te
3100 2175 3219 2230 hmo
3271 2191 3385 2245 quo
3443 2173 3747 2244 oportebat
3777 2173 3804 2228 ?

2216 2276 2270 2328 7.
2308 2271 2647 2339 Theophilus.
2683 2265 2923 2338 Perpexi
2949 2280 3094 2332 rem,
3143 2267 3430 2334 quantum
3485 2279 3634 2332 opus
3692 2268 3801 2330 est,

2150 2379 2254 2418 nec
2279 2363 2401 2433 jam
2435 2359 2652 2415 similia
2682 2354 3010 2411 continuari
3045 2351 3192 2407 volo.
3227 2353 3310 2406 Ad
3339 2351 3477 2421 quid
3511 2350 3657 2405 mihi
3704 2350 3808 2404 illa

2150 2453 2217 2507 ad
2245 2453 2397 2506 sacri
2418 2446 2866 2518 intelligentiam
2901 2449 2957 2497 et
2977 2441 3160 2512 tiliam
3191 2457 3369 2510 quam
3430 2457 3546 2510 pra:
3573 2455 3636 2494 se
3693 2439 3805 2494 fert

2148 2541 2419 2597 eximiam
2453 2535 2832 2610 gravitatem?

2219 2647 2503 2704 Hierocles.
2538 2645 2598 2700 1d
2625 2643 2842 2716 ipsum,
2876 2657 2907 2693 ο
2940 2636 3280 2709 Theophila,
3315 2651 3506 2691 sermo
3559 2635 3798 2689 demon-

2146 2745 2331 2796 strare
2364 2733 2685 2809 praesumit,
2715 2747 2827 2786 non
2858 2730 3054 2782 minus
3114 2741 3289 2797 quam
3353 2724 3468 2778 alia
3525 2722 3790 2778 divinum

2143 2835 2199 2886 et
2257 2827 2566 2900 mysticum
2617 2836 2746 2876 esse
2807 2833 3016 2872 nomen
3075 2831 3230 2869 sacer
3297 2817 3356 2868 et
3427 2825 3791 2882 quaecunque

2145 2918 2278 2976 huic
2309 2899 2509 2972 al'linia
2539 2915 2698 2977 sunt,
2743 2908 2986 2970 sacrari,
3018 2903 3333 2961 sacerdotio
3387 2899 3576 2972 fungi,
3633 2904 3692 2956 et
3737 2899 3789 2955 si

2140 3010 2278 3083 quid
2311 3006 2468 3062 aliud
2494 3002 2795 3059 consonat.

2215 3113 2556 3186 Thwphz'lus.
2593 3103 2953 3164 Sententiam
2987 3101 3099 3155 cito
3130 3097 3448 3170 explicans,
3502 3114 3535 3152 ο
3593 3094 3794 3186 Hiero-

385 3197 482 3252 τὸν
513 3184 608 3252 τοῖ’)
640 3195 811 3272 λόγου
842 3197 1065 3254 σκοπόν.
1086 3196 1230 3272 Ἐγὼ
1261 3197 1365 3273 γὰρ
1397 3193 1650 3276 σφαδάζω
1679 3184 2034 3275 ἀμφαγνοῶν,

2160 3205 2289 3274 :les,
2319 3184 2528 3258 festina
2558 3199 2625 3254 ad
2659 3210 2900 3266 scopum
2960 3189 3267 3246 sermonis.
3321 3189 3437 3258 Ego
3495 3186 3650 3241 enim
3702 3184 3790 3238 in-

387 3287 540 3349 8πως
625 3285 685 3341 ἂν
762 3287 1129 3361 καταστήσῃς,
1179 3286 1208 3340 '6
1282 3285 1536 3361 προὲθου,
1591 3288 1679 3341 καὶ
1747 3287 1846 3342 ούκ
1921 3287 2036 3363 ἔχω

390 3371 682 3451 διαϐλέψαι
711 3375 902 3451 τρανὲς
936 3374 1010 3438 εἷς
1040 3376 1100 3431 τὸ
1124 3373 1306 3439 τέλος.

459 3556 529 3626 η’.
563 3552 863 3631 Ἱεροκλῆς.
922 3554 1137 3622 Ἀκουε,
1197 3550 1241 3607 ὦ
1298 3551 1546 3632 Θεόφιλε.
1605 3553 1708 3608 Δύο
1764 3558 1929 3609 ταῦτα
1981 3553 2032 3609 έν

385 3649 507 3706 τοῖς
565 3641 734 3698 πάλαι
791 3643 925 3696 ποτὶ
979 3642 1151 3716 σεμνᾶ
1206 3640 1578 3721 ἐπιφθέγματα
1652 3640 2034 3717 παραδέδοται,

387 3734 563 3810 γοργά
611 3753 670 3786 τε
721 3731 809 3786 καὶ
867 3732 1079 3796 καθαθὰ
1133 3733 1233 3802 τὴν
1265 3731 1572 3807 ἀπήχησιν,
1603 3730 1769 3786 εἶκαὶ
1827 3729 2034 3801 ἄλλως,

392 3821 456 3877 οὐ
514 3821 803 3895 λάμποντα
858 3821 995 3896 πρὸς
1049 3821 1363 3899 σαφήνειαν,
1393 3822 1457 3876 τὸ
1492 3821 1545 3874 ἳε
1601 3821 1689 3874 καὶ
1721 3821 1781 3874 τὸ
1821 3819 1900 3891 ἰή.
1938 3821 2037 3878 Καὶ

389 3913 454 3967 τὸ
514 3911 608 3985 μὲν
649 3909 703 3965 ’ίε
752 3907 903 3964 δοκεῖ
972 3909 1455 3987 παρακεκεύεσθαι,
1504 3909 1640 3964 καθά
1687 3931 1792 3965 που
1839 3909 1926 3965 καὶ
1978 3911 2038 3964 τὸ

388 3999 564 4077 ἄγρει,
596 4001 684 4055 καὶ
732 4001 794 4055 τὸ
845 4001 993 4075 φέρε,
1024 4001 1114 4055 καὶ
1153 3999 1216 4054 τὸ
1267 3996 1378 4076 ἅγεο
1411 3999 1501 4054 καὶ
1539 3994 1678 4054 ἔστιν
1729 3999 1894 4053 αὐτοῦ
1942 4021 2038 4070 ση-

393 4090 560 4163 μασία
583 4091 644 4144 τὸ
676 4091 880 4162 πέμπε.
905 4091 998 4144 Διὸ
1052 4091 1140 4144 καὶ
1199 4087 1402 4149 δασέως
1449 4094 1803 4164 προσπνεῖται
1853 4091 1887 4158 ἡ
1945 4095 2042 4158 τῆς

393 4178 592 4250 λέξεως
643 4180 911 4255 ἄρχουσα.
943 4179 1011 4232 Τὸ
1063 4177 1120 4232 δὲ
1170 4177 1226 4246 ἶή
1277 4179 1342 4232 οὐ
1389 4177 1635 4232 τοιοῦτόν
1669 4175 1778 4232 ἔστι
1805 4180 1918 4231 κατ’
1951 4177 2041 4231 o6-

391 4265 501 4323 δέν·
537 4266 659 4324 οὔτε
704 4269 808 4344 γὰρ
857 4266 1131 4342 κέλευσμά
1173 4289 1222 4321 τι
1275 4266 1547 4344 ἐμφαίνει,
1575 4263 1704 4320 οὐδὲ
1756 4266 1862 4338 μῆν
1914 4263 2044 4320 δασὺ

387 4362 604 4431 πνεῦμα
669 4353 808 4434 ἔχει.
863 4356 1242 4415 Ἐπιλαλεῖται
1306 4358 1421 4411 κατ’
1495 4355 1904 4429 ἐνθουσιασμόν.
1946 4356 2044 4411 Καὶ

391 4452 486 4502 τοῦ
549 4449 642 4520 μὶν
705 4447 925 4522 πρώτου
981 4444 1252 4517 ὑπόδειξις
1304 4445 1357 4500 έν
1399 4452 1478 4519 τῷ
1515 4444 1588 4513 'is,
1621 4451 1738 4511 παῖ,
1771 4444 1903 4522 ὅπερ
1935 4445 2044 4499 ἐστὶ

393 4537 658 4611 πέμπε,ἢ
697 4534 858 4612 βέλος
890 4533 1148 4607 δηλονότι
1195 4534 1498 4610 ἐπίκουρον,
1531 4534 1566 4604 ἢ
1617 4532 1758 4589 ἄλΛο
1805 4556 1857 4588 τι
1917 4536 2045 4610 βοη-

399 4626 641 4696 Θητικόψ
677 4625 767 4703 ἀφ’
797 4624 962 4698 οὗπερ
1007 4626 1071 4680 ού
1125 4625 1289 4699 μόνον
1315 4626 1472 4687 ’Ἠϊος
1510 4626 1537 4679 6
1587 4624 1758 4686 οὕτως
1815 4622 1934 4691 ἱεὶς,
1969 4623 2036 4677 εἰ·

395 4721 514 4770 πεῖν
571 4711 629 4770 δὲ
674 4715 887 4784 ταυτὸν,
918 4713 1093 4792 ἀφιεὶς
1144 4716 1278 4791 πρὸς
1323 4715 1598 4788 βοήθειαν,
1634 4715 1707 4776 ὡς
1766 4709 1916 4788 εἷ’περ
1975 4712 2039 4780 ἦν

393 4806 567 4876 Ἱήϊος
595 4803 646 4860 έν
707 4801 926 4881 τετράδι
981 4799 1294 4858 συλλαϐῶν·
1332 4801 1480 4858 ἀλλὰ
1535 4803 1623 4858 καὶ
1667 4801 1851 4870 ἵλαος,
1885 4804 1911 4856 6
1942 4801 2044 4864 ἱεὶς

395 4891 613 4966 δηλαδή
651 4893 877 4970 βλέμμα
907 4894 1199 4969 θειότερον.
1233 4896 1343 4950 Τοῦ
1376 4894 1502 4967 ὁρᾷν
1533 4893 1635 4967 γὰρ
1669 4892 1743 4953 εἱς
1793 4893 1851 4946 τὸ
1899 4889 2046 4945 λάειν

396 4982 866 5058 μετειλημμένου,
919 4981 1003 5054 εἴη
1053 4983 1110 5037 ἃν
1151 4980 1336 5054 ἵλαος,
1388 4982 1667 5058 πρώτιστα
1712 4981 1804 5054 μὲν
1837 4981 1988 5053 Θεὸς,
2017 4982 2044 5034 6

393 5075 752 5150 παντέφορος,
786 5074 846 5136 ’ὸς
902 5071 992 5128 καὶ
1048 5069 1235 5144 ἱλήκοι
1266 5077 1382 5135 τοῖς
1435 5093 1492 5127 τε
1535 5070 1704 5142 ἀξίοις
1752 5069 1840 5124 καὶ
1888 5071 2044 5143 ἡμῖν,

393 5163 506 5217 εἶτα
537 5163 627 5218 καὶ
674 5163 702 5217 6
753 5163 890 5237 πρὸς
942 5163 1070 5217 Θεὸν
1124 5160 1449 5236 διορατικῶς
1490 5159 1910 5233 ἐκτυπούμενος.
1943 5159 2044 5214 Καὶ

394 5252 539 5306 οὕτω
592 5254 687 5325 μὲν
721 5252 776 5306 ἐν
830 5248 1034 5326 ἐδαφίω
1065 5251 1282 5326 ἀρχαίῳ
1310 5251 1370 5304 τὸ
1415 5249 1468 5303 ’ίε
1515 5250 1758 5323 κείμενον
1813 5245 2042 5318 παραδέ-

396 5337 622 5397 δεικται.
663 5345 768 5396 Τοῦ
822 5337 880 5394 δέ
929 5339 984 5410 ἰὴ
1044 5338 1380 5416 πλατυτέρας
1433 5337 1601 5408 οὔσης
1653 5338 1704 5392 ἐν
1764 5341 1885 5398 τοῖς
1943 5356 2042 5389 πα-

397 5429 578 5493 λαιοῖς
627 5435 932 5508 προφορᾶς,
974 5430 1272 5506 πρόχειρος
1317 5433 1351 5499 ἡ
1403 5427 1453 5482 ἐν
1499 5433 1576 5500 τῷ
1615 5427 1695 5498 ἰὴ,
1747 5425 1942 5493 παιὼν,
1982 5421 2042 5479 οὖ

399 5516 644 5591 δήλωσις
693 5517 1076 5593 μεταληπτική
1117 5521 1178 5574 τὸ
1218 5521 1263 5573 ὠ
1301 5518 1619 5594 θεραπευτὰ,
1662 5512 1717 5571 εἷ’
1757 5536 1838 5577 τις
1892 5513 2040 5577 ἐνθυ-

405 5613 586 5682 μοῖτο,
629 5612 844 5664 παιῶνα
885 5613 1077 5662 τοῦτον
1117 5606 1361 5682 λέγεσθαι
1411 5607 1503 5660 τὸν
1571 5606 1826 5681 ἰατρικῶς
1886 5605 2039 5677 θερα-

404 5697 630 5753 πεύοντα
663 5714 676 5730 ⁸
735 5696 826 5752 καὶ
882 5693 1054 5753 ἔοικεν
1117 5695 1255 5751 ἴασιν
1330 5695 1691 5768 ὑπεσχῆσθαι,
1743 5693 1777 5763 ἢ
1835 5694 2039 5768 προκα-

2148 3273 2384 3368 quietus
2443 3295 2497 3345 cl.
2554 3286 2762 3343 anxius
2818 3298 2974 3346 sum,
3033 3279 3215 3333 donec
3247 3277 3475 3329 videam
3501 3273 3795 3345 quomodo

2145 3361 2522 3441 constitueris
2554 3377 2609 3432 id
2647 3373 2799 3446 quod
2823 3366 3202 3443 proposuisti,
3237 3381 3426 3436 neque
3482 3361 3646 3418 valeo
3686 3378 3792 3417 us-

2147 3490 2259 3537 que
2293 3470 2360 3524 ad
2401 3469 2571 3522 linem
2607 3464 2761 3520 clare
2793 3457 3122 3532 perspicere

2215 3563 2268 3614 8.
2303 3556 2590 3614 Hierocles.
2618 3551 2792 3616 Audi,
2825 3565 2857 3603 ο
2886 3543 3222 3616 Theophile.
3261 3543 3392 3597 Duae
3443 3539 3594 3594 inter
3634 3540 3789 3592 vete-

2147 3667 2239 3705 res
2270 3644 2607 3704 venerandio
2641 3656 2810 3696 voces
2843 3636 3067 3691 traditae
3100 3637 3263 3698 sunt,
3286 3636 3492 3685 tenues
3523 3632 3579 3683 et
3632 3627 3800 3682 clara:

2147 3737 2338 3811 quoad
2373 3749 2600 3798 sonum,
2639 3723 3146 3794 licctcmteroquin
3195 3737 3308 3775 non
3368 3717 3514 3773 satis
3567 3715 3797 3788 perspi-

2148 3805 2289 3887 cum,
2344 3824 2438 3878 hic
2497 3826 2555 3875 et
2585 3819 2636 3874 ié
2689 3813 2777 3887 (ίε,
2838 3814 2939 3882 ἰή).
3003 3813 3164 3866 Prior
3219 3806 3514 3864 adhortari
3548 3805 3798 3873 videtur,

2147 3911 2649 3983 quemadmodum
2683 3921 2808 3978 age,
2835 3903 3108 3976 agedum,
3139 3905 3195 3954 et
3223 3897 3384 3952 illius
3443 3892 3793 3983 signiﬁcatio

2148 4004 2438 4060 estmille.
2523 3999 2775 4067 Ideoque
2813 4007 3017 4064 aspero
3063 3992 3302 4044 notatur
3354 3985 3562 4058 spirilu
3617 3982 3809 4055 prima

2150 4091 2306 4148 vocis
2339 4091 2551 4145 littera.
2583 4085 2701 4139 Vox
2735 4088 2928 4138 autem
2992 4077 3046 4146 ἰή
3106 4093 3346 4150 prorsus
3405 4073 3616 4128 dili'ert.
3673 4071 3798 4125 Non

2152 4182 2306 4237 enim
2355 4175 2822 4233 adhortationem
2887 4168 3181 4240 signiﬁcat
3227 4164 3316 4218 vel
3370 4165 3632 4233 jussum,
3695 4176 3800 4215 nec

2154 4284 2422 4342 asperum
2456 4266 2632 4320 habet
2662 4261 2936 4332 spiritum
2971 4261 3066 4314 :et
3095 4255 3294 4309 divino
3327 4252 3630 4342 instinctu
3673 4265 3810 4320 pro-

2155 4337 2358 4415 fertur.
2388 4357 2458 4410 Et
2490 4354 2644 4426 prior
2667 4349 2902 4423 quidem
2936 4347 3176 4418 apparot
3225 4343 3282 4396 in
3348 4341 3451 4395 hac
3494 4337 3747 4426 dictione
3791 4354 3804 4392 :

2149 4445 2222 4514 ἵε,
2258 4450 2376 4511 παῖ,
2440 4425 2548 4498 hoc
2605 4445 2714 4506 est,
2776 4439 2938 4492 mitte
3006 4451 3108 4488 seu
3190 4432 3439 4502 porrige,
3511 4425 3792 4480 nimirum

2156 4513 2338 4592 telum
2367 4532 2646 4588 auxiliare
2678 4533 2780 4582 aut
2810 4526 2966 4580 aliud
2998 4523 3138 4594 quid
3173 4516 3618 4580 subsidiarium,
3639 4513 3797 4568 unde

2153 4626 2449 4680 derivatur
2480 4637 2590 4674 non
2626 4617 2812 4672 solum
2847 4611 2993 4681 ἤϊος,
3030 4612 3084 4665 id
3118 4613 3208 4665 est
3257 4605 3356 4679 qui
3413 4605 3496 4664 sic
3559 4602 3813 4675 porrigit

2154 4731 2254 4771 seu
2294 4711 2475 4766 mittit
2505 4709 2574 4763 ad
2609 4704 2916 4768 auxilium,
2950 4699 3106 4755 velut
3163 4697 3212 4752 si
3275 4698 3431 4750 esset
3485 4692 3632 4761 ἱήϊος
3685 4707 3796 4747 vox

2154 4797 2612 4875 quadrisyllaba,
2647 4794 2746 4849 sed
2780 4791 2949 4847 etiam
2977 4785 3161 4854 ἵλαος,
3194 4785 3304 4875 hoc
3341 4786 3578 4875 est-qui
3634 4779 3799 4875 vultu

2155 4867 2588 4962 supernaturali
2621 4881 2852 4954 aspicit.
2888 4882 3032 4933 Cum
3065 4875 3222 4932 enim
3255 4874 3382 4944 ὁρᾷν
3442 4870 3684 4962 (“videret
3725 4867 3805 4962 in

2155 4954 2302 5033 λάέιν
2337 4974 2640 5050 (aspicere)
2676 4973 3063 5036 transmutas,
3117 4969 3241 5018 tum
3295 4959 3407 5016 erit
3455 4954 3620 5050 ’ίλαος
3669 4956 3808 5050 (cle-

2155 5045 2352 5138 mens)‘
2376 5045 2627 5138 primum
2662 5061 2836 5128 Deus,
2872 5055 3070 5112 omnia
3101 5050 3452 5138 inspiciens,
3481 5048 3580 5138 qui
3613 5051 3670 5105 et
3692 5045 3810 5138 Adi-

2155 5157 2287 5229 gnis
2317 5135 2572 5211 nobis
2603 5148 2791 5218 ἱλήκοι
2824 5145 3136 5218 (pr0pitius
3187 5141 3306 5210 sit),
3367 5137 3588 5229 dei—nde
3627 5135 3806 5229 etiam

2155 5224 2253 5318 qui
2289 5243 2504 5299 montis
2537 5240 2660 5296 acie
2694 5239 2807 5292 Deo
2840 5235 3048 5291 similis
3085 5233 3274 5287 factus
3305 5233 3414 5284 est.
3440 5227 3511 5281 Et
3543 5225 3627 5280 sic
3678 5224 3814 5318 qui-

2155 5316 2283 5390 dem
2319 5347 2509 5388 vocem
2533 5326 2586 5381 ’ίε
2613 5329 2668 5383 in
2704 5326 2944 5396 antiquo
2985 5323 3133 5377 libro
3165 5319 3417 5391 quodam
3462 5316 3806 5384 usurpatam

2157 5423 2506 5480 invenimus.
2568 5417 2733 5473 Vocis
2783 5408 2986 5470 autem
3037 5411 3094 5479 ἰὴ
3155 5423 3366 5464 sensus
3399 5402 3601 5458 'latius
3643 5405 3805 5474 patet

2154 5514 2305 5586 apud
2352 5517 2592 5575 veteres,
2636 5512 2693 5562 et
2749 5507 2989 5576 apparet
3049 5500 3109 5554 in
3150 5497 3298 5586 illo:
3351 5489 3659 5586 iﬁ,_mu6v,
3693 5490 3802 5586 hoc

2151 5581 2316 5666 est,o
2379 5606 2439 5655 tu
2497 5599 2592 5670 qui
2651 5611 2842 5656 curas,
2906 5591 2954 5646 si
3013 5589 3145 5662 quis
3199 5585 3340 5640 velit
3396 5581 3564 5636 illum
3587 5582 3798 5670 παιῶνα

2153 5668 2528 5763 (curatoremi
2559 5685 2672 5740 dici
2707 5683 2804 5756 qui
2836 5679 3042 5737 medici
3077 5691 3237 5734 more
3268 5671 3538 5741 inservit,
3607 5674 3665 5725 et
3709 5668 3796 5724 vi-

3781 5903 3995 6025 ..τί
