  <div class='ocr_page' id='page_1' title='image "/cluster/home/n/w/nwhite01/storage/ocr_20150623/135/hvd.32044073502528/463.png"; bbox 0 0 4104 6210; ppageno 0'>
   <div class='ocr_carea' id='block_1_1' title="bbox 354 339 473 399">
    <p class='ocr_par' dir='ltr' id='par_1_1' title="bbox 354 339 473 399">
     <span class='ocr_line' id='line_1_1' title="bbox 354 339 473 399; baseline -0.017 0"><span class='ocrx_word' id='word_1_1' title='bbox 354 339 473 399; x_wconf 80' lang='grc'>915</span> 
     </span>
    </p>
   </div>
   <div class='ocr_carea' id='block_1_2' title="bbox 1128 339 2995 404">
    <p class='ocr_par' dir='ltr' id='par_1_2' title="bbox 1128 339 2995 404">
     <span class='ocr_line' id='line_1_2' title="bbox 1128 339 2995 404; baseline 0.002 -4"><span class='ocrx_word' id='word_1_2' title='bbox 1128 339 1550 402; x_wconf 74' lang='lat' dir='ltr'>EUSTAThll</span> <span class='ocrx_word' id='word_1_3' title='bbox 1600 339 1896 402; x_wconf 80' lang='lat' dir='ltr'>TH’ESSA</span> <span class='ocrx_word' id='word_1_4' title='bbox 1911 341 2364 403; x_wconf 77' lang='lat' dir='ltr'>LONICENSIS</span> <span class='ocrx_word' id='word_1_5' title='bbox 2415 340 2995 404; x_wconf 73' lang='lat' dir='ltr'>METBOPOLITE</span> 
     </span>
    </p>
   </div>
   <div class='ocr_carea' id='block_1_3' title="bbox 3615 347 3721 408">
    <p class='ocr_par' dir='ltr' id='par_1_3' title="bbox 3615 347 3721 408">
     <span class='ocr_line' id='line_1_3' title="bbox 3615 347 3721 408; baseline 0 0"><span class='ocrx_word' id='word_1_6' title='bbox 3615 347 3721 408; x_wconf 82' lang='lat' dir='ltr'>9l6</span> 
     </span>
    </p>
   </div>
   <div class='ocr_carea' id='block_1_4' title="bbox 357 470 2040 548">
    <p class='ocr_par' dir='ltr' id='par_1_4' title="bbox 357 473 2014 547">
     <span class='ocr_line' id='line_1_4' title="bbox 357 473 2014 547; baseline -0.001 -16"><span class='ocrx_word' id='word_1_7' title='bbox 357 475 530 532; x_wconf 82' lang='lat' dir='ltr'>detur</span> <span class='ocrx_word' id='word_1_8' title='bbox 559 473 668 531; x_wconf 90' lang='lat' dir='ltr'>hoc</span> <span class='ocrx_word' id='word_1_9' title='bbox 701 473 1045 530; x_wconf 82' lang='lat' dir='ltr'>vocabulum</span> <span class='ocrx_word' id='word_1_10' title='bbox 1099 473 1466 530; x_wconf 77' lang='lat' dir='ltr'>sanationem</span> <span class='ocrx_word' id='word_1_11' title='bbox 1545 474 1833 532; x_wconf 80' lang='lat' dir='ltr'>ccelestem</span> <span class='ocrx_word' id='word_1_12' title='bbox 1887 493 2014 547; x_wconf 84' lang='lat' dir='ltr'>pro-</span> 
     </span>
    </p>
   </div>
   <div class='ocr_carea' id='block_1_5' title="bbox 2154 470 3724 548">
    <p class='ocr_par' dir='ltr' id='par_1_5' title="bbox 2154 470 3724 548">
     <span class='ocr_line' id='line_1_5' title="bbox 2154 470 3724 548; baseline 0.003 -20"><span class='ocrx_word' id='word_1_13' title='bbox 2154 480 2334 538; x_wconf 78' lang='grc' dir='ltr'>,εῖσθαι</span> <span class='ocrx_word' id='word_1_14' title='bbox 2370 475 2548 538; x_wconf 80' lang='grc' dir='ltr'>θεόθεν</span> <span class='ocrx_word' id='word_1_15' title='bbox 2590 472 2849 548; x_wconf 69' lang='grc' dir='ltr'>τοῦνομα.</span> <span class='ocrx_word' id='word_1_16' title='bbox 2890 473 3176 532; x_wconf 82' lang='grc' dir='ltr'>Τοιούτοιν</span> <span class='ocrx_word' id='word_1_17' title='bbox 3222 470 3390 530; x_wconf 70' lang='grc' dir='ltr'>ὄντοιν</span> <span class='ocrx_word' id='word_1_18' title='bbox 3435 481 3525 532; x_wconf 89' lang='grc' dir='ltr'>τοῦ</span> <span class='ocrx_word' id='word_1_19' title='bbox 3561 477 3609 532; x_wconf 69' lang='grc' dir='ltr'>’ίε</span> <span class='ocrx_word' id='word_1_20' title='bbox 3649 480 3724 534; x_wconf 80' lang='grc' dir='ltr'>καὶ</span> 
     </span>
    </p>
   </div>
   <div class='ocr_carea' id='block_1_6' title="bbox 360 563 2007 636">
    <p class='ocr_par' dir='ltr' id='par_1_6' title="bbox 360 563 2007 636">
     <span class='ocr_line' id='line_1_6' title="bbox 360 563 2007 636; baseline -0.001 -15"><span class='ocrx_word' id='word_1_21' title='bbox 360 570 591 621; x_wconf 86' lang='lat' dir='ltr'>mitlere</span> <span class='ocrx_word' id='word_1_22' title='bbox 624 569 724 620; x_wconf 90' lang='lat' dir='ltr'>aut</span> <span class='ocrx_word' id='word_1_23' title='bbox 750 564 1035 620; x_wconf 79' lang='lat' dir='ltr'>invocare.</span> <span class='ocrx_word' id='word_1_24' title='bbox 1071 567 1213 618; x_wconf 88' lang='lat' dir='ltr'>Cum</span> <span class='ocrx_word' id='word_1_25' title='bbox 1245 563 1424 636; x_wconf 80' lang='lat' dir='ltr'>igitur</span> <span class='ocrx_word' id='word_1_26' title='bbox 1463 563 1583 619; x_wconf 56' lang='lat' dir='ltr'>hac</span> <span class='ocrx_word' id='word_1_27' title='bbox 1633 565 1759 620; x_wconf 67' lang='lat' dir='ltr'>duae</span> <span class='ocrx_word' id='word_1_28' title='bbox 1818 582 2007 632; x_wconf 89' lang='lat' dir='ltr'>voces,</span> 
     </span>
    </p>
   </div>
   <div class='ocr_carea' id='block_1_7' title="bbox 364 652 2009 725">
    <p class='ocr_par' dir='ltr' id='par_1_7' title="bbox 364 652 2009 725">
     <span class='ocr_line' id='line_1_7' title="bbox 364 652 2009 725; baseline 0 -17"><span class='ocrx_word' id='word_1_29' title='bbox 364 652 412 708; x_wconf 85' lang='grc' dir='ltr'>ὶε</span> <span class='ocrx_word' id='word_1_30' title='bbox 442 659 499 709; x_wconf 85' lang='lat' dir='ltr'>et</span> <span class='ocrx_word' id='word_1_31' title='bbox 521 652 604 722; x_wconf 76' lang='grc' dir='ltr'>ίή,</span> <span class='ocrx_word' id='word_1_32' title='bbox 632 652 715 710; x_wconf 90' lang='lat' dir='ltr'>ita</span> <span class='ocrx_word' id='word_1_33' title='bbox 745 669 805 710; x_wconf 86' lang='lat' dir='ltr'>se</span> <span class='ocrx_word' id='word_1_34' title='bbox 833 653 1088 709; x_wconf 78' lang='lat' dir='ltr'>habeant</span> <span class='ocrx_word' id='word_1_35' title='bbox 1146 653 1301 725; x_wconf 89' lang='lat' dir='ltr'>(nam</span> <span class='ocrx_word' id='word_1_36' title='bbox 1336 652 1477 709; x_wconf 87' lang='lat' dir='ltr'>velle</span> <span class='ocrx_word' id='word_1_37' title='bbox 1511 657 1564 709; x_wconf 88' lang='lat' dir='ltr'>te</span> <span class='ocrx_word' id='word_1_38' title='bbox 1623 653 1792 725; x_wconf 90' lang='lat' dir='ltr'>plura</span> <span class='ocrx_word' id='word_1_39' title='bbox 1822 672 1855 709; x_wconf 92' lang='lat' dir='ltr'>a</span> <span class='ocrx_word' id='word_1_40' title='bbox 1907 669 2009 708; x_wconf 85' lang='lat' dir='ltr'>no-</span> 
     </span>
    </p>
   </div>
   <div class='ocr_carea' id='block_1_8' title="bbox 363 742 2012 814">
    <p class='ocr_par' dir='ltr' id='par_1_8' title="bbox 363 742 2012 814">
     <span class='ocr_line' id='line_1_8' title="bbox 363 742 2012 814; baseline 0 -16"><span class='ocrx_word' id='word_1_41' title='bbox 363 744 461 799; x_wconf 87' lang='lat' dir='ltr'>bis</span> <span class='ocrx_word' id='word_1_42' title='bbox 492 743 716 810; x_wconf 86' lang='lat' dir='ltr'>audire,</span> <span class='ocrx_word' id='word_1_43' title='bbox 752 743 841 797; x_wconf 85' lang='lat' dir='ltr'>vix</span> <span class='ocrx_word' id='word_1_44' title='bbox 871 743 1236 809; x_wconf 80' lang='lat' dir='ltr'>crediderim,</span> <span class='ocrx_word' id='word_1_45' title='bbox 1279 760 1311 797; x_wconf 96' lang='lat' dir='ltr'>o</span> <span class='ocrx_word' id='word_1_46' title='bbox 1366 742 1732 814; x_wconf 78' lang='lat' dir='ltr'>Theophila),</span> <span class='ocrx_word' id='word_1_47' title='bbox 1782 744 1854 798; x_wconf 86' lang='lat' dir='ltr'>ab</span> <span class='ocrx_word' id='word_1_48' title='bbox 1912 742 2012 798; x_wconf 87' lang='lat' dir='ltr'>illa</span> 
     </span>
    </p>
   </div>
   <div class='ocr_carea' id='block_1_9' title="bbox 370 830 2012 905">
    <p class='ocr_par' dir='ltr' id='par_1_9' title="bbox 370 830 2012 905">
     <span class='ocr_line' id='line_1_9' title="bbox 370 830 2012 905; baseline 0 -19"><span class='ocrx_word' id='word_1_49' title='bbox 370 830 427 888; x_wconf 80' lang='grc' dir='ltr'>’ίε</span> <span class='ocrx_word' id='word_1_50' title='bbox 465 834 678 905; x_wconf 89' lang='lat' dir='ltr'>(neque</span> <span class='ocrx_word' id='word_1_51' title='bbox 700 832 966 888; x_wconf 89' lang='lat' dir='ltr'>Patrihus</span> <span class='ocrx_word' id='word_1_52' title='bbox 999 831 1140 904; x_wconf 87' lang='lat' dir='ltr'>ipsis</span> <span class='ocrx_word' id='word_1_53' title='bbox 1194 830 1328 887; x_wconf 87' lang='lat' dir='ltr'>talis</span> <span class='ocrx_word' id='word_1_54' title='bbox 1359 831 1681 887; x_wconf 89' lang='lat' dir='ltr'>enucleatio</span> <span class='ocrx_word' id='word_1_55' title='bbox 1722 833 2012 903; x_wconf 79' lang='lat' dir='ltr'>displicet)</span> 
     </span>
    </p>
   </div>
   <div class='ocr_carea' id='block_1_10' title="bbox 369 922 2016 997">
    <p class='ocr_par' dir='ltr' id='par_1_10' title="bbox 369 922 2016 997">
     <span class='ocr_line' id='line_1_10' title="bbox 369 922 2016 997; baseline -0.001 -16"><span class='ocrx_word' id='word_1_56' title='bbox 369 923 648 997; x_wconf 75' lang='lat' dir='ltr'>OI‘lngBI:‘.</span> <span class='ocrx_word' id='word_1_57' title='bbox 687 939 918 979; x_wconf 86' lang='lat' dir='ltr'>sumere</span> <span class='ocrx_word' id='word_1_58' title='bbox 949 929 1190 995; x_wconf 75' lang='lat' dir='ltr'>apparet</span> <span class='ocrx_word' id='word_1_59' title='bbox 1232 940 1340 978; x_wconf 83' lang='lat' dir='ltr'>vox</span> <span class='ocrx_word' id='word_1_60' title='bbox 1397 922 1539 995; x_wconf 72' lang='grc' dir='ltr'>ἱερὸν</span> <span class='ocrx_word' id='word_1_61' title='bbox 1583 924 1899 996; x_wconf 86' lang='lat' dir='ltr'>(sanctum)</span> <span class='ocrx_word' id='word_1_62' title='bbox 1957 930 2016 980; x_wconf 92' lang='lat' dir='ltr'>et</span> 
     </span>
    </p>
   </div>
   <div class='ocr_carea' id='block_1_11' title="bbox 369 1011 2015 1084">
    <p class='ocr_par' dir='ltr' id='par_1_11' title="bbox 369 1011 2015 1084">
     <span class='ocr_line' id='line_1_11' title="bbox 369 1011 2015 1084; baseline -0.001 -14"><span class='ocrx_word' id='word_1_63' title='bbox 369 1013 569 1070; x_wconf 89' lang='lat' dir='ltr'>omnia</span> <span class='ocrx_word' id='word_1_64' title='bbox 600 1011 819 1069; x_wconf 82' lang='lat' dir='ltr'>si;nilia</span> <span class='ocrx_word' id='word_1_65' title='bbox 849 1012 1148 1068; x_wconf 86' lang='lat' dir='ltr'>vocabula.</span> <span class='ocrx_word' id='word_1_66' title='bbox 1213 1011 1416 1068; x_wconf 89' lang='lat' dir='ltr'>Utrum</span> <span class='ocrx_word' id='word_1_67' title='bbox 1477 1018 1651 1084; x_wconf 89' lang='lat' dir='ltr'>putas</span> <span class='ocrx_word' id='word_1_68' title='bbox 1703 1030 1807 1069; x_wconf 88' lang='lat' dir='ltr'>nos</span> <span class='ocrx_word' id='word_1_69' title='bbox 1865 1019 2015 1068; x_wconf 86' lang='lat' dir='ltr'>recte</span> 
     </span>
    </p>
   </div>
   <div class='ocr_carea' id='block_1_12' title="bbox 365 1101 2015 1174">
    <p class='ocr_par' dir='ltr' id='par_1_12' title="bbox 365 1101 2015 1174">
     <span class='ocr_line' id='line_1_12' title="bbox 365 1101 2015 1174; baseline -0.001 -15"><span class='ocrx_word' id='word_1_70' title='bbox 365 1102 527 1174; x_wconf 89' lang='lat' dir='ltr'>loqui</span> <span class='ocrx_word' id='word_1_71' title='bbox 550 1107 650 1157; x_wconf 90' lang='lat' dir='ltr'>aut</span> <span class='ocrx_word' id='word_1_72' title='bbox 685 1102 766 1158; x_wconf 90' lang='lat' dir='ltr'>vis</span> <span class='ocrx_word' id='word_1_73' title='bbox 798 1119 905 1158; x_wconf 91' lang='lat' dir='ltr'>nos</span> <span class='ocrx_word' id='word_1_74' title='bbox 936 1101 1029 1157; x_wconf 89' lang='lat' dir='ltr'>hic</span> <span class='ocrx_word' id='word_1_75' title='bbox 1053 1102 1398 1170; x_wconf 79' lang='lat' dir='ltr'>subsistere,</span> <span class='ocrx_word' id='word_1_76' title='bbox 1435 1119 1504 1158; x_wconf 91' lang='lat' dir='ltr'>nc</span> <span class='ocrx_word' id='word_1_77' title='bbox 1567 1102 1709 1158; x_wconf 83' lang='lat' dir='ltr'>risui</span> <span class='ocrx_word' id='word_1_78' title='bbox 1766 1120 1872 1158; x_wconf 91' lang='lat' dir='ltr'>nos</span> <span class='ocrx_word' id='word_1_79' title='bbox 1921 1119 2015 1158; x_wconf 85' lang='lat' dir='ltr'>ex-</span> 
     </span>
    </p>
   </div>
   <div class='ocr_carea' id='block_1_13' title="bbox 368 1191 702 1265">
    <p class='ocr_par' dir='ltr' id='par_1_13' title="bbox 368 1191 702 1265">
     <span class='ocr_line' id='line_1_13' title="bbox 368 1191 702 1265; baseline -0.003 -17"><span class='ocrx_word' id='word_1_80' title='bbox 368 1208 656 1265; x_wconf 84' lang='lat' dir='ltr'>ponamus</span> <span class='ocrx_word' id='word_1_81' title='bbox 675 1191 702 1247; x_wconf 86' lang='lat'><strong>?</strong></span> 
     </span>
    </p>
   </div>
   <div class='ocr_carea' id='block_1_14' title="bbox 437 1277 2018 1351">
    <p class='ocr_par' dir='ltr' id='par_1_14' title="bbox 437 1277 2018 1351">
     <span class='ocr_line' id='line_1_14' title="bbox 437 1277 2018 1351; baseline -0.002 -15"><span class='ocrx_word' id='word_1_82' title='bbox 437 1283 491 1336; x_wconf 84' lang='lat'>9.</span> <span class='ocrx_word' id='word_1_83' title='bbox 526 1280 860 1351; x_wconf 76' lang='lat' dir='ltr'>Theophilus.</span> <span class='ocrx_word' id='word_1_84' title='bbox 896 1280 1129 1351; x_wconf 78' lang='lat' dir='ltr'>Optime</span> <span class='ocrx_word' id='word_1_85' title='bbox 1155 1277 1299 1333; x_wconf 87' lang='lat' dir='ltr'>mihi</span> <span class='ocrx_word' id='word_1_86' title='bbox 1337 1279 1679 1349; x_wconf 85' lang='lat' dir='ltr'>persuades,</span> <span class='ocrx_word' id='word_1_87' title='bbox 1729 1295 1762 1334; x_wconf 94' lang='lat' dir='ltr'>o</span> <span class='ocrx_word' id='word_1_88' title='bbox 1818 1278 2018 1334; x_wconf 85' lang='lat' dir='ltr'>Hiero-</span> 
     </span>
    </p>
   </div>
   <div class='ocr_carea' id='block_1_15' title="bbox 370 1367 2020 1440">
    <p class='ocr_par' dir='ltr' id='par_1_15' title="bbox 370 1367 2020 1440">
     <span class='ocr_line' id='line_1_15' title="bbox 370 1367 2020 1440; baseline -0.004 -12"><span class='ocrx_word' id='word_1_89' title='bbox 370 1371 488 1428; x_wconf 85' lang='lat' dir='ltr'>cles</span> <span class='ocrx_word' id='word_1_90' title='bbox 519 1388 532 1438; x_wconf 89' lang='lat'>;</span> <span class='ocrx_word' id='word_1_91' title='bbox 566 1368 937 1425; x_wconf 83' lang='lat' dir='ltr'>solummodo</span> <span class='ocrx_word' id='word_1_92' title='bbox 963 1367 1312 1440; x_wconf 81' lang='lat' dir='ltr'>profundius</span> <span class='ocrx_word' id='word_1_93' title='bbox 1349 1367 1408 1420; x_wconf 90' lang='lat' dir='ltr'>in</span> <span class='ocrx_word' id='word_1_94' title='bbox 1441 1383 1682 1422; x_wconf 84' lang='lat' dir='ltr'>sensum</span> <span class='ocrx_word' id='word_1_95' title='bbox 1715 1367 2020 1439; x_wconf 84' lang='lat' dir='ltr'>inquirens</span> 
     </span>
    </p>
   </div>
   <div class='ocr_carea' id='block_1_16' title="bbox 373 1455 2020 1530">
    <p class='ocr_par' dir='ltr' id='par_1_16' title="bbox 373 1455 2020 1530">
     <span class='ocr_line' id='line_1_16' title="bbox 373 1455 2020 1530; baseline -0.004 -13"><span class='ocrx_word' id='word_1_96' title='bbox 373 1465 430 1518; x_wconf 86' lang='lat' dir='ltr'>et</span> <span class='ocrx_word' id='word_1_97' title='bbox 458 1457 732 1516; x_wconf 86' lang='lat' dir='ltr'>subtilius</span> <span class='ocrx_word' id='word_1_98' title='bbox 766 1457 1054 1530; x_wconf 89' lang='lat' dir='ltr'>explicare</span> <span class='ocrx_word' id='word_1_99' title='bbox 1087 1457 1330 1512; x_wconf 86' lang='lat' dir='ltr'>studens</span> <span class='ocrx_word' id='word_1_100' title='bbox 1355 1456 1651 1527; x_wconf 81' lang='lat' dir='ltr'>adjiciam,</span> <span class='ocrx_word' id='word_1_101' title='bbox 1683 1455 1825 1528; x_wconf 77' lang='grc' dir='ltr'>ἱερὸν</span> <span class='ocrx_word' id='word_1_102' title='bbox 1859 1460 2020 1525; x_wconf 85' lang='lat' dir='ltr'>(san-</span> 
     </span>
    </p>
   </div>
   <div class='ocr_carea' id='block_1_17' title="bbox 376 1544 1699 1619">
    <p class='ocr_par' dir='ltr' id='par_1_17' title="bbox 376 1544 1699 1619">
     <span class='ocr_line' id='line_1_17' title="bbox 376 1544 1699 1619; baseline -0.007 -13"><span class='ocrx_word' id='word_1_103' title='bbox 376 1553 556 1619; x_wconf 87' lang='lat' dir='ltr'>ctum)</span> <span class='ocrx_word' id='word_1_104' title='bbox 576 1565 706 1604; x_wconf 88' lang='lat' dir='ltr'>esse</span> <span class='ocrx_word' id='word_1_105' title='bbox 735 1565 768 1602; x_wconf 88' lang='lat' dir='ltr'>a</span> <span class='ocrx_word' id='word_1_106' title='bbox 799 1563 914 1618; x_wconf 91' lang='lat' dir='ltr'>quo</span> <span class='ocrx_word' id='word_1_107' title='bbox 948 1546 1200 1601; x_wconf 87' lang='lat' dir='ltr'>mittitur</span> <span class='ocrx_word' id='word_1_108' title='bbox 1231 1545 1380 1601; x_wconf 89' lang='lat' dir='ltr'>bona</span> <span class='ocrx_word' id='word_1_109' title='bbox 1410 1544 1699 1600; x_wconf 90' lang='lat' dir='ltr'>valetudo.</span> 
     </span>
    </p>
   </div>
   <div class='ocr_carea' id='block_1_18' title="bbox 451 1651 2024 1723">
    <p class='ocr_par' dir='ltr' id='par_1_18' title="bbox 451 1651 2024 1723">
     <span class='ocr_line' id='line_1_18' title="bbox 451 1651 2024 1723; baseline -0.003 -12"><span class='ocrx_word' id='word_1_110' title='bbox 451 1655 737 1712; x_wconf 82' lang='lat' dir='ltr'>Hierocles.</span> <span class='ocrx_word' id='word_1_111' title='bbox 764 1655 898 1708; x_wconf 80' lang='lat' dir='ltr'>Rem</span> <span class='ocrx_word' id='word_1_112' title='bbox 931 1658 1064 1708; x_wconf 88' lang='lat' dir='ltr'>actu</span> <span class='ocrx_word' id='word_1_113' title='bbox 1098 1651 1364 1722; x_wconf 75' lang='lat' dir='ltr'>tetigisti,</span> <span class='ocrx_word' id='word_1_114' title='bbox 1397 1669 1428 1707; x_wconf 94' lang='lat' dir='ltr'>o</span> <span class='ocrx_word' id='word_1_115' title='bbox 1459 1651 1796 1723; x_wconf 85' lang='lat' dir='ltr'>Theophile,</span> <span class='ocrx_word' id='word_1_116' title='bbox 1847 1658 1906 1708; x_wconf 89' lang='lat' dir='ltr'>et</span> <span class='ocrx_word' id='word_1_117' title='bbox 1952 1653 2024 1706; x_wconf 88' lang='lat' dir='ltr'>ab</span> 
     </span>
    </p>
   </div>
   <div class='ocr_carea' id='block_1_19' title="bbox 378 1740 2025 1812">
    <p class='ocr_par' dir='ltr' id='par_1_19' title="bbox 378 1740 2025 1812">
     <span class='ocr_line' id='line_1_19' title="bbox 378 1740 2025 1812; baseline -0.003 -11"><span class='ocrx_word' id='word_1_118' title='bbox 378 1745 550 1801; x_wconf 90' lang='lat' dir='ltr'>initio</span> <span class='ocrx_word' id='word_1_119' title='bbox 583 1744 655 1800; x_wconf 90' lang='lat' dir='ltr'>ad</span> <span class='ocrx_word' id='word_1_120' title='bbox 689 1743 867 1798; x_wconf 83' lang='lat' dir='ltr'>linem</span> <span class='ocrx_word' id='word_1_121' title='bbox 912 1747 1066 1797; x_wconf 86' lang='lat' dir='ltr'>recte</span> <span class='ocrx_word' id='word_1_122' title='bbox 1098 1741 1434 1812; x_wconf 86' lang='lat' dir='ltr'>pervenisti,</span> <span class='ocrx_word' id='word_1_123' title='bbox 1466 1740 1550 1795; x_wconf 86' lang='lat' dir='ltr'>uti</span> <span class='ocrx_word' id='word_1_124' title='bbox 1612 1741 1881 1812; x_wconf 91' lang='lat' dir='ltr'>poverbio</span> <span class='ocrx_word' id='word_1_125' title='bbox 1938 1743 2025 1796; x_wconf 89' lang='lat' dir='ltr'>di-</span> 
     </span>
    </p>
   </div>
   <div class='ocr_carea' id='block_1_20' title="bbox 2116 561 3725 642">
    <p class='ocr_par' dir='ltr' id='par_1_20' title="bbox 2116 561 3725 642">
     <span class='ocr_line' id='line_1_20' title="bbox 2116 561 3725 642; baseline 0.002 -23"><span class='ocrx_word' id='word_1_126' title='bbox 2116 568 2213 619; x_wconf 90' lang='grc' dir='ltr'>τοῦ</span> <span class='ocrx_word' id='word_1_127' title='bbox 2261 564 2314 634; x_wconf 83' lang='grc' dir='ltr'>ἰὴ</span> <span class='ocrx_word' id='word_1_128' title='bbox 2366 562 2832 640; x_wconf 74' lang='grc' dir='ltr'>(πολυρῥημονεῖν</span> <span class='ocrx_word' id='word_1_129' title='bbox 2882 565 2983 640; x_wconf 79' lang='grc' dir='ltr'>γὰρ</span> <span class='ocrx_word' id='word_1_130' title='bbox 3026 563 3103 627; x_wconf 75' lang='grc' dir='ltr'>εἷς</span> <span class='ocrx_word' id='word_1_131' title='bbox 3136 561 3304 620; x_wconf 74' lang='grc' dir='ltr'>πλέον</span> <span class='ocrx_word' id='word_1_132' title='bbox 3329 564 3424 621; x_wconf 73' lang='grc' dir='ltr'>οὐκ</span> <span class='ocrx_word' id='word_1_133' title='bbox 3450 564 3506 620; x_wconf 72' lang='grc' dir='ltr'>ἂν</span> <span class='ocrx_word' id='word_1_134' title='bbox 3557 565 3725 642; x_wconf 73' lang='grc' dir='ltr'>ἒθὲλῃς</span> 
     </span>
    </p>
   </div>
   <div class='ocr_carea' id='block_1_21' title="bbox 2119 651 3728 732">
    <p class='ocr_par' dir='ltr' id='par_1_21' title="bbox 2119 651 3728 732">
     <span class='ocr_line' id='line_1_21' title="bbox 2119 651 3728 732; baseline 0.002 -25"><span class='ocrx_word' id='word_1_135' title='bbox 2119 655 2286 726; x_wconf 76' lang='grc' dir='ltr'>ἡμᾶς,</span> <span class='ocrx_word' id='word_1_136' title='bbox 2315 652 2359 707; x_wconf 85' lang='grc' dir='ltr'>ὦ</span> <span class='ocrx_word' id='word_1_137' title='bbox 2413 653 2687 732; x_wconf 76' lang='grc' dir='ltr'>Θεόφιλε),</span> <span class='ocrx_word' id='word_1_138' title='bbox 2716 657 2814 709; x_wconf 89' lang='grc' dir='ltr'>τοῦ</span> <span class='ocrx_word' id='word_1_139' title='bbox 2852 651 2906 708; x_wconf 82' lang='grc' dir='ltr'>’ίε</span> <span class='ocrx_word' id='word_1_140' title='bbox 2954 653 3194 730; x_wconf 84' lang='grc' dir='ltr'>φαίνεται</span> <span class='ocrx_word' id='word_1_141' title='bbox 3249 656 3352 726; x_wconf 76' lang='grc' dir='ltr'>(καὶ</span> <span class='ocrx_word' id='word_1_142' title='bbox 3399 651 3518 710; x_wconf 63' lang='grc' dir='ltr'>οὐδὲ</span> <span class='ocrx_word' id='word_1_143' title='bbox 3559 655 3728 730; x_wconf 75' lang='grc' dir='ltr'>ἀπαρί-</span> 
     </span>
    </p>
   </div>
   <div class='ocr_carea' id='block_1_22' title="bbox 2122 741 3728 820">
    <p class='ocr_par' dir='ltr' id='par_1_22' title="bbox 2122 741 3728 820">
     <span class='ocr_line' id='line_1_22' title="bbox 2122 741 3728 820; baseline 0.002 -24"><span class='ocrx_word' id='word_1_144' title='bbox 2122 763 2236 797; x_wconf 86' lang='grc' dir='ltr'>σκει</span> <span class='ocrx_word' id='word_1_145' title='bbox 2302 748 2418 805; x_wconf 86' lang='grc' dir='ltr'>τοῖς</span> <span class='ocrx_word' id='word_1_146' title='bbox 2499 742 2736 818; x_wconf 81' lang='grc' dir='ltr'>ιιατράσι</span> <span class='ocrx_word' id='word_1_147' title='bbox 2808 747 2916 797; x_wconf 80' lang='grc' dir='ltr'>τῶν</span> <span class='ocrx_word' id='word_1_148' title='bbox 2984 742 3245 799; x_wconf 75' lang='grc' dir='ltr'>τοιούτων</span> <span class='ocrx_word' id='word_1_149' title='bbox 3309 741 3562 816; x_wconf 78' lang='grc' dir='ltr'>μεθόδων)</span> <span class='ocrx_word' id='word_1_150' title='bbox 3614 765 3728 820; x_wconf 80' lang='grc' dir='ltr'>παρ-</span> 
     </span>
    </p>
   </div>
   <div class='ocr_carea' id='block_1_23' title="bbox 2122 829 3729 907">
    <p class='ocr_par' dir='ltr' id='par_1_23' title="bbox 2122 829 3729 907">
     <span class='ocr_line' id='line_1_23' title="bbox 2122 829 3729 907; baseline 0.001 -21"><span class='ocrx_word' id='word_1_151' title='bbox 2122 829 2397 886; x_wconf 86' lang='grc' dir='ltr'>ειλκύσθαι</span> <span class='ocrx_word' id='word_1_152' title='bbox 2450 833 2512 887; x_wconf 88' lang='grc' dir='ltr'>τὸ</span> <span class='ocrx_word' id='word_1_153' title='bbox 2572 833 2714 887; x_wconf 75' lang='grc' dir='ltr'>ἱεθὸν</span> <span class='ocrx_word' id='word_1_154' title='bbox 2773 832 2862 887; x_wconf 70' lang='grc' dir='ltr'>καὶ</span> <span class='ocrx_word' id='word_1_155' title='bbox 2916 833 3017 900; x_wconf 77' lang='grc' dir='ltr'>τήν</span> <span class='ocrx_word' id='word_1_156' title='bbox 3090 833 3206 886; x_wconf 81' lang='grc' dir='ltr'>κατ’</span> <span class='ocrx_word' id='word_1_157' title='bbox 3262 830 3389 886; x_wconf 85' lang='grc' dir='ltr'>αύτό</span> <span class='ocrx_word' id='word_1_158' title='bbox 3453 834 3729 907; x_wconf 73' lang='grc' dir='ltr'>συστοιχίαν</span> 
     </span>
    </p>
   </div>
   <div class='ocr_carea' id='block_1_24' title="bbox 2125 919 3732 994">
    <p class='ocr_par' dir='ltr' id='par_1_24' title="bbox 2125 919 3732 994">
     <span class='ocr_line' id='line_1_24' title="bbox 2125 919 3732 994; baseline 0.001 -20"><span class='ocrx_word' id='word_1_159' title='bbox 2125 921 2353 978; x_wconf 73' lang='grc' dir='ltr'>ἅπασαν.</span> <span class='ocrx_word' id='word_1_160' title='bbox 2389 927 2544 984; x_wconf 85' lang='grc' dir='ltr'>Νοεῖς</span> <span class='ocrx_word' id='word_1_161' title='bbox 2603 925 2750 994; x_wconf 75' lang='grc' dir='ltr'>ἡμᾶς</span> <span class='ocrx_word' id='word_1_162' title='bbox 2803 919 2993 977; x_wconf 81' lang='grc' dir='ltr'>λαλεῖν</span> <span class='ocrx_word' id='word_1_163' title='bbox 3037 943 3089 976; x_wconf 91' lang='grc' dir='ltr'>τι</span> <span class='ocrx_word' id='word_1_164' title='bbox 3139 920 3331 993; x_wconf 82' lang='grc' dir='ltr'>καλὸν,</span> <span class='ocrx_word' id='word_1_165' title='bbox 3378 920 3411 989; x_wconf 73' lang='grc' dir='ltr'><strong>ἢ</strong></span> <span class='ocrx_word' id='word_1_166' title='bbox 3461 920 3732 994; x_wconf 73' lang='grc' dir='ltr'>στησόμεθα</span> 
     </span>
    </p>
   </div>
   <div class='ocr_carea' id='block_1_25' title="bbox 2123 1007 3379 1086">
    <p class='ocr_par' dir='ltr' id='par_1_25' title="bbox 2123 1007 3379 1086">
     <span class='ocr_line' id='line_1_25' title="bbox 2123 1007 3379 1086; baseline 0.002 -22"><span class='ocrx_word' id='word_1_167' title='bbox 2123 1014 2220 1064; x_wconf 86' lang='grc' dir='ltr'>τοῦ</span> <span class='ocrx_word' id='word_1_168' title='bbox 2251 1012 2553 1085; x_wconf 69' lang='grc' dir='ltr'>περαιτέρω</span> <span class='ocrx_word' id='word_1_169' title='bbox 2585 1009 2788 1086; x_wconf 73' lang='grc' dir='ltr'>λέγειν,</span> <span class='ocrx_word' id='word_1_170' title='bbox 2825 1011 2900 1083; x_wconf 83' lang='grc' dir='ltr'>μή</span> <span class='ocrx_word' id='word_1_171' title='bbox 2931 1011 3022 1066; x_wconf 82' lang='grc' dir='ltr'>καὶ</span> <span class='ocrx_word' id='word_1_172' title='bbox 3053 1007 3379 1084; x_wconf 84' lang='grc' dir='ltr'>γελώμεθα;</span> 
     </span>
    </p>
   </div>
   <div class='ocr_carea' id='block_1_26' title="bbox 2201 1273 3731 1357">
    <p class='ocr_par' dir='ltr' id='par_1_26' title="bbox 2201 1273 3731 1357">
     <span class='ocr_line' id='line_1_26' title="bbox 2201 1273 3731 1357; baseline -0.004 -21"><span class='ocrx_word' id='word_1_173' title='bbox 2201 1281 2262 1343; x_wconf 87' lang='grc' dir='ltr'>θ’.</span> <span class='ocrx_word' id='word_1_174' title='bbox 2311 1279 2598 1357; x_wconf 80' lang='grc' dir='ltr'>Θεόφιλος,</span> <span class='ocrx_word' id='word_1_175' title='bbox 2656 1281 2728 1334; x_wconf 77' lang='grc' dir='ltr'>Εὖ</span> <span class='ocrx_word' id='word_1_176' title='bbox 2790 1301 2858 1352; x_wconf 89' lang='grc' dir='ltr'>με</span> <span class='ocrx_word' id='word_1_177' title='bbox 2916 1273 3329 1351; x_wconf 70' lang='grc' dir='ltr'>προσϐιϐάζεις,</span> <span class='ocrx_word' id='word_1_178' title='bbox 3379 1277 3424 1330; x_wconf 82' lang='grc' dir='ltr'>ὦ</span> <span class='ocrx_word' id='word_1_179' title='bbox 3459 1275 3731 1351; x_wconf 84' lang='grc' dir='ltr'>Ἱερόκλεις·</span> 
     </span>
    </p>
   </div>
   <div class='ocr_carea' id='block_1_27' title="bbox 2129 1363 3738 1441">
    <p class='ocr_par' dir='ltr' id='par_1_27' title="bbox 2129 1363 3738 1441">
     <span class='ocr_line' id='line_1_27' title="bbox 2129 1363 3738 1441; baseline -0.003 -18"><span class='ocrx_word' id='word_1_180' title='bbox 2129 1369 2216 1424; x_wconf 85' lang='grc' dir='ltr'>καί</span> <span class='ocrx_word' id='word_1_181' title='bbox 2249 1391 2365 1431; x_wconf 87' lang='grc' dir='ltr'>πως</span> <span class='ocrx_word' id='word_1_182' title='bbox 2397 1368 2502 1440; x_wconf 78' lang='grc' dir='ltr'>ἤδη</span> <span class='ocrx_word' id='word_1_183' title='bbox 2541 1368 2942 1441; x_wconf 82' lang='grc' dir='ltr'>λεπτυνάμενος</span> <span class='ocrx_word' id='word_1_184' title='bbox 2973 1367 3050 1430; x_wconf 73' lang='grc' dir='ltr'>εἷς</span> <span class='ocrx_word' id='word_1_185' title='bbox 3109 1371 3233 1422; x_wconf 93' lang='grc' dir='ltr'>νοῦν</span> <span class='ocrx_word' id='word_1_186' title='bbox 3291 1366 3380 1420; x_wconf 80' lang='grc' dir='ltr'>καὶ</span> <span class='ocrx_word' id='word_1_187' title='bbox 3436 1363 3738 1441; x_wconf 74' lang='grc' dir='ltr'>ίσχνολογεῑν</span> 
     </span>
    </p>
   </div>
   <div class='ocr_carea' id='block_1_28' title="bbox 2131 1452 3737 1533">
    <p class='ocr_par' dir='ltr' id='par_1_28' title="bbox 2131 1452 3737 1533">
     <span class='ocr_line' id='line_1_28' title="bbox 2131 1452 3737 1533; baseline -0.005 -19"><span class='ocrx_word' id='word_1_188' title='bbox 2131 1458 2518 1528; x_wconf 75' lang='grc' dir='ltr'>ἐπιπνευσθεὶς,</span> <span class='ocrx_word' id='word_1_189' title='bbox 2579 1453 2886 1526; x_wconf 73' lang='grc' dir='ltr'>ἐπιϐάλλω,</span> <span class='ocrx_word' id='word_1_190' title='bbox 2941 1457 3084 1533; x_wconf 74' lang='grc' dir='ltr'>ἱερὸν</span> <span class='ocrx_word' id='word_1_191' title='bbox 3170 1455 3329 1525; x_wconf 75' lang='grc' dir='ltr'>εἶναι,</span> <span class='ocrx_word' id='word_1_192' title='bbox 3387 1452 3468 1531; x_wconf 71' lang='grc' dir='ltr'>εἴφ’</span> <span class='ocrx_word' id='word_1_193' title='bbox 3524 1455 3580 1508; x_wconf 77' lang='grc' dir='ltr'>οὗ</span> <span class='ocrx_word' id='word_1_194' title='bbox 3617 1452 3737 1507; x_wconf 81' lang='grc' dir='ltr'>’ίεται</span> 
     </span>
    </p>
   </div>
   <div class='ocr_carea' id='block_1_29' title="bbox 2135 1547 2318 1624">
    <p class='ocr_par' dir='ltr' id='par_1_29' title="bbox 2135 1547 2318 1624">
     <span class='ocr_line' id='line_1_29' title="bbox 2135 1547 2318 1624; baseline 0.011 -22"><span class='ocrx_word' id='word_1_195' title='bbox 2135 1547 2318 1624; x_wconf 80' lang='grc' dir='ltr'>ῥῶσις.</span> 
     </span>
    </p>
   </div>
   <div class='ocr_carea' id='block_1_30' title="bbox 2203 1648 3740 1730">
    <p class='ocr_par' dir='ltr' id='par_1_30' title="bbox 2203 1648 3740 1730">
     <span class='ocr_line' id='line_1_30' title="bbox 2203 1648 3740 1730; baseline -0.006 -20"><span class='ocrx_word' id='word_1_196' title='bbox 2203 1655 2499 1730; x_wconf 82' lang='grc' dir='ltr'>Ἱεροκλῆς.</span> <span class='ocrx_word' id='word_1_197' title='bbox 2551 1653 2932 1729; x_wconf 78' lang='grc' dir='ltr'>Εὑστόχησας,</span> <span class='ocrx_word' id='word_1_198' title='bbox 2990 1651 3034 1706; x_wconf 87' lang='grc' dir='ltr'>ὦ</span> <span class='ocrx_word' id='word_1_199' title='bbox 3109 1649 3365 1726; x_wconf 80' lang='grc' dir='ltr'>Θεόφιλε,</span> <span class='ocrx_word' id='word_1_200' title='bbox 3421 1649 3506 1704; x_wconf 78' lang='grc' dir='ltr'>καὶ</span> <span class='ocrx_word' id='word_1_201' title='bbox 3578 1648 3740 1723; x_wconf 86' lang='grc' dir='ltr'>λαχὼν</span> 
     </span>
    </p>
   </div>
   <div class='ocr_carea' id='block_1_31' title="bbox 2136 1736 3742 1820">
    <p class='ocr_par' dir='ltr' id='par_1_31' title="bbox 2136 1736 3742 1820">
     <span class='ocr_line' id='line_1_31' title="bbox 2136 1736 3742 1820; baseline -0.005 -20"><span class='ocrx_word' id='word_1_202' title='bbox 2136 1745 2314 1820; x_wconf 73' lang='grc' dir='ltr'>ἀρχὴν</span> <span class='ocrx_word' id='word_1_203' title='bbox 2372 1743 2538 1818; x_wconf 66' lang='grc' dir='ltr'>πέρας</span> <span class='ocrx_word' id='word_1_204' title='bbox 2589 1741 2767 1818; x_wconf 77' lang='grc' dir='ltr'>ἔσχες,</span> <span class='ocrx_word' id='word_1_205' title='bbox 2799 1743 2828 1796; x_wconf 79' lang='lat' dir='ltr'>&#39;o</span> <span class='ocrx_word' id='word_1_206' title='bbox 2875 1740 2942 1810; x_wconf 81' lang='grc' dir='ltr'>δὴ</span> <span class='ocrx_word' id='word_1_207' title='bbox 2994 1741 3434 1815; x_wconf 81' lang='grc' dir='ltr'>παροιμιάζεται.</span> <span class='ocrx_word' id='word_1_208' title='bbox 3466 1736 3742 1813; x_wconf 74' lang='grc' dir='ltr'>Βαῤῥησιά-</span> 
     </span>
    </p>
   </div>
   <div class='ocr_carea' id='block_1_32' title="bbox 380 1828 2040 1909">
    <p class='ocr_par' dir='ltr' id='par_1_32' title="bbox 380 1830 2025 1903">
     <span class='ocr_line' id='line_1_32' title="bbox 380 1830 2025 1903; baseline -0.003 -12"><span class='ocrx_word' id='word_1_209' title='bbox 380 1834 553 1891; x_wconf 90' lang='lat' dir='ltr'>citur.</span> <span class='ocrx_word' id='word_1_210' title='bbox 578 1834 645 1888; x_wconf 87' lang='lat' dir='ltr'>Et</span> <span class='ocrx_word' id='word_1_211' title='bbox 677 1837 741 1887; x_wconf 91' lang='lat' dir='ltr'>ut</span> <span class='ocrx_word' id='word_1_212' title='bbox 771 1833 1024 1903; x_wconf 84' lang='lat' dir='ltr'>ingenue</span> <span class='ocrx_word' id='word_1_213' title='bbox 1055 1832 1358 1886; x_wconf 85' lang='lat' dir='ltr'>veritatem</span> <span class='ocrx_word' id='word_1_214' title='bbox 1395 1831 1705 1899; x_wconf 76' lang='lat' dir='ltr'>fateamur,</span> <span class='ocrx_word' id='word_1_215' title='bbox 1736 1835 1799 1885; x_wconf 89' lang='lat' dir='ltr'>tu</span> <span class='ocrx_word' id='word_1_216' title='bbox 1850 1830 2025 1886; x_wconf 87' lang='lat' dir='ltr'>altius</span> 
     </span>
    </p>
   </div>
   <div class='ocr_carea' id='block_1_33' title="bbox 2154 1828 3746 1909">
    <p class='ocr_par' dir='ltr' id='par_1_33' title="bbox 2154 1828 3746 1909">
     <span class='ocr_line' id='line_1_33' title="bbox 2154 1828 3746 1909; baseline -0.005 -22"><span class='ocrx_word' id='word_1_217' title='bbox 2154 1845 2322 1898; x_wconf 71' lang='grc' dir='ltr'>τασθαι</span> <span class='ocrx_word' id='word_1_218' title='bbox 2409 1830 2466 1887; x_wconf 75' lang='grc' dir='ltr'>δὲ</span> <span class='ocrx_word' id='word_1_219' title='bbox 2527 1833 2590 1887; x_wconf 89' lang='grc' dir='ltr'>τὸ</span> <span class='ocrx_word' id='word_1_220' title='bbox 2659 1831 2976 1909; x_wconf 80' lang='grc' dir='ltr'>ἀφθόνητον,</span> <span class='ocrx_word' id='word_1_221' title='bbox 3021 1830 3109 1884; x_wconf 87' lang='grc' dir='ltr'>καί</span> <span class='ocrx_word' id='word_1_222' title='bbox 3165 1851 3216 1884; x_wconf 89' lang='grc' dir='ltr'>τι</span> <span class='ocrx_word' id='word_1_223' title='bbox 3274 1828 3557 1904; x_wconf 80' lang='grc' dir='ltr'>βαθύτερον</span> <span class='ocrx_word' id='word_1_224' title='bbox 3609 1829 3746 1899; x_wconf 78' lang='grc' dir='ltr'>ἡμῶν</span> 
     </span>
    </p>
   </div>
   <div class='ocr_carea' id='block_1_34' title="bbox 379 1919 2024 1997">
    <p class='ocr_par' dir='ltr' id='par_1_34' title="bbox 379 1919 2024 1997">
     <span class='ocr_line' id='line_1_34' title="bbox 379 1919 2024 1997; baseline -0.004 -17"><span class='ocrx_word' id='word_1_225' title='bbox 379 1941 556 1997; x_wconf 87' lang='lat' dir='ltr'>quam</span> <span class='ocrx_word' id='word_1_226' title='bbox 590 1939 698 1978; x_wconf 62' lang='lat' dir='ltr'>nos</span> <span class='ocrx_word' id='word_1_227' title='bbox 757 1919 1025 1976; x_wconf 87' lang='lat' dir='ltr'>vocabuli</span> <span class='ocrx_word' id='word_1_228' title='bbox 1085 1936 1328 1975; x_wconf 88' lang='lat' dir='ltr'>sensum</span> <span class='ocrx_word' id='word_1_229' title='bbox 1384 1919 1786 1990; x_wconf 75' lang='lat' dir='ltr'>pervestigasti</span> <span class='ocrx_word' id='word_1_230' title='bbox 1839 1960 1852 1974; x_wconf 94' lang='lat'>.</span> <span class='ocrx_word' id='word_1_231' title='bbox 1908 1919 2024 1974; x_wconf 88' lang='lat' dir='ltr'>Nos</span> 
     </span>
    </p>
   </div>
   <div class='ocr_carea' id='block_1_35' title="bbox 382 2004 2024 2083">
    <p class='ocr_par' dir='ltr' id='par_1_35' title="bbox 382 2004 2024 2083">
     <span class='ocr_line' id='line_1_35' title="bbox 382 2004 2024 2083; baseline -0.007 -12"><span class='ocrx_word' id='word_1_232' title='bbox 382 2015 539 2071; x_wconf 88' lang='lat' dir='ltr'>enim</span> <span class='ocrx_word' id='word_1_233' title='bbox 566 2012 941 2083; x_wconf 87' lang='lat' dir='ltr'>putabamus,</span> <span class='ocrx_word' id='word_1_234' title='bbox 969 2027 1003 2064; x_wconf 87' lang='lat' dir='ltr'>a</span> <span class='ocrx_word' id='word_1_235' title='bbox 1033 2025 1168 2064; x_wconf 87' lang='lat' dir='ltr'>voce</span> <span class='ocrx_word' id='word_1_236' title='bbox 1192 2004 1246 2060; x_wconf 77' lang='lat' dir='ltr'>&#39;ia</span> <span class='ocrx_word' id='word_1_237' title='bbox 1268 2009 1625 2064; x_wconf 89' lang='lat' dir='ltr'>descendere</span> <span class='ocrx_word' id='word_1_238' title='bbox 1659 2008 1822 2063; x_wconf 90' lang='lat' dir='ltr'>illam</span> <span class='ocrx_word' id='word_1_239' title='bbox 1853 2007 2024 2081; x_wconf 75' lang='grc' dir='ltr'>ἱερος,</span> 
     </span>
    </p>
   </div>
   <div class='ocr_carea' id='block_1_36' title="bbox 381 2095 2026 2176">
    <p class='ocr_par' dir='ltr' id='par_1_36' title="bbox 381 2095 2026 2176">
     <span class='ocr_line' id='line_1_36' title="bbox 381 2095 2026 2176; baseline -0.004 -17"><span class='ocrx_word' id='word_1_240' title='bbox 381 2101 882 2176; x_wconf 85' lang='lat' dir='ltr'>quemadmodum</span> <span class='ocrx_word' id='word_1_241' title='bbox 917 2095 1094 2172; x_wconf 83' lang='grc' dir='ltr'>διερὸς</span> <span class='ocrx_word' id='word_1_242' title='bbox 1124 2097 1368 2168; x_wconf 85' lang='lat' dir='ltr'>(vigens)</span> <span class='ocrx_word' id='word_1_243' title='bbox 1400 2103 1458 2152; x_wconf 88' lang='lat' dir='ltr'>et</span> <span class='ocrx_word' id='word_1_244' title='bbox 1485 2097 1742 2170; x_wconf 82' lang='grc' dir='ltr'>κρατερὸς</span> <span class='ocrx_word' id='word_1_245' title='bbox 1777 2101 2026 2169; x_wconf 89' lang='lat' dir='ltr'>(potens)</span> 
     </span>
    </p>
   </div>
   <div class='ocr_carea' id='block_1_37' title="bbox 386 2186 2026 2260">
    <p class='ocr_par' dir='ltr' id='par_1_37' title="bbox 386 2186 2026 2260">
     <span class='ocr_line' id='line_1_37' title="bbox 386 2186 2026 2260; baseline -0.006 -11"><span class='ocrx_word' id='word_1_246' title='bbox 386 2198 445 2250; x_wconf 88' lang='lat' dir='ltr'>et</span> <span class='ocrx_word' id='word_1_247' title='bbox 478 2191 697 2247; x_wconf 88' lang='lat' dir='ltr'>similia</span> <span class='ocrx_word' id='word_1_248' title='bbox 729 2210 748 2257; x_wconf 87' lang='lat'><em>;</em></span> <span class='ocrx_word' id='word_1_249' title='bbox 778 2195 840 2244; x_wconf 91' lang='lat' dir='ltr'>tu</span> <span class='ocrx_word' id='word_1_250' title='bbox 874 2193 1093 2251; x_wconf 89' lang='lat' dir='ltr'>autem,</span> <span class='ocrx_word' id='word_1_251' title='bbox 1126 2187 1521 2243; x_wconf 90' lang='lat' dir='ltr'>valetudinem</span> <span class='ocrx_word' id='word_1_252' title='bbox 1553 2186 1834 2243; x_wconf 86' lang='lat' dir='ltr'>vocabulo</span> <span class='ocrx_word' id='word_1_253' title='bbox 1883 2187 2026 2260; x_wconf 75' lang='grc' dir='ltr'>ἱερὸν</span> 
     </span>
    </p>
   </div>
   <div class='ocr_carea' id='block_1_38' title="bbox 386 2276 2028 2351">
    <p class='ocr_par' dir='ltr' id='par_1_38' title="bbox 386 2276 2028 2351">
     <span class='ocr_line' id='line_1_38' title="bbox 386 2276 2028 2351; baseline -0.004 -12"><span class='ocrx_word' id='word_1_254' title='bbox 386 2281 692 2351; x_wconf 87' lang='lat' dir='ltr'>adjiciens,</span> <span class='ocrx_word' id='word_1_255' title='bbox 728 2278 984 2350; x_wconf 89' lang='lat' dir='ltr'>penitius</span> <span class='ocrx_word' id='word_1_256' title='bbox 1017 2293 1254 2333; x_wconf 89' lang='lat' dir='ltr'>sensum</span> <span class='ocrx_word' id='word_1_257' title='bbox 1310 2276 1648 2348; x_wconf 87' lang='lat' dir='ltr'>penetrasti.</span> <span class='ocrx_word' id='word_1_258' title='bbox 1706 2277 1836 2332; x_wconf 84' lang='lat' dir='ltr'>Jam</span> <span class='ocrx_word' id='word_1_259' title='bbox 1896 2294 2028 2332; x_wconf 90' lang='lat' dir='ltr'>vero</span> 
     </span>
    </p>
   </div>
   <div class='ocr_carea' id='block_1_39' title="bbox 387 2365 2029 2437">
    <p class='ocr_par' dir='ltr' id='par_1_39' title="bbox 387 2365 2029 2437">
     <span class='ocr_line' id='line_1_39' title="bbox 387 2365 2029 2437; baseline -0.005 -9"><span class='ocrx_word' id='word_1_260' title='bbox 387 2372 472 2428; x_wconf 89' lang='lat' dir='ltr'>sic</span> <span class='ocrx_word' id='word_1_261' title='bbox 503 2387 596 2426; x_wconf 91' lang='lat' dir='ltr'>res</span> <span class='ocrx_word' id='word_1_262' title='bbox 627 2386 690 2425; x_wconf 82' lang='lat' dir='ltr'>se</span> <span class='ocrx_word' id='word_1_263' title='bbox 721 2369 949 2432; x_wconf 82' lang='lat' dir='ltr'>habeat,</span> <span class='ocrx_word' id='word_1_264' title='bbox 983 2371 1040 2421; x_wconf 89' lang='lat' dir='ltr'>et</span> <span class='ocrx_word' id='word_1_265' title='bbox 1071 2382 1277 2437; x_wconf 84' lang='lat' dir='ltr'>pergas</span> <span class='ocrx_word' id='word_1_266' title='bbox 1309 2365 1479 2420; x_wconf 85' lang='lat' dir='ltr'>Velim</span> <span class='ocrx_word' id='word_1_267' title='bbox 1509 2365 1606 2420; x_wconf 85' lang='lat' dir='ltr'>tali</span> <span class='ocrx_word' id='word_1_268' title='bbox 1637 2366 1809 2421; x_wconf 89' lang='lat' dir='ltr'>modo</span> <span class='ocrx_word' id='word_1_269' title='bbox 1843 2365 2029 2436; x_wconf 89' lang='lat' dir='ltr'>philo-</span> 
     </span>
    </p>
   </div>
   <div class='ocr_carea' id='block_1_40' title="bbox 389 2455 2028 2532">
    <p class='ocr_par' dir='ltr' id='par_1_40' title="bbox 389 2455 2028 2532">
     <span class='ocr_line' id='line_1_40' title="bbox 389 2455 2028 2532; baseline -0.005 -14"><span class='ocrx_word' id='word_1_270' title='bbox 389 2459 651 2532; x_wconf 87' lang='lat' dir='ltr'>sophari,</span> <span class='ocrx_word' id='word_1_271' title='bbox 685 2457 958 2529; x_wconf 89' lang='lat' dir='ltr'>quamvis</span> <span class='ocrx_word' id='word_1_272' title='bbox 988 2456 1060 2510; x_wconf 88' lang='lat' dir='ltr'>de</span> <span class='ocrx_word' id='word_1_273' title='bbox 1120 2456 1225 2509; x_wconf 87' lang='lat' dir='ltr'>hac</span> <span class='ocrx_word' id='word_1_274' title='bbox 1250 2472 1308 2509; x_wconf 91' lang='lat' dir='ltr'>re</span> <span class='ocrx_word' id='word_1_275' title='bbox 1357 2455 1750 2521; x_wconf 69' lang='lat' dir='ltr'>offendantur,</span> <span class='ocrx_word' id='word_1_276' title='bbox 1810 2455 2028 2510; x_wconf 89' lang='lat' dir='ltr'>austeri</span> 
     </span>
    </p>
   </div>
   <div class='ocr_carea' id='block_1_41' title="bbox 391 2544 2031 2614">
    <p class='ocr_par' dir='ltr' id='par_1_41' title="bbox 391 2544 2031 2614">
     <span class='ocr_line' id='line_1_41' title="bbox 391 2544 2031 2614; baseline -0.005 -7"><span class='ocrx_word' id='word_1_277' title='bbox 391 2549 616 2608; x_wconf 90' lang='lat' dir='ltr'>scilicet</span> <span class='ocrx_word' id='word_1_278' title='bbox 636 2555 694 2604; x_wconf 91' lang='lat' dir='ltr'>et</span> <span class='ocrx_word' id='word_1_279' title='bbox 743 2545 958 2601; x_wconf 86' lang='lat' dir='ltr'>morosi</span> <span class='ocrx_word' id='word_1_280' title='bbox 1017 2550 1074 2600; x_wconf 92' lang='lat' dir='ltr'>et</span> <span class='ocrx_word' id='word_1_281' title='bbox 1120 2560 1312 2599; x_wconf 90' lang='lat' dir='ltr'>rerum</span> <span class='ocrx_word' id='word_1_282' title='bbox 1375 2544 1802 2614; x_wconf 87' lang='lat' dir='ltr'>verborumque</span> <span class='ocrx_word' id='word_1_283' title='bbox 1853 2549 2031 2598; x_wconf 91' lang='lat' dir='ltr'>terre-</span> 
     </span>
    </p>
   </div>
   <div class='ocr_carea' id='block_1_42' title="bbox 392 2632 2034 2704">
    <p class='ocr_par' dir='ltr' id='par_1_42' title="bbox 392 2632 2034 2704">
     <span class='ocr_line' id='line_1_42' title="bbox 392 2632 2034 2704; baseline -0.007 -7"><span class='ocrx_word' id='word_1_284' title='bbox 392 2640 603 2698; x_wconf 86' lang='lat' dir='ltr'>strium</span> <span class='ocrx_word' id='word_1_285' title='bbox 628 2653 693 2692; x_wconf 91' lang='lat' dir='ltr'>ac</span> <span class='ocrx_word' id='word_1_286' title='bbox 723 2634 1038 2690; x_wconf 89' lang='lat' dir='ltr'>humilium</span> <span class='ocrx_word' id='word_1_287' title='bbox 1073 2637 1532 2703; x_wconf 87' lang='lat' dir='ltr'>contemptores,</span> <span class='ocrx_word' id='word_1_288' title='bbox 1565 2632 1665 2704; x_wconf 90' lang='lat' dir='ltr'>qui</span> <span class='ocrx_word' id='word_1_289' title='bbox 1693 2649 1764 2688; x_wconf 89' lang='lat' dir='ltr'>ne</span> <span class='ocrx_word' id='word_1_290' title='bbox 1785 2633 1844 2688; x_wconf 91' lang='lat' dir='ltr'>in</span> <span class='ocrx_word' id='word_1_291' title='bbox 1878 2649 2034 2688; x_wconf 90' lang='lat' dir='ltr'>sum-</span> 
     </span>
    </p>
   </div>
   <div class='ocr_carea' id='block_1_43' title="bbox 393 2721 2036 2799">
    <p class='ocr_par' dir='ltr' id='par_1_43' title="bbox 393 2721 2036 2799">
     <span class='ocr_line' id='line_1_43' title="bbox 393 2721 2036 2799; baseline -0.004 -14"><span class='ocrx_word' id='word_1_292' title='bbox 393 2729 510 2786; x_wconf 79' lang='lat' dir='ltr'>mis</span> <span class='ocrx_word' id='word_1_293' title='bbox 559 2726 795 2799; x_wconf 88' lang='lat' dir='ltr'>quidem</span> <span class='ocrx_word' id='word_1_294' title='bbox 855 2723 1054 2779; x_wconf 85' lang='lat' dir='ltr'>aristis</span> <span class='ocrx_word' id='word_1_295' title='bbox 1113 2721 1339 2792; x_wconf 83' lang='lat' dir='ltr'>ingredi</span> <span class='ocrx_word' id='word_1_296' title='bbox 1400 2721 1632 2786; x_wconf 88' lang='lat' dir='ltr'>volunt,</span> <span class='ocrx_word' id='word_1_297' title='bbox 1681 2723 1780 2776; x_wconf 88' lang='lat' dir='ltr'>sed</span> <span class='ocrx_word' id='word_1_298' title='bbox 1859 2723 2036 2778; x_wconf 90' lang='lat' dir='ltr'>veluti</span> 
     </span>
    </p>
   </div>
   <div class='ocr_carea' id='block_1_44' title="bbox 397 2810 2036 2889">
    <p class='ocr_par' dir='ltr' id='par_1_44' title="bbox 397 2810 2036 2889">
     <span class='ocr_line' id='line_1_44' title="bbox 397 2810 2036 2889; baseline -0.005 -15"><span class='ocrx_word' id='word_1_299' title='bbox 397 2817 602 2889; x_wconf 86' lang='lat' dir='ltr'>Pegasi</span> <span class='ocrx_word' id='word_1_300' title='bbox 633 2812 899 2870; x_wconf 87' lang='lat' dir='ltr'>volatiles</span> <span class='ocrx_word' id='word_1_301' title='bbox 931 2812 989 2867; x_wconf 92' lang='lat' dir='ltr'>in</span> <span class='ocrx_word' id='word_1_302' title='bbox 1021 2827 1152 2866; x_wconf 91' lang='lat' dir='ltr'>aere</span> <span class='ocrx_word' id='word_1_303' title='bbox 1203 2812 1492 2877; x_wconf 86' lang='lat' dir='ltr'>feruntur,</span> <span class='ocrx_word' id='word_1_304' title='bbox 1553 2810 1700 2865; x_wconf 90' lang='lat' dir='ltr'>nihil</span> <span class='ocrx_word' id='word_1_305' title='bbox 1756 2810 2036 2866; x_wconf 83' lang='lat' dir='ltr'>facientes</span> 
     </span>
    </p>
   </div>
   <div class='ocr_carea' id='block_1_45' title="bbox 393 2899 2035 2981">
    <p class='ocr_par' dir='ltr' id='par_1_45' title="bbox 393 2899 2035 2981">
     <span class='ocr_line' id='line_1_45' title="bbox 393 2899 2035 2981; baseline -0.005 -19"><span class='ocrx_word' id='word_1_306' title='bbox 393 2903 840 2981; x_wconf 87' lang='lat' dir='ltr'>grammaticam</span> <span class='ocrx_word' id='word_1_307' title='bbox 870 2918 997 2971; x_wconf 68' lang='lat' dir='ltr'>qua:</span> <span class='ocrx_word' id='word_1_308' title='bbox 1031 2899 1328 2956; x_wconf 82' lang='lat' dir='ltr'>vocabulis</span> <span class='ocrx_word' id='word_1_309' title='bbox 1375 2899 1754 2955; x_wconf 87' lang='lat' dir='ltr'>enucleandis</span> <span class='ocrx_word' id='word_1_310' title='bbox 1800 2915 2035 2969; x_wconf 88' lang='lat' dir='ltr'>operam</span> 
     </span>
    </p>
   </div>
   <div class='ocr_carea' id='block_1_46' title="bbox 392 2984 2036 3060">
    <p class='ocr_par' dir='ltr' id='par_1_46' title="bbox 392 2984 2036 3060">
     <span class='ocr_line' id='line_1_46' title="bbox 392 2984 2036 3060; baseline -0.006 -8"><span class='ocrx_word' id='word_1_311' title='bbox 392 2991 761 3052; x_wconf 89' lang='lat' dir='ltr'>navat.Plato</span> <span class='ocrx_word' id='word_1_312' title='bbox 792 3005 1024 3060; x_wconf 92' lang='lat' dir='ltr'>quoque</span> <span class='ocrx_word' id='word_1_313' title='bbox 1056 2984 1471 3044; x_wconf 89' lang='lat' dir='ltr'>celeberrimus</span> <span class='ocrx_word' id='word_1_314' title='bbox 1495 2987 1752 3043; x_wconf 90' lang='lat' dir='ltr'>illeinter</span> <span class='ocrx_word' id='word_1_315' title='bbox 1777 2987 2036 3060; x_wconf 89' lang='lat' dir='ltr'>philoso-</span> 
     </span>
    </p>
   </div>
   <div class='ocr_carea' id='block_1_47' title="bbox 393 3076 2039 3158">
    <p class='ocr_par' dir='ltr' id='par_1_47' title="bbox 393 3076 2039 3158">
     <span class='ocr_line' id='line_1_47' title="bbox 393 3076 2039 3158; baseline -0.005 -19"><span class='ocrx_word' id='word_1_316' title='bbox 393 3079 870 3158; x_wconf 86' lang='lat' dir='ltr'>phos,adjuvabit</span> <span class='ocrx_word' id='word_1_317' title='bbox 899 3084 954 3133; x_wconf 88' lang='lat' dir='ltr'>te</span> <span class='ocrx_word' id='word_1_318' title='bbox 978 3079 1034 3132; x_wconf 89' lang='lat' dir='ltr'>in</span> <span class='ocrx_word' id='word_1_319' title='bbox 1069 3077 1176 3132; x_wconf 88' lang='lat' dir='ltr'>hoc</span> <span class='ocrx_word' id='word_1_320' title='bbox 1189 3077 1513 3148; x_wconf 90' lang='lat' dir='ltr'>studio,qui</span> <span class='ocrx_word' id='word_1_321' title='bbox 1537 3083 1592 3132; x_wconf 88' lang='lat' dir='ltr'>et</span> <span class='ocrx_word' id='word_1_322' title='bbox 1616 3077 1739 3148; x_wconf 89' lang='lat' dir='ltr'>ipse</span> <span class='ocrx_word' id='word_1_323' title='bbox 1753 3076 2039 3148; x_wconf 86' lang='lat' dir='ltr'>explican-</span> 
     </span>
    </p>
   </div>
   <div class='ocr_carea' id='block_1_48' title="bbox 393 3165 2113 3275">
    <p class='ocr_par' dir='ltr' id='par_1_48' title="bbox 393 3165 2113 3275">
     <span class='ocr_line' id='line_1_48' title="bbox 393 3165 2113 3275; baseline -0.006 -46"><span class='ocrx_word' id='word_1_324' title='bbox 393 3173 486 3229; x_wconf 89' lang='lat' dir='ltr'>dis</span> <span class='ocrx_word' id='word_1_325' title='bbox 515 3169 706 3226; x_wconf 89' lang='lat' dir='ltr'>verbis</span> <span class='ocrx_word' id='word_1_326' title='bbox 721 3167 1122 3223; x_wconf 88' lang='lat' dir='ltr'>delectabatur</span> <span class='ocrx_word' id='word_1_327' title='bbox 1141 3166 1197 3220; x_wconf 91' lang='lat' dir='ltr'>in</span> <span class='ocrx_word' id='word_1_328' title='bbox 1215 3167 1404 3237; x_wconf 90' lang='lat' dir='ltr'>iisque</span> <span class='ocrx_word' id='word_1_329' title='bbox 1417 3182 1609 3221; x_wconf 89' lang='lat' dir='ltr'>veram</span> <span class='ocrx_word' id='word_1_330' title='bbox 1625 3165 2035 3237; x_wconf 81' lang='lat' dir='ltr'>etymologiam</span> <span class='ocrx_word' id='word_1_331' title='bbox 2069 3208 2113 3275; x_wconf 67' lang='grc' dir='ltr'>Ο</span> 
     </span>
     <span class='ocr_line' id='line_1_49' title="bbox 480 3253 2029 3275; baseline 0 0"><span class='ocrx_word' id='word_1_332' title='bbox 480 3266 489 3275; x_wconf 83' lang='lat'>.</span> <span class='ocrx_word' id='word_1_333' title='bbox 615 3258 624 3275; x_wconf 79' lang='grc' dir='ltr'><strong>Ι</strong></span> <span class='ocrx_word' id='word_1_334' title='bbox 705 3274 710 3275; x_wconf 63' lang='lat'><strong><em>,</em></strong></span> <span class='ocrx_word' id='word_1_335' title='bbox 767 3255 1080 3275; x_wconf 38' lang='lat' dir='ltr'>__,,2J4_-I</span> <span class='ocrx_word' id='word_1_336' title='bbox 1115 3259 1162 3275; x_wconf 46' lang='grc' dir='ltr'>αι</span> <span class='ocrx_word' id='word_1_337' title='bbox 1226 3255 1409 3275; x_wconf 33' lang='grc' dir='ltr'>11-ι.-ᾲ</span> <span class='ocrx_word' id='word_1_338' title='bbox 1463 3254 1635 3275; x_wconf 64' lang='lat'>2-21--..</span> <span class='ocrx_word' id='word_1_339' title='bbox 1731 3255 1857 3275; x_wconf 30' lang='grc' dir='ltr'>,ΙΛΜΔ</span> <span class='ocrx_word' id='word_1_340' title='bbox 1927 3253 2029 3275; x_wconf 70' lang='grc'>..13-</span> 
     </span>
    </p>
   </div>
   <div class='ocr_carea' id='block_1_49' title="bbox 397 3253 2038 3326">
    <p class='ocr_par' dir='ltr' id='par_1_49' title="bbox 397 3253 2038 3326">
     <span class='ocr_line' id='line_1_50' title="bbox 397 3253 2038 3326; baseline -0.005 -9"><span class='ocrx_word' id='word_1_341' title='bbox 397 3258 724 3317; x_wconf 86' lang='lat' dir='ltr'>naturalem</span> <span class='ocrx_word' id='word_1_342' title='bbox 759 3255 1186 3311; x_wconf 88' lang='lat' dir='ltr'>considerabat.</span> <span class='ocrx_word' id='word_1_343' title='bbox 1221 3255 1413 3310; x_wconf 83' lang='lat' dir='ltr'>Habes</span> <span class='ocrx_word' id='word_1_344' title='bbox 1463 3254 1660 3326; x_wconf 89' lang='lat' dir='ltr'>igitur,</span> <span class='ocrx_word' id='word_1_345' title='bbox 1724 3255 1864 3308; x_wconf 90' lang='lat' dir='ltr'>dum</span> <span class='ocrx_word' id='word_1_346' title='bbox 1924 3253 2038 3309; x_wconf 85' lang='lat' dir='ltr'>alia</span> 
     </span>
    </p>
   </div>
   <div class='ocr_carea' id='block_1_50' title="bbox 399 3342 2036 3422">
    <p class='ocr_par' dir='ltr' id='par_1_50' title="bbox 399 3342 2036 3422">
     <span class='ocr_line' id='line_1_51' title="bbox 399 3342 2036 3422; baseline -0.005 -18"><span class='ocrx_word' id='word_1_347' title='bbox 399 3349 637 3422; x_wconf 88' lang='lat' dir='ltr'>quidem</span> <span class='ocrx_word' id='word_1_348' title='bbox 668 3343 952 3406; x_wconf 81' lang='lat' dir='ltr'>didicisti,</span> <span class='ocrx_word' id='word_1_349' title='bbox 978 3343 1093 3398; x_wconf 88' lang='lat' dir='ltr'>alia</span> <span class='ocrx_word' id='word_1_350' title='bbox 1124 3348 1320 3397; x_wconf 87' lang='lat' dir='ltr'>autem</span> <span class='ocrx_word' id='word_1_351' title='bbox 1342 3343 1465 3412; x_wconf 87' lang='lat' dir='ltr'>ipse</span> <span class='ocrx_word' id='word_1_352' title='bbox 1495 3342 1793 3407; x_wconf 87' lang='lat' dir='ltr'>invenisti,</span> <span class='ocrx_word' id='word_1_353' title='bbox 1838 3358 2036 3398; x_wconf 92' lang='lat' dir='ltr'>vocem</span> 
     </span>
    </p>
   </div>
   <div class='ocr_carea' id='block_1_51' title="bbox 400 3433 2038 3512">
    <p class='ocr_par' dir='ltr' id='par_1_51' title="bbox 400 3433 2038 3512">
     <span class='ocr_line' id='line_1_52' title="bbox 400 3433 2038 3512; baseline -0.004 -20"><span class='ocrx_word' id='word_1_354' title='bbox 400 3438 544 3512; x_wconf 73' lang='grc' dir='ltr'>ἱερὸς</span> <span class='ocrx_word' id='word_1_355' title='bbox 577 3435 785 3491; x_wconf 73' lang='lat' dir='ltr'>divinae</span> <span class='ocrx_word' id='word_1_356' title='bbox 845 3437 1066 3488; x_wconf 65' lang='lat' dir='ltr'>naturae</span> <span class='ocrx_word' id='word_1_357' title='bbox 1127 3433 1590 3498; x_wconf 88' lang='lat' dir='ltr'>convenientem,</span> <span class='ocrx_word' id='word_1_358' title='bbox 1650 3437 1706 3487; x_wconf 90' lang='lat' dir='ltr'>et</span> <span class='ocrx_word' id='word_1_359' title='bbox 1737 3433 1862 3502; x_wconf 82' lang='lat' dir='ltr'>iure</span> <span class='ocrx_word' id='word_1_360' title='bbox 1919 3448 2038 3486; x_wconf 87' lang='lat' dir='ltr'>me-</span> 
     </span>
    </p>
   </div>
   <div class='ocr_carea' id='block_1_52' title="bbox 404 3521 2043 3596">
    <p class='ocr_par' dir='ltr' id='par_1_52' title="bbox 404 3521 2043 3596">
     <span class='ocr_line' id='line_1_53' title="bbox 404 3521 2043 3596; baseline -0.005 -12"><span class='ocrx_word' id='word_1_361' title='bbox 404 3529 632 3596; x_wconf 87' lang='lat' dir='ltr'>ritoque</span> <span class='ocrx_word' id='word_1_362' title='bbox 690 3523 824 3594; x_wconf 90' lang='lat' dir='ltr'>quis</span> <span class='ocrx_word' id='word_1_363' title='bbox 871 3523 1104 3589; x_wconf 86' lang='lat' dir='ltr'>dixerit,</span> <span class='ocrx_word' id='word_1_364' title='bbox 1163 3538 1357 3576; x_wconf 82' lang='lat' dir='ltr'>vorem</span> <span class='ocrx_word' id='word_1_365' title='bbox 1422 3521 1705 3594; x_wconf 69' lang='grc' dir='ltr'>ιερὸςῳιω</span> <span class='ocrx_word' id='word_1_366' title='bbox 1767 3538 1898 3576; x_wconf 92' lang='lat' dir='ltr'>cum</span> <span class='ocrx_word' id='word_1_367' title='bbox 1963 3538 2043 3576; x_wconf 81' lang='lat' dir='ltr'>re-</span> 
     </span>
    </p>
   </div>
   <div class='ocr_carea' id='block_1_53' title="bbox 402 3610 2044 3681">
    <p class='ocr_par' dir='ltr' id='par_1_53' title="bbox 402 3610 2044 3681">
     <span class='ocr_line' id='line_1_54' title="bbox 402 3610 2044 3681; baseline -0.005 -8"><span class='ocrx_word' id='word_1_368' title='bbox 402 3619 516 3673; x_wconf 90' lang='lat' dir='ltr'>bus</span> <span class='ocrx_word' id='word_1_369' title='bbox 539 3615 754 3669; x_wconf 89' lang='lat' dir='ltr'>divinis</span> <span class='ocrx_word' id='word_1_370' title='bbox 777 3617 996 3667; x_wconf 90' lang='lat' dir='ltr'>etcum</span> <span class='ocrx_word' id='word_1_371' title='bbox 1027 3611 1137 3666; x_wconf 88' lang='lat' dir='ltr'>Deo</span> <span class='ocrx_word' id='word_1_372' title='bbox 1168 3611 1294 3681; x_wconf 87' lang='lat' dir='ltr'>ipso</span> <span class='ocrx_word' id='word_1_373' title='bbox 1325 3611 1576 3666; x_wconf 65' lang='lat' dir='ltr'>cohaeret</span> <span class='ocrx_word' id='word_1_374' title='bbox 1617 3612 1786 3681; x_wconf 88' lang='lat' dir='ltr'>quasi</span> <span class='ocrx_word' id='word_1_375' title='bbox 1842 3610 2044 3665; x_wconf 88' lang='lat' dir='ltr'>innata</span> 
     </span>
    </p>
   </div>
   <div class='ocr_carea' id='block_1_54' title="bbox 403 3699 2046 3773">
    <p class='ocr_par' dir='ltr' id='par_1_54' title="bbox 403 3699 2046 3773">
     <span class='ocr_line' id='line_1_55' title="bbox 403 3699 2046 3773; baseline -0.004 -12"><span class='ocrx_word' id='word_1_376' title='bbox 403 3714 455 3761; x_wconf 89' lang='lat' dir='ltr'>el</span> <span class='ocrx_word' id='word_1_377' title='bbox 487 3703 725 3760; x_wconf 90' lang='lat' dir='ltr'>omnino</span> <span class='ocrx_word' id='word_1_378' title='bbox 759 3701 1014 3773; x_wconf 87' lang='lat' dir='ltr'>propria.</span> <span class='ocrx_word' id='word_1_379' title='bbox 1047 3701 1118 3755; x_wconf 89' lang='lat' dir='ltr'>ab</span> <span class='ocrx_word' id='word_1_380' title='bbox 1154 3699 1270 3754; x_wconf 90' lang='lat' dir='ltr'>illis</span> <span class='ocrx_word' id='word_1_381' title='bbox 1302 3700 1572 3764; x_wconf 87' lang='lat' dir='ltr'>derivari,</span> <span class='ocrx_word' id='word_1_382' title='bbox 1608 3699 1859 3770; x_wconf 88' lang='lat' dir='ltr'>hincque</span> <span class='ocrx_word' id='word_1_383' title='bbox 1909 3715 2046 3754; x_wconf 78' lang='lat' dir='ltr'>saa-</span> 
     </span>
    </p>
   </div>
   <div class='ocr_carea' id='block_1_55' title="bbox 403 3788 2045 3858">
    <p class='ocr_par' dir='ltr' id='par_1_55' title="bbox 403 3788 2045 3858">
     <span class='ocr_line' id='line_1_56' title="bbox 403 3788 2045 3858; baseline -0.005 -8"><span class='ocrx_word' id='word_1_384' title='bbox 403 3797 661 3851; x_wconf 87' lang='lat' dir='ltr'>ctitatem</span> <span class='ocrx_word' id='word_1_385' title='bbox 697 3790 939 3846; x_wconf 87' lang='lat' dir='ltr'>lransire</span> <span class='ocrx_word' id='word_1_386' title='bbox 971 3789 1042 3844; x_wconf 89' lang='lat' dir='ltr'>ad</span> <span class='ocrx_word' id='word_1_387' title='bbox 1077 3789 1524 3852; x_wconf 83' lang='lat' dir='ltr'>sacerdotem,et</span> <span class='ocrx_word' id='word_1_388' title='bbox 1545 3788 1616 3842; x_wconf 88' lang='lat' dir='ltr'>ad</span> <span class='ocrx_word' id='word_1_389' title='bbox 1648 3789 1774 3858; x_wconf 82' lang='lat' dir='ltr'>ejus</span> <span class='ocrx_word' id='word_1_390' title='bbox 1807 3805 2045 3852; x_wconf 85' lang='lat' dir='ltr'>munus,</span> 
     </span>
    </p>
   </div>
   <div class='ocr_carea' id='block_1_56' title="bbox 400 3876 2045 3954">
    <p class='ocr_par' dir='ltr' id='par_1_56' title="bbox 400 3876 2045 3954">
     <span class='ocr_line' id='line_1_57' title="bbox 400 3876 2045 3954; baseline -0.005 -14"><span class='ocrx_word' id='word_1_391' title='bbox 400 3888 457 3940; x_wconf 91' lang='lat' dir='ltr'>et</span> <span class='ocrx_word' id='word_1_392' title='bbox 489 3881 859 3954; x_wconf 86' lang='lat' dir='ltr'>potissimum</span> <span class='ocrx_word' id='word_1_393' title='bbox 894 3880 962 3931; x_wconf 91' lang='lat' dir='ltr'>ad</span> <span class='ocrx_word' id='word_1_394' title='bbox 997 3893 1130 3932; x_wconf 90' lang='lat' dir='ltr'>eum</span> <span class='ocrx_word' id='word_1_395' title='bbox 1162 3876 1262 3947; x_wconf 88' lang='lat' dir='ltr'>qui</span> <span class='ocrx_word' id='word_1_396' title='bbox 1285 3877 1436 3932; x_wconf 90' lang='lat' dir='ltr'>inter</span> <span class='ocrx_word' id='word_1_397' title='bbox 1489 3877 1617 3932; x_wconf 86' lang='lat' dir='ltr'>illos</span> <span class='ocrx_word' id='word_1_398' title='bbox 1648 3877 1903 3948; x_wconf 89' lang='lat' dir='ltr'>primum</span> <span class='ocrx_word' id='word_1_399' title='bbox 1966 3877 2045 3933; x_wconf 93' lang='lat' dir='ltr'>lo-</span> 
     </span>
    </p>
   </div>
   <div class='ocr_carea' id='block_1_57' title="bbox 403 3965 2046 4038">
    <p class='ocr_par' dir='ltr' id='par_1_57' title="bbox 403 3965 2046 4038">
     <span class='ocr_line' id='line_1_58' title="bbox 403 3965 2046 4038; baseline -0.004 -11"><span class='ocrx_word' id='word_1_400' title='bbox 403 3989 537 4027; x_wconf 88' lang='lat' dir='ltr'>cum</span> <span class='ocrx_word' id='word_1_401' title='bbox 562 3969 808 4024; x_wconf 85' lang='lat' dir='ltr'>obtinet.</span> <span class='ocrx_word' id='word_1_402' title='bbox 846 3967 912 4020; x_wconf 85' lang='lat' dir='ltr'>Et</span> <span class='ocrx_word' id='word_1_403' title='bbox 943 3967 1096 4020; x_wconf 84' lang='lat' dir='ltr'>nosti</span> <span class='ocrx_word' id='word_1_404' title='bbox 1132 3981 1327 4020; x_wconf 87' lang='lat' dir='ltr'>revera</span> <span class='ocrx_word' id='word_1_405' title='bbox 1354 3965 1605 4036; x_wconf 89' lang='lat' dir='ltr'>primum</span> <span class='ocrx_word' id='word_1_406' title='bbox 1654 3971 1710 4021; x_wconf 89' lang='lat' dir='ltr'>et</span> <span class='ocrx_word' id='word_1_407' title='bbox 1767 3983 2046 4038; x_wconf 82' lang='lat' dir='ltr'>magnum</span> 
     </span>
    </p>
   </div>
   <div class='ocr_carea' id='block_1_58' title="bbox 405 4054 2050 4124">
    <p class='ocr_par' dir='ltr' id='par_1_58' title="bbox 405 4054 2050 4124">
     <span class='ocr_line' id='line_1_59' title="bbox 405 4054 2050 4124; baseline -0.005 -8"><span class='ocrx_word' id='word_1_408' title='bbox 405 4065 464 4117; x_wconf 91' lang='lat' dir='ltr'>et</span> <span class='ocrx_word' id='word_1_409' title='bbox 493 4058 760 4114; x_wconf 90' lang='lat' dir='ltr'>omnium</span> <span class='ocrx_word' id='word_1_410' title='bbox 809 4055 1078 4109; x_wconf 87' lang='lat' dir='ltr'>altissum</span> <span class='ocrx_word' id='word_1_411' title='bbox 1139 4056 1523 4123; x_wconf 75' lang='lat' dir='ltr'>sacerdotem,</span> <span class='ocrx_word' id='word_1_412' title='bbox 1575 4055 1675 4124; x_wconf 91' lang='lat' dir='ltr'>qui</span> <span class='ocrx_word' id='word_1_413' title='bbox 1729 4060 1887 4110; x_wconf 89' lang='lat' dir='ltr'>totus</span> <span class='ocrx_word' id='word_1_414' title='bbox 1937 4054 2050 4109; x_wconf 89' lang='lat' dir='ltr'>cle-</span> 
     </span>
    </p>
   </div>
   <div class='ocr_carea' id='block_1_59' title="bbox 411 4147 2054 4217">
    <p class='ocr_par' dir='ltr' id='par_1_59' title="bbox 411 4147 2054 4217">
     <span class='ocr_line' id='line_1_60' title="bbox 411 4147 2054 4217; baseline -0.002 -12"><span class='ocrx_word' id='word_1_415' title='bbox 411 4166 599 4213; x_wconf 84' lang='lat' dir='ltr'>mens,</span> <span class='ocrx_word' id='word_1_416' title='bbox 622 4153 780 4202; x_wconf 90' lang='lat' dir='ltr'>totus</span> <span class='ocrx_word' id='word_1_417' title='bbox 809 4147 973 4213; x_wconf 76' lang='lat' dir='ltr'>salus</span> <span class='ocrx_word' id='word_1_418' title='bbox 1005 4150 1114 4212; x_wconf 90' lang='lat' dir='ltr'>est,</span> <span class='ocrx_word' id='word_1_419' title='bbox 1149 4147 1247 4217; x_wconf 91' lang='lat' dir='ltr'>qui</span> <span class='ocrx_word' id='word_1_420' title='bbox 1282 4162 1390 4202; x_wconf 91' lang='lat' dir='ltr'>nos</span> <span class='ocrx_word' id='word_1_421' title='bbox 1420 4152 1657 4204; x_wconf 88' lang='lat' dir='ltr'>sanctos</span> <span class='ocrx_word' id='word_1_422' title='bbox 1688 4148 1800 4202; x_wconf 90' lang='lat' dir='ltr'>sibi</span> <span class='ocrx_word' id='word_1_423' title='bbox 1847 4163 2054 4204; x_wconf 87' lang='lat' dir='ltr'>conse-</span> 
     </span>
    </p>
   </div>
   <div class='ocr_carea' id='block_1_60' title="bbox 409 4233 2058 4306">
    <p class='ocr_par' dir='ltr' id='par_1_60' title="bbox 409 4233 2058 4306">
     <span class='ocr_line' id='line_1_61' title="bbox 409 4233 2058 4306; baseline -0.003 -11"><span class='ocrx_word' id='word_1_424' title='bbox 409 4242 552 4302; x_wconf 87' lang='lat' dir='ltr'>crat,</span> <span class='ocrx_word' id='word_1_425' title='bbox 587 4241 643 4292; x_wconf 83' lang='lat' dir='ltr'>ut</span> <span class='ocrx_word' id='word_1_426' title='bbox 696 4236 831 4290; x_wconf 89' lang='lat' dir='ltr'>talis</span> <span class='ocrx_word' id='word_1_427' title='bbox 883 4233 1151 4289; x_wconf 83' lang='lat' dir='ltr'>beneﬁcii</span> <span class='ocrx_word' id='word_1_428' title='bbox 1214 4235 1533 4306; x_wconf 85' lang='lat' dir='ltr'>participes</span> <span class='ocrx_word' id='word_1_429' title='bbox 1592 4255 1697 4293; x_wconf 81' lang='lat' dir='ltr'>nos</span> <span class='ocrx_word' id='word_1_430' title='bbox 1756 4239 1944 4294; x_wconf 81' lang='lat' dir='ltr'>reddit</span> <span class='ocrx_word' id='word_1_431' title='bbox 2001 4241 2058 4290; x_wconf 91' lang='lat' dir='ltr'>et</span> 
     </span>
    </p>
   </div>
   <div class='ocr_carea' id='block_1_61' title="bbox 406 4324 2057 4393">
    <p class='ocr_par' dir='ltr' id='par_1_61' title="bbox 406 4324 2057 4393">
     <span class='ocr_line' id='line_1_62' title="bbox 406 4324 2057 4393; baseline -0.002 -10"><span class='ocrx_word' id='word_1_432' title='bbox 406 4327 710 4383; x_wconf 87' lang='lat' dir='ltr'>vocatione</span> <span class='ocrx_word' id='word_1_433' title='bbox 741 4330 798 4380; x_wconf 91' lang='lat' dir='ltr'>et</span> <span class='ocrx_word' id='word_1_434' title='bbox 818 4324 1066 4378; x_wconf 87' lang='lat' dir='ltr'>actione.</span> <span class='ocrx_word' id='word_1_435' title='bbox 1107 4327 1483 4393; x_wconf 81' lang='lat' dir='ltr'>Perspectum</span> <span class='ocrx_word' id='word_1_436' title='bbox 1531 4325 1733 4392; x_wconf 89' lang='lat' dir='ltr'>habes,</span> <span class='ocrx_word' id='word_1_437' title='bbox 1785 4344 1817 4382; x_wconf 95' lang='lat' dir='ltr'>o</span> <span class='ocrx_word' id='word_1_438' title='bbox 1874 4331 2057 4380; x_wconf 87' lang='lat' dir='ltr'>&#39;l‘heo-</span> 
     </span>
    </p>
   </div>
   <div class='ocr_carea' id='block_1_62' title="bbox 409 4412 2062 4491">
    <p class='ocr_par' dir='ltr' id='par_1_62' title="bbox 409 4412 2062 4491">
     <span class='ocr_line' id='line_1_63' title="bbox 409 4412 2062 4491; baseline -0.001 -20"><span class='ocrx_word' id='word_1_439' title='bbox 409 4413 806 4491; x_wconf 87' lang='lat' dir='ltr'>phile,qualis</span> <span class='ocrx_word' id='word_1_440' title='bbox 857 4413 1130 4467; x_wconf 86' lang='lat' dir='ltr'>sacerdos</span> <span class='ocrx_word' id='word_1_441' title='bbox 1162 4412 1257 4479; x_wconf 89' lang='lat' dir='ltr'>sit,</span> <span class='ocrx_word' id='word_1_442' title='bbox 1291 4412 1483 4482; x_wconf 88' lang='lat' dir='ltr'>qualis</span> <span class='ocrx_word' id='word_1_443' title='bbox 1544 4416 1815 4486; x_wconf 87' lang='lat' dir='ltr'>princeps</span> <span class='ocrx_word' id='word_1_444' title='bbox 1874 4432 2062 4471; x_wconf 88' lang='lat' dir='ltr'>sacer-</span> 
     </span>
    </p>
   </div>
   <div class='ocr_carea' id='block_1_63' title="bbox 409 4501 1748 4574">
    <p class='ocr_par' dir='ltr' id='par_1_63' title="bbox 409 4501 1748 4574">
     <span class='ocr_line' id='line_1_64' title="bbox 409 4501 1748 4574; baseline -0.004 -12"><span class='ocrx_word' id='word_1_445' title='bbox 409 4507 538 4563; x_wconf 90' lang='lat' dir='ltr'>dos.</span> <span class='ocrx_word' id='word_1_446' title='bbox 566 4509 624 4557; x_wconf 91' lang='lat' dir='ltr'>et</span> <span class='ocrx_word' id='word_1_447' title='bbox 652 4519 780 4574; x_wconf 74' lang='lat' dir='ltr'>quae</span> <span class='ocrx_word' id='word_1_448' title='bbox 815 4507 1023 4556; x_wconf 66' lang='lat' dir='ltr'>caetera</span> <span class='ocrx_word' id='word_1_449' title='bbox 1055 4501 1348 4570; x_wconf 87' lang='lat' dir='ltr'>ejusmodi</span> <span class='ocrx_word' id='word_1_450' title='bbox 1384 4507 1525 4556; x_wconf 88' lang='lat' dir='ltr'>sunt</span> <span class='ocrx_word' id='word_1_451' title='bbox 1553 4504 1748 4559; x_wconf 88' lang='lat' dir='ltr'>verba.</span> 
     </span>
    </p>
   </div>
   <div class='ocr_carea' id='block_1_64' title="bbox 481 4591 2138 4662">
    <p class='ocr_par' dir='ltr' id='par_1_64' title="bbox 481 4591 2138 4662">
     <span class='ocr_line' id='line_1_65' title="bbox 481 4591 2138 4662; baseline 0.001 -14"><span class='ocrx_word' id='word_1_452' title='bbox 481 4596 568 4648; x_wconf 84' lang='grc'>10.</span> <span class='ocrx_word' id='word_1_453' title='bbox 598 4592 942 4662; x_wconf 62' lang='lat' dir='ltr'>Themi/titus.</span> <span class='ocrx_word' id='word_1_454' title='bbox 1005 4591 1218 4646; x_wconf 88' lang='lat' dir='ltr'>Subtili</span> <span class='ocrx_word' id='word_1_455' title='bbox 1276 4609 1342 4645; x_wconf 89' lang='lat' dir='ltr'>ac</span> <span class='ocrx_word' id='word_1_456' title='bbox 1374 4592 1611 4647; x_wconf 90' lang='lat' dir='ltr'>sublimi</span> <span class='ocrx_word' id='word_1_457' title='bbox 1666 4594 1888 4649; x_wconf 88' lang='lat' dir='ltr'>ratione</span> <span class='ocrx_word' id='word_1_458' title='bbox 1941 4593 2138 4655; x_wconf 70' lang='lat' dir='ltr'>haecD</span> 
     </span>
    </p>
   </div>
   <div class='ocr_carea' id='block_1_65' title="bbox 408 4679 2062 4753">
    <p class='ocr_par' dir='ltr' id='par_1_65' title="bbox 408 4679 2062 4753">
     <span class='ocr_line' id='line_1_66' title="bbox 408 4679 2062 4753; baseline -0.002 -14"><span class='ocrx_word' id='word_1_459' title='bbox 408 4680 749 4753; x_wconf 81' lang='lat' dir='ltr'>exposuisti,</span> <span class='ocrx_word' id='word_1_460' title='bbox 785 4680 1100 4734; x_wconf 81' lang='lat' dir='ltr'>Hierocles.</span> <span class='ocrx_word' id='word_1_461' title='bbox 1142 4679 1348 4734; x_wconf 85' lang='lat' dir='ltr'>Vocem</span> <span class='ocrx_word' id='word_1_462' title='bbox 1405 4682 1644 4752; x_wconf 85' lang='lat' dir='ltr'>quidem</span> <span class='ocrx_word' id='word_1_463' title='bbox 1694 4681 1836 4753; x_wconf 77' lang='grc' dir='ltr'>ἱερὸν</span> <span class='ocrx_word' id='word_1_464' title='bbox 1899 4687 2062 4753; x_wconf 88' lang='lat' dir='ltr'>(san-</span> 
     </span>
    </p>
   </div>
   <div class='ocr_carea' id='block_1_66' title="bbox 412 4768 2062 4844">
    <p class='ocr_par' dir='ltr' id='par_1_66' title="bbox 412 4768 2062 4844">
     <span class='ocr_line' id='line_1_67' title="bbox 412 4768 2062 4844; baseline 0 -17"><span class='ocrx_word' id='word_1_465' title='bbox 412 4771 597 4840; x_wconf 90' lang='lat' dir='ltr'>ctum)</span> <span class='ocrx_word' id='word_1_466' title='bbox 633 4771 743 4824; x_wconf 86' lang='lat' dir='ltr'>Deo</span> <span class='ocrx_word' id='word_1_467' title='bbox 773 4769 1092 4824; x_wconf 87' lang='lat' dir='ltr'>attribuisti</span> <span class='ocrx_word' id='word_1_468' title='bbox 1129 4769 1296 4838; x_wconf 86' lang='lat' dir='ltr'>eique</span> <span class='ocrx_word' id='word_1_469' title='bbox 1327 4768 1432 4822; x_wconf 85' lang='lat' dir='ltr'>soli</span> <span class='ocrx_word' id='word_1_470' title='bbox 1466 4771 1805 4827; x_wconf 88' lang='lat' dir='ltr'>concessisti</span> <span class='ocrx_word' id='word_1_471' title='bbox 1847 4778 1903 4827; x_wconf 90' lang='lat' dir='ltr'>et</span> <span class='ocrx_word' id='word_1_472' title='bbox 1929 4789 2062 4844; x_wconf 83' lang='lat' dir='ltr'>pro-</span> 
     </span>
    </p>
   </div>
   <div class='ocr_carea' id='block_1_67' title="bbox 414 4857 2062 4935">
    <p class='ocr_par' dir='ltr' id='par_1_67' title="bbox 414 4857 2062 4935">
     <span class='ocr_line' id='line_1_68' title="bbox 414 4857 2062 4935; baseline 0.002 -22"><span class='ocrx_word' id='word_1_473' title='bbox 414 4860 600 4932; x_wconf 79' lang='lat' dir='ltr'>prium</span> <span class='ocrx_word' id='word_1_474' title='bbox 635 4873 762 4912; x_wconf 81' lang='lat' dir='ltr'>esse</span> <span class='ocrx_word' id='word_1_475' title='bbox 791 4857 1046 4922; x_wconf 90' lang='lat' dir='ltr'>voluisti,</span> <span class='ocrx_word' id='word_1_476' title='bbox 1074 4873 1267 4911; x_wconf 62' lang='lat' dir='ltr'>vocem</span> <span class='ocrx_word' id='word_1_477' title='bbox 1294 4863 1488 4912; x_wconf 90' lang='lat' dir='ltr'>autem</span> <span class='ocrx_word' id='word_1_478' title='bbox 1515 4857 1903 4935; x_wconf 71' lang='grc' dir='ltr'>θεοφιλὲς(1)οο</span> <span class='ocrx_word' id='word_1_479' title='bbox 1927 4861 2062 4916; x_wconf 88' lang='lat' dir='ltr'>cha-</span> 
     </span>
    </p>
   </div>
   <div class='ocr_carea' id='block_1_68' title="bbox 415 4943 2065 5016">
    <p class='ocr_par' dir='ltr' id='par_1_68' title="bbox 415 4943 2065 5016">
     <span class='ocr_line' id='line_1_69' title="bbox 415 4943 2065 5016; baseline -0.001 -14"><span class='ocrx_word' id='word_1_480' title='bbox 415 4945 572 5015; x_wconf 84' lang='lat' dir='ltr'>rum)</span> <span class='ocrx_word' id='word_1_481' title='bbox 603 4943 761 4998; x_wconf 87' lang='lat' dir='ltr'>velut</span> <span class='ocrx_word' id='word_1_482' title='bbox 790 4944 1202 5014; x_wconf 78' lang='lat' dir='ltr'>scaturiginem</span> <span class='ocrx_word' id='word_1_483' title='bbox 1226 4944 1389 4999; x_wconf 88' lang='lat' dir='ltr'>illinc</span> <span class='ocrx_word' id='word_1_484' title='bbox 1420 4951 1798 5016; x_wconf 80' lang='lat' dir='ltr'>proﬂuentem</span> <span class='ocrx_word' id='word_1_485' title='bbox 1834 4947 1890 5002; x_wconf 92' lang='lat' dir='ltr'>in</span> <span class='ocrx_word' id='word_1_486' title='bbox 1919 4947 2065 5003; x_wconf 88' lang='lat' dir='ltr'>ami-</span> 
     </span>
    </p>
   </div>
   <div class='ocr_carea' id='block_1_69' title="bbox 416 5031 1458 5102">
    <p class='ocr_par' dir='ltr' id='par_1_69' title="bbox 416 5031 1458 5102">
     <span class='ocr_line' id='line_1_70' title="bbox 416 5031 1458 5102; baseline -0.003 -11"><span class='ocrx_word' id='word_1_487' title='bbox 416 5051 514 5092; x_wconf 90' lang='lat' dir='ltr'>cos</span> <span class='ocrx_word' id='word_1_488' title='bbox 545 5033 676 5102; x_wconf 84' lang='lat' dir='ltr'>ejus</span> <span class='ocrx_word' id='word_1_489' title='bbox 698 5032 952 5088; x_wconf 86' lang='lat' dir='ltr'>deﬂuere</span> <span class='ocrx_word' id='word_1_490' title='bbox 977 5031 1191 5087; x_wconf 89' lang='lat' dir='ltr'>videris</span> <span class='ocrx_word' id='word_1_491' title='bbox 1222 5033 1458 5088; x_wconf 77' lang='lat' dir='ltr'>dixisse.</span> 
     </span>
    </p>
   </div>
   <div class='ocr_carea' id='block_1_70' title="bbox 489 5139 2065 5214">
    <p class='ocr_par' dir='ltr' id='par_1_70' title="bbox 489 5139 2065 5214">
     <span class='ocr_line' id='line_1_71' title="bbox 489 5139 2065 5214; baseline 0.003 -19"><span class='ocrx_word' id='word_1_492' title='bbox 489 5141 776 5195; x_wconf 76' lang='lat' dir='ltr'>Hierocles.</span> <span class='ocrx_word' id='word_1_493' title='bbox 815 5144 899 5194; x_wconf 88' lang='lat' dir='ltr'>Ita</span> <span class='ocrx_word' id='word_1_494' title='bbox 930 5145 1038 5204; x_wconf 88' lang='lat' dir='ltr'>est,</span> <span class='ocrx_word' id='word_1_495' title='bbox 1088 5156 1120 5193; x_wconf 92' lang='grc' dir='ltr'>ο</span> <span class='ocrx_word' id='word_1_496' title='bbox 1161 5139 1500 5210; x_wconf 82' lang='lat' dir='ltr'>Theophile.</span> <span class='ocrx_word' id='word_1_497' title='bbox 1553 5142 1734 5214; x_wconf 88' lang='lat' dir='ltr'>Igitur</span> <span class='ocrx_word' id='word_1_498' title='bbox 1793 5146 2065 5202; x_wconf 88' lang='lat' dir='ltr'>sacerdos</span> 
     </span>
    </p>
   </div>
   <div class='ocr_carea' id='block_1_71' title="bbox 415 5228 2065 5305">
    <p class='ocr_par' dir='ltr' id='par_1_71' title="bbox 415 5228 2065 5305">
     <span class='ocr_line' id='line_1_72' title="bbox 415 5228 2065 5305; baseline 0.001 -18"><span class='ocrx_word' id='word_1_499' title='bbox 415 5231 511 5288; x_wconf 88' lang='lat' dir='ltr'>ille</span> <span class='ocrx_word' id='word_1_500' title='bbox 543 5230 602 5285; x_wconf 92' lang='lat' dir='ltr'>in</span> <span class='ocrx_word' id='word_1_501' title='bbox 635 5228 850 5284; x_wconf 59' lang='lat' dir='ltr'>siecula</span> <span class='ocrx_word' id='word_1_502' title='bbox 877 5234 932 5282; x_wconf 91' lang='lat' dir='ltr'>et</span> <span class='ocrx_word' id='word_1_503' title='bbox 963 5245 1232 5283; x_wconf 74' lang='lat' dir='ltr'>summus</span> <span class='ocrx_word' id='word_1_504' title='bbox 1259 5231 1532 5285; x_wconf 86' lang='lat' dir='ltr'>sacerdos</span> <span class='ocrx_word' id='word_1_505' title='bbox 1557 5231 1821 5303; x_wconf 84' lang='lat' dir='ltr'>piissime</span> <span class='ocrx_word' id='word_1_506' title='bbox 1852 5233 2065 5305; x_wconf 83' lang='lat' dir='ltr'>gloriﬁ-</span> 
     </span>
    </p>
   </div>
   <div class='ocr_carea' id='block_1_72' title="bbox 417 5315 2066 5392">
    <p class='ocr_par' dir='ltr' id='par_1_72' title="bbox 417 5315 2066 5392">
     <span class='ocr_line' id='line_1_73' title="bbox 417 5315 2066 5392; baseline 0.004 -21"><span class='ocrx_word' id='word_1_507' title='bbox 417 5326 618 5376; x_wconf 81' lang='lat' dir='ltr'>catur:</span> <span class='ocrx_word' id='word_1_508' title='bbox 683 5335 788 5372; x_wconf 83' lang='lat' dir='ltr'>vox</span> <span class='ocrx_word' id='word_1_509' title='bbox 844 5322 1036 5372; x_wconf 85' lang='lat' dir='ltr'>autem</span> <span class='ocrx_word' id='word_1_510' title='bbox 1097 5315 1346 5392; x_wconf 72' lang='grc' dir='ltr'>θεοφιλὲς</span> <span class='ocrx_word' id='word_1_511' title='bbox 1391 5336 1544 5375; x_wconf 90' lang='lat' dir='ltr'>nunc</span> <span class='ocrx_word' id='word_1_512' title='bbox 1575 5320 1807 5391; x_wconf 88' lang='lat' dir='ltr'>quidem</span> <span class='ocrx_word' id='word_1_513' title='bbox 1872 5324 2066 5378; x_wconf 90' lang='lat' dir='ltr'>nescio</span> 
     </span>
    </p>
   </div>
   <div class='ocr_carea' id='block_1_73' title="bbox 420 5406 2067 5478">
    <p class='ocr_par' dir='ltr' id='par_1_73' title="bbox 420 5406 2067 5478">
     <span class='ocr_line' id='line_1_74' title="bbox 420 5406 2067 5478; baseline 0.004 -17"><span class='ocrx_word' id='word_1_514' title='bbox 420 5423 675 5478; x_wconf 86' lang='lat' dir='ltr'>quanam</span> <span class='ocrx_word' id='word_1_515' title='bbox 709 5406 934 5462; x_wconf 89' lang='lat' dir='ltr'>ratione</span> <span class='ocrx_word' id='word_1_516' title='bbox 964 5406 1078 5460; x_wconf 93' lang='lat' dir='ltr'>Deo</span> <span class='ocrx_word' id='word_1_517' title='bbox 1110 5413 1422 5478; x_wconf 88' lang='lat' dir='ltr'>competat.</span> <span class='ocrx_word' id='word_1_518' title='bbox 1456 5408 1742 5464; x_wconf 87' lang='lat' dir='ltr'>Videntur</span> <span class='ocrx_word' id='word_1_519' title='bbox 1771 5410 1926 5466; x_wconf 87' lang='lat' dir='ltr'>enim</span> <span class='ocrx_word' id='word_1_520' title='bbox 1979 5417 2067 5467; x_wconf 91' lang='lat' dir='ltr'>ta-</span> 
     </span>
    </p>
   </div>
   <div class='ocr_carea' id='block_1_74' title="bbox 424 5495 2063 5566">
    <p class='ocr_par' dir='ltr' id='par_1_74' title="bbox 424 5495 2063 5566">
     <span class='ocr_line' id='line_1_75' title="bbox 424 5495 2063 5566; baseline 0.002 -15"><span class='ocrx_word' id='word_1_521' title='bbox 424 5496 503 5551; x_wconf 83' lang='lat' dir='ltr'>lia</span> <span class='ocrx_word' id='word_1_522' title='bbox 527 5495 758 5566; x_wconf 85' lang='lat' dir='ltr'>proprio</span> <span class='ocrx_word' id='word_1_523' title='bbox 789 5513 963 5550; x_wconf 77' lang='lat' dir='ltr'>sensu</span> <span class='ocrx_word' id='word_1_524' title='bbox 997 5496 1045 5549; x_wconf 90' lang='lat' dir='ltr'>ei</span> <span class='ocrx_word' id='word_1_525' title='bbox 1075 5496 1336 5566; x_wconf 82' lang='lat' dir='ltr'>attribui,</span> <span class='ocrx_word' id='word_1_526' title='bbox 1372 5496 1711 5554; x_wconf 87' lang='lat' dir='ltr'>hominibus</span> <span class='ocrx_word' id='word_1_527' title='bbox 1758 5504 1952 5555; x_wconf 89' lang='lat' dir='ltr'>autem</span> <span class='ocrx_word' id='word_1_528' title='bbox 2013 5501 2063 5556; x_wconf 92' lang='lat' dir='ltr'>ei</span> 
     </span>
    </p>
   </div>
   <div class='ocr_carea' id='block_1_75' title="bbox 425 5581 988 5659">
    <p class='ocr_par' dir='ltr' id='par_1_75' title="bbox 425 5581 988 5659">
     <span class='ocr_line' id='line_1_76' title="bbox 425 5581 988 5659; baseline -0.016 -21"><span class='ocrx_word' id='word_1_529' title='bbox 425 5582 617 5638; x_wconf 88' lang='lat' dir='ltr'>charis</span> <span class='ocrx_word' id='word_1_530' title='bbox 645 5581 708 5634; x_wconf 84' lang='grc' dir='ltr'>τὸ</span> <span class='ocrx_word' id='word_1_531' title='bbox 721 5581 988 5659; x_wconf 70' lang='grc' dir='ltr'>θεοφιλὲς·</span> 
     </span>
    </p>
   </div>
   <div class='ocr_carea' id='block_1_76' title="bbox 2137 1916 3750 1999">
    <p class='ocr_par' dir='ltr' id='par_1_76' title="bbox 2137 1916 3750 1999">
     <span class='ocr_line' id='line_1_77' title="bbox 2137 1916 3750 1999; baseline -0.006 -20"><span class='ocrx_word' id='word_1_532' title='bbox 2137 1923 2455 1999; x_wconf 83' lang='grc' dir='ltr'>διεώρακας.</span> <span class='ocrx_word' id='word_1_533' title='bbox 2490 1923 2685 1994; x_wconf 84' lang='grc' dir='ltr'>Ἡμεῖς</span> <span class='ocrx_word' id='word_1_534' title='bbox 2739 1922 2836 1994; x_wconf 75' lang='grc' dir='ltr'>μὲν</span> <span class='ocrx_word' id='word_1_535' title='bbox 2874 1922 2976 1995; x_wconf 71' lang='grc' dir='ltr'>γὰρ</span> <span class='ocrx_word' id='word_1_536' title='bbox 3025 1919 3370 1991; x_wconf 68' lang='grc' dir='ltr'>ἐνενοοῦμεν,</span> <span class='ocrx_word' id='word_1_537' title='bbox 3407 1917 3479 1980; x_wconf 87' lang='grc' dir='ltr'>ὡς</span> <span class='ocrx_word' id='word_1_538' title='bbox 3527 1916 3659 1991; x_wconf 83' lang='grc' dir='ltr'>παρᾶ</span> <span class='ocrx_word' id='word_1_539' title='bbox 3698 1916 3750 1970; x_wconf 87' lang='grc' dir='ltr'>τὸ</span> 
     </span>
    </p>
   </div>
   <div class='ocr_carea' id='block_1_77' title="bbox 2129 2005 3750 2087">
    <p class='ocr_par' dir='ltr' id='par_1_77' title="bbox 2129 2005 3750 2087">
     <span class='ocr_line' id='line_1_78' title="bbox 2129 2005 3750 2087; baseline -0.005 -21"><span class='ocrx_word' id='word_1_540' title='bbox 2129 2011 2242 2068; x_wconf 73' lang='grc' dir='ltr'>’ίεὸ</span> <span class='ocrx_word' id='word_1_541' title='bbox 2295 2013 2441 2087; x_wconf 80' lang='grc' dir='ltr'>ἱερὸς</span> <span class='ocrx_word' id='word_1_542' title='bbox 2495 2012 2633 2086; x_wconf 86' lang='grc' dir='ltr'>πρὸς</span> <span class='ocrx_word' id='word_1_543' title='bbox 2689 2010 2993 2083; x_wconf 85' lang='grc' dir='ltr'>ὁμοιότητα</span> <span class='ocrx_word' id='word_1_544' title='bbox 3046 2013 3150 2064; x_wconf 84' lang='grc' dir='ltr'>τοῦ</span> <span class='ocrx_word' id='word_1_545' title='bbox 3195 2005 3397 2082; x_wconf 83' lang='grc' dir='ltr'>διερὸς,</span> <span class='ocrx_word' id='word_1_546' title='bbox 3455 2005 3543 2060; x_wconf 80' lang='grc' dir='ltr'>καὶ</span> <span class='ocrx_word' id='word_1_547' title='bbox 3587 2025 3750 2078; x_wconf 73' lang='lat' dir='ltr'>xpute-</span> 
     </span>
    </p>
   </div>
   <div class='ocr_carea' id='block_1_78' title="bbox 2139 2094 3752 2179">
    <p class='ocr_par' dir='ltr' id='par_1_78' title="bbox 2139 2094 3752 2179">
     <span class='ocr_line' id='line_1_79' title="bbox 2139 2094 3752 2179; baseline -0.006 -21"><span class='ocrx_word' id='word_1_548' title='bbox 2139 2103 2254 2179; x_wconf 85' lang='grc' dir='ltr'>ρὸς,</span> <span class='ocrx_word' id='word_1_549' title='bbox 2313 2102 2404 2157; x_wconf 87' lang='grc' dir='ltr'>καὶ</span> <span class='ocrx_word' id='word_1_550' title='bbox 2460 2106 2568 2156; x_wconf 81' lang='grc' dir='ltr'>τῶν</span> <span class='ocrx_word' id='word_1_551' title='bbox 2628 2099 2726 2156; x_wconf 78' lang='grc' dir='ltr'>ὅσα</span> <span class='ocrx_word' id='word_1_552' title='bbox 2779 2103 3050 2154; x_wconf 80' lang='grc' dir='ltr'>τοιαῦτα·</span> <span class='ocrx_word' id='word_1_553' title='bbox 3107 2097 3170 2152; x_wconf 76' lang='grc' dir='ltr'>σὺ</span> <span class='ocrx_word' id='word_1_554' title='bbox 3239 2095 3311 2152; x_wconf 70' lang='grc' dir='ltr'>δὶι</span> <span class='ocrx_word' id='word_1_555' title='bbox 3368 2094 3752 2173; x_wconf 79' lang='grc' dir='ltr'>γλαφυρώτερον</span> 
     </span>
    </p>
   </div>
   <div class='ocr_carea' id='block_1_79' title="bbox 2137 2180 3752 2267">
    <p class='ocr_par' dir='ltr' id='par_1_79' title="bbox 2137 2180 3752 2267">
     <span class='ocr_line' id='line_1_80' title="bbox 2137 2180 3752 2267; baseline -0.007 -20"><span class='ocrx_word' id='word_1_556' title='bbox 2137 2193 2497 2267; x_wconf 71' lang='grc' dir='ltr'>περιενοήσιι),</span> <span class='ocrx_word' id='word_1_557' title='bbox 2557 2189 2720 2267; x_wconf 83' lang='grc' dir='ltr'>ρὦιν</span> <span class='ocrx_word' id='word_1_558' title='bbox 2789 2187 3271 2265; x_wconf 80' lang='grc' dir='ltr'>ἐμφαντασάμενος</span> <span class='ocrx_word' id='word_1_559' title='bbox 3347 2189 3424 2256; x_wconf 79' lang='grc' dir='ltr'>τῷ</span> <span class='ocrx_word' id='word_1_560' title='bbox 3488 2187 3578 2238; x_wconf 91' lang='grc' dir='ltr'>τοῦ</span> <span class='ocrx_word' id='word_1_561' title='bbox 3627 2180 3752 2258; x_wconf 75' lang='grc' dir='ltr'>ἱεροῦ</span> 
     </span>
    </p>
   </div>
   <div class='ocr_carea' id='block_1_80' title="bbox 2139 2270 3753 2354">
    <p class='ocr_par' dir='ltr' id='par_1_80' title="bbox 2139 2270 3753 2354">
     <span class='ocr_line' id='line_1_81' title="bbox 2139 2270 3753 2354; baseline -0.007 -19"><span class='ocrx_word' id='word_1_562' title='bbox 2139 2281 2383 2353; x_wconf 84' lang='grc' dir='ltr'>ὀνόματι.</span> <span class='ocrx_word' id='word_1_563' title='bbox 2416 2279 2521 2335; x_wconf 85' lang='grc' dir='ltr'>Καὶ</span> <span class='ocrx_word' id='word_1_564' title='bbox 2555 2277 2730 2354; x_wconf 73' lang='grc' dir='ltr'>ἐχίτω</span> <span class='ocrx_word' id='word_1_565' title='bbox 2770 2277 2966 2344; x_wconf 75' lang='grc' dir='ltr'>οὕτως,</span> <span class='ocrx_word' id='word_1_566' title='bbox 2997 2275 3085 2330; x_wconf 80' lang='grc' dir='ltr'>καὶ</span> <span class='ocrx_word' id='word_1_567' title='bbox 3143 2273 3372 2350; x_wconf 69' lang='grc' dir='ltr'>γένοιτό·</span> <span class='ocrx_word' id='word_1_568' title='bbox 3419 2289 3500 2327; x_wconf 85' lang='grc' dir='ltr'>σοι</span> <span class='ocrx_word' id='word_1_569' title='bbox 3557 2270 3753 2327; x_wconf 70' lang='grc' dir='ltr'>φιλοσοι</span> 
     </span>
    </p>
   </div>
   <div class='ocr_carea' id='block_1_81' title="bbox 2140 2358 3754 2448">
    <p class='ocr_par' dir='ltr' id='par_1_81' title="bbox 2140 2358 3754 2448">
     <span class='ocr_line' id='line_1_82' title="bbox 2140 2358 3754 2448; baseline -0.007 -24"><span class='ocrx_word' id='word_1_570' title='bbox 2140 2371 2278 2448; x_wconf 83' lang='grc' dir='ltr'>φεῖν</span> <span class='ocrx_word' id='word_1_571' title='bbox 2317 2368 2404 2423; x_wconf 86' lang='grc' dir='ltr'>καὶ</span> <span class='ocrx_word' id='word_1_572' title='bbox 2452 2368 2544 2422; x_wconf 85' lang='grc' dir='ltr'>τὸν</span> <span class='ocrx_word' id='word_1_573' title='bbox 2595 2366 2794 2442; x_wconf 85' lang='grc' dir='ltr'>τρόπον</span> <span class='ocrx_word' id='word_1_574' title='bbox 2848 2365 3063 2430; x_wconf 80' lang='grc' dir='ltr'>τοῦτον,</span> <span class='ocrx_word' id='word_1_575' title='bbox 3110 2363 3156 2418; x_wconf 65' lang='grc' dir='ltr'>εἰ</span> <span class='ocrx_word' id='word_1_576' title='bbox 3223 2363 3316 2417; x_wconf 86' lang='grc' dir='ltr'>καί</span> <span class='ocrx_word' id='word_1_577' title='bbox 3367 2381 3506 2422; x_wconf 91' lang='grc' dir='ltr'>τινες</span> <span class='ocrx_word' id='word_1_578' title='bbox 3565 2358 3754 2433; x_wconf 82' lang='grc' dir='ltr'>δυσαρε-</span> 
     </span>
    </p>
   </div>
   <div class='ocr_carea' id='block_1_82' title="bbox 2142 2448 3756 2532">
    <p class='ocr_par' dir='ltr' id='par_1_82' title="bbox 2142 2448 3756 2532">
     <span class='ocr_line' id='line_1_83' title="bbox 2142 2448 3756 2532; baseline -0.007 -19"><span class='ocrx_word' id='word_1_579' title='bbox 2142 2463 2408 2525; x_wconf 85' lang='grc' dir='ltr'>στοῦνται,</span> <span class='ocrx_word' id='word_1_580' title='bbox 2442 2455 2696 2532; x_wconf 85' lang='grc' dir='ltr'>στρυφνοί</span> <span class='ocrx_word' id='word_1_581' title='bbox 2753 2475 2816 2528; x_wconf 83' lang='grc' dir='ltr'>γε</span> <span class='ocrx_word' id='word_1_582' title='bbox 2866 2454 3017 2509; x_wconf 76' lang='grc' dir='ltr'>αὐτοὶ</span> <span class='ocrx_word' id='word_1_583' title='bbox 3080 2449 3232 2514; x_wconf 77' lang='grc' dir='ltr'>ὄντες</span> <span class='ocrx_word' id='word_1_584' title='bbox 3281 2451 3372 2507; x_wconf 76' lang='grc' dir='ltr'>καὶ</span> <span class='ocrx_word' id='word_1_585' title='bbox 3425 2448 3756 2505; x_wconf 70' lang='grc' dir='ltr'>δυσέντευκτοι</span> 
     </span>
    </p>
   </div>
   <div class='ocr_carea' id='block_1_83' title="bbox 2140 2539 3758 2621">
    <p class='ocr_par' dir='ltr' id='par_1_83' title="bbox 2140 2539 3758 2621">
     <span class='ocr_line' id='line_1_84' title="bbox 2140 2539 3758 2621; baseline -0.009 -17"><span class='ocrx_word' id='word_1_586' title='bbox 2140 2548 2229 2604; x_wconf 86' lang='grc' dir='ltr'>καὶ</span> <span class='ocrx_word' id='word_1_587' title='bbox 2286 2548 2488 2621; x_wconf 86' lang='grc' dir='ltr'>ἀθιγεῖς</span> <span class='ocrx_word' id='word_1_588' title='bbox 2543 2549 2652 2599; x_wconf 81' lang='grc' dir='ltr'>τῶν</span> <span class='ocrx_word' id='word_1_589' title='bbox 2713 2543 2859 2598; x_wconf 87' lang='grc' dir='ltr'>κάτω</span> <span class='ocrx_word' id='word_1_590' title='bbox 2917 2543 3006 2598; x_wconf 83' lang='grc' dir='ltr'>καὶ</span> <span class='ocrx_word' id='word_1_591' title='bbox 3065 2545 3374 2616; x_wconf 82' lang='grc' dir='ltr'>χαμερπῶν</span> <span class='ocrx_word' id='word_1_592' title='bbox 3426 2539 3668 2616; x_wconf 78' lang='grc' dir='ltr'>ῥημάτων</span> <span class='ocrx_word' id='word_1_593' title='bbox 3710 2552 3758 2590; x_wconf 81' lang='grc' dir='ltr'>τε</span> 
     </span>
    </p>
   </div>
   <div class='ocr_carea' id='block_1_84' title="bbox 2142 2625 3756 2711">
    <p class='ocr_par' dir='ltr' id='par_1_84' title="bbox 2142 2625 3756 2711">
     <span class='ocr_line' id='line_1_85' title="bbox 2142 2625 3756 2711; baseline -0.008 -20"><span class='ocrx_word' id='word_1_594' title='bbox 2142 2637 2233 2692; x_wconf 84' lang='grc' dir='ltr'>καὶ</span> <span class='ocrx_word' id='word_1_595' title='bbox 2285 2635 2646 2711; x_wconf 58' lang='grc' dir='ltr'>πραγμάτων</span> <span class='ocrx_word' id='word_1_596' title='bbox 2679 2635 2731 2688; x_wconf 83' lang='grc' dir='ltr'>οἳ</span> <span class='ocrx_word' id='word_1_597' title='bbox 2793 2632 2855 2687; x_wconf 85' lang='grc' dir='ltr'>ού</span> <span class='ocrx_word' id='word_1_598' title='bbox 2919 2631 3082 2705; x_wconf 89' lang='grc' dir='ltr'>μόνον</span> <span class='ocrx_word' id='word_1_599' title='bbox 3137 2631 3320 2701; x_wconf 81' lang='grc' dir='ltr'>ἄκρων</span> <span class='ocrx_word' id='word_1_600' title='bbox 3376 2628 3458 2683; x_wconf 78' lang='grc' dir='ltr'>ἐπ’</span> <span class='ocrx_word' id='word_1_601' title='bbox 3503 2625 3756 2700; x_wconf 72' lang='grc' dir='ltr'>ἀνθερίκων</span> 
     </span>
    </p>
   </div>
   <div class='ocr_carea' id='block_1_85' title="bbox 2143 2716 3760 2798">
    <p class='ocr_par' dir='ltr' id='par_1_85' title="bbox 2143 2716 3760 2798">
     <span class='ocr_line' id='line_1_86' title="bbox 2143 2716 3760 2798; baseline -0.007 -19"><span class='ocrx_word' id='word_1_602' title='bbox 2143 2726 2522 2798; x_wconf 67' lang='grc' dir='ltr'>ἐξανεμοῦνται</span> <span class='ocrx_word' id='word_1_603' title='bbox 2571 2724 2730 2790; x_wconf 73' lang='grc' dir='ltr'>θέειν,</span> <span class='ocrx_word' id='word_1_604' title='bbox 2764 2721 2911 2777; x_wconf 77' lang='grc' dir='ltr'>ἀλλὰ</span> <span class='ocrx_word' id='word_1_605' title='bbox 2960 2721 3050 2776; x_wconf 64' lang='grc' dir='ltr'>καὶ</span> <span class='ocrx_word' id='word_1_606' title='bbox 3099 2722 3352 2794; x_wconf 76' lang='grc' dir='ltr'>Ηήγασοι</span> <span class='ocrx_word' id='word_1_607' title='bbox 3409 2716 3760 2792; x_wconf 78' lang='grc' dir='ltr'>ἁερσιπότητοι</span> 
     </span>
    </p>
   </div>
   <div class='ocr_carea' id='block_1_86' title="bbox 2145 2805 3760 2892">
    <p class='ocr_par' dir='ltr' id='par_1_86' title="bbox 2145 2805 3760 2892">
     <span class='ocr_line' id='line_1_87' title="bbox 2145 2805 3760 2892; baseline -0.008 -22"><span class='ocrx_word' id='word_1_608' title='bbox 2145 2815 2420 2892; x_wconf 75' lang='grc' dir='ltr'>φέρονται,</span> <span class='ocrx_word' id='word_1_609' title='bbox 2472 2815 2926 2890; x_wconf 86' lang='grc' dir='ltr'>περιφρονοῦντες</span> <span class='ocrx_word' id='word_1_610' title='bbox 2977 2811 3078 2878; x_wconf 78' lang='grc' dir='ltr'>τήν</span> <span class='ocrx_word' id='word_1_611' title='bbox 3148 2805 3484 2885; x_wconf 75' lang='grc' dir='ltr'>φυσιολόγον</span> <span class='ocrx_word' id='word_1_612' title='bbox 3538 2823 3760 2881; x_wconf 85' lang='grc' dir='ltr'>γραμμα-</span> 
     </span>
    </p>
   </div>
   <div class='ocr_carea' id='block_1_87' title="bbox 2143 2894 3760 2975">
    <p class='ocr_par' dir='ltr' id='par_1_87' title="bbox 2143 2894 3760 2975">
     <span class='ocr_line' id='line_1_88' title="bbox 2143 2894 3760 2975; baseline -0.008 -16"><span class='ocrx_word' id='word_1_613' title='bbox 2143 2905 2324 2974; x_wconf 72' lang='grc' dir='ltr'>τικήν.</span> <span class='ocrx_word' id='word_1_614' title='bbox 2361 2900 2712 2975; x_wconf 74' lang='grc' dir='ltr'>Συλλήψεταί</span> <span class='ocrx_word' id='word_1_615' title='bbox 2743 2921 2826 2956; x_wconf 93' lang='grc' dir='ltr'>σοι</span> <span class='ocrx_word' id='word_1_616' title='bbox 2857 2899 2948 2954; x_wconf 72' lang='grc' dir='ltr'>καί</span> <span class='ocrx_word' id='word_1_617' title='bbox 2989 2897 3219 2954; x_wconf 86' lang='grc' dir='ltr'>Πλάτων</span> <span class='ocrx_word' id='word_1_618' title='bbox 3266 2896 3430 2960; x_wconf 76' lang='grc' dir='ltr'>αὐτὸς</span> <span class='ocrx_word' id='word_1_619' title='bbox 3469 2899 3562 2951; x_wconf 81' lang='grc' dir='ltr'>τοῦ</span> <span class='ocrx_word' id='word_1_620' title='bbox 3614 2894 3760 2962; x_wconf 75' lang='grc' dir='ltr'>πονή-</span> 
     </span>
    </p>
   </div>
   <div class='ocr_carea' id='block_1_88' title="bbox 2149 2984 3757 3068">
    <p class='ocr_par' dir='ltr' id='par_1_88' title="bbox 2149 2984 3757 3068">
     <span class='ocr_line' id='line_1_89' title="bbox 2149 2984 3757 3068; baseline -0.009 -20"><span class='ocrx_word' id='word_1_621' title='bbox 2149 3012 2340 3067; x_wconf 84' lang='grc' dir='ltr'>ματος,</span> <span class='ocrx_word' id='word_1_622' title='bbox 2393 2993 2421 3046; x_wconf 75' lang='grc' dir='ltr'>ὁ</span> <span class='ocrx_word' id='word_1_623' title='bbox 2473 2991 2573 3060; x_wconf 77' lang='grc' dir='ltr'>τὴν</span> <span class='ocrx_word' id='word_1_624' title='bbox 2634 2988 2957 3068; x_wconf 72' lang='grc' dir='ltr'>φιλοσοφίαν</span> <span class='ocrx_word' id='word_1_625' title='bbox 3014 2987 3347 3062; x_wconf 72' lang='grc' dir='ltr'>μετάρσιος·</span> <span class='ocrx_word' id='word_1_626' title='bbox 3404 2985 3491 3041; x_wconf 88' lang='grc' dir='ltr'>καὶ</span> <span class='ocrx_word' id='word_1_627' title='bbox 3546 2984 3640 3059; x_wconf 84' lang='grc' dir='ltr'>γάρ</span> <span class='ocrx_word' id='word_1_628' title='bbox 3687 3001 3757 3036; x_wconf 88' lang='grc' dir='ltr'>τοι</span> 
     </span>
    </p>
   </div>
   <div class='ocr_carea' id='block_1_89' title="bbox 2146 3068 3761 3154">
    <p class='ocr_par' dir='ltr' id='par_1_89' title="bbox 2146 3068 3761 3154">
     <span class='ocr_line' id='line_1_90' title="bbox 2146 3068 3761 3154; baseline -0.01 -17"><span class='ocrx_word' id='word_1_629' title='bbox 2146 3081 2236 3137; x_wconf 85' lang='grc' dir='ltr'>καὶ</span> <span class='ocrx_word' id='word_1_630' title='bbox 2267 3079 2425 3142; x_wconf 82' lang='grc' dir='ltr'>αὐτὸς</span> <span class='ocrx_word' id='word_1_631' title='bbox 2472 3073 2688 3154; x_wconf 81' lang='grc' dir='ltr'>ἔχαιρεν</span> <span class='ocrx_word' id='word_1_632' title='bbox 2740 3075 3089 3132; x_wconf 78' lang='grc' dir='ltr'>ἀναπτύσσων</span> <span class='ocrx_word' id='word_1_633' title='bbox 3135 3075 3405 3147; x_wconf 80' lang='grc' dir='ltr'>ὀνόματα,</span> <span class='ocrx_word' id='word_1_634' title='bbox 3449 3073 3534 3128; x_wconf 83' lang='grc' dir='ltr'>καὶ</span> <span class='ocrx_word' id='word_1_635' title='bbox 3581 3072 3671 3139; x_wconf 78' lang='grc' dir='ltr'>τὴν</span> <span class='ocrx_word' id='word_1_636' title='bbox 3719 3068 3761 3124; x_wconf 69' lang='grc' dir='ltr'>ἐν</span> 
     </span>
    </p>
   </div>
   <div class='ocr_carea' id='block_1_90' title="bbox 2149 3159 3762 3242">
    <p class='ocr_par' dir='ltr' id='par_1_90' title="bbox 2149 3159 3762 3242">
     <span class='ocr_line' id='line_1_91' title="bbox 2149 3159 3762 3242; baseline -0.007 -18"><span class='ocrx_word' id='word_1_637' title='bbox 2149 3170 2332 3231; x_wconf 82' lang='grc' dir='ltr'>αὐτοῖς</span> <span class='ocrx_word' id='word_1_638' title='bbox 2415 3168 2686 3240; x_wconf 80' lang='grc' dir='ltr'>θεώμενος</span> <span class='ocrx_word' id='word_1_639' title='bbox 2770 3164 3056 3241; x_wconf 66' lang='grc' dir='ltr'>ἐγκύκλιον</span> <span class='ocrx_word' id='word_1_640' title='bbox 3150 3165 3389 3242; x_wconf 74' lang='grc' dir='ltr'>φυσικὴν</span> <span class='ocrx_word' id='word_1_641' title='bbox 3474 3159 3762 3232; x_wconf 74' lang='grc' dir='ltr'>ἐτυμότητα.</span> 
     </span>
    </p>
   </div>
   <div class='ocr_carea' id='block_1_91' title="bbox 2150 3247 3765 3334">
    <p class='ocr_par' dir='ltr' id='par_1_91' title="bbox 2150 3247 3765 3334">
     <span class='ocr_line' id='line_1_92' title="bbox 2150 3247 3765 3334; baseline -0.01 -19"><span class='ocrx_word' id='word_1_642' title='bbox 2150 3260 2340 3334; x_wconf 80' lang='grc' dir='ltr'>Ἔχεις</span> <span class='ocrx_word' id='word_1_643' title='bbox 2376 3254 2442 3325; x_wconf 71' lang='grc' dir='ltr'>δὴ</span> <span class='ocrx_word' id='word_1_644' title='bbox 2471 3255 2587 3323; x_wconf 69' lang='grc' dir='ltr'>οὖν,</span> <span class='ocrx_word' id='word_1_645' title='bbox 2627 3256 2694 3310; x_wconf 78' lang='grc' dir='ltr'>τὰ</span> <span class='ocrx_word' id='word_1_646' title='bbox 2737 3255 2830 3329; x_wconf 77' lang='grc' dir='ltr'>μὶν</span> <span class='ocrx_word' id='word_1_647' title='bbox 2887 3255 3096 3327; x_wconf 86' lang='grc' dir='ltr'>μαθὼν,</span> <span class='ocrx_word' id='word_1_648' title='bbox 3119 3254 3197 3308; x_wconf 69' lang='grc' dir='ltr'>τὰι</span> <span class='ocrx_word' id='word_1_649' title='bbox 3245 3250 3294 3307; x_wconf 84' lang='grc' dir='ltr'>δ’</span> <span class='ocrx_word' id='word_1_650' title='bbox 3344 3251 3501 3312; x_wconf 78' lang='grc' dir='ltr'>αὐτὸς</span> <span class='ocrx_word' id='word_1_651' title='bbox 3551 3247 3765 3334; x_wconf 72' lang='grc' dir='ltr'>ἐξευρὼν,</span> 
     </span>
    </p>
   </div>
   <div class='ocr_carea' id='block_1_92' title="bbox 2152 3333 3767 3424">
    <p class='ocr_par' dir='ltr' id='par_1_92' title="bbox 2152 3333 3767 3424">
     <span class='ocr_line' id='line_1_93' title="bbox 2152 3333 3767 3424; baseline -0.009 -23"><span class='ocrx_word' id='word_1_652' title='bbox 2152 3333 2268 3418; x_wconf 71' lang='grc' dir='ltr'>θεία</span> <span class='ocrx_word' id='word_1_653' title='bbox 2310 3345 2463 3424; x_wconf 84' lang='grc' dir='ltr'>φύσει</span> <span class='ocrx_word' id='word_1_654' title='bbox 2516 3343 2914 3421; x_wconf 65' lang='grc' dir='ltr'>ἐπιπρίπουσαν</span> <span class='ocrx_word' id='word_1_655' title='bbox 2963 3343 3064 3410; x_wconf 76' lang='grc' dir='ltr'>τήν</span> <span class='ocrx_word' id='word_1_656' title='bbox 3123 3345 3222 3396; x_wconf 89' lang='grc' dir='ltr'>τοῦ</span> <span class='ocrx_word' id='word_1_657' title='bbox 3279 3341 3432 3415; x_wconf 74' lang='grc' dir='ltr'>ἱεροῦ</span> <span class='ocrx_word' id='word_1_658' title='bbox 3461 3335 3666 3406; x_wconf 78' lang='grc' dir='ltr'>κλῆσιν·</span> <span class='ocrx_word' id='word_1_659' title='bbox 3693 3333 3767 3388; x_wconf 84' lang='grc' dir='ltr'>καὶ</span> 
     </span>
    </p>
   </div>
   <div class='ocr_carea' id='block_1_93' title="bbox 2153 3423 3766 3509">
    <p class='ocr_par' dir='ltr' id='par_1_93' title="bbox 2153 3423 3766 3509">
     <span class='ocr_line' id='line_1_94' title="bbox 2153 3423 3766 3509; baseline -0.009 -18"><span class='ocrx_word' id='word_1_660' title='bbox 2153 3423 2330 3492; x_wconf 11' lang='grc' dir='ltr'>εἷ’ποιγ</span> <span class='ocrx_word' id='word_1_661' title='bbox 2373 3455 2454 3496; x_wconf 90' lang='grc' dir='ltr'>τις</span> <span class='ocrx_word' id='word_1_662' title='bbox 2536 3432 2596 3487; x_wconf 78' lang='grc' dir='ltr'>ἂν</span> <span class='ocrx_word' id='word_1_663' title='bbox 2676 3431 3037 3509; x_wconf 70' lang='grc' dir='ltr'>θαρρούντως,</span> <span class='ocrx_word' id='word_1_664' title='bbox 3097 3431 3159 3485; x_wconf 86' lang='grc' dir='ltr'>τὸ</span> <span class='ocrx_word' id='word_1_665' title='bbox 3243 3430 3341 3502; x_wconf 75' lang='grc' dir='ltr'>μὶν</span> <span class='ocrx_word' id='word_1_666' title='bbox 3415 3425 3555 3503; x_wconf 76' lang='grc' dir='ltr'>ἱερὰς</span> <span class='ocrx_word' id='word_1_667' title='bbox 3619 3423 3766 3480; x_wconf 78' lang='grc' dir='ltr'>αὑτῶν</span> 
     </span>
    </p>
   </div>
   <div class='ocr_carea' id='block_1_94' title="bbox 2155 3513 3765 3600">
    <p class='ocr_par' dir='ltr' id='par_1_94' title="bbox 2155 3513 3765 3600">
     <span class='ocr_line' id='line_1_95' title="bbox 2155 3513 3765 3600; baseline -0.009 -20"><span class='ocrx_word' id='word_1_668' title='bbox 2155 3525 2401 3600; x_wconf 68' lang='grc' dir='ltr'>ιξῆφθαι,</span> <span class='ocrx_word' id='word_1_669' title='bbox 2450 3526 2558 3578; x_wconf 80' lang='grc' dir='ltr'>τῶν</span> <span class='ocrx_word' id='word_1_670' title='bbox 2619 3523 2777 3586; x_wconf 82' lang='grc' dir='ltr'>θείων</span> <span class='ocrx_word' id='word_1_671' title='bbox 2833 3520 2922 3576; x_wconf 83' lang='grc' dir='ltr'>καὶ</span> <span class='ocrx_word' id='word_1_672' title='bbox 2975 3523 3110 3575; x_wconf 89' lang='grc' dir='ltr'>Θεοῦ</span> <span class='ocrx_word' id='word_1_673' title='bbox 3177 3517 3345 3574; x_wconf 74' lang='grc' dir='ltr'>αὐτοῦ</span> <span class='ocrx_word' id='word_1_674' title='bbox 3419 3513 3765 3587; x_wconf 83' lang='grc' dir='ltr'>κολλώμενον,</span> 
     </span>
    </p>
   </div>
   <div class='ocr_carea' id='block_1_95' title="bbox 2157 3603 3768 3687">
    <p class='ocr_par' dir='ltr' id='par_1_95' title="bbox 2157 3603 3768 3687">
     <span class='ocr_line' id='line_1_96' title="bbox 2157 3603 3768 3687; baseline -0.01 -20"><span class='ocrx_word' id='word_1_675' title='bbox 2157 3615 2295 3678; x_wconf 80' lang='grc' dir='ltr'>οἷον,</span> <span class='ocrx_word' id='word_1_676' title='bbox 2353 3612 2388 3681; x_wconf 75' lang='grc' dir='ltr'><strong>ἢ</strong></span> <span class='ocrx_word' id='word_1_677' title='bbox 2449 3610 2812 3687; x_wconf 80' lang='grc' dir='ltr'>ἐμφυόμενον,</span> <span class='ocrx_word' id='word_1_678' title='bbox 2872 3609 2962 3664; x_wconf 88' lang='grc' dir='ltr'>καὶ</span> <span class='ocrx_word' id='word_1_679' title='bbox 3020 3607 3162 3663; x_wconf 73' lang='grc' dir='ltr'>οίίτω</span> <span class='ocrx_word' id='word_1_680' title='bbox 3228 3628 3351 3670; x_wconf 88' lang='grc' dir='ltr'>πως</span> <span class='ocrx_word' id='word_1_681' title='bbox 3408 3603 3768 3676; x_wconf 67' lang='grc' dir='ltr'>οἰκειούμενον·</span> 
     </span>
    </p>
   </div>
   <div class='ocr_carea' id='block_1_96' title="bbox 2158 3689 3776 3776">
    <p class='ocr_par' dir='ltr' id='par_1_96' title="bbox 2158 3689 3776 3776">
     <span class='ocr_line' id='line_1_97' title="bbox 2158 3689 3776 3776; baseline -0.011 -17"><span class='ocrx_word' id='word_1_682' title='bbox 2158 3703 2358 3759; x_wconf 81' lang='grc' dir='ltr'>ἐκεῖθεν</span> <span class='ocrx_word' id='word_1_683' title='bbox 2410 3699 2467 3756; x_wconf 66' lang='grc' dir='ltr'>δὲ</span> <span class='ocrx_word' id='word_1_684' title='bbox 2527 3698 3004 3776; x_wconf 76' lang='grc' dir='ltr'>μεταῤῥυίσκεσθαι</span> <span class='ocrx_word' id='word_1_685' title='bbox 3060 3698 3122 3752; x_wconf 86' lang='grc' dir='ltr'>τὸ</span> <span class='ocrx_word' id='word_1_686' title='bbox 3180 3697 3380 3770; x_wconf 85' lang='grc' dir='ltr'>σεμνὸν</span> <span class='ocrx_word' id='word_1_687' title='bbox 3441 3695 3529 3749; x_wconf 84' lang='grc' dir='ltr'>καὶ</span> <span class='ocrx_word' id='word_1_688' title='bbox 3575 3691 3654 3747; x_wconf 79' lang='grc' dir='ltr'>ἐπὶ</span> <span class='ocrx_word' id='word_1_689' title='bbox 3701 3689 3776 3744; x_wconf 84' lang='grc' dir='ltr'>τὸν</span> 
     </span>
    </p>
   </div>
   <div class='ocr_carea' id='block_1_97' title="bbox 2160 3777 3778 3867">
    <p class='ocr_par' dir='ltr' id='par_1_97' title="bbox 2160 3777 3778 3867">
     <span class='ocr_line' id='line_1_98' title="bbox 2160 3777 3778 3867; baseline -0.009 -20"><span class='ocrx_word' id='word_1_690' title='bbox 2160 3794 2327 3867; x_wconf 70' lang='grc' dir='ltr'>ἱερέα,</span> <span class='ocrx_word' id='word_1_691' title='bbox 2359 3792 2446 3846; x_wconf 84' lang='grc' dir='ltr'>καὶ</span> <span class='ocrx_word' id='word_1_692' title='bbox 2499 3790 2587 3844; x_wconf 64' lang='grc' dir='ltr'>ἰπὶ</span> <span class='ocrx_word' id='word_1_693' title='bbox 2638 3790 2704 3844; x_wconf 83' lang='grc' dir='ltr'>τὰ</span> <span class='ocrx_word' id='word_1_694' title='bbox 2750 3789 2866 3844; x_wconf 84' lang='grc' dir='ltr'>κατ’</span> <span class='ocrx_word' id='word_1_695' title='bbox 2922 3785 3104 3854; x_wconf 72' lang='grc' dir='ltr'>αὺτὸν,</span> <span class='ocrx_word' id='word_1_696' title='bbox 3137 3785 3226 3840; x_wconf 88' lang='grc' dir='ltr'>καὶ</span> <span class='ocrx_word' id='word_1_697' title='bbox 3284 3783 3522 3857; x_wconf 84' lang='grc' dir='ltr'>μάλιστα</span> <span class='ocrx_word' id='word_1_698' title='bbox 3572 3779 3650 3835; x_wconf 81' lang='grc' dir='ltr'>ἐπὶ</span> <span class='ocrx_word' id='word_1_699' title='bbox 3704 3777 3778 3832; x_wconf 82' lang='grc' dir='ltr'>τὸν</span> 
     </span>
    </p>
   </div>
   <div class='ocr_carea' id='block_1_98' title="bbox 2163 3867 3782 3953">
    <p class='ocr_par' dir='ltr' id='par_1_98' title="bbox 2163 3867 3782 3953">
     <span class='ocr_line' id='line_1_99' title="bbox 2163 3867 3782 3953; baseline -0.011 -16"><span class='ocrx_word' id='word_1_700' title='bbox 2163 3881 2213 3937; x_wconf 80' lang='grc' dir='ltr'>ἐν</span> <span class='ocrx_word' id='word_1_701' title='bbox 2246 3886 2362 3943; x_wconf 85' lang='grc' dir='ltr'>τοῖς</span> <span class='ocrx_word' id='word_1_702' title='bbox 2384 3879 2666 3943; x_wconf 89' lang='grc' dir='ltr'>τοιούτοις</span> <span class='ocrx_word' id='word_1_703' title='bbox 2697 3879 3070 3953; x_wconf 78' lang='grc' dir='ltr'>προάρχοντα.</span> <span class='ocrx_word' id='word_1_704' title='bbox 3105 3874 3203 3930; x_wconf 82' lang='grc' dir='ltr'>Καὶ</span> <span class='ocrx_word' id='word_1_705' title='bbox 3248 3871 3401 3934; x_wconf 72' lang='grc' dir='ltr'>οἶδας</span> <span class='ocrx_word' id='word_1_706' title='bbox 3459 3870 3659 3930; x_wconf 78' lang='grc' dir='ltr'>πάντως</span> <span class='ocrx_word' id='word_1_707' title='bbox 3708 3867 3782 3920; x_wconf 83' lang='grc' dir='ltr'>τὸν</span> 
     </span>
    </p>
   </div>
   <div class='ocr_carea' id='block_1_99' title="bbox 2164 3955 3781 4041">
    <p class='ocr_par' dir='ltr' id='par_1_99' title="bbox 2164 3955 3781 4041">
     <span class='ocr_line' id='line_1_100' title="bbox 2164 3955 3781 4041; baseline -0.011 -17"><span class='ocrx_word' id='word_1_708' title='bbox 2164 3970 2255 4025; x_wconf 84' lang='grc' dir='ltr'>καὶ</span> <span class='ocrx_word' id='word_1_709' title='bbox 2312 3970 2527 4041; x_wconf 79' lang='grc' dir='ltr'>πρῶτον</span> <span class='ocrx_word' id='word_1_710' title='bbox 2576 3967 2666 4022; x_wconf 84' lang='grc' dir='ltr'>καὶ</span> <span class='ocrx_word' id='word_1_711' title='bbox 2713 3965 2880 4041; x_wconf 72' lang='grc' dir='ltr'>μέγαν</span> <span class='ocrx_word' id='word_1_712' title='bbox 2929 3965 3020 4019; x_wconf 88' lang='grc' dir='ltr'>καὶ</span> <span class='ocrx_word' id='word_1_713' title='bbox 3074 3960 3248 4026; x_wconf 83' lang='grc' dir='ltr'>ὄντως</span> <span class='ocrx_word' id='word_1_714' title='bbox 3279 3961 3505 4036; x_wconf 72' lang='grc' dir='ltr'>ὕψιστον</span> <span class='ocrx_word' id='word_1_715' title='bbox 3538 3955 3781 4033; x_wconf 70' lang='grc' dir='ltr'>ἀρχιερέα,</span> 
     </span>
    </p>
   </div>
   <div class='ocr_carea' id='block_1_100' title="bbox 2163 4043 3786 4127">
    <p class='ocr_par' dir='ltr' id='par_1_100' title="bbox 2163 4043 3786 4127">
     <span class='ocr_line' id='line_1_101' title="bbox 2163 4043 3786 4127; baseline -0.009 -13"><span class='ocrx_word' id='word_1_716' title='bbox 2163 4060 2255 4115; x_wconf 87' lang='grc' dir='ltr'>τὸν</span> <span class='ocrx_word' id='word_1_717' title='bbox 2302 4058 2430 4113; x_wconf 78' lang='grc' dir='ltr'>ὅλον</span> <span class='ocrx_word' id='word_1_718' title='bbox 2482 4055 2669 4123; x_wconf 72' lang='grc' dir='ltr'>’ίλαον,</span> <span class='ocrx_word' id='word_1_719' title='bbox 2702 4055 2793 4110; x_wconf 85' lang='grc' dir='ltr'>τὸν</span> <span class='ocrx_word' id='word_1_720' title='bbox 2835 4053 2964 4110; x_wconf 82' lang='grc' dir='ltr'>δλυν</span> <span class='ocrx_word' id='word_1_721' title='bbox 2999 4051 3296 4127; x_wconf 85' lang='grc' dir='ltr'>σωτηρίαν,</span> <span class='ocrx_word' id='word_1_722' title='bbox 3330 4051 3391 4112; x_wconf 83' lang='grc' dir='ltr'>ὃς</span> <span class='ocrx_word' id='word_1_723' title='bbox 3450 4051 3593 4121; x_wconf 78' lang='grc' dir='ltr'>ἡμᾶς</span> <span class='ocrx_word' id='word_1_724' title='bbox 3635 4043 3786 4100; x_wconf 80' lang='grc' dir='ltr'>ὁσίους</span> 
     </span>
    </p>
   </div>
   <div class='ocr_carea' id='block_1_101' title="bbox 2167 4130 3786 4222">
    <p class='ocr_par' dir='ltr' id='par_1_101' title="bbox 2167 4130 3786 4222">
     <span class='ocr_line' id='line_1_102' title="bbox 2167 4130 3786 4222; baseline -0.012 -19"><span class='ocrx_word' id='word_1_725' title='bbox 2167 4149 2312 4219; x_wconf 73' lang='grc' dir='ltr'>αἰτῷ</span> <span class='ocrx_word' id='word_1_726' title='bbox 2340 4149 2605 4222; x_wconf 82' lang='grc' dir='ltr'>καθιεροῖ,</span> <span class='ocrx_word' id='word_1_727' title='bbox 2635 4145 2724 4200; x_wconf 89' lang='grc' dir='ltr'>καὶ</span> <span class='ocrx_word' id='word_1_728' title='bbox 2776 4148 2874 4199; x_wconf 91' lang='grc' dir='ltr'>τοῦ</span> <span class='ocrx_word' id='word_1_729' title='bbox 2924 4142 3176 4198; x_wconf 87' lang='grc' dir='ltr'>τοιούτου</span> <span class='ocrx_word' id='word_1_730' title='bbox 3229 4141 3436 4214; x_wconf 85' lang='grc' dir='ltr'>ἀγαθοῦ</span> <span class='ocrx_word' id='word_1_731' title='bbox 3491 4130 3786 4211; x_wconf 73' lang='grc' dir='ltr'>μεταδίδωσι</span> 
     </span>
    </p>
   </div>
   <div class='ocr_carea' id='block_1_102' title="bbox 2167 4220 3786 4309">
    <p class='ocr_par' dir='ltr' id='par_1_102' title="bbox 2167 4220 3786 4309">
     <span class='ocr_line' id='line_1_103' title="bbox 2167 4220 3786 4309; baseline -0.012 -17"><span class='ocrx_word' id='word_1_732' title='bbox 2167 4238 2256 4292; x_wconf 84' lang='grc' dir='ltr'>καὶ</span> <span class='ocrx_word' id='word_1_733' title='bbox 2305 4220 2504 4305; x_wconf 80' lang='grc' dir='ltr'>κλήσει</span> <span class='ocrx_word' id='word_1_734' title='bbox 2553 4234 2643 4289; x_wconf 83' lang='grc' dir='ltr'>καὶ</span> <span class='ocrx_word' id='word_1_735' title='bbox 2701 4233 3006 4309; x_wconf 82' lang='grc' dir='ltr'>πράγματι.</span> <span class='ocrx_word' id='word_1_736' title='bbox 3046 4230 3312 4304; x_wconf 79' lang='grc' dir='ltr'>Κατέχεις</span> <span class='ocrx_word' id='word_1_737' title='bbox 3361 4224 3472 4298; x_wconf 75' lang='grc' dir='ltr'>ἤδη</span> <span class='ocrx_word' id='word_1_738' title='bbox 3530 4223 3694 4299; x_wconf 78' lang='grc' dir='ltr'>γνοὺς,</span> <span class='ocrx_word' id='word_1_739' title='bbox 3725 4220 3786 4274; x_wconf 75' lang='grc' dir='ltr'>οἶ-</span> 
     </span>
    </p>
   </div>
   <div class='ocr_carea' id='block_1_103' title="bbox 2175 4309 3789 4400">
    <p class='ocr_par' dir='ltr' id='par_1_103' title="bbox 2175 4309 3789 4400">
     <span class='ocr_line' id='line_1_104' title="bbox 2175 4309 3789 4400; baseline -0.011 -20"><span class='ocrx_word' id='word_1_740' title='bbox 2175 4347 2290 4400; x_wconf 87' lang='grc' dir='ltr'>μαι,</span> <span class='ocrx_word' id='word_1_741' title='bbox 2325 4325 2397 4378; x_wconf 85' lang='grc' dir='ltr'>ὧν</span> <span class='ocrx_word' id='word_1_742' title='bbox 2431 4321 2684 4398; x_wconf 82' lang='grc' dir='ltr'>Θεόφιλε,</span> <span class='ocrx_word' id='word_1_743' title='bbox 2727 4322 2843 4386; x_wconf 75' lang='grc' dir='ltr'>οἷός</span> <span class='ocrx_word' id='word_1_744' title='bbox 2871 4341 2954 4382; x_wconf 91' lang='grc' dir='ltr'>τις</span> <span class='ocrx_word' id='word_1_745' title='bbox 2985 4320 3014 4374; x_wconf 85' lang='grc' dir='ltr'>ὁ</span> <span class='ocrx_word' id='word_1_746' title='bbox 3042 4317 3240 4393; x_wconf 73' lang='grc' dir='ltr'>ἱερεὺς,</span> <span class='ocrx_word' id='word_1_747' title='bbox 3273 4313 3519 4386; x_wconf 83' lang='grc' dir='ltr'>πηλίκος</span> <span class='ocrx_word' id='word_1_748' title='bbox 3547 4309 3600 4366; x_wconf 78' lang='grc' dir='ltr'>δὶ</span> <span class='ocrx_word' id='word_1_749' title='bbox 3627 4313 3653 4364; x_wconf 87' lang='grc' dir='ltr'>ὁ</span> <span class='ocrx_word' id='word_1_750' title='bbox 3674 4309 3789 4400; x_wconf 7' lang='grc' dir='ltr'>,ἀρχ-</span> 
     </span>
    </p>
   </div>
   <div class='ocr_carea' id='block_1_104' title="bbox 2176 4399 3786 4488">
    <p class='ocr_par' dir='ltr' id='par_1_104' title="bbox 2176 4399 3786 4488">
     <span class='ocr_line' id='line_1_105' title="bbox 2176 4399 3786 4488; baseline -0.01 -21"><span class='ocrx_word' id='word_1_751' title='bbox 2176 4415 2368 4488; x_wconf 78' lang='grc' dir='ltr'>ιερεῦς,</span> <span class='ocrx_word' id='word_1_752' title='bbox 2397 4415 2560 4467; x_wconf 86' lang='grc' dir='ltr'>ὁποῖα</span> <span class='ocrx_word' id='word_1_753' title='bbox 2613 4409 2670 4467; x_wconf 74' lang='grc' dir='ltr'>ὂὶ</span> <span class='ocrx_word' id='word_1_754' title='bbox 2712 4412 2800 4466; x_wconf 85' lang='grc' dir='ltr'>καὶ</span> <span class='ocrx_word' id='word_1_755' title='bbox 2851 4411 2917 4464; x_wconf 75' lang='grc' dir='ltr'>τὰ</span> <span class='ocrx_word' id='word_1_756' title='bbox 2955 4407 3126 4464; x_wconf 85' lang='grc' dir='ltr'>λοιπὰ</span> <span class='ocrx_word' id='word_1_757' title='bbox 3153 4411 3250 4462; x_wconf 88' lang='grc' dir='ltr'>τοῦ</span> <span class='ocrx_word' id='word_1_758' title='bbox 3291 4404 3546 4460; x_wconf 83' lang='grc' dir='ltr'>τοιούτου</span> <span class='ocrx_word' id='word_1_759' title='bbox 3575 4399 3786 4474; x_wconf 78' lang='grc' dir='ltr'>στοίχου.</span> 
     </span>
    </p>
   </div>
   <div class='ocr_carea' id='block_1_105' title="bbox 2244 4580 3791 4668">
    <p class='ocr_par' dir='ltr' id='par_1_105' title="bbox 2244 4580 3791 4668">
     <span class='ocr_line' id='line_1_106' title="bbox 2244 4580 3791 4668; baseline -0.011 -18"><span class='ocrx_word' id='word_1_760' title='bbox 2244 4593 2294 4649; x_wconf 84' lang='grc' dir='ltr'>ι’.</span> <span class='ocrx_word' id='word_1_761' title='bbox 2337 4589 2621 4668; x_wconf 81' lang='grc' dir='ltr'>Θεόφιλος.</span> <span class='ocrx_word' id='word_1_762' title='bbox 2679 4587 2822 4643; x_wconf 81' lang='grc' dir='ltr'>Πάνυ</span> <span class='ocrx_word' id='word_1_763' title='bbox 2881 4587 3000 4642; x_wconf 84' lang='grc' dir='ltr'>λίαν</span> <span class='ocrx_word' id='word_1_764' title='bbox 3054 4587 3120 4640; x_wconf 68' lang='grc' dir='ltr'>τὰ</span> <span class='ocrx_word' id='word_1_765' title='bbox 3172 4588 3402 4640; x_wconf 83' lang='grc' dir='ltr'>τοιαῦτα</span> <span class='ocrx_word' id='word_1_766' title='bbox 3465 4580 3791 4654; x_wconf 74' lang='grc' dir='ltr'>μετεώρισας,</span> 
     </span>
    </p>
   </div>
   <div class='ocr_carea' id='block_1_106' title="bbox 2171 4665 3794 4754">
    <p class='ocr_par' dir='ltr' id='par_1_106' title="bbox 2171 4665 3794 4754">
     <span class='ocr_line' id='line_1_107' title="bbox 2171 4665 3794 4754; baseline -0.009 -16"><span class='ocrx_word' id='word_1_767' title='bbox 2171 4665 2483 4754; x_wconf 74' lang='grc' dir='ltr'>Ἰερόκλεις.</span> <span class='ocrx_word' id='word_1_768' title='bbox 2528 4678 2624 4732; x_wconf 80' lang='grc' dir='ltr'>Καὶ</span> <span class='ocrx_word' id='word_1_769' title='bbox 2683 4679 2746 4732; x_wconf 88' lang='grc' dir='ltr'>τὸ</span> <span class='ocrx_word' id='word_1_770' title='bbox 2803 4678 2895 4750; x_wconf 72' lang='grc' dir='ltr'>μὲν</span> <span class='ocrx_word' id='word_1_771' title='bbox 2957 4676 3099 4751; x_wconf 73' lang='grc' dir='ltr'>ἱερὸν</span> <span class='ocrx_word' id='word_1_772' title='bbox 3157 4672 3504 4748; x_wconf 81' lang='grc' dir='ltr'>παρέστησας</span> <span class='ocrx_word' id='word_1_773' title='bbox 3561 4672 3636 4738; x_wconf 82' lang='grc' dir='ltr'>τῷ</span> <span class='ocrx_word' id='word_1_774' title='bbox 3679 4665 3794 4754; x_wconf 54' lang='lat' dir='ltr'>eui».</span> 
     </span>
    </p>
   </div>
   <div class='ocr_carea' id='block_1_107' title="bbox 2171 4748 3794 4845">
    <p class='ocr_par' dir='ltr' id='par_1_107' title="bbox 2171 4748 3794 4845">
     <span class='ocr_line' id='line_1_108' title="bbox 2171 4748 3794 4845; baseline -0.01 -21"><span class='ocrx_word' id='word_1_775' title='bbox 2171 4748 2257 4824; x_wconf 70' lang='lat' dir='ltr'>xui</span> <span class='ocrx_word' id='word_1_776' title='bbox 2318 4770 2441 4844; x_wconf 87' lang='grc' dir='ltr'>παρ’</span> <span class='ocrx_word' id='word_1_777' title='bbox 2497 4769 2646 4839; x_wconf 80' lang='grc' dir='ltr'>αὐτῷ</span> <span class='ocrx_word' id='word_1_778' title='bbox 2701 4748 2911 4845; x_wconf 66' lang='grc' dir='ltr'>ἀφῆκας</span> <span class='ocrx_word' id='word_1_779' title='bbox 2969 4748 3170 4837; x_wconf 50' lang='grc' dir='ltr'>μένειν,</span> <span class='ocrx_word' id='word_1_780' title='bbox 3232 4762 3324 4817; x_wconf 88' lang='grc' dir='ltr'>καὶ</span> <span class='ocrx_word' id='word_1_781' title='bbox 3407 4757 3672 4833; x_wconf 81' lang='grc' dir='ltr'>ᾠκείωσας</span> 
     </span>
    </p>
   </div>
   <div class='ocr_carea' id='block_1_108' title="bbox 2173 4837 3793 4933">
    <p class='ocr_par' dir='ltr' id='par_1_108' title="bbox 2173 4837 3793 4933">
     <span class='ocr_line' id='line_1_109' title="bbox 2173 4837 3793 4933; baseline -0.007 -20"><span class='ocrx_word' id='word_1_782' title='bbox 2173 4837 2447 4933; x_wconf 77' lang='grc' dir='ltr'>ἐγγύτητα</span> <span class='ocrx_word' id='word_1_783' title='bbox 2473 4877 2484 4888; x_wconf 80' lang='grc' dir='ltr'><strong>ο</strong></span> <span class='ocrx_word' id='word_1_784' title='bbox 2539 4837 2628 4912; x_wconf 27' lang='grc' dir='ltr'>τὸ.</span> <span class='ocrx_word' id='word_1_785' title='bbox 2661 4853 2719 4911; x_wconf 71' lang='grc' dir='ltr'>δὲ</span> <span class='ocrx_word' id='word_1_786' title='bbox 2750 4837 2759 4845; x_wconf 52' lang='grc'><em>’</em></span> <span class='ocrx_word' id='word_1_787' title='bbox 2790 4853 3040 4932; x_wconf 78' lang='grc' dir='ltr'>θεοφιλὲς</span> <span class='ocrx_word' id='word_1_788' title='bbox 3115 4851 3422 4926; x_wconf 80' lang='grc' dir='ltr'>ἆπόρῥοιαν</span> <span class='ocrx_word' id='word_1_789' title='bbox 3495 4847 3692 4922; x_wconf 73' lang='grc' dir='ltr'>ἀφῆκας</span> <span class='ocrx_word' id='word_1_790' title='bbox 3713 4925 3727 4933; x_wconf 37' lang='grc' dir='ltr'>ι</span> 
     </span>
    </p>
   </div>
   <div class='ocr_carea' id='block_1_109' title="bbox 2173 4925 3793 5019">
    <p class='ocr_par' dir='ltr' id='par_1_109' title="bbox 2173 4925 3793 5019">
     <span class='ocr_line' id='line_1_110' title="bbox 2173 4925 3793 5019; baseline -0.013 -18"><span class='ocrx_word' id='word_1_791' title='bbox 2173 4925 2398 5019; x_wconf 68' lang='grc' dir='ltr'>ἐκείνου,</span> <span class='ocrx_word' id='word_1_792' title='bbox 2456 4946 2630 5019; x_wconf 82' lang='grc' dir='ltr'>οἶμαι,</span> <span class='ocrx_word' id='word_1_793' title='bbox 2691 4945 2765 5006; x_wconf 85' lang='grc' dir='ltr'>είς</span> <span class='ocrx_word' id='word_1_794' title='bbox 2847 4925 2976 5005; x_wconf 75' lang='grc' dir='ltr'>τοὺς</span> <span class='ocrx_word' id='word_1_795' title='bbox 3049 4941 3195 5013; x_wconf 76' lang='grc' dir='ltr'>αύτῷ</span> <span class='ocrx_word' id='word_1_796' title='bbox 3280 4937 3477 5016; x_wconf 80' lang='grc' dir='ltr'>φίλους</span> <span class='ocrx_word' id='word_1_797' title='bbox 3535 4925 3793 4990; x_wconf 77' lang='grc' dir='ltr'>ἐπισταλά-</span> 
     </span>
    </p>
   </div>
   <div class='ocr_carea' id='block_1_110' title="bbox 2175 5037 2374 5106">
    <p class='ocr_par' dir='ltr' id='par_1_110' title="bbox 2175 5037 2374 5106">
     <span class='ocr_line' id='line_1_111' title="bbox 2175 5037 2374 5106; baseline 0.005 -16"><span class='ocrx_word' id='word_1_798' title='bbox 2175 5037 2374 5106; x_wconf 59' lang='grc' dir='ltr'>ξασθαα</span> 
     </span>
    </p>
   </div>
   <div class='ocr_carea' id='block_1_111' title="bbox 2245 5121 3794 5214">
    <p class='ocr_par' dir='ltr' id='par_1_111' title="bbox 2245 5121 3794 5214">
     <span class='ocr_line' id='line_1_112' title="bbox 2245 5121 3794 5214; baseline -0.021 -1"><span class='ocrx_word' id='word_1_799' title='bbox 2245 5139 2544 5212; x_wconf 62' lang='grc' dir='ltr'>Ἱεροκλῆε-</span> <span class='ocrx_word' id='word_1_800' title='bbox 2596 5139 2784 5202; x_wconf 68' lang='grc' dir='ltr'>Οὕτως</span> <span class='ocrx_word' id='word_1_801' title='bbox 2825 5139 2963 5214; x_wconf 75' lang='grc' dir='ltr'>ἔχει,</span> <span class='ocrx_word' id='word_1_802' title='bbox 3009 5159 3054 5192; x_wconf 89' lang='grc' dir='ltr'>ω</span> <span class='ocrx_word' id='word_1_803' title='bbox 3104 5133 3354 5210; x_wconf 82' lang='grc' dir='ltr'>Θεόφιλε.</span> <span class='ocrx_word' id='word_1_804' title='bbox 3409 5130 3608 5186; x_wconf 80' lang='grc' dir='ltr'>Οὐκοῦν</span> <span class='ocrx_word' id='word_1_805' title='bbox 3649 5121 3794 5199; x_wconf 69' lang='grc' dir='ltr'>ἱερεὺς</span> 
     </span>
    </p>
   </div>
   <div class='ocr_carea' id='block_1_112' title="bbox 2180 5215 3795 5304">
    <p class='ocr_par' dir='ltr' id='par_1_112' title="bbox 2180 5215 3795 5304">
     <span class='ocr_line' id='line_1_113' title="bbox 2180 5215 3795 5304; baseline -0.011 -18"><span class='ocrx_word' id='word_1_806' title='bbox 2180 5231 2272 5304; x_wconf 72' lang='grc' dir='ltr'>μὶν</span> <span class='ocrx_word' id='word_1_807' title='bbox 2333 5230 2532 5292; x_wconf 83' lang='grc' dir='ltr'>ἐκεῖνος</span> <span class='ocrx_word' id='word_1_808' title='bbox 2592 5229 2668 5293; x_wconf 55' lang='grc' dir='ltr'>είς</span> <span class='ocrx_word' id='word_1_809' title='bbox 2705 5229 2797 5284; x_wconf 82' lang='grc' dir='ltr'>τὸν</span> <span class='ocrx_word' id='word_1_810' title='bbox 2862 5228 3048 5296; x_wconf 75' lang='grc' dir='ltr'>αἰῶνα,</span> <span class='ocrx_word' id='word_1_811' title='bbox 3085 5226 3176 5281; x_wconf 78' lang='grc' dir='ltr'>καὶ</span> <span class='ocrx_word' id='word_1_812' title='bbox 3234 5221 3524 5300; x_wconf 79' lang='grc' dir='ltr'>ἀρχιερεὺς</span> <span class='ocrx_word' id='word_1_813' title='bbox 3583 5215 3638 5304; x_wconf 64' lang='grc' dir='ltr'>δε</span> <span class='ocrx_word' id='word_1_814' title='bbox 3688 5232 3795 5304; x_wconf 48' lang='lat' dir='ltr'>ctis-</span> 
     </span>
    </p>
   </div>
   <div class='ocr_carea' id='block_1_113' title="bbox 2173 5301 3792 5391">
    <p class='ocr_par' dir='ltr' id='par_1_113' title="bbox 2173 5301 3792 5391">
     <span class='ocr_line' id='line_1_114' title="bbox 2173 5301 3792 5391; baseline -0.012 -17"><span class='ocrx_word' id='word_1_815' title='bbox 2173 5301 2367 5374; x_wconf 80' lang='grc' dir='ltr'>νότατα</span> <span class='ocrx_word' id='word_1_816' title='bbox 2441 5317 2762 5390; x_wconf 79' lang='grc' dir='ltr'>δοξάζεται·</span> <span class='ocrx_word' id='word_1_817' title='bbox 2823 5316 2884 5371; x_wconf 86' lang='grc' dir='ltr'>τὸ</span> <span class='ocrx_word' id='word_1_818' title='bbox 2947 5313 3003 5371; x_wconf 69' lang='grc' dir='ltr'>δὲ</span> <span class='ocrx_word' id='word_1_819' title='bbox 3061 5311 3332 5391; x_wconf 74' lang='grc' dir='ltr'>θεοφιλὲς,</span> <span class='ocrx_word' id='word_1_820' title='bbox 3395 5309 3496 5365; x_wconf 78' lang='grc' dir='ltr'>οὐκ</span> <span class='ocrx_word' id='word_1_821' title='bbox 3569 5301 3680 5361; x_wconf 64' lang='grc' dir='ltr'>οἶδα</span> <span class='ocrx_word' id='word_1_822' title='bbox 3727 5303 3792 5370; x_wconf 75' lang='grc' dir='ltr'>τῷ</span> 
     </span>
    </p>
   </div>
   <div class='ocr_carea' id='block_1_114' title="bbox 2175 5393 3796 5482">
    <p class='ocr_par' dir='ltr' id='par_1_114' title="bbox 2175 5393 3796 5482">
     <span class='ocr_line' id='line_1_115' title="bbox 2175 5393 3796 5482; baseline -0.01 -18"><span class='ocrx_word' id='word_1_823' title='bbox 2175 5408 2328 5481; x_wconf 73' lang='grc' dir='ltr'>τέως,</span> <span class='ocrx_word' id='word_1_824' title='bbox 2378 5407 2539 5479; x_wconf 83' lang='grc' dir='ltr'>ὁποίᾳ</span> <span class='ocrx_word' id='word_1_825' title='bbox 2615 5406 2785 5482; x_wconf 89' lang='grc' dir='ltr'>λόγου</span> <span class='ocrx_word' id='word_1_826' title='bbox 2857 5404 3091 5461; x_wconf 63' lang='grc' dir='ltr'>διαθέσει</span> <span class='ocrx_word' id='word_1_827' title='bbox 3176 5400 3450 5478; x_wconf 71' lang='grc' dir='ltr'>προσφυὲς</span> <span class='ocrx_word' id='word_1_828' title='bbox 3543 5399 3618 5466; x_wconf 80' lang='grc' dir='ltr'>τῷ</span> 
     </span>
    </p>
   </div>
   <div class='ocr_carea' id='block_1_115' title="bbox 2176 5478 3792 5574">
    <p class='ocr_par' dir='ltr' id='par_1_115' title="bbox 2176 5478 3792 5574">
     <span class='ocr_line' id='line_1_116' title="bbox 2176 5478 3792 5574; baseline -0.007 -19"><span class='ocrx_word' id='word_1_829' title='bbox 2176 5478 2344 5557; x_wconf 63' lang='grc' dir='ltr'>ἔσται.</span> <span class='ocrx_word' id='word_1_830' title='bbox 2405 5478 2561 5554; x_wconf 83' lang='grc' dir='ltr'>Δοκεῖ</span> <span class='ocrx_word' id='word_1_831' title='bbox 2629 5478 2729 5574; x_wconf 79' lang='grc' dir='ltr'>γὰρ</span> <span class='ocrx_word' id='word_1_832' title='bbox 2797 5499 2865 5553; x_wconf 82' lang='grc' dir='ltr'>τὰ</span> <span class='ocrx_word' id='word_1_833' title='bbox 2933 5501 3156 5552; x_wconf 88' lang='grc' dir='ltr'>τοιαῦτα</span> <span class='ocrx_word' id='word_1_834' title='bbox 3227 5496 3317 5567; x_wconf 73' lang='grc' dir='ltr'>μὲν</span> <span class='ocrx_word' id='word_1_835' title='bbox 3387 5487 3600 5546; x_wconf 75' lang='grc' dir='ltr'>οῗκείως</span> <span class='ocrx_word' id='word_1_836' title='bbox 3669 5478 3792 5547; x_wconf 70' lang='grc' dir='ltr'>αὖτῷ</span> 
     </span>
    </p>
   </div>
   <div class='ocr_carea' id='block_1_116' title="bbox 2176 5576 3788 5664">
    <p class='ocr_par' dir='ltr' id='par_1_116' title="bbox 2176 5576 3788 5664">
     <span class='ocr_line' id='line_1_117' title="bbox 2176 5576 3788 5664; baseline -0.004 -22"><span class='ocrx_word' id='word_1_837' title='bbox 2176 5586 2538 5664; x_wconf 68' lang='grc' dir='ltr'>ιπιλὲγεσθαι,</span> <span class='ocrx_word' id='word_1_838' title='bbox 2599 5586 2907 5663; x_wconf 81' lang='grc' dir='ltr'>ἅνθρώποις</span> <span class='ocrx_word' id='word_1_839' title='bbox 2966 5585 3023 5642; x_wconf 70' lang='grc' dir='ltr'>δὲ</span> <span class='ocrx_word' id='word_1_840' title='bbox 3073 5581 3260 5664; x_wconf 85' lang='grc' dir='ltr'>φίλοις</span> <span class='ocrx_word' id='word_1_841' title='bbox 3312 5579 3461 5651; x_wconf 83' lang='grc' dir='ltr'>αύτῷ</span> <span class='ocrx_word' id='word_1_842' title='bbox 3515 5576 3575 5630; x_wconf 78' lang='grc' dir='ltr'>τὸ</span> <span class='ocrx_word' id='word_1_843' title='bbox 3629 5583 3788 5646; x_wconf 72' lang='grc' dir='ltr'>θεοφι·</span> 
     </span>
    </p>
   </div>
   <div class='ocr_carea' id='block_1_117' title="bbox 2180 5675 2292 5740">
    <p class='ocr_par' dir='ltr' id='par_1_117' title="bbox 2180 5675 2292 5740">
     <span class='ocr_line' id='line_1_118' title="bbox 2180 5675 2292 5740; baseline -0.045 1"><span class='ocrx_word' id='word_1_844' title='bbox 2180 5675 2292 5740; x_wconf 82' lang='grc' dir='ltr'>λὲς.</span> 
     </span>
    </p>
   </div>
  </div>
