4104 6210
311 350 432 411 917

1243 342 1632 405 DIALOGUS
1674 341 2175 405 THEOPHILUS
2216 343 2317 402 ET
2362 339 2824 402 HIERUCLES.

3610 328 3732 394 918

393 475 680 556 Θεόφιλος.
757 473 987 546 Μηκέτι,
1055 475 1102 547 ᾧ
1174 471 1488 548 Ἰερόκλεις,
1535 469 1714 527 πλείω
1787 476 1973 527 πονεῖ-

2159 473 2503 547 Theophilus.
2535 471 2662 527 Noli
2705 469 2895 544 plura,
2928 485 2961 524 ο
3012 463 3327 531 Hierocles,
3376 464 3448 519 de
3502 462 3611 518 hac
3665 478 3728 517 re

318 572 442 625 σθαι
506 564 732 642 μελέτα.
791 561 932 635 Ἤδη
992 561 1096 640 γὰρ
1151 557 1536 636 κατελαϐόμην
1604 563 1818 631 ἱκανῶς,
1879 561 1972 617 τὸν

317 658 489 735 ἱερὸν,
547 655 636 711 καὶ
693 650 770 710 ἔτι
825 653 994 710 πλέον
1052 653 1144 708 τὸν
1209 652 1526 729 ἱερώτατον,
1585 651 1772 726 εὐαγὲς
1840 652 1970 707 εἶναι

320 749 476 825 ῥῆμα
547 745 636 802 καὶ
703 739 998 818 σεϐάσμιον
1063 741 1152 798 καὶ
1231 743 1380 819 ἅγιον
1447 741 1536 797 καὶ
1600 744 1829 815 μονῆρες
1895 740 1972 803 εἷς

315 839 556 905 ἔννοιαν,
587 836 663 898 ὡς
696 835 773 908 μή
802 832 864 890 ἃν
898 833 1108 889 ὑπεῖναί
1159 854 1211 888 τι
1255 829 1490 901 διπλόης
1545 830 1598 896 ἔς
1652 853 1713 906 γε
1769 833 1831 886 τὸ
1893 833 1968 904 μὴ

318 932 489 998 Θεῖον,
521 927 610 983 καὶ
673 929 781 998 θεῷ
837 923 996 1003 φίλον
1054 918 1234 998 ὄνομα
1285 922 1374 977 καὶ
1435 921 1566 977 αὐτὸ
1626 922 1782 994 εἶναι,
1831 919 1973 996 μηδὲ

321 1021 432 1092 μὴν
489 1016 771 1094 σχίζεσθαῖ
822 1013 912 1069 καὶ
965 1011 1044 1075 εἲς
1099 1033 1152 1068 τι
1202 1009 1386 1086 ’ἕτερον
1449 1013 1524 1086 μὴ
1563 1016 1834 1068 τοιοῦτον.
1875 1013 1969 1068 Καὶ

313 1107 504 1172 καλῶς
554 1127 616 1183 γε
667 1101 770 1181 ἄρα
816 1102 1070 1184 φιλοῦσιν
1123 1100 1399 1177 ἅνθρωποι
1458 1098 1547 1157 διὰ
1595 1106 1762 1158 ταῦτα
1809 1102 1970 1174 ἱερωο

313 1199 623 1273 νυμεῖσθαι.

394 1293 477 1345 ια’.
539 1281 841 1363 Ἱεροκλῆς.
901 1280 1104 1354 Βλέπε,
1163 1281 1209 1336 ὧ
1277 1279 1528 1358 Θεόφιλε,
1581 1281 1678 1350 τὴν
1731 1280 1970 1352 ἀνεξέταη

314 1400 441 1436 στον
490 1375 692 1451 κρίσιν,
725 1377 801 1437 ὡς
853 1372 916 1430 ού
969 1367 1160 1448 βέϐαια
1214 1365 1503 1426 ἐπιϐάλλει
1560 1370 1966 1449 ἀποφαίνεσθαι.

315 1470 412 1526 Διὸ
459 1464 647 1529 καλῶς
707 1461 1106 1543 ἀποπέφανται,
1138 1461 1212 1522 ὡς
1269 1461 1320 1515 οἱ
1369 1464 1558 1535 ταχεῖς
1591 1464 1808 1536 φρονεῖν
1866 1461 1970 1516 οὐκ

313 1557 577 1636 ἀσφαλεῖς
625 1548 1034 1610 ἀποϐαίνουσιν.
1097 1549 1250 1606 Οὕτω
1306 1553 1436 1626 γοῦν
1482 1551 1569 1605 καὶ
1631 1549 1790 1612 αὐτὸς
1845 1548 1966 1604 ἐπι-

315 1648 469 1726 σχών
531 1667 598 1720 με
651 1647 752 1701 τοῦ
801 1643 1104 1720 περαιτέρω
1161 1637 1403 1711 λαλῆσαι
1476 1639 1567 1695 καὶ
1633 1641 1965 1714 σκεψάμενον

315 1732 728 1816 ἀκριϐώσασθαι
794 1733 857 1790 τὸ
941 1731 1320 1809 προκείμενον,
1376 1728 1469 1816 καί
1551 1728 1693 1807 ταχὺ
1765 1731 1966 1802 νοήσας

315 1815 503 1894 αὐτὸς,
560 1825 629 1883 τὰ
688 1825 780 1900 μὲν
840 1821 987 1880 ἄλλα
1041 1820 1226 1883 καλῶς
1284 1815 1673 1892 έπιϐέϐληκας·
1705 1819 1761 1876 ἓν
1800 1818 1858 1876 δέ
1913 1842 1965 1877 τι

317 1923 423 1979 οὐκ
452 1917 512 1976 ἃν
544 1915 698 1995 ἔχοις
733 1915 928 1990 εἶπεῖν,
956 1915 1031 1979 ὡς
1079 1915 1359 1992 προσίεται
1413 1915 1503 1970 καὶ
1561 1914 1690 1970 αὐτὸ
1747 1917 1782 1986 ἡ
1833 1915 1964 1972 λεκ-

309 2011 444 2080 τική
495 2010 750 2087 ὀρθότης.
784 2004 1040 2082 ’Δσχιδὲς
1090 2004 1192 2082 γὰρ
1223 2005 1357 2061 εἶναι
1411 2005 1475 2060 τὸ
1536 2005 1701 2081 ἱερὸν,
1742 2006 1834 2061 καὶ
1890 2006 1964 2071 ὡς

313 2101 380 2157 σὺ
424 2099 554 2180 φῂς,
590 2105 826 2174 μονῆρες
875 2095 1010 2152 κατᾶ
1051 2099 1176 2151 νοῦν
1217 2096 1379 2167 Θεῖον,
1414 2094 1521 2172 οὐχ
1578 2094 1961 2172 ὡμολόγηται,

309 2193 402 2248 καί
463 2211 580 2252 πως
621 2187 767 2264 τύχῃ
825 2187 955 2256 τινὶ,
987 2185 1086 2241 ούκ
1130 2183 1192 2240 ἂν
1249 2181 1485 2258 εἴποιμι,
1518 2183 1688 2257 αἶσίᾳ.
1738 2188 1852 2258 Τήν
1905 2208 1964 2243 τε

310 2281 493 2358 ἀρχὴν
549 2277 600 2350 ἐξ
653 2278 823 2348 αὐτῆς
877 2269 1142 2354 βαλϐίδος
1171 2272 1339 2350 λόγου
1369 2273 1718 2347 ἀπεπλάνησέ
1756 2298 1812 2333 σε
1861 2284 1962 2348 τῆς

315 2371 486 2447 ὀρθῆς
527 2371 563 2439 ἡ
616 2365 911 2441 ὁμωνυμία
957 2364 1159 2438 ἐκείνη,
1207 2371 1310 2435 τῆς
1370 2365 1420 2421 έν
1477 2364 1626 2442 λόγῳ
1675 2368 1961 2439 συνθήκης·

310 2460 402 2516 καὶ
433 2463 528 2514 νῦν
559 2455 617 2513 δὲ
646 2455 722 2519 εἷς
748 2457 849 2526 τὴν
879 2459 978 2512 τοῦ
1006 2455 1156 2533 ἱεροῦ
1187 2476 1253 2526 ση
1266 2453 1457 2529 μασίαν
1505 2453 1685 2530 ὁμοίῳ
1740 2454 1805 2529 δή
1855 2479 1962 2513 τινι

310 2549 466 2627 λόγῳ
495 2547 860 2624 προσέκοψας.

388 2650 676 2734 Θεόφιλος.
699 2656 824 2716 Πῶς
847 2673 1001 2722 ποτε,
1034 2654 1080 2708 ὦ
1108 2651 1399 2727 Ἱερόκλεις
1425 2673 1438 2724 ;

387 2744 688 2823 Ἱεροκλῆς.
748 2745 871 2802 Ὅτι
929 2741 1021 2798 καὶ
1088 2742 1150 2798 τὸ
1216 2741 1361 2817 ἱερὸν
1435 2741 1549 2799 οὐδ’
1597 2744 1726 2800 αὐτὸ
1783 2767 1964 2802 στενο-

325 2840 591 2922 χωρεῖται
650 2834 728 2896 εἷς
781 2837 910 2888 νοῦν
970 2831 1080 2905 ἕνα,
1129 2831 1456 2888 πλατύνεται
1505 2831 1584 2907 δὲ,
1633 2833 1734 2890 ὅσα
1777 2837 1866 2890 καί
1913 2858 1964 2892 τι

320 2920 634 3003 Ιεξευμάτιον,
670 2922 746 2987 είς
773 2920 1071 2997 ἀναλόγους
1101 2920 1337 2995 κλῶνας,
1370 2922 1446 2984 ὡς
1477 2923 1546 2978 οἷ’
1576 2921 1965 2997 ὀνοματοθέται

323 3018 602 3089 κυροῦσιν.

393 3103 487 3177 ιβ’.
521 3101 810 3180 Θεόφιλος.
844 3101 1058 3159 Οὐκοῦν
1118 3097 1330 3172 έπειδῆ,
1360 3123 1406 3156 ω
1463 3099 1776 3174 διδάσκαλε,
1823 3103 1966 3161 οὕτω

2083 565 2387 621 disserere.
2409 567 2540 619 Jam
2574 560 2728 618 enim
2761 559 2904 614 satis
2937 556 3187 630 percepi,
3209 569 3406 610 vocem
3437 553 3636 618 sancti,
3669 555 3727 607 et

2082 652 2433 720 sanctissimi,
2455 667 2584 707 esse
2613 645 2962 705 vocabulum
3011 648 3329 718 augustum
3363 645 3420 696 et
3445 655 3725 696 veneran-

2081 745 2220 798 dum
2254 736 2311 799 et
2336 757 2566 797 sacrum
2600 743 2654 794 et
2687 737 2926 794 unicum
2968 735 3159 808 quoad
3191 748 3453 799 sensum,
3515 730 3598 784 ita
3665 732 3727 784 ut

2083 832 2300 903 ambigi
2336 834 2605 902 nequeat,
2639 827 2904 883 eamdem
2935 840 3136 882 vocem
3186 821 3362 878 etiam
3390 821 3467 876 de
3529 823 3640 874 Deo
3672 821 3728 874 et

2081 921 2196 980 Deo
2236 921 2430 975 charis
2487 918 2624 987 dici,
2684 933 2872 987 neque
2928 915 2987 969 in
3032 913 3213 968 alium
3263 925 3524 976 unquam
3586 907 3726 963 {indi

2081 1026 2344 1066 sensum.
2379 1010 2688 1079 Propterea
2718 1003 2988 1059 homines
3032 1019 3064 1056 a
3123 1003 3325 1057 sancto
3360 995 3723 1054 denominari

2079 1100 2540 1174 (ἱερωνυμεῖσθαι)
2563 1096 2826 1168 cupiunt.

2152 1283 2236 1338 11.
2268 1280 2558 1337 Hierocles.
2580 1277 2747 1345 Vide,
2781 1292 2813 1331 o
2838 1270 3179 1345 TheOphile,
3203 1271 3720 1342 imperscrutatum

2070 1371 2387 1443 judicium,
2421 1371 2780 1442 quantopere
2816 1361 3090 1418 ﬁrmitate
3142 1362 3355 1415 careat.
3389 1359 3576 1422 Quare
3623 1373 3721 1413 eos

2078 1462 2178 1535 qui
2209 1461 2426 1518 celeres
2457 1463 2596 1515 sunt
2625 1457 2696 1513 ad
2719 1451 3294 1528 judicandum,haud
3328 1450 3493 1505 ﬁrmo
3516 1464 3718 1522 gressu

2076 1557 2343 1614 incedere
2374 1556 2549 1626 patet.
2581 1551 2672 1606 Sic
2720 1553 2781 1604 tu
2825 1561 3083 1621 quoque,
3130 1559 3265 1600 cum
3326 1559 3420 1598 me
3477 1539 3720 1596 ulterius

2075 1662 2345 1721 perorare
2375 1647 2430 1700 et
2452 1639 2802 1716 profundius
2860 1652 2983 1694 rem
3044 1630 3398 1708 perscrutari
3456 1629 3722 1701 noluisti,

2077 1719 2249 1796 celeri
2269 1733 2494 1809 judicio
2521 1747 2688 1800 usus,
2722 1728 2949 1800 reliqua
2979 1725 3218 1799 quidem
3261 1721 3480 1795 optime
3511 1719 3721 1791 adjeci-

2000 1853 2050 1919 B
2079 1827 2175 1896 sti,
2209 1842 2391 1882 unum
2425 1827 2618 1880 autem
2651 1820 2746 1876 vix
2779 1818 2972 1874 dicere
3001 1812 3240 1887 poteris,
3299 1810 3594 1884 quomodo
3625 1826 3720 1866 vo-

2078 1917 2271 1974 cabuli
2301 1913 2651 1988 significatio
2682 1909 2973 1968 admittat.
3019 1907 3299 1963 Sanctum
3331 1900 3519 1976 (ἱερὸν)
3561 1899 3717 1957 enim

2074 2024 2190 2063 non
2224 2004 2365 2062 {indi
2395 2019 2567 2077 posse
2597 2005 2673 2072 et,
2707 1999 2791 2056 uti
2822 1997 2989 2064 dicis,
3025 1995 3266 2050 unicum
3297 2008 3426 2047 esse
3458 1991 3529 2046 ad
3581 2006 3713 2045 sen-

2073 2113 2206 2152 sum
2237 2094 2641 2163 divinum,non
2670 2089 2822 2146 inter
2850 2100 3054 2142 omnes
3084 2085 3313 2140 constat
3337 2098 3350 2148 ;
3370 2097 3474 2136 cur
3493 2081 3712 2146 autem,

2072 2186 2229 2242 haud
2254 2183 2421 2240 facile
2447 2180 2714 2236 dixerim.
2751 2178 2834 2232 Ab
2857 2174 3022 2232 initio
3054 2172 3234 2240 enim,
3275 2187 3408 2226 cum
3442 2167 3712 2240 coepisse-

2075 2292 2208 2330 mus
2239 2269 2589 2341 conversari,
2623 2266 2824 2325 fefellit
2855 2270 2910 2321 te
2930 2260 3308 2334 homonymia
3335 2258 3434 2314 illa
3463 2257 3521 2312 in
3556 2272 3716 2312 com-

2073 2363 2285 2437 posito,
2319 2365 2378 2416 et
2409 2375 2563 2414 nunc
2603 2356 2793 2430 quoad
2853 2352 3246 2426 acceptionem
3307 2348 3490 2404 sancti
3526 2342 3716 2420 (ἱερὸν)

2075 2451 2348 2511 similiter
2376 2448 2606 2507 errasti.

2147 2649 2492 2721 Theophilus.
2525 2648 2791 2710 Quanam
2818 2640 3060 2708 ratione,
3084 2655 3116 2693 o
3149 2633 3482 2692 Hierocles?

2147 2739 2452 2795 Hierocles.
2485 2735 2632 2800 Quia
2675 2731 2850 2788 etiam
2904 2747 3013 2786 vox
3066 2727 3245 2783 sancti
3298 2726 3428 2798 ipsa
3475 2738 3589 2779 non
3638 2721 3723 2777 ita

2075 2831 2407 2885 coarctatur
2438 2825 2496 2879 in
2529 2837 2706 2878 unam
2739 2816 3252 2890 signiﬁcationem,
3285 2814 3388 2870 sed
3421 2810 3595 2867 rivuli
3635 2811 3720 2864 io-

2075 2927 2197 2978 star
2225 2921 2284 2975 in
2318 2918 2513 2992 plures
2546 2931 2742 2971 ramos
2791 2911 3153 2980 extenditur,
3212 2907 3297 2964 uti
3349 2901 3722 2979 grammatici

2075 3011 2267 3068 dicere
2298 3007 2506 3065 solent.

2149 3103 2234 3157 12.
2272 3097 2616 3169 TheOphilus.
2655 3098 2799 3148 Cum
2846 3089 3047 3163 igitur,
3109 3106 3141 3144 ο
3199 3086 3540 3160 praeceptor,
3597 3085 3722 3138 tam

309 3195 585 3268 τεχνικῶς
644 3189 968 3260 διοπτεύεις,
1025 3190 1107 3268 ἐφ’
1157 3193 1241 3252 οἷς
1299 3171 1424 3263 έμοὶ
1495 3194 1596 3248 οὐκ
1659 3171 1799 3250 ἔστιν
1859 3195 1962 3266 ἐξι-

2097 3207 2225 3247 )θηθ
2248 3185 2569 3262 perspicias
2608 3201 2676 3240 ea
2706 3181 2924 3253 quibus
2972 3175 3397 3251 perspiciendis
3455 3171 3721 3244 equidem

2577 3281 2589 3292 α
3189 3274 3200 3286 ⁸
3357 3271 3600 3292 ηιιΑ-ξ---
3631 3269 3686 3292 3.-

310 3283 555 3338 κνεῖσθαι
604 3281 702 3348 τήν
749 3281 959 3355 ὅρασιν,
1004 3274 1188 3334 λαϐὼν
1240 3281 1569 3357 χειραγώγει
1622 3304 1689 3356 με
1735 3286 1822 3340 καὶ
1875 3282 1966 3342 διὰ

2103 3305 2271 3357 mpar
2292 3302 2449 3350 sum,
2474 3281 2762 3356 prehensa
2783 3295 2957 3334 manu
2992 3293 3123 3332 mea
3152 3274 3303 3330 viam
3357 3271 3601 3327 ulterius
3630 3269 3719 3325 iu-

311 3379 382 3442 τῆ
390 3392 416 3434 ς
447 3369 707 3440 τοιαύτης
735 3366 886 3426 ὁδοῦ.

382 3457 687 3535 Ἱεροκλῆς.
717 3459 987 3532 Μετρήσω
1043 3479 1151 3527 σοι,
1202 3455 1246 3513 ὦ
1306 3456 1488 3534 φίλος,
1548 3461 1622 3525 ὡς
1673 3459 1725 3516 έν
1785 3484 1965 3519 συναι-

311 3551 480 3626 ρέσει,
507 3547 560 3612 ές
592 3548 691 3604 ὅσα
721 3549 786 3604 τὸ
812 3548 958 3624 ἱερὸν
992 3547 1215 3617 ἐκνεύει,
1247 3549 1336 3604 καὶ
1371 3547 1521 3613 ὅσοις
1548 3548 1962 3622 έπαναπαύεται,

311 3639 388 3702 ὡς
419 3637 562 3694 οὕτω
592 3639 776 3718 φάναι.
806 3637 1210 3712 καταλύμασιν.

385 3726 672 3808 Θεόφιλος.
735 3729 867 3804 Λέγε
929 3725 996 3797 δὴ
1061 3727 1297 3793 σπεύσας
1351 3728 1549 3785 έκεῖνω
1586 3731 1646 3786 οὖ
1704 3731 1806 3811 γάρ
1871 3756 1963 3808 μοι

313 3816 524 3895 σχολὴ,
560 3818 634 3874 ὠς
668 3818 992 3893 ένευκαιρεῖν
1025 3815 1114 3872 καὶ
1148 3816 1306 3873 είσέτι
1339 3817 1476 3894 ἀκοῇ
1517 3819 1748 3876 πλείονι.

382 3993 682 4066 Ἱεροκλῆς.
746 3993 924 4064 Ἀλλ’,
979 3992 1024 4049 ὦ
1072 3993 1262 4069 ἀγαθὶ,
1327 3998 1402 4069 μή
1464 4019 1531 4070 με
1588 3997 1764 4075 πνίγε,
1821 3999 1968 4058 ἀλλά

310 4084 464 4162 ἄφες,
525 4083 700 4157 ἀνέτῳ
775 4082 1043 4157 πνεύματι
1124 4080 1379 4156 διίξεσθαι
1436 4087 1498 4140 τὸ
1549 4087 1686 4142 κατὰ
1739 4089 1962 4146 σκοπόν.

311 4175 377 4232 El
412 4171 472 4228 δὲ
498 4171 638 4228 πάνυ
671 4170 919 4236 ἀνθέλκει
950 4193 1008 4228 σε
1035 4172 1378 4248 πραγματεία
1419 4196 1501 4238 τις
1546 4171 1718 4250 ἑτέρα,
1752 4198 1961 4254 χαιρων

310 4265 619 4337 ἀπότρεχε.

385 4365 676 4448 Θεόφιλος.
739 4368 852 4427 Οὐκ
909 4366 1338 4444 ἀποδραμοῦμαι
1410 4370 1553 4426 οὕτω
1619 4373 1784 4450 ταχὺ,
1840 4375 1965 4431 ἀλλ’

311 4461 567 4532 ἀναμενῶ
598 4456 650 4530 ἐξ
683 4458 942 4534 ἀνάγκης,
967 4455 1056 4513 ’ίνα
1090 4459 1167 4532 μὴ
1197 4458 1297 4527 τήν
1327 4456 1431 4524 ἕως
1487 4458 1606 4536 ἄρτι
1667 4462 1807 4538 ὥραν
1841 4465 1958 4535 εἰκῆ

310 4547 626 4619 δαπανήσας
663 4547 1080 4622 μεταμέλωμαι.

389 4660 472 4732 ιγ’.
502 4651 808 4732 Ἱεροκλῆς.
843 4655 1044 4710 ’Δκουε
1074 4652 1140 4724 δὴ
1173 4656 1318 4730 παρὰ
1343 4660 1439 4711 τοῦ
1470 4658 1639 4734 ἱεροῦ,
1672 4657 1756 4714 ὅτι
1813 4661 1961 4731 πλη-

308 4743 524 4800 θύνεται
580 4748 660 4817 τῷ
715 4750 817 4814 τῆς
875 4743 1197 4818 ὁμωνυμίας
1277 4744 1448 4822 λόγῳ,
1504 4748 1593 4802 καὶ
1677 4750 1775 4819 τὴν
1849 4753 1964 4806 κατ’

313 4832 451 4890 αὐτὸ
509 4833 638 4906 μίαν
694 4832 936 4908 κεφαλὴν
993 4834 1094 4902 τήν
1163 4829 1332 4896 ὅντως
1373 4837 1693 4914 παραφαίνει
1751 4840 1840 4894 καὶ
1890 4839 1962 4903 sic

311 4921 604 4998 ἑτεροίας,
639 4923 1082 5001 προσπεφυκυίας
1141 4923 1260 4997 μὲν,
1317 4926 1763 5002 παραυγαζούσας
1810 4927 1868 4985 δέ
1912 4951 1966 4985 τι

312 5008 506 5075 ἄλλως
535 5013 622 5068 καὶ
654 5010 816 5070 ἴδιον.

389 5100 676 5180 Θεόφιλος.
736 5102 872 5179 Λέγε
927 5098 1284 5178 διευκρινων·
1345 5101 1450 5180 ἐγὼ
1521 5104 1623 5182 γὰρ
1680 5105 1788 5180 ἤδη
1849 5131 1964 5185 συγ.

309 5191 553 5268 κέχυμαι
587 5191 676 5246 τὸν
706 5195 848 5263 νοῦν,
885 5194 970 5255 οἷς
999 5190 1333 5268 παραδίδως.

380 5280 684 5354 Ἱεροκλῆς.
763 5279 1029 5356 Ἀκούεις,
1099 5281 1144 5337 ὦ
1220 5281 1470 5362 Θεόφιλε,
1529 5284 1671 5358 ἱερὸν
1751 5286 1961 5356 ὀστοῦν,

312 5371 345 5426 ὃ
381 5369 618 5444 μάλιστα
651 5369 1087 5446 σπουδαζόμενον
1112 5371 1180 5442 ἦν
1211 5372 1263 5428 έν
1294 5377 1411 5436 τοῖς
1441 5372 1746 5447 θυομένοις·

387 5475 673 5552 Θεόφιλος.
709 5477 834 5549 Ναί,
874 5476 1185 5556 περιᾴδεται
1218 5481 1341 5557 γάρ.

388 5581 687 5657 Ἱεροκλῆς.
718 5584 779 5640 Τί
830 5582 888 5641 δέ
927 5585 1066 5642 ἐστιν
1098 5586 1264 5661 αύτό,
1299 5589 1445 5659 Μήτι
1499 5587 1634 5643 κατὰ
1677 5589 1768 5644 τὸν
1823 5588 1966 5664 ἱερὸν

318 5672 603 5750 ἄνθρωπον
625 5692 642 5749 5

1992 4585 2039 4650 D

2074 3377 2327 3434 eundem
2361 3373 2505 3428 mihi
2535 3369 2796 3426 ostende.

2149 3464 2435 3521 Hierocles.
2489 3458 2744 3516 Breviter
2798 3455 2928 3525 tibi,
2981 3471 3013 3509 o
3099 3451 3306 3519 amice,
3359 3448 3718 3517 monstrabo,

2075 3561 2362 3628 quatenus
2393 3569 2499 3605 vox
2536 3549 2710 3604 sancti
2741 3545 2823 3618 (τό
2873 3543 3041 3618 ἱερὸν)
3097 3541 3275 3597 voluti
3332 3537 3716 3610 exspatiatur,

2075 3627 2133 3702 et
2161 3644 2376 3715 quibus
2406 3637 2766 3702 diversoriis,
2795 3638 2862 3689 ut
2888 3634 2970 3688 ita
2989 3632 3202 3695 dicam,
3235 3627 3574 3701 requiescit.

2148 3731 2486 3803 Theophilus.
2548 3726 2779 3798 Explica
2827 3724 2946 3777 haec
3005 3720 3180 3792 paulo
3235 3716 3466 3783 citius;
3525 3731 3717 3788 neque

2074 3823 2230 3880 enim
2266 3827 2501 3890 tempus
2533 3815 2676 3871 mihi
2732 3812 2952 3870 sufficit
3007 3815 3072 3866 ut
3122 3806 3417 3882 prolixiori
3466 3804 3716 3862 orationi

2073 3914 2360 3970 interesse
2391 3906 2607 3981 possim
2621 3947 2634 3961 .

2146 4002 2436 4058 Hierocles.
2468 3995 2622 4061 Noli,
2663 4012 2695 4050 o
2755 3992 3138 4056 amicissime,
3195 4004 3288 4043 me
3338 4002 3562 4058 urgere,
3614 3985 3716 4041 sed

2073 4091 2345 4163 permitte
2375 4093 2440 4142 ut
2467 4083 2784 4156 tranquillo
2813 4081 3009 4136 animo
3057 4096 3184 4150 quas
3218 4074 3548 4132 necessaria
3577 4080 3719 4130 sunt

2074 4195 2380 4252 exponam.
2414 4176 2469 4230 Si
2497 4192 2629 4230 vero
2679 4171 2835 4227 aliud
2898 4169 3196 4241 negotium
3252 4173 3308 4223 te
3346 4169 3568 4232 avocat,
3604 4181 3719 4220 non

2073 4275 2163 4324 est
2191 4266 2341 4337 quod
2366 4269 2423 4319 te
2449 4263 2753 4318 retineam.

2145 4373 2486 4445 Theophilus.
2519 4370 2682 4424 Haud
2742 4367 3036 4422 discedam
3071 4369 3191 4420 tam
3249 4363 3486 4429 cilo,sed
3523 4376 3720 4416 neces-

2071 4465 2245 4520 sitate
2275 4458 2620 4532 compulsus
2647 4455 2980 4521 romanebo,
3015 4471 3085 4508 ne
3102 4451 3385 4524 temporis
3417 4451 3722 4520 hucusque

2075 4553 2292 4607 frustra
2311 4546 2641 4618 consumpti
2674 4562 2764 4600 me
2786 4543 3078 4616 paeniteat.

2150 4659 2233 4712 13.
2270 4655 2567 4712 Hierocles.
2605 4651 2753 4706 Audi
2781 4651 2961 4722 igitur
3016 4649 3086 4704 de
3127 4662 3262 4703 voce
3301 4645 3479 4701 sancti
3525 4643 3717 4720 (ἱεροῦ)

2075 4747 2227 4818 quod
2255 4742 2680 4815 multiplicatur
2697 4737 3121 4807 homonymice,
3154 4739 3209 4790 et
3240 4734 3584 4808 primarium
3617 4750 3718 4789 ca-

2075 4841 2179 4908 put
2208 4835 2264 4890 in
2298 4833 2459 4889 varia
2486 4830 2763 4898 extendit,
2797 4827 3014 4883 similia
3044 4826 3303 4897 quidem,
3337 4825 3438 4880 sed
3481 4826 3717 4880 caatero-

2076 4925 2216 4998 quin
2245 4923 2420 4979 etiam
2453 4921 2754 4994 proprium
2787 4917 2928 4990 quid
2954 4914 3294 4971 indicantia.

2147 5105 2489 5176 Theophilus.
2529 5099 2848 5159 Dilucidius
2887 5099 3124 5170 loquere
3153 5113 3167 5165 ;
3193 5097 3319 5168 jam
3377 5095 3533 5153 enim
3592 5112 3719 5168 quae

2075 5197 2244 5264 dicis,
2276 5195 2537 5252 animum
2574 5208 2769 5247 meum
2798 5189 3189 5244 confundunt.

2145 5287 2436 5342 Hierocles.
2496 5282 2640 5345 Scis,
2717 5297 2749 5334 o
2805 5275 3143 5348 Theophile,
3205 5275 3316 5331 dici
3376 5290 3434 5330 os
3502 5288 3722 5330 sacrum

2074 5375 2230 5448 quod
2264 5374 2320 5428 in
2355 5370 2662 5428 sacriﬁciis
2695 5366 2889 5441 magni
2927 5365 3151 5421 ﬁebat?

2145 5481 2493 5552 Theophilus.
2527 5477 2654 5533 Scio
2680 5476 2902 5546 utique,
2936 5472 3312 5528 notissimum
3341 5470 3498 5527 enim
3525 5474 3632 5527 est.

2145 5589 2445 5646 Hierocles.
2479 5585 2624 5654 Quid
2659 5587 2852 5640 autem
2885 5585 2974 5638 est
3001 5579 3191 5635 illud?
3216 5579 3367 5636 Num
3399 5579 3600 5636 eodem
3633 5578 3720 5636 di-

2077 5678 2236 5737 citur
2265 5695 2440 5736 sensu
2472 5693 2590 5749 quo
2617 5677 2837 5732 sanctus
2866 5672 3023 5729 homo
3048 5667 3071 5725 ?
