4104 6210
481 338 601 402 919
1259 345 1684 409 EUSTATHII
1727 349 2495 413 THESSALONICENSIS
2539 352 2593 413 Μ
2607 351 3120 413 ΕΊῊΟΡΟΙΛΤᾸΞ
3744 364 3836 425 920
4008 138 4014 495 ἰ

558 476 914 550 Theophilus.
949 478 1120 535 Nullo
1154 479 1324 535 modo
1349 495 1364 546 ;
1391 479 1733 548 insanirem,
1765 480 1817 537 si
1874 481 1984 537 hoc
2030 482 2135 537 ad-
2165 510 2179 550 λ

2212 542 2217 549 ἱ
2320 479 2607 556 Θεόφιλος.
2682 477 2886 535 Οὔκουν
2917 498 2931 511 ⁸
2992 479 3394 557 ἀλλοφρονοίην
3463 486 3583 558 γὰρ,
3628 486 3670 540 εἰ
3722 490 3833 546 οὕτω

488 566 810 624 mitterem.

2391 573 2456 626 ὦ.

568 589 810 624 uerum.

568 657 655 711 14.
689 657 984 713 Hierocles.
1030 661 1207 712 Porro
1236 656 1453 713 audisti
1483 658 1660 714 etiam
1723 666 1975 714 sanctum
2025 675 2143 714 ser-

568 754 735 815 nlem,
770 746 1035 802 omnium
1059 746 1384 817 pessimum
1406 746 1434 801 ?

569 837 911 889 Theophilus.
936 836 1092 889 Bone
1123 835 1310 889 Ueuel
1344 835 1449 889 Odi
1482 836 1696 889 animal
1760 837 1937 889 istud.
1993 854 2143 889 non—

2391 591 2456 626 ω.

2396 702 2410 714 .
2442 655 2745 732 «Ιεροκλῆς.
2775 657 2845 715 Τί
2875 655 2934 713 δὲ
2964 656 3111 713 ἀλλὰ
3156 660 3472 733 μεμάθηκας
3513 664 3598 716 καὶ
3641 664 3833 743 ὀφείδων
4011 650 4012 681 1

2391 773 2423 818 ν,
2447 748 2511 801 τὸ
2541 749 2759 803 πάντων
2790 747 3066 822 χείριστον
3095 768 3111 817 ;

2391 835 2616 889 156110;.
2675 836 3006 889 Ἀλεξίκακε.
3085 840 3243 889 Μισῶ
3312 838 3406 889 ιιὲν
3485 840 3545 889 τὸ
3616 839 3798 889 Iuliam
3824 866 3834 879 ο

493 754 735 817 penlem,
770 746 1035 802 omnium
1059 746 1384 817 pessimum
1406 746 1434 801 ?

2251 746 2423 821 ἱερὸν,
2447 748 2511 801 τὸ
2541 749 2759 803 πάντων
2790 747 3066 822 χείριστον
3095 768 3110 817 ;

569 837 911 905 Theophilus.
936 836 1092 890 Bone
1123 835 1310 890 Ueusl
1344 835 1449 891 Odi
1482 836 1696 892 animal
1760 837 1937 904 istud,
1993 854 2143 893 non-

2325 835 2616 911 Θεόφιλος.
2675 836 3006 906 Ἀλεξίκακε.
3085 840 3243 892 Misi:
3312 838 3406 911 μὲν
3485 840 3545 893 τὸ
3616 839 3833 909 ζωΐδιον·

497 926 614 982 nisi
642 927 819 981 fando
840 925 1141 999 cognitum
1173 926 1384 993 habeo,
1437 933 1495 981 et
1550 928 1621 981 ad
1679 927 1875 998 ipsum
1933 945 2118 983 nomel

2132 945 2145 981 ι
2254 923 2415 987 εἰδὼς
2448 923 2508 980 δὲ
2537 925 2587 998 ἐξ
2620 925 2859 1002 ἱστορίας
2886 921 3023 1002 ἔχω,
3053 927 3144 981 καὶ
3173 928 3410 1005 πέφρικα
3437 927 3523 983 καὶ
3552 929 3753 987 ἁκούων.

494 1015 721 1072 horreo.

570 1106 872 1162 Hierocles.
904 1102 1300 1171 Concedesne,
1335 1103 1478 1159 illud
1510 1104 1667 1161 haud
1699 1104 1984 1161 divinitus
2010 1122 2141 1161 sun-

2327 1103 2625 1176 Ἱεροκλῆς.
2684 1101 3116 1179 Ὀμολογήσεις,
3177 1101 3311 1177 μηδ’
3366 1104 3494 1161 αὐτὸ
3545 1105 3685 1169 θείως
3728 1109 3836 1183 ἱερὸν

498 1197 646 1250 ctum
679 1208 810 1250 esse
835 1195 859 1247 Ρ

808 1220 810 1240 ι
835 1195 859 1247 ἶ
2256 1194 2388 1247 εἶναι
2415 1211 2429 1261 ς

568 1281 917 1353 Theophilus.
952 1282 1238 1338 Concedo.
1266 1282 1477 1348 Quidni
1512 1283 1669 1338 enim
1695 1286 1717 1337 Ρ

2329 1281 2615 1357 Θεόφιλος.
2648 1280 2964 1358 Ὁμολογῶ.
2987 1281 3055 1339 Τί
3085 1283 3191 1359 γὰρ
3227 1284 3304 1356 μή
3331 1301 3346 1351 ;

570 1372 864 1427 Hierocles.
896 1371 1062 1427 Nosti
1096 1376 1373 1443 praeterea
1394 1387 1615 1427 sacrum
1643 1373 1897 1428 morbum
1927 1373 1955 1426 τ

2330 1370 2633 1445 Ἱεροκλῆς.
2669 1373 3058 1447 ῙΙροσιστορεῖς
3088 1368 3147 1426 δὲ
3179 1373 3268 1427 καὶ
3301 1371 3458 1428 νόσον
3489 1374 3660 1449 ἱερᾶν;

567 1461 908 1533 Theophilus.
962 1462 1082 1516 lmo
1131 1462 1748 1518 commemorationem
1810 1462 1939 1533 ejus
1989 1464 2149 1518 dete-

1997 1464 2149 1518 deleo
2330 1459 2615 1537 Θεόφιλος.
2650 1460 3016 1535 Ἀποτρόπαιε
3042 1459 3130 1515 καὶ
3160 1459 3334 1526 αὐτῆς
3368 1463 3618 1535 μνήμης.ε

504 1554 649 1606 stor.

581 1639 876 1695 Hierocles.
906 1638 1068 1694 Adde
1097 1638 1251 1709 quod
1284 1643 1490 1709 preater
1518 1638 1633 1694 ista
1662 1639 1840 1694 etiam
1902 1639 1976 1694 de
2029 1656 2152 1694 san-

2332 1636 2611 1711 Ἱεροκλῆς
2646 1680 2660 1693 .
2726 1636 2967 1692 Κατάθου
3052 1640 3190 1713 πρὸς
3266 1637 3483 1701 τούτοις
3515 1683 3530 1707 ,
3591 1640 3670 1695 καὶ
3734 1641 3847 1716 ἱερὸν

508 1738 593 1786 clo
622 1730 773 1800 pisce
795 1727 1013 1784 mentio
1045 1729 1129 1797 fit,
1162 1728 1319 1799 quod
1352 1728 1401 1785 si
1432 1744 1643 1802 negare
1670 1728 1946 1796 volueris,
1977 1744 2123 1802 argu

2260 1722 2657 1800 παραδεδόσθαι
2712 1725 2904 1802 ίχθόν·
2965 1727 3010 1781 εἰ
3071 1724 3130 1782 δὲ
3185 1726 3509 1799 ἀνανεύσεις,
3550 1730 3673 1783 κατὰ
3715 1729 3849 1804 στόμα

510 1823 778 1874 mentum
808 1817 868 1872 in
900 1822 1175 1888 promptu
1206 1820 1315 1872 est.

2393 1834 2573 1890 εγχος.

2419 1904 2432 1921 .
2504 1901 2525 1921 κ
2653 1907 2712 1921 ,η
2792 1905 2885 1921 ...
2981 1908 2993 1921 ,
3107 1907 3131 1921 λ

585 1906 923 1978 Theophilus.
947 1905 1170 1979 Negare
1196 1906 1289 1961 vix
1318 1905 1533 1962 ausim.
2185 1901 2206 1921 "

2393 1901 2620 1982 εόφιλος.
2653 1907 2830 1963 Ὀκνῶ
2859 1905 3217 1981 ἀρνήσασθαι.

576 1998 665 2052 15.
699 1993 991 2051 Hierocles.
1016 1994 1311 2051 Poteritne
1338 1994 1517 2066 igitur
1546 1995 1676 2061 iste,
1735 2012 1769 2051 ο
1815 1995 2153 2067 Theophile,

2338 1995 2417 2050 ιε’.
2452 1993 2750 2070 Ἱεροκλῆς.
2784 1997 3081 2066 Δυνήσεται
3138 1994 3256 2063 οὖν,
3290 1996 3337 2051 ὦ
3386 1993 3627 2073 Θεόφιλε,
3654 1999 3679 2051 ὁ
3711 2003 3851 2052 τοιοῦ-

505 2085 754 2141 oonl'erri
782 2100 918 2140 cum
948 2088 1139 2140 sancto
1169 2085 1243 2139 de
1271 2101 1386 2156 quo
1420 2086 1587 2139 nobis
1617 2102 1810 2140 sermo
1840 2084 1980 2141 est?

2262 2104 2356 2145 τος
2407 2083 2483 2145 εἰς
2548 2080 2659 2138 ἴσον
2735 2082 2913 2139 ἐλθεῖν
2991 2089 3073 2157 τῷ
3146 2083 3745 2161 πολυπραγμονουμενῳ
3791 2088 3853 2162 ὑφ’

2265 2173 2427 2245 ἡμῶν
2461 2171 2629 2245 laeti;

579 2262 920 2335 Theophilus.
955 2262 1337 2334 Nequaquam
1352 2303 1364 2315 .

2338 2259 2625 2337 Θεόφιλος.
2659 2262 2989 2339 Ἀποφάσκω
3018 2262 3309 2320 κάνταῦθα.

583 2354 873 2409 Hierocles.
906 2352 1071 2407 Nosti
1103 2351 1353 2406 fortasse
1382 2368 1450 2406 ex
1480 2350 1729 2406 historia
1787 2351 1933 2406 illud
1982 2351 2160 2407 Hero-

2343 2356 2420 2408 ιε’.
2480 2347 2779 2424 Ἱεροκλῆς.
2842 2352 3078 2426 ’Έτυχες
3159 2348 3217 2407 δὲ
3274 2347 3602 2427 παραλαϐὼν
3656 2352 3699 2422 ἐξ
3744 2353 3854 2408 ἱστο-

512 2444 923 2506 dotisanclum,
955 2441 1168 2496 deinde
1220 2445 1474 2497 sanctam
1534 2457 1720 2495 arcem
1776 2441 1833 2495 in
1897 2439 2130 2511 Periege

2269 2441 2388 2515 ρίας
2445 2442 2504 2495 τὸ
2537 2438 2880 2514 Ἦροδότειον
2912 2442 3081 2518 ἱερὸν,
3138 2443 3279 2517 πρὸς
3329 2440 3389 2497 δὲ
3445 2442 3533 2497 καὶ
3578 2443 3667 2511 τὴν
3707 2448 3856 2518 Περιη-

517 2531 631 2586 tico
666 2536 1076 2596 memoratam,
1110 2536 1231 2584 tum
1252 2540 1497 2585 sanctum
1521 2530 1697 2584 Cariae
1719 2531 2138 2600 villum,suncla.

2268 2531 2499 2603 γητικὴν
2558 2529 2705 2604 ἱερὰν
2763 2527 2948 2605 ἄκραν,
3004 2531 3095 2585 καὶ
3152 2531 3253 2599 τήν
3314 2531 3463 2607 παρά
3518 2527 3747 2604 Πολυϐίῳ
3784 2534 3858 2588 Κα-

515 2620 773 2690 denique
804 2637 930 2690 quae
962 2618 1687 2674 circumferunturiusulas
1703 2624 1984 2674 etsanclas
2002 2619 2136 2675 urbe

2271 2619 2429 2690 ρικὴν
2484 2619 2628 2693 ἱερὰν
2690 2619 2910 2692 κώμην,
2972 2620 3065 2673 καὶ
3144 2619 3236 2682 τὰς
3296 2621 3706 2695 περιφερομένας
3749 2620 3859 2694 ἱερὰς

515 2704 875 2781 (ἱεραπόλεις)
904 2708 932 2763 ‘I
2269 2709 2492 2778 νήσους,
2526 2707 2615 2761 καὶ
2645 2707 2740 2762 τὰς
2771 2707 3145 2783 Ἱεραπόλεις;

588 2797 933 2868 Theophilus.
960 2797 1125 2864 Novi,
1155 2801 1214 2852 et
1252 2797 1431 2867 hujus
1454 2796 1535 2851 rei
1568 2798 1795 2852 veniam
1828 2802 1981 2869 peto.

2342 2794 2631 2873 Θεόφιλος.
2666 2799 2823 2873 Ἕχω
2853 2796 2946 2851 καὶ
2980 2802 3358 2871 παραιτοῦμαι
3403 2797 3724 2873 συγγνώμην.

585 2886 881 2941 Hierocles.
918 2886 1120 2957 Itaque
1150 2901 1387 2940 causam
1412 2885 1616 2951 habes,
1674 2902 1809 2940 cum
1867 2887 1939 2941 ab
1998 2886 2163 2942 initio

2343 2883 2703 2962 Ι“Ιεροκλῆς.]
2756 2885 2960 2940 Οὐκοῦν
3016 2886 3193 2941 αἶτίαν
3272 2882 3445 2963 ἔχεις,
3498 2888 3571 2960 μὴ
3619 2886 3859 2961 καταγνοὺς

518 2974 711 3029 varias
733 2978 791 3029 et
819 2973 1045 3029 similes
1074 2976 1254 3028 sancti
1282 2972 1743 3045 signiﬁcationes
1777 2976 2057 3032 nescires.

2275 2972 2487 3037 οἴκοθεν
2519 2975 2581 3028 τὸ
2692 2975 3014 3049 ὁμωνυμίας
3044 2974 3453 3052 πολυμὲριστον
3487 2980 3580 3031 τοῦ
3619 2976 3761 3051 ἱεροῦ.

591 3062 936 3134 TheOphilus.
970 3062 1134 3133 Novi,
1169 3069 1225 3119 et
1273 3062 1498 3118 veniam
1550 3067 1709 3135 peto.
1765 3070 1917 3119 Avco
1965 3070 2164 3120 autem

2346 3061 2609 3133 Θεόφιλος
2646 3106 2659 3120 .
2715 3064 2869 3139 ’Έχω
2904 3106 2919 3132 ,
2993 3064 3085 3119 καὶ
3160 3068 3532 3140 παραιτοῦμαι
3601 3065 3857 3140 συγγώμην.

517 3156 796 3223 ρι’ωῑοτοιι
825 3152 1067 3217 discere,
1095 3169 1209 3224 qua
1240 3151 1478 3208 licentia
1525 3153 1859 3209 veneranda
1915 3152 2027 3209 ista
2055 3170 2138 3210 vo:

2280 3157 2580 3224 Howu'ipat
2639 3149 2696 3207 δὲ
2749 3158 3055 3225 συμμαθεῖν
3109 3152 3199 3208 καὶ
3252 3155 3354 3223 τήν
3411 3153 3631 3226 τόλμαν,
3679 3153 3777 3206 καθ’
3816 3153 3859 3220 ἦν

518 3240 692 3296 etiam
720 3240 922 3296 bestiis
955 3240 1264 3313 reptilibus
1295 3241 1577 3297 attributa
1606 3241 1705 3307 sit,
1762 3241 1967 3313 quales
2025 3254 2135 3298 sun

2275 3239 2337 3295 τὸ
2398 3239 2571 3302 οὕτως
2623 3238 2976 3315 εὐαγὲστατον
3037 3236 3213 3315 ὄνομα
3259 3241 3355 3296 καὶ
3412 3240 3646 3318 ἑρπετοῖς
3671 3260 3861 3316 προσηρ-

522 3346 768 3401 serpens
798 3335 856 3384 et
887 3330 1065 3400 piscis
1095 3332 1166 3385 de
1194 3330 1409 3401 quibus
1442 3331 1613 3385 modo
1636 3347 1828 3386 sermo
1863 3332 1991 3386 tuit.
2012 3336 2143 3398 Quoi

2286 3328 2463 3401 μόσθη
2524 3329 2710 3397 ζώοις·
2759 3333 3006 3385 τοιοῦτον
3063 3331 3167 3405 γὰρ
3210 3330 3275 3385 τὸ
3328 3331 3629 3408 πρόσφατον
3680 3326 3858 3406 ὀφεῖδιον

523 3419 595 3473 ad
631 3418 851 3489 piscem
886 3419 1059 3489 igitur
1090 3419 1318 3483 attinet,
1349 3420 1530 3475 sancti
1553 3420 1813 3491 epitheto
1845 3420 1896 3475 ei
1930 3420 2141 3476 abblau

2281 3418 2370 3473 καὶ
2402 3420 2430 3472 ὁ
2466 3416 2643 3493 ἷχθός.
2676 3416 2774 3472 Καὶ
2837 3419 2944 3491 μὴν
3006 3417 3162 3494 ἰχθὺς
3222 3419 3319 3492 μὲν
3378 3419 3533 3481 οὗτος
3562 3420 3589 3474 ὁ
3616 3416 3860 3492 κάλλιχθυς

526 3508 636 3563 diri
664 3507 933 3563 videntur
965 3510 1230 3565 homines
1261 3510 1430 3581 quasi
1462 3508 2013 3581 pulchro,quoniam
2051 3528 2145 3565 ma

2282 3504 2664 3561 κολακεύεσθαι
2733 3503 2884 3561 δοκεῖ
2936 3510 3006 3581 τῇ
3044 3511 3141 3562 τοῦ
3189 3509 3344 3581 ἱεροῦ
3377 3505 3671 3578 ἐπικλήσει,
3698 3505 3771 3561 διὰ
3818 3506 3860 3558 τὸ

526 3611 679 3667 gnus
701 3600 792 3651 est
819 3601 877 3651 et
906 3598 977 3652 ad
1009 3598 1297 3653 edendum
1344 3603 1537 3669 aptus.
1586 3597 1729 3653 Nam
1766 3598 2001 3653 urbium
2034 3616 2147 3670 quo

2278 3595 2369 3650 καὶ
2418 3596 2582 3672 μέγας
2630 3597 2759 3650 εἶναι
2809 3595 2900 3650 καὶ
2957 3595 3234 3669 νόστιμος.
3287 3597 3440 3654 Ἐπεὶ
3488 3597 3570 3652 καὶ
3624 3596 3729 3671 ἱερᾶ
3773 3591 3860 3650 οἶδα

523 3702 638 3758 que
671 3687 883 3742 mceuia
907 3692 1111 3743 sancta
1132 3687 1244 3741 dici
1280 3687 1725 3758 memini,idque
1746 3688 1937 3744 laudis
1958 3688 2144 3760 gratia

2276 3684 2438 3759 τείχη
2494 3682 2710 3739 πόλεων
2756 3682 3028 3761 λέγεσθαι,
3064 3687 3399 3761 προσπαθῶς
3445 3685 3531 3741 ἐπὶ
3587 3684 3859 3756 ὲπαίνφ,οἷς

523 3776 999 3848 quandoquidem
1032 3776 1127 3847 qui
1153 3775 1309 3831 intra
1340 3776 1439 3831 illa
1460 3775 1700 3847 degunt,
1720 3776 1942 3832 eisdem
1965 3778 2144 3832 defeat

2277 3772 2692 3848 περισώζονται,
2774 3772 2982 3845 ὁπόσην
3068 3772 3217 3835 ἐντὸς
3306 3774 3498 3851 χώραν
3579 3772 3859 3842 ζωννύουσιν.

517 3865 1106 3936 duntur.b‘erpentem
1137 3870 1331 3920 autem
1394 3864 1956 3937 perniciosissimum
1992 3879 2138 3923 sanci

2277 3868 2436 3939 Ὄφιν
2492 3858 2550 3916 δί
2611 3859 3017 3937 ὀλεθριώτατον
3089 3863 3569 3939 ἱερωνυμοόμενον
3638 3857 3857 3919 δυσκόλως

520 3954 759 4009 nomine
788 3953 1137 4025 insignitum
1171 3956 1261 4008 vix
1310 3954 1495 4010 habeo
1534 3956 1827 4026 quomodo
1858 3957 2141 4012 conciliem

2275 3947 2390 4027 ἔχω
2439 3946 2772 4023 συμϐιϐάσαι
2822 3957 2903 4025 τῷ
2950 3951 3208 4029 σωτηρίῳ
3247 3954 3625 4028 προσρήματι,
3651 3951 3725 4005 καὶ
3774 3947 3859 4021 ἱερὰ

514 4057 649 4096 cum
681 4042 1157 4097 denominatione
1189 4043 1399 4113 fausta,
1433 4049 1489 4098 et
1516 4059 1673 4098 sacer
1716 4044 1956 4101 morbus
1977 4063 2081 4101 cur
2110 4064 2135 4102 e

2275 4037 2333 4095 δὲ
2360 4041 2515 4105 νόσος
2544 4041 2608 4095 οὐ
2638 4045 2886 4096 κατανοῶ
2915 4039 3017 4115 οἵῳ
3046 4040 3199 4117 λόγῳ
3230 4041 3322 4097 καὶ
3353 4041 3541 4118 τρόπῳ
3570 4041 3856 4112 θεωνυμικῶς

515 4130 811 4198 quomodo
844 4131 928 4185 sic
954 4130 1279 4202 appelletur
1310 4148 1680 4203 nequaquam
1714 4132 1997 4205 intelligo.

1033 4130 1279 4202 pelletur
1310 4148 1680 4203 nequaquam
1714 4132 1997 4205 intelligo.
2272 4131 2648 4205 ἱερωθήσεται.

589 4235 676 4290 16.
712 4236 1001 4292 Hierocles.
1035 4236 1310 4293 Oblivisci
1343 4237 1485 4293 mihi
1509 4239 1743 4310 videris,
1778 4241 2161 4313 oTheophile,

2348 4238 2432 4300 ις’.
2489 4236 2788 4312 Ἱεροκλῆς.
2847 4235 3241 4307 Ἐπιλελῆσθαί
3304 4259 3400 4310 μοι
3454 4235 3643 4306 δοκεῖς,
3685 4237 3724 4289 ὧ
3762 4233 3855 4288 Θεόσ

517 4324 1025 4400 homonymiarnm
1052 4333 1604 4402 nuturam,quarum
1640 4329 1915 4402 quoslibet
1938 4333 2017 4387 rei
2039 4333 2130 4388 cui

2271 4324 2415 4401 φιλε,
2447 4328 2547 4395 τὴς
2578 4330 2686 4399 τῶν
2722 4327 3044 4398 ὁμονυμιῶν
3075 4324 3307 4404 φύσεως,
3338 4328 3415 4380 ὧν
3462 4326 3515 4382 ’ὲν
3569 4327 3656 4395 μὲν
3703 4344 3748 4377 τι
3791 4318 3855 4374 καὶ

511 4414 646 4469 dam
679 4416 1070 4473 essentialiler
1098 4423 1155 4473 et
1186 4420 1509 4475 necessario
1566 4419 1911 4475 attribuitur
1957 4438 2132 4477 secun

2273 4415 2437 4488 μόνον
2518 4415 2797 4489 πρόκειται
2875 4414 3181 4491 ὡρισμένον
3260 4416 3352 4470 καὶ
3418 4414 3746 4488 οὖσιωμένον,
3802 4409 3854 4468 ὡς

506 4520 638 4557 sum
686 4504 874 4576 ipsius
925 4513 1192 4561 naturam
1222 4525 1235 4574 ;
1269 4524 1397 4579 qua)
1447 4511 1670 4575 autem,
1730 4507 1865 4562 licet
1906 4508 2127 4565 diverse

2270 4502 2438 4579 ἔλαχε
2491 4502 2699 4580 φύσεως
2736 4521 2749 4534 ’
2811 4502 2910 4558 ὅσα
2967 4501 3024 4558 δὲ
3091 4501 3236 4560 ἄλλα
3295 4504 3556 4581 ἑτεροφυῆ
3622 4501 3852 4575 μετασχεῖν

504 4592 707 4648 eodem
744 4594 916 4648 modo
946 4596 1135 4649 vocari
1169 4595 1393 4660 volunt,
1429 4613 1636 4653 nomen
1671 4595 1813 4651 illud
1848 4598 2125 4669 arripiunt

2233 4592 2432 4647 latitet”:
2494 4590 2809 4667 βούλονται,
2838 4590 3082 4666 τοῦνομα
3139 4594 3232 4666 μὶν
3293 4591 3634 4648 ἀποσυλῶσιν
3678 4587 3854 4656 ἐκείνου,

500 4682 768 4751 quamvis
802 4699 915 4737 non
951 4686 1216 4740 eamdem
1268 4685 1761 4757 significationem
1816 4686 2121 4743 nanciscau

2268 4680 2438 4757 λόγου
2471 4679 2528 4736 δὲ
2558 4681 2659 4736 οὐκ
2688 4679 2875 4757 ἔχουσι
2905 4686 3001 4737 τοῦ
3042 4681 3205 4737 αὐτοῦ
3252 4682 3637 4758 κληρονομεῖν.
3661 4672 3853 4750 Ἕμϐλι-

501 4770 617 4824 tur.
654 4771 895 4842 Respice
923 4773 992 4827 ad
1039 4790 1241 4829 canem
1302 4791 1483 4846 supra
1530 4780 2056 4832 commemoratum
2101 4793 2122 4832 ε

2264 4772 2366 4844 ψον
2399 4770 2477 4834 εἷς
2505 4772 2593 4826 τὸν
2628 4769 2970 4846 πρωτόθετον
3000 4770 3158 4839 κύνα,
3187 4770 3302 4826 εἶτα
3341 4772 3435 4826 καὶ
3487 4770 3563 4834 εἷς
3608 4766 3722 4830 τοὺς
3762 4774 3849 4820 Λοι-

501 4854 571 4909 ad
609 4861 871 4923 ceteros,
905 4869 953 4914 el
988 4860 1129 4931 quid
1163 4861 1353 4916 dicam
1387 4861 1698 4934 intelliges.

1454 4861 1698 4934 telliges.
2261 4860 2421 4928 ποὺς,
2452 4859 2541 4914 καὶ
2573 4861 2812 4930 νοήσεις,
2845 4860 2874 4914 ὃ
2905 4856 3068 4935 λέγω.

574 4962 911 5033 Theophilus.
937 4966 1277 5039 Respiciens
1308 4970 1473 5025 video
1518 4969 1934 5027 similitudines
1975 4988 2150 5043 quas-

2332 4968 2617 5046 Θεόφι).ος.
2665 4961 2963 5040 Ἐμόλὲπω
3022 4966 3111 5021 καὶ
3187 4972 3377 5043 θεωρῶ
3434 4965 3639 5022 πάντων
3697 4956 3850 5033 ὁμοιό-

500 5048 634 5105 dum
670 5052 947 5109 omnibus
976 5056 1262 5128 proprias,
1318 5058 1391 5113 ab
1452 5058 1550 5114 illo
1599 5075 1742 5113 cane
1799 5060 1870 5115 ad
1913 5066 2117 5117 caetero

2258 5057 2426 5127 τητάς
2487 5078 2659 5123 τινας,
2714 5055 2773 5111 ἐκ
2845 5059 2942 5111 τοῦ
3016 5057 3177 5119 κυνὸς
3249 5056 3459 5111 ἐκείνου
3529 5048 3848 5109 διαϐαινοῦσας

500 5147 871 5213 propagatus.
902 5145 1073 5200 Canis
1107 5148 1393 5217 marinus,
1424 5149 1671 5204 audacia
1716 5154 1772 5205 et
1803 5150 2029 5206 feritate
2060 5150 2117 5206 in

2261 5145 2346 5200 ἐπὶ
2405 5145 2529 5208 τοὺς
2592 5147 2707 5219 μετ’
2763 5146 2940 5200 αὐτὸν.
3002 5147 3063 5203 Ὀ
3112 5147 3402 5207 θαλάσσιος
3475 5145 3612 5200 κῦων
3668 5141 3847 5214 θράσους

498 5229 707 5302 signis,
743 5232 930 5305 magis
954 5249 1127 5304 quam
1171 5252 1376 5293 omnes
1436 5237 1636 5294 bestiae
1691 5238 1927 5293 marium
1984 5241 2113 5296 cani

2254 5237 2435 5310 γέμων
2549 5234 2639 5288 καὶ
2749 5230 3021 5296 ἀναιδείας
3056 5279 3071 5306 ,
3150 5234 3281 5309 ὑπὲρ
3367 5236 3504 5290 ἅπαν
3606 5229 3844 5310 θαλάσσιον

497 5334 658 5374 more
689 5320 849 5376 vivit.
884 5321 1057 5378 Canis
1090 5323 1343 5381 coalestis
1375 5326 1445 5382 ob
1487 5326 1747 5383 indolem
1781 5327 2118 5385 mortiferas

2254 5324 2457 5394 κυνίζει
2501 5323 2663 5379 τοῦτό
2711 5344 2785 5399 γε.
2842 5321 3108 5398 Οὐράνιος
3157 5321 3245 5379 διὰ
3292 5323 3357 5379 τὸ
3412 5324 3527 5378 κατ’
3581 5317 3726 5376 αὐτὸν
3776 5306 3845 5367 οὗ·

497 5407 712 5463 ωεῑὶνὶε
756 5409 1085 5477 mensibus,
1148 5416 1211 5467 ut
1274 5415 1550 5471 Homerus
1605 5416 1708 5484 ait,
1764 5416 2118 5486 conspicuan

2257 5412 2377 5470 λιον
2436 5413 2487 5468 ἐν
2545 5418 2662 5477 τοῖς
2718 5413 2836 5467 καθ’
2891 5413 3144 5486 ’Όμηρον
3200 5412 3366 5468 εἰπεῖν
3445 5414 3666 5489 θερινοῖς
3715 5400 3848 5480 φλέγ-

491 5492 624 5562 jure
648 5495 972 5567 meritoque
1004 5498 1335 5569 appellatur
1367 5502 1552 5571 canis,
1585 5502 1873 5574 siquidem
1905 5502 1997 5557 hic
2019 5520 2111 5560 om

2258 5524 2417 5577 μασιν
2477 5501 2576 5557 οὔκ
2649 5499 2708 5556 ἂν
2784 5501 2959 5573 πάντη
3036 5502 3362 5581 ἀπροσφυιῖκ
3431 5498 3649 5555 καλοῖτο
3713 5490 3845 5557 κῦων,

498 5580 638 5636 nino
670 5584 1038 5652 perniciosus
1064 5591 1176 5651 est,
1203 5588 1497 5661 imprimis
1538 5596 1734 5647 autem
1787 5592 2019 5663 quando
2049 5609 2119 5648 rat

2256 5592 2314 5654 ὃς
2362 5590 2452 5646 καί
2500 5591 2660 5655 αὐτὸς
2706 5588 2893 5655 ἄλλως
2937 5611 3016 5661 τε,
3063 5590 3151 5647 καὶ
3202 5580 3290 5647 ὅτε
3332 5587 3393 5646 δὲ
3437 5587 3700 5662 λυσσητῆρ
3739 5580 3844 5635 ἄπο·

499 5665 593 5724 bie
620 5671 952 5742 corripitur.
986 5674 1158 5731 Canis
1189 5677 1443 5749 denique
1474 5680 1946 5753 ,philosophans,
1997 5681 2120 5739 alio:

2259 5677 2409 5753 ϐαίη,
2475 5678 2662 5746 οῧλιός
2742 5679 2902 5739 ἐστιν.
2964 5680 3024 5740 Ὀ
3081 5677 3399 5761 φιλοσοφῶν
3460 5674 3517 5734 δὶ
3571 5674 3702 5731 κύων
3748 5664 3848 5725 ἀλλ’
