4104 6210
266 390 386 452 921

1207 391 1592 455 DIALOGUS
1639 390 2074 453 HIEROCLES
2116 391 2217 451 ET
2259 386 2779 451 THEOPHILUS.

3551 379 3671 442 922

270 520 441 585 αὓτὸς
595 527 789 599 κυνικῇ
821 522 1095 599 ἐπιστήμῃ
1145 524 1273 584 τοὺς
1330 526 1424 598 μὲν
1480 528 1589 579 τῶν
1618 522 1916 598 ἀνθρώπων

2041 522 2279 579 scientia
2308 522 2511 595 cynice
2529 521 2890 590 demulceus,
2928 520 3060 576 aliis
3115 519 3397 584 irascens,
3455 534 3667 574 canum

274 612 476 667 σαίνων
525 611 787 686 εὐμενῶς,
832 619 950 677 τοῖς
1001 611 1059 669 δὲ
1107 612 1496 689 δυσμεναίνων,
1547 612 1648 669 ὅσα
1691 614 1783 669 καὶ
1823 611 1924 669 κύο

271 721 422 770 νεος,
482 700 560 766 εἷς
605 700 774 757 ⁴πλέον
824 704 1092 773 ᾤκείωται
1141 708 1211 778 τῇ
1255 708 1353 759 τοῦ
1407 704 1565 766 κυνὸς
1600 701 1796 774 κλήσει
1862 703 1924 759 Ὀ

279 791 379 863 μὲν
429 791 532 867 γὰρ
593 789 863 869 μετέωρος
929 791 1131 855 ἐκεῖνος
1178 791 1230 856 ἐς
1282 793 1442 849 τόσον
1488 794 1773 871 ἀφίσταται
1828 796 1925 847 τοῦ

272 881 417 934 κατὰ
474 880 670 955 χέρσον
733 880 798 936 τὰ
846 881 922 943 είς
969 883 1069 951 τὴν
1130 880 1257 959 δίγαν
1319 881 1623 956 ὁμοιότητα
1678 882 1756 944 είς
1799 881 1923 938 ὅσον

276 967 511 1043 οὐρανός
568 967 675 1025 ἐστ’
731 970 839 1025 ἀπὸ
884 970 1066 1046 γαίης·
1123 972 1151 1026 ὁ
1209 968 1268 1026 δὲ
1323 970 1538 1035 ἐνάλιος
1596 970 1711 1027 οὐδ’
1761 972 1924 1035 αὐτὸς

276 1057 708 1134 παρρησιάζεται
734 1058 872 1115 πάνυ
901 1061 998 1129 τὴν
1032 1059 1324 1135 ἐγγύτητα.
1371 1062 1441 1118 ’Ὁ
1471 1081 1534 1137 γε
1567 1062 1673 1135 μὴν
1707 1059 1929 1127 φιλόσο-

278 1168 384 1225 φος
412 1147 736 1223 παρίσταταί
762 1169 878 1211 πως
900 1154 981 1222 τῷ
1010 1150 1356 1225 πρωτοτύπῳ
1384 1150 1526 1221 κυνὶ,
1556 1150 1645 1206 καὶ
1676 1150 1929 1230 νοσφίζε-

275 1257 369 1291 ται
398 1258 453 1291 τι
482 1235 650 1292 πλέον
684 1236 999 1313 ἐγγύτητος.

357 1326 441 1393 ιζ’.
491 1324 791 1400 Ἱεροκλῆς.
866 1327 939 1381 Εὖ
984 1324 1046 1404 γέ
1102 1349 1188 1383 σοι
1230 1328 1320 1383 καὶ
1374 1333 1579 1399 ταῦτα,
1639 1331 1729 1385 καὶ
1788 1329 1926 1385 ἱτὲον

277 1413 451 1486 ὁμοίᾳ
498 1410 679 1489 ἐφόδῳ
704 1414 794 1468 καὶ
852 1414 941 1469 ἐπὶ
970 1416 1061 1470 τὸν
1120 1416 1266 1491 ἱερὸν
1324 1413 1514 1492 ἄνδρα,
1571 1415 1738 1494 οὗπερ
1764 1416 1928 1494 ἐξώρ-

280 1522 455 1575 μηται
515 1503 545 1557 6
593 1503 885 1578 ἱερώτατος
937 1505 1030 1559 καὶ
1089 1507 1118 1561 6
1197 1504 1476 1561 ἐπιτείνων
1536 1505 1694 1561 αὐτόν
1749 1527 1931 1562 πανιεο

279 1590 554 1665 ρώτατυς,
641 1592 732 1647 καὶ
808 1590 1227 1665 διασκοπητέον,
1301 1593 1432 1666 ὅσα,
1498 1596 1638 1651 καθὰ
1715 1594 1929 1672 ἐρῥὲθη,

278 1681 764 1757 περιστοιχίσαντα
817 1686 1007 1737 τοῦτον
1033 1726 1048 1752 ,
1098 1685 1161 1739 τὸ
1225 1685 1319 1757 μὶν
1378 1685 1494 1739 κατ’
1561 1684 1719 1740 αὐτὸν
1767 1685 1932 1740 οἱονεὶ

282 1772 449 1839 σῶμα
477 1766 721 1842 τοῦνομα
774 1770 1130 1848 κληροῦνται,
1178 1780 1281 1843 τῆς
1346 1770 1405 1829 δὲ
1459 1776 1595 1829 κατὰ
1628 1773 1794 1849 λόγον
1826 1777 1927 1848 ψυο

283 1860 399 1932 χῆς
428 1857 490 1912 οὐ
537 1860 907 1916 καθικνοῦνται
952 1860 1030 1923 εἰς
1075 1861 1138 1916 τὸ
1166 1866 1290 1930 πᾶν,
1350 1859 1478 1917 ἀλλ’
1509 1861 1586 1925 εἷς
1615 1861 1741 1919 ὅσον
1792 1864 1932 1937 ἀμυ-

285 1943 421 2021 δρὰν
496 1947 850 2026 παραφαίνειν
926 1944 1174 2027 ἔμφασιν.
1254 1950 1353 2006 Καὶ
1425 1949 1585 2026 τείχη
1663 1952 1756 2025 μὶν
1815 1952 1934 2027 ἱερὰ

286 2034 466 2109 λέγειν
518 2035 732 2099 οἰκείως
788 2033 903 2113 ἔχει
956 2038 1093 2115 πρὸς
1144 2039 1208 2094 τὸ
1260 2044 1478 2113 πρῶτον
1528 2037 1617 2095 διὰ
1641 2041 1704 2095 τὸ
1735 2062 1934 2098 σωστι-

284 2124 385 2180 κὸν
461 2128 566 2180 τῶν
638 2123 1019 2181 ἐνοικούντων-
1055 2126 1145 2181 καὶ
1225 2126 1554 2202 φυλακτικὸν
1580 2172 1594 2198 ,
1673 2130 1814 2184 θεῖον
1873 2130 1931 2186 ὃν

284 2220 491 2289 χρῆμα
554 2213 646 2269 καὶ
719 2215 874 2282 αὐτὸ,
911 2214 1099 2279 καθότι
1148 2217 1238 2271 καὶ
1290 2222 1405 2279 τοῖς
1456 2218 1627 2292 ἱεροῖς
1674 2224 1826 2283 ναοῖς
1870 2220 1934 2275 τὸ

280 2307 534 2358 τοιοῦτον
595 2300 795 2359 ἄσυλον
857 2302 1277 2378 ἀπονινέμηται·
1347 2305 1437 2360 καὶ
1479 2306 1541 2361 τὸ
1588 2312 1689 2377 τῆς
1736 2313 1935 2381 Περιη-

278 2394 500 2468 γήσεως
554 2389 611 2447 δὲ
660 2392 805 2467 ἱερὸν
859 2392 948 2449 καὶ
1017 2395 1052 2463 ἡ
1102 2393 1224 2463 ἱερά
1268 2395 1384 2449 κατ’
1434 2394 1600 2465 αὐτὴν
1657 2392 1794 2472 ἄκρα
1844 2398 1934 2452 καὶ

278 2482 339 2535 αἱ
398 2479 727 2556 Ἰεραπόλεις
774 2481 864 2536 καὶ
919 2479 1098 2538 τᾶλλα
1150 2482 1408 2553 τοιαύτης
1441 2482 1650 2547 ἐννοίας
1689 2480 1932 2560 ἔχονται.

279 2571 510 2627 Ὀστοῦν
584 2567 642 2625 δὲ
708 2571 851 2645 ἱερὸν
903 2568 1054 2626 οὐδὲν
1114 2593 1166 2626 τι
1225 2573 1471 2627 τοιοῦτον
1530 2569 1645 2649 ἔχει
1704 2595 1934 2652 περιφα-

284 2663 417 2720 νῶς’
478 2657 604 2714 ἀλλ’
634 2659 686 2713 οἱ
724 2660 818 2732 μὲν
866 2663 1055 2734 θυτικῇ
1103 2659 1282 2732 ἐννοίᾳ
1326 2659 1730 2737 αἶ’τιολογοῦσιν
1781 2662 1931 2733 αὐτὸ,

280 2745 464 2821 ’ἑτεροι
528 2744 586 2802 δὲ
635 2745 725 2803 διὰ
788 2749 850 2803 τὸ
911 2747 1201 2824 μεγαλεῖον
1249 2754 1350 2816 τῆς
1402 2751 1711 2815 ὁστεώσιως
1758 2748 1936 2827 ὄνομα

286 2842 443 2911 σχεῖν
499 2836 641 2892 οὕτω
691 2838 884 2910 σεμνὸν
966 2836 1242 2909 δεξάζουσι
1276 2881 1291 2908 ,
1334 2840 1471 2904 καθὰ
1516 2840 1605 2896 καὶ
1648 2842 1740 2896 τὸν
1788 2842 1932 2916 ἱερὸν

287 2925 476 3001 ἰχθύν
549 2926 625 2988 εἷς
695 2925 825 3002 ὅπερ
899 2928 1104 2993 ἐννοίας
1177 2924 1377 3003 ἔδαψας
1439 2926 1548 2999 ἤδη
1604 2931 1690 2986 καὶ
1749 2930 1932 2994 αὐτός.

283 3017 451 3091 ’Όφις
502 3012 559 3069 δὲ
616 3016 645 3070 6
701 3017 846 3092 ἱερὸς
915 3015 1176 3093 εὐφήμως
1247 3018 1622 3096 άντιφράζεται
1689 3021 1835 3095 παρά
1874 3041 1936 3096 γε

281 3111 408 3168 τοῖς
462 3105 823 3182 βουλομένοις
873 3108 1149 3174 ἐκθύεσθαι
1193 3110 1293 3178 τὴν
1341 3109 1431 3165 ἀπ’
1478 3108 1643 3166 αὐτοῦ
1696 3108 1931 3188 βλάϐην*

284 3196 436 3252 οὕτω
500 3194 556 3252 δὲ
624 3197 714 3252 καὶ
789 3194 947 3261 νὸσος
994 3201 1028 3267 ἡ
1091 3198 1210 3275 ἱερὰ
1257 3198 1696 3274 σεμνολογεῖται,
1757 3202 1829 3264 ὡς
1887 3201 1933 3256 εἰ

2033 611 2240 683 instar,
2276 611 2464 684 magis
2493 611 2673 668 etiam
2703 611 2869 667 canis
2929 608 3404 666 denominatione
3461 608 3677 679 dignus

2033 707 2142 758 est.
2182 701 2279 757 [lle
2308 702 2465 756 enim
2496 717 2823 772 suspensus
2848 701 2906 755 in
2928 716 3078 768 aere,
3114 700 3305 769 quoad
3339 696 3679 753 similitudi-

2035 807 2166 846 nem
2187 793 2414 845 tantum
2431 789 2606 845 distat
2628 806 2661 844 a
2677 787 3199 859 tellure,quantum
3218 786 3425 843 cmlum
3447 804 3480 843 a
3500 790 3678 842 terra:

2036 882 2303 937 marinus
2335 886 2529 936 autem
2554 896 2659 935 nec
2681 881 2805 950 ipse
2838 879 3001 934 valde
3033 878 3400 950 propinquus
3429 877 3683 932 dicatur.

2036 970 2432 1042 Philosophus
2455 976 2650 1024 autem
2680 986 2856 1040 prope
2886 969 3056 1024 adest
3108 968 3406 1039 primitivo
3453 965 3583 1022 cani
3630 969 3689 1022 et

2037 1061 2279 1135 propius
2310 1060 2553 1116 accedit.

2114 1332 2201 1387 17.
2236 1330 2523 1387 Hierocles.
2557 1329 2786 1402 Optime
2819 1329 2937 1384 haec
2987 1328 3320 1402 percepisti.
3362 1329 3683 1401 eademque

2038 1421 2133 1478 via
2162 1421 2547 1494 procedamus
2575 1419 2668 1490 :ad
2702 1419 2892 1473 virum
2943 1420 3212 1489 sanctum,
3246 1435 3280 1473 a
3337 1434 3449 1489 quo
3496 1419 3686 1472 oritur

2041 1512 2427 1569 sanctissimus
2459 1514 2515 1565 et
2546 1525 2646 1581 per
2674 1508 3078 1581 gradationem
3110 1508 3355 1562 omnium
3399 1508 3686 1563 sanctissi-

2040 1619 2183 1671 mus,
2216 1606 2274 1658 et
2301 1602 2628 1668 videamus,
2657 1600 2974 1671 quomodo,
3004 1598 3093 1654 uti
3132 1599 3357 1654 dictum
3423 1600 3532 1666 est,
3572 1596 3692 1652 cir-

2042 1689 2383 1747 cumdantia
2414 1706 2570 1760 eum,
2603 1686 2776 1744 veluti
2811 1704 3024 1759 corpus
3055 1687 3204 1759 ejus,
3229 1702 3443 1742 nomen
3501 1685 3689 1757 adipi-

2043 1780 2385 1847 scantur,ad
2422 1778 2680 1834 animam
2702 1782 2897 1833 autem
2930 1778 3170 1832 omnino
3194 1775 3687 1846 non;referantur,

2042 1869 2145 1925 sed
2179 1872 2409 1924 tantum
2439 1868 2746 1923 obscuram
2806 1866 3125 1938 imaginem
3168 1864 3439 1920 innuant.
3472 1863 3685 1919 Maenia

2044 1958 2225 2031 igitur
2242 1967 2439 2013 sancta
2468 1957 2768 2023 dicuntur,
2784 1955 2942 2028 quia,
2977 1955 3130 2026 quod
3167 1971 3363 2010 revera
3419 1952 3685 2009 divinum

2044 2048 2185 2121 quid
2225 2052 2337 2111 est,
2390 2044 2787 2102 inhabitantes
2836 2048 3153 2117 protegunt
3175 2043 3260 2113 :et
3317 2044 3685 2109 conservant,

2044 2136 2545 2209 quemadmodum
2570 2135 2748 2192 etiam
2770 2137 2957 2190 sancta
2976 2131 3194 2205 templa
3222 2137 3504 2204 tanquam
3527 2130 3691 2204 asyla

2045 2226 2316 2282 honoran
2344 2231 2456 2295 tur,
2492 2230 2549 2281 et
2580 2224 2956 2295 Perirgeseos
2987 2232 3241 2278 sanctum
3275 2226 3332 2277 et
3367 2228 3563 2278 sancta
3587 2237 3690 2278 arx

2045 2320 2101 2371 et
2118 2312 3016 2386 Hierapoles,(sanctm;urbes);et
3045 2316 3246 2368 cietero
3269 2311 3473 2367 eodem
3507 2326 3687 2366 sensu

2044 2404 2321 2476 gaudent.
2346 2404 2416 2459 0s
2440 2407 2639 2458 autem
2671 2417 2901 2459 sacrum
2931 2400 3076 2456 nihil
3097 2399 3389 2471 ejusmodi
3457 2399 3688 2471 signiﬁ-

2045 2509 2175 2548 care
2206 2492 2591 2563 apparet,'sed
2623 2490 2955 2563 nonnullil'a
2981 2489 3291 2545 sacriﬁciis
3322 2489 3684 2545 sicvocatum

2046 2586 2338 2647 asserunt,
2389 2581 2488 2637 alii
2517 2586 2579 2651 ,‘a
2634 2579 2919 2651 mirabili;
2959 2579 3183 2636 ossium
3227 2582 3526 2634 structura
3576 2578 3684 2634 hoc

2042 2670 2375 2726 venerabile
2406 2686 2617 2727 nomen
2648 2670 3034 2726 derivandum
3063 2667 3681 2740 dicunt,quemadmo-

2044 2761 2186 2815 dum
2214 2762 2398 2815 sancti
2431 2758 2609 2830 piscis
2639 2757 3156 2830 appellatio,quem
3191 2758 3526 2822 sensum‘Ju
3553 2755 3679 2826 jam

2045 2849 2209 2922 prius
2233 2848 2599 2920 perspexisti.
2623 2849 2876 2918 Serpens
2926 2846 3141 2902 autem'
3173 2863 3275 2917 per
3329 2844 3687 2917 euphoniam

2043 2945 2283 2993 vocatur
2313 2944 2555 2993 sanctus
2585 2937 2657 2992 ab
2688 2938 2762 2994 iis
2792 2936 2914 3008 qui,
2947 2952 3019 2991 ne
3049 2934 3386 2992 detrimenti
3416 2934 3558 3006 quid
3601 2950 3690 2988 ca-

2045 3027 2230 3099 piant,
2265 3027 2349 3083 sic
2378 3044 2510 3083 eum
2542 3027 2854 3082 conciliare
2883 3027 3210 3096 conantur};
3242 3024 3445 3080 eodem
3513 3021 3688 3078 modo

2045 3114 2222 3171 etiam
2257 3116 2498 3170 morbus
2529 3114 2742 3170 dicitur
2768 3117 3030 3181 sanctus,
3055 3118 3111 3168 et
3139 3110 3317 3167 veluti
3350 3108 3471 3166 fera
3504 3107 3691 3165 bestia

2046 3204 2415 3261 demulcetur
2443 3202 2728 3260 etblande
2778 3208 3084 3269 tractatur,
3135 3217 3208 3256 ne
3257 3202 3401 3255 forte
3460 3199 3686 3269 impetu

278 3287 376 3340 καὶ
410 3287 595 3361 θηρίον
649 3286 811 3361 βορὸν
844 3290 1144 3360 καταψᾶται
1173 3286 1264 3342 καὶ
1304 3287 1667 3357 ποππύζεται,
1722 3287 1777 3343 εἶ’
1814 3311 1931 3353 πως

2043 3295 2418 3367 aggrediatur
2446 3294 2742 3349 hominem
2756 3296 2813 3348 et
2844 3291 3094 3364 pessime
3125 3290 3362 3346 afﬁciet.
3394 3287 3687 3360 Cepistine

285 3377 367 3449 μή
401 3373 724 3449 ἐμπηδῆσαν
756 3375 938 3453 ἐμφυῇ
979 3376 1066 3431 καὶ
1124 3374 1308 3452 βλάψῃ
1339 3378 1406 3431 τὰ
1436 3377 1704 3454 χείριστα.
1740 3381 1934 3456 Ἔχοις

2041 3385 2185 3454 jam.
2216 3401 2249 3437 ο
2285 3382 2624 3454 Theophile,
2657 3398 2897 3438 sensum
2931 3381 3227 3453 integrum
3261 3394 3375 3449 quo
3405 3376 3515 3432 'vir
3558 3392 3689 3431 san-

279 3464 403 3533 οὗν,
458 3462 710 3544 Θεόφιλε,
771 3462 1077 3539 κατάληψιν
1137 3462 1353 3535 ἐντελῆ,
1403 3467 1433 3521 ’ὁ
1479 3468 1694 3522 τίποτέ
1729 3466 1869 3524 ἐστιν
1903 3471 1932 3522 6

278 3556 433 3631 ἱερὸς
464 3554 599 3628 ἀνὴρ
631 3555 721 3610 καὶ
753 3556 782 3609 6
811 3555 927 3610 κατ’
958 3554 1116 3610 αὐτὸν
1148 3555 1469 3630 ίερώτατος;
1498 3558 1564 3613 ἸΙ
1596 3553 1929 3631 προσεπιϐα-

278 3646 489 3716 λοῦμςν
521 3644 610 3699 καὶ
641 3643 846 3720 ἑτέροις
873 3646 1141 3716 νοήμασιν
1171 3665 1183 3715 ;

359 3753 451 3820 ιη’,
480 3751 762 3827 Θεόφιλος.
798 3746 1190 3823 Κατελαϐόμην
1230 3752 1305 3814 εἷς
1335 3748 1632 3829 ἀκριϐειαν,
1666 3754 1754 3808 καὶ
1785 3756 1933 3831 φιλῶ

277 3844 416 3906 τοὺς
441 3841 748 3912 τοιούτους,
793 3842 882 3897 καὶ
934 3842 1262 3917 ὑπερτίθημι
1291 3846 1400 3897 τῶν
1431 3864 1489 3897 τε
1518 3841 1790 3918 θεοφίλων
1842 3844 1931 3899 καὶ

273 3937 392 3988 τῶν
424 3930 813 4009 Θεοφιλτάτων.

359 4035 659 4115 Ιεροκλῆς.
738 4036 879 4095 Οὐδὲ
952 4036 1115 4094 πάλιν
1187 4038 1359 4112 κρίνω
1431 4033 1798 4113 ἠκριϐωκέναι
1873 4061 1931 4095 σε

272 4131 380 4198 τὴν
415 4128 628 4206 φράσιν,
678 4129 724 4182 ὧ
768 4125 1018 4203 Θεόφιλε.
1064 4131 1263 4203 Πρῶτοι
1304 4128 1396 4200 μὶν
1444 4128 1546 4204 γὰρ
1602 4125 1708 4183 ἔδει
1760 4149 1928 4205 προσ-

276 4222 455 4281 θεῖναι
509 4218 668 4293 ἱερῶν
723 4214 954 4292 ἀνδρῶν,
996 4216 1086 4272 καὶ
1130 4215 1394 4272 τοιούτων
1473 4214 1531 4272 δὶ
1595 4218 1923 4292 ἱερωτάτων,

276 4303 369 4360 i’va
403 4306 480 4378 μή
521 4306 811 4379 συμπήσῃς
854 4304 944 4360 καὶ
997 4303 1341 4379 ὁμωνυμίαις
1383 4303 1753 4382 ὶτεροφύλοις·
1812 4307 1925 4363 εἶτα

270 4395 451 4471 ἐχρῆν
499 4394 964 4469 πθοσλογίσασθαί
1006 4415 1065 4449 σε
1128 4393 1213 4449 καθ
1285 4395 1368 4449 ὁτι
1421 4396 1449 4449 6
1502 4393 1766 4472 θεοφιλὴς
1826 4396 1925 4452 οὐκ

269 4483 335 4540 ἂν
393 4482 592 4556 άπέδοι
640 4489 738 4540 τοῦ
796 4484 914 4558 καὶ]
942 4484 1087 4560 ἱερὸς
1141 4480 1359 4556 ᾅδεσθαι
1395 4526 1407 4539 .
1460 4485 1557 4541 Ὃν
1625 4486 1728 4560 γὰρ
1789 4485 1920 4548 Θεὸς

270 4574 472 4652 φιλεῖ,
530 4577 648 4638 πῶς
707 4571 911 4638 ἐκεῖνος
957 4574 1058 4629 οὐκ
1112 4573 1173 4628 ἂν
1227 4570 1312 4643 εἰή
1367 4574 1517 4646 αὐτῷ
1574 4573 1919 4649 ἱερωμένος,

273 4662 375 4719 εἴτ’
432 4660 523 4718 οὖν
583 4661 768 4735 ὅσιος,
820 4664 956 4719 κατᾶ
1006 4664 1095 4718 τὸν
1154 4661 1516 4735 αἲτησάμενον
1571 4661 1921 4739 φυλαχθῆναι
1953 4653 1998 4718 D

272 4754 384 4809 ὑπὸ
433 4752 657 4829 Κυρίου,
715 4752 797 4808 ὅτι
850 4753 1000 4815 ὅσιος
1053 4752 1200 4825 αὐτῷ
1255 4752 1403 4821 ἐστι,
1477 4752 1566 4807 καὶ
1642 4748 1779 4823 δῆτα
1833 4752 1923 4808 καὶ

272 4844 431 4919 ἅγιος
486 4842 537 4898 ἰν
592 4845 661 4917 τῇ
719 4846 789 4919 γῇ
848 4846 943 4908 τρῦ
991 4846 1145 4913 Θεοῦ,
1189 4843 1235 4915 ᾧ
1292 4845 1595 4914 θαυμαστοῖ
1645 4842 1672 4897 6
1726 4840 1922 4911 Κύριος

266 4933 337 4987 τὰ
388 4931 564 4987 οἰκεῖα
609 4929 934 5007 θελήματα;
985 4932 1071 4986 Ἐν
1118 4936 1237 4993 τοῖς
1284 4929 1554 4993 τοιούτοις
1602 4935 1733 5007 γοῦν
1787 4933 1922 4987 πάν-

266 5042 380 5084 τως
430 5020 521 5077 καὶ
574 5020 762 5095 μόνοις
818 5022 846 5076 6
895 5018 1158 5099 θεοφιλὴς
1194 5018 1283 5075 καὶ
1324 5019 1620 5096 ἄγιόςξέστι
1650 5020 1739 5076 καὶ
1770 5018 1923 5084 ὅσιος

261 5110 355 5167 καὶ
412 5110 594 5188 ἱερός.
652 5109 875 5173 ’Ἄλλως
936 5106 995 5165 δὲ
1047 5111 1110 5165 τὸ
1167 5115 1391 5187 πρᾶγμα
1449 5110 1922 5188 συγκεφαλαιώσα-

261 5214 412 5266 σθαι,
478 5203 594 5256 κατ’
643 5200 908 5276 ἐξαίρετον
944 5201 1037 5272 μὲν
1085 5201 1175 5255 καὶ
1230 5198 1383 5262 ῗδίως
1438 5199 1528 5255 καὶ
1583 5199 1916 5273 καταμόνας,

258 5292 327 5346 οὐ
399 5290 534 5345 κατά
585 5311 637 5344 τι
712 5287 1093 5345 ἀναπόδεικτον
1162 5287 1392 5362 αἷίτημα,
1450 5289 1539 5343 καὶ
1597 5285 1802 5343 ἔννοιαν
1862 5286 1920 5344 δὲ

256 5379 479 5448 κοινὴν,
553 5378 700 5453 ἱερὸς
780 5378 876 5451 μὶν
950 5377 1040 5432 καὶ
1087 5377 1383 5454 ἱερώτατος
1446 5376 1535 5432 καὶ
1595 5375 1768 5453 ἱερεὺς
1826 5377 1918 5432 καὶ

262 5466 558 5544 ἀρχιερεὺς
643 5464 757 5539 ἷδίᾳ
842 5471 950 5522 τῶν
1032 5470 1130 5521 τοῦ
1202 5466 1414 5539 κόσμου
1489 5466 1914 5541 ἀποτεταγμένοι

260 5556 392 5625 εἶσὶ,
456 5557 543 5611 καὶ
606 5554 790 5617 αὐτοῖς
849 5554 1264 5635 ἐπιτετράφαται
1319 5555 1387 5611 τὰ
1445 5559 1717 5629 μυστικῶς
1774 5555 1916 5610 θειό-

258 5666 415 5723 τερα,
448 5644 540 5701 καὶ
572 5642 952 5701 συνωατὲλλει
1004 5650 1085 5718 τῷ
1135 5645 1371 5718 τοιούτῳ
1411 5645 1566 5716 καλῷ
1608 5644 1915 5720 ἀναγκαίως

260 5735 331 5793 τὸ
378 5736 466 5790 καὶ
530 5732 805 5813 θεοφιλεῖς
870 5734 960 5791 καὶ
1018 5731 1303 5815 Θεοφίλους
1365 5734 1497 5791 εἶναι
1543 5732 1669 5804 τοὺς
1726 5733 1915 5791 τοιού-

2039 3482 2158 3531 ctus
2182 3478 2239 3528 et
2266 3473 2647 3528 sanctissimus
2679 3476 3071 3542 nuncupetur,
3092 3486 3165 3523 an
3189 3466 3481 3539 oportebit
3509 3466 3685 3521 etiam

2042 3561 2175 3617 aliis
2200 3560 2483 3633 exemplis
2513 3577 2634 3616 rem
2668 3558 2972 3615 enucleare
2992 3558 3020 3612 ?

2115 3763 2198 3817 18.
2243 3760 2587 3829 Theophilus.
2622 3758 2851 3829 Optime
2891 3752 3329 3827 comprehendi,
3389 3756 3446 3807 et
3502 3748 3683 3821 diligo

2040 3850 2332 3922 ejusmodi
2357 3848 2627 3905 homines
2657 3852 2714 3903 et
2772 3845 3010 3918 praefero
3042 3846 3145 3898 Deo
3202 3842 3419 3898 dilectis
3479 3835 3678 3913 (θεοφι-

2042 3937 2187 4011 λοις)
2217 3944 2275 3995 et
2304 3940 2421 3996 Deo
2446 3936 2849 3995 dilectissimis
2880 3929 3323 4010 (θεοφιλτάτοις).

2112 4046 2410 4103 Hierocles.
2449 4048 2662 4101 lterum
2706 4044 2861 4099 vocis
2917 4056 3154 4097 sensum
3217 4037 3372 4093 haud
3434 4036 3685 4108 perfecte

2040 4137 2371 4210 percepisse
2401 4135 2544 4191 mihi
2576 4134 2815 4196 videris,
2847 4148 2880 4187 ο
2910 4126 3245 4200 Theophile.
3298 4130 3443 4182 Ante
3486 4124 3686 4182 omnia

2036 4226 2227 4282 dicere
2257 4225 2564 4282 debuisses
2595 4228 2831 4280 sanctos
2869 4223 3024 4277 viros
3053 4223 3112 4274 et
3142 4216 3568 4281 sanctissimos,
3619 4220 3684 4271 ut

2035 4332 2107 4371 ne
2131 4331 2456 4388 synonyma
2482 4315 2709 4369 diversa
2739 4311 3150 4378 confunderes;
3170 4307 3381 4364 deinde
3413 4307 3679 4362 animad-

2033 4406 2374 4460 vertendum
2405 4404 2630 4473 fuisset,
2672 4401 2861 4457 virum
2910 4400 3027 4456 Deo
3080 4397 3354 4454 dilectum
3399 4392 3673 4470 (θεοφιλῆ)

2033 4494 2284 4567 perbene
2362 4494 2536 4549 etiam
2594 4494 2775 4549 sancti
2829 4489 3022 4563 (ἱεροῦ)
3083 4489 3317 4544 nomine
3374 4484 3667 4555 insigniri.

2029 4583 2210 4647 Quem
2242 4583 2397 4639 enim
2432 4582 2586 4638 Deus
2612 4580 2826 4652 diligit,
2850 4580 3144 4651 quomodo
3176 4594 3293 4633 non
3349 4574 3459 4631 erit
3514 4574 3670 4646 apud

2031 4689 2165 4728 cum
2221 4673 2597 4742 sanctiﬁcatus
2679 4666 3018 4745 (ἱερωμένος)
3051 4669 3216 4737 Ξείνθ
3273 4667 3673 4729 consecratus,

2032 4762 2532 4832 quemadmodum
2564 4759 2660 4815 ille
2691 4759 2788 4828 qui
2820 4762 3093 4831 precatur
3117 4761 3183 4811 ut
3210 4774 3242 4811 a
3277 4755 3518 4811 Domino
3570 4770 3672 4809 cu-

2032 4850 2340 4913 stodiatur,
2370 4850 2510 4922 quia
2554 4848 2678 4919 ipse
2733 4852 3110 4903 consecratus
3166 4849 3275 4913 est,
3335 4849 3391 4899 et
3433 4842 3674 4915 proinde

2031 4939 2207 4995 etiam
2233 4939 2294 4993 in
2327 4944 2483 4994 terra
2510 4937 2604 4992 Dei
2635 4942 2897 5000 sanctus,
2945 4935 3038 4990 cui
3083 4934 3361 4989 Dominus
3403 4933 3674 4986 volunta-

2031 5032 2148 5084 tem
2183 5044 2352 5083 suam
2385 5025 3030 5099 admirandam:reddit_
3051 5023 3164 5093 ?:ln
3197 5022 3482 5092 hisigitur
3504 5038 3669 5093 pror-

2029 5135 2133 5174 sus
2164 5123 2222 5173 et
2254 5117 2424 5172 unice
2452 5118 2558 5172 Deo
2588 5116 2820 5171 dilectus
2850 5109 3154 5190 (θεοφιλής)
3187 5116 3243 5168 et
3273 5128 3438 5168 sacer
3465 5115 3555 5167 est
3610 5114 3669 5165 et

2028 5212 2408 5264 consecratus
2439 5210 2495 5261 et
2521 5210 2746 5260 sanctus
2773 5198 2986 5277 (ἱερός).
3025 5203 3094 5257 Ut
3119 5207 3313 5258 autem
3347 5201 3517 5254 aliter
3544 5216 3664 5255 rem

2028 5295 2402 5367 complectar,
2434 5311 2613 5350 sensu
2649 5293 2926 5348 nimirum
2963 5289 3285 5364 praegnanti
3316 5296 3373 5345 et
3432 5289 3664 5361 preprio

2026 5390 2084 5441 et
2113 5385 2308 5453 unico,
2332 5401 2448 5440 non
2472 5383 2798 5439 secundum
2823 5381 3105 5437 rationem
3130 5381 3284 5436 haud
3317 5378 3667 5448 comproba-

2026 5479 2169 5542 tam,
2202 5473 2303 5529 sed
2336 5473 2661 5530 secundum
2695 5488 2934 5528 sensum
2969 5485 3341 5526 communem
3369 5485 3385 5521 :
3418 5465 3504 5521 vir
3532 5482 3665 5521 san-

2025 5568 2154 5619 ctus
2186 5567 2244 5618 et
2273 5562 2686 5618 sanctissimus
2718 5567 2775 5616 et
2804 5560 3077 5616 sacerdos
3126 5564 3183 5613 et
3228 5555 3665 5613 archisacsrdos

2025 5651 2354 5724 specialiter
2383 5651 2559 5706 rebus
2589 5649 2963 5706 terrestribus
3007 5646 3257 5718 exempti
3298 5649 3440 5700 sunt
3485 5647 3545 5699 et
3573 5658 3667 5699 res

2025 5739 2255 5797 divinas
2286 5739 2530 5813 mystice
2586 5736 3077 5810 contemplantur,
3116 5735 3199 5792 ita
3224 5737 3310 5805 ut,
3368 5748 3503 5790 cum
3561 5730 3665 5790 tali
