3952 6206
403 350 522 414 923

1176 356 1590 420 EUSTATHII
1635 357 2398 420 THESSALUNICENSIS
2443 355 3028 420 METitOPOLIT£

3694 353 3798 415 924

400 487 616 544 virtute
649 488 998 560 praecellant,
1035 493 1365 548 necessario
1394 498 1452 548 et
1510 497 1686 548 Deum
1743 493 2041 562 diligentes

2164 510 2315 554 τους.
2363 492 2485 548 Τῶν
2536 486 2596 546 δὶ
2643 492 2854 545 Λοιπῶν
2911 486 2964 544 εἷ’
3001 509 3082 550 τις
3147 484 3434 562 θεοφιλὴς,
3491 482 3646 542 ἔσται
3712 487 3795 557 μὲν

403 574 732 653 (θεοφιλεῖς)
788 584 846 633 et
901 580 1006 635 Deo
1052 580 1239 635 dilecti
1299 578 1589 652 (θεόφιλοι)
1674 581 1944 638 existant.
2008 582 2049 638 E

410 666 639 722 caeteris
671 673 865 722 autem
899 669 948 722 si
979 668 1112 739 quis
1143 670 1318 724 tuerit
1348 671 1518 725 Deum
1547 671 1784 738 diligens
1841 673 2043 746 (θεοφι-

408 750 557 826 λής),
591 756 834 811 benesic
882 757 1296 828 appellabitur,
1351 759 1426 812 nil
1488 765 1682 815 autem
1740 761 1928 815 sancti
1987 760 2044 814 in

405 845 531 912 ejus
563 861 775 899 nomen
809 847 1178 916 redundabit,
1206 847 1318 902 nisi
1349 850 1535 903 sancti
1561 865 1767 904 nomen
1798 849 2046 919 accipiat

404 937 463 987 et
495 934 868 989 nanciscatur
897 953 929 988 θ.
959 936 1178 990 sanctis
1200 936 1297 991 Dei
1329 937 1534 992 amicis
1562 943 1619 993 et
1643 939 2046 994 sacerdotibus

404 1025 463 1075 ct
491 1021 1082 1094 archisarerdotibus,
1141 1031 1519 1095 quantumvis
1576 1026 1727 1082 inter
1776 1027 2046 1083 homines

404 1108 666 1165 excellat.
699 1113 1015 1168 Considera
1045 1113 1186 1168 mihi
1221 1117 1613 1170 venerandum
1674 1117 1839 1171 illum
1896 1117 2050 1172 inter

404 1199 791 1270 imperatores
824 1207 880 1255 et
913 1203 1207 1272 Apostolis
1236 1204 1542 1274 aequalem,
1567 1222 1845 1276 magnum
1895 1206 2048 1261 Con-

410 1287 760 1352 stantinum,
795 1292 892 1361 qui
928 1291 984 1344 in
1017 1291 1228 1347 litteris
1261 1295 1330 1347 ad
1368 1310 1501 1348 eum
1533 1295 1686 1350 datis
1745 1297 1855 1350 Deo
1903 1295 2047 1350 dile-

405 1377 709 1432 ctissinius
753 1379 1182 1450 appellabatur,
1239 1382 1362 1452 ipse
1423 1389 1640 1453 autem,
1692 1385 1926 1455 quando
1974 1385 2046 1440 ad

406 1465 553 1522 alios
587 1466 904 1533 scribebat,
937 1485 999 1523 se
1031 1472 1412 1526 reverendam
1446 1479 1762 1544 augustum
1797 1473 2046 1540 dicebat,

404 1571 512 1610 nec
541 1561 735 1611 tamen
761 1574 1019 1628 unquam
1040 1561 1223 1614 sancti
1246 1577 1457 1616 nomen
1486 1562 1596 1617 sibi
1623 1564 1930 1633 arrogabat
1946 1578 2048 1618 nec

404 1644 477 1700 ab
508 1644 638 1699 aliis
672 1661 931 1717 unquam
955 1647 1250 1704 audiebat.
1273 1650 1517 1719 Satis,ut
1545 1651 1772 1717 opinor,
1804 1653 2046 1707 oTheo-

405 1731 770 1803 phile,dubia
800 1751 922 1804 qua)
956 1741 1209 1792 mentem
1233 1742 1395 1792 tuam
1427 1740 1815 1810 olfuscabant,
1835 1739 2048 1796 dissol-

405 1820 617 1889 vimus,
651 1823 732 1877 ita
765 1829 826 1877 ut
855 1825 937 1880 eis
971 1825 1192 1881 diutius
1214 1827 1495 1883 inhaerere
1527 1829 1617 1883 vix
1647 1845 1795 1900 Opus
1824 1829 1920 1885 sit.

477 1929 566 1984 49.
628 1929 966 1999 Theophilus.
1009 1931 1260 2003 Optime,
1319 1950 1351 1987 ο
1406 1934 1712 2003 Hierocles,
1773 1938 1853 1992 rei
1914 1952 2048 1992 sen-

407 2031 539 2074 sum
570 2020 819 2090 percepi.
844 2025 984 2076 Ecce
1015 2021 1172 2078 enim
1204 2023 1260 2077 in
1297 2023 1505 2078 animai
1565 2026 1892 2082 recessibus
1939 2027 2050 2082 hoc

408 2106 718 2179 insculpsi,
753 2111 983 2164 beatum
1020 2127 1148 2166 esse
1197 2112 1496 2168 hominem
1542 2131 1657 2168 non
1708 2114 1895 2171 solum
1948 2116 2048 2187 qui

406 2213 539 2254 vare
566 2204 806 2255 sanctus
831 2205 889 2255 et
908 2201 1320 2258 sanctissimus
1353 2205 1712 2268 nominatur,
1739 2207 1838 2261 sed
1871 2207 2048 2262 etiam

409 2293 524 2344 Deo
555 2288 830 2344 dilectum
862 2294 919 2344 et
951 2290 1065 2346 Deo
1088 2291 1534 2360 amicissimum,
1569 2294 1798 2350 etiamsi
1838 2295 2046 2366 paulu-

410 2376 534 2432 lum
567 2378 927 2433 discriminis
970 2380 1159 2435 adhuc
1190 2380 1577 2452 relinquatur.
1604 2383 1908 2440 Ridiculus
1939 2385 2049 2456 igi-

408 2469 509 2522 tur
527 2471 616 2522 est
637 2467 1103 2537 archisacerdos;
1125 2470 1360 2540 gravius
1391 2473 1546 2526 enim
1569 2488 1702 2528 eum
1736 2479 1937 2530 notare
1957 2473 2050 2529 vix

411 2555 624 2627 ausim)
659 2558 754 2626 qui
797 2573 1009 2612 nomen
1033 2560 1359 2616 contemnit
1383 2576 1500 2632 quo
1529 2561 1660 2633 quis
1690 2561 1873 2619 Deum
1922 2562 2050 2619 dili-

412 2659 547 2716 gere
578 2645 1127 2702 edocetur-Videtur
1143 2649 1298 2703 enim
1313 2650 1448 2705 talis
1461 2650 1623 2706 nullo
1644 2652 1829 2708 sancti
1853 2669 2051 2712 amore

409 2733 675 2802 teneri,si
694 2750 761 2791 ea
775 2740 977 2792 sancta
995 2735 1171 2793 habet
1192 2755 1320 2812 quae
1347 2739 1463 2796 Deo
1482 2757 1597 2796 non
1631 2748 1868 2816 accepta
1891 2749 2049 2800 sunt.

490 2931 782 2985 Hierocles.
818 2932 1090 2990 Gratulor
1117 2935 1248 3002 tibi,
1281 2952 1312 2991 ο
1341 2937 1680 3010 Theophila,
1725 2943 1875 3014 quod
1927 2961 2048 3001 rem

2076 1867 2124 1931 B

2151 583 2314 636 τοῦτο
2361 580 2522 653 ἀξίως
2567 577 2996 655 ἐπιλεγόμενος,
3047 575 3200 633 οὐδὲν
3252 575 3309 632 δί
3354 597 3405 631 τι
3461 575 3794 650 ἱερωνυμού·

2157 690 2311 742 μενον
2387 668 2464 732 εἲς
2539 668 2738 738 κλῆσιν
2800 666 3295 745 προσεφελκύσεται
3330 686 3342 700 °
3419 664 3569 722 ἀλλὰ
3643 665 3795 720 τοῦτο

2153 759 2243 812 καὶ
2303 757 2468 830 μόνον
2524 753 2707 812 λαϐὼν
2755 757 2847 812 καὶ
2906 756 3121 833 λαχὼν,
3178 756 3238 812 ἐκ
3289 761 3396 811 τῶν
3456 756 3574 827 Θεῷ
3625 754 3796 832 φίλων

2153 847 2336 921 ἱερῶψ
2424 846 2514 902 καὶ
2585 847 2770 923 ἱερέων
2848 846 2938 901 καὶ
3011 845 3327 922 ἐρχιερέων,
3406 845 3653 922 ἀφέξεται
3709 849 3798 898 τοῦ

2154 937 2270 991 κατ’
2349 934 2584 998 ἐκείνους
2659 937 2810 1010 ἱεροῦ
2879 936 3171 1008 ὀνόματος,
3247 932 3343 989 κᾶν
3427 936 3681 1009 μέγιστον
3753 935 3794 988 ἑν

2155 1025 2459 1101 ἀνθρώποις
2509 1025 2894 1103 προφαίνοιντο
2928 1067 2943 1082 .
3004 1023 3332 1080 Ἐνατένισον
3387 1028 3514 1100 γοῦν
3580 1021 3661 1085 εἷς
3717 1023 3796 1077 τὸν

2156 1113 2209 1168 ἐν
2276 1113 2674 1187 οἷκουμενικοῖς
2750 1113 3031 1189 βασιλεῦσι
3105 1111 3357 1168 κύδιστον
3435 1109 3791 1167 ἰσαπόστολον

2153 1203 2246 1257 τὸν
2309 1201 2474 1278 μέγαν
2533 1208 2970 1271 Κωνσταντῖνον,
3030 1202 3090 1265 ὅς
3149 1201 3504 1279 θεοφίλτατος
3560 1220 3796 1277 προγραο

2156 1291 2391 1370 φόμενος
2445 1291 2499 1347 ἐν
2553 1299 2672 1356 ταῖς
2727 1290 2960 1356 ἄλλοθεν
3011 1290 3354 1359 ἐπιστολαῖς,
3414 1291 3580 1352 αὐτὸς
3636 1287 3694 1345 δέ
3747 1310 3798 1365 γε

2158 1381 2427 1456 θειότερον
2496 1376 2750 1437 σεϐαστὸν
2828 1382 3014 1437 ἑαυτὸν
3096 1381 3449 1454 ἐπονομάζων
3477 1422 3492 1447 ,
3568 1379 3797 1450 ὁπηνίκα

2157 1470 2360 1546 ἕτεροις
2445 1469 2783 1544 ἒπιστέλλοι,
2871 1473 3022 1544 ὅμως
3109 1468 3353 1542 οὐδαμοῦ
3427 1469 3795 1544 ἱερωνόμησεν

2156 1558 2340 1631 αὐτὸν,
2397 1558 2522 1616 οὐδὲ
2582 1561 2689 1632 μὴν
2741 1561 2988 1616 τοιοῦτόν
3044 1559 3098 1615 τί
3127 1561 3286 1614 ποθεν
3319 1556 3794 1630 ἤκουσεν.οῖμαι,

2155 1648 2470 1724 ἀρκούντως
2523 1650 2568 1704 ὡ
2621 1648 2871 1727 Θεόφιλε,
2927 1647 3346 1721 διελευκάναμεν
3388 1649 3453 1703 τὸ
3481 1645 3654 1721 μέλαν
3702 1653 3797 1715 τῆς

2156 1737 2208 1792 ἐν
2268 1739 2350 1793 σοὶ
2405 1738 2674 1814 ἀπορίας,
2733 1739 2807 1802 ὡς
2863 1737 3055 1812 μηκέτι
3115 1736 3320 1793 δέεσθαι
3377 1731 3576 1812 τριϐῆς
3637 1733 3796 1810 λόγου

2156 1826 2430 1890 πλείονος.

2232 1936 2318 1998 ιθ’.
2369 1934 2656 2012 Θεόφιλος.
2701 1929 3150 2010 Ἠκριϐωσάμην,
3211 1936 3256 1989 ὦ
3317 1932 3650 2008 Ἱερόκλεις,
3704 1932 3793 1999 τὴν

2157 2029 2378 2100 γνῶσιν.
2440 2021 2578 2080 Ἰδοὺ
2627 2025 2729 2098 γὰρ
2780 2023 3154 2100 ἐξεγραψάμην
3203 2023 3256 2078 ἰν
3303 2027 3372 2096 τῇ
3429 2022 3567 2078 κατὰ
3617 2022 3792 2096 ψυχὴ

2159 2111 2334 2185 δέλτῳ
2367 2111 2630 2187 μακάριον
2659 2113 2792 2168 εἶναι
2822 2113 3106 2188 ἄνθρωπον
3158 2114 3236 2186 μὴ
3288 2112 3452 2186 μόνον
3499 2113 3592 2167 τὸν
3634 2111 3794 2180 ἠξιω-

2163 2201 2322 2275 μίνον
2371 2201 2513 2274 ἱερὸν
2563 2201 2653 2256 καὶ
2714 2202 3005 2276 ἱερώτατον
3058 2200 3414 2273 ὀνομάζεσθαι
3463 2200 3602 2274 πρὸς
3661 2197 3790 2267 ἀλή-

2160 2302 2306 2354 θειαν
2335 2336 2350 2359 ,
2407 2289 2552 2346 ἀλλὰ
2601 2291 2687 2345 καὶ
2735 2292 2828 2346 τὸν
2879 2292 2998 2347 κατ’
3045 2291 3204 2346 αὐτὸν
3255 2289 3483 2367 Θεοφιλῆ
3535 2290 3629 2343 καὶ
3684 2298 3792 2351 θεο-

2159 2376 2439 2456 φίλτατον,
2474 2380 2517 2433 εί
2567 2379 2656 2434 καί
2685 2400 2735 2434 τι
2770 2376 3032 2457 διαφορᾶς
3069 2377 3179 2448 ἤδη
3225 2375 3699 2454 μελεπτολόγηται
3745 2374 3791 2429 ἐν

2158 2468 2360 2529 αὐτοῖς.
2418 2465 2642 2531 Γελοῖος
2695 2469 2790 2523 οὗν
2849 2469 3135 2545 ἀρχιερεὺς
3177 2462 3543 2540 (εὐλαϐοῦμαι
3600 2465 3696 2540 γάρ
3747 2485 3791 2518 τι

2159 2562 2348 2634 χεῖρον
2380 2560 2617 2631 σκῶψαι,
2649 2559 2710 2620 ὂς
2759 2558 2980 2628 ἀπαξιοῖ
3017 2559 3117 2628 τὴν
3150 2559 3368 2627 κλῆσιν,
3415 2553 3484 2612 δι’
3530 2556 3599 2625 ἦς
3629 2554 3792 2633 φιλεῖν

2155 2667 2277 2703 τινα
2307 2648 2336 2702 6
2362 2647 2490 2709 Θεὸς
2535 2644 2913 2722 παραδίδοται.
2961 2652 3115 2702 Δοκῶ
3144 2667 3237 2720 μοι
3268 2647 3374 2723 γὰρ
3403 2646 3500 2701 τὸν
3554 2649 3790 2700 τοιοῦτον

2159 2741 2238 2809 τῷ
2268 2736 2427 2792 παντὶ
2456 2735 2622 2792 πλέον
2662 2734 2802 2810 μηδὲ
2829 2741 2908 2809 τῷ
2938 2737 3070 2814 ἱερῷ
3097 2736 3330 2813 χαίρειν,
3380 2734 3430 2792 εἷ’
3486 2733 3791 2814 φαντάσεται

2158 2825 2226 2882 τὰ
2253 2825 2390 2899 ἱερὰ,
2422 2827 2520 2881 ὅσα
2553 2827 2629 2899 μὴ
2661 2825 2796 2904 φίλα
2825 2830 2959 2898 Θεῷ.

2231 2929 2542 3007 Ἱεροκλῆς.
2601 2932 2893 3009 Μακαρίζω
2947 2954 3004 2988 σε
3055 2936 3152 2988 τοῦ
3211 2931 3463 2996 ἐντελοῦς
3519 2933 3789 3010 φρονήμα-

417 3019 566 3074 bene
596 3021 1129 3092 comprehenderis.
1160 3025 1291 3080 Jam
1322 3043 1476 3096 vero,
1509 3032 1577 3084 ut
1608 3030 1663 3085 in
1723 3033 1872 3089 votis
1930 3035 2044 3091 fieri

2164 3043 2273 3090 τος,
2331 3023 2376 3076 ὦ
2431 3021 2681 3096 Θεόφιλε,
2736 3023 2825 3078 καὶ
2887 3021 2974 3078 ἐπὶ
3032 3028 3149 3084 τοῖς
3204 3023 3518 3098 εἰρημένοις
3555 3019 3786 3092 κολοφὼν

415 3107 586 3176 solet,
617 3108 999 3182 colophonem
1029 3114 1400 3182 addamus,et
1427 3117 1731 3176 videamus
1760 3124 2044 3194 quomodo

2165 3114 2276 3168 οἷον
2325 3116 2444 3176 ταῖς
2495 3113 2701 3191 ψήφοις
2743 3115 2903 3186 ἡμῶν
2957 3107 3364 3183 ἐπιϐεϐλῆσθαι),
3415 3112 3508 3166 καὶ
3556 3111 3629 3173 ὡς
3660 3107 3790 3165 δοκεῖ

415 3202 686 3254 sanctum
723 3203 954 3272 praestet
981 3201 1248 3259 etlatiori
1281 3222 1456 3262 sensu
1501 3209 1822 3280 accipiatur
1878 3229 2044 3285 quam

2166 3201 2508 3258 πλεονεκτεῖν
2553 3203 2616 3257 τὸ
2663 3201 2847 3277 ἱερὸν,
2891 3201 2981 3258 καὶ
3035 3202 3112 3264 εἷς
3166 3200 3504 3276 πλατύτερον
3559 3198 3788 3275 διακεχιμ

2395 3295 2423 3304 ..
2480 3303 2488 3304 ,
2628 3289 2648 3304 .
2699 3295 2725 3304 _
2889 3289 2936 3304 υ.
3019 3292 3042 3304 λ
3175 3288 3195 3304 ς
3248 3295 3272 3304 ..
3432 3288 3454 3304 .
3567 3292 3591 3304 -
3713 3286 3757 3304 ς.

411 3287 527 3345 Deo
550 3287 830 3345 dilectum
861 3290 1112 3360 (utinam
1144 3293 1221 3348 sit
1251 3299 1360 3350 Deo
1391 3295 1716 3369 dilectum),
1761 3300 2044 3372 siquidem

2167 3303 2288 3357 σθαι
2329 3295 2426 3346 τοῦ
2471 3289 2794 3370 θεοφιλοῦς,
2861 3289 2969 3346 εἷ’θε
3017 3288 3346 3369 θεοφιλοῦς*
3403 3288 3510 3366 εἴγε
3565 3286 3789 3368 θεοφιλὶς

414 3377 469 3434 id
497 3379 649 3452 quod
672 3378 786 3435 Deo
816 3379 1095 3437 dilectum
1111 3387 1201 3438 est
1221 3383 1394 3440 etiam
1428 3392 1691 3444 sanctum
1718 3389 1850 3460 jure
1883 3391 2044 3448 meri-

2169 3381 2263 3456 μὶν
2296 3381 2433 3436 ἅπαν
2464 3379 2553 3436 καὶ
2581 3381 2723 3456 ἱερὸν
2753 3380 2882 3436 εἶναι
2935 3379 3147 3457 autem
3198 3377 3258 3435 ἄν
3306 3400 3390 3442 τις
3446 3379 3784 3458 ἀποφήναιτο,

413 3473 590 3541 toque
623 3468 857 3534 dixeris,
909 3487 1023 3527 non
1073 3477 1266 3529 autem
1328 3491 1500 3532 omne
1549 3482 1816 3534 sanctum
1879 3481 2044 3536 etiam

2166 3469 2265 3524 οῦκ
2309 3467 2418 3540 ἤδη
2469 3467 2526 3526 δὲ
2571 3470 2659 3525 καὶ
2693 3470 2828 3525 ἅπαν
2862 3469 3006 3545 ἱερὸν
3038 3467 3310 3548 θεοφιλὲς,
3367 3470 3452 3524 δτι
3513 3470 3589 3543 μὴ
3641 3467 3780 3541 μόνον

417 3563 528 3614 Deo
553 3558 854 3629 dilectum,
898 3560 1009 3616 nisi
1068 3561 1438 3619 solummodo
1497 3570 1726 3634 natura,
1773 3571 2054 3641 quemad-

416 3648 656 3703 modum
691 3652 822 3704 ante
854 3665 958 3704 nos
981 3649 1219 3722 quidam
1253 3653 1475 3726 accepit
1496 3655 1694 3712 dicens
1719 3657 1851 3714 :Hic
1881 3658 2056 3715 homo

417 3741 658 3794 sanctus
686 3742 913 3805 natura,
975 3739 1080 3794 hoc
1123 3745 1212 3796 est
1266 3758 1482 3801 revera.
1513 3745 1642 3800 Jam
1678 3747 1722 3800 si
1757 3763 1848 3804 res
1881 3749 1965 3803 sic
1996 3766 2056 3805 se

416 3826 592 3882 habet
622 3831 678 3881 et
707 3831 948 3883 sanctus
978 3829 1306 3885 necessario
1333 3832 1743 3889 consideratur
1771 3839 2052 3908 tanquam

421 3918 532 3972 Deo
555 3915 826 3982 dilectus,
853 3917 976 3972 vice
1008 3934 1172 3973 versa
1195 3918 1460 3988 dixerim,
1497 3923 1654 3994 quod
1711 3925 1902 3980 omnis
1946 3927 2055 3981 Deo

2162 3558 2224 3614 τὸ
2256 3557 2432 3637 φύσει,
2480 3559 2615 3614 καθὰ
2643 3557 2916 3633 ἐθεώρησε
2944 3559 3050 3634 πρὸ
3079 3559 3239 3630 ἡμῶν
3285 3558 3373 3612 καὶ
3418 3558 3447 3612 6
3476 3559 3678 3637 φράσας
3713 3558 3784 3623 τὸ,

2165 3653 2486 3723 ’Ἄνθρωπος
2555 3647 2711 3710 οὗτος
2783 3648 2926 3725 ἱερὸς
2999 3646 3174 3725 φύσει,
3247 3647 3444 3702 ταυτὸν
3513 3645 3559 3702 δ’
3616 3647 3781 3714 εἰπεῖν,

2161 3735 2442 3808 Ἀληθῶς.
2488 3736 2556 3792 Ei
2600 3741 2730 3811 γοῦν
2778 3741 3026 3792 τοιοῦτον
3072 3736 3135 3791 τὸ
3181 3742 3414 3812 πρᾶγμα
3469 3735 3779 3800 καθέσταται,

2162 3825 2251 3880 καὶ
2302 3827 2330 3880 6
2382 3826 2527 3900 ἱερὸς
2578 3825 2877 3902 ἀναγκαίως
2928 3824 3142 3887 πάντως
3192 3823 3457 3904 θεοφιλὴς
3508 3830 3779 3901 θεωρεῖται,

2166 3913 2376 3988 εἴποιμι
2427 3913 2474 3970 δ’
2525 3913 2584 3970 ἂν
2617 3914 2949 3989 ἀνακάμψαι,
2983 3915 3057 3976 ὡς
3109 3915 3198 3969 καὶ
3248 3916 3276 3970 6
3327 3913 3591 3993 θεοφιλὴς
3637 3914 3776 3987 ἱερός.

417 4006 669 4062 dilectus
699 4005 870 4059 etiam
905 4011 1144 4064 sanctus
1174 4013 1280 4065 est.
1315 4009 1552 4066 Frustra
1582 4011 1764 4084 igitur
1791 4013 1928 4069 vivit
1956 4015 2057 4086 qui

418 4113 532 4152 non
557 4098 806 4164 utroque
837 4095 1094 4152 eminere
1123 4101 1179 4152 et
1199 4099 1486 4156 ambobus
1517 4102 1858 4158 nominibus
1909 4104 2057 4159 insi-

2162 4003 2462 4075 Τηνάλλως
2491 4005 2606 4080 βιοῖ
2646 4006 2674 4059 6
2710 4005 2785 4078 μὴ
2829 4006 2917 4059 καὶ
2952 4003 3289 4082 ἀμφοτάροις
3321 4003 3614 4080 ἐμπρέπειν
3642 4001 3774 4077 e616-

2167 4114 2325 4168 μενος
2361 4094 2447 4148 καὶ
2508 4092 2674 4172 ἄμφω
2730 4095 3034 4151 καλεῖσθαι.
3067 4097 3193 4152 Τῶν
3224 4094 3328 4169 γὰρ
3361 4093 3490 4149 ἴσων
3526 4093 3705 4164 ἒπίσης
3746 4091 3773 4155 ἧ

428 4183 580 4257 gniri
613 4182 795 4254 cupit.
831 4183 1076 4240 Paribus
1105 4186 1261 4242 enim
1296 4189 1514 4259 pariter
1543 4191 1939 4249 insistendum
1971 4198 2044 4250 est

2169 4183 2473 4256 μεθεκτέον,
2508 4183 2543 4254 ἢ
2575 4183 2853 4258 ἀφεκτέον.
2889 4183 3149 4259 Εὐχὲσθω
3187 4183 3367 4238 τοίνυν
3419 4184 3578 4252 ἅπας,
3625 4183 3650 4237 6
3694 4181 3775 4236 λα·

422 4277 525 4329 aut
549 4271 983 4329 abstinendum.
1001 4275 1199 4340 Quivis
1219 4293 1355 4351 ergo
1388 4297 1532 4336 sana
1563 4287 1756 4338 mente
1778 4283 2044 4354 praeditus

2165 4272 2282 4348 χὼν
2339 4277 2554 4350 φρονεῖν
2601 4273 2862 4345 ἠξιῶσθαι
2910 4273 2998 4328 καὶ
3041 4273 3280 4351 ἀμφοῖν.
3326 4273 3387 4330 Ὀ
3436 4273 3539 4348 γάρ
3585 4293 3663 4327 τοι
3717 4269 3776 4342 μὴ

417 4367 482 4418 ut
505 4366 752 4432 utroque
784 4363 882 4418 fiat
911 4363 1120 4430 dignus
1152 4373 1438 4438 precetur.
1473 4371 1579 4437 Qui
1611 4372 1769 4427 enim
1801 4389 1914 4429 non
1968 4377 2044 4429 est

2165 4361 2424 4438 θεοφιλὴς
2457 4359 2572 4417 οὐδ’
2601 4360 2660 4417 ἂν
2693 4362 2839 4435 ἱερὸς
2877 4359 2959 4433 ein
3006 4362 3182 4438 φύσει,
3245 4359 3371 4417 οὖδὶ
3416 4366 3515 4417 τοῦ
3559 4360 3780 4416 τοιούτου

423 4452 534 4507 Deo
591 4449 869 4516 dilectus,
921 4470 1107 4524 neque
1154 4459 1392 4512 sanctus
1441 4474 1638 4514 revera
1707 4461 1816 4516 erit
1870 4476 2044 4532 neque

2167 4451 2335 4525 ὕψους
2391 4451 2641 4522 ἐπάξιοςσ
2710 4450 2857 4506 ἀλλά
2914 4457 3154 4506 πεσεῖται
3213 4451 3304 4505 ἀπ’
3360 4450 3527 4506 αὐτοῦ
3595 4453 3678 4505 οἷα
3718 4447 3778 4518 μή

419 4542 582 4596 tanta
612 4539 920 4596 altitudine
951 4541 1186 4613 dignus,
1219 4545 1316 4600 sed
1353 4546 1488 4602 inde
1525 4547 1748 4604 excidet
1803 4549 1886 4604 uti
1943 4550 2044 4606 Dec

2169 4539 2448 4619 θεοφιλὴς,
2499 4541 2625 4595 ὡσεὶ
2673 4539 2764 4595 καὶ
2813 4539 3090 4617 ἑωσφόρος
3136 4540 3224 4594 ἀπ’
3258 4539 3495 4616 οὐρανοῦ
3545 4539 3620 4601 εἰς
3659 4537 3777 4610 ἱερὸν

423 4611 1350 4702 nondilectus,qucmadmodum
1409 4636 1636 4693 Lucifer
1701 4655 1930 4711 quoque
1989 4641 2044 4695 de

2165 4611 2512 4707 καταρῥιφεὶς
2560 4611 2944 4702 ἀπευκταῖονί
2974 4631 3140 4684 ὁποῖά
3184 4650 3306 4684 τινα
3354 4627 3464 4701 ἤδη
3521 4623 3781 4703 παραδέδο-

422 4719 565 4776 ccelo
590 4719 650 4774 in
685 4726 956 4776 sanctum
989 4723 1249 4793 dejectus
1281 4730 1370 4782 est
1402 4726 1743 4793 nefandum,
1804 4729 1888 4783 uti
1934 4729 2044 4798 jam

2164 4742 2291 4776 ται.
2342 4723 2410 4776 Ἥ
2453 4722 2558 4796 γὰρ
2608 4716 2731 4795 ὄφις
2779 4714 2928 4794 ἕρψει
2977 4719 3011 4789 ἢ
3044 4718 3260 4791 ςνὲξεται
3305 4719 3441 4774 κατὰ
3485 4712 3779 4820 ἱερολογοῆ-

414 4825 594 4880 supra
625 4809 1354 4884 memoravimus.Serpens
1385 4814 1536 4868 enim
1572 4821 1730 4888 repet
1761 4821 1857 4871 aut
1891 4821 2044 4872 nata-

2171 4830 2328 4882 μενον
2380 4808 2559 4885 ἰχθῦν,
2607 4807 2642 4878 ἢ
2694 4809 2781 4864 καὶ
2831 4806 3018 4872 ἄλλως
3064 4809 3496 4882 ἱερωνυμήσεται
3545 4806 3672 4862 κατά
3710 4806 3779 4910 v6:

414 4896 499 4953 bit
527 4901 803 4969 tanquam
835 4915 998 4956 sacer
1027 4899 1123 4956 ille
1144 4900 1342 4972 piscis,
1374 4907 1476 4958 aut
1496 4903 1672 4960 etiam
1700 4904 1869 4961 aliter
1891 4923 2044 4963 sacrc

2166 4919 2258 4954 σον
2304 4897 2510 4970 ἐκείνην
2561 4897 2877 4978 φρικαλέαν.
2923 4897 2997 4953 Οὐ
3043 4899 3144 4974 γὰρ
3195 4892 3334 4952 ἔστιν
3389 4892 3780 5000 ὑποκορίσαιὶτὸ

414 4988 650 5045 nomine
682 4991 1139 5063 nuncupabitur,
1173 4993 1331 5050 velut
1356 4995 1637 5052 terribilis
1669 4997 1778 5054 iste
1797 4999 2034 5056 morbus

2166 4987 2310 5044 οὕτω
2355 4987 2533 5064 τραχὺ
2577 4993 2837 5062 σκῶμμα,
2889 4989 3150 5063 φάμενον,
3176 4987 3250 5050 ὡς
3287 4985 3462 5060 μάτην
3490 4987 3518 5042 6
3550 4981 3779 5062 θεοψλῆς

413 5076 578 5133 Haud
613 5078 770 5134 enim
802 5079 860 5134 in
895 5097 953 5136 re
972 5087 1090 5137 tam
1132 5083 1293 5154 gravi
1319 5084 1503 5154 jocari
1533 5083 1665 5140 licet
1712 5091 1815 5142 aut
1866 5089 2044 5145 dicere

2165 5076 2530 5153 ἰναγλαΐσεται
2595 5081 2664 5151 τῇ
2736 5076 3060 5152 ἱερωνυμίᾳ,
3117 5074 3254 5141 καθά
3301 5097 3409 5131 που
3458 5077 3546 5131 καὶ
3597 5075 3624 5128 6
3662 5068 3781 5146 ἱέραξ

412 5167 565 5238 quod
603 5166 818 5223 frustra
847 5169 895 5222 ei
931 5169 1029 5240 qui
1066 5169 1178 5226 Deo
1211 5170 1458 5227 dilectus
1488 5177 1596 5239 est,
1631 5175 1819 5230 sancti
1843 5192 2044 5232 nomen

2164 5166 2255 5220 καὶ
2304 5168 2332 5221 6
2361 5168 2500 5243 πρὸς
2529 5171 2596 5240 τῇ
2647 5163 2865 5242 Ἀράδῳ
2905 5166 3053 5242 ἱερὸς
3095 5161 3325 5234 κόλπος,
3372 5164 3462 5221 καὶ
3487 5163 3566 5261 *εἷ’
3585 5157 3781 5261 iri-ﬂio

412 5255 788 5325 attribuatur,
822 5257 998 5313 veluti
1042 5259 1305 5332 accipitri
1357 5259 1576 5335 (ἱέρακι)
1623 5266 1679 5318 et
1729 5269 1931 5320 sancto
1983 5268 2044 5322 ad

2164 5258 2271 5309 τῶν
2319 5256 2605 5324 τοιούτων,
2633 5254 2714 5332 ἐφ’
2744 5256 2817 5310 ὧν
2869 5255 2931 5310 οὗ
2981 5253 3242 5326 ζηλοῦται
3288 5255 3352 5309 τὸ
3395 5253 3562 5331 ἱερὸν.
3593 5253 3658 5308 Ἥ
3694 5253 3781 5322 γὰρ

415 5345 670 5401 Aradum
702 5345 855 5400 sinui
907 5351 964 5402 et
995 5347 1038 5403 si
1073 5365 1201 5419 quae
1259 5347 1372 5405 alia
1429 5356 1568 5406 sunt
1623 5352 1752 5423 ejus
1800 5355 2044 5425 generis1

2172 5343 2346 5416 μάτην
2376 5345 2404 5399 6
2434 5348 2542 5400 τῶν
2572 5344 2860 5410 θειοτάτων
2911 5345 3070 5421 ἱερῶν
3122 5343 3623 5435 ἐπιστημονάρχηςΔ
3652 5339 3784 5435 βασιῖ

411 5448 538 5504 quas
583 5451 714 5490 cum
739 5435 1047 5492 sanctitate
1081 5437 1161 5492 nil
1193 5455 1504 5495 commune
1526 5441 1764 5496 habent.
1790 5443 2044 5516 Namque

2164 5432 2288 5497 λεὺς
2337 5434 2426 5490 καὶ
2476 5435 2647 5498 οὕτως
2697 5435 2852 5511 ἅγιος
2900 5434 3042 5506 ἀξιοῖ
3091 5432 3444 5512 θεοφίλτατος
3495 5430 3722 5516 ἀκούειν,
3744 5430 3782 5478 εἰ

413 5521 732 5593 imperator
752 5526 851 5596 qui
868 5542 1164 5581 sacrorum
1191 5527 1519 5584 divinorum
1538 5531 1930 5600 peritissimus
1942 5538 2052 5598 est,

414 5610 659 5684 ideoque
681 5619 990 5687 angustus,
1027 5618 1242 5674 frustra
1273 5617 1386 5674 Deo
1415 5620 1831 5678 dilectissimus
1888 5624 2052 5680 audi-

411 5700 788 5771 ret,nisihuic
811 5705 1036 5762 nomini
1059 5705 1234 5764 simul
1250 5708 1843 5770 sanctitatisillustris
1871 5713 2056 5771 omni-

2168 5526 2244 5596 μὴ
2295 5528 2386 5580 καὶ
2432 5528 2530 5580 τοῦ
2579 5523 2826 5596 ζηλωτὸν
2875 5525 2966 5580 καὶ
3009 5524 3377 5602 περιφόρητον
3425 5524 3570 5600 ἱερὸν
3614 5515 3788 5600 αὐτίκα

2198 5621 2225 5632 ι..
2592 5614 2604 5634 ι
3005 5613 3019 5634 ι
3215 5617 3238 5634 ν
3403 5616 3415 5634 ο
3494 5613 3523 5635 τ
3651 5608 3664 5630 9
3778 5603 3790 5636 ι

2159 5638 2228 5691 τῃ
2273 5616 2464 5688 κλήσει
2509 5635 2679 5690 ταυτῃ
2733 5619 3161 5686 συνεεηκουετο.
3240 5621 3396 5692 Εγωγ
3464 5636 3577 5686 ουν,
3623 5630 3665 5666 ει
3706 5623 3764 5660 ιιι

2161 5707 2310 5766 Θὲσιν
2364 5705 2651 5785 φυλάττειν
2707 5703 3096 5783 αἱτιαθήσομαι
3120 5749 3137 5779 ,
3199 5704 3298 5762 οὑκ
3343 5703 3416 5760 ἂν⁴
3461 5696 3783 5783 συγκαταθά-
