4104 6210
142 406 274 467 925

1363 401 1873 464 SUPPLIGATIU
1921 405 2071 466 PRO
2115 405 2362 467 GPOLl.

3450 401 3568 465 926

145 556 265 607 μην
309 541 440 596 τοῖς.
481 532 677 604 ἑτέρως
726 529 1050 603 δοξάζουσι.
1101 531 1386 608 Προσίεταί
1435 551 1495 585 σε
1532 534 1719 588 ταῦτα.
1767 532 1798 586 ti

1930 552 2041 608 quo
2071 537 2268 593 studio
2299 536 2588 593 sectandae
2615 535 3124 592 notioadhaereret.
3151 533 3430 606 Equidem
3458 533 3566 604 igi-

142 624 420 701 Θιόφιλε,.
443 622 478 693 ἢ
511 623 575 678 οὗ
613 643 629 692 ;

222 896 292 950 κ’.
332 891 620 969 Θεόφιλος.
675 892 772 947 Καὶ
831 893 1072 956 πάντως’
1127 891 1213 946 καὶ
1261 889 1371 962 ἤδη
1425 888 1806 966 τετελεσμένος

145 982 334 1046 οὕτως
363 983 672 1060 ἀναφρονῶ,
701 983 787 1036 καὶ
843 979 991 1059 φιλῶ
1044 979 1299 1053 ἐμαυτὸν,
1332 981 1410 1043 οἷς
1457 979 1528 1054 τῇ
1565 985 1664 1037 τοῦ
1696 991 1810 1045 Oso-

145 1070 325 1150 φίλου
373 1069 570 1142 κλήσει
617 1073 928 1146 ἀγχιθυρῶ,
979 1071 1162 1146 ἀγαθῷ
1214 1070 1440 1146 γείτονι,
1491 1075 1572 1142 τῷ
1625 1072 1807 1148 Θεοφι-

145 1159 263 1216 lci“
326 1161 508 1238 χαίρω
541 1158 600 1216 δὲ
630 1158 787 1215 οὐδὲν
842 1159 1087 1230 ἔλαττον,
1119 1159 1208 1214 καὶ
1258 1159 1342 1214 ὅτι
1373 1160 1507 1234 πρὸς
1533 1163 1604 1234 τῇ
1633 1159 1804 1216 πάλαι

143 1249 316 1328 φιλίᾳ
361 1254 432 1324 τῇ
482 1249 621 1304 κατὰ
667 1249 782 1325 βίον
831 1253 1080 1303 κοινωνῶ
1112 1269 1196 1302 σοι
1225 1247 1314 1302 καὶ
1343 1255 1444 1317 τῆς
1470 1245 1721 1318 κλήσεως
1748 1243 1808 1303 ἔκ

140 1359 295 1400 τινος
346 1336 606 1412 περιόδου
661 1339 751 1394 καὶ
813 1336 1196 1411 μεταλήψεως.
1252 1339 1499 1394 Τὲθειται
1553 1339 1653 1414 γὰρ
1693 1335 1801 1407 ἤδη

141 1429 237 1482 καὶ
290 1426 576 1498 εἴληπται,
618 1424 728 1496 ἤδη
775 1423 831 1482 δέ
879 1427 970 1481 καὶ
1015 1423 1250 1494 δέδοται,
1285 1426 1362 1488 εἰς
1409 1427 1601 1482 ταυτὸν
1649 1426 1802 1496 ἥκειν

139 1518 213 1572 τό
270 1539 333 1572 τε
390 1517 534 1591 ἱερὸν
591 1517 654 1571 τό
709 1537 770 1571 τε
825 1514 1096 1592 θεοφιλὲς,
1157 1515 1435 1588 ἑπομένως
1493 1513 1554 1571 δὶ
1605 1517 1696 1571 καὶ
1742 1517 1804 1570 τὸ

141 1607 448 1681 ἱερώτατον
502 1606 593 1661 καὶ
645 1607 709 1661 τὸ
767 1603 1208 1682 θεοφιλέστατον·
1266 1605 1341 1660 ὧν
1396 1606 1462 1659 τὸ
1519 1606 1610 1678 μὲν
1672 1603 1802 1678 ἐμὸν

143 1695 442 1769 σέμνωμα,
485 1695 548 1749 τὸ
599 1691 658 1748 δὲ
716 1695 798 1749 σοὶ
852 1693 1153 1766 ἐπιλάμπει
1212 1695 1500 1771 φανότατα.
1561 1695 1662 1750 Καὶ
1715 1693 1803 1748 ἐπὶ

140 1786 370 1846 τούτοις
402 1783 631 1859 χάριτας
663 1782 954 1860 ὁμολογῶν
1005 1804 1090 1837 σοι
1135 1779 1328 1855 ἄπειμι
1361 1782 1415 1845 ἐς
1443 1785 1510 1838 τὰ
1539 1785 1801 1860 πάρεργα,

1921 628 2019 680 tur
2051 625 2132 680 uti
2166 633 2576 698 argumentum
2611 627 2972 697 propositum
3004 625 3334 689 defendam,
3356 625 3434 679 ita
3464 623 3566 678 ali-

1918 717 2007 770 ter
2036 717 2426 772 sentientibus
2457 732 2760 787 nunquam
2799 715 3166 772 assentabor.
3215 714 3568 769 Admittisne

1919 802 2060 870 haec,
2096 821 2128 860 o
2151 804 2492 877 'l‘heOphile,
2532 821 2708 860 necne
2727 805 2755 860 ‘I

1987 895 2076 948 20.
2111 895 2454 965 TheOphilus.
2503 895 2780 959 Admitto,
2813 899 2871 949 et
2923 894 3009 949 sic
3040 893 3367 947 instructus
3420 891 3564 947 adeo

1917 981 2078 1039 laetor
2096 990 2151 1039 et
2173 983 2463 1055 meipsum
2479 983 2776 1054 diligo,siq
2790 983 2978 1038 uidem
2998 979 3305 1053 Theophili
3329 980 3565 1035 nomine

1915 1071 1988 1126 ad
2020 1072 2234 1126 bonam
2269 1069 2367 1125 Dei
2426 1069 2622 1125 dilecti
2674 1069 2946 1124 viciniam
3007 1069 3254 1133 accedo;
3291 1072 3568 1139 presteres

1915 1177 2269 1232 magnopere
2298 1162 2520 1230 gaudeo
2549 1159 2702 1230 quod
2731 1163 2936 1230 praeter
2955 1157 3273 1212 amicitiam
3302 1162 3559 1212 nostram

1915 1249 2100 1304 multo
2133 1249 2347 1304 abhinc
2370 1256 2631 1321 tempore
2660 1247 2879 1303 cultam
2924 1247 3101 1303 etiam
3155 1245 3410 1302 nominis
3442 1246 3566 1301 affi-

1916 1339 2117 1407 nitate,
2149 1355 2216 1393 ex
2250 1344 2412 1409 parte
2461 1337 2666 1392 saltem
2695 1340 2752 1391 et
2781 1335 3116 1408 acceptione
3142 1335 3420 1406 quadam.
3452 1334 3561 1390 tibi

1914 1433 2200 1500 cognatus
2231 1445 2387 1482 sum.
2421 1427 2544 1482 Non
2576 1425 2770 1482 solum
2802 1425 2958 1480 enim
2994 1425 3313 1480 statuimus
3345 1429 3401 1479 et
3429 1442 3560 1495 sup-

1914 1518 2244 1591 posuimus,
2269 1518 2369 1572 sed
2402 1520 2578 1572 etiam
2601 1515 2983 1572 convenimus
3015 1514 3086 1569 de
3112 1513 3361 1584 eo,quod
3394 1530 3561 1568 voces

1911 1617 2167 1663 sanctum
2197 1611 2254 1662 et
2303 1609 2408 1663 Deo
2459 1607 2738 1673 dilectum,
2775 1608 2833 1660 et
2889 1605 3313 1674 consequenter
3337 1605 3562 1658 sanctis-

1911 1699 2116 1753 simum
2139 1701 2197 1752 et
2222 1701 2336 1752 Deo
2383 1696 2802 1752 diiectissimum
2835 1693 2904 1748 ad
2959 1709 3142 1747 unum
3173 1691 3562 1762 eumdemque

1914 1803 2154 1844 sensum
2201 1786 2479 1852 redeant;
2528 1785 2744 1856 quibus
2793 1799 2899 1855 ego
2956 1783 3193 1853 quidem
3224 1780 3462 1853 glorior,
3496 1785 3558 1836 tu

140 1874 250 1942 τήν
307 1875 406 1943 σὴν
467 1872 668 1940 ταύτην
714 1871 967 1947 ἐντυχίαν
1025 1872 1132 1946 πρὸ
1181 1872 1379 1934 παντὸς
1437 1867 1596 1946 ἔργου
1645 1872 1798 1945 θέμε-

1920 1883 2112 1930 autem
2143 1891 2515 1946 summopere
2567 1872 2821 1929 excellis.
2857 1872 2936 1926 De
2994 1870 3086 1925 his
3135 1869 3314 1942 igitur
3342 1870 3562 1941 gratias

140 1984 264 2025 νος.

217 2232 526 2305 Ἱεροκλῆς.
575 2231 794 2298 Ἄπιθι,
841 2231 886 2284 ὧ
921 2227 1168 2304 βέλτιστε
1216 2230 1394 2304 ἑταῖρε
1421 2275 1436 2297 ,
1479 2230 1567 2284 καὶ
1619 2235 1802 2304 χαῖρε,

137 2320 233 2374 καὶ
285 2319 666 2391 μεμνημίνος,
697 2319 771 2372 ὧν
823 2316 1244 2394 ἒσχεδιάσαμεν,
1291 2318 1618 2394 συγγνώμην
1664 2321 1800 2391 ἡμῖν

139 2405 322 2478 δίδου,
358 2405 413 2462 εἷ’
432 2407 486 2463 τί
518 2429 625 2462 που
657 2408 734 2481 μή
767 2405 999 2470 ἐντελῶς
1029 2408 1430 2485 ἀποπέφανται.-

1914 1965 2016 2021 tibi
2051 1965 2276 2020 habens
2295 1965 2367 2019 ad
2390 1963 2506 2019 alia
2525 1979 2700 2035 opera
2723 1961 2919 2017 minus
2939 1960 3279 2032 graviajam
3303 1959 3560 2028 discedo,

1912 2054 2066 2110 hanc
2094 2059 2257 2110 tuam
2285 2051 2780 2110 conversationem
2804 2049 3082 2106 omnibus
3101 2047 3232 2104 aliis
3254 2049 3561 2120 preferen-

1912 2145 2047 2200 dam
2081 2144 2421 2199 arbitratus.

1985 2234 2275 2289 Hierocles.
2329 2233 2456 2299 Abi,
2519 2249 2552 2288 o
2604 2231 2790 2286 amice
2847 2231 3091 2304 optime,
3150 2234 3208 2284 et
3260 2227 3406 2284 vale.
3453 2227 3560 2284 Ubi

1911 2327 2106 2376 autem
2139 2337 2340 2375 eorum
2373 2336 2500 2390 quae
2535 2336 2640 2374 nos
2673 2319 2876 2390 rapide
2907 2318 3302 2382 tractavimus,
3337 2333 3558 2372 memo-

1911 2409 2058 2463 riam
2093 2413 2339 2480 repetes,
2371 2407 2626 2472 veniam,
2677 2423 2897 2477 quzeso,
2952 2406 3234 2460 concedes
3285 2405 3475 2471 nobis,
3506 2403 3555 2458 si

1910 2514 2042 2572 quae
2071 2497 2268 2553 minus
2298 2495 2556 2551 dilucide
2584 2495 2846 2567 exposita
2879 2494 3114 2550 fuerint.

1501 2899 2230 3038 EIUSDEM

746 3163 1262 3230 SUPPLNIATIO
1305 3157 1666 3230 MANUELI’
1703 3157 2080 3229 COMNENO
2123 3164 2608 3225 IMPERATORI
2654 3161 2959 3221 NUMINE

351 3271 740 3336 ClVlTA'l‘l'S
786 3273 1646 3337 CONSTANTINOPOLEOS
1692 3275 2028 3346 OBLATA,
2077 3274 2239 3334 CUM
2286 3271 2691 3332 SICCITATE
2737 3267 3210 3329 LABOHARET
3249 3265 3356 3345 (l).

146 3627 255 3676 T05
334 3621 779 3698 μεριοιριωτάτουΔ
804 3621 1226 3698 ,Θεσσαλονίκης
1255 3667 1288 3698 ,_
1333 3624 1422 3698 ὅτε
1477 3621 1528 3677 ἰν
1591 3621 1744 3698 διακό
1778 3655 1803 3665 -
1838 3623 1881 3692 C

223 3691 344 3770 νοις
391 3691 494 3770 ἦν’
527 3695 618 3770 καὶ
693 3691 1024 3770 βιδάσκαλος
1093 3691 1199 3750 τῶν
1259 3694 1518 3770 ῥητόρων·
1545 3738 1557 3762 ,
1593 3691 1803 3770 ,ὂέπσις

222 3764 300 3826 εδς
379 3767 472 3820 τὸν
559 3764 790 3892 ῗασιλὲα
841 3766 1029 3841 κόριον
1083 3764 1347 3836 Μάνουὴλ
1399 3764 1495 3820 τὸν
1569 3769 1750 3838 Κομνη
1782 3800 1804 3809 -

222 3838 314 3890 νὸν
351 3882 364 3892 .
423 3838 500 3892 ὡς
577 3839 664 3892 ’πὸ
718 3845 820 3892 τῆς
876 3837 1092 3892 πόλεως
1125 3881 1141 3892 .
1201 3838 1291 3892 ὅτε
1359 3839 1529 3892 αὐτὴν
1583 3838 1802 3892 αὐγιιὸς

221 3838 375 3978 γὸγὲ
423 3838 500 3899 ὡς
559 3837 664 3892 ἀπὸ
718 3845 820 3908 τῆς
876 3837 1092 3901 πόλεως
1125 3881 1141 3906 ,
1201 3838 1291 3894 ὅτε
1359 3839 1529 3907 αὐτὴν
1583 3837 1802 3914 αὐχμὸς

221 3929 340 3963 επ.ε
381 3929 454 3967 εν.

221 3929 454 3967 επιειεν,

217 4017 286 4072 α’.
339 4015 642 4090 Τολμηρὸν
695 4017 829 4090 ἡμῖν
879 4018 913 4086 ἡ
959 4014 1169 4088 δέησις,
1225 4018 1315 4072 καὶ
1373 4016 1499 4092 πιρῖ
1550 4015 1803 4092 μεγίστου

140 4109 223 4176 τῷ
255 4099 371 4158 ὄντι
404 4103 744 4180 πράγματος.
792 4105 894 4160 Καὶ
944 4105 997 4159 τί
1028 4107 1131 4180 γάρ
1168 4105 1228 4160 ἂν
1260 4107 1470 4181 πάσχοι
1501 4127 1606 4176 τις,
1638 4103 1800 4160 πόλιν

142 4192 286 4261 ὅλην
338 4190 494 4261 ΐδὼν,
552 4194 652 4261 τήν
705 4195 925 4248 ἁπασῶν
981 4195 1267 4268 μεγίστην,
1317 4194 1626 4270 ἱκετηρίους
1676 4195 1800 4249 ἀνα-

142 4287 299 4358 σχεῖν
338 4288 531 4357 χεῖρας
572 4281 639 4353 τῇ
690 4282 942 4358 βασιλείᾳ
986 4305 1080 4338 σου
1116 4303 1129 4353 ;
1179 4285 1536 4360 Συγγνωστέα
1583 4285 1800 4346 πάντως

139 4374 176 4441 ἡ
207 4369 418 4444 τόλμα,
470 4372 558 4425 καὶ
614 4372 721 4439 πρὸ
775 4373 936 4443 ἡμῶν
987 4373 1082 4435 τὰς
1131 4375 1346 4450 ψήφους
1392 4378 1652 4442 ποιεῖται,
1698 4375 1797 4442 τὴν

137 4460 386 4534 ἀνάγκην
431 4460 770 4535 ὑπερήγορον
813 4459 1034 4536 ἔχουσα.
1095 4461 1158 4517 Εἰ
1221 4463 1314 4535 μὶν
1361 4463 1463 4538 γὰρ
1508 4461 1714 4536 ἐκείνῳ,
1761 4463 1796 4532 ἢ

133 4548 342 4621 τούτῳ,
375 4549 411 4618 ἢ
447 4547 629 4621 ἄλλῳ,
663 4550 715 4604 οἱ
746 4548 952 4606 πολλοὶ
985 4551 1073 4606 καὶ
1107 4550 1440 4626 πραγμάτων
1487 4551 1795 4623 ἐναντιότη-

135 4658 221 4692 σιν
284 4637 627 4702 ἀνθίστασθαι
684 4638 895 4706 ἱκανοὶ,
945 4639 1006 4694 τὸ
1062 4640 1154 4694 σὸν
1213 4638 1410 4714 λάχος,
1469 4642 1616 4713 ἡμᾶς
1670 4641 1796 4702 τοὺς

132 4725 393 4794 πολίτας,
441 4726 705 4795 ΐϐύνουσι,
765 4728 1137 4803 περιγενέσθαι
1194 4728 1261 4797 ἦν
1328 4732 1424 4784 τοῦ
1480 4727 1532 4783 ἐν
1588 4727 1791 4798 ἐλπίσι,

139 4813 360 4887 μᾶλλον
413 4813 471 4870 δὲ
516 4813 626 4886 ἤδη
677 4815 728 4870 ἂν
779 4816 1096 4890 προοιμίοις
1126 4815 1316 4886 κακοῦ,
1350 4817 1519 4872 εἰπεῖν
1553 4815 1610 4872 δὶ
1640 4819 1794 4892 ἀκρι-

136 4900 416 4979 ϐἑττερον,
467 4905 553 4958 καὶ
611 4909 903 4976 μεσοῦντος
965 4902 1074 4976 ἤδη
1134 4906 1222 4960 καὶ
1271 4905 1575 4981 ἐναγωνίως
1615 4905 1791 4980 ἀκμά-

1919 3623 2232 3696 Bcotissimi
2290 3623 2670 3696 metropolitae
2736 3624 3161 3689 Thessalonicae,
3221 3620 3440 3694 quando
3500 3623 3560 3678 in

1988 3695 2236 3750 diaconis
2295 3701 2413 3750 erat
2470 3695 2531 3751 ct
2567 3697 2831 3765 magister
2871 3697 3171 3759 rhetorum,
3212 3696 3562 3766 supplicatio

1989 3768 2244 3822 Manucti
2310 3767 2582 3823 Comneno
2648 3769 2970 3838 imperatori
3025 3769 3251 3823 nomine
3312 3769 3564 3824 civitatis

1987 3839 2194 3906 oblata,
2223 3855 2348 3894 cum
2376 3841 2618 3895 siccitate
2646 3841 2946 3896 laboraret.

1988 4020 2037 4073 1.
2069 4019 2432 4076 Audebimus
2464 4025 2519 4075 te
2553 4019 2850 4092 supplices
2880 4036 3117 4076 exorare
3147 4037 3214 4076 ea
3245 4021 3314 4075 de
3346 4036 3405 4076 re
3435 4037 3562 4091 quis

1914 4108 2196 4162 momenti
2229 4125 2406 4178 quam
2440 4108 2679 4164 maximi
2713 4109 2967 4174 est.Quis
2995 4108 3151 4164 enim
3184 4125 3296 4164 non
3329 4125 3566 4180 compa-

1912 4197 2098 4251 tiatur
2127 4203 2308 4252 totam
2348 4197 2639 4252 civitatem
2688 4197 2892 4254 videns
2940 4199 3208 4254 omnium
3242 4200 3560 4254 maximam

1911 4285 2208 4357 supplices
2240 4288 2310 4340 ad
2344 4291 2508 4341 tuam
2561 4288 2928 4358 majestatem
2963 4287 3176 4358 regiam
3213 4305 3422 4343 manus
3454 4288 3560 4342 eri-

1909 4375 2636 4446 gentem?Condonabilis
2679 4376 2918 4433 omnino
2975 4377 3222 4432 audacia
3281 4381 3338 4431 et
3391 4376 3560 4432 nobis

1909 4465 2188 4536 suffragia
2217 4465 2537 4522 concilians
2569 4483 2696 4538 quis
2731 4467 3135 4522 necessitatem
3170 4467 3344 4521 habet
3373 4471 3559 4536 patro-

1907 4552 2223 4608 cinantem.
2257 4555 2402 4610 Nam
2434 4557 2482 4610 si
2531 4556 2604 4610 ab
2658 4555 2858 4628 aliquo
2890 4572 3112 4620 eorum,
3147 4556 3267 4610 sive
3305 4553 3404 4608 illo
3436 4555 3556 4609 sive

1906 4641 2036 4711 hoc,
2069 4642 2166 4712 qui
2199 4643 2525 4699 haareditati
2574 4649 2708 4712 tum,
2751 4646 2919 4700 nobis
2966 4643 3211 4711 scilicet,
3275 4647 3551 4714 praesunt,

1905 4745 2157 4801 quorum
2193 4749 2406 4788 munus
2437 4738 2526 4788 est
2563 4733 2622 4787 in
2683 4734 2858 4788 rebus
2911 4733 3168 4788 adversis
3225 4732 3550 4800 consulere,

1902 4819 2166 4890 superari
2204 4827 2402 4892 posset
2431 4822 2748 4877 imminens
2779 4839 2879 4876 seu
2926 4823 3120 4893 potius
3155 4823 3276 4892 jam
3311 4821 3554 4876 saeviens

1905 4907 2149 4977 malure,
2185 4909 2270 4964 vel
2302 4910 2503 4976 etiam,
2538 4917 2601 4965 ut
2633 4910 2824 4966 veritis
2856 4909 3082 4982 loquar,
3107 4927 3404 4965 summam
3438 4911 3554 4966 fere

139 4999 354 5062 ζοντος,
385 4995 511 5067 τάχ’
559 4991 620 5048 ἄν
673 5014 724 5047 τι
782 4993 1032 5070 περιττόν
1087 5015 1138 5048 τι
1198 4992 1361 5056 πόλις
1416 4993 1610 5064 ἐποίει,
1671 5001 1790 5060 ταῖς

1920 4998 2280 5068 tspcrilatem
2306 4999 2432 5070 jam
2466 5004 2822 5068 assecutum,
2847 5017 2986 5055 sane
3016 5000 3380 5071 superfluum
3410 5000 3550 5071 quid

137 5079 341 5145 ἄλλαις
375 5081 690 5157 ἀναρίθμοις
742 5083 987 5158 φροντίσι
1033 5103 1092 5138 τε
1129 5082 1217 5138 καὶ
1252 5082 1574 5158 ὀχλήσεσιν,
1603 5084 1659 5139 αἶ
1687 5086 1786 5156 τὴν

135 5170 298 5246 ἁγίαν
364 5169 640 5246 βασιλείαν
688 5191 784 5226 σου
843 5169 962 5226 ὅσαι
1023 5170 1160 5246 ὧραι
1212 5170 1494 5246 κυκλοῦσι,
1535 5194 1790 5249 προσεπι-

134 5265 350 5324 τιθεῖσα
397 5259 488 5314 καὶ
540 5261 707 5328 αὑιή,
755 5260 844 5315 καὶ
875 5261 938 5316 τὸ
968 5257 1290 5337 πολύοχλον
1322 5263 1784 5338 προσεπαύξουσα.

206 5441 285 5511 (1)
322 5440 664 5516 Eustathius
687 5440 837 5498 hanc
861 5442 1186 5499 orationem
1219 5443 1449 5513 habuit,
1473 5447 1788 5516 antequam

136 5510 442 5584 Merrum
492 5512 804 5587 episcopus
863 5521 1017 5587 esset
1070 5510 1790 5587 designatusiiince'rtum

133 5600 256 5710 auo
288 5591 478 5674 anno.
502 5585 626 5670 Qua
654 5585 813 5640 enim
861 5585 1054 5674 hieme
1096 5585 1383 5660 aqu—arum
1416 5586 1519 5644 illa
1552 5589 1795 5671 penuria

181 5654 718 5710 oolrtmns‘cmhus
757 5657 1048 5710 acciderit-
1083 5676 1197 5710 non
1229 5662 1476 5710 constar.
1509 5659 1642 5710 Fmt
1672 5659 1793 5710 for-

179 5654 1049 5732 polita‘nisicivibus”accidg-it,
1083 5654 1198 5716 no'n
1229 5662 1476 5717 constat.
1509 5654 1642 5716 Fuit
1672 5659 1793 5732 for-

131 5726 244 5786 san
276 5726 590 5787 calamitas
637 5728 875 5801 reliqua
931 5726 1171 5805 Europa
1227 5732 1593 5792 communis:
1637 5731 1793 5792 unde

1903 5085 2116 5146 faceret
2146 5089 2366 5154 civitas,
2399 5088 2727 5144 innumeris
2749 5088 2881 5144 aliis
2910 5088 3076 5144 tricis
3103 5089 3316 5160 quibus
3342 5087 3551 5159 regalis

1900 5180 2002 5232 tua
2031 5193 2198 5232 sacra
2223 5176 2481 5248 dignitas
2495 5176 2742 5250 singulis
2757 5177 2916 5234 boris
2939 5176 3338 5234 circumdatur
3356 5177 3546 5249 ipsam

1900 5267 2390 5338 supperaddendo
2434 5273 2490 5323 et
2531 5269 2894 5339 negotiorum
2943 5267 3242 5339 adaugens
3283 5267 3548 5322 multitu-

1904 5448 2082 5503 medii
2115 5447 2215 5502 aevi
2247 5448 2525 5504 chronica
2561 5447 2759 5503 Latina
2808 5451 2916 5504 etc.
2980 5448 3197 5518 aliquid
3234 5447 3426 5504 forsan
3459 5448 3546 5504 lu-

1902 5519 1987 5575 cis
2018 5520 2279 5576 afferent.
2318 5521 2421 5574 Pro
2453 5519 2611 5591 Cpoli
2645 5519 2994 5590 supplicavit
3032 5518 3395 5587 Eustathius,
3429 5537 3545 5575 non

1903 5608 2007 5663 pro
2035 5592 2472 5659 Thessalonica,
2505 5595 2570 5647 ut
2603 5591 2750 5647 male
2773 5591 2946 5647 habet
2976 5592 3274 5647 Fabricius
3312 5592 3369 5647 in
3398 5593 3540 5648 Bibl.

1904 5663 2089 5721 Graeca
2119 5665 2365 5736 (supra).
