4104 6210
508 352 624 412 927

1291 354 1712 416 EUS’l‘A'l‘HIl
1759 355 2526 417 THESSAIDNICENSIS
2573 352 3155 417 METBOPOLITAE

3828 354 3938 415 928

511 483 729 540 dinem.
763 485 876 540 Sed
916 486 1051 554 jure
1103 483 1275 541 talem
1325 491 1483 542 arcet
1527 488 1986 557 accusationem,
2025 505 2189 554 cum,

2300 485 2409 540 ’που
2464 507 2524 562 γε
2580 487 2666 540 καὶ
2731 483 2906 548 οὕτως
2965 484 3240 564 ἐκφεύγειν
3289 485 3406 560 εἶχε
3454 483 3690 546 δικαίως
3749 483 3820 539 τὰ
3846 492 3939 554 τῆς

512 574 708 629 omnis
731 573 1199 643 voluntas,omne
1221 576 1484 631 studium
1510 593 1722 650 arsque
1745 577 1938 633 omnis
1958 578 2168 634 excelsi

515 665 572 718 et
603 662 897 734 magnifici
932 663 1128 734 palatii
1163 666 1470 735 potestatis
1520 672 1633 720 tua:
1683 668 1959 722 deorsum
1984 669 2166 737 jacet,

520 769 625 808 nec
656 753 946 822 quomodo
975 751 1248 807 ceciderit
1297 753 1408 807 dici
1463 759 1668 824 potest.
1705 758 1844 809 Cum
1883 772 2016 826 ergo
2054 774 2171 812 non

517 841 689 896 liceat
735 840 909 894 aliam
962 844 1289 911 excogitare
1346 843 1484 898 mali
1539 843 1888 898 solutionem
1925 845 2038 900 nisi
2074 863 2174 915 per

519 930 775 984 divinam
808 935 864 984 et
893 929 1316 985 validissimam
1352 932 1647 987 dexteram
1674 934 1896 1004 jugiter
1928 950 2173 1006 regnan-

518 1021 594 1075 tis
624 1034 803 1090 super
845 1019 1044 1074 omnia
1079 1020 1198 1085 Dei,
1239 1019 1310 1074 ad
1344 1026 1502 1075 tuam
1538 1023 2008 1093 potentissimam
2044 1041 2172 1078 ma-

520 1125 685 1177 num,
717 1107 817 1180 qui
847 1125 980 1163 cum
1016 1108 1115 1164 illo
1151 1125 1360 1180 regnas
1383 1112 1675 1166 terrestris
1707 1112 1883 1182 Deus,
1907 1113 2171 1184 confugi-

523 1214 653 1252 mus
684 1214 818 1252 cum
857 1215 1000 1269 pura
1035 1204 1226 1253 mente
1267 1204 1322 1252 et
1371 1199 1687 1269 cujuslibet
1726 1202 2174 1273 vituperationis

522 1287 840 1352 immunes,
874 1303 1008 1341 eum
1059 1290 1161 1357 qui
1200 1287 1362 1343 solus
1411 1297 1540 1359 post
1588 1289 1771 1344 Deum
1807 1307 1911 1345 nos
1946 1291 2173 1347 salvere

523 1380 733 1450 potest,
769 1377 1070 1431 humiliter
1102 1375 1502 1446 implorantes.
1525 1377 1652 1432 Jam
1680 1385 1818 1434 sunt
1849 1380 2018 1435 nobis
2045 1381 2171 1452 spei

524 1466 790 1538 pignora,
823 1470 879 1519 et
930 1482 1275 1535 persuasum
1325 1465 1613 1521 habemus
1662 1468 1941 1537 quoniam
1995 1469 2172 1537 Deus,

526 1555 594 1609 ad
632 1569 806 1625 quem
839 1552 1148 1609 continuas
1197 1570 1299 1624 pro
1351 1559 1451 1609 tuo
1505 1555 1749 1626 imperio
1799 1573 1994 1626 preces
2040 1558 2174 1613 fun-

525 1641 723 1698 dimus
754 1659 900 1712 quas
931 1642 1003 1696 ab
1051 1642 1176 1712 ipso
1229 1642 1462 1697 auditas
1494 1644 1867 1710 conﬁdimus,
1903 1645 2174 1716 loquetur

526 1733 702 1787 etiam
738 1748 890 1786 nunc
921 1749 1022 1802 pro
1074 1731 1240 1787 nobis
1273 1733 1424 1787 bona
1456 1732 1512 1787 in
1547 1733 1717 1788 corde
1750 1751 1928 1789 sacra:
1957 1736 2171 1805 majes-

2280 574 2590 645 αἰτιάσεως,
2643 574 2691 630 εἶ’
2745 595 2806 650 γε
2852 581 2998 630 πᾶσα
3053 574 3142 630 καὶ
3206 572 3382 649 βουλή
3427 575 3516 629 καὶ
3571 571 3799 641 σπουδή
3856 576 3939 628 καὶ

2279 664 2447 740 τέχνη
2505 669 2606 730 τῆς
2669 665 2890 738 ὑψηλῆς
2970 663 3260 740 βασιλικῆς
3314 663 3783 739 ἀρχιτεκτονικῆς
3849 669 3940 718 τοῦ

2282 754 2426 819 θείου
2483 755 2715 828 κράτους
2772 773 2870 807 σου
2925 754 3074 807 κάτω
3130 773 3234 806 που
3288 758 3482 820 κεῖται,
3529 751 3622 807 καὶ
3667 750 3778 806 οὐκ
3808 749 3942 806 ἔστιν

2281 843 2406 896 ὅσον
2455 841 2622 896 εἰπεῖν
2673 841 3080 904 ὑποπέπτωκεν.
3122 841 3270 898 Ἐπεὶ
3319 839 3376 896 δὲ
3424 840 3523 895 ούκ
3569 839 3721 896 ἔστιν
3777 838 3942 894 ἄλλο·

2283 942 2370 994 θεν
2421 928 2535 984 οὐδ’
2583 930 2966 1000 ἰπινοήσασθαι
3033 929 3186 985 λύσιν
3237 930 3358 985 τινὰ
3399 934 3496 984 τοῦ
3542 933 3745 996 κακοῦ,
3793 928 3840 983 εί
3873 932 3942 1000 μὴ

2287 1020 2420 1093 μετᾶ
2475 1021 2572 1089 τήν
2624 1019 2764 1074 Θείαν
2805 1019 2895 1074 καὶ
2962 1017 3209 1084 παναλκῆ
3265 1025 3428 1094 χεῖρα
3482 1023 3579 1072 τοῦ
3643 1017 3733 1072 ἀεὶ
3797 1019 3946 1092 βασι.

2283 1107 2533 1170 λεύοντος
2593 1107 2682 1162 καὶ
2737 1106 2826 1162 ἐπὶ
2883 1105 3098 1162 πάντων
3174 1111 3308 1162 Θεοῦ
3363 1106 3422 1160 ἐκ
3481 1113 3582 1175 τῆς
3643 1106 3946 1181 κρατίστης

2283 1197 2469 1272 χειρός
2499 1218 2616 1265 σου,
2647 1201 2744 1251 τοῦ
2775 1195 2964 1269 ἐκείνῳ
3007 1191 3504 1268 συμϐασιλεύοντος
3551 1194 3646 1250 καὶ
3702 1194 3948 1269 ἐπιγείου

2284 1290 2438 1353 Θεοῦ,
2500 1283 2740 1361 εὐλόγως
2794 1284 2854 1340 ἂν
2915 1280 3015 1355 ἔξω
3073 1285 3253 1354 πάσης
3315 1284 3572 1358 μέμψεως
3621 1283 3946 1355 πίπτοιμεν,

2281 1376 2359 1447 τῷ
2412 1375 2561 1446 μόνῳ
2609 1371 2820 1445 δυνατῷ
2869 1377 3038 1428 σῶσαι
3095 1374 3228 1446 μετᾶ
3275 1372 3404 1428 Θεὸν
3453 1371 3709 1434 ἷκετικῶς
3763 1370 3952 1446 ἐντυγ-

2283 1465 2562 1538 χάνοντες.
2596 1465 2838 1538 Ἔχομεν
2887 1459 2946 1516 δὲ
2990 1459 3100 1532 ἤδη
3152 1461 3336 1515 καὶτὰ
3381 1468 3484 1530 τῆς
3514 1458 3754 1522 ἐλπίδος
3787 1461 3951 1515 αὐτό-

2283 1553 2368 1606 θεν
2428 1551 2689 1628 ἐχέγγυα,
2750 1551 2838 1606 καὶ
2895 1551 3248 1623 πεποίθαμεν,
3319 1551 3392 1611 ὡς
3445 1551 3472 1604 ὁ
3528 1551 3688 1616 Θεὸς,
3748 1548 3800 1620 ᾦ
3857 1550 3950 1611 τὰς

2282 1639 2584 1716 ἐνδελεχεῖς
2646 1640 2776 1715 ὑπὲρ
2832 1647 2932 1708 τῆς
2989 1638 3264 1715 βασιλείας
3323 1659 3418 1693 σου
3476 1637 3649 1714 εὐχὰς
3697 1639 3950 1710 ἀναπέμο

2281 1749 2474 1791 ποντες
2532 1725 2762 1790 ἐντελεῖς
2817 1727 2984 1790 αύτᾶς
3041 1726 3382 1802 εὑρίσκομεν,
3429 1725 3678 1797 λαλῆσαι
3731 1727 3831 1781 καὶ
3863 1732 3949 1782 νῦν

527 1819 668 1875 tatis
699 1825 832 1889 tuae,
864 1821 1110 1890 ejusque
1159 1823 1446 1892 expendet
1488 1821 1705 1877 viscera
1751 1823 1877 1893 jam
1935 1823 2172 1880 aliunde

2300 1819 2416 1894 iﬂtp
2460 1820 2619 1891 ἡμῶν
2655 1818 2822 1894 ἀγαθά
2873 1817 2950 1880 είς
3006 1817 3106 1886 τήν
3163 1814 3386 1892 καρδίαν
3439 1823 3541 1885 τῆς
3591 1818 3758 1891 ἁγίας
3801 1817 3949 1877 Baet-

529 1913 823 1964 commota
870 1909 926 1963 in
975 1909 1548 1966 commiserationem
1606 1913 1938 1967 communis
1977 1913 2172 1981 exitii;

530 1999 629 2070 qui
660 1998 833 2054 etiam
868 1998 927 2054 in
961 1999 1304 2070 depellendo
1335 2001 1489 2056 male
1537 2002 1638 2057 toti
1671 2019 1880 2057 sumus
1913 2008 1969 2058 et
1999 2021 2177 2076 aeger-

529 2087 677 2142 rime
710 2088 996 2143 ferremus
1047 2089 1096 2143 si
1147 2089 1497 2160 supplicatio
1531 2097 1730 2146 nostra
1777 2092 1983 2148 eli‘ectu
2015 2110 2178 2148 care-

529 2181 617 2232 ret
646 2181 957 2249 postquam
995 2177 1180 2232 multa
1235 2180 1304 2234 ad
1363 2180 1537 2234 ﬁdem
1597 2180 1929 2237 faciendum
1971 2182 2181 2239 idonea

531 2265 658 2321 sine
686 2267 814 2321 fuco
847 2267 1218 2338 protulimus.

603 2481 658 2533 2.
691 2479 796 2534 illa
825 2495 962 2551 ergo
995 2480 1219 2546 civitas,
1254 2498 1486 2554 semper
1515 2483 1994 2554 quidem,verum
2027 2503 2183 2541 nunc

539 2569 860 2641 praesertim
891 2574 1127 2641 propter
1188 2570 1567 2626 fortissimam
1631 2578 1976 2644 potestatem
2020 2580 2182 2630 tuam

541 2659 682 2713 urbs
702 2675 833 2712 vere
859 2674 1071 2729 magna
1089 2658 1304 2714 clamat
1324 2677 1423 2730 per
1437 2661 1990 2733 nos,imperatorum
2010 2663 2186 2718 maxi-

542 2763 634 2801 me
657 2751 711 2801 et
741 2746 1127 2801 divinissime.
1162 2749 1375 2803 Omnes
1407 2750 1642 2820 quidem
1678 2752 1849 2807 urbes
1885 2752 2012 2807 alia:
2043 2769 2184 2824 qua-

541 2851 670 2890 rum
697 2851 1007 2889 numerum
1033 2840 1354 2908 supputare
1375 2838 1764 2910 nequicquam
1784 2841 2101 2914 facile,qua:
2116 2843 2187 2897 ab

544 2922 958 2995 antiquissimo
1003 2929 1265 2996 tempore
1333 2927 1604 2983 Romanis
1656 2931 1957 3001 potestatis
2005 2931 2189 2987 circu-

548 3013 669 3067 lum
727 3016 1025 3082 exornant,
1085 3018 1140 3069 et
1198 3031 1343 3086 quas
1413 3018 1684 3088 (quarum
1744 3019 2187 3078 multitudinem

545 3117 821 3157 mensura
849 3118 960 3156 non
993 3103 1250 3175 attingit)
1284 3105 1479 3161 divina
1508 3107 1694 3164 virtus
1725 3112 1824 3164 tua
1873 3109 2018 3165 alias
2049 3110 2188 3166 olim

542 3207 772 3246 eversas
824 3191 1032 3248 iterum
1082 3195 1407 3259 suscitavit,
1462 3195 1608 3253 alias
1659 3203 1852 3254 autem
1905 3199 2028 3256 solo
2081 3218 2261 3301 no-G

544 3279 702 3333 mine
761 3279 1048 3352 cognitas,
1111 3283 1181 3338 de
1240 3288 1442 3340 caetero
1518 3303 1652 3343 vero
1711 3287 1770 3342 in
1830 3289 2186 3360 profundum

546 3373 712 3424 terra:
763 3369 1061 3425 demersas
1117 3370 1174 3425 in
1234 3372 1424 3428 lucem
1483 3374 1684 3444 edidit,
1719 3379 1776 3431 et
1815 3378 1884 3431 ad
1937 3377 2188 3449 priorem

547 3459 916 3531 splendorem
942 3459 1217 3528 restituit,
1244 3461 1454 3517 alteras
1477 3463 1790 3533 etiamjam
1828 3465 1986 3520 nullo
2018 3466 2190 3521 modo

550 3565 672 3604 suae
703 3549 882 3602 ruinae
916 3551 1265 3620 superstites
1298 3551 1646 3609 mirabiliter
1667 3571 1873 3609 rursus
1897 3557 2189 3626 produxit,

549 3653 774 3706 omnes,
809 3638 1073 3708 inquam,
1108 3640 1282 3694 nrbes
1313 3640 1424 3694 illaa
1456 3642 1603 3697 bene
1661 3642 1897 3712 habent,
1930 3648 1986 3699 et
2016 3645 2074 3698 in
2108 3644 2192 3698 fa-

549 3742 682 3782 vore
716 3727 958 3782 fortunae
1015 3734 1378 3800 permanent,
1413 3734 1470 3785 et
1526 3733 1802 3803 gaudent,
1853 3733 2006 3788 ultra
2061 3734 2192 3788 vita:

551 3819 905 3883 necessaria,
940 3823 1024 3871 tot
1074 3823 1130 3871 et
1187 3819 1392 3882 tantis,
1425 3825 1491 3874 ut
1549 3837 1750 3876 eorum
1811 3822 1908 3894 qui
1971 3823 2192 3878 abillis

552 3905 905 3975 migrarunt,
939 3905 1095 3960 ullus
1127 3922 1198 3961 ne
1238 3908 1424 3978 possit
1469 3909 1704 3980 quidem
1752 3927 1818 3966 ea
1865 3912 2192 3966 enuntiare.

553 3994 679 4048 Tua
711 3998 945 4048 econtra
967 3994 1169 4050 civitas
1195 4012 1322 4066 quae
1345 3997 1472 4069 ipsa
1511 4015 1742 4070 quoque
1773 3999 1934 4056 nullo
1966 4001 2196 4056 labora-

555 4083 657 4137 bat
684 4082 1186 4149 incommodo,sed
1210 4085 1270 4140 in
1293 4087 1564 4158 paradiso
1583 4089 1900 4162 voluptatis
1921 4091 2196 4146 omnibus

557 4171 798 4225 omnino
831 4173 1133 4228 fruebatur
1165 4175 1507 4245 bonis,inter
1537 4177 1725 4250 ipsam
1759 4195 1926 4234 suam
1958 4194 2197 4251 prospe-

557 4260 788 4315 ritatem
821 4279 854 4316 a
887 4263 1042 4317 brevi
1094 4268 1352 4336 tempore
1407 4266 1706 4339 afﬂigitur.
1739 4268 2005 4324 Siccitate
2042 4268 2198 4324 enim

556 4347 781 4404 laborat
813 4351 870 4404 in
903 4351 1031 4424 ipsa
1062 4352 1271 4410 hiemis
1325 4359 1690 4428 tempestate.
1723 4358 1806 4412 En
1864 4357 2077 4412 hiemis
2108 4375 2199 4413 as-

556 4439 794 4510 peritas,
829 4446 885 4496 et
915 4447 1128 4497 terram
1163 4443 1293 4514 quis
1325 4445 1532 4500 dixerit
1560 4446 1775 4501 aestivis
1827 4447 2028 4503 ardere
2059 4446 2197 4502 soli-

559 4530 670 4584 bus
720 4530 819 4602 qui
867 4531 1247 4605 Troglodytas
1280 4539 1478 4592 urunt.
1511 4535 1653 4590 Cum
1688 4540 1860 4590 antea
1900 4535 2052 4590 inter
2083 4551 2202 4590 me-

2286 1907 2434 1969 λείας
2465 1928 2583 1976 σου,
2630 1906 2948 1962 ἀναπετάσει
2995 1906 3062 1960 τὰ
3100 1905 3394 1982 σπλάγχνα
3437 1905 3670 1975 ταύτης,
3724 1904 3825 1959 καὶ
3867 1904 3956 1959 ἆλ-

2286 1995 2399 2058 λως
2446 1997 2869 2069 πεπλατυσμένα
2917 1992 3064 2062 ὄντα,
3115 1994 3192 2057 εἲς
3239 1995 3332 2049 τὸν
3375 1999 3472 2049 τοῦ
3514 1998 3713 2048 κοινοῦ
3775 1990 3949 2049 ἔλεον·

2288 2087 2340 2140 οἳ
2371 2085 2460 2140 καὶ
2495 2082 2721 2155 ζηλοῦσι
2768 2085 2972 2159 τρόπον
3021 2084 3144 2139 τινὰ
3190 2083 3280 2139 καὶ
3331 2083 3432 2138 οὐκ
3477 2084 3704 2138 ἀνεκτὸν
3741 2086 3952 2158 ἡγοῦν-

2285 2195 2373 2230 ται
2406 2176 2481 2247 μή
2515 2173 2643 2248 ούχὶ
2690 2173 2828 2249 πρὸς
2875 2173 3042 2249 πέρας
3087 2173 3301 2247 ἀγαγεῖν
3346 2171 3438 2227 καὶ
3481 2172 3548 2226 τὰ
3591 2179 3698 2242 τῆς
3751 2173 3954 2244 παρού-

2291 2286 2393 2334 σης
2415 2263 2702 2335 αἰτήσεως,
2760 2260 2948 2318 πολλὰ
2995 2262 3084 2318 καὶ
3141 2268 3359 2337 γενναῖα
3404 2261 3494 2316 καὶ
3545 2262 3764 2316 πείθειν
3799 2262 3955 2316 ἱκανά

2289 2353 2706 2429 προϊσχόμενοι.

2367 2479 2434 2547 β’.
2466 2482 2677 2532 Ἐκεῖνα
2733 2473 2779 2531 δ’
2835 2478 2870 2546 ἡ
2921 2474 3107 2543 πόλις,
3157 2477 3192 2545 ἡ
3244 2473 3433 2538 ἄλλως
3485 2476 3608 2548 μὲν,
3659 2472 3819 2530 ἀλλά
3866 2480 3956 2529 νῦν

2298 2567 2532 2642 μάλιστα
2564 2564 2655 2621 διὰ
2676 2567 2777 2635 τήν
2826 2567 2925 2636 σήν
2967 2566 3262 2642 κρατίστην
3313 2564 3472 2640 ἲσχῦν
3520 2562 3754 2636 ἀληθῶς
3789 2586 3953 2638 μεγαο

2295 2655 2553 2725 λόπολις,
2588 2655 2694 2731 βοᾷ
2725 2651 2794 2709 δι’
2833 2655 3018 2726 ἡμῶν,
3068 2651 3335 2730 βασιλέων
3390 2654 3611 2728 μέγιστε
3659 2655 3756 2708 καὶ
3809 2649 3954 2716 θειό-

2293 2767 2459 2803 τατε.
2520 2750 2688 2800 Πᾶσαι
2750 2744 2842 2818 μὶν
2915 2740 3081 2798 ἄλλαι
3139 2741 3350 2815 πόλεις,
3413 2743 3474 2804 ἃς
3533 2741 3665 2797 οὐδὲ
3727 2743 3956 2818 εύχερὶς

2295 2829 2694 2900 καθυποϐαλεῖν
2748 2833 2986 2908 ἀριθμῷ,
3041 2829 3159 2887 ὅσαι
3213 2852 3272 2887 τε
3322 2829 3558 2893 παλαιὸς
3602 2832 3694 2906 ἀφ’
3727 2830 3794 2885 οὗ
3824 2830 3956 2906 γρό-

2295 2945 2386 2987 νος
2447 2924 2539 2978 τὸν
2589 2928 2692 2992 τῆς
2755 2923 3072 2994 Ῥωμαϊκῆς
3125 2921 3306 2996 ἀρχῆς
3355 2919 3562 2976 κύκλον
3617 2925 3950 2994 κοσμοῦσιν,

2297 3015 2386 3070 καὶ
2418 3011 2543 3074 ὅσας
2576 3009 2804 3083 (πολλαὶ
2837 3008 2894 3066 δὲ
2931 3011 3021 3066 καὶ
3072 3010 3226 3065 αὗται
3264 3009 3354 3065 καὶ
3406 3011 3470 3065 ού
3519 3008 3725 3086 ῥᾳδίως
3770 3009 3955 3083 μέτρῳ

2298 3101 2527 3175 ληπταὶ)
2572 3103 2635 3157 τὸ
2686 3101 2778 3156 σὸν
2821 3099 2996 3156 ἔνθεον
3045 3101 3243 3170 κράτος
3291 3101 3390 3161 τὰς
3440 3101 3538 3173 μὶν
3600 3097 3779 3154 πάλαι
3829 3120 3956 3153 κατ-

2299 3189 2601 3268 ενεχθείσας
2647 3189 2724 3253 εἷς
2762 3189 2887 3268 γόνυ
2937 3190 3205 3265 ἀνήγειρε,
3242 3189 3340 3251 τὰς
3388 3186 3465 3257 δὲ,
3520 3187 3755 3262 ὀνόματι
3804 3189 3955 3261 μόνῳ

2299 3279 2726 3359 γνωριζομένας,
2773 3284 2849 3351 τῷ
2905 3276 2963 3334 δὲ
3019 3277 3202 3352 λοιπῷ
3258 3278 3418 3334 παντὶ
3472 3278 3610 3334 κατά
3657 3286 3767 3354 γῆς
3807 3276 3958 3333 δεδυ⁹

2297 3370 2470 3440 κυίας,
2513 3369 2588 3432 εἷς
2636 3373 2750 3446 φῶς
2798 3366 2994 3444 ἤγαγε,
3041 3368 3128 3423 καὶ
3179 3367 3271 3422 τὸν
3324 3366 3514 3444 πρώην
3564 3364 3778 3441 κόσμον
3827 3369 3959 3423 ἀπέ-

2301 3459 2462 3526 δωκε,
2509 3459 2604 3521 τὰς
2655 3456 2710 3513 δέ
2755 3458 2845 3512 καὶ
2898 3455 3128 3531 μηδαμῆ
3183 3459 3346 3519 οὑσας
3377 3456 3710 3532 εὐμηχάνως
3748 3456 3812 3512 ἐκ
3840 3478 3958 3511 καις

2299 3556 2394 3619 νῆς
2428 3549 2730 3624 παρήγαγε⁶
2763 3551 2927 3602 πᾶσαι
2979 3543 3046 3615 δὴ
3095 3545 3186 3601 οὗν
3237 3544 3392 3602 αὗται
3422 3545 3614 3608 πόλεις
3645 3545 3701 3601 εὖ
3735 3542 3956 3622 ἔχουσι,

2301 3637 2390 3694 καὶ
2439 3637 2490 3693 ἐν
2549 3635 2705 3710 καλῷ
2749 3635 2928 3711 τύχης
2973 3635 3228 3708 μένουσι,
3277 3635 3368 3690 καὶ
3419 3636 3830 3711 ὁπεντρυφῶσι,
3883 3636 3961 3707 μὴ

2303 3728 2384 3783 δτι
2411 3747 2469 3802 γε
2514 3730 2633 3790 τοῖς
2681 3723 2987 3800 ἀναγκαίοις
3035 3724 3123 3778 καὶ
3179 3721 3386 3796 μόνοις,
3431 3721 3576 3778 ἀλλὰ
3625 3724 3715 3777 καὶ
3774 3725 3852 3778 ὧν
3901 3723 3965 3776 ού

2302 3818 2438 3872 πάνυ
2485 3837 2568 3876 τις
2621 3813 2868 3869 ἀπόντων
2923 3814 3183 3886 μνήσεται
3232 3815 3368 3868 κατὰ
3415 3811 3616 3890 ἔφεσιν⁹
3663 3813 3728 3870 Ἡ
3783 3809 3845 3866 δὶ
3896 3814 3964 3879 σὴ

2304 3902 2490 3977 πόλις,
2521 3903 2610 3959 καὶ
2642 3903 2776 3973 αύτή
2817 3899 2986 3976 μηδὲν
3014 3901 3096 3958 ὅτι
3145 3899 3347 3978 ἔχουσα
3395 3899 3798 3978 δυσχεραίνειν,
3837 3901 3966 3956 ἀλλ’

2305 3999 2380 4060 ὡς
2427 3995 2478 4050 έν
2527 3991 2836 4069 παραδείσῳ
2883 3999 3094 4071 τρυφῆς
3141 3990 3536 4068 περιρῥεομένη
3585 3995 3704 4053 τοῖς
3749 3992 3962 4045 πάντοο

2307 4096 2391 4149 θεν
2422 4083 2666 4160 ἀγαθοῖς,
2717 4082 2841 4157 περὶ
2889 4079 3018 4136 αὐτὸ
3059 4081 3123 4136 τὸ
3173 4080 3381 4156 καίριον
3427 4080 3571 4152 παρᾶ
3604 4079 3793 4156 βραχὺ
3829 4078 3959 4134 δυσ-

2303 4179 2484 4250 τυχεῖ.
2535 4172 2759 4247 Αύχμὸς
2803 4171 2904 4247 γὰρ
2949 4171 3117 4240 αὐτὴν
3157 4168 3211 4224 ἐν
3263 4169 3412 4243 μέσῳ
3454 4170 3624 4238 πιέζει
3672 4171 3962 4243 χειμερίῳ

2306 4267 2500 4338 καιρῷ.
2531 4262 2708 4335 Ἀκμή
2760 4264 3037 4336 χειμῶνος
3085 4257 3230 4328 ἲδοὺ,
3266 4259 3358 4313 καὶ
3448 4265 3516 4332 γῆ
3550 4291 3616 4299 -—
3646 4256 3782 4312 ἀλλ’
3821 4256 3966 4312 εἴποι

2307 4374 2390 4414 τις
2423 4352 2482 4406 ἂν
2517 4349 2684 4420 αὐτὴν
2737 4353 2970 4422 θερινοῖς
3020 4347 3207 4418 ὴλίοις
3262 4346 3578 4424 βάλλεσθαι,
3610 4347 3810 4401 ὁποῖοι
3843 4346 3969 4407 τοὺς

2309 4436 2698 4515 Τρωγλοδύτας
2755 4436 3014 4492 ίθύνουσι.
3068 4436 3169 4491 Καὶ
3217 4434 3298 4489 δτι
3345 4435 3467 4510 περὶ
3517 4432 3681 4507 μέσας
3730 4434 3842 4494 τὰς
3873 4440 3968 4499 τῆς

2312 4529 2527 4590 πόλεως
2583 4526 2768 4601 ἀγυιὰς
2816 4529 3112 4598 πομπικῶς
3156 4525 3218 4579 τὸ
3248 4521 3394 4598 ὕδωρ
3441 4522 3516 4585 ὡς
3556 4521 3608 4592 ἐξ
3640 4519 3969 4595 ἀποδημίας

561 4618 688 4673 dias
721 4619 972 4675 civitatis
1005 4603 1137 4676 vias
1183 4623 1489 4693 splendide
1522 4641 1674 4696 aqua
1707 4624 1874 4696 quasi
1907 4640 1974 4679 ex
1999 4625 2189 4678 itineri

2313 4614 2680 4693 ἐπιχωριάζον
2735 4611 3044 4683 ἐστέλλετο,
3099 4611 3189 4666 καὶ
3267 4610 3394 4676 τοὺς
3457 4609 3773 4683 θεωμένους
3854 4611 3969 4666 hri-

559 4724 790 4763 reversa
819 4710 1220 4777 emittebatur,
1253 4728 1456 4768 omnes
1488 4712 1740 4768 novitate
1781 4713 1862 4768 rei
1891 4713 2210 4785 stupebant

554 4795 1034 4860 intuentes,nunc
1064 4799 1240 4854 etiam
1274 4801 1385 4872 ipsi
1422 4801 1779 4856 urbanarum
1814 4802 2204 4856 cisternarum

557 4884 788 4940 canales
821 4887 1152 4958 mugientcs
1183 4890 1559 4946 nutritorium
1594 4891 1904 4946 humorem
1932 4892 2002 4946 ad
2060 4891 2206 4945 hau-

561 4972 778 5030 rientes
811 4975 1098 5032 adducere
1148 4995 1261 5033 non
1315 4984 1581 5050 possunt.
1640 4985 1704 5034 Et
1757 4981 1996 5052 quinam
2030 4997 2208 5035 cana—

559 5061 666 5130 les,
692 5065 791 5136 qui
829 5067 1021 5122 media
1062 5072 1261 5122 aestate
1310 5069 1614 5140 cepiosum
1668 5075 1864 5142 potum
1917 5071 2209 5142 proﬂuen-

559 5155 674 5207 tem
710 5154 987 5209 emittunt
1019 5157 1386 5227 irrigantium
1445 5158 1807 5213 multitudini
1842 5158 2210 5229 superabun-

560 5243 798 5296 dantcm
825 5247 846 5298 Ρ
875 5243 1013 5298 Tale
1045 5244 1484 5302 incommodum
1505 5247 1724 5319 patitur
1740 5249 1910 5302 etiam
1939 5249 1994 5300 in
2019 5247 2210 5302 hieme

558 5332 882 5404 Egyptus;
917 5335 1016 5389 sed
1049 5336 1177 5404 eius
1210 5335 1418 5391 incolis
1469 5341 1740 5408 speratur
1779 5338 2014 5392 aestivus
2043 5336 2212 5391 Nilus

560 5425 618 5478 et
660 5422 962 5478 nonnullis
991 5430 1153 5480 terra:
1184 5426 1415 5480 roribus
1464 5427 1816 5498 semetipsos
1866 5426 2212 5492 reﬁcientes,

564 5515 798 5581 quando
833 5514 1077 5569 fului-bit
1124 5517 1333 5585 restas:
1352 5516 1593 5587 pelagus
1639 5516 2011 5586 conspiciunt
2041 5515 2213 5569 tellu-

566 5617 686 5658 rem
723 5605 990 5656 suam.At
1015 5603 1184 5658 nobis
1207 5603 1337 5658 talis
1362 5620 1497 5674 spcs
1527 5621 1639 5658 non
1676 5603 1869 5658 illuxit
1898 5603 1994 5674 qui
2022 5603 2212 5657 tabes-

569 5696 766 5748 centes
815 5690 1034 5746 malum
1087 5691 1306 5763 experti
1357 5709 1586 5748 sumus.
1620 5691 1761 5748 Nam
1808 5691 2019 5747 defecit
2048 5695 2211 5747 tuam

2316 4711 2509 4782 στρεψε
2553 4710 2632 4778 τῷ
2678 4702 2960 4777 θαυμασίῳ
2990 4705 3086 4757 τοῦ
3137 4700 3474 4776 πράγματος,
3519 4704 3837 4768 τηνικαῦτα
3885 4700 3965 4754 καὶ

2317 4795 2475 4852 αὐταὶ
2505 4799 2610 4848 τῶν
2662 4793 2799 4848 κατὰ
2843 4791 3005 4847 πόλιν
3057 4791 3299 4868 φρεάτων
3356 4790 3411 4843 αἱ
3440 4783 3636 4867 φλέϐες
3668 4809 3966 4861 συμμεμυ-

2316 4891 2463 4940 κυῖαι
2492 4884 2555 4939 τὸ
2580 4881 2847 4960 τρόφιμον
2891 4881 3052 4956 ὑγρὸν
3103 4884 3218 4941 τοῖς
3262 4877 3584 4954 ἀρυομένοις
3616 4875 3963 4953 ἐποχετεύειν

2319 4975 2417 5030 οὐκ
2461 4970 2670 5050 ἔχουσι.
2731 4969 2829 5026 Καὶ
2878 4967 3044 5024 ταῦτα
3093 4973 3246 5023 ποῖαι
3301 4960 3520 5045 φλέϐες,
3552 4967 3605 5020 αἳ
3657 4967 3751 5020 καί
3807 4968 3965 5039 μέσου

2318 5064 2504 5139 θέρους
2553 5059 2697 5117 πολὺ
2745 5060 2808 5115 τὸ
2855 5059 3021 5114 ποτὸν
3090 5051 3494 5112 ἀναϐάλλουσαι
3549 5055 3638 5109 καὶ
3700 5051 3969 5130 ὑπερελύο

2320 5159 2500 5224 ζουσαι
2537 5198 2551 5223 ,
2605 5158 2704 5219 τῆς
2785 5155 2890 5203 τῶν
2968 5145 3340 5224 ἀρδευομένων
3403 5143 3775 5220 πολυχειρίας
3839 5145 3964 5213 ἦσαν

2323 5242 2606 5316 ὑπέρτεραι
2642 5257 2656 5307 ;
2691 5240 2895 5313 Πάσχει
2949 5235 3104 5291 τουτὶ
3151 5236 3213 5290 τὸ
3243 5236 3414 5296 πάθος
3443 5233 3586 5307 τάχα
3617 5253 3726 5287 που
3755 5237 3967 5308 χειμᾶιο

2317 5351 2409 5392 νος
2439 5328 2529 5384 καὶ
2561 5326 2860 5402 Αἴγυπτος*
2916 5323 3042 5381 ἀλλ’
3091 5324 3145 5378 έν
3195 5321 3378 5378 ἰλπίσι
3426 5326 3545 5383 τοῖς
3597 5320 3712 5376 ἐκεῖ
3747 5323 3782 5376 ὁ
3838 5334 3969 5394 θερι-

2319 5420 2410 5482 νὸς
2441 5415 2663 5490 Νεῖλος,
2693 5415 2782 5471 καὶ
2815 5413 3024 5490 ὀλίγοις
3070 5409 3266 5486 ἱδρῶσι
3294 5418 3396 5486 γῆς
3443 5408 3826 5486 ἀναψύχοντες
3857 5410 3969 5465 ἑαδ-

2319 5507 2466 5578 τοὺς,
2516 5505 2605 5562 ὅτε
2654 5505 2807 5581 θέρος
2858 5502 3186 5576 ἀναλάμψει,
3238 5499 3479 5574 πέλαγος
3525 5500 3700 5573 ὁρῶσι
3730 5501 3839 5567 τὴν
3869 5501 3972 5554 ἑαυ-

2320 5603 2450 5653 τῶν.
2479 5597 2639 5666 Ἡμῖν
2675 5593 2731 5649 δὲ
2772 5596 2840 5648 τὰ
2882 5601 2984 5663 τῆς
3030 5591 3286 5661 τοιαύτης
3337 5586 3565 5650 ἐλπίδος
3601 5584 3847 5660 ἀπέσϐη,
3896 5590 3968 5646 οἷς

2323 5687 2616 5762 φθάσαντες
2667 5683 3020 5760 έπειράσαμεν
3074 5683 3172 5736 τοῦ
3221 5681 3411 5735 κακοῦ.
3463 5674 3838 5735 Ἐπιλιλοιπε
3881 5676 3970 5754 γὶρ
