4104 6210
134 335 265 396 929

1363 325 1879 390 SUPPLICA'I‘IO
1921 328 2077 389 PRO
2121 329 2368 394 CPOLI.

3452 346 3570 406 930

138 469 248 536 τήν
313 468 414 536 σήν
470 462 633 518 πόλιν
667 457 928 531 ὁταύτης
985 459 1268 534 χειμέριος
1327 457 1524 520 ἐκεῖνος
1577 455 1845 528 Νεῖλος-ί

1959 460 2210 518 ivitatem
2245 463 2513 520 hiemalis
2542 467 2670 539 ejus
2701 465 2892 536 Nilus,
2914 472 2969 523 et
3000 470 3205 526 exinde
3237 477 3407 528 instas
3434 492 3566 532 ven-

140 558 244 612 καὶ
275 555 426 612 ἔσται
490 553 681 609 λοιπὸν
743 549 831 604 ἐπὶ
885 550 954 603 τά
1003 548 1123 618 ἑξῆς
1169 548 1232 602 τὸ
1281 546 1436 622 θέρος
1489 547 1627 612 αὐτῇ
1657 546 1809 622 θέρος

143 645 405 717 ἀληθῶς,
466 638 638 698 εἶίτουν
695 637 920 714 φλέγμα
977 637 1166 704 κακὸν,
1225 637 1360 691 κατά
1413 636 1512 704 τὴν
1567 636 1813 707 ποίησιν,

142 735 247 790 καὶ
275 733 550 808 θερμότης
596 728 892 804 πυρόεσσα.
944 727 1020 784 Τὸ
1069 728 1170 801 γὰρ
1221 725 1498 801 ἀναψύχον
1554 724 1722 799 ὕδωρ,
1752 724 1815 780 τό

151 823 466 899 ζωογόνον,
521 821 584 876 τὸ
637 820 957 894 παρήγορον
1020 813 1340 871 ἐπιλέλοιπε
1373 858 1386 872 .
1441 815 1503 869 Ἣ
1563 813 1818 891 εὔκρατος

153 915 238 976 εἷς
298 910 724 983 διακεκαυμένην
784 904 1082 962 κινδυνεύει
1143 901 1432 962 διαπεσεῖν.
1491 906 1646 980 Πηγῆ
1705 905 1821 958 ἀνά-

155 1000 342 1072 ϐαινε,
389 1002 670 1078 γραφικῶς
714 997 908 1065 εἰπεῖν,
965 998 1059 1050 καῖ
1124 992 1340 1049 ἐπότισε
1392 998 1492 1049 πᾶν
1537 995 1600 1048 τὸ
1646 993 1819 1067 πρόσ-

157 1115 320 1150 ωπον
347 1095 448 1167 γῆς
475 1097 576 1161 τῆς
613 1090 732 1163 μὲν,
783 1085 977 1142 οὔκουν
1019 1084 1258 1155 ἀπάσης,
1308 1091 1408 1154 τῆς
1449 1082 1506 1139 δὲ
1550 1087 1689 1140 κατὰ
1716 1091 1820 1160 γῆν

158 1186 382 1240 ἅπασαν
432 1178 748 1256 πρωτίστης
798 1176 1003 1244 ταύτης
1034 1179 1142 1229 τῶν
1191 1171 1429 1231 πόλεων.
1465 1179 1569 1229 Νῦν
1609 1172 1666 1229 δὲ
1695 1171 1826 1228 ἀλλ’

161 1274 275 1328 οὐκ
324 1268 550 1343 οἴδαμεν
596 1267 664 1322 τὰ
708 1273 810 1335 τῆς
859 1262 1121 1335 τοιαύτης
1172 1270 1377 1338 πηγῆς,
1429 1263 1552 1318 ὅποι
1597 1271 1701 1340 γῆς
1735 1262 1826 1319 ἔδυ

160 1363 256 1417 καὶ
292 1357 474 1436 ᾤχετο
522 1358 713 1432 μικρὸν
766 1356 918 1424 ὅσον,
967 1355 1058 1408 καὶ
1114 1353 1251 1407 κατὰ
1278 1352 1405 1414 τοὺς
1437 1352 1489 1408 έν
1518 1357 1588 1427 τῇ
1613 1351 1827 1430 ἀνύδρῳ

163 1452 374 1506 έσεῖται
420 1447 600 1503 κυποὰ
645 1445 736 1500 καὶ
786 1443 921 1513 αὐτὴ
967 1441 1057 1497 καὶ
1109 1439 1344 1515 διψῶσα,
1374 1443 1462 1496 καί
1513 1463 1641 1514 που,
1692 1443 1827 1499 εἰτὸ

163 1540 340 1596 κακὸν
385 1537 474 1594 ἐπὶ
537 1540 722 1609 μεῖζον
770 1532 982 1610 ἀρθείη,
1031 1531 1124 1587 καὶ
1168 1526 1397 1606 ἕρημος*
1449 1532 1538 1586 καὶ
1591 1532 1716 1596 τοὺς
1775 1532 1826 1587 έν

165 1629 314 1703 αὐτῇ
347 1627 445 1683 οὐκ
473 1626 536 1680 ’ἂν
566 1625 791 1695 ὀκνήσοι
839 1642 922 1684 τις
977 1622 1054 1695 μὴ
1093 1620 1184 1676 καὶ
1227 1620 1424 1682 αὐτοὺς
1455 1618 1543 1676 διὰ
1569 1621 1632 1677 τὸ
1663 1620 1832 1677 ἐκλεί-

167 1739 295 1774 πειν
351 1715 528 1792 λέγειν
572 1709 890 1775 ἀλίϐαντας.
942 1708 1085 1782 Ἤδη
1143 1710 1250 1787 πρὸ
1309 1709 1608 1788 ὀφθαλμῶν
1659 1717 1829 1766 κεῖται

165 1810 243 1863 τὰ
304 1803 449 1862 δεινὰ
481 1846 496 1873 ,
552 1802 644 1860 καὶ
703 1799 818 1857 οτίαν
870 1803 906 1869 ἡ
965 1796 1130 1860 πόλις
1184 1799 1538 1874 καταράσεται
1593 1801 1909 1894 κάκωσινΒ

166 1901 286 1951 τῶν
314 1893 582 1960 πολιτῶν,
612 1893 728 1946 ὅσοι
773 1890 866 1963 μὶν
919 1888 976 1943 εὗ
1029 1887 1220 1963 ἔχουσι
1262 1888 1324 1942 τὸ
1377 1887 1452 1950 είς
1497 1893 1676 1961 σῶμα,
1729 1891 1830 1944 οὐκ

171 1981 288 2040 ἔσθ’
349 1984 500 2047 ὅπως
558 1979 819 2057 ὑγιαίνειν
880 1977 1355 2052 συγχωρουμένων
1413 1980 1480 2050 τῇ
1540 1977 1832 2053 αὐχμηρό-

169 2093 330 2146 τητι·
388 2077 494 2126 τῶν
554 2068 612 2125 δὲ
669 2069 804 2124 κατὰ
860 2069 1017 2121 νόσον
1069 2063 1258 2128 ἄλλως
1299 2063 1674 2139 διακειμένων,
1729 2069 1831 2137 τήν

174 2161 539 2240 ψυχαγωγίαν
573 2157 1033 2225 ἀπολωλεκότων,
1083 2155 1174 2210 καὶ
1226 2153 1399 2216 οὕτως
1448 2154 1686 2232 ἐχόντων
1734 2157 1833 2225 τὴν

176 2253 396 2329 ὑγίειαν
423 2246 829 2318 δυσανάκλητον
840 2289 853 2302 .

256 2482 325 2557 γ’.
360 2478 457 2534 Διᾶ
502 2480 669 2532 ταῦτα
715 2471 978 2549 ἐκχέομεν
1027 2473 1062 2541 ἠ
1096 2475 1239 2525 πᾶσα
1287 2468 1451 2532 πόλις
1492 2469 1585 2532 τὰς
1617 2468 1836 2546 καρδίας

178 2575 349 2644 ἡμων
432 2567 662 2623 ἐνώπιον
749 2569 848 2632 τῆς
931 2559 1368 2637 βασιλικωτάτης
1432 2558 1838 2636 φιλανθρωπίας

183 2683 309 2729 σου,
341 2659 431 2714 καὶ
473 2658 573 2724 τήν
625 2657 722 2709 τοῦ
770 2655 864 2706 σοῦ
912 2651 992 2725 ἐφ’
1041 2652 1187 2723 ἡμᾶς
1239 2647 1392 2704 ἐλέου
1440 2649 1598 2723 χύσιν
1655 2648 1838 2704 αἰτού-

193 2761 357 2824 μεθα,
417 2745 784 2816 ποτνιώμενοι
839 2740 929 2795 καὶ
1004 2740 1177 2814 Οερμά
1231 2738 1557 2813 προχέοντες
1615 2735 1838 2812 δάκρυα.

195 2847 476 2895 Ἔκτεινον
526 2835 626 2902 τήν
685 2831 823 2895 θείαν
877 2829 1038 2905 χεῖρά
1090 2848 1207 2900 σου,
1263 2826 1352 2881 καὶ
1397 2825 1538 2881 οὕτω
1584 2826 1841 2890 κελεύσας

190 2927 645 2992 ἀποκατάστησον
676 2920 740 2975 τὸ
769 2916 914 2992 ὕδωρ
964 2916 1051 2972 ἐπὶ
1090 2917 1301 2992 χώραν,
1354 2914 1414 2970 οὐ
1444 2917 1578 2992 πρὸς
1609 2917 1840 2992 ἡμέραν,

191 3019 272 3078 ὡς
306 3016 374 3070 τὰ
424 3021 522 3082 τῆς
571 3016 813 3086 Γραφῆς,
865 3004 993 3061 ἀλλ’
1039 3005 1114 3068 εἷς
1164 3005 1333 3060 αἰῶνα
1379 3003 1530 3076 ὅλον,
1575 3006 1619 3071 ᾦ
1652 3027 1842 3061 συνεπ-

192 3103 448 3173 εκταθείη
481 3101 570 3156 καὶ
598 3100 661 3153 τὸ
692 3098 889 3173 κράτος
937 3101 1038 3162 τῆς
1081 3092 1358 3170 βασιλείας
1408 3114 1522 3150 σου.
1557 3094 1675 3152 Οὐκ
1709 3092 1847 3148 ἔστιν

1919 554 2051 608 tura
2079 568 2209 608 vere
2265 556 2376 608 erit
2433 561 2628 622 aestus,
2680 557 2798 612 sive
2858 559 3130 615 horrenda
3171 569 3568 635 concremalz'o,

1922 642 2245 697 secundum
2283 645 2526 714 possim,
2579 649 2635 699 et
2683 645 2842 702 calor
2888 647 3119 719 igneus.
3159 652 3372 706 Di-fecit
3416 656 3571 709 enim

1926 745 2080 800 aqua
2097 730 2362 786 reﬁciens
2377 732 2672 804 spiritum,
2693 736 2869 789 vitam
2888 752 3174 806 generans
3193 741 3578 815 animumque

1928 817 2299 887 reiocillans;
2332 826 2388 876 et
2435 821 2537 876 illa
2579 823 2724 878 bene
2775 829 3100 897 temperata
3158 828 3215 882 in
3249 830 3458 886 ultimo
3489 841 3582 890 est

1929 907 2269 964 discrimine
2301 926 2371 964 ne
2405 909 2573 982 plane
2598 917 2794 966 exusta
2814 913 3023 982 jaceat.
3063 921 3206 972 Fons
3234 921 3576 990 ascendebat,

1931 999 1995 1050 ut
2019 995 2228 1068 loquar
2257 1000 2580 1054 secundum
2629 1000 3014 1074 Scripturam,
3056 1014 3115 1060 eo
3153 1007 3422 1079 irrz'gabat
3450 1014 3576 1068 uni-

1932 1101 2147 1140 versam
2175 1089 2376 1157 faciem
2398 1091 2705 1154 terr.'e,non
2735 1092 2974 1147 omnino
3009 1095 3245 1165 quidem
3270 1099 3581 1170 universae,

1934 1175 2034 1230 sed
2071 1176 2400 1232 universam
2436 1178 2643 1233 faciem
2691 1179 2869 1250 hujus
2913 1183 3165 1240 civitatis
3197 1203 3323 1258 qua:
3357 1191 3580 1247 caeteris

1936 1264 2213 1320 omnibus
2243 1266 2558 1321 antecellit.
2593 1267 2759 1322 Nunc
2787 1285 2920 1324 vero
2966 1274 3262 1330 nescimus
3293 1282 3580 1348 quomodo

1939 1353 2068 1408 fons
2099 1354 2209 1408 iste
2240 1360 2451 1409 terram
2499 1355 2703 1422 subiit,
2746 1359 2826 1412 ita
2880 1363 2944 1412 ut
2973 1376 3117 1416 vena
3162 1367 3322 1420 tenui
3355 1372 3580 1426 tantum

1939 1445 2190 1505 emanet,
2222 1447 2280 1497 et
2309 1443 2510 1498 civitas
2539 1445 2609 1499 ad
2636 1446 2820 1500 instar
2839 1464 3038 1503 eorum
3073 1453 3170 1522 qui
3208 1453 3263 1507 in
3299 1455 3582 1529 inaquoso

1939 1530 2160 1600 degunt
2188 1531 2376 1586 tristis
2403 1533 2475 1586 sit
2501 1537 2558 1587 et
2588 1533 2911 1601 sitibunda,
2935 1542 2993 1592 et
3023 1537 3360 1610 aliquando,
3384 1545 3431 1600 si
3466 1563 3586 1602 ma-

1942 1617 2062 1672 lum
2098 1621 2154 1672 in
2191 1620 2380 1690 majus
2411 1622 2674 1690 creverit,
2706 1639 2906 1678 verum
2941 1626 3049 1681 erit
3079 1629 3401 1702 desertum,
3433 1635 3590 1705 ejus-

1941 1724 2054 1780 que
2084 1708 2304 1763 incolas
2357 1713 2554 1781 utpote
2601 1713 2730 1767 tabe
2789 1724 3169 1787 consumptos
3218 1722 3470 1793 quisque
3501 1724 3589 1780 in-

1941 1797 2277 1870 dubitanter
2290 1805 2552 1854 mortuos
2575 1800 2738 1872 appel
2752 1801 3044 1867 labit,.lam
3058 1824 3126 1860 an
3140 1812 3191 1860 te
3207 1824 3312 1864 oeu
3327 1811 3406 1866 los
3421 1813 3591 1870 triste

1940 1885 2227 1940 habemus
2257 1888 2681 1958 spectaculum,
2717 1891 2975 1962 urbsque
3008 1895 3221 1952 civium
3263 1916 3586 1958 arumnam

1942 1976 2249 2032 maledicet
2294 1993 2544 2047 quorum
2579 1978 2674 2032 alii
2724 1995 2962 2052 corpore
3015 1983 3160 2039 bene
3191 1987 3452 2045 valentes
3485 2007 3590 2048 ne-

1941 2081 2236 2137 quaquam
2271 2067 2582 2121 sanitatem
2617 2084 2846 2123 servare
2870 2076 3144 2141 poterunt
3173 2083 3411 2149 propter
3439 2079 3592 2136 diffi-

1942 2155 2216 2211 cultatem
2250 2159 2602 2226 temporum,
2639 2157 2733 2210 alii
2782 2164 2974 2214 autem
3018 2160 3353 2221 laborantes
3388 2171 3591 2226 morbo

1943 2249 2001 2299 et
2031 2243 2188 2299 omni
2222 2244 2661 2316 refrigeratione
2691 2252 2954 2303 carentes
2980 2267 3094 2306 non
3120 2254 3229 2308 nisi
3255 2272 3402 2327 aegre
3435 2259 3594 2314 sani-

1942 2338 2120 2389 tatem
2155 2333 2603 2404 recuperabunt.

2015 2470 2067 2524 3.
2099 2468 2409 2539 Propterea
2456 2467 2814 2525 etl'undimus
2867 2472 3139 2530 universa
3184 2477 3386 2535 civitas
3417 2482 3593 2538 corda

1947 2561 2146 2613 nostra
2177 2557 2231 2610 in
2264 2562 2574 2626 conspectu
2621 2559 2996 2629 regalissimaz
3048 2566 3423 2636 benignitatis
3458 2577 3588 2639 tuae,

1947 2657 1998 2704 el
2022 2653 2131 2702 tua:
2154 2662 2291 2717 erga
2315 2663 2419 2699 nos
2437 2645 2757 2702 clementia:
2778 2650 3118 2708 effusionem
3144 2657 3442 2726 poscimus
3457 2677 3591 2715 cum

1950 2737 2088 2792 ﬂetu
2121 2736 2521 2806 deprecantes,
2573 2741 2628 2790 et
2675 2737 2892 2794 calidas
2941 2742 3360 2810 profundentes
3410 2747 3594 2821 laery-

1952 2843 2100 2881 mas.
2136 2823 2402 2879 Divinam
2437 2825 2681 2879 extende
2706 2843 2944 2882 manum
2981 2835 3161 2896 tuam,
3189 2837 3597 2904 tuoquejussu

1952 2915 2098 2970 educ
2127 2929 2339 2984 aquam
2371 2912 2431 2966 in
2480 2917 2719 2980 terram,
2772 2933 2884 2970 non
2928 2919 3166 2988 quidem
3201 2924 3271 2976 ad
3331 2925 3506 2993 diem,
3541 2931 3604 2980 ut

1955 3003 2094 3059 dicit
2118 3002 2438 3072 Scriptura,
2472 3001 2575 3056 sed
2624 3002 2682 3056 in
2734 3008 2921 3059 totum
2969 3007 3272 3079 saaculum,
3314 3029 3418 3083 per
3447 3016 3602 3084 quod

1959 3097 2298 3164 permaneat
2344 3090 2576 3161 imperii
2627 3091 2709 3145 tui
2764 3094 3062 3150 fortitudo.
3115 3120 3143 3147 «
3175 3099 3298 3154 Non
3338 3106 3428 3156 est
3453 3120 3605 3174 aqua

195 3192 350 3269 ὕδωρ
412 3195 491 3262 τῷ
549 3187 667 3260 λαῷ
711 3191 873 3275 πιεῖν²
937 3181 1036 3275 δὸςΔ
1083 3186 1219 3275 ἡμῖν
1270 3179 1438 3257 ὕδωρ,
1483 3181 1574 3275 ’ἕνα
1604 3183 1840 3275 πίωμεν.

1959 3180 2170 3254 populo
2192 3181 2263 3235 ad
2287 3179 2637 3247 bibendum;
2662 3182 3146 3254 danobisaquam
3169 3195 3228 3242 ut
3250 3189 3546 3246 bibamus.
3575 3214 3603 3240 »

192 3268 359 3338 Ἀλλ’
390 3280 562 3335 ἐκεῖνο
597 3277 690 3350 μὲν
741 3269 898 3350 ἔλεγε
945 3272 1082 3349 πρὸς
1118 3273 1208 3326 τὸν
1258 3275 1354 3326 τοῦ
1385 3275 1518 3327 Θεοῦ
1549 3268 1848 3347 θεράποντα

193 3375 442 3439 Μωυσῆν
489 3366 793 3443 γογγυστής
853 3361 1004 3433 λαός,
1056 3358 1580 3437 σκληροτράχηλος,
1633 3362 1854 3427 καὶτῆς

198 3461 461 3537 βρώσεως
498 3455 573 3512 ἔτι
625 3452 790 3524 οῦσης
837 3447 940 3507 ἔσω
990 3450 1259 3524 στόματος
1299 3454 1397 3504 τοῦ
1444 3449 1723 3525 εὐεργέτου
1753 3471 1854 3505 κα-

192 3548 478 3606 ταλαλῶν.
516 3546 614 3600 Καὶ
646 3542 818 3606 οὕτως
851 3539 996 3617 ἔχων
1029 3573 1097 3583 ——
1121 3537 1249 3594 ἀλλ’
1289 3538 1627 3609 είσηκούετο.
1662 3541 1853 3612 Ἡμεῖς

199 3637 280 3706 δὲ,
316 3636 448 3697 λαὸς
495 3634 810 3710 εὐγνώμων,
864 3627 1052 3685 δοῦλοι
1102 3626 1158 3682 εὖ
1195 3628 1341 3700 μάλα
1379 3628 1683 3700 ἠσκημένοι
1714 3628 1853 3703 πρὸς

200 3728 406 3793 πίστιν,
463 3723 593 3784 λαὸς
646 3722 877 3794 μνήμων
931 3718 1269 3794 εὐεργεσιῶν,
1319 3716 1661 3792 εὐχάριστος,
1696 3714 1857 3781 εἰδὼς

207 3812 473 3893 ἀκριϐῶς,
506 3813 586 3874 τίς
634 3813 662 3865 ὁ
713 3807 1000 3878 δεσπότης,
1031 3807 1114 3870 τίς
1142 3807 1169 3861 ὁ
1207 3807 1417 3879 σώζων,
1450 3806 1528 3868 τίς
1561 3807 1590 3861 δ
1619 3807 1851 3893 τρέφων,

198 3892 288 3969 τίς
318 3907 346 3959 ὁ
381 3907 474 3976 ζῇν
526 3904 701 3956 ποιῶν
752 3895 1012 3976 ἀσφαλῶς
1171 3896 1274 3971 γὰρ
1309 3894 1369 3949 ἂν
1419 3893 1608 3967 εἴημεν
1637 3892 1852 3971 ἀλογώ-

199 4015 353 4070 τεροι
385 3993 473 4047 καὶ
517 3995 625 4045 τῶν
672 3988 818 4064 παρὰ
862 3991 942 4058 τῷ
990 3987 1247 4061 προφήτῃ
1297 3985 1473 4053 ζώων,
1525 3983 1558 4037 ἃ
1605 3983 1730 4046 τοὺς
1761 4006 1854 4038 κυ-

203 4085 357 4159 ρίους
433 4077 547 4135 οἶδε
602 4077 691 4133 καὶ
767 4075 895 4139 τοὺς
968 4072 1337 4147 κτησαμένους
1395 4072 1548 4146 αὐτά)
1584 4094 1595 4106 ·
1656 4070 1854 4127 δίκαιοι

198 4172 385 4228 τοίνυν
440 4173 604 4242 ἡμεῖς
665 4167 741 4241 μὴ
798 4162 1094 4220 διεκπεσεῖν
1128 4206 1141 4232 ,
1199 4163 1261 4217 οὗ
1317 4163 1605 4224 ποθοῦντες
1678 4161 1857 4217 αἶ’τού-

207 4264 370 4337 μεθα.

278 4375 344 4434 δ’.
379 4369 807 4447 Ἀντεπεξήγαγέ
857 4389 989 4425 ποτε
1041 4366 1266 4443 βριαρὰς
1325 4371 1517 4441 γεῖρας
1564 4368 1598 4435 ἡ
1633 4367 1862 4441 κραταιᾶ,

205 4465 463 4539 βασιλεία
510 4483 608 4517 σου
652 4467 731 4534 ’ιῷ
782 4457 1108 4530 παλαμναίῳ
1151 4455 1338 4528 ἐκείνῳ
1381 4454 1608 4528 σεισμῷ,
1639 4461 1733 4509 καῖ
1761 4455 1860 4510 ὅσα

1962 3271 2073 3327 Sed
2105 3270 2260 3324 istud
2295 3269 2528 3340 quidem
2574 3269 2720 3323 dixnt
2761 3271 2831 3324 ad
2878 3272 3164 3330 famulum
3218 3278 3312 3332 Dei
3346 3279 3602 3351 Moysem

1965 3358 2306 3415 mussitator
2337 3356 2609 3428 pupulas,
2644 3359 2905 3429 duraque
2954 3364 3198 3429 cervice,
3228 3372 3284 3420 et
3334 3368 3474 3422 dum
3508 3371 3609 3424 ad-

1963 3448 2079 3503 huc
2111 3465 2241 3502 esca
2269 3453 2424 3501 esset
2477 3446 2536 3500 in
2595 3463 2693 3501 ore
2753 3449 3027 3504 nutritori
3083 3453 3451 3512 maledicens.
3501 3458 3610 3524 Qui

1963 3537 2097 3592 licet
2126 3534 2260 3590 talis
2291 3539 2464 3603 esset,
2512 3552 2624 3590 non
2667 3540 2860 3590 tamen
2915 3539 3112 3595 minus
3165 3545 3608 3602 exaudiebatur.

1966 3625 2080 3682 Nos
2110 3630 2329 3693 autem,
2357 3623 2562 3680 docilis
2597 3624 2865 3695 populus,
2899 3629 3045 3682 servi
3081 3633 3151 3684 ad
3185 3633 3356 3687 tidem
3392 3636 3611 3706 optime

1962 3712 2218 3779 exerciti,
2255 3715 2504 3783 populus
2544 3713 2959 3770 beneﬁciorum
2992 3735 3234 3789 memor,
3261 3728 3319 3776 et
3347 3724 3612 3793 gratissi-

1965 3822 2118 3874 mus,
2153 3803 2384 3874 penitus
2416 3803 2804 3873 intelligentes
2832 3809 2967 3878 quis
2999 3810 3297 3878 dominus,
3330 3813 3461 3884 quis
3493 3813 3609 3870 sal-

1964 3899 2148 3962 vator,
2182 3894 2315 3965 quis
2361 3893 2614 3948 nutritor
2667 3898 2861 3962 (secus
2910 3897 3064 3952 enim
3126 3916 3391 3958 essemus
3422 3905 3614 3974 stupi-

1965 3984 2156 4038 diores
2201 3999 2374 4053 quam
2423 3984 2576 4052 apud
2632 3983 2976 4054 prophetam
3023 3987 3300 4043 animalia
3340 4007 3468 4063 quis
3509 3995 3613 4048 do-

1967 4072 2159 4126 minos
2193 4077 2471 4126 noverunt
2515 4077 2569 4125 et
2619 4077 3035 4146 possessores),
3084 4077 3242 4149 digni
3296 4079 3478 4151 igitur
3510 4099 3617 4138 nos

1969 4166 2032 4217 ut
2062 4177 2175 4214 non
2210 4159 2546 4229 rejiciamur
2577 4161 2830 4218 maximo
2879 4163 3265 4235 imploramus
3297 4169 3610 4230 desiderio.

2042 4367 2092 4420 4.
2146 4365 2412 4419 Extendit
2461 4365 2597 4419 olim
2658 4367 2880 4423 validas
2943 4386 3151 4426 manus
3209 4375 3620 4443 potentissima

1973 4457 2250 4526 majestas
2279 4460 2380 4509 tua
2414 4456 2470 4509 in
2507 4457 2736 4511 funesto
2769 4457 2868 4511 illo
2903 4463 3066 4514 terrm
3101 4467 3284 4529 motu,
3318 4467 3374 4517 et
3404 4468 3622 4534 quanta

203 4552 622 4612 καταπαλαίσας
678 4548 864 4626 βαλεῖν
922 4547 996 4608 εἰς
1054 4553 1156 4622 γῆν
1216 4546 1380 4607 αὐτὸς
1429 4543 1834 4636 ἐφιλονείκησεν

1971 4545 2067 4599 hic
2098 4550 2392 4598 commota
2442 4550 2594 4600 terra
2635 4547 2865 4617 dejeeit,
2920 4553 3078 4603 tanta
3137 4551 3320 4620 pietas
3351 4557 3453 4606 tua
3499 4568 3622 4608 ma-

208 4644 351 4710 αὐτή
423 4640 734 4718 φιλοτιμως
787 4637 1044 4705 ἀνέστησε
1078 4679 1094 4702 ,
1148 4634 1238 4688 καὶ
1311 4631 1678 4708 καταῤῥυέντα
1732 4653 1867 4686 συν-

207 4733 379 4802 έπηξε
428 4727 690 4790 δαπάναις
750 4725 967 4802 μυρίαις
1017 4723 1167 4784 ὅσαις
1213 4721 1304 4777 καὶ
1359 4725 1573 4797 χρυσοῦ
1620 4722 1870 4790 κενώσει,

207 4823 272 4883 ὃς
327 4820 419 4874 καὶ
473 4817 666 4892 μέτρον
705 4821 811 4871 πᾶν
855 4813 1244 4887 ὑπερπέπαικε.
1303 4811 1404 4868 Καὶ
1455 4809 1695 4865 ἱστάνται
1739 4830 1870 4880 στη-

209 4910 334 4978 λαι,
380 4909 478 4976 τὴν
519 4904 779 4975 τοιαύτην
826 4900 1145 4980 φιλοτιμίαν
1203 4900 1544 4976 ἀνάγραπτον
1589 4897 1869 4976 φέρουσαι,

207 4999 280 5054 τὰ
311 4999 596 5072 πανταχοῦ
621 5001 728 5070 γῆς
780 4994 898 5046 θεῖα
949 4989 1168 5062 τεμένη,
1221 4990 1423 5064 ὅσαπερ
1455 4991 1490 5058 ἡ
1521 4992 1620 5043 τοῦ
1670 4989 1874 5065 φρικώ-

213 5086 344 5148 δους
401 5084 609 5140 ἐκείνου
663 5085 832 5138 κακοῦ
892 5077 1268 5154 ἀνεμόχλευσε
1323 5077 1679 5132 κατασείσασα
1756 5077 1874 5152 τρί-

213 5197 362 5232 αινα.

293 5321 351 5377 ε’.
385 5319 549 5372 Γενοῦ
605 5312 810 5381 τοίνυν,
863 5309 1313 5387 εὐεργετικώτατε
1374 5306 1682 5384 βασιλέων,
1743 5309 1875 5383 ὅπερ

219 5407 449 5467 ἐκείνοις
481 5401 780 5464 Πακτωλός
822 5421 905 5463 τις
956 5397 1301 5476 χρυσοῤῥόας
1345 5394 1518 5452 πολὺν
1549 5397 1640 5451 τὸν
1675 5397 1878 5472 χρυσὸν

221 5497 302 5560 εἷς
354 5491 599 5562 δαπάνην
658 5489 966 5568 προῤῥέων,
1021 5486 1163 5542 οὕτω
1222 5483 1289 5554 δὴ
1346 5483 1437 5539 καὶ
1489 5486 1625 5558 ἡμῖν
1685 5483 1879 5547 Νεῖλος

224 5581 438 5660 θιρινοῦ
486 5582 806 5656 παρήγορος
856 5576 1156 5638 καύσωνος*
1221 5571 1433 5660 μᾶλλον
1497 5574 1593 5648 μὶν
1653 5574 1745 5629 οὖν
1788 5573 1879 5629 καὶ

223 5679 415 5756 ἄμφω,
467 5669 672 5748 χρυσὸν
726 5663 1054 5747 προϐλύζων
1113 5665 1199 5720 καὶ
1260 5659 1404 5741 ὕδωρ
1464 5661 1640 5727 οὕτως
1688 5661 1882 5740 ἐποχε-

1978 4632 2188 4703 gniiice
2230 4633 2411 4686 erexit
2469 4638 2525 4687 et
2581 4637 2810 4689 ruentia
2866 4639 3232 4692 confirmavit
3288 4641 3625 4713 sumptibus

1979 4721 2308 4776 innumeris
2339 4726 2394 4774 et
2425 4721 2612 4776 multa
2641 4723 2766 4776 auri
2802 4726 3155 4794 profusione,
3191 4728 3342 4798 quod
3390 4745 3627 4784 omnem

1981 4810 2289 4881 superabat
2322 4826 2687 4865 mensuram.
2727 4813 2854 4867 ideo
2885 4820 3044 4868 stant
3081 4817 3366 4870 columme
3401 4823 3626 4874 tantam

1983 4898 2447 4954 muniﬁcentiam
2478 4897 2817 4970 inscriptum
2852 4904 3253 4971 praedicantes,
3285 4911 3339 4960 et
3370 4923 3438 4961 ex
3467 4909 3630 4962 omni

1984 4994 2148 5044 terra:
2181 4993 2342 5057 parte
2373 4988 2594 5057 templa
2624 4989 2819 5044 divina
2867 5008 2994 5060 quas
3041 4994 3284 5048 funestae
3320 4995 3504 5051 cladis
3531 4996 3634 5051 tri-

1985 5079 2130 5132 dens
2156 5093 2443 5131 concussa
2476 5077 2808 5147 prostravit.

2056 5311 2110 5364 5.
2159 5310 2253 5364 Sic
2301 5326 2437 5382 ergo
2499 5310 2688 5378 hodie,
2750 5311 3169 5386 imperatorum
3229 5317 3636 5379 beneﬁcentis-

1988 5398 2157 5468 sime,
2192 5399 2344 5454 sicut
2379 5399 2492 5454 illis
2524 5401 2685 5456 fuisti
2737 5402 3005 5462 Pactolus
3052 5408 3292 5478 quidam
3325 5410 3636 5481 auriﬂuus,

1989 5504 2132 5543 auro
2166 5488 2350 5544 multo
2383 5489 2439 5542 in
2466 5495 2737 5560 sumptus
2763 5493 3076 5562 profluens,
3100 5497 3180 5552 ita
3203 5505 3258 5553 et
3281 5501 3451 5554 nobis
3472 5500 3637 5556 Nilus

1990 5576 2091 5648 qui
2124 5578 2386 5631 :estivum
2422 5579 2656 5648 mitigat
2684 5585 2916 5650 aestum,
2949 5600 3049 5638 seu
3086 5586 3283 5656 potius
3314 5595 3633 5662 utrumque

1990 5665 2099 5721 ﬁas
2133 5665 2321 5737 nobis,
2353 5665 2572 5722 civitati
2604 5670 2715 5724 tum
2746 5685 2956 5727 aurum
2996 5674 3358 5746 profundens
3406 5681 3462 5735 et
3501 5678 3639 5737 vivi-
