4104 6210
378 368 387 377 -
457 328 572 390 9.35

1238 328 1659 394 EUSTATHII
1704 328 2470 394 THESSALONICENSIS
2518 332 3102 395 METROPOLITzE

3762 334 3877 397 936

460 472 525 521 ut
553 467 881 523 secundum
934 464 1306 521 Psalmistam
1360 463 1589 534 loquar,
1640 463 1697 517 in
1748 462 1964 534 quibus
1997 482 2095 519 nos

2222 461 2475 536 βασιλεὺς
2524 460 2871 519 διεδείκνυτο.
2929 463 3034 519 Καὶ
3063 465 3131 533 ἦν
3181 468 3345 519 τοῦτο
3396 466 3595 537 κρότος
3643 484 3735 525 τις
3778 484 3873 518 πο-

457 554 637 611 laetati
661 572 870 611 sumus
895 560 1129 627 propter
1147 552 1463 609 Jordanem
1490 552 1722 619 quidem
1745 552 1892 607 festa
1913 568 2106 622 agere,

456 661 566 700 nec
598 661 711 700 non
742 651 981 717 propter
1010 643 1379 698 abundantes
1430 646 1779 712 tropaeorum
1822 641 2107 712 regalium

456 732 803 789 diﬂusiones
853 732 1101 787 ﬂumina
1161 730 1432 800 plaudere
1494 728 1769 784 manibus
1820 729 1891 784 ad
1952 729 2106 785 idem

458 822 660 878 referri
690 821 1051 893 putavimus.
1116 819 1303 891 thue
1363 818 1550 891 magis
1594 835 1663 874 ex
1720 817 1838 874 illis
1869 818 2107 874 Davidis

458 910 728 968 hauriam
756 909 947 965 verbis
974 926 986 965 :
1021 909 1328 964 invocabat
1356 908 1605 979 abyssus
1643 908 1920 977 abyssum
1950 925 1964 975 ;
1998 911 2106 962 ﬂu-

455 1000 584 1056 vius
613 998 709 1054 ille
736 998 930 1069 abyssi
962 996 1374 1053 misericordia
1411 999 1557 1052 hanc
1582 995 1902 1051 illustrium
1936 996 2106 1068 abys—

454 1103 588 1144 sum
646 1087 975 1143 facinorum
1033 1086 1340 1142 invocabat
1397 1085 1456 1142 in
1512 1101 1709 1141 vocem
1761 1101 1872 1140 non
1908 1084 2106 1141 minus

454 1193 633 1248 quam
664 1180 957 1233 cataracta
997 1174 1355 1247 mugientem
1388 1174 1748 1246 auribuspue
1779 1178 2101 1230 tonantem.

524 1395 579 1448 2.
616 1393 684 1448 Et
710 1392 835 1449 haec
881 1393 1120 1464 quidem
1171 1392 1281 1446 fuit
1312 1390 1454 1445 mihi
1501 1391 1796 1461 quondam
1827 1392 1885 1443 ct
1915 1405 2103 1459 usque

453 1484 525 1538 ad
586 1482 736 1537 hanc
783 1482 937 1537 diem
997 1482 1086 1536 lex
1144 1479 1323 1536 semel
1372 1481 1612 1548 jubens,
1671 1479 1793 1533 sole
1849 1477 2102 1549 singulis

454 1572 627 1628 annis
658 1571 715 1626 in
746 1571 1019 1626 eumdem
1053 1570 1243 1625 locum
1278 1570 1580 1634 redeunte,
1614 1566 1871 1638 provolvi
1904 1582 2098 1621 coram

454 1659 646 1732 adytis
676 1665 978 1731 gestorum
1010 1657 1381 1730 imperatoris
1415 1657 1692 1722 felicium,
1725 1654 1882 1711 velut
1907 1670 2098 1709 coram

454 1750 570 1805 Deo
600 1751 932 1806 sacerdotes
960 1749 1106 1821 legis
1144 1748 1374 1814 veteris,
1414 1748 1495 1802 ita
1542 1751 1601 1802 et
1633 1762 1736 1801 nos
1785 1746 2100 1818 imperato-

454 1854 577 1893 rem
609 1839 805 1894 divino
835 1838 1054 1909 Spiritu
1106 1838 1350 1892 ductum
1402 1835 1732 1891 allocuturi.
1770 1834 1934 1888 Nunc
1964 1834 2097 1905 qui-
2130 1857 2175 1922 Β

454 1930 585 1983 dem
616 1928 889 1983 Jordanis
920 1943 1013 1981 me
1044 1926 1420 1997 prmterl‘ugit,
1453 1924 1598 1980 alter
1618 1930 1812 1979 autem
1847 1939 1942 1978 me
1971 1940 2100 1978 sus-

454 2018 597 2089 cipit
624 2017 839 2072 ﬂuvius
898 2017 998 2087 qui
1048 2015 1243 2070 exsilit
1292 2031 1360 2069 cx
1415 2013 1620 2085 gratiis
1673 2012 1768 2068 Dei
1829 2011 1996 2083 quasi
2030 2027 2099 2067 ex

454 2105 652 2178 abyssi
716 2105 1004 2174 fontibus,
1056 2108 1545 2175 unguentumque
1594 2100 1814 2156 redolet
1861 2105 1986 2154 tum
2038 2106 2111 2154 re

456 2199 578 2251 tum
608 2194 864 2250 nomine.
933 2193 1199 2248 Refertus
1248 2192 1358 2245 fuit
1411 2190 1694 2262 prodigiis
1752 2207 1867 2244 non
1899 2189 2100 2243 minus

455 2299 633 2355 quam
666 2282 942 2338 ﬂuctibus
972 2281 1286 2337 ﬂuminum
1319 2296 1445 2351 quas
1491 2278 1753 2333 ditantur
1784 2275 2008 2342 rivulis,
2042 2279 2101 2331 et

452 2374 584 2429 ideo
642 2372 883 2428 omnino
960 2386 1198 2427 necesse
1265 2377 1356 2425 est
1412 2384 1505 2423 me
1581 2367 1802 2427 in.hoc
1855 2366 2100 2421 ﬂumine

452 2462 745 2533 immergi,
778 2477 850 2516 ne
906 2460 1167 2531 undique
1221 2458 1290 2512 ad
1349 2456 1506 2511 hunc
1539 2452 1793 2528 regalem
1854 2452 2096 2509 ﬂuvium

453 2548 752 2603 conﬂuant
778 2546 1060 2602 orationis
1104 2544 1295 2600 rivuli.
1342 2544 1503 2607 Quod
1555 2559 1788 2614 semper
1834 2543 2096 2613 quandiu

453 2639 667 2706 vixero,
721 2654 853 2709 pars
902 2636 1013 2690 sim
1074 2630 1465 2705 imperialium
1528 2639 1897 2703 trOpasorum,
1951 2630 2098 2685 nihil

455 2742 668 2782 novum
698 2729 1080 2796 ;justumque
1103 2726 1259 2779 esset
1282 2739 1371 2776 me
1400 2724 1572 2776 etiam
1597 2727 1893 2775 mortuum
1919 2719 2096 2774 talem

458 2832 715 2877 manere.
747 2815 940 2868 divino
970 2814 1296 2882 inspirante
1347 2810 1621 2877 ﬂamine;
1664 2809 1765 2863 sed
1823 2825 1954 2863 cum
1988 2808 2098 2865 hoc

457 2919 570 2958 non
604 2904 682 2959 sit
736 2904 793 2956 in
846 2908 1044 2956 nostra
1101 2904 1404 2970 potestate,
1454 2896 1665 2952 saltem
1725 2898 1781 2950 in
1823 2896 2096 2967 praesenti

456 3008 560 3064 per
588 2992 765 3047 vitam
797 2990 956 3061 loqui
989 3006 1098 3045 non
1133 2987 1421 3043 desinam.
1464 2986 1642 3041 Aliter
1688 2986 1842 3040 enim
1878 2985 2097 3042 nullius

454 3081 674 3154 gratias
731 3082 976 3135 facerem
1030 3078 1222 3150 pretii,
1282 3092 1417 3131 cum
1484 3076 1623 3147 ipsae
1681 3073 1808 3129 laete
1869 3092 1959 3129 me
2014 3075 2095 3130 sic

454 3171 786 3240 aspexerint
814 3175 871 3224 et
917 3167 1166 3223 dulciter
1215 3166 1355 3220 mibi
1408 3164 1779 3230 subriserint,
1830 3165 2095 3235 mihique

452 3259 685 3315 illarum
718 3274 857 3330 erga
914 3257 1323 3328 imperatorem
1381 3254 1754 3325 antiquarum
1809 3253 2094 3309 festivita-

448 3354 574 3404 tum
602 3348 855 3419 singulis
885 3345 1055 3401 annis
1087 3342 1509 3399 recurrentium
1561 3344 1844 3414 pretiosas
1877 3358 2092 3397 merce-

449 3438 550 3493 des
581 3438 802 3509 largitas
831 3440 991 3491 sunt.
1026 3434 1140 3507 Ego
1172 3437 1368 3489 autem
1404 3432 1697 3504 meipsum
1733 3439 2005 3487 converto
2037 3437 2094 3486 et

447 3529 520 3584 ad
578 3526 980 3582 excutiendam
1060 3522 1351 3595 pigritiam
1409 3522 1667 3592 suscipio
1739 3537 2089 3588 sermonem,

448 3617 684 3688 quando
717 3616 904 3685 magis
934 3629 1169 3668 necesse
1200 3617 1289 3668 est
1316 3611 1550 3666 excitari
1602 3616 1657 3664 et
1688 3627 1821 3664 cum
1868 3610 2088 3664 sobrie-

448 3711 565 3761 tate
622 3705 802 3777 loqui.
861 3704 1149 3758 Erubesco
1208 3703 1278 3756 de
1355 3703 1461 3755 hac
1513 3698 1703 3754 amica
1761 3699 2092 3769 nutricique

446 3776 778 3866 eloquentia
822 3811 948 3864 quae
1007 3808 1100 3846 me
1159 3791 1350 3845 adhuc
1402 3806 1671 3861 puerum,
1703 3776 1759 3843 et
1814 3788 2092 3860 lanugine

447 3884 708 3939 nondum
761 3882 1033 3936 vestitum
1085 3880 1375 3934 rhetorem
1425 3877 1647 3947 regium
1710 3879 2088 3948 proponebat,

447 3972 682 4042 quando
715 3971 867 4025 Deus
901 3983 1087 4039 nuper
1135 3969 1191 4022 in
1241 3966 1341 4021 illa
1370 3967 1507 4021 sede
1550 3972 1606 4020 te
1660 3966 2089 4037 constituisset,

445 4068 502 4116 et
534 4066 669 4115 tunc
728 4059 947 4113 fontem
995 4055 1340 4126 eloquentiae
1390 4054 1637 4125 aperuit,
1691 4061 1890 4126 postea
1918 4055 2088 4109 vehe-

445 4148 791 4205 mentiorem
826 4146 1042 4201 factum
1075 4160 1282 4198 rursus
1314 4143 1730 4207 manifestavit,
1758 4160 1829 4196 an
1864 4143 2088 4213 specio-

444 4239 567 4294 sior
596 4242 653 4291 et
676 4234 967 4307 ecpiosior
1018 4233 1095 4288 sit
1137 4232 1235 4288 illo
1280 4232 1580 4302 fontejam
1642 4238 1983 4300 memorato,
2014 4248 2087 4287 an

443 4326 665 4401 pariter
694 4323 940 4379 indivise
982 4320 1415 4393 tranquilleque
1460 4326 1717 4385 emanet,
1766 4337 1839 4375 an
1874 4321 2091 4393 pariter

443 4420 597 4471 recte
627 4415 701 4471 ab
730 4414 886 4468 exitu
917 4411 1119 4467 efﬂuat
1162 4416 1219 4465 et
1265 4411 1391 4464 sine
1434 4410 1680 4465 circuitu
1733 4416 1950 4477 currat,
1982 4426 2088 4478 ego

442 4505 682 4578 quidem
715 4502 929 4559 nescio.
956 4501 1164 4556 Verum
1198 4499 1291 4554 hic
1322 4501 1392 4555 ad
1427 4515 1520 4554 me
1551 4499 1944 4571 evangelicum
1977 4499 2085 4555 im-

2216 555 2424 623 ταμῶν,
2459 552 2626 607 εἰπεῖν
2672 549 2990 625 ψαλμικῶς,
3035 552 3125 607 καὶ
3156 554 3242 616 οἷς
3298 554 3460 625 ἡμεῖς
3518 549 3870 628 διεχεόμεθα.

2215 639 2290 697 Τὸ
2324 640 2418 712 μὲν
2452 639 2538 695 ἐπὶ
2568 644 2647 713 τῷ
2697 638 2942 715 Ἰορδάνῃ
2990 640 3192 715 ἑόρτια,
3223 641 3288 697 τὸ
3320 639 3377 697 δὲ
3421 640 3507 696 ἐπὶ
3539 647 3663 704 ταῖς
3696 639 3873 696 πολυ-

2215 728 2449 804 χεύμοσι
2487 734 2595 784 τῶν
2648 727 2947 802 βασιλικῶν
2999 730 3274 805 τροπαίων
3320 730 3653 806 προχεύσεσι
3706 750 3872 784 ποτα-

2219 815 2354 889 μοὺς
2393 823 2605 893 κροτεῖν
2654 817 2802 895 χειρὶ
2851 817 2939 873 ἐπὶ
2970 819 3030 874 τὸ
3079 819 3210 874 αύτό
3254 816 3601 891 ἐδοξάζομεν.
3638 818 3742 873 Καὶ
3786 816 3875 873 ἳνα

2212 910 2310 961 τοῦ
2364 910 2649 963 Δαυϊτικοῦ
2699 907 2966 984 ῥεύματος
3011 905 3099 962 ἐπὶ
3150 906 3319 962 πλέον
3366 907 3655 983 άρύσαιμι,
3707 927 3872 979 προε-

2212 993 2434 1051 καλεῖτο
2483 991 2715 1059 ἄϐυσσος
2759 991 3012 1066 ἄϐυσσον,
3062 997 3312 1069 ποταμὸς
3373 995 3581 1059 ἐκεῖνος
3632 991 3873 1051 ἀϐύσσου

2214 1081 2399 1147 ἐλέους
2456 1080 2683 1141 ἄϐυσσον
2746 1085 2947 1155 ταύτην
3007 1086 3453 1159 κατορθωμάτων
3514 1085 3591 1148 εἰς
3654 1088 3868 1161 φωνὴν,

2214 1169 2370 1228 οὐδὲν
2430 1174 2594 1243 ἧττον
2653 1175 2992 1251 καταράκτου
3052 1175 3363 1250 βροντῶσα)
3428 1174 3504 1237 εἷς
3574 1173 3721 1244 ἀκοὴ
3780 1174 3870 1229 καὶ

2213 1260 2530 1332 ἐξάκουστον
2541 1306 2554 1320 .

2285 1388 2351 1463 β’.
2380 1388 2485 1444 Καὶ
2509 1392 2679 1444 ταῦτα
2712 1390 2807 1462 μὲν
2858 1409 2951 1462 μοι
3006 1388 3137 1465 ἄχρι
3185 1389 3276 1444 καὶ
3327 1388 3505 1464 ἐσάρτι
3556 1388 3650 1444 καὶ
3699 1390 3871 1461 νόμος

2208 1497 2292 1539 τις
2325 1477 2483 1539 οὗτος
2514 1474 2708 1547 ἔκειτο,
2742 1479 2886 1547 ἅπαζ
2915 1499 3021 1533 που
3072 1477 3427 1550 θεμιστεύων,
3476 1485 3578 1546 τῆς
3623 1476 3869 1548 ἡλιακῆς

2209 1564 2373 1619 αὐτοῦ
2431 1565 2913 1628 ἀποκαταστάσεως
2965 1566 3041 1629 εἷς
3097 1566 3165 1621 τά
3213 1572 3322 1622 τῶν
3382 1565 3687 1643 βασιλικῶν
3728 1588 3867 1643 προ-

2209 1653 2428 1709 κύπτειν
2485 1656 2922 1731 κατορθωμάτων
2985 1653 3174 1724 ἄδυτα,
3230 1658 3370 1720 καθὰ
3426 1660 3545 1727 Θεῷ
3589 1655 3724 1718 τοὺς
3774 1661 3870 1711 τοῦ

2207 1740 2544 1798 παλαιτάτου
2602 1745 2776 1816 νόμου
2828 1745 3032 1820 ἱερεῖς,
3090 1745 3234 1799 οὕτω
3295 1744 3512 1821 βασιλεῖ
3562 1744 3656 1800 καὶ
3719 1747 3867 1817 ἡμᾶς

2209 1830 2373 1904 ἐνθὲῳ
2430 1833 2984 1906 προσομιλήσοντας.
3045 1837 3156 1890 Νὖν
3218 1831 3277 1888 δὲ
3333 1834 3363 1889 6
3424 1834 3519 1906 μὶν
3581 1831 3869 1908 Ἰορδάνης

2207 1920 2662 1997 παραῤῥυΐσκεταί
2714 1943 2800 1994 με,
2851 1920 3022 1984 ἄλλος
3054 1919 3112 1977 δὲ
3158 1922 3408 1996 ποταμὸς
3451 1920 3866 1997 μπεκδέχεται,

2206 2011 2265 2072 ’ὃς
2298 2010 2539 2086 χαρίτων
2574 2011 2666 2084 μὲν
2711 2015 2846 2066 Θεοῦ
2894 2008 3208 2078 ἀναποδύει,
3241 2011 3340 2066 ὅσα
3382 2011 3473 2066 καὶ
3523 2012 3575 2084 ξ
3622 2007 3864 2067 ἀϐύσσου

2206 2105 2423 2174 πηγῶν*
2461 2100 2632 2175 μύρου
2662 2097 2719 2155 δὲ
2762 2095 2935 2156 ὄδωδε
2976 2101 3113 2176 πρὸς
3161 2102 3224 2155 τὸ
3255 2106 3479 2177 πρᾶγμα
3526 2102 3619 2155 καὶ
3660 2097 3858 2173 ὄνομα.

2209 2186 2463 2260 Ηὲπληθε
2492 2186 2549 2243 δὲ
2580 2190 2845 2262 θαύμασιν
2892 2189 2999 2264 οὐχ
3025 2187 3208 2258 ’ἦττον
3258 2192 3292 2259 ἤ
3337 2189 3571 2263 νάμασιν
3602 2190 3718 2245 τῶν
3769 2212 3863 2245 πο-

2205 2283 2418 2351 ταμῶν,
2452 2279 2504 2332 οἳ
2533 2276 2834 2333 πλουτοῦσι
2881 2284 2998 2341 τοῖς
3047 2278 3296 2354 ῥεύμασι·
3341 2279 3432 2334 καὶ
3482 2281 3673 2354 χρεὼν
3726 2280 3862 2334 πάν⁸

2205 2387 2314 2429 τως
2343 2366 2433 2422 καὶ
2464 2364 2554 2421 διὰ
2580 2373 2741 2423 τοῦτο
2783 2372 2864 2439 τῷ
2909 2372 3147 2440 ποταμῷ
3196 2367 3386 2440 ἐκείνῳ
3433 2363 3739 2441 ἐμϐάπτειν
3777 2389 3865 2441 με,

2202 2452 2294 2510 ’ἱνα
2341 2457 2417 2528 μὴ
2467 2455 2808 2531 πανταχόθεν
2858 2457 2886 2511 6
2921 2455 3206 2531 βασιλικὸς
3262 2456 3421 2519 οὗτος
3474 2458 3732 2530 ποταμὸς
3782 2455 3865 2529 εῗη

2206 2548 2311 2599 τῶν
2364 2549 2461 2599 τοῦ
2510 2543 2675 2619 λόγου
2720 2544 3000 2621 ῥευμάτων
3051 2546 3164 2600 οἷον
3223 2547 3567 2621 μισγάγκεια.
3621 2547 3730 2603 Καὶ
3788 2547 3868 2602 ἀεὶ

2207 2631 2381 2708 λάχος
2425 2638 2532 2688 τῶν
2583 2633 2884 2710 βασιλικῶν
2931 2634 3210 2709 τροπαίων
3255 2633 3505 2709 γίνομαι,
3562 2636 3627 2690 ού
3678 2637 3868 2691 καινὸν

2207 2718 2385 2790 οὐδὲν,
2437 2720 2524 2775 ἐὰν
2577 2726 2704 2791 ζῶν·
2754 2721 2820 2790 ἡν
2872 2720 2931 2776 δὲ
2979 2720 3040 2777 ἂν
3088 2720 3320 2789 δίκαιον,
3375 2723 3424 2778 εἴ
3465 2722 3558 2779 καὶ
3606 2737 3867 2792 τεθνεως,

2206 2808 2577 2882 ἐμπνεομὲνου
2638 2811 2909 2885 ζωογόνου
2964 2811 3296 2885 πνεύματος’
3343 2811 3458 2867 ἐπεὶ
3509 2811 3569 2868 δὲ
3602 2815 3685 2885 μὴ
3729 2813 3865 2869 ἐκεῖ·

2206 2920 2287 2966 νο,
2315 2899 2376 2952 τὸ
2405 2902 2530 2971 γοῦν
2563 2898 2733 2973 παρὸν
2763 2898 2862 2953 οὐκ
2905 2897 2965 2953 ἂν
2993 2900 3309 2973 παυσαίμην
3365 2898 3456 2955 διὰ
3488 2901 3615 2977 βίου
3649 2901 3864 2959 λαλῶν.

2204 2989 2274 3044 Ἦ
2305 2986 2407 3063 γὰρ
2437 2984 2496 3040 ἂν
2530 2984 2779 3056 ἀδικοίην
2804 2987 2899 3050 τὰς
2945 2987 3198 3064 χάριτας,
3250 2989 3336 3044 ἐὰν
3386 2990 3545 3045 αὐταὶ
3603 2993 3705 3064 μὲν
3740 2991 3861 3047 ἶλα-

2206 3076 2298 3150 ρὸν
2328 3075 2471 3130 οὕτω
2521 3071 2918 3150 προσέϐλεψαν,
2968 3078 3060 3131 καὶ
3106 3076 3281 3153 γλυκύ
3332 3099 3425 3151 μοι
3463 3078 3862 3155 προσεμειδία-

2206 3186 2322 3233 σαν,
2381 3164 2469 3219 καὶ
2524 3169 2630 3219 τῶν
2689 3162 2858 3219 πάλαι
2920 3164 3215 3240 βασιλικῶν
3294 3166 3512 3222 ἐκείνων
3568 3169 3861 3244 ἐγκαινέων

2205 3249 2440 3326 ἀμοιϐάς
2481 3253 2821 3327 ποΛυτίμους
2872 3251 3312 3328 ἐδαψιλεύσαντο·
3366 3255 3472 3332 ἐγὼ
3526 3254 3576 3311 δ’
3624 3257 3862 3330 ἐμαυτὸν

2202 3343 2546 3418 ἀποστρέψω,
2579 3342 2667 3397 καὶ
2719 3342 2795 3404 εἰς
2850 3340 3007 3397 ὄκνον
3050 3339 3443 3418 καταϐαρυνθῶ
3489 3350 3591 3401 τοῦ
3644 3345 3861 3417 λαλεῖν,

2201 3431 2292 3487 ὅτε
2339 3433 2430 3486 καὶ
2494 3430 2704 3504 μᾶλλον
2766 3430 3122 3508 ἐγρηγορέναι
3177 3434 3401 3509 χρεὼν,
3460 3434 3553 3489 καὶ
3612 3437 3865 3510 νηφάλια

2202 3522 2536 3598 φθέγγεσθαι.
2586 3520 2838 3595 Αἴσχυνῶ
2891 3518 2939 3575 δ’
2976 3520 3036 3576 ἂν
3067 3520 3155 3576 καί
3184 3523 3282 3591 τήν
3334 3522 3503 3600 φίλην
3538 3525 3861 3601 θρέπτειραν

2203 3608 2504 3686 ῥητορείαν.
2537 3608 2659 3678 ἥτις
2692 3606 2782 3663 ιέτι
2831 3607 3000 3664 παῖδά
3050 3631 3117 3683 με
3147 3607 3294 3680 ὄντα,
3343 3612 3432 3666 καὶ
3466 3611 3595 3668 ούδὶ
3628 3613 3711 3676 εἷς
3745 3615 3865 3670 ἴου-

2203 3698 2296 3754 λον
2357 3699 2589 3776 ἀρτιφυῆ
2645 3697 3026 3771 λασιούμενον,
3077 3699 3283 3776 ῥήτορα
3340 3700 3633 3776 βασιλικὸν
3694 3725 3862 3780 παρε-

2201 3789 2457 3858 στήσατο,
2511 3787 2673 3857 ἡνίκα
2728 3788 2859 3850 Θεὸς
2912 3787 2979 3843 τά
3029 3793 3219 3865 πρῶτα
3276 3789 3365 3845 ἐπὶ
3414 3797 3514 3860 τῆς
3560 3792 3862 3866 βασιλικῆς

2196 3876 2397 3946 ταύτης
2427 3874 2637 3931 ἐκάθισὲ
2685 3896 2743 3931 σε
2790 3884 3096 3948 περιωπῆς,
3126 3878 3214 3932 καὶ
3260 3878 3364 3946 τὴν
3395 3874 3575 3956 φλέϐα
3624 3885 3731 3935 τοῦ
3759 3882 3858 3959 ῥη-

2198 3964 2435 4040 τορεύειν
2493 3965 2616 4019 τότε
2670 3964 2763 4037 μὶν
2820 3966 3127 4036 ύπήνοιξεν,
3185 3966 3297 4021 εἶτα
3352 3964 3441 4022 ἐπὶ
3504 3969 3721 4044 μακρὸν
3769 3992 3861 4025 συ-

2198 4052 2481 4109 σταλεῖσαν
2533 4051 2682 4114 αὖθις
2728 4052 2970 4131 ἐξέφηνεν
3006 4097 3020 4123 ,
3054 4053 3155 4108 ούκ
3201 4051 3322 4110 οἶδα
3372 4056 3492 4130 μὲν,
3540 4056 3587 4112 εί
3620 4057 3860 4114 κάλλιον

2196 4143 2297 4197 τοὸ
2347 4142 2738 4220 πρωτοφανοῦς
2798 4141 3003 4197 ἐκείνου
3057 4143 3147 4197 καὶ
3196 4143 3563 4222 ἆθρούστερον
3624 4147 3810 4222 ρεύμα
3840 4180 3864 4191 -

2195 4252 2312 4300 τος,
2366 4231 2667 4306 βλύζουσαν
2723 4228 2781 4287 δὶ
2827 4230 2983 4303 ὅμως
3028 4229 3251 4307 ἀσχιδὲς
3302 4234 3394 4288 καὶ
3445 4231 3861 4310 άρῥέμϐαστον,

2195 4318 2285 4373 καὶ
2320 4318 2571 4383 ἱθυτενῶς
2597 4323 2703 4375 τῶν
2751 4314 2994 4375 ἐκϐολῶν
3049 4318 3360 4397 ἐφιεμένην,
3413 4322 3503 4377 καί
3546 4325 3869 4400 ἀπεριπλά-

2196 4429 2333 4480 νητα
2364 4409 2605 4473 θέουσαν.
2650 4409 2791 4483 Ἐγὼ
2842 4404 2899 4464 δὲ
2943 4407 3168 4464 ἐνταῦθα
3210 4410 3300 4464 καὶ
3349 4411 3448 4480 τὴν
3492 4411 3865 4491 εὖαγγελικὴν

2195 4501 2426 4575 κατάραν
2488 4496 2705 4571 ἐμαυτῷ
2750 4494 2983 4570 ἐπικλῶ,
3041 4496 3133 4553 καὶ
3185 4498 3318 4570 ἀξιῶ
3369 4498 3606 4573 ἐμαυτὸν
3665 4503 3732 4558 ού
3789 4505 3867 4578 μὴ

439 4593 830 4667 precationem
862 4591 1067 4659 refero,
1126 4592 1204 4644 et‘
1239 4603 1334 4644 me
1381 4605 1497 4643 non
1528 4587 1793 4644 existimo
1841 4588 2089 4660 dignum

2205 4587 2419 4662 βλέπειν
2476 4588 2575 4657 τὴν
2634 4588 2732 4657 σὴν
2792 4584 3092 4663 βασιλείαν,
3153 4586 3218 4657 ἢν
3276 4595 3397 4651 ταῖς
3461 4588 3867 4668 ἀνδραγαθίαις

441 4684 539 4756 qui
571 4688 731 4737 tuam
769 4682 1155 4751 majestatem,
1191 4677 1307 4733 tuis
1343 4676 1659 4732 benefactis
1688 4681 1918 4732 auctam
1951 4693 2089 4732 con-

442 4773 711 4845 templer,
748 4771 859 4826 nisi
913 4786 1230 4826 conversus
1277 4769 1410 4823 {iam
1468 4768 1563 4823 ille
1615 4784 1759 4840 puer
1805 4769 2088 4841 temporis

441 4863 701 4934 acti,quo
718 4864 775 4916 te
796 4860 873 4913 im
887 4864 1208 4931 peratorem
1226 4856 1540 4914 laudativis
1553 4856 1924 4914 sermonibus
1937 4857 2090 4913 salu-

442 4951 643 5006 tabam
672 4950 817 5004 etin
871 4949 979 5003 hac
1029 4946 1333 5003 nobilitate
1388 4963 1720 5003 remaneam
1773 4964 1875 5018 per
1903 4952 2085 5003 totam

443 5040 877 5106 vitam,necnon
904 5038 1056 5092 sicut
1085 5035 1223 5091 olim
1258 5035 1590 5091 balbutiens
1620 5035 1962 5107 eloquentiae
1993 5035 2086 5091 lit-

440 5132 598 5185 teras
623 5127 866 5199 indigno
895 5125 1309 5181 festivitatibus
1332 5125 1611 5193 modo,ila
1641 5129 1697 5180 et
1719 5141 1872 5180 nunc
1894 5124 2091 5181 senior

441 5216 696 5274 tremula
713 5231 851 5272 voce
868 5214 1097 5287 loquor.
1118 5213 1468 5284 Nonnejura
1489 5212 1758 5270 criminis
1778 5213 2088 5285 ingratitu-

439 5310 598 5366 dinis
627 5323 924 5381 arguerer,
956 5306 1006 5362 si
1039 5322 1228 5361 meam
1275 5304 1332 5359 in
1364 5321 1461 5361 ore
1494 5302 1625 5359 nico
1676 5304 2087 5361 concluderem

440 5398 728 5470 linguam,
759 5411 1077 5467 vocemque
1106 5392 1373 5449 attollere
1401 5399 1460 5449 et
1500 5409 1833 5449 sermonem
1877 5392 2089 5449 habere

442 5502 774 5542 recusarem
799 5485 828 5540 *ἲ
858 5485 1109 5553 Etenim,
1142 5499 1241 5538 rex
1287 5481 1733 5555 benignissime,
1784 5486 1849 5538 tu
1898 5499 1992 5538 me
2021 5496 2091 5539 ex

441 5591 637 5631 rerum
669 5575 812 5630 limo
862 5574 921 5629 in
978 5573 1353 5646 splendorem
1411 5570 1561 5629 lucis
1591 5571 1830 5629 evexisti
1871 5572 2089 5629 vitam-

443 5678 560 5736 que
588 5662 877 5719 humilem
906 5661 968 5719 in
999 5660 1301 5719 Pactolum
1330 5661 1571 5722 divitem
1620 5662 2001 5721 commutasti
2029 5669 2089 5724 et

2198 4675 2528 4752 ούράνωσας,
2584 4674 2630 4730 εί
2693 4678 2769 4749 μή
2811 4676 3064 4754 στραφεὶς
3110 4674 3359 4753 γένωμαι
3409 4679 3437 4733 6
3467 4685 3601 4743 παῖς
3654 4681 3868 4745 ἐκεῖνος

2198 4766 2226 4819 6
2272 4762 2466 4833 πάλαι,
2528 4763 2616 4819 ὅτε
2660 4785 2717 4819 σε
2762 4763 3091 4841 τὸνβασιλέα
3140 4764 3439 4841 ἐγκαινίοις
3492 4765 3688 4845 λόγων
3750 4769 3867 4826 ἐδε-

2197 4853 2502 4927 ξιωσάμην,
2552 4852 2642 4908 καὶ
2694 4854 2838 4927 μενὼ
2884 4852 2935 4909 ἐν
2984 4857 3053 4929 τῇ
3099 4854 3494 4930 εύγνωμοσύνᾳ
3545 4860 3723 4934 ταύτῃ
3778 4857 3869 4914 διὰ

2202 4943 2325 5020 βίου
2383 4943 2581 5005 παντὸς
2638 4942 2687 4998 εἴ
2739 4942 2832 4998 καὶ
2898 4936 3079 5019 ὥσπερ
3135 4944 3261 4999 τότε
3315 4947 3382 5000 τὰ
3421 4945 3498 5007 εἰς
3566 4947 3866 5024 ῥητορείαν

2196 5030 2495 5106 ψελλίζων,
2542 5032 2632 5087 καὶ
2671 5032 2733 5086 ού
2779 5033 2918 5108 πρὸς
2968 5032 3114 5106 ἀξίαν
3160 5040 3263 5103 τῆς
3315 5035 3537 5109 ἑορτῆς,
3571 5035 3726 5092 οῧτω
3776 5038 3866 5092 καὶ

2196 5125 2287 5176 νῦν
2340 5126 2419 5194 τῷ
2474 5124 2618 5199 γήρᾳ
2662 5120 2946 5199 τρομαλέα
2993 5122 3379 5200 φθεγγόμενος.
3434 5125 3499 5181 Ἠ
3557 5126 3727 5188 ποίας
3770 5126 3872 5181 οὐκ

2198 5210 2257 5266 ἃν
2314 5209 2558 5286 κριθείην
2604 5209 2996 5287 ἀγνωμοσύνης
3028 5257 3043 5285 ,
3095 5212 3195 5280 τὴν
3258 5209 3511 5287 γλῶσσαν
3572 5214 3868 5289 ἐγκλείσας

2195 5304 2275 5372 τῷ
2303 5297 2622 5372 ἐξανοίξαντί
2681 5320 2776 5373 μοι
2831 5300 2896 5355 τὸ
2951 5299 3148 5373 στόμα,
3198 5299 3290 5355 καὶ
3342 5300 3536 5357 λαλεῖν
3585 5305 3683 5358 καὶ
3712 5305 3876 5383 αθέγ-

2197 5393 2429 5468 γεσθαι;
2474 5391 2582 5448 Ναὶ
2634 5390 2760 5468 γὰρ,
2818 5392 2864 5445 ὦ
2926 5390 3193 5466 βασιλέων
3256 5391 3739 5470 εύεργετικώτατε,
3805 5393 3871 5449 σύ

2203 5501 2270 5555 με
2308 5480 2397 5535 καὶ
2447 5480 2553 5535 ἀπὸ
2607 5476 2762 5543 ίλύος
2807 5483 3149 5556 πραγμάτων
3195 5479 3272 5543 εἷς
3323 5479 3655 5556 λάμπουσαν
3696 5486 3871 5558 μετή-

2194 5590 2380 5646 νεγκας
2434 5568 2798 5645 καθαρότητα,
2857 5568 2947 5626 καὶ
2998 5566 3239 5644 ἤμειψάς
3301 5589 3394 5643 μοι
3441 5571 3537 5627 τὸν
3587 5576 3690 5627 τοῦ
3739 5572 3871 5648 βίου

2197 5658 2378 5733 πηλὸν
2428 5659 2503 5724 εἴς
2550 5655 2918 5717 πλουτοποιὸν
2973 5657 3295 5733 Πακτωλὸν,
3333 5658 3425 5716 καὶ
3457 5663 3563 5734 τήν
3596 5660 3866 5743 ἀγοραίαν
