4104 6210
186 447 293 504 937

1075 436 1518 498 ALLOCUTIO
1564 437 1668 495 AD
1719 436 2160 498 MANUELEM
2207 439 2674 499 COMNENUM.

3454 444 3572 500 938

187 570 484 646 στωμυλίαν
555 568 631 630 είς
707 567 895 642 εὐγενῆ
984 565 1255 641 λαμυρίαν
1334 565 1651 638 μετέθηκας,
1731 567 1816 620 καὶ
1851 578 1894 640 Α

1993 587 2037 624 ’0
2071 572 2282 624 forensi
2307 571 2580 626 facundia
2609 571 2821 641 aptasti
2859 570 3000 624 mihi
3033 571 3321 626 sermonis
3352 573 3577 644 elegan-

189 664 343 738 γῆθεν
385 654 658 713 λαλοῦντά
692 676 760 729 με
801 655 937 729 πρὸς
988 654 1255 728 μετέωρον
1318 653 1572 727 ὕψωσας·
1623 653 1713 706 καὶ
1768 654 1831 708 τὸ

187 750 233 806 έν
274 748 396 822 ἐμοὶ
438 747 660 822 χθόνιον
708 749 806 798 τοῦ
835 745 1044 818 Ἐρμοῦ
1092 743 1372 818 πτερώσας
1407 746 1522 796 οἷον
1585 741 1830 816 οὐράνω-

190 859 295 908 σας,
325 835 411 891 καὶ
442 834 694 910 γλῶσσάν
734 854 827 906 μοι
885 831 1231 907 μογγιλάλον
1292 829 1657 905 διήρθρωσας,
1697 828 1834 903 μᾶλ.

191 926 276 983 λον
311 925 402 998 μὲν
429 921 522 978 οὖν
574 920 856 982 παντελῶς
911 925 1144 994 σιγῶσαν
1195 919 1516 995 έτράνωσαςο
1565 920 1657 974 καὶ
1715 917 1832 973 ἀντὶ

192 1015 465 1088 ὀνόματος,
499 1013 562 1068 οὗ
599 1009 845 1086 μετέχειν
875 1010 1149 1079 ἀξιοῦνται
1188 1009 1278 1063 καὶ
1315 1007 1507 1084 μικρόν
1551 1030 1602 1062 τι
1655 1029 1831 1084 γραμ-

194 1105 361 1180 μάτων
402 1101 695 1176 γευόμενοι
750 1098 1050 1173 ἄνθρωποι,
1111 1093 1283 1170 ὄνομα
1345 1095 1541 1152 ἐκτίσω
1627 1117 1718 1170 μοι
1770 1095 1833 1150 τὸ

190 1199 294 1258 τοῖς
315 1192 428 1248 κατ’
457 1191 556 1265 ἐμὲ
587 1189 720 1263 ὑπὲρ
754 1189 894 1243 ἅπαν
931 1185 1257 1262 κρινόμενον
1281 1181 1479 1260 ὄνομα.

257 1389 320 1462 γ’.
354 1386 450 1442 Καὶ
486 1383 633 1439 οὕτω
676 1383 770 1455 μὲν
822 1381 1052 1454 ἰμαυτὸν
1101 1378 1394 1435 ἐδικαίωσα
1445 1381 1520 1452 μὴ
1583 1379 1834 1434 ἀπενιαυ-

195 1477 342 1545 τίζειν
389 1475 489 1537 τάς
549 1471 766 1539 λαλιὰς,
815 1469 960 1526 ἀλλά
1009 1469 1334 1545 συχνότεραν
1378 1470 1718 1547 φθέγγεσθαι,
1746 1467 1835 1522 καὶ

199 1567 282 1628 τὰς
359 1561 647 1639 βασιλικὰς
724 1560 1000 1634 ἀριστείας
1083 1563 1446 1633 περικροτεῖν.
1505 1557 1574 1611 Τὸ
1656 1554 1712 1611 δέ
1781 1577 1838 1630 γε

202 1653 486 1726 παρεστὼς,
521 1649 576 1704 τί
617 1648 674 1704 ἃν
735 1648 857 1723 ἔχοι
913 1647 1097 1724 ῥήτωρ
1139 1649 1235 1715 τὴν
1295 1643 1533 1722 γραφίδα
1588 1645 1681 1717 μὶν
1742 1646 1840 1698 ὅσα

202 1742 281 1797 καὶ
316 1739 497 1816 βέλος,
532 1737 621 1793 καὶ
656 1737 939 1817 φαρμάξας
985 1735 1197 1808 μέλανι,
1229 1734 1318 1788 καὶ
1374 1740 1493 1796 τοῖς
1548 1729 1841 1810 βαρϐάροις

207 1831 465 1908 έπαφιέναι
518 1824 860 1904 καραδοκῶν,
904 1824 994 1880 καὶ
1055 1824 1274 1900 βάπτειν
1329 1823 1404 1885 εἰς
1457 1820 1680 1896 α’ίματα,
1731 1822 1842 1877 εἶτα

206 1918 258 1974 δὲ
288 1917 501 1993 βλέπων
555 1914 787 1978 ἐκείνους
831 1913 1014 1989 ἡρέμα
1056 1914 1412 1982 πτήσσοντας,
1444 1911 1533 1966 καὶ
1584 1911 1646 1966 οὐ
1700 1930 1838 1988 προσ

206 2007 567 2081 καλουμένους
625 2004 690 2060 τὸ
749 2001 1084 2078 βάλλεσθαι;
1134 2003 1202 2058 Ἥ
1263 1999 1478 2062 πάντως
1539 1999 1729 2076 ἀγάγοι
1779 1999 1838 2053 ἃν

213 2097 291 2151 διὰ
319 2096 594 2168 θαύματος
620 2095 720 2162 τὴν
766 2090 1056 2167 βασιλικὴν
1109 2086 1411 2165 εὐανδρίαν,
1445 2086 1514 2144 δι’
1561 2091 1626 2158 ἧς
1674 2093 1842 2143 ταῦτα

217 2185 428 2260 ἐγένετοο
472 2181 548 2238 δι’
595 2184 656 2251 ἣν
703 2181 906 2250 σκάζει-
935 2181 1030 2253 μὲν
1079 2185 1195 2240 τοῖς
1264 2176 1554 2250 πολεμίοις
1615 2178 1839 2253 μηχανὴ

217 2281 347 2328 πᾶσα
375 2273 449 2335 εἲς
485 2270 787 2347 ἄπρακτον,
821 2269 882 2323 οὐ
917 2264 1105 2323 πολλά
1136 2265 1193 2322 δὲ
1241 2269 1434 2340 κάμνει
1480 2263 1603 2321 οὐδὲ
1649 2268 1708 2320 τὸ
1749 2267 1844 2343 βα-

212 2362 406 2418 σιλικὸν
457 2360 692 2422 ἐκείνοις
767 2355 1294 2429 ἀντιπαλαμώμενον
1372 2356 1698 2431 στράτευμα,
1755 2355 1845 2410 καὶ

208 2453 265 2508 τὸ
309 2450 599 2528 ῥητορικὸν
642 2446 701 2503 δὲ
749 2445 840 2502 διὰ
887 2450 1055 2501 ταῦτα
1084 2450 1364 2524 γραφεῖον,
1391 2443 1456 2500 τό
1485 2465 1545 2521 γε
1588 2443 1663 2506 είς
1717 2443 1847 2500 ὲκεί-

205 2561 315 2604 νους
343 2543 498 2610 ἧκον,
541 2542 758 2612 ναρκοῖ.

1875 1963 1916 2026 Β

285 2645 342 2706 δ’.
373 2648 437 2701 Ὢ
471 2643 769 2722 βασιλικῆς
817 2641 1235 2716 κραταιότητος,
1271 2637 1339 2695 δι’
1368 2642 1433 2712 ἧς
1482 2642 1618 2714 ἡμῖν
1658 2639 1853 2716 ἀγαθὸν

218 2737 670 2812 καταπέπρακται.
731 2734 796 2786 Ὠ
855 2729 1204 2807 παγγάληνον
1283 2728 1376 2805 ἔαρ
1456 2727 1753 2804 βασιλείας,
1801 2727 1853 2783 έν

224 2827 264 2898 ᾧ
293 2830 387 2880 πᾶν
419 2823 625 2899 ἀγαθὸν
658 2821 946 2892 ἐξήνθησεν
992 2819 1266 2894 κάρπιμον
1319 2819 1398 2892 (τὸ
1457 2818 1507 2888 ἐξ
1557 2818 1729 2893 ἀέρων
1753 2837 1764 2848 ·
1797 2817 1858 2872 τὸ

226 2914 277 2969 ἐκ
330 2914 652 2982 θαλάσσης·
701 2910 769 2964 τὰ
823 2909 882 2963 ἐκ
928 2915 1063 2982 γῆς·
1124 2909 1215 2962 καὶ
1269 2908 1332 2962 τὸ
1389 2905 1518 2962 ὅλον
1575 2907 1745 2961 είπεῖν
1795 2907 1864 2962 τὰ

229 3003 524 3076 πάντοθεν),
585 2999 674 3054 καὶ
730 2999 758 3053 ὁ
835 2991 1212 3069 παμϐασιλεὺς
1269 2997 1480 3066 Ἰησοῦς
1558 2996 1693 3050 κατά
1767 2999 1864 3049 τοῦ

229 3090 573 3166 παλαμναίου
620 3087 843 3144 αἰωνίου
893 3087 1120 3152 θανάτου
1165 3085 1228 3140 τὸ
1287 3085 1554 3161 πάμμεγα
1603 3085 1864 3161 τρόπαιον

232 3181 425 3254 ἔστησε.
462 3181 537 3235 Σὲ
571 3177 648 3248 δὲ,
683 3179 728 3232 ὦ
767 3181 936 3251 σῶτερ
995 3175 1240 3252 βασιλεῦ,
1275 3173 1620 3251 θαρῥούντως
1671 3174 1729 3228 ἃν
1787 3172 1866 3228 εἶ’-

233 3292 383 3345 ποιμι
430 3267 761 3331 ὁπλίσασθαι
811 3265 948 3320 κατὰ
1016 3268 1112 3319 τοῦ
1174 3261 1538 3340 βροτολοιγοῦ
1592 3262 1864 3336 πολέμου,

1941 659 2104 726 tiam,
2147 663 2203 713 et
2235 676 2323 714 me
2351 659 2656 714 humiliter
2707 659 3042 729 loquentem
3107 660 3163 713 in
3197 659 3381 715 altum
3415 667 3576 716 extu-

1942 745 2062 802 listi
2114 765 2126 816 ;
2187 749 2340 819 quod
2403 748 2458 801 in
2507 765 2597 802 me
2657 752 2956 802 terrenum
3009 753 3155 814 erat,
3215 765 3393 820 super
3457 749 3580 806 alas

1940 837 2206 890 Mercurii
2241 837 2522 903 exaltans,
2566 837 2798 892 caeleste
2831 837 3042 904 fecisti,
3076 842 3133 892 et
3165 839 3429 908 linguam
3464 845 3582 894 tar-

1942 925 2078 978 dam
2111 924 2382 996 depolisti
2407 931 2462 980 et
2489 942 2623 980 vero
2663 925 2869 980 infanti
2902 925 3176 996 loquendi
3235 931 3582 997 potestatem

1943 1013 2180 1079 dedisti,
2213 1023 2266 1068 et
2299 1032 2397 1086 pro
2435 1015 2671 1069 nomine
2729 1015 2799 1069 de
2857 1032 2970 1085 quo
3013 1030 3215 1070 curare
3271 1015 3587 1086 dignantur

1942 1101 2380 1173 aliquantulum
2411 1103 2518 1156 viri
2551 1102 2761 1157 litteris
2814 1104 3142 1168 studentes,
3191 1120 3402 1159 nomen
3438 1105 3584 1160 mihi

1942 1191 2236 1262 protulisti
2268 1209 2446 1264 super
2473 1209 2645 1247 omne
2660 1209 2867 1247 nomen
2891 1193 2960 1246 ab
2975 1193 3176 1263 eisqui
3210 1210 3300 1247 me
3330 1193 3586 1248 circum-

1943 1281 2086 1335 dant
2109 1281 2466 1350 judicatum.

2014 1387 2066 1441 3.
2106 1387 2187 1442 lta
2218 1392 2436 1442 memet
2459 1386 2718 1458 judicavi
2759 1389 2972 1442 debere
3010 1405 3121 1442 non
3152 1388 3257 1442 hoc
3315 1405 3467 1444 anno
3501 1393 3591 1443 ta-

1947 1491 2098 1544 cere,
2131 1477 2228 1530 sed
2263 1475 2558 1546 cepiosius
2587 1475 2803 1545 alloqui
2839 1476 3426 1546 regiaquerlivulgare
3452 1477 3590 1531 faci-

1949 1581 2108 1619 nora.
2147 1564 2206 1618 In
2239 1565 2866 1635 praesentiarum,quill
2907 1567 3117 1619 faceret
3149 1570 3344 1620 orator
3375 1565 3593 1634 stylum

1949 1670 2126 1707 manu
2160 1654 2328 1723 quasi
2352 1653 2618 1723 jaculum
2645 1659 3221 1719 tenens,atramento
3247 1671 3348 1724 pro
3373 1669 3593 1708 veneno

1947 1741 2252 1808 infectum,
2289 1746 2530 1814 paratus
2562 1744 2630 1797 ad
2666 1743 3050 1813 injiciendum
3111 1743 3366 1798 inimicis
3428 1751 3480 1797 et
3536 1743 3593 1796 in

1950 1847 2150 1887 eorum
2179 1848 2382 1886 cruore
2411 1831 2882 1902 immergendum
2913 1849 2926 1898 ;
2961 1833 3057 1900 qui
3109 1833 3281 1886 modo
3327 1831 3458 1886 illos
3491 1832 3592 1886 ob-

1951 1923 2254 1992 stupentes
2285 1925 2567 1984 cerneret,
2600 1925 2656 1975 et
2678 1937 2790 1974 non
2807 1924 3147 1990 provocatos
3177 1922 3370 1989 fugam
3391 1936 3594 1991 capes-

1948 2025 2076 2065 sere
2093 2009 2120 2064 ?
2152 2009 2403 2065 Omnino
2423 2010 2776 2080 stupendam
2799 2009 3348 2064 redderetvirtutem
3372 2009 3595 2080 regiam

1952 2115 2054 2170 per
2084 2115 2259 2169 quam
2293 2099 2412 2152 haec
2443 2100 2595 2152 facta
2625 2102 2785 2166 sunt,
2816 2114 2916 2168 per
2947 2115 3120 2168 quam
3142 2099 3434 2153 claudicat
3467 2097 3595 2152 irri-

1952 2193 2130 2257 taque
2161 2187 2352 2242 evadit
2373 2187 2565 2243 omnis
2590 2186 2851 2242 hostium
2889 2187 3147 2254 solertia,
3195 2187 3406 2259 regalis
3464 2202 3596 2241 vero

1954 2276 2243 2331 exercitus
2275 2275 2391 2331 illis
2424 2275 2734 2330 obluctans
2791 2275 2953 2330 nullo
3008 2277 3179 2331 modo
3241 2277 3488 2343 laborat,
3539 2279 3597 2329 et

1957 2381 2090 2420 mox
2121 2369 2426 2437 propterea
2457 2364 2580 2436 ipse
2610 2365 2858 2420 oratoris
2908 2365 3118 2436 stylus,
3161 2365 3369 2420 saltem
3425 2366 3599 2436 prout

1957 2458 2164 2509 contra
2193 2452 2560 2509 adversarios
2591 2451 2875 2521 vibratur,
2900 2458 3114 2525 torpet.

2039 2650 2089 2705 4.
2125 2649 2405 2722 Oregalis
2431 2650 2639 2717 virtus,
2674 2665 2776 2720 per
2831 2666 3006 2720 quam
3071 2649 3242 2703 nobis
3300 2649 3457 2702 bona
3505 2665 3608 2718 pa—

1969 2745 2122 2794 trata
2163 2744 2302 2793 sunt
2336 2738 2347 2792 !
2383 2739 2425 2793 0
2474 2738 2915 2794 serenissimum
2975 2755 3074 2793 ver
3130 2737 3296 2806 regite
3356 2741 3614 2808 potesta-

1970 2829 2067 2893 tis,
2131 2828 2188 2882 in
2241 2845 2354 2898 quo
2414 2828 2614 2883 floruit
2671 2829 2824 2882 bona
2882 2827 3074 2881 omnis
3115 2827 3288 2881 arbor
3319 2825 3619 2880 fructifera

1974 2917 2119 2986 (sive
2149 2933 2218 2972 ex
2264 2933 2418 2982 aere,
2474 2916 2593 2972 sive
2651 2933 2720 2971 ex
2777 2915 2943 2983 mari,
3001 2915 3119 2970 sive
3167 2932 3235 2969 ex
3293 2920 3466 2980 terra,
3521 2930 3626 2969 seu

1981 3023 2098 3062 uno
2130 3005 2303 3060 verbo
2334 3022 2402 3060 ex
2435 3020 2788 3076 quacunque
2835 3003 3040 3075 parte),
3097 3008 3154 3058 et
3212 3020 3308 3058 rex
3356 3003 3622 3058 omnium

1979 3099 2153 3151 Jesus
2184 3096 2466 3150 adversus
2524 3093 2906 3164 sanguineam
2941 3098 3335 3164 :nternamque
3377 3097 3626 3146 mortem

1983 3184 2354 3256 splendidum
2388 3189 2670 3254 tropaeum
2702 3182 2916 3236 erexit!
2951 3183 3030 3236 Te
3061 3199 3214 3249 vero,
3267 3198 3298 3234 ο
3362 3179 3630 3234 salutifer

1987 3274 2322 3344 imperator,
2355 3273 2631 3326 audacter
2655 3271 2909 3325 dicerem
2959 3275 3161 3324 contra
3211 3268 3354 3322 illud
3415 3267 3633 3322 bellum

242 3325 245 3326 ν
282 3325 288 3326 7
326 3325 359 3345 ‘7
682 3325 699 3331 '
1175 3325 1185 3340 I
1212 3325 1220 3337 l
1453 3325 1464 3339 ι
1739 3325 1749 3336 ο
1850 3325 1862 3334 ι

233 3361 313 3415 καὶ
363 3360 424 3416 τὸ
483 3357 789 3429 θανάσιμον
837 3359 998 3410 τοῦτο
1060 3353 1222 3408 κακὸν
1298 3351 1445 3407 κάτω
1525 3351 1730 3426 βαλεῖν.
1779 3351 1876 3406 Καὶ

2369 3359 2664 3431 ﬂagellum
2719 3358 3034 3412 dimicasse
3081 3357 3491 3426 letiferumque
3527 3355 3637 3410 hoc

245 3455 325 3504 νῦν
355 3451 415 3504 τὸ
462 3449 709 3517 ὑπήκοον
764 3445 900 3499 ἅπαν
959 3442 1172 3512 εὐζωεῖ,
1203 3442 1293 3496 καὶ
1353 3441 1728 3515 κατακροαίνει
1785 3437 1882 3494 τοῦ

244 3537 502 3613 πολέμου,
540 3535 624 3592 ὅτι
655 3534 746 3589 καὶ
776 3539 883 3589 τῶν
937 3530 1244 3606 πολεμίων,
1275 3531 1362 3585 καὶ
1414 3529 1685 3606 εἶρηναῖον
1737 3551 1886 3603 σκιρ-

248 3633 327 3699 τᾷ.
361 3628 455 3682 Καὶ
486 3630 522 3696 ἡ
565 3626 658 3698 μὶν
709 3623 864 3702 φύσις
917 3623 1040 3696 ἄτερ
1090 3617 1268 3696 ὄχλου
1313 3617 1426 3695 ἄγει
1483 3620 1570 3673 καὶ
1632 3618 1888 3695 τελεσφο-

247 3721 344 3788 ρεῖ,
374 3717 462 3770 καὶ
514 3713 582 3768 τὸ
631 3712 733 3766 πάν
773 3709 1046 3780 αὐξάνεται
1094 3709 1183 3763 καὶ
1214 3707 1574 3778 πληθύνεται·
1606 3709 1633 3761 ὁ
1693 3704 1750 3761 δὶ
1796 3711 1892 3762 τοῦ

254 3807 342 3877 ζῇν
394 3799 774 3877 παρατρώγων
827 3797 1077 3870 πόλεμος
1134 3795 1237 3850 οὐκ
1289 3793 1440 3858 ἐντὸς
1496 3795 1662 3870 ὀργῆς
1726 3796 1893 3868 μένει⁹

264 3889 374 3945 ’λλ’
455 3889 479 3910 ”
765 3887 777 3906 “
861 3885 884 3941 ἔ
1091 3884 1106 3938 ί
1182 3889 1205 3900 “’
1320 3882 1333 3900 ³
1460 3905 1477 3924 =
1781 3888 1872 3919 ρ’

255 3911 284 3946 α
425 3911 472 3944 ει
523 3909 633 3943 που
694 3907 782 3942 και
888 3907 1000 3940 στιν
1062 3905 1255 3953 επειν,
1315 3883 1739 3954 εξωκνανίζεται,
1792 3904 1897 3944 ιαις

259 3981 534 4056 Ἀρπνίαις
579 3976 777 4047 δοθεὶς,
827 3975 915 4029 καὶ
962 3973 1062 4028 οὐκ
1107 3967 1183 4026 ἔτι
1233 3974 1324 4028 τὸν
1359 3980 1459 4042 τῆς
1515 3973 1722 4051 φύσεως
1773 3972 1899 4048 ῥοῦν

265 4070 580 4124 ἀνακόπτειν
635 4064 1031 4140 παρεμπίπτων
1093 4062 1258 4118 ὁποῖά
1327 4084 1411 4124 τις
1486 4061 1639 4126 λίθος
1693 4061 1902 4138 τραχὺς

259 4158 343 4212 καὶ
390 4157 695 4216 ἀτίνακτος*
730 4152 876 4208 ἀλλά
921 4152 1339 4226 παραράσσεται,
1389 4148 1600 4223 μᾶλλον
1663 4151 1756 4223 μὲν
1813 4148 1902 4205 οὖν

266 4246 322 4302 tu
367 4246 532 4320 μέσου
593 4243 862 4318 πελάγους
916 4239 1301 4316 παρασύρεται.
1353 4241 1538 4316 Ἀργεῖ
1590 4241 1652 4294 τὸ
1711 4247 1907 4304 Σκυθι-

265 4337 352 4391 κὸν
384 4337 566 4406 τόξον,
616 4333 705 4388 καὶ
765 4333 800 4402 ἡ
830 4331 992 4406 νευρά
1041 4329 1118 4391 εἷς
1149 4331 1300 4384 κενὸν
1350 4330 1636 4401 τεινομένη
1696 4334 1908 4398 κτυπεῖ,

269 4427 349 4479 καὶ
382 4426 518 4501 πρὸς
561 4423 734 4496 μόνην
783 4419 1082 4494 ἀπόπειραν
1124 4417 1490 4494 ῥυθμιζομένη
1538 4421 1795 4490 (ποιητὴς
1849 4416 1910 4473 ἂν

270 4510 432 4588 εἴποι)
489 4507 746 4588 χελιδόνι
809 4506 988 4564 ἷὸιελον
1043 4507 1342 4584 φθέγγεται.
1403 4506 1496 4568 Εἷς
1557 4506 1774 4583 ἄγαλμα
1826 4507 1914 4562 καὶ

278 4603 432 4675 μόνον
479 4605 602 4663 τοῖς
653 4598 886 4660 Ἰταλοῖς
926 4594 1097 4658 ’ίππος
1146 4596 1527 4673 φριμάσσεται,
1575 4597 1711 4669 πρὸς
1770 4618 1918 4671 γυμ-

1996 3448 2217 3503 malum
2253 3449 2322 3502 ad
2359 3448 2477 3501 ima
2506 3445 2809 3516 dejecisse.
2833 3445 2898 3499 Et
2933 3462 3087 3498 nunc
3144 3442 3346 3498 docilis
3377 3443 3638 3497 mundus

1997 3537 2240 3593 feliciter
2261 3536 2420 3602 vivit,
2479 3540 2536 3590 et
2589 3535 2871 3590 adversus
2903 3533 3127 3588 bellum
3162 3531 3443 3598 clamitat,
3478 3531 3639 3602 ipso-

2001 3642 2250 3697 rumque
2298 3624 2647 3680 bellatorum
2707 3623 2970 3678 studium
3031 3638 3231 3694 pacem
3293 3621 3534 3692 appetit.
3582 3624 3650 3676 Et

2003 3715 2239 3786 quidem
2277 3718 2484 3769 natura
2517 3713 2641 3769 sine
2695 3711 2950 3768 tumultu
3003 3711 3121 3781 agit
3178 3715 3234 3766 et
3285 3709 3530 3781 perﬁcit,
3597 3713 3654 3764 et

2006 3820 2180 3859 omne
2229 3808 2476 3874 augetur
2514 3819 2738 3857 necnon
2791 3800 3140 3872 completur.
3177 3799 3396 3854 Bellum
3454 3803 3654 3854 autem

2006 3893 2187 3947 vitam
2219 3893 2428 3947 rodens
2461 3907 2575 3945 non
2603 3891 2758 3945 intra
2785 3889 2932 3944 iram
2957 3893 3220 3943 moratur
3247 3905 3260 3955 ;
3285 3889 3408 3952 sed,
3466 3887 3517 3942 si
3576 3887 3658 3943 ita

2012 3982 2144 4037 licet
2178 3982 2546 4054 loqui,extra
2594 3997 2877 4036 oceanum
2939 3977 3661 4049 transmittitur,|larpyiis

2013 4072 2318 4139 traditum,
2354 4087 2458 4125 nec
2485 4071 2608 4140 jam
2668 4067 2957 4123 incumbit
2999 4073 3218 4121 naturae
3271 4081 3512 4121 cursum
3577 4066 3662 4119 in-

2016 4161 2406 4225 terscindens,
2431 4176 2590 4214 more
2622 4159 2836 4228 lapidis
2869 4157 3062 4227 gravis
3122 4161 3178 4211 et
3209 4155 3528 4222 immanis;
3562 4154 3661 4210 sed

2019 4251 2307 4322 frangitur
2365 4266 2467 4305 seu
2529 4249 2723 4318 potius
2780 4265 2810 4302 e
2863 4247 3056 4302 medio
3111 4263 3342 4317 aequore
3396 4244 3660 4316 eripitur.

2022 4339 2279 4405 Quiescit
2309 4354 2481 4393 arcus
2532 4337 2859 4409 Scythicus,
2919 4340 2976 4391 et
3028 4351 3239 4390 nervus
3300 4334 3356 4387 in
3411 4348 3660 4388 vacuum

2023 4436 2230 4487 tensus
2283 4428 2512 4492 stridet,
2582 4431 2638 4480 et
2708 4424 2942 4480 nonnisi
2997 4423 3392 4494 experimento
3478 4421 3664 4476 inser-

2025 4518 2189 4574 vicns
2218 4516 2457 4586 (diceret
2505 4515 2715 4585 poeta),
2777 4515 2849 4568 ad
2911 4513 3098 4567 instar
3152 4509 3486 4564 hirundinis
3543 4525 3670 4579 per-

2029 4610 2216 4663 sonat.
2253 4609 2313 4658 In
2357 4603 2852 4658 oblectamentum
2887 4601 3077 4656 solum
3131 4598 3290 4653 Italis
3348 4614 3536 4670 equus
3567 4597 3669 4653 ad-

272 4691 446 4746 νασίαν
510 4689 934 4768 φανταζόμενος.
992 4686 1054 4742 El
1121 4682 1178 4739 δὲ
1233 4686 1349 4740 κατ’
1406 4683 1670 4755 ἀλλήλων
1728 4685 1894 4742 έκεῖνο

1993 4691 2003 4740 ⁵
2036 4695 2230 4752 hinnit
2259 4694 2329 4748 ad
2362 4691 2702 4748 exercitium
2735 4691 3049 4746 exhibitus.
3105 4689 3316 4744 Verum
3369 4688 3417 4742 si
3480 4686 3562 4740 illi
3605 4687 3677 4741 de

279 4782 409 4856 πρὸς
466 4777 615 4834 ὅπλα
675 4776 995 4851 μαίνονται,
1045 4773 1490 4842 ὁπλιζέσθωσαν·
1544 4774 1926 4848 ἀντιπαλαμά-

280 4881 513 4941 σθωσαν,
547 4867 593 4922 εἰ
649 4865 962 4943 βούλοιντο,
1003 4864 1090 4918 καὶ
1138 4863 1509 4930 πεπτώκεσαν,
1550 4861 1623 4925 ὠς
1681 4866 1818 4937 ἡμῖν
1867 4885 1928 4940 γε

287 4958 449 5031 μέλον
482 4961 594 5012 τῶν
622 4955 888 5010 τοιούτων
918 4951 1092 5007 οὐδέν.
1126 4953 1195 5008 Ἦ
1256 4953 1362 5028 πρὸ
1392 4949 1574 5007 ποδῶν
1628 4951 1734 5023 ἤδη
1772 4955 1927 5030 βασι-

284 5045 450 5102 λικῶν
513 5047 583 5100 τά
631 5043 776 5099 ὅπλα
817 5038 1058 5118 ἔρῥιψαν,
1090 5041 1180 5095 καὶ
1231 5041 1325 5102 τάς
1384 5041 1563 5116 ψυχὰς
1614 5041 1826 5118 ἐξέχεαν
1878 5042 1928 5097 οὶ

283 5139 380 5205 τῆς
415 5138 620 5210 Ἅγαρ.
679 5131 858 5188 Ἀλλά
900 5133 988 5186 καὶ
1036 5129 1249 5190 τούτοις
1297 5132 1332 5198 ἡ
1384 5127 1653 5204 θηριωδία
1723 5131 1931 5196 ἐτιθασ-

289 5225 471 5295 σεύθησ
507 5223 598 5278 καὶ
647 5221 763 5276 ἀντὶ
803 5220 960 5291 τόξου
996 5219 1089 5291 μὲν
1131 5215 1358 5293 ἄροτρον
1413 5218 1594 5282 αὐτοῖς
1641 5221 1775 5292 μετά
1821 5228 1938 5296 χεῖ-

291 5335 402 5388 ρας,
431 5314 522 5368 καὶ
558 5315 592 5381 ἡ
624 5319 691 5387 γῆ
725 5311 860 5384 πρὸς
891 5308 1130 5369 αὔλακας
1178 5308 1449 5391 σχίζεταιο
1483 5309 1594 5362 ἀντὶ
1657 5306 1714 5362 δὲ
1753 5309 1935 5386 ξίφους

294 5400 583 5478 δρέπανον,
611 5401 700 5456 καὶ
742 5399 805 5454 τὸ
855 5399 1012 5468 λήϊον
1061 5397 1312 5470 τέμνεται
1340 5417 1351 5429 ο
1385 5397 1502 5451 ἀντὶ
1545 5396 1718 5453 ’ίππου
1768 5399 1938 5456 πολε-

297 5492 594 5566 μιστηρίου
643 5489 915 5560 ζεύξαντες
989 5488 1141 5562 βοῦν,
1187 5482 1464 5562 τρίϐουσιν
1532 5488 1810 5560 ἀμαξιτὸν,
1852 5489 1942 5544 καὶ

297 5582 510 5643 ἅλωνος
582 5577 1026 5646 καθιππάζονται.
1087 5575 1183 5630 Καὶ
1265 5575 1441 5651 ἀφῆκε
1528 5577 1620 5649 μὶν
1695 5577 1941 5654 κατέχειν

296 5669 482 5732 αὐτοῖς
535 5669 564 5724 ὁ
612 5674 784 5740 ’Ἄρης
831 5667 894 5721 τὸ
947 5664 1276 5738 μαινόμενον
1332 5665 1517 5737 κακὸν,
1545 5663 1832 5721 τελοῦνται
1892 5666 1949 5723 δὲ

304 5759 605 5835 σωφρόνως
635 5761 702 5831 τῇ
734 5757 1015 5829 Δήμητρι.
1050 5753 1151 5811 Καὶ
1193 5755 1243 5808 οἱ
1274 5753 1445 5810 πάλαι
1472 5753 1592 5809 τότε
1654 5755 1818 5833 μέχρι
1862 5759 1950 5814 καὶ

620 5889 889 5950 Ρλτεοι..
935 5883 1047 5947 Gs.
1093 5882 1381 5948 CXXXV.

2033 4783 2209 4840 armis
2241 4786 2443 4837 contra
2474 4797 2537 4836 se
2569 4779 2813 4834 invicem
2865 4778 3119 4834 ferendis
3181 4777 3502 4842 insaniunt,
3564 4775 3681 4829 bel-

2037 4875 2225 4928 lantor
2254 4888 2266 4939 ;
2293 4870 2514 4942 perfida
2534 4873 2737 4923 mutuo
2761 4868 3080 4922 moliantur
3105 4864 3368 4932 consilia,
3404 4864 3452 4918 si
3486 4863 3680 4919 volueo

2040 4963 2180 5029 rint,
2214 4965 2270 5015 et
2296 4959 2652 5030 disperean't,
2687 4958 3006 5012 dummodo
3042 4955 3204 5011 nulla
3237 4955 3314 5010 sit
3354 4955 3523 5010 nobis
3550 4971 3686 5026 pars

2042 5051 2099 5105 in
2133 5049 2307 5104 rebus
2340 5047 2488 5102 istis.
2527 5046 2908 5117 lnsuperjam
2943 5062 3137 5100 coram
3197 5043 3375 5115 regiis
3435 5043 3684 5114 pedibus

2043 5154 2206 5193 arma
2263 5137 2625 5207 abjecerunt,
2710 5133 2937 5190 animus
3015 5134 3294 5188 fuderunt
3348 5131 3452 5186 ﬁlii
3511 5136 3683 5203 Agar.

2044 5228 2156 5284 Sed
2185 5231 2462 5282 eteorum
2496 5224 2690 5280 feritas
2723 5224 3123 5280 mansuefacta
3149 5222 3280 5294 fuit,
3314 5225 3369 5277 et
3399 5237 3501 5292 pro
3549 5236 3688 5275 arcu

2046 5320 2305 5373 aratrum
2342 5316 2484 5386 ipsis
2515 5316 2666 5369 inter
2697 5331 2930 5382 manus,
2977 5318 3246 5383 terraque
3297 5310 3476 5366 sulcis
3535 5309 3690 5364 scin-

2048 5407 2382 5476 ditur;pro
2417 5421 2555 5458 ense
2616 5403 2752 5468 falx,
2813 5421 2929 5474 qua
2990 5405 3348 5456 frumentum
3410 5405 3688 5466 secatur;

2050 5512 2152 5568 pro
2185 5510 2332 5564 equo
2357 5492 2562 5548 bellico
2596 5491 2723 5545 bovi
2770 5493 2982 5562 jugum
3043 5491 3376 5562 imponunt,
3426 5488 3551 5542 vias
3609 5493 3693 5543 te-

2055 5589 2212 5653 runt,
2243 5589 2298 5639 et
2321 5601 2512 5639 aream
2546 5599 2833 5653 equorum
2896 5582 3146 5652 pedibus
3205 5579 3574 5636 conculcant.
3629 5578 3699 5634 Et

2057 5673 2304 5730 cessavit
2334 5674 2486 5745 apud
2539 5671 2669 5726 illos
2729 5670 3074 5726 commorari
3108 5670 3284 5740 Mars,
3345 5671 3544 5724 furens
3603 5667 3704 5724 illa

2060 5763 2268 5838 pestis,
2303 5763 2403 5819 sed
2436 5761 2733 5835 sapienter
2762 5761 2822 5816 in
2856 5759 3132 5816 honorem
3193 5757 3413 5816 Cereris
3465 5759 3701 5816 cedunt.

3309 5887 3388 5953 30
