4104 6210
495 384 615 445 939

1274 382 1697 445 EUSTATHII
1743 382 2503 445 THESSALONICENSIS
2549 379 3134 443 METROPOLI’I‘E

3787 379 3898 441 940

501 518 569 573 Et
616 516 719 589 qui
777 515 918 571 olim
977 515 1220 586 herique
1272 517 1447 570 etiam
1499 531 1601 586 per
1646 533 1804 572 mare
1857 517 2117 573 Asianun

2251 513 2337 568 ἐπὶ
2395 511 2630 577 θάλασαν
2678 516 2779 582 τήν
2833 512 3086 580 ’Δσιανῆν
3151 509 3578 584 πλατυνόμενοι,
3629 511 3719 564 καὶ
3783 512 3903 585 κρά-

504 608 622 664 late
679 606 976 678 patebant,
1044 610 1217 675 atque
1273 603 1636 660 maritimum
1688 607 1992 676 jactabant
2047 607 2149 660 im-

505 695 756 768 perium,
799 710 955 749 nunc
996 709 1108 746 non
1157 696 1387 746 tantum
1421 709 1483 747 se
1532 710 1565 746 a
1615 693 1908 750 vicinitate
1969 696 2146 751 maris

506 787 863 850 amoverunt,
884 781 982 836 sed
1016 779 1190 835 etiam
1233 780 1494 851 plerique
1519 782 1809 846 nesciunt,
1843 784 1953 839 nisi
2011 800 2144 841 voce

505 873 650 938 sola,
681 886 933 942 aequora,
967 869 1241 939 proximas
1271 869 1397 924 loco
1444 869 1825 927 habitationis
1865 873 1922 928 in
1951 890 2143 929 remo-

503 966 593 1017 tas
624 956 976 1016 continentis
1007 961 1190 1011 terras
1224 959 1361 1028 fuga
1390 959 1763 1030 emigrantcs,
1789 978 1920 1017 cum
1954 963 2143 1032 primo

497 1050 736 1105 Alexius
767 1048 918 1102 inter
947 1047 1331 1117 imperatores
1363 1046 1803 1104 illustrissimus
1835 1067 1934 1105 eos
1966 1069 2142 1123 repu-

493 1138 680 1205 lisset,
714 1136 866 1192 malo
897 1135 1099 1208 procul
1130 1137 1419 1206 ablegato,
1451 1137 1660 1193 deinde
1714 1139 1973 1196 Joannes
2025 1146 2139 1196 tro-

492 1229 633 1302 paeis
664 1242 892 1282 mersus
921 1241 1096 1295 quem
1122 1226 1354 1294 justum
1412 1230 1502 1280 est
1549 1226 1701 1282 inter
1758 1229 2139 1300 imperatores

491 1318 770 1374 eximium
815 1314 1040 1378 audire,
1099 1329 1198 1368 eos
1254 1313 1488 1386 longius
1557 1317 1892 1388 compulsos
1931 1321 2001 1376 de
2053 1320 2134 1374 vi-

491 1407 639 1462 cinis
671 1403 980 1474 dejecisset
1030 1401 1542 1473 possessionibus;
1588 1406 1758 1460 tertio
1810 1423 1944 1462 cum
2009 1412 2139 1479 post

491 1495 624 1551 illos
652 1490 1098 1565 potentissimus
1128 1489 1465 1562 imperator,
1511 1495 1610 1563 qui
1672 1499 1888 1550 terram
1921 1513 2134 1553 oceano

492 1583 822 1640 facinorum
896 1579 1098 1643 cinxit,
1157 1579 1281 1649 ipse
1361 1580 1610 1636 validius
1703 1585 1989 1641 excitatus
2074 1587 2134 1641 in

491 1688 591 1728 eos
621 1669 913 1736 irruisset,
947 1667 1028 1722 ita
1086 1671 1149 1721 ut
1181 1683 1342 1721 mare
1392 1669 1463 1722 ab
1523 1670 1670 1740 ipsis
1694 1672 1819 1742 jam
1877 1675 2132 1745 conspici

491 1777 610 1816 non
669 1757 873 1830 possit.
923 1757 985 1811 Et
1041 1773 1109 1810 ex
1181 1755 1370 1811 tribus
1449 1758 1573 1812 istis
1633 1761 1799 1830 quasi
1860 1762 2133 1821 ﬂuctibus

490 1849 642 1905 alius
672 1847 908 1919 quidem
942 1844 1157 1914 avertit,
1180 1862 1212 1898 a
1245 1844 1391 1898 mari
1436 1847 1740 1902 confusam
1775 1853 1923 1918 Agar
1952 1851 2130 1907 collu-

483 1939 751 2004 vionem;
784 1933 934 1991 alius
964 1949 1098 1988 vero
1135 1931 1297 1991 .illud
1359 1934 1548 2004 magis
1590 1935 1879 2008 ablegavit
1911 1957 1923 2007 ;
1985 1940 2131 1997 alter

481 2031 679 2082 autem
711 2022 910 2096 procul
936 2024 1112 2077 avisu
1146 2021 1443 2092 repulit,et
1462 2025 1642 2080 maris
1673 2026 1942 2082 dominos
1963 2029 2020 2082 in
2043 2029 2131 2084 in-

479 2115 638 2171 colas
668 2111 1025 2170 continentis
1058 2111 1440 2181 transposuit,
1497 2113 1576 2167 ita
1632 2118 1696 2168 ut
1739 2115 1991 2171 arduum
2050 2119 2128 2173 sit

479 2203 697 2260 nostris
729 2199 1137 2272 navigantibus
1171 2198 1374 2254 faciem
1411 2201 1712 2256 Ismaclitae
1744 2205 2128 2273 noscere,illis

477 2311 611 2350 vero
641 2309 848 2348 rursus
881 2290 1254 2346 rarissimum
1287 2306 1415 2345 esse
1477 2291 1656 2346 maris
1704 2295 2125 2365 spectaculum,

480 2384 594 2439 nisi
626 2383 711 2440 eis
742 2382 842 2453 qui
877 2382 948 2437 ad
980 2379 1398 2435 commercium
1434 2381 1886 2452 peregrinantur
1917 2389 1972 2439 et
2029 2386 2123 2456 qui

480 2491 514 2529 a
543 2471 973 2544 campestribus
1002 2473 1207 2524 emunt
1248 2485 1484 2540 pascua,
1521 2487 1623 2540 pro
1681 2471 1887 2527 bestiis
1937 2474 2124 2544 pacis-

481 2569 697 2619 centes.
731 2563 800 2616 Et
831 2559 1046 2615 multos
1080 2559 1250 2614 modo
1299 2574 1597 2614 sermones
1629 2560 1963 2618 exhauriret
2018 2581 2124 2618 au-

479 2653 644 2708 ribus
665 2650 963 2722 jucundos
994 2649 1081 2702 vir
1112 2647 1427 2716 lsmaelita,
1452 2649 1550 2718 qui
1583 2665 1741 2703 mare
1766 2651 1890 2720 jam
1917 2653 2120 2708 nescit.

478 2741 564 2795 Tu
622 2740 861 2812 quidem
919 2739 1002 2793 sic
1048 2737 1165 2792 illis
1220 2737 1505 2792 ﬂuentum
1563 2737 1883 2793 insolentia:
1941 2741 2120 2797 inter-

478 2829 711 2899 rupisti,
744 2834 800 2882 et
831 2844 1243 2891 sursum,seu,
1305 2831 1368 2880 ut
1423 2827 1649 2893 dicunt,
1712 2829 1953 2884 adverso
2011 2831 2122 2885 ﬂu-

476 2917 636 2972 mine
665 2917 976 2972 ascendere
1002 2914 1240 2985 coegisti
1277 2913 1444 2980 ;illos
1479 2932 1610 2969 vero
1663 2916 1957 2972 demulcet
1986 2935 2121 2990 spes

475 3005 765 3071 currendi,
819 3011 881 3058 ut
933 3002 1119 3069 aiunt,
1207 3004 1448 3057 adverso
1509 3003 1771 3070 ﬂumine,
1851 3011 1907 3060 et
1969 3008 2118 3063 desi-

475 3094 674 3150 derato
733 3093 1016 3164 potiendi.
1066 3096 1184 3145 Non
1237 3092 1318 3145 ita
1375 3108 1535 3158 sane,
1587 3093 1686 3146 sed
1765 3095 1978 3164 saepius
2035 3096 2118 3151 al-

473 3198 610 3238 veos
633 3182 751 3238 illis
774 3180 1405 3246 concludis,etversus
1446 3181 1605 3251 ipsos
1667 3183 1854 3239 fontes
1908 3185 1962 3238 vi
2027 3202 2116 3241 re-

2255 624 2348 667 τος
2378 604 2675 678 αὐχοῦντες
2706 599 3002 677 ἀγχίαλον,
3030 604 3120 654 νῦν
3169 599 3277 675 οὐχ
3324 598 3473 661 ὅπως
3517 607 3622 669 τῆς
3673 597 3903 674 αἰγιαλε-

2253 690 2404 754 τιδος
2439 692 2603 764 μόνον
2637 692 2937 766 ἀνήνεγκαν
2969 689 3212 758 ἑαυτοὺς,
3243 687 3371 744 ἀλλ’
3418 686 3546 744 οὐδὲ
3595 685 3809 743 οἴδασιν
3855 690 3900 743 oi

2255 779 2485 852 πολλοὶ,
2509 779 2590 834 ὅτι
2625 782 2701 853 μὴ
2731 778 2882 853 λόγῳ
2915 779 3089 852 μόνῳ,
3120 780 3221 846 τὴν
3261 775 3555 846 θάλασσαν,
3584 785 3689 846 τῆς
3727 797 3898 853 παρα-

2256 868 2378 925 λίου
2410 869 2687 931 κατοικίας
2741 869 2957 944 βαθεῖαν
3004 865 3230 942 ἤπειρον
3277 866 3338 922 ἐκ
3375 874 3552 945 φυγῆς
3587 866 3900 939 ἀλλαξάμε-

2251 959 2456 1026 νοι,τὰ
2511 962 2700 1032 πρῶτα
2729 955 2978 1028 Ἀλεξίου
3002 961 3098 1011 τοῦ
3154 958 3293 1011 πάνυ
3351 955 3403 1011 ἐν
3459 954 3774 1031 βασιλεῦσιν
3815 955 3900 1011 ἐκ·

2251 1046 2610 1120 κυμανθὲντος
2664 1046 2866 1116 αὐτοῖς,
2921 1045 3010 1100 καὶ
3078 1047 3139 1100 τὸ
3205 1047 3368 1101 κακὸν
3448 1046 3898 1122 παρασύραντος·

2253 1136 2365 1190 εἶτα
2420 1141 2516 1191 τοῦ
2571 1134 2952 1211 πελαγίζοντος
3000 1139 3117 1199 τοῖς
3171 1134 3455 1211 τροπαίοις
3510 1136 3792 1209 Ἰωάννου,
3849 1137 3903 1190 ὃν

2251 1228 2405 1298 Οὲμις
2473 1223 2525 1279 ἐν
2595 1223 2904 1300 βασιλεῦσιν
2969 1223 3185 1278 ἀκούειν
3257 1223 3548 1292 κάλλιστα,
3603 1225 3898 1300 βαρύτερον

2250 1314 2435 1369 ἑαυτὸν
2487 1312 2923 1388 ἐπεξαγαγόντος.
2977 1312 3065 1367 καὶ
3114 1314 3178 1368 τὸ
3224 1313 3340 1367 κατ’
3389 1311 3562 1368 ἐκεῖνο
3614 1312 3704 1367 ἐπὶ
3757 1312 3901 1388 μᾶλο

2249 1401 2342 1458 λον
2385 1403 2861 1464 ἀνασκευάσαντος·
2891 1401 3077 1476 τρίτου
3110 1399 3168 1457 δὲ
3213 1400 3295 1456 ἐπ’
3342 1400 3564 1463 ἐκείνοις
3609 1406 3708 1456 τοῦ
3768 1423 3897 1479 κρα-

2244 1492 2429 1546 τίστου
2477 1490 2763 1566 βασιλέως,
2814 1491 2874 1554 ’ὀς
2933 1495 3001 1565 τῇ
3056 1490 3352 1566 οἰκουμένῃ
3415 1491 3652 1546 ὠκεανὸν
3700 1512 3900 1568 κατορ-

2247 1582 2515 1653 θωμάτων
2585 1579 2848 1656 ἐγῦρωσε,
2901 1579 3284 1655 κραταιότερον
3337 1579 3708 1651 ὶντινάξαντος
3777 1582 3901 1636 ἑαυ-

2243 1671 2334 1724 τὸν
2365 1670 2455 1725 καὶ
2487 1669 2881 1746 ἀπαγαγόντος,
2916 1670 2990 1731 ὡς
3053 1669 3249 1744 μηκὲτι
3293 1670 3479 1732 αὐτοῖς
3520 1669 3754 1744 ἐπόψιον
3800 1673 3898 1741 τὴν

2243 1757 2509 1814 θάλασσαν
2542 1759 2798 1832 γίνεσθαι.
2823 1759 2919 1812 Καὶ
2977 1758 3235 1831 κυμάτων
3294 1760 3409 1812 οἷον
3460 1759 3672 1814 τούτων
3731 1764 3898 1832 τριῶν

2241 1849 2304 1904 τὸ
2365 1849 2458 1920 μὶν
2521 1845 2764 1918 διέστησε
2817 1851 2919 1912 τῆς
2973 1845 3250 1917 θαλάσσης
3300 1848 3391 1902 τὸν
3448 1846 3508 1902 ἐκ
3571 1853 3676 1914 τῆς
3729 1852 3897 1925 ’Ἅγαρ

2240 1936 2629 2013 ἀκριτόφυρτον
2692 1935 2984 2012 συρφετόν·
3038 1937 3102 1990 τὸ
3163 1933 3220 1990 δὶ
3273 1935 3350 1999 εἲς
3407 1935 3580 1991 πλιον
3633 1939 3898 2015 ἀφώρισε.

2273 2023 2648 2080 ὸδλ“”ἶ’
2956 2025 3280 2081 “ἀ“θλ
3392 2025 3404 2044 ’
3557 2025 3683 2079 "1‘
3847 2030 3859 2048 '

2237 2047 2266 2080 τ
2367 2047 2507 2080 exui
2563 2047 2844 2102 ιφαντωσε,
2885 2047 2973 2080 και
3043 2046 3123 2080 ντι
3211 2047 3244 2080 α
3287 2046 3469 2081 αττιου
3526 2047 3605 2087 εις
3675 2048 3896 2102 δπειρω-

2234 2136 2328 2176 τας
2390 2115 2736 2185 κατέστησεν,
2769 2115 2843 2176 ὡς
2900 2110 3052 2190 ἔργον
3107 2115 3240 2169 εἶναι
3291 2121 3406 2176 τοῖς
3437 2117 3744 2188 καθ’ἡμᾶς
3803 2119 3892 2172 θα-

2237 2202 2584 2259 λαττεύουσιν
2656 2201 2850 2258 εἰδέναι
2905 2198 3028 2277 ὄψιν
3087 2202 3489 2276 Ἰσμαηλίτιδα,
3548 2203 3782 2268 ἐκείνοις
3839 2204 3894 2262 δὶ

2238 2290 2388 2355 αὖθις
2444 2293 2808 2347 σπανιώτατον
2869 2291 3001 2347 εἶναι
3061 2293 3344 2366 Θεαμάτων
3419 2295 3520 2363 τήν
3593 2293 3894 2366 θάλασσαν,

2235 2380 2382 2450 πλὴν
2435 2381 2552 2436 ὅσοι
2601 2383 2718 2436 κατ’
2757 2380 3023 2456 ἐμπορίαν
3074 2403 3179 2436 που
3231 2381 3574 2453 στέλλονται,
3621 2385 3714 2438 καὶ
3777 2385 3891 2440 ὅσοι

2233 2469 2327 2530 τὰς
2388 2467 2447 2522 ix
2491 2472 2599 2522 τῶν
2649 2465 2918 2522 πεδιάδων
2989 2466 3252 2523 ὠνοῦνται
3301 2470 3501 2541 νομὰς,
3549 2475 3671 2530 τοῖς
3735 2472 3892 2538 ζώοις

2237 2554 2590 2612 ὑπόσπονδοι.
2627 2558 2725 2613 Καὶ
2779 2555 3028 2618 πολλοὺς
3087 2554 3146 2610 ἃν
3195 2555 3316 2632 ἄρτι
3374 2555 3575 2632 λόγους
3633 2559 3890 2633 ἀναλώσῃ

2231 2646 2368 2718 πρὸς
2424 2645 2634 2722 τρυφὴν
2691 2644 2858 2714 ἀκοῆς
2932 2644 3064 2718 ἀνὴρ
3139 2644 3518 2718 Ἰσμαηλίτης,
3578 2647 3891 2722 ἀρτιμαθὴς

2232 2733 2505 2804 θαλάσσης
2534 2734 2846 2808 γενόμενος.
2882 2733 2957 2788 Σὺ
2981 2731 3038 2789 δὲ
3079 2732 3220 2788 οὕτω
3255 2734 3348 2807 μὶν
3383 2733 3568 2796 αὐτοῖς
3603 2736 3668 2790 τὸ
3719 2735 3891 2812 ῥεῦμα

2227 2827 2328 2876 τοῦ
2373 2823 2600 2896 θράσους
2669 2821 2952 2896 ἀνέκοψας,
3012 2822 3099 2876 xui
3171 2821 3246 2884 εἷς
3309 2822 3573 2898 ἀνάῤῥουν
3639 2822 3888 2898 ἔτρεψας,

2228 2910 2318 2965 καὶ
2348 2913 2398 2984 (ὃ
2431 2909 2496 2980 δὴ
2523 2909 2758 2985 λέγεται)
2804 2910 2915 2965 ἄνω
2947 2916 3232 2984 ποταμῶν·
3273 2911 3577 2966 ὑποθάλπει
3643 2910 3703 2968 δὲ
3760 2915 3888 2968 τού-

2229 3022 2354 3062 τους
2412 3000 2569 3061 ἐλπὶς
2621 2997 2867 3074 δραμεῖν,
2899 3000 2928 3053 ὃ
2961 3021 3108 3076 φασι,
3141 3002 3274 3054 κατὰ
3323 3000 3488 3076 ῥοῶν,
3520 3002 3611 3055 καὶ
3675 3003 3887 3075 συμμί-

2229 3090 2308 3159 ξαι
2344 3088 2422 3150 εἷς
2459 3090 2520 3143 τὸ
2579 3089 2936 3162 ποθοεὸμενον.
2993 3085 3293 3162 Οῧμενουν·
3327 3089 3474 3144 ἀλλὰ
3528 3092 3706 3166 συχνᾶ
3763 3092 3888 3154 τοὺς

2231 3177 2460 3252 ὀχετοὺς
2487 3178 2810 3254 ἐμφράττεις
2860 3177 3066 3248 αὐτοῖς,
3097 3179 3184 3232 καὶ
3252 3177 3412 3254 βιάζῃ
3443 3179 3534 3232 xui
3585 3179 3666 3241 εἰς
3724 3181 3885 3243 αὐτὰς

474 3270 670 3342 pellis.
703 3270 859 3326 Nihil
915 3269 1219 3340 impediret
1275 3269 1417 3339 quin
1467 3268 1584 3324 lucc
1641 3271 1753 3325 cito
1804 3273 1946 3326 ﬁant
2004 3273 2115 3328 nisi

2229 3267 2320 3328 τὰς
2371 3267 2566 3341 πηγάς.
2622 3265 2862 3320 Ἐκώλυε
2912 3264 2968 3321 δὲ
3026 3263 3179 3321 οὐδὲν
3237 3268 3324 3321 καὶ
3383 3268 3526 3343 ταχὺ
3580 3274 3751 3324 τοῦτο
3809 3291 3887 3344 γε-

477 3363 550 3418 ab
585 3363 828 3434 antiquo
857 3365 1120 3432 tempore
1150 3361 1379 3415 fervens
1410 3359 1634 3415 malum
1667 3362 1737 3416 ab
1795 3361 1930 3418 altis
1987 3381 2118 3420 eru-

478 3452 662 3522 pisset
693 3449 943 3523 abyssis,
975 3454 1032 3504 et
1061 3449 1275 3503 ﬂuctus
1322 3447 1435 3504 late
1484 3448 1734 3505 diﬂ‘usus
1785 3455 1964 3506 totam
2024 3469 2119 3508 oc-

476 3545 749 3610 cupasset
776 3546 1014 3609 terram,
1063 3555 1240 3610 quam
1274 3555 1308 3593 a
1354 3537 1494 3593 solis
1539 3539 1764 3594 ortibus
1820 3541 2120 3612 cognomi-

479 3645 715 3690 namus.

547 3755 602 3809 5.
635 3755 848 3809 Verum
905 3752 1014 3807 hoc
1071 3752 1181 3807 erit
1238 3751 1473 3822 quando
1524 3751 1910 3807 insufﬂaverit
1967 3757 2118 3810 Deus

475 3844 576 3917 qui
609 3842 791 3914 replet
820 3858 1022 3898 omnes
1053 3841 1364 3913 petitiones
1421 3841 1613 3894 cordis
1672 3841 1778 3906 tui,
1818 3858 2117 3914 manuque

473 3931 664 3988 valida
697 3931 947 4001 arripuit
997 3931 1189 3985 tentes
1237 3929 1415 3998 hujus
1465 3928 1726 3983 ﬂuminis
1778 3946 1925 4000 quos
1986 3932 2112 4001 jam

472 4020 781 4076 refundere
811 4017 1057 4090 ccepisti,
1091 4024 1147 4073 et
1168 4017 1433 4072 recedere
1464 4017 1723 4089 coegisti.
1772 4021 1902 4073 Jam
1958 4036 2114 4075 nunc

469 4106 615 4161 illud
650 4106 916 4161 contines
948 4105 1258 4172 ﬂuentum,
1290 4110 1347 4158 et
1377 4104 1620 4159 reﬂuere
1678 4105 1889 4176 adigis,
1920 4111 2110 4163 terrae-

469 4212 585 4267 que
617 4200 839 4252 secreta
865 4194 1085 4260 subire,
1120 4195 1412 4248 moenibus
1455 4194 1653 4248 hostes
1711 4211 1935 4262 arcens,
1988 4197 2111 4252 vias

467 4285 673 4341 solidis
695 4284 939 4339 firmans
983 4282 1437 4346 munitionibus,
1495 4289 1552 4337 et
1598 4287 1732 4338 tuos
1783 4283 1898 4339 illis
1954 4284 2109 4341 insu-

464 4374 709 4448 perabili
742 4371 965 4428 vallans
996 4387 1226 4444 aggere.
1258 4371 1430 4427 Juvat
1461 4387 1697 4426 cernere
1746 4372 1887 4441 vias,
1944 4375 2108 4445 prius

460 4461 809 4518 Christianis
839 4461 1170 4533 impervias,
1205 4476 1362 4514 nunc
1421 4459 1622 4514 multis
1670 4460 1862 4530 tritas,
1914 4468 1971 4517 et
2031 4465 2101 4520 ad

459 4567 760 4609 accessum
791 4554 1056 4620 patentes
1090 4565 1205 4603 non
1241 4553 1471 4602 tantum
1531 4548 1692 4616 viris,
1753 4548 1938 4620 iisque
2012 4569 2101 4607 ar-

2229 3353 2428 3423 νὲσθαι,
2461 3354 2505 3407 εἶ
2553 3355 2626 3426 μὴ
2683 3353 2888 3428 μακρὸς
2936 3354 3139 3429 ἀφότου
3171 3355 3373 3429 χρόνος
3405 3354 3612 3417 ἐκεῖνος
3673 3356 3735 3412 ὲκ
3792 3359 3883 3432 βα·

2232 3441 2364 3496 Οέων
2423 3443 2585 3497 ποθὲν
2631 3443 2694 3496 τὸ
2751 3443 2913 3497 κακὸν
2973 3441 3254 3518 ἐξερράγη,
3297 3445 3386 3498 καὶ
3431 3442 3734 3516 ἐσκεδάσθη
3793 3467 3884 3501 πε-

2232 3530 2441 3605 λάγιον,
2472 3531 2561 3585 καὶ
2590 3532 2688 3601 τὴν
2715 3535 2816 3606 γῆν
2845 3538 3014 3586 πᾶσαν
3049 3531 3297 3608 ἐπέσχεν,
3329 3535 3396 3604 ἣν
3426 3539 3546 3596 ταῖς
3587 3539 3690 3589 τοῦ
3721 3535 3879 3605 ἡλίου

2231 3618 2493 3676 ἐπικαλοῦ
2502 3642 2594 3694 μεν
2629 3619 2941 3682 ἀνατολαῖς.

2301 3747 2356 3802 ε’.
2383 3743 2561 3801 Ἀλλᾶ
2614 3749 2774 3799 τοῦτο
2836 3746 2929 3817 μὲν
2992 3745 3211 3815 ἐσεῖται,
3249 3746 3338 3802 ὅτε
3368 3747 3497 3809 Θεὸς
3531 3747 3878 3821 ἐπινεύσειεν,

2228 3835 2256 3888 ὁ
2285 3833 2515 3908 πληρῶν
2558 3833 2733 3888 πάντα
2776 3835 2842 3888 τὰ
2891 3833 3166 3907 αἰτήματα
3202 3844 3303 3905 τῆς
3348 3834 3575 3910 καρδῖας
3639 3859 3762 3911 σου,
3793 3842 3874 3894 xui

2226 3923 2372 3996 χειρὶ
2431 3927 2660 3998 κραταιᾷ
2717 3919 3048 3995 δραξάμενος
3103 3928 3211 3977 τῶν
3282 3930 3472 4000 πηγῶν
3532 3927 3740 3981 τούτου
3787 3933 3878 3983 τοῦ

2225 4010 2516 4085 ῥεύματος,
2568 4009 2631 4071 ἃς
2674 4011 2764 4064 xui
2839 4009 3238 4086 ἀναμοχλεύειν
3296 4010 3405 4083 ἤδη
3473 4014 3731 4088 ἀπήρξω.
3783 4017 3876 4071 οὐκ

2223 4100 2432 4176 ἀφήσεις
2493 4097 2619 4153 οὐδὲ
2678 4097 3013 4171 ἐξάλλεσθαι·
3059 4101 3126 4155 τὰ
3171 4104 3258 4154 νῦν
3303 4098 3361 4155 δὲ
3410 4101 3599 4166 ἄλλως
3664 4105 3878 4180 ἐπέχεις

2221 4187 2427 4256 ἐκείνην
2487 4190 2583 4256 τὴν
2647 4187 2922 4263 σόῤῥοιαν,
2973 4189 3062 4242 καὶ
3122 4187 3464 4245 παλινοστεῖν
3526 4193 3875 4268 ἀναγκάζεις,

2218 4277 2307 4330 καὶ
2361 4275 2412 4330 ἐν
2461 4277 2651 4353 ἀφανεῖ
2701 4277 3170 4351 καταχώννυσθαι,
3204 4276 3552 4355 διατειχίζων
3596 4283 3730 4344 τοὺς
3780 4305 3878 4338 ποο

2219 4364 2466 4437 λεμίους,
2499 4367 2588 4419 καὶ
2639 4366 2732 4426 τὰς
2789 4363 3012 4441 ἐφόδους
3073 4365 3323 4443 διείργων
3374 4371 3726 4445 στερεμνίοις
3769 4373 3878 4428 ἐπι-

2213 4455 2557 4529 τειχίσμασι,
2589 4455 2678 4508 καὶ
2732 4454 3091 4529 ἀνατειχίζων
3140 4457 3314 4519 οὕτως
3361 4459 3550 4520 αὐτοῖς
3584 4462 3651 4514 τὸ
3685 4463 3877 4526 ἀκάθε-

2214 4565 2336 4598 κτον
2391 4544 2484 4599 Καὶ
2531 4541 2669 4597 ἔστιν
2709 4541 2842 4597 ἰδεῖν
2883 4541 3010 4598 ὁδοὺ
3099 4541 3194 4599 a6'
3416 4549 3429 4563 “
3589 4551 3600 4567 ’
3771 4553 3787 4570 ’

2349 4585 2360 4598 .
2798 4587 2810 4597 .
3017 4565 3064 4612 ς,
3169 4566 3329 4608 ατους
3373 4568 3440 4601 τα
3486 4569 3688 4624 πρώην
3742 4553 3878 4626 Ἀρι-

458 4640 658 4705 matis,
691 4641 792 4696 sed
825 4644 883 4694 et
912 4638 1114 4694 leviter
1153 4637 1225 4692 ad
1275 4637 1386 4691 iter
1441 4636 1747 4706 expeditis,
1807 4644 1863 4693 et
1918 4638 2100 4696 viato-

2229 4637 2465 4700 ττιανοῖς,
2526 4631 2645 4705 ἄρτι
2718 4631 3035 4709 λεωφόρους
3099 4635 3188 4688 καὶ
3263 4637 3720 4710 ἀναπεπταμένας
3801 4640 3874 4702 εἷς

453 4731 608 4786 rium
641 4730 858 4784 ferrum
887 4727 980 4783 vix
1008 4733 1066 4783 et
1087 4727 1321 4782 nonnisi
1355 4725 1581 4781 decoris
1622 4727 1810 4797 gratia
1867 4729 2097 4784 succin-

451 4821 628 4893 gitur.
686 4821 820 4873 Jam
878 4815 1152 4872 mulleres
1210 4815 1352 4886 ipsae
1402 4813 1532 4869 illas
1601 4815 1819 4870 audent
1878 4821 2099 4874 tentare

448 4910 595 4976 vias,
631 4909 772 4980 ipsae
803 4907 979 4962 etiam
1012 4923 1139 4977 quae
1199 4903 1603 4960 delectationis
1637 4921 1810 4961 causa
1839 4909 2095 4980 peregri-

449 5001 690 5065 nantur,
714 4995 802 5052 vel
825 5012 972 5066 quas
1030 5011 1099 5050 ex
1151 4993 1382 5050 civitate
1434 4993 1700 5048 divinum
1749 4995 1960 5051 ardens
2010 4996 2094 5053 lo-

445 5101 648 5143 corum
675 5092 1011 5141 sanctorum
1071 5083 1428 5139 desiderium
1482 5080 1598 5136 illic
1631 5081 1897 5138 viatrices
1932 5085 2090 5142 facit.

441 5177 497 5230 Si
523 5190 659 5247 ergo
686 5179 852 5230 vetus
883 5173 1124 5243 quidam
1156 5188 1250 5226 rex
1284 5170 1524 5225 ﬂuvium
1557 5169 1904 5227 insolentem
1929 5176 2091 5245 etju-

439 5263 714 5321 mentain
745 5262 1102 5335 profundum
1122 5258 1735 5330 trahentem,virisque
1767 5262 2087 5320 terribilem

438 5353 672 5410 mulieri
687 5353 973 5406 vadosum
999 5349 1401 5418 fecerat,illuin
1425 5347 1749 5404 innumeris
1768 5350 2086 5409 minuendo

439 5441 849 5507 incisionibus,
883 5438 982 5494 alii
1015 5455 1147 5494 vero
1179 5438 1285 5493 boc
1317 5437 1538 5505 regium
1575 5436 1801 5492 facinus
1832 5440 2085 5496 venerati

442 5531 864 5594 laudaverunt;
896 5544 1000 5598 ego
1032 5527 1268 5598 quidem
1302 5527 1372 5580 de
1394 5525 1527 5580 istis
1567 5525 1790 5593 dubito,
1849 5536 1907 5583 et
1939 5528 2083 5585 illud

444 5619 700 5672 incisum
731 5618 953 5671 ﬂumen
994 5633 1200 5672 censeo
1245 5617 1514 5671 devotum
1567 5615 1748 5670 fuisse
1791 5618 1980 5683 furiis,
2029 5624 2085 5675 et

448 5720 609 5761 mare
636 5703 1014 5777 ﬂagellatum,
1047 5705 1198 5776 quod
1258 5703 1398 5759 olim
1455 5718 1668 5774 passus
1717 5708 1806 5760 est
1862 5704 2082 5764 Helles-

2213 4722 2472 4797 βάσιμον·
2527 4720 2615 4774 καὶ
2659 4720 2720 4775 οὐ
2775 4721 2939 4794 μόνον
2991 4720 3235 4797 ἀυδράσι,
3285 4725 3375 4778 καὶ
3427 4725 3651 4788 τούτοις
3701 4728 3872 4782 ὁπλο·

2207 4815 2487 4888 φοροῦσιν,
2519 4807 2665 4864 ἀλλὰ
2710 4810 2800 4863 καὶ
2850 4811 2930 4870 οἷς
2970 4813 3037 4864 τά
3083 4818 3186 4880 τῆς
3234 4814 3456 4887 πορείας
3513 4813 3751 4884 εὕζωνα’
3785 4818 3871 4873 xui

2207 4901 2234 4954 ὁ
2265 4896 2468 4960 ἐνόδιος
2518 4897 2740 4972 σίδηρος
2795 4897 2960 4972 μόλις
3009 4920 3115 4954 που
3164 4900 3252 4955 καὶ
3311 4902 3388 4964 εἷς
3428 4909 3870 4978 παρηρτημὲνην

2204 4989 2526 5063 πεπόρισται
2587 4989 2884 5063 μάχαιραν.
2947 4986 3091 5059 ’Ἠδη
3141 4990 3232 5044 καὶ
3295 4997 3549 5066 γυναῖκες
3610 4995 3865 5068 τολμῶσι

2199 5079 2294 5141 τὰς
2346 5075 2504 5137 ὁδοὺς
2552 5075 2775 5139 ὲκείνας,
2833 5077 2924 5130 καὶ
2984 5077 3136 5132 αὗται
3212 5084 3320 5134 τῶν
3377 5087 3866 5158 τρυερερευομὲνων

2201 5166 2287 5222 xui
2316 5170 2424 5219 τῶν
2465 5163 2515 5234 ἐξ
2566 5161 2772 5232 ἄστεος,
2803 5164 2930 5226 ὅσας
2960 5167 2988 5219 ὁ
3029 5168 3174 5228 Θεῖος
3223 5167 3392 5229 πόθος
3442 5171 3862 5244 ἀναθερμαίνων

2196 5257 2384 5317 τόποις
2418 5254 2587 5328 ἁγίοις
2651 5253 2787 5309 ὅπου
2824 5251 3030 5320 δήποτε
3075 5263 3175 5326 τῆς
3225 5257 3335 5313 ἐκεῖ
3387 5265 3492 5333 γῆς
3552 5259 3862 5334 ὶπιδτςμους

2196 5351 2361 5401 ποιεῖ.
2396 5343 2457 5398 Ei
2522 5343 2613 5414 μὲν
2673 5342 2782 5397 οὖν’
2821 5343 3054 5407 παλαιός
3111 5366 3194 5407 τις
3277 5347 3534 5422 βασιλεὺς
3604 5351 3857 5422 ποταμὸν

2196 5432 2637 5505 ἀναιδευσάμενον
2669 5477 2682 5500 ,
2766 5433 2856 5487 καὶ
2935 5434 3199 5510 ὑποζύγια
3289 5437 3709 5510 κατασύραντα,
3768 5439 3856 5493 xui

2195 5521 2319 5580 οὐδὶ
2378 5519 2586 5597 ἀνδρῶν
2648 5521 2992 5598 φεισάμενον,
3056 5523 3219 5599 βατὸν
3284 5525 3553 5597 πεποίηκε
3621 5527 3851 5603 γυναιξὶ,

2192 5619 2417 5673 πυκναῖς
2455 5611 2654 5665 ἐκεῖνον
2707 5609 3115 5688 λεπτουργιςσας
3155 5621 3516 5688 κατατομαῖς,
3567 5613 3737 5672 ἄλλοι
3785 5615 3852 5671 τὰ

2190 5711 2288 5776 τῆς
2340 5702 2629 5778 βασιλικῆς
2694 5697 2903 5772 ικείνης
2971 5697 3378 5776 σεμνυνέτωσαν
3436 5705 3729 5781 πράξεως*
3770 5705 3848 5772 ὡς
