4104 6210
279 491 396 553 941

1199 494 1637 558 ALLOCUTlO
1680 494 1783 554 AD
1829 492 2267 556 MANUELEM
2312 497 2780 563 COMNENUM.

3567 509 3687 571 912

284 620 393 697 ἐγὼ
422 626 586 678 τοῦτο
633 624 727 697 μὲν
784 623 948 696 ὀκνῶ,
995 626 1086 680 καὶ
1131 624 1208 688 είς
1256 627 1447 681 ταυτὸν
1496 624 1629 702 ἄγω,
1685 625 1931 699 ποταμόν

2048 631 2285 698 pontus.
2320 630 2466 687 Vere
2498 636 2693 688 autem
2752 631 3064 705 pulchrum
3107 634 3312 705 judico
3358 641 3417 692 et
3461 655 3686 712 magna

279 732 341 766 1s
420 711 872 783 ποινηλατεῖσθαι
951 712 1284 789 τεμνόμενον
1319 757 1334 784 ,
1417 714 1507 769 καὶ
1590 714 1932 788 μαστίζεσθαι

283 797 582 870 θάλασσαν,
631 802 763 879 ὅπερ
803 800 1211 873 Ἑλλήσποντος
1262 805 1425 859 πάθοι
1472 796 1621 859 ποτὲ·
1667 801 1833 859 καλὸν
1875 800 1934 858 δὲ

279 888 452 951 ὅντως
489 890 659 967 κρίνω
700 891 790 947 καὶ
843 890 1132 967 βασιλικῆς
1185 891 1429 969 μεγάλης
1472 893 1666 969 ἴσχύος
1691 891 1929 966 ἐπάξιον,

279 984 384 1054 γῆν
434 976 585 1053 μάλα
633 979 728 1053 μὶν
759 978 1001 1051 πολλὴν,
1039 978 1188 1054 μάλα
1219 979 1277 1036 δὶ
1332 982 1383 1036 ἐν
1432 984 1777 1058 καιριωτάτῳ
1818 1002 1930 1036 κει-

282 1067 475 1141 μένην,
508 1066 696 1131 ἄλλως
726 1066 783 1124 δὶ
810 1074 928 1131 τοῖς
964 1065 1314 1145 προσϐαίνειν
1365 1069 1610 1127 ἐθέλουσι
1660 1065 1929 1144 δυσέμϐα-

271 1178 368 1212 τον
418 1157 510 1212 καὶ
542 1152 858 1227 ἀνίκϐατον,
892 1156 953 1213 οὒ
986 1156 1055 1212 δι’
1086 1156 1339 1233 ἐρημίαν,
1373 1160 1434 1214 οὗ
1467 1156 1606 1215 διότι
1635 1161 1927 1236 θηριοτρό-

274 1247 462 1322 φος,ἢ
514 1245 598 1302 ὅτι
643 1241 919 1324 προϐολαὶ
975 1253 1185 1324 πετρῶν
1244 1249 1414 1319 αὐτὴν
1465 1248 1837 1326 ἐξετράχυναν,
1890 1250 1926 1318 ἢ

269 1335 363 1391 καὶ
423 1335 531 1406 ὕλη
567 1335 893 1415 ἀμφιλαφὴς
919 1336 1047 1401 τοὺς
1096 1334 1423 1412 ὁδοιπόρους
1471 1338 1753 1411 ἐξὲκλειεν·
1806 1336 1933 1395 ἀλλ’

270 1432 356 1489 ὅτι
390 1431 667 1489 σκάνδαλα
703 1429 906 1511 τρίϐων
950 1436 1065 1511 εἶχε
1113 1440 1277 1506 πᾶσι,
1317 1436 1406 1491 καὶ
1458 1436 1656 1500 ⁴ὅπλοις
1706 1439 1929 1511 Ἰσμαη-

270 1521 512 1588 λιτικοῖς
542 1520 707 1593 ληίου
739 1520 891 1594 δίκην
937 1522 1172 1602 ἔφριττε,
1230 1524 1321 1580 καὶ
1372 1525 1470 1599 (ὥς
1524 1523 1584 1580 ἂν
1640 1547 1723 1590 τις
1757 1524 1926 1600 εἷ’ποι)

270 1609 515 1686 σιδηρέῳ
567 1610 740 1687 τείχει
806 1608 997 1667 διόλου
1053 1612 1350 1690 πὲφρακτο,
1408 1614 1498 1668 καὶ
1537 1616 1683 1687 ἡμᾶς
1713 1612 1926 1669 ἀπετεί-

272 1706 425 1777 χιζε,
475 1701 708 1776 βάσιμον
757 1707 983 1771 ποιῆσαι
1032 1707 1149 1764 τοῖς
1190 1698 1451 1757 διοδεύειν
1509 1702 1778 1773 ἐθέλουσι,
1835 1704 1925 1758 καὶ

270 1789 485 1858 αὐτοῖς,
519 1788 635 1845 ὅσοι
668 1787 842 1845 δειλοὶ
874 1791 1011 1865 πρὸς
1065 1789 1238 1860 ἀλκὴν
1291 1791 1383 1846 καὶ
1415 1788 1635 1866 σίδηρον
1686 1790 1919 1866 εἷσορᾷν.

265 1878 351 1936 Τὸ
400 1875 457 1933 δὶ
485 1879 606 1932 καθ’
646 1880 679 1949 ἡ
691 1883 796 1952 μᾶς
846 1876 1071 1943 ἐνταῦθα
1100 1883 1206 1934 ποῦ
1236 1900 1368 1934 ποτε
1421 1882 1572 1951 θήσει
1601 1901 1684 1942 τις
1715 1879 1925 1954 θαύμα-

262 1988 387 2040 τος,
434 1966 703 2042 βασιλέων
737 1965 1143 2043 ἀνδρικώτατε;
1191 1966 1258 2026 Ο’ί
1304 1968 1390 2023 καὶ
1448 1970 1608 2023 αὐτοῖ
1662 1976 1763 2039 τῆς
1816 1976 1922 2044 γῆς
1958 1997 2003 2062 Β

263 2055 475 2127 ταύτης
520 2053 629 2127 ἤδη
674 2056 1136 2134 καταθαρῥοῦμεν,
1187 2054 1464 2133 ἅνθρωποι
1524 2055 1754 2133 σιδήρου
1814 2080 1920 2132 μη-

264 2142 357 2200 δὲν
413 2145 846 2219 παραπτόμενοι,
905 2144 1052 2215 πλὴν
1120 2145 1172 2200 εἷ’
1226 2166 1331 2200 που
1393 2143 1722 2221 μαχαιρίδος
1775 2147 1922 2208 τινὸς

264 2232 615 2309 ἐνοχλούσης
643 2233 880 2307 καλάμῳ
931 2235 1021 2289 καὶ
1051 2234 1464 2311 παραποιούσης
1516 2236 1606 2290 καὶ
1664 2234 1922 2308 ἀποξεού-

267 2344 375 2391 σης
450 2321 524 2387 εἷς
598 2325 927 2400 γράμματα.
1002 2322 1340 2398 Πεποίθαμεν
1390 2326 1427 2393 ἦ
1487 2324 1637 2398 μὴν,
1703 2322 1789 2380 ἐὰν
1834 2323 1924 2379 καὶ

270 2414 473 2481 θεατὴς
546 2412 894 2488 παριππεύσῃ
970 2410 1295 2482 ἀλλόκοτος,
1374 2412 1789 2488 ἀποπέμψεσθαι
1860 2414 1924 2469 τὸ

266 2502 463 2572 κακὸν,
492 2496 927 2575 ἀναϐοησάμενον
963 2502 1024 2557 τὸ
1055 2502 1145 2556 σὸν
1193 2502 1283 2557 καὶ
1317 2501 1479 2575 μόνον
1513 2498 1707 2577 ὄνομα.
1757 2501 1926 2560 Οὐδὲν

268 2603 413 2674 ἡμῖν
447 2600 698 2655 ἀπαίσιον
734 2601 1136 2670 συναντήσεται,
1191 2600 1256 2655 οὐ
1301 2594 1473 2675 φόϐος
1502 2601 1829 2676 νυκεερινὸς,
1861 2600 1924 2655 οὐ

272 2689 441 2766 βέλος
468 2688 679 2766 ἠμίρας
711 2688 1030 2761 πετόμενον*
1063 2687 1366 2744 αἰδέσονται
1391 2690 1483 2744 τὸν
1514 2691 1726 2765 κήρυκα
1756 2691 1807 2745 οἱ
1831 2691 1921 2747 τὸν

264 2778 680 2855 κήρυσσόμενον
712 2777 1045 2856 φρίσσοντες.
1077 2780 1267 2835 Ἔσται
1308 2780 1443 2851 ἡμῖν
1496 2777 1613 2833 ἀντῖ
1660 2778 1924 2854 κηρυκίου

265 2868 333 2923 τὸ
385 2866 671 2944 βασιλικὸν
720 2862 915 2939 ὄνομα.
950 2860 1331 2939 Διαϐησόμεθα
1381 2866 1454 2927 ὡς
1503 2864 1590 2921 ἰπὶ
1622 2867 1921 2943 πανήγυριν

267 2954 506 3013 ἄσυλοι.
594 2956 1025 3028 Ἀναπετάσομεν
1111 2952 1430 3032 ὀφθαλμοὺς
1509 2956 1600 3009 καὶ
1685 2955 1920 3031 ἀροῦμεν

264 3045 483 3120 κύκλῳ,
535 3046 898 3118 θαυμάζοντες
946 3065 1042 3099 σου
1088 3043 1154 3098 τὰ
1206 3040 1365 3120 ἔργα.
1422 3045 1921 3123 Τοπογραφήσομέν

267 3157 369 3192 σου
398 3135 495 3197 τὰς
544 3133 834 3209 ἀριστείας.
884 3129 1313 3207 Περιοδεύσομεν
1366 3133 1592 3201 τόπους,
1642 3131 1693 3188 ἐν
1740 3134 1820 3196 οἷς
1869 3134 1922 3188 οἱ

266 3225 357 3281 σοὶ
408 3225 605 3297 ὡραῖοι
653 3220 818 3285 πόδες
859 3222 1151 3293 ίπάτησαν,
1207 3222 1339 3297 ὑπὲρ
1402 3223 1563 3296 ἡμῶν
1614 3226 1921 3294 πονοῦντες,

2043 716 2197 787 regis
2226 718 2460 776 virtutis
2504 720 2750 793 dignum
2801 737 3075 793 magnam
3109 723 3345 794 quidem
3393 726 3690 799 regionem

2042 806 2140 860 sed
2177 806 2235 861 in
2270 813 2455 864 morte
2475 809 2768 880 jacentem
2800 809 3037 867 aliunde
3067 810 3151 867 eis
3192 815 3293 883 qui
3326 830 3562 888 pergere
3590 834 3689 874 vo-

2040 891 2243 950 lebant
2272 894 2616 968 imperviam
2661 902 2718 953 et
2745 897 3233 972 inaccessibilem,
3265 918 3381 958 non
3424 905 3564 976 quia
3588 906 3689 963 de-

2040 988 2216 1049 serta,
2262 990 2363 1040 aut
2418 986 2555 1042 feris
2602 986 2899 1058 frequens,
2948 992 3050 1043 aut
3096 1005 3371 1046 saxorum
3421 993 3686 1052 eminen-

2040 1071 2198 1127 tibus
2227 1089 2454 1145 aspera,
2491 1075 2706 1130 nedum
2742 1075 2881 1147 quia
2910 1093 3119 1134 nemus
3149 1094 3217 1134 ex
3248 1083 3490 1152 utraque
3519 1088 3687 1154 parte

2040 1166 2349 1231 patescens
2400 1164 2649 1220 viatores
2708 1164 3112 1236 concludebat,
3167 1168 3265 1223 sed
3326 1172 3464 1240 quia
3512 1188 3688 1229 scan-

2042 1250 2176 1305 dala
2203 1255 2434 1307 terrena
2482 1252 2738 1308 habebat
2786 1254 3005 1323 omnia,
3038 1260 3094 1310 et
3123 1257 3292 1327 quasi
3323 1258 3687 1317 frumentum

2042 1338 2412 1397 Ismaeliticis
2443 1342 2625 1398 armis
2662 1341 3022 1399 horribiliter
3063 1345 3394 1415 secabatur,
3421 1353 3498 1416 et,
3530 1349 3688 1406 dixe-

2039 1438 2114 1493 rit
2144 1437 2461 1511 quispiam,
2485 1439 2687 1496 ferreis
2711 1440 3004 1497 mmnibus
3033 1441 3292 1513 undique
3321 1444 3688 1517 cingebatur,

2038 1526 2294 1600 perviam
2350 1528 2557 1585 fecisse
2598 1528 2677 1584 ibi
2728 1528 2989 1584 itinerari
3049 1531 3421 1602 cupientibus
3459 1538 3516 1589 et
3543 1535 3689 1606 ipsis

2037 1616 2210 1671 etiam
2272 1616 2372 1689 qui
2434 1622 2754 1673 trementes
2811 1633 3071 1690 pugnam
3133 1620 3472 1692 ferrumque
3529 1622 3687 1678 intu-

2036 1709 2226 1760 entur.
2258 1706 2368 1761 Sed
2425 1706 2556 1777 quis
2614 1722 2873 1779 unquam
2933 1707 3088 1779 apud
3138 1724 3245 1764 nos
3284 1713 3519 1766 tantum
3551 1728 3688 1784 pro-

2038 1795 2179 1850 feret
2230 1793 2606 1860 miraculum,
2640 1812 2673 1851 o
2724 1796 3143 1867 imperatorum
3192 1798 3690 1869 generosissime?

2036 1883 2154 1939 Nos
2185 1883 2296 1954 ipsi
2332 1882 2429 1955 qui
2454 1884 2629 1939 istam
2655 1885 2950 1956 regionem
2964 1886 3091 1955 jam
3114 1886 3403 1943 audemus
3425 1888 3686 1960 aggredi,

2034 1971 2306 2027 homines
2336 1971 2497 2026 nullo
2531 1972 2812 2027 succincti
2846 1973 2996 2028 ferro
3023 1972 3136 2028 nisi
3168 1973 3396 2045 scalpro
3428 1991 3545 2047 quo
3569 1977 3689 2032 cir-

2036 2061 2408 2116 cumcidatur
2437 2060 2722 2126 calamus,
2755 2078 2872 2133 quo
2921 2067 3213 2132 expuncta
3255 2063 3496 2119 radatur
3541 2065 3685 2120 scri-

2035 2153 2228 2222 ptura.
2265 2149 2349 2204 Ita
2400 2165 2541 2204 sane
2590 2144 2943 2221 persuasum
2980 2149 3302 2221 habemus,
3336 2151 3385 2207 si
3427 2152 3562 2223 quis
3592 2169 3684 2209 exe

2034 2242 2274 2294 traneus
2306 2242 2597 2309 spectator
2626 2237 2741 2293 illis
2793 2238 2855 2293 in
2905 2238 3095 2310 plagis
3124 2240 3492 2310 equitaverit,
3525 2240 3684 2297 hunc

2036 2328 2259 2383 malum
2289 2327 3021 2399 cxpulsurum,dummodo
3053 2328 3243 2383 solum
3277 2345 3486 2384 nomen
3510 2335 3681 2386 tuum

2034 2413 2571 2469 invoraverit.Nihil
2606 2414 2843 2468 noxium
2870 2414 3039 2469 nobis
3062 2422 3344 2483 occurret,
3370 2432 3475 2473 nec
3504 2417 3684 2474 timor

2036 2507 2381 2568 nocturnus,
2414 2518 2515 2557 nec
2546 2503 2761 2573 sagitta
2790 2503 2992 2558 volans
3040 2503 3099 2558 in
3148 2505 3261 2561 die.
3313 2504 3685 2563 Verebantur

2033 2615 2359 2671 praeconem
2428 2598 2531 2670 qui
2597 2599 2977 2671 prmdicatum
3064 2600 3322 2657 horrent.
3390 2602 3514 2658 Erit
3578 2620 3680 2660 no-

2035 2688 2125 2743 bis
2192 2704 2294 2760 pro
2352 2686 2663 2759 praadicato
2728 2687 3103 2759 imperatoris
3168 2706 3403 2746 nomen.
3466 2691 3682 2748 Trans-

2033 2776 2254 2832 ibimus
2322 2775 2525 2832 intacti
2587 2780 2865 2846 tanquam
2927 2777 2998 2831 ad
3042 2779 3401 2851 panegyrim.
3443 2780 3682 2852 Aperie-

2034 2882 2169 2922 mus
2222 2864 2426 2921 oculos
2458 2870 2514 2919 et
2543 2864 3074 2937 circumspiciendo
3108 2870 3209 2921 tua
3234 2866 3522 2923 miramur
3549 2882 3682 2941 ope-

2033 2971 2116 3010 ra.
2176 2953 2571 3009 Circuibimus
2624 2951 2752 3009 loca
2819 2952 2880 3008 in
2940 2954 3157 3025 quibus
3215 2955 3468 3029 speciosi
3506 2957 3685 3029 pedes

2032 3043 2117 3099 tui
2152 3046 2439 3099 steterunt
2469 3058 2571 3114 pro
2602 3042 2772 3098 nobis
2791 3040 3126 3099 laborantes
3148 3061 3254 3100 nec
3277 3045 3403 3101 sine
3424 3044 3684 3119 periculo

2032 3135 2352 3187 currentes.
2386 3132 2456 3186 Et
2484 3131 2594 3187 erit
2622 3130 2793 3186 nobis
2842 3135 2999 3186 terra
3047 3130 3161 3187 ista
3204 3134 3397 3206 magis
3443 3150 3682 3190 venera-

2030 3221 2191 3276 tione
2221 3221 2400 3292 digna
2430 3235 2607 3291 quam
2637 3219 2891 3274 Thraces
2922 3220 2980 3273 in
3019 3221 3249 3292 Europa
3280 3225 3493 3277 terram
3524 3221 3680 3278 illam

265 3314 362 3369 καὶ
423 3311 550 3369 ούδὶ
616 3309 871 3367 ἀκίνδυνα
937 3310 1243 3387 τρέχοντες.
1305 3310 1402 3365 Καὶ
1470 3304 1618 3366 ἔσται
1690 3313 1825 3385 ἡμῖν
1880 3312 1916 3381 ἡ

2034 3309 2090 3364 in
2125 3310 2341 3364 honore
2371 3307 2664 3363 habebant
2693 3323 2796 3378 per
2841 3323 3016 3379 quam
3067 3307 3389 3362 ambulavit
3417 3324 3516 3363 rex
3545 3312 3677 3364 Per-

264 3402 499 3474 τοιαύτη
550 3409 623 3477 γῆ
673 3400 726 3456 ἒν
764 3394 1060 3473 σεϐάσματι
1111 3396 1466 3473 δικαιότερον,
1510 3396 1650 3473 ἤπερ
1697 3401 1749 3455 οἱ
1778 3404 1919 3475 Θρᾷ-

265 3514 360 3556 κες
396 3492 449 3547 ἐν
500 3490 734 3565 Εὐρώπῃ
776 3495 881 3565 γῆν
930 3487 1137 3560 ἐκείνην
1171 3488 1320 3564 εἶχον
1370 3485 1459 3543 διά
1485 3494 1677 3561 τιμῆς,
1702 3489 1763 3557 ἢν
1796 3488 1923 3543 ἰπά-

262 3604 405 3655 τησε
481 3583 697 3657 Περσῶν
765 3574 1045 3654 βασιλεὺς,
1120 3578 1238 3632 καθ’
1290 3574 1557 3638 Ἑλλάδος
1608 3575 1920 3651 ἐκστρατευ-

265 3670 529 3745 σάμενος.
563 3668 720 3726 Οὕτω
749 3667 1015 3722 κάνταῦθα
1044 3668 1078 3735 ἡ
1091 3670 1206 3739 μῶν
1248 3666 1312 3721 τὸ
1360 3659 1550 3730 θλίϐον
1583 3668 1742 3738 ἡμῶν
1776 3665 1921 3737 ἀπή-

265 3760 465 3822 λασας.
540 3757 697 3816 Οὕτω
773 3751 947 3834 φόϐου
1012 3756 1213 3817 παντὸς
1277 3756 1425 3828 ἡμᾶς
1479 3753 1772 3827 ἀπέλυσας,
1829 3755 1921 3809 καὶ

262 3862 371 3930 τήν
419 3855 608 3919 ἄλλως
659 3855 998 3932 θηροτρόφον
1054 3850 1143 3908 διὰ
1193 3852 1322 3917 τοὺς
1366 3854 1533 3929 θῆρας
1581 3851 1707 3914 τοὺς
1737 3852 1788 3924 ἐξ
1820 3854 1920 3911 Ἰσ-

269 3948 432 4023 μαῆλ
461 3947 762 4024 ἀνθρώπων
814 3942 1078 4014 ἔπλησας.
1132 3943 1291 3999 Εἶπεν
1326 3941 1387 3997 ἂν
1430 3963 1512 4004 τις
1561 3939 1759 4004 λύκους
1787 3941 1918 3998 ἐκεί-

265 4060 416 4105 νους,
485 4034 655 4091 πάλαι
717 4033 849 4089 ποτὶ
908 4032 1045 4088 κατά
1102 4052 1209 4087 τινι
1270 4031 1479 4106 ποίμνῃ
1522 4035 1590 4105 τῇ
1638 4035 1918 4106 Ῥωμαϊκῇ

266 4121 716 4195 ἐπεισπηδῶντας
764 4119 1152 4197 κληρονομίᾳ,
1203 4119 1292 4175 καὶ
1343 4124 1462 4184 τοῖς
1513 4124 1621 4174 τῶν
1666 4123 1920 4197 Χριστια-

263 4218 380 4269 νῶν
426 4210 614 4286 α’ίμασι
677 4210 992 4287 χαίροντας,
1040 4209 1132 4263 καὶ
1182 4209 1281 4264 οὒκ
1345 4207 1421 4271 είς
1475 4210 1649 4281 μάτην
1705 4208 1923 4285 χαίνον-

262 4323 390 4372 τας,
440 4299 569 4357 ἀλλ’
623 4300 961 4376 ἁρπάζοντας
1008 4297 1099 4354 καὶ
1157 4295 1546 4375 λαφύσσοντας.
1598 4302 1703 4352 Νῦν
1752 4295 1809 4352 δὲ
1856 4298 1919 4355 οὐ

271 4392 443 4467 μόνον
487 4386 1000 4466 ἀπεσφενδόνηνται,
1057 4385 1201 4443 ἀλλά
1248 4386 1338 4441 καὶ
1368 4386 1421 4441 οἱ
1474 4387 1567 4460 μὲν
1616 4383 1740 4440 οὐδὲ
1787 4386 1919 4443 εἰσιν

264 4477 371 4550 ἔτι,
408 4480 461 4535 οἳ
509 4476 568 4534 δὶ
612 4482 708 4533 τοῦ
753 4477 889 4533 εἶναι
937 4474 1099 4532 λύκοι
1147 4473 1484 4547 ἰξελάθοντο.
1536 4473 1791 4533 Μάλιστα
1824 4476 1918 4551 μὲν

248 4569 365 4626 νοῦν
435 4567 495 4624 ἐκ
548 4564 730 4623 λύκων
799 4564 998 4627 αὐτοὺς
1065 4564 1145 4627 εἷς
1201 4563 1518 4641 ἀνθρώπους
1570 4564 1916 4637 μετέστησαςο

262 4667 361 4724 καὶ
444 4667 575 4741 ὅπερ
640 4668 668 4720 ὁ
743 4671 878 4759 τῆς.
909 4664 1118 4737 Κίρκης
1192 4662 1396 4759 κυκεὼν
1484 4661 1915 4759 λογογραφεῖται
1953 4694 1999 4759 D

262 4762 473 4825 ποιεῖν,
502 4759 668 4811 τοῦτο
701 4754 784 4808 ἐπ’
825 4750 1086 4824 ἀληθείας
1145 4747 1313 4825 φόϐος
1364 4750 1648 4827 βασιλικὸς
1694 4751 1744 4823 ἐξ
1776 4752 1921 4808 ἀντι-

264 4844 510 4922 στρόφου
537 4849 631 4899 νῦν
681 4841 1068 4918 κατεπράξατο,
1118 4840 1208 4895 καὶ
1259 4840 1358 4897 οὐκ
1406 4838 1457 4911 ἐξ
1499 4840 1798 4917 ἀνθρώπων
1845 4840 1921 4905 εἷς

265 4938 470 5012 θῆρας,
529 4931 658 4990 ἀλλ’
733 4930 784 5005 ἐξ
849 4931 1069 4987 ἐκείνων
1146 4930 1221 4993 εἰς
1267 4930 1497 4992 τούτους
1558 4924 1923 5004 μεταϐιϐάσας

264 5023 543 5083 θειότατα.
602 5022 701 5077 Καί
754 5042 838 5084 τις
891 5020 988 5094 μία
1038 5020 1127 5074 καὶ
1170 5018 1303 5090 αὕτη
1354 5018 1562 5092 ποίμνη
1618 5019 1719 5074 ὑπὸ
1767 5018 1925 5092 καλῷ

268 5112 494 5186 ποιμένι
540 5117 620 5185 τῷ
666 5110 859 5183 ἐνθέῳη
897 5109 1177 5184 συνάγεται
1231 5107 1477 5184 βασιλεῖ,
1549 5112 1657 5162 τῶν
1719 5106 1922 5183 θηρίων

262 5200 374 5258 οὐκ
419 5199 667 5257 ἐνόντων.
721 5198 835 5257 Ούκ
881 5196 971 5253 οῦν
1035 5194 1248 5273 μερίδες
1295 5197 1349 5251 αἱ
1402 5196 1499 5269 μὲν
1548 5198 1707 5268 ἡμῖν,
1759 5195 1812 5248 αἱ
1868 5191 1926 5249 δὶ

256 5294 391 5353 τοῖς
438 5286 630 5345 ἔθνεσιο
684 5286 813 5343 ἀλλ’
867 5282 1007 5341 ἔστιν
1052 5288 1210 5358 ἡμῶν
1260 5286 1327 5340 τά
1371 5287 1563 5341 πάντα.
1617 5284 1711 5339 Καὶ
1742 5283 1805 5337 ob
1838 5280 1928 5337 διά

255 5381 439 5433 ταῦτα
490 5374 746 5452 βασιλεὺς
792 5373 879 5431 ἐπὶ
940 5375 1145 5436 πάντας
1198 5373 1470 5445 ἀήττητος
1500 5395 1512 5408 ·
1573 5373 1664 5428 καὶ
1715 5368 1928 5426 δέδεται

256 5471 365 5522 νῦν
396 5468 425 5522 ὁ
478 5465 726 5539 πόλεμος
782 5461 873 5519 διὰ
926 5467 1045 5532 σοῦ,
1100 5462 1161 5517 οὐ
1218 5461 1444 5538 χαλκέῳ
1488 5463 1735 5539 κεράμῳ,
1791 5459 1929 5515 κατὰ

254 5554 363 5612 τὸν
391 5559 491 5611 τοῦ
544 5552 788 5610 παλαιοῦ
847 5549 1016 5627 λόγου
1044 5553 1234 5627 Ἄρεα,
1267 5550 1318 5621 ἐξ
1353 5553 1415 5606 οὗ
1448 5550 1662 5622 λυθείη,
1694 5548 1756 5604 ἃν
1789 5547 1927 5602 ἐκεῖ-

256 5663 365 5708 νος
394 5640 947 5719 τρισκαιδεκάμηνος,
979 5638 1127 5696 ἀλλὰ
1157 5637 1342 5714 δεσμῴ
1385 5639 1630 5717 άρῥιμτῳ,
1681 5637 1928 5718 ἀφύκτῳ,

258 5731 479 5807 ἀλύτῳ
552 5731 635 5808 ἐφ’
710 5731 836 5787 ὅσον
887 5730 948 5785 ἂν
1003 5729 1066 5785 οὐ
1120 5728 1283 5803 μόνον
1350 5733 1467 5793 τοῖς
1518 5730 1931 5806 στρατιωτικοῖς

260 5822 497 5896 ὅπλοις,
551 5823 615 5880 τὸ
668 5829 769 5895 τῆς
825 5818 1144 5897 παροιμίας,
1202 5818 1749 5897 ἐνιστουργηθήσεται
1805 5815 1933 5898 ἀρά-

2031 3414 2230 3455 sarum
2263 3398 2542 3451 adversus
2572 3396 2847 3451 Grzeciam
2882 3395 3290 3451 dimicaturus.
3315 3396 3409 3452 Sic
3440 3414 3474 3452 ιι
3496 3396 3678 3453 nobis

2032 3485 2324 3559 ﬂagellum
2357 3490 2618 3539 nostram
2651 3484 2939 3540 amovisti.
2971 3483 3063 3539 Sic
3093 3485 3165 3539 ab
3196 3485 3358 3539 omni
3381 3489 3536 3540 metu
3569 3501 3678 3544 nos

2031 3575 2280 3644 solvisti,
2303 3578 2361 3631 et
2389 3573 2616 3645 plagam
2641 3578 2813 3628 antea
2844 3573 2980 3628 feris
3011 3573 3068 3627 id
3101 3577 3191 3628 est
3221 3572 3535 3630 Ismaelitis
3563 3574 3675 3631 fre-

2032 3669 2307 3737 quentem
2343 3661 2680 3717 hominibus
2723 3661 3038 3733 replevisti.
3073 3661 3299 3716 Dixeris
3332 3678 3472 3717 sane
3503 3661 3678 3733 lupos

2030 3753 2163 3809 illos
2194 3752 2330 3808 olim
2364 3751 2423 3805 in
2472 3766 2729 3821 gregem.
2764 3750 3088 3805 Romanam
3119 3748 3342 3805 scilicet
3372 3748 3677 3806 haeredita-

2029 3842 2464 3912 tem,irruentes
2481 3843 2538 3894 et
2549 3839 3012 3894 Christianorum
3030 3837 3315 3910 sanguine
3332 3839 3678 3911 gaudentes,

2028 3946 2086 3998 et
2102 3958 2216 3997 non
2241 3939 2536 3994 inhiantes
2561 3941 3020 4004 tantum,verum
3040 3935 3387 4007 arripientes
3408 3943 3465 3992 et
3480 3935 3683 4010 deglu-

2027 4031 2257 4086 tientes.
2283 4029 2450 4083 Nunc
2471 4042 2602 4082 vero
2633 4025 2731 4080 alii
2763 4024 2944 4081 armis
2969 4023 3194 4096 expulsi
3225 4030 3385 4092 sunt,
3420 4024 3515 4080 alii
3549 4040 3678 4082 esse

2029 4115 2457 4185 desierunt,alii
2490 4114 2847 4170 ferocitatem
2876 4128 3043 4169 suam
3075 4113 3493 4185 deposuerunt.
3526 4114 3677 4171 Pra-

2030 4206 2229 4262 sertim
2263 4209 2457 4260 autem
2485 4220 2554 4258 ex
2577 4200 2733 4274 lupis
2763 4218 2861 4257 eos
2890 4202 2948 4256 in
2982 4200 3248 4258 homines
3271 4202 3597 4272 mutavisti;
3619 4207 3678 4258 et

2031 4294 2186 4366 quod
2217 4292 2389 4349 Circae
2413 4291 2569 4363 potio
2590 4290 2798 4355 fecisse
2818 4289 3294 4361 perhibetur,hoc
3324 4291 3537 4363 reipsa,
3570 4290 3674 4347 sed

2029 4401 2060 4440 e
2082 4379 2771 4453 contrario,imperatoris
2795 4379 2968 4434 timor
2989 4379 3161 4435 modo
3184 4380 3677 4451 perpetravit,non

2031 4472 2267 4545 quidem
2299 4469 2568 4526 homines
2614 4468 2673 4524 in
2707 4470 2879 4534 feras,
2913 4468 3015 4523 sed
3063 4467 3207 4523 istas
3257 4468 3315 4523 in
3364 4466 3497 4524 illos
3528 4466 3677 4523 divi-

2032 4562 2195 4617 nitus
2224 4558 2634 4616 convertendo.
2668 4558 2736 4612 Et
2780 4572 2934 4612 unus
2980 4555 3218 4626 quidam
3250 4571 3387 4626 grex
3416 4556 3528 4611 sub
3558 4571 3678 4612 uno

2029 4659 2241 4717 eximio
2274 4661 2525 4730 pastore,
2558 4655 2690 4709 divo
2750 4651 2974 4709 scilicet
3020 4653 3394 4724 imperatore,
3436 4667 3680 4726 congre-

2035 4753 2224 4821 gatur,
2261 4746 2397 4801 feris
2428 4759 2799 4815 nequaquam
2834 4740 3537 4814 concurrentibungitur
3565 4758 3682 4800 non

2034 4840 2174 4894 sunt
2205 4838 2397 4908 partes
2427 4832 2554 4889 alia;
2604 4831 2839 4904 quidem
2892 4830 3085 4896 nobis,
3141 4829 3264 4885 aliae
3308 4834 3504 4886 autem
3537 4846 3680 4903 gen-

2032 4928 2213 4993 tibus,
2248 4924 2345 4980 sed
2381 4927 2582 4978 nostra
2612 4926 2754 4975 sunt
2783 4920 3003 4974 omnia.
3038 4924 3105 4974 Et
3133 4923 3195 4975 tu
3230 4924 3538 4991 propterea
3566 4921 3685 4976 im-

2034 5018 2267 5087 perator
2318 5028 2495 5083 super
2542 5025 2747 5066 omnes
2797 5006 3188 5077 invincibilis;
3221 5012 3279 5063 et
3308 5024 3465 5063 nunc
3501 5025 3603 5081 per
3629 5011 3689 5064 te

2035 5100 2458 5172 constringitur
2507 5097 2750 5166 bellum,
2803 5111 2916 5150 non
2968 5095 3152 5150 ferreo
3200 5110 3451 5165 carcere,
3477 5112 3689 5152 secun-

2034 5193 2174 5248 dum
2207 5194 2374 5245 vetus
2403 5190 2475 5244 de
2516 5188 2701 5242 Marte
2732 5185 2980 5249 dictum,
3014 5200 3083 5240 ex
3113 5200 3227 5255 quo
3258 5200 3374 5240 non
3407 5185 3522 5239 nisi
3554 5186 3688 5256 post

2036 5280 2312 5335 tredecim
2337 5292 2568 5334 menses
2599 5273 2941 5331 solvendum
2968 5273 3253 5341 esset,sed
3280 5271 3510 5328 vinculo
3535 5272 3691 5328 indi-

2036 5366 2216 5434 cibili,
2248 5363 2636 5433 ineluctabili,
2666 5360 3088 5431 indissolubili,
3103 5360 3186 5417 ita
3216 5364 3282 5416 ut
3312 5377 3429 5417 non
3458 5354 3693 5417 tantum

2037 5455 2549 5519 bellicisarmis,ut
2563 5452 2706 5508 dicit
2724 5450 2997 5520 adagium
3011 5448 3699 5517 ,telamordiaturarach-

2039 5563 2166 5613 nea,
2201 5546 2300 5601 sed
2334 5545 2530 5616 ipsum
2583 5539 2716 5596 belli
2768 5554 2979 5593 nomen
3032 5537 3358 5593 aboleatur.
3403 5538 3698 5603 Quidnam

2038 5631 2589 5704 Grzecijactabundi
2645 5629 2906 5684 dicerent
2958 5627 3059 5697 qui
3111 5631 3346 5682 tantum
3377 5625 3698 5684 Antalcida

2039 5721 2346 5780 victoriam
2404 5725 2463 5775 et
2521 5722 2787 5775 secutam
2840 5730 3042 5787 pacem
3096 5714 3463 5783 attollebant,
3495 5715 3540 5772 si
3591 5731 3703 5772 no-

2043 5822 2229 5872 stram
2262 5808 2605 5869 novissent?
2654 5806 2901 5866 Ubinam
2951 5808 3120 5862 tanta
3168 5804 3420 5863 victoriae
3451 5806 3612 5864 bona
3640 5807 3707 5864 ut
