4104 6210
438 345 557 408 943

441 569 834 626 tem?Juvat
898 569 1136 642 quidem
1204 585 1363 625 mare
1428 569 1684 627 hiemem
1750 571 1982 643 fugiens
2035 575 2092 627 et

442 658 517 714 ad
554 675 795 715 vernam
854 656 1347 730 tranquillitatem
1407 676 1731 731 expansum
1773 660 2092 732 placidam-

444 762 561 820 que
590 748 957 820 superﬂciem
1013 747 1083 801 ad
1117 745 1306 802 lucem
1350 747 1669 819 explicans,
1701 748 1858 805 istud
1892 754 2089 803 autem

444 852 545 893 ver
592 842 779 904 tuum,
812 839 870 891 et
932 834 1202 891 hiemalis
1260 851 1471 908 pugnae
1532 836 1864 907 dissolutio,
1898 837 2091 909 pacis-

442 942 559 998 que
587 922 1045 992 serenitas,nihil
1076 928 1169 979 est
1184 923 1577 995 jucunditatis
1600 927 1754 997 quod
1784 926 1953 981 nobis
1975 942 2091 981 non

440 1014 711 1088 praebeat.
758 1012 803 1069 0
860 1010 1013 1068 bella
1058 1017 1115 1068 et
1145 1013 1465 1069 certamina
1494 1014 1552 1068 in
1615 1014 1832 1085 quibus
1863 1014 2091 1070 hostem

438 1108 779 1168 universum
811 1108 871 1164 in
904 1110 1107 1182 fugam
1158 1110 1593 1166 irrevocabilem
1636 1111 1972 1168 convertisti
2001 1112 2011 1166 l
2048 1111 2092 1167 Ο

434 1198 719 1273 procellas
751 1215 899 1271 quas
959 1198 1131 1255 nobis
1180 1200 1239 1254 in
1301 1216 1579 1256 serenum
1639 1199 2012 1257 convertistil
2047 1199 2090 1256 Ο

434 1288 865 1345 commotiones
926 1287 1170 1344 bellicas
1230 1306 1356 1361 quae
1426 1289 1810 1346 fundamenta
1876 1290 2092 1345 Roma-

436 1395 648 1437 narum
679 1377 919 1434 urbium
952 1394 1237 1435 concussa
1288 1379 1660 1435 everterunt!
1692 1385 1854 1435 Nunc
1893 1384 2089 1435 autem

436 1467 611 1525 nobis
642 1467 820 1524 urbes
849 1466 908 1522 in
941 1467 1112 1523 firma
1132 1472 1297 1540 petra
1317 1469 1682 1524 conduntur:
1709 1486 1835 1541 quae
1866 1469 2094 1524 excide'

437 1562 844 1625 runt,rursum
878 1556 1004 1629 pari
1037 1573 1281 1612 numero
1313 1557 1660 1629 eriguntur;
1691 1574 1817 1629 quae
1849 1576 1983 1614 vero
2016 1558 2088 1613 ti-

438 1646 675 1703 mebant
727 1662 801 1701 ne
857 1645 1151 1711 caderent,
1214 1645 1460 1701 firmiter
1519 1646 1759 1701 munita:
1818 1647 2089 1703 corrobo-

434 1738 681 1793 rentur:
713 1737 998 1790 sexcentis
1048 1749 1207 1803 vero,
1256 1750 1359 1806 pro
1409 1737 1773 1802 necessitate,
1821 1735 2088 1792 turribus

434 1824 835 1881 instruuntur.
895 1822 1169 1894 Prteripis
1225 1822 1377 1878 enim
1441 1823 1501 1878 in
1553 1823 1683 1879 istis
1735 1840 1827 1879 res
1858 1824 2088 1881 futuras
2122 1859 2169 1923 Β

434 1912 602 1970 oculo
634 1911 974 1984 perspicaci.
1007 1911 1097 1967 Sic
1128 1911 1399 1967 hostibus
1430 1928 1670 1987 gressus
1699 1913 2046 1985 supplantas
2073 1941 2095 1991 ι,

437 2010 523 2068 sic
552 2009 702 2082 ipsis
731 2012 949 2065 terram
1011 2008 1236 2064 metiris
1290 2015 1642 2081 angustam;
1680 2010 1764 2066 sic
1814 2009 1930 2066 illis
1969 2028 2103 2067 con-

436 2099 624 2156 trahis
680 2098 1092 2155 habitationes.
1151 2098 1422 2155 Stimulis
1474 2099 1712 2171 quidem
1760 2101 1964 2156 ferreis
1995 2100 2095 2156 ho-

441 2187 627 2245 stium
655 2204 898 2260 campos
927 2187 1228 2258 stravisse,
1261 2192 1327 2244 ut
1357 2187 1474 2244 illis
1522 2189 1700 2261 pedes
1731 2188 1901 2245 deﬁxi
1933 2188 2093 2245 falle-

441 2281 671 2347 rentur,
696 2280 756 2334 et
785 2275 907 2334 sale
937 2277 1267 2334 consevisse
1317 2293 1490 2350 agros
1522 2279 1751 2346 uberes,
1785 2282 1849 2333 ut
1889 2278 2097 2335 sterili-

440 2370 623 2422 tatem
653 2364 801 2438 ipsis
831 2365 1087 2438 proferat
1118 2374 1268 2422 terra
1299 2367 1464 2439 prius
1510 2368 1777 2435 fecunda,
1813 2372 1870 2422 et
1901 2368 2093 2424 foveas

450 2453 763 2511 suii‘odisse
792 2455 851 2510 in
884 2454 1118 2526 pedicas
1148 2459 1267 2511 tam
1292 2471 1576 2527 equorum
1602 2473 1779 2527 quam
1811 2456 2091 2522 virorum.

443 2547 502 2601 et
532 2559 716 2616 aquas
742 2559 968 2600 veneno
1026 2544 1381 2616 corrupisse,
1430 2561 1779 2617 generosum
1827 2545 1972 2601 nihil
2002 2551 2093 2603 est

438 2632 500 2688 in
529 2632 663 2689 istis
694 2632 1014 2706 (quomodo
1062 2632 1219 2688 enim
1272 2650 1620 2706 generosum
1655 2638 1810 2706 quod
1844 2636 2088 2691 fraudu-

431 2720 667 2778 lentum
687 2720 716 2776 ?
741 2721 1039 2793 quomodo
1067 2720 1236 2777 virile
1280 2723 1438 2794 quod
1486 2721 1753 2777 dolosum
1797 2723 1954 2796 est?)
1986 2740 2092 2781 nec

436 2809 710 2867 victimas
768 2810 978 2882 laqueo
1036 2809 1353 2879 interimi;
1414 2816 1649 2884 tempus
1710 2812 1866 2868 enim
1926 2813 2092 2869 breve

437 2899 555 2956 ista
593 2900 664 2955 ad
705 2899 883 2954 ﬁnem
925 2899 1205 2968 adduxit;
1264 2901 1366 2956 sed
1425 2900 1687 2957 Romana
1724 2901 1997 2973 praesidia
2034 2907 2093 2958 et

442 2989 619 3046 urbes
686 2989 995 3062 armigeris
1058 2989 1199 3045 viris
1267 2990 1516 3062 repletas
1583 3007 1685 3061 per
1750 2996 1928 3047 totam
1990 2993 2090 3047 ad-

436 3077 835 3135 versariorum
934 3083 1147 3134 terram
1240 3080 1683 3150 disseminasse,
1760 3081 1868 3137 hoc
1951 3097 2091 3137 sane

441 3181 591 3238 opus
621 3170 748 3223 erat
775 3171 898 3224 arte
926 3166 1135 3223 bellica
1179 3169 1446 3239 dignum.
1483 3168 1645 3225 Istud
1695 3169 1851 3225 haud
1894 3170 2089 3227 minus

1206 347 1628 411 EUSTATHII
1670 348 2439 411 THESSALONICENSIS
2488 344 3073 411 METROPOLITE

441 478 781 552 ubicunque
846 485 1133 536 terrarum
1199 496 1397 552 pacem
1463 481 1677 539 habeat
1735 498 2085 538 concurren-

2204 499 2381 556 χνειον
2439 478 2678 556 ὕφασμα,
2732 476 2878 534 ἀλλά
2932 479 3021 533 καὶ
3080 472 3260 549 ὄνομα
3308 477 3560 550 πολέμου

3737 347 3864 410 944

3596 522 3614 549 ,
3676 479 3869 552 οῖμαι.

2201 566 2667 643 ἀπαλλαγήσεται,
2718 568 2865 629 Τίνες
2908 566 2968 621 ἃν
3020 566 3155 635 ἦσαν
3206 566 3259 620 οἱ
3304 564 3696 645 μεγαλόφωνοι
3726 566 3869 623 Ἕλ-

2201 655 2384 728 ληνες,
2434 659 2533 728 τὴν
2582 656 2670 712 ἐπὶ
2729 653 3091 713 Ἀνταλκίδου
3142 654 3297 727 νίκην
3354 657 3442 711 καὶ
3501 658 3604 727 τὴν
3661 656 3872 721 ἐκεῖθεν

2201 744 2423 820 είρήνην
2459 746 2890 822 ὑψηγοροῦντες,
2924 745 3089 815 εἱτὴν
3137 746 3256 799 καθ’
3301 746 3451 818 ἡμᾶς
3499 745 3866 821 ἒωράκεισαν·

2201 833 2342 890 ὅπου
2370 839 2594 891 τοιαῦτα
2635 836 2702 890 τά
2757 842 2857 905 τῆς
2907 833 3085 905 νίκης,
3135 835 3210 896 ὡς
3258 840 3430 889 πᾶσαν
3476 841 3582 908 γῆν
3633 832 3870 912 περιελ-

2200 926 2332 997 θεῖν,
2364 925 2455 980 καὶ
2497 925 2596 995 τὴν
2652 923 2872 1001 εἷρήνην
2922 918 3069 1000 ἔχειν
3102 922 3398 1000 σόντροχον
3424 942 3439 993 ;
3484 921 3613 980 Ἡδὺ
3646 925 3748 997 μὲν
3778 925 3876 979 καὶ

2202 1013 2445 1078 θάλασσα
2475 1018 2719 1090 φυγοῦσα
2748 1017 3019 1089 χειμῶνα,
3072 1011 3161 1067 καὶ
3214 1013 3352 1087 πρὸς
3382 1012 3601 1089 ἐαρινὴν
3646 1011 3873 1069 ἄπλου-

2205 1113 2337 1185 μένη
2373 1110 2646 1187 γαλήνην,
2696 1110 2787 1166 καὶ
2828 1111 2928 1181 τὴν
2973 1108 3245 1180 ἐπιπολὴν
3287 1109 3597 1184 ἀκύμαντον
3650 1130 3871 1186 παραυ-

2198 1200 2453 1277 γάζουσα⁴
2486 1203 2546 1256 τὸ
2594 1201 2683 1256 σὸν
2730 1197 2788 1255 δὲ
2834 1202 2970 1273 ἡμῖν
3012 1198 3103 1275 ἔαρ
3149 1203 3334 1269 τοῦτο,
3380 1199 3534 1269 καὶὴ
3583 1205 3691 1268 τῆς
3738 1219 3870 1276 χει-

2203 1290 2395 1367 μερίου
2447 1288 2634 1365 μάχης
2682 1286 2966 1361 ἀπόλυσις,
3014 1288 3102 1344 καῖ
3140 1288 3204 1343 τὸ
3249 1291 3349 1357 τῆς
3400 1287 3629 1361 εἰρήνης
3679 1288 3868 1363 γαλη-

2199 1385 2343 1435 ναῖον
2399 1379 2499 1434 οὐκ
2542 1374 2682 1435 ἔστιν
2728 1379 2758 1434 ’ὁ
2805 1399 2857 1434 τι
2922 1378 3085 1455 μέρος
3129 1375 3338 1448 ἡδονῆς
3389 1375 3451 1432 οὗ
3513 1375 3869 1453 παρήλασεν.

2195 1476 2264 1524 νΩ
2287 1466 2548 1542 πολέμων
2612 1466 2854 1537 ἐκείνων,
2914 1466 2966 1521 ὲν
3029 1468 3115 1530 οῖς
3170 1468 3309 1522 ἅπαν
3337 1463 3614 1540 πολέμιον
3649 1464 3735 1528 οἷς
3769 1487 3873 1543 φυ-

2199 1560 2302 1634 γὴν
2390 1557 2828 1633 ἀμετάστρεπτον
2879 1552 3125 1632 ἔτρεψας.
3216 1556 3282 1609 Ὤ
3358 1552 3722 1630 καταιγίδων,
3811 1556 3877 1619 ἇς

2197 1649 2332 1720 ἡμῖν
2392 1646 2468 1708 εἷς
2527 1646 2735 1722 αἰθρίαν
2792 1641 3086 1723 ἔστρεψας.
3137 1646 3204 1699 Ὤ
3261 1643 3585 1718 πολεμικῶν
3641 1641 3868 1698 ἐκείνων

2198 1740 2458 1810 σεισμῶν,
2520 1733 2572 1790 οῖ
2626 1734 2755 1798 τοὺς
2830 1732 3124 1808 θεμελίους
3186 1738 3295 1789 τῶν
3372 1735 3703 1806 Ῥωμαϊκῶν
3764 1732 3873 1787 πό-

2200 1823 2341 1880 λεων
2388 1824 2456 1894 ἦν
2529 1823 2619 1879 ὅτε
2682 1823 3146 1898 ὐπονομεόσαντες
3215 1820 3609 1900 ἀνερρήγνυον.
3683 1817 3877 1877 ’Δλλά

2206 1918 2297 1969 νῦν
2346 1916 2481 1987 ἡμῖν
2540 1912 2625 1969 ἐπ’
2689 1911 2965 1991 ἀσφαλοῦς
3014 1912 3069 1967 αἱ
3120 1909 3313 1973 πόλεις
3388 1907 3665 1982 ἵδρυνται,
3746 1909 3873 1965 ὅσαι

2211 2012 2306 2084 μὲν
2382 2010 2696 2085 κατέπεσον,
2770 2012 3061 2065 ἀναστᾶσαι
3125 2008 3200 2072 είς
3275 2006 3528 2083 ἀριθμόν·
3599 2005 3727 2062 ὅσαι
3806 2002 3865 2062 δὶ

2206 2096 2376 2180 φόϐον
2433 2101 2583 2177 εἶχον
2640 2104 2738 2155 τοῦ
2783 2105 2988 2173 πεσεῖν,
3033 2098 3354 2176 ἐρεισθεῖσαι
3384 2096 3475 2152 καὶ
3524 2100 3862 2151 καταστᾶσαι

2206 2189 2283 2255 εἷς
2322 2188 2577 2268 ἀσφαλὲς·
2633 2189 2820 2263 μυρίαι
2865 2185 2923 2244 δὲ
2974 2187 3063 2244 καὶ
3113 2186 3173 2243 ἐκ
3216 2193 3406 2256 καινῆς
3459 2186 3862 2262 πυργωθεῖσαι,

2203 2279 2341 2334 ὅπου
2407 2278 2637 2351 καίριον.
2696 2279 3071 2354 Προαρπάζεις
3127 2275 3228 2352 γάρ
3272 2274 3548 2339 κάνταῦθα
3602 2273 3667 2329 τὸ
3730 2271 3867 2347 μὲλ-

2205 2368 2299 2424 λον
2334 2364 2542 2441 ὄμματι
2575 2365 2889 2442 διοράσεως.
2950 2364 3109 2424 Οὕτω
3152 2369 3269 2427 τοῖς
3323 2362 3549 2440 ἰχθρυῖς
3593 2358 3869 2438 σφάλλεις

2198 2458 2293 2520 τὰς
2344 2457 2546 2533 βάσεις·
2605 2455 2748 2511 οὕτω
2799 2457 2902 2524 τὴν
2927 2462 3033 2531 γῆν
3065 2454 3251 2517 αὐτοῖς
3287 2458 3506 2530 μετρεῖς
3537 2450 3616 2513 εἷς
3656 2450 3866 2527 βραχύ·

2202 2545 2345 2601 οὕτω
2408 2549 2763 2621 στενοχωρεῖς
2814 2544 3040 2606 ἐκείνοις
3093 2544 3194 2613 τὴν
3235 2541 3451 2612 οἷ’κησιν
3484 2586 3500 2599 .
3556 2535 3869 2614 Τριϐόλοις

2204 2637 2299 2709 μὲν
2359 2635 2450 2690 οὗν
2508 2632 2757 2711 σιδηροῖς
2783 2634 2884 2703 τὴν
2914 2637 3021 2688 τῶν
3054 2630 3345 2705 πολεμίων
3392 2631 3708 2686 καταπάσαι
3771 2650 3869 2684 πε-

2201 2722 2380 2795 διάδα,
2427 2723 2502 2786 ὡς
2553 2722 2614 2778 ’ἀν
2675 2721 2758 2793 εἷή
2806 2721 3030 2784 ἐκείνοις
3089 2718 3441 2797 ἐμπείρεσθαι
3469 2718 3563 2773 καί
3615 2719 3715 2781 τὰς
3768 2717 3866 2795 βά-

2201 2834 2310 2869 σεις
2367 2811 2723 2892 σφάλλεσθαι·
2780 2812 2870 2867 καὶ
2920 2808 3082 2866 ἅλατι
3144 2813 3497 2885 κατασπεῖραι
3545 2809 3652 2877 τήν
3716 2805 3865 2882 ἀρώ-

2201 2924 2386 2977 σιμον,
2441 2902 2515 2963 ὡς
2565 2899 2625 2957 ἄν
2672 2900 2939 2978 ἀκαρπίαν
2983 2901 3018 2971 ἠ
3071 2896 3329 2973 ζείδωρος
3385 2896 3575 2972 ἰνέγκῃ
3647 2895 3860 2960 αὐτοῖς·

2198 2991 2288 3047 καὶ
2342 2990 2604 3065 βοθύνους
2654 2988 2929 3065 ὑπωρόξαι
2974 2988 3053 3049 είς
3099 2984 3381 3062 ποδάγρας
3420 2983 3613 3040 ’ίππων
3662 3006 3725 3039 τε
3773 2984 3863 3039 καὶ

2199 3077 2430 3156 ἀνδρῶν·
2480 3078 2571 3134 καὶ
2615 3076 2781 3133 ὕδατα
2828 3077 3098 3155 φαρμάκῳ
3128 3072 3494 3147 δηλήσασθαι,
3555 3071 3687 3129 οῧνε
3737 3094 3860 3147 γεν-

2200 3174 2350 3224 ναῖον
2402 3165 2558 3224 οὐδὲν
2609 3189 2660 3222 τι
2717 3167 2947 3237 τούτων,
2993 3169 3123 3237 (ποῦ
3169 3163 3270 3241 γὰρ
3322 3167 3574 3240 γενναῖον
3602 3163 3670 3218 τὸ
3696 3161 3863 3217 ῦπου-

442 3273 509 3314 ac
541 3258 796 3316 murices
835 3258 1096 3316 inimicis
1144 3259 1320 3316 urbes
1378 3260 1638 3317 munitas
1695 3261 1921 3317 evertit.
1964 3260 2089 3317 Fal-

2205 3257 2321 3327 λον,
2353 3261 2458 3312 ποῦ
2489 3254 2545 3312 δὲ
2577 3255 2819 3330 ἀνδρεῖον
2852 3255 2913 3311 τὸ
2943 3252 3126 3310 δόλιον
3158 3254 3198 3328 ;)
3245 3252 3335 3308 καὶ
3384 3248 3513 3308 οὐδὲ
3550 3253 3697 3307 πάνυ
3727 3252 3861 3325 πρὸς

443 3345 514 3402 lit
567 3347 727 3404 enim
787 3346 871 3405 eis
938 3350 1010 3405 ad
1077 3348 1455 3406 insolentiam
1513 3367 1771 3422 gressus,
1809 3354 2089 3424 quemad-

2200 3347 2445 3423 ἀγχόνην
2493 3346 2708 3424 σφίγγει
2758 3343 2853 3400 τὸν
2926 3338 3442 3416 ἐπιϐουλευόμενον·
3494 3341 3702 3418 ’χρόνος
3759 3342 3863 3417 γὰρ

444 3436 691 3494 modum
747 3435 953 3494 salinae
1012 3437 1072 3493 in
1143 3443 1300 3494 terra
1356 3438 1747 3496 Barbarorum
1823 3457 2091 3496 exercen-

2204 3440 2366 3490 ταῦτα
2431 3433 2641 3510 βραχὺς
2688 3433 2972 3509 ἀπήγαγε.
3026 3430 3273 3507 Φρούρια
3322 3428 3380 3485 δὲ
3430 3426 3722 3503 Ῥωμαίκά
3773 3428 3865 3483 καὶ

442 3528 562 3593 tur,
622 3524 705 3581 ita
770 3530 837 3582 ut
902 3542 1020 3582 non
1112 3526 1366 3583 habeant
1435 3527 1521 3582 illi
1589 3528 1794 3585 solitas
1861 3528 2092 3586 telluris

439 3613 640 3685 fruges
706 3615 1030 3687 percipere,
1098 3620 1156 3670 et
1256 3614 1609 3671 altissimam
1695 3617 1935 3673 suli'odit
2010 3618 2092 3673 fo-

440 3718 609 3759 veam
668 3719 787 3774 qua
850 3704 909 3757 in
975 3703 1274 3759 interitum
1339 3704 1747 3776 detrahuntur,
1810 3712 2091 3778 tanquam

443 3790 664 3848 lethale
720 3809 1010 3848 venenum
1082 3791 1377 3864 impingit,
1436 3792 1615 3848 vitam
1680 3811 1882 3849 eorum
1950 3794 2097 3867 peri-

446 3879 598 3937 culis
629 3879 1073 3948 circumdando,
1107 3885 1165 3936 et
1219 3880 1423 3936 breves
1468 3879 1587 3937 illis
1617 3881 1742 3937 dies
1782 3883 2095 3940 metiendo.

445 3977 702 4033 Tantum
727 3981 785 4033 te
813 3978 1031 4050 experti
1062 3983 1203 4034 sunt
1247 3976 1607 4046 bellatorem,
1660 3997 1894 4053 semper
1921 3982 2098 4038 victo—

449 4082 602 4134 rem,
633 4066 1112 4134 solertissimum,
1145 4067 1331 4123 multa
1360 4072 1484 4124 arte
1514 4069 2098 4140 praeditum,urbium

450 4152 845 4225 obsessorem,
879 4170 1105 4211 necnon
1135 4154 1528 4225 defensorem,
1561 4158 1658 4229 qui
1709 4159 1905 4215 omnia
1935 4164 2099 4231 potes

451 4242 816 4300 confortante
845 4247 902 4301 te
932 4245 1205 4301 Deo.Ideo
1235 4247 1567 4318 snpm'blum
1603 4248 2021 4319 deposuerunt,
2043 4255 2101 4304 et

448 4334 511 4392 in
542 4333 883 4392 servitutem
909 4335 1014 4392 tibi
1048 4336 1266 4393 redacti
1294 4337 1665 4393 sunt.Sciunt
1693 4339 1969 4412 praeclara
1998 4344 2100 4395 tua

450 4424 731 4495 facinora,
767 4442 982 4499 magna
1011 4427 1204 4483 sciunt
1234 4444 1564 4500 opex~a,quae
1599 4428 1709 4500 ipsi
1740 4438 1871 4485 ante
1896 4447 2100 4486 omnes

447 4515 670 4587 experti
705 4519 849 4571 sunt
869 4533 984 4572 non
1006 4516 1282 4589 ignorant
1302 4524 1484 4589 gesto:
1505 4535 1599 4571 um
1622 4518 1940 4591 cgregia,et
1954 4524 2103 4575 vote-

2200 3524 2393 3587 πόλεις
2422 3517 2749 3601 ὁπλοφόρων
2806 3518 3015 3599 ἀνδρῶν
3072 3519 3164 3575 διὰ
3221 3520 3401 3589 πάσης
3429 3525 3535 3589 τῆς
3564 3523 3677 3573 τῶν
3745 3518 3868 3573 ὑπε-

2200 3611 2426 3668 ναντίων
2485 3618 2586 3688 γῆς
2645 3608 2988 3684 διασπεῖραι,
3046 3607 3194 3665 ἀλλά
3241 3612 3405 3663 τοῦτο
3464 3607 3675 3677 θετέον,
3740 3606 3866 3660 ὅποι

2201 3723 2283 3764 τις
2336 3699 2593 3777 βούλεται
2657 3703 3016 3775 στρατηγικοῦ
3070 3699 3495 3773 μηχανήματος.
3550 3698 3726 3750 Τοῦτο
3777 3694 3863 3748 καὶ

2204 3791 2338 3847 κατά
2396 3785 2688 3864 τριϐόλους
2757 3790 2855 3851 τὰς
2921 3784 3398 3863 ἒπιτειχιζομὲνας
3467 3786 3667 3845 πόλεις
3714 3781 3863 3838 κατέ-

2205 3900 2412 3957 στρωσε
2456 3884 2572 3941 τοῖς
2617 3877 2877 3955 ἐχθροῖς.
2930 3873 3177 3951 Σφάλλει
3218 3876 3321 3951 γὰρ
3370 3872 3603 3935 ἐκείνοις
3658 3874 3731 3927 τά
3788 3871 3863 3935 εἷς

2206 3976 2388 4034 ἄνετον
2444 3971 2797 4050 διαδήματα,
2841 3976 2931 4030 καὶ
3001 3975 3075 4037 ὡς
3123 3974 3234 4029 οῖον
3287 3971 3570 4047 ἀλοπήγια
3625 3977 3697 4041 τῆ
3757 3974 3863 4024 τῶν

2211 4062 2495 4143 βαρϐάρων
2570 4067 2844 4141 πήγνυται
2916 4067 3011 4138 γῇ,
3073 4063 3156 4124 οἶς
3221 4062 3326 4117 οὐκ
3379 4054 3605 4136 ἔχουσιν
3669 4058 3864 4114 ἐκεῖνοι

2203 4156 2270 4211 τά
2335 4157 2543 4226 σηνήθη
2610 4160 2775 4230 γῆθεν
2826 4153 3221 4229 καρπίζεσθαι.
3290 4150 3601 4225 ’Δνοίγεται
3660 4146 3722 4204 δὲ
3776 4149 3865 4203 καί

2208 4243 2386 4319 ὥσπερ
2418 4243 2493 4305 εἷς
2527 4244 2826 4319 βαθυτατον
2850 4285 2853 4288 -
2881 4242 3125 4318 βόθυνον,
3174 4238 3256 4296 ὅτι
3304 4238 3397 4294 καὶ
3439 4242 3696 4309 κατασπᾷ
3732 4238 3867 4313 πρὸς

2209 4332 2453 4410 ὄλεθρον.
2496 4330 2874 4408 Φαρμάττεται
2913 4328 2971 4385 δὶ
3016 4329 3107 4386 καὶ
3156 4330 3230 4392 ὡς
3279 4328 3355 4392 εἷς
3413 4324 3770 4403 δηλητήριον
3802 4323 3871 4380 δι’

2209 4424 2282 4478 ὧν
2315 4426 2565 4499 περιιστᾷ
2618 4423 2708 4475 τὸν
2740 4418 2987 4476 κίνδυνον
3021 4418 3099 4483 είς
3151 4418 3214 4474 τὸ
3271 4420 3390 4492 ζῇν,
3440 4416 3533 4471 καὶ
3567 4415 3648 4479 είς
3689 4414 3871 4493 βραχὺ

2213 4516 2398 4588 μετρεῖ
2442 4510 2532 4565 τὸν
2583 4508 2700 4585 βίον
2752 4509 2960 4572 αὐτοῖς.
3020 4507 3293 4566 Τοιούτου
3352 4505 3715 4581 πεπείρανταί
3775 4526 3868 4560 σου

448 4620 581 4660 rum
610 4620 770 4661 more
793 4621 998 4678 regum
1022 4605 1252 4673 illos,ut
1280 4606 1362 4661 ita
1385 4606 1574 4661 dicam
1610 4606 2095 4674 mutilantium,tu

2216 4604 2491 4676 μαχητοῦ,
2545 4599 2807 4661 νικῶντος
2862 4597 2979 4667 ἀεὶ,
3037 4597 3405 4672 εὐμηχάνου,
3455 4593 3870 4670 πολυμηχάνου

454 4692 652 4749 media
681 4692 800 4750 illis
831 4695 1007 4751 corda
1057 4694 1417 4768 percussisti.
1456 4696 1683 4767 Experti
1719 4702 1857 4752 sunt
1888 4713 2101 4753 manus

450 4786 589 4838 tuas
614 4781 1027 4853 invincibiles;
1062 4788 1120 4839 te
1149 4784 1482 4839 didicerunt
1523 4790 1579 4839 et
1616 4784 1673 4838 in
1708 4785 1968 4840 consiliis
1996 4787 2102 4841 ad-

455 4869 788 4927 mirabilem
819 4888 998 4946 super
1026 4872 1179 4928 ﬁlios
1208 4872 1605 4939 hominum,et
1630 4873 1684 4927 in
1711 4872 1877 4929 bellis
1901 4880 2101 4946 poten-

457 4962 577 5014 tem
629 4976 853 5017 necnon
903 4961 1386 5035 insuperabilem,
1437 4962 1634 5017 anima
1666 4961 2100 5032 iulminantem,

457 5056 696 5113 dextera
723 5064 1046 5128 tonantem,
1097 5068 1431 5132 promptum
1486 5060 1542 5115 in
1594 5059 1975 5128 consiliando,
2007 5077 2102 5116 vc-

452 5144 641 5203 locem
699 5147 761 5204 in
819 5149 1140 5221 equitando
1194 5166 1476 5220 armaque
1534 5150 1855 5217 educendo,
1907 5152 1988 5206 ita
2042 5155 2105 5205 ut

455 5252 631 5295 nemo
661 5237 766 5294 tibi
799 5239 1127 5295 antecellat.
1164 5237 1231 5295 Et
1263 5238 1368 5294 hoc
1417 5242 1541 5292 crat
1583 5239 1722 5293 ordo
1762 5239 2019 5311 optimus
2050 5245 2107 5295 et

451 5326 696 5399 sequela
726 5333 971 5384 naturis.
1002 5327 1145 5384 Nam
1178 5343 1351 5400 quem
1385 5326 1497 5398 ipsi
1522 5326 1801 5383 eximium
1832 5328 2106 5384 videbant

452 5413 513 5471 in
545 5416 825 5489 primitiis
857 5417 987 5485 viri,
1020 5434 1155 5474 cum
1187 5418 1449 5474 nondum
1494 5416 1685 5490 gratia
1715 5416 1943 5490 physici
1973 5434 2103 5490 gra-

454 5505 636 5562 minis
668 5511 843 5564 enata
873 5508 1220 5578 ﬂoresceret,
1250 5523 1356 5563 nec
1376 5505 1577 5563 vultus
1607 5511 1840 5579 pratum
1874 5523 2106 5580 percur-

455 5597 628 5661 reret,
659 5595 895 5667 qualem
927 5614 1063 5654 eum
1112 5600 1281 5653 erant
1323 5595 1637 5668 experturi,
1680 5597 1914 5668 quando
1953 5600 2103 5651 Deus

459 5676 633 5737 illum
662 5680 723 5740 in
753 5685 1168 5758 perfectionem
1216 5684 1324 5742 viri
1356 5682 1660 5759 provexit?
1686 5689 1835 5742 Sane
1865 5683 2104 5742 omnino

2210 4688 2607 4765 πολιορκητοῦ,
2675 4685 3013 4763 πολιούχου,
3092 4687 3267 4741 πάντα
3334 4682 3633 4760 ΐσχύοντος
3686 4682 3741 4737 ἐν
3795 4686 3872 4755 τῷ

2211 4775 2597 4852 ἐνδυναμοῦντί
2667 4798 2724 4832 σε
2780 4781 2898 4849 Θεῷ
2932 4819 2946 4834 .
3025 4773 3251 4850 Ἀμέλει
3329 4771 3421 4828 καὶ
3477 4774 3871 4849 καθαιροῦνται

2208 4875 2308 4938 τῆς
2363 4866 2667 4943 όφύος,καὶ
2729 4865 2805 4929 εἷς
2863 4862 3112 4920 δουλείαν
3171 4884 3255 4919 σοι
3311 4862 3750 4936 καθυπάγονται.
3783 4858 3870 4915 Ο⁴ίο

2213 4955 2331 5012 δασι
2396 4954 2625 5025 μὲνόὗν
2673 4954 2828 5010 αὐτοὶ
2870 4954 2939 5009 τὰ
2981 4956 3206 5009 τοιαῦτα
3235 4955 3645 5028 πρωτοπαθῶς·
3696 4947 3871 5005 οἴδασι

2210 5054 2304 5116 τὰς
2361 5054 2454 5115 σάς
2511 5051 2806 5124 ἀριστείας,
2867 5052 2949 5114 οἷς
3007 5050 3160 5106 αὐτοὶ
3219 5044 3461 5109 ἔπαθον.
3525 5045 3731 5107 Οἴδασι
3787 5046 3876 5108 τάς

2216 5141 2613 5218 μεγαλουργίας
2645 5162 2658 5176 ’
2742 5141 2841 5196 οὐκ
2892 5139 3141 5217 ἀγνοοῦσι
3195 5138 3263 5193 τά
3314 5142 3424 5192 τῶν
3483 5132 3665 5214 ἔργων
3715 5135 3870 5213 τερά-

2213 5253 2385 5300 στεια,
2433 5232 2522 5286 καὶ
2574 5232 2671 5301 ὡς,
2728 5235 2834 5287 τῶν
2867 5228 3037 5286 πάλαι
3094 5224 3362 5305 βασιλέων
3425 5223 3870 5303 ἀκρωτηριαζόν-

2210 5343 2317 5376 των
2352 5319 2464 5376 οἷον
2500 5319 2713 5388 αὐτοὺς,
2760 5319 2823 5375 σὺ
2874 5317 3038 5393 μίσας
3090 5317 3281 5381 αὐτοῖς
3308 5316 3407 5378 τάς
3463 5313 3699 5391 καρδίας
3743 5312 3867 5369 ὶπά-

2210 5410 2369 5482 ταξας
2405 5453 2418 5467 .
2479 5408 2874 5486 Ἐπειράθησάν
2933 5428 3027 5463 σου
3095 5410 3205 5462 τῶν
3252 5404 3543 5478 ἀηττήτων
3612 5406 3819 5480 χειρῶν
3852 5444 3867 5459 .

2213 5499 2453 5574 Ἔμαθόν
2486 5520 2563 5573 σε,
2621 5498 2711 5554 καὶ
2759 5497 2811 5553 ἒν
2868 5494 3095 5575 βουλαῖς
3152 5494 3467 5568 θαυμαστὸυ
3530 5494 3668 5569 ὑπὶρ
3720 5490 3867 5552 υἱοὺς

2212 5589 2537 5664 ἀνθρώπων,
2587 5588 2678 5644 καὶ
2726 5586 2780 5643 ἐν
2826 5585 3096 5661 πολέμοις
3133 5584 3387 5662 κραταιὸν
3439 5582 3532 5638 καὶ
3586 5583 3867 5657 ἀτιτρόσμα⁴

2215 5698 2340 5756 χον·
2407 5681 2748 5754 πρηστήρων
2828 5677 2925 5743 τὰς
3002 5674 3197 5756 φρίνας
3280 5667 3687 5751 κεραυνοϐόλον
3767 5669 3862 5735 τὰς
