4104 6210
1179 381 1620 443 ALLOCUTIO
1665 382 1768 441 AD
1815 381 2255 443 MANUELEM
2299 381 2765 443 COMNENUM.
3564 381 3683 440 946

1303 512 1476 589 ταχὺν
1557 513 1889 580 ὶππάσασθαι

2026 517 2206 573 talem
2238 517 2339 590 qui
2371 517 2637 574 cladibus
2668 534 2904 574 omnem
2936 533 3136 574 eorum
3182 514 3488 590 castigavit
3514 515 3679 572 inso-

257 604 411 662 ὅπλα
467 603 526 660 δὲ
583 606 830 681 ἄρασθαι,
890 606 1005 658 οἷον
1063 601 1242 666 οὐδεὶς
1300 603 1814 674 ὑποστήσεται.Καὶ

2029 606 2292 662 lentiam.
2327 608 2492 662 Talia
2523 607 2704 680 igitur
2726 607 2922 663 sciunt
2953 606 3035 662 illi
3086 612 3356 678 terraque
3385 605 3677 662 universa.

253 699 422 750 τοῦτο
480 695 630 765 τάξις
687 693 878 770 ἀρίστη
937 693 1027 747 καὶ
1086 690 1384 748 ἀκολουθία
1442 692 1677 770 φύσεως.
1743 699 1832 747 Ὃν
1890 693 1991 767 γάρ
2047 692 2198 747 αὐτοὶ
2229 693 2446 767 ἀριστέα
2479 692 2618 748 εἶδον
2677 693 2727 749 ἐν
2785 692 3102 770 προοιμίοις
3132 691 3345 770 ἀνδρὸς,
3379 690 3470 748 ὅτε
3504 694 3676 766 μήπω

257 783 404 858 μηδὲ
457 784 620 860 χάρις
674 782 855 860 χλόης
915 786 1146 860 φυσικῆς
1205 781 1574 837 ἀνατέλλουσα
1630 781 1806 851 ἤνθει,
1860 783 1946 836 καὶ
2008 783 2098 836 τὸν
2155 787 2251 836 τοῦ
2308 784 2604 858 προσώπου
2665 787 2910 856 Λειμῶνα
2960 783 3296 859 περιέτρεχε,
3339 780 3458 838 οτίου
3513 775 3679 856 ἔμελ-

253 872 360 929 λον
413 872 610 928 τούτου
683 871 1078 947 πειράσασθαι,
1139 870 1228 926 ὅτε
1284 870 1414 932 Θεὸς
1473 871 1633 925 αὐτὸν
1715 869 1803 924 καὶ
1881 870 1956 931 εἷς
2023 867 2215 946 ἀνδρὸς
2291 869 2553 926 έντέλειαν
2629 869 2894 943 ἔστησεν;
2954 877 3020 927 Ἡ
3095 872 3312 934 πάντως
3383 871 3678 930 τοιούτου.

261 384 383 443 945

258 523 455 593 χεῖρας
489 535 502 547 '
564 515 684 586 ὀξὺν
771 513 1166 590 βουλεύσασθαι
1203 533 1217 546 ·

250 960 375 1017 οῗου
430 962 531 1030 τὴν
592 961 806 1016 ἐκείνων
885 962 1090 1015 ἅπασαν
1172 960 1502 1038 σωφρονίσαι
1579 958 1770 1033 μανίαν
1848 957 2169 1034 τραύμασιν.
2230 957 2420 1017 Ο’ίδασι
2505 966 2697 1034 μενοῦν
2752 960 2948 1016 ἐκεῖνοι
3011 964 3197 1031 ταῦτα,
3255 959 3344 1015 καὶ
3401 966 3472 1036 γῆ
3529 957 3585 1016 δὲ
3640 961 3676 1031 ἡ

251 1050 318 1105 σύ
327 1071 532 1124 μπασα.

327 1159 392 1221 ς’.
425 1157 569 1232 Ἐγὼ
619 1155 678 1211 δὲ
729 1156 819 1211 καὶ
872 1156 939 1210 τὰ
984 1163 1084 1225 τῆς
1136 1157 1410 1230 Εὐρώπης
1462 1155 1646 1218 αὐτοῖς
1677 1151 1913 1225 ἀναϐοή-

251 1267 445 1319 σομαι,
497 1246 606 1322 οὐχ
654 1247 738 1301 ὅτι
785 1247 860 1320 μὴ
904 1245 992 1300 καὶ
1042 1251 1212 1300 ταῦτα
1259 1243 1458 1302 οἴδασι.
1511 1251 1634 1308 Πῶς
1690 1247 1794 1321 γὰρ
1845 1245 1914 1314 ἦν

246 1335 344 1391 καὶ
397 1333 605 1404 λαθεῖν,
657 1330 782 1398 ἔνθα
831 1337 865 1404 ἡ
915 1337 1074 1412 φήμη
1126 1332 1233 1389 τῶν
1283 1334 1560 1410 τροπαίων
1613 1335 1689 1397 εἷς
1739 1340 1909 1390 πᾶσαν

248 1432 358 1501 γῆν
411 1427 777 1501 περιήχηται,
833 1424 923 1479 καὶ
981 1425 1064 1495 (τὸ
1123 1425 1484 1498 ὑμνούμενον)
1545 1427 1676 1495 ὧζεν
1734 1427 1769 1494 ἡ
1831 1425 1911 1479 0i.-

246 1515 498 1588 κουμένη
541 1519 646 1568 τῶν
676 1513 727 1569 έν
783 1514 1024 1590 Εὐρώπῃ
1076 1511 1362 1586 πολεμίων
1412 1519 1639 1590 νεκρῶν,
1667 1514 1757 1568 καὶ
1804 1519 1912 1570 τῶν

252 1598 608 1681 βαρϐαρικῶν
668 1601 884 1659 ἐκείνων
959 1604 1271 1676 πτωμάτων
1334 1605 1362 1658 ὁ
1421 1603 1589 1665 τύπος
1645 1604 1912 1678 περιῆλθε

245 1693 382 1755 τοὺς
439 1694 755 1768 ἁπανταχοῦ
812 1693 938 1769 γῆς,
997 1693 1362 1768 περιηχηθείς
1419 1691 1494 1756 εἷς
1548 1692 1906 1763 ἐξάκουστον;

247 1785 322 1840 ιὈ
354 1781 421 1853 δή
474 1803 624 1845 τινος
681 1781 768 1837 ἐπὶ
829 1785 1054 1854 σεισμοῦ
1111 1780 1495 1860 έφαντάσαντο,
1559 1783 1908 1842 ὑπονοοῦντες

249 1870 443 1949 λόφων
530 1871 800 1945 ὑψώματα
877 1870 1268 1946 κατενεχθέντα
1323 1878 1424 1940 τῆς
1502 1870 1759 1939 στάσεως,
1818 1871 1906 1924 καὶ

248 1959 590 2034 κατάρξαντα
661 1960 928 2015 τινάσσειν
989 1960 1081 2032 μὲν
1147 1959 1245 2028 τὴν
1303 1965 1549 2035 προσεχῆ
1607 1962 1705 2034 γῆν
1742 2003 1756 2026 ,
1811 1980 1906 2013 κα-

242 2047 570 2105 τασαλεύειν
627 2046 685 2103 δὲ
738 2049 826 2104 καὶ
896 2047 993 2102 ὅσα
1051 2047 1318 2122 ἐχόμενα.
1376 2047 1528 2103 Οὕτω
1584 2046 1852 2103 κάνταῦθα
1884 2095 1900 2119 ,

243 2137 399 2207 πλὴν
456 2137 530 2200 εἷς
583 2135 881 2210 ἀλήθειαν,
943 2133 1160 2192 ἔπιπτεν
1218 2135 1635 2211 κατασειόμενον
1686 2136 1842 2210 Εὐρω
1875 2169 1900 2183 ι-

242 2233 415 2283 παῖον
477 2226 702 2304 ὀφρυόεν
758 2227 965 2291 ἐθνικὸν
1038 2226 1392 2299 ἐπανάστημα
1424 2269 1440 2298 ,
1495 2227 1586 2281 καὶ
1647 2227 1674 2281 ὁ
1733 2220 1900 2303 φόϐος

243 2317 325 2380 είς
361 2317 546 2374 Ἀσίαν
599 2312 852 2387 διέϐαινε,
903 2315 993 2370 xui
1042 2317 1284 2371 κατέσειε
1324 2316 1386 2371 τὸ
1435 2314 1771 2392 ἀλλόφυλον,
1811 2315 1900 2369 καὶ

236 2408 309 2461 τὸ
362 2410 462 2461 τοῦ
532 2404 803 2482 βασιλέως
862 2404 941 2460 ἔπ’
1005 2403 1314 2483 ἀμφοτέρας
1378 2403 1602 2481 βλέμμα
1657 2405 1756 2459 ὅσα
1809 2405 1897 2459 καὶ

241 2500 384 2552 Θεοῦ
440 2494 530 2550 καὶ
584 2495 790 2566 ταύτην
847 2493 1099 2565 κάκείνην
1157 2493 1373 2568 τρέμειν
1429 2491 1630 2549 ἐποίει.
1691 2490 1900 2550 Οὐκοῦν

241 2581 375 2640 οὐδὲ
420 2583 515 2646 τὰς
576 2581 843 2657 δυσμικᾶς
902 2585 1188 2656 ἀγνοοῦσιν
1241 2581 1617 2660 ἂριστουργίας
1679 2583 1728 2636 οἱ
1778 2582 1899 2657 περὶ

238 2681 352 2748 γῆν
419 2673 652 2744 ἐκείνην,
704 2674 768 2744 ἣν
821 2673 988 2748 ἐφορᾷ
1035 2669 1198 2741 ἥλιος
1247 2673 1581 2750 πρωτοφαὴς
1638 2671 1899 2726 ἀναπετά-

241 2784 344 2825 σας
376 2762 439 2818 τὸ
497 2760 790 2841 βλέφαρον.
844 2763 949 2818 Καὶ
990 2762 1056 2832 ἦν
1109 2762 1202 2835 μὶν
1251 2761 1312 2816 οὑ
1361 2761 1497 2834 πρὸς
1553 2759 1782 2836 ἀνάγκης
1835 2760 1902 2814 τὰ

238 2855 472 2906 τοιαῦτα
543 2857 660 2914 τοῖς
751 2851 1094 2925 μεμαθηκόσι
1179 2849 1390 2906 λαλεῖν·
1460 2851 1560 2920 τὴν
1637 2847 1694 2904 δὲ
1760 2849 1898 2922 ἐμὴν

237 2939 499 3016 γλῶσσαν
530 2943 565 3011 ἡ
621 2946 721 3010 τῆς
783 2939 1073 3016 βασιλικῆς
1133 2939 1402 3013 θερμότης
1457 2939 1686 3000 πίστεως
1753 2936 1900 3013 χαλ-

240 3036 394 3086 κεῖον
449 3029 718 3106 ἐχώνευσε
765 3027 936 3086 λάλον
987 3028 1077 3085 καὶ
1135 3033 1343 3100 σιωπᾷν
1394 3027 1494 3084 οὐκ
1536 3025 1697 3095 εἷδὸς,
1757 3024 1902 3082 ἀλλὰ

239 3119 337 3176 καὶ
387 3123 506 3182 τοῖς
564 3117 732 3175 εἰδόσι
791 3118 1174 3198 φθεγγόμενον,
1206 3119 1296 3173 καὶ
1341 3117 1403 3172 οὐ
1462 3115 1531 3172 δι’
1581 3113 1757 3193 ὄχλου
1811 3138 1899 3192 γι-

238 3207 499 3283 νόμενον.
555 3207 665 3265 Καὶ
693 3207 779 3272 τίς
820 3206 924 3284 γὰρ
970 3207 1068 3262 οὐκ
1116 3205 1176 3262 ἂν
1211 3205 1299 3262 διὰ
1333 3205 1454 3284 βίου
1485 3203 1898 3261 ἀνακυκλεῖσθαι

233 3299 309 3354 τὰ
339 3295 565 3354 τοιαῦτα
598 3295 858 3374 βούλοιτο
893 3313 909 3366 ;

2094 1159 2149 1212 6.
2175 1160 2292 1229 Ego
2323 1176 2456 1214 vero
2481 1159 2541 1214 in
2571 1162 2694 1215 tota
2738 1163 2968 1230 EurOpa
3002 1161 3129 1230 ejus
3168 1161 3334 1231 gesta
3361 1157 3510 1231 ipsis
3532 1173 3672 1230 pro-

2025 1248 2332 1316 nuntiabo,
2365 1265 2478 1304 non
2512 1249 2678 1321 quasi
2713 1248 2816 1303 illa
2871 1248 3154 1304 nesciant.
3185 1249 3332 1303 Nam
3376 1249 3671 1319 quomodo

2021 1335 2104 1390 ita
2126 1353 2225 1392 eos
2255 1336 2504 1393 laterent
2533 1354 2668 1392 cum
2701 1338 2856 1392 fama
2885 1341 3237 1409 tropaeorum
3294 1353 3397 1408 per
3433 1353 3670 1393 omnem

2022 1429 2236 1481 terram
2270 1425 2484 1482 diffusa
2515 1426 2590 1482 sit
2621 1430 2678 1482 et
2708 1427 2944 1499 hymnis
2987 1426 3344 1482 resonaverit
3397 1425 3574 1483 tellus
3602 1443 3671 1482 ex

2021 1513 2292 1570 hostibus
2323 1515 2382 1570 in
2416 1520 2644 1587 Europa
2675 1515 2946 1585 mortuis,
3005 1519 3062 1571 et
3117 1514 3354 1570 illarum
3385 1515 3670 1570 Barbaro-

2019 1621 2150 1659 rum
2183 1603 2439 1660 cladium
2472 1621 2675 1660 rumor
2731 1604 2997 1660 circuivit
3062 1605 3210 1660 ﬁnes
3240 1603 3565 1672 universos,
3607 1603 3668 1660 in

2020 1693 2284 1749 omnium
2309 1694 2555 1750 auribus
2587 1694 2917 1751 celebratus
2941 1693 2969 1749 ?
2999 1694 3127 1750 Non
3186 1709 3356 1749 secus
3409 1709 3476 1748 ac
3535 1696 3670 1765 post

2016 1786 2183 1836 terraa
2233 1788 2480 1850 motum,
2561 1783 2674 1839 sibi
2741 1783 3028 1855 suspicati
3087 1783 3319 1855 ﬁngunt
3374 1782 3665 1838 montium

2017 1871 2258 1926 vertices
2291 1873 2361 1927 ab
2392 1871 2704 1928 altitudine
2737 1872 3028 1928 demissos
3077 1873 3138 1928 in
3198 1876 3416 1927 terram
3475 1871 3666 1943 proxi-

2018 1975 2176 2015 mam
2234 1960 2526 2017 exsultare
2584 1961 2872 2032 incepisse
2930 1966 2987 2017 et
3041 1960 3242 2032 aliquo
3301 1961 3473 2017 modo
3504 1961 3658 2017 exsi-

2011 2048 2215 2116 luisse,
2247 2049 2350 2116 ita,
2385 2055 2590 2122 praeter
2620 2052 2776 2123 quod
2826 2055 2951 2106 erat
3005 2066 3229 2118 verum,
3263 2049 3470 2106 cecidit
3525 2065 3658 2106 oon-

2010 2155 2215 2194 cussos
2245 2140 2509 2195 omnium
2542 2145 2782 2212 Europae
2804 2139 3111 2213 gentilium
3143 2139 3382 2195 inflatus
3436 2144 3654 2210 tumor,

2011 2233 2066 2284 et
2096 2229 2276 2285 timor
2304 2248 2406 2301 per
2434 2229 2632 2285 Asiam
2665 2229 3007 2295 ambulavit,
3057 2234 3115 2284 et
3149 2229 3370 2284 alienas
3401 2244 3657 2284 commo-

2010 2317 2090 2373 vit
2169 2319 2454 2390 regiones,
2515 2323 2571 2374 et
2625 2317 3000 2390 imperatoris
3082 2318 3236 2374 sicut
3290 2317 3392 2372 Dei
3450 2317 3656 2374 oculus

2011 2407 2288 2478 utrinque
2318 2411 2709 2463 attentustam
2734 2409 2908 2463 istam
2931 2406 3282 2479 quamillam
3315 2405 3656 2462 tremefecit.

2013 2496 2198 2568 Igitur
2228 2513 2332 2552 nec
2354 2497 2629 2569 praeclara
2659 2497 2716 2551 in
2739 2496 3040 2552 occidente
3098 2494 3355 2550 facinora
3386 2495 3660 2567 ignorant

2011 2585 2110 2657 qui
2144 2585 2308 2641 illam
2339 2585 2608 2641 habitant
2638 2589 2860 2640 terram
2887 2601 3062 2656 quam
3097 2583 3381 2654 conspicit
3420 2582 3506 2639 sol
3537 2583 3656 2656 pri-

2013 2691 2106 2730 mo
2155 2681 2304 2743 ortu,
2338 2673 2656 2730 sublevatis
2687 2673 2894 2729 oculis.
2949 2673 3105 2728 Nihil
3163 2673 3404 2744 quidem
3465 2687 3658 2729 neces-

2010 2764 2199 2820 sitatis
2231 2769 2354 2818 erat
2383 2763 2525 2818 talia
2541 2765 2688 2835 jam,
2721 2763 2942 2819 edoctis
2975 2762 3371 2835 praecipiendi,
3391 2765 3654 2818 nostram

2011 2858 2206 2908 autem
2233 2852 2496 2925 linguam
2531 2852 2699 2924 regite
2741 2853 2918 2908 ardor
2947 2851 3246 2907 fidelitatis
3276 2867 3485 2907 caream
3515 2867 3653 2908 con-

2009 2941 2172 2996 ﬂavit
2197 2941 2635 3013 loquacitatem,
2668 2945 2725 2997 et
2771 2943 2898 3012 jam
2952 2940 3124 2997 silere
3183 2942 3394 3012 nescit,
3442 2941 3545 2997 sed
3594 2944 3652 2997 et

2009 3031 2211 3086 doctos
2241 3031 2579 3102 alloquitur,
2611 3046 2718 3086 nec
2746 3047 3008 3103 unquam
3059 3030 3166 3087 sibi
3200 3029 3486 3086 satisfecit
3515 3029 3649 3103 ipsi.

2010 3120 2150 3186 Quis
2179 3121 2333 3176 enim
2368 3137 2468 3192 per
2497 3120 2677 3176 vitam
2699 3123 2863 3176 tanta
2885 3137 3086 3177 secum
3117 3119 3408 3178 revolvere
3434 3118 3655 3177 nollet?

316 3411 379 3475 ζ’.
415 3398 826 3479 ’Λναϐοήσομαι
884 3401 1062 3458 τοίνυν
1118 3400 1185 3458 τά
1221 3423 1279 3459 τε
1309 3398 1453 3458 ἄλλα
1509 3406 1618 3456 τῶν
1675 3399 1892 3477 βασιλι-

2075 3389 2129 3442 7.
2163 3387 2496 3442 Praedicabo
2527 3390 2720 3442 tamen
2756 3390 2965 3442 caetera
2995 3386 3367 3458 imperatoris
3421 3388 3481 3444 in
3538 3390 3652 3446 Eu-

239 3499 356 3550 κῶν
412 3493 754 3570 Εὐρωπαίων
811 3493 1216 3569 ἀριστευμάτων
1253 3535 1267 3557 ,
1330 3493 1429 3546 ὅσα
1485 3489 1535 3561 ἐξ
1612 3491 1895 3563 ἀμετήτων

236 3584 536 3657 ἀποτεμὼν
571 3585 600 3639 ὁ
649 3583 836 3658 καιρὸς
863 3581 953 3637 καὶ
1005 3583 1118 3636 οἷον
1168 3580 1540 3657 ὑπαγορεύσας
1588 3576 1746 3635 δώσει
1799 3601 1893 3653 μοι

235 3674 646 3753 ἀφηγήσασθαι·
704 3675 788 3728 ναὶ
853 3673 959 3746 μὴν
1020 3671 1110 3726 καὶ
1166 3671 1234 3726 τά
1289 3671 1395 3725 τῶν
1453 3668 1777 3743 Δαλματῶν,
1811 3671 1892 3724 ὅτι

233 3767 342 3829 τῆς
401 3760 742 3832 παλαιτάτης
815 3760 1121 3835 αὐτονόμου
1190 3759 1280 3816 καὶ
1330 3759 1483 3815 αὐτοὶ
1561 3759 1893 3833 θρασύτητος

238 3850 653 3924 ἐκλαθόμενοι,
725 3850 816 3905 τὸν
879 3847 1144 3921 δεσπότην
1221 3848 1454 3926 ἐπέγνων
1491 3891 1506 3919 ,
1567 3848 1656 3903 καὶ
1716 3848 1894 3904 οὐκέτι

241 3940 529 4016 ἐλεύθερον
567 3938 853 4014 βλέπουσι.
890 3936 1143 3996 Μάλιστα
1177 3939 1269 4011 μὲν
1326 3935 1417 3992 οὖν
1459 3937 1736 4011 ἐλεύθερον
1771 3938 1892 3993 ἀνα-

238 4029 596 4086 πεταννύουσι
663 4027 952 4107 βλέφαρον,
1013 4028 1103 4082 καὶ
1155 4032 1263 4082 τῶν
1323 4021 1506 4101 φόϐων
1561 4026 1744 4089 αὐτοῖς
1795 4023 1891 4080 λυ-

241 4121 441 4175 θέντων
497 4118 717 4192 (ἱλαροῦ
775 4117 880 4193 γὰρ
935 4114 1198 4172 δεσπότου
1261 4113 1528 4192 βασιλέως
1583 4114 1839 4192 πεπείραν
1871 4149 1890 4157 -

235 4211 376 4282 ται),
473 4205 807 4262 συνδέδενται
898 4206 992 4280 μὲν
1091 4201 1348 4278 εὐλαϐείᾳ
1432 4203 1652 4268 δούλοις
1738 4225 1892 4280 πρε-

234 4297 437 4371 πούσῃο
498 4295 732 4351 ἀνίενται
789 4293 846 4351 δὲ
901 4293 1108 4366 ἄλλως,
1157 4296 1246 4348 καὶ
1287 4290 1475 4369 ἔχουσι
1531 4293 1592 4350 τό
1632 4293 1682 4349 ἐν
1715 4294 1892 4369 Εὐαγ-

231 4384 449 4464 γιλίοις
500 4383 557 4440 εὖ
603 4381 692 4440 διὰ
745 4385 808 4439 τὸ
847 4391 949 4455 τῆς
999 4381 1252 4445 δουλείας
1300 4383 1497 4459 ἀγαθὸν
1546 4383 1636 4438 καὶ
1682 4383 1891 4449 πιστὸν,

233 4475 332 4532 καὶ
382 4481 483 4545 τῆς
555 4473 888 4551 εὐχρηστίας
945 4467 1405 4546 ἀντιλαμϐάνουσι
1463 4473 1524 4528 τὸ
1581 4469 1889 4549 φιλάνθρω-

236 4587 365 4622 πον.

315 4656 388 4724 η’.
420 4647 833 4726 Ἀναϐοήσομαι
889 4652 1022 4727 πρὸς
1076 4650 1292 4716 τούτοις
1344 4652 1431 4706 καὶ
1477 4651 1544 4706 τὰ
1591 4655 1698 4706 τῶν
1731 4650 1891 4706 Παιό-

2004 3494 2146 3549 ropa
2175 3481 2338 3548 gesta
2395 3476 2668 3543 illustria,
2701 3493 2827 3548 quae
2888 3493 2957 3532 ex
3003 3475 3331 3534 innumeris
3381 3495 3656 3550 promens

2003 3571 2236 3636 tempus
2267 3565 2426 3620 velut
2457 3566 2740 3637 inspirato
2774 3565 2918 3620 mihi
2941 3564 3104 3620 dabit
3132 3565 3438 3622 enuntiare
3472 3585 3486 3636 ;
3512 3585 3655 3626 sane

2003 3654 2330 3726 praedicabo
2349 3654 2525 3708 etiam
2557 3654 2685 3724 ejus
2700 3658 2904 3710 contra
2934 3653 3233 3711 Dalmatas
3267 3655 3654 3729 facinora,qui

2004 3743 2429 3815 antiquissima:
2464 3743 2990 3799 libertatisnecnon
3023 3743 3519 3802 ferocitatisobliti
3548 3749 3651 3804 do-

2004 3833 2231 3888 minum
2262 3837 2787 3905 cognoverunt,uec
2810 3834 2934 3903 jam
2967 3832 3301 3889 libertatem
3325 3835 3647 3906 aspiciunt.

2001 3924 2268 3978 Attamen
2301 3921 2513 3977 liberos
2545 3922 2818 3994 aperiunt
2847 3921 3067 3988 oculos,
3114 3926 3172 3977 et
3201 3922 3412 3980 solutis
3443 3941 3647 3983 eorum

2002 4012 2372 4067 cautionibus
2403 4011 2670 4083 (hilarem
2705 4011 2860 4067 enim
2891 4013 3200 4068 dominum
3232 4012 3647 4085 imperatorem

2001 4101 2221 4172 experti
2263 4102 2424 4172 sunt)
2473 4099 2576 4155 illa
2603 4101 2943 4156 vinciuntur
2986 4101 3198 4174 pietate
3256 4119 3384 4176 qua
3449 4120 3648 4163 servos

2001 4190 2189 4256 decet,
2219 4207 2390 4245 secus
2440 4206 2573 4244 vero
2632 4195 2770 4245 sunt
2819 4189 3012 4261 liberi,
3044 4195 3101 4246 et
3156 4191 3376 4249 habent
3435 4210 3648 4253 merce-

2002 4279 2132 4333 dem
2168 4277 2225 4332 in
2256 4275 2568 4349 Evangelio
2592 4277 2742 4332 bono
2774 4277 3049 4349 ﬁdelique
3081 4295 3245 4334 servo
3276 4280 3652 4352 promissam,

2001 4371 2057 4424 et
2089 4385 2191 4440 pro
2223 4367 2434 4424 ofﬁciis
2482 4367 2841 4437 benignitate
2873 4384 2899 4420 τι
2935 4367 3256 4440 accipiunt.

2069 4656 2123 4708 8.
2155 4655 2401 4727 Insuper
2433 4657 2758 4728 praedicabo
2787 4657 3185 4730 triumphatos
3216 4658 3474 4727 Paeones,
3503 4674 3648 4732 gen-

238 4765 376 4810 νων,
434 4741 617 4805 ἔθνους
672 4741 868 4797 νούτου
930 4738 1203 4816 μεγίστου,
1260 4739 1349 4795 καὶ
1408 4741 1504 4809 τὴν
1561 4739 1728 4796 πάλαι
1786 4743 1890 4816 φή-

2011 4748 2117 4800 tem
2152 4744 2409 4798 maxima
2437 4750 2492 4799 et
2523 4747 2766 4817 antiqua
2796 4747 2952 4801 fama
3008 4746 3248 4802 ultimos
3305 4747 3452 4804 fines
3500 4764 3645 4820 pras-

243 4853 356 4907 μην
387 4831 476 4886 καὶ
526 4832 653 4894 τοὺς
709 4829 971 4906 ἀρχαίους
1028 4828 1190 4903 ὅρους
1247 4826 1692 4906 ὑπερελάσαντος.
1731 4833 1889 4886 Ἀναο

237 4921 510 4996 κράξομαι
546 4962 561 4988 ,
618 4920 693 4983 ὡς
760 4917 959 4981 πάντας
1037 4917 1094 4972 ἂν
1169 4917 1363 4980 αὐτοὺς
1439 4919 1572 4973 εἷναί
1629 4911 1731 4981 τις¹
1771 4917 1889 4996 ἄρτι

237 5011 580 5086 στοχάσηται
644 5006 858 5084 μᾶλλον
915 5004 1055 5083 ἥπερ
1113 5007 1363 5083 τεχνίτας
1418 5008 1616 5079 τάξεῳς
1646 5008 1735 5063 καὶ
1791 5007 1889 5063 πό-

240 5107 415 5173 λεμον
449 5097 659 5161 εἰδότας
706 5097 797 5154 καὶ
830 5093 976 5152 ὅπλα
1026 5097 1266 5171 μάχιμα.
1300 5095 1459 5154 Οὕτω
1503 5097 1588 5153 τοὶ
1630 5096 1782 5152 αὐτοὶ
1812 5103 1892 5171 τῷ

236 5188 531 5262 Ῥωμαίων
592 5191 809 5263 βασιΛεῖ
857 5185 1118 5262 ἀνταίρειν
1180 5185 1366 5242 ὅπλων
1428 5185 1747 5262 ἀπέμαδον,
1800 5189 1890 5243 καὶ

241 5284 296 5338 οἱ
349 5281 473 5358 πρὶν
523 5276 768 5335 ἀϐέϐαιοι
815 5283 933 5340 τοῖς
997 5277 1332 5352 βουλεύμασι
1392 5280 1481 5334 καὶ
1541 5279 1890 5342 ἀστατοῦντες

241 5370 354 5426 οὐλ.
383 5371 574 5438 ἦττον,
632 5369 668 5439 ἢ
730 5371 758 5424 ὁ
816 5366 1135 5444 παραρρέων
1192 5366 1386 5430 αὐτοὺς
1443 5374 1676 5441 Ἴστρος,
1726 5369 1785 5422 ὃν
1818 5368 1892 5430 εἰς

242 5457 539 5537 ἀσφάλειαν
601 5453 1036 5533 προεϐάλλοντο,
1068 5461 1156 5512 νῦν
1217 5459 1494 5531 πεπήγασι
1537 5458 1624 5511 καὶ
1677 5455 1890 5529 τῷδέει

247 5549 344 5624 μὲν
390 5547 680 5624 βασιλικῷ,
739 5545 884 5602 ἀλλᾶ
931 5546 1020 5601 καὶ
1073 5545 1149 5609 είς
1209 5547 1332 5619 μίαν
1395 5543 1600 5622 βουλὴν
1661 5543 1893 5624 εὔφρονα

244 5637 528 5710 στάσιμον.
583 5639 642 5694 Ἡ
703 5635 760 5692 δέ
817 5634 926 5690 ἐστι
981 5635 1045 5690 τὸ
1101 5634 1292 5708 μηκέτι
1350 5633 1618 5697 κινδύνοις
1672 5636 1890 5698 ἑαυτοὺς

243 5723 644 5806 παραϐάλλειν,
674 5725 820 5783 ἀλλὰ
846 5730 924 5800 τῷ
958 5721 1173 5802 βασιλεῖ
1202 5729 1382 5780 πεσεῖν
1418 5725 1521 5781 ὑπὸ
1552 5722 1723 5788 πόδας
1754 5769 1772 5795 ,
1802 5726 1891 5781 xui

2001 4837 2376 4905 tergressam.
2411 4833 2534 4889 Non
2568 4839 2764 4890 autem
2815 4850 2912 4890 eos
2961 4834 3235 4891 similiter
3265 4835 3458 4893 dicam
3490 4853 3647 4894 nunc

2002 4938 2130 4978 esse
2161 4921 2384 4977 ordinis
2414 4924 2652 4994 opiﬁces
2685 4923 3054 4996 scientesque
3100 4923 3322 4980 bellum
3369 4930 3428 4982 et
3482 4943 3650 4983 arma

2002 5010 2416 5067 certaminum.
2447 5013 2535 5068 Ita
2563 5015 2962 5069 Romanorum
2993 5013 3245 5086 principi
3285 5015 3466 5072 armis
3498 5016 3648 5072 resi-

2002 5105 2156 5156 stere
2179 5099 2605 5167 dedidicerant,
2638 5105 2694 5157 et
2752 5100 2852 5172 qui
2909 5101 3072 5173 prius
3124 5102 3387 5160 consiliis
3442 5103 3650 5162 incerti

2002 5206 2107 5245 nec
2168 5191 2357 5261 magis
2415 5189 2656 5246 stabiles
2713 5190 2944 5246 fuerant
3013 5207 3188 5263 quam
3237 5192 3650 5251 circumﬂuens

2003 5278 2149 5334 Ister
2177 5295 2350 5349 quem
2377 5283 2441 5335 ut
2465 5278 2686 5334 vallum
2715 5279 2786 5335 ad
2805 5279 3179 5336 securitatem
3195 5282 3649 5356 prwmittebant,

2003 5386 2158 5424 nunc
2189 5374 2351 5425 stant
2380 5368 2748 5441 imperatoris
2780 5374 2936 5425 metu
2971 5370 3206 5438 confixi,
3267 5376 3324 5427 et
3369 5371 3428 5428 in
3469 5390 3648 5430 unam

2001 5460 2350 5531 prudentem
2379 5458 2771 5530 stabilemque
2800 5459 3161 5514 voluntatem
3195 5462 3509 5532 quaajubet
3533 5481 3649 5520 non

2002 5553 2067 5604 ut
2088 5565 2215 5605 sese
2245 5547 2519 5620 periculis
2550 5548 2960 5620 objiciant,sed
2985 5549 3440 5621 adimperatoris
3471 5554 3647 5625 pedes

2003 5638 2333 5710 procidant,
2367 5647 2423 5694 et
2455 5643 2585 5711 post
2642 5638 3024 5711 temporalem
3074 5639 3475 5697 confusionem
3517 5659 3645 5698 rur-

2004 5745 2108 5785 sus
2139 5729 2531 5802 erigantur,et
2559 5729 2806 5800 propriae
2837 5733 3005 5787 terra
3036 5729 3190 5788 bona
3217 5729 3413 5790 edant.
3441 5732 3648 5794 Adhuc
