4104 6210
312 157 428 219 947

1081 154 1504 218 EUS’l‘ATHlI
1547 155 1652 215 ΤΗ
1663 152 2318 254 ESSALONICENSIS
2365 150 2947 212 METROPOLlT/E

3608 149 3733 212 948

303 288 414 360 ipsi
439 287 632 344 clavas
681 287 830 343 ferro
864 287 1120 360 fulgidae
1153 286 1210 342 in
1242 285 1428 358 capite
1467 289 1690 342 erectas
1752 285 1954 340 vident

2085 281 2197 344 τέως
2232 283 2326 355 μὶν
2376 281 2452 345 εἷς
2501 279 2837 351 δυσώπησιν,
2875 280 2986 334 εἶτα
3035 281 3126 335 καὶ
3174 280 3489 350 ἀναστῆναι,
3534 280 3734 335 καὶτὰ

304 375 522 447 singuli
555 393 657 448 per
687 394 837 447 quas
869 377 1108 432 fuerunt
1159 374 1420 442 contriti,
1477 375 1672 430 adhuc
1730 391 1798 430 ex
1846 373 1963 429 illis

303 465 545 522 vulnera
572 466 718 536 ipsis
752 467 1045 537 impressa
1077 468 1335 520 manent.
1362 465 1496 520 Ideo
1531 463 1812 520 terribilis
1845 463 1962 518 illis

307 554 470 611 clava
500 556 624 611 solo
655 556 833 611 etiam
892 560 1154 627 aspectu,
1215 553 1336 609 solo
1370 555 1546 610 etiam
1587 555 1843 609 nomine.
1895 553 1964 607 Et

310 644 427 715 (res
457 643 626 698 valde
651 642 800 699 mira
826 643 863 713 l)
895 643 1143 715 aliorum
1175 642 1412 713 quidem
1439 659 1736 697 armorum
1771 641 1961 696 visum

305 731 667 788 sustinentes
696 731 942 803 ipsaque
973 731 1272 786 intuentes
1304 730 1361 786 in
1421 730 1546 787 loco
1591 735 1828 786 manent
1860 746 1963 785 nec

309 821 452 893 quid
480 819 784 876 insolitum
817 835 885 874 ex
917 825 1154 892 aspectu
1193 819 1496 891 patiuntur
1524 838 1538 887 ;
1598 819 1821 875 clavam
1857 837 1962 874 au-

308 913 428 966 tem
443 908 870 980 conspicientes
883 909 1270 964 contremiscu
1283 909 1498 964 nt.titsi
1517 908 1651 980 quis
1663 913 1963 964 Romanus

309 998 402 1053 vir
433 996 836 1069 peregrinetur
859 997 1012 1068 apud
1030 997 1265 1052 Paeones
1279 1013 1476 1052 ensem
1511 997 1749 1068 quidem
1774 997 1965 1052 ferens

311 1085 518 1144 amicis
551 1085 908 1141 clamoribus
939 1086 1307 1157 excipitur,et
1337 1084 1532 1157 gladio
1556 1086 1851 1141 accinctus
1882 1085 1962 1138 vi-

313 1175 485 1231 detur
513 1174 895 1246 gratiosus,et
917 1174 1138 1229 invenit
1159 1173 1808 1246 hospitiumgneminem
1830 1191 1964 1231 vero

310 1261 410 1320 ille
439 1266 639 1330 terret,
672 1262 721 1318 si
755 1261 1019 1318 lanceam
1055 1268 1266 1334 portet,
1302 1264 1402 1319 sed
1437 1262 1497 1318 in
1559 1263 1766 1319 faciem
1829 1280 1965 1336 pro-

314 1352 584 1426 spicitur.
617 1351 677 1406 Si
711 1356 911 1406 autem
944 1349 1168 1407 clavam
1223 1352 1478 1422 proferat
1507 1352 1659 1407 ferro
1709 1352 1964 1407 instruc-

310 1446 458 1509 tam,
492 1438 578 1496 vel
609 1438 865 1494 hominis
909 1439 1147 1494 solertia
1206 1439 1264 1493 in
1328 1457 1674 1495 mucronum
1735 1441 1968 1497 aculeos

314 1530 742 1598 ardescentem,
801 1527 969 1582 illum
1025 1528 1268 1583 horrent
1321 1528 1672 1600 clavigerum
1733 1530 1967 1586 Paeones

312 1634 420 1675 nec
450 1618 510 1673 in
534 1617 826 1688 hospitem
861 1616 1156 1688 excipiunt
1184 1635 1197 1685 ;
1233 1621 1290 1673 et
1320 1617 1498 1673 torvis
1550 1622 1798 1674 cernunt
1826 1635 1964 1674 ocu-
2003 1649 2045 1713 Β

310 1707 410 1775 lis,
444 1711 502 1763 et
531 1704 711 1762 telum
746 1704 1090 1776 respiciunt,
1123 1709 1180 1761 et
1210 1705 1557 1778 semctipsos
1607 1710 1876 1762 avertunt
1906 1707 1965 1761 in

323 1793 668 1850 memoriam
693 1799 1028 1848 revocantes
1060 1792 1338 1864 quoniam
1371 1793 1525 1848 sicut
1582 1793 1768 1864 spinae
1817 1811 1964 1849 non-

323 1882 498 1940 nullae
529 1885 903 1938 transeuntes
937 1884 1153 1952 terunt,
1187 1882 1267 1936 ita
1326 1881 1409 1936 illi
1460 1881 1621 1938 clava
1682 1884 1965 1955 percussi,

319 1969 598 2046 prostrati
629 1971 884 2035 fuerunt,
916 1970 1150 2040 quando
1182 1970 1293 2025 etsi
1341 1971 1535 2026 omnis
1593 1971 1824 2044 generis
1876 1988 1966 2026 ar-

318 2061 435 2117 mis
464 2063 584 2116 toto
609 2062 805 2114 essent
834 2075 1073 2130 corpore
1101 2058 1334 2130 obtecti,
1386 2075 1488 2114 seu
1532 2063 1596 2114 ut
1643 2059 1726 2114 ita
1779 2060 1965 2114 dicam

312 2148 425 2205 viri
482 2147 672 2215 ferrei,
730 2147 911 2202 armis
961 2147 1200 2217 Quidem
1253 2146 1543 2202 vulnerari
1603 2152 1660 2202 et
1715 2148 1965 2203 sauciari

312 2253 428 2294 non
462 2239 752 2309 poterant,
786 2235 906 2290 illis
939 2240 1134 2289 autem
1162 2236 1423 2291 fustibus
1456 2236 1720 2308 percussi
1753 2237 1969 2292 cecide-

312 2331 473 2393 runt,
507 2329 564 2381 et
595 2325 666 2380 ad
699 2324 886 2380 instar
916 2323 1149 2380 concha:
1183 2325 1534 2381 contritione
1568 2325 1803 2381 fuerunt
1831 2342 1965 2382 con-

311 2415 458 2485 triti,
490 2413 725 2486 quando
758 2429 897 2486 grex
931 2411 1026 2468 ille
1059 2430 1174 2468 non
1209 2413 1419 2480 bonus,
1465 2414 1681 2470 diceret
1728 2413 1967 2485 aliquis,

315 2521 351 2562 a
380 2508 480 2560 tua
509 2506 796 2576 potestate
826 2507 1106 2574 tanquam
1137 2501 1368 2557 Davidis
1429 2505 1622 2557 rectus
1667 2502 1778 2558 fuit
1808 2503 1969 2575 virga

317 2591 526 2648 ferrea.

2070 375 2168 436 τῆς
2198 370 2397 433 οἰκείας
2445 377 2546 448 γῆς
2598 375 2782 448 φαγεῖν
2843 369 3034 445 ἀγαθά.
3090 371 3208 426 Ἔτι
3251 370 3346 431 τὰς
3390 367 3729 445 σιδηροκρο-

2068 462 2267 530 τήτους
2320 459 2470 515 αὐτοὶ
2527 459 2758 534 κορύνας
2813 459 3105 535 αἰρομένας
3156 455 3378 520 ἕκαστος
3438 463 3729 532 προορῶνο

2069 569 2158 602 ται
2216 549 2346 602 κατᾶ
2405 547 2666 626 κεφαλῆς,
2719 545 2788 601 δι’
2838 549 2910 601 ὧν
2953 543 3360 623 συνετρίϐησαν
3415 542 3491 602 ἔτι
3548 548 3618 601 τὰ
3673 546 3730 616 ἐξ

2073 634 2287 691 ἐκείνων
2347 636 2722 712 συντρίμματα
2776 637 2992 697 τούτοις
3050 635 3424 710 ἐγγέγλυπται.
3487 636 3582 690 Διὸ
3632 635 3730 689 καὶ

2072 726 2441 800 ἀποτρόπαιον
2495 725 2678 786 αὐτοῖς
2726 727 2760 794 ἡ
2795 724 2998 800 κορύνη
3054 724 3219 800 μέχρι
3251 726 3340 779 καὶ
3373 726 3516 794 θέας,
3554 726 3728 800 μέχρι

2071 815 2161 869 καὶ
2201 813 2368 870 αὐτοῦ
2420 814 2709 887 ὀνόματος.
2765 813 2864 868 Καὶ
2906 814 2989 888 (τὸ
3039 814 3335 889 τεράστιον)
3381 813 3569 868 ὅπλων
3625 815 3730 887 μὶν

2074 904 2266 979 ἑτέρων
2328 900 2452 977 ὄψιν
2504 903 2786 978 ἀνέχοντες
2831 903 2920 957 καὶ
2967 903 3203 976 ὁρῶντες
3260 902 3416 970 αὐτὰ,
3468 902 3556 957 ἐπὶ
3601 902 3731 978 χὼ-

2073 1013 2168 1068 ρας
2229 991 2496 1066 μένουσι,
2550 993 2637 1047 καὶ
2695 989 2845 1047 οὑδέν
2904 1013 2954 1046 τι
3017 992 3153 1065 πρὸς
3231 991 3350 1056 θέαν
3407 987 3731 1063 καινότερον

2073 1081 2372 1156 πάσχουσι·
2424 1081 2654 1156 κορύνην
2709 1078 2765 1136 δὲ
2808 1081 2898 1135 καὶ
2950 1078 3158 1143 ῖδόντες
3204 1080 3728 1158 ἁποτροπιάζονται.

2076 1170 2176 1224 Κᾶν
2234 1191 2318 1233 τις
2375 1170 2679 1243 Ῥωμαῖκὸς
2732 1169 2868 1241 ἀνῆρ
2925 1167 3248 1245 ἒπιδημήσῃ
3304 1175 3420 1232 τοῖς
3477 1171 3733 1241 Παίοσι,

2075 1258 2224 1336 ξίφος
2277 1259 2370 1332 μὲν
2414 1257 2589 1337 φέρων
2641 1263 3065 1338 προσφωνεῖται,
3116 1259 3207 1313 καὶ
3244 1258 3519 1335 μάχαιραν
3548 1262 3732 1338 ἠρτη-

2079 1349 2235 1421 μένος
2289 1348 2556 1410 ἀσπαστὸς
2632 1347 2824 1420 δοκεῖ,
2883 1347 2971 1402 καὶ
3028 1347 3284 1404 καταλόει
3336 1347 3684 1423 ξενιζόμενος
3717 1369 3730 1381 ·

2077 1435 2176 1491 οὐκ
2204 1434 2494 1506 ἐκπλήττει
2528 1434 2585 1492 δέ
2611 1459 2733 1492 τινα
2770 1434 2900 1492 οὐδὲ
2934 1435 3064 1514 δόρυ
3109 1435 3287 1516 φέρων
3321 1435 3548 1508 ἐκεῖνος,
3578 1436 3733 1494 ἀλλὰ

2075 1520 2476 1601 προσϐλέπεται
2521 1526 2596 1588 εἷς
2639 1522 2820 1601 ὀρθόν.
2872 1525 2938 1582 Εἴ
2967 1523 3025 1581 δὲ
3072 1525 3308 1600 κορύνην
3338 1521 3730 1601 προϐαλεῖται,

2075 1615 2137 1682 ἣν
2169 1611 2392 1686 σίδηρος
2448 1615 2541 1686 μὲν
2596 1614 2959 1690 ἐχορήγησεν,
3007 1611 3199 1688 ἀνδρὸς
3249 1611 3306 1668 δὲ
3355 1611 3602 1684 δεξιότης
3651 1615 3732 1676 εἰς

2074 1697 2346 1777 τριϐόλων
2421 1701 2682 1773 ὀξύτητας
2762 1702 3124 1774 ἐξηκάνθωσεν
3160 1749 3175 1775 ,
3236 1701 3583 1779 ἐκτρέπονται
3633 1704 3734 1759 τὸν

2074 1791 2445 1868 κορυνηφόρον
2524 1789 2727 1846 ἐκεῖνον
2805 1792 2856 1845 οἱ
2915 1791 3136 1854 Παίονες
3172 1837 3187 1862 ,
3246 1791 3334 1846 καὶ
3397 1795 3496 1861 τήν
3556 1792 3734 1862 ξενίαν

2075 1878 2387 1952 ἀπείπαντο,
2445 1880 2536 1933 καὶ
2585 1879 2714 1942 τούς
2769 1901 2828 1935 τε
2888 1879 3208 1958 ὀφθαλμοὺς
3264 1876 3580 1953 ἐλόξωσαν,
3641 1882 3737 1936 καὶ

2074 1969 2136 2023 τὸ
2185 1966 2354 2023 ὅπλον
2406 1967 2736 2043 ἀπέπτυραν,
2785 1968 2875 2023 καὶ
2925 1969 3150 2031 ἑαυτοὺς
3197 1969 3554 2046 ἀπέστρεψαν,
3594 1971 3736 2042 μνήο

2080 2079 2188 2129 μην
2219 2051 2501 2127 λαϐόντες,
2535 2056 2685 2120 ὅπως
2717 2057 2883 2112 ὁποῖά
2905 2078 3046 2118 τινες
3078 2054 3298 2112 ἄκανθαι
3343 2057 3468 2120 τοὺς
3503 2056 3739 2113 ὁδοιπό-

2079 2164 2206 2217 ρους
2264 2142 2548 2209 θλίὸουσαι
2623 2145 2882 2216 τοιαύτην
2945 2141 3329 2222 ῥαόδιζόμενοι
3387 2149 3737 2221 κατεστρών-

2075 2253 2250 2303 νυντο,
2304 2234 2393 2289 ὅτε
2440 2233 2805 2313 κατάφρακτοι
2855 2231 3004 2296 ὄντες
3053 2234 3143 2289 καὶ
3194 2237 3309 2289 οἷον
3360 2233 3740 2311 ἐγκατῳκοδο-

2082 2323 2318 2396 μημένοι
2371 2328 2488 2385 ταῖς
2540 2323 2888 2394 πανοπλίαις,
2939 2323 3029 2378 καὶ
3079 2325 3155 2387 ὡς
3207 2323 3374 2378 εἰπεῖν
3414 2321 3609 2398 ἄνδρες
3654 2346 3738 2378 σι-

2078 2409 2288 2482 δήρεοι,
2350 2411 2546 2474 ὅπλοις
2609 2413 2702 2485 μὶν
2753 2414 2888 2482 ἦσαν
2935 2407 3175 2483 ἅϐλητοί
3221 2433 3280 2467 τε
3331 2412 3420 2467 καὶ
3469 2411 3736 2488 ἄτρωτοι,

2078 2495 2298 2576 ῥάϐδοις
2354 2498 2412 2555 δὲ
2473 2500 2696 2564 ἐκείνοις
2753 2502 3138 2576 θρασυνόμενοι
3196 2499 3443 2574 ἔπιπτον,
3503 2503 3596 2557 καὶ
3657 2502 3736 2564 εἰς

2077 2587 2368 2663 συντριϐἠν
2431 2591 2696 2667 ὀστράκου
2755 2589 2911 2662 δίκην
2973 2589 3399 2664 ἐξελεπτόνοντο·
3462 2590 3631 2660 ἡνίκα
3671 2592 3738 2646 τὸ

319 2679 419 2736 οὐκ
474 2680 666 2754 ἀγαθὸν
729 2677 901 2734 έκεῖνο
959 2678 1218 2751 ποίμνιον
1271 2679 1411 2733 εἶπεν
1472 2679 1531 2733 ἄν
1590 2699 1673 2740 τις
1731 2679 1833 2734 ὑπὸ
1888 2682 1985 2733 τοῦ
2041 2679 2137 2734 σοὺ
2193 2678 2446 2755 κράτους,
2504 2684 2601 2735 τοῦ
2660 2675 2847 2751 Δαϐὶδ,
2909 2678 3136 2756 σιδηρίῳ
3205 2675 3394 2758 ῥάϐδῳ
3446 2681 3740 2754 ποιμαίνε-

317 2782 460 2836 σθαι.

387 2878 581 2934 9.Ηεεο
600 2877 777 2950 igitur
799 2877 1099 2932 clamitare
1133 2893 1435 2948 nunquam
1469 2877 1974 2948 desinam.Propo-

322 2984 459 3024 nam
494 2967 565 3023 ad
584 2967 905 3039 longiorem
930 2966 1431 3022 enumerationem
1455 2971 1675 3037 quanta
1693 2983 1974 3038 spumosa

315 3056 494 3111 Adria
523 3071 759 3125 anceps,
820 3061 1069 3126 utraque
1125 3055 1322 3110 vivens
1353 3055 1489 3110 sede
1520 3071 1781 3126 serpens,
1830 3071 1973 3110 rana

316 3144 551 3211 limosa,
579 3148 799 3215 quanta
831 3142 1155 3215 praesertim
1190 3142 1284 3214 (ne
1317 3160 1384 3198 ex
1419 3143 1756 3198 infortuniis
1775 3143 1971 3198 videar

2156 2877 2218 2940 θ’.
2275 2875 2450 2930 Ταῦτά
2502 2897 2561 2931 τε
2619 2874 2709 2931 οὖν
2762 2877 2863 2931 οὐκ
2925 2877 3109 2947 ἀνήσω
3170 2876 3332 2952 βοῶν.
3394 2877 3741 2950 Ἐκθήσομαι

2082 2962 2140 3019 δὲ
2171 2966 2307 3040 πρὸς
2338 2963 2596 3021 πλατεῖαν
2651 2965 2924 3041 ἀφήγησιν
2964 2965 3052 3020 καὶ
3101 2965 3198 3020 ὅσα
3228 2967 3262 3035 ἡ
3296 2963 3556 3040 ’Λδριανή
3590 2987 3741 3040 πομ-

2081 3054 2271 3132 φόλυξ,
2331 3055 2359 3108 ὁ
2421 3051 2719 3130 χέρσυδρος
2780 3049 2983 3132 ὅφις,ὁ
3041 3051 3373 3128 τελματίτης
3433 3055 3736 3131 βάτραχος,

2083 3141 2320 3214 μάλιστα
2382 3143 2474 3215 μὲν
2535 3140 2624 3196 οὖν
2687 3141 2791 3214 (ἵνα
2855 3143 2928 3216 μὴ
2991 3143 3050 3197 ὲκ
3103 3147 3212 3212 τῶν
3291 3140 3734 3218 δυστοχημάτων

314 3233 653 3289 nominasse
683 3233 884 3305 viros),
945 3239 1168 3304 quanta
1223 3233 1548 3287 Adriadum
1609 3249 1752 3305 gens
1806 3232 1961 3304 pira-

2085 3233 2476 3307 προσονομάσω
2524 3231 2649 3294 τοὺς
2710 3229 2948 3305 ἄνδρας),
3011 3231 3224 3297 ὅσαιτὸ
3275 3232 3589 3306 πειρατικὸν
3649 3231 3737 3298 ἔθ-

313 3322 450 3393 tica,
515 3338 658 3394 gens
717 3321 1110 3389 fraudulenta,
1187 3339 1329 3392 gens
1386 3319 1669 3377 malevola
1744 3321 1964 3377 machi-

318 3416 460 3468 nata
487 3415 575 3467 est
605 3410 1036 3482 quidem,inani
1059 3414 1253 3466 autem
1274 3415 1485 3466 conatu
1520 3413 1886 3482 permansit;
1913 3414 1971 3466 et

320 3516 384 3557 se
413 3500 650 3572 quidem
683 3499 851 3556 valde
877 3499 1137 3572 agitavit,
1165 3500 1440 3572 perﬁcere
1471 3505 1668 3555 autem
1702 3499 1850 3555 nihil
1872 3517 1973 3571 po-

319 3590 562 3661 tuit,sed
586 3591 884 3646 incassum
909 3589 1193 3645 laboravit
1217 3608 1230 3657 ;
1251 3589 1700 3661 molitaquidem
1717 3590 1977 3663 plurima

325 3681 564 3746 tuit,sed
599 3698 711 3736 non
745 3686 975 3735 tantum
1010 3682 1080 3736 ad
1119 3681 1286 3735 tinem
1322 3698 1433 3736 non
1468 3682 1750 3753 pervenit,
1772 3697 1974 3736 verum

326 3769 503 3826 etiam
536 3774 741 3826 contra
763 3787 825 3826 se
855 3786 1165 3825 conversas
1185 3769 1326 3824 vidit
1350 3786 1488 3825 suas
1508 3769 1978 3826 machinationes

327 3875 473 3929 quas
503 3875 710 3914 omnes
750 3875 812 3914 ex
851 3858 1011 3914 omni
1045 3862 1205 3930 parte
1234 3860 1432 3914 Ancon
1466 3858 1525 3913 in
1574 3858 1731 3930 ipsos
1782 3861 1976 3916 vertit.

401 3965 488 4018 10.
522 3965 657 4030 Quae
691 3964 826 4020 licet
849 3965 975 4033 jam
1021 3965 1370 4035 quandoque
1402 3963 1762 4022 celebrantes
1794 3966 1985 4037 expla-

330 4052 625 4122 navimus,
659 4051 828 4106 illum
861 4059 1058 4108 tamen
1091 4059 1282 4108 cetum
1344 4071 1626 4126 magnum
1663 4062 1851 4111 tacere
1883 4072 1980 4111 ne-

333 4158 503 4214 queo.
534 4141 852 4214 Typhasum
904 4159 1141 4209 novum,
1202 4145 1494 4214 quomodo
1541 4145 1766 4214 jamdiu
1815 4144 1984 4200 vellet

335 4247 465 4287 sese
493 4247 746 4297 versare,
789 4232 1194 4303 fluctuumque
1225 4238 1514 4305 tragorem
1579 4235 1899 4307 producere
1930 4238 1987 4290 et

337 4327 539 4378 contra
569 4337 674 4376 nos
707 4321 926 4376 undam
960 4338 1298 4392 spumosam
1359 4339 1645 4392 evomere,
1708 4324 1808 4378 sed
1871 4340 1983 4379 non

338 4409 524 4466 valuit
553 4411 665 4466 ista
685 4413 934 4482 patrare.
961 4409 1173 4466 Verum
1208 4411 1580 4482 imperatoris
1634 4414 1806 4467 timor
1837 4429 1985 4483 qua-

342 4498 393 4556 si
413 4499 608 4570 spissa
636 4497 821 4570 caligo
855 4498 1015 4568 prius
1047 4499 1303 4570 serpenti
1332 4498 1617 4571 incidens,
1680 4499 1829 4555 sicut
1859 4516 1987 4572 gra-

2075 3343 2168 3383 νος
2197 3321 2261 3376 τὸ
2292 3321 2341 3394 ἐξ
2374 3318 2753 3397 Ἀδριάδος,τὸ
2783 3319 3045 3395 ὅπουλον,
3075 3322 3138 3376 τὸ
3170 3317 3535 3390 κακόϐουλον,
3581 3317 3742 3378 ἐϐου-

2079 3408 2308 3465 λεύσατο
2369 3410 2484 3483 μὲν,
2535 3405 2715 3483 ἔμεινε
2769 3407 2826 3465 δὲ
2884 3409 2958 3472 εἷς
2987 3407 3281 3487 ἄπρακτον·
3335 3411 3426 3465 καὶ
3476 3410 3741 3486 ἐνεκυμόο

2081 3510 2210 3569 νήσε
2243 3499 2357 3572 μὶν,
2391 3498 2490 3553 οὐκ
2533 3497 2926 3576 ἐτελεσφόρησε
2976 3497 3052 3568 δὲ,
3087 3499 3214 3555 ἀλλ’
3247 3499 3324 3563 εἷς
3365 3500 3524 3555 κεκὸν
3559 3497 3748 3557 ὤδινε·

2083 3589 2174 3642 καὶ
2205 3587 2598 3663 ἐμηχανήσατο
2635 3589 2753 3662 μὲν,
2796 3589 2857 3644 οὗ
2905 3589 3073 3663 μόνον
3128 3587 3186 3644 δὶ
3238 3589 3314 3652 εἰς
3362 3587 3523 3652 τέλος
3573 3586 3748 3662 £555!-

2088 3672 2238 3744 ϐασε,
2280 3674 2426 3731 ἀλλά
2473 3676 2560 3731 καὶ
2608 3675 3161 3755 έπεκαταστραφείσας
3217 3676 3362 3750 αὖτῷ
3415 3679 3511 3741 τὰς
3553 3699 3748 3754 μηχα-

2087 3765 2180 3828 νὰς
2213 3764 2488 3838 ἐθεάσατο,
2517 3764 2611 3828 τάς
2637 3787 2695 3821 τε
2725 3764 2981 3842 ἀλλαχοῦ
3030 3763 3350 3842 πολλαχοῦ,
3402 3765 3490 3822 καί
3524 3766 3657 3830 ὅσας
3722 3770 3750 3823 ὁ

2089 3854 2144 3908 ’Λ
2154 3854 2299 3930 γκὼν
2333 3853 2518 3918 αὐτοῖς
2550 3853 2955 3930 ἀντανέστρεψε.

2165 3962 2420 4018 ι’.Ταῦτα
2473 3958 2563 4030 δὴ,
2598 3961 2630 4015 ἃ
2685 3963 2773 4016 καὶ
2828 3963 2952 4017 τότε
3007 3961 3464 4038 πανηγυρίσαντες
3521 3962 3751 4038 ἐκροτήο

2093 4071 2284 4123 σαμεν,
2317 4049 2415 4105 οὐκ
2444 4047 2526 4119 ἂν,
2557 4047 2681 4105 οὐδὲ
2728 4051 2790 4106 τὸ
2838 4056 2932 4106 τοῦ
2967 4049 3207 4126 μεγάλου
3258 4053 3458 4122 κήτους
3511 4055 3750 4128 σιγήσω-

2096 4160 2213 4212 μαι,
2245 4143 2343 4194 τοῦ
2382 4140 2501 4194 νέου
2551 4145 2824 4218 Τυφῶνος,
2868 4140 3016 4202 ὅπως
3062 4138 3229 4210 ἤθελε
3285 4141 3379 4213 μὲν
3433 4139 3492 4196 ἔκ
3537 4140 3753 4217 μακροῦ

2095 4227 2521 4297 ἀνασαλευθῆναι
2557 4275 2570 4301 ,
2619 4229 2708 4284 καὶ
2769 4224 3030 4306 φλοῖσϐον
3072 4231 3276 4300 θέσθαι,
3335 4232 3424 4284 καὶ
3481 4237 3583 4300 τῆς
3634 4232 3758 4295 καθ’

2094 4318 2240 4390 ἡμας
2275 4315 2350 4378 εἰς
2384 4313 2639 4371 κλύδωνα
2686 4317 3089 4392 κατερεύξεσθαι
3125 4338 3137 4351 ο
3173 4317 3270 4373 οὐκ
3321 4319 3439 4394 εἶχε
3484 4316 3543 4374 δὲ
3585 4323 3756 4374 τοῦτο

2094 4410 2296 4460 ποιεῖν.
2353 4403 2508 4461 Ἀλλ’
2567 4407 2594 4460 6
2657 4403 2941 4480 βασιλικὸς
2999 4402 3192 4484 φόϐος,
3253 4409 3352 4462 ὅσα
3408 4408 3495 4462 καὶ
3557 4409 3758 4471 σκότος

2101 4493 2285 4570 βαθὺς,
2346 4493 2664 4567 ἐπίπροσθεν
2720 4493 2932 4549 πίπτων
2988 4502 3087 4564 τῆς
3135 4493 3331 4569 ὄψεως,
3376 4496 3566 4551 όποῖον
3597 4495 3668 4568 δή
3701 4517 3755 4550 τι

341 4589 604 4644 vioribus
633 4587 810 4644 etiam
844 4587 1069 4643 cetibus
1100 4588 1218 4660 pati
1252 4588 1747 4655 accidit,bestiam
1780 4589 1837 4643 in
1870 4588 1973 4644 sui:

2102 4583 2331 4658 πάσχειν
2379 4583 2468 4637 καὶ
2523 4588 2640 4645 τοῖς
2703 4582 3018 4658 βαρυτέροις
3075 4586 3293 4654 κήτεσιν
3345 4583 3540 4656 ἔπεισι,
3578 4587 3758 4658 μένειν

340 4675 585 4733 sedibus
631 4692 867 4732 manere
923 4678 1128 4745 coegit.
1189 4677 1300 4732 Sed
1358 4679 1591 4747 quando
1652 4694 1754 4732 seu
1816 4677 1987 4748 paulo

340 4772 657 4837 antequam
687 4765 968 4837 cogitaret
999 4785 1060 4822 se
1091 4769 1163 4821 ab
1224 4768 1556 4836 Occidente,
1607 4768 1754 4822 duce
1829 4767 1986 4822 inso-

337 4853 481 4910 lenti
502 4853 768 4920 audacia,
819 4855 1171 4910 commoveri
1232 4855 1513 4927 praemisit
1571 4855 1750 4910 maris
1801 4855 1988 4911 bestia

335 4941 691 4999 vilissimum
726 4942 824 5014 qui
849 4943 1016 5015 prius
1046 4959 1244 5015 aequor
1298 4943 1592 5014 trajiceret
1636 4943 1983 5016 pisciculum

336 5031 606 5104 squamis
640 5029 937 5086 nonnullis
969 5046 1070 5085 seu
1105 5029 1284 5085 armis
1316 5031 1385 5085 ad
1414 5029 1640 5086 navalia
1665 5029 1986 5086 certamina

336 5120 490 5194 aptis
524 5119 838 5186 hirsutum,
873 5119 974 5190 qui
1006 5120 1246 5174 dorsum
1297 5120 1630 5186 ostentavit,
1665 5121 1852 5192 capite
1881 5137 1982 5174 au-

335 5211 541 5268 dacius
557 5213 831 5279 erecto,et
854 5225 968 5280 pra:
983 5209 1196 5281 gaudio
1222 5210 1437 5266 frustra
1466 5208 1984 5265 exsultavitcoram

338 5301 483 5355 urbe
501 5304 678 5370 ponto
693 5298 1165 5362 nutrita,necnon
1185 5298 1242 5353 in
1267 5299 1660 5370 arrogantiam
1681 5298 1981 5354 intumuit.

342 5389 471 5444 Mox
502 5388 619 5443 dux
645 5388 748 5443 viae
773 5385 1016 5443 audacia
1046 5386 1353 5454 discessit;
1413 5386 1750 5442 timiditatis
1800 5386 1985 5459 caligo

338 5479 576 5535 econtra
605 5475 861 5543 advenit,
912 5478 970 5533 et
1024 5475 1278 5548 spissius
1329 5474 1678 5533 incumbens
1721 5476 1988 5534 recedere

2093 4673 2184 4726 τὸν
2215 4679 2354 4746 θῆρα
2386 4670 2606 4726 ἐπὶτῶν
2660 4671 2871 4726 οἰκείων
2918 4673 3066 4741 ἠθῶν
3115 4674 3534 4749 κατηνάγκαζεν.
3592 4673 3759 4729 Ἀλλ’

2095 4760 2184 4816 ὅτε
2235 4781 2344 4814 που
2389 4756 2637 4834 ,ἔναγχος
2684 4757 3072 4831 ἀνασαλευθείη
3129 4759 3188 4816 ἐκ
3234 4768 3334 4831 τῆς
3383 4760 3611 4838 ἑσπέρας
3653 4763 3760 4818 ὑπὸ

2094 4846 2330 4924 ὁδηγῷ,
2387 4851 2456 4922 τῇ
2516 4848 2729 4923 ἀγεννεῖ
2806 4849 3149 4924 θρασύτητι,
3209 4849 3346 4905 καθά
3405 4871 3512 4905 που
3571 4851 3665 4906 καὶ
3728 4853 3756 4906 ὁ

2095 4939 2386 5002 θαλάσσιος
2447 4938 2548 5012 θὴρ
2631 4937 2875 5014 ἡγεμόνα
2947 4933 3320 5014 προϐάλλεται
3357 4936 3486 4994 ’τοῦ
3563 4939 3756 4996 πλέειν

2095 5025 2342 5102 ἰχθύδιόν
2401 5047 2452 5080 τι
2513 5025 2873 5103 φαυλότατον,
2926 5025 3174 5104 έπέφριξε
3223 5027 3320 5102 μέν
3378 5049 3528 5090 τινας
3590 5029 3758 5103 φολί-

2093 5113 2205 5184 δας,
2245 5114 2653 5192 προῖσχομένας
2709 5120 3062 5192 ναυμαχικῶν
3117 5116 3305 5172 ὅπλων
3359 5113 3760 5193 προϐλήματα,

2091 5204 2182 5261 καί
2236 5226 2287 5259 τι
2339 5213 2439 5276 τῆς
2499 5203 2686 5267 λοσιᾶς
2743 5204 3034 5283 ἐξέφησεν,
3093 5205 3370 5281 ἀνακύψας
3422 5207 3756 5278 θρασύτερον

2093 5294 2312 5365 καὶτῆς
2373 5293 2792 5372 κυματοτρόφου
2849 5294 3238 5372 κατεχόρευσεν
3301 5295 3377 5360 εἷς
3433 5297 3612 5365 κενὸν,
3666 5297 3762 5353 καὶ

2093 5405 2198 5438 που
2254 5383 2343 5438 καὶ
2403 5382 2478 5445 εἷς
2539 5382 2856 5452 ἀλαζονείαν
2915 5385 3036 5438 τινὰ
3093 5383 3403 5462 ἐξεφύσησι.
3456 5387 3666 5461 Μικρὸν
3703 5384 3759 5442 δὲ

2094 5472 2216 5529 ὅσον
2270 5473 2297 5526 6
2332 5473 2426 5547 μὲν
2456 5472 2680 5548 ἡγεμὼν
2708 5479 2808 5543 τῆς
2864 5470 3012 5544 ὁδοῦ,
3063 5474 3126 5529 τὸ
3188 5471 3465 5549 ποδηγοῦν
3519 5477 3750 5548 θράσος,
