  <div class='ocr_page' id='page_1' title='image "/cluster/home/n/w/nwhite01/storage/ocr_20150623/135/hvd.32044073502528/480.png"; bbox 0 0 4104 6210; ppageno 0'>
   <div class='ocr_carea' id='block_1_1' title="bbox 198 327 325 387">
    <p class='ocr_par' dir='ltr' id='par_1_1' title="bbox 198 327 325 387">
     <span class='ocr_line' id='line_1_1' title="bbox 198 327 325 387; baseline -0.016 0"><span class='ocrx_word' id='word_1_1' title='bbox 198 327 325 387; x_wconf 79' lang='grc'><strong>949</strong></span> 
     </span>
    </p>
   </div>
   <div class='ocr_carea' id='block_1_2' title="bbox 1121 326 2709 393">
    <p class='ocr_par' dir='ltr' id='par_1_2' title="bbox 1121 326 2709 393">
     <span class='ocr_line' id='line_1_2' title="bbox 1121 326 2709 393; baseline 0.003 -6"><span class='ocrx_word' id='word_1_2' title='bbox 1121 326 1565 389; x_wconf 84' lang='lat' dir='ltr'><strong>ALLOCUTIO</strong></span> <span class='ocrx_word' id='word_1_3' title='bbox 1607 328 1711 388; x_wconf 81' lang='lat' dir='ltr'><strong>AD</strong></span> <span class='ocrx_word' id='word_1_4' title='bbox 1759 328 2191 390; x_wconf 85' lang='lat' dir='ltr'><strong>MANUELEM</strong></span> <span class='ocrx_word' id='word_1_5' title='bbox 2239 329 2709 393; x_wconf 78' lang='lat' dir='ltr'><strong>COMNENUM.</strong></span> 
     </span>
    </p>
   </div>
   <div class='ocr_carea' id='block_1_3' title="bbox 3497 328 3617 390">
    <p class='ocr_par' dir='ltr' id='par_1_3' title="bbox 3497 328 3617 390">
     <span class='ocr_line' id='line_1_3' title="bbox 3497 328 3617 390; baseline 0.017 -2"><span class='ocrx_word' id='word_1_6' title='bbox 3497 328 3617 390; x_wconf 73' lang='lat'><strong>950</strong></span> 
     </span>
    </p>
   </div>
   <div class='ocr_carea' id='block_1_4' title="bbox 198 453 1871 534">
    <p class='ocr_par' dir='ltr' id='par_1_4' title="bbox 198 453 1853 530">
     <span class='ocr_line' id='line_1_4' title="bbox 198 453 1853 530; baseline 0 -18"><span class='ocrx_word' id='word_1_7' title='bbox 198 454 475 526; x_wconf 72' lang='grc' dir='ltr'>ἀπῆλθενο</span> <span class='ocrx_word' id='word_1_8' title='bbox 525 457 555 511; x_wconf 78' lang='grc' dir='ltr'><strong>ὁ</strong></span> <span class='ocrx_word' id='word_1_9' title='bbox 604 453 663 511; x_wconf 76' lang='grc' dir='ltr'>δὲ</span> <span class='ocrx_word' id='word_1_10' title='bbox 711 463 812 526; x_wconf 82' lang='grc' dir='ltr'><strong>τῆς</strong></span> <span class='ocrx_word' id='word_1_11' title='bbox 842 454 1048 519; x_wconf 80' lang='grc' dir='ltr'>δειλίας</span> <span class='ocrx_word' id='word_1_12' title='bbox 1079 457 1269 520; x_wconf 81' lang='grc' dir='ltr'><strong>σκότος</strong></span> <span class='ocrx_word' id='word_1_13' title='bbox 1329 457 1730 530; x_wconf 72' lang='grc' dir='ltr'>ἃντεπεισ-ῆλθε,</span> <span class='ocrx_word' id='word_1_14' title='bbox 1762 458 1853 512; x_wconf 83' lang='grc' dir='ltr'><strong>καὶ</strong></span> 
     </span>
    </p>
   </div>
   <div class='ocr_carea' id='block_1_5' title="bbox 1967 453 3613 534">
    <p class='ocr_par' dir='ltr' id='par_1_5' title="bbox 1968 459 3613 534">
     <span class='ocr_line' id='line_1_5' title="bbox 1968 459 3613 534; baseline 0.001 -19"><span class='ocrx_word' id='word_1_15' title='bbox 1968 459 2137 516; x_wconf 91' lang='lat' dir='ltr'><strong>illum</strong></span> <span class='ocrx_word' id='word_1_16' title='bbox 2169 461 2323 534; x_wconf 80' lang='lat' dir='ltr'><strong>cogit</strong></span> <span class='ocrx_word' id='word_1_17' title='bbox 2354 461 2515 517; x_wconf 91' lang='lat' dir='ltr'><strong>nulla</strong></span> <span class='ocrx_word' id='word_1_18' title='bbox 2536 467 2767 533; x_wconf 88' lang='lat' dir='ltr'><strong>arrepta</strong></span> <span class='ocrx_word' id='word_1_19' title='bbox 2799 462 3012 534; x_wconf 62' lang='lat' dir='ltr'><strong>prada,</strong></span> <span class='ocrx_word' id='word_1_20' title='bbox 3037 477 3143 516; x_wconf 88' lang='lat' dir='ltr'><strong>uec</strong></span> <span class='ocrx_word' id='word_1_21' title='bbox 3172 461 3413 516; x_wconf 87' lang='lat' dir='ltr'><strong>omnino</strong></span> <span class='ocrx_word' id='word_1_22' title='bbox 3464 461 3613 517; x_wconf 88' lang='lat' dir='ltr'><strong>inte-</strong></span> 
     </span>
    </p>
   </div>
   <div class='ocr_carea' id='block_1_6' title="bbox 207 542 1857 622">
    <p class='ocr_par' dir='ltr' id='par_1_6' title="bbox 207 542 1857 622">
     <span class='ocr_line' id='line_1_6' title="bbox 207 542 1857 622; baseline 0.002 -23"><span class='ocrx_word' id='word_1_23' title='bbox 207 546 507 622; x_wconf 78' lang='grc' dir='ltr'>βαθύτερον</span> <span class='ocrx_word' id='word_1_24' title='bbox 567 542 987 615; x_wconf 66' lang='grc' dir='ltr'>ἔπισκεδασθεὶς,</span> <span class='ocrx_word' id='word_1_25' title='bbox 1044 546 1409 620; x_wconf 79' lang='grc' dir='ltr'><strong>ἀνακάμπτειν</strong></span> <span class='ocrx_word' id='word_1_26' title='bbox 1486 546 1686 602; x_wconf 77' lang='grc' dir='ltr'>ἐκεῖνον</span> <span class='ocrx_word' id='word_1_27' title='bbox 1762 568 1857 602; x_wconf 88' lang='grc' dir='ltr'>πε-</span> 
     </span>
    </p>
   </div>
   <div class='ocr_carea' id='block_1_7' title="bbox 202 631 1861 711">
    <p class='ocr_par' dir='ltr' id='par_1_7' title="bbox 202 631 1861 711">
     <span class='ocr_line' id='line_1_7' title="bbox 202 631 1861 711; baseline -0.001 -19"><span class='ocrx_word' id='word_1_28' title='bbox 202 636 458 705; x_wconf 89' lang='grc' dir='ltr'>ποίηκεν,</span> <span class='ocrx_word' id='word_1_29' title='bbox 515 633 639 691; x_wconf 68' lang='grc' dir='ltr'>οὔτε</span> <span class='ocrx_word' id='word_1_30' title='bbox 686 631 857 711; x_wconf 79' lang='grc' dir='ltr'>ἄγρας</span> <span class='ocrx_word' id='word_1_31' title='bbox 914 637 1357 711; x_wconf 78' lang='grc' dir='ltr'><strong>προσαψάμενον,</strong></span> <span class='ocrx_word' id='word_1_32' title='bbox 1414 637 1504 691; x_wconf 90' lang='grc' dir='ltr'><strong>καὶ</strong></span> <span class='ocrx_word' id='word_1_33' title='bbox 1552 634 1676 691; x_wconf 73' lang='grc' dir='ltr'>οὐδὲ</span> <span class='ocrx_word' id='word_1_34' title='bbox 1732 638 1861 691; x_wconf 82' lang='grc' dir='ltr'>ἀπο-</span> 
     </span>
    </p>
   </div>
   <div class='ocr_carea' id='block_1_8' title="bbox 199 722 1857 802">
    <p class='ocr_par' dir='ltr' id='par_1_8' title="bbox 199 722 1857 802">
     <span class='ocr_line' id='line_1_8' title="bbox 199 722 1857 802; baseline -0.001 -20"><span class='ocrx_word' id='word_1_35' title='bbox 199 727 542 782; x_wconf 81' lang='grc' dir='ltr'>καταστάντα</span> <span class='ocrx_word' id='word_1_36' title='bbox 596 729 715 787; x_wconf 85' lang='grc' dir='ltr'>τοῖς</span> <span class='ocrx_word' id='word_1_37' title='bbox 772 722 998 788; x_wconf 81' lang='grc' dir='ltr'>οίκείοις</span> <span class='ocrx_word' id='word_1_38' title='bbox 1054 723 1235 794; x_wconf 78' lang='grc' dir='ltr'>ἤθεσιν</span> <span class='ocrx_word' id='word_1_39' title='bbox 1282 724 1359 787; x_wconf 84' lang='grc' dir='ltr'><strong>είς</strong></span> <span class='ocrx_word' id='word_1_40' title='bbox 1407 723 1740 802; x_wconf 82' lang='grc' dir='ltr'>ὁλόκληρον,</span> <span class='ocrx_word' id='word_1_41' title='bbox 1774 729 1857 788; x_wconf 82' lang='grc' dir='ltr'>οἷς</span> 
     </span>
    </p>
   </div>
   <div class='ocr_carea' id='block_1_9' title="bbox 199 812 1856 890">
    <p class='ocr_par' dir='ltr' id='par_1_9' title="bbox 199 812 1856 890">
     <span class='ocr_line' id='line_1_9' title="bbox 199 812 1856 890; baseline -0.001 -21"><span class='ocrx_word' id='word_1_42' title='bbox 199 813 432 869; x_wconf 67' lang='grc' dir='ltr'>ἱνταῦθα</span> <span class='ocrx_word' id='word_1_43' title='bbox 488 814 647 869; x_wconf 83' lang='grc' dir='ltr'>κάκεῖ</span> <span class='ocrx_word' id='word_1_44' title='bbox 703 813 1218 890; x_wconf 88' lang='grc' dir='ltr'>προσαρασσόμενος</span> <span class='ocrx_word' id='word_1_45' title='bbox 1277 812 1587 872; x_wconf 82' lang='grc' dir='ltr'>ἐκολούετο.</span> <span class='ocrx_word' id='word_1_46' title='bbox 1640 815 1707 871; x_wconf 92' lang='grc' dir='ltr'>Τί</span> <span class='ocrx_word' id='word_1_47' title='bbox 1766 812 1856 882; x_wconf 82' lang='grc' dir='ltr'>δὴ,</span> 
     </span>
    </p>
   </div>
   <div class='ocr_carea' id='block_1_10' title="bbox 203 901 1857 980">
    <p class='ocr_par' dir='ltr' id='par_1_10' title="bbox 203 901 1857 980">
     <span class='ocr_line' id='line_1_10' title="bbox 203 901 1857 980; baseline -0.001 -21"><span class='ocrx_word' id='word_1_48' title='bbox 203 905 249 959; x_wconf 79' lang='grc' dir='ltr'>ὦ</span> <span class='ocrx_word' id='word_1_49' title='bbox 309 902 597 980; x_wconf 86' lang='grc' dir='ltr'>παρόντες,</span> <span class='ocrx_word' id='word_1_50' title='bbox 624 904 687 958; x_wconf 87' lang='grc' dir='ltr'><strong>τὸ</strong></span> <span class='ocrx_word' id='word_1_51' title='bbox 747 901 938 978; x_wconf 77' lang='grc' dir='ltr'>θηρίον</span> <span class='ocrx_word' id='word_1_52' title='bbox 999 904 1172 958; x_wconf 68' lang='grc' dir='ltr'>ἐκεῖνο</span> <span class='ocrx_word' id='word_1_53' title='bbox 1230 904 1396 958; x_wconf 85' lang='grc' dir='ltr'>πάθοι</span> <span class='ocrx_word' id='word_1_54' title='bbox 1444 903 1526 975; x_wconf 77' lang='grc' dir='ltr'><strong>ἃν,</strong></span> <span class='ocrx_word' id='word_1_55' title='bbox 1586 902 1759 965; x_wconf 79' lang='grc' dir='ltr'>οὕτως</span> <span class='ocrx_word' id='word_1_56' title='bbox 1806 903 1857 974; x_wconf 75' lang='grc' dir='ltr'><strong>ἐξ</strong></span> 
     </span>
    </p>
   </div>
   <div class='ocr_carea' id='block_1_11' title="bbox 202 989 1860 1069">
    <p class='ocr_par' dir='ltr' id='par_1_11' title="bbox 202 989 1860 1069">
     <span class='ocr_line' id='line_1_11' title="bbox 202 989 1860 1069; baseline -0.001 -20"><span class='ocrx_word' id='word_1_57' title='bbox 202 994 402 1049; x_wconf 67' lang='grc' dir='ltr'>ἑαυτοῦ</span> <span class='ocrx_word' id='word_1_58' title='bbox 469 992 683 1069; x_wconf 81' lang='grc' dir='ltr'>πάσχον</span> <span class='ocrx_word' id='word_1_59' title='bbox 735 997 936 1060; x_wconf 80' lang='grc' dir='ltr'>κακῶς,</span> <span class='ocrx_word' id='word_1_60' title='bbox 1004 993 1086 1055; x_wconf 80' lang='grc' dir='ltr'><strong>οἷς</strong></span> <span class='ocrx_word' id='word_1_61' title='bbox 1159 989 1504 1063; x_wconf 86' lang='grc' dir='ltr'>δειλαίνεται,</span> <span class='ocrx_word' id='word_1_62' title='bbox 1542 992 1588 1047; x_wconf 82' lang='grc' dir='ltr'><strong>εί</strong></span> <span class='ocrx_word' id='word_1_63' title='bbox 1643 994 1730 1048; x_wconf 86' lang='grc' dir='ltr'><strong>καὶ</strong></span> <span class='ocrx_word' id='word_1_64' title='bbox 1792 994 1860 1047; x_wconf 79' lang='grc' dir='ltr'><strong>τὰ</strong></span> 
     </span>
    </p>
   </div>
   <div class='ocr_carea' id='block_1_12' title="bbox 199 1078 1858 1157">
    <p class='ocr_par' dir='ltr' id='par_1_12' title="bbox 199 1078 1858 1157">
     <span class='ocr_line' id='line_1_12' title="bbox 199 1078 1858 1157; baseline -0.001 -21"><span class='ocrx_word' id='word_1_65' title='bbox 199 1082 253 1152; x_wconf 65' lang='grc' dir='ltr'><strong>ἕξ</strong></span> <span class='ocrx_word' id='word_1_66' title='bbox 312 1083 479 1155; x_wconf 77' lang='grc' dir='ltr'>ἡμῶν</span> <span class='ocrx_word' id='word_1_67' title='bbox 547 1082 1138 1157; x_wconf 84' lang='grc' dir='ltr'>προσεπιτιθήσονται;</span> <span class='ocrx_word' id='word_1_68' title='bbox 1196 1083 1298 1137; x_wconf 85' lang='grc' dir='ltr'>Ἦν</span> <span class='ocrx_word' id='word_1_69' title='bbox 1377 1081 1590 1143; x_wconf 87' lang='grc' dir='ltr'>πάντως</span> <span class='ocrx_word' id='word_1_70' title='bbox 1657 1078 1858 1152; x_wconf 67' lang='grc' dir='ltr'>Αἴτνης</span> 
     </span>
    </p>
   </div>
   <div class='ocr_carea' id='block_1_13' title="bbox 200 1166 1857 1249">
    <p class='ocr_par' dir='ltr' id='par_1_13' title="bbox 200 1166 1857 1249">
     <span class='ocr_line' id='line_1_13' title="bbox 200 1166 1857 1249; baseline 0.001 -24"><span class='ocrx_word' id='word_1_71' title='bbox 200 1170 389 1244; x_wconf 72' lang='grc' dir='ltr'>ἱτίρας</span> <span class='ocrx_word' id='word_1_72' title='bbox 418 1170 694 1248; x_wconf 73' lang='grc' dir='ltr'><strong>ἐγχωρίου</strong></span> <span class='ocrx_word' id='word_1_73' title='bbox 727 1166 991 1241; x_wconf 74' lang='grc' dir='ltr'>δεήσειεν,</span> <span class='ocrx_word' id='word_1_74' title='bbox 1024 1170 1114 1244; x_wconf 80' lang='grc' dir='ltr'><strong>ὑφ’</strong></span> <span class='ocrx_word' id='word_1_75' title='bbox 1142 1172 1204 1239; x_wconf 84' lang='grc' dir='ltr'>ἣν</span> <span class='ocrx_word' id='word_1_76' title='bbox 1250 1171 1314 1225; x_wconf 85' lang='grc' dir='ltr'><strong>τὸ</strong></span> <span class='ocrx_word' id='word_1_77' title='bbox 1364 1172 1645 1249; x_wconf 83' lang='grc' dir='ltr'>Τυφώνιον</span> <span class='ocrx_word' id='word_1_78' title='bbox 1694 1175 1857 1226; x_wconf 79' lang='grc' dir='ltr'>τοῦτο</span> 
     </span>
    </p>
   </div>
   <div class='ocr_carea' id='block_1_14' title="bbox 1968 550 3611 625">
    <p class='ocr_par' dir='ltr' id='par_1_14' title="bbox 1968 550 3611 625">
     <span class='ocr_line' id='line_1_14' title="bbox 1968 550 3611 625; baseline 0 -18"><span class='ocrx_word' id='word_1_79' title='bbox 1968 568 2140 625; x_wconf 89' lang='lat' dir='ltr'><strong>grum</strong></span> <span class='ocrx_word' id='word_1_80' title='bbox 2172 553 2298 609; x_wconf 84' lang='lat' dir='ltr'><strong>suis</strong></span> <span class='ocrx_word' id='word_1_81' title='bbox 2330 553 2582 609; x_wconf 80' lang='lat' dir='ltr'><strong>reddidit</strong></span> <span class='ocrx_word' id='word_1_82' title='bbox 2611 552 2869 620; x_wconf 81' lang='lat' dir='ltr'><strong>sedibus,</strong></span> <span class='ocrx_word' id='word_1_83' title='bbox 2923 553 2993 608; x_wconf 89' lang='lat' dir='ltr'><strong>ad</strong></span> <span class='ocrx_word' id='word_1_84' title='bbox 3054 568 3202 624; x_wconf 86' lang='lat' dir='ltr'><strong>quas</strong></span> <span class='ocrx_word' id='word_1_85' title='bbox 3260 551 3356 607; x_wconf 88' lang='lat' dir='ltr'><strong>hic</strong></span> <span class='ocrx_word' id='word_1_86' title='bbox 3403 555 3462 607; x_wconf 89' lang='lat' dir='ltr'><strong>et</strong></span> <span class='ocrx_word' id='word_1_87' title='bbox 3490 550 3611 607; x_wconf 87' lang='lat' dir='ltr'><strong>illic</strong></span> 
     </span>
    </p>
   </div>
   <div class='ocr_carea' id='block_1_15' title="bbox 1969 639 3619 713">
    <p class='ocr_par' dir='ltr' id='par_1_15' title="bbox 1969 639 3619 713">
     <span class='ocr_line' id='line_1_15' title="bbox 1969 639 3619 713; baseline 0.001 -18"><span class='ocrx_word' id='word_1_88' title='bbox 1969 639 2175 696; x_wconf 86' lang='lat' dir='ltr'><strong>allisus</strong></span> <span class='ocrx_word' id='word_1_89' title='bbox 2205 643 2538 697; x_wconf 84' lang='lat' dir='ltr'><strong>confractus</strong></span> <span class='ocrx_word' id='word_1_90' title='bbox 2570 648 2678 697; x_wconf 91' lang='lat' dir='ltr'><strong>est.</strong></span> <span class='ocrx_word' id='word_1_91' title='bbox 2731 642 2901 706; x_wconf 91' lang='lat' dir='ltr'><strong>Quid,</strong></span> <span class='ocrx_word' id='word_1_92' title='bbox 2963 659 2996 697; x_wconf 93' lang='grc' dir='ltr'><strong>ο</strong></span> <span class='ocrx_word' id='word_1_93' title='bbox 3053 644 3393 713; x_wconf 66' lang='lat' dir='ltr'><strong>praesentes,</strong></span> <span class='ocrx_word' id='word_1_94' title='bbox 3453 645 3619 713; x_wconf 85' lang='lat' dir='ltr'><strong>pate-</strong></span> 
     </span>
    </p>
   </div>
   <div class='ocr_carea' id='block_1_16' title="bbox 1967 729 3614 801">
    <p class='ocr_par' dir='ltr' id='par_1_16' title="bbox 1967 729 3614 801">
     <span class='ocr_line' id='line_1_16' title="bbox 1967 729 3614 801; baseline 0.001 -20"><span class='ocrx_word' id='word_1_95' title='bbox 1967 733 2126 784; x_wconf 85' lang='lat' dir='ltr'><strong>retur</strong></span> <span class='ocrx_word' id='word_1_96' title='bbox 2154 729 2275 784; x_wconf 67' lang='lat' dir='ltr'><strong>haac</strong></span> <span class='ocrx_word' id='word_1_97' title='bbox 2301 730 2487 785; x_wconf 82' lang='lat' dir='ltr'><strong>bestia</strong></span> <span class='ocrx_word' id='word_1_98' title='bbox 2536 731 2617 785; x_wconf 90' lang='lat' dir='ltr'><strong>ita</strong></span> <span class='ocrx_word' id='word_1_99' title='bbox 2673 748 2707 785; x_wconf 91' lang='lat' dir='ltr'><strong>a</strong></span> <span class='ocrx_word' id='word_1_100' title='bbox 2764 729 3084 801; x_wconf 84' lang='lat' dir='ltr'><strong>semetipsa</strong></span> <span class='ocrx_word' id='word_1_101' title='bbox 3113 734 3321 784; x_wconf 84' lang='lat' dir='ltr'><strong>vexata</strong></span> <span class='ocrx_word' id='word_1_102' title='bbox 3377 744 3447 783; x_wconf 86' lang='lat' dir='ltr'><strong>ex</strong></span> <span class='ocrx_word' id='word_1_103' title='bbox 3498 744 3614 799; x_wconf 85' lang='lat' dir='ltr'><strong>quo</strong></span> 
     </span>
    </p>
   </div>
   <div class='ocr_carea' id='block_1_17' title="bbox 1967 816 3618 889">
    <p class='ocr_par' dir='ltr' id='par_1_17' title="bbox 1967 816 3618 889">
     <span class='ocr_line' id='line_1_17' title="bbox 1967 816 3618 889; baseline 0.001 -19"><span class='ocrx_word' id='word_1_104' title='bbox 1967 817 2176 872; x_wconf 84' lang='lat' dir='ltr'><strong>timore</strong></span> <span class='ocrx_word' id='word_1_105' title='bbox 2198 817 2307 872; x_wconf 86' lang='lat' dir='ltr'><strong>fuit</strong></span> <span class='ocrx_word' id='word_1_106' title='bbox 2336 824 2638 889; x_wconf 85' lang='lat' dir='ltr'><strong>occupata,</strong></span> <span class='ocrx_word' id='word_1_107' title='bbox 2672 816 2721 873; x_wconf 89' lang='lat' dir='ltr'><strong>si</strong></span> <span class='ocrx_word' id='word_1_108' title='bbox 2773 817 3013 889; x_wconf 83' lang='lat' dir='ltr'><strong>insuper</strong></span> <span class='ocrx_word' id='word_1_109' title='bbox 3040 834 3109 873; x_wconf 90' lang='lat' dir='ltr'><strong>ea</strong></span> <span class='ocrx_word' id='word_1_110' title='bbox 3167 834 3295 888; x_wconf 60' lang='lat' dir='ltr'><strong>qua:</strong></span> <span class='ocrx_word' id='word_1_111' title='bbox 3343 833 3413 871; x_wconf 80' lang='lat' dir='ltr'><strong>ex</strong></span> <span class='ocrx_word' id='word_1_112' title='bbox 3451 821 3618 888; x_wconf 89' lang='lat' dir='ltr'><strong>parte</strong></span> 
     </span>
    </p>
   </div>
   <div class='ocr_carea' id='block_1_18' title="bbox 1965 905 3615 977">
    <p class='ocr_par' dir='ltr' id='par_1_18' title="bbox 1965 905 3615 977">
     <span class='ocr_line' id='line_1_18' title="bbox 1965 905 3615 977; baseline 0 -17"><span class='ocrx_word' id='word_1_113' title='bbox 1965 910 2166 962; x_wconf 89' lang='lat' dir='ltr'><strong>nostra</strong></span> <span class='ocrx_word' id='word_1_114' title='bbox 2194 906 2437 962; x_wconf 74' lang='lat' dir='ltr'><strong>sustulit</strong></span> <span class='ocrx_word' id='word_1_115' title='bbox 2469 907 3004 977; x_wconf 85' lang='lat' dir='ltr'><strong>adjiciamus?Sanc</strong></span> <span class='ocrx_word' id='word_1_116' title='bbox 3026 905 3207 962; x_wconf 80' lang='lat' dir='ltr'><strong>sltem</strong></span> <span class='ocrx_word' id='word_1_117' title='bbox 3227 909 3397 960; x_wconf 63' lang='lat' dir='ltr'><strong>zEtna</strong></span> <span class='ocrx_word' id='word_1_118' title='bbox 3414 908 3615 960; x_wconf 90' lang='lat' dir='ltr'><strong>monte</strong></span> 
     </span>
    </p>
   </div>
   <div class='ocr_carea' id='block_1_19' title="bbox 1968 994 3617 1068">
    <p class='ocr_par' dir='ltr' id='par_1_19' title="bbox 1968 994 3617 1068">
     <span class='ocr_line' id='line_1_19' title="bbox 1968 994 3617 1068; baseline -0.001 -18"><span class='ocrx_word' id='word_1_119' title='bbox 1968 1012 2210 1067; x_wconf 80' lang='lat' dir='ltr'><strong>prorsus</strong></span> <span class='ocrx_word' id='word_1_120' title='bbox 2242 1013 2388 1067; x_wconf 91' lang='lat' dir='ltr'><strong>opus</strong></span> <span class='ocrx_word' id='word_1_121' title='bbox 2418 1002 2544 1052; x_wconf 90' lang='lat' dir='ltr'><strong>erat</strong></span> <span class='ocrx_word' id='word_1_122' title='bbox 2588 996 2678 1051; x_wconf 90' lang='lat' dir='ltr'><strong>cui</strong></span> <span class='ocrx_word' id='word_1_123' title='bbox 2710 996 2953 1068; x_wconf 81' lang='lat' dir='ltr'><strong>Typhon</strong></span> <span class='ocrx_word' id='word_1_124' title='bbox 3012 995 3123 1051; x_wconf 90' lang='lat' dir='ltr'><strong>iste</strong></span> <span class='ocrx_word' id='word_1_125' title='bbox 3194 994 3617 1067; x_wconf 86' lang='lat' dir='ltr'><strong>subjugaretur</strong></span> 
     </span>
    </p>
   </div>
   <div class='ocr_carea' id='block_1_20' title="bbox 1964 1082 3612 1156">
    <p class='ocr_par' dir='ltr' id='par_1_20' title="bbox 1964 1082 3612 1156">
     <span class='ocr_line' id='line_1_20' title="bbox 1964 1082 3612 1156; baseline 0.001 -18"><span class='ocrx_word' id='word_1_126' title='bbox 1964 1085 2073 1139; x_wconf 87' lang='lat' dir='ltr'><strong>Sed</strong></span> <span class='ocrx_word' id='word_1_127' title='bbox 2098 1084 2249 1155; x_wconf 87' lang='lat' dir='ltr'><strong>quod</strong></span> <span class='ocrx_word' id='word_1_128' title='bbox 2285 1084 2542 1156; x_wconf 89' lang='lat' dir='ltr'><strong>patiatur</strong></span> <span class='ocrx_word' id='word_1_129' title='bbox 2570 1084 2802 1139; x_wconf 84' lang='lat' dir='ltr'><strong>docebit</strong></span> <span class='ocrx_word' id='word_1_130' title='bbox 2846 1090 3080 1156; x_wconf 85' lang='lat' dir='ltr'><strong>tempus</strong></span> <span class='ocrx_word' id='word_1_131' title='bbox 3111 1088 3168 1139; x_wconf 90' lang='lat' dir='ltr'><strong>et</strong></span> <span class='ocrx_word' id='word_1_132' title='bbox 3227 1082 3396 1139; x_wconf 91' lang='lat' dir='ltr'><strong>nobis</strong></span> <span class='ocrx_word' id='word_1_133' title='bbox 3444 1099 3612 1139; x_wconf 88' lang='lat' dir='ltr'><strong>occa-</strong></span> 
     </span>
    </p>
   </div>
   <div class='ocr_carea' id='block_1_21' title="bbox 1962 1173 3307 1245">
    <p class='ocr_par' dir='ltr' id='par_1_21' title="bbox 1962 1173 3307 1245">
     <span class='ocr_line' id='line_1_21' title="bbox 1962 1173 3307 1245; baseline 0.001 -16"><span class='ocrx_word' id='word_1_134' title='bbox 1962 1174 2185 1229; x_wconf 88' lang='lat' dir='ltr'><strong>sionem</strong></span> <span class='ocrx_word' id='word_1_135' title='bbox 2217 1174 2382 1229; x_wconf 83' lang='lat' dir='ltr'><strong>dabit</strong></span> <span class='ocrx_word' id='word_1_136' title='bbox 2409 1173 2965 1245; x_wconf 81' lang='lat' dir='ltr'><strong>multijucundique</strong></span> <span class='ocrx_word' id='word_1_137' title='bbox 2996 1174 3307 1230; x_wconf 88' lang='lat' dir='ltr'><strong>sermonis.</strong></span> 
     </span>
    </p>
   </div>
   <div class='ocr_carea' id='block_1_22' title="bbox 196 1256 3612 1338">
    <p class='ocr_par' dir='ltr' id='par_1_22' title="bbox 196 1256 3612 1338">
     <span class='ocr_line' id='line_1_22' title="bbox 196 1256 3612 1338; baseline 0 -23"><span class='ocrx_word' id='word_1_138' title='bbox 196 1264 441 1315; x_wconf 74' lang='grc' dir='ltr'><strong>πεσεῖται</strong></span> <span class='ocrx_word' id='word_1_139' title='bbox 499 1258 685 1315; x_wconf 87' lang='grc' dir='ltr'>κακόν.</span> <span class='ocrx_word' id='word_1_140' title='bbox 748 1256 903 1315; x_wconf 85' lang='grc' dir='ltr'>Ἀλλ’</span> <span class='ocrx_word' id='word_1_141' title='bbox 962 1257 1134 1314; x_wconf 73' lang='grc' dir='ltr'>ἐκεῖνο</span> <span class='ocrx_word' id='word_1_142' title='bbox 1194 1260 1291 1332; x_wconf 77' lang='grc' dir='ltr'>μὶν</span> <span class='ocrx_word' id='word_1_143' title='bbox 1348 1258 1432 1315; x_wconf 79' lang='grc' dir='ltr'><strong>ὅτι</strong></span> <span class='ocrx_word' id='word_1_144' title='bbox 1486 1260 1748 1330; x_wconf 87' lang='grc' dir='ltr'>πείσεται,</span> <span class='ocrx_word' id='word_1_145' title='bbox 1783 1258 1980 1335; x_wconf 76' lang='grc' dir='ltr'><strong>διδάξει</strong></span> <span class='ocrx_word' id='word_1_146' title='bbox 2037 1263 2245 1336; x_wconf 88' lang='grc' dir='ltr'>καιρὸς,</span> <span class='ocrx_word' id='word_1_147' title='bbox 2300 1262 2389 1317; x_wconf 86' lang='grc' dir='ltr'><strong>καὶ</strong></span> <span class='ocrx_word' id='word_1_148' title='bbox 2447 1265 2582 1335; x_wconf 83' lang='grc' dir='ltr'>ἡμῖν</span> <span class='ocrx_word' id='word_1_149' title='bbox 2641 1262 2890 1338; x_wconf 83' lang='grc' dir='ltr'>ἀφορμὰς</span> <span class='ocrx_word' id='word_1_150' title='bbox 2950 1260 3110 1317; x_wconf 85' lang='grc' dir='ltr'>δώσει</span> <span class='ocrx_word' id='word_1_151' title='bbox 3169 1260 3339 1338; x_wconf 85' lang='grc' dir='ltr'>λόγου</span> <span class='ocrx_word' id='word_1_152' title='bbox 3395 1259 3612 1317; x_wconf 79' lang='grc' dir='ltr'>πολλοῦ</span> 
     </span>
    </p>
   </div>
   <div class='ocr_carea' id='block_1_23' title="bbox 192 1347 606 1404">
    <p class='ocr_par' dir='ltr' id='par_1_23' title="bbox 192 1347 606 1404">
     <span class='ocr_line' id='line_1_23' title="bbox 192 1347 606 1404; baseline -0.005 0"><span class='ocrx_word' id='word_1_153' title='bbox 192 1370 254 1404; x_wconf 89' lang='grc' dir='ltr'><strong>τε</strong></span> <span class='ocrx_word' id='word_1_154' title='bbox 283 1350 374 1404; x_wconf 80' lang='grc' dir='ltr'><strong>καὶ</strong></span> <span class='ocrx_word' id='word_1_155' title='bbox 408 1347 606 1403; x_wconf 86' lang='grc' dir='ltr'>καλοῦ.</span> 
     </span>
    </p>
   </div>
   <div class='ocr_carea' id='block_1_24' title="bbox 264 1472 1851 1551">
    <p class='ocr_par' dir='ltr' id='par_1_24' title="bbox 264 1472 1851 1551">
     <span class='ocr_line' id='line_1_24' title="bbox 264 1472 1851 1551; baseline -0.001 -20"><span class='ocrx_word' id='word_1_156' title='bbox 264 1482 353 1532; x_wconf 86' lang='grc' dir='ltr'>ια’.</span> <span class='ocrx_word' id='word_1_157' title='bbox 388 1476 535 1550; x_wconf 86' lang='grc' dir='ltr'><strong>Ἐγὼ</strong></span> <span class='ocrx_word' id='word_1_158' title='bbox 566 1472 625 1530; x_wconf 73' lang='grc' dir='ltr'>δὲ</span> <span class='ocrx_word' id='word_1_159' title='bbox 652 1472 1072 1551; x_wconf 68' lang='grc' dir='ltr'>προππιπλεξω</span> <span class='ocrx_word' id='word_1_160' title='bbox 1120 1473 1338 1538; x_wconf 87' lang='grc' dir='ltr'>τούτοις</span> <span class='ocrx_word' id='word_1_161' title='bbox 1385 1475 1475 1531; x_wconf 79' lang='grc' dir='ltr'><strong>καὶ</strong></span> <span class='ocrx_word' id='word_1_162' title='bbox 1524 1472 1665 1532; x_wconf 75' lang='grc' dir='ltr'>ἄλλο</span> <span class='ocrx_word' id='word_1_163' title='bbox 1724 1476 1851 1541; x_wconf 69' lang='lat'><strong>00:6-</strong></span> 
     </span>
    </p>
   </div>
   <div class='ocr_carea' id='block_1_25' title="bbox 194 1560 1854 1639">
    <p class='ocr_par' dir='ltr' id='par_1_25' title="bbox 194 1560 1854 1639">
     <span class='ocr_line' id='line_1_25' title="bbox 194 1560 1854 1639; baseline 0 -19"><span class='ocrx_word' id='word_1_164' title='bbox 194 1585 372 1639; x_wconf 80' lang='grc' dir='ltr'>ματος</span> <span class='ocrx_word' id='word_1_165' title='bbox 435 1560 604 1637; x_wconf 72' lang='grc' dir='ltr'>ἄξιον,</span> <span class='ocrx_word' id='word_1_166' title='bbox 657 1565 754 1625; x_wconf 81' lang='grc' dir='ltr'><strong>τὰς</strong></span> <span class='ocrx_word' id='word_1_167' title='bbox 825 1564 1032 1639; x_wconf 81' lang='grc' dir='ltr'>μακρὰς</span> <span class='ocrx_word' id='word_1_168' title='bbox 1094 1570 1225 1634; x_wconf 81' lang='grc' dir='ltr'>νῆας</span> <span class='ocrx_word' id='word_1_169' title='bbox 1294 1562 1522 1637; x_wconf 78' lang='grc' dir='ltr'>ἐκείνας,</span> <span class='ocrx_word' id='word_1_170' title='bbox 1570 1563 1632 1627; x_wconf 78' lang='grc' dir='ltr'><strong>ἃς</strong></span> <span class='ocrx_word' id='word_1_171' title='bbox 1701 1561 1854 1620; x_wconf 69' lang='grc' dir='ltr'>οὔπω</span> 
     </span>
    </p>
   </div>
   <div class='ocr_carea' id='block_1_26' title="bbox 188 1650 1856 1727">
    <p class='ocr_par' dir='ltr' id='par_1_26' title="bbox 188 1650 1856 1727">
     <span class='ocr_line' id='line_1_26' title="bbox 188 1650 1856 1727; baseline -0.001 -18"><span class='ocrx_word' id='word_1_172' title='bbox 188 1650 486 1714; x_wconf 80' lang='grc' dir='ltr'>παντελῶς</span> <span class='ocrx_word' id='word_1_173' title='bbox 544 1650 734 1727; x_wconf 71' lang='grc' dir='ltr'>πέρυσι</span> <span class='ocrx_word' id='word_1_174' title='bbox 786 1651 878 1709; x_wconf 84' lang='grc' dir='ltr'>καὶ</span> <span class='ocrx_word' id='word_1_175' title='bbox 936 1650 1206 1727; x_wconf 82' lang='grc' dir='ltr'>λαμπρῶς</span> <span class='ocrx_word' id='word_1_176' title='bbox 1273 1651 1601 1727; x_wconf 68' lang='grc' dir='ltr'>ἐσταλμένας</span> <span class='ocrx_word' id='word_1_177' title='bbox 1659 1654 1687 1707; x_wconf 85' lang='grc' dir='ltr'><strong>ὁ</strong></span> <span class='ocrx_word' id='word_1_178' title='bbox 1739 1654 1856 1708; x_wconf 89' lang='grc' dir='ltr'>καθ’</span> 
     </span>
    </p>
   </div>
   <div class='ocr_carea' id='block_1_27' title="bbox 188 1739 1853 1819">
    <p class='ocr_par' dir='ltr' id='par_1_27' title="bbox 188 1739 1853 1819">
     <span class='ocr_line' id='line_1_27' title="bbox 188 1739 1853 1819; baseline -0.001 -21"><span class='ocrx_word' id='word_1_179' title='bbox 188 1747 348 1816; x_wconf 77' lang='grc' dir='ltr'>ἡμᾶς</span> <span class='ocrx_word' id='word_1_180' title='bbox 401 1742 654 1818; x_wconf 88' lang='grc' dir='ltr'>πορθμὸς</span> <span class='ocrx_word' id='word_1_181' title='bbox 711 1739 1054 1799; x_wconf 76' lang='grc' dir='ltr'>ἐστολίσατο.</span> <span class='ocrx_word' id='word_1_182' title='bbox 1116 1742 1212 1796; x_wconf 77' lang='grc' dir='ltr'>Καὶ</span> <span class='ocrx_word' id='word_1_183' title='bbox 1265 1741 1423 1804; x_wconf 76' lang='grc' dir='ltr'>αὐτὸς</span> <span class='ocrx_word' id='word_1_184' title='bbox 1477 1743 1572 1815; x_wconf 74' lang='grc' dir='ltr'>μὲν</span> <span class='ocrx_word' id='word_1_185' title='bbox 1630 1741 1705 1804; x_wconf 87' lang='grc' dir='ltr'><strong>είς</strong></span> <span class='ocrx_word' id='word_1_186' title='bbox 1757 1763 1853 1819; x_wconf 84' lang='grc' dir='ltr'>γα-</span> 
     </span>
    </p>
   </div>
   <div class='ocr_carea' id='block_1_28' title="bbox 195 1828 1858 1908">
    <p class='ocr_par' dir='ltr' id='par_1_28' title="bbox 195 1828 1858 1908">
     <span class='ocr_line' id='line_1_28' title="bbox 195 1828 1858 1908; baseline -0.002 -19"><span class='ocrx_word' id='word_1_187' title='bbox 195 1831 382 1904; x_wconf 87' lang='grc' dir='ltr'>λήνην</span> <span class='ocrx_word' id='word_1_188' title='bbox 415 1828 811 1906; x_wconf 72' lang='grc' dir='ltr'>διακεχυμένος</span> <span class='ocrx_word' id='word_1_189' title='bbox 841 1830 1181 1907; x_wconf 77' lang='grc' dir='ltr'>ὑπέστρωτο·</span> <span class='ocrx_word' id='word_1_190' title='bbox 1218 1831 1271 1885; x_wconf 72' lang='grc' dir='ltr'>αἱ</span> <span class='ocrx_word' id='word_1_191' title='bbox 1323 1828 1379 1887; x_wconf 71' lang='grc' dir='ltr'><strong>δί</strong></span> <span class='ocrx_word' id='word_1_192' title='bbox 1420 1831 1693 1908; x_wconf 72' lang='grc' dir='ltr'>πυρρίχην</span> <span class='ocrx_word' id='word_1_193' title='bbox 1744 1834 1858 1886; x_wconf 79' lang='grc' dir='ltr'>οἷον</span> 
     </span>
    </p>
   </div>
   <div class='ocr_carea' id='block_1_29' title="bbox 192 1918 1862 1998">
    <p class='ocr_par' dir='ltr' id='par_1_29' title="bbox 192 1918 1862 1998">
     <span class='ocr_line' id='line_1_29' title="bbox 192 1918 1862 1998; baseline -0.002 -20"><span class='ocrx_word' id='word_1_194' title='bbox 192 1922 587 1998; x_wconf 73' lang='grc' dir='ltr'>ἒπωρχοῦντο,</span> <span class='ocrx_word' id='word_1_195' title='bbox 633 1920 722 1976; x_wconf 81' lang='grc' dir='ltr'><strong>καὶ</strong></span> <span class='ocrx_word' id='word_1_196' title='bbox 771 1920 848 1985; x_wconf 84' lang='grc' dir='ltr'><strong>είς</strong></span> <span class='ocrx_word' id='word_1_197' title='bbox 914 1918 1092 1997; x_wconf 79' lang='grc' dir='ltr'>ῥόθιον</span> <span class='ocrx_word' id='word_1_198' title='bbox 1145 1920 1499 1995; x_wconf 69' lang='grc' dir='ltr'>ἐλαυνόμεναι</span> <span class='ocrx_word' id='word_1_199' title='bbox 1553 1921 1692 1997; x_wconf 82' lang='grc' dir='ltr'>μέγα</span> <span class='ocrx_word' id='word_1_200' title='bbox 1747 1919 1862 1991; x_wconf 69' lang='grc' dir='ltr'><strong>ἐξής</strong></span> 
     </span>
    </p>
   </div>
   <div class='ocr_carea' id='block_1_30' title="bbox 205 2004 1861 2089">
    <p class='ocr_par' dir='ltr' id='par_1_30' title="bbox 205 2004 1861 2089">
     <span class='ocr_line' id='line_1_30' title="bbox 205 2004 1861 2089; baseline -0.002 -22"><span class='ocrx_word' id='word_1_201' title='bbox 205 2032 372 2089; x_wconf 87' lang='grc' dir='ltr'>χουν,</span> <span class='ocrx_word' id='word_1_202' title='bbox 404 2012 496 2066; x_wconf 81' lang='grc' dir='ltr'><strong>καὶ</strong></span> <span class='ocrx_word' id='word_1_203' title='bbox 535 2004 736 2089; x_wconf 75' lang='grc' dir='ltr'>φόϐους</span> <span class='ocrx_word' id='word_1_204' title='bbox 783 2007 1094 2080; x_wconf 68' lang='grc' dir='ltr'>ἐκελάδουν,</span> <span class='ocrx_word' id='word_1_205' title='bbox 1128 2012 1210 2073; x_wconf 83' lang='grc' dir='ltr'>οἷς</span> <span class='ocrx_word' id='word_1_206' title='bbox 1253 2010 1304 2066; x_wconf 80' lang='grc' dir='ltr'>ἐν</span> <span class='ocrx_word' id='word_1_207' title='bbox 1348 2015 1521 2086; x_wconf 87' lang='grc' dir='ltr'>καιρῷ</span> <span class='ocrx_word' id='word_1_208' title='bbox 1572 2030 1700 2073; x_wconf 89' lang='grc' dir='ltr'>τους</span> <span class='ocrx_word' id='word_1_209' title='bbox 1756 2031 1861 2064; x_wconf 84' lang='grc' dir='ltr'>πο-</span> 
     </span>
    </p>
   </div>
   <div class='ocr_carea' id='block_1_31' title="bbox 206 2098 1864 2176">
    <p class='ocr_par' dir='ltr' id='par_1_31' title="bbox 206 2098 1864 2176">
     <span class='ocr_line' id='line_1_31' title="bbox 206 2098 1864 2176; baseline -0.001 -20"><span class='ocrx_word' id='word_1_210' title='bbox 206 2099 443 2174; x_wconf 79' lang='grc' dir='ltr'>λεμίους</span> <span class='ocrx_word' id='word_1_211' title='bbox 520 2098 980 2175; x_wconf 78' lang='grc' dir='ltr'>ἀναχωρεύσουσι.</span> <span class='ocrx_word' id='word_1_212' title='bbox 1035 2101 1307 2176; x_wconf 79' lang='grc' dir='ltr'>Μετρήσω</span> <span class='ocrx_word' id='word_1_213' title='bbox 1371 2100 1459 2155; x_wconf 84' lang='grc' dir='ltr'><strong>καὶ</strong></span> <span class='ocrx_word' id='word_1_214' title='bbox 1532 2100 1595 2156; x_wconf 87' lang='grc' dir='ltr'><strong>τὸ</strong></span> <span class='ocrx_word' id='word_1_215' title='bbox 1651 2098 1864 2169; x_wconf 75' lang='grc' dir='ltr'>πλῆθος</span> 
     </span>
    </p>
   </div>
   <div class='ocr_carea' id='block_1_32' title="bbox 204 2186 1861 2267">
    <p class='ocr_par' dir='ltr' id='par_1_32' title="bbox 204 2186 1861 2267">
     <span class='ocr_line' id='line_1_32' title="bbox 204 2186 1861 2267; baseline 0 -22"><span class='ocrx_word' id='word_1_216' title='bbox 204 2188 404 2251; x_wconf 83' lang='grc' dir='ltr'>αὐταῖς</span> <span class='ocrx_word' id='word_1_217' title='bbox 466 2188 542 2253; x_wconf 82' lang='grc' dir='ltr'>ὡς</span> <span class='ocrx_word' id='word_1_218' title='bbox 600 2188 901 2262; x_wconf 82' lang='grc' dir='ltr'>ἀμύθητον,</span> <span class='ocrx_word' id='word_1_219' title='bbox 929 2187 980 2244; x_wconf 79' lang='grc' dir='ltr'>ἐν</span> <span class='ocrx_word' id='word_1_220' title='bbox 1034 2189 1399 2267; x_wconf 75' lang='grc' dir='ltr'>ἱππαγωγοῖς,</span> <span class='ocrx_word' id='word_1_221' title='bbox 1457 2187 1508 2244; x_wconf 84' lang='grc' dir='ltr'><strong>ἐν</strong></span> <span class='ocrx_word' id='word_1_222' title='bbox 1560 2186 1861 2265; x_wconf 89' lang='grc' dir='ltr'>δρόμωσιν,</span> 
     </span>
    </p>
   </div>
   <div class='ocr_carea' id='block_1_33' title="bbox 201 2275 1858 2355">
    <p class='ocr_par' dir='ltr' id='par_1_33' title="bbox 201 2275 1858 2355">
     <span class='ocr_line' id='line_1_33' title="bbox 201 2275 1858 2355; baseline -0.001 -20"><span class='ocrx_word' id='word_1_223' title='bbox 201 2278 260 2335; x_wconf 71' lang='grc' dir='ltr'>ἰν</span> <span class='ocrx_word' id='word_1_224' title='bbox 288 2281 594 2355; x_wconf 75' lang='grc' dir='ltr'>τριήρεσιν,</span> <span class='ocrx_word' id='word_1_225' title='bbox 629 2277 681 2332; x_wconf 79' lang='grc' dir='ltr'>ἐν</span> <span class='ocrx_word' id='word_1_226' title='bbox 726 2275 923 2341; x_wconf 80' lang='grc' dir='ltr'>ἄλλοις</span> <span class='ocrx_word' id='word_1_227' title='bbox 966 2277 1275 2353; x_wconf 80' lang='grc' dir='ltr'>ναυπηγίας</span> <span class='ocrx_word' id='word_1_228' title='bbox 1325 2276 1508 2334; x_wconf 74' lang='grc' dir='ltr'>εἶ’δεσι.</span> <span class='ocrx_word' id='word_1_229' title='bbox 1559 2278 1665 2335; x_wconf 84' lang='grc' dir='ltr'>Καὶ</span> <span class='ocrx_word' id='word_1_230' title='bbox 1714 2275 1858 2335; x_wconf 82' lang='grc' dir='ltr'>ἔσται</span> 
     </span>
    </p>
   </div>
   <div class='ocr_carea' id='block_1_34' title="bbox 205 2365 1861 2444">
    <p class='ocr_par' dir='ltr' id='par_1_34' title="bbox 205 2365 1861 2444">
     <span class='ocr_line' id='line_1_34' title="bbox 205 2365 1861 2444; baseline 0 -21"><span class='ocrx_word' id='word_1_231' title='bbox 205 2369 308 2442; x_wconf 76' lang='grc' dir='ltr'>μὶν</span> <span class='ocrx_word' id='word_1_232' title='bbox 359 2367 545 2431; x_wconf 77' lang='grc' dir='ltr'>αὐτοῖς</span> <span class='ocrx_word' id='word_1_233' title='bbox 585 2367 675 2422; x_wconf 79' lang='grc' dir='ltr'><strong>καὶ</strong></span> <span class='ocrx_word' id='word_1_234' title='bbox 730 2371 897 2423; x_wconf 79' lang='grc' dir='ltr'>ταῦτα</span> <span class='ocrx_word' id='word_1_235' title='bbox 945 2365 997 2422; x_wconf 74' lang='grc' dir='ltr'>ἐν</span> <span class='ocrx_word' id='word_1_236' title='bbox 1047 2366 1303 2441; x_wconf 89' lang='grc' dir='ltr'>θαύματι.</span> <span class='ocrx_word' id='word_1_237' title='bbox 1334 2373 1393 2426; x_wconf 87' lang='grc' dir='ltr'>Ὁ</span> <span class='ocrx_word' id='word_1_238' title='bbox 1440 2365 1497 2424; x_wconf 82' lang='grc' dir='ltr'><strong>δε</strong></span> <span class='ocrx_word' id='word_1_239' title='bbox 1536 2367 1725 2444; x_wconf 75' lang='grc' dir='ltr'>καιρὸς</span> <span class='ocrx_word' id='word_1_240' title='bbox 1772 2368 1861 2424; x_wconf 85' lang='grc' dir='ltr'>καὶ</span> 
     </span>
    </p>
   </div>
   <div class='ocr_carea' id='block_1_35' title="bbox 202 2454 1862 2534">
    <p class='ocr_par' dir='ltr' id='par_1_35' title="bbox 202 2454 1862 2534">
     <span class='ocr_line' id='line_1_35' title="bbox 202 2454 1862 2534; baseline 0.002 -23"><span class='ocrx_word' id='word_1_241' title='bbox 202 2456 286 2520; x_wconf 77' lang='grc' dir='ltr'><strong>εἴς</strong></span> <span class='ocrx_word' id='word_1_242' title='bbox 336 2456 506 2512; x_wconf 77' lang='grc' dir='ltr'>πλέον</span> <span class='ocrx_word' id='word_1_243' title='bbox 557 2454 793 2518; x_wconf 78' lang='grc' dir='ltr'>ἐκείνους</span> <span class='ocrx_word' id='word_1_244' title='bbox 845 2454 1105 2527; x_wconf 75' lang='grc' dir='ltr'>ἐκπλήξει</span> <span class='ocrx_word' id='word_1_245' title='bbox 1151 2456 1440 2530; x_wconf 84' lang='grc' dir='ltr'>μαθόντας,</span> <span class='ocrx_word' id='word_1_246' title='bbox 1476 2458 1549 2521; x_wconf 84' lang='grc' dir='ltr'><strong>ὡς</strong></span> <span class='ocrx_word' id='word_1_247' title='bbox 1598 2460 1726 2534; x_wconf 75' lang='grc' dir='ltr'>χθὲς</span> <span class='ocrx_word' id='word_1_248' title='bbox 1768 2459 1862 2532; x_wconf 72' lang='grc' dir='ltr'>μὲν</span> 
     </span>
    </p>
   </div>
   <div class='ocr_carea' id='block_1_36' title="bbox 197 2543 1861 2623">
    <p class='ocr_par' dir='ltr' id='par_1_36' title="bbox 197 2543 1861 2623">
     <span class='ocr_line' id='line_1_36' title="bbox 197 2543 1861 2623; baseline 0.001 -21"><span class='ocrx_word' id='word_1_249' title='bbox 197 2547 305 2609; x_wconf 77' lang='grc' dir='ltr'>τὰς</span> <span class='ocrx_word' id='word_1_250' title='bbox 358 2543 671 2619; x_wconf 79' lang='grc' dir='ltr'>πολεμικὰς</span> <span class='ocrx_word' id='word_1_251' title='bbox 717 2552 851 2615; x_wconf 83' lang='grc' dir='ltr'>νῆας</span> <span class='ocrx_word' id='word_1_252' title='bbox 918 2544 1125 2608; x_wconf 73' lang='grc' dir='ltr'>ἐκείνας</span> <span class='ocrx_word' id='word_1_253' title='bbox 1176 2544 1344 2611; x_wconf 82' lang='grc' dir='ltr'>τόπος</span> <span class='ocrx_word' id='word_1_254' title='bbox 1408 2550 1733 2623; x_wconf 65' lang='grc' dir='ltr'>τεταγμένος</span> <span class='ocrx_word' id='word_1_255' title='bbox 1785 2548 1861 2611; x_wconf 69' lang='grc' dir='ltr'>εἷς</span> 
     </span>
    </p>
   </div>
   <div class='ocr_carea' id='block_1_37' title="bbox 202 2632 1859 2713">
    <p class='ocr_par' dir='ltr' id='par_1_37' title="bbox 202 2632 1859 2713">
     <span class='ocr_line' id='line_1_37' title="bbox 202 2632 1859 2713; baseline 0.001 -23"><span class='ocrx_word' id='word_1_256' title='bbox 202 2632 510 2713; x_wconf 77' lang='grc' dir='ltr'>ἀσφάλειαν</span> <span class='ocrx_word' id='word_1_257' title='bbox 559 2633 911 2709; x_wconf 79' lang='grc' dir='ltr'>ἠγκαλίζετο,</span> <span class='ocrx_word' id='word_1_258' title='bbox 942 2636 1098 2697; x_wconf 80' lang='grc' dir='ltr'>κενὰς</span> <span class='ocrx_word' id='word_1_259' title='bbox 1148 2634 1336 2692; x_wconf 71' lang='grc' dir='ltr'>ὅπλων</span> <span class='ocrx_word' id='word_1_260' title='bbox 1385 2641 1491 2691; x_wconf 80' lang='grc' dir='ltr'>τῶν</span> <span class='ocrx_word' id='word_1_261' title='bbox 1535 2658 1593 2692; x_wconf 93' lang='grc' dir='ltr'><strong>τε</strong></span> <span class='ocrx_word' id='word_1_262' title='bbox 1650 2634 1859 2707; x_wconf 79' lang='grc' dir='ltr'>ἄλλων,</span> 
     </span>
    </p>
   </div>
   <div class='ocr_carea' id='block_1_38' title="bbox 201 2722 1860 2802">
    <p class='ocr_par' dir='ltr' id='par_1_38' title="bbox 201 2722 1860 2802">
     <span class='ocr_line' id='line_1_38' title="bbox 201 2722 1860 2802; baseline 0.001 -22"><span class='ocrx_word' id='word_1_263' title='bbox 201 2725 297 2780; x_wconf 79' lang='grc' dir='ltr'><strong>καὶ</strong></span> <span class='ocrx_word' id='word_1_264' title='bbox 336 2726 438 2778; x_wconf 80' lang='grc' dir='ltr'><strong>ὅσα</strong></span> <span class='ocrx_word' id='word_1_265' title='bbox 468 2725 603 2799; x_wconf 87' lang='grc' dir='ltr'>πρὸς</span> <span class='ocrx_word' id='word_1_266' title='bbox 636 2722 840 2799; x_wconf 89' lang='grc' dir='ltr'>δρόμον</span> <span class='ocrx_word' id='word_1_267' title='bbox 892 2723 1299 2802; x_wconf 77' lang='grc' dir='ltr'>ἐπιταχύνουσι,</span> <span class='ocrx_word' id='word_1_268' title='bbox 1328 2726 1418 2780; x_wconf 85' lang='grc' dir='ltr'><strong>καὶ</strong></span> <span class='ocrx_word' id='word_1_269' title='bbox 1469 2723 1593 2781; x_wconf 73' lang='grc' dir='ltr'>οὓδὲ</span> <span class='ocrx_word' id='word_1_270' title='bbox 1628 2727 1689 2781; x_wconf 89' lang='grc' dir='ltr'><strong>τὸ</strong></span> <span class='ocrx_word' id='word_1_271' title='bbox 1736 2748 1860 2782; x_wconf 87' lang='grc' dir='ltr'>ναυ-</span> 
     </span>
    </p>
   </div>
   <div class='ocr_carea' id='block_1_39' title="bbox 200 2810 1859 2891">
    <p class='ocr_par' dir='ltr' id='par_1_39' title="bbox 200 2810 1859 2891">
     <span class='ocr_line' id='line_1_39' title="bbox 200 2810 1859 2891; baseline 0 -23"><span class='ocrx_word' id='word_1_272' title='bbox 200 2814 363 2869; x_wconf 86' lang='grc' dir='ltr'>τικὸν</span> <span class='ocrx_word' id='word_1_273' title='bbox 405 2811 866 2888; x_wconf 80' lang='grc' dir='ltr'>παραφαινούσας,</span> <span class='ocrx_word' id='word_1_274' title='bbox 900 2810 1023 2868; x_wconf 77' lang='grc' dir='ltr'>οὔτε</span> <span class='ocrx_word' id='word_1_275' title='bbox 1070 2814 1134 2869; x_wconf 88' lang='grc' dir='ltr'><strong>τὸ</strong></span> <span class='ocrx_word' id='word_1_276' title='bbox 1182 2820 1497 2891; x_wconf 85' lang='grc' dir='ltr'>κατεπεῖγον</span> <span class='ocrx_word' id='word_1_277' title='bbox 1544 2814 1617 2877; x_wconf 83' lang='grc' dir='ltr'><strong>είς</strong></span> <span class='ocrx_word' id='word_1_278' title='bbox 1663 2814 1859 2885; x_wconf 76' lang='grc' dir='ltr'>πλοῦν,</span> 
     </span>
    </p>
   </div>
   <div class='ocr_carea' id='block_1_40' title="bbox 204 2898 1863 2979">
    <p class='ocr_par' dir='ltr' id='par_1_40' title="bbox 204 2898 1863 2979">
     <span class='ocr_line' id='line_1_40' title="bbox 204 2898 1863 2979; baseline 0.002 -22"><span class='ocrx_word' id='word_1_279' title='bbox 204 2898 339 2957; x_wconf 63' lang='grc' dir='ltr'>οὔτε</span> <span class='ocrx_word' id='word_1_280' title='bbox 386 2902 448 2957; x_wconf 86' lang='grc' dir='ltr'><strong>τὸ</strong></span> <span class='ocrx_word' id='word_1_281' title='bbox 507 2901 780 2977; x_wconf 86' lang='grc' dir='ltr'>μάχιμον.</span> <span class='ocrx_word' id='word_1_282' title='bbox 834 2901 931 2956; x_wconf 81' lang='grc' dir='ltr'><strong>Καὶ</strong></span> <span class='ocrx_word' id='word_1_283' title='bbox 990 2900 1133 2957; x_wconf 78' lang='grc' dir='ltr'>οὕτω</span> <span class='ocrx_word' id='word_1_284' title='bbox 1193 2903 1288 2975; x_wconf 80' lang='grc' dir='ltr'>μὲν</span> <span class='ocrx_word' id='word_1_285' title='bbox 1331 2902 1481 2979; x_wconf 79' lang='grc' dir='ltr'>χθές.</span> <span class='ocrx_word' id='word_1_286' title='bbox 1539 2905 1744 2960; x_wconf 82' lang='grc' dir='ltr'>Ἒωθεν</span> <span class='ocrx_word' id='word_1_287' title='bbox 1805 2901 1863 2960; x_wconf 76' lang='grc' dir='ltr'>δὲ</span> 
     </span>
    </p>
   </div>
   <div class='ocr_carea' id='block_1_41' title="bbox 206 2989 1862 3069">
    <p class='ocr_par' dir='ltr' id='par_1_41' title="bbox 206 2989 1862 3069">
     <span class='ocr_line' id='line_1_41' title="bbox 206 2989 1862 3069; baseline 0.001 -23"><span class='ocrx_word' id='word_1_288' title='bbox 206 2992 401 3068; x_wconf 74' lang='grc' dir='ltr'>ἡμέρα</span> <span class='ocrx_word' id='word_1_289' title='bbox 459 2989 751 3065; x_wconf 66' lang='grc' dir='ltr'>ἐξέλαμπε,</span> <span class='ocrx_word' id='word_1_290' title='bbox 783 2990 873 3046; x_wconf 83' lang='grc' dir='ltr'><strong>καὶ</strong></span> <span class='ocrx_word' id='word_1_291' title='bbox 934 2990 1213 3067; x_wconf 87' lang='grc' dir='ltr'>βασιλικὸν</span> <span class='ocrx_word' id='word_1_292' title='bbox 1272 2992 1337 3061; x_wconf 72' lang='grc' dir='ltr'>ἦν</span> <span class='ocrx_word' id='word_1_293' title='bbox 1388 2991 1657 3067; x_wconf 70' lang='grc' dir='ltr'>κέλευμα·</span> <span class='ocrx_word' id='word_1_294' title='bbox 1692 2991 1862 3069; x_wconf 78' lang='grc' dir='ltr'>ἐχρῆν</span> 
     </span>
    </p>
   </div>
   <div class='ocr_carea' id='block_1_42' title="bbox 202 3078 1857 3158">
    <p class='ocr_par' dir='ltr' id='par_1_42' title="bbox 202 3078 1857 3158">
     <span class='ocr_line' id='line_1_42' title="bbox 202 3078 1857 3158; baseline 0.001 -22"><span class='ocrx_word' id='word_1_295' title='bbox 202 3082 337 3157; x_wconf 85' lang='grc' dir='ltr'>γάρ.</span> <span class='ocrx_word' id='word_1_296' title='bbox 388 3080 492 3139; x_wconf 83' lang='grc' dir='ltr'>Καὶ</span> <span class='ocrx_word' id='word_1_297' title='bbox 547 3078 889 3157; x_wconf 75' lang='grc' dir='ltr'>ἰπληροῦντο</span> <span class='ocrx_word' id='word_1_298' title='bbox 951 3081 1046 3154; x_wconf 76' lang='grc' dir='ltr'>μὲν</span> <span class='ocrx_word' id='word_1_299' title='bbox 1106 3085 1228 3144; x_wconf 88' lang='grc' dir='ltr'>ταῖς</span> <span class='ocrx_word' id='word_1_300' title='bbox 1277 3082 1523 3158; x_wconf 81' lang='grc' dir='ltr'>τριήρεσι</span> <span class='ocrx_word' id='word_1_301' title='bbox 1576 3081 1644 3137; x_wconf 79' lang='grc' dir='ltr'>τὰ</span> <span class='ocrx_word' id='word_1_302' title='bbox 1690 3082 1857 3138; x_wconf 86' lang='grc' dir='ltr'>κενώ-</span> 
     </span>
    </p>
   </div>
   <div class='ocr_carea' id='block_1_43' title="bbox 210 3166 1932 3270">
    <p class='ocr_par' dir='ltr' id='par_1_43' title="bbox 210 3166 1932 3270">
     <span class='ocr_line' id='line_1_43' title="bbox 210 3166 1932 3270; baseline 0.001 -45"><span class='ocrx_word' id='word_1_303' title='bbox 210 3191 380 3270; x_wconf 77' lang='grc' dir='ltr'>ματα,</span> <span class='ocrx_word' id='word_1_304' title='bbox 430 3168 733 3270; x_wconf 73' lang='grc' dir='ltr'>ἐξεκενοῦτο</span> <span class='ocrx_word' id='word_1_305' title='bbox 777 3166 835 3225; x_wconf 74' lang='grc' dir='ltr'>δὲ</span> <span class='ocrx_word' id='word_1_306' title='bbox 880 3170 947 3224; x_wconf 77' lang='grc' dir='ltr'><strong>τὰ</strong></span> <span class='ocrx_word' id='word_1_307' title='bbox 994 3170 1213 3270; x_wconf 75' lang='grc' dir='ltr'>νεώρια.</span> <span class='ocrx_word' id='word_1_308' title='bbox 1259 3171 1364 3270; x_wconf 51' lang='grc' dir='ltr'>βαὶ</span> <span class='ocrx_word' id='word_1_309' title='bbox 1416 3168 1706 3242; x_wconf 75' lang='grc' dir='ltr'>ἑστήκεσαν</span> <span class='ocrx_word' id='word_1_310' title='bbox 1768 3175 1859 3247; x_wconf 80' lang='grc' dir='ltr'>ψι-</span> <span class='ocrx_word' id='word_1_311' title='bbox 1890 3204 1932 3270; x_wconf 79' lang='lat' dir='ltr'><strong>C</strong></span> 
     </span>
    </p>
   </div>
   <div class='ocr_carea' id='block_1_44' title="bbox 205 3256 1855 3337">
    <p class='ocr_par' dir='ltr' id='par_1_44' title="bbox 205 3256 1855 3337">
     <span class='ocr_line' id='line_1_44' title="bbox 205 3256 1855 3337; baseline 0.001 -20"><span class='ocrx_word' id='word_1_312' title='bbox 205 3258 302 3317; x_wconf 82' lang='grc' dir='ltr'><strong>λοὶ</strong></span> <span class='ocrx_word' id='word_1_313' title='bbox 360 3261 454 3333; x_wconf 76' lang='grc' dir='ltr'>μὲν</span> <span class='ocrx_word' id='word_1_314' title='bbox 501 3260 554 3314; x_wconf 74' lang='grc' dir='ltr'>οἳ</span> <span class='ocrx_word' id='word_1_315' title='bbox 606 3258 959 3334; x_wconf 82' lang='grc' dir='ltr'>ναύσταθμοι,</span> <span class='ocrx_word' id='word_1_316' title='bbox 991 3258 1215 3336; x_wconf 78' lang='grc' dir='ltr'>ἀχανεῖς</span> <span class='ocrx_word' id='word_1_317' title='bbox 1256 3256 1313 3315; x_wconf 74' lang='grc' dir='ltr'>δὲ</span> <span class='ocrx_word' id='word_1_318' title='bbox 1357 3261 1409 3315; x_wconf 79' lang='grc' dir='ltr'>οἱ</span> <span class='ocrx_word' id='word_1_319' title='bbox 1454 3260 1767 3337; x_wconf 73' lang='grc' dir='ltr'>βλέποντες.</span> <span class='ocrx_word' id='word_1_320' title='bbox 1794 3263 1855 3318; x_wconf 82' lang='grc' dir='ltr'>Ἡ</span> 
     </span>
    </p>
   </div>
   <div class='ocr_carea' id='block_1_45' title="bbox 205 3345 1857 3427">
    <p class='ocr_par' dir='ltr' id='par_1_45' title="bbox 205 3345 1857 3427">
     <span class='ocr_line' id='line_1_45' title="bbox 205 3345 1857 3427; baseline 0.001 -23"><span class='ocrx_word' id='word_1_321' title='bbox 205 3345 270 3404; x_wconf 79' lang='grc' dir='ltr'>δὲ</span> <span class='ocrx_word' id='word_1_322' title='bbox 310 3347 618 3423; x_wconf 81' lang='grc' dir='ltr'>Προποντὶς</span> <span class='ocrx_word' id='word_1_323' title='bbox 668 3346 846 3402; x_wconf 80' lang='grc' dir='ltr'>ούκὲτι</span> <span class='ocrx_word' id='word_1_324' title='bbox 897 3345 1025 3403; x_wconf 73' lang='grc' dir='ltr'>οὐδὲ</span> <span class='ocrx_word' id='word_1_325' title='bbox 1072 3346 1339 3427; x_wconf 68' lang='grc' dir='ltr'>παρέφανί</span> <span class='ocrx_word' id='word_1_326' title='bbox 1394 3370 1445 3403; x_wconf 90' lang='grc' dir='ltr'><strong>τι</strong></span> <span class='ocrx_word' id='word_1_327' title='bbox 1490 3354 1588 3405; x_wconf 80' lang='grc' dir='ltr'><strong>τοῦ</strong></span> <span class='ocrx_word' id='word_1_328' title='bbox 1643 3348 1857 3413; x_wconf 71' lang='grc' dir='ltr'>ὕδατος.</span> 
     </span>
    </p>
   </div>
   <div class='ocr_carea' id='block_1_46' title="bbox 203 3434 1860 3511">
    <p class='ocr_par' dir='ltr' id='par_1_46' title="bbox 203 3434 1860 3511">
     <span class='ocr_line' id='line_1_46' title="bbox 203 3434 1860 3511; baseline 0.001 -19"><span class='ocrx_word' id='word_1_329' title='bbox 203 3438 373 3492; x_wconf 77' lang='grc' dir='ltr'>Εἶπεν</span> <span class='ocrx_word' id='word_1_330' title='bbox 407 3437 468 3490; x_wconf 83' lang='grc' dir='ltr'>ἂν</span> <span class='ocrx_word' id='word_1_331' title='bbox 499 3457 583 3498; x_wconf 91' lang='grc' dir='ltr'><strong>τις</strong></span> <span class='ocrx_word' id='word_1_332' title='bbox 626 3434 965 3509; x_wconf 78' lang='grc' dir='ltr'>ἁμιλλᾶσθαι</span> <span class='ocrx_word' id='word_1_333' title='bbox 1010 3440 1079 3511; x_wconf 75' lang='grc' dir='ltr'><strong>τῇ</strong></span> <span class='ocrx_word' id='word_1_334' title='bbox 1128 3434 1516 3511; x_wconf 85' lang='grc' dir='ltr'>Μεγαλοπόλει</span> <span class='ocrx_word' id='word_1_335' title='bbox 1565 3442 1860 3509; x_wconf 81' lang='grc' dir='ltr'>τηνικαῦτα</span> 
     </span>
    </p>
   </div>
   <div class='ocr_carea' id='block_1_47' title="bbox 199 3522 1860 3603">
    <p class='ocr_par' dir='ltr' id='par_1_47' title="bbox 199 3522 1860 3603">
     <span class='ocr_line' id='line_1_47' title="bbox 199 3522 1860 3603; baseline 0.001 -22"><span class='ocrx_word' id='word_1_336' title='bbox 199 3526 308 3595; x_wconf 79' lang='grc' dir='ltr'><strong>τήν</strong></span> <span class='ocrx_word' id='word_1_337' title='bbox 387 3525 507 3589; x_wconf 82' lang='grc' dir='ltr'>καθ’</span> <span class='ocrx_word' id='word_1_338' title='bbox 572 3527 723 3598; x_wconf 75' lang='grc' dir='ltr'>ἡμᾶς</span> <span class='ocrx_word' id='word_1_339' title='bbox 794 3522 1104 3599; x_wconf 82' lang='grc' dir='ltr'>θάλασσαν,</span> <span class='ocrx_word' id='word_1_340' title='bbox 1163 3527 1621 3600; x_wconf 81' lang='grc' dir='ltr'>πεπυκνωμὲνην,</span> <span class='ocrx_word' id='word_1_341' title='bbox 1678 3525 1860 3603; x_wconf 80' lang='grc' dir='ltr'>ὥσπερ</span> 
     </span>
    </p>
   </div>
   <div class='ocr_carea' id='block_1_48' title="bbox 201 3612 1860 3690">
    <p class='ocr_par' dir='ltr' id='par_1_48' title="bbox 201 3612 1860 3690">
     <span class='ocr_line' id='line_1_48' title="bbox 201 3612 1860 3690; baseline 0 -19"><span class='ocrx_word' id='word_1_342' title='bbox 201 3612 388 3685; x_wconf 80' lang='grc' dir='ltr'>ἐκείνη</span> <span class='ocrx_word' id='word_1_343' title='bbox 446 3619 563 3677; x_wconf 89' lang='grc' dir='ltr'>τοῖς</span> <span class='ocrx_word' id='word_1_344' title='bbox 622 3612 1084 3690; x_wconf 79' lang='grc' dir='ltr'>οἰκοδομήμασιν,</span> <span class='ocrx_word' id='word_1_345' title='bbox 1139 3614 1283 3670; x_wconf 76' lang='grc' dir='ltr'>οὕτω</span> <span class='ocrx_word' id='word_1_346' title='bbox 1339 3615 1428 3672; x_wconf 81' lang='grc' dir='ltr'>καὶ</span> <span class='ocrx_word' id='word_1_347' title='bbox 1498 3616 1667 3685; x_wconf 74' lang='grc' dir='ltr'>αὐτὴν</span> <span class='ocrx_word' id='word_1_348' title='bbox 1744 3622 1860 3679; x_wconf 90' lang='grc' dir='ltr'>τοῖς</span> 
     </span>
    </p>
   </div>
   <div class='ocr_carea' id='block_1_49' title="bbox 208 3702 1860 3781">
    <p class='ocr_par' dir='ltr' id='par_1_49' title="bbox 208 3702 1860 3781">
     <span class='ocr_line' id='line_1_49' title="bbox 208 3702 1860 3781; baseline 0.002 -24"><span class='ocrx_word' id='word_1_349' title='bbox 208 3708 623 3781; x_wconf 77' lang='grc' dir='ltr'>μεταφορητοῖς</span> <span class='ocrx_word' id='word_1_350' title='bbox 700 3703 918 3765; x_wconf 78' lang='grc' dir='ltr'>τούτοις</span> <span class='ocrx_word' id='word_1_351' title='bbox 1002 3702 1296 3778; x_wconf 72' lang='grc' dir='ltr'>οῗκήμασιν</span> <span class='ocrx_word' id='word_1_352' title='bbox 1324 3745 1337 3760; x_wconf 94' lang='grc'><strong>.</strong></span> <span class='ocrx_word' id='word_1_353' title='bbox 1389 3706 1491 3761; x_wconf 88' lang='grc' dir='ltr'>Ἦν</span> <span class='ocrx_word' id='word_1_354' title='bbox 1564 3710 1860 3775; x_wconf 77' lang='grc' dir='ltr'>τηνικαῦτα</span> 
     </span>
    </p>
   </div>
   <div class='ocr_carea' id='block_1_50' title="bbox 201 3791 1858 3871">
    <p class='ocr_par' dir='ltr' id='par_1_50' title="bbox 201 3791 1858 3871">
     <span class='ocr_line' id='line_1_50' title="bbox 201 3791 1858 3871; baseline -0.018 -2"><span class='ocrx_word' id='word_1_355' title='bbox 201 3799 406 3868; x_wconf 76' lang='grc' dir='ltr'>σχῆμα</span> <span class='ocrx_word' id='word_1_356' title='bbox 463 3791 770 3870; x_wconf 77' lang='grc' dir='ltr'>νάυμαχίας</span> <span class='ocrx_word' id='word_1_357' title='bbox 831 3791 1115 3868; x_wconf 80' lang='grc' dir='ltr'>μεγίστης.</span> <span class='ocrx_word' id='word_1_358' title='bbox 1149 3793 1257 3862; x_wconf 71' lang='grc' dir='ltr'><strong>Βοὴ</strong></span> <span class='ocrx_word' id='word_1_359' title='bbox 1316 3791 1666 3871; x_wconf 86' lang='grc' dir='ltr'>σαλπίγγων·</span> <span class='ocrx_word' id='word_1_360' title='bbox 1716 3794 1858 3868; x_wconf 73' lang='grc' dir='ltr'>εἶρε-</span> 
     </span>
    </p>
   </div>
   <div class='ocr_carea' id='block_1_51' title="bbox 205 3870 1858 3960">
    <p class='ocr_par' dir='ltr' id='par_1_51' title="bbox 205 3870 1858 3960">
     <span class='ocr_line' id='line_1_51' title="bbox 205 3870 1858 3960; baseline 0.001 -24"><span class='ocrx_word' id='word_1_361' title='bbox 205 3880 298 3936; x_wconf 83' lang='grc' dir='ltr'><strong>σία</strong></span> <span class='ocrx_word' id='word_1_362' title='bbox 352 3880 604 3941; x_wconf 80' lang='grc' dir='ltr'>σύντονος</span> <span class='ocrx_word' id='word_1_363' title='bbox 629 3900 642 3914; x_wconf 72' lang='grc' dir='ltr'><strong>ο</strong></span> <span class='ocrx_word' id='word_1_364' title='bbox 678 3870 954 3956; x_wconf 72' lang='grc' dir='ltr'>ἰξελιγμοὶ</span> <span class='ocrx_word' id='word_1_365' title='bbox 1014 3875 1234 3957; x_wconf 86' lang='grc' dir='ltr'>δρόμων</span> <span class='ocrx_word' id='word_1_366' title='bbox 1260 3900 1273 3914; x_wconf 83' lang='grc'><strong>’</strong></span> <span class='ocrx_word' id='word_1_367' title='bbox 1315 3878 1611 3955; x_wconf 70' lang='grc' dir='ltr'>ἑμϐοήσεις</span> <span class='ocrx_word' id='word_1_368' title='bbox 1665 3883 1858 3960; x_wconf 72' lang='grc' dir='ltr'>ναυάρο</span> 
     </span>
    </p>
   </div>
   <div class='ocr_carea' id='block_1_52' title="bbox 202 3966 1858 4047">
    <p class='ocr_par' dir='ltr' id='par_1_52' title="bbox 202 3966 1858 4047">
     <span class='ocr_line' id='line_1_52' title="bbox 202 3966 1858 4047; baseline 0.002 -23"><span class='ocrx_word' id='word_1_369' title='bbox 202 3988 353 4047; x_wconf 72' lang='grc' dir='ltr'>χωψ</span> <span class='ocrx_word' id='word_1_370' title='bbox 401 3966 712 4043; x_wconf 83' lang='grc' dir='ltr'>λαμπηδὼν</span> <span class='ocrx_word' id='word_1_371' title='bbox 756 3968 967 4025; x_wconf 74' lang='grc' dir='ltr'>ὅπλωνο</span> <span class='ocrx_word' id='word_1_372' title='bbox 996 3971 1084 4025; x_wconf 84' lang='grc' dir='ltr'><strong>καὶ</strong></span> <span class='ocrx_word' id='word_1_373' title='bbox 1137 3971 1166 4025; x_wconf 85' lang='grc' dir='ltr'>ὁ</span> <span class='ocrx_word' id='word_1_374' title='bbox 1212 3969 1412 4035; x_wconf 78' lang='grc' dir='ltr'>ἐκεῖθεν</span> <span class='ocrx_word' id='word_1_375' title='bbox 1471 3978 1589 4035; x_wconf 91' lang='grc' dir='ltr'>τοῖς</span> <span class='ocrx_word' id='word_1_376' title='bbox 1645 3975 1858 4046; x_wconf 84' lang='grc' dir='ltr'>ναυμά-</span> 
     </span>
    </p>
   </div>
   <div class='ocr_carea' id='block_1_53' title="bbox 202 4057 1855 4137">
    <p class='ocr_par' dir='ltr' id='par_1_53' title="bbox 202 4057 1855 4137">
     <span class='ocr_line' id='line_1_53' title="bbox 202 4057 1855 4137; baseline 0 -22"><span class='ocrx_word' id='word_1_377' title='bbox 202 4080 334 4137; x_wconf 87' lang='grc' dir='ltr'>χοις</span> <span class='ocrx_word' id='word_1_378' title='bbox 396 4060 677 4137; x_wconf 80' lang='grc' dir='ltr'>φρυαγμὸς</span> <span class='ocrx_word' id='word_1_379' title='bbox 737 4057 893 4115; x_wconf 76' lang='grc' dir='ltr'>οὐδὲν</span> <span class='ocrx_word' id='word_1_380' title='bbox 971 4059 1187 4115; x_wconf 66' lang='grc' dir='ltr'>ἐνέλιπε</span> <span class='ocrx_word' id='word_1_381' title='bbox 1257 4061 1469 4136; x_wconf 87' lang='grc' dir='ltr'>μάχης,</span> <span class='ocrx_word' id='word_1_382' title='bbox 1529 4061 1575 4117; x_wconf 86' lang='grc' dir='ltr'><strong>εί</strong></span> <span class='ocrx_word' id='word_1_383' title='bbox 1639 4062 1714 4136; x_wconf 84' lang='grc' dir='ltr'>μή</span> <span class='ocrx_word' id='word_1_384' title='bbox 1772 4060 1855 4117; x_wconf 79' lang='grc' dir='ltr'><strong>δτι</strong></span> 
     </span>
    </p>
   </div>
   <div class='ocr_carea' id='block_1_54' title="bbox 202 4148 1858 4228">
    <p class='ocr_par' dir='ltr' id='par_1_54' title="bbox 202 4148 1858 4228">
     <span class='ocr_line' id='line_1_54' title="bbox 202 4148 1858 4228; baseline 0 -23"><span class='ocrx_word' id='word_1_385' title='bbox 202 4149 407 4226; x_wconf 74' lang='grc' dir='ltr'>ἆχθρὸς</span> <span class='ocrx_word' id='word_1_386' title='bbox 456 4151 629 4222; x_wconf 80' lang='lat' dir='ltr'><strong>[adde</strong></span> <span class='ocrx_word' id='word_1_387' title='bbox 688 4148 808 4223; x_wconf 81' lang='grc' dir='ltr'>οὐκ]</span> <span class='ocrx_word' id='word_1_388' title='bbox 867 4149 1265 4223; x_wconf 63' lang='grc' dir='ltr'>ἀντιμέτωπος.</span> <span class='ocrx_word' id='word_1_389' title='bbox 1297 4151 1395 4205; x_wconf 84' lang='grc' dir='ltr'>Καὶ</span> <span class='ocrx_word' id='word_1_390' title='bbox 1453 4151 1587 4228; x_wconf 76' lang='grc' dir='ltr'>ἅπερ</span> <span class='ocrx_word' id='word_1_391' title='bbox 1654 4150 1858 4213; x_wconf 74' lang='grc' dir='ltr'>ἐκεῖνος</span> 
     </span>
    </p>
   </div>
   <div class='ocr_carea' id='block_1_55' title="bbox 158 4235 1854 4315">
    <p class='ocr_par' dir='ltr' id='par_1_55' title="bbox 158 4235 1854 4315">
     <span class='ocr_line' id='line_1_55' title="bbox 158 4235 1854 4315; baseline 0.001 -23"><span class='ocrx_word' id='word_1_392' title='bbox 158 4238 372 4293; x_wconf 78' lang='grc' dir='ltr'>’πάθοι</span> <span class='ocrx_word' id='word_1_393' title='bbox 428 4237 730 4312; x_wconf 84' lang='grc' dir='ltr'>τραύματα,</span> <span class='ocrx_word' id='word_1_394' title='bbox 788 4239 1177 4314; x_wconf 86' lang='grc' dir='ltr'>προσεπιθήσω</span> <span class='ocrx_word' id='word_1_395' title='bbox 1232 4242 1302 4313; x_wconf 79' lang='grc' dir='ltr'><strong>τῇ</strong></span> <span class='ocrx_word' id='word_1_396' title='bbox 1362 4235 1616 4315; x_wconf 76' lang='grc' dir='ltr'>διηγήσει</span> <span class='ocrx_word' id='word_1_397' title='bbox 1662 4239 1854 4315; x_wconf 77' lang='grc' dir='ltr'>ταύτῃ,</span> 
     </span>
    </p>
   </div>
   <div class='ocr_carea' id='block_1_56' title="bbox 194 4323 1854 4401">
    <p class='ocr_par' dir='ltr' id='par_1_56' title="bbox 194 4323 1854 4401">
     <span class='ocr_line' id='line_1_56' title="bbox 194 4323 1854 4401; baseline 0 -18"><span class='ocrx_word' id='word_1_398' title='bbox 194 4327 291 4383; x_wconf 74' lang='grc' dir='ltr'><strong>καί</strong></span> <span class='ocrx_word' id='word_1_399' title='bbox 342 4327 418 4388; x_wconf 85' lang='grc' dir='ltr'>ὡς</span> <span class='ocrx_word' id='word_1_400' title='bbox 467 4325 565 4381; x_wconf 76' lang='grc' dir='ltr'>οὐκ</span> <span class='ocrx_word' id='word_1_401' title='bbox 610 4323 840 4392; x_wconf 78' lang='grc' dir='ltr'>ἔκτοπος</span> <span class='ocrx_word' id='word_1_402' title='bbox 883 4330 918 4398; x_wconf 79' lang='grc' dir='ltr'>ἡ</span> <span class='ocrx_word' id='word_1_403' title='bbox 962 4326 1171 4398; x_wconf 79' lang='grc' dir='ltr'>σύναξις</span> <span class='ocrx_word' id='word_1_404' title='bbox 1220 4326 1378 4399; x_wconf 74' lang='grc' dir='ltr'>αὕτη,</span> <span class='ocrx_word' id='word_1_405' title='bbox 1413 4326 1537 4383; x_wconf 74' lang='grc' dir='ltr'>οὐδὲ</span> <span class='ocrx_word' id='word_1_406' title='bbox 1584 4328 1635 4401; x_wconf 78' lang='grc' dir='ltr'><strong>ἐξ</strong></span> <span class='ocrx_word' id='word_1_407' title='bbox 1685 4327 1854 4384; x_wconf 80' lang='grc' dir='ltr'>ἄλλο·</span> 
     </span>
    </p>
   </div>
   <div class='ocr_carea' id='block_1_57' title="bbox 198 4414 1856 4494">
    <p class='ocr_par' dir='ltr' id='par_1_57' title="bbox 198 4414 1856 4494">
     <span class='ocr_line' id='line_1_57' title="bbox 198 4414 1856 4494; baseline 0 -21"><span class='ocrx_word' id='word_1_408' title='bbox 198 4414 385 4485; x_wconf 86' lang='grc' dir='ltr'>δαπῆς</span> <span class='ocrx_word' id='word_1_409' title='bbox 416 4416 743 4487; x_wconf 75' lang='grc' dir='ltr'>ἠσύνταξις,</span> <span class='ocrx_word' id='word_1_410' title='bbox 776 4414 922 4472; x_wconf 80' lang='grc' dir='ltr'>ἀλλὰ</span> <span class='ocrx_word' id='word_1_411' title='bbox 972 4416 1199 4492; x_wconf 85' lang='grc' dir='ltr'>στρατὸς</span> <span class='ocrx_word' id='word_1_412' title='bbox 1248 4417 1342 4491; x_wconf 74' lang='grc' dir='ltr'>μὲν</span> <span class='ocrx_word' id='word_1_413' title='bbox 1393 4417 1551 4482; x_wconf 85' lang='grc' dir='ltr'>οὗτος</span> <span class='ocrx_word' id='word_1_414' title='bbox 1605 4418 1856 4494; x_wconf 72' lang='grc' dir='ltr'>ἰθαγενὴς</span> 
     </span>
    </p>
   </div>
   <div class='ocr_carea' id='block_1_58' title="bbox 195 4502 1852 4583">
    <p class='ocr_par' dir='ltr' id='par_1_58' title="bbox 195 4502 1852 4583">
     <span class='ocr_line' id='line_1_58' title="bbox 195 4502 1852 4583; baseline 0 -22"><span class='ocrx_word' id='word_1_415' title='bbox 195 4502 516 4567; x_wconf 84' lang='grc' dir='ltr'>πολλοστὸς</span> <span class='ocrx_word' id='word_1_416' title='bbox 560 4503 610 4578; x_wconf 76' lang='grc' dir='ltr'><strong>ἐξ</strong></span> <span class='ocrx_word' id='word_1_417' title='bbox 663 4504 1037 4582; x_wconf 82' lang='grc' dir='ltr'>ήπείρου,καὶ</span> <span class='ocrx_word' id='word_1_418' title='bbox 1084 4510 1200 4568; x_wconf 92' lang='grc' dir='ltr'>τοῖς</span> <span class='ocrx_word' id='word_1_419' title='bbox 1256 4504 1529 4583; x_wconf 87' lang='grc' dir='ltr'>μεγίστοις</span> <span class='ocrx_word' id='word_1_420' title='bbox 1584 4511 1690 4562; x_wconf 82' lang='grc' dir='ltr'><strong>τῶν</strong></span> <span class='ocrx_word' id='word_1_421' title='bbox 1749 4508 1852 4561; x_wconf 90' lang='grc' dir='ltr'>πό-</span> 
     </span>
    </p>
   </div>
   <div class='ocr_carea' id='block_1_59' title="bbox 2035 1477 3610 1553">
    <p class='ocr_par' dir='ltr' id='par_1_59' title="bbox 2035 1477 3610 1553">
     <span class='ocr_line' id='line_1_59' title="bbox 2035 1477 3610 1553; baseline -0.001 -19"><span class='ocrx_word' id='word_1_422' title='bbox 2035 1479 2122 1536; x_wconf 91' lang='grc'><strong>11.</strong></span> <span class='ocrx_word' id='word_1_423' title='bbox 2154 1483 2270 1553; x_wconf 89' lang='lat' dir='ltr'><strong>Ego</strong></span> <span class='ocrx_word' id='word_1_424' title='bbox 2300 1496 2433 1536; x_wconf 89' lang='lat' dir='ltr'><strong>vero</strong></span> <span class='ocrx_word' id='word_1_425' title='bbox 2491 1478 2618 1535; x_wconf 88' lang='lat' dir='ltr'><strong>istis</strong></span> <span class='ocrx_word' id='word_1_426' title='bbox 2647 1478 2919 1552; x_wconf 90' lang='lat' dir='ltr'><strong>adjiciam</strong></span> <span class='ocrx_word' id='word_1_427' title='bbox 2979 1478 3138 1535; x_wconf 83' lang='lat' dir='ltr'><strong>aliud</strong></span> <span class='ocrx_word' id='word_1_428' title='bbox 3190 1478 3365 1535; x_wconf 89' lang='lat' dir='ltr'><strong>etiam</strong></span> <span class='ocrx_word' id='word_1_429' title='bbox 3417 1477 3610 1533; x_wconf 86' lang='lat' dir='ltr'><strong>admi-</strong></span> 
     </span>
    </p>
   </div>
   <div class='ocr_carea' id='block_1_60' title="bbox 1963 1566 3607 1641">
    <p class='ocr_par' dir='ltr' id='par_1_60' title="bbox 1963 1566 3607 1641">
     <span class='ocr_line' id='line_1_60' title="bbox 1963 1566 3607 1641; baseline -0.001 -18"><span class='ocrx_word' id='word_1_430' title='bbox 1963 1567 2188 1624; x_wconf 89' lang='lat' dir='ltr'><strong>ratione</strong></span> <span class='ocrx_word' id='word_1_431' title='bbox 2247 1569 2516 1641; x_wconf 89' lang='lat' dir='ltr'><strong>dignum,</strong></span> <span class='ocrx_word' id='word_1_432' title='bbox 2583 1584 2830 1640; x_wconf 90' lang='lat' dir='ltr'><strong>magnas</strong></span> <span class='ocrx_word' id='word_1_433' title='bbox 2879 1566 3011 1623; x_wconf 87' lang='lat' dir='ltr'><strong>illas</strong></span> <span class='ocrx_word' id='word_1_434' title='bbox 3076 1584 3254 1624; x_wconf 87' lang='lat' dir='ltr'><strong>naves</strong></span> <span class='ocrx_word' id='word_1_435' title='bbox 3291 1584 3438 1640; x_wconf 84' lang='lat' dir='ltr'><strong>quas</strong></span> <span class='ocrx_word' id='word_1_436' title='bbox 3496 1582 3607 1621; x_wconf 89' lang='lat' dir='ltr'><strong>nu-</strong></span> 
     </span>
    </p>
   </div>
   <div class='ocr_carea' id='block_1_61' title="bbox 1964 1656 3611 1732">
    <p class='ocr_par' dir='ltr' id='par_1_61' title="bbox 1964 1656 3611 1732">
     <span class='ocr_line' id='line_1_61' title="bbox 1964 1656 3611 1732; baseline -0.002 -16"><span class='ocrx_word' id='word_1_437' title='bbox 1964 1674 2065 1730; x_wconf 86' lang='lat' dir='ltr'><strong>per</strong></span> <span class='ocrx_word' id='word_1_438' title='bbox 2086 1659 2345 1715; x_wconf 88' lang='lat' dir='ltr'><strong>nondum</strong></span> <span class='ocrx_word' id='word_1_439' title='bbox 2377 1660 2660 1732; x_wconf 82' lang='lat' dir='ltr'><strong>perfectas</strong></span> <span class='ocrx_word' id='word_1_440' title='bbox 2710 1658 2884 1715; x_wconf 87' lang='lat' dir='ltr'><strong>hodie</strong></span> <span class='ocrx_word' id='word_1_441' title='bbox 2930 1657 3239 1731; x_wconf 89' lang='lat' dir='ltr'><strong>splendide</strong></span> <span class='ocrx_word' id='word_1_442' title='bbox 3288 1656 3611 1713; x_wconf 87' lang='lat' dir='ltr'><strong>instructas</strong></span> 
     </span>
    </p>
   </div>
   <div class='ocr_carea' id='block_1_62' title="bbox 1964 1745 3616 1819">
    <p class='ocr_par' dir='ltr' id='par_1_62' title="bbox 1964 1745 3616 1819">
     <span class='ocr_line' id='line_1_62' title="bbox 1964 1745 3616 1819; baseline -0.001 -17"><span class='ocrx_word' id='word_1_443' title='bbox 1964 1747 2176 1803; x_wconf 81' lang='lat' dir='ltr'><strong>fretum</strong></span> <span class='ocrx_word' id='word_1_444' title='bbox 2209 1751 2474 1803; x_wconf 91' lang='lat' dir='ltr'><strong>nostrum</strong></span> <span class='ocrx_word' id='word_1_445' title='bbox 2500 1746 2882 1819; x_wconf 85' lang='lat' dir='ltr'><strong>comparavit.</strong></span> <span class='ocrx_word' id='word_1_446' title='bbox 2915 1747 3125 1803; x_wconf 85' lang='lat' dir='ltr'><strong>Portus</strong></span> <span class='ocrx_word' id='word_1_447' title='bbox 3156 1745 3392 1818; x_wconf 89' lang='lat' dir='ltr'><strong>quidem</strong></span> <span class='ocrx_word' id='word_1_448' title='bbox 3426 1746 3496 1802; x_wconf 90' lang='lat' dir='ltr'><strong>ad</strong></span> <span class='ocrx_word' id='word_1_449' title='bbox 3530 1762 3616 1801; x_wconf 90' lang='lat' dir='ltr'><strong>se-</strong></span> 
     </span>
    </p>
   </div>
   <div class='ocr_carea' id='block_1_63' title="bbox 1966 1833 3610 1904">
    <p class='ocr_par' dir='ltr' id='par_1_63' title="bbox 1966 1833 3610 1904">
     <span class='ocr_line' id='line_1_63' title="bbox 1966 1833 3610 1904; baseline 0 -14"><span class='ocrx_word' id='word_1_450' title='bbox 1966 1836 2273 1891; x_wconf 80' lang='lat' dir='ltr'><strong>curitatem</strong></span> <span class='ocrx_word' id='word_1_451' title='bbox 2331 1835 2614 1891; x_wconf 89' lang='lat' dir='ltr'><strong>dilatatus</strong></span> <span class='ocrx_word' id='word_1_452' title='bbox 2671 1839 2730 1890; x_wconf 90' lang='lat' dir='ltr'><strong>et</strong></span> <span class='ocrx_word' id='word_1_453' title='bbox 2788 1834 3056 1889; x_wconf 90' lang='lat' dir='ltr'><strong>munitus</strong></span> <span class='ocrx_word' id='word_1_454' title='bbox 3106 1840 3215 1904; x_wconf 88' lang='lat' dir='ltr'><strong>est,</strong></span> <span class='ocrx_word' id='word_1_455' title='bbox 3297 1833 3409 1889; x_wconf 60' lang='lat' dir='ltr'><strong>illa;</strong></span> <span class='ocrx_word' id='word_1_456' title='bbox 3473 1850 3610 1890; x_wconf 89' lang='lat' dir='ltr'><strong>vero</strong></span> 
     </span>
    </p>
   </div>
   <div class='ocr_carea' id='block_1_64' title="bbox 1972 1922 3615 1996">
    <p class='ocr_par' dir='ltr' id='par_1_64' title="bbox 1972 1922 3615 1996">
     <span class='ocr_line' id='line_1_64' title="bbox 1972 1922 3615 1996; baseline 0.001 -19"><span class='ocrx_word' id='word_1_457' title='bbox 1972 1922 2347 1994; x_wconf 80' lang='lat' dir='ltr'><strong>pyrrhicham</strong></span> <span class='ocrx_word' id='word_1_458' title='bbox 2379 1940 2583 1996; x_wconf 84' lang='lat' dir='ltr'><strong>reapse</strong></span> <span class='ocrx_word' id='word_1_459' title='bbox 2614 1922 2991 1993; x_wconf 88' lang='lat' dir='ltr'><strong>saltabant,et</strong></span> <span class='ocrx_word' id='word_1_460' title='bbox 3011 1939 3305 1979; x_wconf 89' lang='lat' dir='ltr'><strong>remorum</strong></span> <span class='ocrx_word' id='word_1_461' title='bbox 3334 1938 3615 1979; x_wconf 85' lang='lat' dir='ltr'><strong>resonan-</strong></span> 
     </span>
    </p>
   </div>
   <div class='ocr_carea' id='block_1_65' title="bbox 1969 2011 3615 2084">
    <p class='ocr_par' dir='ltr' id='par_1_65' title="bbox 1969 2011 3615 2084">
     <span class='ocr_line' id='line_1_65' title="bbox 1969 2011 3615 2084; baseline 0.001 -19"><span class='ocrx_word' id='word_1_462' title='bbox 1969 2011 2054 2065; x_wconf 89' lang='lat' dir='ltr'><strong>tia</strong></span> <span class='ocrx_word' id='word_1_463' title='bbox 2082 2012 2379 2067; x_wconf 76' lang='lat' dir='ltr'><strong>concitatae</strong></span> <span class='ocrx_word' id='word_1_464' title='bbox 2401 2011 2566 2068; x_wconf 86' lang='lat' dir='ltr'><strong>valde</strong></span> <span class='ocrx_word' id='word_1_465' title='bbox 2588 2012 2925 2084; x_wconf 85' lang='lat' dir='ltr'><strong>strepebant</strong></span> <span class='ocrx_word' id='word_1_466' title='bbox 2953 2016 3321 2083; x_wconf 87' lang='lat' dir='ltr'><strong>terroresque</strong></span> <span class='ocrx_word' id='word_1_467' title='bbox 3343 2027 3615 2082; x_wconf 88' lang='lat' dir='ltr'><strong>persona-</strong></span> 
     </span>
    </p>
   </div>
   <div class='ocr_carea' id='block_1_66' title="bbox 1974 2099 3613 2174">
    <p class='ocr_par' dir='ltr' id='par_1_66' title="bbox 1974 2099 3613 2174">
     <span class='ocr_line' id='line_1_66' title="bbox 1974 2099 3613 2174; baseline 0.001 -21"><span class='ocrx_word' id='word_1_468' title='bbox 1974 2099 2115 2155; x_wconf 88' lang='lat' dir='ltr'><strong>bant</strong></span> <span class='ocrx_word' id='word_1_469' title='bbox 2134 2100 2351 2171; x_wconf 90' lang='lat' dir='ltr'><strong>quibus</strong></span> <span class='ocrx_word' id='word_1_470' title='bbox 2372 2101 2431 2155; x_wconf 92' lang='lat' dir='ltr'><strong>in</strong></span> <span class='ocrx_word' id='word_1_471' title='bbox 2454 2104 2716 2174; x_wconf 89' lang='lat' dir='ltr'><strong>tempore</strong></span> <span class='ocrx_word' id='word_1_472' title='bbox 2734 2101 2930 2156; x_wconf 82' lang='lat' dir='ltr'><strong>hostes</strong></span> <span class='ocrx_word' id='word_1_473' title='bbox 2954 2104 3171 2156; x_wconf 81' lang='lat' dir='ltr'><strong>arcent.</strong></span> <span class='ocrx_word' id='word_1_474' title='bbox 3203 2099 3498 2156; x_wconf 89' lang='lat' dir='ltr'><strong>Demetiar</strong></span> <span class='ocrx_word' id='word_1_475' title='bbox 3517 2116 3613 2155; x_wconf 89' lang='lat' dir='ltr'><strong>ea-</strong></span> 
     </span>
    </p>
   </div>
   <div class='ocr_carea' id='block_1_67' title="bbox 1971 2187 3613 2261">
    <p class='ocr_par' dir='ltr' id='par_1_67' title="bbox 1971 2187 3613 2261">
     <span class='ocr_line' id='line_1_67' title="bbox 1971 2187 3613 2261; baseline 0.001 -18"><span class='ocrx_word' id='word_1_476' title='bbox 1971 2204 2102 2243; x_wconf 89' lang='lat' dir='ltr'><strong>rum</strong></span> <span class='ocrx_word' id='word_1_477' title='bbox 2135 2190 2574 2245; x_wconf 84' lang='lat' dir='ltr'><strong>multitudinem</strong></span> <span class='ocrx_word' id='word_1_478' title='bbox 2607 2194 2806 2261; x_wconf 89' lang='lat' dir='ltr'><strong>utpote</strong></span> <span class='ocrx_word' id='word_1_479' title='bbox 2833 2187 3324 2245; x_wconf 83' lang='lat' dir='ltr'><strong>innumerabilem</strong></span> <span class='ocrx_word' id='word_1_480' title='bbox 3360 2189 3419 2243; x_wconf 92' lang='lat' dir='ltr'><strong>in</strong></span> <span class='ocrx_word' id='word_1_481' title='bbox 3452 2205 3613 2261; x_wconf 82' lang='lat' dir='ltr'><strong>myo-</strong></span> 
     </span>
    </p>
   </div>
   <div class='ocr_carea' id='block_1_68' title="bbox 1970 2276 3614 2350">
    <p class='ocr_par' dir='ltr' id='par_1_68' title="bbox 1970 2276 3614 2350">
     <span class='ocr_line' id='line_1_68' title="bbox 1970 2276 3614 2350; baseline 0.001 -17"><span class='ocrx_word' id='word_1_482' title='bbox 1970 2279 2312 2350; x_wconf 88' lang='lat' dir='ltr'><strong>paronibus,</strong></span> <span class='ocrx_word' id='word_1_483' title='bbox 2381 2278 2438 2333; x_wconf 90' lang='lat' dir='ltr'><strong>in</strong></span> <span class='ocrx_word' id='word_1_484' title='bbox 2493 2280 2814 2348; x_wconf 88' lang='lat' dir='ltr'><strong>velocibus,</strong></span> <span class='ocrx_word' id='word_1_485' title='bbox 2860 2278 2918 2333; x_wconf 92' lang='lat' dir='ltr'><strong>in</strong></span> <span class='ocrx_word' id='word_1_486' title='bbox 2973 2278 3314 2334; x_wconf 84' lang='lat' dir='ltr'><strong>triremibus</strong></span> <span class='ocrx_word' id='word_1_487' title='bbox 3363 2276 3614 2349; x_wconf 89' lang='lat' dir='ltr'><strong>aliisque</strong></span> 
     </span>
    </p>
   </div>
   <div class='ocr_carea' id='block_1_69' title="bbox 1971 2368 3614 2441">
    <p class='ocr_par' dir='ltr' id='par_1_69' title="bbox 1971 2368 3614 2441">
     <span class='ocr_line' id='line_1_69' title="bbox 1971 2368 3614 2441; baseline -0.001 -16"><span class='ocrx_word' id='word_1_488' title='bbox 1971 2369 2204 2425; x_wconf 90' lang='lat' dir='ltr'><strong>navium</strong></span> <span class='ocrx_word' id='word_1_489' title='bbox 2238 2370 2656 2435; x_wconf 74' lang='lat' dir='ltr'><strong>instructurum</strong></span> <span class='ocrx_word' id='word_1_490' title='bbox 2680 2368 3085 2441; x_wconf 89' lang='lat' dir='ltr'><strong>speciebus.Et</strong></span> <span class='ocrx_word' id='word_1_491' title='bbox 3105 2368 3221 2423; x_wconf 90' lang='lat' dir='ltr'><strong>illis</strong></span> <span class='ocrx_word' id='word_1_492' title='bbox 3240 2368 3354 2424; x_wconf 88' lang='lat' dir='ltr'><strong>ista</strong></span> <span class='ocrx_word' id='word_1_493' title='bbox 3383 2383 3614 2440; x_wconf 86' lang='lat' dir='ltr'><strong>quoque</strong></span> 
     </span>
    </p>
   </div>
   <div class='ocr_carea' id='block_1_70' title="bbox 1970 2456 3612 2529">
    <p class='ocr_par' dir='ltr' id='par_1_70' title="bbox 1970 2456 3612 2529">
     <span class='ocr_line' id='line_1_70' title="bbox 1970 2456 3612 2529; baseline -0.002 -14"><span class='ocrx_word' id='word_1_494' title='bbox 1970 2463 2142 2516; x_wconf 89' lang='lat' dir='ltr'><strong>erunt</strong></span> <span class='ocrx_word' id='word_1_495' title='bbox 2160 2459 2218 2514; x_wconf 91' lang='lat' dir='ltr'><strong>in</strong></span> <span class='ocrx_word' id='word_1_496' title='bbox 2238 2458 2870 2529; x_wconf 89' lang='lat' dir='ltr'><strong>miraculum.Tempus</strong></span> <span class='ocrx_word' id='word_1_497' title='bbox 2890 2474 3023 2513; x_wconf 86' lang='lat' dir='ltr'><strong>vero</strong></span> <span class='ocrx_word' id='word_1_498' title='bbox 3036 2473 3134 2513; x_wconf 89' lang='lat' dir='ltr'><strong>eos</strong></span> <span class='ocrx_word' id='word_1_499' title='bbox 3151 2456 3407 2528; x_wconf 87' lang='lat' dir='ltr'><strong>amplius</strong></span> <span class='ocrx_word' id='word_1_500' title='bbox 3435 2457 3612 2512; x_wconf 86' lang='lat' dir='ltr'><strong>etiam</strong></span> 
     </span>
    </p>
   </div>
   <div class='ocr_carea' id='block_1_71' title="bbox 1971 2545 3614 2621">
    <p class='ocr_par' dir='ltr' id='par_1_71' title="bbox 1971 2545 3614 2621">
     <span class='ocr_line' id='line_1_71' title="bbox 1971 2545 3614 2621; baseline -0.001 -17"><span class='ocrx_word' id='word_1_501' title='bbox 1971 2548 2317 2621; x_wconf 89' lang='lat' dir='ltr'><strong>stupefaciet</strong></span> <span class='ocrx_word' id='word_1_502' title='bbox 2338 2548 2630 2605; x_wconf 86' lang='lat' dir='ltr'><strong>discentes</strong></span> <span class='ocrx_word' id='word_1_503' title='bbox 2652 2547 2929 2620; x_wconf 91' lang='lat' dir='ltr'><strong>quoniam</strong></span> <span class='ocrx_word' id='word_1_504' title='bbox 2958 2546 3083 2603; x_wconf 91' lang='lat' dir='ltr'><strong>heri</strong></span> <span class='ocrx_word' id='word_1_505' title='bbox 3116 2547 3352 2618; x_wconf 87' lang='lat' dir='ltr'><strong>quidem</strong></span> <span class='ocrx_word' id='word_1_506' title='bbox 3372 2545 3614 2602; x_wconf 88' lang='lat' dir='ltr'><strong>bellicas</strong></span> 
     </span>
    </p>
   </div>
   <div class='ocr_carea' id='block_1_72' title="bbox 1969 2636 3617 2709">
    <p class='ocr_par' dir='ltr' id='par_1_72' title="bbox 1969 2636 3617 2709">
     <span class='ocr_line' id='line_1_72' title="bbox 1969 2636 3617 2709; baseline 0.001 -16"><span class='ocrx_word' id='word_1_507' title='bbox 1969 2638 2103 2694; x_wconf 90' lang='lat' dir='ltr'><strong>illas</strong></span> <span class='ocrx_word' id='word_1_508' title='bbox 2124 2655 2298 2695; x_wconf 87' lang='lat' dir='ltr'><strong>naves</strong></span> <span class='ocrx_word' id='word_1_509' title='bbox 2316 2638 2480 2693; x_wconf 89' lang='lat' dir='ltr'><strong>locus</strong></span> <span class='ocrx_word' id='word_1_510' title='bbox 2502 2637 2821 2709; x_wconf 85' lang='lat' dir='ltr'><strong>dispositus</strong></span> <span class='ocrx_word' id='word_1_511' title='bbox 2844 2638 2901 2692; x_wconf 92' lang='lat' dir='ltr'><strong>in</strong></span> <span class='ocrx_word' id='word_1_512' title='bbox 2921 2637 3291 2693; x_wconf 85' lang='lat' dir='ltr'><strong>securitatem</strong></span> <span class='ocrx_word' id='word_1_513' title='bbox 3306 2636 3617 2709; x_wconf 88' lang='lat' dir='ltr'><strong>amplecte-</strong></span> 
     </span>
    </p>
   </div>
   <div class='ocr_carea' id='block_1_73' title="bbox 1971 2724 3613 2797">
    <p class='ocr_par' dir='ltr' id='par_1_73' title="bbox 1971 2724 3613 2797">
     <span class='ocr_line' id='line_1_73' title="bbox 1971 2724 3613 2797; baseline -0.002 -13"><span class='ocrx_word' id='word_1_514' title='bbox 1971 2728 2269 2795; x_wconf 83' lang='lat' dir='ltr'><strong>batur,sed</strong></span> <span class='ocrx_word' id='word_1_515' title='bbox 2302 2727 2527 2783; x_wconf 66' lang='lat' dir='ltr'><strong>caeteris</strong></span> <span class='ocrx_word' id='word_1_516' title='bbox 2566 2726 2749 2783; x_wconf 88' lang='lat' dir='ltr'><strong>armis</strong></span> <span class='ocrx_word' id='word_1_517' title='bbox 2769 2742 2982 2781; x_wconf 89' lang='lat' dir='ltr'><strong>vacuas</strong></span> <span class='ocrx_word' id='word_1_518' title='bbox 2996 2742 3122 2797; x_wconf 69' lang='lat' dir='ltr'><strong>quae</strong></span> <span class='ocrx_word' id='word_1_519' title='bbox 3141 2742 3349 2781; x_wconf 88' lang='lat' dir='ltr'><strong>cursus</strong></span> <span class='ocrx_word' id='word_1_520' title='bbox 3372 2724 3613 2782; x_wconf 90' lang='lat' dir='ltr'><strong>velocio-</strong></span> 
     </span>
    </p>
   </div>
   <div class='ocr_carea' id='block_1_74' title="bbox 1970 2815 3617 2888">
    <p class='ocr_par' dir='ltr' id='par_1_74' title="bbox 1970 2815 3617 2888">
     <span class='ocr_line' id='line_1_74' title="bbox 1970 2815 3617 2888; baseline -0.001 -15"><span class='ocrx_word' id='word_1_521' title='bbox 1970 2834 2062 2873; x_wconf 89' lang='lat' dir='ltr'><strong>res</strong></span> <span class='ocrx_word' id='word_1_522' title='bbox 2076 2817 2383 2888; x_wconf 79' lang='lat' dir='ltr'><strong>faciunt,et</strong></span> <span class='ocrx_word' id='word_1_523' title='bbox 2402 2817 2659 2872; x_wconf 90' lang='lat' dir='ltr'><strong>nondum</strong></span> <span class='ocrx_word' id='word_1_524' title='bbox 2684 2815 2872 2873; x_wconf 87' lang='lat' dir='ltr'><strong>navali</strong></span> <span class='ocrx_word' id='word_1_525' title='bbox 2894 2816 3146 2872; x_wconf 85' lang='lat' dir='ltr'><strong>exercitu</strong></span> <span class='ocrx_word' id='word_1_526' title='bbox 3169 2815 3489 2871; x_wconf 87' lang='lat' dir='ltr'><strong>instructas</strong></span> <span class='ocrx_word' id='word_1_527' title='bbox 3512 2831 3617 2872; x_wconf 91' lang='lat' dir='ltr'><strong>nec</strong></span> 
     </span>
    </p>
   </div>
   <div class='ocr_carea' id='block_1_75' title="bbox 1970 2904 3615 2978">
    <p class='ocr_par' dir='ltr' id='par_1_75' title="bbox 1970 2904 3615 2978">
     <span class='ocr_line' id='line_1_75' title="bbox 1970 2904 3615 2978; baseline -0.001 -16"><span class='ocrx_word' id='word_1_528' title='bbox 1970 2905 2086 2963; x_wconf 88' lang='lat' dir='ltr'><strong>illis</strong></span> <span class='ocrx_word' id='word_1_529' title='bbox 2101 2907 2316 2978; x_wconf 90' lang='lat' dir='ltr'><strong>quibus</strong></span> <span class='ocrx_word' id='word_1_530' title='bbox 2348 2906 2513 2962; x_wconf 90' lang='lat' dir='ltr'><strong>navis</strong></span> <span class='ocrx_word' id='word_1_531' title='bbox 2538 2904 2968 2977; x_wconf 87' lang='lat' dir='ltr'><strong>impelliturvel</strong></span> <span class='ocrx_word' id='word_1_532' title='bbox 2999 2904 3387 2961; x_wconf 89' lang='lat' dir='ltr'><strong>committitur</strong></span> <span class='ocrx_word' id='word_1_533' title='bbox 3415 2920 3615 2977; x_wconf 85' lang='lat' dir='ltr'><strong>pugna</strong></span> 
     </span>
    </p>
   </div>
   <div class='ocr_carea' id='block_1_76' title="bbox 1970 2991 3613 3067">
    <p class='ocr_par' dir='ltr' id='par_1_76' title="bbox 1970 2991 3613 3067">
     <span class='ocr_line' id='line_1_76' title="bbox 1970 2991 3613 3067; baseline -0.002 -16"><span class='ocrx_word' id='word_1_534' title='bbox 1970 2993 3026 3067; x_wconf 76' lang='lat' dir='ltr'><strong>adornatasEquidemitaheri.Mane</strong></span> <span class='ocrx_word' id='word_1_535' title='bbox 3056 2996 3253 3047; x_wconf 87' lang='lat' dir='ltr'><strong>autem</strong></span> <span class='ocrx_word' id='word_1_536' title='bbox 3282 2991 3443 3047; x_wconf 78' lang='lat' dir='ltr'><strong>fulsit</strong></span> <span class='ocrx_word' id='word_1_537' title='bbox 3465 2992 3613 3062; x_wconf 89' lang='lat' dir='ltr'><strong>dies,</strong></span> 
     </span>
    </p>
   </div>
   <div class='ocr_carea' id='block_1_77' title="bbox 1970 3082 3615 3157">
    <p class='ocr_par' dir='ltr' id='par_1_77' title="bbox 1970 3082 3615 3157">
     <span class='ocr_line' id='line_1_77' title="bbox 1970 3082 3615 3157; baseline -0.001 -16"><span class='ocrx_word' id='word_1_538' title='bbox 1970 3090 2028 3141; x_wconf 90' lang='lat' dir='ltr'><strong>et</strong></span> <span class='ocrx_word' id='word_1_539' title='bbox 2082 3085 2521 3157; x_wconf 85' lang='lat' dir='ltr'><strong>imperatorium</strong></span> <span class='ocrx_word' id='word_1_540' title='bbox 2581 3084 2738 3139; x_wconf 87' lang='lat' dir='ltr'><strong>venit</strong></span> <span class='ocrx_word' id='word_1_541' title='bbox 2796 3082 3367 3154; x_wconf 89' lang='lat' dir='ltr'><strong>mandatum,idque</strong></span> <span class='ocrx_word' id='word_1_542' title='bbox 3396 3098 3465 3137; x_wconf 80' lang='lat' dir='ltr'><strong>ex</strong></span> <span class='ocrx_word' id='word_1_543' title='bbox 3518 3099 3615 3139; x_wconf 86' lang='lat' dir='ltr'><strong>nc—</strong></span> 
     </span>
    </p>
   </div>
   <div class='ocr_carea' id='block_1_78' title="bbox 1970 3171 3617 3239">
    <p class='ocr_par' dir='ltr' id='par_1_78' title="bbox 1970 3171 3617 3239">
     <span class='ocr_line' id='line_1_78' title="bbox 1970 3171 3617 3239; baseline -0.002 -8"><span class='ocrx_word' id='word_1_544' title='bbox 1970 3175 2259 3231; x_wconf 86' lang='lat' dir='ltr'><strong>cessitate.</strong></span> <span class='ocrx_word' id='word_1_545' title='bbox 2292 3175 2505 3231; x_wconf 81' lang='lat' dir='ltr'><strong>Refecti</strong></span> <span class='ocrx_word' id='word_1_546' title='bbox 2538 3178 2677 3230; x_wconf 88' lang='lat' dir='ltr'><strong>sunt</strong></span> <span class='ocrx_word' id='word_1_547' title='bbox 2704 3172 3031 3230; x_wconf 85' lang='lat' dir='ltr'><strong>triremium</strong></span> <span class='ocrx_word' id='word_1_548' title='bbox 3073 3171 3334 3227; x_wconf 88' lang='lat' dir='ltr'><strong>defectus</strong></span> <span class='ocrx_word' id='word_1_549' title='bbox 3352 3176 3617 3239; x_wconf 88' lang='lat' dir='ltr'><strong>;vacuata</strong></span> 
     </span>
    </p>
   </div>
   <div class='ocr_carea' id='block_1_79' title="bbox 1970 3259 3615 3334">
    <p class='ocr_par' dir='ltr' id='par_1_79' title="bbox 1970 3259 3615 3334">
     <span class='ocr_line' id='line_1_79' title="bbox 1970 3259 3615 3334; baseline -0.003 -13"><span class='ocrx_word' id='word_1_550' title='bbox 1970 3269 2163 3321; x_wconf 86' lang='lat' dir='ltr'><strong>autem</strong></span> <span class='ocrx_word' id='word_1_551' title='bbox 2194 3263 2419 3319; x_wconf 88' lang='lat' dir='ltr'><strong>navalia</strong></span> <span class='ocrx_word' id='word_1_552' title='bbox 2443 3281 2456 3331; x_wconf 92' lang='lat'><strong>;</strong></span> <span class='ocrx_word' id='word_1_553' title='bbox 2483 3267 2541 3319; x_wconf 91' lang='lat' dir='ltr'><strong>et</strong></span> <span class='ocrx_word' id='word_1_554' title='bbox 2568 3261 2821 3334; x_wconf 86' lang='lat' dir='ltr'><strong>expediti</strong></span> <span class='ocrx_word' id='word_1_555' title='bbox 2861 3264 3149 3317; x_wconf 88' lang='lat' dir='ltr'><strong>steterunt</strong></span> <span class='ocrx_word' id='word_1_556' title='bbox 3178 3259 3416 3328; x_wconf 88' lang='lat' dir='ltr'><strong>milites,</strong></span> <span class='ocrx_word' id='word_1_557' title='bbox 3465 3261 3615 3316; x_wconf 85' lang='lat' dir='ltr'><strong>muti</strong></span> 
     </span>
    </p>
   </div>
   <div class='ocr_carea' id='block_1_80' title="bbox 1969 3347 3609 3425">
    <p class='ocr_par' dir='ltr' id='par_1_80' title="bbox 1969 3347 3609 3425">
     <span class='ocr_line' id='line_1_80' title="bbox 1969 3347 3609 3425; baseline -0.004 -15"><span class='ocrx_word' id='word_1_558' title='bbox 1969 3370 2102 3410; x_wconf 88' lang='lat' dir='ltr'><strong>vero</strong></span> <span class='ocrx_word' id='word_1_559' title='bbox 2124 3356 2500 3425; x_wconf 86' lang='lat' dir='ltr'><strong>spectatores.</strong></span> <span class='ocrx_word' id='word_1_560' title='bbox 2526 3349 2835 3423; x_wconf 85' lang='lat' dir='ltr'><strong>Propontis</strong></span> <span class='ocrx_word' id='word_1_561' title='bbox 2854 3348 2999 3405; x_wconf 89' lang='lat' dir='ltr'><strong>nihil</strong></span> <span class='ocrx_word' id='word_1_562' title='bbox 3020 3347 3394 3405; x_wconf 89' lang='lat' dir='ltr'><strong>suhostendit</strong></span> <span class='ocrx_word' id='word_1_563' title='bbox 3415 3365 3609 3420; x_wconf 67' lang='lat' dir='ltr'><strong>equo-</strong></span> 
     </span>
    </p>
   </div>
   <div class='ocr_carea' id='block_1_81' title="bbox 1969 3437 3606 3512">
    <p class='ocr_par' dir='ltr' id='par_1_81' title="bbox 1969 3437 3606 3512">
     <span class='ocr_line' id='line_1_81' title="bbox 1969 3437 3606 3512; baseline -0.004 -13"><span class='ocrx_word' id='word_1_564' title='bbox 1969 3443 2070 3499; x_wconf 88' lang='lat' dir='ltr'><strong>ris.</strong></span> <span class='ocrx_word' id='word_1_565' title='bbox 2101 3443 2329 3498; x_wconf 78' lang='lat' dir='ltr'><strong>Diceret</strong></span> <span class='ocrx_word' id='word_1_566' title='bbox 2359 3441 2493 3512; x_wconf 83' lang='lat' dir='ltr'><strong>quis</strong></span> <span class='ocrx_word' id='word_1_567' title='bbox 2525 3446 2793 3496; x_wconf 82' lang='lat' dir='ltr'><strong>nostrum</strong></span> <span class='ocrx_word' id='word_1_568' title='bbox 2822 3438 2967 3495; x_wconf 90' lang='lat' dir='ltr'><strong>illud</strong></span> <span class='ocrx_word' id='word_1_569' title='bbox 2999 3455 3162 3495; x_wconf 76' lang='lat' dir='ltr'><strong>mare</strong></span> <span class='ocrx_word' id='word_1_570' title='bbox 3218 3437 3349 3493; x_wconf 89' lang='lat' dir='ltr'><strong>urbi</strong></span> <span class='ocrx_word' id='word_1_571' title='bbox 3381 3453 3606 3510; x_wconf 63' lang='lat' dir='ltr'><strong>magnas</strong></span> 
     </span>
    </p>
   </div>
   <div class='ocr_carea' id='block_1_82' title="bbox 1966 3525 3608 3603">
    <p class='ocr_par' dir='ltr' id='par_1_82' title="bbox 1966 3525 3608 3603">
     <span class='ocr_line' id='line_1_82' title="bbox 1966 3525 3608 3603; baseline -0.005 -15"><span class='ocrx_word' id='word_1_572' title='bbox 1966 3548 2095 3588; x_wconf 87' lang='lat' dir='ltr'><strong>esse</strong></span> <span class='ocrx_word' id='word_1_573' title='bbox 2116 3531 2328 3601; x_wconf 90' lang='lat' dir='ltr'><strong>simile,</strong></span> <span class='ocrx_word' id='word_1_574' title='bbox 2363 3532 2639 3603; x_wconf 85' lang='lat' dir='ltr'><strong>frequens</strong></span> <span class='ocrx_word' id='word_1_575' title='bbox 2669 3528 2821 3586; x_wconf 80' lang='lat' dir='ltr'><strong>sicut</strong></span> <span class='ocrx_word' id='word_1_576' title='bbox 2853 3529 2966 3585; x_wconf 89' lang='lat' dir='ltr'><strong>ista</strong></span> <span class='ocrx_word' id='word_1_577' title='bbox 2995 3527 3278 3599; x_wconf 63' lang='lat' dir='ltr'><strong>adificiis,</strong></span> <span class='ocrx_word' id='word_1_578' title='bbox 3327 3526 3408 3582; x_wconf 89' lang='lat' dir='ltr'><strong>ita</strong></span> <span class='ocrx_word' id='word_1_579' title='bbox 3462 3525 3608 3581; x_wconf 84' lang='lat' dir='ltr'><strong>illud</strong></span> 
     </span>
    </p>
   </div>
   <div class='ocr_carea' id='block_1_83' title="bbox 1966 3613 3604 3690">
    <p class='ocr_par' dir='ltr' id='par_1_83' title="bbox 1966 3613 3604 3690">
     <span class='ocr_line' id='line_1_83' title="bbox 1966 3613 3604 3690; baseline -0.006 -13"><span class='ocrx_word' id='word_1_580' title='bbox 1966 3620 2242 3677; x_wconf 88' lang='lat' dir='ltr'><strong>domibus</strong></span> <span class='ocrx_word' id='word_1_581' title='bbox 2305 3619 2643 3676; x_wconf 90' lang='lat' dir='ltr'><strong>mobilibus.</strong></span> <span class='ocrx_word' id='word_1_582' title='bbox 2677 3619 2815 3674; x_wconf 88' lang='lat' dir='ltr'><strong>Erat</strong></span> <span class='ocrx_word' id='word_1_583' title='bbox 2838 3618 3080 3690; x_wconf 88' lang='lat' dir='ltr'><strong>proinde</strong></span> <span class='ocrx_word' id='word_1_584' title='bbox 3112 3616 3306 3687; x_wconf 84' lang='lat' dir='ltr'><strong>imago</strong></span> <span class='ocrx_word' id='word_1_585' title='bbox 3340 3613 3604 3669; x_wconf 66' lang='lat' dir='ltr'><strong>maxime</strong></span> 
     </span>
    </p>
   </div>
   <div class='ocr_carea' id='block_1_84' title="bbox 1967 3703 3603 3775">
    <p class='ocr_par' dir='ltr' id='par_1_84' title="bbox 1967 3703 3603 3775">
     <span class='ocr_line' id='line_1_84' title="bbox 1967 3703 3603 3775; baseline -0.006 -9"><span class='ocrx_word' id='word_1_586' title='bbox 1967 3709 2351 3766; x_wconf 61' lang='lat' dir='ltr'><strong>naumachias.</strong></span> <span class='ocrx_word' id='word_1_587' title='bbox 2383 3713 2562 3764; x_wconf 86' lang='lat' dir='ltr'><strong>Sonat</strong></span> <span class='ocrx_word' id='word_1_588' title='bbox 2592 3707 2755 3775; x_wconf 88' lang='lat' dir='ltr'><strong>tuba,</strong></span> <span class='ocrx_word' id='word_1_589' title='bbox 2786 3710 3022 3763; x_wconf 87' lang='lat' dir='ltr'><strong>resonat</strong></span> <span class='ocrx_word' id='word_1_590' title='bbox 3050 3709 3107 3760; x_wconf 89' lang='lat' dir='ltr'><strong>et</strong></span> <span class='ocrx_word' id='word_1_591' title='bbox 3146 3703 3478 3775; x_wconf 82' lang='lat' dir='ltr'><strong>remigium,</strong></span> <span class='ocrx_word' id='word_1_592' title='bbox 3507 3718 3603 3757; x_wconf 81' lang='lat' dir='ltr'><strong>ex-</strong></span> 
     </span>
    </p>
   </div>
   <div class='ocr_carea' id='block_1_85' title="bbox 1967 3791 3607 3873">
    <p class='ocr_par' dir='ltr' id='par_1_85' title="bbox 1967 3791 3607 3873">
     <span class='ocr_line' id='line_1_85' title="bbox 1967 3791 3607 3873; baseline -0.005 -18"><span class='ocrx_word' id='word_1_593' title='bbox 1967 3799 2262 3873; x_wconf 89' lang='lat' dir='ltr'><strong>plicantur</strong></span> <span class='ocrx_word' id='word_1_594' title='bbox 2285 3814 2515 3866; x_wconf 84' lang='lat' dir='ltr'><strong>cursus,</strong></span> <span class='ocrx_word' id='word_1_595' title='bbox 2547 3794 2808 3851; x_wconf 88' lang='lat' dir='ltr'><strong>clamant</strong></span> <span class='ocrx_word' id='word_1_596' title='bbox 2836 3791 3392 3861; x_wconf 87' lang='lat' dir='ltr'><strong>navarchi,emicant</strong></span> <span class='ocrx_word' id='word_1_597' title='bbox 3423 3808 3607 3864; x_wconf 85' lang='lat' dir='ltr'><strong>arma,</strong></span> 
     </span>
    </p>
   </div>
   <div class='ocr_carea' id='block_1_86' title="bbox 1965 3882 3609 3956">
    <p class='ocr_par' dir='ltr' id='par_1_86' title="bbox 1965 3882 3609 3956">
     <span class='ocr_line' id='line_1_86' title="bbox 1965 3882 3609 3956; baseline -0.007 -9"><span class='ocrx_word' id='word_1_598' title='bbox 1965 3891 2226 3947; x_wconf 89' lang='lat' dir='ltr'><strong>fremunt</strong></span> <span class='ocrx_word' id='word_1_599' title='bbox 2254 3887 2491 3955; x_wconf 87' lang='lat' dir='ltr'><strong>milites,</strong></span> <span class='ocrx_word' id='word_1_600' title='bbox 2524 3903 2639 3942; x_wconf 92' lang='lat' dir='ltr'><strong>uno</strong></span> <span class='ocrx_word' id='word_1_601' title='bbox 2664 3887 2836 3943; x_wconf 89' lang='lat' dir='ltr'><strong>verbo</strong></span> <span class='ocrx_word' id='word_1_602' title='bbox 2867 3883 3012 3940; x_wconf 89' lang='lat' dir='ltr'><strong>nihil</strong></span> <span class='ocrx_word' id='word_1_603' title='bbox 3045 3898 3252 3956; x_wconf 63' lang='lat' dir='ltr'><strong>pugna:</strong></span> <span class='ocrx_word' id='word_1_604' title='bbox 3281 3882 3479 3938; x_wconf 82' lang='lat' dir='ltr'><strong>deﬁcit</strong></span> <span class='ocrx_word' id='word_1_605' title='bbox 3520 3882 3609 3937; x_wconf 92' lang='lat' dir='ltr'><strong>ni-</strong></span> 
     </span>
    </p>
   </div>
   <div class='ocr_carea' id='block_1_87' title="bbox 1964 3971 3605 4051">
    <p class='ocr_par' dir='ltr' id='par_1_87' title="bbox 1964 3971 3605 4051">
     <span class='ocr_line' id='line_1_87' title="bbox 1964 3971 3605 4051; baseline -0.005 -16"><span class='ocrx_word' id='word_1_606' title='bbox 1964 3978 2198 4051; x_wconf 89' lang='lat' dir='ltr'><strong>siquod</strong></span> <span class='ocrx_word' id='word_1_607' title='bbox 2233 3977 2421 4033; x_wconf 88' lang='lat' dir='ltr'><strong>hostis</strong></span> <span class='ocrx_word' id='word_1_608' title='bbox 2445 3993 2562 4032; x_wconf 93' lang='lat' dir='ltr'><strong>non</strong></span> <span class='ocrx_word' id='word_1_609' title='bbox 2615 3990 2683 4029; x_wconf 79' lang='lat' dir='ltr'><strong>ex</strong></span> <span class='ocrx_word' id='word_1_610' title='bbox 2726 3974 2966 4029; x_wconf 88' lang='lat' dir='ltr'><strong>adverso</strong></span> <span class='ocrx_word' id='word_1_611' title='bbox 3026 3976 3160 4029; x_wconf 90' lang='lat' dir='ltr'><strong>stet.</strong></span> <span class='ocrx_word' id='word_1_612' title='bbox 3216 3971 3442 4035; x_wconf 86' lang='lat' dir='ltr'><strong>Quibus</strong></span> <span class='ocrx_word' id='word_1_613' title='bbox 3500 3971 3605 4027; x_wconf 87' lang='lat' dir='ltr'><strong>ad-</strong></span> 
     </span>
    </p>
   </div>
   <div class='ocr_carea' id='block_1_88' title="bbox 1967 4059 3609 4138">
    <p class='ocr_par' dir='ltr' id='par_1_88' title="bbox 1967 4059 3609 4138">
     <span class='ocr_line' id='line_1_88' title="bbox 1967 4059 3609 4138; baseline -0.004 -14"><span class='ocrx_word' id='word_1_614' title='bbox 1967 4068 2205 4124; x_wconf 92' lang='lat' dir='ltr'><strong>modum</strong></span> <span class='ocrx_word' id='word_1_615' title='bbox 2238 4065 2589 4138; x_wconf 81' lang='lat' dir='ltr'><strong>prodigiosis</strong></span> <span class='ocrx_word' id='word_1_616' title='bbox 2620 4062 2942 4136; x_wconf 83' lang='lat' dir='ltr'><strong>explanans</strong></span> <span class='ocrx_word' id='word_1_617' title='bbox 2982 4061 3195 4117; x_wconf 87' lang='lat' dir='ltr'><strong>addam</strong></span> <span class='ocrx_word' id='word_1_618' title='bbox 3244 4059 3393 4117; x_wconf 88' lang='lat' dir='ltr'><strong>istas</strong></span> <span class='ocrx_word' id='word_1_619' title='bbox 3451 4061 3609 4117; x_wconf 84' lang='lat' dir='ltr'><strong>acies</strong></span> 
     </span>
    </p>
   </div>
   <div class='ocr_carea' id='block_1_89' title="bbox 1964 4149 3607 4228">
    <p class='ocr_par' dir='ltr' id='par_1_89' title="bbox 1964 4149 3607 4228">
     <span class='ocr_line' id='line_1_89' title="bbox 1964 4149 3607 4228; baseline -0.004 -15"><span class='ocrx_word' id='word_1_620' title='bbox 1964 4171 2340 4228; x_wconf 86' lang='lat' dir='ltr'><strong>nequaquam</strong></span> <span class='ocrx_word' id='word_1_621' title='bbox 2372 4171 2501 4211; x_wconf 85' lang='lat' dir='ltr'><strong>esse</strong></span> <span class='ocrx_word' id='word_1_622' title='bbox 2533 4153 2753 4209; x_wconf 87' lang='lat' dir='ltr'><strong>alienas</strong></span> <span class='ocrx_word' id='word_1_623' title='bbox 2785 4166 2972 4224; x_wconf 89' lang='lat' dir='ltr'><strong>neque</strong></span> <span class='ocrx_word' id='word_1_624' title='bbox 3031 4153 3336 4207; x_wconf 88' lang='lat' dir='ltr'><strong>extraneas</strong></span> <span class='ocrx_word' id='word_1_625' title='bbox 3364 4149 3607 4223; x_wconf 81' lang='lat' dir='ltr'><strong>&#39;copias,</strong></span> 
     </span>
    </p>
   </div>
   <div class='ocr_carea' id='block_1_90' title="bbox 1962 4238 3607 4314">
    <p class='ocr_par' dir='ltr' id='par_1_90' title="bbox 1962 4238 3607 4314">
     <span class='ocr_line' id='line_1_90' title="bbox 1962 4238 3607 4314; baseline -0.006 -12"><span class='ocrx_word' id='word_1_626' title='bbox 1962 4245 2065 4302; x_wconf 90' lang='lat' dir='ltr'><strong>sed</strong></span> <span class='ocrx_word' id='word_1_627' title='bbox 2086 4248 2196 4301; x_wconf 85' lang='lat' dir='ltr'><strong>iste</strong></span> <span class='ocrx_word' id='word_1_628' title='bbox 2226 4243 2513 4300; x_wconf 83' lang='lat' dir='ltr'><strong>exercitus</strong></span> <span class='ocrx_word' id='word_1_629' title='bbox 2546 4241 2821 4314; x_wconf 88' lang='lat' dir='ltr'><strong>indigena</strong></span> <span class='ocrx_word' id='word_1_630' title='bbox 2843 4244 2899 4296; x_wconf 92' lang='lat' dir='ltr'><strong>et</strong></span> <span class='ocrx_word' id='word_1_631' title='bbox 2929 4238 3134 4311; x_wconf 87' lang='lat' dir='ltr'><strong>majori</strong></span> <span class='ocrx_word' id='word_1_632' title='bbox 3200 4242 3364 4311; x_wconf 88' lang='lat' dir='ltr'><strong>parte</strong></span> <span class='ocrx_word' id='word_1_633' title='bbox 3422 4238 3607 4294; x_wconf 87' lang='lat' dir='ltr'><strong>conti-</strong></span> 
     </span>
    </p>
   </div>
   <div class='ocr_carea' id='block_1_91' title="bbox 1964 4328 3671 4399">
    <p class='ocr_par' dir='ltr' id='par_1_91' title="bbox 1964 4328 3671 4399">
     <span class='ocr_line' id='line_1_91' title="bbox 1964 4328 3671 4399; baseline -0.004 -9"><span class='ocrx_word' id='word_1_634' title='bbox 1964 4337 2139 4391; x_wconf 88' lang='lat' dir='ltr'><strong>nente</strong></span> <span class='ocrx_word' id='word_1_635' title='bbox 2177 4336 2436 4398; x_wconf 81' lang='lat' dir='ltr'><strong>exortus,</strong></span> <span class='ocrx_word' id='word_1_636' title='bbox 2487 4331 2721 4387; x_wconf 89' lang='lat' dir='ltr'><strong>urbium</strong></span> <span class='ocrx_word' id='word_1_637' title='bbox 2782 4329 3056 4385; x_wconf 81' lang='lat' dir='ltr'><strong>maximis</strong></span> <span class='ocrx_word' id='word_1_638' title='bbox 3123 4328 3441 4394; x_wconf 88' lang='lat' dir='ltr'><strong>enutritus,</strong></span> <span class='ocrx_word' id='word_1_639' title='bbox 3501 4344 3607 4384; x_wconf 90' lang='lat' dir='ltr'><strong>nec</strong></span> <span class='ocrx_word' id='word_1_640' title='bbox 3662 4390 3671 4399; x_wconf 38' lang='lat'><strong>,</strong></span> 
     </span>
    </p>
   </div>
   <div class='ocr_carea' id='block_1_92' title="bbox 1963 4418 3607 4495">
    <p class='ocr_par' dir='ltr' id='par_1_92' title="bbox 1963 4418 3607 4495">
     <span class='ocr_line' id='line_1_92' title="bbox 1963 4418 3607 4495; baseline -0.005 -15"><span class='ocrx_word' id='word_1_641' title='bbox 1963 4440 2132 4482; x_wconf 88' lang='lat' dir='ltr'><strong>suam</strong></span> <span class='ocrx_word' id='word_1_642' title='bbox 2162 4439 2425 4495; x_wconf 91' lang='lat' dir='ltr'><strong>unquam</strong></span> <span class='ocrx_word' id='word_1_643' title='bbox 2456 4419 2874 4493; x_wconf 84' lang='lat' dir='ltr'><strong>dereliquerint</strong></span> <span class='ocrx_word' id='word_1_644' title='bbox 2898 4418 3170 4493; x_wconf 85' lang='lat' dir='ltr'><strong>patriam,</strong></span> <span class='ocrx_word' id='word_1_645' title='bbox 3204 4434 3379 4473; x_wconf 89' lang='lat' dir='ltr'><strong>naves</strong></span> <span class='ocrx_word' id='word_1_646' title='bbox 3409 4420 3607 4473; x_wconf 89' lang='lat' dir='ltr'><strong>autem</strong></span> 
     </span>
    </p>
   </div>
   <div class='ocr_carea' id='block_1_93' title="bbox 1962 4505 3606 4584">
    <p class='ocr_par' dir='ltr' id='par_1_93' title="bbox 1962 4505 3606 4584">
     <span class='ocr_line' id='line_1_93' title="bbox 1962 4505 3606 4584; baseline -0.006 -15"><span class='ocrx_word' id='word_1_647' title='bbox 1962 4529 2031 4569; x_wconf 81' lang='lat' dir='ltr'><strong>ex</strong></span> <span class='ocrx_word' id='word_1_648' title='bbox 2064 4512 2343 4584; x_wconf 81' lang='lat' dir='ltr'><strong>proximis</strong></span> <span class='ocrx_word' id='word_1_649' title='bbox 2372 4511 2698 4581; x_wconf 90' lang='lat' dir='ltr'><strong>vicinisque</strong></span> <span class='ocrx_word' id='word_1_650' title='bbox 2730 4509 2873 4565; x_wconf 91' lang='lat' dir='ltr'><strong>locis</strong></span> <span class='ocrx_word' id='word_1_651' title='bbox 2902 4525 3052 4579; x_wconf 92' lang='lat' dir='ltr'><strong>quos</strong></span> <span class='ocrx_word' id='word_1_652' title='bbox 3083 4523 3188 4579; x_wconf 87' lang='lat' dir='ltr'><strong>per</strong></span> <span class='ocrx_word' id='word_1_653' title='bbox 3216 4522 3400 4562; x_wconf 92' lang='lat' dir='ltr'><strong>unum</strong></span> <span class='ocrx_word' id='word_1_654' title='bbox 3443 4505 3606 4560; x_wconf 91' lang='lat' dir='ltr'><strong>diur-</strong></span> 
     </span>
    </p>
   </div>
   <div class='ocr_carea' id='block_1_94' title="bbox 200 4576 1871 4670">
    <p class='ocr_par' dir='ltr' id='par_1_94' title="bbox 200 4576 1851 4670">
     <span class='ocr_line' id='line_1_94' title="bbox 200 4576 1851 4670; baseline 0.002 -21"><span class='ocrx_word' id='word_1_655' title='bbox 200 4592 346 4650; x_wconf 87' lang='grc' dir='ltr'>λεων</span> <span class='ocrx_word' id='word_1_656' title='bbox 418 4576 710 4670; x_wconf 76' lang='grc' dir='ltr'>τρόφιμος,</span> <span class='ocrx_word' id='word_1_657' title='bbox 770 4576 859 4650; x_wconf 80' lang='grc' dir='ltr'><strong>καὶ</strong></span> <span class='ocrx_word' id='word_1_658' title='bbox 901 4576 1095 4665; x_wconf 71' lang='grc' dir='ltr'>αὐτὴν</span> <span class='ocrx_word' id='word_1_659' title='bbox 1168 4576 1465 4651; x_wconf 69' lang='grc' dir='ltr'>ἔπιλείπων</span> <span class='ocrx_word' id='word_1_660' title='bbox 1547 4594 1851 4653; x_wconf 70' lang='grc' dir='ltr'>οὐδέποτε*</span> 
     </span>
    </p>
   </div>
   <div class='ocr_carea' id='block_1_95' title="bbox 1967 4576 3606 4670">
    <p class='ocr_par' dir='ltr' id='par_1_95' title="bbox 1967 4593 3606 4667">
     <span class='ocr_line' id='line_1_95' title="bbox 1967 4593 3606 4667; baseline -0.005 -10"><span class='ocrx_word' id='word_1_661' title='bbox 1967 4618 2103 4657; x_wconf 90' lang='lat' dir='ltr'><strong>num</strong></span> <span class='ocrx_word' id='word_1_662' title='bbox 2136 4601 2319 4657; x_wconf 90' lang='lat' dir='ltr'><strong>solem</strong></span> <span class='ocrx_word' id='word_1_663' title='bbox 2347 4599 2684 4656; x_wconf 90' lang='lat' dir='ltr'><strong>circumiret</strong></span> <span class='ocrx_word' id='word_1_664' title='bbox 2716 4600 2921 4654; x_wconf 87' lang='lat' dir='ltr'><strong>viator.</strong></span> <span class='ocrx_word' id='word_1_665' title='bbox 2970 4595 3130 4652; x_wconf 87' lang='lat' dir='ltr'><strong>Talia</strong></span> <span class='ocrx_word' id='word_1_666' title='bbox 3179 4594 3416 4667; x_wconf 89' lang='lat' dir='ltr'><strong>quidem</strong></span> <span class='ocrx_word' id='word_1_667' title='bbox 3475 4593 3606 4650; x_wconf 93' lang='lat' dir='ltr'><strong>dico</strong></span> 
     </span>
    </p>
   </div>
   <div class='ocr_carea' id='block_1_96' title="bbox 201 4680 1852 4760">
    <p class='ocr_par' dir='ltr' id='par_1_96' title="bbox 201 4680 1852 4760">
     <span class='ocr_line' id='line_1_96' title="bbox 201 4680 1852 4760; baseline 0.002 -22"><span class='ocrx_word' id='word_1_668' title='bbox 201 4684 260 4739; x_wconf 72' lang='grc' dir='ltr'>αἱ</span> <span class='ocrx_word' id='word_1_669' title='bbox 294 4680 353 4738; x_wconf 72' lang='grc' dir='ltr'>δὲ</span> <span class='ocrx_word' id='word_1_670' title='bbox 390 4689 518 4753; x_wconf 82' lang='grc' dir='ltr'>νῆες</span> <span class='ocrx_word' id='word_1_671' title='bbox 548 4683 609 4739; x_wconf 82' lang='grc' dir='ltr'>ἐκ</span> <span class='ocrx_word' id='word_1_672' title='bbox 635 4691 735 4755; x_wconf 85' lang='grc' dir='ltr'><strong>τῆς</strong></span> <span class='ocrx_word' id='word_1_673' title='bbox 781 4683 1062 4760; x_wconf 69' lang='grc' dir='ltr'>ἐγγυτάτω</span> <span class='ocrx_word' id='word_1_674' title='bbox 1109 4685 1450 4760; x_wconf 86' lang='grc' dir='ltr'>περιχώρου,</span> <span class='ocrx_word' id='word_1_675' title='bbox 1483 4687 1545 4755; x_wconf 82' lang='grc' dir='ltr'>ἣν</span> <span class='ocrx_word' id='word_1_676' title='bbox 1600 4685 1676 4749; x_wconf 76' lang='grc' dir='ltr'><strong>εἷς</strong></span> <span class='ocrx_word' id='word_1_677' title='bbox 1723 4684 1852 4742; x_wconf 83' lang='grc' dir='ltr'>δλον</span> 
     </span>
    </p>
   </div>
   <div class='ocr_carea' id='block_1_97' title="bbox 197 4772 1853 4849">
    <p class='ocr_par' dir='ltr' id='par_1_97' title="bbox 197 4772 1853 4849">
     <span class='ocr_line' id='line_1_97' title="bbox 197 4772 1853 4849; baseline 0.003 -23"><span class='ocrx_word' id='word_1_678' title='bbox 197 4773 469 4849; x_wconf 78' lang='grc' dir='ltr'>ἡμερινὸν</span> <span class='ocrx_word' id='word_1_679' title='bbox 520 4773 664 4849; x_wconf 77' lang='grc' dir='ltr'>ταχὺ</span> <span class='ocrx_word' id='word_1_680' title='bbox 743 4774 1130 4849; x_wconf 88' lang='grc' dir='ltr'>περιτροχάσει</span> <span class='ocrx_word' id='word_1_681' title='bbox 1214 4794 1295 4835; x_wconf 90' lang='grc' dir='ltr'><strong>τις</strong></span> <span class='ocrx_word' id='word_1_682' title='bbox 1362 4772 1549 4843; x_wconf 75' lang='grc' dir='ltr'>ἥλιον.</span> <span class='ocrx_word' id='word_1_683' title='bbox 1613 4777 1853 4832; x_wconf 81' lang='grc' dir='ltr'>Τοιαῦτα</span> 
     </span>
    </p>
   </div>
   <div class='ocr_carea' id='block_1_98' title="bbox 198 4860 1852 4938">
    <p class='ocr_par' dir='ltr' id='par_1_98' title="bbox 198 4860 1852 4938">
     <span class='ocr_line' id='line_1_98' title="bbox 198 4860 1852 4938; baseline 0.001 -20"><span class='ocrx_word' id='word_1_684' title='bbox 198 4861 317 4938; x_wconf 69' lang='grc' dir='ltr'><strong>ἐγὼ</strong></span> <span class='ocrx_word' id='word_1_685' title='bbox 378 4862 473 4935; x_wconf 67' lang='grc' dir='ltr'><strong>μἐν</strong></span> <span class='ocrx_word' id='word_1_686' title='bbox 522 4862 697 4918; x_wconf 68' lang='grc' dir='ltr'>εἴπω*</span> <span class='ocrx_word' id='word_1_687' title='bbox 740 4864 792 4918; x_wconf 80' lang='grc' dir='ltr'>οἱ</span> <span class='ocrx_word' id='word_1_688' title='bbox 841 4860 899 4918; x_wconf 75' lang='grc' dir='ltr'>δὶ</span> <span class='ocrx_word' id='word_1_689' title='bbox 946 4861 1230 4925; x_wconf 75' lang='grc' dir='ltr'>ἀκούοντες</span> <span class='ocrx_word' id='word_1_690' title='bbox 1288 4862 1733 4937; x_wconf 79' lang='grc' dir='ltr'>ἐκπεπλήεονται,</span> <span class='ocrx_word' id='word_1_691' title='bbox 1762 4865 1852 4920; x_wconf 85' lang='grc' dir='ltr'><strong>καὶ</strong></span> 
     </span>
    </p>
   </div>
   <div class='ocr_carea' id='block_1_99' title="bbox 197 4950 1853 5031">
    <p class='ocr_par' dir='ltr' id='par_1_99' title="bbox 197 4950 1853 5031">
     <span class='ocr_line' id='line_1_99' title="bbox 197 4950 1853 5031; baseline 0.002 -24"><span class='ocrx_word' id='word_1_692' title='bbox 197 4950 570 5024; x_wconf 85' lang='grc' dir='ltr'>θαυμάσονται</span> <span class='ocrx_word' id='word_1_693' title='bbox 629 4950 691 5006; x_wconf 81' lang='grc' dir='ltr'><strong>ού</strong></span> <span class='ocrx_word' id='word_1_694' title='bbox 745 4951 909 5025; x_wconf 89' lang='grc' dir='ltr'>μόνον</span> <span class='ocrx_word' id='word_1_695' title='bbox 968 4952 1029 5007; x_wconf 89' lang='grc' dir='ltr'><strong>τὸ</strong></span> <span class='ocrx_word' id='word_1_696' title='bbox 1086 4952 1368 5026; x_wconf 80' lang='grc' dir='ltr'>βασιλικὸν</span> <span class='ocrx_word' id='word_1_697' title='bbox 1426 4950 1652 5019; x_wconf 79' lang='grc' dir='ltr'>ἐνταῦθα</span> <span class='ocrx_word' id='word_1_698' title='bbox 1721 4975 1853 5031; x_wconf 90' lang='grc' dir='ltr'>προ-</span> 
     </span>
    </p>
   </div>
   <div class='ocr_carea' id='block_1_100' title="bbox 199 5037 1850 5121">
    <p class='ocr_par' dir='ltr' id='par_1_100' title="bbox 199 5037 1850 5121">
     <span class='ocr_line' id='line_1_100' title="bbox 199 5037 1850 5121; baseline 0.002 -26"><span class='ocrx_word' id='word_1_699' title='bbox 199 5040 401 5116; x_wconf 68' lang='grc' dir='ltr'>μηθὲς,</span> <span class='ocrx_word' id='word_1_700' title='bbox 433 5039 579 5096; x_wconf 82' lang='grc' dir='ltr'>ἀλλὰ</span> <span class='ocrx_word' id='word_1_701' title='bbox 614 5040 704 5096; x_wconf 86' lang='grc' dir='ltr'><strong>καὶ</strong></span> <span class='ocrx_word' id='word_1_702' title='bbox 753 5041 817 5096; x_wconf 88' lang='grc' dir='ltr'><strong>τὸ</strong></span> <span class='ocrx_word' id='word_1_703' title='bbox 864 5037 1275 5115; x_wconf 86' lang='grc' dir='ltr'>πολυδύναμον·</span> <span class='ocrx_word' id='word_1_704' title='bbox 1321 5043 1411 5098; x_wconf 84' lang='grc' dir='ltr'><strong>καὶ</strong></span> <span class='ocrx_word' id='word_1_705' title='bbox 1458 5047 1538 5117; x_wconf 83' lang='grc' dir='ltr'><strong>τῷ</strong></span> <span class='ocrx_word' id='word_1_706' title='bbox 1582 5042 1850 5121; x_wconf 81' lang='grc' dir='ltr'>αὐτοσχε-</span> 
     </span>
    </p>
   </div>
   <div class='ocr_carea' id='block_1_101' title="bbox 197 5126 1851 5207">
    <p class='ocr_par' dir='ltr' id='par_1_101' title="bbox 197 5126 1851 5207">
     <span class='ocr_line' id='line_1_101' title="bbox 197 5126 1851 5207; baseline 0.001 -21"><span class='ocrx_word' id='word_1_707' title='bbox 197 5126 305 5203; x_wconf 83' lang='grc' dir='ltr'><strong>δίῳ</strong></span> <span class='ocrx_word' id='word_1_708' title='bbox 361 5128 541 5202; x_wconf 84' lang='grc' dir='ltr'>τούτῳ</span> <span class='ocrx_word' id='word_1_709' title='bbox 602 5130 872 5205; x_wconf 81' lang='grc' dir='ltr'>βασιλικῷ</span> <span class='ocrx_word' id='word_1_710' title='bbox 921 5128 1205 5203; x_wconf 86' lang='grc' dir='ltr'>θαυμασίῳ</span> <span class='ocrx_word' id='word_1_711' title='bbox 1253 5131 1317 5187; x_wconf 89' lang='grc' dir='ltr'><strong>τὸ</strong></span> <span class='ocrx_word' id='word_1_712' title='bbox 1365 5136 1472 5187; x_wconf 80' lang='grc' dir='ltr'><strong>τῶν</strong></span> <span class='ocrx_word' id='word_1_713' title='bbox 1536 5131 1851 5207; x_wconf 71' lang='grc' dir='ltr'>μελετωμέ-</span> 
     </span>
    </p>
   </div>
   <div class='ocr_carea' id='block_1_102' title="bbox 190 5217 1849 5297">
    <p class='ocr_par' dir='ltr' id='par_1_102' title="bbox 190 5217 1849 5297">
     <span class='ocr_line' id='line_1_102' title="bbox 190 5217 1849 5297; baseline 0.002 -24"><span class='ocrx_word' id='word_1_714' title='bbox 190 5239 304 5273; x_wconf 90' lang='grc' dir='ltr'><strong>νων</strong></span> <span class='ocrx_word' id='word_1_715' title='bbox 365 5220 815 5288; x_wconf 84' lang='grc' dir='ltr'>συνεννοήσονται</span> <span class='ocrx_word' id='word_1_716' title='bbox 886 5217 1346 5295; x_wconf 87' lang='grc' dir='ltr'>μεγαλούργημα,</span> <span class='ocrx_word' id='word_1_717' title='bbox 1395 5222 1484 5276; x_wconf 83' lang='grc' dir='ltr'><strong>καὶ</strong></span> <span class='ocrx_word' id='word_1_718' title='bbox 1539 5220 1849 5297; x_wconf 68' lang='grc' dir='ltr'>σκέψονται,</span> 
     </span>
    </p>
   </div>
   <div class='ocr_carea' id='block_1_103' title="bbox 191 5305 1849 5384">
    <p class='ocr_par' dir='ltr' id='par_1_103' title="bbox 191 5305 1849 5384">
     <span class='ocr_line' id='line_1_103' title="bbox 191 5305 1849 5384; baseline 0.001 -22"><span class='ocrx_word' id='word_1_719' title='bbox 191 5306 250 5362; x_wconf 67' lang='grc' dir='ltr'>αἱ</span> <span class='ocrx_word' id='word_1_720' title='bbox 288 5306 357 5361; x_wconf 69' lang='grc' dir='ltr'><strong>τὰ</strong></span> <span class='ocrx_word' id='word_1_721' title='bbox 415 5305 475 5361; x_wconf 70' lang='grc' dir='ltr'>ἔκ</span> <span class='ocrx_word' id='word_1_722' title='bbox 509 5311 608 5362; x_wconf 77' lang='grc' dir='ltr'><strong>τοῦ</strong></span> <span class='ocrx_word' id='word_1_723' title='bbox 661 5308 1074 5384; x_wconf 89' lang='grc' dir='ltr'>παρατυχόντος</span> <span class='ocrx_word' id='word_1_724' title='bbox 1132 5313 1375 5380; x_wconf 80' lang='grc' dir='ltr'>τοιαῦτα,</span> <span class='ocrx_word' id='word_1_725' title='bbox 1408 5310 1573 5365; x_wconf 86' lang='grc' dir='ltr'>ὁποῖα</span> <span class='ocrx_word' id='word_1_726' title='bbox 1626 5311 1693 5365; x_wconf 78' lang='grc' dir='ltr'><strong>τὰ</strong></span> <span class='ocrx_word' id='word_1_727' title='bbox 1748 5317 1849 5380; x_wconf 85' lang='grc' dir='ltr'><strong>τῆς</strong></span> 
     </span>
    </p>
   </div>
   <div class='ocr_carea' id='block_1_104' title="bbox 192 5394 1847 5475">
    <p class='ocr_par' dir='ltr' id='par_1_104' title="bbox 192 5394 1847 5475">
     <span class='ocr_line' id='line_1_104' title="bbox 192 5394 1847 5475; baseline 0.001 -24"><span class='ocrx_word' id='word_1_728' title='bbox 192 5396 432 5474; x_wconf 90' lang='grc' dir='ltr'>χρονίου</span> <span class='ocrx_word' id='word_1_729' title='bbox 487 5394 793 5463; x_wconf 80' lang='grc' dir='ltr'>διασκευῆς.</span> <span class='ocrx_word' id='word_1_730' title='bbox 849 5398 913 5453; x_wconf 84' lang='grc' dir='ltr'>Τί</span> <span class='ocrx_word' id='word_1_731' title='bbox 971 5395 1028 5452; x_wconf 72' lang='grc' dir='ltr'>δὲ</span> <span class='ocrx_word' id='word_1_732' title='bbox 1083 5396 1182 5453; x_wconf 77' lang='grc' dir='ltr'>οὐκ</span> <span class='ocrx_word' id='word_1_733' title='bbox 1238 5399 1296 5452; x_wconf 82' lang='grc' dir='ltr'><strong>ἃν</strong></span> <span class='ocrx_word' id='word_1_734' title='bbox 1356 5401 1561 5473; x_wconf 77' lang='grc' dir='ltr'>ποιήσῃ</span> <span class='ocrx_word' id='word_1_735' title='bbox 1616 5402 1644 5453; x_wconf 86' lang='grc' dir='ltr'>ὁ</span> <span class='ocrx_word' id='word_1_736' title='bbox 1700 5401 1847 5475; x_wconf 87' lang='grc' dir='ltr'>χειρί</span> 
     </span>
    </p>
   </div>
   <div class='ocr_carea' id='block_1_105' title="bbox 192 5484 1848 5565">
    <p class='ocr_par' dir='ltr' id='par_1_105' title="bbox 192 5484 1848 5565">
     <span class='ocr_line' id='line_1_105' title="bbox 192 5484 1848 5565; baseline -0.001 -22"><span class='ocrx_word' id='word_1_737' title='bbox 192 5486 368 5561; x_wconf 75' lang='grc' dir='ltr'>ταύτῃ</span> <span class='ocrx_word' id='word_1_738' title='bbox 423 5492 523 5560; x_wconf 79' lang='grc' dir='ltr'><strong>μιᾷ</strong></span> <span class='ocrx_word' id='word_1_739' title='bbox 572 5487 961 5543; x_wconf 88' lang='grc' dir='ltr'>καταπαλαίειν</span> <span class='ocrx_word' id='word_1_740' title='bbox 1028 5484 1172 5565; x_wconf 82' lang='grc' dir='ltr'>ἔχων</span> <span class='ocrx_word' id='word_1_741' title='bbox 1226 5489 1288 5543; x_wconf 85' lang='grc' dir='ltr'><strong>τὸ</strong></span> <span class='ocrx_word' id='word_1_742' title='bbox 1345 5490 1751 5561; x_wconf 75' lang='grc' dir='ltr'>ἀνθιστάμενον,</span> <span class='ocrx_word' id='word_1_743' title='bbox 1802 5489 1848 5543; x_wconf 85' lang='grc' dir='ltr'><strong>εί</strong></span> 
     </span>
    </p>
   </div>
   <div class='ocr_carea' id='block_1_106' title="bbox 193 5574 1849 5651">
    <p class='ocr_par' dir='ltr' id='par_1_106' title="bbox 193 5574 1849 5651">
     <span class='ocr_line' id='line_1_106' title="bbox 193 5574 1849 5651; baseline 0 -19"><span class='ocrx_word' id='word_1_744' title='bbox 193 5575 290 5632; x_wconf 70' lang='grc' dir='ltr'>καῖ</span> <span class='ocrx_word' id='word_1_745' title='bbox 324 5576 399 5637; x_wconf 80' lang='grc' dir='ltr'><strong>εἷς</strong></span> <span class='ocrx_word' id='word_1_746' title='bbox 450 5576 809 5651; x_wconf 73' lang='grc' dir='ltr'>ἑκατόγχειρα</span> <span class='ocrx_word' id='word_1_747' title='bbox 851 5578 1267 5647; x_wconf 79' lang='grc' dir='ltr'>σκευασοήσεται</span> <span class='ocrx_word' id='word_1_748' title='bbox 1294 5596 1307 5646; x_wconf 89' lang='grc'>;</span> <span class='ocrx_word' id='word_1_749' title='bbox 1339 5576 1403 5630; x_wconf 77' lang='lat' dir='ltr'><strong>Ei</strong></span> <span class='ocrx_word' id='word_1_750' title='bbox 1453 5574 1510 5630; x_wconf 75' lang='grc' dir='ltr'>δὶ</span> <span class='ocrx_word' id='word_1_751' title='bbox 1554 5576 1642 5630; x_wconf 80' lang='grc' dir='ltr'>καὶ</span> <span class='ocrx_word' id='word_1_752' title='bbox 1702 5581 1849 5650; x_wconf 78' lang='grc' dir='ltr'>κῦμα</span> 
     </span>
    </p>
   </div>
   <div class='ocr_carea' id='block_1_107' title="bbox 191 5663 1842 5745">
    <p class='ocr_par' dir='ltr' id='par_1_107' title="bbox 191 5663 1842 5745">
     <span class='ocr_line' id='line_1_107' title="bbox 191 5663 1842 5745; baseline 0 -24"><span class='ocrx_word' id='word_1_753' title='bbox 191 5665 252 5721; x_wconf 80' lang='grc' dir='ltr'>ἓν</span> <span class='ocrx_word' id='word_1_754' title='bbox 316 5665 391 5727; x_wconf 86' lang='grc' dir='ltr'><strong>είς</strong></span> <span class='ocrx_word' id='word_1_755' title='bbox 450 5664 833 5741; x_wconf 86' lang='grc' dir='ltr'>κατακλυσμὸν</span> <span class='ocrx_word' id='word_1_756' title='bbox 891 5672 1008 5729; x_wconf 87' lang='grc' dir='ltr'>τοῖς</span> <span class='ocrx_word' id='word_1_757' title='bbox 1049 5666 1271 5744; x_wconf 77' lang='grc' dir='ltr'>ἐχθροῖς</span> <span class='ocrx_word' id='word_1_758' title='bbox 1326 5663 1741 5745; x_wconf 75' lang='grc' dir='ltr'>ἐπιρῥυήσηται,</span> <span class='ocrx_word' id='word_1_759' title='bbox 1791 5668 1842 5723; x_wconf 91' lang='grc' dir='ltr'><strong>τί</strong></span> 
     </span>
    </p>
   </div>
   <div class='ocr_carea' id='block_1_108' title="bbox 1964 4683 3608 4763">
    <p class='ocr_par' dir='ltr' id='par_1_108' title="bbox 1964 4683 3608 4763">
     <span class='ocr_line' id='line_1_108' title="bbox 1964 4683 3608 4763; baseline -0.005 -17"><span class='ocrx_word' id='word_1_760' title='bbox 1964 4707 2068 4763; x_wconf 84' lang='lat' dir='ltr'><strong>ego</strong></span> <span class='ocrx_word' id='word_1_761' title='bbox 2100 4708 2113 4758; x_wconf 93' lang='lat'><strong>;</strong></span> <span class='ocrx_word' id='word_1_762' title='bbox 2148 4690 2398 4746; x_wconf 90' lang='lat' dir='ltr'><strong>audiens</strong></span> <span class='ocrx_word' id='word_1_763' title='bbox 2428 4695 2635 4745; x_wconf 88' lang='lat' dir='ltr'><strong>.autem</strong></span> <span class='ocrx_word' id='word_1_764' title='bbox 2685 4689 3100 4758; x_wconf 86' lang='lat' dir='ltr'><strong>obstupescent</strong></span> <span class='ocrx_word' id='word_1_765' title='bbox 3122 4689 3176 4740; x_wconf 88' lang='lat' dir='ltr'><strong>et</strong></span> <span class='ocrx_word' id='word_1_766' title='bbox 3236 4683 3608 4739; x_wconf 84' lang='lat' dir='ltr'><strong>mirabuntur</strong></span> 
     </span>
    </p>
   </div>
   <div class='ocr_carea' id='block_1_109' title="bbox 1963 4772 3606 4851">
    <p class='ocr_par' dir='ltr' id='par_1_109' title="bbox 1963 4772 3606 4851">
     <span class='ocr_line' id='line_1_109' title="bbox 1963 4772 3606 4851; baseline -0.005 -16"><span class='ocrx_word' id='word_1_767' title='bbox 1963 4796 2080 4835; x_wconf 91' lang='lat' dir='ltr'><strong>non</strong></span> <span class='ocrx_word' id='word_1_768' title='bbox 2107 4783 2340 4835; x_wconf 89' lang='lat' dir='ltr'><strong>tantum</strong></span> <span class='ocrx_word' id='word_1_769' title='bbox 2374 4779 2593 4851; x_wconf 86' lang='lat' dir='ltr'><strong>regiam</strong></span> <span class='ocrx_word' id='word_1_770' title='bbox 2624 4778 2681 4832; x_wconf 92' lang='lat' dir='ltr'><strong>in</strong></span> <span class='ocrx_word' id='word_1_771' title='bbox 2717 4777 2811 4833; x_wconf 92' lang='lat' dir='ltr'><strong>his</strong></span> <span class='ocrx_word' id='word_1_772' title='bbox 2833 4774 3281 4849; x_wconf 90' lang='lat' dir='ltr'><strong>providentiam,</strong></span> <span class='ocrx_word' id='word_1_773' title='bbox 3307 4773 3407 4828; x_wconf 87' lang='lat' dir='ltr'><strong>sed</strong></span> <span class='ocrx_word' id='word_1_774' title='bbox 3458 4772 3606 4828; x_wconf 88' lang='lat' dir='ltr'><strong>mul-</strong></span> 
     </span>
    </p>
   </div>
   <div class='ocr_carea' id='block_1_110' title="bbox 1960 4860 3604 4941">
    <p class='ocr_par' dir='ltr' id='par_1_110' title="bbox 1960 4860 3604 4941">
     <span class='ocr_line' id='line_1_110' title="bbox 1960 4860 3604 4941; baseline -0.007 -16"><span class='ocrx_word' id='word_1_775' title='bbox 1960 4872 2081 4925; x_wconf 89' lang='lat' dir='ltr'><strong>tam</strong></span> <span class='ocrx_word' id='word_1_776' title='bbox 2113 4885 2346 4941; x_wconf 89' lang='lat' dir='ltr'><strong>quoque</strong></span> <span class='ocrx_word' id='word_1_777' title='bbox 2375 4868 2715 4939; x_wconf 88' lang='lat' dir='ltr'><strong>potentiam,</strong></span> <span class='ocrx_word' id='word_1_778' title='bbox 2745 4869 2801 4921; x_wconf 91' lang='lat' dir='ltr'><strong>et</strong></span> <span class='ocrx_word' id='word_1_779' title='bbox 2830 4880 2899 4919; x_wconf 84' lang='lat' dir='ltr'><strong>ex</strong></span> <span class='ocrx_word' id='word_1_780' title='bbox 2927 4864 3034 4919; x_wconf 91' lang='lat' dir='ltr'><strong>hoc</strong></span> <span class='ocrx_word' id='word_1_781' title='bbox 3088 4861 3405 4934; x_wconf 89' lang='lat' dir='ltr'><strong>improviso</strong></span> <span class='ocrx_word' id='word_1_782' title='bbox 3452 4860 3604 4933; x_wconf 84' lang='lat' dir='ltr'><strong>prin-</strong></span> 
     </span>
    </p>
   </div>
   <div class='ocr_carea' id='block_1_111' title="bbox 1962 4950 3602 5030">
    <p class='ocr_par' dir='ltr' id='par_1_111' title="bbox 1962 4950 3602 5030">
     <span class='ocr_line' id='line_1_111' title="bbox 1962 4950 3602 5030; baseline -0.005 -17"><span class='ocrx_word' id='word_1_783' title='bbox 1962 4957 2109 5030; x_wconf 90' lang='lat' dir='ltr'><strong>cipis</strong></span> <span class='ocrx_word' id='word_1_784' title='bbox 2142 4956 2419 5012; x_wconf 88' lang='lat' dir='ltr'><strong>miraculo</strong></span> <span class='ocrx_word' id='word_1_785' title='bbox 2441 4955 2763 5026; x_wconf 86' lang='lat' dir='ltr'><strong>excogitata</strong></span> <span class='ocrx_word' id='word_1_786' title='bbox 2794 4952 3125 5024; x_wconf 88' lang='lat' dir='ltr'><strong>intelligent</strong></span> <span class='ocrx_word' id='word_1_787' title='bbox 3146 4967 3322 5023; x_wconf 91' lang='lat' dir='ltr'><strong>opera</strong></span> <span class='ocrx_word' id='word_1_788' title='bbox 3345 4950 3602 5022; x_wconf 88' lang='lat' dir='ltr'><strong>egregia,</strong></span> 
     </span>
    </p>
   </div>
   <div class='ocr_carea' id='block_1_112' title="bbox 1962 5038 3599 5112">
    <p class='ocr_par' dir='ltr' id='par_1_112' title="bbox 1962 5038 3599 5112">
     <span class='ocr_line' id='line_1_112' title="bbox 1962 5038 3599 5112; baseline -0.006 -9"><span class='ocrx_word' id='word_1_789' title='bbox 1962 5062 2186 5104; x_wconf 89' lang='lat' dir='ltr'><strong>necnon</strong></span> <span class='ocrx_word' id='word_1_790' title='bbox 2217 5062 2285 5102; x_wconf 84' lang='lat' dir='ltr'><strong>ex</strong></span> <span class='ocrx_word' id='word_1_791' title='bbox 2314 5045 2445 5102; x_wconf 87' lang='lat' dir='ltr'><strong>istis</strong></span> <span class='ocrx_word' id='word_1_792' title='bbox 2480 5041 2782 5101; x_wconf 77' lang='lat' dir='ltr'><strong>subitariis</strong></span> <span class='ocrx_word' id='word_1_793' title='bbox 2815 5044 3058 5097; x_wconf 91' lang='lat' dir='ltr'><strong>noscent</strong></span> <span class='ocrx_word' id='word_1_794' title='bbox 3103 5056 3192 5096; x_wconf 89' lang='lat' dir='ltr'><strong>res</strong></span> <span class='ocrx_word' id='word_1_795' title='bbox 3224 5056 3324 5111; x_wconf 87' lang='lat' dir='ltr'><strong>per</strong></span> <span class='ocrx_word' id='word_1_796' title='bbox 3354 5038 3599 5112; x_wconf 90' lang='lat' dir='ltr'><strong>longum</strong></span> 
     </span>
    </p>
   </div>
   <div class='ocr_carea' id='block_1_113' title="bbox 1960 5126 3602 5209">
    <p class='ocr_par' dir='ltr' id='par_1_113' title="bbox 1960 5126 3602 5209">
     <span class='ocr_line' id='line_1_113' title="bbox 1960 5126 3602 5209; baseline -0.005 -17"><span class='ocrx_word' id='word_1_797' title='bbox 1960 5138 2193 5209; x_wconf 85' lang='lat' dir='ltr'><strong>tempus</strong></span> <span class='ocrx_word' id='word_1_798' title='bbox 2220 5138 2593 5208; x_wconf 74' lang='lat' dir='ltr'><strong>praaparatas.</strong></span> <span class='ocrx_word' id='word_1_799' title='bbox 2618 5131 2764 5199; x_wconf 88' lang='lat' dir='ltr'><strong>Quid</strong></span> <span class='ocrx_word' id='word_1_800' title='bbox 2799 5147 2913 5186; x_wconf 92' lang='lat' dir='ltr'><strong>non</strong></span> <span class='ocrx_word' id='word_1_801' title='bbox 2948 5130 3159 5185; x_wconf 81' lang='lat' dir='ltr'><strong>faceret</strong></span> <span class='ocrx_word' id='word_1_802' title='bbox 3189 5128 3273 5183; x_wconf 90' lang='lat' dir='ltr'><strong>sic</strong></span> <span class='ocrx_word' id='word_1_803' title='bbox 3307 5126 3427 5184; x_wconf 83' lang='lat' dir='ltr'><strong>una</strong></span> <span class='ocrx_word' id='word_1_804' title='bbox 3467 5129 3602 5184; x_wconf 86' lang='lat' dir='ltr'><strong>dex-</strong></span> 
     </span>
    </p>
   </div>
   <div class='ocr_carea' id='block_1_114' title="bbox 1960 5218 3600 5281">
    <p class='ocr_par' dir='ltr' id='par_1_114' title="bbox 1960 5218 3600 5281">
     <span class='ocr_line' id='line_1_114' title="bbox 1960 5218 3600 5281; baseline -0.004 -1"><span class='ocrx_word' id='word_1_805' title='bbox 1960 5223 2464 5281; x_wconf 86' lang='lat' dir='ltr'><strong>teraadversarios</strong></span> <span class='ocrx_word' id='word_1_806' title='bbox 2488 5222 2728 5278; x_wconf 88' lang='lat' dir='ltr'><strong>vincens</strong></span> <span class='ocrx_word' id='word_1_807' title='bbox 2750 5220 2799 5276; x_wconf 91' lang='lat' dir='ltr'><strong>si</strong></span> <span class='ocrx_word' id='word_1_808' title='bbox 2860 5236 2993 5275; x_wconf 91' lang='lat' dir='ltr'><strong>eum</strong></span> <span class='ocrx_word' id='word_1_809' title='bbox 3053 5218 3389 5275; x_wconf 89' lang='lat' dir='ltr'><strong>ceutimano</strong></span> <span class='ocrx_word' id='word_1_810' title='bbox 3441 5234 3600 5274; x_wconf 89' lang='lat' dir='ltr'><strong>com-</strong></span> 
     </span>
    </p>
   </div>
   <div class='ocr_carea' id='block_1_115' title="bbox 1962 5306 3602 5383">
    <p class='ocr_par' dir='ltr' id='par_1_115' title="bbox 1962 5306 3602 5383">
     <span class='ocr_line' id='line_1_115' title="bbox 1962 5306 3602 5383; baseline -0.004 -17"><span class='ocrx_word' id='word_1_811' title='bbox 1962 5311 2244 5383; x_wconf 85' lang='lat' dir='ltr'><strong>paretur?</strong></span> <span class='ocrx_word' id='word_1_812' title='bbox 2300 5311 2358 5367; x_wconf 88' lang='lat' dir='ltr'><strong>Si</strong></span> <span class='ocrx_word' id='word_1_813' title='bbox 2413 5311 2627 5366; x_wconf 85' lang='lat' dir='ltr'><strong>fluctus</strong></span> <span class='ocrx_word' id='word_1_814' title='bbox 2668 5325 2822 5365; x_wconf 88' lang='lat' dir='ltr'><strong>unus</strong></span> <span class='ocrx_word' id='word_1_815' title='bbox 2869 5308 2927 5362; x_wconf 93' lang='lat' dir='ltr'><strong>in</strong></span> <span class='ocrx_word' id='word_1_816' title='bbox 2983 5307 3181 5363; x_wconf 88' lang='lat' dir='ltr'><strong>hostes</strong></span> <span class='ocrx_word' id='word_1_817' title='bbox 3238 5306 3471 5362; x_wconf 88' lang='lat' dir='ltr'><strong>irruens</strong></span> <span class='ocrx_word' id='word_1_818' title='bbox 3502 5319 3602 5361; x_wconf 88' lang='lat' dir='ltr'><strong>eos</strong></span> 
     </span>
    </p>
   </div>
   <div class='ocr_carea' id='block_1_116' title="bbox 1959 5393 3604 5473">
    <p class='ocr_par' dir='ltr' id='par_1_116' title="bbox 1959 5393 3604 5473">
     <span class='ocr_line' id='line_1_116' title="bbox 1959 5393 3604 5473; baseline -0.004 -17"><span class='ocrx_word' id='word_1_819' title='bbox 1959 5401 2319 5472; x_wconf 71' lang='lat' dir='ltr'><strong>submergat,</strong></span> <span class='ocrx_word' id='word_1_820' title='bbox 2352 5401 2494 5473; x_wconf 91' lang='lat' dir='ltr'><strong>quid</strong></span> <span class='ocrx_word' id='word_1_821' title='bbox 2528 5417 2638 5454; x_wconf 90' lang='lat' dir='ltr'><strong>non</strong></span> <span class='ocrx_word' id='word_1_822' title='bbox 2688 5398 2991 5471; x_wconf 88' lang='lat' dir='ltr'><strong>patiantur</strong></span> <span class='ocrx_word' id='word_1_823' title='bbox 3040 5395 3264 5451; x_wconf 87' lang='lat' dir='ltr'><strong>bellicis</strong></span> <span class='ocrx_word' id='word_1_824' title='bbox 3289 5393 3491 5450; x_wconf 84' lang='lat' dir='ltr'><strong>multis</strong></span> <span class='ocrx_word' id='word_1_825' title='bbox 3535 5411 3604 5450; x_wconf 87' lang='lat' dir='ltr'><strong>ex</strong></span> 
     </span>
    </p>
   </div>
   <div class='ocr_carea' id='block_1_117' title="bbox 1958 5481 3600 5560">
    <p class='ocr_par' dir='ltr' id='par_1_117' title="bbox 1958 5481 3600 5560">
     <span class='ocr_line' id='line_1_117' title="bbox 1958 5481 3600 5560; baseline -0.005 -16"><span class='ocrx_word' id='word_1_826' title='bbox 1958 5490 2307 5560; x_wconf 86' lang='lat' dir='ltr'><strong>imperatore</strong></span> <span class='ocrx_word' id='word_1_827' title='bbox 2329 5490 2502 5544; x_wconf 89' lang='lat' dir='ltr'><strong>undis</strong></span> <span class='ocrx_word' id='word_1_828' title='bbox 2532 5488 2747 5544; x_wconf 87' lang='lat' dir='ltr'><strong>obtruti</strong></span> <span class='ocrx_word' id='word_1_829' title='bbox 2767 5491 2793 5542; x_wconf 72' lang='grc' dir='ltr'><strong>τ</strong></span> <span class='ocrx_word' id='word_1_830' title='bbox 2822 5486 2951 5541; x_wconf 64' lang='lat' dir='ltr'><strong>Haec</strong></span> <span class='ocrx_word' id='word_1_831' title='bbox 2982 5483 3062 5539; x_wconf 92' lang='lat' dir='ltr'><strong>illi</strong></span> <span class='ocrx_word' id='word_1_832' title='bbox 3099 5484 3349 5538; x_wconf 74' lang='lat' dir='ltr'><strong>inferant</strong></span> <span class='ocrx_word' id='word_1_833' title='bbox 3379 5490 3431 5536; x_wconf 88' lang='lat' dir='ltr'><strong>et</strong></span> <span class='ocrx_word' id='word_1_834' title='bbox 3459 5481 3600 5537; x_wconf 78' lang='lat' dir='ltr'><strong>sibi-</strong></span> 
     </span>
    </p>
   </div>
   <div class='ocr_carea' id='block_1_118' title="bbox 1958 5572 3599 5649">
    <p class='ocr_par' dir='ltr' id='par_1_118' title="bbox 1958 5572 3599 5649">
     <span class='ocr_line' id='line_1_118' title="bbox 1958 5572 3599 5649; baseline -0.005 -16"><span class='ocrx_word' id='word_1_835' title='bbox 1958 5578 2031 5634; x_wconf 91' lang='lat' dir='ltr'><strong>lis</strong></span> <span class='ocrx_word' id='word_1_836' title='bbox 2069 5595 2311 5649; x_wconf 86' lang='lat' dir='ltr'><strong>prorsus</strong></span> <span class='ocrx_word' id='word_1_837' title='bbox 2332 5577 2643 5649; x_wconf 85' lang='lat' dir='ltr'><strong>explodent</strong></span> <span class='ocrx_word' id='word_1_838' title='bbox 2662 5580 2893 5647; x_wconf 85' lang='lat' dir='ltr'><strong>gentem</strong></span> <span class='ocrx_word' id='word_1_839' title='bbox 2934 5572 3094 5629; x_wconf 89' lang='lat' dir='ltr'><strong>illam</strong></span> <span class='ocrx_word' id='word_1_840' title='bbox 3128 5590 3254 5644; x_wconf 59' lang='lat' dir='ltr'><strong>quae</strong></span> <span class='ocrx_word' id='word_1_841' title='bbox 3285 5575 3448 5627; x_wconf 86' lang='lat' dir='ltr'><strong>tanto</strong></span> <span class='ocrx_word' id='word_1_842' title='bbox 3489 5572 3599 5626; x_wconf 89' lang='lat' dir='ltr'><strong>im-</strong></span> 
     </span>
    </p>
   </div>
   <div class='ocr_carea' id='block_1_119' title="bbox 1956 5660 3604 5741">
    <p class='ocr_par' dir='ltr' id='par_1_119' title="bbox 1956 5660 3604 5741">
     <span class='ocr_line' id='line_1_119' title="bbox 1956 5660 3604 5741; baseline -0.005 -16"><span class='ocrx_word' id='word_1_843' title='bbox 1956 5668 2209 5741; x_wconf 87' lang='lat' dir='ltr'><strong>peratori</strong></span> <span class='ocrx_word' id='word_1_844' title='bbox 2253 5667 2537 5723; x_wconf 88' lang='lat' dir='ltr'><strong>obluctari</strong></span> <span class='ocrx_word' id='word_1_845' title='bbox 2586 5665 2851 5734; x_wconf 89' lang='lat' dir='ltr'><strong>voluerit,</strong></span> <span class='ocrx_word' id='word_1_846' title='bbox 2910 5664 3012 5736; x_wconf 88' lang='lat' dir='ltr'><strong>qui</strong></span> <span class='ocrx_word' id='word_1_847' title='bbox 3069 5660 3249 5719; x_wconf 88' lang='lat' dir='ltr'><strong>simul</strong></span> <span class='ocrx_word' id='word_1_848' title='bbox 3308 5661 3517 5718; x_wconf 87' lang='lat' dir='ltr'><strong>annuit</strong></span> <span class='ocrx_word' id='word_1_849' title='bbox 3547 5666 3604 5716; x_wconf 90' lang='lat' dir='ltr'><strong>et</strong></span> 
     </span>
    </p>
   </div>
  </div>
