4104 6210
335 195 442 254 951

1109 196 1527 257 EUS’I‘ATHII
1573 156 2346 259 THESSALONICENSIé
2392 199 2975 260 METROPOLITAE

3645 199 3779 258 952

335 324 491 394 fecit,
525 324 671 381 dixit
700 329 757 382 et
786 326 1132 382 mandatum
1164 327 1483 398 perfectum
1508 332 1614 384 est.
1650 327 1984 384 Irridendos

2126 338 2161 382 iv
2207 329 2428 392 πάθοιεν
2477 330 2530 384 οὶ
2577 328 2945 404 πολυκυμίαις
2994 328 3055 385 ἐκ
3104 329 3369 406 βασιλέως
3428 327 3785 403 πολεμικαῖς

338 414 487 487 ipsis
508 415 863 486 judicabunt
892 414 1026 471 illos
1054 416 1209 470 viros
1230 416 1330 487 qui
1383 422 1595 472 terram
1655 416 1991 472 universam

341 518 537 558 coram
556 503 936 575 imperatoria
957 508 1243 575 potestate
1265 504 1631 576 provolutam
1665 509 1993 572 cernentes,

340 594 600 647 attamen
623 596 867 663 pontum
900 593 1121 647 audent
1151 592 1412 665 aggredi,
1446 598 1504 648 et
1525 592 1720 665 parvis
1776 591 1997 647 insulis

345 678 638 734 dominari
668 680 1001 743 intendunt,
1033 679 1274 750 perinde
1327 696 1395 735 ac
1453 679 1503 733 si
1559 696 1772 735 nomen
1830 684 1996 735 terra:

346 765 512 822 nullo
544 768 716 823 modo
761 767 990 823 insulas
1046 768 1160 824 sibi
1209 767 1504 835 conciliet,
1563 770 1645 825 ita
1677 773 1743 824 ut
1771 767 1996 824 ibicor-

344 859 539 921 ruant,
568 856 657 909 vel
689 856 761 910 ab
784 855 883 911 illo
908 861 1027 911 tam
1062 856 1392 913 desiderato
1422 873 1656 929 azquore
1702 856 1998 929 repellan-

344 947 461 1009 tur,
485 942 572 998 vel
602 960 713 998 sua
741 943 799 998 in
824 944 1104 1016 abyssum
1130 947 1355 1015 jactent
1385 946 1442 1001 in
1468 964 1481 974 ο
1502 962 1616 1018 quo
1674 946 1786 1018 ipsi
1845 961 1993 1017 quo-

343 1049 457 1103 que
487 1040 850 1106 mergantur,
884 1036 1029 1091 adeo
1060 1044 1122 1092 ut
1151 1052 1218 1091 ex
1247 1036 1350 1093 illa
1404 1037 1682 1093 ﬂuctibus
1737 1035 1999 1107 undique

342 1131 586 1202 irrigata
616 1130 812 1187 insula
842 1132 991 1187 nihil
1023 1133 1100 1188 sit
1129 1133 1268 1200 illis,
1303 1134 1404 1189 ubi
1436 1134 1616 1190 totius
1648 1140 1814 1190 terrae
1870 1136 1999 1205 post

347 1220 528 1275 Deum
557 1225 748 1275 rector
777 1225 976 1276 noster
1002 1221 1345 1292 imperator.

2106 414 2501 492 ἐμπεσούμενοι
2556 462 2570 489 ,
2626 421 2812 475 Ταῦτα
2887 419 3081 474 ἐκεῖνοι
3152 417 3556 493 ἐπιλογίσονται
3583 464 3599 489 ,
3677 417 3781 473 καὶ

2104 506 2321 569 πάντως
2351 507 2473 562 οὐαὶ
2519 512 2599 580 τῷ
2661 505 2796 562 ἔθνει
2853 503 3427 583 ἆναϐοήσονται,ὅπερ
3488 506 3781 563 ἀντικαθί-

2107 606 2325 659 στασθαι
2374 593 2591 670 βασιλεῖ
2632 595 2867 669 τοιούτῳ
2928 590 3283 671 βεϐούληται,
3341 597 3402 658 ὃς
3462 597 3579 669 ἅμα
3637 594 3780 651 ἐπε-

2107 704 2282 753 νευσε,
2338 684 2428 738 καὶ
2492 684 2786 755 πεποίηκεν
2823 704 2836 717 ’
2890 682 3150 756 ἐλάλησα,
3202 684 3292 740 καὶ
3346 684 3411 740 τὸ
3472 682 3785 760 ἐπιταχθὲν

2104 771 2433 828 τετέλεσται.
2485 777 2739 849 Κρινοῦσι
2795 770 2854 828 δὲ
2902 772 3055 828 αὐτοὶ
3112 773 3203 827 xui
3250 772 3505 848 γελοίους
3555 772 3781 850 ἀνθρώ-

2107 883 2245 925 πους
2293 861 2549 930 ἐκείνους,
2579 862 2631 916 οἳ
2678 869 2781 938 γῆν
2844 862 3048 917 ἅπασαν
3104 867 3186 935 τῷ
3247 860 3523 939 βασιλικῷ
3580 864 3783 939 κράτει

2112 950 2407 1025 βλέποντες
2479 951 2917 1022 ὑποκύπτουσαν,
2985 951 3139 1006 αὐτοὶ
3207 951 3611 1028 καταθαρῥοῦσι
3684 962 3784 1016 θα-

2110 1038 2338 1111 λάσσης,
2395 1039 2485 1095 καὶ
2562 1038 2821 1111 νησιδίων
2887 1045 3103 1117 κρατεῖν
3184 1035 3608 1108 ἐπιϐάλλονται,
3664 1041 3784 1095 ὡσ-

2111 1129 2260 1204 είπερ
2314 1130 2389 1200 μή
2441 1129 2530 1183 καὶ
2574 1130 2670 1193 τὰς
2716 1130 2914 1200 νήσους
2955 1130 3016 1184 τὸ
3065 1135 3166 1199 τῆς
3219 1136 3319 1204 γῆς
3350 1123 3531 1202 ὄνομα
3558 1128 3782 1201 ᾠκειώ-

2109 1236 2262 1271 σατο*
2298 1217 2375 1279 ὡς
2424 1216 2658 1282 ἐντεῦθεν
2719 1216 3025 1287 λείπεσθαι,
3055 1218 3090 1287 ἢ
3122 1219 3214 1273 καὶ
3263 1224 3364 1288 τῆς
3419 1216 3786 1293 ποθουμένης

347 1303 575 1367 τούτους
634 1304 910 1376 θαλάσσης
963 1307 1349 1382 ἀπάγεσθαι,ἣ
1406 1308 1553 1365 ἀλλὰ
1592 1306 1943 1372 καταδύεσθαι
2003 1305 2078 1367 εἷς
2131 1303 2313 1380 βυθὸν,
2358 1306 2387 1361 ’ὁ
2426 1307 2516 1361 xui
2572 1306 2865 1362 πείσονται·
2914 1307 2990 1370 ὡς
3051 1305 3220 1381 μηδὲν
3278 1307 3335 1361 ’ὸν
3395 1307 3586 1369 αὐτοῖς
3648 1328 3785 1380 μετ-

352 1393 410 1449 ὸν
474 1392 615 1467 μηδὲ
669 1401 769 1465 τῆς
831 1396 1232 1473 ἐμφικκστου,
1282 1405 1380 1467 τῆς

353 1481 559 1546 σιλεύς.
659 1548 668 1555 _

425 1592 665 1648 12.Jam
714 1594 899 1649 oratio
960 1610 1089 1650 mea
1137 1613 1326 1668 pauca
1381 1600 1649 1670 quaedam
1716 1598 1874 1654 dicet
1929 1596 2001 1651 ad

350 1679 631 1736 honorem
661 1681 815 1754 regis
847 1682 948 1753 qui
979 1700 1049 1737 ex
1076 1684 1402 1741 Jerusalem
1452 1688 1522 1742 ad
1579 1705 1686 1744 nos
1728 1686 2001 1753 accurrit,

351 1773 474 1824 tam
501 1770 703 1824 auditu
739 1787 912 1842 quam
945 1772 1124 1843 gestis
1159 1774 1466 1841 attonitus,
1502 1776 1651 1831 mira
1692 1777 2001 1847 imperato-

356 1858 439 1912 ris
472 1858 729 1915 facinora
761 1859 990 1931 penitus
1022 1877 1469 1932 recognoscens,
1492 1865 1710 1935 quibus
1736 1866 2001 1920 decorem

358 1946 536 2003 simul
596 1952 653 2002 et
683 1946 927 2019 plausus
972 1952 1327 2021 comparavit
1360 1969 1373 2019 ;
1420 1954 1509 2009 vir
1547 1955 1799 2028 denique
1831 1969 2004 2026 quem

356 2037 557 2091 hostes
594 2037 884 2109 pavebant
914 2038 1259 2108 irruentem,
1312 2045 1370 2097 et
1428 2041 1811 2115 imperatoria:
1869 2044 2003 2099 dex—

360 2128 496 2179 tera;
555 2124 777 2196 impetu
841 2142 908 2180 ac
962 2126 1015 2181 vi
1051 2126 1340 2184 altissima
1370 2130 1688 2202 gentilibus
1741 2131 2009 2203 sepulcra

366 2213 800 2284 adapsrientem
857 2215 1134 2271 omnibus
1180 2217 1276 2288 qui
1318 2219 1608 2275 vivificum
1671 2220 2006 2293 sepulcrum

366 2301 662 2356 audebant
690 2302 958 2359 invisere.
991 2305 1096 2368 Qui
1132 2321 1266 2360 cum
1316 2308 1637 2378 cupivisset
1686 2309 2006 2382 principem

364 2390 581 2446 intueri
632 2395 695 2445 ut
780 2391 914 2447 inde
978 2395 1454 2451 corroborarstur
1523 2399 1802 2455 adversus
1857 2399 2010 2453 viros

365 2478 482 2534 Deo
513 2477 754 2534 inimica
781 2480 1052 2536 ineuntes
1100 2482 1367 2550 consilia,
1393 2502 1497 2541 nec
1529 2486 1757 2543 itineris
1784 2488 2011 2542 incom-

366 2568 542 2623 moda
572 2569 1085 2628 consideravitnec
1115 2571 1675 2644 longitudinem,nec
1697 2576 1797 2632 alti
1831 2566 2012 2631 maris

364 2656 625 2728 pericula
652 2657 711 2712 in
737 2663 990 2714 mentem
1014 2660 1381 2728 adduxit,sed
1409 2670 1681 2720 neutrum
1714 2669 1906 2721 mente
1922 2680 2011 2720 re-

367 2745 655 2815 cogitans,
680 2746 1002 2802 dummodo
1025 2748 1340 2804 adveniens
1371 2768 1503 2807 cum
1528 2752 1585 2807 in
1605 2754 2010 2823 orationepos-

368 2831 447 2890 sit
468 2834 732 2899 adorare,
774 2835 1174 2892 statuitsimul
1211 2855 1313 2909 por
1342 2856 1500 2897 mare
1522 2842 1700 2912 adire,
1734 2859 1846 2898 non
1876 2842 2015 2913 quia

367 2922 451 2979 illi
484 2923 576 2978 via
606 2923 1217 2995 pedestrijucundius,
1252 2929 1410 2999 (quis
1441 2929 1596 2985 enim
1629 2931 1827 2987 solidas
1888 2931 2012 2986 basi

1436 1395 1780 1469 νησιώτιδος,
1840 1395 1964 1452 ἔνθα
2036 1396 2141 1469 γῆς
2190 1392 2401 1462 ἀπάσης
2459 1396 2738 1471 μόναρχος
2799 1395 2934 1469 μετά
2983 1417 3046 1471 γε
3093 1396 3223 1452 Θεὸν
3274 1396 3304 1450 ὁ
3351 1396 3627 1471 ἡμέτερος
3681 1397 3784 1470 βα·-

2189 1592 2279 1666 ιβ’.
2313 1590 2560 1649 Κείσεταί
2618 1613 2711 1665 μοι
2774 1593 2941 1668 μέρος
2996 1590 3225 1656 ἐνταῦθα
3278 1597 3379 1662 τῆς
3446 1591 3788 1671 ἀφηγήσεως

2110 1680 2200 1735 καὶ
2243 1682 2306 1736 τὸ
2354 1685 2451 1735 τοῦ
2500 1679 2672 1758 ρηγὸς
2718 1680 3143 1757 μεγαλώνυμον,
3183 1682 3243 1744 ὃς
3302 1680 3355 1752 ἐξ
3402 1680 3783 1758 Ἰερουσαλήμ

2114 1767 2192 1830 εἲς
2234 1770 2385 1842 ἡμᾶς
2432 1766 2652 1843 ἔδραμε,
2684 1770 2823 1845 ἀκοῇ
2867 1791 2929 1825 τε
2972 1770 3504 1845 καταπεπληγμένος
3546 1769 3641 1825 καὶ
3686 1764 3783 1846 ἔρ-

2111 1878 2250 1933 γοις,
2320 1857 2585 1934 μακρόθεν
2661 1859 2725 1914 τὸ
2798 1862 2895 1913 τοῦ
2977 1856 3249 1935 βασιλέως
3330 1857 3776 1932 ἀξιοθαύμαστον

2114 1945 2457 2023 ἐπεγνωκὼς,
2490 1950 2574 2011 οἷς
2615 1946 2972 2022 εὐηργέτητο,
3022 1949 3104 2011 οἷς
3155 1947 3601 2024 συγκεκρότητο⁶
3633 1947 3778 2016 ἀνὴρ

2114 2036 2203 2091 καὶ
2248 2034 2436 2098 ἄλλως
2487 2036 2578 2110 μὲν
2629 2042 2747 2099 τοῖς
2795 2035 3057 2100 ἐναντίοις
3113 2036 3400 2109 ἐμπίπτων
3442 2036 3635 2112 βαρὺς,
3689 2034 3782 2092 διὰ

2118 2122 2175 2180 δὲ
2222 2132 2321 2196 τῆς
2366 2123 2660 2201 βασιλικῆς
2710 2125 2899 2202 χειρὸς
2948 2124 3038 2180 καὶ
3097 2126 3402 2202 συνάρσεως
3436 2126 3779 2201 βαθυτάτους

2116 2215 2316 2294 τάφους
2371 2214 2683 2289 ὐπανοίγωο
2727 2219 2806 2286 τῷ
2854 2209 3014 2285 ἔθνει,
3042 2212 3160 2269 ὅσοι
3203 2218 3301 2269 τοῦ
3352 2214 3652 2292 ζωηφόρου
3681 2214 3779 2269 τά·

2118 2326 2220 2381 φου
2274 2302 2620 2376 κατατολμᾷν
2697 2302 2898 2374 ἤθελον
2937 2321 2953 2338 ⁶
3004 2304 3064 2366 ὃς
3124 2302 3216 2359 καὶ
3274 2301 3620 2376 ἐπιθυμήσας
3675 2311 3781 2373 τῆς

2120 2393 2242 2455 θεας
2301 2392 2543 2467 γενέσθαι
2608 2397 2707 2448 τοῦ
2777 2392 3199 2470 αὐτοκράτορος,
3262 2392 3336 2454 ὡς
3393 2391 3455 2447 ἂν
3514 2391 3784 2447 ἐπιπλὲον

2118 2481 2433 2557 κρατυνθεὶς
2484 2482 2623 2536 κατὰ
2670 2484 2776 2536 τῶν
2837 2478 3009 2557 ἐχθρὰ
3064 2480 3414 2559 φρονούντων
3463 2485 3605 2552 Θεῷ,
3655 2476 3784 2536 οὔτε

2117 2571 2180 2626 τὸ
2208 2577 2309 2641 τῆς
2342 2567 2471 2626 ὁδοῦ
2502 2569 2678 2647 τραχὺ
2702 2570 2792 2625 καὶ
2822 2569 2971 2642 μάλα
3016 2569 3160 2626 πολὺ
3193 2568 3507 2645 ἐλογίσατο,
3534 2566 3668 2624 οὔτε
3716 2570 3782 2625 τὸ

2119 2667 2220 2730 τῆς
2274 2666 2481 2735 μακρᾶς
2530 2659 2805 2729 θαλάσσης
2840 2659 2939 2714 οὐκ
2986 2655 3087 2732 ἔξω
3131 2655 3384 2713 κινδύνου
3431 2654 3635 2733 ἤγαγεν
3691 2657 3783 2712 ἐπὶ

2120 2754 2264 2805 νοῦν.
2325 2747 2503 2804 Ἀλλὰ
2557 2749 2777 2821 θέμενος
2847 2747 2924 2810 είς
2978 2744 3131 2802 οὐδὲν
3199 2746 3289 2801 καὶ
3360 2746 3673 2823 ἀμφότερα,
3734 2745 3786 2802 εἴ

2126 2837 2289 2912 μόνον
2346 2835 2517 2893 ἐλθὼν
2573 2844 2673 2908 τῆς
2730 2835 2780 2891 ἐν
2841 2835 2981 2912 εὐχῇ
3057 2835 3482 2911 προσκυνήσεως
3537 2837 3780 2911 γένοιτο,

2121 2928 2432 3003 προτίθεται
2480 2925 2632 2999 ὅμως
2677 2927 2776 2995 τὴν
2837 2922 2926 2981 διὰ
2955 2923 3232 2995 θαλάσσης
3275 2924 3525 2999 πορείαν,
3559 2924 3671 3001 οὐχ
3698 2925 3782 2980 ὃτι

370 3012 880 3086 praeferatinferni
911 3017 1224 3086 tormenta,
1256 3022 1311 3071 et
1358 3019 1551 3089 potius
1608 3038 1786 3092 quam
1846 3022 2012 3077 firmo

2126 3015 2369 3073 καλλίων
2399 3016 2538 3085 αὐτή
2578 3019 2674 3070 τοῦ
2726 3018 3074 3093 πεζοφορεῖν,
3100 3013 3205 3086 (τίς
3250 3012 3351 3091 γὰρ
3395 3020 3500 3084 τῆς
3551 3034 3785 3091 στερεμ-

370 3101 518 3173 pede
540 3102 852 3174 procedere
885 3102 1053 3157 malit
1082 3121 1185 3175 per
1234 3106 1493 3163 velamen
1553 3111 1761 3167 mortis
1819 3115 2014 3167 trans-

372 3190 639 3261 sire7)sed
673 3195 737 3246 ut
768 3208 833 3245 co
867 3190 1039 3246 citius
1064 3193 1410 3251 charissims
1437 3198 1726 3255 frueretur
1754 3204 2013 3273 aspectu.

373 3280 442 3336 Et
471 3280 795 3352 peragratis
827 3279 1170 3338 circuitibus
1206 3300 1353 3354 quos
1406 3287 1622 3343 lssicus
1679 3288 2017 3345 circumvol-

371 3367 456 3423 vit
493 3368 658 3425 sinus
686 3384 961 3441 mareque
993 3370 1270 3443 vicinum,
1294 3390 1466 3446 gyros
1497 3382 1693 3433 autem
1720 3382 2019 3434 resecatu-

374 3476 477 3517 rus
509 3476 577 3515 ex
634 3461 1020 3532 prosperitate
1070 3463 1479 3534 navigationis,
1550 3469 1823 3525 secundis
1880 3486 2019 3525 ven-

373 3550 452 3606 tis
481 3549 872 3619 manibusque
918 3549 1109 3606 navim
1159 3551 1619 3628 impellentibus,
1664 3558 1919 3626 advenit,
1965 3564 2022 3616 et

375 3637 701 3693 inebriatus
730 3641 819 3693 est
848 3637 1276 3709 colloquiorum
1320 3647 1570 3711 nectare,
1629 3648 2018 3703 conversatio»

377 3743 639 3798 numque
669 3727 984 3794 ambrosio,
1017 3731 1354 3801 ceterisque
1406 3732 1779 3804 imperatoris
1836 3737 2023 3792 suavi-

376 3816 619 3874 tatibus.
644 3817 926 3887 Expertus
955 3821 1044 3871 est
1073 3818 1302 3873 virilem
1335 3819 1501 3876 illum
1534 3822 1831 3895 virtutem,
1895 3843 2021 3898 qua:

380 3908 557 3964 etiam
587 3906 644 3960 in
676 3921 815 3976 pace
841 3906 1209 3977 quietissime
1240 3909 1578 3968 bellatorem
1610 3915 1881 3971 ostendat
1911 3917 2024 3972 for-

382 3996 681 4051 tissimum
714 3993 771 4048 in
805 3994 1079 4052 cursibus
1121 4014 1408 4069 equorum
1434 4000 1680 4074 aliisque
1708 4004 2025 4072 exercitiis,

384 4101 487 4140 seu
519 4081 710 4154 qualis
739 4081 892 4137 viros
923 4082 1233 4155 immanes,
1269 4091 1555 4146 montium
1592 4092 1741 4147 feras
1770 4092 1828 4147 in
1889 4094 2024 4149 tati-

383 4172 523 4228 bula
549 4169 810 4242 repellat,
845 4188 917 4227 ne
948 4173 1232 4247 frequenti
1287 4179 1456 4237 turbo
1505 4179 1796 4237 irruentes
1844 4181 2024 4252 regio-

381 4277 515 4318 nem
546 4259 991 4331 depopulentur.
1044 4266 1178 4328 Quae
1235 4268 1506 4334 miratus,
1538 4268 1811 4324 discessit
1844 4286 2027 4340 praeco

2122 3106 2239 3161 νίου
2294 3106 2502 3182 βάσεως
2559 3104 2619 3159 ἃν
2679 3100 2865 3159 ἕλοιτο
2925 3100 3095 3176 ’ᾼδου
3169 3101 3459 3178 πὲταυρον,
3518 3102 3613 3158 καὶ
3687 3106 3786 3157 τοῦ

2125 3193 2384 3273 ἀσφαλῶς
2441 3193 2644 3268 βαίνειν
2690 3194 2754 3248 τὸ
2802 3190 2893 3248 διὰ
2940 3194 3242 3265 θανασίμου
3281 3190 3786 3266 παραπετάσματος

2127 3283 2443 3349 στέλλεσθαι
2472 3286 2509 3357 ;)
2566 3281 2692 3338 ἀλλ’
2748 3280 2841 3336 ’ίνα
2912 3279 3054 3357 ταχύ
3108 3287 3209 3351 τῆς
3265 3279 3537 3359 φιλτάτης
3608 3276 3788 3354 ὅψεως

2126 3372 2369 3450 γένηται.
2424 3372 2530 3428 Καὶ
2577 3370 2756 3426 τοίνυν
2808 3374 2917 3426 τῶν
2963 3370 3057 3443 μὲν
3116 3367 3467 3447 περιδρόμων
3528 3368 3790 3425 ἀπαλλα-

2127 3460 2384 3539 γεὶς,ο’ὐς
2443 3462 2472 3517 ὁ
2530 3459 2754 3522 Ἰσσικὸς
2830 3458 3030 3516 ἑλίσσει
3083 3458 3292 3521 κόλπος
3355 3458 3446 3514 καὶ
3503 3458 3570 3513 τὸ
3630 3459 3789 3535 πὲριξ

2130 3550 2335 3606 ἐκείνου
2383 3547 2675 3626 παράλιον,
2704 3548 2973 3621 ἐπιτεμὼν
3027 3545 3084 3604 δὲ
3123 3548 3222 3618 τήν
3273 3546 3647 3626 κυκλοφορίαν
3705 3552 3787 3620 τῷ

2132 3640 2367 3715 ἰθαγενεῖ
2392 3643 2489 3694 τοῦ
2519 3638 2720 3694 στόλου
2749 3638 2972 3713 ἀνέμοις
3001 3658 3059 3693 τε
3086 3637 3402 3711 πομπίμοις
3441 3637 3535 3692 καὶ
3594 3636 3786 3713 χερσὶν

2131 3726 2576 3791 ἐπισπευδούσαις
2647 3728 2736 3783 τὸν
2804 3725 3002 3798 πλοῦν,
3079 3724 3238 3796 ἦλθε,
3314 3726 3406 3782 καὶ
3474 3724 3783 3805 ἐνεφορήθη

2130 3820 2220 3877 καὶ
2276 3819 2436 3881 αὐτὸς
2492 3818 2588 3873 τοῦ
2639 3821 2745 3872 τῶν
2802 3817 3040 3890 ὁμιλιῶν
3072 3816 3353 3889 νέκταρος,
3383 3822 3487 3885 τῆς
3546 3814 3601 3870 ἐν
3663 3811 3787 3869 δια-

2133 3909 2337 3984 λέξεσιν
2397 3902 2720 3982 ἀμϐροσίας,
2760 3912 2861 3975 τῆς
2910 3903 3115 3975 λοιπῆς
3171 3904 3461 3982 βασιλικῆς
3511 3901 3788 3979 γλυκύτη-

2131 4021 2247 4062 τος.
2286 3996 2578 4072 Ἐπειράθη
2606 3996 2697 4051 καὶ
2745 4002 2844 4065 τῆς
2893 3992 3154 4071 ἀνδρικῆς
3204 3992 3660 4072 ρωμαλεότητος,
3688 3992 3788 4047 ὅσα

2133 4111 2196 4165 γε
2226 4087 2370 4151 εἰκὸς
2418 4086 2468 4140 ἐν
2529 4084 2721 4161 εἷρήνῃ
2766 4082 2953 4159 βαθείᾳ
2999 4083 3335 4160 στρατιώτην
3389 4082 3615 4169 βριαρὸν
3675 4081 3790 4169 ἐπι-

2135 4176 2422 4249 δείξασθαι,
2470 4174 2520 4229 ἐν
2580 4174 2865 4235 ἱππασίαις
2934 4177 3321 4249 γυμναστικαῖς
3376 4168 3517 4234 ταῖς
3566 4191 3629 4226 τε
3689 4168 3792 4225 ἃλ-

2137 4266 2283 4333 λαις,
2335 4265 2423 4320 καὶ
2469 4262 2568 4318 ὅσα
2610 4261 2738 4327 τοὺς
2783 4264 2952 4336 θῆρας
3002 4260 3254 4339 ῥίπτουσι
3300 4259 3431 4323 τοὺς
3474 4254 3792 4337 ὀρειϐάτας,

380 4353 768 4427 imperatoriae
798 4357 1241 4424 fortitudinis,et
1281 4358 1364 4414 sic
1404 4358 1581 4413 robur
1635 4358 1913 4430 vulgavnt,
1972 4365 2012 4415 e1

2134 4355 2261 4418 τοὺς
2307 4352 2637 4430 πελωρίους·
2669 4350 2721 4406 οἳ
2773 4351 2850 4424 μὴ
2897 4349 3092 4425 συχνοὶ
3139 4350 3428 4413 πίπτοντες
3465 4349 3531 4404 τὸ
3589 4368 3792 4424 παροι-

378 4461 584 4502 omnes
616 4446 831 4503 vicinos
866 4447 1063 4503 hostes
1115 4447 1327 4502 terruit
1382 4446 1647 4503 dicentes
1704 4446 1784 4502 illi
1838 4447 2012 4503 favere

2135 4445 2401 4519 κούμενον
2448 4441 2817 4518 ἑρημώσουσι.
2865 4439 2970 4497 Καὶ
3020 4440 3297 4512 θαυμάσας
3345 4437 3539 4510 ἐκεῖνο,
3571 4436 3795 4508 ἀπῆλθε

384 4540 654 4592 nostrum
686 4537 1122 4608 imperatorem.
1176 4538 1247 4591 Et
1276 4537 1408 4605 ista,
1439 4553 1531 4591 me
1574 4536 1795 4605 judice,
1850 4537 2023 4592 mira-

386 4626 609 4681 buntur
654 4625 757 4680 lilii
824 4626 1029 4680 Ismael
1091 4626 1435 4681 memoriam
1495 4630 1854 4681 revocantes.
1913 4630 2028 4683 Nec

388 4717 545 4771 enim
575 4715 658 4771 illi
693 4716 978 4770 malorum
1002 4733 1067 4771 ex
1091 4714 1192 4770 illo
1219 4716 1455 4770 fuerunt
1486 4720 1770 4786 expertes.

2135 4538 2304 4609 κῆρυξ
2353 4539 2452 4603 τῆς
2514 4529 2805 4607 βασιλικῆς
2861 4528 3278 4605 κραταιότητος,
3334 4528 3425 4582 καὶ
3484 4527 3633 4582 οὕτω
3691 4529 3792 4596 τὴν

2139 4624 2296 4701 ἰσχὺν
2355 4618 2812 4691 ἐπολυπλασίασε,
2858 4618 2947 4673 καὶ
3011 4615 3109 4672 τοῦ
3174 4613 3512 4693 περικύκλου
3585 4614 3795 4678 πάντας

2139 4711 2369 4790 ἐχθροὺς
2418 4707 2747 4782 ἐδειμάτωσε
2812 4705 3079 4780 μαθόντας
3146 4704 3386 4779 εὐμενῶς
3436 4702 3586 4780 ἔχειν
3648 4703 3800 4776 αὐτῷ

387 4805 478 4859 τὸν
520 4802 784 4877 ἡμέτερον
838 4805 1223 4880 αὐτοκράτορα.
1260 4802 1362 4859 Καὶ
1404 4802 1766 4876 θαυμάσονται
1812 4804 1929 4877 μὲν,
1964 4801 2101 4878 οἶδα,
2133 4803 2222 4860 καὶ
2261 4804 2427 4857 ταῦτα
2468 4800 2521 4853 οἱ
2560 4796 2610 4869 ἐξ
2660 4794 2914 4870 Ἰσμαὴλ,
2944 4796 3042 4866 τὴν
3096 4798 3321 4869 μνήμην
3350 4794 3796 4865 ἀνακινήσαντες.

389 4893 530 4954 Οὐδὲ
557 4898 659 4973 γὰρ
686 4896 836 4952 αὐτοὶ
866 4898 1089 4961 ἀπαθεῖς
1118 4900 1298 4952 κακῶν
1328 4900 1437 4951 τῶν
1469 4894 1667 4959 ἐκεῖθεν
1699 4897 1968 4972 γεγόνασι.

463 5006 547 5061 13.
583 5005 928 5061 Miraculum
962 5007 1154 5061 adhuc
1184 5004 1314 5060 istis
1348 5003 1647 5059 miraculis
1705 5003 2035 5060 mirabilius

392 5093 533 5149 mihi
604 5097 972 5151 referendum
1035 5100 1143 5159 est,
1174 5094 1314 5167 quia
1345 5111 1461 5150 non
1511 5098 1743 5148 tantum
1795 5092 2035 5165 regulus

389 5183 502 5240 iste
531 5201 600 5239 ex
633 5184 956 5240 meridiana
986 5184 1158 5257 plaga
1179 5183 1251 5237 ad
1284 5200 1388 5237 nos
1420 5182 1692 5254 perrexit,
1725 5183 1825 5237 sed
1859 5181 2031 5236 etiam

391 5274 616 5330 anohis
648 5274 800 5330 alius
834 5289 1022 5346 nuper
1077 5275 1146 5328 ad
1196 5271 1458 5327 boreales
1518 5272 1789 5327 Paeonum
1840 5274 2037 5343 partes

394 5363 689 5434 profectus
739 5369 849 5429 est,
902 5361 1164 5435 aequalis,
1208 5378 1278 5416 ne
1327 5361 1515 5417 dicam
1597 5360 1820 5416 latioris
1873 5360 2036 5433 prin-

397 5467 531 5523 ceps
566 5455 820 5526 regionis
852 5471 864 5509 :
901 5460 964 5510 ut
1004 5454 1116 5525 ipsi
1147 5468 1311 5524 reges
1342 5453 1412 5508 ad
1449 5469 1553 5508 nos
1605 5451 1846 5507 veniant
1901 5466 2036 5506 eum

379 5539 498 5634 .qui
531 5544 804 5599 omnibus
826 5542 1077 5616 imperat
1106 5541 1559 5614 conspecturi,et
1575 5557 1743 5598 suam
1775 5540 2038 5613 ipsorum

2221 5008 2308 5076 ιγ“.
2341 5003 2532 5073 Θαῦμα
2589 4995 2646 5053 δὲ
2701 4993 2914 5071 μᾶλλον
2973 4994 3160 5058 αὐτοῖς
3218 4992 3305 5049 ἐπὶ
3338 4991 3571 5065 θαύματι
3627 4990 3801 5062 ἔσται,

2145 5088 2230 5146 ὅτι
2288 5089 2349 5145 οὐ
2408 5088 2574 5161 μόνον
2793 5084 2996 5145 ἐκεῖνος
3047 5081 3106 5139 ἐκ
3147 5082 3308 5139 νότου
3338 5082 3669 5160 πεφοίτηκεν
3727 5081 3806 5143 είς

2143 5181 2312 5252 ἡμᾶς,
2367 5176 2512 5234 ἀλλὰ
2552 5176 2642 5231 καὶ
2682 5173 2734 5245 ἐξ
2778 5175 2941 5252 ἡμῶν
2993 5164 3225 5249 ἔναγχος
3282 5169 3462 5245 ἔτερος
3525 5174 3646 5231 τοῖς
3708 5170 3803 5245 βο-

2146 5251 2311 5344 ρείοις
2357 5271 2465 5323 τῶν
2516 5264 2756 5321 Παιόνων
2819 5251 3034 5335 μέρεσιν
3103 5258 3378 5331 ἔσταλται,
3426 5258 3581 5315 οὐδὲν
3643 5256 3803 5314 ἐλάτ-

2143 5378 2301 5420 τονος
2341 5363 2445 5433 γῆς
2498 5352 2709 5430 ἅρχων,
2743 5351 2791 5408 εἷ’
2834 5352 2910 5426 μὴ
2955 5350 3047 5406 xui
3101 5348 3313 5424 μᾶλλον
3368 5348 3679 5421 ἀπείρονος·
3708 5344 3801 5403 *ἱνα

2146 5446 2236 5502 καὶ
2290 5442 2534 5523 βασιλεῖς
2581 5442 2662 5507 ἐφ’
2714 5444 2860 5516 ἡμᾶς
2903 5438 3242 5511 στέλλοιντο,
3290 5439 3380 5494 τὸν
3440 5437 3527 5493 ἐπὶ
3586 5439 3800 5492 πάντων

2148 5534 2411 5609 ὀψόμενοι
2465 5529 2855 5609 αὐτοκράτορα,
2893 5529 2982 5584 καὶ
3044 5528 3106 5584 τὸ
3174 5526 3372 5604 κράτος
3438 5527 3629 5591 αὐτοῖς
3680 5525 3795 5581 ἐπι-
