4104 6210
249 334 373 396 953

1165 328 1610 391 ALLOCUTIO
1655 328 1757 387 AD
1804 326 2239 388 MANUELEM
2288 300 2749 393 COMNENUM.

3547 337 3665 398 954

250 463 700 543 σφραγισόμενοι,
748 461 838 518 καὶ
891 459 1136 537 βασιλεῖς
1190 459 1341 525 αὖθις
1392 460 1480 538 ἀφ’
1529 461 1692 532 ἡμῶν
1740 460 1897 531 θερα-

2023 459 2303 517 firmaturi
2335 464 2679 534 potentiam,
2712 482 2922 523 rursus
2967 483 3130 538 reges
3180 484 3215 523 a
3247 468 3416 525 nobis
3446 470 3667 526 consti-

246 553 435 609 πεύειν
467 551 903 623 ἐπιταττόμενοι·
932 552 1008 613 ὡς
1038 555 1179 605 εῖναι
1202 549 1332 611 τοὺς
1369 548 1463 621 μὶν
1496 545 1702 610 ἄλλους
1727 546 1909 622 ἀρχη-

244 642 381 719 γοὺς
413 641 500 698 έπὶ
530 642 658 704 τοὺς
694 642 783 696 ὑπ’
813 639 1118 711 αὐτοῖς,τὸν
1147 636 1206 694 δὲ
1242 636 1508 712 ἡμέτερον
1541 634 1911 713 αὐτοκράτορα

251 732 529 808 βασιλέων
574 727 803 806 βασιλέα
840 728 931 785 καὶ
979 722 1334 803 παμϐασιλέα
1380 726 1464 781 ἐπ’
1496 725 1727 788 ἐκείνους
1757 725 1785 779 ὃ
1839 723 1905 794 δὴ

249 818 507 897 μέγιστόν
534 840 593 875 τε
621 818 711 874 καὶ
741 817 1105 894 ἐξοχώτατον.

325 907 415 968 ιδ’.
461 907 769 982 ’Λνέμνησα
818 904 876 961 δέ
943 906 1003 961 ἅν
1051 904 1182 970 τοὺς
1227 904 1279 976 έξ
1328 902 1561 979 Ἰσμαήλ
1618 903 1907 978 ἀκροατὰς,

244 997 341 1055 καὶ
382 996 544 1062 ὅσους
594 995 812 1069 ἑτέρους
860 994 1028 1071 ρῆγας
1077 993 1313 1049 ἐκείνους
1362 995 1397 1061 ἡ
1450 994 1569 1057 καθ’
1613 995 1762 1065 ἡμᾶς
1800 989 1910 1047 εἶδε

245 1087 422 1150 πόλις
450 1085 610 1156 αὕτη,
641 1089 750 1140 τῶν
784 1088 891 1139 σῶν
925 1083 1298 1159 προπεσόντας
1327 1079 1534 1151 ποδῶν,
1587 1080 1630 1136 εἰ
1668 1082 1743 1154 μή
1773 1078 1910 1157 πρὸς

248 1175 572 1246 ἀλαζονείαν
637 1194 758 1229 τινα
806 1169 1041 1247 ἔμελλον
1101 1172 1255 1228 αὐτοὶ
1313 1170 1701 1248 έξογκώσεσθαι
1738 1215 1750 1229 .
1804 1167 1909 1227 Ναί

244 1264 352 1341 γὰρ
413 1264 465 1319 οἱ
528 1268 636 1319 τῶν
700 1262 929 1318 Ἰταλῶν
988 1260 1226 1338 ἀρχηγοὶ
1286 1259 1483 1316 έκεῖνοι
1513 1306 1526 1331 ,
1585 1259 1691 1315 οὐκ
1742 1260 1911 1336 ἀγαθὰ

246 1354 642 1432 φρονήσαντες,
696 1349 915 1427 μεγάλα
959 1355 1173 1429 φρονεῖν
1229 1346 1495 1405 δεδώκασι
1535 1350 1654 1404 καθ’
1704 1349 1905 1404 ἑαυτῶν

242 1441 382 1506 τοὺς
430 1440 705 1518 ἐχθρούς·
764 1439 840 1513 οἵ,
893 1440 1059 1515 μέχρι
1114 1438 1210 1513 μὶν
1254 1439 1354 1507 τὴν
1404 1439 1504 1508 σὴν
1556 1437 1706 1513 εἶχον
1748 1441 1910 1513 χεῖρα

245 1531 765 1609 σανεφαπτομένην,
825 1529 916 1585 καὶ
984 1533 1102 1607 φῶς
1164 1528 1351 1591 αὐτοῖς
1393 1525 1633 1582 ἐλπίδων
1689 1525 1905 1601 ἀγαθῶν

244 1620 418 1675 ὁποῖα
479 1617 691 1675 στολῶν
733 1619 1014 1674 θειοτάτου
1045 1616 1218 1693 πυρὸς
1288 1614 1691 1693 αίθριάζουσαν,
1740 1615 1828 1670 καὶ
1879 1615 1908 1670 6

248 1709 349 1770 σὸς
383 1702 553 1787 φόϐος
576 1713 698 1770 τοῖς
731 1705 951 1784 ἐχθροῖς
1007 1704 1267 1761 ἐνεσείετο
1316 1702 1612 1780 ἐπαιγίζων
1645 1704 1721 1766 ὡς
1748 1702 1908 1782 νέφος

246 1796 345 1851 καὶ
392 1794 603 1864 σκότος,
652 1799 752 1861 τῆς
807 1800 917 1851 τῶν
969 1789 1281 1850 διωκόντων
1329 1792 1651 1870 ἐπίπροσθεν
1693 1791 1908 1866 τιθέμε-

2019 550 2243 618 tuendi,
2303 550 2387 606 ita
2444 558 2509 607 ut
2561 552 2663 608 alii
2721 558 2976 611 rectores
3036 555 3154 612 illis
3185 558 3536 624 subdantur,
3565 558 3667 615 illo

2016 654 2150 694 vero
2184 638 2523 711 imperatori
2572 646 2772 698 nostro
2824 660 3027 717 regum
3080 644 3221 715 Regi
3277 647 3669 719 omnibusque

2017 727 2343 783 dominanti
2377 731 2673 787 obediant.
2705 731 2868 795 Quod
2902 733 3223 790 maximum
3256 740 3313 791 et
3340 736 3662 792 admodum

2016 816 2316 873 eximium.

2091 906 2177 960 14.
2210 906 2337 961 Jam
2375 907 2432 962 in
2464 908 2805 967 memoriam
2853 911 3137 967 revocabo
3169 916 3313 984 quot
3340 913 3669 971 Ismaelitas

2019 995 2345 1062 audientes,
2382 1000 2524 1068 quot
2574 996 2718 1053 alios
2757 999 2992 1071 regulos
3043 1006 3241 1056 nostra
3292 1002 3435 1058 vidit
3463 1003 3670 1060 civitas

2018 1083 2086 1139 ad
2120 1088 2255 1139 tuos
2287 1084 2464 1156 pedes
2494 1085 2971 1155 provolutos,nisi
3002 1092 3057 1146 et
3084 1089 3198 1162 ipsi
3229 1091 3481 1162 quadam
3513 1090 3667 1149 intu-

2019 1176 2244 1228 merent
2275 1174 2629 1245 arrogantia.
2658 1175 2884 1231 Etenim
2918 1176 3002 1232 illi
3036 1178 3309 1241 Italorum
3341 1181 3666 1249 duces,non

2017 1260 2171 1316 bona
2200 1261 2525 1332 cogitantes
2558 1279 2686 1319 sese
2731 1264 3000 1322 inimicos
3051 1267 3265 1324 animis
3296 1267 3482 1325 elatos
3511 1270 3669 1326 exhi-

2018 1349 2309 1418 bucrunt;
2343 1350 2444 1422 qui
2467 1352 2727 1423 quandiu
2751 1356 2914 1409 tuam
2938 1355 3312 1427 conjunctam
3333 1357 3670 1415 habuerunt

2018 1438 2311 1494 dexteram
2342 1444 2401 1495 et
2429 1440 2619 1496 lucem
2671 1442 2796 1514 spei
2845 1443 3010 1500 bona:
3060 1445 3131 1500 ad
3164 1444 3352 1501 instar
3383 1446 3667 1503 columnis

2017 1526 2173 1599 ignis
2216 1527 2572 1584 divinlssimi
2618 1537 3013 1605 serenantem,
3060 1537 3373 1606 metusque
3419 1534 3506 1591 tui
3552 1535 3671 1592 ini-

2018 1616 2202 1672 micos
2232 1619 2546 1674 commovit
2575 1620 2807 1676 irruens
2837 1624 3145 1693 tanquam,
3179 1622 3366 1679 nubes
3395 1627 3451 1680 et
3479 1622 3668 1698 caligo

2018 1710 2153 1762 ante
2181 1706 2389 1763 faciem
2420 1708 2898 1780 persequentium
2932 1711 3178 1782 objecta,
3211 1711 3437 1769 fortiter
3466 1728 3670 1785 proce-

2017 1795 2256 1864 debant,
2288 1800 2347 1852 et
2376 1797 2434 1852 in
2467 1797 2621 1853 viam
2648 1797 3195 1868 introducebantur,
3219 1800 3670 1873 transibantque

244 1905 347 1948 νος
379 1880 578 1959 ὅψεως,
626 1882 831 1960 ἤγοντο
880 1880 1166 1957 ἀνδρικῶς,
1216 1882 1308 1938 καὶ
1339 1882 1415 1945 εἷς
1443 1879 1567 1938 ὁδὸν
1600 1881 1904 1958 ἐχειραγω-

2023 1884 2226 1939 securi.
2259 1885 2370 1941 Sed
2415 1886 2650 1958 quando
2697 1887 3084 1961 sibimetipsis
3140 1889 3346 1946 confisi
3396 1889 3507 1946 soli
3539 1890 3671 1947 fue-

249 1976 478 2050 γοῦντο,
521 1971 611 2029 καί
677 1968 940 2029 διέϐαινον
986 1969 1265 2050 ἀσφαλῶς.
1325 1973 1455 2029 Ὅτε
1502 1967 1562 2026 δὲ
1610 1968 1914 2047 θαρρήσαν-

250 2082 345 2124 τες
401 2062 613 2126 ἑαυτοῖς
660 2061 942 2135 έμόνασαν,
995 2062 1084 2117 καὶ
1131 2062 1160 2115 6
1205 2064 1301 2115 τοῦ
1344 2060 1524 2137 φωτὸς
1574 2059 1770 2121 στῦλος
1816 2058 1916 2114 οὐκ

253 2151 371 2221 ἦν,
412 2151 503 2207 καὶ
548 2153 584 2222 ἡ
632 2148 832 2230 νεφέλη
895 2151 1079 2221 ἀπῆν,
1130 2149 1311 2205 οὐκέτι
1368 2147 1729 2226 πορευόμενοι
1786 2146 1914 2203 έπο-

254 2241 505 2318 ρεύοντο,
537 2239 683 2296 ἀλλὰ
722 2240 805 2315 (τὸ
855 2240 979 2311 ἑξῆς
1023 2242 1122 2309 τῆς
1173 2236 1347 2312 ᾠδῆς)
1396 2236 1636 2306 ἔκλαιον,
1686 2237 1778 2291 καὶ
1827 2236 1912 2310 (τὸ

251 2328 524 2385 ἀνάπαλιν
555 2336 655 2400 τῆς
686 2328 858 2404 ᾠδῆς)
911 2326 1248 2405 βαλλόμενοι
1280 2328 1535 2399 πτώμασι
1583 2325 1913 2397 κατεστρών-

247 2439 457 2489 νυντο,
505 2418 595 2473 καὶ
643 2424 745 2488 τῆς
790 2424 888 2488 σῆς
944 2411 1045 2488 ἔξω
1104 2416 1308 2486 σκέπης
1354 2412 1653 2489 γενόηενοι,
1706 2411 1947 2489 αἴθριοκ

247 2513 372 2570 τοῖς
420 2513 610 2572 κακοῖς
649 2506 932 2579 έεέκειντο,
986 2507 1074 2561 καὶ
1126 2502 1496 2581 ἐχαλὰζοῢντο
1525 2507 1643 2566 τοῖς
1700 2500 1907 2579 βέλεσι,

247 2595 345 2651 καὶ
407 2595 628 2671 χόσεσιν
681 2596 926 2669 αἱμάτων
996 2593 1419 2670 καταρρεόμενοι
1495 2591 1863 2667 παρεσύραντο
1892 2635 1907 2662 ,

249 2682 513 2761 περίοδόν
561 2706 682 2740 τινα
739 2681 987 2760 δυστυχῆ
1041 2684 1245 2754 ταύτην
1303 2681 1403 2737 οὐκ
1457 2680 1510 2752 ἐξ
1564 2678 1906 2757 ἀλλοτρίων,

252 2772 406 2829 ἀλλὰ
452 2781 724 2849 προσγενῆ
758 2771 1251 2850 δυσπραγήσαντες·
1284 2770 1407 2841 ¹ἥτις
1436 2770 1568 2827 ποτὶ
1616 2775 1733 2832 τοῖς
1770 2789 1905 2846 προ-

2024 1977 2162 2028 runt
2190 1973 2399 2039 relicti,
2432 1975 2680 2046 necjam
2711 1980 2835 2031 erat
2854 1976 3006 2033 lucis
3032 1977 3325 2046 columna,
3350 1978 3670 2051 aberatque

2024 2063 2231 2129 nubes,
2265 2064 2644 2135 procedentes
2700 2082 2815 2120 non
2873 2066 3286 2138 procedebant,
3329 2067 3431 2123 sed
3480 2083 3670 2139 usque

2021 2152 2095 2207 ad
2155 2152 2330 2207 finem
2388 2152 2705 2225 lugebant;
2766 2159 3121 2211 revertentes
3181 2159 3376 2212 autem
3428 2156 3668 2214 casibus

2016 2241 2217 2311 jactati
2247 2242 2431 2297 eversi
2463 2247 2623 2311 sunt,
2673 2247 2889 2314 tuoque
2937 2243 3122 2301 orbati
3175 2244 3464 2317 praesidio,
3498 2244 3668 2302 malis

2012 2331 2291 2402 jacebant
2319 2330 2576 2398 obnoxii,
2610 2331 2859 2405 telisque
2890 2333 3059 2404 quasi
3090 2334 3375 2405 grandine
3405 2333 3669 2407 percussi

2020 2422 2077 2473 et
2106 2417 2290 2473 multo
2340 2418 2579 2490 profuso
2626 2420 2913 2493 sanguine
2972 2420 3444 2493 repellebantur;
3487 2440 3666 2496 quam

2019 2506 2419 2562 calamitatum
2452 2507 2757 2579 periodum
2815 2526 2929 2565 non
2963 2510 3036 2565 ab
3084 2510 3313 2578 alienis,
3345 2512 3444 2568 sed
3479 2529 3511 2567 a
3542 2512 3669 2569 suis

2018 2595 2177 2668 passi
2211 2600 2373 2665 sunt,
2424 2612 2536 2651 non
2587 2613 2758 2653 secus
2811 2613 2876 2653 ac
2929 2597 3068 2654 olim
3120 2599 3347 2669 proavis
3378 2598 3670 2656 acciderat

2020 2683 2199 2753 Italis,
2257 2686 2487 2756 quando
2539 2690 2702 2741 terra:
2760 2685 3156 2742 Romanorum
3209 2687 3407 2755 robur,
3459 2705 3665 2760 regum

2018 2772 2392 2841 miraculum,
2427 2774 2728 2830 accinctus
2757 2779 2847 2831 est
2878 2775 3058 2831 armis
3090 2791 3341 2848 magnus
3370 2776 3625 2834 Alexius.

248 2863 442 2937 γόνοις
490 2861 722 2924 Ἰταλοῖς
780 2863 1061 2918 συνέπεσεν
1117 2859 1206 2917 ὅτε
1257 2860 1322 2916 τὸ
1363 2859 1560 2938 κράτος
1615 2866 1717 2929 τῆς
1765 2856 2051 2932 Ῥωμαίων
2100 2857 2366 2928 ὲζώννυτο
2418 2863 2520 2936 γῆς
2577 2862 2639 2916 τὸ
2698 2863 2877 2936 Θαῦμα
2929 2866 3036 2917 τῶν
3099 2862 3391 2939 βασιλέων,
3420 2864 3449 2919 6
3499 2866 3669 2940 μέγας

244 2952 525 3014 Ἀλέξιος.

331 2953 391 3007 λέ
428 2972 525 3014 ιος.

331 2952 419 3116 ref
449 3056 625 3115 Ἀλλὰ
649 3057 703 3113 τί
748 3079 842 3131 μοι
881 3058 1020 3134 πρὸς
1065 3057 1129 3113 τὸ
1166 3061 1264 3113 τοῦ
1312 3055 1564 3130 Ἀλεξίου
1596 3053 1767 3131 ὄνομα
1812 3056 1909 3118 τὰς

2092 3058 2178 3113 15.
2213 3057 2323 3114 Sed
2372 3059 2508 3131 quid
2566 3059 2712 3116 mihi
2758 3061 2829 3116 ad
2887 3058 3045 3116 istud
3101 3060 3284 3117 Alexii
3315 3076 3530 3118 nomen
3556 3077 3666 3118 au-

253 3148 428 3211 ἇκοὰς
502 3142 902 3224 παραϐάλλεις,
976 3143 1021 3201 ὦ
1091 3146 1371 3234 πορφύρας
1454 3144 1674 3221 βλαστὶ,
1734 3144 1906 3216 ὀξεῖαν

2023 3164 2113 3204 res
2147 3148 2447 3219 patefacis,
2480 3147 2561 3203 {ili
2617 3167 2912 3221 purpurae,
2937 3154 3221 3205 arrectam
3258 3152 3521 3222 praebens
3557 3167 3665 3207 au-

251 3237 428 3306 ἀκοήν
483 3238 710 3292 ἀνιστῶν
763 3236 902 3313 πρὸς
956 3235 1055 3303 τὴν
1108 3232 1397 3311 βασιλικὴν
1454 3235 1657 3305 ταύτην
1699 3236 1908 3312 φωνὴν,

253 3328 344 3382 καὶ
396 3331 478 3399 τῷ
527 3325 795 3402 γνωρίμῳ
843 3323 1052 3400 χαίρων
1099 3326 1200 3392 τῆς
1246 3322 1532 3393 κλήσεωςς
1599 3326 1765 3399 Χαῖρε
1816 3322 1908 3395 μὲν

251 3417 349 3471 καὶ
390 3414 571 3488 τούτῳ
614 3418 693 3487 τῷ
736 3434 797 3469 τε
843 3412 1071 3486 ὀνόματι
1114 3416 1196 3486 τῷ
1236 3432 1295 3466 τε
1323 3412 1628 3486 πράγματι,
1683 3410 1774 3465 καὶ
1831 3410 1909 3472 εἷς

253 3505 535 3576 παππῴαν
582 3502 888 3577 ὁμοιότητα
937 3502 1155 3557 σεαυτὸν
1218 3494 1531 3568 ἀναϐίϐαζε·
1580 3500 1642 3554 τὸ
1675 3496 1731 3554 δὲ
1784 3504 1909 3569 πᾶν,

248 3592 587 3664 ἱξεικονίζου
644 3592 781 3665 πρὸς
830 3592 925 3654 τὰς
973 3594 1070 3645 τοῦ
1127 3586 1395 3667 βασιλέως
1441 3589 1644 3665 πατρὸς
1698 3587 1912 3663 ἀρετάς.

252 3681 472 3743 Γλυκὺς
520 3682 549 3736 6
603 3681 769 3756 μέγας
816 3681 1019 3743 ἐκεῖνος
1061 3676 1325 3749 Ἀλέξιος,
1375 3678 1465 3733 καὶ
1521 3676 1692 3748 ζήλου
1741 3675 1909 3747 ἄξιος.

253 3769 510 3845 Χαρίτων
542 3769 766 3844 πλήρης
795 3769 823 3823 6
856 3766 1109 3841 ἀοίδιμος
1142 3772 1381 3838 πάππος,
1433 3768 1460 3822 6
1517 3766 1570 3821 ἐν
1631 3764 1909 3843 βασιλεῦσι

253 3857 616 3935 περίκλυτος,
672 3859 760 3913 καὶ
822 3861 903 3920 οἷς
955 3857 1251 3929 ζηλοῦσθαι
1300 3861 1415 3918 τοῖς
1462 3855 1679 3911 θέλουσι
1709 3854 1910 3913 τιδποῦ-

256 3953 383 4006 σθαι
433 3950 567 4025 πρὸς
621 3948 904 4025 βασιλείας
934 3942 1232 4024 ἀκρίϐειαν.
1266 3944 1427 4003 Ἀλλ’
1481 3946 1509 4002 ὀ
1565 3946 1745 4022 πατὴρ
1775 3945 1912 4021 ἄκρα

256 4040 539 4116 γλυκύτης
577 4037 739 4115 χάρις
796 4038 1163 4113 αὐτόχρημα.
1215 4035 1274 4091 Τί
1320 4040 1449 4112 γοῦν
1514 4057 1597 4092 σοι
1646 4036 1736 4092 καὶ
1785 4037 1911 4091 ἀνα-

253 4130 477 4207 τρέχειν
514 4127 590 4189 εἷς
617 4128 684 4183 τὰ
710 4126 938 4196 παλαιὰ,
989 4121 1114 4182 ἔνθα
1161 4127 1296 4203 πρὸς
1336 4128 1571 4199 μίμησιν
1601 4126 1662 4181 τὸ
1710 4126 1910 4182 νεώτα-

251 4242 349 4276 τον
423 4217 624 4292 ἆγαθὸν
687 4214 946 4291 αὔταρκες
1012 4215 1102 4270 καὶ
1145 4214 1626 4289 πολυσύγκρατον,
1685 4214 1912 4279 ἐκείνοις

251 4330 316 4365 τε
366 4304 573 4363 θάλλον
621 4312 739 4368 τοῖς
790 4306 848 4361 ἐκ
913 4306 1156 4379 πατέρων
1213 4304 1313 4359 ὅσα
1370 4305 1458 4358 καὶ
1514 4302 1914 4377 κληρονομίαις

254 4397 482 4464 καλαῖς,
537 4394 1047 4471 προσεπιπλουτοῦν
1100 4391 1275 4449 δὲκαὶ
1324 4392 1391 4447 τὰ
1433 4390 1692 4461 οἷ’κοθενς
1741 4390 1914 4450 Ἀλλὰ

256 4486 400 4560 πρὸς
438 4485 496 4540 σὲ
549 4485 668 4558 μὶν,
722 4485 767 4539 ὦ
810 4483 1092 4560 πορφύρας
1148 4480 1420 4558 αὕγασμα,
1466 4479 1671 4551 ἰδιάζον
1722 4481 1910 4539 αὐτίκα

262 4541 418 4650 μόλοι
460 4541 605 4629 ἔσται
642 4541 736 4648 μοι
765 4573 828 4628 τὸ
857 4541 1149 4650 προσφώνη
1298 4541 1487 4626 όὺκέτι
1508 4541 1611 4647 γάρ
1643 4592 1701 4626 σε
1726 4570 1791 4627 τὸ
1812 4574 1911 4626 τοῦ
1942 4541 1988 4606 D

257 4668 398 4721 Θεοῦ
432 4664 566 4739 μέγα
595 4658 753 4739 ἔργον
785 4661 836 4717 ἐν
868 4661 1121 4738 παρέργῳ
1153 4659 1321 4738 λόγου
1352 4661 1611 4733 θήσομαι.

337 4774 423 4838 ις’.
452 4771 596 4847 Ἐγὼ
627 4766 705 4842 δὶ,
739 4768 873 4847 ὅπερ
902 4765 1111 4845 ἔλεγον,
1160 4767 1258 4824 οὐκ
1303 4767 1366 4823 ἃν
1411 4771 1527 4831 τοῖς
1573 4767 1624 4839 ἐξ
1677 4765 1910 4841 Ἰσμαὴλ

257 4863 439 4920 ἐκεῖνα
468 4859 543 4923 είς
575 4859 747 4929 ἀκοὴν
801 4858 966 4914 ὠτίου
1006 4856 1293 4934 ἀγάγοιμι,
1343 4851 1768 4930 εὐλαϐούμενος,
1832 4857 1909 4930 μὴ

254 4952 357 5010 καὶ
439 4951 537 5013 τὰς
614 4949 782 5028 ὀφρῦς
842 4946 926 5004 ἐπ’
994 4946 1221 5012 έκείνοις
1307 4944 1622 5021 μετεωρίσω
1705 4944 1909 5009 αὐτοῖς.

256 5041 590 5115 Ἀναμνήσω
648 5036 740 5107 δὶ,
793 5036 943 5100 ὅπως
1025 5039 1054 5093 ὁ
1110 5038 1238 5113 παρ’
1297 5036 1482 5100 αὐτοῖς
1539 5036 1679 5111 μέγα
1734 5034 1911 5114 φέρων

253 5126 439 5202 ὄνομα
482 5128 545 5183 τὸ
594 5126 946 5183 σουλτανικὸν
993 5124 1139 5199 (δότε
1183 5126 1287 5201 γάρ
1331 5147 1429 5199 μοι
1482 5125 1582 5194 τὴν
1637 5123 1907 5200 ἐγχώριον

250 5225 376 5282 τοῖς
428 5216 807 5293 ἀκροωμένοις
849 5217 1060 5295 φωνὴν)
1094 5216 1169 5278 εἷς
1193 5216 1344 5289 ἡμὰς
1391 5215 1479 5270 καὶ
1535 5213 1696 5276 αὐτὸς
1730 5208 1909 5285 διέϐη,

249 5309 346 5365 καὶ
376 5305 511 5363 εἶδεν
561 5305 719 5361 αὐτὸν
766 5307 800 5375 ἡ
850 5304 1259 5361 Κωνσταντίνου
1316 5297 1552 5379 πρέσϐυν
1604 5302 1733 5377 ὑπὲρ
1787 5303 1908 5356 ἑαυ-

250 5402 378 5469 τοῦ,
442 5391 792 5471 καταλλαγὰς
848 5393 903 5449 ἐκ
959 5398 1054 5450 τοῖ’)
1114 5400 1215 5464 τῆς
1263 5392 1590 5467 οῗκουμένης
1646 5389 1910 5447 δεσπότου

250 5485 661 5560 ποτνιώμενον,
713 5483 803 5539 καὶ
849 5483 912 5539 τὸ
975 5482 1145 5541 καλὸν
1213 5483 1370 5539 αὐτὸν
1427 5482 1599 5555 ἑαυτῷ
1654 5480 1908 5537 έπισπεύ-

253 5577 446 5651 δοντα,
477 5575 539 5631 ἐκ
566 5580 664 5645 τῆς
710 5576 807 5630 τοῦ
857 5571 1253 5651 αὐτοκράτορος
1297 5571 1695 5652 γαληνότητος,
1725 5571 1814 5627 καὶ
1847 5570 1908 5627 o6

255 5667 330 5725 δι’
376 5664 565 5740 έτέρου
610 5664 1138 5741 καταπραττόμενον.
1190 5663 1289 5720 Καὶ
1328 5661 1383 5719 τί
1430 5660 1533 5740 γὰρ
1574 5657 1683 5718 ἔδει
1740 5658 1911 5741 ἄνδρα

2021 3253 2143 3291 rem
2178 3238 2246 3291 ad
2280 3236 2431 3292 hanc
2463 3237 2680 3310 regiam
2734 3255 2951 3310 vocem,
2983 3242 3039 3294 et
3086 3244 3224 3294 noto
3273 3239 3536 3310 gaudens
3567 3254 3664 3295 co-

2020 3324 2296 3398 gnomine
2320 3325 2348 3379 ?
2376 3326 2484 3381 Sed
2521 3327 2709 3396 gaude
2759 3331 2815 3382 et
2863 3329 2933 3383 de
2964 3344 3023 3383 re
3072 3333 3129 3383 et
3156 3328 3227 3384 de
3284 3326 3523 3384 nomine
3552 3327 3665 3383 isto

2020 3425 2077 3470 et
2105 3416 2175 3470 ad
2236 3415 2326 3470 avi
2385 3415 2834 3471 similitudinem
2891 3416 3267 3488 temetipsum
3325 3415 3503 3488 erige,
3550 3431 3666 3472 uno

2018 3502 2215 3571 verbo,
2248 3501 2559 3573 imaginem
2592 3504 2774 3575 patris
2806 3505 2944 3578 regii
2980 3505 3257 3560 virtutum
3303 3505 3360 3560 in
3409 3509 3466 3561 te
3498 3504 3666 3577 inge-

2020 3606 2178 3645 nera.
2201 3593 2416 3647 Gratus
2442 3589 2538 3646 ille
2557 3591 2792 3648 Alexius
2816 3609 3089 3666 magnus,
3110 3598 3166 3650 et
3186 3592 3407 3650 invidia
3426 3593 3664 3666 dignus.

2020 3679 2348 3734 Gratiarum
2374 3679 3163 3752 plenus,valdevenerandus
3186 3699 3324 3738 avus
3340 3685 3395 3737 et
3412 3680 3548 3738 talis
3570 3681 3667 3737 cui

2019 3768 2389 3836 aemulentur,
2414 3772 2478 3823 ut
2504 3786 2706 3842 regum
2734 3770 3241 3843 celeberrimo,qui
3269 3770 3472 3828 volunt
3490 3770 3668 3827 infor-

2020 3856 2169 3912 mari
2201 3858 2524 3915 secundum
2552 3858 2856 3932 dignitatis
2887 3862 3057 3933 regiae
3091 3861 3524 3933 perfectionem.
3556 3864 3664 3916 Pa-

2017 3951 2106 4002 ter
2134 3963 2266 4003 vero
2297 3963 2532 4004 summa
2582 3948 2862 4014 suavitas,
2916 3966 3018 4006 seu
3077 3949 3267 4022 potius
3296 3950 3424 4021 ipsa
3454 3949 3661 4023 gratia.

2018 4036 2125 4093 Sed
2156 4052 2338 4108 quare
2370 4037 2439 4092 ad
2463 4038 2705 4109 antiqua
2727 4037 2972 4110 refugio,
2997 4036 3135 4091 dum
3159 4035 3254 4090 hic
3280 4035 3448 4091 adest
3470 4035 3665 4092 novis-

2020 4125 2237 4182 simum
2270 4126 2491 4182 bonum
2540 4125 2706 4182 valde
2751 4125 3031 4182 eximium
3076 4130 3131 4181 et
3167 4125 3663 4195 potentissimum,

2021 4215 2301 4289 paternis,
2360 4214 2529 4287 quasi
2583 4215 2864 4287 speciosis
2918 4214 3396 4283 haereditatibus,
3451 4214 3664 4271 ﬂorens

2019 4304 2356 4370 virtutibus,
2416 4303 2633 4375 quibus
2694 4304 2955 4360 abundat
3013 4303 3286 4359 familia?
3340 4307 3558 4360 Verum
3589 4304 3662 4359 ad

2019 4396 2096 4459 te,
2129 4408 2161 4447 o
2194 4390 2470 4463 splendor
2492 4393 3027 4466 purpurae,pr0prie
3047 4397 3274 4465 spectat
3296 4409 3426 4448 mea
3454 4391 3659 4449 oratio.

2020 4481 2145 4536 Non
2174 4481 2331 4536 enim
2364 4485 2439 4551 te,
2466 4482 2563 4538 Dei
2596 4498 2874 4554 magnum
2898 4498 3064 4553 opus,
3093 4482 3349 4538 secundo
3372 4480 3661 4538 sermonis

2019 4586 2234 4643 ponam
2264 4569 2411 4626 loco.

2096 4768 2180 4823 16.
2212 4767 2330 4839 Ego
2360 4783 2514 4835 vero,
2546 4765 2702 4822 sicut
2719 4767 2844 4838 jam
2890 4766 3031 4832 dixi,
3065 4765 3180 4822 ista
3210 4782 3321 4820 non
3370 4765 3662 4837 proferam

2021 4857 2092 4913 ad
2126 4872 2296 4912 aures
2330 4854 2753 4911 [smaelitarum
2787 4858 2851 4910 ut
2880 4871 2995 4910 non
3026 4855 3096 4910 de
3125 4870 3187 4912 se
3217 4854 3362 4927 ipsis
3401 4853 3663 4926 superci-

2018 4944 2166 5001 lium
2179 4945 2258 5001 eri
2267 4944 2493 5017 gant.ln
2510 4943 2852 4999 memoriam
2866 4949 3059 5001 autem
3074 4945 3353 5001 revocabo
3369 4943 3662 5017 quomodo

2021 5034 2177 5107 apud
2238 5049 2344 5090 nos
2402 5048 2683 5105 magnum
2743 5032 2934 5090 ferens
2989 5049 3201 5090 nomen
3262 5033 3458 5091 sultan
3507 5032 3665 5105 (date

2019 5124 2173 5180 enim
2208 5121 2351 5178 mihi
2383 5138 2583 5178 vocem
2614 5120 2989 5178 audientibus
3019 5122 3544 5192 accommodatam)
3586 5120 3661 5177 ad

2021 5230 2128 5270 nos
2158 5212 2283 5285 ipse
2304 5227 2536 5284 quoque
2565 5210 2857 5281 transivit,
2881 5215 2939 5268 et
2959 5211 3103 5266 vidit
3126 5228 3262 5267 eum
3294 5207 3664 5266 Constantini

2020 5304 2226 5361 civitas
2259 5318 2360 5375 pro
2391 5318 2454 5357 se
2502 5300 2791 5373 legatione
2842 5301 3204 5373 fungentem,
3246 5304 3600 5374 pactumque
3630 5315 3665 5356 α

2020 5393 2256 5450 domino
2287 5396 2454 5448 terra
2487 5389 2787 5446 humiliter
2806 5391 3238 5463 deprecantem,
3274 5392 3330 5445 et
3350 5387 3442 5445 sui
3474 5386 3664 5459 ipsius

2020 5482 2356 5539 felicitatem
2390 5480 2462 5534 ab
2494 5478 2863 5551 imperatoris
2908 5479 3220 5536 serenitate
3266 5480 3661 5549 exoptantem,

2019 5588 2127 5629 nec
2153 5586 2255 5644 per
2284 5568 2465 5626 alium
2498 5584 2627 5624 eam
2670 5568 3094 5640 exquirentem.
3144 5566 3358 5641 thuid
3389 5564 3545 5623 enim
3573 5564 3664 5623 vir

2018 5660 2257 5734 sapiens
2287 5657 2506 5733 regiam
2537 5657 2886 5715 suavitatem
2918 5657 3123 5719 alienis
3150 5656 3324 5716 labiis
3351 5655 3661 5732 gustaret?
