4104 6210
349 243 466 304 955

1139 249 1560 312 EUSTATHII
1604 247 2366 311 THESSALONICENSIS
2409 250 2984 313 METROPOLITE

3649 252 3776 313 956

350 376 576 441 Quibus
599 378 675 434 ad
707 383 963 436 mentem
1003 379 1236 436 illorum
1271 381 1576 450 revocatis,
1609 398 1715 454 ego
1755 381 2006 437 confun-

2118 388 2351 456 νουνεχῆ
2408 378 2696 457 βασιλικῆς
2772 381 3116 457 γλυκύτητος
3173 381 3495 457 ἀλλοτρίοις
3551 381 3774 459 χείλεσι

352 466 489 521 dam
551 466 832 524 barbaros
890 468 1202 526 humiliata
1256 485 1457 526 eorum
1515 471 1813 543 superbia,
1869 487 2001 526 cum

353 555 437 611 ita
465 555 728 611 illustres
761 557 886 629 agis
919 558 1269 630 triumphos,
1298 577 1330 614 o
1353 560 1687 631 imperator,
1721 562 2001 616 adversus

352 644 506 712 illos,
557 644 831 717 virosque
888 646 1172 702 bellorum
1233 647 1623 704 amicissimos
1681 648 1764 703 tui
1817 648 2000 703 solius

352 738 514 789 metu
545 749 775 790 coerces
815 735 914 806 qui
947 736 1004 790 in
1053 735 1259 806 plateis
1307 737 1726 807 gloriabantur,
1758 742 1814 792 et
1844 738 1996 809 quod

353 839 527 878 nemo
558 841 740 892 usque
785 825 855 878 ad
900 830 1240 896 praesentem
1299 827 1729 898 generationem
1782 826 1843 881 in
1877 843 1999 881 ma-

353 913 530 969 ximis
559 913 728 969 bellis
779 915 1012 984 fecerat,
1040 919 1104 970 tu
1155 915 1384 972 facilius
1442 916 1683 989 petrasti
1717 921 1792 985 et,
1828 920 1890 971 ut
1921 917 2002 971 ita

354 1002 564 1074 dicam,
598 1002 724 1058 sine
754 1002 968 1059 labore.

426 1201 516 1257 17.
559 1199 814 1256 Facilius
871 1201 987 1256 dixi
1046 1205 1104 1258 et
1145 1201 1270 1257 sine
1329 1201 1547 1272 labore,
1602 1203 2002 1261 universitatis

353 1305 551 1345 rerum
609 1288 847 1345 oblitus.
908 1290 1172 1346 Primum
1231 1290 1552 1361 laborasti;
1611 1310 1762 1365 saepe
1817 1294 2000 1350 bella-

355 1378 470 1446 sti;
503 1395 606 1449 pro
666 1378 834 1434 nobis
887 1378 1221 1448 dimicasti;
1276 1385 1498 1437 onustae
1556 1381 1791 1437 fuerunt
1822 1384 2003 1440 armis

354 1485 588 1525 manus.
621 1468 728 1523 Pro
777 1469 944 1524 nobis
993 1469 1155 1524 fuisti
1205 1471 1481 1538 saucius;
1528 1470 1726 1527 hostes
1772 1473 2002 1528 saucia-

357 1557 435 1614 sti
465 1557 550 1613 ita
581 1561 644 1613 ut
671 1574 768 1613 eos
814 1560 1108 1614 numerari
1155 1575 1531 1631 nequaquam
1585 1560 1664 1615 sit
1701 1561 1999 1632 possibile.

355 1647 520 1703 Vidit
548 1652 602 1703 te
633 1647 916 1703 sudorum
951 1647 1168 1703 flumen
1224 1649 1284 1703 in
1316 1649 1443 1721 ipso
1477 1649 1800 1720 jucundius
1833 1651 2005 1707 ablu-

2111 468 2400 543 γεύεσθαι;
2470 473 2651 526 Ταῦτα
2725 469 2801 533 εἷς
2870 472 3094 543 μνήμην
3161 470 3382 532 ἐκείνοις
3436 472 3775 542 ἀνακινήσας

2111 557 2215 632 ἐγὼ
2289 556 2590 614 καταιδέσω
2665 558 2791 621 τοὺς
2864 554 3192 636 βαρϐάρους,
3272 555 3597 615 καταϐαλὼν
3668 561 3777 628 τὴν

2110 646 2276 722 ὀφρὺν
2311 648 2518 719 αὐτοῖς,
2578 647 2623 703 εἰ
2673 647 2821 704 οῦτῶ
2882 646 3170 722 λαμπροὺς
3225 647 3370 724 ἄγεις
3429 644 3770 724 Θριάμϐους,

2110 736 2155 789 ὧ
2189 733 2432 811 βασιλεῦ,
2465 737 2580 791 κατ’
2629 737 2825 805 αὐτῶν,
2858 739 2948 792 καὶ
2977 736 3105 801 τοὺς
3141 738 3207 806 ἦν
3264 739 3353 792 ὅτε
3407 735 3775 811 πολεμιωτά-

2107 845 2234 886 τους
2266 820 2421 902 φόόῳ
2467 826 2557 881 καὶ
2593 827 2746 900 μόνῳ
2793 827 3050 901 προάγεις
3111 826 3193 880 ἐπ’
3252 827 3453 902 ἀγορᾶς
3487 829 3607 882 καθ’
3640 827 3768 881 εαυ-

2107 917 2216 968 τῶν
2246 915 2652 989 πομπεύοντας⁶
2687 916 2776 970 καὶ
2807 916 2836 970 ’ὀ
2872 913 3067 988 μηδείς
3125 921 3214 970 πῶ
3259 916 3426 991 μέχρι
3455 916 3544 970 καὶ
3578 922 3774 990 γενεᾶς

2107 1001 2310 1072 ταύτης
2337 1001 2605 1078 πολέμοις
2655 1005 2932 1079 μεγίστοις
2989 1003 3380 1079 κατεπράξατο,
3441 1006 3608 1068 αὐτὸς
3639 1009 3774 1078 ρᾷον

2111 1090 2253 1146 οὕτω
2283 1095 2570 1166 κατορθοῖς
2601 1093 2795 1154 καὶ-ὡς
2827 1092 2995 1148 εἰπεῖν
3030 1093 3370 1149 ἀπονώτατα.

2187 1200 2267 1268 ιζ”
2302 1197 2478 1254 Ἀλλὰ
2531 1199 2594 1254 τὸ
2643 1197 2846 1270 δήποτε
2893 1203 3054 1255 τοῦτο
3106 1199 3169 1254 τὸ
3221 1201 3386 1274 μέρος
3434 1198 3562 1274 ῥᾷον
3616 1196 3774 1273 λέγω

2110 1287 2197 1342 καὶ
2232 1288 2454 1357 ἄπονον,
2504 1294 2605 1358 τῆς
2647 1292 2754 1344 τῶν
2809 1289 3145 1364 πραγμάτων
3209 1285 3480 1358 ὁλότητος
3536 1286 3775 1351 ἐκλαθό-

2115 1397 2293 1450 μενος.
2338 1377 2638 1448 Ἐπόνησας
2695 1379 2760 1432 τὰ
2813 1382 3024 1453 πρῶτα.
3085 1375 3508 1452 Ἐξεστρατεύσω
3566 1377 3774 1451 συχνά.

2110 1463 2396 1537 Ἥθλησας
2425 1463 2494 1520 δι’
2552 1469 2718 1540 ἡμᾶς.
2777 1461 3097 1539 Ἐτρίῦησάν
3149 1487 3246 1520 σου
3275 1471 3391 1527 τοῖς
3447 1463 3648 1526 ὅπλοις
3714 1466 3772 1519 αἱ

2112 1559 2314 1630 χεῖρες.
2370 1553 2836 1630 Ἐτραυματίσθης
2893 1554 3028 1626 ὑπὲρ
3085 1556 3270 1627 ἡμῶν.
3331 1554 3773 1629 Ἐτραυμάτισας

2111 1641 2241 1705 τοὺς
2299 1642 2553 1719 ἐχθροὺς,
2604 1643 2703 1698 ὅσα
2750 1641 2878 1699 οὐδὲ
2908 1644 2983 1706 εἷς
3015 1644 3245 1718 ἀριθμὸν
3300 1649 3480 1698 πεσεῖν
3511 1641 3768 1699 δυνατόν.

354 1739 508 1805 tum,
531 1751 708 1806 quam
741 1737 971 1807 Cydnus
1026 1753 1285 1792 mersum
1319 1737 1374 1792 in
1427 1737 1554 1809 ipso
1584 1739 2000 1796 Alexandrum.

2118 1728 2237 1786 Εἷδέ
2267 1753 2323 1786 σε
2351 1735 2457 1786 τῶν
2511 1729 2754 1808 ἱδρώτων
2806 1733 3055 1806 ποταμὸς
3105 1729 3483 1805 ἀποδυόμενον
3528 1732 3607 1794 εἰς
3666 1733 3770 1786 αύ-

357 1825 438 1881 Ex
468 1825 730 1895 adverso,
782 1830 1119 1881 corruentes
1178 1826 1235 1880 in
1297 1827 1633 1884 servitutem
1682 1829 1999 1901 redegisti;

357 1912 562 1970 nullus
605 1913 813 1985 hostis,
849 1914 1046 1970 nullus
1098 1914 1344 1970 bellator
1397 1932 1569 1987 quem
1603 1921 1662 1972 tu
1722 1935 1834 1973 non
1862 1920 2001 1975 sub-

350 2002 586 2075 jeceris.
645 2007 956 2076 Propterea
1017 2021 1221 2060 omnes
1280 2022 1475 2061 coram
1535 2009 1590 2062 te
1645 2007 1816 2063 etiam
1868 2012 2004 2064 ante

359 2107 741 2164 congressum
803 2092 1156 2164 procidunt;
1235 2096 1324 2166 (ut
1398 2095 1540 2166 quid
1614 2095 1770 2152 enim
1826 2096 2002 2151 dimi-

361 2186 512 2252 cent,
572 2197 707 2237 cum
763 2180 907 2236 nihil
965 2181 1095 2238 illos
1151 2182 1262 2239 nisi
1330 2183 1600 2241 interitus
1662 2185 2004 2257 maneat?)

361 2274 420 2328 et
449 2287 511 2326 se
543 2274 652 2325 tuae
695 2271 960 2326 subdunt
1008 2271 1418 2341 dominationi,
1450 2290 1628 2345 seque
1659 2274 2003 2347 triumphali

365 2363 467 2416 tuo
498 2359 692 2414 currui
715 2358 978 2433 alligant.
1013 2363 1083 2416 Et
1113 2366 1349 2433 propter
1378 2361 1517 2434 quid
1549 2361 1705 2417 aliud
1751 2366 1837 2417 tot
1866 2361 2006 2418 clari

367 2449 661 2521 principes
694 2465 796 2520 per
825 2466 1057 2506 omnem
1100 2455 1315 2506 terram
1349 2451 1600 2523 dispersi
1639 2451 1709 2507 ad
1743 2468 1849 2506 nos
1879 2468 2006 2523 per-

366 2544 513 2612 gunt
571 2537 888 2607 continuo,
970 2544 1027 2594 et
1079 2539 1383 2595 nobiscum
1463 2542 1652 2596 vivere
1709 2545 2006 2612 satagunt,

364 2645 612 2700 quorum
647 2645 759 2684 non
793 2633 884 2683 est
915 2628 1133 2685 labium
1171 2646 1374 2693 unum,
1406 2645 1640 2700 unaque
1669 2629 1890 2701 lingua,
1908 2631 2004 2686 sed

363 2717 637 2789 prudenti
668 2717 974 2773 concordia
1007 2719 1378 2786 meditantes,
1411 2725 1467 2774 et
1495 2719 1648 2774 inter
1695 2735 1757 2774 se
1786 2719 2006 2775 delibe-

362 2810 560 2860 rantes
581 2805 1327 2877 probequescientes,quem
1350 2807 1651 2862 dominum
1671 2813 1802 2879 post
1822 2808 2004 2863 Deum

365 2909 547 2948 unum
580 2895 889 2964 solumque
912 2895 1022 2950 sibi
1053 2895 1376 2966 eligent,ita
1398 2895 1742 2967 semetipsos
1768 2895 2009 2952 illustri-

364 2982 477 3038 bus
534 2981 855 3054 triumphis
913 2984 1236 3054 prasbentes
1290 2983 1614 3056 divinaeque
1668 2989 1782 3040 tuae
1830 3001 2009 3058 super

363 3086 569 3127 omnes
597 3071 847 3127 victoriae
877 3072 1283 3127 testimonium
1313 3072 1668 3129 exhibentes.

434 3267 519 3323 18.
554 3265 722 3322 Absit
747 3270 812 3321 ut
840 3265 1010 3321 illum
1057 3270 1311 3324 Neeman
1344 3269 1439 3324 hic
1484 3271 1704 3324 taceam
1739 3269 1838 3341 qui
1871 3270 2006 3326 alibi

362 3354 552 3428 claros
584 3355 726 3410 mihi
761 3356 1156 3430 suppeditavit
1185 3375 1503 3427 sermones,
1537 3358 1635 3430 qui
1666 3359 1773 3414 etsi
1807 3360 2006 3432 procul

361 3445 609 3501 distaret
652 3446 820 3516 quasi
883 3447 1184 3518 proximus
1242 3447 1445 3503 oculos
1502 3463 1661 3503 meos
1716 3449 2006 3517 astrinxit,

360 3533 452 3591 vir
507 3550 623 3589 non
681 3538 914 3591 statura:
990 3552 1169 3607 quam
1247 3541 1457 3592 natura
1510 3535 1652 3592 viris
1727 3537 2006 3609 impertit,

363 3623 466 3679 sed
497 3621 554 3677 in
589 3623 1058 3696 magnitudinem
1080 3624 1268 3680 elatus
1291 3630 1348 3680 et
1368 3629 1607 3697 aspectu
1631 3627 2006 3698 conspicuus,

363 3712 528 3784 prius
586 3713 822 3785 quidem
883 3715 954 3768 ad
1015 3713 1280 3770 animum
1337 3713 1561 3770 virilem
1617 3716 1925 3782 exercitus,
1957 3724 2010 3772 et

363 3799 778 3858 obluctationis
801 3819 915 3858 non
939 3803 1180 3876 ignarus
1208 3807 1265 3859 et
1281 3805 1349 3860 ad
1375 3808 1669 3860 certamen
1685 3805 2010 3876 exsultans,

366 3907 498 3946 mox
531 3896 723 3947 autem
778 3891 848 3947 de
906 3892 1056 3947 bono
1107 3897 1231 3947 tum
1294 3898 1450 3949 metu
1510 3897 1634 3948 tum
1671 3893 2011 3951 vulneribus

366 3980 628 4047 edoctus,
663 3985 718 4034 et
749 3997 905 4036 nunc
934 3981 1060 4052 ipse
1090 3998 1320 4054 quoque
1367 3983 1436 4039 ad
1473 3982 1840 4054 triumphum
1874 4002 2010 4040 con-

367 4082 630 4124 currens.
653 4068 819 4123 Prius
849 4085 1055 4125 servus
1089 4070 1388 4141 fugitivus,
1421 4071 1760 4144 dominique
1789 4090 1856 4128 ex
1883 4091 2014 4130 con-

368 4159 573 4228 spectu
606 4156 841 4213 abditus
874 4174 1028 4213 nunc
1075 4158 1276 4214 mallet
1319 4158 1537 4214 malum
1569 4177 1740 4217 omne
1790 4164 2011 4235 perpeti

373 4261 550 4318 quam
583 4245 710 4300 visu
744 4244 902 4302 illius
953 4247 1166 4302 orbari.
1227 4248 1510 4320 Equidem
1543 4250 1725 4305 currit
1755 4257 1816 4306 ut
1849 4252 2011 4324 prin-

369 4334 556 4407 cipem
588 4333 800 4402 videat,
827 4336 990 4406 quasi
1024 4353 1057 4391 a
1086 4337 1345 4392 tenebris
1391 4339 1461 4394 ad
1503 4337 1706 4406 solem,
1756 4346 1814 4396 et
1845 4340 2014 4396 beni-

367 4441 481 4498 gne
525 4423 870 4496 suscipitur,
931 4425 1228 4497 intratque
1285 4427 1566 4499 gaudium
1627 4428 1848 4484 domini
1897 4429 2009 4486 sui.

2107 1822 2198 1875 τὸν
2224 1817 2484 1897 ἠδύτερον
2544 1820 2682 1897 ἤπερ
2733 1823 2760 1876 ὁ
2811 1819 3018 1884 Κύδνος
3066 1817 3439 1896 κολυμϐῶντα
3471 1820 3540 1876 δι’
3599 1820 3777 1876 αὐτοῦ

2108 1911 2198 1965 τὸν
2258 1909 2633 1986 Ἀλέξανδρον.
2713 1909 3059 1969 Ἐδουλώσου
3115 1913 3242 1977 τοὺς
3315 1912 3765 1974 ἀντιπίπτοντας.

2113 2001 2442 2074 Παρεστήσω
2495 1999 2667 2056 πάντα
2708 1999 2928 2076 ἐχθρὸν,
2960 2000 3133 2056 πάντα
3162 1999 3455 2076 πολίμιον.
3511 2001 3619 2056 Καὶ
3674 1998 3770 2056 διὰ

2111 2093 2278 2144 ταῦτα
2332 2089 2526 2152 πάντες
2601 2091 2687 2144 καὶ
2765 2091 2871 2166 πρὸ
2925 2092 3118 2166 πείρας
3173 2090 3598 2167 προσρίπτονταί
3652 2112 3767 2160 σοι,

2113 2176 2186 2250 (τί
2213 2176 2312 2252 γὰρ
2363 2177 2421 2231 ἃν
2475 2178 2564 2233 καὶ
2625 2178 2916 2255 μάχοιντο,
2971 2177 3096 2243 ἔνθα
3161 2182 3236 2253 μή
3299 2179 3400 2235 ούκ
3445 2176 3590 2235 ἔστιν
3623 2177 3764 2234 ἐκεί-

2113 2287 2238 2328 νους
2292 2272 2472 2321 πεσεῖν
2499 2269 2536 2340 ;)
2605 2267 2694 2322 καὶ
2742 2275 2843 2338 τῆς
2875 2265 3188 2330 δεσποτείας
3246 2289 3341 2324 σου
3379 2268 3644 2344 γίνονται,
3675 2267 3771 2322 καὶ

2117 2350 2532 2429 θριαμϐεύουσιν
2583 2356 2824 2420 ἑαυτούς.
2884 2359 2954 2414 Ἥ
3007 2357 3062 2412 τί
3113 2378 3248 2412 ποτε
3303 2355 3444 2412 ἄλλο
3502 2356 3772 2420 παθόντες

2115 2445 2167 2498 οἱ
2225 2449 2508 2522 πανταχοῦ
2561 2448 2662 2520 γῆς
2711 2444 3094 2522 διεσπαρμένοι
3151 2445 3469 2520 περίκλυτοι
3525 2445 3773 2522 ἀρχηγοὶ

2115 2533 2194 2588 ἀεὶ
2230 2533 2547 2590 στέλλονται
2578 2541 2702 2610 παρ’
2751 2537 2922 2609 ἡμᾶς,
2983 2535 3073 2590 καὶ
3130 2536 3223 2597 τὰς
3281 2537 3483 2591 ἑαυτῶν
3545 2533 3777 2590 διασπο-

2117 2623 2213 2698 ρὰς
2254 2622 2476 2678 ἐνταῦθα
2533 2623 2840 2700 συνάγουσι,
2907 2623 3100 2700 χεῖλος
3165 2626 3259 2698 μὶν
3315 2621 3465 2686 ὄντες
3523 2624 3634 2700 οὐχ
3687 2626 3770 2693 ἓν,

2117 2708 2242 2766 οὐδὲ
2279 2710 2505 2787 γλῶσσα
2556 2712 2670 2785 μία,
2732 2715 3001 2785 συμπνοίᾳ
3049 2711 3106 2768 δὲ
3156 2719 3315 2789 νοερᾷ
3369 2715 3563 2768 ταυτὸν
3625 2713 3774 2768 ἐννο-

2117 2805 2300 2863 οῦντες
2345 2801 2434 2856 καῖ
2493 2805 2810 2879 φρονοῦντες
2861 2801 3158 2874 ἀλλήλοις,
3209 2803 3296 2857 καὶ
3358 2799 3588 2869 εἰδότες,
3647 2804 3771 2856 τίνα

2117 2887 2384 2960 δεσπότην
2438 2891 2571 2963 μετὰ
2627 2891 2755 2946 Θεὸν
2831 2887 2923 2946 ἕνα
2978 2890 3066 2946 καί
3123 2891 3289 2964 μόνον
3341 2891 3771 2966 ἰπιγράψονται,

2114 2979 2203 3034 καὶ
2263 2979 2404 3034 οὕτω
2454 2977 2732 3056 λαμπροῖς
2786 2975 3076 3056 Θριάμϐοις
3129 2979 3349 3042 ἑαυτοὺς
3383 2977 3646 3047 διδόντες,
3677 2979 3770 3034 καὶ

2115 3069 2214 3138 τὴν
2245 3067 2383 3124 κατὰ
2429 3069 2639 3124 πάντων
2699 3070 2788 3124 καὶ
2835 3065 3012 3124 ἔνθεον
3066 3069 3223 3140 νίκην
3282 3091 3367 3125 σοι
3399 3069 3774 3146 ἐπιμαρτυρό-

2038 3130 2081 3198 C
2120 3130 2270 3232 μενοι
2295 3184 2310 3227 ;

2249 3268 2261 3286 Ι
2368 3267 2382 3286 ν
2462 3265 2484 3284 η
2624 3265 2637 3287 ’
2790 3267 2804 3284 \
3055 3265 3071 3286 \
3293 3271 3319 3282 εν

2193 3289 2280 3338 ιη.
2314 3271 2426 3322 Ουκ
2462 3287 2523 3320 αν
2583 3263 2708 3322 ουδὲ
2752 3288 2844 3321 τον
2900 3273 3107 3340 Νεεμαν
3167 3265 3393 3322 ῒνταυθα
3444 3269 3772 3342 σιγήσομαι,

2117 3356 2177 3418 ὅς
2244 3353 2444 3412 ἄλλοτε
2498 3356 2591 3429 μὶν
2624 3355 2821 3432 λόγους
2868 3378 2960 3429 μοι
2992 3355 3253 3432 ἐχορήγει
3287 3355 3599 3430 λαμπροὺς,
3636 3357 3771 3412 ἄπο-

2117 3467 2250 3509 πτος
2280 3444 2379 3514 ὢν,
2410 3445 2472 3500 ού
2503 3445 2608 3520 πρὸ
2643 3446 2852 3521 μακροῦ
2907 3442 2964 3500 δὲ
3005 3451 3096 3501 καί
3152 3447 3253 3515 τήν
3303 3447 3423 3501 θέαν
3485 3468 3579 3519 μοι
3636 3448 3774 3520 πρὸς

2119 3529 2327 3606 θάμϐος
2363 3532 2664 3612 έφείλκετοο
2698 3534 2831 3610 ἀνὴρ
2863 3535 2928 3590 ού
2981 3538 3088 3589 τῶν
3121 3537 3372 3610 πήχεων,
3434 3535 3496 3597 ’ἀς
3538 3536 3573 3605 ἡ
3609 3535 3771 3612 φύσις

2115 3628 2234 3685 τοῖς
2265 3620 2484 3698 ἀνδράσι
2540 3628 2746 3698 μετρεῖ,
2805 3621 2930 3678 ἀλλ’
2984 3622 3276 3699 έξηρμένος
3332 3623 3410 3686 είς
3473 3623 3633 3700 μέγα,
3676 3625 3771 3679 καὶ

2116 3713 2216 3782 τὴν
2275 3710 2395 3776 θέαν
2449 3706 2832 3786 περίϐλεπτοςο
2888 3711 2955 3766 τὰ
3013 3713 3107 3785 μὶν
3165 3713 3271 3788 πρὸ
3299 3713 3498 3768 τούτου
3534 3711 3776 3786 μελετή-

2121 3823 2212 3864 σας
2291 3798 2654 3877 ἀνδρίζεσθαι,
2747 3800 2836 3855 καὶ
2925 3802 3108 3874 μαθὼν
3193 3801 3590 3870 ἀνθίστασθαι,
3675 3803 3771 3856 καὶ

2119 3890 2514 3966 άνασκιρτήσας
2573 3889 2649 3954 είς
2703 3887 2989 3963 πόλεμονο
3038 3889 3181 3966 ταχὺ
3237 3888 3293 3946 δὲ
3349 3888 3771 3967 μεταδιδαχθεὶς

2118 3981 2181 4035 τὸ
2234 3976 2426 4046 καλὸν,
2483 3977 2548 4033 τὰ
2608 3979 2700 4051 μὶν
2761 3974 2974 4054 φόϐοις,
3031 3979 3098 4034 τὰ
3139 3977 3197 4034 δὶ
3255 3977 3429 4035 πλείω
3467 3981 3769 4057 τραύμασι,

2119 4068 2210 4124 καὶ
2258 4072 2350 4124 νῦν
2397 4067 2485 4123 καὶ
2537 4067 2695 4130 αὐτὸς
2766 4068 2841 4131 εἷς
2894 4063 3161 4141 Θρίαμϐον
3223 4069 3516 4127 συντελῶν.
3577 4070 3686 4126 Καὶ
3744 4071 3772 4123 ὁ

2119 4157 2245 4234 πρὶν
2276 4157 2448 4233 φυγάς
2481 4154 2702 4226 δοῦλος,
2747 4157 2837 4212 καὶ
2892 4157 2984 4212 τὸν
3045 4155 3311 4226 δεσπότην
3373 4158 3774 4233 κρυπτόμενος,

2119 4251 2209 4301 νῦν
2268 4244 2452 4302 ἕλοιτο
2510 4246 2570 4300 ἃν
2631 4253 2816 4312 παθεῖν
2876 4248 3010 4303 ἅπαν
3064 4245 3259 4316 δεινὸν,
3295 4248 3461 4317 ἢτῆς
3495 4248 3619 4311 θέας
3646 4248 3775 4304 τού-

2120 4360 2215 4393 του
2243 4337 2538 4414 στέρεσθαι.
2599 4339 2823 4411 Ἀμέλει
2871 4337 2962 4393 καί
3003 4339 3188 4413 τρέχει
3239 4340 3330 4393 τὸν
3387 4339 3615 4413 βασιλέα
3647 4345 3777 4403 esi-

2122 4430 2261 4484 σθαι.
2295 4428 2370 4492 ὡς
2426 4428 2484 4481 ’ἂν
2539 4428 2628 4482 καί
2682 4449 2764 4489 τις
2814 4425 2874 4483 ἐκ
2903 4424 3128 4490 σκότους
3160 4428 3234 4490 είς
3263 4427 3452 4498 ἥλιον,
3483 4429 3573 4482 καὶ
3607 4449 3778 4502 προσ-

366 4513 470 4572 Cui
502 4514 666 4586 prius
724 4532 837 4570 non
881 4517 968 4570 fas
1024 4520 1146 4570 erat
1203 4520 1415 4572 terram
1477 4517 1723 4589 patriam
1772 4519 2006 4574 concul-

2124 4511 2461 4590 λαμϐάνεται
2545 4519 2680 4589 μετᾶ
2755 4517 3086 4594 πραΰτητος,
3164 4517 3254 4573 καὶ
3331 4518 3640 4594 εἰσέρχεταί
3698 4519 3778 4579 εἰς

366 4619 518 4673 care,
553 4619 710 4661 nunc
739 4604 898 4660 vadit
929 4620 1029 4676 per
1075 4604 1333 4675 reginam
1385 4606 1621 4661 urbium
1653 4608 1914 4678 gaudens
1945 4625 2011 4664 eo

366 4693 524 4763 quod
557 4693 882 4748 desiderata
913 4693 1281 4764 imperatoris
1313 4694 1454 4749 facie
1499 4695 1748 4763 fruatur,
1779 4713 2012 4767 suaeque

368 4781 668 4838 servitutis
701 4799 814 4837 non
850 4783 1050 4851 alium,
1075 4784 1174 4838 sed
1201 4783 1584 4854 semetipsum
1611 4801 1744 4840 vere
1774 4802 2014 4855 sponso-

367 4886 492 4927 rem
523 4871 692 4927 testis
722 4871 973 4927 exhibet.
1008 4871 1301 4929 Percurrit
1349 4872 1536 4928 oculis
1584 4874 1743 4930 varia
1791 4875 1890 4930 illa
1919 4893 2013 4931 or-

367 4963 644 5015 namenta
690 4976 817 5031 quae
875 4959 1156 5032 praeclara
1202 4964 1305 5016 tua
1360 4961 1696 5033 exprimunt
1733 4963 2014 5030 facinora,

368 5066 499 5122 qua;
529 5049 816 5121 pictorum
843 5067 1054 5107 manus
1078 5052 1148 5107 ad
1176 5051 1520 5107 memoriam
1545 5051 2012 5125 elaboraverunt,

364 5144 492 5196 tum
525 5138 772 5196 aliorum
823 5145 1003 5212 gesta,
1057 5145 1177 5196 tum
1237 5141 1618 5212 semetipsum
1678 5148 1910 5214 gentem
1953 5144 2011 5198 in

368 5245 482 5302 qua
531 5229 780 5302 degebat
837 5231 907 5286 ad
961 5230 1386 5285 incrementum
1444 5229 1867 5302 stimulantem,
1918 5231 2012 5287 hic

367 5324 659 5374 armatum
721 5324 778 5375 et
831 5320 1108 5390 equitem,
1171 5319 1306 5374 alibi
1365 5337 1562 5375 ensem
1625 5338 1801 5376 manu
1835 5321 2010 5376 strin-

368 5413 622 5481 gentem,
657 5410 871 5482 saepius
919 5409 1238 5464 exercitum
1296 5407 1419 5464 loco
1479 5409 1788 5465 manifesto
1820 5410 2014 5482 dispo-

373 5503 601 5554 nentem
636 5499 950 5571 copiasque
998 5499 1474 5566 constituentem,
1526 5503 1582 5554 et
1629 5499 1874 5570 denique
1922 5500 2014 5554 de-

369 5586 586 5642 victum
618 5603 1004 5660 asperamque
1037 5588 1335 5661 planitiem
1372 5589 1507 5660 fuga
1547 5588 2008 5663 conculcantem,

2118 4606 2218 4675 τὴν
2266 4605 2440 4681 χαρὰν
2493 4611 2590 4661 τοῦ
2621 4606 2812 4682 κυρίου
2871 4608 3057 4664 αὐτοῦ.
3092 4606 3189 4661 Καὶ
3249 4609 3276 4661 ὁ
3309 4608 3434 4683 πρὶν
3473 4604 3616 4680 μηδὲ
3650 4629 3775 4662 συν-

2121 4697 2226 4767 ήθη
2277 4701 2379 4770 γῆν
2431 4701 2616 4750 πατεῖν
2705 4696 2755 4750 έν
2843 4695 3075 4773 ἀσφαλεῖ
3125 4695 3588 4772 συγχωρούμενος
3651 4697 3776 4772 ἄρτι

2120 4779 2435 4860 προσϐαίνει
2465 4788 2534 4858 τῇ
2598 4782 2834 4859 βασιλίδι
2867 4789 2974 4839 τῶι
3007 4780 3246 4854 πόλεων,
3280 4784 3516 4862 χαίρων,
3567 4783 3652 4860 ἐφ’
3684 4789 3778 4848 οἷς

2119 4879 2223 4942 τῆς
2278 4874 2625 4946 ποθουμένης
2685 4873 2973 4951 βασιλικῆς
3021 4870 3196 4949 ὅψεως
3229 4876 3462 4950 γίνεται,
3521 4875 3613 4929 καὶ
3670 4877 3776 4941 τῆς

2122 4960 2285 5017 αὐτοῦ
2359 4959 2610 5025 δουλείας
2692 4963 2798 5018 οὐκ
2871 4962 2962 5042 ἀφ’
3019 4961 3218 5030 ἑστίας,
3306 4961 3432 5019 ἀλλ’
3495 4965 3570 5026 ὡς
3626 4962 3776 5035 ἀλη-

2123 5055 2231 5116 θῶς
2287 5049 2546 5127 ἐχέγγυος
2599 5050 2766 5122 αὐτῆς
2829 5053 3032 5128 μάρτυς
3089 5051 3438 5127 παρίσταται.
3481 5052 3777 5130 Περιέρχε-

2120 5161 2206 5196 ται
2266 5144 2336 5214 τῇ
2394 5141 2487 5212 θέᾳ
2542 5141 2632 5196 καὶ
2684 5139 3026 5215 ποικίλματα
3084 5142 3260 5197 έκεῖνα
3294 5185 3308 5209 ,
3366 5142 3465 5197 ὅσα
3521 5143 3620 5205 τὰς
3682 5143 3778 5204 σὰς

2121 5227 2390 5304 ἀριστείας
2452 5227 2794 5287 ίνδάλλουσιν
2833 5274 2848 5299 ,
2906 5230 3006 5286 ὅσα
3065 5231 3359 5309 ζωγράφων
3429 5237 3615 5306 χεῖρες
3696 5232 3778 5294 είς

2127 5321 2350 5392 μνήμην
2413 5316 2792 5388 δαιδάλλουσι,
2845 5323 2910 5375 τά
2965 5343 3022 5376 τε
3071 5319 3235 5387 ἄλλα,
3267 5321 3355 5375 καὶ
3389 5322 3454 5374 τά
3500 5323 3618 5374 καθ’
3653 5322 3775 5376 ἔαυ-

2120 5407 2235 5476 τὸν,
2285 5406 2373 5462 ὅτὶ
2433 5410 2527 5481 μὲν
2612 5409 2918 5484 έρεθίζοντα
2973 5411 3036 5464 τὸ
3094 5409 3216 5485 περῖ
3258 5408 3415 5465 αὐτὸν
3470 5408 3628 5474 ἔθνος
3695 5411 3774 5473 εἷς

2123 5495 2497 5564 ἐπανάστασιν,
2526 5493 2530 5498 ’
2558 5496 2792 5554 ἄλλλοθι
2853 5497 2908 5554 δὲ
2939 5496 3195 5570 ὁπλίτην,
3242 5497 3502 5570 ἲππότην,
3546 5501 3772 5574 ἑτέρωθι

2123 5583 2179 5642 δὲ
2235 5587 2331 5655 τήν
2391 5591 2552 5664 χεῖρα
2608 5587 2789 5667 ξίφους
2822 5587 3054 5665 ἅψασθαι
3112 5585 3505 5660 πλησιάζοντα,
3551 5587 3774 5645 πολλα-
