4104 6210
201 288 320 351 957

1117 291 1559 353 ALLOCUTIU
1605 293 1709 349 AD
1758 288 2194 351 MANUELEM
2239 280 2702 351 COMNENUM'.

3498 292 3616 355 968

199 424 305 498 χοῦ
338 419 397 477 δὲ
422 421 511 475 καὶ
545 421 770 495 στρατὸν
804 419 855 492 ἐξ
886 418 1164 498 ἐμφανοῦς
1198 422 1479 489 τάττοντα,
1511 421 1600 475 καὶ
1649 417 1858 495 λόχους

1970 437 2224 494 eumque
2254 428 2379 494 post
2413 421 2611 478 omnia
2636 422 2692 477 in
2743 422 3082 478 servitutem
3122 424 3444 480 redactum.
3477 427 3611 490 Qum

197 511 515 579 καθίζοντα,
571 511 663 564 καὶ
719 507 925 565 τὲλεσει
982 510 1308 583 νικώμενον,
1365 509 1455 564 καὶ
1536 509 1714 586 φυγῆς
1764 508 1858 582 ἐμ-

202 597 499 654 πιπλῶντα
538 599 640 668 τήν
687 619 747 653 τε
789 594 1038 669 πεδιάδα,
1087 599 1176 652 καὶ
1226 597 1325 668 ὅση
1381 598 1707 674 ἀπόκροτος,
1766 598 1855 652 καὶ

129 728 137 733 γ
198 687 285 743 ἐπὶ
325 694 462 742 πᾶσι
511 684 905 761 δουλούμενον.
960 687 1057 740 Καὶ
1088 691 1255 743 ταῦτα
1311 683 1665 763 γεγραμμένα
1719 686 1854 740 θεώ-

200 797 364 850 μενος
422 775 653 831 ἐπινεύει
706 781 859 844 πᾶσι,
919 774 1009 831 καὶ
1085 773 1353 852 ὁμολογεῖ
1420 780 1489 850 τῇ
1551 774 1852 850 πανηγύρει

193 868 299 935 τῆς
352 862 551 939 ὄψεως,
580 866 672 920 ’Ἐν
724 864 892 920 ἐκεῖνο
949 868 1046 920 τοῦ
1098 866 1389 942 ζωγράφου
1445 864 1735 943 μέμφεται,
1768 863 1852 919 ὅτι

199 955 277 1027 μὴ
307 958 594 1030 πανταχοῦ
626 951 823 1008 δοῦλον
869 953 1029 1008 αὐτὸν
1084 951 1337 1009 ἔπικαλεῖ
1391 958 1509 1017 τοῖς
1566 958 1674 1007 τῶν
1723 973 1849 1029 τρο-

193 1043 374 1098 παίων
420 1046 696 1116 τμήμασι,
735 1039 877 1116 μηδὶ
922 1046 991 1117 τῇ
1041 1039 1138 1097 τοῦ
1188 1041 1393 1115 Νεεμὰν
1449 1044 1749 1118 προσρήσει
1782 1039 1853 1097 δι’

195 1131 333 1186 ὅλου
391 1133 479 1187 καὶ
535 1133 564 1187 6
613 1129 815 1193 δοῦλος
864 1126 1036 1204 ὄνομα
1082 1128 1491 1207 ἐπιγέγραπται.
1523 1136 1584 1185 Ὠ
1638 1128 1853 1207 ἀνδρίας

201 1218 519 1297 βασιλικῆς,
554 1217 629 1275 δι’
671 1223 738 1289 ἧς
782 1217 930 1282 ἔθνος
976 1220 1064 1275 καὶ
1113 1223 1276 1274 τοῦτο
1332 1220 1469 1295 μέγα
1521 1220 1612 1274 καὶ
1671 1219 1851 1295 ἐθνάρ-

197 1330 311 1386 χης
361 1309 569 1373 ἐκεῖνος
619 1308 875 1383 λαμπρὸς
936 1308 1010 1372 εἷς
1079 1308 1235 1364 τόσον
1291 1309 1701 1377 τεταπείνωται,
1759 1309 1850 1364 καὶ

198 1399 273 1462 εἷς
325 1396 579 1455 δουλείαν
637 1396 995 1454 πεπάτακται.
1056 1397 1122 1453 Ὢ
1176 1397 1492 1474 πραότητος
1551 1399 1725 1466 αὖθις,
1785 1395 1851 1453 δι’

196 1490 263 1558 ἧς
297 1484 423 1543 οὔτε
448 1488 517 1542 τὰ
543 1485 713 1542 πάλαι
762 1487 1031 1560 πτώματα
1089 1487 1395 1563 ὑφορῶνται
1450 1487 1502 1542 οἱ
1563 1482 1846 1564 βάρϐαροι,

196 1573 323 1633 οὔτε
363 1578 436 1632 τὰ
482 1574 790 1650 τραύματα,
811 1575 940 1631 ποσὶ
971 1573 1028 1631 δὲ
1057 1574 1214 1640 ὅλοις
1262 1575 1338 1638 εἰς
1395 1577 1485 1631 τὸν
1538 1576 1850 1653 γαληνότα-

192 1687 286 1722 τον
350 1663 617 1737 δεσπότην
670 1664 952 1742 τρέχουσι.
1012 1663 1264 1723 Μάλιστα
1323 1670 1515 1739 μενοῦν
1563 1663 1607 1720 ὣ
1664 1664 1850 1729 ἐλέους

190 1755 285 1812 καὶ
327 1757 679 1832 εὐεργεσιῶν,
730 1753 791 1817 ἃς
840 1755 1344 1828 άντισταθμώμενοι
1399 1760 1515 1817 τοῖς
1566 1756 1847 1829 παθήμασι

187 1844 433 1921 γίνονται
499 1848 598 1901 τοῦ
642 1842 959 1913 καλλίονος,
994 1843 1082 1899 καὶ
1138 1844 1260 1919 βίου
1301 1841 1665 1907 κινδυνώδους
1711 1865 1845 1920 προ-

1964 511 2197 583 depicta
2227 512 2480 567 intuitus
2531 511 2809 568 omnibus
2866 511 3094 581 annuit,
3153 517 3453 585 totamque
3509 529 3614 585 ap-

1964 601 2174 672 probat
2199 601 2474 672 el‘tigiem.
2518 600 2665 655 Illud
2698 617 2831 657 vero
2884 618 3067 656 unum
3118 602 3360 674 pictoris
3391 603 3617 673 vitupe-

1962 694 2072 757 rat,
2105 690 2244 760 quia
2274 706 2406 745 eum
2435 706 2665 744 servum
2702 689 2911 745 nullibi
2967 689 3024 743 in
3058 691 3333 746 omnibus
3362 695 3614 763 tropaeo-

1962 794 2094 833 rum
2125 779 2394 849 partibus
2426 778 2713 847 nominat,
2747 778 3108 850 minimeque
3154 779 3212 834 in
3245 778 3611 836 orationibus

1960 866 2217 922 Neeman
2249 867 2399 922 servi
2449 883 2660 922 nomen
2714 866 3073 922 inscribitur.
3125 868 3169 923 Ο
3220 867 3433 940 regalis
3475 869 3607 924 ani-

1961 972 2097 1012 mus
2128 972 2230 1028 per
2262 972 2435 1027 quem
2470 972 2681 1029 magna
2740 971 2883 1028 gens
2928 955 3030 1012 illa
3085 957 3330 1029 ejusque
3362 956 3607 1013 celebris

1959 1045 2231 1118 princeps
2260 1045 2340 1101 ita
2371 1047 2784 1118 deprimuntur
2804 1050 2860 1100 et
2887 1047 2947 1100 in
2973 1047 3309 1102 servitutem
3329 1047 3609 1103 addicun-

1959 1138 2057 1189 tur
2079 1133 2091 1188 l
2117 1133 2160 1189 Ο
2179 1133 2391 1206 regalis
2414 1134 2745 1206 benignitas
2769 1150 2871 1206 per
2890 1151 3068 1206 quam
3090 1152 3192 1191 nec
3222 1140 3444 1192 veteres
3466 1153 3605 1193 suae

1959 1221 2157 1279 clades
2185 1222 2509 1296 respiciunt
2541 1223 2793 1290 barbari,
2843 1240 2947 1280 nec
2976 1224 3239 1293 vulnera,
3290 1226 3390 1281 sed
3430 1226 3605 1281 citato

1959 1328 2135 1369 cursu
2163 1313 2234 1366 ad
2285 1312 2594 1369 dominum
2649 1312 2966 1386 benignum
3027 1315 3456 1386 approperant!
3492 1316 3601 1371 Sed

1958 1401 2303 1475 praesertim,
2336 1419 2368 1458 ο
2401 1402 2805 1458 misericordia
2857 1408 2913 1457 et
2960 1402 3345 1459 beneficentia
3389 1403 3606 1475 quibus

1958 1506 2252 1547 aerumnas
2306 1496 2757 1564 compensantes
2814 1490 3041 1547 meliori
3099 1496 3253 1547 sorte
3301 1492 3609 1564 potiuntur

1957 1582 2200 1651 vitaeque
2231 1579 2676 1637 discriminibus
2710 1580 2933 1637 referta;
2980 1597 3248 1636 securam
3292 1581 3609 1653 praeferunt

1959 1669 2352 1740 concordiam,
2385 1675 2443 1725 et
2498 1670 2706 1726 merito
2754 1669 3028 1741 judicent
3077 1669 3292 1725 melius
3339 1685 3468 1726 esse
3498 1670 3607 1726 do-

1959 1758 2103 1815 mini
2135 1775 2348 1815 manus
2377 1763 2613 1829 tangere
2657 1774 2834 1830 quam
2872 1757 3120 1830 ﬂagellis
3158 1758 3400 1826 conteri,
3434 1758 3515 1815 ita
3543 1762 3611 1814 ut

1958 1848 2353 1904 beneficentiae
2383 1848 2607 1903 bonum
2640 1847 2811 1921 longe
2839 1851 3077 1920 superet
3100 1846 3320 1903 malum
3352 1847 3534 1903 exitii.

182 1935 430 1991 τίθενται
487 1934 551 1989 τὸ
608 1930 889 1988 ἀκίνδυνον
951 1929 1247 2009 εὔγνωμον,
1299 1932 1389 1988 καὶ
1445 1934 1715 2008 κρίνουσιν
1772 1934 1849 1998 εἷς
1908 1933 2092 2011 ὀρθὸν,
2144 1940 2387 2012 κρεῖττον
2472 1935 2607 1991 εἶναι
2689 1933 2951 1990 δεσπότου
3024 1935 3180 2011 χερσὶ
3249 1936 3614 2009 καταψᾶσθαιν
3676 1928 3682 1933 ’

185 2020 335 2099 ἤπερ
426 2021 670 2097 μάστιξιν
748 2018 1139 2098 ἄπιτρίϐεσθαι,
1200 2021 1311 2094 ὅσῳ
1392 2023 1478 2078 καὶ
1554 2023 1618 2078 τὸ
1682 2029 1783 2093 τῆς
1856 2022 2160 2100 εὐεργεσίας
2233 2021 2401 2079 καλὸν
2458 2027 2565 2078 τῶν
2626 2022 2686 2078 ἐκ
2739 2020 2966 2097 πληγῆς
3011 2020 3288 2099 δυσχερῶν
3343 2020 3609 2099 ἱλαρώτε-

190 2134 317 2191 ρον.

272 2221 358 2284 ιθ¹.
390 2222 565 2275 Ταῦτα
600 2216 691 2274 καὶ
718 2218 788 2274 τὰ
816 2217 1032 2280 τούτοις
1080 2216 1339 2297 σύμφυλα
1394 2217 1560 2293 μυρία
1621 2219 1714 2293 μὲν
1774 2223 1853 2291 τῷ

188 2307 403 2379 πλήθει
451 2312 534 2380 τῷ
581 2328 640 2362 τε
699 2304 971 2382 μεγαλείῳ
1020 2306 1291 2382 ἐξηρμίνα
1323 2306 1399 2369 εἰς
1451 2306 1703 2383 μὲγιστον
1762 2305 1851 2362 καὶ

190 2396 363 2459 αὐτὸς
398 2398 492 2470 μὲν
524 2396 920 2471 άνακράζομαι,
956 2398 1093 2469 (πῶς
1142 2396 1244 2470 γὰρ
1285 2394 1406 2469 05;)
1456 2396 1484 2451 6
1545 2397 1621 2469 μὴ
1682 2394 1854 2458 λάλος

191 2486 254 2542 ἂν
311 2490 432 2548 τοῖς
489 2484 762 2547 τοιούτοις
819 2484 953 2539 εἶναι
1011 2485 1087 2557 μὴ
1140 2482 1322 2558 εἰδὼς,
1352 2485 1442 2539 καὶ
1473 2484 1589 2539 ὅσοι
1646 2481 1704 2538 δὲ
1756 2488 1853 2539 τοῦ

191 2576 322 2652 περὶ
378 2573 477 2648 ιμὶ
520 2571 733 2650 λάχους
789 2573 1045 2649 γίνονται.
1078 2571 1219 2631 Ούδὶ
1275 2573 1373 2649 γὰρ
1424 2570 1538 2628 οὐδ’
1571 2571 1725 2628 αὐτοὶ
1775 2574 1849 2647 μή

192 2664 266 2719 οὐ
325 2661 626 2719 συλλαλεῖν
680 2666 815 2736 ἡμῖν
876 2661 1170 2733 ἀνέξονται,
1201 2661 1263 2718 οὐ
1321 2660 1412 2718 διὰ
1466 2661 1624 2735 μόνον
1682 2663 1745 2718 τὸ
1800 2661 1853 2733 ἐξ

193 2755 367 2826 ἡμῶν
425 2751 698 2825 σύνθημα,
753 2749 1065 2824 ΙΙνεύματος
1114 2748 1171 2806 δὲ
1226 2749 1372 2806 Θείου
1446 2752 1533 2806 καὶ
1618 2750 1855 2825 μάλιστα

192 2845 645 2916 συνεπηχοῦντος
705 2840 793 2894 καὶ
868 2840 968 2909 τὴν
1049 2841 1233 2917 φωνὴν
1303 2833 1708 2901 ἀναϐάλλοντος
1778 2838 1854 2902 εῗς

191 2927 522 3004 ἐμμέλειαν.
580 2930 821 3003 ’Ἐπρεπε
874 2925 933 2983 δὲ
989 2924 1158 2990 ὅντως
1227 2927 1492 3003 ἐνεργείας
1564 2932 1663 2994 τῆς
1713 2926 1851 2984 ἐκεῖ·

201 3031 293 3083 θεν
360 3017 673 3088 πεπλῆσθαι
741 3017 1074 3091 ξύμπαντας,
1130 3019 1219 3072 καὶ
1290 3017 1542 3094 γλώσσας
1620 3014 1851 3073 διανενε-

203 3108 415 3181 μῆσθαι
472 3110 578 3181 πῦρ
642 3104 809 3181 λόγου
866 3105 1174 3168 πνεούσας·
1235 3106 1309 3168 ὡς
1368 3105 1450 3177 ἂν,
1512 3104 1692 3183 ὥσπερ
1743 3109 1852 3161 τῶν

192 3200 311 3251 σῶν
362 3191 803 3269 κατορθωμάτων
863 3196 898 3265 ἡ
950 3193 1244 3268 ολκουμὲνη
1294 3194 1674 3268 πεπλήρωται,
1708 3194 1852 3250 οὕτω

2036 2221 2123 2275 19.
2157 2220 2276 2277 Ista
2299 2225 2357 2277 et
2384 2220 2514 2276 istis
2561 2225 2954 2277 consentanea
3001 2223 3272 2277 sexcenta
3300 2223 3420 2276 tam
3452 2220 3608 2277 mul-

1960 2309 2215 2366 titudine
2244 2326 2418 2381 quam
2452 2309 2858 2383 magnitudine
2881 2310 2954 2364 ad
2984 2325 3287 2366 summum
3318 2308 3471 2366 elata
3498 2325 3604 2383 ego

1963 2398 2196 2471 quidem
2230 2402 2487 2466 recanto,
2525 2398 2683 2469 (nam
2735 2398 3029 2469 quomodo
3081 2414 3193 2452 non
3244 2401 3540 2454 recentem
3561 2398 3613 2469 ?)

1963 2492 2166 2543 mutus
2197 2488 2257 2542 in
2289 2486 2419 2543 istis
2448 2503 2577 2543 esse
2600 2485 2885 2555 nesciens,
2910 2490 2967 2542 et
2996 2490 3282 2560 quotquot
3304 2497 3458 2543 sorte
3480 2503 3613 2544 mea

1962 2576 2290 2649 potiuntur.
2323 2576 2607 2648 Equidem
2665 2575 2780 2647 ipsi
2811 2591 3044 2648 quoque
3098 2592 3331 2631 mecum
3375 2592 3491 2631 non
3524 2575 3611 2631 lo-

1963 2665 2060 2737 qui
2095 2682 2209 2720 non
2244 2669 2521 2736 poterunt
2569 2682 2685 2720 non
2722 2669 2948 2721 tantum
3000 2669 3234 2737 propter
3268 2664 3611 2721 mandatum

1963 2756 2359 2823 nustrum,sed
2390 2754 2451 2809 in
2484 2754 2692 2826 primis
2733 2753 2928 2809 divino
2976 2754 3195 2825 Spiritu
3249 2758 3613 2811 consonante

1964 2861 2187 2900 necnon
2260 2844 2314 2899 in
2384 2843 2755 2899 concordiam
2840 2859 3040 2899 vocem
3111 2843 3610 2899 accommodante.

1962 2932 2214 2989 Decebat
2241 2933 2399 2989 enim
2431 2932 2582 2988 vires
2632 2948 2701 2988 ex
2731 2930 2831 2987 illa
2874 2932 3091 2990 virtute
3139 2930 3348 3003 repleri
3379 2930 3611 2987 univer-

1962 3039 2080 3087 sas,
2113 3028 2172 3077 et
2208 3021 2442 3095 linguas
2471 3020 2573 3077 illo
2605 3020 2895 3077 sermonis
2926 3020 3059 3092 igne
3107 3023 3376 3089 metuere,
3410 3019 3492 3075 ita
3524 3023 3608 3088 ut,

1962 3112 2118 3167 haud
2175 3128 2343 3167 secus
2406 3128 2471 3167 ac
2504 3111 2624 3166 tuis
2682 3109 2935 3181 egregiis
2988 3114 3139 3164 terra
3170 3109 3351 3180 gestis
3403 3108 3615 3165 referta

1961 3206 2069 3270 est,
2102 3202 2188 3257 sic
2231 3205 2333 3256 tua
2381 3199 2833 3273 praedicantibus
2880 3198 3195 3272 repleatur,
3246 3203 3303 3253 et
3354 3214 3465 3252 non
3502 3197 3614 3253 mi-

196 3284 294 3340 καὶ
350 3289 459 3340 τῶν
517 3283 895 3361 κηρυττόντων
925 3285 994 3338 τὰ
1052 3286 1136 3353 σὰ,
1169 3283 1259 3339 καὶ
1292 3281 1446 3338 οὐδὲν
1493 3287 1654 3354 ἦττον
1712 3281 1852 3360 ἤπερ

1965 3307 2079 3346 nus
2137 3306 2312 3362 quam
2370 3293 2626 3360 trepaea,
2685 3305 2786 3360 per
2858 3302 3090 3343 omnem
3152 3287 3351 3342 orbem
3411 3287 3617 3342 exeant

189 3375 269 3430 τὰ
311 3372 572 3450 τρόπαια,
620 3372 807 3449 φθάνοι
856 3377 1139 3449 πανταχοῦ
1185 3379 1286 3450 γῆς
1325 3372 1415 3427 καὶ
1461 3374 1529 3427 τὰ
1572 3377 1680 3428 τῶν
1731 3393 1854 3449 τρο-

192 3462 378 3518 παίων
422 3460 920 3536 διακηρυκεύματα,
952 3459 1043 3517 καί
1092 3464 1127 3532 ἠ
1180 3461 1434 3535 σύμπασα
1478 3468 1548 3539 γῆ
1599 3464 1696 3532 τῆς
1756 3468 1853 3532 σῆς

190 3551 480 3629 πληροῖτο
552 3552 791 3628 καθάπερ
867 3550 1149 3625 συνέσεως,
1209 3550 1352 3607 οὕτω
1406 3552 1496 3608 καὶ
1558 3558 1660 3621 τῆς
1717 3552 1856 3607 αἰνί-

195 3660 370 3702 σεως.

272 3730 342 3785 κ’.
375 3725 549 3785 Ἀλλᾶ
602 3727 669 3784 τὰ
718 3729 813 3801 μὶν
864 3727 1004 3807 ἀμφὶ
1060 3728 1333 3784 τούτοισιν
1390 3728 1446 3783 εὖ
1496 3731 1716 3805 σχήσει,
1764 3728 1854 3785 καὶ

193 3817 339 3881 ὦςὸ
394 3815 563 3892 λόγος
619 3813 1010 3875 διετυπώσατο.
1043 3818 1186 3893 Ἐγὼ
1244 3815 1319 3889 δὲ,
1377 3816 1460 3873 ὅτι
1520 3818 1853 3894 μεμέτρηται

200 3907 235 3962 ὁ
267 3906 459 3983 καιρὸς
508 3905 585 3968 εἰς
631 3907 809 3962 στενὸν
861 3908 952 3962 καὶ
1004 3907 1386 3980 συντέτμηται,
1443 3905 1685 3973 σπουδῆς
1743 3908 1855 3964 ἑτέ-

196 4016 301 4073 ρας
360 3992 505 4051 θὲλω
562 3994 830 4071 γενέσθαι,
856 3992 912 4050 εἷ’
960 4016 1080 4058 πως
1142 3995 1321 4073 βραχύ
1372 4017 1426 4052 τι
1476 3996 1681 4073 ’χρόνου
1732 3996 1853 4053 ἐπι-

201 4083 475 4159 μετρηθὶν
528 4080 940 4158 ἐνδαψιλευθείη
997 4103 1113 4156 μοι.
1142 4084 1246 4139 Καὶ
1287 4081 1369 4138 ὅτι
1426 4082 1707 4161 ἐφέλκεταί
1760 4105 1853 4157 μοι

191 4173 263 4227 τὸ
310 4174 675 4248 ἀκροατήριον
733 4174 761 4228 6
829 4168 1109 4247 Ἰορδάνης
1160 4171 1236 4235 εἰς
1309 4172 1518 4245 ἑαυτὸν,
1574 4173 1666 4228 καὶ
1737 4174 1851 4229 οἷον

197 4260 537 4337 παρασύρων
597 4260 834 4340 ἐφέλκει,
896 4260 987 4317 καὶ
1039 4260 1231 4324 πάντες
1310 4260 1516 4317 ἐκείνου
1589 4261 1852 4338 γίνονται,

201 4348 553 4425 μηχανῶμαί
600 4371 651 4405 τι
710 4349 931 4423 σεμνὸν,
965 4347 1034 4404 δι’
1088 4350 1151 4405 οὗ
1211 4349 1293 4406 ἔπ’
1353 4350 1537 4426 ὀλίγον
1594 4352 1853 4427 κατάσχω

188 4439 292 4493 τὸν
372 4436 669 4515 σύλλογον.
726 4440 1203 4514 Ἀντισταθμῶμαι
1284 4439 1465 4495 τοίνυν
1548 4443 1628 4512 τῷ
1700 4439 1854 4513 καλῷ

190 4526 392 4600 ἐκείνῳ
441 4528 530 4583 καὶ
585 4527 855 4605 βασιλικῷ
900 4525 1052 4584 ὕδατι
1081 4528 1246 4584 καλὸν
1278 4525 1459 4603 ἕτερον
1518 4527 1735 4602 ὅμοιον,
1763 4529 1852 4584 καὶ

186 4615 383 4689 τούτῳ
444 4614 773 4691 δεξιώσομαι
828 4618 927 4687 τήν
982 4620 1306 4695 πανήγυριν.
1340 4619 1408 4676 Οἱ
1457 4615 1514 4673 δὲ
1565 4618 1850 4691 ἀκροαταὶ,

192 4704 350 4763 οὕτω
412 4704 641 4782 μεγάλῳ
716 4707 806 4762 καὶ
876 4706 1055 4780 τούτῳ
1111 4707 1498 4783 περιτυχόντες
1551 4708 1850 4784 πράγματι,

189 4795 289 4850 καὶ
367 4792 633 4871 κερδαλέα
704 4798 1202 4875 συμφρονήσαντες,
1271 4796 1361 4851 καὶ
1441 4795 1719 4869 μαθόντες,
1780 4796 1853 4859 ὡς

193 4879 620 4953 διπλασιάζεται
680 4883 864 4946 αύτοῖς
922 4884 984 4940 τὸ
1025 4882 1217 4958 καλὸν,
1267 4886 1622 4957 ἁναμενοῦσιν
1678 4882 1848 4948 τίως’

193 4970 318 5027 εἶτα
349 4969 417 5041 δὴ
444 4972 534 5028 καὶ
561 4973 660 5029 τοῦ
688 4974 887 5030 λοιποῦ
915 4971 1171 5048 γένωνται
1200 4974 1420 5051 ἀγαθοῦ.

271 5080 376 5136 κα’.
406 5074 809 5155 Προϐάλλομαι
851 5080 1032 5135 τοίνυν
1088 5081 1238 5153 ὑμῖν,
1285 5081 1330 5135 ὦ
1377 5079 1639 5153 παρόντες
1690 5078 1852 5135 ἀκού-

194 5187 376 5237 οντες,
440 5169 608 5243 μύρον
675 5166 956 5245 βασιλικὸν
1027 5170 1235 5242 τίμιον,
1287 5169 1378 5224 καὶ
1455 5168 1607 5241 ἀξιῶ,
1652 5168 1851 5225 τούτου

197 5256 637 5332 μετεσχηκότας,
699 5257 811 5312 εἶτα
885 5254 952 5327 δὴ
1007 5259 1092 5313 καὶ
1145 5263 1242 5313 τοῦ
1302 5255 1574 5331 Ἰορδάνου
1629 5259 1849 5334 γενήσε-

194 5347 347 5403 σθαι.
381 5346 521 5421 Ἱερὰ
577 5346 667 5401 καὶ
715 5344 882 5421 ἄμφω
923 5350 1110 5418 ταῦτα,
1155 5345 1372 5404 πολλοῦ
1416 5348 1725 5423 τιμώμενα,
1775 5347 1851 5409 εἲς

196 5435 473 5510 ἁγιασμὸν
534 5432 911 5506 συντελοῦντα,
942 5435 1007 5491 τὸ
1061 5440 1158 5492 τοῦ
1181 5434 1453 5513 Ἰορδάνου
1497 5456 1555 5491 τε
1613 5435 1848 5512 ῥεῖθρον,

194 5523 288 5581 καὶ
320 5525 383 5580 τὸ
418 5523 589 5600 μύρον
629 5530 729 5594 τῆς
785 5528 881 5580 κῦν
942 5522 1258 5597 δεξιώσεως.
1291 5523 1430 5584 Ούδὶ
1484 5524 1848 5581 ἀποκλύσεται

188 5613 263 5677 τὸ
310 5609 559 5689 δεύτερον
616 5617 696 5688 τῷ
757 5612 1028 5691 προτέρῳ,
1074 5613 1157 5670 ὅτι
1221 5612 1361 5691 μηδὲ
1416 5622 1518 5688 τῆς
1578 5612 1850 5689 ἐπιπολῆς

1884 4670 1931 4734 D

1964 3383 2316 3450 tropaeorum
2367 3377 2677 3449 praeconia,
2724 3375 3114 3447 universaque
3168 3373 3345 3430 tellus
3389 3373 3612 3447 replea-

1961 3470 2060 3523 tur
2088 3465 2240 3523 sicut
2269 3470 2370 3522 tua
2398 3464 2752 3538 cognitione,
2784 3464 2864 3521 ita
2894 3468 2949 3520 et
2977 3463 3171 3520 laude.
3223 3547 3245 3564 ο

2032 3735 2125 3796 20.
2182 3735 2291 3790 Sed
2349 3734 2463 3791 ista
2520 3751 2614 3791 me
2691 3734 2914 3791 felicem
2996 3734 3221 3793 diutius
3279 3734 3614 3792 retinebunt

1964 3840 2143 3896 quam
2177 3824 2612 3896 proponebatur
2652 3824 2859 3880 oratio.
2913 3825 3025 3896 Ego
3082 3841 3236 3890 vero,
3296 3823 3434 3895 quia
3466 3822 3612 3879 mihi

1963 3916 2198 3984 tempus
2230 3912 2403 3968 breve
2449 3916 2857 3969 mensuratum
2910 3913 3018 3968 fuit
3047 3919 3105 3969 et
3150 3912 3451 3986 exiguum,
3483 3911 3616 3967 aliis

1963 4004 2196 4060 studere
2229 4002 2375 4071 volo,
2409 4004 2459 4060 si
2493 4004 2638 4059 forte
2669 4008 2988 4076 angustum
3045 4004 3326 4076 temporis
3358 4002 3614 4076 spatium

1963 4091 2110 4147 mihi
2142 4093 2490 4149 admensum
2521 4093 2929 4164 tributumque
2972 4092 3168 4151 fuerit.
3202 4097 3268 4148 Et
3297 4092 3436 4164 quia
3469 4090 3614 4146 mihi

1964 4181 2267 4238 audientes
2300 4182 2371 4238 ad
2422 4197 2485 4238 se
2534 4180 2779 4238 attrahit
2828 4182 3102 4239 Jordanis
3135 4185 3190 4238 et
3238 4181 3405 4254 quasi
3438 4181 3611 4238 sedu-

1964 4286 2102 4326 cens
2151 4270 2445 4343 astringit,
2493 4286 2817 4342 omnesque
2867 4270 2939 4326 ad
2989 4287 3122 4327 eum
3175 4275 3440 4341 currunt,
3484 4285 3613 4324 mo-

1962 4359 2073 4416 liar
2137 4359 2275 4431 quid
2353 4364 2712 4432 augustum,
2783 4376 2898 4431 quo
2973 4359 3315 4431 aliquandiu
3398 4363 3611 4415 ccstum

1964 4448 2318 4505 contineam.
2348 4449 2730 4521 Opponamus
2778 4463 2915 4520 ergo
2965 4448 3240 4520 speciosae
3295 4446 3378 4501 illi
3412 4447 3615 4518 regite-

1963 4551 2075 4609 que
2106 4536 2277 4591 undae
2307 4537 2633 4609 speciosam
2674 4535 2850 4592 aliam
2882 4552 3093 4607 aquam
3140 4535 3414 4600 similem,
3448 4538 3502 4589 et
3532 4532 3613 4589 ita

1962 4623 2278 4682 concilium
2309 4640 2685 4696 occupemus.
2735 4623 3050 4680 Auditores
3097 4640 3230 4679 vero
3276 4623 3361 4678 sic
3401 4636 3611 4692 magno

1962 4712 2306 4768 assistentes
2337 4711 2567 4783 negotio
2598 4718 2654 4767 et
2684 4712 2908 4767 utiliter
2950 4710 3169 4783 opinati
3202 4711 3611 4775 discentesque

1963 4801 2073 4857 sibi
2106 4800 2392 4873 duplicari
2426 4801 2643 4855 bonum
2682 4842 2698 4870 ,
2729 4800 2953 4857 tamdiu
2985 4799 3453 4872 permanebunt;
3479 4800 3612 4870 post

1962 4890 2085 4946 haec
2118 4889 2343 4962 reliquo
2378 4889 2527 4945 bono
2560 4888 2881 4962 potiantur.

2028 5085 2120 5140 21.
2151 5083 2451 5140 Praamitto
2483 5096 2619 5157 ergo
2665 5083 2853 5153 vobis,
2905 5101 2937 5141 ο
2996 5083 3291 5141 auditores
3336 5083 3434 5139 hic
3462 5100 3608 5155 prte-

1960 5177 2176 5243 sentes,
2237 5176 2599 5243 unguentum
2661 5173 2854 5246 regale
2915 5174 3257 5246 pretiosum,
3315 5176 3373 5228 et
3403 5172 3606 5243 judico

1958 5263 2138 5334 hujus
2194 5261 2508 5335 participes
2556 5266 2757 5334 postea
2814 5263 3070 5318 Jordane
3118 5277 3247 5317 esse
3301 5260 3600 5317 fruituros.

1958 5354 2172 5408 Sancta
2198 5351 2369 5406 ambo
2418 5350 2553 5422 ista,
2584 5354 2641 5406 et
2689 5352 2887 5424 magni
2937 5350 3267 5423 pendenda,
3297 5350 3356 5405 in
3388 5349 3603 5406 sancti-

1957 5440 2293 5496 ficationem
2352 5438 2774 5511 conspirantia,
2832 5444 2959 5496 tum
3034 5438 3311 5495 Jordanis
3368 5438 3600 5508 ﬂuvius,

1956 5533 2084 5585 tum
2142 5532 2508 5601 unguentum
2586 5528 2891 5600 praesentis
2967 5527 3361 5600 acceptionis.
3420 5525 3603 5582 Priori

1956 5617 2249 5692 posterius
2274 5633 2391 5674 non
2421 5616 2732 5689 delebitur,
2755 5617 2895 5690 quia
2916 5635 3029 5675 non
3054 5615 3344 5673 exteriora
3369 5617 3601 5673 tantum
