4104 6210
417 325 536 386 959

1195 338 1616 402 EUSTATHII
1661 343 2423 411 THESSALONICENSIS
2469 349 3052 414 METROPOLITE

3717 355 3832 418 960

416 460 626 532 tangit,
657 464 757 518 sed
790 468 846 520 et
874 465 933 522 in
967 467 1223 525 animam
1283 475 1569 543 penetrat.
1601 478 1717 548 Ego
1767 492 1902 534 vero
1933 478 2039 548 iure

2177 478 2350 552 μόνης
2402 480 2629 556 γίνεται,
2689 483 2836 539 ἀλλὰ
2890 486 2982 539 καὶ
3057 484 3132 547 εἰς
3206 488 3394 562 ψυχήν
3469 485 3826 564 παραδύεται.

413 565 622 607 censeo
678 569 770 609 me
826 555 1047 627 aliquid
1109 558 1288 630 hujus
1343 565 1626 634 unguenti
1685 566 1933 623 feliciter
1961 568 2064 624 ha-

413 639 573 710 bere,
607 657 830 698 necnon
877 662 910 700 a
957 646 1130 702 domo
1182 648 1402 705 bonum
1459 651 1602 708 mihi
1652 656 1876 723 adesse,
1924 674 2064 725 quo-

417 727 575 784 niam
627 731 770 785 mihi
828 737 963 789 ante
1016 753 1228 792 manus
1288 756 1564 812 magnum
1623 746 1907 816 unguenti
1947 745 2066 802 ala-

414 817 705 874 bastrum.
740 821 782 875 Ο
834 839 939 878 nos
990 825 1218 896 beatos,
1272 829 1697 900 sapientissimi
1744 835 2060 904 auditores,

413 925 551 964 nam
586 911 970 984 myroblytam
1018 917 1395 989 excogitastis
1438 939 1609 994 quem
1659 925 1812 981 Deus
1842 928 2063 998 Optime

412 999 804 1070 compositum
863 1002 920 1057 in
975 1005 1211 1062 odorem
1272 1011 1579 1068 suavitatis
1634 1013 1883 1087 largitus
1927 1022 2057 1087 est;

413 1087 688 1142 omnibus
719 1091 1054 1163 appetibile,
1085 1099 1143 1150 et
1170 1099 1369 1168 (prout
1412 1101 1494 1155 ait
1525 1102 1788 1175 quidam)
1819 1106 2057 1163 omnino

411 1175 663 1232 amabile
721 1196 930 1236 nomen
991 1185 1145 1254 quod
1222 1186 1348 1258 ipse
1422 1190 1802 1263 singulariter
1855 1195 2057 1269 diligo,

407 1269 720 1322 veneratus
752 1269 986 1340 quidem
1039 1289 1250 1330 manus
1299 1275 1433 1333 illas
1479 1280 1714 1337 victoris
1743 1282 2054 1354 imperato-

408 1352 510 1418 ris,
547 1354 635 1408 cui
683 1373 861 1428 super
906 1361 1104 1416 omnia
1143 1364 1297 1420 bona
1347 1373 1590 1425 ornatus
1639 1372 1908 1444 eximius,
1943 1376 2056 1431 sci-

405 1440 548 1498 licet
574 1445 827 1515 populus
858 1447 1046 1506 factus
1077 1456 1167 1508 est
1213 1470 1359 1524 opus
1405 1457 1692 1530 victoriae;
1742 1440 2056 1520 veneratus

405 1535 602 1587 autem
635 1548 768 1590 eum
801 1537 903 1608 qui
951 1538 1127 1596 istam
1187 1542 1524 1615 imperatori
1575 1549 1876 1606 victoriam
1910 1570 2052 1625 sup-

403 1621 706 1693 peditavit,
740 1623 927 1696 ipsam
962 1627 1154 1686 ferens
1204 1631 1262 1686 in
1293 1634 1581 1706 suiipsius
1631 1639 1866 1696 nomine
1897 1643 2052 1713 quod

403 1713 597 1781 potest
649 1719 781 1767 actu
844 1717 1154 1790 perﬁcere,
1241 1723 1393 1792 quod
1459 1732 1654 1782 mente
1717 1731 2054 1801 concipiens

404 1797 652 1869 quilibet
681 1804 1102 1860 sanctilicatur.
1154 1809 1212 1863 in
1265 1827 1364 1868 ore
1413 1814 1602 1870 ferens
1644 1817 1814 1874 melle
1862 1797 2051 1892 reple-

398 1889 520 1954 tur,
548 1887 634 1942 vel
666 1890 1036 1950 solummodo
1069 1900 1458 1966 pronuntians
1501 1919 1777 1977 magnam
1811 1887 2053 1978 protulit

399 1975 726 2034 victoriam.
762 1985 840 2035 Ex
871 1982 1188 2042 victoribus
1239 1989 1480 2060 quidam
1528 1975 1886 2051 exercituum
1936 1997 2050 2054 du-

400 2079 496 2121 ces
527 2081 850 2140 cognomen
905 2081 1276 2146 acceperunt,
1325 2077 1435 2135 hoc
1483 2083 1718 2152 quidem
1770 2101 2048 2158 magnam

400 2160 725 2227 auguratur
755 2157 1078 2230 victoriam,
1120 2163 1220 2220 illo
1270 2167 1422 2222 bona
1471 2170 1837 2242 significatur
1883 2190 2046 2230 exer-

401 2243 552 2300 citus
583 2247 914 2317 prafectio;
957 2267 1237 2324 magnum
1287 2261 1482 2313 autem
1527 2259 1829 2318 Nicolaum
1883 2264 2047 2318 inani

399 2333 637 2390 nomine
667 2339 993 2394 vocandum
1027 2358 1174 2414 esse,
1208 2349 1362 2402 serte
1407 2364 1575 2404 nemo
1618 2356 1706 2406 est
1736 2351 1836 2423 qui
1867 2354 2042 2409 dicat.

468 2459 558 2514 2‘2.
594 2459 675 2516 Da
703 2478 841 2534 ergo
872 2465 1040 2534 mihi,
1088 2467 1454 2528 divinissime
1504 2473 1841 2546 imperator,
1873 2479 2044 2548 cujus

397 2553 728 2606 aromatum
785 2551 1012 2624 phialae,
1070 2573 1228 2628 genas
1287 2560 1511 2618 scilicet
1568 2565 1733 2619 nardi
1776 2567 2044 2638 spiritus,

398 2638 718 2708 unguentis
774 2642 989 2714 adungi
1039 2650 1223 2702 cattus
1280 2647 1460 2719 hujus
1519 2651 1863 2724 antistitem,
1926 2673 2034 2712 un-

390 2725 648 2796 guentis,
683 2728 944 2802 inquam,
1006 2749 1120 2788 non
1171 2737 1407 2806 quidem
1467 2742 1745 2812 guttatim
1807 2745 2036 2802 stillan-

396 2812 558 2870 tibus
616 2817 814 2887 qualia
872 2822 1124 2878 Arabum
1179 2825 1286 2880 viri
1364 2827 1420 2882 in
1478 2829 1609 2886 istis
1675 2832 1917 2890 solertes
1973 2851 2041 2892 ex

395 2902 638 2959 calamis
669 2905 969 2979 colligunt,
1033 2914 1135 2968 sed
1195 2914 1333 2984 tuis,
1390 2917 1481 2974 vel
1533 2921 1702 2992 quasi
1765 2923 2040 2992 dicerem,

398 2990 613 3047 divinis
663 2999 980 3067 unguentis
1038 3002 1253 3074 quibus
1309 3006 1429 3062 tuis
1482 2990 1696 3067 unctus
1753 3016 1854 3068 tua
1883 2990 2042 3071 adire

396 3079 610 3152 dignus
638 3083 796 3153 ﬁam,
831 3090 1064 3159 quando
1109 3100 1486 3154 consecratus
1528 3103 1697 3156 tuum
1744 3103 2041 3160 suscitabo

2175 574 2328 624 Δοκῶ
2376 567 2434 626 δὲ
2477 593 2572 643 μοι
2611 573 2701 628 καὶ
2747 575 2886 629 πάνυ
2917 595 2968 628 τι
2999 575 3392 649 προσηκόντως
3444 573 3592 653 ἔχειν
3650 577 3824 653 μύρου

2172 659 2263 714 καὶ
2317 659 2478 724 αὐτὸς
2563 658 2858 732 δεξιώσεσι,
2911 663 3002 718 καὶ
3053 663 3142 738 ἀφ’
3200 663 3372 727 ἑστίας
3430 666 3566 721 εἶναί
3613 667 3713 740 μοί
3767 668 3828 722 τὸ

2171 747 2363 818 καλὸν,
2395 749 2478 804 ὅτι
2515 772 2608 822 μοι
2633 751 2724 806 καὶ
2754 751 2862 828 πρὸ
2893 756 3100 829 χειρῶν
3131 750 3240 825 ἤδη
3272 755 3334 809 τὸ
3383 753 3522 829 μέγα
3571 760 3672 810 τοῦ
3736 755 3830 829 μύ-

2174 857 2272 912 ρου
2320 833 2683 916 ἀλάϐαστρον.
2714 841 2817 898 Καὶ
2874 843 2932 897 εὖ
2977 863 3036 916 γε
3082 845 3243 915 ἡμῖν,
3276 844 3590 918 σοφώτατον
3620 845 3829 919 ἀκροαο

2169 928 2383 1000 τήριον,
2441 926 2524 982 ὅτι
2590 929 2680 983 τὸν
2753 923 3105 1005 μυροϐλύτην
3157 929 3526 999 ένενοήσασθε,
3577 931 3637 986 ’ὀν
3696 932 3826 994 Θεὸς

2168 1021 2286 1080 τοῖς
2341 1017 2564 1088 πένησιν
2620 1017 2697 1080 εἷς
2748 1017 2928 1092 ὀσμὴν
2975 1018 3298 1092 καταρτίσας
3356 1017 3585 1083 εὐωδίας
3629 1019 3823 1094 ἐδαψιο

2171 1102 2399 1160 λεύσατο
2432 1125 2445 1137 ·
2506 1106 2567 1161 τὸ
2642 1113 2771 1162 πᾶσι
2843 1108 3093 1163 ποθεινὸν
3155 1108 3245 1163 καὶ
3323 1110 3480 1181 (καθά
3551 1131 3637 1173 τις
3697 1105 3825 1188 ἔφη)

2167 1194 2520 1270 παμφίλητον
2597 1192 2808 1270 ὄνομα,
2876 1198 2906 1252 ’ὀ
2953 1197 3044 1252 καὶ
3101 1198 3265 1260 αὐτὸς
3355 1193 3817 1272 ὑπερϐαλλόντως

2167 1289 2335 1362 φιλῶ,
2370 1280 2730 1360 σεόαζόμενος
2783 1287 2880 1359 μὶν
2927 1287 3024 1348 τὰς
3095 1292 3288 1362 χεῖρας
3341 1286 3538 1349 ταύτας
3590 1293 3821 1357 νικητοῦ

2171 1373 2457 1448 βασιλέως,
2508 1375 2656 1451 ᾧπερ
2716 1374 2795 1453 ἐφ’
2851 1375 3044 1430 ἅπασιν
3115 1376 3338 1449 ἀγαθοῖς
3388 1374 3598 1448 κόσμος
3655 1377 3821 1438 ἅπας,

2162 1463 2355 1518 ταυτὸν
2415 1461 2474 1518 δὲ
2526 1463 2716 1533 εἰπεῖν,
2753 1463 2883 1526 λαὸς
2924 1465 3081 1534 νίκης
3137 1461 3299 1540 ἔργον
3351 1463 3557 1539 γίνεται
3594 1483 3609 1496 °
3660 1459 3822 1519 σεϐα-

2168 1552 2395 1624 ζόμενος
2427 1552 2484 1606 δὲ
2512 1553 2597 1608 καὶ
2629 1554 2721 1608 τὸν
2765 1552 2964 1625 ταμίαν
2998 1555 3097 1621 τῆς
3141 1551 3299 1623 νίκης
3341 1551 3542 1624 ταύτης
3592 1558 3678 1626 τῷ
3729 1554 3826 1628 βα-

2165 1638 2330 1708 σιλεῖ,
2359 1642 2448 1695 καὶ
2480 1641 2680 1712 ταύτην
2712 1641 2764 1696 ἐν
2803 1641 2976 1714 ἑαυτῷ
3030 1643 3168 1718 πρός
3220 1661 3278 1696 τε
3334 1638 3510 1714 ὄνομα
3561 1645 3819 1718 φέροντα,

2161 1728 2251 1784 καὶ
2300 1727 2571 1803 διανέμειν
2618 1731 2692 1794 εἷς
2732 1736 2957 1806 πρᾶγμα
3013 1729 3332 1804 δυνάμενον,
3364 1730 3393 1785 ’ὀ
3423 1729 3512 1785 καὶ
3565 1730 3642 1792 είς
3691 1735 3820 1786 νοῦν

2083 1851 2129 1917 Β
2162 1813 2345 1873 λαϐών
2403 1840 2487 1881 τις
2539 1819 2818 1894 ἡγίασται,
2875 1819 2966 1874 καὶ
3039 1816 3130 1874 διὰ
3205 1819 3474 1892 πόματος
3549 1819 3816 1917 ἐνεγκὼν,

2161 1906 2381 1980 μέλιτος
2410 1907 2740 1979 πέπλησται,
2772 1909 2862 1964 καὶ
2899 1907 3062 1981 μόνον
3125 1909 3221 1982 μὲν
3274 1907 3595 1987 έκφωνήσας
3651 1909 3815 1980 νίκην

2160 1995 2402 2073 μεγάλην
2456 1999 2810 2074 προήνεγκεν.
2869 1997 3096 2056 Ἐνίκων
3149 2000 3247 2072 μέν
3303 2019 3466 2071 τινες,
3504 1997 3598 2053 καὶ
3659 2000 3814 2074 ἡγή-

2156 2084 2429 2160 σίστρατοι
2479 2085 2940 2164 ἀναφωνηθέντες,
2991 2086 3019 2139 ὁ
3073 2087 3168 2158 μὲν
3201 2083 3399 2149 οἷ’ωνὸς
3435 2085 3595 2154 ἐτέθη
3651 2085 3811 2156 νίκης

2160 2173 2426 2252 μεγάλης,
2459 2176 2487 2231 ὁ
2537 2173 2593 2231 δὲ
2644 2175 2847 2251 ἀγαθὴν
2899 2174 3166 2248 ἐσήμανεν
3197 2174 3494 2252 ἠγεμονίαν
3550 2179 3809 2251 στρατοῦ·

2155 2264 2183 2319 ὁ
2215 2261 2272 2319 δὲ
2299 2263 2486 2341 ’μέγας
2533 2263 2806 2328 Νικόλαος
2863 2263 2938 2327 εἷς
2985 2259 3300 2338 ἀσύμϐολον
3336 2260 3512 2338 ὄνομα
3550 2262 3812 2336 λαληθή-

2155 2375 2322 2423 σεται,
2353 2353 2452 2408 οὐκ
2478 2352 2536 2408 ἂν
2571 2349 2717 2408 εἷ’ποι
2745 2374 2852 2416 τις.

2222 2479 2328 2552 κβ’.
2357 2479 2458 2544 Δὸς
2478 2475 2544 2549 δή
2584 2499 2701 2552 μοι,
2745 2477 2986 2543 θειότατε
3011 2477 3256 2555 βασιλεῦ,
3290 2479 3353 2534 οὗ
3407 2477 3603 2557 φιάλαι
3663 2477 3810 2554 ἀρω-

2157 2570 2359 2643 μάτων,
2409 2569 2465 2624 αἱ
2520 2568 2768 2644 σιαγόνες
2843 2565 3057 2638 δηλαδή
3111 2573 3222 2623 τῶν
3294 2572 3392 2623 τοῦ
3465 2567 3806 2641 πνεύματος,

2157 2659 2352 2733 μύροις
2403 2655 2754 2731 δεξιώσασθαι
2803 2657 2894 2714 τὸν
2941 2663 3236 2735 κορυφαῖον
3279 2655 3446 2728 τῆσδε
3490 2664 3592 2728 τῆς
3637 2679 3812 2728 πανη-

2149 2747 2378 2823 γύρεως·
2438 2748 2531 2802 καὶ
2585 2746 2804 2810 τούτοις
2864 2743 2988 2802 οὔτε
3046 2752 3315 2818 στακτοῖς,
3347 2743 3472 2802 οὔτε
3527 2748 3698 2802 ὁποῖα
3757 2747 3811 2817 ἐξ

2152 2831 2427 2913 Ἀῥράϐων
2486 2834 2910 2915 καρφολογεῖται
2977 2841 3094 2898 τοῖς
3155 2835 3279 2912 περὶ
3349 2839 3514 2891 ταῦτα
3580 2834 3806 2904 δεινοῖς,

2152 2923 2298 2982 άλλὰ
2324 2930 2441 2990 τοῖς
2497 2931 2636 2996 σοῖς,
2663 2925 2832 2981 εἰπεῖν
2873 2923 2931 2980 δὶ
2985 2923 3102 2981 ἴσον
3147 2931 3267 2988 τοῖς
3312 2924 3373 2980 έκ
3417 2930 3580 2995 Θεοῦ,
3603 2924 3700 2980 ἵνα
3747 2925 3808 2981 ἐκ

2147 3017 2256 3068 τῶν
2292 3016 2398 3067 σῶν
2446 3011 2514 3068 τὸ.
2561 3013 2627 3067 σὰ
2671 3014 2961 3090 προσάγων
3007 3010 3346 3088 δικαιοίμην,
3380 3014 3457 3076 ὡς
3506 3013 3574 3068 τὸ
3628 3013 3804 3069 καλὸν

2150 3101 2468 3176 ὁσιούμενος
2520 3103 2829 3174 ἀνακινήσω
2889 3123 2986 3158 σου
3033 3103 3096 3158 τὸ
3143 3098 3314 3166 ὅντως
3374 3103 3626 3159 πιστικὸν
3691 3103 3802 3177 μύο

394 3167 697 3240 eximium,
752 3191 1002 3250 vereque
1055 3180 1241 3251 ﬁdele,
1295 3185 1527 3244 cmleste
1583 3197 1636 3246 et
1683 3191 2039 3263 pretiosissi-

394 3274 552 3304 mnm
603 3269 968 3304 nnonpnfnm
1046 3286 1162 3304 nun
1194 3274 1308 3304 ἐσην-
1361 3281 1518 3304 ...ειη
1596 3280 1642 3304 ,ε
1687 3286 1909 3304 ----ι-ι
1946 3299 2033 3304 Α--

2153 3211 2266 3270 ρον,
2296 3167 2360 3247 τὰ
2419 3191 2692 3269 οὐράνιον,
2744 3193 2808 3247 τὸ
2863 3189 3240 3267 πολυτίμητον
3258 3211 3270 3224 ·
3333 3195 3394 3248 οὗ
3453 3193 3805 3267 κινουμένου,

2156 3279 2207 3304 ,ν
2255 3282 2367 3304 ---γ’
2449 3302 2485 3304 ,_
2539 3286 2610 3304 _~,
2700 3280 2797 3304 ,,’_,
2890 3281 3007 3304 _,’,
3242 3303 3245 3304 ν
3481 3289 3506 3300 ε’
3790 3284 3806 3304 \

393 3274 553 3314 mum
603 3269 994 3335 unguentum,
1046 3286 1162 3342 quo
1185 3274 1310 3343 jam
1361 3281 1541 3346 moto,
1594 3280 1642 3334 si
1684 3286 1914 3354 oportet
1945 3299 2038 3340 me

2151 3279 2207 3336 εἷ’
2255 3282 2367 3358 χρή
2423 3302 2491 3355 με
2537 3286 2617 3354 τῷ
2674 3280 2831 3356 μύρῳ
2885 3281 3063 3355 τούτῳ
3135 3289 3532 3360 συνεισαγαγεῖν
3589 3305 3644 3340 τι
3716 3284 3809 3340 καὶ

389 3346 483 3404 isti
530 3357 831 3424 unguento
863 3355 1194 3417 immiscere
1244 3363 1381 3434 quid
1414 3370 1663 3424 externa
1705 3371 2036 3442 suavitatis,

390 3437 453 3493 in
486 3446 689 3496 terram
744 3451 796 3498 et
848 3447 1045 3503 cwlum
1101 3449 1441 3524 diffundatur
1495 3456 1626 3513 odor
1651 3477 1672 3522 ;
1721 3459 1777 3515 in
1826 3437 2033 3517 ccelum

390 3527 628 3598 quidem
663 3547 764 3602 per
810 3533 958 3591 altas
1005 3537 1064 3592 in
1115 3539 1406 3615 theologia
1464 3546 1728 3604 notiones
1768 3550 2037 3624 donaque

387 3615 524 3672 inde
553 3619 771 3678 emissa
801 3639 835 3677 a
862 3623 978 3680 Deo
1008 3643 1040 3681 a
1066 3644 1179 3699 quo
1211 3647 1384 3688 omne
1415 3635 1636 3691 donum
1670 3639 1989 3709 perfectum
2019 3659 2033 3709 ;

385 3707 602 3762 terram
661 3726 816 3780 vero,
850 3715 1127 3784 quoniam
1197 3720 1268 3775 ad
1324 3738 1430 3778 nos
1489 3707 1811 3795 perferetur
1861 3733 1919 3785 et
1975 3729 2033 3784 in

385 3809 590 3851 omnes
622 3800 788 3855 terra:
821 3803 1183 3862 diffundetur
1211 3809 1378 3866 ﬁnes.
1412 3812 1617 3870 Omnis
1647 3817 1803 3872 enim
1837 3818 2034 3874 anima

383 3885 513 3939 tum
544 3901 612 3941 ea
639 3903 764 3976 quae
797 3890 1010 3948 Gracia
1042 3894 1336 3954 ministrat
1362 3899 1582 3974 linguis
1616 3920 1795 3976 quam
1825 3908 2034 3962 barba-

389 3988 588 4030 rerum
634 3975 735 4032 Dei
786 3995 902 4034 non
960 3982 1318 4054 ignarorum,
1380 3992 1636 4064 percepit
1689 3993 1841 4051 hanc
1869 4001 2032 4051 tuam

388 4063 735 4120 suavitatem
768 4083 943 4138 quam
964 4075 1360 4143 promiserunt
1388 4063 1813 4152 scripturarum
1844 4090 2031 4158 prata,

389 4165 564 4218 (ιυειω
596 4155 828 4225 egregia
876 4157 1247 4229 imperatoris
1281 4171 1490 4223 natura
1541 4170 1793 4245 collegit,
1825 4155 1883 4230 et
1912 4155 2030 4247 api;-

386 4238 536 4295 ritus
568 4243 823 4312 pondere
852 4249 1163 4308 aestimavit
1194 4255 1507 4325 adjuvante
1546 4238 1756 4333 magno
1779 4238 2033 4335 patrata-

387 4326 582 4385 miliae
609 4331 952 4408 optimoque
984 4337 1193 4397 horum
1227 4349 1447 4401 rectore
1469 4347 1605 4420 Deo,
1637 4350 1868 4422 sapiens
1898 4369 2030 4410 vero

384 4420 734 4491 temperavit
763 4425 973 4496 cpifex,
1007 4444 1122 4499 quo
1153 4431 1332 4488 simul
1361 4435 1617 4506 perfecta
1645 4420 1782 4495 sunt
1812 4441 2026 4510 omnia,

383 4509 441 4563 et
471 4509 658 4580 patris
701 4511 941 4572 ﬂamma
987 4516 1046 4572 in
1097 4535 1272 4577 unam
1317 4526 1620 4596 conjunxit
1666 4531 2028 4602 temperiem,

386 4601 445 4652 et
473 4596 531 4653 in
565 4599 819 4658 divinam
853 4607 1228 4666 commiscuit
1268 4614 1638 4686 suavitatem,
1671 4634 1797 4690 qua;
1829 4620 2027 4677 multi-

385 4686 590 4745 formis
637 4707 886 4764 vereque
939 4696 1143 4754 multis
1203 4703 1530 4774 composita
1586 4723 1767 4762 unum
1827 4714 1918 4765 est
1966 4711 2026 4766 in

377 4775 671 4851 theologia
699 4780 823 4853 (illo
861 4786 1160 4857 sapientia:
1209 4789 1392 4863 ﬂore),
1427 4811 1608 4850 unum
1653 4795 1711 4852 in
1763 4803 2024 4855 contem-

374 4864 634 4936 platione
681 4869 1036 4948 divinorum,
1096 4894 1280 4935 unum
1344 4881 1403 4936 in
1437 4883 1520 4938 eis
1577 4900 1704 4956 quia
1753 4892 2026 4944 naturam

379 4970 689 5028 moresque
719 4969 1004 5034 spectant,
1041 4983 1245 5037 unum,
1270 4970 1408 5042 quid
1445 4973 1627 5029 multa
1648 4976 1675 5029 ‘2
1701 4975 1756 5030 in
1782 4975 1866 5033 eis
1896 4994 2024 5050 qua:

377 5043 448 5100 de
507 5049 620 5103 Deo
679 5049 767 5104 fas
825 5058 914 5108 est
979 5060 1288 5128 scrutari;
1347 5079 1473 5133 quae
1531 5063 1724 5120 adhuc
1779 5043 2026 5125 ﬁrmiter

372 5134 582 5192 animai
616 5137 894 5214 inscripta
929 5161 1044 5200 non
1075 5146 1210 5204 talis
1241 5154 1330 5206 est
1361 5156 1424 5206 ut
1453 5151 1718 5210 deleatur
1755 5161 1856 5211 aut
1885 5157 2022 5214 litu-

371 5242 497 5281 ram
530 5229 806 5299 patiatur,
841 5249 1028 5306 neque
1059 5243 1251 5308 potest
1279 5241 1564 5313 diffluere,
1599 5261 1704 5301 nec
1726 5245 1785 5302 in
1818 5253 2017 5320 pertu-

371 5331 504 5372 sum
561 5318 890 5377 Danaidum
949 5325 1170 5382 dolium
1222 5329 1432 5400 delabi,
1485 5350 1684 5390 verum
1743 5318 2020 5396 inicorde

370 5403 730 5477 imprimitur
759 5411 827 5465 ad
861 5411 1046 5470 instar
1069 5417 1397 5475 tabularum
1422 5420 1538 5478 Deo
1562 5423 1976 5498 inscriptarum
2003 5447 2016 5498 ;

368 5509 494 5566 quae
525 5513 558 5551 a
587 5501 741 5556 terra
787 5502 1023 5573 quidem
1057 5507 1129 5563 ad
1156 5506 1427 5566 humanae
1476 5517 1701 5571 naturae
1742 5519 2019 5574 constitu-

373 5581 591 5641 tionem
623 5595 1117 5668 accommodatur,
1168 5597 1396 5657 emlitus
1447 5606 1640 5659 autem
1692 5605 1792 5662 Dei
1837 5607 2018 5680 digito

369 5669 702 5743 disponitur
728 5677 1030 5755 inscripta,
1090 5684 1173 5742 ita
1220 5689 1282 5742 ut
1338 5694 1648 5761 propterea
1687 5669 2016 5755 animatus

2145 3376 2244 3440 τῆς
2301 3365 2402 3442 ἔξω
2453 3373 2776 3446 μυρεψικῆς,
2827 3370 2879 3433 ἐς
2923 3371 3078 3447 γαῖάν
3133 3393 3194 3428 τε
3248 3373 3337 3427 καὶ
3391 3372 3620 3449 οὐρανὸν
3673 3372 3807 3430 ἵκετ’

2145 3459 2350 3533 ἀϋτμή·
2386 3459 2611 3535 οὐρανὸν
2662 3457 2739 3530 δὲ,
2775 3457 2865 3515 διά
2892 3481 2952 3516 τε
3004 3461 3067 3516 τὸ
3113 3458 3166 3516 ἐν
3216 3461 3475 3538 θεολογίᾳ
3525 3461 3664 3537 ὕψος
3710 3466 3800 3519 καὶ

2143 3549 2206 3604 τὸ
2255 3548 2594 3624 θεόπεμπτον
2649 3549 2871 3622 ἐκεῖθεν,
2931 3551 3050 3614 ὅθεν
3106 3549 3196 3605 καὶ
3254 3555 3357 3605 πᾶν
3407 3549 3648 3627 δώρημα
3713 3552 3800 3608 τέ-

2145 3637 2310 3695 λειον’
2345 3645 2448 3714 γῆν
2502 3636 2591 3693 διὰ
2646 3647 2708 3693 τὸ
2759 3638 2833 3702 εἰς
2881 3641 3031 3713 ἡμᾶς
3079 3637 3500 3714 διαπέμπεσθαι,
3529 3641 3621 3696 καὶ
3672 3643 3799 3717 περὶ

2140 3728 2209 3783 τὰ
2231 3735 2332 3798 τῆς
2363 3735 2464 3805 γῆς
2496 3725 2829 3793 διαδίδοσθαι
2873 3730 3096 3804 πέρατα.
3131 3735 3282 3784 [licet
3323 3731 3423 3806 γὰρ
3478 3733 3661 3807 ψυχὴ,
3693 3733 3793 3803 δση

2140 3838 2200 3873 τε
2267 3815 2590 3872 δισκονεῖται
2659 3815 2939 3892 γλώσσαις
2993 3816 3367 3889 Ἑλληνικαῖς,
3421 3818 3512 3874 καὶ
3573 3819 3676 3891 ὅση
3739 3819 3797 3876 δὲ

2143 3912 2275 3962 Θεοῦ
2318 3907 2643 3984 ἐπιγνώμων
2695 3903 2987 3984 βάρϐαρος,
3022 3904 3216 3983 ᾔσθετό
3261 3929 3356 3962 σου
3403 3915 3506 3978 τῆς
3559 3907 3792 3972 εὐωδίας

2139 3996 2365 4069 ταύτης,
2420 3999 2481 4067 ἣν
2543 3995 2812 4071 λειμῶνες
2876 3998 2968 4072 μὶν
3043 4001 3266 4076 γραφῶν
3348 3994 3787 4072 προεϐάλλοντο,

2141 4089 2299 4166 φύσις
2349 4086 2608 4163 βασιλική
2669 4088 2947 4165 ἀκροφυὴς
3007 4085 3339 4160 συνελέξατο,
3396 4088 3487 4142 καὶ
3564 4091 3790 4162 σταθμῷ

2139 4176 2447 4251 πνεύματος
2507 4175 2872 4252 διευκρίνησεν
2937 4177 3040 4231 ὑπὸ
3122 4181 3203 4248 τῷ
3285 4175 3512 4254 μεγάλῳ
3583 4175 3791 4234 οἰκοδε-

2141 4267 2316 4340 σπότῃ
2401 4263 2491 4320 καί
2577 4270 2686 4320 τῶν
2761 4264 3024 4320 τοιούτων
3117 4264 3575 4342 έπιστημονάρχῃ
3647 4273 3786 4340 Θεῷ·

2140 4353 2498 4431 έργαστήριον
2559 4351 2616 4408 δὲ
2671 4355 2862 4431 νοερὸν
2918 4353 3074 4409 πάνθ’
3125 4354 3266 4427 ὁμοῦ
3325 4355 3522 4430 ἀγαγὸν
3581 4358 3791 4412 συνεκέο

2141 4463 2287 4519 ρασε,
2318 4445 2405 4498 καὶ
2464 4443 2669 4518 πατρὸς
2718 4441 2858 4513 ζέσις
2898 4441 2976 4505 εἷς
3021 4441 3077 4498 ’ὲν
3127 4448 3311 4519 κρᾶμα
3367 4443 3642 4514 omanis,
3700 4445 3791 4500 καὶ

2138 4533 2274 4609 πρὸς
2332 4529 2558 4588 εὐωδίαν
2613 4531 2759 4586 θείου
2817 4530 3098 4606 συνέπεψε’
3143 4532 3232 4586 καὶ
3286 4532 3487 4603 ταύτην
3513 4531 3788 4603 πολυειδή

2136 4621 2224 4677 καὶ
2285 4619 2506 4692 άληθῶς
2556 4618 2978 4690 πολυσύνθετον,
3010 4615 3063 4675 ἔν
3110 4640 3170 4675 τε
3217 4619 3472 4696 θεολογίᾳ
3527 4620 3632 4696 (τῷ
3685 4630 3787 4693 τῆς

2138 4711 2330 4790 σοφίας
2363 4708 2555 4784 ἄνθει),
2586 4709 2638 4765 ἔν
2669 4730 2727 4765 τε
2753 4713 2821 4784 τῇ
2851 4713 2961 4764 τῶν
2994 4708 3152 4773 θείων
3203 4708 3422 4782 θεωρίᾳ,
3449 4707 3503 4765 ἔν
3562 4731 3624 4766 τε
3667 4718 3785 4774 τοῖς

2135 4800 2260 4877 περὶ
2291 4799 2445 4879 φύσιν
2479 4800 2567 4855 καὶ
2598 4799 2754 4870 ἦθος,
2785 4799 2874 4854 καὶ
2905 4797 3078 4861 ὅλεως
3107 4804 3227 4861 τοῖς
3255 4799 3379 4874 περὶ
3429 4803 3630 4874 γνῶσιν
3678 4807 3783 4856 τῶν

2135 4888 2313 4962 θείων,
2344 4890 2434 4944 καὶ
2466 4888 2564 4944 ὅσα
2591 4889 2707 4943 κατ’
2757 4885 3067 4965 ἅνθρωπονο
3099 4887 3191 4943 καὶ
3239 4889 3440 4959 ταύτην
3485 4887 3785 4967 ἐγγεγραμ.

2138 4978 2301 5053 μένην
2333 4978 2408 5041 εἲς
2438 4977 2675 5054 ἀσφαλὲς
2702 4981 2771 5052 τῇ
2803 4979 2980 5053 ψυχῇ,
3013 4976 3103 5032 καὶ
3151 4975 3267 5032 οἷάν
3321 4984 3397 5050 μὴ
3443 4975 3504 5032 ἂν
3546 4977 3786 5057 ἀπογρα·

2134 5067 2297 5146 φῆναί
2325 5088 2459 5124 ποτε
2486 5066 2575 5122 καὶ
2605 5071 2794 5131 παθεῖν
2827 5067 2946 5122 οἷον
2975 5063 3291 5140 ἀπάλειψιν·
3326 5063 3451 5122 οὐδὲ
3503 5066 3785 5143 εἰσρυῆναι

2137 5157 2230 5231 μὲν
2261 5155 2425 5232 ταχὺ,
2456 5154 2797 5232 ἀπορρυῆναι
2846 5153 2904 5210 δὶ
2953 5154 3224 5220 λαθοῦσαν
3281 5156 3433 5218 αὖθις
3485 5157 3564 5219 εἷς
3623 5158 3782 5222 πίθον

2133 5243 2406 5302 Δαναίδων
2451 5243 2841 5319 ἀντλούμενον,
2873 5243 3002 5299 ἀλλ’
3045 5243 3416 5314 ἐντυπωθῆναι
3464 5249 3533 5320 τῇ
3586 5245 3784 5322 καρδίᾳ

2133 5335 2208 5399 εἷς
2257 5333 2440 5391 πλάκα
2486 5333 2822 5413 θεόγλυφον’
2865 5332 2925 5389 έκ
2970 5340 3074 5409 γῆς
3127 5334 3221 5406 μὶν
3271 5331 3661 5409 διηρτισμένην
3714 5341 3781 5411 τῇ

2129 5427 2248 5482 κατ’
2275 5422 2554 5503 ἄνθρωπον
2587 5423 2785 5480 πλάσει
2819 5429 2921 5493 τῆς
2970 5422 3202 5498 φύσεως,
3237 5420 3489 5497 δακτύλῳ
3539 5421 3598 5480 δὲ
3647 5431 3782 5481 Θεοῦ

2127 5512 2563 5591 κατηρτισμένην
2631 5513 2708 5576 εἰς
2786 5514 3014 5587 μνήμης
3099 5510 3431 5567 έντύπωσινο
3485 5513 3560 5576 ὡς
3645 5514 3783 5570 εἷναί

2128 5627 2211 5661 σοι
2263 5602 2350 5667 διὰ
2397 5608 2561 5660 ταῦτα
2616 5625 2715 5674 την
2771 5603 2956 5678 ψυχὴν
3001 5601 3094 5656 καὶ
3123 5596 3356 5664 κιϐωτὸν
3388 5601 3779 5678 θεοκρότητον,

2126 5693 2189 5752 οὐ
2235 5693 2400 5770 μόνον
2453 5690 2541 5751 διά
2584 5713 2644 5750 τε
2670 5694 2732 5750 τὸ
2777 5691 2966 5768 μάννα,
2997 5690 3091 5748 τὸν
3120 5689 3326 5767 γλυκὺν
3359 5693 3565 5773 τροφέα
3599 5696 3777 5766 πάσης
