4104 6210
254 372 368 432 961

1176 367 1620 432 ALLOGUTIO
1663 370 1766 431 AD
1811 369 2248 434 MANUELEM
2296 372 2756 436 COMNENUM.

3553 385 3672 446 962

261 504 462 579 σαρκὸς
523 503 641 567 θεὸν
678 549 693 576 ,
729 501 859 582 ,τὸν
936 499 1403 578 ἔμπεριπατοῦντα
1455 499 1546 556 καὶ
1604 501 1916 556 ἑνοικοῦντά
1945 544 1956 571 λ

2054 504 2106 559 ηἱῐ
2134 520 2263 560 arca
2295 509 2408 561 Deo
2440 511 2882 579 exstructa,non
2905 513 3136 568 tantum
3169 518 3409 586 propter
3436 531 3671 585 manna,

263 614 352 647 σοι
385 589 478 646 διά
514 613 573 648 τε
614 591 678 647 τὸ
730 590 920 665 μάννα,
981 592 1215 664 στάμνον
1263 591 1363 659 τήν
1411 590 1623 664 τιμίαν,
1680 591 1748 667 ἣγ
1777 611 1916 667 χρυ-

263 682 358 744 σὸς
394 676 699 751 ἆκίϐδηλος
733 679 1111 755 συνεκρότησε,
1161 680 1259 748 τὴν
1310 678 1360 733 ἐν
1413 679 1498 734 σοὶ
1546 683 1746 755 γνῶσιν
1797 678 1920 755 περί

261 791 323 826 τε
366 775 503 826 Θεοῦ
551 769 717 825 αὐτοῦ
763 769 853 824 καὶ
885 769 1009 846 περὶ
1057 772 1163 823 τῶν
1199 769 1356 824 θείων
1412 767 1501 824 καὶ
1557 769 1689 845 ὑπὲρ
1745 771 1916 842 ἡμᾶς’

264 859 366 928 τὴν
399 853 728 929 ἀκίϐδηλον,
779 865 881 928 τῆν
941 852 1292 924 στίλϐουσαν,
1342 858 1443 926 τὴν
1502 855 1770 928 ἠλιῶσαν,
1819 857 1919 926 τήν

268 946 741 1023 κεκαθαρισμένην
809 945 1192 1008 ἐπταπλασίως
1243 951 1363 1010 τοῖς
1419 945 1582 1010 θείοις
1666 946 1919 1021 ἐπταρίθα

276 1059 403 1111 μοις
461 1036 790 1113 χαρίσμασιν
827 1057 840 1071 ο
902 1034 1049 1091 ἀλλᾶ
1097 1035 1187 1090 καὶ
1245 1032 1336 1090 διὰ
1390 1034 1488 1098 τὰς
1547 1036 1919 1098 θεοτυπώτους

271 1126 514 1194 πλάκας,
575 1126 634 1188 ἃς
693 1126 783 1180 καὶ
841 1124 1006 1188 αὐτὰς
1058 1120 1212 1182 ἔνδον
1262 1126 1297 1193 ἠ
1356 1125 1422 1193 σὴ
1483 1118 1722 1186 κιϐωτὸς
1753 1123 1920 1197 ἐμπε-

271 1215 552 1291 ριείληφε,
609 1219 812 1289 γνῶσιν
886 1212 1046 1275 οῧσας
1101 1214 1192 1267 καὶ
1251 1211 1415 1276 αὐτὰς
1465 1217 1572 1267 τῶν
1631 1213 1730 1268 ὅσα
1791 1213 1925 1286 μετὰ

273 1306 428 1373 Θεὸν,
489 1305 655 1360 ὁποῖα
711 1301 777 1374 δή
836 1324 956 1358 τινα
1011 1302 1078 1357 τὰ
1104 1301 1230 1377 περὶ
1286 1304 1458 1375 ἡμᾶς,
1515 1302 1606 1357 καὶ
1645 1303 1920 1372 οἷς-ἡτῶν

269 1394 561 1470 περιγείων
620 1392 817 1463 κλῆσις
884 1390 1379 1468 ἀποκεκλήρωται.
1456 1397 1527 1447 ”A
1599 1393 1690 1447 καὶ
1765 1392 1926 1455 αὐτὸς

271 1483 541 1546 δάκτυλος
593 1486 728 1538 Θεοῦ
781 1483 1038 1546 τυπώσας
1090 1480 1166 1543 εἷς
1229 1475 1446 1556 ἀκριϐὲς
1473 1480 1562 1536 καὶ
1593 1479 1924 1558 εύδιάρθρω-

266 1574 360 1629 τόν
416 1594 502 1628 σοι
553 1571 863 1644 ἐναπέθετο,
927 1569 984 1626 εὗ
1037 1569 1184 1644 μάλα
1247 1567 1632 1645 διευκρινοῦντι
1685 1571 1775 1626 καὶ
1829 1571 1924 1633 τὰς

266 1661 482 1718 τούτων
541 1661 724 1740 φύσεις
753 1661 843 1717 καὶ
895 1660 972 1723 εἷς
1021 1664 1146 1715 νοῦν
1195 1659 1354 1714 αὐτὸν
1387 1659 1648 1731 ἀληθείας
1676 1658 1727 1714 ἐν
1763 1661 1926 1714 ἅπασι

275 1750 560 1829 βάπτοντι,
610 1751 701 1806 καὶ
748 1753 847 1821 τήν
903 1749 1313 1823 θαυμασιότητα
1361 1753 1469 1804 τῶν
1521 1753 1618 1803 τοῦ
1661 1753 1794 1805 Θεοῦ
1847 1745 1929 1824 ἔρ-

2020 593 2354 664 jucundum
2388 595 2736 652 nutritorem
2791 598 3074 656 universae
3119 603 3312 659 carnis
3343 605 3540 675 deum,
3571 608 3673 679 qui

2025 681 2084 737 in
2118 686 2174 738 te
2204 699 2307 754 per
2336 700 2554 741 manna
2585 687 2896 744 ambulans
2941 689 3250 763 inhabitat,
3286 710 3508 750 necnon
3545 713 3672 767 pro-

2029 775 2158 843 pter
2217 773 2538 844 pretiosum
2593 793 2833 832 urceum
2883 795 3055 850 quem
3108 784 3440 854 composuit
3469 801 3676 842 aurum

2031 861 2292 916 misturae
2324 878 2548 934 expers,
2581 863 2688 920 hoc
2720 872 2828 935 est,
2880 869 3245 941 cognitiones
3288 876 3421 928 tuas
3447 877 3571 929 tum
3605 875 3678 930 de

2030 950 2167 1017 Deo,
2201 955 2325 1006 tum
2357 953 2428 1007 de
2459 952 2770 1019 divinis,de
2801 973 2928 1028 quze
2963 959 3046 1013 eis
3078 977 3202 1030 quae
3226 977 3402 1032 super
3432 979 3540 1019 nos
3559 980 3681 1019 ver—

2031 1043 2257 1110 santur,
2292 1041 2652 1113 cognitiones
2685 1061 2881 1115 puras,
2932 1045 3140 1115 claras,
3175 1049 3464 1116 ardentes,
3497 1052 3678 1125 septi-

2032 1128 2298 1184 formiter
2327 1131 2584 1201 septenis
2633 1131 3091 1191 charismatibus
3141 1137 3354 1194 divinis
3397 1155 3682 1212 expurga-

2031 1222 2160 1287 tas;
2193 1219 2295 1273 sed
2345 1220 2518 1274 etiam
2555 1225 2788 1292 propter
2837 1223 3070 1278 tabulas
3129 1242 3161 1279 a
3213 1226 3324 1281 Deo
3368 1227 3683 1301 inscriptas

2034 1322 2182 1378 quas
2213 1307 2462 1363 interius
2494 1325 2628 1364 arca
2657 1314 2759 1365 tua
2790 1311 3100 1382 continuit,
3135 1331 3258 1384 quae
3304 1320 3444 1370 sunt
3474 1318 3685 1372 notitia

2033 1411 2229 1450 rerum
2264 1396 2380 1453 Deo
2430 1397 2796 1467 inferiorum,
2828 1403 2947 1454 tam
3008 1402 3079 1456 de
3135 1405 3353 1458 nostris
3401 1421 3578 1475 quam
3611 1406 3684 1463 de

2035 1484 2259 1541 caeteris
2315 1486 2682 1542 terrestrium
2742 1488 3195 1560 appellationem
3256 1492 3498 1548 sortitis.
3549 1497 3684 1560 Quae

2034 1575 2160 1647 ipse
2218 1574 2316 1630 Dei
2391 1575 2612 1646 digitus
2688 1578 2940 1648 perfecte
2999 1578 3296 1651 insculpta
3362 1581 3687 1654 intimeque

2037 1665 2352 1735 conjuncta
2389 1663 2495 1720 tibi
2528 1665 2797 1736 ingenuit
2827 1667 3045 1738 Optime
3068 1666 3688 1738 judicaturo,borum-

2039 1768 2152 1825 que
2184 1757 2427 1809 naturas
2455 1753 2514 1808 in
2551 1759 2742 1809 mente
2791 1756 3069 1811 omnibus
3112 1756 3458 1814 veritatibus
3488 1764 3691 1816 ornata

277 1863 396 1917 γων
431 1840 539 1917 οὐχ
567 1841 778 1909 ἁπλῶς,
819 1837 964 1895 ἀλλᾶ
1005 1838 1140 1894 κατὰ
1167 1838 1258 1894 τὸν
1307 1833 1473 1893 Δαϐὶδ
1504 1834 1711 1916 σφόδρα
1762 1839 1927 1913 γινώ-

2054 1842 2330 1913 inﬁgenti,
2360 1846 2417 1898 et
2473 1841 2765 1899 mirabilia
2823 1844 2926 1899 Dei
2982 1861 3158 1915 opera
3208 1863 3322 1901 non
3355 1848 3554 1905 minus
3586 1849 3688 1904 sed

278 1951 490 1986 σκοντι⁶
524 1929 644 1984 ὅθεν
677 1930 732 1984 αἱ
761 1927 966 1991 πλάκες
998 1926 1256 1999 αὗται,ὡς
1289 1928 1382 2002 μὲν
1414 1927 1536 2003 περὶ
1569 1927 1724 2006 φύσιν
1753 1929 1928 1997 οὖσαι,

278 2019 372 2075 καὶ
409 2019 544 2093 μετὰ
570 2020 670 2088 τὴν
700 2018 958 2074 ἀνωτάτω
990 2016 1278 2093 θεολογίαν
1307 2018 1648 2093 τεταγμέναι,
1680 2017 1769 2072 καὶ
1805 2017 1934 2072 ὑπό-

279 2104 440 2164 ϐασιν
476 2105 724 2184 ἔχουσαι,
782 2107 872 2163 καὶ
929 2107 1066 2182 πρὸς
1116 2107 1184 2162 τὰ
1244 2105 1390 2162 κάτω
1436 2106 1706 2176 νεύουσαι,
1733 2103 1930 2181 γηΐνης

280 2198 399 2253 οἷον
450 2194 822 2275 διαφαίνονται
871 2194 1144 2258 πλάσεως⁸
1177 2195 1257 2268 τῷ
1289 2192 1344 2250 δέ
1370 2216 1431 2272 γε
1460 2193 1788 2268 ἀδιαπτώτῳ
1833 2201 1933 2264 τῆς

273 2287 536 2363 γνώσεως
562 2285 651 2341 καὶ
706 2286 787 2358 τῷ
817 2283 948 2358 θείῳ
977 2291 1077 2355 τῆς
1108 2285 1336 2362 θεωρίας
1369 2289 1502 2341 Θεοῦ
1551 2282 1804 2357 δακτύλῳ
1845 2305 1935 2339 κα-

272 2377 649 2452 ταγράφεσθαι
682 2378 1032 2451 θεωροῦνται.

357 2571 467 2646 κγ’.
496 2569 683 2631 Οὕτως
725 2566 832 2644 ἐγὼ
888 2569 952 2624 τὸ
1009 2567 1060 2622 ἐν
1118 2567 1202 2623 σοὶ
1254 2566 1418 2642 μάννα
1467 2571 1736 2636 κατανοῶ,
1795 2567 1937 2622 οῦτῶ

279 2664 390 2730 τήν
423 2661 682 2734 στάμνον,
744 2657 886 2712 οὕτω
940 2658 1003 2712 τὸ
1059 2655 1338 2730 ἔμπλοκον
1397 2656 1678 2731 σέμνωμαο
1738 2656 1828 2712 καί
1882 2677 1938 2712 σε

284 2748 384 2806 δὶᾶ
441 2753 608 2804 ταῦτα
665 2746 742 2810 είς
817 2742 1052 2801 κιϐωτὸν
1112 2743 1376 2816 διαθήκης
1429 2747 1607 2814 θείας,
1658 2749 1738 2818 τῷ
1789 2743 1939 2820 λόγῳ

283 2839 678 2911 σκευσάμενος,
750 2834 986 2910 τίθεμαι.
1067 2835 1169 2891 Καὶ
1229 2833 1322 2889 ’ἱνα
1389 2835 1452 2889 τὸ
1521 2839 1626 2889 πᾶν
1683 2833 1940 2910 περιγρά-

284 2932 457 3003 ψαιμι
514 2927 696 2998 νόημα
752 2922 803 2979 ἐν
836 2928 1022 2996 στενῷ,
1054 2922 1143 2978 καὶ
1192 2923 1268 2985 είς
1319 2922 1498 2999 βραχὺ
1530 2922 1736 3000 σφίγμα
1777 2943 1941 2977 κατα-

284 3015 481 3073 κλύσω
535 3013 735 3083 ταύτην
785 3014 884 3082 τήν
943 3007 1195 3068 κιϐωτόν·
1259 3017 1589 3090 μαννοφορεῖ
1648 3013 1738 3067 τὸν
1791 3012 1940 3080 Θεὸν,

287 3105 382 3162 καὶ
438 3106 537 3160 ’ὀσα
593 3101 859 3171 θειότάτα,
921 3101 974 3156 ὲν
1030 3101 1228 3176 γνώσει
1287 3100 1516 3177 λαμπρᾷ
1551 3099 1641 3155 καὶ
1673 3122 1942 3176 στεγανω-

287 3197 457 3270 τάτῃ,
513 3194 602 3248 καὶ
663 3190 778 3247 οἵαν
843 3185 1144 3246 ὑποϐάλλει
1208 3195 1350 3245 νοεῖν
1420 3191 1448 3245 6
1506 3189 1731 3267 χρυσὸς,
1782 3187 1850 3245 δι’
1879 3187 1941 3244 οὗ

289 3283 450 3362 φύσιν
506 3285 640 3337 Θεοῦ
698 3278 993 3356 πολλαχοῦ
1043 3281 1180 3353 ἡμῖν
1239 3278 1539 3354 ἑνοπτρίζει
1598 3279 1666 3334 τὰ
1722 3279 1940 3362 ἱεροπαο

291 3361 496 3448 ράδοτα
552 3369 734 3446 λόγια.
791 3369 952 3444 Φέρει
990 3369 1080 3439 καὶ
1137 3366 1350 3432 πλάκας
1395 3370 1496 3438 τήν
1529 3366 1730 3438 λοιπὴν
1765 3361 1944 3431 ἔνθεον

289 3467 496 3538 γνῶσιν
555 3459 801 3515 ἁπάντων
876 3459 986 3513 τῶν
1063 3457 1368 3532 ἐγκοσμίων
1444 3458 1532 3512 καὶ
1586 3457 1706 3532 περὶ
1766 3459 1942 3529 ἡμᾶς’

292 3551 389 3607 καὶ
440 3549 638 3618 ταύτην
701 3546 800 3603 οὐκ
850 3548 903 3603 ἐν
956 3550 1136 3624 γραφῇ
1169 3544 1529 3619 εύεξαλείπτῳ
1559 3546 1646 3600 καὶ
1679 3542 1950 3613 ἐπιπολῆς

292 3639 612 3712 ἐξανθούσῃ,
666 3636 792 3692 ἀλλ’
850 3635 902 3691 ἐν
959 3641 1145 3711 στερεᾷ
1200 3635 1289 3690 καὶ
1348 3635 1423 3697 είς
1461 3634 1622 3710 βάθος
1650 3631 1946 3707 ἐνδυομένῃ

293 3727 465 3785 πολύ.
525 3727 740 3785 Ούτωκῖ
794 3724 862 3781 τά
913 3746 973 3780 τε
1030 3727 1166 3792 θεῖα,
1215 3725 1284 3779 τά
1331 3745 1391 3779 τε
1441 3721 1750 3799 ἀνθρώπινα
1783 3721 1950 3796 ἐμπε-

293 3815 614 3895 ριείληφας·
665 3817 732 3871 τὰ
787 3814 905 3888 μὲν,
965 3815 1038 3876 ὡς
1096 3813 1146 3869 ἓν
1201 3817 1411 3890 χρυσοῦ
1464 3810 1954 3890 στεγανώματι,τᾶ

296 3905 380 3974 δὲ,
433 3907 507 3968 ὡς
566 3905 617 3961 ἐν
682 3903 981 3981 στερεμνίῳ
1037 3903 1126 3959 καὶ
1191 3903 1405 3977 μονίμῳ
1463 3899 1770 3978 γλύμματι·
1829 3921 1954 3955 ταυ-

294 3999 392 4052 τὸν
426 3994 484 4050 δὶ
544 3994 739 4064 εῗπεῖν,
796 3990 961 4071 ἄμφω
1017 3991 1092 4054 είς
1127 3994 1374 4066 μνήμην,
1425 3993 1491 4060 ἧς
1535 3992 1633 4046 ούκ
1662 3988 1773 4045 οἶδε
1803 3989 1949 4061 λήθη

292 4087 618 4161 κατακαυχή
626 4094 835 4148 σασθαι.

370 4278 474 4339 κδ’.
503 4277 643 4351 ’Ἤδη
678 4278 736 4335 δὲ
773 4277 863 4334 καὶ
908 4275 1096 4340 ἄλλως
1152 4277 1186 4347 ἠ
1247 4277 1314 4346 σὴ
1347 4275 1461 4331 θεία
1517 4271 1752 4337 κιϐωτὸς
1795 4272 1954 4345 αὕτη,

298 4373 332 4427 6
391 4376 520 4433 νοῦς
574 4371 744 4442 μάννα
803 4367 978 4442 στέγει
1025 4365 1115 4421 καὶ
1170 4365 1373 4440 χρυσὸν
1431 4364 1519 4419 καὶ
1577 4363 1828 4426 πλάκας’
1889 4363 1953 4419 ού

301 4459 475 4534 μύνον
521 4458 650 4521 τοὺς
699 4457 822 4529 περί
873 4463 972 4526 τῆς
998 4454 1255 4510 ἀνωτᾶτω
1313 4451 1551 4530 Τριάδος
1609 4451 1827 4530 λόγους,
1886 4453 1954 4522 ἧς

293 4549 470 4613 τύπος
505 4551 533 4604 6
562 4552 668 4603 τῶν
720 4547 996 4602 ἀποθέτων
1043 4541 1348 4617 κειμηλίων
1391 4542 1600 4598 τούτων
1647 4543 1819 4615 τριὰς,
1865 4541 1956 4596 καὶ

2041 1931 2366 1988 secundum
2397 1931 2602 1998 David,
2637 1932 2874 2004 penitus
2923 1940 3320 2005 cognoscenti,
3372 1938 3526 1993 unde
3568 1938 3690 1995 ista:

2040 2019 2251 2076 tabulae
2283 2024 2483 2092 utpote
2516 2022 2668 2076 circa
2699 2027 2968 2077 naturam
3001 2031 3303 2080 versantes
3331 2029 3386 2080 et
3418 2030 3549 2097 post
3578 2042 3691 2082 c03-

2039 2109 2244 2165 lestem
2293 2109 2647 2182 theologiam
2699 2111 2998 2178 ordinata),
3055 2112 3228 2184 paulo
3289 2114 3597 2170 submissae
3635 2119 3694 2171 et

2043 2200 2114 2254 de
2142 2199 2390 2254 terrenis
2422 2203 2738 2255 tractantes
2771 2201 2840 2255 ad
2891 2201 3132 2256 modum
3163 2207 3403 2257 terrenas
3444 2204 3691 2276 impres-

2043 2286 2226 2342 sionis
2257 2292 2560 2358 apparent,
2595 2289 2696 2343 sed
2731 2293 2966 2360 propter
3017 2289 3198 2345 ullius
3227 2291 3443 2346 erroris
3474 2292 3692 2347 immu-

2039 2375 2282 2429 nitatem
2315 2373 2514 2430 divino
2549 2376 2643 2431 Dei
2676 2376 3189 2449 contemplationis
3220 2379 3402 2450 digito
3433 2379 3696 2453 insculp-

2045 2469 2104 2519 ta
2127 2463 2491 2534 judicantur.

2113 2571 2204 2625 23.
2241 2571 2325 2625 lta
2349 2587 2455 2642 ego
2485 2571 2546 2626 in
2576 2576 2633 2627 te
2682 2588 2898 2629 manna
2942 2579 3137 2630 mente
3166 2575 3452 2647 concipio,
3484 2575 3565 2631 ita
3595 2593 3692 2633 ur-

2047 2675 2236 2726 ceum,
2279 2659 2361 2714 ita
2389 2665 2671 2732 augustas
2702 2662 2954 2729 tabulas,
2985 2668 3042 2718 et
3073 2669 3128 2720 te
3175 2670 3483 2737 propterea
3513 2665 3571 2720 in
3603 2681 3696 2720 ar-

2049 2765 2174 2804 cam
2207 2749 2571 2805 tabernaculi
2603 2750 2700 2806 Dei
2751 2752 2924 2807 verbo
2972 2753 3257 2826 efﬁngens
3298 2770 3472 2826 pono.
3507 2753 3696 2826 thue

2047 2842 2231 2892 totam
2286 2837 2345 2892 in
2389 2837 2547 2893 brevi
2598 2839 3080 2896 circumscriham
3137 2841 3696 2914 cogitationem,ar-

2051 2942 2176 2981 cam
2211 2925 2367 2981 illam
2404 2926 2462 2980 in
2495 2931 2749 3000 angusto
2801 2927 3068 3000 amplexu
3120 2931 3510 2999 abscondam;
3547 2929 3698 2985 divi-

2053 3032 2194 3070 num
2227 3016 2338 3070 fert
2364 3032 2580 3070 manna
2627 3033 2730 3072 seu
2781 3017 3054 3089 quaelibet
3104 3018 3472 3075 divinissima
3502 3019 3559 3074 in
3596 3035 3697 3075 co-

2051 3104 2314 3176 gnitione
2342 3104 2500 3160 clara
2522 3105 2801 3177 nulloque
2823 3108 3184 3178 penetranda
3214 3125 3427 3176 errore,
3463 3108 3697 3181 qualem

2056 3194 2238 3249 menti
2298 3194 2571 3265 proponit
2628 3212 2838 3251 aurum
2915 3213 3031 3268 quo
3084 3197 3243 3252 velut
3298 3197 3535 3268 speculo
3603 3196 3705 3252 Dei

2056 3289 2323 3338 naturam
2376 3284 2594 3354 ubique
2643 3291 3061 3356 repraesentant
3109 3286 3493 3342 sanctissima:
3534 3285 3706 3340 nobis

2055 3369 2285 3425 traditae
2314 3369 2540 3426 litterae.
2574 3372 2704 3427 Fert
2733 3373 2910 3428 etiam
2955 3374 3211 3444 tabulas,
3244 3374 3300 3428 id
3350 3379 3440 3429 est
3469 3376 3705 3428 caetero-

2056 3474 2188 3513 rum
2237 3457 2493 3513 divinam
2541 3460 2828 3531 notitiam,
2861 3461 3124 3518 omnium
3156 3463 3524 3519 terrestrium
3567 3477 3707 3517 nec-

2059 3565 2172 3602 non
2204 3564 2404 3602 corum
2438 3565 2564 3620 qua
2614 3549 2768 3606 circa
2817 3567 2922 3606 nos
2962 3555 3307 3619 versantur;
3342 3551 3464 3606 haec
3508 3556 3707 3607 autem

2060 3636 2267 3691 notitia
2325 3653 2430 3692 nec
2489 3637 2655 3693 facile
2721 3639 2970 3695 delenda
3046 3656 3152 3695 nec
3210 3639 3411 3696 leviter
3475 3643 3708 3694 tantum

2061 3721 2281 3794 scripta
2314 3722 2440 3790 fuit,
2477 3725 2578 3779 sed
2641 3725 2888 3780 firmiter
2944 3731 3001 3781 et
3059 3728 3376 3783 admodum
3422 3726 3537 3783 alte
3598 3725 3714 3782 fuit

2060 3812 2370 3884 insculpta.
2434 3812 2520 3868 Ita
2571 3819 2694 3868 tum
2755 3815 2952 3871 divina
3014 3820 3138 3872 tum
3201 3817 3461 3872 humana
3516 3819 3713 3871 mente

2062 3900 2399 3972 concepisti,
2434 3901 2534 3956 illa
2578 3903 2816 3974 quidem
2865 3904 3023 3960 velut
3071 3906 3129 3960 in
3188 3922 3329 3961 auro
3388 3903 3712 3974 recondita,

2061 3990 2176 4046 ista
2205 3995 2400 4046 autem
2427 3989 2585 4046 velut
2608 3992 2858 4049 ﬁrmiter
2873 3999 2930 4048 et
2951 4000 3366 4066 permananter
3395 3992 3714 4066 insculpta,

2063 4096 2187 4146 seu,
2222 4084 2289 4135 ut
2344 4079 2516 4136 aliter
2572 4081 2788 4148 dicam,
2847 4084 3020 4139 ambo
3075 4083 3138 4139 in
3199 4083 3539 4140 memoriam
3587 4099 3714 4155 quae

2064 4169 2414 4224 oblivionem
2448 4171 2634 4226 nescit
2663 4171 2996 4227 indelibiter
3028 4173 3244 4228 inusta.

2133 4278 2223 4332 24.
2254 4281 2382 4334 Jam
2427 4276 2573 4332 alias
2621 4278 2738 4332 dixi
2791 4279 3049 4335 divinum
3101 4297 3298 4337 arcam
3328 4285 3516 4346 tuam,
3551 4295 3715 4335 men-

2065 4370 2203 4434 tcrn,
2261 4382 2478 4420 manna
2535 4371 2727 4438 tegere
2784 4372 2842 4424 et
2895 4386 3104 4425 aurum
3159 4373 3216 4425 et
3287 4369 3542 4436 tabulas,
3599 4383 3715 4422 non

2065 4461 2292 4511 tantum
2325 4455 2691 4527 cognitiones
2743 4457 2896 4512 circa
2939 4458 3431 4514 sublimissimam
3460 4455 3717 4511 Trinita-

2067 4549 2206 4611 tem,
2239 4545 2411 4614 cujus
2445 4543 2633 4616 ﬁgura
2655 4545 3044 4618 repositorum
3077 4546 3288 4602 borum
3325 4545 3714 4617 pretiosorum

297 4639 366 4694 τὸ
392 4643 491 4694 τοῦ
524 4638 697 4712 μάννα
726 4635 998 4712 ούράνιον⁶
1057 4631 1205 4688 ἀλλὰ
1233 4633 1323 4686 καὶ
1379 4631 1506 4693 τοὺς
1553 4631 1675 4706 περί
1733 4637 1834 4700 τῆς
1863 4633 1956 4685 τοῦ

2069 4632 2302 4688 trinitas
2335 4614 2666 4704 mannaque
2720 4614 2978 4703 caeleste,
3012 4635 3112 4688 sed
3171 4635 3348 4690 etiam
3401 4633 3558 4688 circa
3613 4630 3716 4687 Dei

304 4732 444 4784 Θεοῦ
494 4727 670 4803 Λόγου
714 4719 1060 4785 καταϐάσεως
1117 4719 1198 4800 ἐφ’
1259 4721 1429 4794 ἡμᾶς,
1491 4719 1660 4792 σάρκα
1712 4732 1954 4795 προσλα-

308 4813 558 4890 ϐομὲνου
584 4815 684 4883 τήν
738 4811 798 4868 ἐκ
843 4812 998 4887 χοὸς,
1029 4812 1128 4880 τὴν
1160 4811 1279 4874 καθ’
1325 4811 1491 4882 ἡμᾶς,
1525 4806 1625 4878 ἔξω
1653 4811 1748 4861 τοῦ
1781 4809 1955 4881 ἀμαρ-

301 4908 424 4969 τίας
493 4901 778 4979 μολυσμὸν
840 4899 1218 4975 ἐπισύρεσθαι·

308 4997 485 5070 μάννα
563 4994 757 5067 ὑψόθεν
816 4984 1146 5061 κατάϐασις,
1223 4987 1312 5043 καὶ
1371 4987 1433 5042 τὸ
1493 4986 1804 5064 ἀρῥύπαρον
1862 4990 1959 5041 τοῦ

302 5088 542 5163 γρυσοῦ,
589 5082 679 5138 καὶ
738 5085 842 5136 τῶν
901 5077 1124 5135 πλακῶν
1181 5077 1244 5132 τὸ
1293 5075 1684 5153 χοόπλαστον·
1740 5073 1831 5137 οὕς
1889 5071 1957 5144 δὴ

303 5160 591 5250 ἑκατέρους
643 5171 864 5248 λόγους,
919 5168 1046 5230 τούς
1097 5187 1156 5222 τε
1212 5165 1336 5242 περί
1401 5169 1534 5221 Θεοῦ
1557 5169 1654 5220 τοῦ
1685 5163 1736 5219 ἐν
1766 5160 1960 5239 Τριάδι

307 5261 814 5339 προσκυνουμὲνου,
852 5257 979 5319 τούς
1018 5277 1078 5312 τε
1133 5256 1258 5332 περὶ
1287 5259 1385 5311 τοῦ
1434 5257 1568 5309 Θεοῦ
1619 5253 1817 5330 Λόγου,
1865 5255 1961 5307 τοῦ

308 5353 431 5415 ἑνὸς
479 5358 581 5421 τῆς
625 5345 884 5426 Τριάδος,
910 5351 1007 5400 τοῦ
1056 5344 1108 5400 ἐν
1155 5344 1455 5421 ὁστρακίνῳ
1516 5341 1691 5397 σκεύει
1743 5341 1960 5416 σαρκὸς,

310 5441 588 5516 ἡμετέρου
635 5439 928 5513 θησαυροῦ,
981 5435 1125 5490 οὕτω
1187 5435 1281 5506 μὲν
1327 5431 1599 5504 περιέπεις
1648 5431 1737 5484 καὶ
1787 5429 1965 5516 φέρεις

305 5515 704 5605 ταμιευόμενος
734 5523 992 5604 ἀσφαλῶς
1055 5523 1105 5578 ἐν
1155 5525 1334 5598 ψυχῇ,
1388 5521 1463 5583 ὡς
1523 5516 1638 5574 οὐδ’
1667 5517 1727 5573 ἂν
1761 5515 1964 5593 οὐδεὶς,

303 5619 435 5676 ούὺὶ
463 5618 601 5674 πάνυ
658 5615 782 5690 περὶ
840 5615 937 5676 τὰς
993 5611 1327 5688 τιμιωτέρας
1393 5613 1504 5664 τῶν
1557 5605 1704 5663 ὑλῶν
1764 5617 1963 5678 ἐπτοη-

311 5710 529 5787 μένος,
591 5705 992 5784 ἐπαγρυπνήσει
1052 5700 1269 5784 φυλακῇ
1330 5701 1601 5777 θησαυροῦ
1633 5716 1646 5732 ·
1715 5695 1858 5754 οὕτω
1911 5693 1970 5752 δὲ

1299 4897 1361 4952 οὗ
1424 4892 1678 4970 σύμϐολα
1751 4899 1784 4968 ἠ
1860 4901 1958 4951 τοῦ

2069 4722 2236 4777 Verbi
2268 4723 2338 4776 ad
2371 4739 2478 4777 nos
2510 4722 2882 4789 descensum,
2915 4740 3148 4779 carnem
3180 4740 3210 4778 e
3241 4723 3382 4777 limo
3415 4736 3718 4777 assumen-

2066 4811 2164 4879 tis,
2197 4826 2429 4864 carnem
2481 4815 2697 4866 nostra:
2753 4810 3029 4878 similem,
3091 4815 3332 4882 excepto
3363 4814 3618 4882 peccato,
3656 4813 3721 4865 ut

2067 4900 2270 4955 sordes
2301 4905 2680 4970 expurgarct;
2716 4901 2886 4970 cujus
2918 4899 3182 4970 symbols
3204 4905 3331 4955 tum
3366 4917 3584 4956 manna
3604 4915 3718 4955 caa-

2068 4986 2209 5041 litus
2267 4987 2616 5054 demissum,
2678 4994 2800 5043 tum
2860 4989 2986 5044 auri
3048 4989 3380 5059 sinceritas,
3421 4993 3547 5044 tum
3603 4991 3719 5042 ter-

2068 5091 2210 5130 rena
2239 5073 2574 5130 tabularum
2607 5075 2876 5148 plastice,
2926 5095 3103 5149 quam
3153 5083 3467 5148 utramque
3512 5074 3723 5131 intelli-

2070 5164 2329 5237 gentiam
2388 5169 2444 5220 et
2493 5165 2648 5221 circa
2711 5168 2890 5222 Deum
2951 5168 3009 5222 in
3067 5167 3350 5222 Trinitate
3409 5167 3720 5221 adoratum

2070 5259 2127 5310 et
2158 5253 2311 5308 circa
2340 5253 2435 5306 Dei
2488 5252 2745 5310 Verbum
2801 5272 2980 5310 unum
3033 5272 3102 5311 ex
3146 5254 3454 5322 Trinitate,
3485 5267 3721 5308 carnem

2073 5359 2144 5397 ex
2173 5342 2367 5398 lutosa
2424 5342 2665 5398 materia
2725 5345 2967 5412 factum,
3024 5344 3370 5399 thesaurum
3429 5347 3722 5408 nostrum,

2071 5435 2235 5486 tanto
2267 5430 2462 5486 studio
2495 5429 2636 5486 colis
2666 5437 2723 5487 et
2771 5437 2972 5504 portas
3002 5433 3060 5487 in
3113 5431 3313 5487 anima
3361 5435 3486 5485 tuto
3532 5445 3722 5486 asser-

2071 5523 2287 5588 vatam,
2338 5524 2403 5574 ut
2449 5536 2645 5589 nemo,
2686 5521 2863 5577 etiam
2914 5521 3126 5577 barum
3174 5537 3244 5576 ex
3302 5519 3566 5576 materiis
3597 5535 3722 5574 ma-

2072 5609 2228 5663 xime
2262 5607 2643 5679 prctiosarum
2697 5609 3114 5681 peritissimus,
3147 5609 3410 5665 thesauri
3443 5607 3723 5664 custodias

2075 5695 2288 5754 melius
2320 5696 2687 5770 invigilabit;
2721 5716 2946 5757 necnon
2977 5699 3060 5756 ita
3088 5698 3425 5760 memoriter
3452 5699 3635 5755 habes
3665 5702 3726 5755 et
