4104 6210
405 363 526 426 963

1192 361 1603 425 EUSTATHII
1646 356 2407 421 THESSALONICENSIS
2452 356 3039 419 METROPOLI'LE

3715 355 3848 420 964

408 491 462 548 si
517 496 803 565 oporteat,
852 491 982 547 sine
1040 489 1159 545 ullo
1216 504 1433 555 errore,
1484 488 1708 561 profers
1767 493 1831 543 ut
1886 503 2052 543 nemo

2173 484 2470 557 μνημόνως
2518 482 2688 559 ἔχεις,
2737 486 2827 539 καὶ
2887 481 3084 549 δεῆσαν
3142 483 3404 560 προάγεις
3460 482 3844 545 ἀδιαπτώτως

408 580 643 637 facilius
686 580 990 654 proprium
1045 595 1254 635 nomen
1314 578 1591 649 proferat.
1647 577 1783 633 Ideo
1830 576 1911 631 ita
1959 576 2142 631 do-"‘

405 668 494 726 les
521 670 829 743 magisque
862 668 1120 723 tristaris
1165 673 1402 739 propter
1432 666 1782 722 insidiantes
1807 665 2059 731 veritati,

410 763 478 815 ut
505 758 728 815 nullius
758 758 951 830 magis
979 772 1156 830 quam
1188 761 1291 811 tua
1319 756 1617 827 afﬂigatur
1646 756 1864 811 anima.

480 939 572 993 25.
628 938 757 993 Haec
808 935 1048 1009 quidem
1107 934 1268 990 novit
1321 936 1732 1007 unusquisque
1767 940 2060 1005 nostrum,

410 1025 779 1098 proclamant
807 1024 985 1080 etiam
1020 1023 1243 1095 lapides
1287 1039 1436 1095 quos
1466 1039 1748 1095 magnum
1780 1023 2059 1079 excelsis-

407 1116 573 1171 simaa
603 1112 903 1187 sapientia:
952 1114 1059 1169 fert
1095 1112 1403 1184 templum,
1437 1113 1646 1167 tabula
1677 1117 1892 1167 sanctae
1923 1112 2059 1183 qui-

408 1204 520 1259 bus
551 1203 878 1275 theologica
918 1208 1021 1257 tua
1066 1201 1344 1257 innititur
1389 1201 1673 1267 scientia;
1704 1202 1801 1272 qui
1836 1200 2060 1272 lapides

408 1294 660 1349 candore
691 1292 936 1364 fulgent,
968 1296 1026 1347 et
1056 1290 1192 1346 inde
1242 1290 1503 1346 veritatis
1551 1292 1872 1346 ostendunt
1897 1290 2057 1346 albe—

407 1382 627 1448 dinem,
660 1382 957 1451 rubroque
1012 1378 1323 1450 splendore
1372 1378 1693 1433 emicantes
1751 1378 2057 1451 sanguinis

405 1470 656 1526 colorem
690 1469 995 1540 perspicue
1022 1473 1343 1539 exponunt,
1376 1467 1576 1538 sicque
1608 1466 1795 1522 hostis
1825 1483 2057 1537 perver-

406 1557 631 1615 sissimi
676 1558 924 1613 vulnera
969 1564 1028 1612 et
1070 1557 1343 1612 ruborem
1397 1557 1802 1611 manifestant.
1831 1556 1894 1611 In
1924 1555 2057 1612 istis

408 1645 706 1720 lapidibus
753 1663 899 1718 pura
946 1646 1191 1701 rutilant
1244 1644 1546 1717 theologia:
1588 1645 1886 1716 dogmata,
1921 1660 2054 1699 nec-

407 1751 526 1791 non
558 1734 831 1807 dirigitur
858 1734 929 1790 de
958 1733 1360 1789 incarnatione
1401 1732 1570 1788 Verbi
1600 1733 1870 1788 doctrina
1896 1748 1927 1786 e
1954 1749 2051 1786 ru-

407 1822 509 1879 bro
538 1822 789 1893 Virginis
840 1822 1126 1894 sanguine
1174 1838 1408 1877 carnem
1466 1822 1575 1877 sibi
1610 1821 2049 1877 immaculatum

2162 573 2225 627 πὶ
2278 574 2571 646 στόματος,
2629 574 2705 635 ὡς
2766 570 2888 628 οὐδ’
2934 572 2993 627 ἃν
3052 594 3136 635 τις
3185 573 3393 628 οἰκεῖον
3422 573 3485 627 ἂν
3522 572 3847 649 προαγάγοι

2169 659 2371 737 ῥᾳδίως
2408 658 2601 735 ὄνομα.
2643 661 2802 719 Οὕτω
2828 659 2888 717 δὲ
2941 667 3129 726 ποθεῖς
3183 659 3273 716 καὶ
3332 662 3665 738 ὑπερπονεῖς
3713 661 3845 717 ἐπι-

2168 745 2607 824 ϐουλευομένων,
2639 752 2716 815 ὡς
2771 752 2875 806 οὐκ
2930 752 2993 805 ἄν
3044 772 3129 812 τις
3185 748 3311 806 οὐδὲ
3363 754 3555 827 ψυχῆς
3584 751 3843 827 ὑπερπα-

2170 839 2294 909 θοίη
2328 841 2387 894 ἂν
2416 848 2519 910 τῆς
2547 841 2761 895 ἑαυτοῦ.

2237 931 2331 986 κε’.
2364 930 2467 986 Καὶ
2520 934 2689 984 ταῦτα
2752 927 2864 983 οἶδε
2920 929 3015 1001 μὶν
3069 929 3159 983 καὶ
3188 930 3351 1001 ἡμῶν
3379 925 3632 996 ἕκαστος,
3694 928 3841 983 ἀνα-

2167 1020 2424 1093 κράζουσι
2457 1016 2515 1072 δὲ
2561 1018 2653 1072 καὶ
2705 1019 2759 1072 οἱ
2791 1015 2962 1086 λίθοι,
3015 1017 3107 1078 οὓς
3137 1019 3202 1072 τὸ
3238 1018 3378 1091 μέγα
3404 1024 3507 1087 τῆς
3561 1017 3838 1072 ἀνωτάτω

2167 1108 2354 1184 sapia;
2384 1107 2532 1185 φέρει
2586 1107 2910 1182 ἀνάκτορον,
2963 1107 3018 1159 αἱ
3071 1107 3210 1182 ἱεραὶ
3236 1106 3463 1174 πλάκες,
3496 1107 3581 1168 αἷς
3635 1106 3706 1160 τά
3766 1108 3838 1159 σά

2167 1194 2552 1273 θεολογήματα
2607 1196 2894 1271 ἔγκεινταιν
2946 1193 3002 1250 οἷ
3046 1192 3104 1250 δὲ
3155 1194 3299 1258 λίθοι
3348 1200 3431 1267 τῷ
3457 1216 3517 1251 τε
3548 1192 3840 1268 διαλεόκφ

2164 1287 2555 1364 παμφαίνουσι,
2611 1287 2701 1341 καὶ
2754 1287 2819 1341 τὸ
2854 1289 2954 1352 τῆς
3014 1284 3276 1355 ἀληθείας
3304 1284 3546 1349 ἐντεῦθεν
3604 1282 3837 1361 διαφαι-

2163 1396 2318 1429 νουσι
2375 1375 2703 1444 πάλλευκον,
2756 1375 2848 1430 καὶ
2899 1373 3094 1431 κάλλει
3126 1372 3184 1429 δὲ
3231 1372 3544 1448 λάμποντες
3596 1373 3838 1450 ἐρυθμῷ

2164 1464 2360 1539 χροιὰν
2417 1462 2647 1536 αἳματος
2701 1464 3144 1539 παραυγάζονται
3180 1509 3195 1532 ,
3248 1463 3339 1517 καὶ
3405 1463 3499 1517 τὸν
3574 1482 3835 1537 τραυμα-

2166 1552 2284 1607 τίαν
2342 1552 2580 1617 ἐντεῦθεν
2633 1556 2726 1607 καὶ
2754 1554 2855 1621 τὴν
2884 1552 3154 1628 αἷσχὺνην
3180 1556 3278 1607 τοῦ
3355 1551 3671 1628 ἀρχεκάκοιο
3722 1573 3836 1607 πο-

2163 1639 2473 1717 λεμήτορος
2524 1640 2951 1720 ὖπεμφαίνουσιν
2984 1684 2999 1698 .
3058 1645 3147 1696 Ἐν
3196 1641 3413 1703 τούτοις
3467 1646 3590 1703 τοῖς
3643 1641 3835 1705 λίθοις

2159 1730 2249 1784 καὶ
2277 1731 2342 1785 τὸ
2380 1738 2478 1800 τῆς
2517 1731 2802 1807 θεολογίας
2853 1735 3089 1807 καθαρὸν
3149 1736 3545 1808 φωσφορεῖται,
3604 1730 3705 1785 καὶ
3761 1732 3839 1785 τὰ

2160 1819 2283 1890 περὶ
2355 1826 2455 1889 τῆς
2525 1820 2849 1895 σαρκώσεως
2903 1824 3001 1875 τοῦ
3057 1819 3238 1894 Λόγου
3296 1819 3715 1895 όρθοτομεῖται,
3779 1818 3837 1893 ἑξ

404 1884 841 1979 contrahentis;
874 1884 1125 1983 quorum
1176 1910 1277 1966 illa
1326 1911 1567 1982 quidem
1619 1910 1766 1982 lapis
1797 1909 2052 1966 dilucide

2164 1884 2421 1981 ἐρυθρῶκ
2458 1884 2704 1979 αἶ’μάτων
2764 1913 3102 1983 παρθενικῶν
3150 1884 3342 1984 ’σάρκα
3409 1884 3586 1980 ἑαυτῷ
3645 1884 3839 1979 πῇξαέ

402 1999 741 2071 splendens,
770 2000 891 2056 hinc
938 2006 1132 2055 autem
1187 2000 1560 2055 subostendit
1606 2002 1785 2053 rubor
1815 2000 2050 2071 sangui-

402 2106 581 2147 neum
617 2088 864 2144 nitorem
896 2088 1278 2154 illuminans;
1314 2089 1397 2144 ita
1425 2095 1510 2153 ut,
1542 2090 1781 2159 perinde
1810 2106 1877 2143 ac
1907 2088 2048 2144 olim

402 2179 682 2250 purpurei
731 2179 1021 2251 sanguine
1071 2178 1237 2251 digiti
1286 2177 1535 2233 salutem
1568 2185 1850 2246 nostram,
1882 2177 1965 2232 ita
1993 2182 2052 2234 et

401 2265 721 2338 digitorum
778 2266 974 2321 divina
1030 2266 1362 2338 impressio,
1423 2272 1661 2338 propter
1707 2265 1919 2322 coloris
1966 2267 2050 2322 si-

402 2354 822 2423 militudinem,
855 2353 1007 2410 clare
1063 2360 1326 2410 nostrum
1376 2354 1772 2427 przeﬁgurabit
1803 2354 2050 2411 salvato-

406 2460 551 2501 rem.

475 2532 566 2587 26.
600 2531 798 2588 Talem
831 2547 938 2605 ego
986 2536 1041 2587 te
1094 2547 1287 2588 arcam
1338 2532 1655 2604 conspicio,
1686 2531 2053 2587 divinissime

410 2623 936 2694 imperator,quam
967 2620 1192 2675 ducunt
1221 2620 1457 2692 quidem
1493 2622 1809 2686 boves,non
1843 2637 2050 2676 secun-

408 2711 552 2766 dum
602 2708 763 2765 illam
814 2708 1088 2782 typicam,
1123 2725 1229 2765 nec
1267 2714 1440 2781 prout
1464 2714 1712 2766 cernunt
1741 2709 1916 2778 oculi,
1949 2710 2051 2765 sed

411 2796 766 2853 divinissimi
798 2798 995 2864 boves,
1018 2797 1247 2853 animas
1269 2803 1504 2853 arantes
1533 2799 1803 2871 apostoli,
1837 2798 2052 2870 quibus

413 2884 622 2957 primis
643 2885 855 2957 jugum
881 2888 1345 2956 quojunguntur
1364 2886 1779 2952 distantia,fuit
1808 2886 2052 2959 imposi-

412 2977 579 3042 tum;
612 2989 785 3045 quam
819 2972 995 3028 etiam
1029 2975 1222 3029 ferunt
1268 2978 1621 3044 sacerdotes,
1654 2975 1736 3029 illi
1781 2976 2054 3047 superius

413 3061 823 3117 defunctorum
858 3064 1069 3132 patres,
1103 3062 1318 3133 quibus
1348 3062 1656 3133 imponens
1697 3064 1912 3118 mentis
1941 3068 2054 3119 tuae.

409 3149 748 3207 ﬁrmitatem
801 3149 1072 3206 hostibus
1129 3167 1439 3208 occurrens
1486 3152 1662 3207 vertis
1691 3153 2053 3209 adversarios

2162 1996 2320 2068 μένου
2352 1996 2675 2071 ὖπίραγνον,
2728 1994 2803 2050 ὧν
2844 1998 2908 2051 τὸ
2951 1998 3047 2069 μὲν
3086 1996 3240 2060 λίθος
3294 1992 3537 2052 στίλϐων
3569 1995 3652 2058 εἲς
3684 2002 3832 2075 φῶς,

2157 2084 2223 2139 τά
2254 2082 2301 2139 δ’
2328 2085 2611 2160 ὑποφαίνει
2671 2084 2968 2160 ἐρυθρότης
3025 2084 3185 2147 ἄνθος
3247 2085 3564 2160 αἱματηρὸν
3618 2106 3837 2160 παραυ-

2158 2175 2415 2247 γάζουσα·
2477 2175 2553 2236 ὡς
2612 2172 2705 2244 ἃν,
2755 2174 2937 2249 ὥσπερ
2994 2176 3129 2230 ποτὶ
3185 2175 3564 2252 φοινίχθέντις
3624 2174 3830 2247 α’ίμααι

2160 2260 2418 2319 δάκτυλοι
2476 2263 2745 2339 σωτηρίαν
2798 2263 2983 2335 ἡμῶν,
3044 2262 3188 2318 οὓτω
3234 2264 3328 2317 καὶ
3379 2267 3472 2317 νῦν
3531 2260 3830 2318 δακτύλων

2156 2352 2397 2414 τύπωσις
2453 2350 2790 2423 θεοκίνητος,
2822 2351 2958 2426 πρὸς
2992 2351 3297 2424 ὁμοιότητα
3335 2352 3643 2427 χρώματος
3679 2351 3826 2428 βάπ-

2155 2462 2341 2509 τουσα,
2373 2438 2813 2516 καλλιλραφήσει
2840 2440 2908 2494 τὰ
2937 2441 3202 2510 σώζοντα.

2228 2530 2328 2595 κς’.
2388 2528 2659 2599 Τοιαύτην
2702 2528 2813 2605 ἐγώ
2869 2550 2928 2584 σε
2979 2530 3170 2605 θεωρῶ
3218 2523 3455 2584 κιϐωτόν
3494 2573 3510 2600 ,
3580 2529 3830 2593 θειότατε

2163 2616 2410 2694 βασιλεῦ,
2466 2619 2535 2687 ἣν
2582 2616 2801 2695 φίρουσι
2857 2618 2951 2690 μὲν
3005 2617 3152 2693 βόες,
3203 2617 3265 2673 οὐ
3322 2619 3442 2672 κατ’
3472 2616 3687 2689 ἐκείνην
3719 2619 3822 2688 τήν

2156 2707 2415 2775 τοπικὴν,
2469 2706 2531 2760 οὗ
2589 2707 2726 2781 πρὸς
2784 2705 3052 2776 αἴσθησιν·
3080 2704 3228 2761 ἀλλὰ
3271 2705 3542 2771 θειότατοι
3582 2706 3733 2781 βόες,
3763 2708 3819 2762 οἱ

2156 2797 2253 2858 τὰς
2306 2794 2487 2870 ψυχάς
2519 2794 2773 2869 ἀροῦντες
2804 2793 3124 2863 ἀπόστολοι,
3186 2796 3267 2858 οἷς
3321 2795 3568 2869 πρώτοις
3618 2796 3649 2850 ὁ
3706 2800 3817 2852 τῶν

2160 2881 2462 2939 διεστώτων
2524 2884 2831 2947 συνεκτικὸς
2904 2881 3128 2954 ἐπετέθη
3191 2883 3351 2958 ζυγός
3385 2927 3397 2941 .
3459 2884 3705 2958 Φὲρουσι
3762 2883 3825 2940 δὶ

2158 2974 2249 3029 καὶ
2309 2974 2474 3049 ἱερεῖς
2533 2971 2586 3027 o'i
2612 2977 2721 3027 τῶν
2771 2978 3119 3047 μακαριστῶν
3176 2974 3406 3047 πατέρες
3457 2970 3674 3048 ἔξοχοι,
3736 2974 3820 3035 οἷς

2161 3062 2559 3136 ἒπαναπὲμπων
2611 3062 2709 3130 τήν
2765 3065 2861 3116 τοῦ
2916 3065 3011 3116 σοῦ
3084 3063 3208 3124 νοὸς
3284 3056 3599 3135 ἐμϐρίθειαν
3638 3107 3654 3129 ,
3728 3062 3821 3117 καὶ

2160 3158 2274 3214 τοῖς
2329 3149 2620 3225 πολεμίοις
2679 3150 3170 3225 ἀντεπεξαγόμενος
3205 3197 3221 3223 ,
3277 3149 3494 3226 τρέπεις
3552 3150 3684 3215 τοὺς
3734 3151 3824 3206 ἀν-

408 3239 601 3308 nobis,
621 3256 766 3296 novo
788 3238 987 3310 Israel,
1011 3238 1207 3295 electis
1232 3240 1325 3296 Dei
1349 3240 1691 3306 hereditati,
1712 3246 1768 3296 et
1796 3242 2049 3298 absolvis

2164 3240 2435 3316 τιμάχους
2490 3242 2651 3313 ἡμῖν,
2681 3244 2760 3310 τῷ
2787 3240 2895 3312 νέῳ
2949 3238 3195 3313 Ἰσραὴλ,
3223 3244 3302 3311 τῷ
3352 3237 3648 3312 ἀπολέκτῳ
3677 3239 3820 3311 κλή-

406 3336 630 3386 rectum
664 3330 798 3385 fidei
830 3329 1148 3398 tramitem,
1184 3329 1431 3402 illosque
1453 3331 1714 3403 dignaris
1745 3331 2055 3404 appropin-

407 3433 607 3490 quare,
641 3426 697 3474 et
727 3424 781 3474 te
814 3419 1173 3489 tangendum
1208 3419 1293 3474 eis
1315 3419 1508 3475 offers.
1544 3420 1783 3493 lndigno
1807 3421 1963 3476 enim
1996 3425 2053 3478 te

410 3523 525 3564 non
561 3506 697 3564 licet
745 3511 986 3580 tangere
1020 3508 1175 3563 sicut
1228 3511 1483 3581 typicam
1515 3508 1651 3564 olim
1684 3526 1912 3579 arcam;
1946 3526 2051 3567 nec

407 3599 606 3652 tamen
642 3595 730 3651 fas
761 3600 850 3652 est
865 3600 922 3651 te
952 3596 1109 3651 velut
1139 3596 1300 3653 illam
1331 3596 1389 3651 in
1422 3598 1759 3653 servitutem
1791 3598 2052 3671 redigere

408 3700 597 3757 neque
629 3683 687 3740 in
721 3689 1060 3741 extraneam
1091 3687 1319 3742 auferre
1376 3687 1693 3759 regionem.
1741 3686 1956 3743 Verum
1987 3692 2051 3743 tu

407 3773 642 3831 inducis
699 3778 757 3828 et
814 3774 885 3829 ad
966 3778 1144 3829 Deum
1222 3776 1507 3831 conducis
1563 3774 1787 3832 alienos
1840 3793 2050 3833 secun-

403 3864 543 3918 dum
578 3862 774 3929 ﬁdem,
801 3862 1086 3935 ducisque
1107 3864 1395 3920 distantes
1417 3864 1476 3919 in
1508 3865 1835 3920 dominium
1872 3864 2053 3933 Dei,et

406 3949 510 4005 Dei
566 3949 713 4006 ovile
770 3950 978 4006 ovibus
1046 3951 1235 4025 rcples
1294 3970 1441 4024 quos
1501 3968 1752 4025 magnus
1810 3953 2046 4025 quidem

402 4042 606 4111 pastor
635 4038 790 4095 Deus
821 4038 1092 4108 habebat,
1125 4042 1386 4097 nondum
1419 4046 1609 4097 autem
1655 4041 1715 4096 in
1745 4042 1873 4113 ejus
1904 4042 2050 4098 ovile

402 4126 788 4183 intraverant.

468 4307 560 4362 27.
620 4305 887 4362 Pontifex
944 4306 1309 4365 divinissime
1365 4313 1422 4364 et
1478 4309 1932 4381 sapientissime,
1983 4315 2047 4367 tu

399 4411 635 4468 quoque
669 4411 883 4451 manus
936 4396 993 4452 in
1056 4396 1230 4457 istam
1294 4414 1489 4453 arcam
1549 4400 1759 4455 misisti
1814 4400 2049 4471 quando

397 4484 645 4541 tonabat
673 4483 895 4541 bellum
913 4485 1241 4558 spiritualis
1264 4486 1911 4561 discussionis,quando
1933 4488 2048 4545 duo

402 4572 692 4629 exercitus
723 4574 1003 4646 utrinque
1056 4575 1503 4641 ordinabantur,
1535 4582 1593 4632 et
1647 4594 1781 4632 arca
1824 4577 1935 4633 fuit
1965 4577 2048 4633 al-

398 4660 542 4732 lata,
575 4666 632 4717 et
669 4667 733 4718 tu
765 4663 855 4735 (ut
886 4664 1131 4737 dignum
1190 4665 1337 4736 erat)
1368 4681 1495 4721 eam
1526 4666 1651 4738 ipse
1691 4666 2050 4736 sustinuisti,

401 4753 460 4805 et
489 4754 643 4806 recte
674 4751 964 4808 incedenti
1018 4751 1281 4810 astitisti.
1316 4754 1384 4809 Et
1429 4756 1714 4810 suscitata
1756 4760 1896 4810 sunt
1924 4772 2051 4811 om-

401 4837 523 4905 nia,
584 4839 936 4911 sapientiam
987 4840 1102 4897 Deo
1157 4841 1441 4914 largiente
1499 4842 1833 4915 imperatori
1874 4860 2053 4917 super

404 4942 612 4984 omnes
642 4928 771 5001 ejus
812 4929 1104 5000 inimicas,
1139 4939 1312 5002 prout
1370 4931 1584 4987 alicubi
1643 4932 1801 4988 canit
1850 4933 2048 5005 David,

402 5020 459 5071 et
487 5015 700 5071 cecidit
729 5018 1122 5075 adversarius.
1157 5020 1321 5076 Tunc
1369 5021 1544 5075 etiam
1596 5038 1726 5076 cum
1768 5038 1926 5078 esses
1960 5040 2051 5079 sa-

400 5103 637 5177 pientia:
696 5106 967 5177 abyssus,
1029 5125 1096 5161 ex
1156 5108 1438 5180 singulari
1499 5110 1743 5163 scientia
1806 5127 1895 5164 res
1955 5109 2050 5165 Dei

398 5190 582 5248 simul
618 5192 992 5265 loquebaris;
1027 5195 1083 5250 in
1134 5196 1344 5268 primis
1393 5197 1686 5254 maximus
1734 5198 2053 5270 imperator

397 5281 904 5353 interpretationis
962 5283 1221 5357 fulgebat
1272 5286 1501 5358 gratiis,
1562 5303 1663 5342 seu
1727 5287 2049 5359 pressertim

398 5368 486 5439 (ut
512 5370 702 5442 magis
757 5377 892 5444 apte
948 5372 1160 5445 dicam)
1220 5380 1345 5431 erat
1402 5376 1572 5448 quasi
1631 5393 1696 5432 os
1743 5376 1883 5433 Dei:
1934 5396 2047 5435 non

395 5458 627 5513 tantum
661 5456 872 5532 dignos
903 5460 1037 5517 fecit
1067 5477 1136 5518 ex
1173 5463 1432 5537 indignis
1463 5467 1787 5521 secundum
1820 5483 2048 5523 sacram

396 5542 787 5618 Scripturam,
822 5550 924 5605 sed
958 5550 1137 5605 etiam
1188 5553 1274 5607 ori
1315 5552 1668 5625 loquebatur
1696 5555 2048 5628 sapientiam

395 5634 457 5688 st
489 5632 861 5692 meditationi
889 5638 1085 5694 cordis
1116 5638 1597 5714 intelligentiam.

2162 3351 2240 3404 ρῳ
2295 3334 2391 3397 τοῦ
2435 3333 2589 3400 Θεοῦ,
2648 3329 2736 3383 καὶ
2798 3328 2974 3390 ἀνύεις
3036 3329 3305 3402 ὀρθότατα
3359 3330 3461 3398 τήν
3494 3326 3821 3405 ὁδοιπορίαν

2157 3426 2257 3490 τῆς
2313 3418 2563 3489 πίστεως,
2592 3418 2683 3472 καὶ
2722 3416 2848 3480 τοὺς
2888 3418 3172 3480 τοιοῦτους
3215 3419 3305 3472 καὶ
3356 3417 3588 3492 ἐγγίζειν
3621 3419 3819 3491 ἀξιοῖς,

2159 3508 2250 3565 καὶ
2308 3506 2591 3583 ὑπανὲχειν
2650 3528 2708 3562 σε
2740 3550 2753 3576 ,
2815 3508 2903 3561 καὶ
2966 3505 3399 3582 προσάπτεσθαι.
3465 3506 3700 3579 Ἀναξίῳ
3760 3505 3819 3562 δὲ

2162 3598 2262 3654 οὐκ
2316 3595 2426 3652 ἔστι
2484 3598 2826 3670 προσψαῦσαι
2882 3599 2998 3652 σοῦ.
3060 3594 3296 3666 καθάπερ
3328 3592 3445 3650 οὐδ’
3477 3594 3691 3666 ἐκείνης
3718 3604 3819 3666 τῆς

2160 3685 2213 3741 ἐν
2276 3685 2431 3758 τόπῳ
2487 3680 2767 3751 κιϐωτοῦ,
2843 3682 3359 3760 αἱχμαλωτισθῆναι
3443 3684 3633 3757 μέντοι
3701 3688 3817 3740 κατ’

2159 3773 2392 3845 ἐκείνην,
2439 3774 2529 3827 καὶ
2578 3772 2890 3849 ἀπαχθῆναι
2951 3773 3027 3835 εἷς
3088 3770 3408 3847 ἀλλοτρίου.
3468 3774 3585 3829 Τοῦ
3614 3776 3816 3836 παντὸς

2160 3862 2219 3921 δὲ
2267 3863 2500 3939 εἰσάγεις
2541 3863 2630 3918 καὶ
2686 3863 2931 3937 συνάγεις
2983 3863 3120 3936 πρὸς
3181 3863 3309 3917 Θεὸν
3366 3863 3430 3918 τὸ
3477 3863 3582 3930 τήν
3632 3863 3812 3918 πίστιν

2158 3951 2493 4026 ἀλλότριον,
2540 3953 2631 4006 καὶ
2691 3952 2835 4026 ἄγεις
2891 3951 3018 4014 τοὺς
3086 3951 3482 4030 ἀφισταμένους
3549 3951 3629 4013 εἰς
3680 3957 3813 4008 Θεοῦ

2159 4042 2489 4113 οἰκειότητα,
2541 4040 2631 4094 καὶ
2686 4041 2787 4109 τὴν
2818 4044 2914 4093 τοῦ
2947 4044 3079 4095 Θεοῦ
3109 4039 3282 4107 αὐλὴν
3342 4034 3641 4113 προϐάτων
3673 4039 3816 4111 πλη-

2159 4136 2295 4205 ροίς⁴
2355 4132 2488 4205 ἅπερ
2520 4129 2637 4205 εἶχε
2672 4129 2765 4201 μὲν
2797 4129 2924 4189 Θεὸς
2954 4128 2982 4182 ὁ
3019 4128 3182 4205 μέγας
3210 4130 3445 4202 ποιμὴν,
3482 4123 3592 4183 ἔσω
3624 4126 3684 4184 δὶ
3714 4136 3814 4199 τῆς

2158 4219 2365 4275 ἐκείνου
2397 4217 2570 4284 αὐλῆς
2620 4216 2772 4273 οὕπω
2803 4217 3161 4293 προέκοπτον.

2227 4311 2326 4380 κζ’.
2382 4310 2667 4386 Ἀρχιερεῦ
2743 4307 2985 4363 θειότατε
3048 4307 3138 4362 καὶ
3217 4306 3515 4383 σοφώτατεο
3581 4308 3650 4375 ἦν
3727 4306 3815 4360 ὅτε

2157 4400 2247 4454 καὶ
2307 4399 2370 4453 σὺ
2425 4398 2631 4468 ταύτης
2688 4397 3028 4473 συνεφήπτου
3083 4399 3184 4459 τῆς
3242 4392 3508 4467 κιϐωτοῦ,
3569 4395 3814 4465 ὁπηνίκα

2156 4487 2402 4561 πόλεμος
2471 4486 2744 4561 ἐκροτεῖτο
2819 4483 3187 4558 πνευματικῆς
3263 4484 3639 4553 συζητήσεως,
3724 4483 3814 4537 καὶ

2156 4580 2220 4647 ἦν
2271 4578 2299 4631 ὁ
2355 4576 2685 4648 ταττόμενος
2733 4573 2823 4628 καὶ
2877 4573 3476 4649 ἀντιπαραταττόμενος
3523 4571 3811 4644 ἑτέρωθεν,

2159 4665 2249 4721 καὶ
2298 4667 2333 4736 ἡ
2382 4659 2617 4726 κιϐωτὸς
2678 4661 2991 4737 ἐπεξήγετο,
3046 4661 3137 4716 καὶ
3190 4661 3450 4735 (κκθάπερ
3508 4660 3578 4729 ἦν
3639 4660 3815 4731 ὅσιον)

2160 4747 2632 4826 συνεπελαμϐάνου
2683 4752 2773 4806 καὶ
2840 4750 3000 4811 αὐτὸς
3034 4793 3049 4818 ,
3134 4749 3224 4804 καὶ
3289 4750 3464 4819 ὀρθῶς
3545 4744 3816 4825 βεϐηκυίᾳ

2160 4842 2590 4917 συμπαρίπασο,
2650 4840 2751 4895 Καὶ
2816 4840 3165 4915 κατωρθοῦτο
3223 4839 3287 4893 τὸ
3343 4842 3471 4906 πᾶν,
3524 4841 3668 4893 Θεοῦ
3730 4858 3815 4893 00-

2159 4934 2406 5014 φίζοντος
2463 4931 2556 4986 τὸν
2586 4928 2957 5004 αὐτοκράτορα
2989 4928 3118 5003 ὑπὲρ
3145 4926 3271 4990 τοὺς
3332 4927 3497 4982 αὐτοῦ
3551 4924 3812 5001 ἐχθροὺς,

2155 5013 2293 5089 καθά
2334 5044 2438 5077 που
2490 5019 2690 5095 ψάλλει
2751 5013 2934 5073 Δαϐίά
2988 5017 3078 5071 καὶ
3135 5017 3197 5071 τὸ
3228 5017 3531 5092 ἀντίμαχον
3565 5013 3810 5073 ἔπιπτεν.

2157 5115 2286 5170 ’Ὀτε
2314 5111 2402 5165 καὶ
2444 5111 2506 5164 σὺ
2565 5110 2659 5182 μὶν
2706 5106 2898 5186 σοφίας
2957 5101 3189 5168 ἄϐυσστς
3249 5104 3343 5177 ὣν,
3401 5105 3491 5160 καὶ
3546 5104 3682 5160 αὐτὸ
3744 5102 3811 5172 δὴ

2156 5205 2315 5255 τοῦτο
2346 5197 2519 5271 λόγου
2552 5195 2639 5252 διὰ
2684 5198 2745 5252 τὸ
2792 5203 2890 5265 τῆς
2943 5195 3253 5269 ἐπιστήμης
3310 5196 3497 5269 περιὸν
3546 5192 3813 5272 ἐφθὲγγου

2156 5290 2223 5345 τὰ
2249 5292 2351 5344 τοῦ
2382 5291 2533 5342 Θεοῦ·
2595 5285 2702 5361 οὐχ
2756 5286 2951 5355 ἥκιττα
2998 5281 3055 5338 δὲ
3110 5284 3200 5339 καὶ
3257 5285 3285 5339 ὁ
3347 5283 3605 5359 μέγιστος
3661 5283 3815 5358 βασιο

2158 5376 2284 5440 λεῦς
2332 5380 2653 5453 Ἑρμαῖκαῖς
2699 5372 2970 5446 ἐνέλαμπε
3029 5372 3240 5449 χάρισι,
3306 5370 3543 5445 μάλιστα
3606 5368 3666 5425 δὲ
3716 5369 3817 5444 (είς

2157 5473 2277 5525 πεῖν
2337 5464 2689 5537 οἷ’κειότατον)
2721 5463 2788 5533 ἦν
2819 5462 2895 5524 ὡς
2955 5460 3129 5535 στόμα
3183 5465 3339 5517 Θεοῦ’
3400 5458 3463 5515 οὐ
3512 5459 3679 5533 μόνον
3737 5459 3817 5522 οἷς

2159 5555 2336 5628 ἀξίους
2398 5553 2577 5629 ἐξῆγεν
2627 5551 2678 5623 ἐξ
2718 5549 2944 5621 ἀναξίων
2976 5548 3112 5605 κατὰ
3139 5551 3201 5605 τὸ
3250 5549 3492 5626 Γράμμα
3517 5549 3581 5602 τὸ
3646 5547 3814 5624 ἱερὸν,

2157 5642 2304 5702 ἀλλὰ
2330 5644 2421 5700 καὶ
2452 5643 2529 5705 οἷς
2561 5639 2747 5698 ἐλάλει
2770 5639 2957 5717 σοφίαν
2987 5644 3071 5712 τῷ
3098 5639 3349 5714 στόματι,
3383 5638 3475 5693 καὶ
3504 5641 3577 5714 τῇ
3614 5635 3816 5714 μελέτη

2155 5736 2255 5806 τῆς
2295 5729 2518 5815 καρδίας
2549 5728 2782 5789 σύνεσιν.
