4104 6210
314 406 434 468 965
1230 407 1669 471 ALLOCUTIO
1714 407 1817 470 AD
1863 406 2304 470 MANUELEM
2347 406 2811 470 COMNENUM.
3601 415 3720 478 966

389 545 493 608 κη’.
529 535 606 591 Σὺ
662 533 739 610 δὲ,
796 537 842 591 ὦ
897 537 1135 594 θειότατε
1193 539 1468 616 ἀρχιερεῦ,
1525 539 1614 594 καὶ
1669 537 1830 594 είσὲτι
1877 542 2010 606 νῦνλ

2145 540 2234 593 28.
2268 541 2354 595 Tu
2384 556 2541 608 vero,
2592 556 2624 595 ο
2679 539 3049 596 divinissime
3099 542 3377 613 pontifex,
3415 560 3716 618 nunquam

319 627 609 701 ὑπανὲχων
655 625 717 680 ού
764 627 912 702 παύῃ
948 626 1146 699 ταύτην
1195 630 1293 697 τὴν
1335 623 1567 684 κιϐωτὸν
1599 627 1688 683 καὶ
1717 632 1834 692 τοῖς
1865 626 1940 702 ἔχε

2104 643 2267 684 essas
2301 629 2478 685 istam
2526 627 2814 685 sustinere
2862 645 3056 686 arcam
3087 634 3143 685 et
3190 631 3467 688 adversus
3519 632 3719 691 hostes

312 717 466 791 θροῖς
515 715 784 792 ἐπεξάγων
842 715 1038 788 αὐτὴν,
1092 719 1174 779 οἷς
1225 717 1356 792 ὑπὲρ
1415 718 1582 772 αὐτοῦ
1626 718 1721 779 τὰς
1769 722 1930 792 χεῖρα

2092 733 2195 772 iam
2227 717 2537 786 adducere,
2571 734 2783 773 manus
2817 734 2918 789 pro
2961 718 3092 789 ipsa
3119 720 3188 773 ad
3243 719 3427 775 Deum
3461 722 3713 794 erigens,

315 807 476 879 ὑψοῖς
525 804 600 867 εἲς
651 805 800 873 Θεὸν,
851 805 940 859 καὶ
986 810 1102 868 τοῖς
1155 805 1413 868 ἐναντίοις
1463 805 1787 882 ἀπρόμαχον
1828 816 1928 870 καθ

2090 821 2292 861 iecnon
2322 806 2580 863 inimicis
2612 806 3064 879 insuperabilerr.
3114 810 3360 880 opponis
3407 814 3464 866 ct
3502 812 3711 869 vocife-

313 899 502 966 ιστᾷς,
560 893 651 949 καὶ
727 894 943 968 κράζειν
1017 893 1145 956 τοὺς
1206 892 1556 972 ἀλλοφύλους
1613 899 1806 956 ποιεῖς.
1865 893 1934 948 Tit

2089 893 2182 948 'ari
2213 894 2436 950 alienos
2497 895 2676 951 facis:
2713 918 2740 945 «
2801 896 2940 961 Quis
2974 912 3080 952 nos
3136 897 3206 952 ab
3265 898 3375 954 isto
3409 902 3710 957 tremendo

309 986 459 1056 ἡμᾶς
516 982 576 1038 ἐκ
631 982 827 1038 τούτου
879 987 977 1037 τοῦ
1033 977 1268 1060 φοϐεροῦ
1324 983 1413 1039 καὶ
1473 982 1654 1047 ἔδθὲου
1693 982 1930 1058 αὐτοκρά

2090 999 2241 1054 [uem
2299 984 2452 1040 Deus
2508 985 2746 1056 adjuvat
2800 984 3150 1057 imperatore
3197 987 3408 1042 eruet?
3456 1009 3482 1038 »
3543 990 3711 1046 Tales

306 1093 472 1147 τορος
506 1071 718 1148 ῥύσεται
753 1090 767 1142 ;
797 1071 1019 1132 Ὁποίας
1051 1069 1114 1142 δή
1149 1093 1298 1134 τινας
1323 1071 1492 1128 πάλαι
1520 1072 1609 1126 καὶ
1641 1075 1675 1142 ἡ
1722 1068 1926 1127 κιϐωτὸ

2085 1074 2361 1149 ιυοηάιιῐῃ
2396 1091 2529 1128 arca
2558 1073 2658 1128 illa
2713 1073 2996 1130 clamores
3028 1074 3236 1131 alienis
3293 1078 3564 1146 gentibus
3608 1081 3706 1135 ob-

308 1160 484 1233 ἰκείνη
516 1161 700 1237 φωνὰς
728 1166 843 1223 τοῖς
876 1159 1226 1239 ἑτεροφύλοις
1247 1157 1571 1219 ὑπέϐαλλεν.
2058 1160 2220 1231 jecit.

385 1252 485 1309 κθ’.
544 1252 609 1305 Ὠ
665 1244 900 1311 κιϐωτὸς
959 1248 1117 1320 αὕτη,
1178 1251 1306 1304 Θεὸν
1367 1249 1457 1306 καὶ
1513 1252 1581 1305 τὰ
1638 1252 1754 1304 θεῖα
1811 1247 1958 1306 ἔνδον

2136 1251 2226 1306 29.
2261 1251 2306 1305 Ο
2353 1268 2486 1308 arca
2529 1250 2630 1306 illa
2679 1255 2856 1306 Deum
2910 1250 3225 1323 divinaque
3256 1252 3315 1308 in
3367 1258 3709 1314 memoriam

309 1340 392 1403 εἰς
443 1342 665 1413 μνήμην
715 1335 1130 1394 ἀδιασκέδαστον
1180 1339 1443 1415 στέγουσα
1489 1341 1500 1396 l
1552 1341 1619 1394 Ὠ
1668 1340 1926 1412 κοσμοσώ

2091 1338 2440 1396 ndelebilem
2472 1339 2794 1396 recondens
2819 1339 2830 1393 l
2855 1339 2897 1394 Ο
2925 1357 3059 1395 arca
3081 1342 3282 1396 mundi
3309 1345 3605 1414 servatrix,
3633 1363 3711 1403 re-

305 1450 462 1506 τειρα
517 1424 750 1490 κιϐωτὸς
787 1471 801 1498 ,
860 1427 987 1490 τοὺς
1037 1431 1145 1483 τῶν
1202 1428 1370 1482 ὅντων
1433 1427 1632 1503 λόγους
1688 1427 1926 1503 ἐμπεριει

2092 1444 2196 1482 ὐαι
2229 1445 2532 1485 sermones
2557 1427 2837 1484 divinitus
2859 1429 3258 1496 continens,ut
3279 1431 3418 1503 quid
3442 1433 3615 1490 etiam
3640 1436 3713 1491 de

309 1517 522 1596 ληφυῖα
564 1517 830 1588 θειότατα,
874 1514 966 1572 ’ίνα
1001 1538 1054 1572 τι
1100 1516 1189 1572 καὶ
1228 1524 1327 1587 τῆς
1357 1517 1540 1594 ἑτέρας
1569 1516 1794 1572 ἐνταῦθα
1824 1536 1924 1592 φαν

2091 1515 2248 1573 ιΙιοιιο.
2268 1534 2403 1574 arca
2425 1518 2519 1573 hic
2537 1518 2844 1574 ostendam
2867 1535 2968 1589 per
2989 1535 3165 1590 quam
3186 1520 3402 1592 saepius
3420 1523 3712 1594 spirituali

303 1607 561 1681 τάσωμαι
591 1601 852 1677 κιϐωτοῦ,
887 1603 954 1660 δι’
982 1605 1048 1675 ἧς
1078 1604 1280 1678 ταύτης
1311 1607 1475 1679 ἡμεῖς
1506 1603 1779 1667 πολλάκις
1826 1604 1924 1660 κλυ

2093 1605 2283 1661 liluvio
2307 1607 2510 1662 intacti
2533 1607 2827 1663 evasimus
2852 1606 2864 1660 ι
2887 1608 2930 1663 Ο
2953 1624 3088 1662 arca
3109 1612 3233 1663 tuta
3251 1611 3492 1681 repositi
3514 1612 3714 1684 pigno-

305 1693 522 1769 δασμοῦ
569 1699 811 1770 ψυχικοῦ
861 1692 1266 1768 διασεσώσμεθα
1338 1695 1685 1771 κρείττονεςί
1743 1695 1809 1748 Ὢ
1864 1714 1926 1748 κιι

2097 1694 2144 1749 is
2183 1694 2386 1752 theca!
2420 1696 2566 1761 Quid
2601 1701 2798 1752 autem
2831 1697 2960 1768 ipsa
2991 1714 3125 1752 arca
3179 1702 3382 1754 sancta
3403 1699 3431 1753 ‘I
3462 1700 3713 1758 Interius

302 1780 504 1858 ϐωτὸς,
558 1788 783 1858 μνήμης
803 1784 1069 1840 άποθάτου
1115 1789 1335 1857 ταμεῖον
1371 1778 1820 1839 ἀνεπιϐούλευτον
1848 1784 1860 1838 ί
1892 1788 1923 1836 Τ

2099 1788 2337 1840 ontenta
2367 1785 2488 1841 haec
2538 1791 2712 1840 sunt:
2765 1785 3098 1841 tabularum
3134 1803 3168 1840 a
3221 1787 3329 1842 Deo
3360 1788 3713 1861 scriptarum

302 1872 430 1944 δὶή
489 1876 609 1950 ἱερὰ
663 1869 899 1935 κιϐωτὸς
957 1872 1090 1940 αὕτη
1124 1893 1138 1943 ;
1168 1873 1241 1927 Τὰ
1304 1873 1396 1946 μὲν
1454 1873 1600 1935 ἐντὸς
1651 1872 1813 1927 οὕτω·
1861 1893 1923 1927 κα

2096 1876 2436 1930 anctitatem
2469 1877 2697 1947 retegit,
2729 1893 2830 1931 vas
2879 1891 3144 1943 aureum,
3193 1893 3523 1948 mannaque
3553 1879 3715 1936 coele-

300 1935 876 2039 ﬂla'xa'w'épspioemv
923 1935 1098 2037 στέγει
1127 1935 1254 2016 ’τῶν
1304 1935 1676 2029 θεοπλάστων,
1709 1962 1798 2016 καὶ
1831 1982 1921 2016 στα

2090 1971 2171 2018 ite.
2200 1964 2494 2019 Exteriore
2519 1968 2715 2019 autem
2764 1980 2880 2018 non
2931 1963 3148 2019 habent
3195 1965 3442 2022 internis
3473 1967 3711 2025 similia.

309 2051 570 2126 μνοδοκεῖ
616 2054 717 2121 τὴν
763 2058 999 2128 χρυσῆν,
1048 2051 1139 2104 καὶ
1202 2055 1530 2128 μαννοφορεῖ
1576 2051 1636 2105 τὸ
1682 2049 1928 2123 οὐράνιον

2094 2051 2214 2106 llud
2247 2053 2470 2108 homini
2501 2053 2594 2107 vix
2642 2054 2816 2108 datur
2873 2051 3196 2125 excogitare
3235 2054 3334 2126 qui
3391 2071 3425 2110 a
3460 2058 3715 2127 perlecta

305 2144 394 2200 Τὰ
419 2141 476 2197 δὲ
506 2141 657 2205 ἐκτὸς
707 2142 804 2196 οὐκ
852 2136 967 2216 ἔχει
1019 2145 1138 2202 τοῖς
1186 2137 1334 2194 ἔνδον
1387 2139 1692 2215 ὁμότροπα.
1745 2137 1843 2210 Εἷ¹η
1892 2139 1926 2194 ἃλ

2090 2147 2272 2199 latura
2332 2141 2582 2209 alienus,
2640 2158 2743 2196 nec
2793 2141 2950 2197 sanis
2997 2141 3238 2198 auribus
3296 2145 3529 2216 gaudet.
3564 2147 3711 2204 Nam

303 2237 470 2288 τοῦτο
502 2232 590 2286 καί
624 2229 1009 2301 διανοήσασθαι
1040 2229 1202 2303 μόνον
1237 2227 1453 2304 ἀνδρὸς,
1482 2228 1604 2284 οὔτε
1633 2227 1820 2291 ἄλλως
1879 2229 1923 2284 εί

2090 2248 2194 2286 'ere
2226 2230 2325 2285 illa
2354 2230 2571 2285 mentis
2623 2229 2792 2301 regiae
2844 2247 2978 2285 arca
3007 2230 3255 2300 Spiritus
3305 2233 3592 2291 fructibus
3623 2253 3711 2292 re-

301 2322 520 2378 τελείαν
570 2321 725 2399 φύσιν
777 2318 1177 2392 διοικουμένου,
1233 2314 1611 2394 βεϐλαμμένου
1663 2316 1719 2373 δὲ
1757 2319 1847 2373 καὶ
1879 2318 1922 2373 εἰ

2093 2325 2212 2376 erta
2241 2324 2348 2387 est,
2383 2320 2598 2392 quibus
2629 2336 2755 2374 eam
2789 2319 3042 2375 caelestis
3076 2318 3318 2392 replevit
3350 2323 3624 2394 agricola,
3657 2328 3714 2382 et

300 2413 405 2476 τὰς
451 2411 635 2473 ἀκοάς.
685 2409 938 2480 Ἀληθῶς
985 2408 1086 2484 γὰρ
1137 2409 1224 2463 καὶ
1282 2407 1505 2462 ἰνταῦθα
1547 2411 1581 2477 ἡ
1611 2411 1708 2464 τοῦ
1742 2407 1921 2484 βασιλι

2091 2410 2250 2481 psius
2275 2413 2464 2464 totum
2496 2408 2865 2480 splendorem
2915 2409 3295 2465 manifestum
3327 2413 3602 2481 ostendit,
3629 2414 3712 2471 ita

301 2505 406 2556 κοῦ
435 2501 559 2563 νοὸς
609 2499 863 2570 ἀποθήκη
920 2500 1036 2560 τοῖς
1083 2502 1315 2573 καρποῖς
1360 2500 1456 2551 τοῦ
1499 2495 1812 2571 ΙΙνεύματος
1866 2496 1922 2573 βέ

2090 2501 2128 2552 it
2152 2497 2339 2570 gratia
2369 2514 2478 2553 sua
2507 2495 2705 2553 oculos
2736 2498 2808 2552 ad
2839 2513 2902 2552 se
2931 2502 3248 2564 convertat,
3281 2503 3340 2554 et
3368 2517 3540 2558 aures
3571 2517 3711 2574 gau-

301 2585 512 2666 ϐριθεν,
570 2591 653 2652 οἷς
701 2587 867 2656 αὐτὴν
928 2586 1178 2662 οὐράνιος
1234 2584 1505 2658 ἐμέστωσε
1554 2587 1814 2663 γεωργὸς,
1863 2606 1922 2640 κα

1631 2587 1814 2663 υργὸς,
1863 2586 1954 2640 καὶ
2063 2587 2240 2642 deant
2269 2587 2337 2641 ad
2375 2587 2548 2641 verba
2579 2585 2714 2640 hinc
2747 2584 2971 2657 prolata
3000 2589 3252 2642 attentis.

299 2679 367 2732 τὸ
395 2677 598 2747 ταύτης
629 2675 687 2732 δὶ
713 2675 1175 2754 προσφαινόμενον
1208 2676 1344 2730 ἅπαν
1369 2673 1639 2752 τηλαυγὲς
1667 2675 1978 2752 προφαίνει,
2009 2675 2097 2729 καὶ
2129 2676 2243 2729 οἷον
2275 2673 2370 2735 τάς
2397 2693 2456 2728 τε
2485 2669 2633 2747 ὄψεις
2664 2671 2996 2750 ἐπιστρέφειν
3039 2677 3108 2747 τῇ
3160 2675 3370 2749 χάριτι,
3423 2677 3510 2731 καὶ
3545 2675 3712 2740 ἀκοὰς

303 2764 368 2821 δὲ
397 2765 610 2842 χαίρειν
644 2762 1140 2838 ἀναπεταννυμὲνας
1171 2765 1306 2838 πρὸς
1337 2764 1403 2818 τὰ
1433 2762 1630 2818 ἐκεῖθεν
1664 2762 1996 2837 ἀκούσματα.

380 2873 447 2932 λ’.
478 2876 616 2932 ’Όσα
675 2875 768 2947 μὲν
828 2871 919 2928 οὖν
979 2875 1014 2942 ἡ
1076 2871 1251 2950 φύσις,
1303 2870 1484 2946 ἄριστε
1530 2870 1756 2948 βασὶλεῦ
1789 2917 1802 2941 ,
1844 2872 1952 2945 ἆμ-

2131 2874 2220 2928 30.
2272 2874 2566 2938 Quantum
2618 2888 2752 2944 ergo
2811 2876 3041 2940 natura,
3100 2872 3319 2945 Optime
3377 2874 3709 2948 imperator,

303 2964 367 3042 φὶ
399 2965 457 3018 σὲ
487 2962 794 3040 φιλοτίμως
841 2961 1180 3037 ἠσχόληται,
1230 2961 1321 3015 καὶ
1371 2959 1496 3015 ὅσον
1542 2960 1711 3030 αὐτῆς
1751 2961 1812 3016 τὸ
1862 2981 1924 3016 πε

2098 2961 2216 3016 irca
2247 2965 2301 3016 te
2353 2961 2626 3016 muniﬁce
2676 2959 2979 3027 laboravit,
3040 2966 3327 3033 quantum
3387 2963 3516 3034 ejus
3564 2964 3624 3018 in
3655 2968 3713 3021 te

305 3053 361 3127 ρὶ
394 3052 452 3106 σὲ
481 3049 885 3126 φιλοτέχνημα,
937 3046 1082 3104 ἔσται
1135 3071 1227 3121 μοι
1276 3047 1721 3128 καλλιγραφῆσαι
1765 3050 1920 3126 καιρὸ

2092 3049 2392 3106 ,ilectionis
2423 3066 2591 3122 opus,
2617 3049 2726 3106 erit
2756 3049 2903 3105 mihi
2930 3049 3041 3106 alio
3073 3055 3332 3123 tempore
3352 3057 3520 3125 grata
3549 3070 3713 3110 enar-

300 3138 509 3215 ἷὲτερος.
562 3140 639 3197 Οὐ
688 3139 791 3215 γὰρ
833 3137 1011 3209 δήπου
1059 3139 1120 3192 τὸ
1171 3136 1456 3212 ἀπόδημον
1504 3134 1843 3214 βαρϐαρώσει
1885 3160 1916 3194 τ

2092 3141 2227 3196 andi
2278 3141 2525 3196 occasio.
2587 3146 2899 3213 Nunquam
2963 3142 3119 3197 enim
3177 3142 3458 3199 distantia
3506 3161 3599 3200 me
3630 3144 3709 3200 ita

301 3230 423 3284 κατ’
455 3228 570 3301 ἐμὶ,
623 3229 698 3290 ὡς
741 3228 915 3298 πάντη
968 3226 1238 3282 ἐπιλιπεῖν
1287 3228 1356 3282 τὰ
1393 3231 1489 3281 τοῦ
1521 3225 1688 3301 λόγου
1719 3227 1922 3304 χρώμα

2082 3231 2375 3284 iarbarum
2407 3229 2620 3284 efﬁciet
2654 3235 2716 3284 ut
2761 3231 3000 3286 omnino
3051 3233 3314 3286 deseram
3359 3232 3703 3305 eloquentia:

300 3338 394 3384 τα,
449 3315 518 3371 δι’
561 3315 632 3371 ὧν
693 3311 882 3392 ἔχοίμι
933 3316 992 3370 ἂν
1045 3316 1491 3392 καταγράψασθαι
1519 3316 1581 3370 τὸ
1611 3313 1921 3380 κάλλοςτῶ

2083 3317 2280 3374 :olores
2329 3319 2545 3389 quibus
2593 3317 2906 3390 depingam
2958 3319 3262 3374 oculorum
3313 3320 3704 3392 pulchritudi-

302 3405 630 3482 ὀφθαλμῶν·
687 3406 750 3460 τὸ
799 3411 900 3475 τῆς
946 3403 1066 3469 θὲας
1113 3403 1400 3480 γαλήνιον·
1440 3404 1504 3459 τὸ
1532 3409 1629 3459 τοῦ
1653 3405 1923 3480 προσώποη

2086 3422 2220 3476 ιθω,
2280 3406 2442 3461 faciei
2500 3405 2920 3478 placiditatem,
2980 3406 3178 3463 vultus
3228 3408 3600 3480 splendorem
3649 3414 3707 3466 et

302 3497 393 3550 καὶ
457 3494 675 3567 λάμπον
732 3495 819 3549 καὶ
882 3493 1143 3568 ἡρωϊκόν·
1194 3495 1293 3563 τὴν
1341 3491 1478 3564 ὅλην
1531 3492 1820 3569 εὐρυθμίαν
1851 3500 1918 3563 τῆ

2083 3496 2353 3550 ieroicam
2385 3497 2731 3568 gravitatem
2759 3539 2772 3562 ,
2809 3500 2989 3551 totam
3022 3496 3202 3552 turris
3233 3499 3492 3570 corporis
3526 3515 3704 3571 quam

296 3589 402 3639 τοῦ
455 3584 707 3657 σώματος
755 3583 1131 3659 ἀκροπόλεως,
1174 3584 1235 3652 ἣν
1283 3583 1311 3637 ὁ
1359 3581 1582 3655 ὕψιστος
1632 3583 1761 3644 Θεὸς
1791 3581 1917 3656 ἰπύρ

2086 3583 2390 3640 ιιιίδείωυε
2438 3585 2604 3640 nobis
2660 3585 2814 3640 Deus
2869 3586 2940 3640 ad
2982 3585 3162 3641 robur
3213 3587 3538 3657 aediﬁcavit,
3589 3587 3707 3643 exi-

298 3694 476 3751 γωσεν
535 3676 670 3746 ἡμῖν
730 3672 806 3736 εἰς
860 3671 1176 3748 ἀσφάλειαν
1225 3672 1324 3740 τὴν
1375 3676 1482 3726 τῶν
1537 3671 1764 3744 στέρνων
1791 3672 1919 3726 καθα

2085 3675 2236 3729 niam
2268 3675 2769 3743 constitutionem,
2804 3675 3053 3747 pectoris
3086 3676 3156 3731 ad
3187 3676 3375 3732 instar
3404 3675 3588 3733 leonis
3619 3676 3706 3733 la-

300 3762 457 3837 περεὶ
515 3763 605 3816 καὶ
662 3760 882 3824 λέοντος
916 3762 1183 3838 εὐρύτητα
1227 3762 1314 3816 καὶ
1370 3760 1810 3833 στερεμνιότηται
1851 3761 1920 3829 τὴ

2091 3763 2374 3819 itudinem
2409 3768 2466 3819 et
2514 3763 2900 3836 dignitatem;
2948 3781 3230 3819 manuum
3282 3764 3707 3822 concinentiam

300 3855 415 3906 τῶν
445 3855 648 3927 χειρῶν
681 3850 947 3921 εύτονίαν,
981 3852 1042 3914 ἃς
1067 3849 1130 3904 ού
1185 3849 1348 3923 μόνον
1393 3849 1467 3911 ὡς
1515 3849 1797 3911 Δαυϊτικὰς
1846 3854 1921 3904 νοὶ

2089 3870 2211 3923 [uas
2244 3869 2358 3908 non
2405 3858 2635 3908 tantum
2684 3851 2846 3908 velut
2893 3852 3131 3908 Davidis
3188 3853 3377 3926 cogito
3409 3854 3648 3909 brachia
3677 3871 3710 3910 a

311 3941 613 4016 βραγίονας
639 3941 949 4012 τεθειμένας
982 3939 1059 4001 εἷς
1088 3939 1241 4010 τόξον
1297 3937 1543 4013 χαλκοῦν
1589 3938 1648 3993 ἐκ
1676 3942 1831 4006 Θεοῦ,
1865 3936 1932 3993 ὅτς

2088 3949 2175 3996 )eo
2200 3942 2257 3996 in
2281 3959 2482 3997 arcum
2503 3958 2716 3997 aereum
2738 3947 2942 4012 parata
2964 3943 3201 4014 quando
3221 3948 3423 3998 contra
3441 3943 3709 4000 inimicos

306 4033 430 4084 κατ’
478 4027 687 4104 ἐχθρῶν
738 4027 1043 4101 τεινάμεναι
1083 4029 1352 4101 θανάσιμα
1411 4025 1746 4102 βάλλουσιν·
1807 4025 1927 4082 ἀλλα

2096 4035 2294 4104 x_tenta
2325 4036 2574 4086 mortem
2621 4030 2921 4098 emittunt,
2969 4031 3069 4086 sed
3130 4031 3302 4086 etiam
3356 4031 3486 4088 illas
3519 4035 3712 4088 mente

301 4119 734 4194 προσεπιθεωρῶ
782 4117 948 4179 αὐτὰς
997 4116 1086 4171 καὶ
1135 4115 1336 4192 ὄργανα
1386 4115 1666 4185 ποιούσας,
1717 4117 1809 4171 καὶ
1857 4113 1922 4170 δα

2095 4119 2326 4190 oncipio
2402 4135 2624 4190 organa
2701 4118 3004 4189 pulsantes
3060 4125 3118 4174 et
3189 4121 3389 4193 digitis
3445 4125 3711 4192 aptantes

299 4206 529 4266 κτύλοις
564 4206 938 4282 ἁρμοττούσας
968 4203 1248 4280 ψαλτήρια
1301 4202 1507 4260 εὔλαλα
1552 4210 1739 4274 ταῦτα,
1771 4204 1920 4280 γλώσ

2092 4209 2338 4264 πεοιίθιήυ.
2368 4210 2514 4264 bene
2546 4208 2838 4270 sonantia,
2885 4208 3116 4280 linguas
3159 4209 3554 4278 subditorum,
3586 4209 3713 4282 qui-

299 4318 395 4358 σας
424 4301 532 4351 τῶν
585 4295 857 4366 ὑπηκόων·
911 4297 994 4360 οἷς
1041 4295 1202 4356 αὐτὸς
1261 4295 1353 4367 μὲν
1406 4293 1481 4356 εἷς
1530 4294 1656 4356 τοὺς
1705 4295 1837 4369 ὑπὲρ
1885 4297 1918 4364 ἡ

2090 4316 2172 4353 ιυε
2205 4305 2260 4352 tu
2294 4298 2418 4369 ipse
2448 4313 2660 4352 manus
2690 4298 2762 4351 ad
2815 4299 3042 4353 labores
3092 4315 3194 4368 pro
3244 4299 3414 4354 nobis
3445 4298 3711 4372 aggredi-

303 4391 425 4458 μῶν
470 4386 748 4458 καμάτους
792 4383 1130 4459 καταρτίζεις
1181 4383 1276 4445 τὰς
1331 4389 1540 4458 χεῖρας,
1572 4382 1660 4437 καὶ
1705 4384 1808 4438 ὑπὸ
1858 4381 1922 4438 δα

2097 4388 2207 4441 ndo
2240 4388 2668 4456 accommodas,
2701 4390 2758 4441 et
2809 4386 2919 4441 sub
2969 4387 3150 4459 digito
3183 4388 3278 4443 Dei
3333 4388 3548 4460 digitos
3576 4391 3710 4444 tuos

294 4471 488 4547 κτύλῳ
535 4479 668 4530 Θεοῦ
714 4473 842 4536 τοὺς
892 4473 1020 4536 σοὺς
1068 4470 1366 4533 δακτύλους
1419 4475 1684 4547 τεχνικῶς
1743 4471 1904 4546 ἐπιμε

2086 4477 2334 4546 ιροιιὶὺυε
2366 4474 2576 4530 callide
2609 4474 2937 4545 dispartiris
2983 4479 3040 4531 et
3072 4492 3380 4530 numerose
3427 4475 3553 4548 agis
3583 4491 3707 4530 om-

299 4563 472 4639 ρίζεις
522 4568 640 4625 ταῖς
683 4562 925 4638 πράξεσι,
975 4561 1064 4616 καὶ
1107 4561 1182 4621 εἰς
1239 4558 1500 4637 ἁρμονίαν
1557 4562 1706 4634 ἄγεις
1731 4562 1794 4616 τὸ
1825 4567 1920 4617 πᾶν

2084 4566 2194 4631 iia;
2231 4565 2341 4635 ipsi
2375 4580 2507 4619 vero
2557 4563 2944 4619 modulantur
2993 4564 3368 4619 victoriarum
3424 4563 3705 4632 carmina,

298 4653 457 4707 αὐτοὶ
508 4649 565 4706 δὲ
616 4649 926 4724 μελῳδοῦσι
980 4650 1047 4705 τὰ
1093 4651 1407 4724 νικητήρια,
1459 4649 1524 4703 τὰ
1567 4653 1900 4727 χαριστήρια

2089 4654 2377 4718 ;ratiarum
2411 4653 2696 4720 actiones,
2723 4657 2781 4707 et
2804 4652 3078 4724 psalteria
3103 4653 3248 4708 fiunt
3271 4651 3550 4709 melodice
3573 4667 3710 4708 con-

299 4745 394 4800 καὶ
427 4743 705 4818 ψαλτήρια
732 4743 970 4820 γίνονται
1001 4741 1294 4816 ἐμμέλειαν
1329 4743 1730 4818 ἁρμοττόμενα.
1972 4787 2022 4852 D
2060 4741 2334 4796 cinentia.

370 4849 472 4906 λα’.
529 4848 751 4907 Τούτων
826 4849 920 4922 μὲν
1005 4849 1120 4919 οὗν,
1179 4846 1310 4924 ὅπερ
1367 4848 1456 4902 καὶ
1512 4847 1716 4922 φθάσας
1767 4848 1940 4921 εἶπον,
1972 4846 1991 4851 _

2127 4848 2214 4902 31.
2252 4852 2466 4904 Horum
2501 4849 2703 4921 igitur,
2742 4853 2804 4905 ut
2835 4849 2997 4921 prius
3027 4848 3166 4916 dixi,
3202 4849 3387 4905 altera
3426 4847 3572 4903 mihi
3603 4846 3715 4908 erit

290 4936 478 5016 ἕτερός
541 4961 633 5011 μοι
696 4939 832 5009 πρὸς
893 4935 1292 5014 καλλιγραφίαν
1357 4935 1692 5007 ἀνακλητέος
1746 4939 1911 5012 καιρὸ.

2092 4938 2132 4990 .d
2167 4937 2599 5006 depingendum
2661 4935 3004 5008 exoptabilis
3053 4935 3302 5005 occasio,
3353 4953 3480 5008 quae
3511 4934 3713 4992 oculos

292 5025 367 5082 δι’
392 5032 468 5082 ὧν
519 5030 575 5083 αἱ
624 5025 773 5102 ὄψεις
823 5024 1074 5081 ἕλκονται
1126 5033 1241 5087 τοῖς
1290 5026 1364 5088 εἰς
1396 5026 1457 5080 τὸ
1493 5025 1773 5101 βασιλικὸν
1833 5027 1913 5081 ἀνι

2091 5027 2299 5097 [υἱάοω
2320 5027 2389 5080 ad
2409 5025 2662 5080 lucidam
2685 5023 3058 5096 imperatoris
3083 5025 3423 5081 memoriam
3447 5025 3712 5093 trahunt,

295 5137 493 5190 μνημα
548 5115 965 5191 ἐντρανίζουσιν,
1001 5113 1034 5167 ἓι
1079 5111 1144 5183 δὴ
1205 5115 1296 5168 καὶ
1348 5114 1473 5175 τοὺς
1527 5113 1916 5188 ἰνωτιζομὲνου

2094 5131 2234 5169 111⁸88
2256 5119 2449 5169 autem
2473 5114 2920 5186 percipientium
2946 5112 3267 5184 voluptarie
3282 5113 3560 5186 pellectas
3573 5113 3715 5169 deti-

291 5204 628 5260 ἐπισπῶνται
662 5206 750 5260 καὶ
786 5205 1083 5280 ἀναρτῶσιν
1117 5206 1230 5258 οἷον
1273 5210 1374 5272 τῆς
1421 5203 1612 5273 ἀκοῆς.
1649 5203 1806 5259 Ἀλλ’
1837 5203 1912 5260 οὐὲ

2092 5207 2395 5258 ιοηι.Νυυο
2416 5220 2547 5257 vero
2573 5202 2716 5258 mihi
2741 5219 2856 5256 non
2882 5203 3108 5257 diutius
3139 5203 3549 5258 disserendum
3575 5200 3713 5272 quia

286 5292 520 5348 ἐνταῦθά
579 5316 674 5366 μοι
721 5291 992 5363 λαλητὲον
1053 5291 1408 5365 μακρά,ἔνθα
1458 5293 1521 5347 τὸ
1579 5292 1907 5366 ἀκροατήριε

2101 5292 2357 5346 uditorcs
2378 5291 2611 5362 rapiunt
2631 5307 2929 5346 sermones
2953 5291 3250 5361 simulque
3271 5291 3608 5346 laudantem
3634 5289 3715 5345 of-

283 5383 418 5445 τοὺς
451 5384 651 5459 Λόγους
683 5381 1006 5458 ἁρπάζουσι,
1039 5381 1129 5436 καὶ
1159 5379 1320 5436 τοῦτό
1377 5401 1440 5456 γε
1489 5378 1735 5436 ἀδικοῦσι
1783 5403 1904 5437 πανι

2091 5382 2305 5436 endunt
2361 5385 2688 5445 oratorem,
2742 5390 2894 5434 recte
2952 5380 3187 5450 quidem
3247 5379 3522 5434 facientes
3573 5377 3712 5450 quia

281 5472 579 5548 γυρίζοντα
623 5471 852 5549 ῥήτορα,
885 5471 941 5525 εὗ
1001 5471 1094 5544 μὲν
1143 5469 1330 5533 ἄλλως
1381 5474 1686 5538 ποιοῦντες,
1737 5470 1818 5525 ὅτι
1870 5493 1900 5526 τ

2092 5474 2373 5524 oncentus
2404 5469 2714 5524 concordia
2753 5473 2810 5523 et
2857 5468 3242 5523 consonantia
3289 5467 3708 5524 tenuissimum

285 5560 586 5634 εὐμουσίας
616 5559 766 5637 ἀδρῷ
799 5560 889 5615 καὶ
946 5558 1320 5638 πολυφθόγγῳ
1367 5559 1460 5614 τὸν
1517 5565 1617 5627 τῆς
1672 5561 1906 5634 ἡμετέρα

2082 5557 2333 5612 :arminis
2362 5556 2546 5613 nostri
2578 5557 2869 5612 calamum
2919 5561 3237 5626 superant;
3289 5556 3468 5613 simul
3509 5560 3703 5614 autem

281 5648 437 5724 ᾠδῆς
478 5651 850 5729 ὑπερφωνοῦσι
884 5646 1212 5704 λεπτότατον
1265 5644 1484 5714 δόνακα,
1515 5643 1828 5710 ἀδικοῦντες
1889 5646 1902 5704 ἕ

1677 5651 1828 5710 ὖντες
1889 5646 1947 5705 δὶ
2057 5647 2360 5703 oﬂ‘endunt
2387 5647 2525 5718 quia
2559 5663 2662 5701 nos
2695 5663 2934 5717 prorsus
2963 5649 3298 5703 obscurant.

281 5739 465 5816 ὅμως,
499 5739 580 5795 ὅτι
612 5739 699 5795 καὶ
736 5738 812 5802 εἷς
859 5739 923 5795 τὸ
975 5736 1237 5801 παντελὲς
1278 5738 1427 5812 ἡμᾶς
1481 5735 1942 5813 ἀποκρύπτουσιν.
