4104 6210
389 336 506 399 967

386 563 519 615 tum
549 571 751 613 vocem
782 553 1036 609 breviter
1057 549 1457 619 memorando,
1485 549 1730 604 referam
1762 565 2043 622 magnum

389 648 561 704 illum
580 649 797 703 costum
820 641 892 698 ad
913 639 1138 712 regium
1158 637 1281 693 ludi
1305 636 1851 710 magistrum,quem
1880 638 2048 710 prius

383 739 514 812 jam
544 733 749 791 multis
781 730 975 787 modis
1010 728 1259 783 miratus
1290 743 1445 796 sum,
1478 743 1709 782 sacrum
1742 726 2047 800 appellans

388 821 941 898 templum,quando
971 833 1105 873 eum
1127 815 1396 872 videbam
1419 814 1594 888 pallio
1616 815 1893 871 indutum
1915 832 2051 889 apo-

393 915 623 981 stolico,
655 910 931 969 omnibus
964 924 1092 980 qua:
1125 908 1353 963 animas
1384 906 1691 961 enutriunt
1720 906 1856 962 inde
1886 923 2052 962 coru-

390 1006 676 1069 scantem,
709 997 879 1055 bonis
913 995 1192 1052 omnibus
1222 996 1522 1063 refertum,
1559 994 1768 1049 animae
1802 994 2050 1049 nutrito-

397 1108 543 1163 rem,
618 1088 747 1145 vitae
823 1087 1114 1151 datorem,
1191 1082 1487 1140 felicitatis
1557 1082 1915 1154 largitorem.
1987 1082 2053 1137 Et

399 1196 619 1238 manna
675 1181 873 1233 mente
945 1173 1340 1244 concipiebam
1414 1172 1642 1228 ccelitus
1703 1172 2050 1240 demissum,

403 1270 734 1343 pluensque
754 1281 870 1320 non
900 1268 1133 1319 tantum
1152 1260 1251 1317 isti
1281 1259 1368 1315 vel
1407 1259 1495 1314 illi
1530 1276 1600 1316 ex
1620 1259 1919 1332 gentibus,
1950 1259 2051 1315 sed

397 1356 635 1433 populis
665 1352 956 1411 universis
985 1350 1202 1422 quibus
1234 1349 1335 1406 Dei
1367 1354 1505 1405 nota
1533 1349 1598 1404 ﬁt
1627 1350 1886 1422 potentia
1910 1366 1923 1406 ε
1951 1348 2052 1422 qui

392 1463 598 1504 omnes
629 1460 848 1500 manna
877 1441 1055 1512 hujus
1086 1439 1214 1495 cibo
1240 1438 1409 1511 potiti
1432 1442 1591 1503 sunt,
1615 1442 1673 1493 et
1695 1437 1791 1493 alii
1816 1437 2053 1493 aliunde

395 1537 770 1594 accurrentes
802 1531 874 1586 ad
896 1528 1041 1585 illud
1065 1527 1528 1599 recolligendum
1559 1526 1972 1582 laboraverunt
1996 1530 2055 1582 et

396 1625 468 1679 ad
500 1622 854 1680 tradendum
903 1620 1122 1674 bonum
1173 1618 1411 1671 fuerunt
1467 1615 1714 1671 incitati.
1767 1616 1905 1671 Inde
1939 1630 2050 1670 non

393 1718 628 1772 tantum
661 1712 719 1767 in
769 1726 872 1766 vas
932 1708 1231 1781 quoddam
1287 1712 1345 1763 ct
1390 1723 1610 1774 arcam,
1654 1722 1823 1762 suam
1864 1704 2054 1777 ipsius

397 1803 679 1868 animam,
732 1797 1144 1869 unusquisque
1200 1794 1344 1851 illud
1397 1795 1663 1862 immisit,
1718 1795 1819 1850 sed
1872 1794 2050 1849 etiam

378 1890 462 1947 ‘in
493 1884 939 1946 memorialibus
970 1883 1138 1941 libris
1168 1883 1619 1955 inscripserunt,
1648 1887 1713 1938 ut
1741 1899 1856 1937 non
1888 1880 2050 1937 Salo-

399 1993 537 2033 mon
566 1977 740 2031 modo
772 1978 1009 2046 propter
1053 1971 1404 2043 sapientiam
1452 1969 1812 2037 laudaretur,
1846 1985 2049 2025 verum

396 2067 574 2123 etiam
607 2050 927 2136 i‘mperator
954 2066 1175 2128 noster,
1208 2065 1389 2131 utque
1433 2064 1635 2114 contra
1677 2059 1878 2114 hostes
1906 2058 2053 2113 visi-

395 2155 545 2212 biles
578 2154 650 2210 ab
673 2153 801 2226 ipso
829 2148 1183 2218 confirmati,
1211 2149 1284 2205 ab
1309 2149 1435 2220 ipso
1451 2149 1623 2204 etiam
1648 2148 1826 2204 robur
1850 2151 2054 2203 contra

398 2242 738 2318 spirituales
769 2240 1155 2315 accipiamus.

469 2370 559 2426 33.
594 2369 713 2426 Ista
767 2366 1005 2440 quidem
1066 2364 1298 2436 aliaque
1350 2362 1461 2419 alio
1513 2367 1777 2435 tempore
1805 2365 2055 2418 tractare

397 2458 650 2532 juvabit,
677 2474 748 2514 ne
778 2455 921 2512 talia
940 2458 1335 2523 recantantes,
1358 2468 1698 2524 arguamur,
1719 2450 1879 2507 velut
1899 2450 2055 2524 apud

404 2547 750 2615 Hesiodum,
780 2545 994 2601 iterum
1041 2542 1392 2599 consevisse.
1447 2541 1613 2598 Nunc
1658 2545 1856 2597 autem
1905 2544 2057 2595 cate-

412 2637 661 2696 chistam
708 2636 892 2691 istum
936 2648 1044 2704 ego
1074 2649 1208 2687 cum
1255 2631 1526 2703 paradiso
1574 2629 1891 2702 voluptatis
1921 2645 2057 2684 con-

413 2727 534 2783 fero
586 2724 647 2779 in
698 2739 813 2796 quo
869 2725 1171 2794 ponuntur
1221 2719 1504 2775 fortitudo
1560 2723 1617 2775 et
1672 2717 1946 2774 alacritas
1985 2716 2058 2772 ad

410 2814 685 2870 virtutem
715 2809 1105 2881 impellentes,
1131 2824 1233 2881 per
1252 2824 1400 2879 quas
1418 2824 1623 2863 rursus
1647 2807 1847 2862 Adami
1879 2805 2059 2862 vitam

410 2904 649 2975 peccato
679 2901 1051 2967 anteriorem,
1102 2914 1203 2952 seu
1257 2896 1467 2967 prioris
1519 2896 1833 2951 creationis
1871 2895 2059 2950 susci-

412 2990 671 3063 piamus,
703 2986 942 3059 ponitur
970 2984 1144 3040 ctiam
1178 2985 1237 3038 in
1280 2982 1552 3039 felicitate
1590 2984 1770 3039 doctae
1801 2988 2059 3038 contem-

415 3075 714 3151 plationis,
740 3075 855 3131 vita
904 3074 1158 3147 perfecta
1207 3075 1507 3143 materque
1558 3072 1822 3127 omnium
1855 3071 1915 3126 in
1948 3071 2061 3127 Deo

1172 325 1596 391 EUSTATHII
1638 324 2403 395 THESSALONICENSIS
2450 333 3033 397 METROPOLITE

460 470 551 524 32.
582 466 693 523 Sed
724 479 829 536 ego
857 463 975 519 vim
1001 460 1291 519 adhibebo
1321 457 1591 528 carmini,
1623 464 1681 514 et
1710 476 1886 515 unam
1910 465 2042 515 tan-
2070 474 2126 540 Α

3692 330 3813 394 968

2229 460 2338 539 λβ’.
2371 465 2529 522 Ἀλλ’
2559 465 2665 543 ἐγὼ
2700 466 2958 542 βιάοομαι
2986 465 3087 534 τήν
3119 461 3290 535 ᾠδὴν,
3321 463 3409 518 καὶ
3466 463 3815 535 ἀκούσματος

2156 553 2270 615 ἑνὸς
2322 558 2450 628 γοῦν
2502 556 2641 631 πρὸς
2701 553 2879 633 βραχὺ
2936 554 3311 627 μεμνήσομαι,
3361 551 3452 606 καὶ
3511 553 3820 625 ἀναμνήσω

2154 642 2246 697 τὸν
2284 641 2447 718 μέγαν
2478 648 2669 699 τοῦτον
2700 642 2972 717 σύλλογον
3000 646 3101 697 τοῦ
3154 639 3441 717 βασιλικοῦ
3490 659 3821 715 κατηχητη-

2157 731 2279 807 ρίου
2329 731 2554 804 ἐκείνου,
2586 733 2644 787 ’ὀν
2693 734 2762 787 τά
2807 732 2913 806 πρὸ
2951 730 3151 786 τούτου
3192 731 3288 803 μὲν
3314 726 3632 791 πολυειδῶς
3665 727 3820 793 ioco-

2162 840 2324 891 μασα,
2381 820 2442 874 τὸ
2500 820 2643 894 ἱερὸν
2703 817 3105 896 παραλαλήσας
3181 818 3502 892 ἀνάκτορον,
3564 817 3658 872 ὅτε
3728 817 3819 871 καὶ

2160 908 2352 979 ὀθόιην
2401 907 2557 963 αὐτὸν
2603 908 2975 976 ἀποστολικὴν
3022 907 3312 983 ἐθεώρουν,
3374 902 3629 985 ἕμφωτον
3686 906 3821 961 πάνυ

2156 1018 2287 1065 των,
2336 996 2434 1052 ὅσα
2487 998 2672 1074 τρὲφὶι
2732 997 3169 1073 ψυχὰς,παντὸς
3206 995 3411 1071 ἀγαθοῦ
3467 992 3817 1066 πλήθουσαν,

2160 1085 2533 1164 ψυχοτρόφον,
2595 1083 2884 1162 βιόδωρον,
2947 1079 3313 1161 ὀλϐιόδωρον.
3374 1084 3474 1139 Καὶ
3536 1086 3710 1157 μάννα
3758 1080 3819 1138 δὲ

2158 1175 2541 1250 προσενενόουν
2585 1174 2873 1250 οὐρανόθεν
2929 1175 3275 1250 κατενεχθέν,
3316 1172 3406 1228 καὶ
3470 1173 3702 1249 βρεχθὲν
3754 1171 3818 1227 οὗ

2159 1262 2341 1337 τούτῳ
2372 1266 2407 1337 ἢ
2441 1262 2630 1336 ἐκείνῳ
2680 1269 2798 1326 τοῖς
2853 1257 3081 1336 ἔθνεσιν,
3127 1260 3273 1317 ἀλλὰ
3328 1268 3446 1326 τοῖς
3497 1262 3822 1336 ἁπανταχοῦ

2162 1350 2339 1425 λαοῖς,
2400 1354 2481 1417 οἷς
2532 1356 2665 1409 Θεοῦ
2737 1351 3053 1430 ἐγνώρισται
3112 1349 3341 1425 δύναμις
3377 1372 3389 1385 ·
3450 1350 3505 1405 οἳ
3565 1357 3667 1420 τῆς
3722 1354 3822 1404 τοῦ

2165 1442 2335 1516 μάννα
2386 1442 2580 1498 τούτου
2638 1442 2852 1518 βροχῆς
2910 1440 3033 1496 ὅλοι
3087 1440 3361 1517 γεγόνασι,
3392 1439 3484 1494 καὶ
3515 1438 3823 1514 δραμόντες

2162 1528 2335 1595 ἄλλος
2378 1530 2612 1595 ἄλλοθεν
2659 1528 2813 1605 ἔργον
2866 1526 3046 1585 ἔθεντο
3092 1530 3193 1598 τήν
3247 1528 3443 1584 τούτου
3479 1529 3825 1603 συναγωγὴν,

2161 1618 2250 1674 καὶ
2310 1617 2627 1689 διαδοθῆναι
2685 1620 2747 1673 τὸ
2795 1617 2962 1673 καλὸν
3018 1612 3467 1690 ἐπρεσϐεύσαντο.
3527 1616 3829 1680 Κάντεῦθεν

2162 1709 2227 1764 οὐ
2287 1709 2451 1782 μόνον
2506 1709 2581 1772 ὡς
2634 1705 2710 1772 εἵς
2780 1729 2903 1763 τινα
2963 1706 3197 1782 στάμνον
3259 1706 3349 1761 καὶ
3394 1700 3666 1772 κιϐωτὸν,
3727 1707 3830 1775 τὴν

2165 1801 2355 1856 ἑαυτοῦ
2411 1800 2621 1875 ψυχὴν,
2672 1795 2898 1862 ἕκαστος
2945 1797 3076 1854 αὐτὸ
3134 1796 3473 1869 ἐναπέθεντο,
3526 1796 3678 1853 ἀλλᾶ
3732 1795 3826 1851 καὶ

2159 1887 2349 1951 ἄλλως
2396 1887 2473 1952 είς
2542 1886 2927 1961 μνημοσύνους
2963 1881 3191 1963 βίϐλους
3235 1884 3557 1962 ἐνέγραψαν·
3584 1883 3684 1940 ἵνα
3743 1886 3822 1958 μὴ

2164 1978 2331 2052 μόνον
2379 1976 2651 2051 Σολομῶν
2705 1976 2791 2031 ἐπὶ
2851 1977 3015 2054 σοφίᾳ
3043 1970 3425 2050 πρεσϐεύοιτο,
3455 1973 3609 2030 ἀλλὰ
3667 1976 3759 2029 καὶ
3795 1976 3826 2030 ὁ

2163 2065 2431 2142 ἡμέτερος
2478 2064 2751 2142 βασιλεύς’
2781 2064 2872 2120 καὶ
2932 2066 2984 2119 οἱ
3042 2064 3179 2119 κατὰ
3227 2068 3335 2119 τῶν
3393 2062 3533 2137 πρὸς
3576 2062 3832 2133 αἴσθησιν

2162 2155 2375 2232 ἐχθρῶν
2424 2156 2552 2232 παρ’
2599 2155 2766 2209 αὐτοῦ
2814 2152 3237 2231 κραταιούμενοι
3270 2151 3496 2229 ἔχοιμεν
3554 2149 3625 2207 δι’
3658 2151 3831 2207 αὐτοῦ

2235 2244 2249 2265 ‘
2393 2244 2406 2261 ἴ
2484 2248 2509 2260 ν
2591 2244 2604 2261 9
2664 2243 2675 2261 Ι
2936 2240 2960 2260 ’ἢ

2162 2265 2251 2299 και
2280 2265 2418 2299 κατα
2444 2265 2552 2298 των
2580 2264 2828 2320 ασαρκων
2861 2242 3232 2318 ἆνορίζεσθαι.

2236 2368 2345 2444 λγ’.
2378 2368 2486 2426 Καὶ
2543 2373 2768 2425 τοιαῦτα
2827 2368 2921 2441 μὲν
2985 2388 3077 2441 μοι
3131 2368 3199 2422 τὰ
3218 2367 3344 2423 τότε
3371 2366 3464 2421 καὶ
3494 2363 3643 2421 ἄλλα
3674 2365 3834 2438 οἶμαι

2172 2459 2309 2535 πρὸς
2360 2456 2792 2536 γλαφυρότατον,
2841 2454 2934 2511 ’ίνα
2991 2456 3068 2529 μὴ
3129 2456 3300 2511 ταυτὰ
3374 2454 3466 2509 καὶ
3534 2458 3625 2509 νῦν
3706 2454 3838 2508 ἀνα-

2165 2546 2433 2609 πλοῦντες
2534 2546 2633 2615 τὴν
2721 2546 2848 2620 παρ’
2914 2540 3155 2616 Ἡσιόδῳ
3239 2541 3558 2618 ἐπισπορίαν
3647 2540 3835 2615 ὥσπερ

2167 2635 2658 2711 ἐπεγκληθείημεν.
2715 2636 2828 2692 Νῦν
2882 2631 2941 2688 δὲ
2987 2633 3081 2688 τὸν
3140 2634 3563 2708 κατηχητήριον
3622 2630 3833 2685 ἐκεῖνον

2167 2723 2278 2800 ἐγὼ
2334 2723 2427 2780 καὶ
2486 2723 2562 2787 ὡς
2620 2721 2699 2786 είς
2736 2729 2950 2799 τρυφῆς
3006 2718 3330 2797 παράδεισον
3388 2721 3634 2794 τίθεμαι,
3677 2719 3732 2774 ὲν
3783 2720 3833 2791 ᾧ

2166 2814 2398 2879 τέθειται
2437 2813 2531 2887 μὶν
2557 2812 2648 2868 καὶ
2704 2813 2768 2868 τὸ
2820 2810 2902 2866 ἐπ’
2930 2811 3128 2885 ἀρετὴν
3187 2809 3491 2887 προτρέπον
3552 2806 3834 2885 ἀνδρῶδες

2167 2903 2259 2958 καὶ
2289 2902 2608 2978 πρακτικὸν,
2642 2898 2712 2956 δι’
2744 2902 2807 2956 οὗ
2839 2899 2915 2964 εἷς
2941 2901 3031 2955 τὸν
3077 2900 3184 2975 πρὸ
3232 2903 3330 2965 τῆς
3380 2899 3647 2975 ἁμαρτίας
3712 2899 3832 2974 βίον

2169 2989 2573 3068 ἀναδράμοιμεν
2632 2989 2693 3045 ἂν
2749 2990 2842 3046 τὸν
2903 2986 3248 3062 Ἀδαμιαῖον,
3286 2989 3377 3044 τὸν
3435 2995 3539 3059 τῆς
3597 2987 3833 3064 πρώτης

2170 3078 2444 3143 πλάσεως·
2474 3080 2707 3144 τέθειται
2739 3075 2800 3133 δὲ
2845 3077 2936 3133 καὶ
2981 3078 3106 3133 ὅσον
3156 3078 3211 3132 ἐν
3265 3076 3466 3149 εὐζωίᾳ
3515 3075 3833 3155 φιλοσόφου

412 3166 758 3235 viventium,
806 3163 951 3219 illud
1003 3168 1322 3235 augustum
1372 3167 1496 3216 Eva:
1545 3177 1780 3225 nomen,
1820 3177 2062 3231 serpens

413 3272 541 3276 __-,,-
582 3253 778 3276 _-_II--_
813 3268 1189 3276 ....-_-..---.-.....
1222 3249 1581 3276 ,ξι.21.ι..η,....ιι
1620 3249 2033 3276 ..Ᾱ“κ.ι-..ζιιεη.ηη

2175 3168 2420 3244 θεωρίας.
2459 3169 2571 3238 ζωὴ
2606 3168 2856 3242 ἄντικρυς
2888 3166 2978 3221 καὶ
3027 3169 3215 3242 μήτηρ
3245 3172 3365 3228 τοῖς
3410 3165 3463 3221 ἐν
3523 3171 3643 3239 θεῷ
3676 3170 3835 3238 ζῶσι,

2239 3264 2265 3274 ~
2389 3255 2413 3276 δ
2433 3260 2445 3276 \
2550 3258 2563 3274 ι
2670 3259 2699 3269 ~
2794 3252 2860 3276 n'l
3135 3258 3145 3276 Ι
3285 3253 3311 3276 Ἰ
3470 3254 3517 3276 h‘
3625 3255 3639 3275 ν
3656 3253 3682 3276 δ
3804 3260 3833 3271 ς

412 3272 550 3314 vero
581 3253 782 3311 nullus
813 3268 1191 3308 murmurans
1221 3249 1583 3322 siliilansque
1618 3249 2059 3322 adiperniciem.

412 3344 521 3401 Sed
552 3343 612 3399 in
648 3358 832 3398 unum
865 3339 1218 3397 conveniunt
1247 3337 1504 3411 operatio
1536 3343 1589 3394 et
1625 3337 2061 3409 contemplatio,

413 3439 492 3506 et,
525 3431 841 3506 duplicatis
894 3430 1145 3499 viribus,
1196 3434 1400 3485 contra
1450 3430 1790 3484 mendacem
1834 3427 2062 3500 conspi-

415 3527 569 3592 rant,
601 3527 659 3579 ct
688 3520 886 3594 procul
938 3535 971 3573 a
1021 3518 1291 3590 paradiso
1343 3517 1586 3587 ejiciunt
1640 3517 2061 3573 insidiatorem.

414 3616 502 3670 Ibi
532 3613 707 3670 etiam
740 3611 900 3668 ensis
953 3609 1285 3680 ﬂammiger
1334 3613 1538 3664 contra
1585 3608 1717 3664 illos
1765 3607 2067 3664 exacuitur

413 3703 697 3777 fulgidus,
728 3701 936 3773 igneus
966 3703 1023 3755 et
1053 3698 1293 3754 omnino
1324 3697 1701 3765 inaccessus;
1732 3698 1901 3753 nobis
1932 3712 2064 3753 vero

401 3796 579 3867 .patet
607 3789 895 3863 regalium
945 3804 1282 3843 sermonum
1341 3785 1695 3842 convivium.
1744 3785 1859 3857 Ego
1888 3783 2065 3840 etiam

418 3896 687 3937 mensam
719 3877 860 3935 solis
916 3876 1155 3949 aspicio,
1190 3892 1303 3931 non
1363 3873 1597 3946 qualern
1645 3873 1893 3930 historia
1942 3891 2064 3929 ma-

419 3969 548 4043 gica
603 3968 884 4023 instruxit
942 3963 1256 4021 sensilibus
1312 3968 1584 4019 onustam
1644 3964 1913 4035 dapibus,
1963 3963 2063 4019 sed

417 4074 571 4125 eam,
603 4072 781 4128 quam
831 4054 1167 4126 imperator,
1218 4051 1303 4108 sol
1349 4057 1565 4121 noster,
1616 4050 1905 4125 spirituali
1938 4051 2066 4108 cibo

416 4144 791 4202 vescentibus
821 4141 1113 4214 apposuit.
1153 4141 1234 4196 Ibi
1261 4140 1520 4196 vidimus
1549 4146 1603 4197 et
1644 4141 1977 4199 audivimus
2002 4158 2069 4196 ea

420 4234 493 4291 ad
525 4250 649 4306 quae
682 4232 1051 4289 offenderunt
1076 4230 1177 4301 qui
1204 4228 1305 4285 illa
1352 4234 1485 4285 ante
1516 4246 1621 4285 nos
1667 4233 2062 4286 evocaverant.

420 4321 725 4394 Regnavit,
759 4319 913 4376 sicut
943 4319 1261 4392 imperator
1289 4335 1467 4389 super
1496 4335 1701 4375 omnes
1730 4323 1955 4391 gentes,
1988 4319 2069 4374 ita

420 4416 479 4469 et
510 4408 830 4467 catechista
860 4424 1039 4481 super
1093 4423 1299 4462 omnes
1348 4406 1719 4463 litteratores.
1754 4408 1870 4480 Ego
1902 4407 2069 4464 illum

424 4505 490 4557 ut
511 4504 784 4557 ornatum
806 4496 1163 4570 aspiciebam
1186 4494 1328 4568 regii
1346 4495 1693 4551 diadematis
1715 4496 1885 4569 cujus
1906 4496 2070 4553 deco-

2172 3264 2334 3315 τοῦτο
2386 3255 2454 3327 δὴ
2510 3258 2573 3312 τὸ
2628 3259 2726 3326 τῆς
2790 3252 2928 3320 Εὔας
2986 3258 3219 3329 σεμνόν·
3282 3253 3407 3333 ὄφις
3467 3254 3527 3311 Si
3579 3253 3836 3330 οὐδαμοῦ

2172 3348 2418 3423 ψίθυρος,
2476 3344 2603 3401 οὐδὲ
2661 3346 2925 3421 συριγμὸς
2981 3345 3056 3408 είς
3108 3342 3357 3420 ὄλεθρον.
3411 3343 3574 3401 Ἀλλ’
3647 3345 3730 3408 εἰς
3782 3345 3842 3401 ἓν

2171 3438 2367 3507 ἥκουσι
2424 3436 2614 3512 πρᾶξις
2671 3435 2761 3490 καὶ
2834 3435 3055 3510 θεωρία,
3113 3434 3250 3508 [καὶ]
3304 3432 3629 3504 δυαζόμεναι
3702 3436 3844 3489 κατὰ

2169 3531 2268 3582 τοῦ
2323 3525 2634 3587 ἁπατεῶνος
2690 3524 3046 3597 συμπνέουσι,
3105 3524 3195 3578 καὶ
3251 3522 3444 3600 πόῤῥω
3499 3527 3600 3579 τοῦ
3656 3544 3838 3599 παρα·

2174 3612 2353 3670 δείσου
2414 3611 2682 3690 βάλλουσι
2738 3613 2831 3668 τὸν
2902 3608 3219 3669 ἐπίϐουλον.
3280 3612 3572 3668 Κάντεῦθεν
3630 3613 3726 3668 καὶ
3794 3615 3832 3683 ἡ

2174 3701 2407 3781 φλογίντ⁸
2469 3702 2716 3780 ῥομφαία
2768 3704 2885 3758 κάτ’
2945 3701 3181 3765 ἐκείνους
3242 3702 3498 3758 ἀκονᾶται
3577 3700 3837 3757 στιλπνό-

2173 3816 2329 3851 τατον
2388 3793 2477 3848 καὶ
2546 3791 2812 3870 φλογερὸν
2870 3793 2960 3849 καὶ
3011 3792 3301 3867 ἀπρόσιτον
3338 3812 3352 3827 ⁸
3409 3795 3545 3865 ἡμῖν
3627 3791 3689 3848 δὲ
3756 3793 3833 3855 εἷς

2176 3883 2489 3960 εὐπρόσιτον
2523 3882 2801 3960 στρέφεται
2856 3882 2955 3951 τὴν
2990 3880 3041 3937 ἑν
3089 3880 3275 3956 λόγοις
3334 3880 3629 3958 βασιλικὴν
3686 3881 3831 3937 ἰκτί-

2172 3994 2270 4045 νην
2325 3969 2663 4029 πανδαισίαν.
2726 3972 2865 4048 Ἐγὼ
2923 3971 3016 4026 καὶ
3067 3970 3233 4041 ἡλίου
3283 3970 3554 4046 τράπεζαν
3613 3975 3830 4046 θεωρῶ,

2177 4061 2283 4138 οὐχ
2340 4058 2456 4116 οἵαν
2514 4062 2551 4130 ἡ
2597 4063 2697 4128 τῆς
2767 4060 3010 4135 ἱστορίας
3079 4059 3378 4135 ὀψαρτυσία
3441 4059 3832 4135 παρατίθησιν,

2175 4150 2343 4221 ἡλίου
2395 4150 2490 4223 μὶν
2544 4148 3030 4222 ἐπωνομασμένην,
3076 4149 3406 4224 σεσαγμὲνην
3456 4145 3515 4203 δὲ
3575 4149 3836 4224 βρώμασι

2174 4244 2292 4303 τοῖς
2346 4239 2481 4315 πρὸς
2554 4233 2840 4309 αἴσθησιν·
2897 4234 3044 4292 ἀλλὰ
3098 4237 3393 4313 τράπεζαν,
3450 4236 3512 4305 ἦν
3577 4236 3838 4312 βασιλεὺς

2176 4327 2339 4399 ⁴ἥλιος
2398 4328 2427 4382 ὁ
2482 4326 2750 4402 ἡμέτερος
2805 4330 2922 4388 τοῖς
2977 4325 3045 4380 τὰ
3093 4325 3436 4399 πνευματικὰ
3490 4328 3843 4399 σιτουμένοις

2176 4416 2543 4489 προτέθεικεν.
2601 4411 2835 4485 Εῗδομεν
2884 4414 3050 4485 ἡμεῖς
3096 4415 3394 4482 τηνικαῦτα
3447 4411 3539 4467 καὶ
3595 4411 3842 4481 ἠκούσα-

2187 4523 2302 4577 μεν,
2334 4504 2467 4579 ἅπερ
2499 4503 2550 4557 οἱ
2580 4502 2687 4577 πρὸ
2719 4503 2881 4574 ἡμῶν
2913 4499 2967 4556 ἐν
3017 4498 3190 4575 ἐφέσει
3241 4502 3560 4578 στράφοντες
3622 4500 3843 4573 ἀπελη-

422 4606 546 4646 rem
579 4605 693 4645 non
725 4587 863 4644 licet
890 4584 1120 4642 intueri.
1152 4584 1551 4641 Ccruscabant
1571 4585 1698 4655 ejus
1727 4585 1797 4640 de
1827 4584 2062 4641 luminis

2180 4576 2868 4660 λύθασινίἚϐασίλευσεν,
2901 4588 3083 4667 ὥσπερ
3116 4590 3145 4643 ὁ
3176 4576 3527 4666 αὐτοκράτωρ
3581 4589 3671 4645 ἐπὶ
3734 4596 3842 4645 πᾶν

421 4678 603 4747 fonte,
636 4676 945 4745 Trinitate,
978 4688 1279 4730 sermones
1311 4673 1691 4729 candidarum
1726 4690 1882 4730 more
1911 4690 2073 4747 gem-

426 4783 679 4823 marum.
713 4764 1012 4820 Rutilabat
1040 4761 1268 4834 fulgore
1298 4761 1571 4819 carbonis
1623 4764 1752 4833 ejus
1780 4763 1851 4819 de
1880 4763 2077 4820 divina

423 4854 599 4911 Verbi
629 4851 1025 4908 incarnatione
1072 4850 1360 4918 doctrina,
1415 4866 1593 4923 quem
1647 4852 1893 4924 figuram
1928 4852 2077 4908 alte-

425 4960 553 4999 ram
591 4941 770 4997 lsaias
800 4940 1113 4996 carbonem
1143 4939 1466 5011 conspexit.
1516 4939 1786 4995 Altarum
1838 4941 2075 4997 claritas

428 5029 849 5104 cogitationum
868 5027 1024 5083 velut
1042 5027 1241 5083 lumen
1264 5028 1524 5083 enitebat
1549 5030 1703 5100 quod
1726 5036 1955 5086 noctem
1979 5047 2074 5086 oc-

428 5126 625 5193 cupat,
659 5119 897 5191 ejiciens
928 5135 996 5172 ex
1027 5117 1335 5172 altitudine
1366 5118 1761 5189 splendorem.
1797 5120 2076 5175 Humilia-

427 5209 555 5277 bas,
589 5208 912 5280 imperator
940 5204 1172 5275 eximie,
1202 5206 1604 5278 temetipsum,
1642 5212 1922 5279 tuamque
1956 5207 2077 5263 cel-

424 5299 749 5356 situdinem
782 5296 854 5353 ad
905 5312 1089 5351 unum
1139 5293 1537 5351 multitudinis
1587 5296 1979 5367 deprimebas,
2022 5303 2079 5354 et

423 5391 550 5444 erat
576 5386 739 5443 istud
771 5400 988 5441 aureus
1036 5382 1251 5456 fulgor,
1301 5383 1555 5439 nitidum
1606 5385 1897 5441 diadema.
1930 5386 2077 5443 Nam

428 5492 641 5534 aurum
672 5476 828 5548 quod
861 5473 1052 5545 magis
1098 5489 1273 5543 quam
1326 5477 1545 5530 caateraa
1599 5473 1864 5547 pretiosae
1898 5481 2078 5533 mate-

430 5566 530 5622 riai
561 5566 634 5621 ad
663 5564 784 5621 ima
828 5564 1032 5632 tendit,
1077 5562 1466 5621 nihilominus
1511 5570 1708 5621 tamen
1754 5565 1815 5621 in
1846 5583 2080 5623 omnem

2184 4676 2358 4752 ἔθνος,
2394 4679 2537 4735 οὕτω
2566 4677 2655 4734 καὶ
2688 4679 2716 4734 ὁ
2754 4680 3170 4755 κατηχητήριος
3229 4677 3430 4741 ἐκεῖνος
3490 4678 3580 4734 ἐπὶ
3634 4679 3843 4742 πάντας

2184 4768 2410 4845 λόγους,
2468 4770 2551 4831 οἷς
2611 4768 3033 4840 ἆπονενὲμηται.
3094 4768 3235 4844 Ἐγὼ
3313 4767 3402 4822 καὶ
3471 4768 3546 4830 ὡς
3626 4768 3842 4842 κόσμον

2183 4857 2342 4913 αὐτὸν
2404 4857 2667 4932 ἐθεώρουν
2750 4854 3038 4933 βασιλικοῦ
3097 4853 3458 4931 διαδήματος,
3515 4857 3684 4930 οὗπερ
3748 4857 3849 4912 οὐκ

2184 4946 2294 5002 ἔστι
2349 4947 2529 5011 θέσθαι
2577 4945 2817 5020 τίμημα.
2865 4946 3256 5024 Ἐφωσφόρουν
3310 4944 3361 5001 ἐν
3422 4945 3571 5018 αὐτῷ
3603 4948 3657 5000 οἱ
3718 4948 3846 5022 περὶ

2181 5038 2282 5105 τῆς
2312 5035 2635 5113 ἀρχιφώτου
2663 5030 2894 5110 Τριάδος
2954 5032 3110 5109 λόγοι
3160 5034 3235 5096 ὡς
3291 5031 3569 5090 διάλευκοι
3629 5035 3847 5112 μάργα-

2187 5145 2294 5202 ροι.
2354 5122 2691 5197 Ἐξέλαμπον
2765 5123 2842 5186 ὡς
2923 5122 2999 5185 εἷς
3072 5122 3396 5199 πυραύγειαν
3457 5124 3727 5199 ἄνθρακος
3779 5125 3850 5179 τὰ

2182 5219 2285 5284 τῆς
2339 5211 2484 5276 θείας
2519 5215 2616 5267 τοῦ
2675 5211 2854 5288 Λόγου
2906 5210 3251 5288 σαρκώσεως,
3283 5213 3343 5267 ὃν
3398 5213 3602 5289 τρόπον
3662 5210 3850 5286 ἕτερον

2185 5302 2276 5357 καί
2330 5298 2546 5362 Ἠσαίας
2609 5302 2847 5378 ἄνθρακα
2928 5299 3221 5374 ἐθεώρησε.
3276 5301 3347 5355 Τὸ
3408 5299 3461 5356 ἐν
3522 5302 3679 5377 βάθει
3736 5307 3847 5357 τῶν

2186 5388 2477 5464 νοημάτων
2508 5386 2761 5469 διαφανὲς
2793 5389 2868 5452 ὡς
2922 5387 3192 5465 λυχνίτης
3247 5388 3578 5466 ὑπηύγαζεν,
3609 5391 3671 5453 ’ὸς
3731 5387 3853 5445 οἶδε

2187 5483 2588 5556 κατεπιχειρεῖν
2656 5485 2758 5550 τῆς
2830 5479 3040 5549 νυκτὸς,
3094 5472 3452 5553 πυρεκϐολῶν
3528 5477 3589 5534 ἐκ
3644 5478 3851 5555 βάθους

2188 5569 2289 5638 τὴν
2344 5569 2736 5647 φωτοφάνειαν.
2794 5566 3168 5640 Ἐταπείνους,
3232 5565 3503 5642 βασιλέων
3564 5567 3851 5645 ὑπέρτατε,

435 5654 810 5726 splendorem
862 5655 1152 5714 coruscat.
1207 5650 1252 5709 Ο
1312 5650 1559 5710 dulcedo
1616 5653 2044 5729 colloquiorum

2193 5656 2437 5733 σεαυτὸν,
2466 5657 2558 5714 καὶ
2605 5655 2750 5714 οὕτω
2789 5658 2853 5714 τὸ
2897 5657 2988 5714 σὸν
3037 5655 3262 5734 ὕψιστον
3315 5654 3391 5720 εἰς
3427 5653 3526 5712 ἕνα
3549 5660 3663 5713 τῶν
3714 5655 3851 5714 πολ-
