4104 6210
219 391 346 455 969

1119 389 1563 454 Αιιοοῠτῐο
1605 387 2198 451 AD‘MANUELEM
2238 387 2718 451 COMMENUM.

3518 395 3641 458 970

220 523 337 581 λῶν
363 518 738 593 κατεϐίϐαζες·
793 523 884 578 καί
916 522 984 593 ἦν
1011 526 1172 578 τοῦτο
1203 520 1262 578 δὲ
1290 521 1497 597 χρυσέα
1527 515 1863 592 στιλϐηδὼν,

1986 537 2009 576 ο
2066 537 2519 594 argumenorum
2565 519 2730 592 copia
2768 521 2842 577 lo
2897 522 3149 580 altitudo
3214 525 3636 598 cogitationum

216 612 533 689 ὡραΐζουσα
555 614 617 668 τὸ
672 609 937 684 διάδημα.
986 612 1084 667 Καὶ
1136 613 1238 688 γὰρ
1294 632 1381 666 τοι
1435 611 1526 666 καὶ
1579 611 1607 665 ὁ
1666 608 1872 685 χρυσὸς

218 701 372 768 θέλει
436 703 555 775 μὲν,
612 698 763 778 εἶ’περ
792 722 877 764 τις
909 702 1063 777 ἑτέρα
1107 705 1214 756 τῶν
1245 701 1447 774 τιμίων
1506 698 1676 771 ὐλῶν,
1724 697 1872 753 κάτω

212 794 520 872 φέρεσθαι,
577 784 894 846 ἀναστίλϐει
957 787 1014 846 δὲ
1062 786 1216 863 ὅμως
1272 788 1348 852 είς
1404 789 1501 858 τὴν
1552 789 1685 863 ἄγαν
1733 786 1873 861 λαμ-

210 881 487 957 πρότητα.
520 882 592 937 ’Ἠ
633 878 910 956 γλυκύτης
941 877 1202 953 ὁμιλίαςι
1263 879 1329 933 Ὠ
1384 876 1622 940 πλοῦτος
1653 874 1873 955 ἐπιχει-

210 971 474 1045 ρήσεωνῑ
529 970 597 1024 ’Ὢ
658 967 953 1042 νοημάτων
1036 968 1218 1042 βυθὸς,
1288 962 1582 1041 τιθεμένων
1642 964 1870 1027 σκότους

209 1058 539 1136 ἀποκρυφθψ
584 1061 665 1130 τῷ
720 1057 1001 1132 βαθυτάτῳ
1048 1063 1148 1127 τῆς
1191 1055 1479 1133 γνώσεωςί
1512 1056 1577 1109 Ὠ
1608 1053 1866 1131 ῥημάτων

209 1153 355 1228 φῶς,
385 1145 672 1224 διαυγάζον
731 1147 795 1202 τὸ
861 1145 1030 1223 βάθος
1055 1150 1164 1201 τῶν
1195 1145 1500 1219 νοουμένων
1526 1148 1606 1217 τῷ
1635 1140 1865 1213 ἡλιώδει

205 1244 313 1307 τῆς
367 1237 657 1315 φράσεωςί
709 1236 773 1290 Ὢ
824 1232 1045 1312 γλῶσσα
1090 1233 1287 1310 πυρίνη
1323 1232 1656 1306 Πνεύματος,
1714 1251 1868 1308 μερι-

210 1327 417 1399 ζομὲνη
499 1325 593 1399 μὲν
679 1322 976 1395 ποικίλως,
1051 1324 1299 1388 ἑκάσταις
1361 1320 1418 1377 δὲ
1491 1324 1695 1397 ψυχαῖς
1745 1320 1867 1385 καθ’

210 1414 462 1487 ὀλότητα
535 1414 979 1490 ἐναρμόττουσα,
1040 1412 1159 1468 ἔνθα
1210 1412 1300 1467 καὶ
1358 1411 1525 1467 πλέον
1583 1406 1755 1465 ἔκειτο
1803 1410 1866 1464 τὸ

209 1504 413 1577 ξενίζον
470 1506 568 1558 τοῦ
618 1505 961 1580 πράγματος,
1018 1503 1107 1558 καὶ
1136 1501 1315 1558 πλείω
1343 1502 1411 1556 τὰ
1436 1501 1533 1556 τοῦ
1589 1498 1867 1571 θαύματος

212 1589 307 1648 διὰ
356 1593 460 1663 τήν
502 1589 843 1666 ἴδιοτροπίαν
877 1595 975 1647 τοῦ
1003 1591 1286 1667 κράματος
1311 1592 1324 1647 ί
1357 1589 1434 1647 Ού
1463 1589 1562 1666 γὰρ
1592 1593 1712 1650 τοῖς
1741 1587 1865 1663 περὶ

207 1680 413 1758 λόγους
464 1682 558 1754 μὲν
615 1681 643 1736 6
694 1680 859 1755 λόγος
912 1679 1118 1742 ἐκεῖνος
1165 1680 1234 1750 ἦν
1265 1678 1600 1753 εὐπρόσιτος,
1633 1675 1866 1748 ἐξὲκλειε

207 1768 273 1826 δὲ
326 1771 429 1840 τήν
504 1768 824 1845 ίδικωτέραν
874 1770 1131 1844 ἀκρόασιν
1165 1788 1177 1800 ·
1238 1769 1304 1823 αὗ
1361 1767 1524 1823 πάλιν
1584 1764 1863 1845 ἐφείλκετο

210 1859 313 1933 μὶν
364 1858 457 1915 τὸν
515 1857 885 1958 ἁπλούστερον
945 1855 1227 1958 ἕνθρωπον
1254 1902 1269 1930 ,
1343 1858 1370 1911 6
1430 1854 1487 1911 δὲ
1697 1854 1863 1958 λόγου
1901 1894 1946 1958 Β

201 1947 485 2026 τρόφιμος
514 1946 683 2020 μηδεν
711 1946 912 2003 ἐκεῖθεν
952 1942 1097 2023 ἔχων
1158 1946 1463 2022 ἀπήρχετο·
1517 1941 1642 2000 οὐδὲ
1678 1945 1741 1999 ἰὸ
1773 1945 1866 2018 μὲν

202 2058 262 2091 τι
318 2040 417 2090 τοῦ
470 2035 638 2112 λόγου
689 2035 906 2098 τούτοις
968 2034 1044 2098 εἰς
1104 2031 1307 2114 ὄφελος
1341 2081 1355 2106 ,
1411 2035 1475 2089 τὸ
1544 2032 1592 2087 δ’
1647 2032 1872 2097 ἐκείνοις

207 2123 596 2199 ἁπεμερίζετο.
643 2124 823 2180 ἈλΛᾶ
859 2126 949 2179 καὶ
995 2124 1059 2179 τὸ
1086 2123 1254 2180 καλὸν
1288 2122 1571 2196 ὁμοτίμως
1603 2121 1761 2178 παντὶ
1790 2126 1871 2194 τῷ

213 2212 379 2289 λόγῳ
427 2212 718 2285 ἐνὲλαμπε,
767 2213 858 2268 καὶ
889 2214 1027 2275 ἅπας
1058 2213 1411 2287 ἀκροώμενος
1466 2210 1600 2267 ὅλου
1649 2210 1718 2280 ἦν
1773 2214 1872 2266 τοῦ

214 2300 399 2357 καλοῦ
436 2346 449 2358 .
506 2303 754 2376 ’Έχομεν
812 2302 993 2357 τοίνυν
1054 2299 1143 2357 διὰ
1199 2306 1364 2356 ταῦτα
1424 2298 1729 2377 ὑπόδειγμα
1780 2298 1872 2355 καὶ

212 2394 387 2447 τοῦτο
437 2391 715 2465 κράματος
773 2387 933 2446 ἴδεῶν
993 2388 1492 2465 δυσκατεργάστου,
1563 2387 1874 2464 τεθρυλλη-

222 2478 395 2553 μένου
422 2484 539 2540 τοῖς
596 2478 913 2557 γράφουσιν,
976 2480 1108 2553 ὅπερ
1168 2478 1282 2533 ἐστῖ
1335 2478 1399 2533 τὸ
1425 2483 1739 2554 συναγαγεῖν
1798 2476 1876 2541 είς

214 2565 274 2623 ἓν
335 2567 629 2639 νοημάτων
681 2567 987 2640 σεμνότητα
1034 2568 1125 2622 καὶ
1172 2565 1502 2637 λεπτότητα,
1552 2566 1752 2638 καὶτῷ
1779 2569 1874 2621 τοῦ

216 2655 394 2733 λόγου
452 2654 710 2731 ἆξάρματι
768 2655 1119 2731 ἰγκαταμίξαι
1168 2657 1265 2719 τὰς
1323 2656 1553 2732 χάριτας
1587 2698 1598 2710 .
1660 2653 1729 2710 Εἴ
1768 2655 1872 2730 γὰρ

1984 610 2150 682 quasi
2182 612 2436 667 tenebris
2489 611 2860 666 abscondens
2910 612 3163 669 rationes
3220 614 3636 677 altissimaslo

1980 699 2289 756 verborum
2308 699 2405 755 lux
2426 700 2815 772 cogitatorum
2843 699 3218 759 altitudinem
3241 707 3635 777 expressionis

1982 787 2246 845 claritate
2270 787 2615 845 illustrans!
2659 806 2690 845 ο
2713 796 2883 861 ignea
2914 789 3167 861 Spiritus
3198 792 3422 865 lingua,
3481 795 3637 853 varie

1982 878 2221 949 quidem
2244 878 2577 949 dispertita,
2610 878 2712 933 sed
2744 877 2993 951 singulis
3023 880 3238 937 animis
3268 882 3495 956 integre
3533 902 3637 941 ac-

1981 967 2373 1032 commodata,
2407 965 2488 1021 ita
2519 971 2583 1021 ut
2615 966 2711 1022 ubi
2745 968 2937 1037 majus
2966 973 3089 1023 erat
3141 970 3221 1026 rei
3271 976 3633 1043 portentum,

1981 1055 2059 1110 ibi
2076 1056 2270 1127 majus
2292 1055 2645 1111 miraculum
2668 1056 3272 1128 proptersingularem
3291 1062 3635 1133 temperiem

1980 1144 2218 1216 praebet.
2252 1142 2481 1199 Etenim
2516 1142 2790 1198 litteratis
2849 1160 2963 1199 non
3021 1144 3232 1202 licebat
3288 1147 3421 1205 illos
3474 1150 3636 1208 adire

1978 1249 2279 1289 sermones
2305 1250 2318 1301 ;
2354 1232 2652 1288 noviorem
2684 1248 2819 1287 vero
2851 1231 3236 1289 occludebant
3265 1250 3633 1309 consessum;

1976 1338 2183 1377 rursus
2214 1322 2421 1377 rudem
2455 1321 2694 1394 quidem
2730 1319 3071 1378 alliciebant
3096 1322 3636 1394 bominem,litteris

1975 1416 2171 1467 autem
2201 1411 2497 1466 enutritus
2528 1408 2699 1481 quasi
2731 1408 2877 1464 nihil
2911 1410 3046 1465 inde
3098 1412 3337 1482 adjutus
3397 1417 3635 1472 recede-

1975 1500 2094 1566 bat,
2129 1516 2234 1555 neo
2264 1499 2383 1554 illis
2417 1499 2658 1571 quidem
2711 1499 2782 1553 ad
2856 1499 3194 1570 utilitatem,
3243 1518 3446 1559 verum
3505 1504 3635 1563 istis

1975 1588 2392 1644 detrahebatur
2419 1588 2624 1644 oratio.
2669 1587 2795 1643 Pari
2853 1592 3051 1643 tamen
3089 1590 3303 1646 honore
3335 1592 3527 1665 gratia
3571 1593 3633 1651 in

1974 1678 2131 1733 omni
2163 1679 2338 1733 verbo
2389 1677 2669 1743 enitebat,
2738 1676 3078 1749 singulique
3138 1680 3439 1738 auditores
3509 1684 3634 1740 tota

1975 1767 2324 1822 fruebantur
2353 1766 2561 1835 gratia.
2590 1769 2651 1820 In
2685 1765 2903 1837 quibus
2952 1766 3287 1838 exemplum
3345 1768 3634 1828 habemus

1977 1855 2135 1911 illius
2169 1860 2287 1910 tam
2321 1854 2579 1910 difﬁcilis
2608 1858 2847 1925 tamque
2878 1871 2911 1909 a
2942 1854 3329 1927 scriptoribus
3382 1857 3635 1916 laudatae

1979 1944 2301 1999 formarum
2324 1942 2909 2015 temperationis,qua
2930 1944 2986 1999 in
3002 1960 3186 1999 unum
3205 1952 3637 2018 congregantur

1979 2031 2398 2104 cogitationum
2461 2030 2716 2103 gravitas
2772 2034 2828 2086 et
2882 2031 3202 2098 subtilitas,
3257 2038 3314 2089 et
3341 2036 3633 2092 sermonis

1980 2120 2333 2175 sublimitati
2364 2120 2717 2175 conveniunt
2735 2118 2955 2191 gratias.
2988 2119 3062 2175 Ut
3083 2121 3240 2175 enim
3273 2120 3471 2194 aliqua
3493 2128 3634 2180 sunt

1981 2226 2112 2283 quaa
2145 2209 2296 2264 inter
2315 2225 2377 2265 se
2408 2208 2780 2282 pugnant,ita
2809 2211 2874 2263 ut
2904 2208 3028 2263 ﬁeri
3055 2226 3170 2264 non
3202 2211 3383 2281 possit
3414 2216 3479 2268 ut
3506 2212 3632 2269 leo-

1982 2298 2073 2354 nis
2107 2299 2479 2371 rugituseum
2498 2296 2760 2351 lusciniae
2780 2300 2956 2352 cantu
2979 2302 3370 2371 congruat,ita
3386 2316 3492 2357 nec
3505 2318 3631 2357 ser-

1985 2403 2186 2443 mones
2200 2386 2376 2442 simul
2398 2386 2817 2459 essegravitats
2837 2385 3022 2441 severi
3038 2396 3093 2442 et
3114 2387 3318 2460 gratiis
3354 2391 3515 2445 conci
3525 2390 3629 2445 nni

1984 2478 2143 2548 (nam
2178 2475 2332 2530 aliud
2367 2475 3155 2548 quidemarrogantim,aliud
3174 2482 3369 2533 autem
3386 2478 3631 2534 humili-

1983 2564 2123 2620 tatis
2153 2564 2440 2636 arguitur)
2472 2579 2600 2619 esse
2631 2568 2926 2635 poterunt,
2957 2569 3155 2621 tamen
3180 2566 3260 2621 ibi
3289 2565 3499 2623 callide
3515 2567 3632 2624 ista

1985 2658 2314 2724 temperatu
2342 2652 2607 2708 difficilia
2638 2658 2806 2708 erant
2826 2669 2951 2708 com
2964 2654 3159 2709 mista.

213 2745 313 2800 καὶ
348 2743 535 2806 ἄλλως
568 2739 871 2819 ἀσύμϐατα,
907 2745 1089 2820 ὥσπερ
1123 2746 1426 2821 βρυχᾶσθαι
1456 2742 1726 2799 λεόντειον
1757 2741 1847 2797 καὶ
1879 2738 2123 2797 κελαδεῖν
2156 2740 2230 2802 ὡς
2275 2736 2581 2809 ἀηδόνειον,
2627 2737 2771 2793 οὕτω
2826 2739 2918 2794 καὶ
2971 2747 3458 2816 σεμνοπροσωπεῖν
3519 2743 3635 2817 ἅμα

210 2832 351 2896 τοὺς
381 2832 581 2910 λόγους
608 2833 699 2889 καὶ
726 2833 804 2898 εἰς
832 2834 997 2910 χάριν
1033 2831 1283 2911 διαγελᾷν
1318 2833 1515 2907 (ἐκεῖνο
1549 2832 1642 2906 μὲν
1681 2831 1783 2908 γὰρ
1814 2830 2004 2906 ὕψους,
2038 2828 2101 2884 τὸ
2132 2825 2179 2883 δ’
2209 2829 2407 2903 ἑτέρως
2434 2826 2565 2903 ἔχον
2594 2826 2880 2904 κρίνεται),
2921 2826 3050 2884 ἀλλ’
3097 2828 3324 2895 ἐνταῦθα
3356 2836 3628 2909 τεχνικῶς

215 2922 289 2977 τὰ
320 2918 559 2997 δυσχερῆ
590 2925 942 2999 κεράννυσθαι
979 2921 1259 2995 μέμικται.

292 3046 400 3105 λὸ“.
431 3046 491 3104 Τί
522 3045 590 3119 δὴ
648 3045 1040 3123 περιλὲλοιπας
1098 3050 1259 3121 ἡμῖν,
1293 3049 1337 3103 ὦ
1362 3046 1455 3103 καὶ
1514 3045 1879 3124 ἀνδρικώτατα

219 3136 315 3192 καὶ
374 3138 652 3217 σοφώτατε
712 3136 936 3212 βασιλΞῦ
969 3180 984 3208 ,
1038 3142 1156 3200 τοῖς
1215 3134 1322 3193 εἶ’τε
1375 3137 1709 3215 ῥητορικοῖς,
1773 3133 1879 3192 ε”τε

219 3227 315 3281 καὶ
373 3226 457 3299 (τὸ
509 3224 889 3303 λαμπρότερον
947 3225 1038 3281 καὶ
1071 3225 1202 3301 ὑπὲρ
1234 3228 1387 3301 ἡμᾶς
1450 3225 1643 3295 είπεῖν)
1675 3224 1874 3301 ῥήτορ-

225 3336 311 3370 σιν
351 3358 365 3383 ,
411 3313 463 3370 εἲ
504 3315 593 3370 καὶ
637 3314 859 3370 ἐνταῦθά
916 3336 1000 3370 σοι
1051 3314 1115 3370 τὸ
1166 3321 1432 3391 πρωτεῖον
1487 3313 1872 3390 ἀπενέγκασθαι

222 3402 579 3481 περιγίνεται,
657 3402 733 3467 εἵς
804 3424 863 3459 τε
928 3402 1218 3477 νοημάτων
1274 3402 1418 3458 οὕτω
1477 3404 1572 3475 μὶν
1597 3400 1870 3477 ἔντεχνον,

222 3491 374 3547 οὕτω
430 3488 489 3547 δὲ
555 3488 754 3547 ἄπονον
809 3488 1022 3569 εὔροιαν
1078 3492 1165 3546 καὶ
1227 3490 1303 3554 εἰς
1359 3489 1568 3553 κάλλος
1626 3491 1871 3569 φράσεως

217 3578 579 3657 αὐτοσχέδιον
615 3623 629 3650 ,
706 3581 798 3636 καὶ
876 3581 1010 3657 ἅπερ
1079 3583 1215 3654 ἡμῖν
1275 3579 1453 3657 μακρὰ
1508 3578 1872 3653 πονουμένοις

219 3668 421 3725 οὔκουν
479 3666 607 3725 οὐδὲ
666 3668 825 3725 εἶσέτι
882 3674 1178 3746 κατορθοῦν
1228 3664 1420 3739 ἔπεισι,
1462 3673 1632 3724 ταῦτα
1659 3667 1722 3722 σὺ
1781 3665 1872 3722 οὕ-

217 3779 334 3821 τως
391 3758 638 3833 ἁμογητὶ
697 3753 1115 3835 προϐέϐλησαις
1179 3758 1249 3813 Σὶ
1294 3755 1353 3814 δὲ
1405 3757 1466 3813 οὐ
1523 3758 1683 3832 μόνον
1713 3761 1874 3814 τοῦτο

216 3852 426 3921 κοσμεῖ
478 3847 541 3902 τὸ
587 3852 688 3903 τοῦ
759 3847 934 3923 λέγειν
981 3846 1148 3903 καλὸν
1184 3891 1198 3916 ,
1250 3845 1395 3904 ἀλλὰ
1457 3847 1542 3902 σοὶ
1594 3848 1682 3902 καὶ
1733 3842 1874 3902 ἄλλο

220 3935 522 4011 προσέθετο
596 3936 725 3992 Θεὸς
809 3936 1266 4012 ὑπερεκπερισσοῦ
1298 3979 1316 4007 ,
1391 3934 1481 3990 καὶ
1556 3933 1631 3997 ὡς
1705 3933 1874 3989 εἰπεῖν

224 4022 608 4097 ἱπικόσμημα,
665 4024 728 4079 τὸ
783 4023 1104 4101 περίτρανον
1157 4030 1257 4094 τῆς
1313 4029 1531 4103 φωνῆς,
1587 4024 1650 4078 τὸ
1705 4022 1877 4100 γλυκὺ

221 4119 329 4181 τῆς
380 4110 598 4182 λαλιᾶς,
657 4115 718 4168 τὸ
745 4112 1073 4190 στρογγύλον
1132 4119 1230 4183 τῆς
1289 4112 1554 4192 φράσεως.
1604 4111 1709 4168 Καὶ
1761 4114 1876 4167 οἷον

106 4186 127 4209 “
229 4203 329 4277 μὶν
388 4201 448 4256 ἃν
478 4201 664 4257 τὸτοῦ
718 4186 1025 4279 Ὁμηρικοῦ
1086 4186 1340 4277 μεγάλου⁷
1358 4201 1592 4278 ῥήτορος
1622 4202 1691 4272 ἦν
1723 4199 1877 4277 λιγύ-

225 4311 431 4369 φωνον,
493 4289 593 4345 οὐκ
639 4288 756 4367 ἔχω
804 4295 989 4367 σαφῶς
1039 4290 1226 4359 εἰπεῖν,
1269 4288 1384 4346 οὐδ’
1411 4292 1543 4367 ὅπερ
1602 4291 1880 4366 ἀγορητής

222 4379 297 4449 ἦν
358 4379 563 4442 ἐκεῖνος
613 4379 788 4456 λιγύςο
846 4378 922 4444 εἷς
967 4380 1025 4435 σὶ
1052 4377 1109 4434 δὲ
1141 4380 1381 4455 ἀφορῶν,
1414 4376 1529 4455 ἔχω
1553 4378 1641 4434 καὶ
1674 4377 1877 4433 ἐκεῖνον

225 4473 567 4523 συνεπινοεῖν
646 4467 792 4544 τάχα
874 4469 934 4523 ἄν
990 4468 1237 4524 τοιοῦτόν
1290 4489 1410 4523 τινα
1466 4462 1694 4523 ἐκϐάντα
1744 4467 1880 4544 πρὸς

224 4556 460 4634 φύσεως.
511 4558 609 4612 Καὶ
643 4557 738 4630 μὶν
769 4555 982 4630 (ἄλλως
1040 4557 1227 4628 εἰπεῖν)
1285 4558 1346 4612 τὸ
1408 4559 1502 4629 μὲν
1556 4555 1684 4631 λιγὺ
1742 4557 1881 4631 πρὸς

229 4642 469 4714 ὀξύτητα
498 4650 685 4721 φωνῆς
732 4643 917 4719 ἀνάγει
972 4644 1064 4699 τὸν
1119 4648 1266 4699 νοῦνο
1326 4644 1459 4699 αὐτὸ
1512 4641 1569 4699 δὲ
1621 4643 1682 4698 ού
1738 4644 1876 4699 πάνυ

221 4752 281 4787 τι
341 4731 556 4806 εὐγενὲς
615 4731 666 4787 ἰν
727 4737 972 4811 φωναῖς,
1040 4730 1186 4788 ἆλλᾶ
1244 4730 1477 4787 παιδίων
1537 4732 1630 4807 μὶν
1690 4731 1882 4805 ἡλικίᾳ

227 4818 535 4898 σύμφυτον.
572 4820 669 4875 Καὶ
726 4821 901 4896 γέρων
959 4818 1036 4891 δὲ,
1091 4821 1149 4875 ὃν
1209 4820 1284 4883 εἷς
1344 4818 1569 4876 δίπαιδα
1616 4821 1644 4876 ὁ
1679 4824 1881 4897 μακρὸς

227 4908 444 4985 χρόνος
464 4912 776 4986 κατήνεγκε,
837 4911 1062 4988 φωνήσῃ
1119 4910 1178 4965 ἃν
1242 4932 1374 4966 ποτε
1431 4911 1521 4982 ὀξὺ
1570 4912 1657 4967 καὶ
1698 4912 1879 4974 αὐτός’

230 4998 337 5053 οὐκ
363 4997 424 5052 ’ἂν
449 4994 508 5052 δὲ
550 4999 687 5075 γυνὴ
736 5002 835 5064 τῆς
878 4998 1136 5069 τοιαύτης
1181 4997 1470 5074 λιγύτ·ι,τος
1502 4997 1880 5058 ἀπολείποιτο.

230 5084 304 5142 δι’
350 5088 413 5155 ἢν
463 5087 552 5142 καὶ
603 5086 830 5150 Μούσας
880 5087 1092 5163 λιγείας
1151 5089 1179 5143 6
1239 5087 1401 5165 λόγος
1456 5096 1556 5159 τῆς
1612 5091 1885 5161 ποιήσεως

229 5175 599 5234 ἇνεπλάσατο.
643 5173 848 5231 Οὔκουν
882 5176 1090 5252 εὐγενὲς
1140 5176 1190 5232 ἐν
1244 5175 1462 5239 λαλιαῖς
1515 5178 1578 5233 τὸ
1609 5175 1737 5253 λιγὺ
1782 5185 1884 5248 τῆς

229 5270 443 5345 φωνῆς.
503 5263 666 5322 Ἀλλ’
721 5264 827 5342 ἐγὼ
884 5265 948 5320 τὸ
1010 5267 1197 5342 τρανὶς
1255 5266 1307 5321 ἓν
1361 5267 1564 5343 εὐγενεῖ
1595 5268 1886 5346 φωνήματι

226 5355 323 5410 καὶ
352 5351 613 5433 διαφορὰν
663 5353 844 5431 λιγὲος
873 5355 1017 5433 φημὶ
1067 5355 1157 5411 καὶ
1208 5355 1394 5431 τοροῦ.
1451 5355 1550 5410 Καὶ
1579 5355 1640 5411 τὸ
1693 5355 1787 5429 μὲν
1831 5354 1883 5410 ἐν

230 5443 417 5520 ὑφέσει
465 5442 655 5520 κρίνω’
686 5443 751 5498 τὸ
781 5440 828 5498 δ’
863 5443 1212 5518 ὑπερτίθημι.
1271 5443 1370 5499 Καὶ
1419 5442 1591 5498 ἐκεῖνο
1643 5444 1735 5517 μὲν
1787 5444 1887 5500 οὐκ

227 5528 550 5608 ἀνδρώδους
626 5529 752 5588 οὔτε
827 5530 1052 5602 ἡλικίας
1128 5536 1395 5607 ἡγοῦμαι,
1473 5528 1595 5587 οὔτε
1650 5530 1882 5611 φύσεωςο

226 5625 398 5677 τοῦτο
446 5618 505 5677 δὶ
550 5620 893 5679 τελειότατόν
924 5642 984 5677 τε
1012 5623 1103 5677 καὶ
1135 5616 1469 5697 ἀνδρικὸνῚθ
1501 5618 1567 5691 δὴ
1601 5622 1689 5676 καὶ
1717 5625 1786 5696 τῇ
1817 5625 1885 5697 σῇ

229 5709 551 5787 ἰπιπρᾶπει,
583 5712 786 5789 φωνῇ),
842 5709 958 5783 οἷον
1009 5708 1100 5780 δὴ,
1126 5712 1325 5786 βροντὴ
1380 5714 1580 5787 πραεῖα
1604 5710 1886 5789 οὐρανόθεν

562 5830 824 5894 Panos.
877 5830 990 5894 Gn.
1036 5829 1330 5895 CXXXV.

2060 3045 2148 3101 34.
2190 3044 2337 3110 Quid
2396 3060 2532 3117 ergo
2588 3044 2757 3101 nobis
2815 3044 3129 3118 reliquisti,
3181 3048 3638 3121 generosissime

1988 3151 2054 3191 ac
2095 3133 2533 3207 sapientissime
2591 3134 2931 3207 imperator,
2990 3136 3161 3192 nobis
3231 3137 3353 3193 sive
3440 3139 3635 3195 rheto-

1989 3226 2175 3294 ribus,
2232 3225 2351 3281 sive
2409 3224 2584 3280 etiam
2643 3226 2733 3297 (ut
2787 3225 2944 3302 quid.
2982 3227 3051 3281 ad
3102 3225 3336 3282 laudem
3369 3233 3631 3284 nostram

1987 3314 2199 3385 dicam)
2259 3312 2612 3379 oratoribus,
2692 3329 2829 3368 cum
2886 3313 2990 3369 tibi
3046 3313 3105 3369 in
3194 3314 3288 3371 his
3372 3315 3633 3372 nobilius

1984 3404 2265 3459 debeatur
2295 3402 2622 3475 praemium,
2656 3407 2782 3458 tum
2815 3408 3049 3476 propter
3077 3403 3504 3477 cogitationum
3538 3422 3634 3462 sa-

1982 3492 2310 3563 gacitatem,
2338 3495 2465 3547 tum
2498 3496 2737 3564 propter
2791 3491 3022 3549 facilem
3078 3493 3523 3550 exuberantiam
3578 3498 3638 3552 et

1984 3579 2359 3654 improvisam
2387 3579 2735 3638 elocutionis
2766 3580 3143 3654 elegantiam,
3176 3599 3305 3655 quae
3328 3599 3456 3655 nos,
3524 3584 3637 3641 etsi

1985 3670 2206 3726 diutius
2235 3669 2591 3737 laborantes,
2622 3669 2903 3742 consequi
2927 3671 3188 3727 nondum
3217 3672 3537 3744 potuimus,
3571 3677 3639 3731 ut

1985 3776 2115 3815 vero
2160 3758 2244 3814 ita
2270 3758 2395 3815 sine
2420 3758 2618 3814 labore
2665 3760 3077 3828 acquisivisti?
3143 3762 3223 3817 Te
3270 3766 3469 3818 autem
3520 3780 3639 3819 non

1985 3848 2179 3904 solum
2229 3847 2337 3902 iste
2396 3846 2455 3902 in
2512 3847 2732 3903 orando
2772 3849 2948 3903 decor
2992 3849 3261 3914 adornat,
3348 3850 3449 3906 sed
3532 3851 3640 3907 tibi

1986 3936 2143 3992 aliud
2180 3940 2348 4006 Deus,
2386 3940 2450 3991 ut
2497 3936 2578 3991 ita
2608 3936 2822 4007 dicam,
2883 3942 3298 3995 ornamentum
3359 3939 3634 4012 superin-

1986 4025 2115 4079 duit
2146 4042 2158 4081 :
2192 4040 2387 4079 vocem
2421 4023 2752 4096 limpidam,
2784 4041 3020 4081 suavem
3072 4024 3409 4094 dictionem,
3460 4026 3637 4100 phra-

1985 4114 2096 4169 sim
2130 4113 2465 4169 rotundam.
2516 4118 2592 4168 At
2623 4117 2845 4186 quanta
2878 4113 3114 4185 quidem
3169 4115 3419 4171 oratoris
3473 4114 3635 4174 illius

1987 4204 2059 4258 ab
2120 4203 2366 4258 Homero
2426 4200 2647 4257 laudati
2707 4202 2866 4258 vocis
2920 4201 3155 4260 claritas
3212 4203 3410 4273 fuerit,
3470 4208 3635 4279 equi-

1988 4293 2121 4347 dem
2152 4307 2414 4346 asserere
2446 4307 2558 4345 non
2594 4307 2858 4362 possum,
2911 4292 3013 4346 sed
3073 4292 3132 4347 in
3191 4296 3246 4348 te
3303 4293 3636 4366 suspiciens

1988 4397 2165 4453 super
2221 4395 2424 4435 omnes
2475 4395 2508 4434 a
2557 4382 2771 4436 natura
2844 4379 3119 4450 electum,
3180 4380 3328 4436 illud
3388 4382 3638 4439 inruisse

1989 4472 2190 4524 statim
2251 4469 2539 4525 discerno.
2618 4469 2902 4541 Equidem
2988 4470 3078 4540 (ut
3159 4468 3329 4525 aliter
3421 4470 3638 4544 dicam)

1991 4557 2316 4629 limpiditas
2339 4558 2411 4613 ad
2444 4562 2673 4613 acutam
2718 4574 2918 4613 vocem
2977 4558 3148 4629 erigit
3192 4561 3470 4626 mentem,
3529 4558 3641 4616 hoc

1913 4633 1955 4696 Π
1986 4655 2181 4702 autem
2214 4663 2329 4701 non
2360 4651 2447 4700 est
2477 4646 2618 4718 quid
2666 4645 2861 4701 nobile
2892 4646 3046 4701 inter
3067 4663 3254 4718 voces,
3288 4647 3387 4702 sed
3441 4646 3642 4703 infan-

1989 4735 2139 4791 tium
2170 4735 2322 4789 aetati
2354 4734 2940 4806 congenitum.Senex
2969 4752 3101 4790 vero
3133 4752 3308 4807 quem
3338 4735 3399 4791 in
3431 4752 3641 4793 novam

1989 4825 2230 4896 longum
2284 4828 2519 4894 tempus
2571 4823 2878 4879 infantiam
2941 4821 3205 4894 adduxit,
3267 4829 3439 4881 acuta
3502 4842 3642 4882 voce

1991 4913 2270 4985 loquitur,
2329 4913 2430 4968 sed
2476 4911 2690 4968 mulier
2739 4912 2917 4969 etiam
2966 4930 3274 4985 nunquam
3328 4912 3432 4971 illa
3483 4914 3638 4971 vocis

1993 5004 2256 5061 claritate
2298 5002 2539 5071 carebit,
2600 5009 2839 5076 prepter
2912 5021 3091 5076 quam
3166 5007 3364 5061 Musas
3439 5006 3638 5078 poesis

1994 5092 2215 5149 efﬂuxit
2247 5095 2509 5164 argutas.
2546 5091 2730 5164 Igitur
2762 5091 2912 5147 nihil
2945 5096 3037 5149 est
3100 5093 3161 5148 in
3209 5092 3502 5165 loquendo
3551 5094 3641 5155 in-

1995 5183 2161 5255 signe
2191 5180 2454 5252 liquidus
2482 5181 2638 5238 vocis
2673 5198 2875 5238 sonus.
2910 5181 3128 5238 Verum
3175 5198 3305 5239 mea
3350 5184 3645 5240 sententia

1998 5270 2252 5326 multum
2292 5269 2443 5325 inter
2500 5286 2562 5325 se
2603 5270 2883 5326 differunt
2932 5271 3090 5327 clara
3139 5288 3247 5326 vox
3316 5275 3375 5328 et
3447 5277 3640 5330 acute.

1998 5359 2157 5415 Hanc
2207 5357 2440 5428 quidem
2499 5357 2834 5412 inferiorem
2859 5357 3084 5429 judico,
3116 5357 3279 5413 illam
3312 5363 3509 5415 autem
3540 5376 3645 5415 an-

1996 5452 2232 5519 tepono.
2280 5443 2447 5500 Illam
2498 5461 2603 5500 nec
2661 5444 2909 5513 virilem,
2954 5460 3058 5501 nec
3119 5445 3385 5517 perfectas
3436 5447 3646 5519 aetatis,

2000 5552 2105 5591 nec
2138 5532 2462 5589 naturalem
2495 5534 2644 5589 duco
2671 5551 2684 5601 ;
2718 5533 2868 5589 hanc
2901 5550 3039 5588 vera
3095 5534 3413 5605 perfectam
3472 5539 3652 5608 atque

2001 5623 2227 5680 virilem
2250 5622 2428 5695 (quod
2461 5639 2601 5678 sanc
2624 5627 2786 5679 tuam
2809 5622 3083 5695 designat
3112 5622 3539 5697 vocem),quale
3560 5641 3651 5681 so-

2000 5728 2213 5770 norum
2236 5712 2427 5770 tonitu
2458 5710 2695 5770 coalitus
2727 5712 2981 5786 graviter
3002 5711 3235 5782 stridet,
3269 5729 3385 5770 non
3415 5713 3655 5787 quidem

3254 5832 3328 5893 3i
