4136 6210
567 322 680 390 971

1353 324 1777 386 EUS’I‘A'I‘HII
1821 325 2590 388 THESSALONICENSIS
2634 326 3212 392 METROPOLITE
3805 343 3892 402 912

577 453 752 510 feroci
783 458 841 509 et
873 455 1123 511 nimium
1155 471 1361 528 aspero
1394 457 1609 522 sonitu,
1635 458 1736 512 sed
1771 456 2023 529 simplici
2054 462 2111 513 et
2137 476 2226 514 ar-

2351 462 2560 529 σεμνῶς
2615 459 2893 534 ῥήγνυται,
2953 461 3014 514 οὐ
3071 461 3206 536 πρὸς
3260 457 3552 538 έμϐρίθειαν
3587 507 3600 534 ,
3645 464 3755 521 οὐδὶ
3799 469 3894 546 ἄγαν

581 548 721 615 guto
752 543 922 600 sibilo
945 545 1209 615 jncunde
1251 545 1583 601 audientem
1623 547 1691 602 ad
1755 563 1816 602 se
1865 551 2227 602 convertens.

586 634 892 690 lleroicum
927 637 1129 690 tonum
1161 633 1414 690 similem
1447 638 1547 690 tua
1577 635 1793 690 emittit
1829 634 2076 706 loquela.
2112 641 2232 691 Tua

588 723 828 794 quidem
853 723 1006 778 labia
1029 741 1129 795 pro
1157 723 1577 795 cogitationum
1601 722 1910 779 dulcedine
1930 725 2230 780 Musarum

590 814 889 884 proferunt
947 813 1397 881 concinentiam;
1474 828 1574 868 aer
1627 830 1762 869 vero
1811 814 1977 884 quasi
2011 815 2230 870 tonitru

589 918 901 973 percussus
923 901 1232 973 splendida
1263 902 1522 974 quidem,
1556 903 1657 958 sed
1691 903 1996 960 horrisona
2044 903 2232 960 incre-

589 991 715 1046 buit
782 991 1136 1048 resonantia.
1191 996 1255 1046 Et
1312 1009 1380 1048 ex
1427 991 1796 1048 auditoribus
1854 992 2005 1048 alius
2062 995 2232 1064 quasi

587 1081 876 1136 ambabus
908 1087 1006 1137 tua
1036 1082 1210 1137 verba
1240 1081 1616 1153 complexus:
1675 1098 1817 1137 aure
1869 1083 2105 1154 quidem
2134 1099 2235 1139 vo-

583 1187 710 1226 oem
766 1176 1053 1243 argutam,
1107 1176 1300 1227 mente
1346 1188 1477 1227 vero
1535 1171 1906 1243 cogitationis
1962 1171 2234 1228 sublimi-

579 1263 782 1329 tatem,
814 1261 1070 1315 divinam
1104 1261 1300 1316 credet
1327 1277 1388 1316 se
1410 1277 1607 1316 vocem
1665 1260 1888 1327 audire,
1947 1265 2003 1316 et
2059 1278 2232 1334 ange-

589 1351 708 1406 lum
742 1349 968 1405 caalitus
1001 1351 1180 1422 loqui,
1241 1351 1392 1407 alius
1442 1356 1636 1407 autem
1694 1351 1754 1406 in
1808 1357 2058 1408 mentem
2121 1370 2232 1409 non

590 1445 926 1512 penetrans,
953 1442 1051 1495 scd
1086 1439 1143 1494 in
1178 1457 1411 1496 summo
1441 1440 1684 1512 loquelas
1715 1440 2073 1497 celeritatem
2106 1458 2235 1514 per-

593 1529 912 1601 stringens,
947 1529 1155 1584 dixerit
1185 1529 1490 1599 paciﬁcum
1520 1529 1593 1584 ab
1631 1529 1876 1586 excelsis
1917 1546 1978 1585 se
2035 1531 2236 1587 audire

596 1618 944 1674 tonitruum.
978 1621 1246 1674 Stentora
1275 1617 1369 1673 hic
1411 1634 1716 1690 possemus
1775 1618 2065 1674 adducere
2100 1643 2114 1687 ;
2145 1623 2240 1676 ast

597 1724 702 1782 ego
734 1708 889 1763 hunc
923 1707 1128 1763 horreo
1160 1706 1454 1762 hominem
1488 1707 1585 1778 qui
1619 1707 1967 1762 audiebatur
1990 1709 2240 1764 roboans

2338 546 2669 622 τραχύτητα,
2727 551 2851 604 ὅσον
2913 547 2971 604 δὲ
3029 550 3276 626 ῥοιζῆσαι
3341 553 3556 627 ἦρέμα,
3609 553 3688 609 καί
3743 558 3897 636 ἲλαρῶς

2340 635 2653 710 ἐπιστρέψαι
2702 643 2780 710 τῷ
2830 638 3137 714 περιτράνῳ
3187 639 3273 694 τὸν
3318 640 3668 716 ἀκροώμενον.
3703 635 3899 703 Τοιοῦτον

2339 727 2579 798 ἡρωϊκὸν
2615 730 2753 802 ἦχον
2783 723 3159 802 προϐάλλεταί
3209 749 3290 782 σοι
3345 731 3410 782 τά
3460 737 3554 800 τῆς
3601 717 3785 797 λαλιᾶς.
3831 739 3899 792 Καὶ

2337 815 2403 869 τὰ
2449 815 2541 887 μὲν
2596 815 2669 878 εἷς
2724 815 3036 892 γλυκύτητα
3079 815 3367 890 νοημάτων
3418 825 3626 875 Μουσῶν
3668 821 3897 896 ἐμμέλειαν

2339 903 2636 980 προάγουσί
2695 927 2777 960 σοι
2831 907 2896 960 τὰ
2956 905 3124 981 χείλη
3162 925 3175 937 ·
3255 907 3284 961 6
3343 904 3398 962 δὶ
3451 907 3660 983 πληγεὶς
3721 912 3803 988 ἀὴρ
3849 915 3900 977 είς

2345 993 2598 1068 βροντὴν,
2645 997 2805 1071 τορὸν
2855 997 2974 1068 μὲν,
3026 994 3105 1058 εἴς
3155 999 3378 1073 φρικτὸν
3425 993 3480 1052 δὲ
3535 995 3788 1070 λαλοῦσαν,
3833 1006 3897 1058 τὸν

2340 1083 2483 1158 ἦχον
2561 1081 2916 1161 ἀπεσχεδίασε
2946 1129 2958 1142 .
3050 1085 3152 1140 Καὶ
3225 1089 3334 1140 τῶν
3389 1085 3718 1160 ἀκροωμένων
3761 1092 3783 1144 ὁ
3830 1093 3897 1164 μὲν

2341 1171 2673 1249 ἀμφοτέραις
2730 1175 2845 1228 οἷον
2904 1171 3270 1250 δραττόμενός
3326 1195 3407 1228 σοι
3462 1179 3551 1230 τοῦ
3602 1173 3764 1251 λόγου,
3797 1181 3896 1254 ἀκοῇ

2346 1261 2440 1333 μὶν
2489 1269 2587 1331 τῆς
2636 1260 2888 1338 διατόρου
2942 1270 3147 1340 φωνῆς,
3203 1263 3358 1338 ψυχῇ
3399 1261 3454 1318 δὲ
3479 1272 3570 1334 τῆς
3603 1265 3897 1344 ὑψηλολογίας

2341 1354 2438 1404 τοῦ
2484 1353 2783 1424 νοήματος,
2844 1352 2983 1416 θείαν
3043 1351 3104 1407 ἃν
3164 1349 3309 1408 εἷ’ποι
3365 1353 3565 1408 ἀκούειν
3618 1357 3790 1431 φωνὴν,
3833 1352 3895 1413 λιιιἱ

2345 1439 2572 1514 ἄγγελον
2609 1441 2800 1515 ὑψόθεν
2851 1441 3061 1499 λαλεῖν⁸
3123 1443 3150 1496 6
3183 1439 3242 1498 δὲ
3293 1444 3368 1516 μὴ
3417 1443 3502 1497 καὶ
3543 1442 3610 1506 εἷς
3631 1449 3736 1498 νοῦν
3769 1441 3898 1519 ἐμϐα-

2348 1527 2520 1590 θύνειν
2573 1526 2740 1606 ἔχων,
2775 1529 2900 1587 ἀλλ’
2947 1530 3296 1600 ἰπιπολάζων
3352 1536 3431 1604 τῷ
3473 1534 3564 1602 τῆς
3618 1531 3779 1596 λαλιᾶς
3812 1533 3899 1609 ρεὖο

2351 1638 2500 1690 ματι,
2533 1619 2766 1694 βροντὴν
2821 1619 2880 1674 ἃν
2929 1617 3074 1676 εἶ’ποι
3101 1617 3403 1697 γαληναίαν
3453 1619 3500 1691 ἐξ
3531 1621 3732 1694 ὑψίστων
3779 1624 3898 1677 ποθὲν

2350 1705 2713 1777 ἐνωτίζεσθαι.
2771 1709 3044 1785 Στέντορα
3103 1709 3198 1782 μὲν
3264 1709 3355 1764 οὗν
3411 1709 3618 1774 ἐνταῦθα
3666 1712 3900 1787 προάγειν,

600 1803 664 1854 ut
693 1797 792 1854 alii
852 1797 1314 1869 quinquaginta;
1374 1796 1551 1852 timeo
1610 1795 1766 1852 enim
1817 1813 1890 1853 ne
1943 1798 2232 1870 quinqua-

2349 1794 2475 1850 ἀλλ’
2534 1795 2638 1870 ἐγὼ
2667 1798 2755 1852 καὶ
2816 1798 3052 1876 πέφρικα
3081 1799 3171 1854 τὸν
3201 1795 3393 1873 ἄνδρα,
3425 1800 3480 1861 ὃς
3512 1797 3757 1870 ὲξηκούετο
3784 1801 3900 1875 βοῶν,

2352 1884 2376 1900 ..
2509 1883 2557 1900 ,ις
2580 1883 2598 1900 κ
2873 1889 2883 1900 .
3143 1888 3156 1900 .
3293 1889 3318 1900 -
3520 1888 3532 1900 .
3688 1890 3698 1900 .
3889 1889 3897 1900 .

592 1889 756 1960 ginta
779 1886 967 1942 latens
992 1885 1188 1940 fabula
1209 1885 1596 1941 sull'odiatora
1614 1884 1932 1942 multisono
1948 1886 2238 1944 Stentoris

591 1975 927 2032 simulacro.
988 1974 1134 2038 Quid
1187 1974 1415 2044 jurabit
1481 1973 1796 2030 Alcibiadis
1871 1975 2232 2044 meminisse,

589 2069 759 2136 cujus
791 2066 987 2120 suavis
1019 2069 1143 2120 erat
1163 2063 1618 2134 elocutio,quam
1650 2068 1844 2119 autem
1878 2065 2237 2136 depravabat

589 2174 696 2211 vox
757 2153 1146 2210 balbutiens?
1232 2152 1448 2208 Placuit
1533 2151 1677 2206 mihi
1764 2152 2078 2208 Alexandri
2136 2171 2232 2210 so-

587 2263 751 2312 num,
784 2245 938 2316 regis
969 2243 1128 2298 illius
1161 2243 1417 2312 maximi,
1443 2242 1501 2296 in
1535 2243 2034 2314 comparationem
2066 2242 2230 2298 simi-

586 2333 853 2390 litudinis
884 2333 1116 2400 inferre,
1151 2332 1248 2404 qui
1283 2330 1520 2403 quidem
1552 2331 1880 2387 oblectabat
1908 2331 2082 2388 etiam
2127 2349 2230 2387 au-

587 2425 827 2491 ditores,
859 2437 1060 2478 verum
1093 2421 1361 2476 innatum
1395 2420 1600 2476 habuit
1659 2421 1949 2491 quoddam
1999 2421 2226 2478 vitium.

587 2514 690 2572 Hic
717 2531 854 2571 vero
883 2531 993 2570 vox
1014 2512 1290 2569 omnibus
1321 2510 1608 2568 excellens
1639 2529 1786 2583 quos
1819 2512 2062 2584 antiqua
2083 2513 2230 2570 ratio

586 2618 822 2684 propter
849 2606 1092 2679 loquelae
1113 2604 1463 2662 suavitatem
1495 2603 1840 2675 designavit.
1873 2605 2020 2659 Nam
2077 2604 2228 2660 indi-

587 2700 790 2772 gentis:
821 2696 1063 2754 minime
1093 2694 1359 2765 subjacet
1380 2694 1463 2748 ita
1495 2698 1558 2747 ut
1587 2696 1979 2761 neccsse,‘non
2012 2693 2089 2748 sit
2135 2693 2228 2750 his

587 2788 833 2862 proferri
891 2787 1044 2859 quod
1070 2787 1194 2856 jam
1249 2785 1321 2840 ad
1374 2800 1545 2839 aures
1613 2783 2018 2839 assistentium
2070 2800 2226 2840 reso-

587 2879 764 2948 navit,
797 2893 902 2932 nec
932 2876 988 2931 in
1021 2879 1312 2930 tumorem
1344 2873 1640 2928 evanescit
1687 2889 1801 2943 quo
1861 2873 2229 2945 dissipantur

581 2966 755 3023 verba
784 2967 984 3036 utpote
1014 2980 1128 3018 non
1163 2961 1459 3016 distincta.
1503 2960 1932 3031 Sedgloquitur,
1991 2966 2048 3016 et
2105 2967 2224 3016 sta-

578 3056 684 3110 tim
715 3053 890 3110 verba
918 3052 988 3107 ad
1020 3049 1470 3122 intelligentiam
1501 3049 1743 3120 loquela:
1767 3049 2224 3106 circumsonant.

579 3143 730 3208 Quid
763 3139 992 3197 multa?
1023 3139 1280 3211 Insignis
1324 3143 1464 3194 tuus
1497 3139 1556 3193 in
1613 3139 1852 3194 vocibus
1911 3155 2116 3205 sonus,
2169 3144 2227 3194 et

2347 1884 2471 1939 ὅσον
2505 1883 2668 1940 ἄλλοι
2717 1889 3072 1958 πεντήκοντασ
3137 1888 3426 1966 ὑφορῶμαι
3475 1888 3591 1964 γάρ,
3635 1890 3807 1962 μήποτε
3839 1889 3899 1944 καὶ

2344 1975 2676 2045 πεντήκοντα
2730 1973 2911 2039 λαθὼν
2959 1977 2988 2030 ὁ
3041 1980 3208 2050 μῦθος
3240 1971 3602 2052 ὑποϐοθρεύση
3632 1978 3827 2049 στόματα
3846 1983 3899 2048 τῷ

2345 2063 2656 2142 πολυφώνῳ
2707 2065 3036 2141 Στεντορείῳ
3091 2067 3310 2142 τέρατι.
3371 2060 3705 2123 Ἀλκιϐιάδου
3731 2063 3776 2121 δὲ
3799 2065 3898 2121 ἀλλὰ

2342 2151 2394 2206 τί
2453 2173 2546 2225 μοι
2609 2160 2913 2226 μεμνῆσθαι
2951 2199 2964 2222 ,
3016 2153 3077 2209 οὗ
3127 2154 3306 2232 γλυκὺ
3361 2155 3452 2229 μὶν
3507 2155 3567 2224 ἧν
3616 2156 3670 2210 τὸ
3717 2156 3896 2230 φθέγμα,

2343 2242 2531 2296 ὁποῖον
2594 2239 2651 2296 δὲ
2709 2242 2767 2297 ἃν
2827 2243 2917 2298 καὶ
2975 2243 3286 2317 ψελλισμὸς
3326 2245 3570 2322 βρεφικὸς
3599 2239 3896 2314 ὑποϐάληται,

2339 2333 2567 2405 Ἥρεσκε
2597 2329 2653 2386 δέ
2687 2353 2778 2405 μοι
2809 2333 2871 2387 τὸ
2898 2337 2994 2387 τοῦ
3032 2331 3419 2411 Ἀλεξάνδρου,
3472 2332 3563 2390 τοῦ
3613 2333 3755 2390 καλοῦ
3795 2335 3896 2407 βασι·

2342 2419 2505 2491 λέως,
2536 2427 2867 2497 παραγαγεῖν
2921 2421 2997 2485 είς
3041 2425 3366 2499 συναγωγὴν
3414 2418 3731 2497 ὁμοιότητος.
3777 2421 3897 2478 Ἀλλὰ

2338 2509 2428 2564 καὶ
2483 2509 2682 2571 ἐκεῖνος
2741 2509 3023 2586 ἐγλύκαινε
3086 2511 3181 2585 μὶν
3242 2511 3533 2588 ἀκρόασιν,
3587 2512 3688 2588 εἶχε
3732 2509 3776 2566 δέ
3817 2531 3898 2565 τινα

2341 2596 2662 2675 διαμαρτίαν
2713 2599 2928 2676 φύσεως
2958 2644 2971 2658 .
3031 2603 3304 2658 Ἐνταῦθα
3364 2600 3421 2657 δὲ
3490 2603 3610 2676 ὑπὲρ
3659 2604 3817 2660 πάντας
3858 2599 3899 2650 τὸ

2339 2686 2572 2764 φθέγμα,
2658 2688 2814 2750 ὅσους
2891 2691 2918 2744 ὁ
2995 2687 3234 2754 παλαιὸς
3323 2690 3482 2766 λόγος
3551 2689 3630 2746 ἐπὶ
3676 2688 3900 2766 γλυκύτητι

2340 2774 2534 2840 λαλιᾶς
2591 2777 2990 2850 ἀπεσὲμνυνεν.
3050 2776 3182 2834 Οὔτε
3232 2780 3337 2856 γάρ
3396 2780 3469 2843 είς
3523 2778 3701 2836 ἔνδειαν
3750 2780 3896 2833 ὑποκά-

2339 2867 2519 2935 θηται,
2579 2865 2653 2928 ὡς
2709 2865 2942 2944 ἀνάγκην
2998 2868 3128 2922 εἶναι
3185 2867 3520 2944 διττολογεῖν
3573 2871 3630 2924 τὸ
3679 2869 3894 2943 ὑπηχηθέν

2335 2955 2473 3029 πρὸς
2529 2954 2784 3029 ἀκρόασιν
2822 2975 2835 2990 ο
2917 2955 3040 3011 οὔτε
3118 2956 3194 3021 εἷς
3256 2959 3599 3036 στομφασμὸν
3649 2956 3895 3012 πλατύνεται

2335 3042 2683 3120 ἀνοιγόμενον
2719 3089 2733 3114 ,
2811 3043 2927 3100 ὅθεν
3006 3045 3074 3101 τὰ
3135 3052 3237 3116 τῆς
3295 3050 3478 3125 φωνῆς
3551 3043 3810 3116 σκεδάζεται
3843 3043 3894 3104 εἷς

2337 3129 2742 3209 ἀδιάρθρωτον.
2805 3133 2958 3191 Αλλά
3016 3137 3128 3211 χρή
3191 3132 3476 3206 λαλῆσαι,
3527 3137 3608 3190 καὶ
3658 3136 3734 3189 τὸν
3779 3134 3892 3208 λόγον

575 3234 753 3306 (sicut
783 3231 1070 3302 scriptum
1101 3208 1210 3298 est)
1242 3227 1474 3299 loquela
1521 3232 1624 3282 tua
1679 3227 1964 3299 speciosa,
2023 3231 2082 3282 et
2136 3227 2225 3298 (ut

2340 3222 2490 3287 εὖθὺς
2535 3208 2538 3209 ν
2570 3231 2981 3299 περιηχηθῆναι
3019 3208 3115 3287 εἰς
3181 3225 3471 3298 εὐμάθειαν
3515 3225 3811 3304 φθέγματος.
3851 3222 3891 3276 Τί

577 3338 750 3378 omne
781 3321 998 3388 dicam)
1027 3317 1198 3390 plane
1228 3317 1458 3387 regalis.
1492 3319 1579 3371 Ita
1608 3315 1784 3372 etiam
1846 3316 1904 3370 in
1964 3315 2226 3372 minimis

582 3413 732 3466 Deus
761 3414 818 3464 te
863 3405 1279 3479 magniﬁcavit,
1337 3410 1556 3475 tuaque
1603 3405 1870 3460 universa
1899 3403 2224 3473 exsaltavit,

581 3500 956 3573 splendidum
988 3497 1210 3553 addens
1240 3496 1691 3551 incrementum.

2339 3334 2432 3386 μοι
2487 3311 2660 3389 λέγειν
2721 3312 2941 3384 πολλά;
3003 3316 3287 3388 Διάσημον
3346 3315 3396 3370 έν
3475 3321 3662 3393 φωναῖς
3723 3315 3772 3368 τὸ
3830 3313 3891 3365 σὸν

2337 3401 2590 3479 φθέγμα,
2650 3401 2738 3457 καὶ
2793 3405 2950 3477 (κατά
3005 3405 3066 3459 τὸ
3121 3404 3523 3480 γεγραμμένον)
3576 3407 3608 3474 ἡ
3653 3401 3786 3458 λαλιά
3826 3420 3889 3453 σου

2336 3491 2555 3567 ὡραία,
2624 3493 2713 3546 καὶ
2788 3493 2870 3565 (τὸ
2945 3499 3050 3547 πᾶν
3127 3492 3326 3565 εἰπεῖν)
3397 3493 3637 3568 βασιλικὴ
3686 3491 3892 3557 nisini...

589 3585 751 3644 Οὕτω
783 3585 949 3661 μέχρι
979 3584 1066 3639 καὶ
1097 3589 1203 3638 τῶν
1239 3583 1614 3658 σμικροτάτων
1651 3583 1678 3638 ὁ
1709 3584 1837 3645 Θεὸς
1871 3579 2167 3656 ἐμεγάλυνὲ
2198 3601 2275 3651 σε,
2304 3580 2394 3634 καὶ
2423 3579 2596 3635 πάντα
2640 3581 2708 3635 τά
2738 3581 2803 3634 σά
2835 3580 3174 3657 ὑπερύψωσε,
3205 3583 3548 3659 προσεπιθεὶς
3576 3582 3790 3655 λαμπράν
3827 3579 3892 3646 τήν

591 3675 900 3745 ἐπαύξησιν.

657 3786 744 3840 35.
777 3784 1150 3854 Nunquam,o
1181 3780 1574 3848 auditores,de
1607 3781 1837 3852 magnis
1865 3779 2236 3852 imperatoris

591 3875 826 3930 dotibus
857 3871 1090 3927 dicendi
1125 3870 1298 3925 linem
1336 3870 1682 3933 taceremus,
1723 3871 1898 3925 etiam
1939 3873 2236 3925 contracto

589 3978 879 4028 sermone,
917 3960 1030 4015 nisi
1064 3975 1240 4014 suave
1297 3957 1565 4015 Jordanis
1617 3959 1910 4015 efﬂuentis
1970 3975 2238 4013 murmur

593 4067 757 4106 meos
814 4052 1118 4120 superaret
1179 4063 1500 4112 sermones,
1560 4050 1616 4102 et
1647 4064 1885 4103 necesse
1937 4048 2013 4102 sit
2043 4045 2234 4102 consi-

587 4143 826 4212 gnatam
854 4135 1070 4192 silentii
1102 4135 1324 4191 foribus
1367 4135 1638 4192 cohibere
1685 4137 2026 4192 orationem.
2087 4136 2237 4191 Sane

594 4227 732 4283 licet
762 4242 854 4282 me
884 4243 916 4281 a
955 4224 1246 4296 loquendo
1277 4223 1561 4280 Jordanes
1582 4225 1904 4295 prohibeat,
1938 4224 2113 4294 idque
2145 4240 2237 4279 me

593 4316 775 4373 invito
807 4315 1002 4389 faciat,
1046 4319 1241 4369 tamen
1294 4331 1406 4368 non
1460 4313 1743 4369 absistam
1802 4314 1861 4368 in
1912 4313 2079 4368 illum
2137 4313 2235 4369 de-

592 4409 771 4481 ﬁgere
829 4421 1152 4472 sermones,
1211 4403 1652 4475 augustioribus
1706 4421 1839 4459 eum
1891 4420 2103 4458 vocans
2134 4421 2234 4459 no-

2417 3773 2512 3834 λε’.
2567 3777 2680 3832 Οὐκ
2731 3775 2833 3848 ἃν,
2893 3777 2939 3832 ὦ
2995 3777 3292 3854 παρόντες,
3351 3777 3636 3852 ἐπαυσάμεν
3695 3775 3762 3831 ἐπὶ
3813 3778 3892 3832 τοῖς

2350 3863 2658 3938 βασιλικοῖς
2716 3863 3023 3940 μεγαλείοις
3075 3868 3161 3922 καὶ
3225 3867 3387 3924 εἰσέτι
3443 3873 3520 3940 τῷ
3569 3865 3699 3942 λόγῳ
3725 3863 3894 3932 συνεξαι-

2347 3952 2596 4029 Ρόμενος,
2660 3953 2708 4008 εἷ
2743 3955 2818 4028 μὴ
2858 3955 2919 4010 τὸ
2947 3959 3044 4010 τοῦ
3070 3952 3349 4032 Ἰορδάνου
3390 3955 3555 4033 ῥεῦμα
3587 3952 3736 4030 γλυκῦ
3781 3949 3896 4005 κελαι

2345 4040 2506 4114 ρύζον
2537 4039 2978 4117 παρευδοκίμηκέ
3011 4065 3102 4118 μοι
3134 4043 3263 4109 τοὺς
3290 4043 3502 4121 λόγους,
3527 4042 3608 4098 καὶ
3651 4044 3706 4111 ἦν
3751 4040 3894 4111 ἀνάγκη

2344 4135 2617 4184 συστεῖλαι
2703 4129 3223 4210 ἆπισιοραγισάμενον
3305 4134 3572 4207 κλείθροις
3640 4137 3771 4205 σιγῆς
3827 4125 3892 4191 τὴν

2346 4215 2604 4289 διέξοδον.
2664 4220 2740 4278 Ού
2801 4222 2908 4295 μὴν
2968 4219 3094 4277 ἀλλ’
3150 4222 3284 4298 ἐγὼ,
3344 4222 3394 4278 εἷ
3436 4224 3520 4278 καὶ
3571 4225 3658 4278 τοῦ
3704 4214 3894 4293 λέγεινὸ

2346 4305 2620 4382 Ἰορδάνης
2671 4309 2899 4386 παράγει
2933 4332 3021 4384 με,
3053 4312 3142 4366 καὶ
3170 4309 3232 4367 οὕ
3276 4334 3368 4386 μοι
3429 4311 3578 4390 φίλον
3607 4314 3741 4365 τοῦτο
3777 4307 3892 4370 ποιεῖ,

2345 4399 2498 4472 ὅμως
2542 4399 2642 4455 οὐκ
2692 4401 2876 4473 ἀνήσω
2924 4401 3001 4467 εἷς
3046 4403 3204 4459 αὐτὸν
3242 4405 3459 4480 βάπτων
3490 4403 3609 4466 τοὺς
3636 4393 3893 4476 λόγουςιιιιιὶ

595 4497 880 4562 minibus,
906 4493 1379 4559 sacerrimum,in
1410 4493 1755 4549 fluminibus
1775 4493 2232 4562 sanctissimum,

2343 4497 2458 4553 τοῖς
2488 4512 2545 4546 τε
2575 4494 2919 4568 σεμνοτέροις
2960 4494 3117 4550 αὐτὸν
3170 4495 3464 4571 ἀγορεύων,
3519 4496 3601 4550 τὸν
3654 4492 3893 4568 ἱερώτατον.

594 4588 734 4644 item
791 4585 1214 4658 cognominaus
1244 4601 1456 4655 aquam
1529 4584 1598 4638 ad
1687 4583 1939 4639 salutem
2027 4583 2236 4640 salien-

591 4675 978 4743 tem,ﬂuvium
1010 4674 1060 4730 si
1092 4691 1207 4729 non
1240 4691 1272 4729 a
1304 4673 1575 4745 paradiso
1599 4673 1926 4730 sensibibili
1967 4690 2235 4746 prorum-

595 4771 852 4840 pentem,
886 4764 1092 4820 saltem
1125 4765 1196 4819 ad
1241 4764 1578 4835 paradisum
1612 4764 2058 4819 conducentem.
2089 4766 2235 4829 Quo-

595 4856 768 4912 modo
799 4858 993 4910 autem
1026 4854 1103 4909 sit
1133 4853 1309 4908 etiam
1341 4870 1491 4925 aqua
1518 4853 1748 4926 regalis,
1774 4853 1886 4910 alio
1917 4854 2032 4909 dixi
2092 4858 2237 4909 tem-

598 4961 752 5018 pore.
811 4947 976 4998 Nunc
1031 4959 1164 4998 vero
1232 4943 1351 4997 hac
1411 4943 1735 4999 addiderim
1765 4943 1921 5015 quod
1950 4943 2235 4999 Jordanes

595 5052 664 5091 ex
693 5035 923 5090 duobus
953 5033 1145 5088 ﬂuviis
1179 5036 1302 5088 tum
1338 5050 1398 5089 re
1428 5039 1552 5088 tum
1590 5035 1827 5090 nomine
1885 5033 2233 5090 conveniens

591 5124 836 5181 decebat
869 5127 1047 5176 Deum
1080 5121 1376 5177 hominem
1427 5121 1768 5176 Emmanuel
1830 5140 1943 5178 non
1994 5124 2232 5195 quidem

591 5217 830 5286 propter
857 5211 1162 5267 confusam
1197 5211 1560 5281 missionem,
1592 5211 1768 5282 (absit
1793 5209 1832 5282 l)
1863 5213 1963 5267 sed
1996 5217 2235 5284 propter

593 5307 941 5360 naturarum
978 5299 1274 5355 unionem.

657 5498 747 5552 36.
781 5497 881 5552 Eia
908 5511 1066 5568 ergo,
1099 5511 1205 5550 nos
1238 5494 1332 5550 hic
1358 5495 1714 5567 congregati,
1747 5498 1868 5550 tam
1903 5495 1961 5550 in
1995 5500 2230 5554 sancto-

594 5585 779 5657 gradu
806 5585 1076 5641 sedentes
1109 5600 1286 5654 quam
1319 5583 1528 5650 caeteri,
1561 5584 1990 5656 conjungamus
2021 5589 2078 5640 et
2125 5603 2233 5644 nos

596 5671 884 5728 sermonis
942 5669 1162 5726 ﬂuenta
1205 5671 1265 5724 in
1325 5686 1504 5726 unam
1567 5670 2012 5743 upplicationis
2092 5689 2229 5731 con-

2342 4582 2434 4636 τὸν
2485 4583 2783 4658 ἁγιώτατον
2834 4583 2884 4640 έν
2941 4592 3213 4660 ποταμοῖς
3269 4586 3675 4664 προσονομάζων
3704 4580 3751 4636 δὲ
3786 4576 3892 4635 αὐτὸν

2344 4673 2431 4726 καὶ
2468 4669 2613 4748 ὕδωρ
2646 4673 2723 4739 εἷς
2771 4676 3042 4750 σωτηρίαν
3078 4661 3407 4752 ἀλλόμενον,
3462 4676 3547 4732 καὶ
3601 4672 3821 4744 ποταμὸν,
3862 4661 3890 4718 εἷ

2343 4761 2434 4816 καὶ
2471 4763 2546 4835 μὴ
2577 4761 2902 4837 παραδείσου
2943 4769 3040 4820 τοῦ
3088 4767 3225 4842 πρὸς
3277 4763 3522 4838 αἴσθησιν
3577 4761 3890 4838 ἐξορμώμενον,

2343 4852 2723 4927 πορθμεύοντα
2788 4858 2918 4930 γοῦν
2996 4854 3072 4917 εἷς
3127 4854 3468 4931 παράδεισον.
3528 4855 3586 4912 Εἰ
3639 4851 3689 4906 δὲ
3735 4850 3805 4904 καὶ
3841 4847 3891 4912 τῷ

2345 4936 2457 4996 ὄντι
2509 4939 2791 5016 βασιλικὸν
2848 4943 3008 5006 αὐτὸς
3055 4941 3224 5022 ὕδωρ,
3281 4944 3507 5019 ὕμνηται
3566 4943 3650 5018 μέν
3681 4961 3760 5014 μοι
3781 4938 3888 4991 τοῦτο

2343 5029 2432 5084 καὶ
2466 5027 2691 5086 ἄλλοτε·
2743 5036 2833 5086 νῦν
2893 5030 2950 5088 δὲ
3005 5033 3093 5088 καὶ
3151 5033 3319 5090 ἐκεῖνο
3375 5033 3703 5110 προστίθημι,
3746 5028 3802 5086 ὡς
3825 5022 3889 5095 ἄπει

2345 5118 2404 5174 έκ
2434 5117 2529 5175 δύο
2559 5126 2818 5194 ποταμῶν
2864 5128 2892 5176 ὸ
2934 5120 3213 5200 Ἰορδάνης
3260 5123 3348 5178 καὶ
3374 5125 3506 5195 πρὸς
3534 5119 3686 5193 ὄνομα
3707 5116 3774 5171 καὶ
3799 5110 3889 5184 πρὸ(

2343 5215 2566 5284 πρᾶγμα
2622 5211 2968 5284 κιρνάμενος,
3028 5210 3225 5287 ἔπρεπε
3274 5217 3354 5285 τῷ
3409 5211 3710 5284 θεανθρώπφ
3741 5205 3889 5287 Ἐμμαῖ

2341 5283 2535 5369 νουῆλ,
2590 5299 2651 5355 ού
2684 5283 2799 5354 διά
2851 5283 3184 5377 συγχυτικὴν
3235 5283 3513 5378 ἀνάκρασιν
3546 5283 3747 5374 (ἄπαγε),
3791 5283 3888 5343 ἀλλά

2343 5389 2527 5464 φύσων
2555 5385 2769 5448 ἕνωσιν.

2415 5495 2516 5559 λς’.
2576 5499 2706 5572 Ἀγε
2763 5493 2854 5568 δὴ,
2908 5495 2953 5552 ὦ
3006 5497 3276 5577 σύλλογος
3325 5499 3485 5573 ἡμεῖς
3516 5539 3530 5568 ,
3583 5493 3692 5554 ὅσος
3736 5507 3782 5543 τε
3822 5481 3886 5577 to?

2342 5583 2538 5640 σεπτοῦ
2599 5567 2884 5660 βήματος,
2942 5587 3032 5643 καὶ
3091 5589 3119 5645 6
3177 5567 3392 5658 λοιπὸς,
3443 5567 3786 5654 κοινωσώμεθα
3826 5567 3886 5624 Iul

2342 5672 2495 5728 αὐτοὶ
2541 5673 2605 5730 τὸ
2663 5674 2838 5750 ῥεῦμα
2889 5680 2986 5734 τοῦ
3043 5674 3214 5757 λόγου
3243 5677 3322 5742 εἷς
3353 5674 3478 5754 μίαν
3505 5672 3659 5750 εὐχῆς
3680 5663 3888 5744 σῦῥροιανι
