4136 6210
314 387 434 447 973

1174 387 1570 450 MANUELIS
1615 384 1973 455 GOMNENI
2012 389 2410 451 LAUDATIO
2454 389 2869 452 FUNEBRIS.

3610 388 3728 449 974

319 517 412 573 καὶ
471 515 830 591 μιμησόμεθα
876 518 1038 573 τοῦτό
1084 538 1146 595 γε
1186 516 1483 596 ἀμφότεροι
1532 519 1622 573 τὸν
1673 515 1973 592 Ἰορδάνην,

2091 520 2388 593 fluentem,
2415 526 2473 578 et
2516 522 2576 577 in
2610 521 2718 577 hoc
2773 521 3087 578 Jordanem
3146 520 3449 577 imitemur
3502 521 3604 593 qui
3669 524 3729 577 et

320 607 381 669 ’ὸς
425 606 487 662 ἐκ
534 605 688 662 δυοῖν
737 608 827 662 καὶ
864 608 1029 670 αὐτὸς
1075 611 1337 675 ποταμῶν
1381 609 1445 663 τὸ
1489 608 1703 685 ῥεῖθρον
1752 607 1844 663 καὶ
1871 608 1971 677 τήν

2086 608 2215 681 ipse
2248 626 2277 665 e
2310 611 2543 666 duobus
2576 611 2921 668 ﬂuminibus
2951 615 3077 667 tum
3111 610 3423 682 fluentum,
3454 614 3581 666 tum
3630 626 3728 665 no-

320 695 522 766 κλῆσιν
574 694 933 772 συμμίγνυσι·
983 696 1075 752 καὶ
1127 696 1476 770 ἂπευξώμεθα
1526 702 1643 760 τοῖς
1696 696 1975 773 βασιλεῦσι

2091 714 2217 754 men
2251 699 2609 768 commiscet,
2643 704 2700 756 et
2732 717 3041 772 precemur
3061 699 3599 771 utimperatoribus
3629 714 3731 771 per

319 785 388 841 τὰ
414 793 519 856 τῆς
567 791 711 857 ζωῆς
762 782 966 857 λοιπῆς
995 786 1205 858 ἁπάσης
1255 787 1733 861 ὑπερανῳκισμένα
1775 806 1975 856 συντ-η·-

2091 791 2268 843 totam
2312 789 2494 844 vitam
2550 788 2805 845 futuram
2853 788 3112 846 ccelestia
3166 805 3395 845 necnon
3451 787 3730 862 perennia

321 880 532 952 ρεῖσθαι
565 875 655 931 καὶ
684 873 1107 952 πολυχρόνια.¹)

2085 880 2504 933 conserventur
2532 877 2704 935 bona.

318 1077 3727 1107 ω

1606 1289 2491 1454 EJUSDEM

526 1571 1163 1669 MANUELIS
1236 1574 1804 1671 COMNENI
1863 1575 2106 1670 IMP.
2182 1574 2804 1671 LAUDATIO
2877 1576 3519 1673 FUNEBRIS.

313 1964 425 2048 Τοῦ
478 1960 645 2048 af:th
696 1961 759 2018 τὸ
813 1961 1011 2048 γραφὲν
1049 1961 1148 2048 ἐἷς
1202 1963 1302 2048 τόν
1352 1960 1647 2048 ἀοίδιμονη
1678 1960 1729 2016 ἐν
1795 1961 1975 2048 ἁγίοις

2091 1963 2339 2048 Ejusdem
2360 1967 2537 2048 oratio
2568 1967 2623 2048 in
2647 1965 2910 2048 celehbrem
2959 1967 3108 2021 inter
3125 1974 3371 2048 Asanctos
3429 1982 3582 2038 rege:
3616 1970 3729 2048 _Do-

390 2032 681 2123 Baeticus:
780 2032 941 2123 κῦριν
1032 2035 1315 2123 ’Μανουήλ
1400 2032 1517 2123 £61;
1613 2034 1894 2123 Κομνηνόν
1961 2076 1975 2091 .

414 2106 561 2181 Οπερ
618 2104 702 2160 ὅτι
730 2172 751 2181 Α
778 2104 860 2158 οῦ’
908 2105 1223 2181 τυχόντως-
1268 2104 1722 2181 μεθώδεὺταιλβ
1778 2104 1974 2161 πεπαιο

392 2172 652 2265 δευμένος
713 2172 1034 2265 ,διακρινεῖῖ
1090 2172 1320 2265 Πολλῶν
1362 2179 1499 2265 ..γὰρ
1570 2175 1771 2265 ,ἄλλιως
1846 2197 1976 2265 γρρι-

391 2245 634 2377 ἓιάντων,
708 2245 1062 2327 ἐστρυφνώθη
1137 2250 1275 2326 πρὸς
1359 2245 1620 2326 διαφορὰν
1678 2250 1706 2303 6
1785 2245 1973 2324 παρὼν

424 2341 707 2377 πιταφιος.

424 2341 707 2399 πιταιριος.

394 2435 458 2483 α’.
493 2428 610 2485 Οὐκ
666 2427 736 2496 ἧν
798 2448 892 2501 μοι
947 2424 1336 2504 καραδοκόῦντι
1403 2425 1798 2500 τετολμηκὲναι
1857 2427 1976 2482 τινὰ

321 2516 602 2594 μεγαλείῳ
656 2515 899 2589 τοσούτῳ
957 2515 1125 2593 λόγου
1200 2518 1385 2571 ἑαυτὸν
1444 2513 1777 2591 παραϐαλεῖν
1824 2559 1838 2585 ,
1897 2517 1972 2579 ὡς

320 2606 468 2662 οὕτω
496 2605 639 2681 ταχὺ
663 2607 755 2661 τὸν
785 2605 1114 2677 τηλικοῦτον
1148 2605 1398 2676 ἐθελῆσαι
1456 2605 1681 2682 βασιλέα
1725 2606 1971 2680 κείμενον

320 2694 478 2772 λόγῳ
535 2695 763 2768 ἐξᾶραι,
822 2694 911 2750 καὶ
981 2701 1312 2771 ιπεγανῶσαι
1374 2696 1470 2770 μὲν
1526 2700 1857 2771 καρτερικῶς
1910 2696 1973 2750 τὸ

320 2781 579 2859 δάκρυον,
611 2783 813 2861 ἰφεῖναι
857 2781 913 2839 δὲ
959 2787 1029 2858 τῇ
1076 2781 1299 2859 γλώσσῃ
1348 2783 1559 2841 λαλεῖν.
1594 2787 1827 2860 Μικροῖς
1878 2785 1971 2858 μὲν

314 2873 423 2948 γὰρ
510 2880 851 2949 χαρακτῆρσι
934 2874 1026 2928 τὸν
1116 2875 1367 2948 μέγιστον
1449 2871 1852 2928 ἐγτυπώσασθαι
1911 2873 1972 2928 οὐ

317 2963 464 3020 πάνυ
520 2967 620 3037 τῇς
676 2962 900 3038 ἀρίστης
953 2963 1170 3038 τίθεμαι
1218 2971 1513 3039 γραφικῆς·
1554 2965 1763 3038 ὑψῶσαι
1822 2962 1879 3019 δὲ
1907 2962 1973 3018 αῦ

318 3051 493 3108 πάλιν
524 3053 661 3128 πρὸς
720 3051 868 3123 ἀξίαν
915 3050 1104 3129 λόγοις
1150 3053 1241 3108 τὸν
1288 3052 1601 3126 Ὀλύμπιον
1649 3054 1713 3108 οὐ
1775 3057 1973 3128 μικροῦ

318 3145 519 3217 καιροῦ
561 3184 575 3210 ,
628 3138 753 3195 ἔνθα
809 3140 899 3196 καὶ
960 3140 1141 3217 μακρὰ
1197 3143 1532 3216 σκεψάμενον
1592 3141 1692 3196 οὐκ
1747 3137 1971 3206 εὐθυϐο-

320 3231 496 3300 λῆσαι
553 3229 787 3305 πρὸςτᾶ
824 3234 922 3286 τοῦ
953 3233 1157 3285 σκοποῦ
1213 3228 1481 3293 κίνδυνος.
1538 3228 1698 3288 Ἀλλ’
1754 3230 1971 3308 ἐπείπερ

2156 2037 2373 2092 minam
2401 2037 2705 2093 Manuale":
2738 2038 3089 2093 Camnenum.
3115 2039 3271 2106 Quod
3311 2037 3503 2094 utrum
3547 2041 3729 2096 minus

2156 2109 2466 2166 methodice
2491 2114 2638 2179 forte
2690 2113 2988 2165 tractatum
3037 2110 3131 2181 sit,
3183 2110 3467 2167 litteratus
3519 2111 3726 2167 discer-

2156 2189 2271 2237 net.
2306 2181 2443 2237 Cum
2470 2183 2621 2237 enim
2650 2181 2820 2237 aliter
2841 2182 3192 2253 m'ipsissent
3218 2182 3404 2253 mulli,
3444 2182 3728 2241 meliorem

2154 2253 2361 2324 stylum
2377 2254 2601 2328 fatetur
2624 2268 2873 2325 presens
2898 2254 3261 2326 epitaphium.

2156 2430 2210 2485 l.
2241 2430 2382 2486 Mihi
2416 2429 2665 2487 sollicite
2695 2431 3057 2504 exspectanti
3099 2430 3456 2504 permissum
3488 2449 3607 2489 non
3642 2438 3733 2490 est

2083 2520 2155 2575 ad
2181 2519 2527 2591 eloquentiae
2559 2536 2831 2576 coronam
2864 2520 3146 2591 aspirare,
3178 2524 3236 2576 et
3262 2524 3496 2577 tantum
3542 2520 3729 2595 impe-

2084 2612 2335 2665 ratorem
2368 2612 2500 2681 post
2546 2613 2795 2664 mortem
2857 2609 2938 2665 ita
2995 2609 3285 2666 celebrare
3335 2614 3400 2666 ut
3454 2609 3731 2682 lacrymis

2082 2697 2365 2770 repressis
2389 2697 2593 2770 lingua
2617 2715 2732 2755 non
2765 2702 2974 2769 taceat,
2998 2703 3055 2755 et
3085 2698 3310 2772 exiguis
3341 2700 3580 2772 quidem
3599 2716 3727 2758 ver-

2084 2788 2173 2843 bis
2202 2788 2619 2860 imperatorem
2642 2788 2925 2844 eximium
2955 2787 3277 2860 designans
3328 2792 3533 2845 contra
3588 2787 3727 2861 styli

2081 2876 2314 2949 regulas
2337 2881 2643 2949 peccaret;
2668 2893 2770 2948 pro
2800 2877 3085 2949 dignitate
3112 2881 3309 2934 autem
3357 2877 3548 2934 virum
3597 2893 3730 2934 vere

2081 2966 2412 3039 Olympium
2441 2969 2542 3039 qui
2573 2965 2769 3039 dignis
2798 2965 3075 3023 laudibus
3133 2965 3427 3023 celebrare
3481 2966 3730 3023 voluerit

2079 3054 2254 3128 longo
2283 3054 2566 3127 temporis
2597 3054 2789 3127 spatio
2820 3071 2968 3127 opus
2997 3054 3258 3127 haberet,
3291 3058 3560 3129 essetque
3578 3058 3728 3127 lme-

2081 3145 2368 3201 tuendum
2396 3161 2469 3201 ne
2502 3143 2866 3217 propositum
2901 3160 3038 3216 non,
3071 3148 3137 3200 ut
3159 3160 3267 3216 par
3303 3147 3413 3213 est,
3473 3144 3728 3217 attinge-

2080 3237 2188 3290 ret.
2223 3234 2335 3290 Sed
2367 3233 2523 3289 sicut
2551 3232 2612 3288 in
2644 3233 2836 3289 ofﬁcio
2870 3232 3166 3305 implendo
3196 3232 3363 3290 labor
3419 3232 3728 3304 improbus

318 3322 357 3390 ἡ
394 3319 447 3375 ἄν
480 3317 656 3374 δέοντι
702 3318 974 3395 θερμότης
1003 3319 1059 3375 εὗ
1107 3323 1341 3375 ποιοῦσα
1390 3318 1715 3391 ἐκνενίκηκε,
1770 3320 1859 3375 καὶ
1905 3320 1969 3374 τὸ

2091 3323 2284 3379 omnia
2312 3322 2515 3388 vincit,
2549 3322 2635 3378 sic
2666 3321 2915 3378 oratoris
2943 3321 3120 3378 verba
3149 3319 3453 3378 victoriam
3484 3325 3576 3378 est
3625 3321 3725 3378 ubi

315 3408 373 3463 ἐν
427 3407 611 3483 λόγοις
684 3405 953 3484 ἀνδρῶδες
1026 3407 1494 3486 πεπαῤῥησίασται
1529 3452 1542 3465 .
1597 3408 1669 3463 Οὐ
1746 3409 1846 3484 γὰρ
1910 3407 1971 3463 ἂν

317 3499 479 3573 ψυχὴ
513 3495 816 3573 φιλόκαλος
863 3497 998 3553 κατὰ
1043 3496 1170 3560 τοὺς
1218 3497 1270 3551 ἐν
1320 3495 1594 3574 τραγῳδίᾳ
1622 3495 1968 3572 ἐγκεκαλυμ-

319 3586 522 3662 μένους
597 3585 684 3642 ἰπὶ
764 3588 1026 3660 μήκιστον
1095 3584 1363 3658 διατεθείη
1402 3631 1416 3653 ,
1477 3589 1616 3660 μήτε
1687 3587 1968 3663 προσώπῳ

311 3676 704 3754 ἐκφαινομὲνη,
766 3677 907 3749 μήτε
952 3673 1142 3754 λόγοις
1201 3673 1541 3732 διαδεικνῦσα
1588 3682 1835 3753 παρεῖναι
1886 3680 1966 3749 τῷ

315 3768 507 3834 ζῶντι.
568 3765 669 3821 Καὶ
714 3764 765 3818 οἱ
822 3770 919 3834 τῆς
968 3766 1177 3840 ἀγαθῆς
1225 3764 1516 3838 ἱπιθυμίας
1563 3761 1770 3841 ἀνδρες,
1821 3767 1903 3827 οἷς
1937 3765 1964 3819 6

312 3852 491 3928 λόγος
541 3849 838 3926 ἐλλάμπει,
889 3853 1215 3909 ἀνάπτουσιν
1271 3852 1411 3929 ἄρτι,
1463 3854 1642 3931 ὥσπερ
1683 3853 1779 3916 τὰς
1830 3855 1966 3930 πρὸς

311 3938 592 4014 αἴσθησιν,
646 3938 789 3997 οὕτω
842 3943 931 3998 καὶ
984 3943 1158 4018 λόγου
1215 3941 1504 4017 λαμπάδας
1570 3948 1650 4016 τῷ
1704 3943 1962 4017 κειμένῳ,

312 4032 457 4087 κατά
504 4051 625 4085 τινα
668 4030 757 4086 καὶ
804 4028 1183 4103 αὖτοδεξίωσιν
1235 4031 1578 4111 ὀφειλετικὴν
1622 4033 1711 4088 καὶ
1742 4032 1958 4088 ὁσίωσιν

310 4121 651 4198 πρέπουσαν.

395 4210 461 4285 β’.
495 4207 597 4280 Εῗη
656 4206 715 4264 ἂν
771 4209 1012 4285 ἀγεννὴς,
1069 4210 1160 4265 καὶ
1215 4208 1267 4265 ἰν
1330 4212 1405 4284 μή
1460 4209 1633 4267 δέοντι
1665 4211 1830 4284 ἐνεὸς,
1873 4211 1962 4268 καὶ

312 4298 422 4354 οὐκ
446 4296 604 4361 εἰδὼς
634 4299 819 4354 ἑαυτὸν
889 4305 1122 4375 μετρεῖν,
1181 4294 1305 4365 ἔνθα
1365 4302 1458 4374 μὲν
1517 4304 1791 4378 σιγητέον,
1838 4299 1965 4367 ἔνθα

313 4386 380 4443 δὲ
427 4386 721 4459 λαλητὲον,
752 4389 781 4443 ὁ
832 4388 907 4462 μή
962 4393 1081 4451 τοῖς
1139 4389 1409 4452 τοιούτοις
1466 4391 1601 4466 πρὸς
1659 4391 1965 4465 ὁμοιότητα

311 4474 817 4553 συνδιεξαγόμενος.
867 4476 1111 4553 Μίμησιν
1166 4479 1270 4554 γὰρ
1320 4475 1465 4555 ἔχων
1495 4480 1633 4547 ἅπας
1680 4482 1963 4556 ἄνθρωπος

313 4563 667 4640 διδάσκαλον,
693 4566 784 4622 καὶ
832 4565 1022 4641 αὐτὴν,
1072 4566 1180 4639 ὅπη
1239 4566 1522 4645 βούλοιτο,
1568 4566 1674 4625 εἷετε
1707 4571 1879 4626 καλοῦ
1907 4590 1966 4624 τε

307 4655 408 4711 καὶ
440 4656 638 4731 ἀγαθοῦ
685 4677 856 4726 τινος,
905 4654 1012 4711 εἷ’τε
1058 4657 1147 4712 καὶ
1196 4661 1303 4712 τῶν
1351 4657 1426 4722 ὡς
1476 4658 1672 4734 ὲτὲρως
1701 4658 1963 4733 ἐχόντων,

314 4744 658 4801 σιωπώντων
703 4746 795 4819 μὲν
845 4749 955 4801 τῶν
1005 4743 1490 4822 ἑλλογιμωτέρων,
1548 4749 1638 4804 καὶ
1667 4749 1829 4811 αὐτὸς
1880 4745 1961 4802 ἄν·

314 4831 554 4890 λαλοῦσι
582 4830 641 4889 δὲ
694 4835 757 4890 τὸ
816 4834 1104 4914 σύμφωνον
1158 4820 1535 4911 νίναρμόσεται,
1584 4838 1675 4892 καὶ
1727 4836 1964 4912 μᾶλλον,

314 4919 474 4997 εἷ’περ
526 4922 617 4978 καὶ
650 4920 911 5001 ὀφθείσας
971 4922 1089 4999 βίος
1142 4922 1387 4981 τοιοῦτόν
1446 4946 1564 4980 τινα
1621 4922 1827 5005 ἔτρεφε,
1888 4927 1963 5000 μὴ

315 5010 554 5078 θέλοντά
580 5033 743 5067 τινων
777 5011 1015 5088 ὑστερεῖν
1066 5010 1262 5075 λαλιᾶς
1309 5020 1408 5083 τῆς
1453 5012 1535 5069 ἐπ’
1583 5017 1787 5092 ἀγαθῷ,
1820 5013 1969 5080 ο’ίους

314 5100 471 5179 φημί
499 5121 648 5163 τινας
676 5100 766 5156 καὶ
816 5103 963 5174 ἡμᾶς
1010 5099 1098 5156 ἐπὶ
1142 5106 1257 5165 τοῖς
1303 5108 1398 5157 τοῦ
1449 5110 1781 5182 μακαριστοῦ
1817 5105 1965 5179 βασι-

314 5191 465 5261 λέως
495 5185 767 5261 ἀποϐῆναι
816 5188 1160 5264 θαυμασίοις.
1208 5193 1373 5249 ’Ὁποι
1412 5194 1513 5268 γάρ
1546 5215 1678 5249 ποτε
1707 5196 1967 5270 παρήκοι,

314 5277 447 5335 οὐδ’
467 5282 616 5355 ἡμᾶς
648 5280 677 5334 6
710 5279 911 5356 χρόνος
942 5277 1090 5355 εὗρεν
1143 5279 1432 5344 ὀκνοῦντας
1469 5282 1538 5337 τὰ
1568 5279 1765 5338 δυνατὰ
1804 5282 1969 5359 ἐγκώ-

318 5389 448 5445 μια.

394 5465 460 5536 γ’.
519 5456 624 5529 Εἵη
686 5456 745 5513 δὲ
819 5457 881 5514 ἃν
945 5456 1160 5515 πάντων
1233 5461 1581 5518 ἀτοπώτατον
1624 5508 1639 5534 ,
1694 5461 1976 5538 περιόντος

318 5549 426 5624 μὶν
457 5553 540 5621 τῷ
596 5547 702 5624 βίῳ
752 5548 828 5622 μὴ
875 5544 1206 5605 διεκπίπτειν
1257 5550 1474 5627 εῗσάγαν
1520 5556 1619 5607 τοῦ
1674 5552 1725 5606 ἐν
1787 5551 1975 5627 λόγοις

311 5639 748 5713 προθυμεῖσθαι,
804 5634 1137 5701 ἀπελθόντος
1198 5637 1275 5709 δὶ,
1336 5642 1474 5696 ὅπου
1524 5643 1592 5696 τὰ
1644 5641 1974 5718 κρείττονα,

309 5724 557 5785 κατόπιν
609 5730 711 5796 τῆς
768 5724 1008 5792 παλαιᾶς
1062 5729 1369 5807 προθυμίας
1423 5729 1599 5795 ἐλθεῖν
1630 5773 1646 5803 ,
1703 5728 1833 5797 ἰνθα
1884 5732 1977 5789 καὶ

1997 4704 2044 4770 D

2082 3411 2794 3484 reportarunt.Nunquam
2817 3410 2975 3467 enim
3007 3410 3242 3466 animus
3267 3409 3726 3484 pulchritudinis

2079 3516 2288 3557 amans
2326 3500 2622 3572 tragoedos
2653 3498 2983 3554 imitabitur
3007 3499 3067 3554 in
3100 3498 3555 3556 concinnandis,
3588 3515 3725 3572 per-

2077 3589 2243 3646 sonis
2273 3586 2521 3644 scenicis
2552 3589 2610 3643 et
2626 3584 2935 3659 colloquiis
2965 3587 3039 3642 ad
3067 3586 3263 3643 vivum
3302 3585 3720 3658 exprimendis.

2078 3678 2201 3735 Viri
2222 3683 2417 3734 autem
2440 3677 2604 3733 bonas
2635 3674 2948 3732 volontatis
2979 3678 3035 3732 et
3074 3676 3289 3747 quibus
3342 3674 3716 3732 ratiocinium

2073 3766 2298 3823 clarum
2324 3769 2532 3839 priesto
2552 3769 2666 3831 est,
2697 3765 2819 3821 viro
2850 3765 3126 3822 defuncto
3161 3765 3316 3822 faces
3371 3764 3717 3837 eloquentia;

2074 3856 2426 3925 accendunt,
2456 3852 2868 3926 gratulationis
2898 3869 2965 3910 ac
2995 3854 3483 3911 sanctificationis
3512 3853 3717 3911 debitis

2072 3962 2317 4004 munere
2347 3945 2676 4018 fungentes.

2140 4217 2196 4271 2.
2237 4216 2489 4288 Ignavus
2521 4229 2663 4271 sane
2693 4220 2856 4269 estet
2884 4209 3179 4283 stupidus,
3197 4214 3257 4268 et
3285 4211 3377 4268 sui
3401 4210 3719 4285 impotens,

2072 4305 2177 4378 qui
2206 4321 2310 4361 nec
2342 4308 2533 4360 tacere
2563 4319 2670 4358 nec
2694 4300 2854 4373 loqui
2885 4304 3213 4374 opportuno
3232 4299 3359 4356 loco
3405 4300 3613 4356 didicit
3665 4304 3723 4355 et

2074 4393 2174 4465 qui
2204 4391 2298 4448 his
2328 4392 2505 4448 rebus
2535 4394 2770 4462 tempus
2799 4392 3002 4460 aptum
3034 4388 3476 4444 accommodare
3514 4387 3719 4443 nescit.

2073 4481 2331 4547 Quilibet
2359 4481 2516 4537 enim
2546 4479 2722 4536 homo
2748 4477 3097 4550 magistrum
3113 4493 3289 4534 suum
3304 4480 3370 4532 ut
3384 4475 3719 4548 exemplum

2075 4571 2241 4643 sequi
2273 4574 2468 4644 potest
2496 4569 2555 4624 in
2588 4568 2767 4626 rebus
2788 4566 3052 4640 pulchris
3083 4571 3142 4622 et
3171 4565 3457 4635 honestis,
3517 4564 3602 4621 ita
3656 4567 3724 4620 ut

2075 4662 2125 4717 si
2151 4660 2252 4717 alii
2280 4658 2641 4716 dissentiunt
2667 4661 2726 4713 et
2747 4656 3066 4728 prudenter
3091 4658 3309 4722 tacent,
3326 4653 3455 4725 ipse
3485 4669 3721 4726 quoque

2077 4748 2459 4824 prudentium
2490 4745 2824 4818 exemplum
2837 4747 3120 4816 sequatur
3148 4747 3205 4800 et
3222 4759 3425 4800 eorum
3454 4742 3554 4815 qui
3584 4758 3723 4799 con-

2077 4856 2224 4897 sona
2252 4837 2457 4894 dicunt
2485 4841 2681 4909 partes
2711 4832 3126 4906 amplectatur,
3160 4831 3485 4905 pressi-tim
3517 4831 3569 4888 si
3617 4847 3726 4889 an-

2076 4933 2271 4987 teacta
2298 4927 2417 4983 vita
2444 4925 2634 4982 virum
2667 4922 2838 4980 nobis
2869 4921 3129 4979 ostendit
3159 4922 3261 4994 qui
3290 4921 3391 4978 ubi
3420 4922 3494 4977 de
3555 4919 3724 4976 bonis

2077 5020 2254 5076 rebus
2283 5014 2602 5074 consilium
2634 5012 2985 5080 habebatur,
3027 5010 3185 5067 inter
3241 5010 3467 5083 primos
3523 5013 3725 5066 votum

2077 5105 2405 5166 daret:cui
2437 5102 2663 5161 similes
2715 5101 2935 5158 erimus
2987 5100 3084 5156 ubi
3144 5100 3297 5156 beati
3352 5097 3729 5171 imperatoris

2078 5199 2322 5254 virtutes
2354 5193 2631 5251 laudibus
2661 5189 2981 5247 efferimus.
3013 5194 3255 5261 Semper
3282 5189 3440 5245 enim
3496 5189 3554 5244 et
3595 5184 3730 5241 ubi-

2081 5305 2194 5361 que
2234 5282 2525 5342 occasioni
2562 5281 2757 5354 ipsum
2814 5278 3092 5334 laudibus
3141 5276 3476 5335 celebrandi
3517 5278 3730 5348 praesto

2081 5378 2325 5435 erimus.

2153 5467 2206 5521 3.
2240 5462 2398 5521 Nihil
2421 5475 2593 5534 porro
2623 5456 2943 5514 absurdius
2975 5473 3156 5530 quam
3184 5457 3382 5514 videre
3423 5455 3729 5512 hominem

2084 5555 2225 5611 dum
2256 5551 2395 5609 vivit
2427 5549 2623 5605 minus
2654 5548 2726 5603 ab
2757 5547 3088 5603 oratoribus
3120 5544 3556 5617 laudari,cujus
3579 5560 3732 5602 mor-

2084 5644 2175 5702 tui
2205 5639 2551 5699 memoriam
2586 5636 2980 5709 maximopere
3011 5635 3192 5693 iidem
3223 5634 3729 5693 celebrant.Vivo-

2086 5749 2220 5793 rum
2398 5729 2565 5793 elaus
2593 5730 2869 5800 suspecta
2897 5729 2987 5783 est
3015 5725 3089 5783 ob
3130 5723 3547 5786 verecundiam
3602 5738 3732 5796 quis
