4136 6210
357 349 478 414 978

1140 348 1571 412 EUSTATBII
1612 347 2043 409 THESSAID!

2157 347 2381 409 BNSIS
2423 345 3020 408 ΜΕΤΒΟΡΟῘΔΤΑΞ

3683 347 3820 408 976

362 500 670 559 nunquam
704 484 1057 559 deponenda
1083 487 1211 551 cst;
1235 483 1308 538 de
1340 482 1589 537 mortuis
1646 486 1844 538 autem
1905 498 2012 554 pa-
2042 544 2043 547 η

2157 477 2365 535 ιὰλιστα
2388 480 2570 554 χρεὼν
2600 478 2826 549 ταύτης.
2860 478 3104 533 Ζώντων
3142 478 3241 551 μὶν
3289 477 3393 553 γὰρ
3444 477 3822 555 ἰπιστρόφους

364 577 667 632 tentantes
696 591 731 630 a
759 572 1098 631 sinceritate
1131 586 1437 643 nunquam
1467 572 1762 626 recedent.

448 859 501 914 4.
524 860 662 925 Qua
690 872 822 912 cum
855 855 933 911 ita
957 854 1099 924 sint,
1124 854 1251 925 jam
1285 870 1400 910 non
1428 854 1747 923 silendum,
1776 855 1878 910 sed
1939 853 2023 909 lo-

376 947 674 1020 quendum
732 949 858 1012 est;
918 943 977 999 in
1037 960 1177 1015 quo,
1237 959 1342 1014 pro
1399 958 1562 997 more
1619 941 1813 1011 solito,
1883 942 2027 998 artis

375 1033 674 1091 rhetoricas
700 1032 933 1104 legibus
964 1046 1079 1086 non
1115 1036 1272 1086 arcte
1338 1031 1904 1103 obtemperabimus,
1946 1030 2027 1086 si-

374 1122 615 1195 quidem
656 1120 833 1194 prisci
863 1120 1127 1176 rhetores
1186 1119 1453 1191 proprias
1513 1119 1812 1174 interdum
1870 1118 2028 1191 leges

370 1230 436 1268 ac
465 1228 705 1268 normas
738 1211 1100 1282 transgressi
1132 1214 1272 1265 sunt
1321 1210 1418 1264 ubi
1473 1209 1727 1277 licebat;
1766 1211 1824 1264 in
1885 1208 2027 1264 scri-

369 1301 574 1358 bendo
605 1315 739 1355 vero
760 1299 1022 1370 divagari
1054 1298 1301 1371 logicam
1334 1294 1625 1353 offendere
1685 1304 1793 1354 est.
1850 1298 2033 1371 Igitur

373 1389 473 1463 qui
510 1388 854 1463 panegyrim
907 1388 1121 1443 astruit
1168 1403 1335 1442 voces
1392 1386 1690 1459 legitimas
1746 1386 1923 1458 eliget
1974 1392 2032 1441 et

375 1477 728 1553 procedendi
762 1476 1006 1531 modum
1038 1475 1501 1531 circumstantiis
1543 1474 2028 1541 accommodabit,

377 1567 836 1624 architecturam
868 1580 998 1637 quze
1022 1563 1115 1619 his
1147 1564 1323 1619 rebus
1345 1569 1556 1636 prazest
1579 1563 1880 1634 sequendo
1908 1579 2027 1630 ;se-

381 1655 646 1712 cundum
676 1669 853 1726 quam
894 1670 1065 1709 nemo
1096 1668 1283 1724 genus
1313 1669 1347 1707 a
1379 1651 1667 1724 principio
1701 1657 1896 1723 ponet,
1917 1652 2030 1706 nisi

382 1744 442 1800 id
467 1747 697 1798 tantum
728 1746 977 1797 tractare
1009 1740 1152 1795 vult.
1206 1740 1331 1794 Non
1390 1740 1548 1795 enim
1607 1740 1869 1812 triplices
1921 1739 2030 1795 hoc

386 1833 512 1889 loco
541 1829 946 1904 generationes
976 1833 1301 1900 supputare
1354 1846 1501 1901 opus
1548 1832 1663 1892 est;
1726 1828 1820 1884 hic
1876 1829 2029 1883 enim
2066 1849 2112 1913 Β

387 1936 599 1994 parum
631 1919 720 1975 sui
751 1919 940 1991 ipsius
974 1933 1198 1974 memor
1226 1934 1557 1973 sermonem
1606 1917 1845 1972 minime
1898 1934 2029 1989 pro—

386 2010 690 2081 longatum
714 2009 785 2063 ad
818 2008 993 2063 ﬁnem
1028 2006 1347 2078 perducet;
1380 2012 1622 2078 septena
1650 2023 1783 2062 vero
1817 2007 2034 2078 perfec-

386 2100 469 2156 tio
498 2097 723 2170 regium
753 2096 896 2151 illud
955 2112 1144 2168 genus
1200 2101 1409 2165 ornat;
1460 2096 1629 2166 cujus
1678 2097 1728 2151 si
1775 2096 2035 2167 dignitas

387 2186 753 2261 periclitatur
783 2185 913 2257 ipsa
954 2185 1204 2240 termino
1250 2184 1800 2253 circumscribitur;
1862 2185 2039 2240 verba

388 2280 585 2333 autem
618 2273 917 2330 laudativa
946 2273 1006 2328 in
1060 2271 1361 2328 inﬁnitum
1406 2273 1611 2343 ﬂuent,
1670 2277 1727 2328 et
1782 2272 2031 2339 nullum,

388 2363 668 2436 temporis
702 2363 960 2436 spatium
994 2359 1151 2418 ultra
1182 2361 1240 2417 id
1293 2363 1448 2433 quod
1496 2361 1795 2434 prmﬁxum
1853 2361 2029 2417 fuerit

390 2451 741 2523 adjicietur;
774 2451 927 2506 inter
956 2448 1320 2522 loquendum
1353 2449 1508 2505 enim
1538 2450 1625 2506 vis
1681 2456 1737 2505 ct
1789 2449 2042 2505 libertas

391 2541 848 2606 consumuntur,
903 2539 1118 2611 quibus
1174 2537 1276 2611 qui
1334 2538 1561 2595 calamo
1623 2539 1850 2606 scribit,
1916 2556 2032 2595 non

400 2646 550 2704 opus
580 2628 777 2685 habet.

483 3031 540 3089 5.
572 3031 776 3104 Itaque
804 3030 877 3088 iis
907 3031 1007 3103 qui
1030 3037 1359 3104 opportuno
1418 3033 1815 3090 moderamine
1872 3040 2047 3090 utun-

415 3122 514 3175 tur
541 3118 853 3176 dicendum
884 3124 975 3177 est
1007 3121 1162 3191 quod
1206 3120 1329 3176 viro
1361 3120 1597 3178 laudato
1628 3137 1873 3195 regnum
1936 3141 2049 3180 non

2130 568 2286 636 εἶναι,
2317 565 2560 629 ὕποπτος
2591 569 2627 637 ἡ
2658 566 2847 643 χάρις,
2880 563 2973 621 δια
3012 567 3115 636 τήν
3171 566 3224 621 ἐν
3276 564 3594 644 ὀφθαλμοῖς
3634 563 3818 621 αἰδώ·

2131 651 2560 727 ἀπεληλυθότων
2592 653 2672 728 δὲ,
2705 654 2853 712 ἀλλά
2879 656 3008 711 τότε
3037 656 3102 711 τὸ
3133 652 3417 731 εὔγνωμον
3453 654 3532 718 είς
3582 648 3821 731 ἀκριϐὶς

2134 743 2518 822 διαφαίνεται.

2206 849 2269 906 δ’.
2320 850 2509 912 Οἷὶτως
2556 849 2649 905 οὖν
2698 851 3110 924 καθεσταμένου
3150 854 3255 906 τοῖ’»
3307 847 3448 924 μηδὲ
3499 855 3590 906 νῦν
3647 856 3819 928 σιγᾷν

2135 942 2360 1016 χρῆναι,
2391 937 2540 995 ἀλλά
2564 960 2617 994 τι
2649 937 2917 1012 λαλῆσαι,
2948 940 3023 994 ὧν
3057 936 3244 1003 ἐθάδες
3274 940 3441 1013 ἦμεν,
3476 940 3674 1013 νόμοις
3703 942 3811 1014 μὶν

2136 1028 2502 1107 λογογραφίας
2533 1022 2751 1093 ἕπεσθαι
2781 1027 2861 1092 εἷς
2894 1027 3095 1084 λεπτὸν
3147 1027 3248 1084 ούκ
3294 1029 3355 1083 ἃν
3407 1031 3546 1103 ἡμῖν
3593 1028 3814 1104 ἀνάγκη

2136 1118 2485 1187 ἑπικείσεται,
2530 1114 2587 1171 εἴ
2623 1137 2686 1194 γε
2730 1116 2823 1172 καὶ
2875 1118 2928 1172 οἱ
2975 1121 3075 1173 τοῦ
3105 1117 3407 1195 ῥητορικοῦ
3447 1119 3680 1193 πατέρες
3706 1118 3811 1174 νόε-

2141 1226 2246 1279 μου
2303 1203 2491 1261 πολλᾶ
2541 1210 2909 1281 παραποιοῦσι
2966 1210 3075 1261 τῶν
3131 1207 3260 1283 παρ’
3316 1204 3501 1268 αὐτοῖς
3556 1208 3819 1280 θεσμῶν,

2137 1294 2227 1349 ὅτε
2251 1294 2485 1369 καίριον·
2524 1293 2729 1348 ἔκτοπα
2786 1291 2844 1349 δὲ
2900 1292 3057 1357 αὖθις
3116 1292 3415 1364 πλάζεσθαι
3462 1296 3811 1371 γράσοντας,

2138 1381 2285 1437 ἀλλᾶ
2311 1386 2474 1438 τοῦτο
2501 1388 2840 1459 παρανομεῖν
2891 1381 2943 1438 ἒν
2990 1384 3162 1458 τέχνῃ
3214 1383 3394 1457 λόγων
3443 1383 3612 1439 ἰστὶν.
3646 1385 3815 1441 Ἐπι-

2138 1470 2356 1525 λεκτὲον
2402 1470 2494 1525 οὖν
2541 1472 2606 1526 τό
2660 1493 2719 1526 τε
2770 1465 2999 1545 ἔννομον
3047 1471 3100 1526 ἐν
3148 1471 3468 1547 ἐγκωμίοις,
3515 1471 3614 1527 καὶ
3658 1472 3726 1526 τὸ
3760 1470 3822 1526 ἓν

2139 1559 2511 1635 περιστάσεσιν
2569 1556 2863 1633 εὐμὲθοδον
2895 1607 2911 1632 ,
2961 1560 3101 1615 κατὰ
3154 1561 3256 1629 τήν
3301 1559 3819 1636 ἀρχιτεκτονοῦσαν

2138 1649 2234 1702 κᾶν
2284 1653 2405 1711 τοῖς
2460 1648 2736 1709 τοιούτοις
2814 1644 3147 1719 δεινότητα,
3201 1650 3322 1703 καθ’
3381 1649 3443 1718 ἢν
3493 1648 3654 1724 γένος
3720 1650 3830 1722 μὶν

2139 1734 2364 1791 ἆνταῦθα
2408 1735 2885 1814 κεφαλαιώσασθαι
2945 1734 3130 1799 οὐδεὶς
3180 1734 3244 1791 ἂν
3304 1736 3454 1801 ὅστις
3518 1732 3829 1793 ἐπιϐαλεῖς

2140 1847 2248 1894 ται,
2286 1826 2364 1899 μὴ
2393 1829 2561 1880 τοῦτο
2609 1825 2700 1880 καὶ
2753 1826 2920 1899 μόνον
2970 1824 3237 1900 ἑλόμενος
3292 1824 3451 1902 ἔργον
3511 1828 3726 1891 θέο-θαι⁸
3759 1827 3829 1890 ’ὸς

2141 1904 2347 1989 γεούδ’
2393 1913 2539 1968 οὕτω
2584 1916 2898 1969 κατευθυνεῖ
2942 1915 3042 1984 τήν
3095 1918 3192 1970 τοῦ
3234 1914 3405 1991 λόγου
3461 1914 3643 1991 βολήν
3698 1914 3826 1970 Exi-

2143 2023 2339 2059 σκοπα.
2389 2002 2467 2061 Ού
2516 2004 2621 2079 γὰρ
2668 2003 2980 2079 τριγόνους,
3031 2005 3063 2059 δ
3112 2025 3266 2075 φασι,
3312 2005 3484 2081 γονᾶς
3536 2007 3825 2081 μετρήσα-

2144 2104 2265 2157 σθαι
2313 2091 2585 2156 κᾶνταῖιθα
2636 2090 2800 2160 ἔστιν,
2852 2091 2904 2148 ἰν
2949 2098 3071 2157 ταῖς
3126 2091 3527 2169 ἀπασχολήσας
3555 2113 3643 2157 τις
3691 2094 3820 2149 ἑαυ-

2144 2181 2260 2253 τὸν,
2310 2181 2372 2236 ού
2425 2182 2563 2235 πάνυ
2612 2181 2824 2257 μακρὰν
2876 2180 3074 2244 ἀνύσας
3137 2179 3429 2237 καταλύσει
3486 2183 3582 2237 τὸν
3644 2182 3819 2259 λόγον

2147 2268 2222 2331 εἷς
2261 2268 2590 2325 ἀνάπαυλαν·
2640 2267 2904 2339 ἐπταδικὴ
2962 2267 3021 2325 δὲ
3066 2269 3352 2341 τελειότης
3405 2271 3470 2325 τὸ
3524 2270 3823 2346 βασιλικὸν

2144 2361 2306 2413 τοῦτο
2335 2356 2497 2432 γένος
2536 2363 2758 2431 κοσμεῖ.
2799 2358 2905 2413 Κᾶν
2955 2355 3123 2434 δεήσῃ
3168 2364 3285 2423 τοῖς
3338 2365 3454 2414 κατ’
3494 2358 3670 2430 αὐτὴν
3723 2359 3825 2414 ἑπ-

2151 2444 2384 2519 εξελθεῖν
2433 2446 2808 2519 σεμνώμασιν,
2856 2446 2993 2517 αὐτὴ
3043 2448 3140 2521 μὶν
3181 2448 3373 2523 πέρατι
3416 2447 3822 2525 περικλείεται’

2151 2536 2203 2588 οἱ
2249 2531 2306 2588 δὲ
2360 2534 2498 2607 πρὸς
2552 2540 2754 2611 τεχνην
2811 2533 3182 2607 ἱπαινετήριοι
3239 2535 3533 2612 ῥυήσονται
3599 2537 3680 2601 ὡς
3736 2538 3823 2602 εἷς

2155 2623 2446 2699 ἀπέραντα,
2498 2624 2587 2679 καὶ
2648 2624 2749 2679 οὐκ
2801 2622 3303 2700 ἐπιμετρηθήσεταί
3358 2646 3411 2680 τι
3470 2620 3685 2701 χρόνου
3734 2633 3826 2699 τῷ

2153 2712 2291 2767 κατᾶ
2346 2713 2547 2767 σκοπὸν
2586 2759 2600 2782 ,
2652 2710 3032 2785 ἀναλωθεισης
3087 2721 3188 2784 τῆς
3242 2712 3296 2769 ἂν
3353 2718 3436 2787 τῷ
3488 2713 3673 2789 λεγειν
3729 2715 3825 2771 καὶ

2156 2800 2352 2877 ἰσχύος
2404 2800 2496 2856 καὶ
2547 2797 2733 2865 ἀδείας
2780 2802 2856 2865 εἷς
2905 2803 2974 2859 τὰ
3033 2802 3112 2877 μὴ
3161 2802 3271 2878 πρὸ
3322 2800 3488 2879 ἔργου
3538 2808 3625 2875 τῷ
3676 2804 3825 2879 γρα-

2158 2909 2291 2968 (ροντ
2297 2912 2334 2949 ι.

2232 3041 2289 3098 ε’.
2345 3041 2551 3097 Ἐκεῖνο
2597 3038 2778 3096 τοίνυν
2823 3036 2963 3096 ἔστίν
3023 3040 3192 3096 εἰπεῖν
3250 3046 3371 3104 τοῖς
3428 3039 3664 3105 ἔνταῦοα
3723 3063 3825 3116 με·

2158 3127 2480 3205 τρουμένοις
2555 3130 2619 3184 τὸ
2688 3128 2922 3207 καίριον,
2997 3130 3075 3193 ὡς
3150 3130 3255 3185 οὐκ
3326 3128 3684 3204 ἀθεμελίωτα
3742 3136 3826 3205 τῷ

410 3207 541 3267 sine
568 3206 950 3265 fundamento
980 3215 1081 3264 aut
1122 3210 1250 3265 sine
1289 3211 1481 3267 radice
1509 3212 1737 3285 obtigit,
1760 3213 2043 3286 siquidem

2167 3219 2488 3291 ὑμνουμὲνῳ
2533 3219 2601 3273 τὰ
2646 3223 2743 3274 τοῦ
2797 3216 3124 3295 βασιλεύειν,
3175 3216 3322 3291 οὐδὲ,
3355 3219 3429 3281 ὡς
3474 3220 3593 3274 οἷον
3624 3219 3828 3294 εἰπεῖν,

414 3297 601 3354 ﬁrmis
624 3296 1046 3364 fundamentis,
1077 3314 1318 3354 avorum
1353 3301 1558 3372 gloria,
1609 3302 1934 3369 stabilitur,
1996 3312 2053 3360 et

414 3392 482 3443 ut
511 3385 809 3444 radicibus
841 3386 1051 3445 validis
1105 3388 1399 3445 virescens
1445 3390 1799 3461 germinavit
1856 3393 2051 3461 arbor,

417 3475 588 3544 cujus
628 3473 841 3530 umbra
867 3473 1096 3531 labores
1128 3492 1327 3531 eorum
1360 3477 1661 3534 consolata
1692 3485 1783 3534 est
1822 3480 1923 3553 qui
1951 3497 2051 3537 su-

416 3563 795 3620 doremadidi
823 3570 1223 3630 accurrerunt,
1246 3572 1303 3621 et
1353 3567 1522 3637 cujus
1571 3569 1796 3625 fructus
1846 3586 2054 3628 omnes

416 3652 725 3724 indigenas
755 3651 1879 3726 aluerunt.Resigiturjucundavidetur
1897 3661 2053 3731 quod

417 3739 632 3813 aliquis
662 3740 876 3813 dignus
908 3742 1183 3797 inventus
1242 3743 1418 3799 fuerit
1470 3744 1571 3816 qui
1621 3745 1784 3818 regni
1846 3748 2053 3803 funda-

418 3834 614 3886 menta
635 3829 888 3902 jacuerit
916 3835 974 3886 et
1002 3831 1282 3903 temporis
1315 3831 1498 3888 felicis
1530 3834 1780 3905 posteris
1828 3837 2055 3892 semina

415 3918 724 3975 tradiderit
754 3922 812 3975 et
842 3935 1063 3974 corona
1097 3920 1273 3992 regali
1309 3920 1542 3977 initium
1610 3925 1871 3994 posuerit
1926 3942 2053 3998 qua

417 4011 623 4077 postea
651 4010 737 4062 tot
765 4006 975 4079 dignos
1010 4010 1216 4065 merito
1246 4010 1473 4066 ornavit
1518 4016 1576 4067 et
1632 4029 1760 4083 quas
1803 4015 2054 4072 subinde

418 4094 714 4167 duplicem
747 4102 1017 4152 assecuta
1045 4103 1135 4153 est
1166 4098 1470 4168 honorem,
1518 4100 1708 4172 primo
1757 4105 2051 4176 propriam

418 4182 628 4240 deinde
645 4199 817 4257 quem
845 4183 1090 4241 historia
1112 4186 1565 4259 imperatoribus
1580 4192 2053 4249 antecessoribus

417 4272 979 4345 attribuit,quamvis
1009 4275 1462 4347 priorhonorad
1493 4278 1859 4336 fundatorem
1884 4299 2053 4355 spec-

416 4366 523 4418 tet.
545 4360 657 4418 Sed
689 4362 791 4434 qui
822 4363 985 4434 regni
1018 4364 1404 4420 fundamcnta
1442 4367 1630 4436 jacuit
1685 4384 1799 4425 non
1856 4375 2053 4427 tamen

416 4468 522 4525 pro
546 4451 743 4507 futuro
765 4457 1027 4524 tempore
1056 4453 1333 4509 ﬁduciam
1365 4455 1497 4521 dat;
1529 4455 1630 4528 qui
1670 4463 1865 4514 autem
1919 4459 2051 4517 fun-

416 4540 679 4597 datorem
731 4542 999 4612 sequitur
1044 4542 1477 4600 successionem
1543 4544 1734 4601 ﬁrmat
1789 4550 2055 4620 proprias

416 4630 658 4686 virtutes
689 4636 1128 4688 antecessorum
1160 4634 1478 4689 virtutibus
1528 4634 1814 4691 addendo.
1872 4637 2057 4694 Habet

416 4717 571 4774 enirn
604 4718 869 4789 exempla
893 4721 964 4775 ad
998 4720 1345 4776 ﬁrmandam
1373 4727 1650 4790 mentem,
1684 4725 1925 4798 zeloque
1982 4727 2052 4782 ad

414 4806 799 4864 imitationem
827 4808 1102 4865 incensus
1132 4810 1659 4881 przsdecessoribus
1690 4812 1932 4871 inferior
1975 4815 2055 4871 vi-

414 4893 537 4953 deri
569 4911 682 4952 non
715 4895 854 4953 vult.

479 5300 533 5355 6.
563 5299 711 5365 Quid
745 5301 900 5374 quod
934 5301 1005 5357 de
1034 5317 1245 5374 genere
1279 5320 1495 5377 magna
1528 5324 1641 5363 non
1667 5314 1756 5365 est
1785 5327 1925 5369 cura
1954 5313 2056 5371 ha-

409 5387 799 5462 benda,cujus
827 5390 1059 5464 generis
1089 5397 1257 5464 gesta
1287 5393 1520 5451 heroxca
1550 5397 1781 5456 novisse
1811 5401 1941 5472 ejus
1967 5407 2057 5460 est

410 5476 510 5548 qui
544 5483 796 5535 mentem
820 5477 1064 5535 scientia
1096 5496 1304 5538 ornare
1327 5482 1491 5552 vult;
1550 5490 1607 5542 et
1655 5504 1782 5559 quae
1840 5489 2055 5548 litteris

404 5565 527 5636 jam
559 5567 784 5623 dudum
816 5568 954 5624 licet
973 5568 1251 5626 brevibus
1281 5572 1471 5629 verbis
1501 5575 1717 5632 tradita
1745 5583 1904 5634 sunt.
1930 5579 2055 5637 Huc

412 5653 641 5708 accedit
662 5656 813 5724 quod
844 5656 1212 5713 educationis
1233 5676 1499 5718 normam
1535 5679 1600 5719 ac
1628 5666 1862 5753 regul’as
1889 5671 2056 5742 sequi

2083 4579 2132 4645 D

2161 3305 2398 3382 ἅρῥιζαο
2460 3306 2707 3383 στεῤῥοῖς
2788 3305 2847 3363 δὲ
2917 3306 3198 3381 θεμελίοις
3254 3306 3690 3381 ἐπῳκοδόμηται
3753 3314 3829 3384 τῇ

2160 3390 2700 3472 προϋποϐεϐλημὲνῃ
2756 3400 2865 3451 τῶν
2924 3395 3215 3472 προγόνων
3276 3395 3516 3469 εὐκλείᾳ,
3568 3396 3687 3467 καὶ,
3748 3399 3827 3460 ὡς

2160 3482 2248 3539 ἐπὶ
2281 3484 2455 3561 ῥίζαις
2511 3485 2809 3556 τοιαύταις,
2862 3486 3027 3565 φυτὸν
3071 3482 3462 3550 εὖθαλὲστατον
3509 3484 3645 3541 αὐτὸ
3700 3486 3833 3543 ἀνέ-

2162 3569 2429 3645 6λαστεν,
2486 3574 2551 3629 οὗ
2607 3575 2696 3630 καὶ
2750 3576 2784 3644 ἠ
2843 3576 2970 3630 σκιὰ
3025 3575 3233 3637 κόπους
3290 3574 3529 3651 ἀνέψυχε
3579 3580 3705 3638 τοῖς
3764 3575 3830 3631 ἐκ

2160 3664 2416 3737 καμάτων
2470 3662 2593 3739 βίου
2654 3669 2971 3738 καυστηρῶν
3031 3662 3417 3740 ὑποτρέχουσι,
3469 3663 3561 3718 καὶ
3608 3666 3637 3719 ὁ
3690 3685 3829 3741 καρ-

2161 3753 2261 3816 πὸς
2317 3750 2554 3831 ἔτρεφεν,
2615 3752 2773 3816 ὅσους
2829 3753 2949 3830 βίου
3004 3751 3265 3826 ἐλάπαξεν
3323 3750 3541 3810 ἔνδεια.
3606 3756 3826 3828 Σεμνὸν

2167 3843 2259 3915 μὲν
2312 3843 2402 3897 οὖν
2452 3843 2542 3898 καὶ
2596 3842 2756 3898 αὐτόν
2808 3864 2930 3898 τινα
2985 3842 3250 3913 ἠξιῶσθαι
3299 3842 3480 3918 ἀρχὴν
3532 3842 3829 3919 βασιλείας

2164 3932 2336 4003 ἑαυτῷ
2379 3926 2909 4007 προκαταόαλὲσθαι,
2959 3931 3052 3986 καὶ
3102 3930 3357 4007 κατάρξαι
3404 3936 3487 4003 τῷ
3544 3931 3826 3987 εἰσέπειτα

2162 4023 2306 4096 γένει
2362 4025 2459 4076 τοῦ
2517 4022 2738 4097 ἀγαθοῦ,
2797 4020 2885 4075 καὶ
2942 4024 3013 4095 τῇ
3070 4018 3331 4096 βασιλικῇ
3397 4018 3614 4095 χρυσέα
3672 4026 3830 4097 σειρᾷ

2163 4106 2402 4164 ἐνδοῦναι
2456 4110 2657 4186 ἀρχήνο
2716 4114 2796 4181 τῷ
2852 4111 3013 4164 παντὶ
3072 4105 3131 4164 δὲ
3180 4113 3424 4179 κρεῖττον
3461 4108 3524 4163 ἐκ
3550 4104 3831 4185 διαδοχῆς

2165 4197 2535 4274 ἐπικεκρίσθαι
2592 4197 2904 4273 περιθέσθαι
2963 4194 3210 4272 διάδημα
3244 4239 3257 4253 .
3315 4197 3497 4254 Τοῦτο
3560 4197 3660 4271 μὲν
3722 4200 3832 4276 γὰρ

2165 4286 2241 4349 εἷς
2269 4284 2498 4342 διπλοῦν
2551 4285 2674 4357 ἥκει
2725 4287 2971 4350 ἐπαίνου,
3013 4282 3078 4342 τό
3106 4307 3166 4342 τε
3204 4287 3320 4342 κατ’
3352 4286 3539 4349 αὐτὸν,
3572 4287 3665 4342 καὶ
3701 4287 3834 4344 ὅσον

2164 4376 2240 4440 εἰς
2302 4375 2544 4451 βασιλεῖς
2618 4376 2925 4453 προγόνους
2984 4376 3290 4449 ἀναπέμπει
3343 4375 3433 4429 τὸν
3490 4377 3781 4455 γράφοντα
3813 4398 3830 4414 ·

2164 4466 2336 4520 ἐκεῖνο
2390 4462 2447 4520 δὲ
2494 4465 2571 4528 εἷς
2598 4462 2712 4521 ⁸ἕνα
2760 4465 3086 4542 περιέγραψε
3133 4465 3195 4520 τὸ
3241 4463 3434 4534 καλὸν,
3484 4464 3578 4520 τὸν
3621 4467 3832 4543 κατάρ-

2164 4555 2343 4625 ξαντα.
2387 4555 2488 4612 Καὶ
2546 4550 2622 4610 ἔτι
2682 4556 2710 4610 6
2772 4556 2867 4628 μὲν
2916 4555 3097 4630 ἀρχὴν
3160 4553 3455 4629 βασιλικήν
3509 4554 3834 4626 ὑποστησά-

2170 4663 2330 4717 μενος
2384 4643 2446 4699 οὐ
2498 4645 2637 4699 πάνυ
2690 4641 2878 4700 δίδωσι
2938 4643 3153 4721 θαρρεῖν
3203 4643 3271 4699 τὰ
3322 4643 3611 4698 είσὲπειτα·
3678 4646 3712 4700 ὁ
3773 4643 3834 4701 δὲ

2164 4736 2280 4794 τοῖς
2340 4730 2552 4810 ἄρξασιν
2613 4731 3025 4808 ἐπιγενόμενος,
3076 4732 3166 4788 καὶ
3222 4736 3392 4787 ταῦτα
3439 4729 3781 4801 τηλικούτοι
3816 4780 3830 4805 ,

2166 4819 2513 4899 ἐγγυωμένην
2557 4821 2721 4898 αὐχεῖ
2759 4824 2859 4893 τὴν
2911 4819 3181 4898 διαδοχὴν
3243 4821 3465 4896 ἀγαθοῖς
3521 4826 3642 4884 τοῖς
3690 4825 3831 4901 φθά-

2167 4930 2287 4965 σασι
2339 4918 2748 4987 προσεπιθεῖναι
2795 4912 2863 4968 τὰ
2888 4908 3124 4969 οἴκοθεν.
3175 4917 3333 4987 Ἔχει
3376 4911 3503 4986 γὰρ,
3532 4909 3664 4966 ὅποι
3722 4933 3833 4968 πα-

2169 4997 2530 5077 ραδείγματος
2601 5001 2878 5079 ἷθαγενοῦς
2944 5000 3038 5056 τὸν
3096 5005 3222 5055 νοῦν
3282 4999 3623 5075 ἀπερείσεται
3657 5017 3672 5033 ⁸
3736 5001 3831 5056 καὶ

2170 5087 2323 5163 ζήλῳ
2379 5086 2788 5167 διαθερμανθεῖς
2855 5090 2992 5166 πρὸς
3052 5088 3309 5163 μίμησιν,
3372 5088 3434 5143 οὐ
3494 5088 3647 5165 φέρει
3708 5094 3831 5152 τοῖς

2163 5177 2452 5255 προγόνοις
2482 5179 2696 5257 ἀφιέναι
2725 5178 3023 5255 πρωτεύειν
3058 5177 3110 5233 ἐν
3138 5178 3389 5255 ἀγαθοῖς.

2236 5319 2299 5377 ς’.
2347 5312 2407 5367 Τί
2464 5309 2521 5368 δὲ
2569 5331 2583 5383 ;
2634 5311 2794 5377 Γὲνος
2848 5314 2942 5387 μὶν
2995 5313 3060 5369 οὐ
3112 5310 3690 5389 πολυπραγμονητέον
3743 5312 3828 5369 ἐν·

2164 5404 2350 5470 ταῦθα,
2401 5399 2564 5477 οὗπερ
2607 5403 2636 5459 6
2686 5400 2989 5479 κατάλογος
3042 5401 3174 5478 ὑπὶρ
3225 5402 3295 5457 τὰ
3350 5400 3589 5477 ἢρωϊκὰ,
3636 5402 3714 5456 ὢν
3759 5402 3829 5457 τὰ

2166 5490 2333 5565 σεμνὰ
2387 5488 2500 5546 ἔστι
2552 5495 2831 5547 κατανοεῖν
2881 5495 2964 5563 τῷ
3020 5492 3313 5564 μαθήσεως
3379 5487 3437 5544 εὗ
3487 5487 3708 5559 ἥκοντι,
3769 5488 3825 5551 ἐς

2165 5577 2290 5634 ὅσον
2353 5578 2702 5655 βραχύτητος
2739 5578 3188 5657 περιγέγραπταν
3246 5584 3455 5656 τροφῆς
3511 5574 3572 5633 Si
3619 5577 3825 5634 κανόνα

2166 5665 2587 5744 διαχειριστὲον,
2644 5668 2704 5733 ’ὸς
2760 5665 2828 5739 δὴ
2882 5673 2974 5755 τῷ,
3012 5666 3156 5745 γένει
3204 5665 3673 5745 συναναφαίνεται.
3719 5666 3820 5725 Καὶ
