4136 6210
334 350 456 410 977

1211 356 1601 417 MANUELIS
1645 353 1998 414 COMNENI
2043 353 2441 416 LAUDATIO
2487 355 2903 417 FUNEBBIS.

3639 357 3758 418 978

329 481 416 545 τίς
446 481 507 535 ἂν
565 481 906 558 ἐπιμετρήοῃ
966 485 1166 559 χρόνον
1198 485 1486 560 ἀρκοῦντα,
1544 479 1669 548 ἔνθα
1713 483 1768 538 τὸ
1794 483 1993 557 ἀκροα-

2112 485 2412 554 debemus,
2445 487 2662 558 quibus
2693 487 2924 560 generis
2976 487 3252 560 splendor
3301 493 3565 558 augetur.
3612 491 3754 557 Quis

331 572 533 646 τήριον
568 569 733 646 ὀλίγα
763 571 860 644 μὲν
908 567 1027 647 ’ἔχει
1081 573 1217 648 πρὸς
1268 577 1383 636 τοῖς
1425 573 1510 646 ὑφ’
1567 573 1728 643 ἡμῶν
1791 569 1992 626 λαλου-

338 658 551 731 μὲνοις,
599 660 666 714 τὰ
741 658 918 714 πλείω
974 658 1030 715 δὲ
1084 661 1157 723 εἰς
1215 663 1370 716 ἑαυτὸ
1429 663 1728 736 στρέφεται,
1779 661 1868 715 καὶ
1919 664 1998 731 τῷ

335 746 578 819 θαύματι
637 748 941 823 πεπηγότες
1014 748 1049 819 ἢ
1109 749 1464 806 συστέλλουσι
1513 750 1579 804 τὰ
1633 755 1740 805 τῶν
1800 749 1994 818 αἰσθή-

336 855 478 890 σεων
534 833 900 912 ἐνεργήματα,
957 835 1008 892 ἐν
1069 841 1150 900 οἷς
1181 838 1269 893 καὶ
1322 839 1384 894 τὸ
1437 840 1752 914 ἀκροᾶσθαι,
1784 839 1818 908 ἢ
1853 835 2000 893 ἀλλὰ

333 923 438 986 τὰς
497 925 734 1000 ψυχικὰς
790 926 1240 1002 παρανοιγνύντες
1323 924 1546 992 δέλτους
1609 928 1764 983 αὐτοὶ
1826 927 1998 1003 λογο-

335 1017 640 1089 γραφοῦσιν
697 1013 934 1082 ἑαυτοῖς,
988 1017 1106 1070 κατ’
1163 1012 1335 1080 ἄλλος
1399 1015 1570 1073 ἄλλον
1627 1018 1828 1092 τρόπον
1874 1021 1994 1078 τοῖς

334 1105 438 1157 τοῦ
469 1103 721 1176 κειμένου
752 1103 1046 1179 ἐπεξιόντες
1076 1105 1381 1180 θαύμασιν,
1443 1105 1493 1161 ἐν
1554 1109 1635 1169 οῖς
1694 1107 1781 1161 καὶ
1831 1107 1904 1169 ὡς
1940 1107 1998 1160 ἐκ

334 1190 666 1266 σπαργάνων
738 1193 914 1249 αὐτῶν
975 1193 1064 1249 καί
1139 1194 1199 1250 ἐκ
1253 1194 1446 1258 παιδὸς
1506 1196 1580 1257 είς
1641 1197 1874 1269 ἀκμαῖον
1926 1183 2000 1251 δι’

335 1279 546 1353 ἀρετῶν
593 1281 742 1350 ἥκῶν
801 1285 1135 1357 προέκοπτε,
1193 1285 1258 1338 τὰ
1321 1285 1414 1357 μὲν
1474 1286 1678 1362 ἑτέροις
1735 1306 1994 1360 προγονι-

332 1374 458 1431 κοῖς
513 1365 782 1442 ἐμϐαίνων
819 1371 1015 1448 ἴχνεσι,
1075 1374 1143 1427 τα
1201 1371 1258 1428 δὶ
1304 1375 1392 1428 καὶ
1428 1379 1702 1449 πατρικῶς
1735 1374 1993 1451 ῥυθμιζό-

333 1478 522 1529 μενος,
554 1459 732 1514 πλείω
789 1459 848 1516 δὶ
903 1462 990 1516 καὶ
1062 1467 1476 1538 προσευπορῶν,
1524 1464 1612 1518 καὶ
1645 1465 1839 1540 ἀρχαῖς
1869 1466 1997 1538 ἀγα-

332 1547 458 1608 θαῖς
517 1549 982 1626 προσεξευρίσκων
1042 1550 1224 1619 αὑτὸς,
1252 1550 1352 1606 ὅσα
1379 1553 1468 1606 καὶ
1525 1551 1659 1607 αύτά
1707 1553 1783 1616 εἷς
1822 1554 1995 1631 ἀρχὰς

331 1633 426 1688 καὶ
498 1633 904 1713 ἀγαθοπραξιῶν
980 1640 1263 1716 ἀρχέτυπα
1312 1646 1430 1703 τοῖς
1500 1640 1740 1696 ἐπιοῦσιν
1803 1642 1992 1719 ἐγγρά-

334 1723 520 1798 emi.

2106 579 2300 629 autem
2331 581 2566 647 tempus
2597 577 2897 632 sufficiens
2941 577 3104 631 dabit
3151 576 3368 631 oratori
3418 594 3485 631 ea
3531 577 3656 649 lege
3689 582 3756 634 ut

2107 663 2486 721 audientibus
2515 668 2690 720 verba
2724 667 2948 737 prolata
2984 681 3185 737 parum
3221 665 3467 736 prosint,
3505 665 3754 738 plurima

2106 769 2239 807 vero
2270 754 2327 807 in
2373 755 2633 826 seipsum
2681 759 3064 819 revertantur,
3119 758 3176 808 et
3224 755 3307 810 sic
3365 754 3751 809 admiratione

2107 841 2380 911 perculsi,
2414 848 2469 896 et
2522 842 2797 898 audiendi
2823 842 3259 915 operationibus
3317 844 3752 915 circumscripti

2105 927 2286 984 libros
2317 929 2754 1001 pbilosopbicos
2798 931 2998 1003 legunt
3038 936 3094 985 et
3125 931 3418 986 memoria
3471 932 3757 988 mandant

2106 1023 2164 1073 et
2195 1026 2449 1074 mentem
2483 1020 2842 1075 mirabilium
2879 1021 3075 1076 studio
3101 1020 3372 1092 replent?
3399 1023 3482 1076 Ab
3514 1022 3755 1078 incuna-

2105 1107 2263 1163 bulis
2301 1110 2458 1163 enim
2512 1110 2853 1165 adolescens
2900 1111 2972 1164 ad
3024 1110 3302 1164 virtutum
3353 1111 3755 1166 maturitatem

2107 1199 2474 1269 procedendo
2525 1200 2816 1270 majorum
2866 1199 3130 1272 vestigiis
3179 1199 3421 1267 insistit,
3467 1205 3525 1255 et
3563 1215 3758 1256 mores

2107 1299 2381 1363 paternos
2406 1290 2695 1345 imitando
2719 1291 2888 1345 bonis
2916 1290 3178 1362 auguriis
3202 1290 3377 1346 vitam
3401 1307 3758 1364 componens

2105 1383 2392 1436 bonarum
2426 1380 2720 1434 actionum
2755 1379 3050 1450 exemplar
3074 1379 3200 1451 ipse
3222 1386 3310 1435 est
3332 1385 3386 1434 et
3408 1381 3660 1452 posteris
3683 1381 3757 1435 ad

2104 1470 2458 1525 imitandum
2493 1477 2869 1541 proponetur.

421 1834 480 1901 ζ’.
513 1834 606 1890 Ἐν
659 1833 760 1909 γὰρ
809 1831 1032 1905 ἀληθῶς
1067 1833 1198 1891 ἰδεῖν
1253 1836 1342 1891 τὸν
1381 1837 1473 1909 μὶν
1529 1839 1732 1913 πατέρα
1765 1839 1991 1915 βασιλέα

2168 1840 2222 1894 7.
2257 1837 2478 1892 Revera
2507 1837 2704 1890 autem
2751 1839 2978 1906 patrem
3031 1833 3440 1904 imperatorem
3490 1833 3750 1906 optimas

342 1914 713 1974 διδασκαλιῶν
761 1920 856 1984 τὰς
911 1921 1128 1997 ἀρίστας
1161 1917 1638 1999 προϐαλλόμενον,
1693 1914 1887 1981 τοῦτον
1937 1925 1995 1985 δὶ

341 2007 473 2082 ῥᾷον
541 2005 1103 2083 ἀντιλαμϐανόμενον,
1174 2012 1264 2066 καὶ
1339 2011 1416 2074 εἲς
1483 2009 1765 2087 προϐολὴν
1836 2015 1993 2081 εὐθὺς

339 2096 613 2173 ἐνεργείας
686 2098 898 2163 τελείας
952 2099 1326 2175 ἐρεθιζόμενον
1357 2123 1370 2135 ·
1430 2101 1674 2158 κάκεῖνον
1734 2102 1872 2160 ἔστιν
1933 2107 1995 2161 οὗ

339 2186 433 2240 καὶ
495 2185 762 2262 ἐπέχοντα
815 2196 915 2258 τῆς
964 2189 1177 2264 εἰσάγαν
1239 2189 1438 2265 Ιςῖύμης,
1501 2192 1872 2269 ὑφορώμενον,
1918 2196 1994 2268 μὴ

340 2276 433 2329 καὶ
497 2275 726 2352 σφαλείη
789 2278 816 2331 6
848 2283 976 2341 παῖς
1024 2277 1279 2353 βασιλεὺς
1311 2283 1392 2351 τῷ
1452 2279 1706 2353 ὑπερλίαν
1740 2282 1997 2356 εὐεκτικῷ

333 2362 439 2418 τοῦ
475 2364 874 2444 μεγαλοφυοῦς.
935 2366 1040 2422 Καί
1098 2388 1230 2422 ποτε
1311 2369 1416 2442 πρὸ
1476 2370 1618 2445 ὥρας
1678 2371 1864 2446 ὑγραῖς
1916 2369 1998 2427 ἔτι

337 2453 501 2528 χερσὶ
535 2454 644 2528 (καί
693 2455 746 2510 τί
775 2457 876 2532 γάρ
903 2458 941 2528 ς)
983 2455 1018 2525 ἢ
1050 2453 1329 2521 παιδικαῖς
1386 2458 1413 2511 6
1476 2460 1571 2531 μὲν
1625 2460 1998 2536 κατεθάρῥησε

345 2545 542 2618 μάχης
593 2547 674 2617 (ἣν
726 2545 786 2599 ού
835 2545 1064 2613 πολλοὶ,
1120 2543 1244 2600 οὐδὲ
1281 2552 1389 2601 τῶν
1420 2547 1849 2624 γενναιοτέρων),
1906 2551 1994 2605 καὶ

342 2632 650 2705 περιέκειτο
707 2633 862 2705 νίκην
899 2656 913 2670 ·
973 2635 1001 2689 6
1059 2631 1115 2689 δὶ
1170 2636 1349 2710 πατὴρ
1399 2635 1546 2700 ἐντὸς
1591 2638 1684 2710 μὲν
1754 2636 1996 2714 ἔχαιρεν,

347 2720 659 2800 ἐπαλείφων
719 2723 796 2785 εἷς
849 2724 1041 2797 ἀρετὰς
1099 2723 1190 2778 τὸν
1249 2726 1368 2780 κατ’
1423 2724 1583 2788 αὑτὰς
1643 2724 1996 2801 δεξιώτατον,

343 2816 467 2872 τοῖς
501 2807 556 2866 δὲ
607 2810 759 2874 ἐκτὸς
790 2807 1066 2887 ἐμϐριθῶς
1097 2811 1492 2888 ἐσχημάτιστω
1540 2817 1631 2870 καὶ
1676 2815 1865 2886 ἤνυσεν
1911 2817 1999 2872 ἐπὶ

345 2903 431 2971 τῷ
487 2904 704 2975 μαθητῇ
758 2899 990 2976 βασιλεῖ,
1024 2902 1052 2956 6
1089 2903 1164 2975 μή
1213 2902 1276 2956 τὸ
1315 2901 1581 2975 πολέμιον
1610 2907 1995 2981 κατεπράξατο.

343 2987 485 3049 Τοὺς
536 2989 630 3061 μὲν
662 2989 763 3064 γὰρ
795 2986 908 3045 οὐδ’
971 2989 1245 3060 ὑπεστάλη
1279 2991 1308 3044 6
1362 2991 1593 3054 νεανίας’
1623 2993 1651 3047 6
1706 2991 1762 3048 δὲ
1819 2996 1998 3069 πατὴρ

355 3076 633 3150 βασιλεὺς,
696 3073 1200 3154 ἐμϐριμησάμενος,
1237 3081 1370 3136 αὐτὸ
1428 3079 1476 3135 δ’
1531 3080 1724 3154 εἰπεῖν,
1756 3085 1843 3138 καὶ
1883 3083 2000 3138 ἐπι-

346 3167 604 3238 πλήξας,
664 3168 739 3230 εἷς
787 3168 982 3246 φρίκην
1035 3171 1301 3245 συνήγαγε
1362 3165 1598 3243 μαθόντα
1653 3173 1728 3244 μὴ
1798 3180 1996 3249 χρῆναι

345 3257 516 3319 θάλος
573 3256 715 3312 οὕτω
773 3257 889 3312 νὲον
944 3258 1166 3331 ἀνέμοις
1241 3259 1398 3314 ἑαυτὸ
1472 3255 1885 3335 παραϐάλλειν,
1945 3264 1996 3318 οἳ

343 3343 633 3419 ἐπιστρέψαι
680 3353 781 3415 τῆς
811 3345 886 3407 εἰς
938 3347 1095 3422 ὀρθὸν
1155 3349 1412 3417 στάσεως,
1470 3349 1559 3403 καὶ
1600 3349 1686 3404 ἐπὶ
1717 3350 1880 3425 γαίης
1911 3349 2000 3405 ἐκ·

342 3433 570 3487 τανύσαι
638 3433 919 3510 ἰσχύουσιν
947 3454 959 3466 ·
1027 3436 1323 3491 ἀκούσαντά
1364 3457 1422 3491 τε
1464 3437 1558 3491 καὶ
1615 3435 1824 3510 μηδίνα
1872 3444 2000 3517 τραῦ-

346 3520 450 3577 λον
481 3519 648 3596 ἄνδρα
679 3522 911 3596 πολέμῳ
941 3521 1206 3597 α’ίρεσθαι,
1260 3522 1404 3580 ἀλλὰ
1453 3523 1579 3586 τοὺς
1626 3526 1861 3601 ἀγαθοὺς
1892 3529 1994 3596 ἀεὶ,

347 3609 444 3672 οὕς
523 3610 906 3686 κρατυνθέντας
984 3612 1076 3686 μὲν
1143 3613 1280 3667 πάνυ
1347 3612 1580 3688 στερρῶς
1659 3614 1750 3669 καὶ
1806 3613 1996 3679 ἄθλοις

346 3694 688 3774 ἐντριϐἑντας
773 3700 990 3776 μυρίοις
1064 3702 1190 3776 τάχ’
1254 3700 1314 3756 ἃν
1372 3722 1504 3756 ποτε
1556 3700 1902 3774 δυσωπηθείη
1959 3707 1994 3776 ὴ

342 3785 741 3863 δυσπρόσωπος
777 3790 960 3864 μάχη,
1005 3787 1348 3852 παναπάλοις
1383 3787 1439 3844 δὲ
1496 3789 1613 3845 οὖσι
1650 3791 1793 3866 ταχὺ
1833 3791 1996 3869 ἐγχα-

335 3880 529 3950 νεῖται,
583 3879 670 3933 καὶ
717 3877 993 3954 ἀπαγάγοι
1023 3879 1132 3956 πρὸ
1165 3879 1333 3954 ὥρας,
1381 3881 1576 3954 μικρὸν
1610 3879 1645 3949 ἢ
1678 3878 1832 3935 οὐδὲν
1865 3881 1996 3958 ὤφε-

341 3964 583 4036 ληκότας
624 3969 687 4022 τὸ
740 3967 1139 4042 βοηθούμενον·
1193 3967 1284 4023 καὶ
1335 3967 1421 4022 ἐπὶ
1452 3972 1582 4023 πᾶσι
1629 3967 1993 4041 παίδευθέντα,

2105 1925 2430 1998 disciplinas
2463 1922 2696 1996 regulas
2729 1939 3069 1996 proponere,
3103 1923 3289 1978 ﬁlium
3332 1928 3526 1979 autem
3559 1923 3757 1978 confe-

2105 2017 2242 2072 stim
2276 2011 2512 2070 obedire
2544 2019 2601 2068 et
2629 2013 2808 2066 vitam
2843 2011 2915 2066 ad
2942 2010 3074 2066 illas
3101 2027 3449 2083 componere
3479 2011 3756 2066 vidimus.

2104 2106 2206 2162 Ille
2227 2117 2479 2174 namque
2502 2101 2744 2156 nimiam
2775 2100 2876 2155 lilii
2898 2099 3399 2170 impetuositatem
3423 2099 3755 2169 refrenavit,

2106 2212 2178 2250 ne
2210 2194 2423 2249 indolis
2476 2191 2752 2246 facilitate
2808 2190 2962 2245 ultra
2991 2206 3166 2260 quam
3229 2192 3313 2244 fas
3342 2195 3434 2245 est
3485 2190 3755 2244 ferretur.

2107 2286 2544 2354 Nonnunquam
2602 2284 2798 2335 autem
2855 2284 3090 2351 tempus
3155 2280 3430 2335 manibus
3487 2277 3758 2334 delicatis

2106 2375 2336 2447 (quidni
2368 2373 2523 2430 enim
2545 2371 2597 2443 ?)
2630 2376 2731 2442 aut
2759 2371 3082 2443 puerilibus
3115 2371 3342 2426 hostem
3373 2370 3433 2425 in
3466 2386 3665 2443 pugna
3694 2369 3758 2425 li-

2107 2471 2196 2518 cet
2262 2462 2502 2518 inferior
2587 2476 2832 2515 numero
2917 2465 2972 2515 et
3055 2459 3400 2515 fortitudine
3478 2475 3756 2530 egressus

2107 2553 2293 2608 victor
2322 2566 2588 2606 reversus
2619 2554 2745 2616 est;
2779 2550 2851 2604 de
2901 2565 3016 2619 quo
3049 2553 3212 2620 pater
3262 2548 3429 2603 laetus
3461 2547 3648 2603 ﬁlium
3680 2549 3752 2603 ad

2107 2643 2381 2699 virtutem
2433 2640 2808 2714 aptissimum
2864 2641 3171 2708 excitabat,
3230 2645 3499 2696 externos
3557 2643 3754 2696 autem

2111 2732 2457 2805 flagellando
2509 2731 2856 2796 instruebat,
2917 2734 2976 2785 et
3025 2729 3108 2785 sic
3152 2729 3223 2784 de
3272 2729 3563 2801 discipulo
3598 2728 3756 2800 regio

2110 2821 2246 2877 fecit
2278 2820 2434 2892 quod
2466 2818 2726 2874 hostium
2780 2816 3112 2886 exemplum
3165 2817 3350 2872 facere
3383 2816 3756 2888 nequivisset.

2110 2909 2259 2964 Dum
2307 2923 2440 2962 vero
2497 2904 2836 2962 adolescens
2883 2903 3017 2960 illos
3074 2920 3446 2975 nequaquam
3496 2904 3760 2968 timebat,

2111 3003 2274 3068 pater
2307 2994 2753 3051 minitabundus
2797 2998 2854 3048 et
2891 2993 3082 3063 verbis
3131 2993 3440 3063 increpans
3488 2992 3760 3048 timorem

2112 3085 2309 3157 injecit
2341 3085 2602 3150 alumno,
2627 3099 2697 3138 ne
2720 3099 2782 3138 se
2812 3081 3112 3137 surculum
3141 3082 3198 3136 in
3231 3081 3340 3138 bac
3371 3086 3571 3138 tenera
3599 3085 3768 3137 astate

2110 3175 2298 3231 ventis
2329 3176 2642 3244 exponeret
2672 3171 2770 3242 qui
2804 3187 2835 3226 e
2865 3175 3020 3225 statu
3055 3170 3304 3240 dejicere
3343 3175 3400 3225 et
3428 3171 3593 3225 humi
3628 3187 3760 3241 pro-

2112 3268 2372 3320 sternere
2403 3260 2622 3326 solent;
2657 3260 2797 3313 dum
2832 3259 2986 3314 dicto
3030 3259 3277 3314 audiens
3316 3263 3374 3313 et
3402 3258 3760 3329 czeteroquin

2110 3369 2224 3407 non
2259 3350 2450 3405 malus
2481 3348 2566 3402 vir
2610 3348 2668 3401 in
2721 3363 2916 3419 pugna
2965 3346 3293 3415 exaltatur;
3340 3345 3524 3402 bonos
3562 3350 3759 3401 autem

2108 3444 2165 3494 et
2194 3437 2483 3494 sexcentis
2515 3435 2730 3506 pugnis
2762 3435 3168 3491 corroboratos
3198 3435 3386 3490 tristis
3427 3449 3623 3506 pugna
3655 3435 3758 3488 ab-

2107 3532 2317 3584 sterret
2345 3529 2402 3581 et
2432 3523 2782 3596 quantocius
2813 3529 3042 3579 amovet
3087 3523 3224 3596 quin
3275 3521 3558 3580 auxilium
3591 3522 3753 3578 abla-

2106 3624 2230 3673 tum
2263 3614 2409 3688 ipsis
2438 3612 2740 3686 profuerit.
2776 3615 2835 3668 In
2862 3613 3136 3669 omnibus
3167 3618 3359 3668 autem
3393 3612 3752 3685 discipulum

2106 3706 2382 3761 monebat
2438 3708 2504 3759 ut
2553 3702 2706 3758 lento
2763 3702 2947 3774 gradu
2995 3703 3066 3757 ad
3124 3703 3414 3774 agendum
3471 3706 3529 3758 et
3563 3701 3749 3758 virtu-

2106 3801 2190 3852 tes
2255 3793 2605 3850 exercendas
2665 3790 3146 3862 progrederetur,
3206 3796 3268 3845 ut
3335 3791 3748 3862 perfectionem

2106 3887 2457 3940 consecutus
2515 3880 2726 3936 saeculo
2801 3879 2996 3935 ofﬁcia
3067 3883 3368 3952 praestaret
3415 3896 3428 3948 ;
3488 3880 3640 3951 quod
3695 3887 3754 3936 et

2109 3973 2320 4030 evenit.

338 4056 524 4130 ἠρέμα
544 4057 608 4112 τὸ
638 4052 948 4134 ἔμπρακτον
977 4054 1359 4134 προΐσχεσθαι,
1389 4057 1480 4113 καὶ
1515 4056 1813 4135 βαθμιδοῦν
1848 4061 1958 4116 οἷον
1989 4062 2088 4132 τὴν
2124 4061 2174 4118 ἐν
2208 4061 2425 4137 ἀρεταῖς
2449 4053 2706 4114 ἀνάϐασιν
2738 4058 2875 4112 κατὰ
2904 4054 3340 4130 εύτακτουμὲνην
3361 4055 3752 4134 προσαύξησιν,

333 4143 434 4198 ἳνα
456 4147 536 4217 τῷ
563 4141 758 4218 τελείῳ
811 4139 1021 4222 προϐὰς
1054 4143 1138 4217 εἴη
1171 4149 1251 4202 τῶ
1279 4145 1475 4220 κόσμῳ
1506 4147 1618 4222 χρή
1629 4167 1810 4220 σιμοςο
1841 4147 1870 4202 '6
1900 4150 1990 4204 καὶ
2017 4147 2094 4214 εἷς
2121 4146 2280 4226 ἔργον
2315 4142 2608 4220 ἐκϐέϐηκεν
2635 4145 2880 4222 ὕστερον.

411 4330 481 4395 η’.
512 4322 692 4382 Ἀλλᾶ
735 4324 789 4381 τί
849 4346 966 4400 μοι,
1023 4327 1140 4382 κατ’
1188 4327 1426 4402 ἀνάγκην
1479 4324 1647 4403 λόγου
1677 4328 1768 4383 καὶ
1814 4328 1997 4384 τοιού-

2177 4333 2232 4387 8.
2259 4330 2560 4396 Quomodo
2585 4334 2780 4386 autem
2803 4328 2926 4385 ﬁeri
2960 4328 3164 4401 possit,
3191 4332 3254 4384 ut
3275 4345 3408 4384 cum
3434 4328 3755 4385 necessitas

335 4434 456 4476 τοις
503 4412 786 4491 ἐπεξιόντι,
838 4412 962 4470 οὔτε
1005 4413 1083 4478 εἷς
1131 4416 1192 4471 τὸ
1223 4421 1326 4471 πᾶν
1357 4415 1640 4489 ἐξικέσθαι,
1700 4416 1790 4472 καὶ
1849 4415 1998 4472 διεκ-

2112 4421 2384 4493 loquendi
2419 4435 2510 4475 me
2542 4419 2656 4475 huc
2701 4418 2963 4487 adduxit,
3001 4435 3114 4472 non
3155 4418 3356 4473 omnia
3401 4416 3753 4488 perlustrem

336 4508 523 4559 πεσεῖν
554 4508 651 4558 τοῦ
673 4524 733 4559 τε
761 4502 952 4579 καιροῦ
979 4508 1076 4558 τοῦ
1133 4525 1189 4559 τε
1221 4509 1445 4574 σκοποῦ,
1507 4506 1579 4560 ὧν
1639 4504 1819 4577 τέλος,
1874 4509 1910 4577 ἡ
1942 4504 1995 4560 ἐν

2112 4515 2165 4566 et
2194 4526 2262 4566 ex
2309 4508 2606 4582 proposito
2654 4513 2712 4564 et
2759 4512 3088 4579 opportuno
3137 4506 3416 4577 temporis
3460 4510 3756 4561 momento

339 4597 469 4655 τοῖς
503 4592 690 4671 ἐφεξῆς
720 4589 920 4663 δυνατή
979 4593 1287 4670 συμμετρία
1316 4593 1392 4658 εἲς
1449 4595 1597 4667 ὅσον,
1652 4595 1846 4670 μικρὰν
1873 4599 2000 4673 γοῦν

2113 4598 2399 4669 excidam,
2451 4614 2700 4670 quorum
2760 4595 2894 4651 finis
2952 4600 3042 4651 est
3084 4594 3340 4650 narratio
3399 4598 3671 4650 accurata
3699 4599 3759 4651 et

344 4703 471 4737 τινα
516 4686 633 4744 τοῖς
676 4682 966 4758 ἀκροαταῖς
1019 4683 1336 4754 ἀνακινῆσαι
1389 4686 1614 4758 μνήμην
1664 4685 1754 4740 καὶ
1799 4687 1998 4759 θαῦμα,

2112 4693 2246 4760 apta
2275 4688 2346 4744 ad
2382 4687 2725 4743 memoriam
2750 4689 2808 4740 et
2828 4683 3277 4740 admirationem
3304 4683 3361 4738 in
3387 4683 3757 4739 audientium

345 4773 477 4834 τοὺς
524 4778 624 4842 τῆς
675 4771 1097 4848 εὐγνωμοσύνης
1152 4771 1434 4847 καρπούς;
1494 4770 1857 4830 Μεθοδευτὲον
1912 4772 2002 4829 οὖν

2112 4777 2324 4834 animis
2355 4775 2722 4833 excitandam
2754 4777 2810 4829 et
2839 4775 2909 4828 ad
2946 4775 3169 4828 fructus
3213 4771 3591 4846 gratitudinis
3625 4789 3756 4846 pro-

345 4865 489 4936 ἡμῖν
521 4859 664 4916 οὕτω
692 4861 818 4924 τοὺς
858 4860 1073 4938 λόγους,
1104 4861 1194 4916 ναὶ
1225 4861 1302 4925 ὡς
1336 4863 1438 4918 ὑπὸ
1475 4859 1774 4940 κλεψύδρα,
1803 4868 1883 4937 τῷ
1906 4867 2003 4919 τοῦ

2114 4867 2382 4923 ferendos
2404 4867 2432 4921 ?
2459 4864 2647 4920 Verba
2676 4863 2858 4936 igitur
2890 4861 3054 4917 nobis
3087 4862 3168 4916 ita
3213 4865 3352 4918 sunt
3393 4861 3760 4934 disponenda

342 4955 541 5025 καιροῦ
577 4951 759 5027 μάτρῳ
785 4952 848 5007 τὸ
891 4956 989 5007 τοῦ
1037 4949 1208 5029 λόγου
1257 4951 1551 5028 μετρητέον
1584 4949 1755 5028 ὕδωρ,
1808 4953 1883 5027 μὴ
1913 4951 2003 5008 καὶ

2114 4959 2180 5012 ut
2208 4958 2444 5026 tempus
2475 4952 2643 5026 quasi
2683 4951 2988 5024 clepsydra
3035 4951 3376 5007 moderante
3424 4951 3755 5022 metiamur,

345 5041 376 5096 6
408 5041 551 5116 ἀγὼν
585 5041 788 5116 φθάσας
819 5038 1126 5098 λελύσεται.

431 5242 493 5306 θ’.
528 5242 621 5312 Μή
659 5261 752 5315 μοι
812 5237 870 5296 δὲ
921 5237 1062 5314 μηδὲ
1108 5232 1404 5312 συμϐόλων
1453 5236 1669 5294 ἐκείνων
1723 5235 2005 5312 μνηστέον,

355 5330 390 5385 ἆ
433 5331 533 5400 τὴν
579 5329 867 5407 βασιλικὴν
917 5325 1232 5406 προεδήλου
1279 5329 1370 5382 καὶ
1411 5326 1702 5404 ἀνάρρησιν
1745 5327 1835 5382 καὶ
1882 5324 2008 5383 λοι-

350 5423 464 5492 πὴν
522 5420 748 5496 ὕψωσιν,
805 5421 880 5496 μὴ
910 5441 1000 5497 καί
1049 5418 1336 5491 πληθύνας
1367 5418 1579 5496 ὁράσεις
1606 5423 1687 5491 τῷ
1718 5417 1887 5494 λόγῳ,
1919 5417 2007 5472 καὶ

353 5511 763 5586 ἀποκαλύψεσιν
812 5505 1158 5584 ἐμϐαθύνας,
1211 5507 1456 5580 ἐκστήσω
1504 5508 1565 5562 τὸ
1625 5507 2006 5584 ἀκροατήριον·

352 5601 473 5658 ἐπεί
501 5621 587 5656 τοι
637 5601 726 5656 καὶ
771 5598 959 5662 ἄλλως
1007 5599 1069 5655 ού
1121 5597 1300 5672 μακρὰ
1333 5596 1496 5674 χρεία
1549 5594 1835 5669 τοιούτων,
1883 5593 2013 5662 ἔνθα

353 5693 424 5748 κά
461 5692 826 5764 ὑστερήσαντα
868 5686 1045 5765 λόγου
1075 5685 1282 5766 πέφηνε
1327 5683 1626 5763 κρείττονα
1680 5684 1758 5744 Οὐ
1795 5683 1899 5760 γὰρ
1948 5683 2009 5739 ἂν

2113 5049 2180 5101 ut
2207 5043 2500 5102 undarum
2533 5057 2693 5098 more
2723 5057 2838 5096 non
2863 5041 3025 5112 justo
3057 5039 3302 5096 celerius
3333 5039 3595 5097 efﬂuant.

2185 5243 2240 5298 9.
2273 5245 2398 5298 Non
2446 5240 2626 5314 igitur
2681 5240 2741 5296 in
2793 5241 3050 5295 mentem
3099 5237 3376 5294 revocabo
3420 5237 3590 5310 signa
3637 5235 3757 5308 illa,

2118 5349 2246 5404 quis
2301 5331 2641 5387 electionem
2700 5327 3072 5400 imperatoris
3119 5326 3653 5398 praesigniﬁcabant
3688 5343 3762 5384 ne

2117 5419 2428 5475 verborum
2449 5418 2836 5491 prolixitatem
2859 5420 2913 5472 et
2935 5432 3130 5472 rerum
3153 5417 3540 5471 abstrusarun
3567 5432 3763 5472 narra-
3863 5467 3868 5478 ,

2119 5507 2338 5564 tionem
2371 5507 2667 5562 auditores
2699 5504 3022 5561 fastidiant.
3063 5505 3171 5560 Sed
3205 5503 3296 5559 bis
3343 5504 3583 5576 quidem
3613 5521 3763 5575 opus

2120 5613 2239 5654 non
2269 5596 2380 5652 erit
2407 5597 2563 5668 quod
2609 5613 2737 5668 qua:
2777 5599 3108 5668 sequuntur
3155 5594 3398 5650 meliora
3442 5598 3602 5651 sunt.
3635 5600 3762 5651 Non

2119 5683 2278 5741 enim
2309 5682 2547 5741 oraculo
2572 5699 2720 5756 opus
2751 5687 2840 5740 est
2861 5682 2981 5752 ubi,
3005 5681 3276 5754 quamvis
3300 5697 3391 5739 res
3425 5698 3650 5756 magnas
3673 5683 3761 5740 fu-
