4136 6210
372 346 495 409 979
1150 348 1572 412 EUSTATHII
1613 350 2387 413 THESSALONICENSIS
2434 351 3015 413 METROPOLITAI
3680 352 3814 416 980

375 483 523 537 tura
551 494 668 537 non
698 478 983 538 divinitus
1009 481 1131 537 sint
1176 481 1481 552 pradictae,
1531 498 1611 539 eae
1642 482 2030 539 nihilominus

2159 477 2265 557 ίχοι
2320 502 2404 544 τις
2461 470 2707 558 ἀνάγκην
2762 482 2990 538 ἐνταῦθα
3016 485 3124 538 τῶν
3182 483 3533 559 θεοπροπίων
3565 484 3709 540 πάνυ
3735 507 3798 545 τι

378 573 720 640 evenerunt,
751 585 868 627 non
899 570 1080 642 quod,
1109 573 1179 625 ut
1222 569 1307 625 ita
1333 569 1548 641 dicam,
1580 572 1656 627 ob
1699 571 2031 645 symbolum

2159 569 2402 647 τίνεσθαι,
2432 569 2590 639 ὅπου,
2622 570 2720 626 κ’ἀν
2752 570 2803 627 εἲ
2834 572 2911 645 μὴ
2943 571 2997 627 έν
3021 567 3328 645 συμϐόλοις
3354 571 3704 647 προδηλοῖτο
3730 576 3808 630 τὰ

380 656 658 730 symboli,
690 658 791 715 sed
822 657 963 729 quia
1015 656 1076 713 in
1135 656 1238 714 illo
1281 661 1341 715 et
1384 663 1519 716 ante
1571 658 1720 716 illud
1777 659 2037 717 secunda

381 747 553 805 ratio.

456 1036 544 1092 1ο.
565 1034 620 1090 Si
642 1033 954 1107 pulchrum
977 1049 1152 1090 omne
1174 1034 1412 1107 quidem
1434 1034 1811 1107 prommium,
1836 1039 2034 1092 tamen

381 1127 504 1184 zelo
536 1128 874 1200 instigante,
924 1126 1232 1199 prolixitas
1281 1129 1339 1183 in
1372 1144 1438 1185 eo
1488 1128 1758 1184 evitanda
1787 1132 1917 1197 est;
1950 1128 2036 1184 sic

384 1234 490 1275 nec
517 1235 586 1275 ea
630 1234 759 1290 qum
807 1216 1126 1291 symbolice
1181 1218 1653 1291 praeﬁgurautur,
1702 1216 2030 1273 certamina

382 1313 586 1367 nostra
615 1324 686 1365 ne
715 1312 1039 1375 exerceant,
1068 1308 1181 1365 etsi
1213 1308 1398 1365 multa
1425 1324 1608 1380 eaque
1638 1307 1857 1365 nobilia
1886 1310 2028 1378 sint,

383 1402 620 1472 propter
648 1414 777 1470 qum
820 1397 1139 1470 imperator
1183 1396 1338 1453 inter
1380 1413 1481 1454 eos
1533 1402 1905 1454 recensentur
1935 1399 2037 1471 qui

381 1488 552 1560 juxta
597 1486 700 1543 Dei
749 1486 1042 1559 promissa
1091 1487 1567 1555 sanctiﬁcantur;
1600 1504 1727 1559 quae
1785 1486 1943 1543 enim
1976 1488 2035 1544 in

386 1575 608 1632 talibus
639 1591 755 1631 non
789 1590 1031 1646 prorsus
1062 1574 1306 1646 antiqua
1352 1581 1454 1630 aut
1482 1575 1654 1631 coetui
1701 1579 1904 1631 nostro
1942 1575 2037 1648 pio

388 1665 711 1736 incongrua
766 1662 1077 1731 videntur,
1133 1662 1501 1719 somniorum
1576 1668 1681 1720 aut
1736 1663 2033 1721 visionum

390 1752 629 1811 nomine
652 1755 995 1809 tractantur.
1028 1751 1164 1817 Quae
1194 1756 1252 1809 et
1280 1752 1480 1823 qualia
1508 1757 1706 1809 autem
1734 1753 1891 1809 Deus
1921 1753 2036 1808 avi-

2146 659 2357 734 μεγάλα
2389 659 2692 733 μέλλοντα,
2725 662 2809 724 οἷς
2835 660 3072 717 ἐπινεύει
3108 662 3259 735 Θεὸς,
3292 661 3444 737 ὅμως
3478 662 3616 719 αύτά
3661 664 3809 739 πρὸς

2141 748 2300 811 τέλος
2332 746 2485 804 οὐδέν
2513 750 2677 818 ἦττον
2710 744 3024 821 ἐκϐέϐηκεν,
3057 751 3141 811 ὅτι
3173 747 3318 823 μηδὲ
3345 748 3435 805 διὰ
3474 752 3539 807 τὸ
3588 747 3809 825 σύμϐο-

2144 836 2264 907 λον,
2297 840 2461 912 οὗπερ
2481 839 2546 894 τὸ
2576 834 2879 913 σύμϐολον,
2912 837 3040 896 ἀλλ’
3068 840 3154 895 ὅτι
3181 839 3245 895 τὸ
3277 837 3524 916 δεύτερον
3557 840 3649 896 ἐπὶ
3670 844 3806 896 τού-

2141 948 2222 1002 τῳ
2250 929 2340 983 καὶ
2368 929 2433 984 τὸ
2461 930 2568 1006 πρὸ
2594 927 2757 984 αὐτοῦ
2788 928 3125 1003 σεμνύνεται.

2220 1037 2265 1095 ι’,
2298 1035 2360 1090 Εἰ
2396 1032 2454 1091 δὲ
2499 1037 2589 1090 καὶ
2618 1033 2785 1091 καλὸν
2836 1037 2975 1090 ἅπαν
3006 1035 3328 1113 προοίμιον,
3359 1035 3487 1092 ἀλλ’
3514 1034 3644 1101 ἔνθα
3670 1057 3812 1092 κατ-

2144 1124 2344 1200 επείγει
2374 1124 2438 1179 τὸ
2487 1124 2801 1200 ἐναγώνιον,
2855 1124 3206 1202 περιορατέον
3234 1126 3297 1181 τὸ
3351 1130 3448 1180 τοῦ
3495 1125 3810 1201 προοιμίου

2144 1213 2307 1270 πολύ·
2371 1214 2514 1268 οὕτω
2573 1212 2630 1269 δὲ
2677 1214 2767 1268 καὶ
2815 1214 2877 1269 τὸ
2930 1209 3286 1287 συμϐολικῶς
3331 1215 3808 1294 φροιμιαζόμενον

2149 1304 2225 1376 μή
2286 1300 2573 1357 δαπανάτω
2620 1302 2749 1364 τοὺς
2803 1303 3013 1379 ἀγῶνας
3063 1305 3224 1376 ἡμῖν,
3291 1302 3341 1358 εἴ
3388 1304 3479 1358 καὶ
3536 1303 3687 1359 πολὺ
3738 1305 3808 1359 τὸ

2148 1391 2362 1453 εὐκλεὲς
2396 1391 2598 1467 τρόπον
2649 1389 2819 1447 ἄλλον
2872 1391 3205 1468 έπισύρεται,
3254 1393 3335 1455 οἷς
3381 1393 3472 1447 τὸν
3526 1392 3812 1467 αὐτοκρά-

2144 1501 2278 1557 τορα
2306 1502 2443 1535 κατα
2489 1479 2616 1543 τοὺς
2664 1480 2718 1535 ἔν
2767 1479 3121 1557 ἐπαγγελίαις
3158 1479 3509 1555 ὡσιωμένους
3555 1486 3638 1555 τῷ
3688 1486 3815 1554 Θεῷ

2147 1568 2462 1635 διατίθεται.
2509 1571 2595 1628 Τά
2644 1571 2740 1643 μὲν
2780 1570 2880 1646 γὰρ
2933 1570 3073 1626 πάνυ
3118 1569 3171 1626 έν
3210 1577 3327 1633 τοῖς
3371 1571 3650 1634 τοιούτοις
3702 1590 3816 1627 πα.-

2148 1658 2297 1731 λαιά,
2344 1661 2431 1715 καὶ
2489 1657 2632 1734 μηδὲ
2671 1666 2771 1730 τῆς
2820 1662 2941 1724 καθ’
2987 1662 3135 1733 ἡμᾶς
3180 1660 3329 1735 ⁴ἱερᾶς
3378 1657 3557 1730 αύλῆς
3609 1680 3671 1714 τε
3717 1658 3817 1715 καὶ

2147 1748 2496 1826 ὁμηγύρεως,
2547 1748 2805 1804 ἐνυπνίων
2855 1750 2945 1803 καὶ
2997 1749 3287 1825 ὁραμάτων
3332 1748 3522 1825 λόγοις
3570 1747 3815 1823 φιλοσο-

389 1840 559 1899 ditati
588 1846 799 1898 nostrae
828 1839 1122 1914 patefecit,
1155 1857 1225 1898 ea
1252 1857 1540 1915 exponere
1569 1846 1839 1899 nostrum
1869 1845 1979 1899 est.

2159 1842 2393 1913 ροῦνταιυ
2438 1842 2610 1894 ταῦτα
2655 1835 2712 1893 δὲ
2740 1836 2807 1892 τὰ
2855 1836 2909 1892 ἐν
2940 1839 3100 1911 ἡμῖν,
3132 1838 3222 1893 καὶ
3253 1836 3352 1893 ὅσα
3378 1842 3629 1911 τοιαῦτα,
3681 1838 3822 1900 Θεὸς

463 2130 549 2184 11.
583 2127 730 2183 Huic
756 2126 937 2199 igitur
959 2126 1131 2198 jusso
1155 2127 1525 2200 exsequendo
1556 2143 1794 2200 operam
1824 2127 2042 2196 daturi,

392 2232 758 2291 quacunque
776 2215 895 2272 huc
921 2219 1190 2288 spectant
1205 2216 1345 2273 totis
1363 2216 1589 2273 viribus
1609 2217 2040 2290 aggrediamur.

393 2306 693 2379 Loquendi
725 2310 920 2362 autem
952 2321 1131 2377 quam
1161 2306 1355 2362 sortiti
1396 2323 1625 2377 sumus,
1661 2306 1935 2362 facultate
1980 2309 2044 2361 ut

393 2411 540 2453 nave
569 2394 837 2451 oneraria
878 2395 951 2451 ad
999 2394 1178 2451 verba
1224 2395 1286 2450 in
1342 2394 1716 2468 imperatoris
1763 2396 2042 2451 honorem

392 2485 741 2559 proferenda
787 2487 1046 2540 utemur.
1101 2484 1176 2540 Ut
1225 2485 1383 2540 enim
1437 2501 1599 2541 mare
1644 2485 1815 2541 {indit
1853 2484 2041 2556 navis,

395 2576 609 2631 ﬂuctus
637 2572 862 2646 aliquot
892 2577 1026 2645 post
1054 2589 1118 2630 se
1148 2574 1408 2644 trahens,
1442 2574 1598 2647 quod
1652 2590 1767 2632 non
1798 2573 2046 2647 impedit

396 2680 514 2737 quo
534 2663 733 2719 minus
754 2666 1038 2719 sexcenta
1061 2678 1239 2719 naves
1261 2662 1415 2719 idem
1443 2663 1829 2735 faciant,quin
1850 2667 2041 2719 totum

395 2752 640 2825 pelagus
672 2751 998 2823 navigatur,
1032 2750 1115 2807 sic
1145 2751 1315 2808 nobis
1346 2768 1580 2824 quoque
1608 2769 1817 2809 vocum
1856 2768 2040 2825 quan-

395 2842 536 2898 titas
565 2858 677 2895 non
702 2840 956 2896 sufficiet
976 2841 1047 2896 ad
1068 2844 1298 2896 vastum
1324 2841 1605 2897 virtutum
1636 2841 2041 2914 imperatoria-

396 2946 531 2985 rum
561 2944 845 2985 oceanum
893 2929 1332 3001 trajiciendum,
1364 2929 1463 2986 ubi
1515 2930 1833 2987 innumerae
1868 2947 2044 2989 naves

396 3034 461 3075 se
491 3035 606 3074 non
637 3017 1010 3086 extricarent,
1040 3019 1195 3075 sicut
1242 3019 1407 3075 navis
1437 3019 1859 3077 centumremis
1889 3021 2043 3094 apud

358 3158 364 3163 .
395 3110 622 3181 poetas,
655 3123 782 3181 qua:
812 3106 1158 3181 eloquentiae
1188 3107 1497 3166 elementis
1526 3109 1808 3167 abundat.

470 3465 556 3520 12.
589 3467 721 3521 Haec
751 3480 886 3522 cum
935 3463 1019 3521 ita
1064 3463 1207 3535 sint,
1253 3463 1353 3521 alii
1411 3481 1515 3538 pro
1571 3463 1758 3533 libito,
1788 3468 2045 3524 secundo

395 3559 566 3613 vento
598 3555 783 3629 adjuti
815 3542 1056 3613 cursum
1098 3559 1375 3626 teneant;
1408 3573 1516 3614 nos
1564 3560 1762 3614 autem
1792 3558 2045 3631 impera-

397 3645 542 3702 toris
584 3646 869 3702 virtutum
929 3645 1141 3701 chorus
1198 3645 1521 3718 restringit,
1573 3663 1823 3719 quarum
1878 3648 2046 3704 nobis

399 3734 605 3807 utique
637 3734 783 3791 ratio
814 3735 1153 3792 omnimoda
1200 3734 1473 3792 habenda
1519 3739 1625 3792 est.
1680 3736 1799 3792 Hoc
1829 3736 1890 3794 in
1920 3737 2045 3793 loco

399 3824 591 3898 primo
620 3825 803 3898 gradu
835 3842 942 3882 cur
967 3826 1473 3882 non'honoremus
1511 3825 1571 3881 in
1602 3827 1878 3884 omnibus
1908 3844 2045 3899 pru-

400 3914 662 3970 dentiam
691 3914 892 3970 omnia
919 3913 1038 3970 sale
1069 3932 1176 3972 suo
1209 3915 1602 3986 condientem,
1634 3920 2047 3973 ornamentum

400 4003 731 4063 universale
758 4003 913 4075 quod
944 4001 1223 4058 humanis
1254 4002 1555 4060 laboribus
1585 4002 1859 4059 utilitatis
1890 4003 2051 4077 sigil-

396 4096 522 4151 lum
539 4092 831 4166 imprimit
854 4092 883 4147 ?
901 4092 1021 4148 Ista
1040 4092 1354 4165 prudentia
1377 4092 1425 4149 si
1451 4092 1755 4148 hominum
1778 4092 2051 4164 praesidet

401 4183 700 4257 operibus,
730 4180 905 4237 homo
933 4179 994 4235 in
1027 4180 1157 4236 luce
1188 4180 1486 4249 ambulat;
1523 4181 1623 4237 ubi
1656 4185 1853 4237 autem
1887 4182 2053 4239 deest

402 4288 509 4347 per
536 4287 731 4329 rerum
763 4269 1119 4343 agendarum
1153 4269 1571 4327 obscuritatem
1612 4269 1797 4326 currit
1846 4286 2050 4343 opera-

400 4362 547 4433 rius,
577 4364 636 4417 et
662 4359 873 4416 evitato
904 4357 1129 4415 lumine
1155 4359 1363 4415 umbra
1393 4375 1527 4416 cum
1550 4374 1734 4431 eaque
1756 4359 2053 4416 ﬁrmitatis

394 4454 627 4526 jactura
660 4450 851 4509 irruit.

478 4808 565 4864 13.
597 4808 758 4865 Hanc
787 4806 1107 4882 imperator
1136 4805 1614 4880 sapientissimus
1650 4805 1794 4863 satis
1824 4804 2055 4875 habuit,

406 4913 513 4955 nec
537 4900 771 4954 tantum
803 4896 1115 4964 retrictive,
1151 4896 1253 4953 sed
1303 4894 1724 4969 copiosissime.
1757 4895 1903 4951 Nam
1934 4894 2054 4952 sive

406 4987 557 5043 facto
588 4985 709 5042 sive
737 4985 890 5042 dicto
919 5000 1067 5057 opus
1098 4987 1273 5053 esset,
1308 5001 1610 5057 nunquam
1645 4984 1758 5041 sibi
1789 4984 2051 5057 superio-

405 5090 530 5133 rem
561 5075 622 5131 in
653 5073 876 5147 agendo
906 5073 1134 5130 habuit.
1168 5077 1516 5130 Caeterorum
1548 5077 1745 5131 autem
1780 5072 1913 5129 facti
1945 5090 2054 5130 sua

404 5162 988 5237 semper'atljiciens,
1045 5162 1282 5219 illorum
1341 5180 1517 5236 opera
1567 5162 1941 5230 obscurabat,
1986 5165 2053 5218 ut

403 5254 708 5314 stellarum
759 5252 1040 5325 fulgorem
1068 5252 1344 5309 obscurat
1375 5253 1457 5310 sol
1503 5268 1837 5324 assurgens.
1869 5250 2053 5308 Aliter

404 5343 537 5400 dein
569 5343 867 5399 animatus
887 5359 1065 5414 quam
1089 5346 1282 5414 potest
1302 5341 1626 5399 clarissime
1648 5358 1709 5397 se
1738 5344 2045 5409 monstrat,

401 5438 529 5490 tum
561 5431 869 5506 disciplina
899 5433 1173 5488 imbuens
1204 5448 1304 5488 eos
1347 5434 1446 5505 qui
1506 5432 1711 5488 eadem
1751 5446 1886 5487 cum
1919 5431 2046 5503 ipso

404 5522 755 5594 sentiebant,
787 5520 1099 5579 consilium
1126 5526 1332 5595 sponte
1380 5524 1682 5591 mutando,
1715 5524 1771 5577 et
1815 5519 1945 5576 aliis
1974 5520 2046 5576 de

403 5613 579 5669 rebus
610 5612 892 5669 faciendis
921 5612 1348 5685 persuadendo,
1370 5610 1855 5685 argumentando,
1879 5609 2043 5683 inge-

409 5700 572 5758 nium
605 5700 1007 5772 persuasivum
1038 5700 1390 5773 adhibendo,
1422 5700 1545 5759 solo
1576 5699 1791 5759 auxilio
1821 5716 1936 5772 quo
1956 5699 2042 5761 uti

2148 1932 2265 1991 τοῖς
2299 1926 2714 2004 λιχνευομένοις
2759 1929 2859 1997 τὴν
2909 1928 3221 2004 πρόγνωσιν
3252 1926 3577 2003 ἀνεκάλυψε,
3605 1927 3703 1984 καὶ
3750 1929 3819 1983 τὸ

2150 2019 2564 2093 προτεθειμένον
2595 2016 2763 2073 εἰπεῖν
2795 2015 3159 2094 ἐπηγγείλατο
3188 2016 3241 2072 ἐν
3268 2018 3475 2081 αὐτοῖς.

2229 2129 2315 2183 ια’.
2345 2126 2691 2200 Ἀναθέμενοι
2721 2124 2812 2180 οὗν
2855 2121 2998 2179 οὕτω
3044 2123 3135 2178 καὶ
3181 2128 3371 2193 ταῦτα,
3422 2126 3511 2179 καὶ
3576 2124 3659 2188 εἷς
3711 2138 3813 2178 τσ-

2152 2221 2342 2273 σοῦτον
2393 2212 2808 2289 ἐπιδραμόντες,
2859 2208 3227 2287 ἐπιϐαλοῦμεν
3271 2219 3391 2276 τοῖς
3427 2212 3641 2269 τούτων
3676 2211 3810 2288 ἐχο-

2154 2305 2335 2381 μένοις
2379 2304 2455 2366 εἷς
2504 2303 2629 2358 ὅσον
2675 2300 2925 2376 δύναμις.
2975 2298 3214 2375 Δύναμις
3245 2299 3304 2357 δὲ
3331 2307 3447 2364 τοῖς
3475 2304 3598 2366 καθ’
3655 2304 3814 2375 ἡμᾶς

2156 2394 2588 2471 μεμετρημένοις
2639 2393 2701 2447 τὸ
2758 2390 2956 2467 λέγειν,
3014 2392 3133 2446 καθ’
3190 2391 3498 2465 ὁμοιότητα
3554 2390 3816 2467 πελαγο-

2152 2483 2351 2541 στόλου
2407 2481 2540 2544 νεὼς
2594 2480 2647 2536 έν
2709 2486 2826 2545 τοῖς
2896 2477 3204 2556 βασιλικοῖς
3262 2480 3488 2557 ἀγαθοῖς
3546 2477 3816 2556 διεξάγειν

2150 2574 2278 2639 τοὺς
2334 2572 2575 2649 λόγους.
2632 2570 2843 2642 Ἐκείνη
2895 2591 2955 2625 τε
3010 2572 3113 2646 γὰρ
3172 2571 3246 2633 ὡς
3301 2573 3417 2626 οἷον
3477 2575 3824 2647 γραμμικῶς

2149 2665 2332 2738 τέμνει
2362 2664 2423 2719 τὸ
2471 2661 2734 2735 πέλαγος,
2785 2659 2970 2735 ὀλίγας
3001 2662 3152 2723 τινάς
3208 2680 3315 2716 που
3360 2656 3549 2722 ἕλικας
3606 2658 3807 2737 περιά-

2152 2774 2362 2830 γουσα,
2407 2752 2481 2814 ὡς
2531 2750 2723 2822 ἐξεῖναι
2778 2749 2869 2804 καὶ
2920 2749 3104 2825 ἑτέρας
3156 2749 3377 2826 μυρίαις
3434 2749 3589 2810 ὅσαις
3643 2750 3808 2804 ναυσὶ

2149 2843 2243 2899 τὸν
2290 2843 2486 2916 ὅμοιον
2529 2838 2732 2914 τρόπον
2780 2835 3031 2907 διαθέειν,
3080 2837 3171 2893 καὶ
3206 2835 3347 2912 μηδὲ
3405 2836 3549 2893 οὕτω
3595 2839 3662 2894 τὸ
3704 2843 3811 2894 πᾶν

2151 2931 2391 3007 πέλαγος
2442 2929 2687 3005 γενέσθαι
2735 2926 3056 3001 πλεύσιμον’
3106 2926 3196 2982 καὶ
3244 2929 3381 3000 ἡμῖν
3414 2923 3472 2983 δὶ
3502 2926 3605 2982 οὐκ
3659 2922 3814 2982 ἔσται

2154 3020 2327 3082 οὕτως
2373 3018 2553 3074 ἱκανὸν
2600 3017 2664 3072 τὸ
2699 3020 2797 3072 τοῦ
2827 3013 3054 3093 λογικοῦ
3120 3017 3289 3092 φορὸν
3341 3016 3677 3090 πνεύματος,
3739 3018 3817 3078 ὡς

2153 3110 2387 3187 ἰξαρκεῖν
2446 3103 2953 3181 ἐμπλατυναμέδοις
3010 3103 3228 3175 πολλὴν
3279 3103 3655 3174 εὖθυπλοῆσαι
3715 3110 3817 3160 τοῦ

2155 3201 2264 3254 τῶν
2300 3195 2595 3272 βασιλικῶν
2629 3193 2943 3267 θαυμασίων
2976 3193 3237 3264 ὠκεανοῦ,
3268 3194 3342 3249 ὧν
3394 3191 3507 3249 οὐδ’
3564 3194 3626 3249 ’ἀν
3688 3193 3817 3249 ἀνά-

2159 3288 2347 3365 ριθμοι
2398 3287 2522 3355 νῆες
2579 3280 2923 3355 διεξέλθοιεν,
2980 3282 3142 3339 ὁποία
3187 3304 3273 3347 τις
3313 3283 3403 3339 καὶ
3451 3285 3488 3354 ἡ
3541 3286 3694 3360 παρά
3742 3288 3816 3358 τῇ

2153 3378 2373 3447 ποιήσει
2405 3373 2781 3448 έκατόνζυγος,
2812 3372 2881 3441 ἧς
2906 3372 2969 3427 τὸ
3001 3371 3052 3428 έν
3087 3370 3279 3450 λόγοις
3308 3372 3481 3449 ἄχθος
3511 3371 3684 3428 πολύ.

2229 3466 2318 3539 ιβ’.
2353 3465 2441 3522 Ἐν
2496 3460 2563 3533 δὴ
2621 3461 2893 3525 τοιούτοις
2948 3461 3039 3518 καὶ
3093 3461 3302 3519 τούτων
3359 3457 3554 3535 ὄντων,
3603 3462 3660 3516 οἱ
3721 3462 3820 3536 μὲν

2155 3552 2319 3610 ἄλλοι
2353 3553 2656 3628 ἀναγόντων
2689 3572 2747 3606 τε
2775 3548 3021 3624 ἑαυτοὺς,
3052 3549 3203 3616 ὅπως
3232 3548 3335 3628 ἄρα
3363 3550 3454 3605 καὶ
3490 3548 3819 3627 βούλοιντο,

2153 3643 2243 3699 καὶ
2293 3639 2661 3698 διαπλεόντων
2713 3637 3225 3717 οὖριοδρομοῦντες,
3282 3635 3403 3695 ἔνθα
3456 3640 3818 3714 προτεθυμῆ-

2156 3746 2275 3797 σθαι
2309 3729 2426 3787 δέον
2488 3730 2708 3793 αὐτοῖς·
2755 3732 2903 3803 ἡμᾶς
2946 3726 3004 3784 δὲ
3050 3728 3347 3805 βασιλικῶν
3393 3729 3597 3804 ἀρετῶν
3657 3749 3815 3805 περι-

2156 3821 2418 3898 στοιχίζει
2450 3821 2645 3897 χορὸς,
2703 3819 2766 3873 οὗ
2822 3821 2935 3894 χρή
2995 3819 3262 3892 γενέσθαι,
3322 3817 3397 3880 εἷς
3441 3817 3568 3873 ὅσον
3602 3817 3724 3873 οἶόν
3753 3839 3815 3872 τε

2156 3915 2310 3985 ἡμῖν.
2343 3913 2603 3972 Ἐνταῦθα
2633 3904 2690 3963 δὶ
2719 3911 2835 3969 πῶς
2882 3906 2941 3961 ἃν
2974 3902 3158 3962 ἔπειτα
3195 3903 3471 3979 λαθοίμην
3529 3908 3811 3983 πρωτείου

2154 4000 2483 4072 τιμήσασθαι
2527 3999 2627 4067 τὴν
2696 3995 2781 4050 ἐπὶ
2832 3999 3019 4051 πασῶν
3080 3997 3384 4073 φρόνησιν,
3441 3996 3541 4063 τήν
3600 3996 3812 4058 ἁπάσας

2159 4089 2453 4165 ἀρτύουσαν
2515 4085 2730 4160 ἀρετὰς,
2784 4084 2899 4154 καὶ,
2957 4085 3035 4146 ὡς
3093 4086 3209 4139 οἷον
3257 4083 3452 4157 εἶπεῖν,
3504 4083 3665 4152 ἀλας,
3725 4084 3819 4140 καὶ

2157 4178 2326 4246 αὐτὴν
2373 4176 2736 4253 παγκόσμιον,
2787 4171 2857 4228 δι’
2884 4171 2945 4228 οὗ
2977 4173 3172 4229 ἅπασιν
3201 4174 3571 4250 ἀνθρωπικοῖς
3630 4170 3820 4251 ἔργοις

2158 4265 2220 4322 τὰ
2290 4266 2587 4339 νόστιμον;
2635 4263 2702 4333 ἧς
2762 4264 3159 4337 προϊσταμένης
3230 4263 3326 4334 μὲν
3382 4266 3491 4317 τῶν
3542 4261 3822 4339 πράξεων,

2161 4355 2451 4427 ἀνθρώπου
2510 4348 2639 4429 ἔργα
2691 4351 2759 4407 τά
2788 4350 3154 4426 πραττόμενα,
3187 4351 3276 4406 καὶ
3309 4350 3412 4406 ὑπὸ
3476 4351 3619 4427 φωτὶ
3678 4350 3827 4407 ἐκεῖ-

2161 4465 2251 4505 νος
2315 4442 2485 4519 βαίνει
2541 4446 2620 4514 τῷ
2679 4435 2868 4502 ὅντως·
2929 4438 3359 4515 παρεωραμένης
3420 4436 3500 4509 δὲ,
3563 4438 3711 4495 ἄλλο
3770 4462 3826 4495 τι

2168 4532 2365 4603 ἐκεῖνα,
2412 4531 2503 4587 καὶ
2552 4531 2626 4595 ὡς
2674 4531 2761 4584 οἷα
2816 4528 2952 4584 κατὰ
3008 4528 3209 4583 σκόπον
3239 4526 3469 4599 ἠλάσκει
3501 4529 3530 4584 ὁ
3590 4527 3821 4606 ἐργαζό-

2085 4603 2133 4666 D
2167 4643 2350 4695 μενος,
2406 4621 2493 4676 καὶ
2555 4621 2629 4682 ὡς
2677 4617 3042 4695 παρεγκλίνας
3088 4619 3153 4674 τὸ
3201 4622 3314 4696 φῶς
3345 4618 3473 4673 σκιά
3499 4638 3584 4681 τις
3622 4603 3823 4675 ⁷ιὶΐσινει

2164 4710 2554 4767 ἀπολωλεκυῖα
2580 4708 2643 4764 τὸ
2671 4707 3004 4783 στερέμνιον.

2237 4802 2325 4876 ιγ’.
2386 4798 2603 4871 Ταύτης
2660 4799 2688 4853 ὁ
2741 4795 3101 4860 συνετώτατος
3159 4795 3514 4874 αὐτοκράτωρ
3587 4800 3827 4854 κατακό-

2165 4911 2272 4967 ρως
2305 4892 2439 4967 εἶχε,
2470 4889 2560 4945 καὶ
2605 4890 2669 4944 ού
2699 4888 2834 4963 πρὸς
2867 4886 3163 4964 σύγκρισιν,
3197 4885 3322 4943 ἀλλ’
3370 4885 3446 4949 εἷς
3476 4886 3540 4942 τὸ
3596 4886 3825 4959 ἀληθῶς

2161 4974 2590 5057 ἀνυπέρϐλητον.
2625 4979 2830 5051 Πρᾶξαι
2874 4977 2975 5052 γάρ
3005 4996 3057 5031 τι
3089 4974 3285 5046 δεῆσαν
3318 4975 3425 5032 εἴτε
3469 4975 3563 5033 καὶ
3616 4975 3822 5045 εἷπεῖν,

2160 5068 2420 5144 κατάρξας
2480 5069 2573 5142 μὲν
2624 5066 2722 5122 οὐκ
2768 5067 2886 5142 εἶχε
2931 5066 3022 5121 τὸν
3080 5064 3503 5139 ἐπινοησόμενόν
3565 5086 3620 5119 τι
3686 5064 3822 5140 βέλ-

2157 5179 2293 5216 τιτνο
2343 5156 2500 5235 ἓτέρᾳ
2551 5154 2610 5212 δὶ
2655 5158 2908 5231 καταρχῇ
2960 5156 3022 5210 τὸ
3051 5154 3252 5210 οἰκεῖον
3312 5154 3620 5231 ἐπαγαγὼν,
3681 5154 3821 5210 ἀπέ-

2158 5268 2361 5323 κρυπτε
2415 5247 2483 5301 τὰ
2530 5249 2637 5301 τῶν
2697 5242 2883 5300 ἄλλων
2920 5289 2935 5311 ,
2982 5244 3122 5307 κοιθά
3176 5242 3265 5298 καὶ
3316 5244 3552 5319 ἀστέρων
3622 5242 3819 5321 φαῦσιν

2156 5336 2439 5412 ἀναφανεὶς
2499 5336 2526 5391 ὁ
2580 5332 2764 5403 ἥλιος.
2816 5334 2877 5390 Ὀ
2928 5330 2986 5387 δὲ
3028 5332 3118 5387 καὶ
3170 5329 3358 5395 ἄλλως
3416 5329 3818 5406 διατιθέμενος,

2154 5427 2245 5483 καὶ
2290 5427 2353 5482 τὸ
2407 5427 2499 5500 μὶν
2551 5423 2815 5499 ἐκφαίνων
2869 5422 3081 5492 ἑαυτὸν,
3122 5423 3214 5477 οἷα
3255 5424 3527 5486 κάνταῦθα
3574 5420 3819 5495 δύναται,

2153 5518 2216 5571 τὸ
2276 5514 2334 5570 δὲ
2397 5514 2487 5570 καὶ
2561 5514 2847 5589 γυμνάζων
2909 5511 2987 5574 εἷς
3059 5513 3290 5585 μάθησιν
3355 5511 3483 5574 τοὺς
3542 5513 3638 5567 τὸν
3694 5516 3821 5589 νοῦν

2154 5606 2379 5683 ἔχοντας
2426 5586 2775 5680 πρὸς-αύτῷ,
2828 5601 3086 5676 μετέφερέ
3135 5621 3268 5657 ποτε
3293 5601 3395 5670 τήν
3419 5600 3679 5678 γνώμην,
3734 5586 3819 5676 ἐφ’

2153 5696 2285 5772 ὅπερ
2355 5694 2453 5751 οὐκ
2521 5692 2582 5747 ἂν
2647 5689 2808 5754 αὐτὸς
2876 5684 3087 5761 ἕλοιτο,
3146 5691 3235 5746 καὶ
3301 5687 3689 5767 ὲπιθανολόγει
3753 5689 3813 5745 τὸ
