4136 6210
255 364 376 426 981

1120 361 1525 425 MANUELlS
1572 363 1923 426 COMNENI
1969 363 2367 424 LAUDATIO
2413 364 2831 424 FUNtiBRIS.

3565 364 3684 425 982

262 500 522 572 πρᾶγμα,
562 494 652 550 καὶ
699 493 956 572 προάγων
1006 493 1399 573 ἐπιχειρήσεις,
1456 497 1546 552 καὶ
1601 497 1700 565 τὴν
1751 515 1956 563 κατα-ε

2050 496 2121 552 hs
2150 501 2295 553 erat.
2330 496 2402 552 Ut
2431 503 2625 553 autem
2659 499 3041 554 audientibus
3073 499 3453 570 persuaderet
3481 502 3538 553 et
3557 513 3664 553 con

268 585 468 653 σκευὴν
522 583 1056 662 οτρογγυλλόμενος,
1121 585 1196 648 εἷς
1243 586 1416 641 πειθὼ
1443 586 1534 641 τὸν
1568 583 1738 660 λόγον
1767 585 1921 639 κατέ-

270 691 526 753 στρεφεν·
569 675 655 729 καὶ
709 673 853 730 οὕτω
907 672 1026 730 δέον
1078 676 1190 748 (καὶ
1237 677 1313 749 μή
1363 673 1567 746 ἄλλως)
1597 675 1718 730 τινὰ
1759 694 1920 729 κατα-

270 765 577 841 πράξασθαι
611 807 624 821 .
675 765 763 826 Ὧς
821 761 880 819 δὲ
944 763 1212 819 ἐπινεύσοι
1268 765 1331 819 τὸ
1388 763 1733 840 ἀκροώμενον
1793 784 1924 835 συμ-

271 855 519 925 πεισθέν,
574 855 665 908 καὶ
722 853 1032 925 κατάθοιτο,
1077 855 1163 908 καὶ
1215 856 1250 922 ἡ
1307 854 1402 926 μὶν
1455 851 1628 927 βουλή
1681 854 1817 930 πέρα
1869 874 1924 908 τι

276 941 655 1018 συγ-κλεισθείη
692 984 706 1012 ,
763 943 952 1019 καιρὸς
1007 940 1064 997 δὲ
1119 943 1218 1011 τὴν
1273 948 1435 1016 χεῖρα
1491 941 1923 1018 έπεξεργάζεσθαι

269 1033 344 1088 τὰ
403 1037 498 1087 τοῦ
560 1030 961 1108 βουλεύματος,
1009 1033 1134 1087 τότε
1181 1030 1247 1100 δὴ
1298 1026 1582 1087 ἀναλαϐὼν
1625 1029 1809 1096 ἄλλως
1863 1032 1925 1086 τὸ

277 1124 550 1198 πρακτέον
585 1165 599 1191 ,
661 1122 933 1177 ἀναποιῶν
993 1121 1060 1190 ἦν
1125 1121 1192 1176 τὰ
1243 1118 1352 1192 ἤδη
1420 1122 1881 1194 κατεσκευασμένα
1913 1140 1926 1152 ·

275 1212 368 1266 καὶ
426 1213 490 1266 τὸ
539 1212 634 1284 μὲν
687 1211 906 1266 πιθανὸν
957 1209 1230 1286 ἀπέκρινε,
1274 1217 1373 1279 τῆς
1422 1207 1478 1264 δὲ
1524 1215 1604 1282 τῷ
1660 1207 1774 1265 ὄντι
1821 1231 1934 1265 πει-

279 1301 560 1375 θανάγκης
639 1297 840 1376 ἐγίνετο
878 1341 892 1366 ,
951 1298 1042 1353 καὶ
1099 1298 1190 1353 τὸν
1249 1305 1347 1368 τῆς
1402 1295 1643 1360 διανοίας
1698 1297 1935 1373 ἐξέφαινε

279 1387 579 1462 θησαυρὸν,
635 1385 809 1442 πολὺν
860 1385 1049 1464 σοφίας
1105 1385 1340 1441 πλοῦτον
1399 1387 1676 1460 στέγοντα,
1726 1386 1815 1441 καὶ
1847 1407 1933 1459 με·

280 1479 408 1533 στὸν
471 1477 605 1532 εἶναι
663 1475 923 1538 συνέσεως
980 1473 1330 1543 διεδείκνυτο,
1388 1474 1449 1531 ού
1498 1479 1633 1531 κατά
1676 1477 1738 1530 τὸ
1769 1474 1934 1547 θρυλ-

282 1565 556 1640 λούμενον
587 1564 639 1621 ἐν
689 1570 805 1627 τοῖς
851 1563 1023 1620 πάλαι
1050 1561 1442 1638 διατεθειμένος
1475 1564 1935 1642 ἀμφοτερόγλωτο

276 1677 400 1726 τον,
434 1649 556 1709 ἔνθα
586 1656 620 1724 ἡ
671 1657 768 1709 τοῦ
825 1652 1124 1726 νοουμένου
1178 1652 1444 1728 πλάστιγξ
1507 1654 1582 1716 ὡς
1632 1655 1700 1708 τὰ
1749 1652 1936 1708 πολλά

2033 584 2229 640 silium
2263 589 2499 657 captum
2532 585 2722 657 primo
2753 587 2812 641 in
2836 587 3062 644 occulto
3093 587 3317 651 lateret,
3350 602 3680 659 manusque

2030 680 2087 730 et
2125 677 2499 748 exsequendo
2559 677 2897 748 imponendi
2957 682 3191 749 tempus
3246 675 3488 747 venerit,
3537 680 3680 731 tunc

2035 766 2248 821 factum
2284 764 2595 820 reficiendo
2627 766 2824 820 omnia
2863 766 3210 822 restauravit
3238 770 3294 821 et
3320 765 3373 821 vi
3408 782 3525 838 qua
3555 763 3680 837 pol-

2033 853 2190 908 lebat
2223 854 2561 924 persuasiva
2591 854 2808 927 ingenii
2840 855 2931 910 sui
2989 855 3330 910 thesaurum
3363 855 3690 926 adaperivit

2038 942 2503 1014 locupletissimi,
2547 944 2704 1000 vocis
2759 945 3142 1016 ambiguitate
3192 961 3307 1000 non
3358 949 3548 1015 utens,
3583 945 3682 1000 ubi

2040 1030 2253 1086 mentis
2280 1031 2663 1101 cogitationes
2692 1049 2859 1102 aequa
2884 1032 3232 1104 plerumque
3260 1033 3422 1088 lance
3451 1032 3688 1088 stabant

2040 1125 2096 1175 et
2124 1119 2264 1191 quid
2297 1119 2630 1175 faciendum
2680 1121 2927 1176 essetin
2974 1121 3153 1176 dubio
3195 1126 3338 1189 erat,
3391 1121 3491 1177 sed
3516 1121 3688 1193 juxta

2042 1209 2506 1282 pbi1080phicam
2540 1209 2804 1282 regulam
2835 1227 2960 1281 quae
2993 1213 3147 1282 quod
3177 1211 3398 1266 bonum
3430 1215 3522 1267 est
3548 1210 3686 1266 seli-

2043 1298 2145 1372 git,
2183 1298 2450 1370 privatim
2486 1302 2680 1353 autem
2733 1315 2863 1370 quae
2908 1298 3048 1353 talia
3104 1315 3218 1354 non
3272 1303 3412 1355 sunt
3439 1300 3687 1370 respuit,

2045 1394 2147 1444 aut
2177 1389 2352 1444 etiam
2387 1390 2708 1444 secundum
2744 1388 2950 1444 musici
2995 1388 3285 1444 Timothei
3338 1389 3687 1460 sapientiam

2045 1478 2212 1532 docte
2243 1493 2438 1534 coram
2470 1478 2716 1533 initiatis
2765 1477 3050 1546 canentis,
3100 1476 3280 1533 altero
3335 1494 3469 1534 vero
3512 1478 3688 1534 etiam

2046 1567 2323 1636 carmine,
2361 1589 2388 1617 «
2417 1568 2535 1634 Sic,
2595 1568 2864 1636 dicentis,
2919 1585 3080 1625 meos
3129 1584 3334 1624 canere
3377 1567 3576 1639 velim,
3607 1568 3692 1623 sic

2047 1662 2243 1712 autem
2273 1658 2658 1730 approbarem
2686 1661 2983 1714 canentes.
3015 1679 3044 1706 »

279 1743 580 1821 ἶσόρῥοπος
639 1743 726 1798 καὶ
786 1743 849 1797 τὸ
906 1741 1169 1817 πρακτέον
1226 1740 1325 1797 ούκ
1365 1738 1756 1814 εύξύλϐλητον,
1819 1740 1964 1797 ἀλλὰ
2018 1743 2153 1799 κατὰ
2201 1745 2299 1812 τήν
2356 1744 2832 1823 φιλοσοφουμένην
2893 1744 3230 1821 συστοιχίαν,
3287 1747 3387 1815 τήν
3443 1743 3696 1820 ἐκλέγου-

281 1856 382 1890 σαν
419 1833 516 1908 μὶν
549 1833 600 1888 ἐν
635 1833 845 1908 στοίχῳ
874 1833 941 1886 τὰ
970 1833 1160 1908 ἀγαθὰ,
1195 1829 1306 1905 ἰδίᾳ
1337 1831 1395 1888 δὲ
1420 1832 1488 1887 τὰ
1520 1833 1596 1906 μή
1627 1838 1851 1888 τοιαῦτα
1881 1831 2328 1909 σκορακίζουσαν,
2361 1833 2470 1906 ἤδη
2503 1833 2560 1890 δὲ
2588 1835 2678 1890 καὶ
2708 1835 2843 1891 κατὰ
2869 1837 2969 1904 τὴν
2999 1839 3096 1890 τοῦ
3132 1832 3386 1908 μελῳδοῦ
3425 1834 3694 1908 Τιμοθέου

280 1925 504 2002 σοφίαν,
536 1920 759 1995 ᾅδοντος
794 1922 888 1995 μὲν
923 1919 1306 1994 ἐπιστημόνως
1351 1927 1473 1983 τοῖς
1521 1922 1770 1995 μύσταις,
1815 1920 2038 1994 ᾅδοντος
2085 1919 2143 1978 δὲ
2187 1922 2276 1977 καὶ
2326 1924 2401 1987 ὡς
2442 1922 2656 1998 ἑτέρως,
2689 1925 2779 1979 καὶ
2827 1923 3204 2000 ἐπιλέγοντος,
3247 1924 3321 1985 ὡς
3350 1947 3378 1975 ‹‹
3408 1923 3564 1981 Οὕτω
3601 1923 3693 1995 μὲν

279 2011 432 2087 ᾄδειν
470 2011 778 2090 βουλοίμην
807 2010 866 2066 ἂν
897 2009 1028 2074 τοὺς
1055 2009 1242 2085 ἐμοὺς,
1268 2009 1410 2066 οὕτω
1442 2008 1500 2066 δὶ
1530 2011 1629 2067 ούκ
1657 2009 1717 2067 ἃν
1749 2009 2129 2088 ἀποδεχοίμην
2163 2010 2407 2084 ᾅδοντας.
2442 2037 2470 2064 ››

363 2192 447 2252 ιδ’.
483 2193 754 2250 Ἐντεῦθεν
804 2193 861 2246 αἱ
906 2195 1190 2267 πανταχοῦ
1219 2197 1325 2267 γῆς
1381 2191 1658 2267 βασιλικαὶ
1687 2193 1938 2266 πρόνοιαι

2124 2195 2209 2250 14.
2255 2195 2404 2250 Hinc
2463 2195 2679 2266 ubique
2735 2198 3025 2250 terrarum
3076 2194 3461 2251 multiformia
3506 2195 3696 2265 provi-

282 2281 622 2346 πολυειδεῖς.
678 2281 775 2337 Καὶ
825 2278 1104 2356 ἅνθρωπος
1152 2283 1228 2344 εἷς
1284 2281 1441 2344 οὗτος
1497 2287 1615 2344 τοῖς
1678 2283 1938 2359 μεγάλοις

284 2374 691 2446 οἷκουμενικοῖς
757 2371 943 2426 ἐαυτὸν
1008 2369 1364 2449 μεγαλοφυῶς
1422 2368 1708 2446 ἐπεμέριζε
1763 2374 1874 2444 τμή
1908 2404 1936 2415 -

290 2483 455 2538 μασιν
503 2461 579 2524 εἷς
629 2461 690 2516 τὸ
740 2461 974 2537 ἐνεργὸν,
1028 2454 1510 2536 προϐαλλόμενος,
1545 2459 1643 2515 ὅσα
1689 2460 1775 2515 καὶ
1814 2466 1935 2536 χεῖ-

289 2574 390 2629 ρας
448 2547 815 2626 ἀμφιδεξίους,
871 2550 934 2605 τὸ
987 2556 1088 2618 τῆς
1150 2546 1365 2626 ἀνδρίας
1417 2547 1743 2624 δραστήριον
1776 2597 1791 2622 ,
1846 2549 1935 2605 καὶ

285 2643 352 2698 τὸ
383 2648 483 2711 τῆς
511 2639 767 2702 συνέσεως
801 2637 1090 2715 ἐμπύριον,
1123 2638 1246 2694 ὅσον
1299 2660 1357 2694 τε
1405 2638 1456 2694 ἐν
1488 2643 1555 2713 τῇ
1607 2639 1776 2714 λοιπῇ
1810 2660 1938 2717 φρο-

285 2735 467 2802 νήσει,
526 2729 616 2784 καὶ
679 2727 876 2783 ὁπόσον
937 2729 1012 2791 εἷς
1070 2727 1503 2804 ἀγχίνοιαν.⁷Ην
1566 2731 1659 2802 μὶν
1711 2729 1935 2804 γὰρκαὶ

287 2824 594 2883 σκεπτικῶς
648 2815 792 2894 ἔχων
850 2817 900 2872 ἐν
958 2823 1076 2880 τοῖς
1131 2817 1436 2894 μεγίστοις,
1494 2817 1581 2873 καὶ
1641 2818 1933 2896 ἐφιστάνων

288 2908 674 2981 διανοητικῶς’
723 2908 788 2962 τὰ
834 2904 1009 2962 πλείω
1070 2905 1126 2962 δὲ
1174 2904 1409 2983 ἄγχιστα
1455 2911 1522 2980 τῇ
1572 2910 1756 2978 νοήσει
1785 2908 1939 2982 παρί-

286 3021 475 3070 στατο,
522 2997 611 3054 καὶ
670 2997 920 3072 ἀχρόνως
977 2999 1091 3050 οἷον
1149 3001 1246 3051 τοῦ
1287 2997 1583 3069 νοουμένου
1633 2994 1934 3072 ἐδράττετο,

285 3091 377 3145 καὶ
411 3087 608 3143 τούτου
663 3085 953 3162 βαθύτατα,
1002 3085 1090 3140 καὶ
1136 3086 1244 3161 οὐχ
1293 3087 1368 3148 ὡς
1407 3084 1753 3156 ἐπιπολάζειν
1802 3087 1938 3142 κατᾶ

283 3177 415 3240 τοὺς
465 3180 652 3252 ταχεῖς
699 3176 793 3248 μὲν
846 3175 1077 3251 φρονεῖν,
1111 3171 1226 3230 οὔτι
1277 3173 1334 3230 δὶ
1374 3175 1464 3230 καὶ
1515 3175 1797 3240 ἀσφαλεῖς.
1830 3177 1936 3232 Καὶ

285 3267 360 3336 ἦν
396 3267 490 3340 μὲν
523 3265 669 3338 αὐτῷ
727 3263 850 3320 λίαν
898 3262 1040 3320 καλὰ
1092 3263 1181 3318 καὶ
1226 3263 1294 3319 τὰ
1332 3271 1432 3335 τῆς
1487 3263 1703 3340 ἀνδρίας
1745 3267 1932 3338 σεμνά·

287 3354 648 3432 περιττότερα
705 3351 762 3408 δέ
812 3374 873 3430 γε
925 3352 993 3408 τὰ
1029 3359 1130 3423 τῆς
1179 3357 1529 3429 φρονήσεως,
1580 3354 1649 3424 ἧς
1693 3355 1782 3410 καὶ
1839 3375 1934 3408 κα-

286 3444 528 3521 ταμόνας
562 3443 636 3506 εἷς
671 3443 862 3520 μυρίον
894 3439 1109 3514 πλῆθος
1137 3441 1410 3519 ὠνάμεθα.

372 3629 450 3682 ιε’.
507 3623 570 3680 Ἦ
635 3625 766 3700 γοῦν
843 3622 1188 3698 Πυθαγορικῆ
1258 3623 1611 3700 κατάρτυσις,
1690 3623 1786 3680 εἴτ’
1845 3622 1936 3681 οὖν

291 3715 569 3792 ἀγάπησις
600 3755 615 3782 ,
682 3712 819 3767 κατὰ
889 3710 1017 3774 τοὺς
1073 3713 1139 3766 τὰ
1191 3712 1417 3768 τοιαῦτα
1472 3715 1670 3792 σοφοὺς
1722 3714 1889 3770 εἷ’πεῖν
1922 3758 1937 3785 ,

290 3806 569 3861 κάνταῦθα
624 3799 956 3879 παρεισδῦσα
988 3847 1002 3872 ,
1049 3800 1140 3856 καὶ
1185 3802 1285 3871 τὴν
1335 3801 1386 3857 έν
1441 3799 1735 3880 βαρϐάροις
1787 3805 1939 3880 ἀγιό-

289 3916 435 3966 τητα
490 3891 868 3964 ἐξελαύνουσα,
919 3891 1014 3955 τὰς
1067 3894 1174 3945 τῶν
1233 3889 1496 3965 πολέμων
1554 3894 1756 3969 ἀνοχὰς
1804 3898 1939 3968 ἡμῖν

293 3985 602 4058 κατώρθου,
665 3979 736 4036 δι’
787 3982 861 4035 ὧν
910 3979 1285 4057 κατεσιγάζετο
1334 3981 1397 4036 τὸ
1455 3980 1792 4060 ἀλλόφυλον·
1839 3986 1940 4040 Καὶ

300 4075 413 4148 μὴν
477 4069 803 4144 αἲσθάνομαί
875 4090 1038 4124 τινων
1113 4067 1492 4144 ψαλαττόντων
1569 4071 1750 4147 ἡρέμα
1780 4120 1794 4145 ,
1854 4077 1943 4130 καὶ

295 4159 758 4237 ὁποκρουομένων
807 4160 1086 4234 ἀπήχημα
1136 4157 1310 4235 γλυκύ
1357 4181 1415 4214 τε
1461 4161 1550 4215 καὶ
1599 4161 1942 4237 ἐναρμόνιον,

292 4251 367 4309 δι’
401 4249 465 4306 οὗ
495 4248 693 4324 ἀνδρία
739 4248 829 4304 καὶ
877 4249 978 4318 τήν
1030 4243 1306 4326 εἷρηναίαν
1343 4249 1590 4324 γαλήνην
1640 4252 1692 4306 ἐν
1743 4249 1942 4316 ἔθνεσιν

293 4338 482 4414 ᾄδεται
533 4335 1015 4413 καταπράττεσθαι.
1071 4337 1168 4393 Καὶ
1221 4332 1336 4414 ἔχει
1396 4336 1566 4401 οὕτως
1601 4387 1614 4410 ,
1673 4344 1718 4395 ὧ
1774 4345 1943 4398 οὗτοι·

290 4431 386 4486 καὶ
441 4427 622 4483 τοίνυν
679 4425 942 4482 ἐντείνατε
995 4428 1057 4482 τὸ
1115 4429 1260 4501 ᾆσμα
1309 4429 1636 4506 τορώτερον,
1677 4431 1825 4505 κάγὼ
1849 4438 1946 4487 τοῦ

297 4518 503 4594 μέλους
582 4517 708 4590 ὑμῖν
774 4517 1169 4595 συνεφάψομαι.
1241 4515 1480 4596 Ἀδελφὰ
1547 4519 1651 4594 γὰρ
1730 4520 1950 4592 ἀληθῶς

296 4613 579 4687 φρονεῖτον
653 4603 846 4682 ἀνδρία
917 4627 976 4661 τε
1031 4606 1121 4661 καὶ
1179 4605 1386 4670 σύνεσις
1422 4651 1436 4678 ,
1491 4609 1579 4664 καὶ
1631 4612 1948 4666 κοινοῦσθον

293 4698 360 4754 τὸ
387 4696 698 4774 ἔμπρακτον
723 4693 872 4770 παρά
900 4715 964 4772 γε
986 4700 1109 4759 τοῖς
1139 4693 1427 4772 ἔμφροσιν.

2048 2283 2254 2339 ᾶθηίίοε
2285 2283 2672 2355 imperatoriae
2705 2283 3050 2355 speeimina.
3085 2284 3152 2339 Et
3179 2283 3353 2338 homo
3405 2284 3514 2338 iste
3543 2300 3696 2337 unus

2047 2373 2278 2444 magnis
2298 2371 2635 2445 regionibus
2655 2371 2962 2444 magniﬁce
2980 2373 3036 2426 in
3053 2373 3297 2445 agendo,
3314 2371 3695 2443 gubernando

2047 2478 2109 2516 se
2140 2461 2415 2531 ostendit,
2461 2465 2516 2515 et
2563 2460 2767 2516 ambas
2815 2477 3048 2529 manus,
3102 2461 3414 2515 aetivitatis
3470 2462 3695 2513 instru-

2046 2557 2262 2620 menta,
2288 2557 2344 2608 et
2365 2552 2686 2624 prudentia:
2709 2553 2973 2608 ardorem
3004 2556 3182 2624 atque
3203 2553 3420 2623 ingenii
3445 2569 3690 2607 acumen

2046 2641 2413 2697 monstravit.
2449 2645 2510 2696 In
2545 2641 2814 2697 maximis
2856 2641 3012 2696 enim
3044 2641 3218 2696 rebus
3262 2639 3507 2695 dubium
3544 2656 3687 2694 una-

2046 2749 2179 2788 cum
2223 2731 2649 2802 perseverantia
2696 2731 2752 2784 in
2805 2729 3065 2786 medium
3115 2729 3290 2796 tulit;
3343 2728 3690 2800 plerumque

2046 2827 2241 2879 autem
2300 2823 2452 2894 apud
2502 2839 2635 2877 eum
2685 2839 2833 2892 opus
2883 2821 3291 2891 cogitationem
3346 2820 3690 2892 premebat;

2047 2929 2172 2982 quze
2204 2916 2398 2966 autem
2427 2911 2673 2966 faciebat
2702 2909 2774 2964 iis
2798 2910 3012 2965 mentis
3034 2910 3488 2981 profunditatem
3521 2908 3694 2962 adde-

2047 3004 2165 3070 bat,
2200 3004 2440 3060 minime
2471 3007 2795 3068 cententus,
2854 3007 2921 3058 ut
2969 3001 3249 3074 plerique,
3311 3001 3406 3072 qui
3443 2999 3694 3072 prompti

2045 3094 2286 3165 quidem
2315 3095 2382 3149 ad
2425 3093 2824 3163 cogitandum,
2857 3092 2917 3146 in
2965 3091 3186 3162 agendo
3237 3090 3436 3145 minus
3467 3088 3694 3160 probati

2045 3183 2442 3240 inveniuntur.
2477 3183 2746 3238 Solemne
2777 3181 2965 3237 eidem
3011 3185 3134 3236 erat
3164 3179 3524 3236 fortitudinis
3556 3194 3693 3248 spe-

2046 3273 2264 3329 cimina
2293 3274 2481 3338 edere,
2520 3271 2663 3326 nihil
2713 3287 2850 3326 vero
2895 3269 3195 3340 antiquius
3246 3268 3597 3340 sapientiam
3633 3266 3688 3320 in

2046 3361 2307 3418 medium
2341 3361 2616 3433 proferre,
2649 3376 2826 3431 quam
2858 3359 3082 3427 passim
3124 3358 3406 3429 optimam
3442 3354 3690 3412 auxilia-

2044 3451 2245 3508 tricem
2277 3448 2616 3506 habuimus.

2124 3631 2208 3686 15.
2243 3629 2426 3702 Igitur
2454 3627 2761 3701 dispositio
2808 3625 3209 3699 Pythagorica,
3243 3624 3365 3681 sive
3410 3639 3592 3691 amor,
3626 3626 3693 3678 ut

2049 3735 2211 3777 more
2241 3717 2595 3791 sapientium
2626 3716 2960 3789 loquamur,
2986 3719 3298 3786 penetrans
3328 3717 3385 3769 et
3412 3712 3692 3769 barbaros

2050 3809 2346 3875 erudiens,
2381 3807 2665 3862 bellorum
2699 3804 2966 3860 inducias
2997 3802 3165 3859 nobis
3197 3804 3458 3874 parabat,
3479 3802 3695 3872 quibus

2051 3901 2252 3956 hostes
2284 3899 2355 3954 ad
2405 3895 2754 3952 otiositateni
2802 3895 3253 3949 damnabantur.
3306 3891 3583 3963 Equidem
3612 3891 3696 3944 vi-

2054 3992 2161 4047 deo
2194 3990 2478 4060 quosdam
2513 3985 2619 4040 levi
2647 3983 3046 4039 modulamine
3067 3981 3235 4037 dulce
3259 3984 3698 4049 cantantes,quo

2055 4079 2335 4135 fortitudo
2370 4091 2565 4148 pacem
2618 4080 2677 4128 et
2723 4071 3208 4143 tranquillitatem
3249 4070 3308 4124 in
3359 4069 3700 4125 nationibus

2054 4166 2369 4241 generavit.
2426 4167 2511 4219 Ita
2559 4163 2714 4218 cnim
2747 4167 2854 4233 est,
2913 4161 3106 4230 amici,
3167 4175 3343 4230 quare
3381 4158 3700 4214 acutiorem

2057 4257 2294 4329 incipite
2325 4259 2584 4322 cantum,
2615 4271 2702 4309 me
2725 4251 3182 4308 obsecundante.
3213 4249 3512 4305 Fortitudo
3543 4248 3700 4303 enim

2057 4363 2122 4404 ac
2150 4344 2462 4417 prudentia
2495 4343 2856 4398 meditantur
2879 4345 2935 4396 et
2959 4341 3014 4395 in
3043 4339 3487 4413 prudentiorum
3513 4337 3701 4393 mani-

2055 4437 2169 4492 bus
2199 4433 2531 4490 consociare
2561 4436 2780 4488 amant.

373 4901 455 4957 ις”.
489 4892 723 4966 Εὐπορῶ
773 4889 830 4947 δὲ
869 4888 1022 4965 ὅμως
1075 4892 1266 4963 εἰπεῖν,
1320 4895 1402 4973 ἐφ’
1428 4896 1500 4950 ὧν
1550 4896 1612 4951 τὸ
1641 4904 1740 4966 τῆς
1795 4899 1948 4974 βασι-

2133 4897 2218 4951 16.
2237 4896 2299 4949 In
2316 4895 2580 4966 promptu
2591 4891 2777 4947 habeo
2790 4891 2962 4946 etiam
2977 4887 3166 4944 dicere
3179 4885 3238 4942 in
3252 4901 3367 4958 quo
3381 4883 3707 4958 prudentiae

296 4985 463 5052 λικῆς
516 4984 829 5060 φρονήσεως
884 4981 975 5038 καὶ
1039 4989 1274 5061 μονῆρες
1331 4985 1601 5060 ὁρίζεται,
1669 4988 1758 5041 καὶ
1813 4989 1950 5052 τέως

299 5071 500 5147 (έκεῖνο
546 5073 610 5127 τὸ
660 5071 886 5137 ἐνταῦθα
935 5073 1078 5148 μέγα
1123 5077 1220 5128 τοῦ
1269 5071 1435 5150 λόγου
1487 5074 1804 5153 κεφάλαιον)
1848 5079 1947 5147 τὴν

295 5166 408 5218 τῶν
462 5161 820 5237 ἑκασταχόθεν
869 5161 1097 5236 ὑψηλῶν
1146 5167 1315 5237 γενῶν
1359 5169 1436 5236 τῷ
1498 5163 1760 5240 βασιλείῳ
1811 5166 1949 5241 γένει

299 5251 614 5330 συνάφειαν,
666 5247 734 5306 δι’
791 5251 858 5321 ἦς
917 5250 1016 5306 ὅσα
1072 5252 1162 5306 καί
1211 5273 1358 5314 τινος
1397 5253 1781 5326 πολυτιμήτου
1814 5252 1954 5326 ὕλης

294 5343 398 5411 τὴν
440 5345 538 5396 τοῦ
601 5341 888 5417 βασιλικοῦ
945 5339 1252 5416 στέμματος
1313 5343 1668 5420 συγκρότησιν
1729 5343 1952 5420 ἐτεχνή-

298 5450 460 5501 σατο,
491 5430 582 5484 τὸν
640 5430 869 5506 ἀρχικὸν
928 5433 1018 5485 καὶ
1077 5431 1220 5486 οὕτω
1287 5432 1594 5507 μεγεθύνων
1648 5429 1831 5508 ὄγκον,
1861 5435 1950 5488 καὶ

298 5526 497 5597 χεῖρας
541 5519 735 5582 ταύτας
787 5518 1149 5595 μεγαλοφυεῖς
1205 5519 1274 5594 τῇ
1323 5522 1609 5596 Ῥωμαϊκῇ
1656 5520 1955 5595 ὁλομελείᾳ

299 5609 620 5686 προσφύων,
673 5609 732 5672 ἃς
787 5607 1005 5678 ἐκτενεῖ,
1057 5611 1146 5665 ὅτε
1175 5630 1280 5665 που
1328 5609 1687 5686 πολυχειρίας
1722 5608 1952 5683 δεήσειε.

301 5698 522 5758 Τούτου
578 5701 712 5773 ἡμῖν
771 5703 866 5755 τοῦ
921 5695 1095 5755 καλοῦ
1153 5703 1322 5780 φυτοῦ
1367 5707 1467 5771 τῆς
1515 5701 1707 5780 σοφίας
1749 5703 1953 5776 καρπὸς

2060 4985 2300 5042 effectus
2314 4985 2636 5039 cernuntur
2648 4985 2704 5036 et
2717 4995 2866 5052 quou
2877 4993 3018 5049 sque
3029 4992 3298 5049 magnum
3313 4974 3604 5032 sermonis
3621 4990 3710 5029 ca-

2061 5079 2164 5149 put
2183 5090 2533 5148 magnorum
2551 5071 2810 5142 undique
2827 5086 3107 5143 generum
3122 5066 3319 5141 generi
3337 5063 3712 5138 imperatorio

2063 5166 2339 5222 unionem
2367 5165 2486 5233 dat,
2512 5180 2614 5236 per
2634 5177 2811 5234 quam
2839 5165 2900 5215 ut
2931 5175 3033 5231 per
3062 5157 3498 5214 nobilissimam
3522 5158 3710 5210 mate-

2062 5255 2209 5311 riam
2239 5251 2602 5325 imperatorii
2625 5248 2977 5306 diadematis
3007 5246 3492 5319 compositionem
3516 5258 3714 5314 opera-

2063 5353 2156 5401 tus
2181 5347 2290 5410 est,
2324 5341 2676 5414 praecipuam
2709 5338 2792 5394 sic
2843 5337 3074 5393 elevans
3124 5335 3472 5408 dignitatem
3523 5337 3580 5388 et
3608 5333 3716 5388 has

2063 5451 2374 5506 generosas
2406 5449 2612 5488 manus
2645 5433 2919 5485 Romanae
2973 5425 3308 5482 celsitudini
3362 5424 3713 5496 adjungens,

2065 5540 2213 5596 quas
2244 5524 2436 5580 tendet
2467 5522 2698 5592 quando
2732 5534 3016 5574 manuum
3051 5515 3382 5588 pluralitate
3414 5530 3562 5586 opus
3597 5513 3714 5566 fue-

2065 5613 2160 5669 rit.
2195 5612 2381 5683 Hujus
2438 5611 2606 5666 nobis
2665 5609 2878 5680 egregii
2936 5606 3182 5663 stolonis
3241 5605 3468 5660 fructus
3500 5606 3716 5674 etquae

2066 5703 2138 5762 ob
2169 5700 2367 5759 oculos
2398 5702 2550 5759 bona
2581 5704 2739 5765 sunt,
2774 5699 2889 5755 Deo
2913 5699 3160 5769 juvante
3192 5695 3427 5768 regina,
3460 5709 3711 5766 quarum
