4136 6210
383 222 503 282 983

1155 227 1577 289 EUSTATHII
1622 226 2393 289 THESSALONICENSIS
2440 225 3026 288 METBOPOLITJE

3693 221 3824 284 984

388 368 508 407 una
538 352 611 408 ad
643 352 784 410 solis
838 355 1025 412 instar
1080 374 1148 413 ex
1207 358 1427 414 oriente
1481 360 1686 425 oritur,
1733 358 1841 414 etsi
1879 375 2068 426 nunc,

2184 356 2328 410 αὶτά
2356 355 2462 431 πρὸ
2496 355 2798 433 ὀφθαλμῶν
2851 354 3022 428 ἀγαθὰ
3071 355 3127 408 αἱ
3176 352 3268 407 σὺν
3300 357 3418 425 Θεῷ
3472 351 3823 427 βασίλισσαι»

393 441 632 512 quidem
665 443 819 499 nube
866 446 1234 515 obscuratur,
1291 448 1342 502 si
1393 449 1576 503 nubes
1627 448 1862 520 nigrum
1896 447 2039 506 illud

396 530 511 586 dici
544 536 755 604 potest,
787 533 845 587 in
881 551 995 606 quo
1022 535 1264 605 justitite
1298 535 1404 604 sol,
1458 541 1609 592 Deus
1658 536 1875 592 clarius
1905 553 2044 591 con-

398 620 684 691 spicitur;
718 620 897 677 altera
943 640 1078 678 vera
1123 641 1337 681 oceano
1390 625 1735 681 occidentali
1769 626 2048 681 immersa

396 710 548 766 lucis
579 710 948 782 splendorem
979 713 1166 770 affert.

472 1046 558 1102 17.
609 1045 720 1103 Sed
777 1046 897 1103 haec
956 1047 1264 1116 hactenus,
1297 1065 1370 1105 ne
1427 1047 1747 1106 rhetorices
1797 1066 2049 1107 oceanus

398 1152 714 1208 erumpens
745 1137 997 1193 faustam
1019 1142 1255 1209 rumpat
1287 1138 1739 1211 navigationem.
1767 1139 2051 1196 Utautem

399 1223 601 1281 hostes
666 1225 916 1282 invicem
989 1229 1288 1299 congressi
1365 1230 1486 1284 sint
1553 1245 1764 1301 resque
1822 1234 2052 1285 nostras

402 1315 768 1370 turbaverint
796 1321 852 1371 et
899 1333 1097 1388 pacem
1147 1317 1316 1372 nobis
1366 1318 1810 1390 impertiverint,
1864 1319 1963 1374 illa
1996 1319 2051 1373 in

409 1419 588 1458 causa
633 1403 776 1468 fuit;
830 1405 962 1476 quis
1022 1404 1200 1477 igitur
1258 1407 1445 1477 magis
1504 1406 1850 1463 timendus?
1905 1407 2053 1464 Illud

408 1509 582 1564 porro
613 1493 923 1549 artiﬁcium
957 1495 1333 1566 strategicum
1385 1496 1749 1568 excogitavit,
1800 1497 1890 1552 cui
1921 1497 2056 1552 obe-

412 1582 642 1637 dientes
673 1582 801 1637 sine
849 1582 1153 1654 sanguinis
1203 1584 1484 1640 effusione
1542 1587 1798 1641 maxima
1843 1591 2059 1658 tropaea

412 1671 614 1738 erexit,
674 1671 876 1726 hostes
934 1669 1043 1726 sibi
1103 1672 1248 1743 ipsis
1317 1674 1680 1729 adversarios
1742 1691 1930 1746 usque
1985 1675 2056 1730 ad

409 1759 878 1832 belligerandum
939 1761 1194 1815 reddidit
1251 1779 1366 1833 quo
1426 1763 1643 1818 factum
1705 1769 1794 1819 est
1854 1770 1918 1819 ut
1972 1781 2061 1819 res

409 1855 625 1904 nostrae
656 1848 1048 1920 ampliﬁcatae,
1096 1849 1332 1905 illorum
1384 1852 1841 1920 minorarentur,
1884 1859 2063 1924 utque

409 1937 566 1993 Mars
593 1937 713 2006 jam
745 1954 856 1992 non
894 1938 1227 1992 communis
1279 1945 1434 1994 esset
1463 1957 1569 1995 nec
1613 1941 1925 1997 alterutros
1959 1959 2065 1997 nos

412 2025 664 2098 illosque
696 2027 1044 2094 destrueret,
1077 2027 1218 2082 solis
1253 2032 1445 2083 autem
1473 2027 1746 2085 hostibus
1779 2032 2065 2101 pernicies

408 2113 769 2170 illaberetur.
805 2115 900 2170 Sic
933 2119 1242 2171 Persarum
1277 2116 1334 2171 in
1367 2120 1575 2172 Persas
1607 2118 1826 2173 bellum
1856 2137 1888 2174 a
1918 2121 2067 2191 regi-

412 2206 526 2261 bus
557 2205 980 2271 instruebatur,
1016 2211 1071 2260 et
1101 2221 1208 2260 nos
1240 2210 1489 2261 stamus.
1527 2207 1620 2262 Sic
1653 2208 1848 2263 multas
1881 2226 1948 2264 ex
1980 2226 2069 2264 oc-

417 2292 809 2349 cidentalibus
841 2293 1114 2366 gentibus
1138 2296 1483 2368 arrogantia:
1509 2299 1711 2352 morbo
1737 2297 2070 2354 laborantes

418 2387 728 2454 postquam
773 2383 1162 2454 resipuerant,
1213 2390 1430 2440 sanata:
1481 2392 1640 2442 sunt.
1676 2386 1767 2442 Sic
1817 2388 2070 2458 populus

420 2471 722 2526 Romanus
749 2472 1052 2543 obstupuit
1081 2472 1180 2543 qui
1212 2478 1416 2528 contra
1445 2491 1607 2545 spem
1658 2474 1916 2530 omnium
1955 2475 2070 2531 bel-

423 2559 712 2632 ligerandi
736 2560 929 2616 furore
954 2565 1198 2616 sanatus
1224 2567 1332 2617 est.
1359 2562 1541 2618 Draco
1565 2569 1760 2619 autem
1794 2565 2073 2621 insularis

425 2649 526 2723 qui
559 2667 735 2722 super
763 2657 1015 2707 crateres
1065 2656 1313 2707 Etnaaos
1366 2652 1561 2724 ignem
1597 2655 1819 2710 ferociae
1867 2673 2071 2711 accen-

427 2740 563 2794 dere
594 2738 840 2806 volebat,
875 2738 935 2793 in
962 2739 1184 2811 impetu
1209 2757 1315 2795 suo
1341 2741 1412 2795 ab
1436 2741 1675 2798 ensibus
1706 2743 2074 2814 imperatoris

428 2846 544 2884 non
568 2845 775 2900 parum
800 2829 1119 2901 impeditus
1145 2835 1252 2896 est,
1278 2829 1625 2902 plerumque
1647 2850 1777 2888 eum
1804 2833 2075 2889 hostibus

426 2919 766 2974 domesticis
826 2934 1222 2990 congressus,
1284 2935 1432 2989 quos
1490 2920 1859 2991 imperatoris
1919 2928 2075 2979 artes

429 3005 878 3074 concitaverant,
929 3007 1096 3078 quasi
1145 3005 1459 3079 bipennem
1510 3009 1856 3080 sapientiam
1905 3028 2072 3066 suam

432 3096 664 3152 eminus
685 3095 1030 3168 jaoulantis.

506 3592 592 3647 18.
630 3592 817 3666 Regiae
849 3594 1022 3649 etiam
1055 3595 1375 3666 prudentia:
1428 3598 1552 3650 erat
1583 3611 1694 3650 non
1737 3596 1929 3653 solum
1960 3597 2078 3653 sal-

428 3696 565 3736 vare
597 3683 752 3737 dicto
783 3682 1108 3751 audientes,
1135 3683 1234 3738 sed
1268 3685 1442 3739 etiam
1467 3688 1754 3754 quantum
1788 3685 1910 3741 ﬁeri
1945 3702 2080 3758 pos-

429 3776 518 3827 set
573 3773 914 3828 eorumdem
971 3791 1063 3828 res
1119 3790 1370 3844 augere;
1427 3778 1630 3845 estque
1687 3773 1832 3829 illud
1874 3776 2079 3832 talenti

427 3861 744 3933 evangelici
777 3859 1208 3917 incrementum
1242 3879 1355 3918 non
1391 3863 1585 3919 minus
1617 3880 1789 3934 quam
1831 3864 2081 3921 haeredi-

425 3951 564 4006 tatis
595 3951 802 4006 divinae
835 3952 1129 4008 adauctio.
1176 3951 1324 4008 Illud
1358 3969 1518 4026 ergo,
1565 3954 1611 4009 si
1646 3954 1778 4026 quis
1831 3954 1983 4011 alius
2014 3973 2083 4012 ex

427 4037 501 4094 iis
532 4039 630 4110 qui
660 4040 826 4110 prius
859 4046 1200 4112 regnarunt,
1235 4047 1433 4098 noster
1463 4043 1786 4115 praesertim
1839 4045 2082 4116 perfecit

427 4126 584 4182 bona
615 4128 1078 4200 multiplicando.
1114 4131 1356 4186 Difficile
1407 4133 1562 4186 enim
1613 4131 1789 4187 fuerit
1819 4137 2077 4189 exteram

425 4215 691 4288 linguam
723 4217 901 4274 citare
953 4236 1130 4291 quam
1162 4237 1278 4275 non
1331 4222 1401 4276 ad
1457 4225 1667 4276 nostra!
1698 4223 2074 4278 commodum

423 4307 706 4376 verterit;
766 4309 899 4364 dam
958 4309 1055 4365 alii
1114 4311 1351 4382 quidem
1413 4311 1651 4366 colonia;
1709 4313 1945 4367 nomine
2003 4314 2076 4370 ad

425 4412 532 4451 nos
592 4396 758 4452 missi
819 4398 933 4453 sibi
991 4398 1247 4471 quietem
1304 4399 1690 4466 invenerunt;
1751 4400 1848 4455 alii
1879 4407 2074 4457 autem

2155 446 2227 499 ὧν
2257 447 2290 514 ἡ
2327 445 2420 517 μὶν
2455 445 2540 499 οἶα
2588 443 2676 499 καὶ
2724 441 2888 512 ἥλιος
2939 442 2989 514 ἐξ
3039 441 3174 515 ἑῴας
3230 440 3440 517 ἔφανεν,
3474 441 3521 495 εἰ
3573 441 3667 496 καὶ
3717 445 3822 494 νῦν

2158 534 2258 589 ὑπὸ
2289 535 2435 608 νέφει
2487 534 2776 601 σκιάζεται,
2833 529 2885 586 εἷ’
2931 553 2983 586 τι
3033 531 3123 585 καὶ
3174 531 3329 606 νέφος
3380 530 3550 585 εἰπεῖν
3598 529 3821 606 6αρρη-

2153 625 2272 678 τέον
2304 624 2365 677 τὸ
2394 627 2639 677 τοιοῦτον
2679 621 2873 695 μέλαν,
2905 620 2956 675 ἐν
2992 622 3037 692 ᾧ
3070 621 3360 698 φανότερον
3394 621 3423 674 ὁ
3451 623 3549 688 τῆς
3596 617 3823 674 δικαιο-

2157 713 2322 781 σύνης
2366 709 2530 781 ἥλιος
2579 711 2708 774 Θεὸς
2765 707 3123 765 διοπτεύεταιο
3178 712 3215 779 ἡ
3264 705 3321 764 δὲ
3351 710 3424 771 ὡς
3473 707 3677 785 ἄγχοθί
3706 729 3824 762 που

2157 798 2494 874 λελουμένος
2564 800 2804 856 ὠκεανοῦ
2855 799 3107 874 ἑσπερίου
3164 799 3255 854 καὶ
3314 799 3456 867 αὐτὴ
3515 797 3826 875 φωσφόρος

2159 890 2483 966 ἆπηύγασεν.

2235 1056 2317 1121 ιζ’.
2351 1048 2530 1106 Ἀλλὰ
2577 1053 2740 1105 τοῦτο
2790 1049 2885 1123 μὲν
2946 1048 3000 1111 ἐς
3053 1051 3340 1115 τοσοῦτον,
3375 1049 3450 1122 μή
3512 1047 3601 1102 καὶ
3636 1049 3826 1103 ὠκεα-

2161 1141 2252 1205 νὸς
2305 1141 2528 1203 ἐνταῦθοὶ
2582 1160 2673 1212 μοι
2726 1136 3015 1215 ῥητορείας
3060 1137 3380 1214 ἀναῤῥαγεὶς
3434 1137 3828 1212 ἀνακόψῃτοῦ

2164 1227 2503 1286 εὐθυπλοεῖν.
2535 1232 2877 1304 Συγκροῦσαι
2909 1224 2966 1282 δὲ
3014 1226 3321 1300 πολεμίους
3371 1225 3674 1297 ἀλλήλοις,
3723 1225 3830 1280 καὶ

2163 1321 2310 1391 ἡμᾶς
2368 1315 2418 1371 ἐν
2481 1317 2741 1393 ἀταράχῳ
2790 1316 2878 1370 καὶ
2939 1314 3080 1370 οὕτω
3133 1323 3487 1386 καταστῆσαι,
3521 1316 3612 1370 καὶ
3670 1317 3732 1370 τὸ
3771 1314 3830 1368 ἐν

2156 1407 2358 1483 ,εἲρήνῃ
2409 1404 2674 1482 γαλήνιον
2720 1405 3176 1481 καταπράξασθαι,
3224 1405 3306 1467 τίς
3353 1403 3456 1482 ἄρα
3504 1407 3623 1460 κατ’
3681 1405 3834 1459 ἐκεῖ-

2165 1517 2256 1551 νον
2291 1493 2594 1557 δεινότατος
2641 1492 2931 1562 ςΜέθοδον
2978 1494 3078 1570 γὰρ
3122 1495 3211 1549 καὶ
3260 1495 3462 1564 ταύτην
3520 1515 3835 1570 στρατηγι-

2167 1588 2268 1655 κὴν
2323 1583 2567 1659 ἐτέχνου,
2606 1585 2669 1639 τὸ
2720 1585 2813 1658 μὶν
2871 1585 3111 1654 ὑπήκοον
3159 1583 3447 1659 φυλάττειν
3489 1581 3836 1653 ἀναίμακτον

2169 1675 2255 1730 ἐπὶ
2338 1675 2615 1751 μεγίσταις
2683 1674 2958 1749 τροπαίων
3015 1674 3352 1742 ἀναστάσεσι,
3425 1674 3837 1751 προσαράσσειν

2174 1763 2230 1820 δὲ
2258 1763 2384 1826 τοὺς
2415 1763 2720 1836 πολεμίους
2772 1765 3002 1831 ἑαυτοῖς,
3035 1761 3126 1819 καί
3175 1764 3519 1837 ὶκπολεμοῦν
3569 1769 3692 1824 τοῖς
3724 1761 3840 1816 ἁλ-

2173 1850 2439 1930 λοφύλοις
2492 1853 2554 1907 τὸ
2606 1853 2783 1930 σφίσιν
2839 1851 3020 1915 αὐτοῖς
3068 1851 3373 1930 ὁμόφυλον,
3406 1853 3480 1914 ὡς
3525 1854 3614 1906 καὶ
3652 1851 3841 1906 ivrei-

2174 1945 2258 1996 θεν
2318 1939 2564 2012 αὔξεσθαι
2629 1942 2719 2015 μὲν
2773 1941 2838 1996 τὰ
2886 1942 3147 2016 ἡμέτερα,
3203 1941 3634 2013 μειονεκτεῖσθαι
3687 1936 3744 1994 δὲ
3779 1939 3848 1993 τὸ

2175 2030 2482 2104 πολέμιον,
2535 2030 2627 2085 καὶ
2685 2031 2774 2085 τὸν
2837 2028 3117 2088 Ἐνυάλιον
3181 2031 3378 2103 μηκέτι
3431 2030 3580 2102 ξυνὸν
3645 2028 3786 2083 εἶναι
3827 2072 3845 2098 ,

2183 2119 2313 2196 μηδ’
2341 2122 2542 2198 ἀμφοῖν
2571 2126 2686 2174 τοῖν
2725 2124 2910 2192 μεροῖν
2944 2121 3268 2197 φθισήνορα,
3300 2121 3436 2193 ἡμῖν
3486 2139 3546 2173 τε
3590 2117 3683 2172 καὶ
3714 2123 3842 2176 τοῖς

2179 2211 2295 2266 ὅσοι
2328 2209 2543 2282 ἐξῄεσαν
2577 2207 2654 2272 εἷς
2699 2208 3015 2278 ἀντίπαλον,
3051 2203 3242 2280 μόνοις
3275 2205 3332 2262 δῖε
3373 2212 3488 2269 τοῖς
3540 2204 3847 2279 πολεμίοις

2179 2298 2606 2369 ἀπονενεμῆσθαι
2657 2297 2749 2351 τὸν
2801 2296 3177 2371 βροτολοιγὸν.
3227 2295 3382 2351 Οῧτω
3440 2295 3641 2370 Πέρσαι
3700 2295 3846 2370 Πέρ-

2182 2408 2298 2450 σαις
2353 2385 2651 2461 ἀντίμαχοι
2705 2382 2955 2458 μεθόδοις
3007 2382 3337 2460 βασιλικαῖς·
3391 2383 3480 2438 καὶ
3540 2386 3709 2456 ἡμεῖς
3770 2383 3848 2437 εἲ-

2183 2481 2404 2550 ρηναῖον
2440 2475 2839 2547 ἐπαιανίζομεν.
2885 2473 3043 2532 Οὕτω
3103 2473 3305 2529 Σκύθαι
3357 2473 3567 2537 Σκύθας
3620 2472 3698 2534 εἷς
3730 2479 3846 2546 γῆν

2181 2563 2639 2638 κατεστρώννυον·
2687 2564 2774 2618 καὶ
2825 2565 2988 2635 ἡμεῖς
3039 2558 3239 2636 ὄρθιοι.
3288 2561 3447 2618 Οὕτω
3497 2559 3695 2615 πολλᾶ
3730 2565 3849 2614 τῶν

2183 2651 2444 2728 ἑσπερίων
2506 2652 2704 2724 ἐθνῶν,
2780 2650 3090 2722 πλεονεξίαν
3151 2648 3480 2720 νενοσηκότα
3515 2694 3530 2718 ,
3586 2651 3851 2724 ὑγιοῦντο

2184 2741 2650 2820 σωφρονιζόμενα·
2705 2739 2794 2794 καὶ
2850 2739 2912 2795 τὸ
2968 2740 3273 2813 Ῥωμαϊκὸν
3335 2733 3708 2812 ἐξεθαμϐεῖτο,
3762 2737 3851 2815 ἐφ’

2185 2833 2287 2898 οἷς,
2321 2831 2396 2893 ὡς
2426 2829 2524 2884 οὐκ
2554 2827 2611 2883 ἂν
2645 2825 2888 2893 αἴσθοιτό
2935 2851 3042 2898 τις,
3073 2827 3136 2884 τὸ
3181 2829 3253 2900 τῇ
3299 2826 3618 2901 ὁπλομανίᾳ
3649 2825 3854 2897 ἒπίλησ

2183 2940 2316 2973 πτον
2369 2917 2745 2991 τεθεράπευιο.
2797 2919 3017 2992 Δράκων
3071 2914 3128 2971 δὲ
3183 2917 3210 2970 ὁ
3255 2917 3605 2986 νησιωτικὸς,
3660 2916 3720 2978 ’ὀς
3751 2917 3851 2970 καὶ

2189 3009 2317 3082 ὑπὲρ
2365 3014 2640 3082 κρατῆρας
2688 3006 2976 3068 Αἷτναίους
3025 3005 3086 3060 τὸ
3134 3009 3231 3061 τοῦ
3279 3006 3455 3078 θυμοῦ
3513 3009 3622 3080 πῦρ
3681 3002 3852 3083 ἐκφυ-

2107 3097 2152 3164 C
2190 3103 2282 3168 σᾷν
2315 3095 2499 3165 ἤθελε,
2554 3093 2742 3150 πολλὰ
2799 3095 2893 3168 μὲν
2941 3099 3038 3150 τοῦ
3080 3095 3198 3149 κατ’
3229 3093 3389 3149 αὐτὸν
3423 3093 3596 3149 ὁλκοῦ
3626 3094 3722 3148 καὶ
3755 3095 3859 3168 βα-

2193 3184 2428 3248 σιλικοῖς
2477 3182 2779 3255 ἐκολούσθη
2827 3184 3042 3260 ξίφεσι,
3091 3183 3156 3238 τὰ
3203 3182 3380 3239 πλείω
3435 3179 3492 3237 δὲ
3548 3181 3856 3245 οἲκειακοῖς

2189 3275 2412 3352 ἐχθροῖς
2497 3271 2955 3350 συγκρουόμενος,
3037 3271 3129 3337 οῦς
3184 3273 3239 3328 αἱ
3295 3275 3391 3327 τοῦ
3445 3270 3862 3348 αὐτοκράτορος

2189 3361 2411 3438 μὲθοδοι
2459 3362 2778 3435 ἐπανίστων,
2829 3359 3152 3438 διχαστικὴν
3205 3360 3368 3417 ὁποῖά
3403 3381 3525 3416 τινα
3559 3359 3848 3437 μάχαιραν

2185 3453 2284 3522 τὴν
2327 3451 2519 3508 ἑαυτοῦ
2541 3453 2839 3526 τομώτατα
2867 3450 3055 3530 σοφίαν
3088 3447 3412 3527 βάλλοντος.

2265 3597 2353 3667 ιη’.
2407 3593 2754 3671 Προμηθείας
2811 3591 2869 3648 δὲ
2925 3593 2991 3663 ἦν
3052 3591 3152 3666 ἄρα
3209 3590 3498 3668 βασιλικῆς
3557 3591 3635 3665 μή
3674 3592 3847 3664 μόνον

2188 3685 2576 3760 περισώζεσθαι
2628 3682 2756 3746 τοὺς
2810 3681 3206 3749 ὑπακούοντας,
3263 3679 3411 3736 ἀλλὰ
3463 3681 3554 3735 καὶ
3603 3701 3850 3756 προσεπ-

2189 3774 2362 3844 αύξειν
2405 3771 2620 3839 αὐτοὺς,
2654 3770 2730 3834 είς
2781 3773 2904 3827 ὅσον
2956 3770 3116 3847 χώρα
3157 3771 3381 3847 γίνεται.
3437 3769 3540 3828 Καὶ
3590 3764 3705 3824 ἔστι
3752 3769 3848 3825 καὶ

2186 3867 2347 3918 τοῦτο
2403 3859 2675 3916 ταλάντου
2721 3859 3078 3937 εύαγγελικοῦ
3129 3859 3586 3936 προσεπαύξτβις,
3634 3858 3723 3914 ὅτι
3753 3858 3848 3913 καὶ

2186 3949 2564 4027 κληρονομίας
2637 3949 2780 4014 θείας
2838 3948 3128 4024 πρόσθεσις
3161 3991 3176 4006 .
3235 3951 3414 4006 Τοῦτο
3467 3952 3627 4024 γοῦν,
3687 3945 3846 4020 εἴπερ

2186 4038 2366 4115 ἕτερός
2413 4061 2498 4101 τις
2553 4042 2660 4093 τῶν
2703 4037 2953 4094 ἀνέκαθεν
3012 4038 3218 4114 χρόνου
3276 4032 3774 4114 βεϐασιλευκότων,
3815 4038 3848 4092 ὁ

2185 4133 2274 4183 νῦν
2331 4128 2714 4201 ἐπαινούμενος
2783 4126 3108 4200 ἐκτετίλεκε,
3167 4124 3458 4198 πληθύνων
3506 4126 3572 4180 τὸ
3621 4125 3848 4200 ἀγαθόν,

2185 4218 2284 4273 Καὶ
2317 4218 2418 4273 ούκ
2467 4213 2576 4272 ἔστι
2627 4215 2872 4293 γλῶτταν
2919 4217 3088 4272 εἰπεῖν
3135 4213 3341 4284 ἔθνους,
3373 4216 3436 4284 ἣν
3481 4214 3544 4269 ού
3575 4214 3852 4289 παρὲμιξε

2183 4330 2253 4382 τῃ
2283 4307 2402 4362 καθ’
2431 4309 2578 4380 ἡμᾶς
2628 4304 2705 4368 είς
2757 4307 3060 4382 γρήσιμον.
3089 4306 3164 4380 Ὀἱ
3220 4305 3313 4378 μὶν
3362 4304 3464 4380 γὰρ
3496 4303 3571 4365 ὡς
3609 4302 3662 4358 ἐν
3695 4302 3855 4379 λόγῳ

2190 4395 2462 4469 μετοικίας
2511 4397 2609 4465 τὴν
2662 4394 2739 4458 εἷς
2785 4397 2932 4468 ἡμᾶς
2978 4391 3323 4450 ἐστέλλοντω
3355 4391 3446 4447 καί
3497 4393 3852 4468 εὑρίσκοντες

423 4485 578 4540 dona
631 4464 1038 4558 exspectantes
1095 4504 1223 4558 qum
1281 4464 2068 4561 imperatorisvlargiehatur

2187 4482 2482 4540 ἀνάπαυσιν
2515 4485 2754 4554 ἑαυτοῖς,
2797 4484 2849 4538 οὶ
2899 4480 2957 4538 δὲ
3001 4489 3093 4537 καῖ
3144 4479 3335 4557 δώρων
3382 4475 3855 4554 ἐπιϐαλλόμενοι,

421 4574 845 4643 munificentia,
893 4575 1060 4631 sinus
1091 4577 1335 4632 ditantis
1388 4577 1706 4649 participes
1749 4577 1882 4632 facti
1916 4583 2072 4650 sunt,

420 4665 742 4738 primatum
779 4666 1105 4721 mercedem
1139 4670 1525 4738 reportantes.
1572 4667 1733 4731 Quod
1769 4670 1956 4723 autem
1989 4669 2075 4724 di-

419 4754 696 4810 vitiarum
746 4754 1031 4810 ﬂuentum
1093 4755 1240 4828 ipsis
1297 4757 1656 4824 abundabat,
1710 4757 2074 4813 domicilium

421 4841 678 4897 alienum
712 4842 962 4914 patriam
996 4843 1277 4900 facientes
1325 4850 1382 4900 et
1411 4845 1665 4916 patriam
1714 4845 2075 4902 aestimantes

421 4946 656 4986 omnem
687 4930 744 4985 in
781 4947 897 5001 qua
945 4931 1092 5003 ipsis
1139 4933 1286 4988 bene
1334 4938 1475 4988 erat.
1526 4933 1780 5004 Antiqua
1829 4933 2076 4990 historia

420 5036 722 5076 servorum
754 5021 959 5075 urbem
993 5023 1309 5092 quamdam
1340 5028 1624 5078 memorat
1651 5047 1664 5090 ;
1715 5023 1913 5094 ibique
1946 5023 2073 5078 feli-

418 5110 566 5167 citer
597 5109 654 5164 id
685 5100 1250 5182 contigit-Homines
1279 5112 1432 5167 enim
1459 5129 1604 5183 quos
1632 5116 1843 5166 natura
1863 5111 2074 5168 libera-

416 5197 552 5254 liter
578 5199 767 5256 vivere
800 5199 985 5254 voluit
1018 5201 1327 5272 nervisque
1379 5201 1565 5255 firmis
1613 5201 1849 5255 donavit
1879 5205 1934 5256 et
1961 5203 2073 5255 for-

420 5290 671 5344 titudine
705 5289 864 5344 omni
899 5289 1228 5357 induravit;
1263 5291 1391 5345 vitae
1425 5295 1619 5346 autem
1669 5290 2074 5346 vicissitudine

421 5377 481 5432 in
533 5379 874 5435 servitutem
935 5379 1152 5433 redacti
1207 5379 1263 5433 in
1317 5381 1518 5435 urbem
1573 5379 1942 5435 Constantini
1986 5380 2073 5434 in-

426 5466 1101 5539 duxerunt(frequentes
1157 5469 1315 5523 enim
1370 5469 1468 5523 illa
1517 5469 1782 5542 hospites
1839 5468 2073 5541 excipit,

422 5554 758 5626 multosque
791 5573 888 5626 per
922 5557 1443 5627 turmas,cohortes
1465 5561 1522 5614 et
1544 5559 1698 5615 acies
1729 5557 2071 5631 constituit)

2185 4573 2283 4629 ὅσα
2309 4574 2372 4628 τὸ
2408 4571 2691 4649 βασιλικὸν
2744 4568 3131 4649 μεγαλόδωρον
3183 4571 3259 4633 είς
3309 4569 3592 4644 πλήσμιον
3635 4569 3855 4646 ἰχορή-

2184 4683 2290 4738 γει,
2315 4665 2413 4716 τοῦ
2465 4660 2844 4716 πλουτοποιοῦ
2893 4658 3110 4716 κόλπου
3141 4658 3410 4734 ἐγίνοντο,
3442 4660 3850 4736 μισθοφοροῦν-

2182 4771 2269 4812 τες
2307 4751 2402 4822 μέν
2429 4751 2527 4821 τήν
2559 4747 2760 4824 ἀρχήν
2795 4747 2879 4803 ὅτι
2911 4745 2970 4803 δὲ
3019 4749 3096 4813 εἷς
3135 4745 3420 4823 ἐνδελεχὲς
3448 4747 3510 4803 τὸ
3538 4752 3640 4802 τοῦ
3665 4746 3849 4802 πλού-

2181 4861 2278 4895 του
2302 4839 2475 4916 ρεῦμα
2501 4836 2717 4899 τούτοις
2766 4836 3151 4915 ἐπλήμμυρεν,
3197 4836 3490 4909 οἰκήσιμον
3542 4836 3632 4890 καὶ
3689 4835 3848 4891 αύτοὶ

2181 4930 2279 4999 τήν
2340 4925 2662 4997 ἀλλοδαπὴν
2715 4925 3078 5000 ποιούμενοι,
3138 4925 3229 4982 καὶ
3277 4923 3509 5000 πατρίδα
3563 4923 3847 4999 κρίνοντες

2184 5020 2315 5073 εἶναι
2347 5022 2542 5085 πᾶσαν,
2593 5014 2646 5071 ἐν
2787 5015 3038 5080 εὐπαθεῖν
3090 5013 3445 5092 περιγίνεται.
3497 5011 3599 5068 Καὶ
3650 5014 3687 5083 ἡ
3749 5013 3846 5087 μὲν

2183 5107 2393 5164 παλαιὰ
2438 5104 2650 5182 ἱστορία
2697 5105 2786 5159 καὶ
2839 5102 3052 5161 δούλων
3097 5103 3262 5160 πόλιν
3293 5103 3414 5159 τινὰ
3441 5101 3670 5178 προάγει
3704 5103 3844 5178 πρὸς

2182 5202 2400 5273 γνῶσιν·
2454 5195 2679 5258 ἐνταῦθα
2727 5191 2784 5248 δὶ
2833 5193 2921 5248 καὶ
2971 5199 3132 5249 τοῦτο
3191 5193 3566 5263 πεπλήθυνται
3627 5191 3690 5246 τὸ
3749 5212 3843 5245 κα-

2184 5285 2301 5342 λόν.
2363 5287 2676 5356 Ἄνθρωποι
2725 5284 2848 5360 γὰρ,
2901 5283 2992 5346 οῦς
3039 5283 3197 5358 φύσις
3242 5283 3336 5358 μὲν
3402 5279 3683 5356 ἑλευθὲρια
3745 5285 3841 5354 ζῇν

2185 5377 2369 5452 ὥρισε,
2417 5374 2630 5451 νεύροις
2681 5370 2738 5427 δὲ
2794 5371 3039 5449 στερροῖς
3098 5371 3348 5444 ἐτόνωσε,
3406 5369 3497 5426 καὶ
3554 5367 3704 5431 ὅλως
3770 5368 3845 5430 εἰς

2184 5463 2399 5543 ἀνδρίαν
2429 5463 2726 5537 ἰστόμωσε,
2765 5460 2884 5538 βίου
2937 5459 2994 5516 δὲ
3040 5459 3243 5525 κύκλος
3275 5460 3363 5516 ἐπὶ
3395 5456 3652 5515 δουλείαν
3687 5459 3840 5535 στρέ-

2184 5557 2306 5631 ψας,
2340 5553 2416 5616 εἷς
2473 5553 2574 5623 τὴν
2627 5554 2722 5606 τοῦ
2779 5547 3020 5629 μεγάλου
3077 5549 3482 5608 Κωνσταντίνου
3530 5549 3839 5626 περιήγαγε
