4136 6210
329 342 450 403 985

1184 346 1586 408 MANUELIS
1629 345 1980 408 COMNENI
2023 346 2423 409 LAUDATIO
2467 347 2885 409 FUNEBttIS.

3623 349 3742 408 986

331 471 596 548 (συχνοὺς
625 470 683 527 δὲ
730 473 821 529 καὶ
868 473 1096 538 τούτους
1145 476 1280 546 αὕτη
1322 474 1662 544 πανδοκεύει,
1693 475 1784 531 καὶ
1834 474 1981 538 οἵους

2097 477 2372 534 dolebant
2389 478 2625 551 quidem
2648 479 2826 551 idque
2842 483 3102 550 tempore
3122 484 3448 552 opportuno
3470 479 3740 536 domina-

327 563 472 617 κατὰ
530 562 689 640 στίφη
739 563 829 618 καί
890 565 1097 640 λόχους
1164 566 1253 620 καὶ
1322 568 1516 642 στίχας
1592 567 1980 640 συντάξασθαι),

329 650 568 706 ἐλύπουν
633 653 726 725 μὲν
773 653 860 726 (ἦν
912 655 1097 729 καιρὸς
1147 655 1369 725 ἐκεῖνος)
1409 656 1471 709 τὸ
1525 653 1861 726 δεσποτικὸν,
1897 675 1984 727 με·

336 743 616 813 μνημὲνοι
673 742 810 796 κατά
858 742 949 797 τὸν
994 745 1286 819 Ὁμηρικὸν
1332 742 1500 798 ’ίππον
1540 751 1640 814 τῆς
1696 743 1746 798 ἐν
1806 747 1981 820 τροφῇ

329 829 702 900 ἀκοστήσεως,
763 831 852 885 καὶ
907 837 1090 905 νομῶν
1151 832 1365 888 ἱκείνων
1432 828 1726 909 βαρϐάροις
1775 832 1982 904 καλῶν,

328 919 421 973 καὶ
467 923 574 974 τῶν
627 919 909 995 αὐτοφυῶν
958 921 1053 976 κπὶ
1104 921 1526 997 ἀπαραποιήτων
1589 919 1852 997 λοετρῶν,
1887 921 1985 976 ὅσα

329 1011 463 1073 τοὺς
510 1007 878 1088 βαρϐαρικοὺς
930 1015 1254 1090 στρατιώτες
1303 1014 1441 1088 πρὸς
1480 1011 1799 1087 ἀμάλθακον
1848 1033 1982 1089 καρ-

330 1099 512 1174 τερίαν
567 1101 928 1176 ὑγραίνουσιν.
961 1104 1059 1158 Ἦν
1113 1099 1169 1158 δὲ
1198 1103 1388 1166 αὐτοῖς
1438 1103 1657 1178 θάτερος
1713 1107 1806 1177 μὲν
1862 1107 1984 1157 τοῖν

333 1189 645 1267 ὀφθαλμοῖν
697 1187 860 1244 οἶκοι·
896 1191 924 1246 ὁ
974 1187 1031 1246 δὶ
1073 1192 1265 1253 Λοιπὸς
1312 1190 1387 1254 εἷς
1419 1189 1710 1268 φυγαδείαν
1766 1186 1982 1248 ἔϐλεπε.

331 1279 442 1334 Καὶ
491 1278 615 1354 χεὶρ
647 1281 681 1349 ἡ
718 1279 812 1352 μὲν
866 1277 1220 1354 διεπράττετο
1246 1281 1314 1336 τὰ
1343 1279 1589 1351 δουλικὰ,
1622 1283 1657 1351 ἡ
1695 1277 1752 1335 δὲ
1803 1278 1986 1356 ξίφους

331 1364 504 1437 ἤθελε
561 1365 899 1442 δράττεσθαι,
963 1367 1016 1424 εἷ’
1059 1369 1142 1432 τίς
1211 1391 1316 1424 που
1370 1371 1460 1425 καὶ
1511 1367 1843 1444 δριμύξεται,
1895 1369 1985 1424 καὶ

330 1455 551 1532 ἰγκόψει
597 1457 659 1512 τὸ
713 1458 978 1513 ἑκούσιον.
1011 1459 1104 1512 Καὶ
1154 1459 1209 1513 οί
1253 1459 1437 1532 κύριοι
1487 1456 1718 1522 ἐκιτεῦθεν
1777 1458 1876 1514 οὐκ
1923 1455 1981 1511 ἂν

336 1547 416 1619 μὴ
449 1545 539 1600 καὶ
570 1547 726 1601 αὐτοὶ
761 1546 974 1617 δοῦλοι,
1010 1552 1266 1621 μενοῦνγε
1305 1549 1394 1602 καὶ
1453 1549 1526 1609 ὡς
1581 1547 1857 1620 τολμῆσαι
1911 1547 1984 1601 εἷ-

331 1639 455 1690 πεῖν
498 1634 874 1711 αἰχμάλωτοι,
918 1636 1178 1712 ἀγόμενοι
1230 1637 1324 1710 μὲν
1372 1637 1457 1692 καὶ
1491 1638 1803 1714 φερόμενοι,
1835 1638 1984 1712 ἀρώ-

337 1745 492 1797 μενοι
525 1721 602 1793 δὲ,
637 1723 719 1779 ὅτι
748 1726 1020 1788 τοιούτοις
1051 1732 1239 1788 κακοῖς
1283 1724 1524 1801 ἔχονται,
1553 1727 1643 1781 καὶ
1691 1728 1984 1788 ποθοῦντες

2090 567 2336 632 tionem,
2372 584 2662 623 memores
2694 569 2827 640 equi
2879 569 3167 624 Homerici
3209 570 3414 636 instar,
3449 569 3646 624 hordei
3680 575 3740 626 et

2091 673 2466 727 pascuorum,
2497 662 2554 712 et
2585 656 2926 712 balneorum
2979 659 3360 723 naturalium,
3395 675 3510 713 non
3553 659 3736 713 artiﬁ-

2092 745 2353 816 cialium,
2387 746 2602 817 quibus
2650 746 2886 802 Barbari
2938 754 3000 802 ut
3041 748 3338 802 laboribus
3379 747 3737 819 perferendis

2091 835 2410 890 assueﬁant
2441 838 2850 891 utuntur.Erat
2869 842 3062 892 autem
3081 836 3228 908 ipsis
3259 836 3560 892 oculorum
3584 853 3738 892 unus

2093 924 2274 993 domi,
2329 923 2470 980 alter
2517 927 2714 997 fugam
2773 926 3318 998 circumspiciebat;
3353 942 3422 980 ex
3462 926 3738 982 manibus

2094 1029 2212 1068 una
2239 1011 2471 1068 servilia
2503 1015 2770 1083 faciebat,
2802 1014 2986 1070 altera
3039 1031 3238 1072 ensem
3287 1012 3516 1070 volebat
3555 1014 3735 1071 strin-

2093 1117 2228 1174 gere
2284 1108 2487 1157 contra
2543 1101 3005 1159 recalcitrantem
3059 1107 3117 1158 et
3171 1104 3561 1159 resistentem.
3614 1103 3737 1159 Iluc

2093 1190 2241 1246 adde
2272 1192 2426 1262 quod
2458 1191 2704 1256 domini,
2737 1209 2851 1247 non
2883 1192 3272 1263 servi,captivi
3308 1192 3417 1248 huc
3449 1191 3588 1248 illuc
3610 1209 3735 1247 cur-

2091 1286 2286 1336 rentes
2313 1286 2369 1336 et
2407 1280 2549 1335 diris
2583 1282 2822 1337 vocibus
2873 1287 3182 1354 querentes
3229 1282 3382 1354 quod
3425 1285 3512 1337 tot
3562 1281 3735 1337 malis

2091 1374 2460 1432 vexarentur,
2513 1370 2728 1442 quibus
2778 1370 3008 1425 liberari
3069 1371 3518 1438 desiderabant;
3578 1371 3732 1442 quod

2093 1463 2292 1514 votum
2341 1458 2550 1514 deinde
2593 1459 2943 1526 exauditur;
2977 1463 3034 1514 et
3077 1459 3382 1515 confestim
3435 1458 3734 1514 miseratio

2093 1547 2377 1618 utrisque,
2410 1547 2668 1604 dominis
2698 1565 2764 1604 ac
2796 1550 2998 1616 servis,
3033 1548 3322 1620 regiaeque
3352 1546 3736 1603 liberalitates

2090 1636 2427 1703 afﬂuebant,
2462 1641 2519 1692 et
2549 1637 2770 1693 domini
2799 1638 3133 1710 gaudebant
3162 1638 3316 1708 quod
3349 1637 3532 1693 servis
3563 1634 3735 1692 malis

2091 1723 2323 1782 liberati
2351 1731 2565 1782 essent.
2609 1728 2814 1798 Itaque
2870 1727 3168 1782 servitutis
3223 1725 3347 1782 loco
3405 1726 3732 1782 secundum

332 1812 686 1888 ἀπογενέσθαι
732 1814 795 1868 τὸ
846 1812 1194 1891 δυστύχημα.
1245 1815 1589 1887 Ἐξακούεται
1643 1813 1734 1868 οὖν
1786 1814 1849 1870 τὸ
1900 1814 1982 1868 εὐ-

2093 1819 2361 1870 naturam
2393 1819 2559 1870 erant
2587 1831 2656 1870 ex
2705 1815 3046 1870 hominibus
3074 1813 3288 1869 vilibus
3319 1813 3454 1869 facti
3493 1811 3733 1882 milites,

335 1906 548 1956 κταῖον.
581 1901 676 1956 Καῖ
711 1901 863 1966 εὐθὺς
893 1900 1045 1966 ἔλεος
1078 1903 1137 1958 ἐκ
1188 1903 1452 1979 βασιλέως
1503 1904 1589 1959 ἐπὶ
1633 1910 1750 1966 τοῖς
1809 1903 1984 1978 ἀμφό-

332 2010 515 2064 τερον,
561 1990 648 2045 καὶ
695 1989 1039 2064 δεσπόζουσι,
1070 1993 1158 2047 καὶ
1212 1990 1550 2062 δουλεύουσι,
1584 1993 1673 2048 καὶ
1723 1991 1982 2068 θησαυροὶ

333 2076 614 2154 βασιλικοῖ
669 2079 1042 2135 ἐκκενοῦνται·
1103 2082 1193 2135 καί
1253 2083 1304 2134 οἱ
1363 2079 1614 2136 δεσπόται
1686 2083 1972 2157 χαίρουσιν

325 2168 826 2240 ἀποσκευαζόμενοι
882 2170 946 2225 τὸ
1004 2171 1209 2249 φαῦλον
1237 2170 1525 2228 οἰκετικόν.
1558 2171 1656 2225 Καὶ
1708 2171 1769 2225 τὸ
1801 2169 1975 2226 insue

322 2258 412 2311 θεν
473 2257 621 2312 αὐτοὶ
689 2259 783 2331 μὲν
843 2259 955 2314 ἀντὶ
1023 2259 1115 2333 μὶν
1173 2256 1385 2314 δούλων
1443 2259 1578 2328 ἦσαν
1609 2260 1670 2314 τὸ
1729 2261 1972 2337 φυσικὸν,

317 2346 439 2400 ἀντῖ
473 2342 529 2400 δὲ
562 2345 772 2419 ἀτίμων
806 2352 1151 2420 στρατιῶται,
1188 2349 1249 2403 τὸ
1303 2347 1460 2426 φίλον
1516 2347 1761 2411 ἐκείνοις·
1795 2349 1973 2403 οὐκετι

316 2431 380 2487 δὲ
431 2438 529 2489 τοῦ
577 2432 800 2507 λοιποῦ,
829 2433 954 2490 ὅσον
991 2440 1240 2490 τοιοῦτον
1288 2435 1484 2512 ἀχθείη
1534 2434 1725 2514 φῦλον,
1757 2437 1820 2491 τὸ
1869 2443 1971 2492 πᾶν

322 2522 430 2577 ὑπὸ
493 2519 776 2586 δεσπόταις
850 2523 938 2595 ἦν.
994 2522 1152 2580 Ἀλλ’
1211 2526 1327 2580 ὅσοι
1409 2525 1511 2598 μὲν,
1576 2526 1678 2581 οὐκ
1741 2525 1973 2601 εὐγενῶς

317 2611 606 2688 ἐφρόνουν,
664 2608 904 2689 ἔπασχον
964 2613 1128 2682 οὕτω,
1191 2612 1440 2668 δουλείαν
1506 2615 1772 2688 ἀτίμητον
1829 2613 1972 2692 ἤπερ

323 2704 423 2774 ζῇν
469 2701 606 2778 πρὸς
646 2699 808 2764 κλέος
860 2700 1134 2774 ἑλόμενοι,
1185 2702 1326 2777 τάχα
1389 2703 1482 2776 μὶν
1543 2700 1798 2778 ἀγεννῶς,
1831 2703 1973 2780 τάχα

323 2786 386 2844 δὶ
432 2790 746 2866 προμηθείᾳ
789 2795 884 2846 τοῦ
939 2792 1088 2866 βιοῦν
1140 2789 1416 2869 ἀσφαλῶς.
1448 2793 1542 2854 Οἷς
1590 2790 1645 2846 δὲ
1691 2793 1971 2868 στρατεύε-

324 2880 451 2932 σθαι
481 2879 546 2948 ἧν
575 2877 879 2952 ἐπιθυμεῖν,
904 2880 979 2942 εἰς
1010 2881 1200 2954 ὅμοιον
1233 2879 1460 2945 ἐκείνοις
1486 2886 1604 2945 τοῖς
1649 2879 1707 2936 ἐκ
1756 2879 1967 2938 δούλων

322 2968 682 3043 στρατιώταις
724 2965 990 3044 ἤρχοντο,
1037 2970 1286 3044 χρήμασι
1360 2966 1640 3043 δημοσίοις
1689 2967 1966 3043 λυόμενοι,

324 3057 418 3110 καὶ
454 3057 597 3131 ζώνη
644 3057 922 3134 στρατείας
969 3057 1359 3132 κοσμούμενοι.
1394 3060 1492 3113 Καὶ
1547 3053 1738 3122 πόλεις
1794 3059 1970 3130 ἐπλή-

2095 1904 2247 1974 quod
2281 1903 2424 1975 ipsis
2454 1907 2688 1976 gratum
2721 1909 2864 1971 erat,
2888 1920 3002 1959 non
3035 1902 3290 1976 amplius
3319 1917 3524 1959 omnes
3556 1903 3615 1956 in
3639 1902 3734 1958 do-

2094 1991 2387 2047 minorum
2420 1997 2706 2064 potestate
2737 1992 3110 2065 languebant.
3145 1991 3359 2047 Omnes
3407 1997 3600 2048 autem
3632 1991 3733 2062 qui

2087 2097 2198 2134 non
2233 2079 2502 2137 liberales
2533 2099 2594 2138 se
2623 2083 2920 2154 gerebant,
2948 2082 3062 2136 ista
3082 2081 3454 2153 patiebantur
3484 2081 3729 2136 servitu-

2084 2174 2199 2224 tem
2236 2171 2360 2226 sine
2391 2171 2608 2226 honore
2627 2171 2757 2226 vitaa
2787 2188 2917 2226 cum
2952 2170 3139 2242 gloria
3160 2173 3561 2242 praeponentes
3585 2169 3728 2226 forte

2082 2258 2279 2315 indole
2307 2277 2480 2330 prava
2511 2261 2845 2327 ducti,forte
2875 2261 3014 2332 quia
3038 2260 3204 2316 aliter
3222 2261 3409 2316 vivere
3442 2277 3608 2332 posse
3631 2260 3731 2315 de-

2083 2349 2415 2420 sperabant.
2471 2350 2578 2415 Qui
2625 2356 2818 2406 autem
2875 2355 3062 2406 castra
3119 2350 3287 2422 sequi
3345 2349 3631 2415 volebant,
3666 2353 3732 2405 ut

2085 2437 2303 2492 milites
2336 2437 2436 2510 qui
2469 2445 2638 2495 antea
2667 2440 2818 2495 servi
2862 2440 3112 2506 fuerant,
3145 2438 3516 2506 obediebant,
3549 2454 3728 2510 pecu-

2086 2527 2182 2581 nia
2215 2527 2446 2598 publica
2506 2530 2788 2600 redempti
2837 2515 2901 2584 et
2951 2529 3143 2584 balteo
3177 2528 3418 2584 militari
3447 2527 3719 2585 accincti.

2083 2615 2325 2671 Urbium
2360 2617 2541 2689 igitur
2569 2616 2771 2672 incolae
2802 2617 2928 2672 vitae
2957 2617 3322 2672 conditiones
3353 2615 3578 2672 oblatas
3610 2632 3731 2670 am-

2083 2706 2233 2778 plexi
2291 2723 2660 2763 successores
2712 2707 3006 2762 habebant
3062 2706 3400 2762 auctoritati
3457 2705 3628 2778 regias
3666 2721 3728 2759 se

2083 2795 2528 2864 submittebant,
2567 2813 2677 2852 non
2714 2797 2864 2852 sicut
2912 2797 3104 2869 Sparti
3137 2796 3288 2851 inter
3318 2795 3546 2850 Graecos
3575 2794 3728 2850 cele-

2083 2884 2342 2952 berrimi,
2378 2902 2521 2956 quos
2553 2885 2751 2940 fabula
2797 2903 2826 2940 e
2875 2891 3029 2940 terra
3073 2889 3385 2957 prognatos
3413 2883 3587 2950 dicit;
3624 2885 3722 2938 sed

2084 2975 2267 3029 avulsi
2299 2992 2329 3029 a
2363 2975 2550 3046 patria
2577 2975 2633 3028 in
2670 2979 2931 3029 nostram
2966 2975 3256 3047 regionem
3292 2971 3728 3044 transplantati,

2083 3063 2309 3117 fructus
2341 3061 2602 3118 tulerunt
2627 3062 2935 3118 salutares.

312 3165 521 3221 ρωσαν,
565 3146 666 3226 ,καὶ
742 3147 963 3223 εἱρμῷο
1025 3146 1430 3218 συνεπλάκησαν
1518 3149 1661 3224 βίου,
1717 3149 1804 3203 καὶ
1881 3146 2121 3226 δαδοχᾶς
2179 3147 2499 3220 ἐπλήθυναν,
2556 3150 2642 3204 καὶ
2700 3151 2797 3219 τήν
2858 3147 3146 3225 βασιλικὴν
3207 3149 3519 3225 προσθήκην
3579 3146 3732 3202 ἐθαυ-

315 3223 627 3308 μάστωσαῖι,
687 3234 748 3290 οὐ
805 3235 940 3291 κατὰ
1002 3235 1130 3297 τοὺς
1191 3235 1472 3311 Σπαρτοὺς
1531 3235 1819 3316 ἀναφύντες
1876 3237 2197 3312 αὐτόματοι,
2260 3239 2348 3317 ἀφ’
2402 3242 2467 3308 ἧς
2522 3236 2579 3294 δὲ
2637 3239 3050 3313 ἐξεσπάσθησαν,
3109 3239 3586 3316 μεταφυτευθέντες
3651 3235 3726 3297 εἰς

307 3321 410 3392 τήν
437 3323 556 3378 καθ’
581 3324 730 3397 ἡμᾶς
757 3329 880 3401 γῆν,
911 3321 1000 3378 καὶ
1031 3323 1235 3399 καρπὸν
1269 3320 1627 3388 ὲκδεδωκότες
1656 3324 1947 3403 τρόφιμον.

390 3630 474 3685 ιθ’.
525 3629 602 3686 Τὸ
679 3627 736 3684 δὲ
792 3631 1123 3705 καινότερον,
1183 3628 1275 3684 καὶ
1343 3625 1541 3705 ἄνδρας
1601 3628 1808 3683 τούτων
1885 3627 1962 3685 ἔτι
1996 3635 2038 3703 C

310 3714 539 3777 πλείους
598 3715 657 3770 ἐκ
739 3716 866 3790 πρὶν
942 3715 1263 3791 ἀρχεκάκων
1356 3715 1666 3790 μεταγαγὼν
1753 3715 1967 3789 ἀμύνης

316 3802 470 3880 λόγῳ
529 3804 614 3860 ἐπὶ
656 3805 724 3859 τὰ
765 3805 1064 3878 Ῥωμαϊκὰ,
1109 3809 1190 3877 τῷ
1238 3803 1456 3863 ἐκείνων
1504 3803 1682 3879 ἀγρίῳ
1732 3805 1794 3858 τὸ
1850 3807 1971 3869 καθ’

312 3895 463 3966 ἡμᾶς
503 3893 709 3970 ἥμερον
759 3892 1134 3969 ἐνεκὲντρισεν,
1166 3893 1257 3948 καὶ
1303 3892 1379 3956 εἷς
1427 3893 1782 3969 χρηστότητα
1841 3914 1968 3968 μετ-

315 3983 590 4053 εποίησεν,
637 3984 702 4052 ἣν
755 3985 898 4044 θεῖος
944 3979 1004 4036 ἃν
1068 3979 1394 4058 παράδεισος
1447 3981 1819 4053 οἷκειώσηται.
1867 3984 1965 4038 Καὶ

311 4071 374 4127 οὐ
400 4071 543 4146 λέγω
579 4067 777 4144 μὸνους
805 4071 932 4135 τοὺς
961 4071 1018 4126 ἐκ
1062 4078 1162 4142 τῆς
1190 4072 1414 4147 χέρσου,
1445 4070 1574 4133 τοὺς
1624 4078 1725 4141 τῆς
1767 4073 1967 4148 Ἀγαρ,

305 4162 372 4216 τὸ
432 4162 717 4230 Σκυθικὸν,
746 4162 810 4216 τὸ
871 4161 1185 4229 ἰΙαιονικὸν,
1231 4160 1358 4226 τοὺς
1409 4161 1539 4235 ὑπὲρ
1591 4162 1820 4238 Ἵστρον,
1876 4161 1967 4216 καὶ

307 4251 460 4314 ὅσοις
524 4252 822 4332 ἀκραιφνὴς
885 4252 1086 4330 βοῤῥᾶς
1138 4252 1390 4308 ἔπιπνεῖσ
1440 4251 1586 4308 ἀλλὰ
1649 4251 1737 4307 καὶ
1806 4251 1966 4315 ὅσους

307 4341 371 4397 ἐκ
422 4342 696 4413 θαλάσσης
754 4339 1126 4418 πολυτρόπως
1184 4341 1555 4418 ἠγκίστρευσε.
1614 4342 1713 4396 Καὶ
1785 4363 1969 4397 συντε-

309 4428 472 4485 λοῦσι
513 4429 601 4485 καὶ
646 4429 798 4485 αὐτοὶ
843 4436 963 4492 ταῖς
1006 4433 1302 4507 ἡμετέραις
1348 4429 1570 4486 πόλεσιν
1629 4430 1705 4495 εἴς
1753 4431 1972 4502 οἰκήτο-

311 4540 430 4597 ρας.
465 4519 564 4574 Καὶ
622 4517 764 4575 ἔστιν
817 4518 1042 4575 ἐνταῦθα
1085 4518 1445 4576 πολλαπλοῦν
1494 4521 1557 4575 τὸ
1597 4521 1790 4594 σεμνὸν
1824 4519 1966 4598 ἤπερ

306 4610 376 4665 τὸ
428 4609 518 4664 ἐπὶ
564 4609 783 4685 Μάγνου
838 4608 1134 4683 Πομπηΐου
1180 4608 1694 4685 καθιστορούμενον,
1743 4610 1801 4672 ὃς
1851 4609 1967 4665 ἐπι-

310 4697 610 4772 λεξάμενος
669 4697 832 4754 πόλιν
894 4698 1055 4771 ἑῴαν,
1107 4697 1278 4754 ἐκεῖσε
1335 4699 1461 4762 τοὺς
1515 4697 1802 4775 περισσοὺς
1858 4703 1966 4754 τῶν

308 4792 586 4863 πειρατῶν
634 4787 1131 4861 συνῴκισεν,δσους
1191 4785 1324 4857 δεῖν,
1375 4786 1556 4866 φασὶν,
1615 4783 1750 4862 ἔγνω
1797 4808 1970 4858 σωτη-

310 4877 433 4953 ρίας
464 4878 730 4950 ἠξιῶσθαι
787 4876 879 4932 καὶ
933 4876 1192 4952 προνοίας
1235 4876 1407 4939 τινός.
1439 4875 1503 4931 Εἰ
1554 4880 1681 4952 γοῦν
1723 4876 1967 4952 ἱστορίας

306 4966 458 5036 ἄξιον
508 4967 572 5021 τὸ
637 4971 764 5038 μιᾶς
819 4965 1038 5028 πόλεως
1093 4965 1431 5042 ἀγαθὸν,τίς
1464 4965 1564 5020 οὐκ
1610 4965 1670 5020 ἂν
1730 4967 1967 5042 συγγρά-

303 5058 472 5129 ψαιτο
502 5056 564 5110 τὸ
595 5054 886 5132 πολύχουν
915 5056 1004 5111 καὶ
1051 5053 1292 5119 πολλαῖς
1341 5054 1686 5131 ἐπιμερισθὶν
1737 5053 1960 5125 πόλεσις

307 5143 379 5201 Τί
416 5145 493 5218 μή
527 5142 676 5220 λέγω
717 5144 780 5199 τὸ
835 5149 1043 5217 μεῖζον,
1076 5145 1149 5206 ὡς
1201 5141 1427 5218 οὐδεμία
1472 5148 1581 5200 τῶν
1635 5147 1737 5208 τῆς
1785 5142 1965 5198 οἷ’κου-

312 5234 484 5305 μένης
545 5231 760 5288 πόλεων
816 5231 1165 5308 ἀνοργίαστος
1210 5237 1309 5288 τοῦ
1363 5240 1464 5303 τῆς
1522 5230 1966 5308 Μεγαλοπόλεως

304 5322 581 5395 ἐξέπιπτεν
634 5319 856 5397 ἔρωτος,
904 5325 1001 5376 τοῦ
1060 5320 1235 5378 καλοῦ
1290 5320 1560 5398 βασιλέως
1602 5320 1810 5376 ἐκείνου
1866 5322 1962 5383 τὰς

307 5411 603 5491 φιλητικᾶς
651 5410 970 5489 ἐπαφιὲντος
1026 5413 1256 5475 ἁπάσαις
1309 5410 1544 5489 ’ίυγγας;
1578 5411 1680 5467 Καὶ
1735 5410 1801 5480 ἧν
1849 5409 1964 5481 ἐκᾴ-

309 5521 412 5576 στῃ
445 5499 670 5576 φίλτρον
722 5498 1094 5576 ἐγκαθήμενον
1145 5496 1511 5577 ὑπερϐάλλον,
1547 5498 1704 5554 ποίαν
1744 5499 1771 5552 ὁ
1804 5497 1962 5553 αὐτο-

306 5591 530 5667 κράτωρ
586 5593 695 5644 τῶν
754 5586 971 5644 πόλεων
1029 5588 1243 5666 στέρξας
1293 5589 1369 5654 εἷς
1399 5588 1736 5667 φιλουμὲνην
1769 5586 1961 5664 ἐγγρά-

1995 5016 2044 5082 D

2150 3633 2234 3688 19,
2271 3634 2577 3705 Interjecto
2608 3634 2819 3690 deinde
2848 3638 3110 3706 tempore
3141 3634 3298 3688 vivos
3331 3632 3528 3705 plures
3558 3650 3628 3690 ex
3648 3634 3724 3690 iis

2079 3721 2177 3792 qui
2210 3723 2370 3792 prius
2399 3723 2601 3779 hostes
2631 3725 2859 3778 inerant
2888 3723 3157 3778 vindictae
3179 3739 3356 3778 causa
3385 3727 3585 3778 contra
3614 3724 3723 3779 Ro-

2077 3827 2256 3866 mreos
2287 3811 2453 3866 duxit
2483 3817 2540 3867 et
2571 3828 2770 3868 eorum
2797 3812 3152 3868 ferocitatem
3176 3813 3234 3866 in
3257 3829 3382 3867 eam
3410 3828 3585 3883 quam
3617 3829 3724 3868 nos

2077 3916 2435 3972 exercemus,
2495 3901 3006 3957 mansuetudinem
3074 3901 3478 3971 commutavit,
3531 3905 3588 3956 et
3640 3900 3724 3956 sic

2077 3995 2294 4045 terram
2329 3995 2588 4046 nostram
2649 3991 2708 4046 in
2770 3991 3112 4063 paradisum
3161 3991 3621 4046 transformavit.
3655 3991 3725 4045 Et

2077 4095 2192 4134 non
2225 4079 2383 4135 solos
2432 4079 2790 4135 continentis
2848 4079 3120 4134 homines
3150 4079 3411 4146 nomino,
3457 4083 3725 4151 posteros

2075 4170 2248 4240 Agar,
2282 4168 2548 4240 Scythas,
2577 4169 2740 4224 Ponti
2772 4168 3014 4235 incolas,
3048 4168 3176 4225 Istri
3211 4169 3461 4239 accolas,
3494 4173 3552 4224 et
3591 4169 3725 4241 qui-

2075 4256 2188 4311 bus
2211 4257 2421 4312 Boreas
2453 4257 2702 4329 frigidus
2753 4258 2958 4328 spirat,
3009 4258 3111 4313 sed
3168 4272 3372 4313 omnes
3404 4256 3615 4312 Oceani
3642 4256 3724 4327 pi-

2076 4350 2352 4411 scatores,
2385 4345 2482 4417 qui
2518 4345 2797 4417 paulatim
2826 4346 2997 4400 urbes
3029 4362 3261 4418 quoque
3295 4351 3528 4401 nostras
3562 4345 3723 4400 inco-

2075 4432 2194 4489 lere
2217 4440 2537 4507 coeperunt.
2597 4435 2850 4490 Historia
2899 4435 3088 4489 multa
3143 4435 3404 4506 quidem,
3437 4434 3539 4489 sed
3572 4434 3725 4487 inter

2076 4523 2191 4577 alia
2220 4523 2277 4578 id
2310 4540 2544 4596 quoque
2594 4524 2788 4587 refert,
2823 4524 3164 4594 Pompeium
3210 4527 3483 4595 Magnum
3520 4521 3722 4576 urbem

2075 4611 2427 4667 Orientalem
2463 4613 2669 4684 piratis
2692 4629 2838 4684 quos
2869 4628 2935 4667 eo
2965 4612 3242 4667 beneficio
3264 4613 3472 4682 dignos
3495 4609 3722 4680 habuit,

2075 4699 2444 4756 incolendam
2505 4702 2839 4756 tradidisse.
2901 4701 3063 4764 Quod
3124 4700 3173 4756 si
3241 4700 3487 4756 historia
3545 4699 3722 4754 unius

2078 4789 2240 4844 urbis
2271 4788 2487 4844 bonam
2534 4790 2684 4844 hanc
2732 4789 3025 4845 fortunam
3071 4805 3394 4845 memorare
3424 4789 3720 4860 dignatur,

2076 4879 2208 4949 quis
2248 4895 2360 4934 non
2416 4895 2560 4944 rem,
2620 4894 2792 4948 quam
2855 4879 3054 4933 multa:
3111 4879 3287 4934 urbes
3345 4877 3721 4950 participant,

2076 4966 2263 5022 relatu
2312 4968 2553 5038 dignam
2595 4967 2932 5038 putaverit?
2978 4968 3316 5024 Addiderim
3348 4968 3523 5024 etiam
3566 4967 3721 5039 quod

2073 5055 2239 5112 nulla
2294 5059 2460 5113 terrae
2535 5055 2741 5112 civitas
2800 5073 2914 5112 non
2984 5056 3213 5113 initiata
3272 5073 3501 5129 magnaa
3559 5056 3722 5111 urbis

2075 5162 2334 5201 amorem
2351 5145 2604 5216 perdidit
2625 5145 2735 5200 sub
2757 5161 2934 5217 regno
2952 5144 3724 5216 imperatoris,blandissimi

2072 5232 2887 5307 gubernatoris.Unaqua3que
2919 5235 3135 5290 amoris
3159 5234 3511 5290 incentivam
3549 5232 3722 5287 habe-

2072 5324 2191 5393 bat,
2222 5339 2401 5394 quam
2434 5323 2754 5394 imperator
2783 5339 2852 5377 ex
2882 5325 3106 5394 caeteris
3155 5325 3402 5379 urbibus
3433 5321 3545 5377 sibi
3577 5320 3721 5376 dilc-

2073 5419 2227 5468 ctam
2260 5413 2560 5484 professus
2592 5416 2719 5478 est;
2754 5427 2958 5468 omnes
2987 5418 3277 5477 autem,ut
3306 5411 3654 5468 suburbium
3689 5426 3722 5465 a

2073 5517 2286 5573 magna
2313 5501 2567 5571 civitate,
2601 5505 2820 5556 caterua
2850 5519 2884 5557 a
2914 5507 3114 5558 nostra
3144 5502 3499 5574 pendebant,
3531 5499 3613 5554 ita
3633 5502 3718 5553 ta-

2074 5606 2208 5645 men
2242 5594 2303 5645 ut
2332 5590 2683 5657 subsistant,
2715 5594 2915 5646 nostra
2962 5599 3156 5646 autem
3214 5591 3386 5647 hodie
3426 5590 3723 5646 destructa

309 5683 490 5758 ψεται.
549 5678 646 5734 Καὶ
702 5679 799 5735 ὅσα
845 5676 936 5733 καὶ
1017 5677 1412 5756 μητροπόλεως
1478 5673 1806 5756 περιοικίδες
1861 5683 1962 5748 τῆς

2084 5679 2278 5749 iaceat,
2312 5681 2368 5734 et
2388 5694 2639 5751 quorum
2671 5678 2835 5735 nulla
2863 5695 3018 5737 nunc
3047 5679 3294 5754 vestigia
3322 5682 3647 5737 remanent.
