  <div class='ocr_page' id='page_1' title='image "/cluster/home/n/w/nwhite01/storage/ocr_20150623/135/hvd.32044073502528/499.png"; bbox 0 0 4136 6210; ppageno 0'>
   <div class='ocr_carea' id='block_1_1' title="bbox 320 236 3830 302">
    <p class='ocr_par' dir='ltr' id='par_1_1' title="bbox 320 236 3830 302">
     <span class='ocr_line' id='line_1_1' title="bbox 320 236 3830 302; baseline 0.001 -4"><span class='ocrx_word' id='word_1_1' title='bbox 320 236 445 298; x_wconf 77' lang='lat'>987</span> <span class='ocrx_word' id='word_1_2' title='bbox 1145 239 1562 302; x_wconf 83' lang='lat' dir='ltr'><strong>EUSTATHll</strong></span> <span class='ocrx_word' id='word_1_3' title='bbox 1603 239 2368 302; x_wconf 81' lang='lat' dir='ltr'>THESSALONICENSIS</span> <span class='ocrx_word' id='word_1_4' title='bbox 2413 237 3005 300; x_wconf 69' lang='lat' dir='ltr'>ME’I‘ROPOLITE</span> <span class='ocrx_word' id='word_1_5' title='bbox 3698 238 3830 301; x_wconf 82' lang='lat'>988</span> 
     </span>
    </p>
   </div>
   <div class='ocr_carea' id='block_1_2' title="bbox 330 366 3828 447">
    <p class='ocr_par' dir='ltr' id='par_1_2' title="bbox 330 366 3828 447">
     <span class='ocr_line' id='line_1_2' title="bbox 330 366 3828 447; baseline 0 -25"><span class='ocrx_word' id='word_1_6' title='bbox 330 369 458 423; x_wconf 80' lang='grc' dir='ltr'>καθ’</span> <span class='ocrx_word' id='word_1_7' title='bbox 527 373 695 444; x_wconf 79' lang='grc' dir='ltr'>ἡμᾶς</span> <span class='ocrx_word' id='word_1_8' title='bbox 745 371 1032 446; x_wconf 74' lang='grc' dir='ltr'>ἐξήρτηντο</span> <span class='ocrx_word' id='word_1_9' title='bbox 1092 372 1308 426; x_wconf 75' lang='grc' dir='ltr'>ἅπασαι.</span> <span class='ocrx_word' id='word_1_10' title='bbox 1364 368 1459 424; x_wconf 77' lang='grc' dir='ltr'>Καὶ</span> <span class='ocrx_word' id='word_1_11' title='bbox 1533 376 1858 445; x_wconf 74' lang='grc' dir='ltr'>περχθῆναι</span> <span class='ocrx_word' id='word_1_12' title='bbox 1938 368 1996 426; x_wconf 80' lang='grc' dir='ltr'>δὶ</span> <span class='ocrx_word' id='word_1_13' title='bbox 2079 369 2224 428; x_wconf 74' lang='grc' dir='ltr'>ἀλλὰ</span> <span class='ocrx_word' id='word_1_14' title='bbox 2305 375 2472 426; x_wconf 80' lang='grc' dir='ltr'>τοῦτο</span> <span class='ocrx_word' id='word_1_15' title='bbox 2555 370 3023 439; x_wconf 79' lang='grc' dir='ltr'>ἀνασκευασθῆναι</span> <span class='ocrx_word' id='word_1_16' title='bbox 3109 369 3200 424; x_wconf 83' lang='grc' dir='ltr'>καὶ</span> <span class='ocrx_word' id='word_1_17' title='bbox 3282 369 3678 447; x_wconf 76' lang='grc' dir='ltr'>ἀφαντωθῆναι</span> <span class='ocrx_word' id='word_1_18' title='bbox 3764 366 3828 423; x_wconf 84' lang='grc' dir='ltr'>ἐκ</span> 
     </span>
    </p>
   </div>
   <div class='ocr_carea' id='block_1_3' title="bbox 343 477 483 532">
    <p class='ocr_par' dir='ltr' id='par_1_3' title="bbox 343 477 483 532">
     <span class='ocr_line' id='line_1_3' title="bbox 343 477 483 532; baseline -0.014 -10"><span class='ocrx_word' id='word_1_19' title='bbox 343 477 483 532; x_wconf 78' lang='grc' dir='ltr'>γης.</span> 
     </span>
    </p>
   </div>
   <div class='ocr_carea' id='block_1_4' title="bbox 425 653 2058 734">
    <p class='ocr_par' dir='ltr' id='par_1_4' title="bbox 425 657 2058 731">
     <span class='ocr_line' id='line_1_4' title="bbox 425 657 2058 731; baseline 0.001 -18"><span class='ocrx_word' id='word_1_20' title='bbox 425 659 529 713; x_wconf 81' lang='lat'>20.</span> <span class='ocrx_word' id='word_1_21' title='bbox 571 661 636 714; x_wconf 93' lang='lat' dir='ltr'><strong>In</strong></span> <span class='ocrx_word' id='word_1_22' title='bbox 669 657 976 731; x_wconf 80' lang='lat' dir='ltr'>permultis</span> <span class='ocrx_word' id='word_1_23' title='bbox 1005 674 1130 729; x_wconf 67' lang='lat' dir='ltr'><strong>qua:</strong></span> <span class='ocrx_word' id='word_1_24' title='bbox 1161 658 1477 730; x_wconf 79' lang='lat' dir='ltr'>imperator</span> <span class='ocrx_word' id='word_1_25' title='bbox 1506 658 1844 715; x_wconf 81' lang='lat' dir='ltr'>convocavit</span> <span class='ocrx_word' id='word_1_26' title='bbox 1881 676 2021 714; x_wconf 89' lang='lat' dir='ltr'><strong>con-</strong></span> <span class='ocrx_word' id='word_1_27' title='bbox 2052 715 2058 727; x_wconf 31' lang='grc' dir='ltr'><em>Α</em></span> 
     </span>
    </p>
   </div>
   <div class='ocr_carea' id='block_1_5' title="bbox 2174 653 3826 734">
    <p class='ocr_par' dir='ltr' id='par_1_5' title="bbox 2203 653 3826 734">
     <span class='ocr_line' id='line_1_5' title="bbox 2203 653 3826 734; baseline 0 -21"><span class='ocrx_word' id='word_1_28' title='bbox 2203 661 2268 716; x_wconf 84' lang='grc' dir='ltr'>κ’.</span> <span class='ocrx_word' id='word_1_29' title='bbox 2303 661 2402 715; x_wconf 86' lang='grc' dir='ltr'>Ἢν</span> <span class='ocrx_word' id='word_1_30' title='bbox 2464 656 2553 713; x_wconf 79' lang='grc' dir='ltr'>οὖν</span> <span class='ocrx_word' id='word_1_31' title='bbox 2614 657 2665 712; x_wconf 86' lang='grc' dir='ltr'>ἐν</span> <span class='ocrx_word' id='word_1_32' title='bbox 2721 656 2945 732; x_wconf 76' lang='grc' dir='ltr'>μυρίαις</span> <span class='ocrx_word' id='word_1_33' title='bbox 2967 678 3079 712; x_wconf 89' lang='grc' dir='ltr'>των</span> <span class='ocrx_word' id='word_1_34' title='bbox 3110 653 3379 726; x_wconf 78' lang='grc' dir='ltr'>συνόδων,</span> <span class='ocrx_word' id='word_1_35' title='bbox 3413 657 3547 720; x_wconf 80' lang='grc' dir='ltr'>ὅσας</span> <span class='ocrx_word' id='word_1_36' title='bbox 3609 658 3826 734; x_wconf 81' lang='grc' dir='ltr'>ἀγείρει</span> 
     </span>
    </p>
   </div>
   <div class='ocr_carea' id='block_1_6' title="bbox 363 741 2058 822">
    <p class='ocr_par' dir='ltr' id='par_1_6' title="bbox 363 746 2022 820">
     <span class='ocr_line' id='line_1_6' title="bbox 363 746 2022 820; baseline 0 -16"><span class='ocrx_word' id='word_1_37' title='bbox 363 746 550 814; x_wconf 80' lang='lat' dir='ltr'>ciliis,</span> <span class='ocrx_word' id='word_1_38' title='bbox 583 746 807 820; x_wconf 75' lang='lat' dir='ltr'>legatos</span> <span class='ocrx_word' id='word_1_39' title='bbox 830 746 1024 802; x_wconf 90' lang='lat' dir='ltr'><strong>videre</strong></span> <span class='ocrx_word' id='word_1_40' title='bbox 1048 751 1279 818; x_wconf 89' lang='lat' dir='ltr'><strong>poteras</strong></span> <span class='ocrx_word' id='word_1_41' title='bbox 1311 763 1423 802; x_wconf 90' lang='lat' dir='ltr'>non</span> <span class='ocrx_word' id='word_1_42' title='bbox 1457 747 1660 815; x_wconf 86' lang='lat' dir='ltr'><strong>denos,</strong></span> <span class='ocrx_word' id='word_1_43' title='bbox 1689 748 1790 804; x_wconf 91' lang='lat' dir='ltr'>sed</span> <span class='ocrx_word' id='word_1_44' title='bbox 1819 748 2022 804; x_wconf 89' lang='lat' dir='ltr'><strong>multi-</strong></span> 
     </span>
    </p>
   </div>
   <div class='ocr_carea' id='block_1_7' title="bbox 2174 741 3827 822">
    <p class='ocr_par' dir='ltr' id='par_1_7' title="bbox 2174 741 3827 822">
     <span class='ocr_line' id='line_1_7' title="bbox 2174 741 3827 822; baseline -0.002 -19"><span class='ocrx_word' id='word_1_45' title='bbox 2174 749 2193 803; x_wconf 73' lang='lat'><strong>5</strong></span> <span class='ocrx_word' id='word_1_46' title='bbox 2229 748 2528 822; x_wconf 69' lang='grc' dir='ltr'>βασίλειον,</span> <span class='ocrx_word' id='word_1_47' title='bbox 2557 741 2815 822; x_wconf 89' lang='grc' dir='ltr'>πρέσϐεις</span> <span class='ocrx_word' id='word_1_48' title='bbox 2843 749 2973 820; x_wconf 78' lang='grc' dir='ltr'>ὁρᾷν</span> <span class='ocrx_word' id='word_1_49' title='bbox 3009 746 3071 800; x_wconf 82' lang='grc' dir='ltr'>ού</span> <span class='ocrx_word' id='word_1_50' title='bbox 3102 747 3244 801; x_wconf 82' lang='grc' dir='ltr'>κατᾶ</span> <span class='ocrx_word' id='word_1_51' title='bbox 3289 744 3518 808; x_wconf 78' lang='grc' dir='ltr'>δεκάδας</span> <span class='ocrx_word' id='word_1_52' title='bbox 3588 747 3827 820; x_wconf 80' lang='grc' dir='ltr'>μετρίας</span> 
     </span>
    </p>
   </div>
   <div class='ocr_carea' id='block_1_8' title="bbox 364 834 2058 912">
    <p class='ocr_par' dir='ltr' id='par_1_8' title="bbox 364 835 2023 908">
     <span class='ocr_line' id='line_1_8' title="bbox 364 835 2023 908; baseline -0.001 -15"><span class='ocrx_word' id='word_1_53' title='bbox 364 835 644 893; x_wconf 80' lang='lat' dir='ltr'>tudinem</span> <span class='ocrx_word' id='word_1_54' title='bbox 668 835 1057 906; x_wconf 86' lang='lat' dir='ltr'><strong>undequaque</strong></span> <span class='ocrx_word' id='word_1_55' title='bbox 1078 835 1191 890; x_wconf 88' lang='lat' dir='ltr'>huc</span> <span class='ocrx_word' id='word_1_56' title='bbox 1210 835 1640 890; x_wconf 90' lang='lat' dir='ltr'><strong>accurrentium</strong></span> <span class='ocrx_word' id='word_1_57' title='bbox 1659 840 1939 908; x_wconf 89' lang='lat' dir='ltr'><strong>tanquam</strong></span> <span class='ocrx_word' id='word_1_58' title='bbox 1965 837 2023 892; x_wconf 92' lang='lat' dir='ltr'>in</span> 
     </span>
    </p>
   </div>
   <div class='ocr_carea' id='block_1_9' title="bbox 2174 834 3827 912">
    <p class='ocr_par' dir='ltr' id='par_1_9' title="bbox 2174 834 3827 912">
     <span class='ocr_line' id='line_1_9' title="bbox 2174 834 3827 912; baseline 0 -22"><span class='ocrx_word' id='word_1_59' title='bbox 2174 836 2278 897; x_wconf 72' lang='grc' dir='ltr'>ινᾶς</span> <span class='ocrx_word' id='word_1_60' title='bbox 2338 835 2398 890; x_wconf 80' lang='grc' dir='ltr'>ἐκ</span> <span class='ocrx_word' id='word_1_61' title='bbox 2443 839 2552 890; x_wconf 79' lang='grc' dir='ltr'>τῶν</span> <span class='ocrx_word' id='word_1_62' title='bbox 2600 837 2909 910; x_wconf 68' lang='grc' dir='ltr'>ἑκασταχοῦ</span> <span class='ocrx_word' id='word_1_63' title='bbox 2939 840 3146 910; x_wconf 84' lang='grc' dir='ltr'>χωρῶν</span> <span class='ocrx_word' id='word_1_64' title='bbox 3193 835 3520 912; x_wconf 67' lang='grc' dir='ltr'>συρρέοντας</span> <span class='ocrx_word' id='word_1_65' title='bbox 3581 834 3827 890; x_wconf 69' lang='grc' dir='ltr'>ἐνταῦθα</span> 
     </span>
    </p>
   </div>
   <div class='ocr_carea' id='block_1_10' title="bbox 373 920 2058 999">
    <p class='ocr_par' dir='ltr' id='par_1_10' title="bbox 373 924 2027 997">
     <span class='ocr_line' id='line_1_10' title="bbox 373 924 2027 997; baseline 0.001 -17"><span class='ocrx_word' id='word_1_66' title='bbox 373 924 680 997; x_wconf 79' lang='lat' dir='ltr'>regionem</span> <span class='ocrx_word' id='word_1_67' title='bbox 712 929 1178 995; x_wconf 90' lang='lat' dir='ltr'><strong>communem,ut</strong></span> <span class='ocrx_word' id='word_1_68' title='bbox 1209 928 1466 996; x_wconf 86' lang='lat' dir='ltr'><strong>systema</strong></span> <span class='ocrx_word' id='word_1_69' title='bbox 1495 925 1770 981; x_wconf 69' lang='lat' dir='ltr'><strong>doctrinae</strong></span> <span class='ocrx_word' id='word_1_70' title='bbox 1803 926 2027 981; x_wconf 69' lang='lat' dir='ltr'><strong>caeteris</strong></span> 
     </span>
    </p>
   </div>
   <div class='ocr_carea' id='block_1_11' title="bbox 2174 920 3825 999">
    <p class='ocr_par' dir='ltr' id='par_1_11' title="bbox 2174 920 3825 999">
     <span class='ocr_line' id='line_1_11' title="bbox 2174 920 3825 999; baseline 0.002 -24"><span class='ocrx_word' id='word_1_71' title='bbox 2174 945 2211 985; x_wconf 70' lang='grc' dir='ltr'>ις</span> <span class='ocrx_word' id='word_1_72' title='bbox 2267 923 2341 984; x_wconf 74' lang='grc' dir='ltr'>εἷς</span> <span class='ocrx_word' id='word_1_73' title='bbox 2396 920 2600 999; x_wconf 86' lang='grc' dir='ltr'>δεχάδα</span> <span class='ocrx_word' id='word_1_74' title='bbox 2650 925 2866 992; x_wconf 74' lang='grc' dir='ltr'>κοινὴν,</span> <span class='ocrx_word' id='word_1_75' title='bbox 2897 924 2987 978; x_wconf 77' lang='grc' dir='ltr'>καὶ</span> <span class='ocrx_word' id='word_1_76' title='bbox 3049 923 3304 996; x_wconf 84' lang='grc' dir='ltr'>σύστημα</span> <span class='ocrx_word' id='word_1_77' title='bbox 3349 929 3654 986; x_wconf 81' lang='grc' dir='ltr'>ποιοῦντας</span> <span class='ocrx_word' id='word_1_78' title='bbox 3689 925 3825 978; x_wconf 69' lang='grc' dir='ltr'>ἑαυ-</span> 
     </span>
    </p>
   </div>
   <div class='ocr_carea' id='block_1_12' title="bbox 373 1013 2028 1087">
    <p class='ocr_par' dir='ltr' id='par_1_12' title="bbox 373 1013 2028 1087">
     <span class='ocr_line' id='line_1_12' title="bbox 373 1013 2028 1087; baseline 0.001 -19"><span class='ocrx_word' id='word_1_79' title='bbox 373 1013 965 1087; x_wconf 88' lang='lat' dir='ltr'><strong>proponerent.Vidit</strong></span> <span class='ocrx_word' id='word_1_80' title='bbox 995 1013 1178 1085; x_wconf 78' lang='lat' dir='ltr'>igitur</span> <span class='ocrx_word' id='word_1_81' title='bbox 1207 1031 1421 1085; x_wconf 88' lang='lat' dir='ltr'><strong>magna</strong></span> <span class='ocrx_word' id='word_1_82' title='bbox 1452 1013 1573 1070; x_wconf 67' lang='lat' dir='ltr'><strong>huic</strong></span> <span class='ocrx_word' id='word_1_83' title='bbox 1604 1016 1744 1070; x_wconf 90' lang='lat' dir='ltr'><strong>urbs</strong></span> <span class='ocrx_word' id='word_1_84' title='bbox 1765 1015 2028 1086; x_wconf 81' lang='lat' dir='ltr'>hospites</span> 
     </span>
    </p>
   </div>
   <div class='ocr_carea' id='block_1_13' title="bbox 373 1101 2026 1174">
    <p class='ocr_par' dir='ltr' id='par_1_13' title="bbox 373 1101 2026 1174">
     <span class='ocr_line' id='line_1_13' title="bbox 373 1101 2026 1174; baseline 0 -16"><span class='ocrx_word' id='word_1_85' title='bbox 373 1105 887 1173; x_wconf 86' lang='lat' dir='ltr'><strong>exteros,quorum</strong></span> <span class='ocrx_word' id='word_1_86' title='bbox 921 1117 1094 1157; x_wconf 90' lang='lat' dir='ltr'><strong>nemo</strong></span> <span class='ocrx_word' id='word_1_87' title='bbox 1116 1117 1146 1157; x_wconf 89' lang='lat' dir='ltr'>e</span> <span class='ocrx_word' id='word_1_88' title='bbox 1177 1101 1396 1157; x_wconf 89' lang='lat' dir='ltr'><strong>nostris</strong></span> <span class='ocrx_word' id='word_1_89' title='bbox 1427 1117 1499 1157; x_wconf 91' lang='lat' dir='ltr'>ne</span> <span class='ocrx_word' id='word_1_90' title='bbox 1523 1103 1760 1158; x_wconf 87' lang='lat' dir='ltr'><strong>nomina</strong></span> <span class='ocrx_word' id='word_1_91' title='bbox 1790 1104 2026 1174; x_wconf 86' lang='lat' dir='ltr'><strong>quidem</strong></span> 
     </span>
    </p>
   </div>
   <div class='ocr_carea' id='block_1_14' title="bbox 375 1189 2033 1264">
    <p class='ocr_par' dir='ltr' id='par_1_14' title="bbox 375 1189 2033 1264">
     <span class='ocr_line' id='line_1_14' title="bbox 375 1189 2033 1264; baseline -0.001 -17"><span class='ocrx_word' id='word_1_92' title='bbox 375 1193 618 1247; x_wconf 90' lang='lat' dir='ltr'><strong>noverat</strong></span> <span class='ocrx_word' id='word_1_93' title='bbox 643 1208 656 1257; x_wconf 91' lang='lat'><strong>;</strong></span> <span class='ocrx_word' id='word_1_94' title='bbox 689 1189 929 1245; x_wconf 79' lang='lat' dir='ltr'><strong>difﬁcile</strong></span> <span class='ocrx_word' id='word_1_95' title='bbox 961 1207 1211 1260; x_wconf 89' lang='lat' dir='ltr'><strong>namque</strong></span> <span class='ocrx_word' id='word_1_96' title='bbox 1238 1195 1362 1246; x_wconf 87' lang='lat' dir='ltr'><strong>erat</strong></span> <span class='ocrx_word' id='word_1_97' title='bbox 1387 1190 1575 1246; x_wconf 91' lang='lat' dir='ltr'><strong>virum</strong></span> <span class='ocrx_word' id='word_1_98' title='bbox 1605 1192 1926 1264; x_wconf 89' lang='lat' dir='ltr'><strong>bilinguem</strong></span> <span class='ocrx_word' id='word_1_99' title='bbox 1949 1192 2033 1246; x_wconf 92' lang='lat' dir='ltr'>in-</span> 
     </span>
    </p>
   </div>
   <div class='ocr_carea' id='block_1_15' title="bbox 375 1278 2030 1352">
    <p class='ocr_par' dir='ltr' id='par_1_15' title="bbox 375 1278 2030 1352">
     <span class='ocr_line' id='line_1_15' title="bbox 375 1278 2030 1352; baseline 0 -17"><span class='ocrx_word' id='word_1_100' title='bbox 375 1279 597 1347; x_wconf 87' lang='lat' dir='ltr'><strong>venire,</strong></span> <span class='ocrx_word' id='word_1_101' title='bbox 631 1279 731 1350; x_wconf 89' lang='lat' dir='ltr'><strong>qui</strong></span> <span class='ocrx_word' id='word_1_102' title='bbox 763 1295 831 1334; x_wconf 88' lang='lat' dir='ltr'>ex</span> <span class='ocrx_word' id='word_1_103' title='bbox 861 1278 1124 1350; x_wconf 89' lang='lat' dir='ltr'><strong>ipsorum</strong></span> <span class='ocrx_word' id='word_1_104' title='bbox 1155 1279 1358 1352; x_wconf 79' lang='lat' dir='ltr'>lingua</span> <span class='ocrx_word' id='word_1_105' title='bbox 1383 1281 1441 1335; x_wconf 92' lang='lat' dir='ltr'>in</span> <span class='ocrx_word' id='word_1_106' title='bbox 1475 1285 1733 1336; x_wconf 83' lang='lat' dir='ltr'><strong>nostram</strong></span> <span class='ocrx_word' id='word_1_107' title='bbox 1765 1282 2030 1336; x_wconf 88' lang='lat' dir='ltr'><strong>traduce-</strong></span> 
     </span>
    </p>
   </div>
   <div class='ocr_carea' id='block_1_16' title="bbox 378 1367 2031 1441">
    <p class='ocr_par' dir='ltr' id='par_1_16' title="bbox 378 1367 2031 1441">
     <span class='ocr_line' id='line_1_16' title="bbox 378 1367 2031 1441; baseline 0 -16"><span class='ocrx_word' id='word_1_108' title='bbox 378 1374 486 1425; x_wconf 89' lang='lat' dir='ltr'><strong>ret.</strong></span> <span class='ocrx_word' id='word_1_109' title='bbox 525 1367 756 1424; x_wconf 84' lang='lat' dir='ltr'><strong>Ilineris</strong></span> <span class='ocrx_word' id='word_1_110' title='bbox 786 1372 843 1424; x_wconf 90' lang='lat' dir='ltr'>et</span> <span class='ocrx_word' id='word_1_111' title='bbox 872 1367 1184 1440; x_wconf 83' lang='lat' dir='ltr'><strong>legationis</strong></span> <span class='ocrx_word' id='word_1_112' title='bbox 1215 1385 1417 1424; x_wconf 90' lang='lat' dir='ltr'><strong>eorum</strong></span> <span class='ocrx_word' id='word_1_113' title='bbox 1451 1370 1584 1424; x_wconf 79' lang='lat' dir='ltr'><strong>finis</strong></span> <span class='ocrx_word' id='word_1_114' title='bbox 1607 1374 1731 1425; x_wconf 89' lang='lat' dir='ltr'><strong>erat</strong></span> <span class='ocrx_word' id='word_1_115' title='bbox 1754 1374 1819 1425; x_wconf 90' lang='lat' dir='ltr'>ut</span> <span class='ocrx_word' id='word_1_116' title='bbox 1850 1371 2031 1441; x_wconf 86' lang='lat' dir='ltr'><strong>impe-</strong></span> 
     </span>
    </p>
   </div>
   <div class='ocr_carea' id='block_1_17' title="bbox 378 1453 2058 1532">
    <p class='ocr_par' dir='ltr' id='par_1_17' title="bbox 378 1456 2036 1528">
     <span class='ocr_line' id='line_1_17' title="bbox 378 1456 2036 1528; baseline 0 -14"><span class='ocrx_word' id='word_1_117' title='bbox 378 1457 596 1514; x_wconf 86' lang='lat' dir='ltr'><strong>ratoris</strong></span> <span class='ocrx_word' id='word_1_118' title='bbox 624 1456 851 1512; x_wconf 87' lang='lat' dir='ltr'><strong>vultum</strong></span> <span class='ocrx_word' id='word_1_119' title='bbox 883 1457 1170 1528; x_wconf 86' lang='lat' dir='ltr'><strong>viderent,</strong></span> <span class='ocrx_word' id='word_1_120' title='bbox 1217 1474 1412 1514; x_wconf 93' lang='lat' dir='ltr'><strong>vocem</strong></span> <span class='ocrx_word' id='word_1_121' title='bbox 1463 1457 1753 1527; x_wconf 89' lang='lat' dir='ltr'><strong>audirent,</strong></span> <span class='ocrx_word' id='word_1_122' title='bbox 1788 1457 1848 1513; x_wconf 91' lang='lat' dir='ltr'>in</span> <span class='ocrx_word' id='word_1_123' title='bbox 1878 1458 2036 1514; x_wconf 90' lang='lat' dir='ltr'><strong>ludis</strong></span> 
     </span>
    </p>
   </div>
   <div class='ocr_carea' id='block_1_18' title="bbox 2174 1453 3840 1532">
    <p class='ocr_par' dir='ltr' id='par_1_18' title="bbox 2174 1453 3840 1532">
     <span class='ocr_line' id='line_1_18' title="bbox 2174 1453 3840 1532; baseline 0 -19"><span class='ocrx_word' id='word_1_124' title='bbox 2174 1460 2243 1514; x_wconf 86' lang='grc' dir='ltr'>Ην</span> <span class='ocrx_word' id='word_1_125' title='bbox 2277 1455 2335 1512; x_wconf 82' lang='grc' dir='ltr'>δὶ</span> <span class='ocrx_word' id='word_1_126' title='bbox 2366 1455 2594 1520; x_wconf 79' lang='grc' dir='ltr'>ἐκείνοις</span> <span class='ocrx_word' id='word_1_127' title='bbox 2616 1463 2717 1524; x_wconf 79' lang='grc' dir='ltr'>τῆς</span> <span class='ocrx_word' id='word_1_128' title='bbox 2761 1453 2893 1510; x_wconf 77' lang='grc' dir='ltr'>ὁδοῦ</span> <span class='ocrx_word' id='word_1_129' title='bbox 2951 1455 3154 1518; x_wconf 82' lang='grc' dir='ltr'>σκοπὸς</span> <span class='ocrx_word' id='word_1_130' title='bbox 3214 1457 3308 1510; x_wconf 86' lang='grc' dir='ltr'>καὶ</span> <span class='ocrx_word' id='word_1_131' title='bbox 3361 1459 3464 1526; x_wconf 73' lang='grc' dir='ltr'>τῆς</span> <span class='ocrx_word' id='word_1_132' title='bbox 3525 1453 3840 1532; x_wconf 88' lang='grc' dir='ltr'>πρεσϐείας</span> 
     </span>
    </p>
   </div>
   <div class='ocr_carea' id='block_1_19' title="bbox 381 1542 2058 1622">
    <p class='ocr_par' dir='ltr' id='par_1_19' title="bbox 381 1545 2034 1620">
     <span class='ocr_line' id='line_1_19' title="bbox 381 1545 2034 1620; baseline -0.001 -18"><span class='ocrx_word' id='word_1_133' title='bbox 381 1545 672 1619; x_wconf 81' lang='lat' dir='ltr'><strong>gymnicis</strong></span> <span class='ocrx_word' id='word_1_134' title='bbox 697 1560 824 1601; x_wconf 88' lang='lat' dir='ltr'><strong>sese</strong></span> <span class='ocrx_word' id='word_1_135' title='bbox 844 1550 1209 1602; x_wconf 84' lang='lat' dir='ltr'><strong>exercentem</strong></span> <span class='ocrx_word' id='word_1_136' title='bbox 1231 1547 1756 1614; x_wconf 90' lang='lat' dir='ltr'><strong>admirarentur,ut</strong></span> <span class='ocrx_word' id='word_1_137' title='bbox 1772 1548 2034 1620; x_wconf 67' lang='lat' dir='ltr'><strong>quaedam</strong></span> 
     </span>
    </p>
   </div>
   <div class='ocr_carea' id='block_1_20' title="bbox 2174 1542 3839 1622">
    <p class='ocr_par' dir='ltr' id='par_1_20' title="bbox 2179 1542 3839 1622">
     <span class='ocr_line' id='line_1_20' title="bbox 2179 1542 3839 1622; baseline 0.001 -22"><span class='ocrx_word' id='word_1_138' title='bbox 2179 1547 2207 1600; x_wconf 86' lang='lat'>6</span> <span class='ocrx_word' id='word_1_139' title='bbox 2236 1545 2624 1614; x_wconf 85' lang='grc' dir='ltr'>τελικώτατον,</span> <span class='ocrx_word' id='word_1_140' title='bbox 2656 1543 2946 1620; x_wconf 75' lang='grc' dir='ltr'>ἱστορῆσαί</span> <span class='ocrx_word' id='word_1_141' title='bbox 2969 1566 3030 1599; x_wconf 85' lang='grc' dir='ltr'>τε</span> <span class='ocrx_word' id='word_1_142' title='bbox 3078 1547 3196 1600; x_wconf 84' lang='grc' dir='ltr'>κατ’</span> <span class='ocrx_word' id='word_1_143' title='bbox 3229 1542 3354 1619; x_wconf 75' lang='grc' dir='ltr'>ὄψιν</span> <span class='ocrx_word' id='word_1_144' title='bbox 3410 1547 3505 1601; x_wconf 88' lang='grc' dir='ltr'>τὸν</span> <span class='ocrx_word' id='word_1_145' title='bbox 3570 1546 3839 1622; x_wconf 79' lang='grc' dir='ltr'>βασιλέα,</span> 
     </span>
    </p>
   </div>
   <div class='ocr_carea' id='block_1_21' title="bbox 2137 1010 3826 1088">
    <p class='ocr_par' dir='ltr' id='par_1_21' title="bbox 2137 1010 3826 1088">
     <span class='ocr_line' id='line_1_21' title="bbox 2137 1010 3826 1088; baseline 0 -20"><span class='ocrx_word' id='word_1_146' title='bbox 2137 1012 2260 1074; x_wconf 79' lang='grc' dir='ltr'>τοὺς</span> <span class='ocrx_word' id='word_1_147' title='bbox 2293 1010 2595 1068; x_wconf 83' lang='grc' dir='ltr'>ἀλλόκοτον</span> <span class='ocrx_word' id='word_1_148' title='bbox 2627 1018 2748 1075; x_wconf 86' lang='grc' dir='ltr'>τοῖς</span> <span class='ocrx_word' id='word_1_149' title='bbox 2775 1033 2837 1088; x_wconf 88' lang='grc' dir='ltr'>γε</span> <span class='ocrx_word' id='word_1_150' title='bbox 2866 1011 3107 1068; x_wconf 89' lang='grc' dir='ltr'>πλείοσι.</span> <span class='ocrx_word' id='word_1_151' title='bbox 3147 1014 3249 1067; x_wconf 81' lang='grc' dir='ltr'>Καὶ</span> <span class='ocrx_word' id='word_1_152' title='bbox 3295 1014 3441 1088; x_wconf 70' lang='grc' dir='ltr'>ἑώρα</span> <span class='ocrx_word' id='word_1_153' title='bbox 3482 1017 3516 1082; x_wconf 84' lang='grc' dir='ltr'>ἡ</span> <span class='ocrx_word' id='word_1_154' title='bbox 3578 1015 3826 1087; x_wconf 76' lang='grc' dir='ltr'>μεγίστη</span> 
     </span>
    </p>
   </div>
   <div class='ocr_carea' id='block_1_22' title="bbox 2137 1099 3833 1177">
    <p class='ocr_par' dir='ltr' id='par_1_22' title="bbox 2137 1099 3833 1177">
     <span class='ocr_line' id='line_1_22' title="bbox 2137 1099 3833 1177; baseline -0.001 -21"><span class='ocrx_word' id='word_1_155' title='bbox 2137 1101 2300 1163; x_wconf 81' lang='grc' dir='ltr'>πόλις</span> <span class='ocrx_word' id='word_1_156' title='bbox 2343 1101 2476 1171; x_wconf 80' lang='grc' dir='ltr'>αὕτη</span> <span class='ocrx_word' id='word_1_157' title='bbox 2528 1099 2723 1177; x_wconf 74' lang='grc' dir='ltr'>ἄνδρας</span> <span class='ocrx_word' id='word_1_158' title='bbox 2782 1100 3178 1176; x_wconf 83' lang='grc' dir='ltr'>ἀλλογνώτους</span> <span class='ocrx_word' id='word_1_159' title='bbox 3219 1101 3468 1172; x_wconf 83' lang='grc' dir='ltr'>ἀληθῶς,</span> <span class='ocrx_word' id='word_1_160' title='bbox 3498 1102 3578 1156; x_wconf 81' lang='grc' dir='ltr'>ὡν</span> <span class='ocrx_word' id='word_1_161' title='bbox 3639 1101 3833 1166; x_wconf 74' lang='grc' dir='ltr'>οὐδεὶς</span> 
     </span>
    </p>
   </div>
   <div class='ocr_carea' id='block_1_23' title="bbox 2137 1187 3832 1264">
    <p class='ocr_par' dir='ltr' id='par_1_23' title="bbox 2137 1187 3832 1264">
     <span class='ocr_line' id='line_1_23' title="bbox 2137 1187 3832 1264; baseline 0 -19"><span class='ocrx_word' id='word_1_162' title='bbox 2137 1195 2244 1246; x_wconf 80' lang='grc' dir='ltr'>τῶν</span> <span class='ocrx_word' id='word_1_163' title='bbox 2303 1192 2420 1244; x_wconf 89' lang='grc' dir='ltr'>καθ’</span> <span class='ocrx_word' id='word_1_164' title='bbox 2451 1192 2597 1262; x_wconf 76' lang='grc' dir='ltr'>ἡμᾶς</span> <span class='ocrx_word' id='word_1_165' title='bbox 2657 1187 2772 1244; x_wconf 78' lang='grc' dir='ltr'>οὐδ’</span> <span class='ocrx_word' id='word_1_166' title='bbox 2824 1189 2900 1252; x_wconf 83' lang='grc' dir='ltr'>εἷς</span> <span class='ocrx_word' id='word_1_167' title='bbox 2961 1187 3136 1262; x_wconf 83' lang='grc' dir='ltr'>ὄνομα</span> <span class='ocrx_word' id='word_1_168' title='bbox 3183 1191 3533 1264; x_wconf 80' lang='grc' dir='ltr'>πεπείραται,</span> <span class='ocrx_word' id='word_1_169' title='bbox 3597 1193 3678 1252; x_wconf 84' lang='grc' dir='ltr'>ὡς</span> <span class='ocrx_word' id='word_1_170' title='bbox 3736 1192 3832 1245; x_wconf 81' lang='grc' dir='ltr'>καὶ</span> 
     </span>
    </p>
   </div>
   <div class='ocr_carea' id='block_1_24' title="bbox 2140 1276 3832 1354">
    <p class='ocr_par' dir='ltr' id='par_1_24' title="bbox 2140 1276 3832 1354">
     <span class='ocr_line' id='line_1_24' title="bbox 2140 1276 3832 1354; baseline -0.001 -20"><span class='ocrx_word' id='word_1_171' title='bbox 2140 1279 2355 1334; x_wconf 80' lang='grc' dir='ltr'>πίπτειν</span> <span class='ocrx_word' id='word_1_172' title='bbox 2405 1279 2458 1333; x_wconf 89' lang='grc' dir='ltr'>ἐν</span> <span class='ocrx_word' id='word_1_173' title='bbox 2512 1276 2771 1354; x_wconf 86' lang='grc' dir='ltr'>δυσχερεῖ</span> <span class='ocrx_word' id='word_1_174' title='bbox 2815 1276 2981 1351; x_wconf 80' lang='grc' dir='ltr'>ἄνδρα</span> <span class='ocrx_word' id='word_1_175' title='bbox 3031 1280 3283 1354; x_wconf 78' lang='grc' dir='ltr'>εὑρέσθσι</span> <span class='ocrx_word' id='word_1_176' title='bbox 3344 1277 3690 1354; x_wconf 80' lang='grc' dir='ltr'>δίγλωττον,</span> <span class='ocrx_word' id='word_1_177' title='bbox 3726 1282 3832 1349; x_wconf 78' lang='grc' dir='ltr'>τήν</span> 
     </span>
    </p>
   </div>
   <div class='ocr_carea' id='block_1_25' title="bbox 2145 1363 3836 1441">
    <p class='ocr_par' dir='ltr' id='par_1_25' title="bbox 2145 1363 3836 1441">
     <span class='ocr_line' id='line_1_25' title="bbox 2145 1363 3836 1441; baseline 0.001 -19"><span class='ocrx_word' id='word_1_178' title='bbox 2145 1368 2196 1423; x_wconf 83' lang='grc' dir='ltr'>έν</span> <span class='ocrx_word' id='word_1_179' title='bbox 2222 1367 2407 1429; x_wconf 77' lang='grc' dir='ltr'>αὐτοῖς</span> <span class='ocrx_word' id='word_1_180' title='bbox 2439 1364 2723 1423; x_wconf 84' lang='grc' dir='ltr'>διάλεκτον</span> <span class='ocrx_word' id='word_1_181' title='bbox 2759 1366 2836 1430; x_wconf 80' lang='grc' dir='ltr'>εἷς</span> <span class='ocrx_word' id='word_1_182' title='bbox 2890 1367 2954 1421; x_wconf 87' lang='grc' dir='ltr'>τὸ</span> <span class='ocrx_word' id='word_1_183' title='bbox 3015 1365 3304 1439; x_wconf 73' lang='grc' dir='ltr'>ἡμεδαπὸν</span> <span class='ocrx_word' id='word_1_184' title='bbox 3370 1363 3836 1441; x_wconf 48' lang='grc' dir='ltr'>μεταϐάλλονται</span> 
     </span>
    </p>
   </div>
   <div class='ocr_carea' id='block_1_26' title="bbox 386 1633 2037 1708">
    <p class='ocr_par' dir='ltr' id='par_1_26' title="bbox 386 1633 2037 1708">
     <span class='ocr_line' id='line_1_26' title="bbox 386 1633 2037 1708; baseline 0 -17"><span class='ocrx_word' id='word_1_185' title='bbox 386 1636 461 1693; x_wconf 91' lang='lat' dir='ltr'>de</span> <span class='ocrx_word' id='word_1_186' title='bbox 482 1634 583 1691; x_wconf 92' lang='lat' dir='ltr'><strong>illo</strong></span> <span class='ocrx_word' id='word_1_187' title='bbox 635 1633 791 1691; x_wconf 92' lang='lat' dir='ltr'><strong>dicta</strong></span> <span class='ocrx_word' id='word_1_188' title='bbox 837 1634 1198 1708; x_wconf 86' lang='lat' dir='ltr'><strong>colligerent.</strong></span> <span class='ocrx_word' id='word_1_189' title='bbox 1232 1635 1326 1691; x_wconf 87' lang='lat' dir='ltr'>Sic</span> <span class='ocrx_word' id='word_1_190' title='bbox 1359 1640 1419 1691; x_wconf 91' lang='lat' dir='ltr'>et</span> <span class='ocrx_word' id='word_1_191' title='bbox 1443 1636 1774 1692; x_wconf 86' lang='lat' dir='ltr'><strong>Salomonis</strong></span> <span class='ocrx_word' id='word_1_192' title='bbox 1804 1635 2037 1708; x_wconf 85' lang='lat' dir='ltr'><strong>sapien-</strong></span> 
     </span>
    </p>
   </div>
   <div class='ocr_carea' id='block_1_27' title="bbox 387 1723 2038 1796">
    <p class='ocr_par' dir='ltr' id='par_1_27' title="bbox 387 1723 2038 1796">
     <span class='ocr_line' id='line_1_27' title="bbox 387 1723 2038 1796; baseline 0 -16"><span class='ocrx_word' id='word_1_193' title='bbox 387 1723 475 1781; x_wconf 91' lang='lat' dir='ltr'>tia</span> <span class='ocrx_word' id='word_1_194' title='bbox 504 1723 789 1796; x_wconf 88' lang='lat' dir='ltr'><strong>plurimos</strong></span> <span class='ocrx_word' id='word_1_195' title='bbox 818 1724 1077 1794; x_wconf 83' lang='lat' dir='ltr'><strong>attraxit,</strong></span> <span class='ocrx_word' id='word_1_196' title='bbox 1109 1724 1218 1780; x_wconf 88' lang='lat' dir='ltr'><strong>etsi</strong></span> <span class='ocrx_word' id='word_1_197' title='bbox 1278 1741 1392 1780; x_wconf 91' lang='lat' dir='ltr'>non</span> <span class='ocrx_word' id='word_1_198' title='bbox 1441 1742 1646 1781; x_wconf 89' lang='lat' dir='ltr'><strong>omnes</strong></span> <span class='ocrx_word' id='word_1_199' title='bbox 1699 1725 1758 1780; x_wconf 93' lang='lat' dir='ltr'>in</span> <span class='ocrx_word' id='word_1_200' title='bbox 1807 1741 1874 1782; x_wconf 90' lang='lat' dir='ltr'>eo</span> <span class='ocrx_word' id='word_1_201' title='bbox 1913 1724 2038 1781; x_wconf 86' lang='lat' dir='ltr'><strong>lau-</strong></span> 
     </span>
    </p>
   </div>
   <div class='ocr_carea' id='block_1_28' title="bbox 395 1813 2040 1871">
    <p class='ocr_par' dir='ltr' id='par_1_28' title="bbox 395 1813 2040 1871">
     <span class='ocr_line' id='line_1_28' title="bbox 395 1813 2040 1871; baseline 0 -1"><span class='ocrx_word' id='word_1_202' title='bbox 395 1814 590 1870; x_wconf 89' lang='lat' dir='ltr'><strong>dando</strong></span> <span class='ocrx_word' id='word_1_203' title='bbox 621 1813 1013 1869; x_wconf 88' lang='lat' dir='ltr'><strong>convenerint.</strong></span> <span class='ocrx_word' id='word_1_204' title='bbox 1067 1813 1176 1870; x_wconf 85' lang='lat' dir='ltr'><strong>Sed</strong></span> <span class='ocrx_word' id='word_1_205' title='bbox 1226 1813 1285 1868; x_wconf 93' lang='lat' dir='ltr'>in</span> <span class='ocrx_word' id='word_1_206' title='bbox 1326 1813 1436 1870; x_wconf 91' lang='lat' dir='ltr'>hoc</span> <span class='ocrx_word' id='word_1_207' title='bbox 1489 1818 1688 1871; x_wconf 87' lang='lat' dir='ltr'><strong>nostro</strong></span> <span class='ocrx_word' id='word_1_208' title='bbox 1739 1814 1864 1870; x_wconf 91' lang='lat' dir='ltr'><strong>loco</strong></span> <span class='ocrx_word' id='word_1_209' title='bbox 1893 1815 2040 1870; x_wconf 91' lang='lat' dir='ltr'><strong>mira</strong></span> 
     </span>
    </p>
   </div>
   <div class='ocr_carea' id='block_1_29' title="bbox 392 1901 2042 1976">
    <p class='ocr_par' dir='ltr' id='par_1_29' title="bbox 392 1901 2042 1976">
     <span class='ocr_line' id='line_1_29' title="bbox 392 1901 2042 1976; baseline -0.001 -16"><span class='ocrx_word' id='word_1_210' title='bbox 392 1901 586 1960; x_wconf 88' lang='lat' dir='ltr'><strong>multa</strong></span> <span class='ocrx_word' id='word_1_211' title='bbox 612 1918 672 1958; x_wconf 87' lang='lat' dir='ltr'>se</span> <span class='ocrx_word' id='word_1_212' title='bbox 696 1903 967 1959; x_wconf 76' lang='lat' dir='ltr'><strong>offerunt.</strong></span> <span class='ocrx_word' id='word_1_213' title='bbox 1003 1903 1081 1958; x_wconf 90' lang='lat' dir='ltr'><strong>Ex</strong></span> <span class='ocrx_word' id='word_1_214' title='bbox 1133 1903 1343 1976; x_wconf 86' lang='lat' dir='ltr'><strong>legatis</strong></span> <span class='ocrx_word' id='word_1_215' title='bbox 1400 1904 1618 1960; x_wconf 88' lang='lat' dir='ltr'><strong>nostris</strong></span> <span class='ocrx_word' id='word_1_216' title='bbox 1669 1903 1767 1958; x_wconf 90' lang='lat' dir='ltr'><strong>alii</strong></span> <span class='ocrx_word' id='word_1_217' title='bbox 1800 1904 2042 1976; x_wconf 83' lang='lat' dir='ltr'><strong>profecti</strong></span> 
     </span>
    </p>
   </div>
   <div class='ocr_carea' id='block_1_30' title="bbox 392 1992 2040 2065">
    <p class='ocr_par' dir='ltr' id='par_1_30' title="bbox 392 1992 2040 2065">
     <span class='ocr_line' id='line_1_30' title="bbox 392 1992 2040 2065; baseline -0.001 -16"><span class='ocrx_word' id='word_1_218' title='bbox 392 1995 538 2049; x_wconf 83' lang='lat' dir='ltr'><strong>sunt</strong></span> <span class='ocrx_word' id='word_1_219' title='bbox 566 1992 638 2048; x_wconf 91' lang='lat' dir='ltr'>ob</span> <span class='ocrx_word' id='word_1_220' title='bbox 667 1995 886 2048; x_wconf 90' lang='lat' dir='ltr'><strong>metum</strong></span> <span class='ocrx_word' id='word_1_221' title='bbox 910 2009 982 2048; x_wconf 93' lang='lat' dir='ltr'>ne</span> <span class='ocrx_word' id='word_1_222' title='bbox 1003 1992 1144 2064; x_wconf 90' lang='lat' dir='ltr'><strong>quid</strong></span> <span class='ocrx_word' id='word_1_223' title='bbox 1172 1997 1640 2064; x_wconf 87' lang='lat' dir='ltr'><strong>paterentur,aut</strong></span> <span class='ocrx_word' id='word_1_224' title='bbox 1669 1997 1904 2065; x_wconf 87' lang='lat' dir='ltr'><strong>propter</strong></span> <span class='ocrx_word' id='word_1_225' title='bbox 1924 1993 2040 2048; x_wconf 85' lang='lat' dir='ltr'><strong>sol-</strong></span> 
     </span>
    </p>
   </div>
   <div class='ocr_carea' id='block_1_31' title="bbox 2145 1632 3842 1710">
    <p class='ocr_par' dir='ltr' id='par_1_31' title="bbox 2145 1632 3842 1710">
     <span class='ocr_line' id='line_1_31' title="bbox 2145 1632 3842 1710; baseline 0.001 -20"><span class='ocrx_word' id='word_1_226' title='bbox 2145 1637 2236 1691; x_wconf 84' lang='grc' dir='ltr'>καὶ</span> <span class='ocrx_word' id='word_1_227' title='bbox 2288 1635 2696 1704; x_wconf 81' lang='grc' dir='ltr'>ἀκουτισθῆναι,</span> <span class='ocrx_word' id='word_1_228' title='bbox 2741 1637 2831 1689; x_wconf 85' lang='grc' dir='ltr'>οἷα</span> <span class='ocrx_word' id='word_1_229' title='bbox 2890 1632 3074 1701; x_wconf 85' lang='grc' dir='ltr'>λαλεῖ,</span> <span class='ocrx_word' id='word_1_230' title='bbox 3128 1635 3219 1688; x_wconf 90' lang='grc' dir='ltr'>καί</span> <span class='ocrx_word' id='word_1_231' title='bbox 3277 1655 3390 1690; x_wconf 89' lang='grc' dir='ltr'>τισι</span> <span class='ocrx_word' id='word_1_232' title='bbox 3444 1640 3558 1690; x_wconf 83' lang='grc' dir='ltr'>τῶν</span> <span class='ocrx_word' id='word_1_233' title='bbox 3619 1658 3842 1710; x_wconf 68' lang='grc' dir='ltr'>γυμνα-</span> 
     </span>
    </p>
   </div>
   <div class='ocr_carea' id='block_1_32' title="bbox 2149 1719 3844 1800">
    <p class='ocr_par' dir='ltr' id='par_1_32' title="bbox 2149 1719 3844 1800">
     <span class='ocr_line' id='line_1_32' title="bbox 2149 1719 3844 1800; baseline 0.001 -21"><span class='ocrx_word' id='word_1_234' title='bbox 2149 1729 2348 1780; x_wconf 74' lang='grc' dir='ltr'>πικῶν</span> <span class='ocrx_word' id='word_1_235' title='bbox 2426 1719 2598 1798; x_wconf 80' lang='grc' dir='ltr'>ἔργων</span> <span class='ocrx_word' id='word_1_236' title='bbox 2678 1720 2814 1778; x_wconf 77' lang='grc' dir='ltr'>ῗδεῖν</span> <span class='ocrx_word' id='word_1_237' title='bbox 2890 1721 3281 1799; x_wconf 81' lang='grc' dir='ltr'>ἐπιπρέποντα,</span> <span class='ocrx_word' id='word_1_238' title='bbox 3342 1724 3700 1800; x_wconf 81' lang='grc' dir='ltr'>ἐρανίσασθαι</span> <span class='ocrx_word' id='word_1_239' title='bbox 3779 1728 3844 1781; x_wconf 78' lang='grc' dir='ltr'>δέ</span> 
     </span>
    </p>
   </div>
   <div class='ocr_carea' id='block_1_33' title="bbox 2151 1811 3844 1887">
    <p class='ocr_par' dir='ltr' id='par_1_33' title="bbox 2151 1811 3844 1887">
     <span class='ocr_line' id='line_1_33' title="bbox 2151 1811 3844 1887; baseline 0.001 -18"><span class='ocrx_word' id='word_1_240' title='bbox 2151 1814 2239 1869; x_wconf 86' lang='grc' dir='ltr'>καί</span> <span class='ocrx_word' id='word_1_241' title='bbox 2286 1834 2405 1870; x_wconf 82' lang='grc' dir='ltr'>τινα</span> <span class='ocrx_word' id='word_1_242' title='bbox 2447 1817 2555 1867; x_wconf 78' lang='grc' dir='ltr'>τῶν</span> <span class='ocrx_word' id='word_1_243' title='bbox 2600 1813 2725 1887; x_wconf 88' lang='grc' dir='ltr'>περὶ</span> <span class='ocrx_word' id='word_1_244' title='bbox 2776 1813 2946 1867; x_wconf 78' lang='grc' dir='ltr'>αὐτοῦ</span> <span class='ocrx_word' id='word_1_245' title='bbox 2993 1811 3382 1885; x_wconf 73' lang='grc' dir='ltr'>ἀκουσμάτων,</span> <span class='ocrx_word' id='word_1_246' title='bbox 3414 1814 3508 1868; x_wconf 85' lang='grc' dir='ltr'>καὶ</span> <span class='ocrx_word' id='word_1_247' title='bbox 3546 1813 3625 1876; x_wconf 81' lang='grc' dir='ltr'>ὠς</span> <span class='ocrx_word' id='word_1_248' title='bbox 3654 1814 3715 1870; x_wconf 82' lang='grc' dir='ltr'>ἓν</span> <span class='ocrx_word' id='word_1_249' title='bbox 3770 1815 3844 1870; x_wconf 67' lang='grc' dir='ltr'>τά</span> 
     </span>
    </p>
   </div>
   <div class='ocr_carea' id='block_1_34' title="bbox 2152 1899 3840 1977">
    <p class='ocr_par' dir='ltr' id='par_1_34' title="bbox 2152 1899 3840 1977">
     <span class='ocr_line' id='line_1_34' title="bbox 2152 1899 3840 1977; baseline 0.001 -20"><span class='ocrx_word' id='word_1_250' title='bbox 2152 1903 2324 1957; x_wconf 86' lang='grc' dir='ltr'>πάντα</span> <span class='ocrx_word' id='word_1_251' title='bbox 2403 1901 2570 1956; x_wconf 72' lang='grc' dir='ltr'>εἰπεῖν</span> <span class='ocrx_word' id='word_1_252' title='bbox 2666 1905 2847 1974; x_wconf 77' lang='grc' dir='ltr'>θαῦμα</span> <span class='ocrx_word' id='word_1_253' title='bbox 2951 1899 3414 1975; x_wconf 80' lang='grc' dir='ltr'>συλΛεξαμένους,</span> <span class='ocrx_word' id='word_1_254' title='bbox 3491 1903 3840 1977; x_wconf 84' lang='grc' dir='ltr'>κομίσασθαι</span> 
     </span>
    </p>
   </div>
   <div class='ocr_carea' id='block_1_35' title="bbox 2151 1985 3840 2065">
    <p class='ocr_par' dir='ltr' id='par_1_35' title="bbox 2151 1985 3840 2065">
     <span class='ocr_line' id='line_1_35' title="bbox 2151 1985 3840 2065; baseline 0.001 -19"><span class='ocrx_word' id='word_1_255' title='bbox 2151 1997 2266 2052; x_wconf 88' lang='grc' dir='ltr'>τοῖς</span> <span class='ocrx_word' id='word_1_256' title='bbox 2325 1991 2402 2053; x_wconf 80' lang='grc' dir='ltr'>εἷς</span> <span class='ocrx_word' id='word_1_257' title='bbox 2460 1985 2747 2065; x_wconf 89' lang='grc' dir='ltr'>πρεσϐείαν</span> <span class='ocrx_word' id='word_1_258' title='bbox 2799 1988 3305 2064; x_wconf 73' lang='grc' dir='ltr'>διαπεμψαμένοις.</span> <span class='ocrx_word' id='word_1_259' title='bbox 3357 1990 3524 2049; x_wconf 74' lang='grc' dir='ltr'>Οὕτω</span> <span class='ocrx_word' id='word_1_260' title='bbox 3585 1993 3681 2047; x_wconf 81' lang='grc' dir='ltr'>καὶ</span> <span class='ocrx_word' id='word_1_261' title='bbox 3727 2000 3840 2048; x_wconf 84' lang='grc' dir='ltr'>Σο-</span> 
     </span>
    </p>
   </div>
   <div class='ocr_carea' id='block_1_36' title="bbox 393 2041 2058 2157">
    <p class='ocr_par' dir='ltr' id='par_1_36' title="bbox 393 2041 2044 2154">
     <span class='ocr_line' id='line_1_36' title="bbox 393 2041 2011 2065; baseline 0 -1"><span class='ocrx_word' id='word_1_262' title='bbox 393 2041 537 2049; x_wconf 80' lang='grc'>-”’¹“’</span> <span class='ocrx_word' id='word_1_263' title='bbox 569 2041 634 2048; x_wconf 62' lang='grc'>⁷-</span> <span class='ocrx_word' id='word_1_264' title='bbox 667 2041 886 2048; x_wconf 72' lang='lat'>—&#39;&quot;&quot;&quot;&#39;</span> <span class='ocrx_word' id='word_1_265' title='bbox 911 2041 980 2048; x_wconf 74' lang='lat'>&quot;&#39;</span> <span class='ocrx_word' id='word_1_266' title='bbox 1007 2041 1144 2064; x_wconf 73' lang='grc' dir='ltr'><strong><em>Ἰ“”“““</em></strong></span> <span class='ocrx_word' id='word_1_267' title='bbox 1173 2041 1639 2064; x_wconf 64' lang='grc' dir='ltr'>ιη-*ν-νηννηι--η</span> <span class='ocrx_word' id='word_1_268' title='bbox 1670 2041 1894 2065; x_wconf 66' lang='grc' dir='ltr'>ι’·νιην·</span> <span class='ocrx_word' id='word_1_269' title='bbox 1924 2041 2011 2048; x_wconf 64' lang='grc'>⁷⁷⁵</span> 
     </span>
     <span class='ocr_line' id='line_1_37' title="bbox 393 2080 2044 2154; baseline 0 -16"><span class='ocrx_word' id='word_1_270' title='bbox 393 2080 760 2138; x_wconf 91' lang='lat' dir='ltr'><strong>licitudinem</strong></span> <span class='ocrx_word' id='word_1_271' title='bbox 792 2081 1071 2137; x_wconf 82' lang='lat' dir='ltr'><strong>auxilium</strong></span> <span class='ocrx_word' id='word_1_272' title='bbox 1105 2081 1432 2154; x_wconf 90' lang='lat' dir='ltr'><strong>reperiendi</strong></span> <span class='ocrx_word' id='word_1_273' title='bbox 1467 2081 1562 2138; x_wconf 91' lang='lat' dir='ltr'>ubi</span> <span class='ocrx_word' id='word_1_274' title='bbox 1587 2097 1824 2138; x_wconf 90' lang='lat' dir='ltr'><strong>necesse</strong></span> <span class='ocrx_word' id='word_1_275' title='bbox 1850 2083 2044 2150; x_wconf 84' lang='lat' dir='ltr'><strong>fuerit,</strong></span> 
     </span>
    </p>
   </div>
   <div class='ocr_carea' id='block_1_37' title="bbox 2174 2041 3838 2157">
    <p class='ocr_par' dir='ltr' id='par_1_37' title="bbox 2174 2041 3838 2157">
     <span class='ocr_line' id='line_1_38' title="bbox 2174 2041 3838 2157; baseline 0.002 -23"><span class='ocrx_word' id='word_1_276' title='bbox 2174 2085 2444 2153; x_wconf 52' lang='grc' dir='ltr'>κομῶντος</span> <span class='ocrx_word' id='word_1_277' title='bbox 2495 2041 2530 2148; x_wconf 54' lang='grc' dir='ltr'>’ἓ</span> <span class='ocrx_word' id='word_1_278' title='bbox 2584 2080 2747 2156; x_wconf 78' lang='grc' dir='ltr'>σοφία</span> <span class='ocrx_word' id='word_1_279' title='bbox 2808 2041 3059 2140; x_wconf 48' lang='grc' dir='ltr'>πολλϐἰῖς</span> <span class='ocrx_word' id='word_1_280' title='bbox 3093 2041 3424 2157; x_wconf 53' lang='grc' dir='ltr'>Γέφείλκετο,</span> <span class='ocrx_word' id='word_1_281' title='bbox 3477 2081 3573 2136; x_wconf 85' lang='grc' dir='ltr'>καὶ</span> <span class='ocrx_word' id='word_1_282' title='bbox 3642 2081 3691 2137; x_wconf 82' lang='grc' dir='ltr'>εί</span> <span class='ocrx_word' id='word_1_283' title='bbox 3756 2086 3838 2155; x_wconf 74' lang='grc' dir='ltr'>μὴ</span> 
     </span>
    </p>
   </div>
   <div class='ocr_carea' id='block_1_38' title="bbox 396 2170 2046 2244">
    <p class='ocr_par' dir='ltr' id='par_1_38' title="bbox 396 2170 2046 2244">
     <span class='ocr_line' id='line_1_39' title="bbox 396 2170 2046 2244; baseline -0.001 -17"><span class='ocrx_word' id='word_1_284' title='bbox 396 2173 504 2228; x_wconf 88' lang='lat' dir='ltr'>aut</span> <span class='ocrx_word' id='word_1_285' title='bbox 557 2174 812 2242; x_wconf 82' lang='lat' dir='ltr'><strong>egestate</strong></span> <span class='ocrx_word' id='word_1_286' title='bbox 869 2170 1077 2242; x_wconf 86' lang='lat' dir='ltr'><strong>coacti,</strong></span> <span class='ocrx_word' id='word_1_287' title='bbox 1136 2171 1308 2240; x_wconf 89' lang='lat' dir='ltr'><strong>cujus</strong></span> <span class='ocrx_word' id='word_1_288' title='bbox 1359 2188 1467 2243; x_wconf 92' lang='lat' dir='ltr'>ope</span> <span class='ocrx_word' id='word_1_289' title='bbox 1522 2171 1820 2244; x_wconf 91' lang='lat' dir='ltr'><strong>proposita</strong></span> <span class='ocrx_word' id='word_1_290' title='bbox 1849 2171 2046 2243; x_wconf 84' lang='lat' dir='ltr'><strong>perfici</strong></span> 
     </span>
    </p>
   </div>
   <div class='ocr_carea' id='block_1_39' title="bbox 395 2259 2046 2333">
    <p class='ocr_par' dir='ltr' id='par_1_39' title="bbox 395 2259 2046 2333">
     <span class='ocr_line' id='line_1_40' title="bbox 395 2259 2046 2333; baseline 0 -17"><span class='ocrx_word' id='word_1_291' title='bbox 395 2263 666 2333; x_wconf 90' lang='lat' dir='ltr'><strong>possunt,</strong></span> <span class='ocrx_word' id='word_1_292' title='bbox 703 2263 805 2315; x_wconf 90' lang='lat' dir='ltr'>aut</span> <span class='ocrx_word' id='word_1_293' title='bbox 832 2260 905 2316; x_wconf 90' lang='lat' dir='ltr'>ob</span> <span class='ocrx_word' id='word_1_294' title='bbox 937 2259 1249 2316; x_wconf 87' lang='lat' dir='ltr'><strong>sollicitam</strong></span> <span class='ocrx_word' id='word_1_295' title='bbox 1278 2260 1458 2316; x_wconf 79' lang='lat' dir='ltr'><strong>futuri</strong></span> <span class='ocrx_word' id='word_1_296' title='bbox 1489 2261 1773 2333; x_wconf 90' lang='lat' dir='ltr'><strong>temporis</strong></span> <span class='ocrx_word' id='word_1_297' title='bbox 1805 2277 2005 2316; x_wconf 89' lang='lat' dir='ltr'><strong>curam</strong></span> <span class='ocrx_word' id='word_1_298' title='bbox 2033 2279 2046 2328; x_wconf 91' lang='lat'><strong>;</strong></span> 
     </span>
    </p>
   </div>
   <div class='ocr_carea' id='block_1_40' title="bbox 406 2349 2053 2422">
    <p class='ocr_par' dir='ltr' id='par_1_40' title="bbox 406 2349 2053 2422">
     <span class='ocr_line' id='line_1_41' title="bbox 406 2349 2053 2422; baseline 0.001 -18"><span class='ocrx_word' id='word_1_299' title='bbox 406 2365 535 2421; x_wconf 67' lang='lat' dir='ltr'><strong>quae</strong></span> <span class='ocrx_word' id='word_1_300' title='bbox 566 2349 765 2404; x_wconf 91' lang='lat' dir='ltr'><strong>omnia</strong></span> <span class='ocrx_word' id='word_1_301' title='bbox 795 2349 1058 2404; x_wconf 90' lang='lat' dir='ltr'><strong>indicant</strong></span> <span class='ocrx_word' id='word_1_302' title='bbox 1087 2363 1180 2404; x_wconf 92' lang='lat' dir='ltr'>res</span> <span class='ocrx_word' id='word_1_303' title='bbox 1230 2364 1474 2421; x_wconf 88' lang='lat' dir='ltr'><strong>magnas</strong></span> <span class='ocrx_word' id='word_1_304' title='bbox 1505 2367 1571 2405; x_wconf 90' lang='lat' dir='ltr'><strong>ac</strong></span> <span class='ocrx_word' id='word_1_305' title='bbox 1611 2350 1952 2422; x_wconf 90' lang='lat' dir='ltr'><strong>splendidas</strong></span> <span class='ocrx_word' id='word_1_306' title='bbox 1983 2351 2053 2406; x_wconf 88' lang='lat' dir='ltr'>ab</span> 
     </span>
    </p>
   </div>
   <div class='ocr_carea' id='block_1_41' title="bbox 408 2440 2058 2512">
    <p class='ocr_par' dir='ltr' id='par_1_41' title="bbox 408 2440 2058 2512">
     <span class='ocr_line' id='line_1_42' title="bbox 408 2440 2058 2512; baseline 0.001 -16"><span class='ocrx_word' id='word_1_307' title='bbox 408 2441 757 2510; x_wconf 88' lang='lat' dir='ltr'><strong>imperatore</strong></span> <span class='ocrx_word' id='word_1_308' title='bbox 777 2440 933 2510; x_wconf 90' lang='lat' dir='ltr'><strong>apud</strong></span> <span class='ocrx_word' id='word_1_309' title='bbox 957 2456 1064 2496; x_wconf 91' lang='lat' dir='ltr'>nos</span> <span class='ocrx_word' id='word_1_310' title='bbox 1085 2443 1280 2512; x_wconf 85' lang='lat' dir='ltr'><strong>gestas</strong></span> <span class='ocrx_word' id='word_1_311' title='bbox 1301 2442 1665 2496; x_wconf 89' lang='lat' dir='ltr'><strong>exstare.Sed</strong></span> <span class='ocrx_word' id='word_1_312' title='bbox 1690 2441 1807 2497; x_wconf 63' lang='lat' dir='ltr'>hac</span> <span class='ocrx_word' id='word_1_313' title='bbox 1819 2446 2058 2497; x_wconf 88' lang='lat' dir='ltr'><strong>externa</strong></span> 
     </span>
    </p>
   </div>
   <div class='ocr_carea' id='block_1_42' title="bbox 407 2527 2053 2599">
    <p class='ocr_par' dir='ltr' id='par_1_42' title="bbox 407 2527 2053 2599">
     <span class='ocr_line' id='line_1_43' title="bbox 407 2527 2053 2599; baseline -0.001 -13"><span class='ocrx_word' id='word_1_314' title='bbox 407 2533 568 2599; x_wconf 85' lang='lat' dir='ltr'><strong>sunt,</strong></span> <span class='ocrx_word' id='word_1_315' title='bbox 602 2544 706 2584; x_wconf 91' lang='lat' dir='ltr'>nec</span> <span class='ocrx_word' id='word_1_316' title='bbox 739 2527 914 2584; x_wconf 91' lang='lat' dir='ltr'><strong>unius</strong></span> <span class='ocrx_word' id='word_1_317' title='bbox 943 2528 1309 2585; x_wconf 81' lang='lat' dir='ltr'><strong>substantiae.</strong></span> <span class='ocrx_word' id='word_1_318' title='bbox 1340 2529 1585 2586; x_wconf 89' lang='lat' dir='ltr'><strong>Venisse</strong></span> <span class='ocrx_word' id='word_1_319' title='bbox 1634 2534 1827 2586; x_wconf 90' lang='lat' dir='ltr'><strong>autem</strong></span> <span class='ocrx_word' id='word_1_320' title='bbox 1859 2547 1888 2586; x_wconf 90' lang='lat' dir='ltr'>e</span> <span class='ocrx_word' id='word_1_321' title='bbox 1927 2529 2053 2586; x_wconf 91' lang='lat' dir='ltr'><strong>lon-</strong></span> 
     </span>
    </p>
   </div>
   <div class='ocr_carea' id='block_1_43' title="bbox 407 2614 2057 2692">
    <p class='ocr_par' dir='ltr' id='par_1_43' title="bbox 407 2614 2057 2692">
     <span class='ocr_line' id='line_1_44' title="bbox 407 2614 2057 2692; baseline 0.002 -20"><span class='ocrx_word' id='word_1_322' title='bbox 407 2618 625 2692; x_wconf 90' lang='lat' dir='ltr'><strong>ginquo</strong></span> <span class='ocrx_word' id='word_1_323' title='bbox 650 2617 807 2674; x_wconf 92' lang='lat' dir='ltr'><strong>viros</strong></span> <span class='ocrx_word' id='word_1_324' title='bbox 855 2614 1064 2672; x_wconf 80' lang='lat' dir='ltr'><strong>duram</strong></span> <span class='ocrx_word' id='word_1_325' title='bbox 1113 2624 1329 2673; x_wconf 88' lang='lat' dir='ltr'><strong>sortem</strong></span> <span class='ocrx_word' id='word_1_326' title='bbox 1393 2619 1694 2675; x_wconf 88' lang='lat' dir='ltr'><strong>subituros</strong></span> <span class='ocrx_word' id='word_1_327' title='bbox 1743 2619 1804 2674; x_wconf 92' lang='lat' dir='ltr'>in</span> <span class='ocrx_word' id='word_1_328' title='bbox 1851 2619 2057 2676; x_wconf 90' lang='lat' dir='ltr'><strong>itinere</strong></span> 
     </span>
    </p>
   </div>
   <div class='ocr_carea' id='block_1_44' title="bbox 411 2706 2057 2781">
    <p class='ocr_par' dir='ltr' id='par_1_44' title="bbox 411 2706 2057 2781">
     <span class='ocr_line' id='line_1_45' title="bbox 411 2706 2057 2781; baseline 0.001 -19"><span class='ocrx_word' id='word_1_329' title='bbox 411 2706 718 2780; x_wconf 89' lang='lat' dir='ltr'><strong>spectandi</strong></span> <span class='ocrx_word' id='word_1_330' title='bbox 751 2722 930 2762; x_wconf 91' lang='lat' dir='ltr'><strong>causa</strong></span> <span class='ocrx_word' id='word_1_331' title='bbox 984 2711 1040 2761; x_wconf 91' lang='lat' dir='ltr'>et</span> <span class='ocrx_word' id='word_1_332' title='bbox 1086 2706 1380 2762; x_wconf 79' lang='lat' dir='ltr'><strong>fortunam</strong></span> <span class='ocrx_word' id='word_1_333' title='bbox 1432 2707 1699 2764; x_wconf 88' lang='lat' dir='ltr'><strong>mutandi</strong></span> <span class='ocrx_word' id='word_1_334' title='bbox 1757 2725 1916 2781; x_wconf 89' lang='lat' dir='ltr'><strong>ergo,</strong></span> <span class='ocrx_word' id='word_1_335' title='bbox 1947 2709 2057 2764; x_wconf 88' lang='lat' dir='ltr'><strong>hoc</strong></span> 
     </span>
    </p>
   </div>
   <div class='ocr_carea' id='block_1_45' title="bbox 414 2794 2055 2869">
    <p class='ocr_par' dir='ltr' id='par_1_45' title="bbox 414 2794 2055 2869">
     <span class='ocr_line' id='line_1_46' title="bbox 414 2794 2055 2869; baseline 0.001 -17"><span class='ocrx_word' id='word_1_336' title='bbox 414 2813 530 2852; x_wconf 89' lang='lat' dir='ltr'>non</span> <span class='ocrx_word' id='word_1_337' title='bbox 563 2801 651 2850; x_wconf 90' lang='lat' dir='ltr'>est</span> <span class='ocrx_word' id='word_1_338' title='bbox 681 2794 1032 2868; x_wconf 90' lang='lat' dir='ltr'><strong>simpliciter</strong></span> <span class='ocrx_word' id='word_1_339' title='bbox 1053 2811 1359 2867; x_wconf 89' lang='lat' dir='ltr'><strong>magnum,</strong></span> <span class='ocrx_word' id='word_1_340' title='bbox 1391 2797 1493 2852; x_wconf 90' lang='lat' dir='ltr'>sed</span> <span class='ocrx_word' id='word_1_341' title='bbox 1524 2802 1763 2868; x_wconf 86' lang='lat' dir='ltr'><strong>stupore</strong></span> <span class='ocrx_word' id='word_1_342' title='bbox 1794 2797 2055 2869; x_wconf 89' lang='lat' dir='ltr'><strong>plenum.</strong></span> 
     </span>
    </p>
   </div>
   <div class='ocr_carea' id='block_1_46' title="bbox 411 2884 2060 2958">
    <p class='ocr_par' dir='ltr' id='par_1_46' title="bbox 411 2884 2060 2958">
     <span class='ocr_line' id='line_1_47' title="bbox 411 2884 2060 2958; baseline 0.001 -19"><span class='ocrx_word' id='word_1_343' title='bbox 411 2889 580 2941; x_wconf 85' lang='lat' dir='ltr'><strong>Patet</strong></span> <span class='ocrx_word' id='word_1_344' title='bbox 609 2885 763 2940; x_wconf 89' lang='lat' dir='ltr'><strong>enim</strong></span> <span class='ocrx_word' id='word_1_345' title='bbox 797 2901 1074 2956; x_wconf 85' lang='lat' dir='ltr'><strong>magnum</strong></span> <span class='ocrx_word' id='word_1_346' title='bbox 1106 2884 1324 2940; x_wconf 90' lang='lat' dir='ltr'><strong>tonitru</strong></span> <span class='ocrx_word' id='word_1_347' title='bbox 1353 2901 1531 2958; x_wconf 88' lang='lat' dir='ltr'><strong>super</strong></span> <span class='ocrx_word' id='word_1_348' title='bbox 1561 2885 1830 2958; x_wconf 63' lang='lat' dir='ltr'><strong>praclare</strong></span> <span class='ocrx_word' id='word_1_349' title='bbox 1851 2887 1923 2941; x_wconf 90' lang='lat' dir='ltr'>ab</span> <span class='ocrx_word' id='word_1_350' title='bbox 1945 2891 2060 2941; x_wconf 87' lang='lat' dir='ltr'>Im-</span> 
     </span>
    </p>
   </div>
   <div class='ocr_carea' id='block_1_47' title="bbox 411 2973 2058 3048">
    <p class='ocr_par' dir='ltr' id='par_1_47' title="bbox 411 2973 2058 3048">
     <span class='ocr_line' id='line_1_48' title="bbox 411 2973 2058 3048; baseline 0.001 -18"><span class='ocrx_word' id='word_1_351' title='bbox 411 2979 678 3048; x_wconf 89' lang='lat' dir='ltr'><strong>peratore</strong></span> <span class='ocrx_word' id='word_1_352' title='bbox 730 2973 900 3030; x_wconf 79' lang='lat' dir='ltr'><strong>factis</strong></span> <span class='ocrx_word' id='word_1_353' title='bbox 956 2988 1263 3043; x_wconf 85' lang='lat' dir='ltr'><strong>resonans,</strong></span> <span class='ocrx_word' id='word_1_354' title='bbox 1321 2973 1567 3030; x_wconf 89' lang='lat' dir='ltr'><strong>aliorum</strong></span> <span class='ocrx_word' id='word_1_355' title='bbox 1625 2974 2058 3032; x_wconf 83' lang='lat' dir='ltr'><strong>aemulationem</strong></span> 
     </span>
    </p>
   </div>
   <div class='ocr_carea' id='block_1_48' title="bbox 413 3063 772 3121">
    <p class='ocr_par' dir='ltr' id='par_1_48' title="bbox 413 3063 772 3121">
     <span class='ocr_line' id='line_1_49' title="bbox 413 3063 772 3121; baseline -0.003 0"><span class='ocrx_word' id='word_1_356' title='bbox 413 3063 772 3121; x_wconf 81' lang='lat' dir='ltr'><strong>excitavisse.</strong></span> 
     </span>
    </p>
   </div>
   <div class='ocr_carea' id='block_1_49' title="bbox 2157 2165 3844 2244">
    <p class='ocr_par' dir='ltr' id='par_1_49' title="bbox 2157 2165 3844 2244">
     <span class='ocr_line' id='line_1_50' title="bbox 2157 2165 3844 2244; baseline 0.001 -19"><span class='ocrx_word' id='word_1_357' title='bbox 2157 2167 2476 2236; x_wconf 82' lang='grc' dir='ltr'>τοσούτους,</span> <span class='ocrx_word' id='word_1_358' title='bbox 2505 2166 2632 2222; x_wconf 85' lang='grc' dir='ltr'>ἀλλ’</span> <span class='ocrx_word' id='word_1_359' title='bbox 2672 2166 2762 2222; x_wconf 76' lang='grc' dir='ltr'>οὖν</span> <span class='ocrx_word' id='word_1_360' title='bbox 2796 2165 2875 2244; x_wconf 77' lang='grc' dir='ltr'>ἐφ’</span> <span class='ocrx_word' id='word_1_361' title='bbox 2911 2168 3235 2224; x_wconf 77' lang='grc' dir='ltr'>ὁποσονοῦν.</span> <span class='ocrx_word' id='word_1_362' title='bbox 3272 2169 3370 2223; x_wconf 81' lang='grc' dir='ltr'>Καὶ</span> <span class='ocrx_word' id='word_1_363' title='bbox 3420 2165 3570 2224; x_wconf 84' lang='grc' dir='ltr'>ἔστιν</span> <span class='ocrx_word' id='word_1_364' title='bbox 3605 2169 3844 2226; x_wconf 73' lang='grc' dir='ltr'>ἐνταῦθα</span> 
     </span>
    </p>
   </div>
   <div class='ocr_carea' id='block_1_50' title="bbox 2160 2255 3841 2333">
    <p class='ocr_par' dir='ltr' id='par_1_50' title="bbox 2160 2255 3841 2333">
     <span class='ocr_line' id='line_1_51' title="bbox 2160 2255 3841 2333; baseline 0.001 -19"><span class='ocrx_word' id='word_1_365' title='bbox 2160 2259 2224 2314; x_wconf 83' lang='grc' dir='ltr'>τὸ</span> <span class='ocrx_word' id='word_1_366' title='bbox 2262 2262 2357 2312; x_wconf 75' lang='grc' dir='ltr'>τοῦ</span> <span class='ocrx_word' id='word_1_367' title='bbox 2387 2257 2690 2329; x_wconf 90' lang='grc' dir='ltr'>θαυμασίου</span> <span class='ocrx_word' id='word_1_368' title='bbox 2721 2255 2888 2312; x_wconf 89' lang='grc' dir='ltr'>πολύ.</span> <span class='ocrx_word' id='word_1_369' title='bbox 2924 2259 3039 2312; x_wconf 90' lang='grc' dir='ltr'>Δέει</span> <span class='ocrx_word' id='word_1_370' title='bbox 3077 2258 3171 2331; x_wconf 76' lang='grc' dir='ltr'>μὶν</span> <span class='ocrx_word' id='word_1_371' title='bbox 3204 2260 3310 2333; x_wconf 83' lang='grc' dir='ltr'>γὰρ</span> <span class='ocrx_word' id='word_1_372' title='bbox 3340 2263 3440 2314; x_wconf 74' lang='grc' dir='ltr'>τοῦ</span> <span class='ocrx_word' id='word_1_373' title='bbox 3477 2262 3557 2332; x_wconf 79' lang='grc' dir='ltr'>μή</span> <span class='ocrx_word' id='word_1_374' title='bbox 3618 2282 3672 2314; x_wconf 91' lang='grc' dir='ltr'>τι</span> <span class='ocrx_word' id='word_1_375' title='bbox 3730 2283 3841 2316; x_wconf 86' lang='grc' dir='ltr'>πα-</span> 
     </span>
    </p>
   </div>
   <div class='ocr_carea' id='block_1_51' title="bbox 2165 2341 3845 2425">
    <p class='ocr_par' dir='ltr' id='par_1_51' title="bbox 2165 2341 3845 2425">
     <span class='ocr_line' id='line_1_52' title="bbox 2165 2341 3845 2425; baseline 0.001 -23"><span class='ocrx_word' id='word_1_376' title='bbox 2165 2354 2273 2412; x_wconf 91' lang='grc' dir='ltr'>θεῖν</span> <span class='ocrx_word' id='word_1_377' title='bbox 2333 2341 2720 2423; x_wconf 87' lang='grc' dir='ltr'>πρεσϐεύεσθαί</span> <span class='ocrx_word' id='word_1_378' title='bbox 2767 2368 2941 2416; x_wconf 91' lang='grc' dir='ltr'>τινας,</span> <span class='ocrx_word' id='word_1_379' title='bbox 2985 2346 3021 2416; x_wconf 72' lang='grc' dir='ltr'><strong>ἢ</strong></span> <span class='ocrx_word' id='word_1_380' title='bbox 3072 2346 3276 2422; x_wconf 73' lang='grc' dir='ltr'>μελέτῃ</span> <span class='ocrx_word' id='word_1_381' title='bbox 3324 2354 3423 2402; x_wconf 82' lang='grc' dir='ltr'>τοῦ</span> <span class='ocrx_word' id='word_1_382' title='bbox 3474 2349 3682 2425; x_wconf 78' lang='grc' dir='ltr'>φθάσαι</span> <span class='ocrx_word' id='word_1_383' title='bbox 3736 2354 3845 2421; x_wconf 72' lang='grc' dir='ltr'>ζή-</span> 
     </span>
    </p>
   </div>
   <div class='ocr_carea' id='block_1_52' title="bbox 2163 2435 3842 2515">
    <p class='ocr_par' dir='ltr' id='par_1_52' title="bbox 2163 2435 3842 2515">
     <span class='ocr_line' id='line_1_53' title="bbox 2163 2435 3842 2515; baseline 0.001 -23"><span class='ocrx_word' id='word_1_384' title='bbox 2163 2458 2318 2508; x_wconf 85' lang='grc' dir='ltr'>τησιν</span> <span class='ocrx_word' id='word_1_385' title='bbox 2375 2435 2705 2512; x_wconf 80' lang='grc' dir='ltr'>ἐπικουρίας,</span> <span class='ocrx_word' id='word_1_386' title='bbox 2739 2435 2793 2490; x_wconf 83' lang='grc' dir='ltr'>εἷ’</span> <span class='ocrx_word' id='word_1_387' title='bbox 2839 2457 2946 2491; x_wconf 93' lang='grc' dir='ltr'>που</span> <span class='ocrx_word' id='word_1_388' title='bbox 3004 2437 3095 2491; x_wconf 87' lang='grc' dir='ltr'>καὶ</span> <span class='ocrx_word' id='word_1_389' title='bbox 3138 2439 3445 2510; x_wconf 72' lang='grc' dir='ltr'>παραπέσοι</span> <span class='ocrx_word' id='word_1_390' title='bbox 3476 2460 3564 2501; x_wconf 86' lang='grc' dir='ltr'>τις</span> <span class='ocrx_word' id='word_1_391' title='bbox 3599 2440 3842 2515; x_wconf 78' lang='grc' dir='ltr'>ἀνάγκη,</span> 
     </span>
    </p>
   </div>
   <div class='ocr_carea' id='block_1_53' title="bbox 2165 2522 3844 2604">
    <p class='ocr_par' dir='ltr' id='par_1_53' title="bbox 2165 2522 3844 2604">
     <span class='ocr_line' id='line_1_54' title="bbox 2165 2522 3844 2604; baseline 0.001 -24"><span class='ocrx_word' id='word_1_392' title='bbox 2165 2525 2199 2594; x_wconf 78' lang='grc' dir='ltr'><strong>ἢ</strong></span> <span class='ocrx_word' id='word_1_393' title='bbox 2231 2524 2321 2580; x_wconf 85' lang='grc' dir='ltr'>καὶ</span> <span class='ocrx_word' id='word_1_394' title='bbox 2379 2526 2684 2600; x_wconf 88' lang='grc' dir='ltr'>χρημάτων</span> <span class='ocrx_word' id='word_1_395' title='bbox 2745 2522 2940 2596; x_wconf 81' lang='grc' dir='ltr'>ἐνδείᾳ,</span> <span class='ocrx_word' id='word_1_396' title='bbox 2968 2527 3055 2604; x_wconf 77' lang='grc' dir='ltr'>ὑφ’</span> <span class='ocrx_word' id='word_1_397' title='bbox 3089 2524 3164 2580; x_wconf 82' lang='grc' dir='ltr'>ὧν</span> <span class='ocrx_word' id='word_1_398' title='bbox 3227 2522 3374 2582; x_wconf 79' lang='grc' dir='ltr'>ἔσται</span> <span class='ocrx_word' id='word_1_399' title='bbox 3429 2536 3844 2604; x_wconf 80' lang='grc' dir='ltr'>καταπραχθῆ-</span> 
     </span>
    </p>
   </div>
   <div class='ocr_carea' id='block_1_54' title="bbox 2163 2611 3847 2690">
    <p class='ocr_par' dir='ltr' id='par_1_54' title="bbox 2163 2611 3847 2690">
     <span class='ocr_line' id='line_1_55' title="bbox 2163 2611 3847 2690; baseline 0.001 -21"><span class='ocrx_word' id='word_1_400' title='bbox 2163 2636 2246 2669; x_wconf 86' lang='grc' dir='ltr'>ναι</span> <span class='ocrx_word' id='word_1_401' title='bbox 2297 2615 2361 2669; x_wconf 87' lang='grc' dir='ltr'>τὸ</span> <span class='ocrx_word' id='word_1_402' title='bbox 2419 2613 2509 2668; x_wconf 79' lang='grc' dir='ltr'>διὰ</span> <span class='ocrx_word' id='word_1_403' title='bbox 2577 2611 2838 2684; x_wconf 79' lang='grc' dir='ltr'>σπουδῆς,</span> <span class='ocrx_word' id='word_1_404' title='bbox 2899 2615 2934 2683; x_wconf 77' lang='grc' dir='ltr'>ἢ</span> <span class='ocrx_word' id='word_1_405' title='bbox 2996 2613 3142 2677; x_wconf 74' lang='grc' dir='ltr'>ὅλως</span> <span class='ocrx_word' id='word_1_406' title='bbox 3198 2615 3517 2690; x_wconf 78' lang='grc' dir='ltr'>προμηθείᾳ</span> <span class='ocrx_word' id='word_1_407' title='bbox 3572 2617 3684 2671; x_wconf 80' lang='grc' dir='ltr'>τινὶ</span> <span class='ocrx_word' id='word_1_408' title='bbox 3742 2621 3847 2672; x_wconf 71' lang='grc' dir='ltr'>τοῦ</span> 
     </span>
    </p>
   </div>
   <div class='ocr_carea' id='block_1_55' title="bbox 2169 2703 3847 2779">
    <p class='ocr_par' dir='ltr' id='par_1_55' title="bbox 2169 2703 3847 2779">
     <span class='ocr_line' id='line_1_56' title="bbox 2169 2703 3847 2779; baseline 0 -19"><span class='ocrx_word' id='word_1_409' title='bbox 2169 2703 2497 2779; x_wconf 87' lang='grc' dir='ltr'>μέλλοντος,</span> <span class='ocrx_word' id='word_1_410' title='bbox 2559 2703 2812 2778; x_wconf 84' lang='grc' dir='ltr'>λαμπρὸν</span> <span class='ocrx_word' id='word_1_411' title='bbox 2875 2705 2971 2777; x_wconf 82' lang='grc' dir='ltr'>μὶν</span> <span class='ocrx_word' id='word_1_412' title='bbox 3029 2704 3106 2765; x_wconf 79' lang='grc' dir='ltr'>είς</span> <span class='ocrx_word' id='word_1_413' title='bbox 3154 2704 3448 2774; x_wconf 76' lang='grc' dir='ltr'>ἱκανότητα</span> <span class='ocrx_word' id='word_1_414' title='bbox 3503 2711 3606 2760; x_wconf 79' lang='grc' dir='ltr'>τοῦ</span> <span class='ocrx_word' id='word_1_415' title='bbox 3666 2703 3847 2779; x_wconf 74' lang='grc' dir='ltr'>δεῖξαι</span> 
     </span>
    </p>
   </div>
   <div class='ocr_carea' id='block_1_56' title="bbox 2171 2790 3849 2869">
    <p class='ocr_par' dir='ltr' id='par_1_56' title="bbox 2171 2790 3849 2869">
     <span class='ocr_line' id='line_1_57' title="bbox 2171 2790 3849 2869; baseline -0.003 -19"><span class='ocrx_word' id='word_1_416' title='bbox 2171 2791 2384 2869; x_wconf 88' lang='grc' dir='ltr'>μεγάλα</span> <span class='ocrx_word' id='word_1_417' title='bbox 2439 2795 2529 2848; x_wconf 85' lang='grc' dir='ltr'>καὶ</span> <span class='ocrx_word' id='word_1_418' title='bbox 2586 2790 2804 2858; x_wconf 86' lang='grc' dir='ltr'>ἀνενδεῆ</span> <span class='ocrx_word' id='word_1_419' title='bbox 2856 2792 2948 2847; x_wconf 84' lang='grc' dir='ltr'>καὶ</span> <span class='ocrx_word' id='word_1_420' title='bbox 3006 2791 3379 2867; x_wconf 83' lang='grc' dir='ltr'>πολύχρηστα</span> <span class='ocrx_word' id='word_1_421' title='bbox 3416 2793 3484 2848; x_wconf 71' lang='grc' dir='ltr'>τὰ</span> <span class='ocrx_word' id='word_1_422' title='bbox 3539 2797 3658 2848; x_wconf 85' lang='grc' dir='ltr'>καθ’</span> <span class='ocrx_word' id='word_1_423' title='bbox 3690 2797 3849 2868; x_wconf 75' lang='grc' dir='ltr'>ἡμᾶς</span> 
     </span>
    </p>
   </div>
   <div class='ocr_carea' id='block_1_57' title="bbox 2169 2879 3842 2958">
    <p class='ocr_par' dir='ltr' id='par_1_57' title="bbox 2169 2879 3842 2958">
     <span class='ocr_line' id='line_1_58' title="bbox 2169 2879 3842 2958; baseline -0.001 -19"><span class='ocrx_word' id='word_1_424' title='bbox 2169 2881 2258 2939; x_wconf 80' lang='grc' dir='ltr'>διὰ</span> <span class='ocrx_word' id='word_1_425' title='bbox 2312 2885 2405 2939; x_wconf 87' lang='grc' dir='ltr'>τὸν</span> <span class='ocrx_word' id='word_1_426' title='bbox 2487 2883 2882 2958; x_wconf 81' lang='grc' dir='ltr'>αὐτοκράτορα.</span> <span class='ocrx_word' id='word_1_427' title='bbox 2938 2883 3267 2956; x_wconf 75' lang='grc' dir='ltr'>Ἐξωτερικὰ</span> <span class='ocrx_word' id='word_1_428' title='bbox 3325 2879 3374 2937; x_wconf 84' lang='grc' dir='ltr'>δ’</span> <span class='ocrx_word' id='word_1_429' title='bbox 3424 2884 3582 2955; x_wconf 74' lang='grc' dir='ltr'>ὅμως</span> <span class='ocrx_word' id='word_1_430' title='bbox 3641 2889 3842 2952; x_wconf 76' lang='grc' dir='ltr'>ταῦτα,</span> 
     </span>
    </p>
   </div>
   <div class='ocr_carea' id='block_1_58' title="bbox 2166 2970 3846 3047">
    <p class='ocr_par' dir='ltr' id='par_1_58' title="bbox 2166 2970 3846 3047">
     <span class='ocr_line' id='line_1_59' title="bbox 2166 2970 3846 3047; baseline -0.002 -17"><span class='ocrx_word' id='word_1_431' title='bbox 2166 2974 2257 3030; x_wconf 85' lang='grc' dir='ltr'>καὶ</span> <span class='ocrx_word' id='word_1_432' title='bbox 2291 2972 2354 3029; x_wconf 77' lang='grc' dir='ltr'>οὔ</span> <span class='ocrx_word' id='word_1_433' title='bbox 2383 2977 2491 3028; x_wconf 82' lang='grc' dir='ltr'>τῶν</span> <span class='ocrx_word' id='word_1_434' title='bbox 2525 2973 2639 3027; x_wconf 87' lang='grc' dir='ltr'>κατ’</span> <span class='ocrx_word' id='word_1_435' title='bbox 2679 2970 2866 3040; x_wconf 78' lang='grc' dir='ltr'>αὐτὸν,</span> <span class='ocrx_word' id='word_1_436' title='bbox 2891 2970 2967 3035; x_wconf 86' lang='grc' dir='ltr'>ὡς</span> <span class='ocrx_word' id='word_1_437' title='bbox 2996 2970 3087 3025; x_wconf 83' lang='grc' dir='ltr'>καὶ</span> <span class='ocrx_word' id='word_1_438' title='bbox 3137 2970 3294 3040; x_wconf 76' lang='grc' dir='ltr'>ἥκειν</span> <span class='ocrx_word' id='word_1_439' title='bbox 3348 2970 3490 3047; x_wconf 92' lang='grc' dir='ltr'>πρός</span> <span class='ocrx_word' id='word_1_440' title='bbox 3539 2993 3665 3026; x_wconf 86' lang='grc' dir='ltr'>τινα</span> <span class='ocrx_word' id='word_1_441' title='bbox 3719 2994 3846 3027; x_wconf 77' lang='grc' dir='ltr'>συν-</span> 
     </span>
    </p>
   </div>
   <div class='ocr_carea' id='block_1_59' title="bbox 2169 3057 3841 3138">
    <p class='ocr_par' dir='ltr' id='par_1_59' title="bbox 2169 3057 3841 3138">
     <span class='ocr_line' id='line_1_60' title="bbox 2169 3057 3841 3138; baseline -0.002 -20"><span class='ocrx_word' id='word_1_442' title='bbox 2169 3062 2442 3118; x_wconf 88' lang='grc' dir='ltr'>ουσίωσιν.</span> <span class='ocrx_word' id='word_1_443' title='bbox 2475 3060 2684 3117; x_wconf 84' lang='grc' dir='ltr'>Ἐλθεῖν</span> <span class='ocrx_word' id='word_1_444' title='bbox 2747 3057 2805 3114; x_wconf 70' lang='grc' dir='ltr'>δέ</span> <span class='ocrx_word' id='word_1_445' title='bbox 2855 3059 2908 3131; x_wconf 79' lang='grc' dir='ltr'>ἐξ</span> <span class='ocrx_word' id='word_1_446' title='bbox 2969 3059 3276 3137; x_wconf 83' lang='grc' dir='ltr'>ὑπερορίων</span> <span class='ocrx_word' id='word_1_447' title='bbox 3329 3059 3578 3135; x_wconf 73' lang='grc' dir='ltr'>ἀγνῶτας</span> <span class='ocrx_word' id='word_1_448' title='bbox 3608 3059 3841 3138; x_wconf 73' lang='grc' dir='ltr'>ἄνδρας,</span> 
     </span>
    </p>
   </div>
   <div class='ocr_carea' id='block_1_60' title="bbox 2086 3136 3841 3226">
    <p class='ocr_par' dir='ltr' id='par_1_60' title="bbox 2086 3136 3841 3226">
     <span class='ocr_line' id='line_1_61' title="bbox 2086 3136 3841 3226; baseline 0.001 -22"><span class='ocrx_word' id='word_1_449' title='bbox 2086 3136 2130 3204; x_wconf 78' lang='lat' dir='ltr'><strong><em>C</em></strong></span> <span class='ocrx_word' id='word_1_450' title='bbox 2165 3153 2254 3207; x_wconf 84' lang='grc' dir='ltr'>καὶ</span> <span class='ocrx_word' id='word_1_451' title='bbox 2315 3150 2540 3221; x_wconf 81' lang='grc' dir='ltr'>θελῆσαι</span> <span class='ocrx_word' id='word_1_452' title='bbox 2600 3147 2748 3204; x_wconf 84' lang='grc' dir='ltr'>δεινᾶ</span> <span class='ocrx_word' id='word_1_453' title='bbox 2802 3151 3014 3218; x_wconf 79' lang='grc' dir='ltr'>παθεῖν,</span> <span class='ocrx_word' id='word_1_454' title='bbox 3065 3136 3165 3204; x_wconf 73' lang='grc' dir='ltr'>ὅσα</span> <span class='ocrx_word' id='word_1_455' title='bbox 3217 3154 3301 3222; x_wconf 74' lang='grc' dir='ltr'>τῷ</span> <span class='ocrx_word' id='word_1_456' title='bbox 3357 3155 3458 3218; x_wconf 83' lang='grc' dir='ltr'>τῆς</span> <span class='ocrx_word' id='word_1_457' title='bbox 3509 3136 3841 3226; x_wconf 84' lang='grc' dir='ltr'>ὁδοιπορίας</span> 
     </span>
    </p>
   </div>
   <div class='ocr_carea' id='block_1_61' title="bbox 417 3236 3846 3317">
    <p class='ocr_par' dir='ltr' id='par_1_61' title="bbox 417 3236 3846 3317">
     <span class='ocr_line' id='line_1_62' title="bbox 417 3236 3846 3317; baseline -0.001 -20"><span class='ocrx_word' id='word_1_458' title='bbox 417 3244 610 3317; x_wconf 87' lang='grc' dir='ltr'>μακρῷ</span> <span class='ocrx_word' id='word_1_459' title='bbox 640 3237 936 3312; x_wconf 79' lang='grc' dir='ltr'>συνδιήκει,</span> <span class='ocrx_word' id='word_1_460' title='bbox 968 3239 1057 3295; x_wconf 84' lang='grc' dir='ltr'>καὶ</span> <span class='ocrx_word' id='word_1_461' title='bbox 1084 3243 1252 3296; x_wconf 83' lang='grc' dir='ltr'>ταῦτα</span> <span class='ocrx_word' id='word_1_462' title='bbox 1281 3241 1415 3317; x_wconf 83' lang='grc' dir='ltr'>πρὸς</span> <span class='ocrx_word' id='word_1_463' title='bbox 1447 3242 1610 3317; x_wconf 84' lang='grc' dir='ltr'>χάριν</span> <span class='ocrx_word' id='word_1_464' title='bbox 1645 3240 1785 3315; x_wconf 82' lang='grc' dir='ltr'>θέας,</span> <span class='ocrx_word' id='word_1_465' title='bbox 1815 3240 1904 3296; x_wconf 86' lang='grc' dir='ltr'>καὶ</span> <span class='ocrx_word' id='word_1_466' title='bbox 1960 3241 2124 3315; x_wconf 87' lang='grc' dir='ltr'>μόνον</span> <span class='ocrx_word' id='word_1_467' title='bbox 2173 3241 2263 3297; x_wconf 80' lang='grc' dir='ltr'>καὶ</span> <span class='ocrx_word' id='word_1_468' title='bbox 2310 3241 2561 3316; x_wconf 74' lang='grc' dir='ltr'>ἐντυχίας</span> <span class='ocrx_word' id='word_1_469' title='bbox 2614 3238 2882 3308; x_wconf 82' lang='grc' dir='ltr'>εὐκταίας,</span> <span class='ocrx_word' id='word_1_470' title='bbox 2914 3236 3062 3294; x_wconf 81' lang='grc' dir='ltr'>ἀλλὰ</span> <span class='ocrx_word' id='word_1_471' title='bbox 3105 3243 3272 3293; x_wconf 77' lang='grc' dir='ltr'>τοῦτο</span> <span class='ocrx_word' id='word_1_472' title='bbox 3331 3237 3436 3294; x_wconf 82' lang='grc' dir='ltr'>οὐκ</span> <span class='ocrx_word' id='word_1_473' title='bbox 3488 3239 3566 3302; x_wconf 86' lang='grc' dir='ltr'>είς</span> <span class='ocrx_word' id='word_1_474' title='bbox 3625 3238 3846 3294; x_wconf 76' lang='grc' dir='ltr'>ἁπλοῦν</span> 
     </span>
    </p>
   </div>
   <div class='ocr_carea' id='block_1_62' title="bbox 413 3326 3843 3408">
    <p class='ocr_par' dir='ltr' id='par_1_62' title="bbox 413 3326 3843 3408">
     <span class='ocr_line' id='line_1_63' title="bbox 413 3326 3843 3408; baseline -0.001 -21"><span class='ocrx_word' id='word_1_475' title='bbox 413 3330 584 3387; x_wconf 79' lang='grc' dir='ltr'>είπεῖν</span> <span class='ocrx_word' id='word_1_476' title='bbox 639 3327 750 3386; x_wconf 76' lang='grc' dir='ltr'>ἔστι</span> <span class='ocrx_word' id='word_1_477' title='bbox 803 3333 963 3406; x_wconf 82' lang='grc' dir='ltr'>μέγα,</span> <span class='ocrx_word' id='word_1_478' title='bbox 998 3329 1074 3394; x_wconf 79' lang='grc' dir='ltr'>είς</span> <span class='ocrx_word' id='word_1_479' title='bbox 1131 3330 1295 3408; x_wconf 88' lang='grc' dir='ltr'>μυρία</span> <span class='ocrx_word' id='word_1_480' title='bbox 1352 3329 1410 3386; x_wconf 77' lang='grc' dir='ltr'>δὶ</span> <span class='ocrx_word' id='word_1_481' title='bbox 1465 3333 1792 3408; x_wconf 83' lang='grc' dir='ltr'>κατασχίσαι</span> <span class='ocrx_word' id='word_1_482' title='bbox 1851 3330 2117 3406; x_wconf 88' lang='grc' dir='ltr'>θαύματα.</span> <span class='ocrx_word' id='word_1_483' title='bbox 2169 3331 2347 3402; x_wconf 84' lang='grc' dir='ltr'>Δῆλον</span> <span class='ocrx_word' id='word_1_484' title='bbox 2393 3330 2517 3407; x_wconf 81' lang='grc' dir='ltr'>γὰρ,</span> <span class='ocrx_word' id='word_1_485' title='bbox 2562 3329 2636 3392; x_wconf 84' lang='grc' dir='ltr'>ὡς</span> <span class='ocrx_word' id='word_1_486' title='bbox 2688 3327 2854 3404; x_wconf 79' lang='grc' dir='ltr'>μέγας</span> <span class='ocrx_word' id='word_1_487' title='bbox 2905 3329 3136 3404; x_wconf 84' lang='grc' dir='ltr'>βροντῆς</span> <span class='ocrx_word' id='word_1_488' title='bbox 3177 3327 3325 3403; x_wconf 78' lang='grc' dir='ltr'>ἦχος</span> <span class='ocrx_word' id='word_1_489' title='bbox 3367 3326 3457 3384; x_wconf 76' lang='grc' dir='ltr'>ἐπὶ</span> <span class='ocrx_word' id='word_1_490' title='bbox 3520 3328 3843 3404; x_wconf 77' lang='grc' dir='ltr'>βασιλικοῖς</span> 
     </span>
    </p>
   </div>
   <div class='ocr_carea' id='block_1_63' title="bbox 415 3417 1896 3499">
    <p class='ocr_par' dir='ltr' id='par_1_63' title="bbox 415 3417 1896 3499">
     <span class='ocr_line' id='line_1_64' title="bbox 415 3417 1896 3499; baseline -0.001 -22"><span class='ocrx_word' id='word_1_491' title='bbox 415 3418 894 3499; x_wconf 79' lang='grc' dir='ltr'>άνδραγαθήμασιν</span> <span class='ocrx_word' id='word_1_492' title='bbox 923 3420 1000 3484; x_wconf 81' lang='grc' dir='ltr'>εἰς</span> <span class='ocrx_word' id='word_1_493' title='bbox 1027 3420 1090 3476; x_wconf 85' lang='grc' dir='ltr'>τὸ</span> <span class='ocrx_word' id='word_1_494' title='bbox 1126 3419 1262 3476; x_wconf 82' lang='grc' dir='ltr'>κατὰ</span> <span class='ocrx_word' id='word_1_495' title='bbox 1288 3417 1530 3492; x_wconf 76' lang='grc' dir='ltr'>σπουδὴν</span> <span class='ocrx_word' id='word_1_496' title='bbox 1557 3419 1896 3497; x_wconf 70' lang='grc' dir='ltr'>ἐπέστρεψεν.</span> 
     </span>
    </p>
   </div>
   <div class='ocr_carea' id='block_1_64' title="bbox 489 3665 2071 3741">
    <p class='ocr_par' dir='ltr' id='par_1_64' title="bbox 489 3665 2071 3741">
     <span class='ocr_line' id='line_1_65' title="bbox 489 3665 2071 3741; baseline -0.001 -17"><span class='ocrx_word' id='word_1_497' title='bbox 489 3669 580 3727; x_wconf 77' lang='grc'>21.</span> <span class='ocrx_word' id='word_1_498' title='bbox 616 3668 726 3725; x_wconf 82' lang='lat' dir='ltr'><strong>Sed</strong></span> <span class='ocrx_word' id='word_1_499' title='bbox 758 3684 864 3724; x_wconf 91' lang='lat' dir='ltr'><strong>cur</strong></span> <span class='ocrx_word' id='word_1_500' title='bbox 891 3666 1114 3740; x_wconf 86' lang='lat' dir='ltr'><strong>legatos</strong></span> <span class='ocrx_word' id='word_1_501' title='bbox 1145 3665 1274 3722; x_wconf 90' lang='lat' dir='ltr'><strong>dico</strong></span> <span class='ocrx_word' id='word_1_502' title='bbox 1300 3669 1610 3724; x_wconf 88' lang='lat' dir='ltr'><strong>stemmate</strong></span> <span class='ocrx_word' id='word_1_503' title='bbox 1641 3667 2071 3741; x_wconf 87' lang='lat' dir='ltr'><strong>insignes,dum</strong></span> 
     </span>
    </p>
   </div>
   <div class='ocr_carea' id='block_1_65' title="bbox 419 3755 2075 3830">
    <p class='ocr_par' dir='ltr' id='par_1_65' title="bbox 419 3755 2075 3830">
     <span class='ocr_line' id='line_1_66' title="bbox 419 3755 2075 3830; baseline -0.002 -13"><span class='ocrx_word' id='word_1_504' title='bbox 419 3759 558 3816; x_wconf 90' lang='lat' dir='ltr'><strong>licet</strong></span> <span class='ocrx_word' id='word_1_505' title='bbox 588 3775 858 3816; x_wconf 89' lang='lat' dir='ltr'><strong>summos</strong></span> <span class='ocrx_word' id='word_1_506' title='bbox 891 3755 1274 3830; x_wconf 84' lang='lat' dir='ltr'><strong>magistratus</strong></span> <span class='ocrx_word' id='word_1_507' title='bbox 1304 3757 1771 3827; x_wconf 55' lang='lat' dir='ltr'><strong>consideraread</strong></span> <span class='ocrx_word' id='word_1_508' title='bbox 1795 3775 1900 3814; x_wconf 87' lang='lat' dir='ltr'>nos</span> <span class='ocrx_word' id='word_1_509' title='bbox 1933 3758 2075 3813; x_wconf 85' lang='lat' dir='ltr'><strong>mis-</strong></span> 
     </span>
    </p>
   </div>
   <div class='ocr_carea' id='block_1_66' title="bbox 421 3845 2076 3920">
    <p class='ocr_par' dir='ltr' id='par_1_66' title="bbox 421 3845 2076 3920">
     <span class='ocr_line' id='line_1_67' title="bbox 421 3845 2076 3920; baseline -0.004 -13"><span class='ocrx_word' id='word_1_510' title='bbox 421 3866 542 3915; x_wconf 80' lang='lat' dir='ltr'><strong>los,</strong></span> <span class='ocrx_word' id='word_1_511' title='bbox 576 3853 642 3905; x_wconf 90' lang='lat' dir='ltr'>ut</span> <span class='ocrx_word' id='word_1_512' title='bbox 665 3848 1004 3920; x_wconf 88' lang='lat' dir='ltr'><strong>imperatori</strong></span> <span class='ocrx_word' id='word_1_513' title='bbox 1035 3845 1321 3902; x_wconf 91' lang='lat' dir='ltr'><strong>tributum</strong></span> <span class='ocrx_word' id='word_1_514' title='bbox 1353 3847 1644 3917; x_wconf 73' lang='lat' dir='ltr'><strong>afferrent,</strong></span> <span class='ocrx_word' id='word_1_515' title='bbox 1675 3852 1777 3903; x_wconf 91' lang='lat' dir='ltr'>aut</span> <span class='ocrx_word' id='word_1_516' title='bbox 1807 3852 1939 3920; x_wconf 87' lang='lat' dir='ltr'><strong>post</strong></span> <span class='ocrx_word' id='word_1_517' title='bbox 1971 3863 2076 3902; x_wconf 86' lang='lat' dir='ltr'>ne-</span> 
     </span>
    </p>
   </div>
   <div class='ocr_carea' id='block_1_67' title="bbox 423 3937 2078 4012">
    <p class='ocr_par' dir='ltr' id='par_1_67' title="bbox 423 3937 2078 4012">
     <span class='ocr_line' id='line_1_68' title="bbox 423 3937 2078 4012; baseline -0.001 -19"><span class='ocrx_word' id='word_1_518' title='bbox 423 3938 584 4012; x_wconf 86' lang='lat' dir='ltr'><strong>gotia</strong></span> <span class='ocrx_word' id='word_1_519' title='bbox 636 3939 894 4010; x_wconf 90' lang='lat' dir='ltr'><strong>peracta,</strong></span> <span class='ocrx_word' id='word_1_520' title='bbox 927 3940 984 3992; x_wconf 90' lang='lat' dir='ltr'>et</span> <span class='ocrx_word' id='word_1_521' title='bbox 1031 3940 1340 4008; x_wconf 90' lang='lat' dir='ltr'><strong>postquam</strong></span> <span class='ocrx_word' id='word_1_522' title='bbox 1390 3937 1762 4010; x_wconf 86' lang='lat' dir='ltr'><strong>imperatoris</strong></span> <span class='ocrx_word' id='word_1_523' title='bbox 1801 3938 2078 4009; x_wconf 89' lang='lat' dir='ltr'><strong>majesta-</strong></span> 
     </span>
    </p>
   </div>
   <div class='ocr_carea' id='block_1_68' title="bbox 425 4024 2075 4093">
    <p class='ocr_par' dir='ltr' id='par_1_68' title="bbox 425 4024 2075 4093">
     <span class='ocr_line' id='line_1_69' title="bbox 425 4024 2075 4093; baseline 0 -11"><span class='ocrx_word' id='word_1_524' title='bbox 425 4030 545 4082; x_wconf 91' lang='lat' dir='ltr'>tem</span> <span class='ocrx_word' id='word_1_525' title='bbox 577 4024 766 4082; x_wconf 91' lang='lat' dir='ltr'><strong>oculis</strong></span> <span class='ocrx_word' id='word_1_526' title='bbox 794 4025 1101 4093; x_wconf 87' lang='lat' dir='ltr'><strong>vidissent,</strong></span> <span class='ocrx_word' id='word_1_527' title='bbox 1133 4030 1235 4082; x_wconf 90' lang='lat' dir='ltr'>aut</span> <span class='ocrx_word' id='word_1_528' title='bbox 1279 4025 1580 4082; x_wconf 91' lang='lat' dir='ltr'><strong>oculorum</strong></span> <span class='ocrx_word' id='word_1_529' title='bbox 1625 4027 1951 4084; x_wconf 86' lang='lat' dir='ltr'><strong>curiositati</strong></span> <span class='ocrx_word' id='word_1_530' title='bbox 1983 4043 2075 4082; x_wconf 89' lang='lat' dir='ltr'>sa-</span> 
     </span>
    </p>
   </div>
   <div class='ocr_carea' id='block_1_69' title="bbox 426 4115 2077 4189">
    <p class='ocr_par' dir='ltr' id='par_1_69' title="bbox 426 4115 2077 4189">
     <span class='ocr_line' id='line_1_70' title="bbox 426 4115 2077 4189; baseline 0 -17"><span class='ocrx_word' id='word_1_531' title='bbox 426 4115 786 4182; x_wconf 81' lang='lat' dir='ltr'><strong>tisfacerent,</strong></span> <span class='ocrx_word' id='word_1_532' title='bbox 816 4120 874 4171; x_wconf 88' lang='lat' dir='ltr'>et</span> <span class='ocrx_word' id='word_1_533' title='bbox 905 4115 1130 4172; x_wconf 87' lang='lat' dir='ltr'><strong>civibus</strong></span> <span class='ocrx_word' id='word_1_534' title='bbox 1180 4117 1304 4172; x_wconf 90' lang='lat' dir='ltr'><strong>suis</strong></span> <span class='ocrx_word' id='word_1_535' title='bbox 1339 4117 1463 4174; x_wconf 90' lang='lat' dir='ltr'><strong>visa</strong></span> <span class='ocrx_word' id='word_1_536' title='bbox 1510 4116 1830 4189; x_wconf 89' lang='lat' dir='ltr'><strong>auditaque</strong></span> <span class='ocrx_word' id='word_1_537' title='bbox 1872 4133 2077 4172; x_wconf 90' lang='lat' dir='ltr'><strong>narra-</strong></span> 
     </span>
    </p>
   </div>
   <div class='ocr_carea' id='block_1_70' title="bbox 431 4204 2080 4276">
    <p class='ocr_par' dir='ltr' id='par_1_70' title="bbox 431 4204 2080 4276">
     <span class='ocr_line' id='line_1_71' title="bbox 431 4204 2080 4276; baseline 0 -14"><span class='ocrx_word' id='word_1_538' title='bbox 431 4209 584 4262; x_wconf 88' lang='lat' dir='ltr'><strong>rent.</strong></span> <span class='ocrx_word' id='word_1_539' title='bbox 642 4204 833 4276; x_wconf 86' lang='lat' dir='ltr'><strong>Hujus</strong></span> <span class='ocrx_word' id='word_1_540' title='bbox 882 4205 1108 4263; x_wconf 90' lang='lat' dir='ltr'><strong>ordinis</strong></span> <span class='ocrx_word' id='word_1_541' title='bbox 1150 4211 1291 4262; x_wconf 89' lang='lat' dir='ltr'><strong>sunt</strong></span> <span class='ocrx_word' id='word_1_542' title='bbox 1321 4207 1630 4264; x_wconf 90' lang='lat' dir='ltr'><strong>Persarum</strong></span> <span class='ocrx_word' id='word_1_543' title='bbox 1675 4206 1993 4263; x_wconf 86' lang='lat' dir='ltr'><strong>monarcba</strong></span> <span class='ocrx_word' id='word_1_544' title='bbox 2023 4211 2080 4262; x_wconf 91' lang='lat' dir='ltr'>et</span> 
     </span>
    </p>
   </div>
   <div class='ocr_carea' id='block_1_71' title="bbox 430 4295 2078 4370">
    <p class='ocr_par' dir='ltr' id='par_1_71' title="bbox 430 4295 2078 4370">
     <span class='ocr_line' id='line_1_72' title="bbox 430 4295 2078 4370; baseline -0.001 -16"><span class='ocrx_word' id='word_1_545' title='bbox 430 4295 878 4354; x_wconf 75' lang='lat' dir='ltr'><strong>Palaestinorum</strong></span> <span class='ocrx_word' id='word_1_546' title='bbox 912 4312 1011 4352; x_wconf 85' lang='lat' dir='ltr'><strong>rex</strong></span> <span class='ocrx_word' id='word_1_547' title='bbox 1035 4314 1048 4366; x_wconf 91' lang='lat'><strong>;</strong></span> <span class='ocrx_word' id='word_1_548' title='bbox 1072 4300 1496 4354; x_wconf 88' lang='lat' dir='ltr'><strong>Germanorum</strong></span> <span class='ocrx_word' id='word_1_549' title='bbox 1529 4298 1865 4370; x_wconf 89' lang='lat' dir='ltr'><strong>imperator,</strong></span> <span class='ocrx_word' id='word_1_550' title='bbox 1897 4297 2078 4352; x_wconf 89' lang='lat' dir='ltr'><strong>totius</strong></span> 
     </span>
    </p>
   </div>
   <div class='ocr_carea' id='block_1_72' title="bbox 426 4385 2078 4460">
    <p class='ocr_par' dir='ltr' id='par_1_72' title="bbox 426 4385 2078 4460">
     <span class='ocr_line' id='line_1_73' title="bbox 426 4385 2078 4460; baseline -0.002 -16"><span class='ocrx_word' id='word_1_551' title='bbox 426 4386 752 4444; x_wconf 64' lang='lat' dir='ltr'><strong>Germania:</strong></span> <span class='ocrx_word' id='word_1_552' title='bbox 785 4386 1078 4460; x_wconf 90' lang='lat' dir='ltr'><strong>princeps,</strong></span> <span class='ocrx_word' id='word_1_553' title='bbox 1131 4391 1188 4443; x_wconf 90' lang='lat' dir='ltr'>et</span> <span class='ocrx_word' id='word_1_554' title='bbox 1243 4387 1363 4455; x_wconf 89' lang='lat' dir='ltr'><strong>alii,</strong></span> <span class='ocrx_word' id='word_1_555' title='bbox 1398 4386 1501 4460; x_wconf 92' lang='lat' dir='ltr'>qui</span> <span class='ocrx_word' id='word_1_556' title='bbox 1555 4388 1626 4443; x_wconf 92' lang='lat' dir='ltr'>ad</span> <span class='ocrx_word' id='word_1_557' title='bbox 1687 4401 1792 4442; x_wconf 90' lang='lat' dir='ltr'>nos</span> <span class='ocrx_word' id='word_1_558' title='bbox 1833 4385 2078 4459; x_wconf 83' lang='lat' dir='ltr'><strong>profecti</strong></span> 
     </span>
    </p>
   </div>
   <div class='ocr_carea' id='block_1_73' title="bbox 427 4474 2076 4546">
    <p class='ocr_par' dir='ltr' id='par_1_73' title="bbox 427 4474 2076 4546">
     <span class='ocr_line' id='line_1_74' title="bbox 427 4474 2076 4546; baseline -0.003 -12"><span class='ocrx_word' id='word_1_559' title='bbox 427 4481 590 4546; x_wconf 89' lang='lat' dir='ltr'><strong>sunt,</strong></span> <span class='ocrx_word' id='word_1_560' title='bbox 662 4477 841 4534; x_wconf 89' lang='lat' dir='ltr'><strong>dubio</strong></span> <span class='ocrx_word' id='word_1_561' title='bbox 908 4477 1159 4534; x_wconf 82' lang='lat' dir='ltr'><strong>fortasse</strong></span> <span class='ocrx_word' id='word_1_562' title='bbox 1243 4493 1542 4534; x_wconf 90' lang='lat' dir='ltr'><strong>successu.</strong></span> <span class='ocrx_word' id='word_1_563' title='bbox 1611 4477 1848 4532; x_wconf 82' lang='lat' dir='ltr'><strong>Paeones</strong></span> <span class='ocrx_word' id='word_1_564' title='bbox 1921 4474 2076 4531; x_wconf 91' lang='lat' dir='ltr'><strong>enim</strong></span> 
     </span>
    </p>
   </div>
   <div class='ocr_carea' id='block_1_74' title="bbox 426 4565 2080 4640">
    <p class='ocr_par' dir='ltr' id='par_1_74' title="bbox 426 4565 2080 4640">
     <span class='ocr_line' id='line_1_75' title="bbox 426 4565 2080 4640; baseline -0.002 -17"><span class='ocrx_word' id='word_1_565' title='bbox 426 4571 486 4623; x_wconf 90' lang='lat' dir='ltr'>et</span> <span class='ocrx_word' id='word_1_566' title='bbox 550 4566 803 4640; x_wconf 84' lang='lat' dir='ltr'><strong>Gepidas</strong></span> <span class='ocrx_word' id='word_1_567' title='bbox 867 4570 924 4623; x_wconf 92' lang='lat' dir='ltr'>et</span> <span class='ocrx_word' id='word_1_568' title='bbox 988 4566 1232 4640; x_wconf 82' lang='lat' dir='ltr'><strong>Scythas</strong></span> <span class='ocrx_word' id='word_1_569' title='bbox 1295 4570 1353 4622; x_wconf 90' lang='lat' dir='ltr'>et</span> <span class='ocrx_word' id='word_1_570' title='bbox 1406 4569 1494 4622; x_wconf 90' lang='lat' dir='ltr'>tot</span> <span class='ocrx_word' id='word_1_571' title='bbox 1555 4565 1702 4621; x_wconf 89' lang='lat' dir='ltr'><strong>alios</strong></span> <span class='ocrx_word' id='word_1_572' title='bbox 1741 4579 2080 4636; x_wconf 88' lang='lat' dir='ltr'><strong>nuncupare</strong></span> 
     </span>
    </p>
   </div>
   <div class='ocr_carea' id='block_1_75' title="bbox 427 4654 2081 4728">
    <p class='ocr_par' dir='ltr' id='par_1_75' title="bbox 427 4654 2081 4728">
     <span class='ocr_line' id='line_1_76' title="bbox 427 4654 2081 4728; baseline -0.002 -16"><span class='ocrx_word' id='word_1_573' title='bbox 427 4655 672 4728; x_wconf 90' lang='lat' dir='ltr'><strong>longum</strong></span> <span class='ocrx_word' id='word_1_574' title='bbox 711 4659 822 4724; x_wconf 90' lang='lat' dir='ltr'><strong>est,</strong></span> <span class='ocrx_word' id='word_1_575' title='bbox 855 4673 1022 4728; x_wconf 92' lang='lat' dir='ltr'><strong>quos,</strong></span> <span class='ocrx_word' id='word_1_576' title='bbox 1066 4660 1131 4712; x_wconf 92' lang='lat' dir='ltr'>ut</span> <span class='ocrx_word' id='word_1_577' title='bbox 1187 4654 1533 4712; x_wconf 89' lang='lat' dir='ltr'><strong>summatim</strong></span> <span class='ocrx_word' id='word_1_578' title='bbox 1595 4654 1809 4725; x_wconf 90' lang='lat' dir='ltr'><strong>dicam,</strong></span> <span class='ocrx_word' id='word_1_579' title='bbox 1851 4657 2081 4726; x_wconf 89' lang='lat' dir='ltr'><strong>stupor,</strong></span> 
     </span>
    </p>
   </div>
   <div class='ocr_carea' id='block_1_76' title="bbox 427 4742 2078 4815">
    <p class='ocr_par' dir='ltr' id='par_1_76' title="bbox 427 4742 2078 4815">
     <span class='ocr_line' id='line_1_77' title="bbox 427 4742 2078 4815; baseline -0.002 -15"><span class='ocrx_word' id='word_1_580' title='bbox 427 4749 621 4800; x_wconf 88' lang='lat' dir='ltr'><strong>metus</strong></span> <span class='ocrx_word' id='word_1_581' title='bbox 673 4749 732 4802; x_wconf 92' lang='lat' dir='ltr'>et</span> <span class='ocrx_word' id='word_1_582' title='bbox 795 4744 996 4801; x_wconf 81' lang='lat' dir='ltr'><strong>auxilii</strong></span> <span class='ocrx_word' id='word_1_583' title='bbox 1070 4744 1407 4803; x_wconf 85' lang='lat' dir='ltr'><strong>sollicitatio</strong></span> <span class='ocrx_word' id='word_1_584' title='bbox 1472 4745 1546 4800; x_wconf 91' lang='lat' dir='ltr'>ad</span> <span class='ocrx_word' id='word_1_585' title='bbox 1615 4760 1722 4799; x_wconf 90' lang='lat' dir='ltr'>nos</span> <span class='ocrx_word' id='word_1_586' title='bbox 1788 4742 2078 4815; x_wconf 86' lang='lat' dir='ltr'><strong>perduxit.</strong></span> 
     </span>
    </p>
   </div>
   <div class='ocr_carea' id='block_1_77' title="bbox 427 4832 2080 4908">
    <p class='ocr_par' dir='ltr' id='par_1_77' title="bbox 427 4832 2080 4908">
     <span class='ocr_line' id='line_1_78' title="bbox 427 4832 2080 4908; baseline -0.002 -18"><span class='ocrx_word' id='word_1_587' title='bbox 427 4835 642 4906; x_wconf 90' lang='lat' dir='ltr'><strong>Stupor</strong></span> <span class='ocrx_word' id='word_1_588' title='bbox 677 4834 750 4891; x_wconf 90' lang='lat' dir='ltr'>ob</span> <span class='ocrx_word' id='word_1_589' title='bbox 809 4851 1076 4893; x_wconf 88' lang='lat' dir='ltr'><strong>rumores</strong></span> <span class='ocrx_word' id='word_1_590' title='bbox 1132 4833 1560 4908; x_wconf 81' lang='lat' dir='ltr'><strong>promulgatas,</strong></span> <span class='ocrx_word' id='word_1_591' title='bbox 1619 4837 1812 4889; x_wconf 91' lang='lat' dir='ltr'><strong>metus</strong></span> <span class='ocrx_word' id='word_1_592' title='bbox 1852 4849 1924 4888; x_wconf 91' lang='lat' dir='ltr'>ne</span> <span class='ocrx_word' id='word_1_593' title='bbox 1964 4832 2080 4888; x_wconf 89' lang='lat' dir='ltr'><strong>Im-</strong></span> 
     </span>
    </p>
   </div>
   <div class='ocr_carea' id='block_1_78' title="bbox 426 4922 2084 4998">
    <p class='ocr_par' dir='ltr' id='par_1_78' title="bbox 426 4922 2084 4998">
     <span class='ocr_line' id='line_1_79' title="bbox 426 4922 2084 4998; baseline -0.001 -20"><span class='ocrx_word' id='word_1_594' title='bbox 426 4922 714 4996; x_wconf 90' lang='lat' dir='ltr'><strong>peratoris</strong></span> <span class='ocrx_word' id='word_1_595' title='bbox 773 4923 1032 4982; x_wconf 89' lang='lat' dir='ltr'><strong>amicitia</strong></span> <span class='ocrx_word' id='word_1_596' title='bbox 1087 4923 1297 4998; x_wconf 87' lang='lat' dir='ltr'><strong>privati</strong></span> <span class='ocrx_word' id='word_1_597' title='bbox 1355 4923 1510 4980; x_wconf 90' lang='lat' dir='ltr'><strong>mala</strong></span> <span class='ocrx_word' id='word_1_598' title='bbox 1566 4925 1941 4996; x_wconf 89' lang='lat' dir='ltr'><strong>paterentur;</strong></span> <span class='ocrx_word' id='word_1_599' title='bbox 1972 4925 2084 4978; x_wconf 87' lang='lat' dir='ltr'><strong>ter-</strong></span> 
     </span>
    </p>
   </div>
   <div class='ocr_carea' id='block_1_79' title="bbox 2255 3655 3851 3738">
    <p class='ocr_par' dir='ltr' id='par_1_79' title="bbox 2255 3655 3851 3738">
     <span class='ocr_line' id='line_1_80' title="bbox 2255 3655 3851 3738; baseline -0.002 -19"><span class='ocrx_word' id='word_1_600' title='bbox 2255 3665 2356 3720; x_wconf 81' lang='grc' dir='ltr'>κα’.</span> <span class='ocrx_word' id='word_1_601' title='bbox 2386 3660 2565 3720; x_wconf 79' lang='grc' dir='ltr'>Ἀλλὰ</span> <span class='ocrx_word' id='word_1_602' title='bbox 2593 3661 2644 3716; x_wconf 90' lang='grc' dir='ltr'>τί</span> <span class='ocrx_word' id='word_1_603' title='bbox 2694 3681 2788 3738; x_wconf 88' lang='grc' dir='ltr'>μοι</span> <span class='ocrx_word' id='word_1_604' title='bbox 2819 3655 3074 3736; x_wconf 87' lang='grc' dir='ltr'>πρέσϐεις</span> <span class='ocrx_word' id='word_1_605' title='bbox 3121 3658 3303 3735; x_wconf 89' lang='grc' dir='ltr'>λέγειν</span> <span class='ocrx_word' id='word_1_606' title='bbox 3338 3660 3464 3722; x_wconf 79' lang='grc' dir='ltr'>τοὺς</span> <span class='ocrx_word' id='word_1_607' title='bbox 3514 3661 3621 3716; x_wconf 80' lang='grc' dir='ltr'>ὑπὸ</span> <span class='ocrx_word' id='word_1_608' title='bbox 3683 3661 3851 3733; x_wconf 82' lang='grc' dir='ltr'>στέμ-</span> 
     </span>
    </p>
   </div>
   <div class='ocr_carea' id='block_1_80' title="bbox 2190 3747 3855 3828">
    <p class='ocr_par' dir='ltr' id='par_1_80' title="bbox 2190 3747 3855 3828">
     <span class='ocr_line' id='line_1_81' title="bbox 2190 3747 3855 3828; baseline -0.003 -20"><span class='ocrx_word' id='word_1_609' title='bbox 2190 3774 2372 3828; x_wconf 86' lang='grc' dir='ltr'>μασιν,</span> <span class='ocrx_word' id='word_1_610' title='bbox 2432 3753 2546 3824; x_wconf 75' lang='grc' dir='ltr'>ἐξὸν</span> <span class='ocrx_word' id='word_1_611' title='bbox 2593 3757 2864 3826; x_wconf 79' lang='grc' dir='ltr'>θεωρῆσαι</span> <span class='ocrx_word' id='word_1_612' title='bbox 2922 3749 3221 3824; x_wconf 80' lang='grc' dir='ltr'>κορυφαίας</span> <span class='ocrx_word' id='word_1_613' title='bbox 3268 3749 3444 3825; x_wconf 81' lang='grc' dir='ltr'>ἀρχὰς</span> <span class='ocrx_word' id='word_1_614' title='bbox 3507 3747 3855 3823; x_wconf 70' lang='grc' dir='ltr'>ἐσταλμένας</span> 
     </span>
    </p>
   </div>
   <div class='ocr_carea' id='block_1_81' title="bbox 2190 3835 3854 3918">
    <p class='ocr_par' dir='ltr' id='par_1_81' title="bbox 2190 3835 3854 3918">
     <span class='ocr_line' id='line_1_82' title="bbox 2190 3835 3854 3918; baseline 0.001 -26"><span class='ocrx_word' id='word_1_615' title='bbox 2190 3843 2355 3918; x_wconf 76' lang='grc' dir='ltr'>μέχρι</span> <span class='ocrx_word' id='word_1_616' title='bbox 2404 3840 2492 3895; x_wconf 89' lang='grc' dir='ltr'>καὶ</span> <span class='ocrx_word' id='word_1_617' title='bbox 2541 3840 2616 3903; x_wconf 73' lang='grc' dir='ltr'>εἷς</span> <span class='ocrx_word' id='word_1_618' title='bbox 2643 3842 2818 3912; x_wconf 76' lang='grc' dir='ltr'>ἡμᾶς,</span> <span class='ocrx_word' id='word_1_619' title='bbox 2847 3839 2944 3900; x_wconf 80' lang='grc' dir='ltr'>τὰς</span> <span class='ocrx_word' id='word_1_620' title='bbox 2978 3839 3073 3911; x_wconf 75' lang='grc' dir='ltr'>μὲν</span> <span class='ocrx_word' id='word_1_621' title='bbox 3106 3838 3243 3893; x_wconf 85' lang='grc' dir='ltr'>κατά</span> <span class='ocrx_word' id='word_1_622' title='bbox 3269 3860 3321 3893; x_wconf 90' lang='grc' dir='ltr'>τι</span> <span class='ocrx_word' id='word_1_623' title='bbox 3354 3837 3514 3914; x_wconf 80' lang='grc' dir='ltr'>ἔργον</span> <span class='ocrx_word' id='word_1_624' title='bbox 3541 3835 3760 3913; x_wconf 68' lang='grc' dir='ltr'>ἕτερον,</span> <span class='ocrx_word' id='word_1_625' title='bbox 3789 3840 3854 3894; x_wconf 70' lang='grc' dir='ltr'>οὗ</span> 
     </span>
    </p>
   </div>
   <div class='ocr_carea' id='block_1_82' title="bbox 2189 3924 3854 4006">
    <p class='ocr_par' dir='ltr' id='par_1_82' title="bbox 2189 3924 3854 4006">
     <span class='ocr_line' id='line_1_83' title="bbox 2189 3924 3854 4006; baseline -0.002 -20"><span class='ocrx_word' id='word_1_626' title='bbox 2189 3931 2323 4006; x_wconf 85' lang='grc' dir='ltr'>μετὰ</span> <span class='ocrx_word' id='word_1_627' title='bbox 2377 3932 2476 4000; x_wconf 76' lang='grc' dir='ltr'>τήν</span> <span class='ocrx_word' id='word_1_628' title='bbox 2541 3925 2831 4003; x_wconf 75' lang='grc' dir='ltr'>βασιλικὴν</span> <span class='ocrx_word' id='word_1_629' title='bbox 2883 3924 3004 3982; x_wconf 78' lang='grc' dir='ltr'>θέαν</span> <span class='ocrx_word' id='word_1_630' title='bbox 3061 3928 3289 4002; x_wconf 81' lang='grc' dir='ltr'>γένοιντ’</span> <span class='ocrx_word' id='word_1_631' title='bbox 3340 3930 3425 3996; x_wconf 73' lang='grc' dir='ltr'>ἂν,</span> <span class='ocrx_word' id='word_1_632' title='bbox 3484 3927 3854 4000; x_wconf 74' lang='grc' dir='ltr'>πορισάμενοι</span> 
     </span>
    </p>
   </div>
   <div class='ocr_carea' id='block_1_83' title="bbox 2185 4014 3855 4095">
    <p class='ocr_par' dir='ltr' id='par_1_83' title="bbox 2185 4014 3855 4095">
     <span class='ocr_line' id='line_1_84' title="bbox 2185 4014 3855 4095; baseline -0.002 -19"><span class='ocrx_word' id='word_1_633' title='bbox 2185 4015 2472 4095; x_wconf 80' lang='grc' dir='ltr'>συμϐολὴν</span> <span class='ocrx_word' id='word_1_634' title='bbox 2528 4019 2744 4088; x_wconf 70' lang='grc' dir='ltr'>ἱκανὴν,</span> <span class='ocrx_word' id='word_1_635' title='bbox 2795 4017 2892 4080; x_wconf 80' lang='grc' dir='ltr'>τὰς</span> <span class='ocrx_word' id='word_1_636' title='bbox 2948 4014 3005 4072; x_wconf 73' lang='grc' dir='ltr'>δὶ</span> <span class='ocrx_word' id='word_1_637' title='bbox 3061 4017 3151 4071; x_wconf 89' lang='grc' dir='ltr'>καὶ</span> <span class='ocrx_word' id='word_1_638' title='bbox 3231 4017 3392 4090; x_wconf 90' lang='grc' dir='ltr'>μόνον</span> <span class='ocrx_word' id='word_1_639' title='bbox 3449 4016 3701 4091; x_wconf 73' lang='grc' dir='ltr'>ἐντυχεῖν</span> <span class='ocrx_word' id='word_1_640' title='bbox 3763 4018 3855 4072; x_wconf 80' lang='grc' dir='ltr'>καὶ</span> 
     </span>
    </p>
   </div>
   <div class='ocr_carea' id='block_1_84' title="bbox 2185 4104 3856 4186">
    <p class='ocr_par' dir='ltr' id='par_1_84' title="bbox 2185 4104 3856 4186">
     <span class='ocr_line' id='line_1_85' title="bbox 2185 4104 3856 4186; baseline -0.003 -19"><span class='ocrx_word' id='word_1_641' title='bbox 2185 4111 2321 4186; x_wconf 85' lang='grc' dir='ltr'>πρὸς</span> <span class='ocrx_word' id='word_1_642' title='bbox 2365 4104 2573 4183; x_wconf 87' lang='grc' dir='ltr'>θάμϐος</span> <span class='ocrx_word' id='word_1_643' title='bbox 2632 4108 2965 4177; x_wconf 71' lang='grc' dir='ltr'>θεάσασθαις</span> <span class='ocrx_word' id='word_1_644' title='bbox 3013 4109 3127 4164; x_wconf 76' lang='grc' dir='ltr'>Τοῦ</span> <span class='ocrx_word' id='word_1_645' title='bbox 3183 4105 3439 4161; x_wconf 88' lang='grc' dir='ltr'>τοιούτου</span> <span class='ocrx_word' id='word_1_646' title='bbox 3509 4107 3765 4182; x_wconf 74' lang='grc' dir='ltr'>ὁρμαθοῦ</span> <span class='ocrx_word' id='word_1_647' title='bbox 3826 4109 3856 4162; x_wconf 98' lang='lat'>6</span> 
     </span>
    </p>
   </div>
   <div class='ocr_carea' id='block_1_85' title="bbox 2185 4194 3857 4272">
    <p class='ocr_par' dir='ltr' id='par_1_85' title="bbox 2185 4194 3857 4272">
     <span class='ocr_line' id='line_1_86' title="bbox 2185 4194 3857 4272; baseline -0.002 -17"><span class='ocrx_word' id='word_1_648' title='bbox 2185 4204 2293 4256; x_wconf 82' lang='grc' dir='ltr'>τῶν</span> <span class='ocrx_word' id='word_1_649' title='bbox 2325 4198 2460 4254; x_wconf 86' lang='grc' dir='ltr'>κατὰ</span> <span class='ocrx_word' id='word_1_650' title='bbox 2492 4195 2696 4271; x_wconf 81' lang='grc' dir='ltr'>Πέρσας</span> <span class='ocrx_word' id='word_1_651' title='bbox 2742 4195 3034 4272; x_wconf 74' lang='grc' dir='ltr'>ἐθνάρχης,</span> <span class='ocrx_word' id='word_1_652' title='bbox 3067 4196 3158 4250; x_wconf 86' lang='grc' dir='ltr'>καὶ</span> <span class='ocrx_word' id='word_1_653' title='bbox 3212 4197 3240 4250; x_wconf 89' lang='lat'>6</span> <span class='ocrx_word' id='word_1_654' title='bbox 3287 4200 3396 4250; x_wconf 80' lang='grc' dir='ltr'>τῶν</span> <span class='ocrx_word' id='word_1_655' title='bbox 3442 4194 3857 4264; x_wconf 78' lang='grc' dir='ltr'>Παλαιστηνῶν</span> 
     </span>
    </p>
   </div>
   <div class='ocr_carea' id='block_1_86' title="bbox 2192 4281 3858 4366">
    <p class='ocr_par' dir='ltr' id='par_1_86' title="bbox 2192 4281 3858 4366">
     <span class='ocr_line' id='line_1_87' title="bbox 2192 4281 3858 4366; baseline -0.004 -21"><span class='ocrx_word' id='word_1_656' title='bbox 2192 4289 2638 4366; x_wconf 77' lang='grc' dir='ltr'>ὑπερκαθήμενος</span> <span class='ocrx_word' id='word_1_657' title='bbox 2825 4287 3032 4347; x_wconf 86' lang='grc' dir='ltr'>Δοιπὸς</span> <span class='ocrx_word' id='word_1_658' title='bbox 3073 4281 3132 4340; x_wconf 67' lang='grc' dir='ltr'>δὲ</span> <span class='ocrx_word' id='word_1_659' title='bbox 3181 4285 3209 4339; x_wconf 87' lang='lat'>6</span> <span class='ocrx_word' id='word_1_660' title='bbox 3257 4283 3307 4358; x_wconf 81' lang='grc' dir='ltr'>ἐξ</span> <span class='ocrx_word' id='word_1_661' title='bbox 3335 4281 3659 4357; x_wconf 79' lang='grc' dir='ltr'>’Λλαμανῶν</span> <span class='ocrx_word' id='word_1_662' title='bbox 3706 4284 3858 4340; x_wconf 80' lang='grc' dir='ltr'>ἐκεῖ-</span> 
     </span>
    </p>
   </div>
   <div class='ocr_carea' id='block_1_87' title="bbox 2187 4373 3856 4453">
    <p class='ocr_par' dir='ltr' id='par_1_87' title="bbox 2187 4373 3856 4453">
     <span class='ocr_line' id='line_1_88' title="bbox 2187 4373 3856 4453; baseline -0.009 -19"><span class='ocrx_word' id='word_1_663' title='bbox 2187 4399 2276 4441; x_wconf 93' lang='grc' dir='ltr'>νος</span> <span class='ocrx_word' id='word_1_664' title='bbox 2309 4380 2337 4432; x_wconf 87' lang='grc' dir='ltr'>ὁ</span> <span class='ocrx_word' id='word_1_665' title='bbox 2390 4377 2574 4453; x_wconf 83' lang='grc' dir='ltr'>μέγας,</span> <span class='ocrx_word' id='word_1_666' title='bbox 2607 4376 2698 4430; x_wconf 83' lang='grc' dir='ltr'>γαὶ</span> <span class='ocrx_word' id='word_1_667' title='bbox 2752 4375 2780 4428; x_wconf 90' lang='lat'>6</span> <span class='ocrx_word' id='word_1_668' title='bbox 2828 4381 2928 4444; x_wconf 85' lang='grc' dir='ltr'>τῆς</span> <span class='ocrx_word' id='word_1_669' title='bbox 2985 4379 3329 4448; x_wconf 85' lang='grc' dir='ltr'>Γερμανικῆς</span> <span class='ocrx_word' id='word_1_670' title='bbox 3387 4373 3605 4442; x_wconf 83' lang='grc' dir='ltr'>ἀπάσης</span> <span class='ocrx_word' id='word_1_671' title='bbox 3660 4375 3856 4450; x_wconf 83' lang='grc' dir='ltr'>ὑπερι-</span> 
     </span>
    </p>
   </div>
   <div class='ocr_carea' id='block_1_88' title="bbox 2189 4463 3860 4542">
    <p class='ocr_par' dir='ltr' id='par_1_88' title="bbox 2189 4463 3860 4542">
     <span class='ocr_line' id='line_1_89' title="bbox 2189 4463 3860 4542; baseline -0.002 -18"><span class='ocrx_word' id='word_1_672' title='bbox 2189 4467 2450 4542; x_wconf 86' lang='grc' dir='ltr'>στάμενος</span> <span class='ocrx_word' id='word_1_673' title='bbox 2517 4472 2642 4542; x_wconf 83' lang='grc' dir='ltr'>γῆς,</span> <span class='ocrx_word' id='word_1_674' title='bbox 2694 4465 2745 4518; x_wconf 73' lang='grc' dir='ltr'>οἱ</span> <span class='ocrx_word' id='word_1_675' title='bbox 2824 4465 2925 4534; x_wconf 82' lang='grc' dir='ltr'>τήν</span> <span class='ocrx_word' id='word_1_676' title='bbox 2987 4463 3062 4526; x_wconf 82' lang='grc' dir='ltr'>είς</span> <span class='ocrx_word' id='word_1_677' title='bbox 3132 4466 3282 4537; x_wconf 79' lang='grc' dir='ltr'>ἡμᾶς</span> <span class='ocrx_word' id='word_1_678' title='bbox 3365 4464 3860 4537; x_wconf 85' lang='grc' dir='ltr'>θαυμαστώσαντες</span> 
     </span>
    </p>
   </div>
   <div class='ocr_carea' id='block_1_89' title="bbox 2189 4547 3857 4630">
    <p class='ocr_par' dir='ltr' id='par_1_89' title="bbox 2189 4547 3857 4630">
     <span class='ocr_line' id='line_1_90' title="bbox 2189 4547 3857 4630; baseline -0.008 -16"><span class='ocrx_word' id='word_1_679' title='bbox 2189 4557 2397 4628; x_wconf 84' lang='grc' dir='ltr'>ἐκείνην</span> <span class='ocrx_word' id='word_1_680' title='bbox 2455 4553 2620 4610; x_wconf 85' lang='grc' dir='ltr'>ὁδόν·</span> <span class='ocrx_word' id='word_1_681' title='bbox 2681 4553 2825 4609; x_wconf 85' lang='grc' dir='ltr'>ὀκνῶ</span> <span class='ocrx_word' id='word_1_682' title='bbox 2876 4555 2979 4628; x_wconf 83' lang='grc' dir='ltr'>γὰρ</span> <span class='ocrx_word' id='word_1_683' title='bbox 3041 4552 3210 4608; x_wconf 79' lang='grc' dir='ltr'>εἰπεῖν</span> <span class='ocrx_word' id='word_1_684' title='bbox 3272 4549 3571 4626; x_wconf 84' lang='grc' dir='ltr'>εύμέθοδον</span> <span class='ocrx_word' id='word_1_685' title='bbox 3628 4547 3857 4630; x_wconf 77' lang='grc' dir='ltr'>ἔφοδον,</span> 
     </span>
    </p>
   </div>
   <div class='ocr_carea' id='block_1_90' title="bbox 2187 4639 3858 4722">
    <p class='ocr_par' dir='ltr' id='par_1_90' title="bbox 2187 4639 3858 4722">
     <span class='ocr_line' id='line_1_91' title="bbox 2187 4639 3858 4722; baseline -0.004 -19"><span class='ocrx_word' id='word_1_686' title='bbox 2187 4649 2285 4704; x_wconf 86' lang='grc' dir='ltr'>Τὸν</span> <span class='ocrx_word' id='word_1_687' title='bbox 2311 4648 2410 4722; x_wconf 79' lang='grc' dir='ltr'>γὰρ</span> <span class='ocrx_word' id='word_1_688' title='bbox 2443 4644 2648 4701; x_wconf 84' lang='grc' dir='ltr'>Παίονα</span> <span class='ocrx_word' id='word_1_689' title='bbox 2675 4665 2763 4719; x_wconf 57' lang='grc' dir='ltr'>καλ</span> <span class='ocrx_word' id='word_1_690' title='bbox 2791 4643 2885 4698; x_wconf 83' lang='grc' dir='ltr'>τὸν</span> <span class='ocrx_word' id='word_1_691' title='bbox 2914 4639 3164 4713; x_wconf 79' lang='grc' dir='ltr'>Γήπαιδα</span> <span class='ocrx_word' id='word_1_692' title='bbox 3192 4641 3284 4697; x_wconf 83' lang='grc' dir='ltr'>καὶ</span> <span class='ocrx_word' id='word_1_693' title='bbox 3340 4642 3434 4698; x_wconf 87' lang='grc' dir='ltr'>τὸν</span> <span class='ocrx_word' id='word_1_694' title='bbox 3495 4641 3715 4712; x_wconf 77' lang='grc' dir='ltr'>Σκύθην</span> <span class='ocrx_word' id='word_1_695' title='bbox 3767 4643 3858 4698; x_wconf 77' lang='grc' dir='ltr'>καὶ</span> 
     </span>
    </p>
   </div>
   <div class='ocr_carea' id='block_1_91' title="bbox 2190 4730 3860 4812">
    <p class='ocr_par' dir='ltr' id='par_1_91' title="bbox 2190 4730 3860 4812">
     <span class='ocr_line' id='line_1_92' title="bbox 2190 4730 3860 4812; baseline -0.004 -20"><span class='ocrx_word' id='word_1_696' title='bbox 2190 4735 2427 4812; x_wconf 80' lang='grc' dir='ltr'>συχνοὺς</span> <span class='ocrx_word' id='word_1_697' title='bbox 2480 4733 2763 4796; x_wconf 85' lang='grc' dir='ltr'>τοιούτους</span> <span class='ocrx_word' id='word_1_698' title='bbox 2827 4731 3018 4804; x_wconf 76' lang='grc' dir='ltr'>εἰπεῖν,</span> <span class='ocrx_word' id='word_1_699' title='bbox 3083 4731 3276 4806; x_wconf 84' lang='grc' dir='ltr'>μυρίος</span> <span class='ocrx_word' id='word_1_700' title='bbox 3337 4730 3461 4794; x_wconf 71' lang='grc' dir='ltr'>ὅσος</span> <span class='ocrx_word' id='word_1_701' title='bbox 3533 4733 3860 4808; x_wconf 80' lang='grc' dir='ltr'>κατάλογος</span> 
     </span>
    </p>
   </div>
   <div class='ocr_carea' id='block_1_92' title="bbox 2187 4815 3860 4904">
    <p class='ocr_par' dir='ltr' id='par_1_92' title="bbox 2187 4815 3860 4904">
     <span class='ocr_line' id='line_1_93' title="bbox 2187 4815 3860 4904; baseline -0.007 -19"><span class='ocrx_word' id='word_1_702' title='bbox 2187 4829 2394 4904; x_wconf 66' lang='grc' dir='ltr'>ἕτερος,</span> <span class='ocrx_word' id='word_1_703' title='bbox 2427 4823 2518 4888; x_wconf 77' lang='grc' dir='ltr'>οὓς</span> <span class='ocrx_word' id='word_1_704' title='bbox 2571 4824 2652 4897; x_wconf 84' lang='grc' dir='ltr'>(τὸ</span> <span class='ocrx_word' id='word_1_705' title='bbox 2704 4829 2806 4879; x_wconf 79' lang='grc' dir='ltr'>πᾶν</span> <span class='ocrx_word' id='word_1_706' title='bbox 2853 4821 2904 4877; x_wconf 94' lang='grc' dir='ltr'>ἐν</span> <span class='ocrx_word' id='word_1_707' title='bbox 2954 4823 3154 4898; x_wconf 81' lang='grc' dir='ltr'>βραχεῖ</span> <span class='ocrx_word' id='word_1_708' title='bbox 3185 4819 3485 4893; x_wconf 79' lang='grc' dir='ltr'>συντελεῖν)</span> <span class='ocrx_word' id='word_1_709' title='bbox 3517 4815 3739 4894; x_wconf 84' lang='grc' dir='ltr'>θάμϐος</span> <span class='ocrx_word' id='word_1_710' title='bbox 3769 4822 3860 4876; x_wconf 83' lang='grc' dir='ltr'>καὶ</span> 
     </span>
    </p>
   </div>
   <div class='ocr_carea' id='block_1_93' title="bbox 2198 4907 3858 4996">
    <p class='ocr_par' dir='ltr' id='par_1_93' title="bbox 2198 4907 3858 4996">
     <span class='ocr_line' id='line_1_94' title="bbox 2198 4907 3858 4996; baseline -0.011 -21"><span class='ocrx_word' id='word_1_711' title='bbox 2198 4912 2368 4996; x_wconf 78' lang='grc' dir='ltr'>φόϐος</span> <span class='ocrx_word' id='word_1_712' title='bbox 2427 4913 2516 4970; x_wconf 87' lang='grc' dir='ltr'>καὶ</span> <span class='ocrx_word' id='word_1_713' title='bbox 2580 4915 2807 4984; x_wconf 75' lang='grc' dir='ltr'>ζήτησις</span> <span class='ocrx_word' id='word_1_714' title='bbox 2865 4909 3179 4986; x_wconf 84' lang='grc' dir='ltr'>ἐπικουρίας</span> <span class='ocrx_word' id='word_1_715' title='bbox 3235 4907 3520 4986; x_wconf 82' lang='grc' dir='ltr'>συνέλεγον</span> <span class='ocrx_word' id='word_1_716' title='bbox 3563 4908 3645 4972; x_wconf 74' lang='grc' dir='ltr'>εἷς</span> <span class='ocrx_word' id='word_1_717' title='bbox 3684 4913 3858 4996; x_wconf 71' lang='grc' dir='ltr'>ἡμᾶς,</span> 
     </span>
    </p>
   </div>
   <div class='ocr_carea' id='block_1_94' title="bbox 424 4985 2058 5085">
    <p class='ocr_par' dir='ltr' id='par_1_94' title="bbox 424 5011 2058 5085">
     <span class='ocr_line' id='line_1_95' title="bbox 424 5011 2058 5085; baseline -0.001 -16"><span class='ocrx_word' id='word_1_718' title='bbox 424 5012 531 5082; x_wconf 75' lang='lat' dir='ltr'><strong>tio,</strong></span> <span class='ocrx_word' id='word_1_719' title='bbox 566 5028 639 5068; x_wconf 90' lang='lat' dir='ltr'>ne</span> <span class='ocrx_word' id='word_1_720' title='bbox 669 5029 797 5085; x_wconf 88' lang='lat' dir='ltr'><strong>rege</strong></span> <span class='ocrx_word' id='word_1_721' title='bbox 831 5031 946 5070; x_wconf 92' lang='lat' dir='ltr'>non</span> <span class='ocrx_word' id='word_1_722' title='bbox 979 5013 1324 5082; x_wconf 86' lang='lat' dir='ltr'><strong>auxiliante,</strong></span> <span class='ocrx_word' id='word_1_723' title='bbox 1351 5012 1500 5070; x_wconf 90' lang='lat' dir='ltr'><strong>male</strong></span> <span class='ocrx_word' id='word_1_724' title='bbox 1552 5013 1623 5069; x_wconf 92' lang='lat' dir='ltr'>ab</span> <span class='ocrx_word' id='word_1_725' title='bbox 1671 5011 1930 5068; x_wconf 85' lang='lat' dir='ltr'><strong>inimicis</strong></span> <span class='ocrx_word' id='word_1_726' title='bbox 1987 5011 2058 5068; x_wconf 87' lang='lat' dir='ltr'>ha</span> 
     </span>
    </p>
   </div>
   <div class='ocr_carea' id='block_1_95' title="bbox 2174 4985 3861 5085">
    <p class='ocr_par' dir='ltr' id='par_1_95' title="bbox 2178 4995 3861 5076">
     <span class='ocr_line' id='line_1_96' title="bbox 2178 4995 3861 5076; baseline -0.006 -13"><span class='ocrx_word' id='word_1_727' title='bbox 2178 5009 2298 5066; x_wconf 84' lang='grc' dir='ltr'>’Καὶ</span> <span class='ocrx_word' id='word_1_728' title='bbox 2328 5006 2364 5076; x_wconf 74' lang='grc' dir='ltr'>ἢ</span> <span class='ocrx_word' id='word_1_729' title='bbox 2408 5003 2580 5060; x_wconf 87' lang='grc' dir='ltr'>πάντα</span> <span class='ocrx_word' id='word_1_730' title='bbox 2636 5006 2824 5072; x_wconf 75' lang='grc' dir='ltr'>ταῦτα,</span> <span class='ocrx_word' id='word_1_731' title='bbox 2875 4998 2980 5057; x_wconf 79' lang='grc' dir='ltr'>εἴτε</span> <span class='ocrx_word' id='word_1_732' title='bbox 3029 4999 3120 5056; x_wconf 86' lang='grc' dir='ltr'>καὶ</span> <span class='ocrx_word' id='word_1_733' title='bbox 3161 5000 3369 5056; x_wconf 89' lang='grc' dir='ltr'>τούτων</span> <span class='ocrx_word' id='word_1_734' title='bbox 3414 5001 3556 5056; x_wconf 88' lang='grc' dir='ltr'>τινά.</span> <span class='ocrx_word' id='word_1_735' title='bbox 3608 4995 3861 5072; x_wconf 72' lang='grc' dir='ltr'>Θάμϐος,</span> 
     </span>
    </p>
   </div>
   <div class='ocr_carea' id='block_1_96' title="bbox 428 5104 727 5162">
    <p class='ocr_par' dir='ltr' id='par_1_96' title="bbox 428 5104 727 5162">
     <span class='ocr_line' id='line_1_97' title="bbox 428 5104 727 5162; baseline -0.003 -1"><span class='ocrx_word' id='word_1_736' title='bbox 428 5104 727 5162; x_wconf 87' lang='lat' dir='ltr'><strong>berentur.</strong></span> 
     </span>
    </p>
   </div>
   <div class='ocr_carea' id='block_1_97' title="bbox 2189 5089 3860 5176">
    <p class='ocr_par' dir='ltr' id='par_1_97' title="bbox 2189 5089 3860 5176">
     <span class='ocr_line' id='line_1_98' title="bbox 2189 5089 3860 5176; baseline -0.005 -23"><span class='ocrx_word' id='word_1_737' title='bbox 2189 5097 2270 5176; x_wconf 78' lang='grc' dir='ltr'>ἐφ’</span> <span class='ocrx_word' id='word_1_738' title='bbox 2325 5099 2406 5158; x_wconf 80' lang='grc' dir='ltr'>οἷς</span> <span class='ocrx_word' id='word_1_739' title='bbox 2470 5094 2824 5168; x_wconf 86' lang='grc' dir='ltr'>μανθάνοντες</span> <span class='ocrx_word' id='word_1_740' title='bbox 2875 5091 2966 5146; x_wconf 86' lang='grc' dir='ltr'>καὶ</span> <span class='ocrx_word' id='word_1_741' title='bbox 3049 5089 3496 5167; x_wconf 70' lang='grc' dir='ltr'>ἐκπεπληγμένοι</span> <span class='ocrx_word' id='word_1_742' title='bbox 3567 5090 3860 5167; x_wconf 76' lang='grc' dir='ltr'>συνέῤῥεον</span> 
     </span>
    </p>
   </div>
   <div class='ocr_carea' id='block_1_98' title="bbox 428 5179 3861 5269">
    <p class='ocr_par' dir='ltr' id='par_1_98' title="bbox 428 5179 3861 5269">
     <span class='ocr_line' id='line_1_99' title="bbox 428 5179 3861 5269; baseline -0.004 -21"><span class='ocrx_word' id='word_1_743' title='bbox 428 5191 505 5256; x_wconf 81' lang='grc' dir='ltr'>είς</span> <span class='ocrx_word' id='word_1_744' title='bbox 535 5194 634 5262; x_wconf 84' lang='grc' dir='ltr'>τήν</span> <span class='ocrx_word' id='word_1_745' title='bbox 669 5192 858 5263; x_wconf 76' lang='grc' dir='ltr'>ἀκοήν·</span> <span class='ocrx_word' id='word_1_746' title='bbox 889 5187 1085 5269; x_wconf 81' lang='grc' dir='ltr'>φόϐος,</span> <span class='ocrx_word' id='word_1_747' title='bbox 1122 5193 1336 5266; x_wconf 81' lang='grc' dir='ltr'>μήποτε</span> <span class='ocrx_word' id='word_1_748' title='bbox 1367 5187 1606 5265; x_wconf 83' lang='grc' dir='ltr'>συμϐαίη</span> <span class='ocrx_word' id='word_1_749' title='bbox 1632 5188 1845 5257; x_wconf 81' lang='grc' dir='ltr'>ἄλλως,</span> <span class='ocrx_word' id='word_1_750' title='bbox 1877 5188 2332 5250; x_wconf 84' lang='grc' dir='ltr'>ἀναπεπτωκότας</span> <span class='ocrx_word' id='word_1_751' title='bbox 2355 5185 2546 5247; x_wconf 78' lang='grc' dir='ltr'>αὐτοὺς</span> <span class='ocrx_word' id='word_1_752' title='bbox 2575 5181 2680 5254; x_wconf 69' lang='grc' dir='ltr'>ἕξω</span> <span class='ocrx_word' id='word_1_753' title='bbox 2702 5187 2809 5238; x_wconf 79' lang='grc' dir='ltr'>τῶν</span> <span class='ocrx_word' id='word_1_754' title='bbox 2847 5181 3144 5257; x_wconf 80' lang='grc' dir='ltr'>βασιλικῶν</span> <span class='ocrx_word' id='word_1_755' title='bbox 3183 5179 3523 5256; x_wconf 86' lang='grc' dir='ltr'>σπλάγχνων</span> <span class='ocrx_word' id='word_1_756' title='bbox 3553 5185 3768 5235; x_wconf 71' lang='grc' dir='ltr'>πεσεῖν’</span> <span class='ocrx_word' id='word_1_757' title='bbox 3797 5182 3861 5234; x_wconf 82' lang='grc' dir='ltr'>τὸ</span> 
     </span>
    </p>
   </div>
   <div class='ocr_carea' id='block_1_99' title="bbox 430 5271 3857 5361">
    <p class='ocr_par' dir='ltr' id='par_1_99' title="bbox 430 5271 3857 5361">
     <span class='ocr_line' id='line_1_100' title="bbox 430 5271 3857 5361; baseline -0.002 -21"><span class='ocrx_word' id='word_1_758' title='bbox 430 5282 488 5341; x_wconf 73' lang='grc' dir='ltr'>δὲ</span> <span class='ocrx_word' id='word_1_759' title='bbox 517 5282 712 5340; x_wconf 84' lang='grc' dir='ltr'>λοιπὸν</span> <span class='ocrx_word' id='word_1_760' title='bbox 746 5285 835 5340; x_wconf 86' lang='grc' dir='ltr'>καὶ</span> <span class='ocrx_word' id='word_1_761' title='bbox 866 5283 1072 5361; x_wconf 88' lang='grc' dir='ltr'>τρίτον,</span> <span class='ocrx_word' id='word_1_762' title='bbox 1107 5281 1161 5340; x_wconf 76' lang='grc' dir='ltr'>εἷ’</span> <span class='ocrx_word' id='word_1_763' title='bbox 1182 5282 1235 5339; x_wconf 87' lang='grc' dir='ltr'>τί</span> <span class='ocrx_word' id='word_1_764' title='bbox 1264 5304 1370 5338; x_wconf 90' lang='grc' dir='ltr'>που</span> <span class='ocrx_word' id='word_1_765' title='bbox 1399 5283 1560 5338; x_wconf 87' lang='grc' dir='ltr'>κακὸν</span> <span class='ocrx_word' id='word_1_766' title='bbox 1596 5280 1822 5344; x_wconf 83' lang='grc' dir='ltr'>ἐκείτοις</span> <span class='ocrx_word' id='word_1_767' title='bbox 1854 5279 2129 5356; x_wconf 79' lang='grc' dir='ltr'>ἐπήρτητό</span> <span class='ocrx_word' id='word_1_768' title='bbox 2160 5281 2343 5350; x_wconf 89' lang='grc' dir='ltr'>ποθεν,</span> <span class='ocrx_word' id='word_1_769' title='bbox 2379 5277 2452 5338; x_wconf 83' lang='grc' dir='ltr'>ὡς</span> <span class='ocrx_word' id='word_1_770' title='bbox 2487 5277 2562 5349; x_wconf 76' lang='grc' dir='ltr'>μὴ</span> <span class='ocrx_word' id='word_1_771' title='bbox 2594 5272 2808 5335; x_wconf 62' lang='grc' dir='ltr'>εὐπετὲς</span> <span class='ocrx_word' id='word_1_772' title='bbox 2861 5273 2919 5328; x_wconf 72' lang='grc' dir='ltr'>ὃν</span> <span class='ocrx_word' id='word_1_773' title='bbox 2951 5271 3273 5349; x_wconf 79' lang='grc' dir='ltr'>σκοαρκίσαι</span> <span class='ocrx_word' id='word_1_774' title='bbox 3301 5271 3364 5326; x_wconf 78' lang='grc' dir='ltr'>τὸ</span> <span class='ocrx_word' id='word_1_775' title='bbox 3412 5272 3578 5326; x_wconf 77' lang='grc' dir='ltr'>κακὸν</span> <span class='ocrx_word' id='word_1_776' title='bbox 3631 5271 3857 5346; x_wconf 67' lang='grc' dir='ltr'>ἑτέρως,</span> 
     </span>
    </p>
   </div>
   <div class='ocr_carea' id='block_1_100' title="bbox 435 5369 1935 5452">
    <p class='ocr_par' dir='ltr' id='par_1_100' title="bbox 435 5369 1935 5452">
     <span class='ocr_line' id='line_1_101' title="bbox 435 5369 1935 5452; baseline -0.003 -20"><span class='ocrx_word' id='word_1_777' title='bbox 435 5378 511 5452; x_wconf 78' lang='grc' dir='ltr'>μὴ</span> <span class='ocrx_word' id='word_1_778' title='bbox 545 5369 1160 5448; x_wconf 82' lang='grc' dir='ltr'>συνεπιλαμϐανομένης</span> <span class='ocrx_word' id='word_1_779' title='bbox 1195 5371 1365 5445; x_wconf 82' lang='grc' dir='ltr'>δεξιᾶς</span> <span class='ocrx_word' id='word_1_780' title='bbox 1393 5372 1595 5444; x_wconf 84' lang='grc' dir='ltr'>ταύτης</span> <span class='ocrx_word' id='word_1_781' title='bbox 1626 5370 1935 5448; x_wconf 87' lang='grc' dir='ltr'>βασιλικῆς.</span> 
     </span>
    </p>
   </div>
   <div class='ocr_carea' id='block_1_101' title="bbox 503 5595 2067 5672">
    <p class='ocr_par' dir='ltr' id='par_1_101' title="bbox 503 5595 2067 5672">
     <span class='ocr_line' id='line_1_102' title="bbox 503 5595 2067 5672; baseline -0.006 -12"><span class='ocrx_word' id='word_1_782' title='bbox 503 5605 594 5660; x_wconf 87' lang='grc'>22.</span> <span class='ocrx_word' id='word_1_783' title='bbox 627 5602 841 5658; x_wconf 85' lang='lat' dir='ltr'><strong>Mirum</strong></span> <span class='ocrx_word' id='word_1_784' title='bbox 872 5601 1070 5672; x_wconf 88' lang='lat' dir='ltr'><strong>itaque</strong></span> <span class='ocrx_word' id='word_1_785' title='bbox 1121 5616 1237 5656; x_wconf 91' lang='lat' dir='ltr'>non</span> <span class='ocrx_word' id='word_1_786' title='bbox 1284 5603 1428 5669; x_wconf 87' lang='lat' dir='ltr'><strong>erat,</strong></span> <span class='ocrx_word' id='word_1_787' title='bbox 1460 5599 1510 5656; x_wconf 89' lang='lat' dir='ltr'>si</span> <span class='ocrx_word' id='word_1_788' title='bbox 1549 5599 1646 5654; x_wconf 89' lang='lat' dir='ltr'><strong>isti</strong></span> <span class='ocrx_word' id='word_1_789' title='bbox 1679 5615 1828 5655; x_wconf 89' lang='lat' dir='ltr'><strong>nova</strong></span> <span class='ocrx_word' id='word_1_790' title='bbox 1856 5595 2067 5662; x_wconf 89' lang='lat' dir='ltr'><strong>edocti,</strong></span> 
     </span>
    </p>
   </div>
   <div class='ocr_carea' id='block_1_102' title="bbox 2279 5584 3866 5668">
    <p class='ocr_par' dir='ltr' id='par_1_102' title="bbox 2279 5584 3866 5668">
     <span class='ocr_line' id='line_1_103' title="bbox 2279 5584 3866 5668; baseline -0.003 -22"><span class='ocrx_word' id='word_1_791' title='bbox 2279 5591 2386 5668; x_wconf 84' lang='grc' dir='ltr'>κβ’.</span> <span class='ocrx_word' id='word_1_792' title='bbox 2419 5590 2517 5650; x_wconf 76' lang='grc' dir='ltr'>Ἠν</span> <span class='ocrx_word' id='word_1_793' title='bbox 2567 5586 2625 5646; x_wconf 76' lang='grc' dir='ltr'>δὶ</span> <span class='ocrx_word' id='word_1_794' title='bbox 2671 5587 2770 5644; x_wconf 72' lang='grc' dir='ltr'>οὐκ</span> <span class='ocrx_word' id='word_1_795' title='bbox 2818 5585 2988 5644; x_wconf 70' lang='grc' dir='ltr'>ἐκεῖνο</span> <span class='ocrx_word' id='word_1_796' title='bbox 3039 5584 3330 5660; x_wconf 80' lang='grc' dir='ltr'>θαυμάζειν</span> <span class='ocrx_word' id='word_1_797' title='bbox 3379 5604 3577 5655; x_wconf 85' lang='grc' dir='ltr'>ουτως,</span> <span class='ocrx_word' id='word_1_798' title='bbox 3611 5586 3662 5642; x_wconf 75' lang='grc' dir='ltr'>εἰ</span> <span class='ocrx_word' id='word_1_799' title='bbox 3709 5588 3866 5642; x_wconf 77' lang='grc' dir='ltr'>καινᾶ</span> 
     </span>
    </p>
   </div>
  </div>
