4136 6210
273 365 400 427 989

1139 365 1540 430 MANUELIS
1584 364 1934 426 COMNENI
1980 361 2377 425 LAUDATIO
2420 361 2834 424 FUNEBRIS.

3571 362 3689 424 990

281 498 547 570 μαθόντες
579 497 629 552 οἱ
659 502 921 567 τοιοῦτοι,
955 499 1044 554 καὶ
1103 501 1188 554 οἶα
1243 497 1528 573 ἐπάγεσθαι
1583 495 1709 560 τοὺς
1767 495 1927 551 ἀκού-

2043 512 2169 568 quaa
2201 491 2565 550 audientium
2597 509 2771 551 aures
2801 509 3033 551 movere
3072 498 3333 568 possent,
3363 511 3395 552 e
3422 494 3566 553 locis
3596 512 3686 553 re-

278 607 464 656 οντας,
496 586 722 642 κατόπιν
753 595 855 657 τῆς
902 587 1072 658 ἀκοῆς
1130 587 1181 660 ἐξ
1239 587 1382 644 οὕτω
1437 586 1793 664 πορῥωτάτου
1853 586 1927 642 εἲ-

275 696 473 733 ποντο.
504 679 574 731 "H
603 698 662 732 τε
716 679 822 752 γὰρ
880 679 1039 753 φήμη
1092 677 1298 742 ἀνέτοις
1350 682 1570 750 πτεροῖς
1631 675 1928 749 διίπταται,

275 766 372 819 καὶ
405 767 439 834 ἠ
473 763 774 842 παραδοξία
828 771 937 821 τῶν
979 767 1370 845 φημιζομένων
1421 765 1755 846 ἐπιστρέφειν
1818 764 1930 822 οἶδε

272 853 412 916 τοὺς
460 853 926 932 φιλακροάμονας.
975 857 1043 912 ⁴Ὸ
1094 853 1150 910 δὶ
1179 857 1279 925 τήν
1318 859 1415 910 τοῦ
1446 855 1738 931 μεγαλείου
1769 853 1930 929 αὔξην

275 942 572 1021 ἐκορόφου,
618 948 779 998 τοῦτο
828 947 914 1013 ἦν·
967 945 1054 1006 Ὠς
1087 943 1414 1015 ἐληλυθότες
1444 943 1660 1018 ἐκεῖνοι,
1705 946 1794 1000 καὶ
1853 947 1930 1008 οἷς

275 1029 482 1104 ἔμαθον
533 1033 1026 1108 περιτετυχηκότες
1086 1028 1389 1089 ἐκϐαίνουσι
1449 1035 1587 1110 πρὸς
1645 1032 1926 1106 ἀλήθειαν,

274 1121 522 1192 ἀπῄεσαν
610 1119 922 1197 διαπρύσιοι
1006 1125 1262 1198 κήρυκες,
1349 1119 1762 1196 ἀναϐοςὸμενοι,
1847 1123 1928 1178 ὅτι

276 1210 526 1286 Καθάπερ
572 1210 905 1284 ’ἠκούσαμεν³
957 1209 1100 1267 οὕτω
1148 1212 1237 1267 καὶ
1287 1210 1523 1286 εἷ’δομενο
1583 1213 1671 1267 καὶ
1705 1212 1766 1267 οὗ
1831 1213 1928 1286 μό-

269 1319 392 1368 νον,
451 1299 597 1354 ἀλλὰ
653 1300 741 1355 καὶ
793 1303 1054 1375 γέμοντες
1109 1302 1384 1375 θαύματος
1433 1301 1521 1357 ἐπὶ
1556 1303 1783 1377 μακρὸν,
1838 1303 1929 1357 καὶ

270 1391 346 1461 τῇ
381 1387 740 1462 φαντασιώδει
800 1389 1134 1460 ἀναπολήσει
1192 1392 1257 1445 τὰ
1316 1391 1620 1461 ἐκπλῆττον
1676 1393 1926 1465 παράμο-

2041 584 2218 641 motis
2245 587 2646 640 accurrerunt.
2684 583 2856 640 Laxis
2912 584 3068 640 enim
3101 583 3210 641 alis
3243 585 3399 641 fama
3425 585 3600 654 volat,
3631 589 3688 642 et

2040 674 2475 744 raritasjeorum
2495 687 2622 746 quas
2645 689 2879 730 rumore
2899 678 3260 747 sparguntur
3287 673 3686 731 studiosorum

2040 765 2269 820 animos
2300 763 2594 820 attrahere
2624 763 2790 820 solet.
2813 764 2976 831 Quod
3003 767 3199 820 autem
3257 765 3387 836 ejus
3434 764 3687 822 auctoriw

2038 857 2219 910 tatem
2251 851 2414 908 auxit
2443 852 2552 908 hoc
2577 863 2685 908 est.
2736 851 2842 908 Ubi
2869 852 2954 907 illi
2994 853 3230 910 advenae
3261 854 3686 925 perscrutanda

2039 943 2357 1015 aliquando
2415 941 2715 998 veritatem
2776 941 2970 1014 adepti
3028 947 3187 1010 sunt,
3248 959 3541 1014 praecones
3571 943 3686 1000 ﬁde

2041 1032 2195 1105 pleni
2226 1031 2663 1088 clamaverunt:
2711 1031 2866 1088 sicut
2895 1031 3249 1099 audivimus,
3282 1032 3365 1087 ita
3387 1032 3682 1101 vidimus;

2039 1123 2140 1178 sed
2163 1125 2219 1176 et
2242 1120 2544 1176 miraculis
2572 1120 2776 1176 conﬁsi
2813 1124 3112 1193 stuporem
3143 1121 3204 1176 in
3237 1121 3434 1177 animo
3479 1137 3684 1194 perpe-

2039 1216 2206 1267 tuum
2247 1215 2612 1278 conservant,
2646 1210 2968 1282 praesertim
3001 1211 3236 1282 quando
3268 1213 3683 1282 Imperatorem

2038 1302 2311 1358 laudibus
2345 1301 2617 1357 eﬂ'errent
2647 1301 2747 1372 qui
2780 1317 2896 1356 non
2931 1300 3284 1357 intrinsecus
3335 1299 3548 1369 solum,
3579 1301 3681 1356 sed

2038 1392 2402 1448 extrinsecus
2433 1408 2668 1464 quoque
2699 1390 3076 1463 splendescit.

273 1498 367 1531 νον
402 1478 677 1554 φέροντες,
712 1480 798 1533 καὶ
830 1477 1064 1552 μᾶλλον,
1099 1482 1187 1535 ὅτε
1215 1482 1306 1536 τὸν
1336 1480 1467 1536 ὅλον
1503 1481 1728 1557 βασιλέα
1758 1480 1810 1536 ἐν
1842 1478 2087 1555 καρδίαις
2117 1475 2434 1550 ἀνεϐίϐαζον
2468 1477 2936 1554 διαλογιζόμενοι,
2967 1479 3028 1542 ὃς
3060 1477 3123 1534 οὐ
3151 1483 3270 1542 τοῖς
3297 1477 3446 1540 ἐντός
3491 1477 3675 1552 μόνον,

270 1563 365 1620 καί
395 1565 496 1621 ὅσα
524 1567 731 1643 καίρια,
761 1568 851 1622 καὶ
881 1572 978 1622 τοῦ
1009 1568 1180 1632 οὕτως
1213 1569 1521 1645 ἀνθρώπου,
1555 1568 1700 1626 ἀλλὰ
1729 1571 1817 1624 καὶ
1847 1575 1964 1633 τοῖς
1997 1568 2435 1649 ἐπιφαινομένοις
2464 1567 2807 1645 προέλαμπε.

342 1747 450 1820 κγ’.
477 1746 750 1818 Μεγέθους
806 1747 899 1820 μὲν
954 1749 1057 1824 γὰρ
1117 1743 1309 1818 ἐπέϐη,
1342 1751 1473 1826 ὅπερ
1505 1747 1559 1804 εἶ’
1582 1771 1664 1812 τις
1727 1751 1923 1824 ὑπερα-

266 1831 494 1904 ναϐαίη,
551 1834 946 1911 ἐγγραφήσεται
998 1838 1072 1900 ὡς
1123 1837 1200 1900 εἷς
1227 1837 1472 1914 γίγαντα·
1529 1837 1618 1894 καί
1671 1841 1705 1909 ἡ
1764 1839 1922 1906 φύσις

2102 1751 2192 1808 23.
2229 1752 2368 1806 Eam
2401 1751 2557 1807 enim
2583 1749 3041 1820 magnitudinem
3073 1748 3288 1821 attigit,
3322 1752 3388 1804 ut
3416 1746 3517 1820 qui
3549 1763 3680 1804 eam

2031 1841 2470 1897 transcenderet
2515 1840 2677 1914 gigas
2711 1839 3041 1895 haberetur.
3073 1839 3222 1894 Eum
3252 1838 3409 1893 enim
3469 1841 3681 1894 natura

270 1921 465 1986 ἄλλως
512 1924 674 1980 αὐτόν
722 1928 757 1998 ἢ
808 1929 944 1982 κατὰ
991 1927 1117 1992 τοὺς
1160 1926 1393 1990 λοιποὺς
1448 1927 1784 2002 ἐστερέωσεν,
1846 1929 1920 1991 εἰς

2032 1929 2200 1986 aliter
2229 1947 2407 2002 quam
2438 1935 2676 1986 caeteros
2706 1927 3000 1998 formavit,
3050 1945 3186 1985 ossa
3213 1927 3581 1984 validissima
3610 1944 3678 1984 ac

271 2013 535 2068 όστέωσιν
586 2013 750 2090 ἁδρὰν
801 2016 890 2071 καί
938 2017 1012 2078 ὡς
1053 2017 1220 2073 εἰπεῖν
1251 2015 1528 2087 λεοντώδη
1589 2017 1926 2082 ἀπευθόνασα

2037 2020 2156 2076 fere
2185 2019 2376 2077 leonia
2414 2020 2702 2091 tribuens,
2731 2019 3133 2075 membrorum
3182 2019 3356 2075 etiam
3405 2018 3678 2074 extremi-

270 2103 504 2173 ἱαυτήνυ
559 2105 635 2168 ὡς
681 2107 835 2174 εἶναι,
890 2112 1009 2169 τοῖς
1054 2108 1422 2184 ἀκρωτηρίοις
1481 2105 1925 2180 ἐπεντρανίσαντά

267 2212 393 2247 τινα
449 2195 654 2248 τοιαῦτ’
706 2195 838 2249 εἶναι
898 2194 1122 2266 ἀληθῶς
1174 2198 1597 2274 ἀποφήνασθαι,
1668 2196 1735 2251 τὰ
1789 2196 1923 2251 κατᾶ

267 2280 533 2355 φυσικοὺς
613 2282 896 2356 γνώμονας
959 2287 1058 2355 τήν
1123 2283 1382 2361 ἀνδρικὴν
1451 2283 1923 2360 χαρακτηρίζοντα

267 2368 690 2444 ῥωμαλεότητω
734 2375 815 2435 οἷς
871 2372 1114 2449 ἀνάλογα
1163 2374 1252 2428 καὶ
1296 2395 1362 2428 τα
1407 2378 1514 2428 τῶν
1568 2371 1917 2430 διαστάσεων.

266 2459 539 2522 Ἐντεῦθεν
611 2458 734 2515 οὐδὲ
795 2467 1005 2534 σαρκῶν
1079 2463 1234 2517 αὑτὸν
1319 2457 1544 2535 ἐϐάρυνε
1615 2462 1918 2538 περιουσία,

265 2546 684 2622 ἐπαχθιζομένη
752 2552 888 2624 πρὸς
943 2551 1302 2627 περιττότητα
1343 2556 1425 2624 τῷ
1480 2572 1537 2606 τε
1587 2551 1667 2606 ἀεὶ
1725 2572 1922 2628 γυμνα-

266 2642 459 2710 στικῷ,
490 2638 872 2714 ἀπερχομένου
903 2645 998 2694 τοῦ
1041 2640 1456 2711 πλεονάζοντος,
1507 2641 1595 2696 καὶ
1652 2639 1734 2696 ὅτι
1796 2643 1914 2716 περὶ

265 2727 362 2780 τὸν
413 2727 486 2788 ὡς
539 2726 762 2798 ἀληθῶς
809 2727 1088 2806 ἄνθρωπον
1122 2730 1410 2806 ἠσχόλητο
1434 2733 1499 2786 τὰ
1528 2738 1628 2800 τῆς
1687 2729 1916 2808 φύσεως.

269 2815 374 2870 Καὶ
421 2817 484 2870 τὸ
531 2817 626 2890 μὲν
672 2817 946 2894 πελώριον
993 2819 1305 2892 ᾠκειώσατο
1353 2819 1437 2874 ἐπ’
1483 2819 1647 2892 αὐτῷ’
1700 2819 1916 2874 ἀπώσα-

265 2925 332 2958 το
367 2901 424 2959 ὃὲ
460 2906 521 2960 τὸ
575 2907 851 2983 βουγάϊον.
902 2907 1110 2964 Οὐκοῦν
1157 2907 1470 2971 ἀκολούθως
1503 2906 1627 2963 οὐδὲ
1672 2909 1771 2978 τὴν
1825 2908 1916 2963 κό-

274 3014 387 3066 μην
454 2995 589 3070 πρὸς
636 2997 1013 3072 τρυφερότητα
1059 2997 1290 3068 ἤσκητοο
1351 2997 1479 3054 ἀλλ’
1535 2997 1611 3060 εἷς
1671 2997 1917 3076 κεφαλὴν

267 3083 483 3156 κόσμου
533 3084 792 3159 τημελῶν
843 3087 1050 3158 ἑαυτὸν,
1094 3086 1182 3141 καὶ
1213 3089 1501 3162 τυγχάνων
1551 3091 1648 3142 τοῦ
1706 3086 1914 3166 ἐφετοῦ,

266 3169 557 3241 ιῦθετίζειν
627 3173 821 3250 τρίχας
869 3172 1163 3250 ἐμέμφετο.
1212 3172 1354 3245 ’Ήδη
1409 3173 1465 3230 δὲ
1512 3176 1598 3230 καὶ
1645 3177 1680 3245 ἡ
1738 3175 1914 3230 θεόθεν

268 3259 436 3338 σοφία
484 3266 585 3330 τῆς
642 3260 850 3338 φύσεως
895 3263 958 3318 τὸ
1011 3263 1232 3318 ἐνταῦθα
1279 3261 1424 3319 πολὺ
1452 3265 1550 3336 τῆς
1583 3263 1720 3336 ὕλης
1777 3285 1912 3339 προ-

265 3345 598 3405 σδαπανῶσα
616 3356 732 3413 τοῖς
754 3351 1180 3427 κρείττοσιν,οὐκ
1195 3349 1360 3422 ἤθελε
1375 3357 1444 3427 τῇ
1461 3353 1608 3428 κόμῃ
1632 3358 1758 3429 χοῖν
1768 3373 1914 3428 εργε-
1944 3347 1988 3415 C

261 3438 330 3492 τὸ
367 3437 692 3514 ὑπέρπλεον,
725 3443 760 3510 ἡ
796 3443 937 3514 μηδὲ
963 3442 1054 3497 τὸν
1101 3441 1530 3518 βασιλικώτατον
1564 3441 1753 3497 λέοντα
1781 3463 1918 3498 πυκ-

263 3531 434 3582 νοῦσα
461 3527 669 3606 τριχῶν
696 3528 1004 3601 λασιότητι.

342 3706 440 3767 κδ’.
475 3713 559 3784 Τῇ
609 3708 665 3766 δὲ
711 3712 936 3787 τοιαύτῃ
987 3713 1276 3786 σεμνότητι
1323 3711 1413 3766 καὶ
1456 3714 1518 3767 τὸ
1571 3718 1671 3781 τῆς
1722 3719 1916 3788 χροιᾶς

265 3799 438 3854 καλὸν
485 3797 784 3870 συνδιῆκεν.
839 3803 917 3858 Οὐ
967 3803 1068 3877 γὰρ
1121 3803 1478 3878 θηλυπρεπὴς
1540 3800 1803 3873 λευκότης
1853 3804 1914 3858 τὸ

265 3889 563 3964 πρόσωπον
609 3890 852 3967 ἔγραφεν,
899 3891 1027 3949 ἀλλ’
1060 3893 1268 3971 εὐφυῶς
1322 3895 1623 3970 μιγνυμένη
1670 3893 1803 3969 πρὸς
1851 3893 1914 3947 τὸ

266 3975 539 4054 ἀνδρῶδες
565 3979 967 4055 ἐκέκρατος,καὶ
991 3983 1075 4054 (τὸ
1099 3990 1199 4052 τῆς
1224 3981 1461 4047 παλαιᾶς
1491 3982 1751 4057 ἱστορίας)
1781 3983 1914 4036 κατὰ

263 4069 561 4142 γυμνασίαν
611 4073 696 4126 καὶ
755 4069 984 4134 λοιποὺς
1031 4072 1253 4140 πόνους,
1287 4071 1473 4142 ἡλίοις
1503 4073 1592 4126 καὶ
1654 4072 1909 4144 μάλιστα.

262 4156 343 4216 υῦ
388 4158 490 4234 γὰρ
539 4161 889 4239 σκιατραφίαν
939 4161 1396 4238 ἐπραγματεύετο,
1443 4161 1555 4217 ἐπεὶ
1601 4159 1742 4234 μηδὲ
1798 4161 1914 4236 βίον

264 4244 543 4319 μαλθακὸν
593 4250 682 4303 καὶ
735 4248 922 4326 ἀργόνο
973 4249 1238 4324 αἰθερίαις
1301 4253 1476 4324 [ηαγη.
1523 4248 1759 4324 αἰθρίαις
1786 4250 1823 4322 ί]
1855 4247 1912 4303 δὲ

260 4332 641 4408 παρεϐάλλετο
676 4383 691 4408 ,
764 4339 854 4416 ἀφ’
925 4340 996 4393 ὧν
1073 4340 1206 4416 πρὸς
1277 4337 1492 4414 ἀνδρίας
1546 4338 1910 4415 ἐζωγραφεῖτο

259 4424 482 4500 χροιὰν,
541 4422 664 4500 ὄψιν
693 4425 1202 4502 πεφιλοτιμημένος
1262 4428 1323 4484 οὗ
1365 4428 1500 4484 κατὰ
1547 4428 1674 4492 τοὺς
1723 4448 1912 4503 γυναι-

259 4513 385 4577 κίας
433 4516 519 4570 καὶ
579 4515 910 4590 μαλθακοὺς,
960 4515 1018 4572 ἀλ
1036 4516 1087 4573 λ’
1135 4518 1297 4574 ὁποία
1325 4518 1564 4592 κοσμοίη
1624 4517 1685 4573 ἃν
1745 4519 1912 4594 ἡρωϊ-

257 4604 364 4672 κὴν
427 4605 830 4682 στρυφνότητα.
880 4606 958 4664 Οὐ
1023 4607 1126 4683 γὰρ
1176 4609 1312 4683 πρὸς
1367 4607 1694 4681 ἑτοιμότητα
1751 4604 1905 4679 διηυ-

2033 2113 2276 2181 tates,ut
2295 2111 2376 2167 rei
2399 2109 2648 2184 physicae
2695 2113 2959 2181 expertes
2982 2108 3274 2180 judicant,
3307 2107 3486 2163 robur
3512 2105 3680 2162 virile

2031 2198 2332 2270 indicant;
2366 2201 2466 2257 sed
2500 2199 2860 2272 interpositae
2907 2213 3140 2270 quoque
3189 2195 3449 2269 corporis
3480 2199 3676 2269 partes

2033 2297 2188 2350 idem
2220 2293 2592 2349 confirmant.
2618 2291 2740 2346 Huc
2789 2289 3010 2344 accedit
3038 2288 3194 2360 quod
3241 2303 3452 2358 corpus
3483 2287 3675 2343 obesi-

2031 2387 2150 2440 tate
2182 2399 2296 2438 non
2327 2386 2606 2454 gravatur
2636 2380 2762 2450 ejus
2793 2376 2893 2449 qui
2915 2376 3240 2450 saspissime
3267 2376 3418 2432 vires
3449 2381 3678 2433 exercet

2031 2477 2096 2529 ut
2124 2471 2420 2528 crassities
2434 2471 2504 2525 ab
2525 2468 2758 2525 homine
2798 2465 3174 2522 intellectuali
3197 2464 3674 2538 superetur.Mul-

2029 2569 2098 2620 ιω
2131 2563 2368 2636 quidem
2399 2561 2459 2616 in
2492 2560 2620 2634 ipso
2653 2575 2745 2614 res
2769 2557 2950 2622 mirae,
2983 2559 3332 2629 portentosa:
3383 2573 3499 2611 non
3550 2556 3673 2612 fue-

2030 2659 2187 2710 runt.
2220 2655 2459 2711 Comam
2495 2651 2666 2706 etiam
2699 2664 2814 2703 non
2859 2645 3158 2719 eleganter
3209 2645 3538 2713 circinavit,
3569 2649 3671 2703 sed

2028 2742 2284 2815 simplici
2315 2740 2521 2813 capitis
2551 2739 2890 2795 ornamento
2929 2739 3260 2802 contentus,
3293 2734 3537 2807 capillos
3567 2735 3672 2792 ho-

2029 2834 2395 2888 nestamento
2427 2826 2635 2900 majori
2663 2842 2778 2881 non
2802 2824 3012 2896 dignos
3042 2824 3312 2879 habebat.
3343 2826 3486 2879 Cum
3513 2823 3669 2880 enim

2027 2920 2313 2994 sapientia
2370 2919 2568 2974 divina
2597 2921 2816 2972 natura:
2847 2913 3034 2969 indita
3065 2912 3350 2969 creaturis
3381 2913 3670 2985 insignio-

2029 3012 2190 3068 ribus
2221 3010 2568 3067 nobiliorem
2601 3004 2904 3062 materiam
2935 3003 3272 3074 impertivit,
3307 3002 3503 3075 capilli
3535 3019 3667 3076 par-

2025 3119 2156 3158 vam
2184 3101 2390 3158 habuit
2418 3114 2644 3164 curam,
2705 3112 2831 3169 qua:
2880 3110 2985 3150 nec
3042 3093 3270 3150 leonem
3322 3092 3667 3149 animalium

2025 3208 2222 3264 regem
2279 3189 2537 3257 horrida,
2589 3187 2724 3260 plus
2781 3201 2959 3258 quam
3037 3201 3141 3258 par
3196 3187 3305 3253 est,
3367 3181 3516 3253 juba
3568 3182 3670 3238 do-

2023 3281 2202 3338 navit.

2094 3717 2185 3772 24.
2247 3720 2404 3774 Hanc
2459 3715 2829 3770 venustatem
2887 3711 3099 3769 coloris
3151 3708 3528 3784 pulchritudo
3564 3726 3664 3765 au-

2025 3810 2309 3878 gmentat.
2346 3806 2467 3862 Non
2499 3804 2658 3860 enim
2689 3803 2917 3869 albedo,
2945 3801 3139 3875 qualis
3172 3800 3450 3856 feminam
3481 3800 3664 3868 decet,

2026 3896 2154 3967 ejus
2186 3896 2393 3952 faciem
2425 3894 2668 3962 colorat,
2701 3893 2802 3949 sed
2855 3890 3129 3948 virilitate
3160 3895 3548 3962 temperatam
3580 3889 3666 3960 (ut

2023 3986 2177 4058 apud
2211 3985 2508 4057 antiquos)
2539 3979 3406 4052 certaminibus,aliisqueludis
3435 3979 3664 4051 gymni-

2023 4077 2125 4144 cis,
2162 4077 2413 4134 maxime
2456 4074 2596 4132 solis
2643 4074 2872 4130 ardoris
2930 4072 3185 4145 exponit.
3237 4073 3360 4127 Non
3394 4070 3547 4126 enim
3606 4068 3664 4124 in

2023 4167 2234 4222 umbra
2254 4167 2535 4222 educatus
2566 4169 2674 4234 est,
2708 4168 2765 4220 et
2810 4163 2930 4218 vita
2952 4163 3084 4233 ejus
3131 4166 3361 4218 tantum
3404 4161 3570 4217 abest
3600 4165 3665 4217 ut

2022 4256 2420 4328 voluptatibus
2478 4255 2791 4326 pravisque
2847 4251 3269 4326 cupiditatibus
3326 4255 3666 4306 consecrata

2020 4350 2197 4414 esset,
2257 4351 2323 4401 ut
2360 4343 2653 4400 laboriosa
2699 4358 2928 4415 semper
2983 4359 3118 4400 cum
3173 4339 3422 4413 negotiis
3468 4339 3661 4409 fuerit,

2020 4437 2120 4492 sed
2171 4435 2279 4492 sub
2336 4435 2457 4492 sole
2510 4433 2711 4490 vultus
2741 4451 2854 4490 non
2890 4433 3143 4506 speciem
3194 4429 3535 4488 femininum
3583 4429 3657 4484 fe-

2019 4525 2203 4591 rebat,
2255 4525 2372 4581 imo
2431 4525 2555 4580 viro
2612 4529 2853 4580 strenuo
2915 4524 3176 4596 dignam,
3233 4521 3372 4592 quia
3430 4535 3536 4574 nec
3585 4519 3658 4574 ad

2018 4615 2223 4683 risum,
2249 4615 2360 4670 ned
2396 4613 2467 4669 ad
2493 4611 2857 4669 alacritatem
2888 4627 3110 4683 pronus
3165 4613 3310 4675 erat,
3367 4607 3572 4680 gratiis
3601 4611 3660 4662 et

261 4693 477 4757 θέτιστο
534 4693 778 4771 γέλωτος
812 4739 825 4764 ,
895 4694 1020 4752 οὐδὲ
1079 4699 1187 4771 μὴν
1246 4696 1432 4763 ἄλλως
1493 4698 1557 4754 τὸ
1617 4694 1908 4760 λεοντῶδες

2032 4707 2324 4760 venustate
2344 4707 2751 4774 temperatam.

260 4781 567 4858 ήκρίϐωτο.
619 4785 934 4861 Κεκραμένη
982 4789 1084 4864 γὰρ
1134 4785 1200 4858 δὴ
1235 4789 1452 4864 χάρισιν
1485 4787 1812 4864 ὶρῥύθμιστο
1839 4791 1908 4861 τῇ

260 4876 360 4928 τοῦ
390 4871 634 4938 κάλλους
667 4875 946 4948 μεσότητι.

330 5074 424 5130 κε’.
506 5072 603 5128 Καὶ
659 5071 852 5144 δεῆσαν
919 5075 1014 5148 μὲν
1089 5075 1275 5131 ἑαυτὸν
1339 5083 1668 5148 καταστῆσαι
1703 5121 1716 5147 ,
1779 5078 1906 5135 ὅποι

256 5161 464 5236 χρεὼν,
500 5163 590 5216 καὶ
623 5162 921 5238 ἂνθολογία
947 5161 1188 5227 κάλλους
1216 5165 1443 5237 ποικίλη
1479 5166 1635 5222 αὐτὸν
1667 5166 1900 5244 ἤγαΛλε.

253 5250 594 5326 Σεμνότερος
647 5253 742 5325 μὲν
793 5253 896 5327 γὰρ
955 5253 1330 5328 προέλαμπεν,
1393 5255 1668 5333 ὀφθαλμοὶ
1729 5255 1785 5313 δὲ
1828 5264 1907 5332 τῷ

255 5345 492 5415 χαροπῷ
542 5339 842 5417 ξ’λαρότητά
885 5364 942 5397 τε
980 5340 1310 5420 προῦφαινον
1379 5346 1466 5399 καὶ
1526 5349 1771 5422 ’Λρεϊκήν
1815 5348 1909 5421 ἐμ-

256 5425 518 5504 ϐρίθειαν·
579 5430 656 5502 τῷ
708 5433 989 5505 προσώπῳ
1045 5432 1102 5487 δὲ
1137 5435 1320 5507 βαθεῖα
1350 5433 1563 5509 γαλήνη
1623 5436 1905 5512 ἐνεχόρευε

255 5519 373 5591 (καὶ
441 5521 506 5586 ἦν
573 5521 838 5575 κάνταῦθα
880 5523 942 5575 τὸ
1003 5523 1343 5596 σύμμετρον)
1381 5523 1470 5578 καὶ
1521 5527 1554 5595 ἡ
1616 5525 1905 5604 σύστοιχος

254 5606 508 5684 εὕχροια,
566 5610 653 5664 καὶ
687 5607 934 5684 λειμῶνα
992 5611 1343 5687 συνεκρότουν
1368 5613 1698 5690 ἀξιοθέατον,
1742 5615 1793 5688 ἐξ
1843 5617 1904 5672 οὗ

254 5695 542 5772 δρέπεσθαι
575 5696 782 5770 ἡδονὴν
813 5699 946 5772 ὅσην
975 5700 1098 5774 ἐξῆν
1127 5707 1244 5766 τοῖς
1275 5700 1658 5779 φιλοθεάμοσι.

2084 5080 2176 5137 25.
2203 5077 2312 5134 Ubi
2332 5092 2465 5133 cum
2498 5077 2702 5133 decore
2732 5073 2793 5128 in
2827 5071 3130 5146 publicum
3163 5071 3396 5144 prodire
3426 5075 3654 5144 oporte-

2016 5171 2136 5236 bat,
2191 5166 2518 5225 venustatis
2549 5167 2656 5222 flos
2711 5181 2847 5222 eum
2896 5163 3214 5220 exornabat
3265 5177 3400 5217 cum
3457 5159 3657 5216 vultus

2014 5261 2298 5335 gravitate
2319 5263 2375 5314 et
2404 5259 2850 5314 honestamento
2899 5253 3253 5326 conspicuus
3283 5255 3472 5315 esset;
3499 5253 3659 5306 totus

2014 5351 2343 5422 effulgebat,
2367 5349 2520 5406 oculi
2551 5347 2766 5404 hilares
2824 5345 3171 5418 gravitatem
3203 5344 3383 5400 Marte
3414 5341 3656 5414 dignam

2012 5440 2395 5508 emittebant;
2429 5440 2488 5495 in
2548 5435 2714 5492 vultu
2774 5434 3056 5492 serenitas
3106 5431 3448 5489 felicissima
3504 5431 3656 5503 prati

2014 5528 2227 5587 amomi
2258 5527 2560 5601 planitiem
2592 5522 3068 5599 repraasentabat,
3129 5521 3284 5578 unde
3331 5519 3542 5575 harum
3574 5535 3658 5574 re-

2014 5637 2143 5676 rum
2178 5622 2442 5675 amantes
2466 5616 2819 5690 voluptatem
2852 5617 3158 5687 decerpere
3188 5614 3476 5685 poterant.
