4136 6210
452 321 562 381 991

1229 326 1653 390 EUSTATHII
1698 328 1801 388 ΤΗ
1814 328 2162 388 ESSALON
2173 327 2469 388 ICENSIS
2513 327 2572 388 M
2583 329 3099 390 ETBOPOLITE

3755 331 3882 391 992

521 453 612 508 26.
645 454 803 511 Talis
832 462 957 512 erat
985 457 1326 529 imperator,
1359 459 1594 530 quando
1628 459 1788 515 intus
1817 459 1890 514 ab
1923 459 2095 514 undis

2282 459 2379 520 κς’.
2410 457 2507 514 Καὶ
2537 462 2786 520 τοιοῦτος
2817 458 2909 530 μὲν
2946 459 2973 512 6
3027 458 3301 534 βασιλεὺς,
3354 460 3446 514 ὅτε
3491 459 3701 520 ἀθὲτως
3751 461 3880 536 εἶχε

454 543 690 599 fervidis
721 546 1071 618 agitabatur,
1106 548 1252 603 sicut
1287 565 1444 604 mare
1485 549 1639 620 quod
1673 554 1906 604 Creator
1936 549 2105 604 nobis

453 631 844 704 implantavit.
880 637 1119 701 Quando
1154 642 1372 703 autem,
1401 643 1462 692 ut
1496 637 1842 710 plerumque
1865 639 1949 704 ﬁt,
1976 655 2105 692 acu-

452 719 671 776 lcatum
708 725 849 794 quid
874 727 1169 796 surgebat,
1199 731 1254 780 et
1283 727 1540 780 animam
1579 728 1796 782 muniri
1828 734 1884 782 et
1914 727 2101 781 vindi-

453 813 570 867 cari
601 817 906 886 oportebat
936 834 1236 873 armorum
1271 819 1643 884 auxilio,tum
1683 820 1916 876 animus
1947 820 2106 875 ebul-

453 900 602 956 liens
634 903 828 974 ignem
862 905 958 960 iras
999 905 1293 978 spirabat;
1348 907 1665 979 imperator
1718 914 1914 965 autem
1976 924 2104 964 sese

454 991 760 1048 continens
791 998 849 1049 et
880 994 1206 1066 reprimens
1233 996 1380 1051 iram
1414 998 1635 1068 (severo
1667 998 1823 1053 enim
1848 997 1962 1053 tale
1993 998 2104 1052 im-

456 1079 685 1151 perium
717 1083 1085 1139 committere
1136 1085 1224 1140 fas
1263 1087 1408 1155 erat)
1431 1087 1555 1157 jam
1594 1103 1706 1142 non
1741 1087 1895 1143 idem
1929 1087 2104 1142 homo

453 1171 705 1236 erat,sed
739 1170 993 1228 indolem
1028 1173 1271 1230 insitam
1295 1174 1622 1243 delineans,
1659 1175 1971 1247 prudentia
2001 1177 2102 1231 do-

453 1255 657 1312 ctorali
690 1257 990 1315 lenitatem
1028 1261 1300 1334 deposuit
1332 1263 1401 1317 ad
1438 1263 1585 1318 nihil
1613 1269 1735 1319 tum
1771 1263 1972 1319 utilem
1992 1263 2106 1318 dis-

451 1344 748 1417 cipulis,et
779 1351 1118 1406 austeritate
1150 1369 1211 1407 se
1243 1353 1692 1424 accinxit,quam
1727 1353 1837 1425 ipsi
1873 1354 2104 1424 ignavia

453 1451 562 1490 sua
589 1444 998 1510 provocarunt,
1031 1442 1313 1513 cauteria,
1347 1459 1463 1498 non
1501 1442 1697 1498 dulcia
1727 1443 1986 1498 remedia
2015 1443 2102 1497 af-

455 1522 756 1582 fectantes.

2215 546 2350 621 πρός
2427 569 2479 602 τι
2553 551 2881 621 παρακινοῦν
2959 548 3048 602 καί
3120 550 3218 616 τήν
3290 547 3439 610 ἐντὸς
3497 549 3882 622 ὑποκυμαῖνον

2216 633 2504 705 θάλασσαν,
2535 638 2594 706 ἣν
2628 637 2679 692 ἐν
2713 639 2847 709 ἡμῖν
2877 638 2905 692 6
2937 634 3147 698 πλάσας
3184 635 3356 694 ἔθετο.
3407 638 3534 694 Ὀτε
3566 635 3644 705 δὲ,
3700 639 3877 691 ὁποῖα

2211 721 2396 779 πολλὰ
2452 723 2754 798 θυμοδακᾶς
2801 747 2853 780 τι
2912 726 3284 798 παραφανθείη
3347 725 3620 799 ἀνακύψαν
3679 727 3877 795 ποθὲν,

2211 813 2298 866 καὶ
2331 811 2498 887 ἐχρῆν
2531 817 2597 887 τῇ
2625 817 2783 889 ψυχῇ
2823 815 2912 868 τὸν
2963 815 3134 880 αὐτῆς
3185 812 3485 892 δορυφόρον
3523 822 3878 889 παραστῆναι

2209 901 2300 955 καὶ
2353 901 2680 974 ἀμύνασθαι,
2734 907 3032 972 τηνικαῦτα
3089 903 3260 976 θυμὸς
3320 902 3416 975 μὶν
3457 902 3684 974 ἐξέζεεν,
3741 901 3878 958 οὐδὲ

2210 989 2506 1066 καχλάζων
2561 992 2833 1070 ἀπήφριζε
2869 991 3007 1046 κατά
3051 990 3180 1053 τοὺς
3226 989 3307 1052 εἷς
3357 991 3520 1066 ὀργήν
3581 992 3874 1066 πυρίνους·

2216 1079 2538 1155 βιαζόμενος
2571 1078 2628 1135 δὲ
2659 1082 2686 1135 6
2747 1079 3100 1157 αὐτοκράτωρ
3151 1080 3360 1149 ἑαυτὸν,
3423 1081 3514 1135 καὶ
3572 1077 3873 1156 διαζωγρι·

2211 1174 2324 1247 φῶν
2381 1169 2457 1232 εἰς
2516 1169 2854 1243 θυμούμενον
2889 1169 2979 1244 (ἦν
3011 1168 3111 1245 γάρ
3164 1168 3366 1244 ἀνάγκη
3409 1173 3574 1237 πᾶσα,
3607 1170 3691 1224 ὅτι
3725 1168 3876 1242 μηδὲ

2212 1258 2288 1321 εἲς
2340 1261 2692 1335 παιγνήμονα
2741 1259 2916 1315 θετέον
2967 1263 3065 1328 τὴν
3091 1258 3236 1315 οῧτω
3268 1261 3597 1333 σεμνοτάτην
3633 1260 3871 1334 ἀρχὴν),

2213 1348 2551 1425 οὐκέτ’ἀνήρ
2583 1347 2662 1403 ὅδ’
2719 1349 2878 1411 αὐτὸς
2936 1351 3027 1418 ἦν,
3083 1346 3229 1404 ἀλλὰ
3258 1352 3586 1423 παρατυπῶν
3638 1347 3704 1403 τὸ
3759 1345 3871 1419 ἔμ-

2213 1459 2376 1516 φυτον
2435 1439 2797 1516 ζωγράφημα,
2842 1436 3068 1508 ἐξένευεν
3123 1437 3200 1500 εἷς
3250 1437 3348 1492 ὅσα
3395 1438 3484 1491 καὶ
3535 1433 3877 1500 διδάσκαλος

2213 1513 2434 1605 ἔμφρων
2466 1571 2482 1600 ,
2528 1513 2639 1582 τὸν⁷
2684 1528 2777 1600 μὶν
2837 1533 3006 1603 πρᾶον
3066 1527 3495 1601 ἀποτιθέμενος,
3549 1527 3611 1580 οὗ
3671 1526 3881 1600 μηκέτι

452 1611 642 1685 καιρὸς
667 1618 784 1676 τοῖς
813 1611 1249 1690 διδασκομένοις,
1281 1619 1371 1672 τὸν
1406 1616 1463 1673 δὲ
1491 1617 1900 1694 ἐπιστρεπτικὸν
1939 1617 2492 1696 μεταμφιεννῦμενος,
2525 1617 2582 1671 ὃν
2616 1616 2768 1672 αὐτοὶ
2815 1616 2951 1672 κατὰ
2978 1623 3076 1686 τῆς
3122 1616 3357 1690 ἀμαθίας
3399 1614 3872 1692 προεκαλέσαντο,

453 1707 750 1776 καυτῆρας,
785 1703 884 1758 οὐκ
908 1703 1046 1774 ἤπια
1077 1708 1333 1784 φάρμακα
1365 1709 1633 1772 θέλοντες.

520 1951 610 2006 27.
642 1951 813 2006 Aliud
840 1952 919 2008 ibi
972 1953 1166 2011 videre
1215 1963 1340 2012 erat
1401 1957 1857 2030 pulchritudinis
1907 1958 2094 2030 speci-

2277 1948 2374 2014 κζ’.
2412 1945 2511 2002 Καὶ
2543 1945 2607 2013 ἦν
2642 1944 2861 2008 ἐνταῦθα
2895 1943 3115 2018 βλέπειν
3162 1942 3302 1998 ἄλλο
3349 1949 3554 2018 κρᾶμα,
3612 1941 3870 2003 κάλλους

456 2056 612 2095 men.
647 2039 922 2097 Hilaritas
955 2043 1112 2098 enim
1145 2050 1202 2100 et
1260 2047 1344 2101 sic
1389 2064 1500 2102 non
1533 2048 1799 2104 lusciosis
1828 2047 2048 2103 effulsit
2083 2073 2097 2114 ;

455 2129 636 2184 animi
688 2148 820 2186 vero
874 2133 1100 2188 indoles
1153 2135 1352 2190 vultus
1413 2137 1766 2194 lineamenta
1803 2139 2096 2208 coloravit,

453 2217 607 2273 sicut
636 2218 796 2275 intus
832 2220 1023 2293 fulgar
1071 2225 1350 2294 recondit,
1412 2232 1470 2280 at
1528 2245 1640 2282 non
1697 2228 1928 2299 penitus
1961 2244 2096 2282 ocu-

451 2305 642 2362 lorum
663 2309 890 2363 obtutui
924 2312 1196 2367 detrahit.
1229 2315 1334 2378 Qui
1393 2322 1586 2371 autem
1637 2334 1832 2372 coram
1868 2321 2098 2387 specta-

453 2395 582 2450 culo
614 2395 712 2451 illo
755 2397 911 2469 regio
944 2401 1190 2468 steterit,
1222 2401 1335 2456 sibi
1370 2402 1583 2458 timens
1615 2405 1770 2475 quod
1806 2421 1896 2459 res
1928 2403 2098 2458 aliter

454 2484 578 2539 fieri
611 2502 722 2539 non
760 2492 983 2556 poterat
1012 2488 1146 2559 (nisi
1179 2489 1609 2562 imperterritus
1641 2493 1854 2564 aliquis
1887 2493 1954 2548 ad
1981 2491 2097 2547 leo-

452 2589 582 2627 nem
615 2573 832 2630 clausis
863 2578 1193 2648 superciliis
1243 2581 1641 2649 quiescentem
1701 2582 1992 2649 accessit),
2043 2585 2100 2636 et

453 2663 702 2719 obscuro
735 2667 860 2721 visu
884 2670 1112 2722 tantum
1149 2669 1399 2740 speciem
1433 2675 1728 2725 externam
1773 2672 1946 2734 videt,
1982 2688 2095 2726 non

452 2756 647 2808 autem
680 2753 736 2807 in
769 2755 1038 2810 intimam
1073 2757 1259 2812 lucem
1294 2760 2098 2832 penetrat(mensstupefacta

453 2842 616 2897 timet
658 2847 1010 2914 perscrutari
1043 2849 1191 2918 quod
1253 2865 1404 2921 saepe
1436 2856 1691 2905 mentem
1751 2851 1915 2924 fugit,
1949 2859 2004 2907 et
2035 2853 2091 2907 in

450 2933 760 3002 superﬁcie
784 2933 992 3003 judicii
1022 2937 1238 3006 manet)
1290 2939 1435 2992 mori
1466 2939 1668 2994 mallet
1689 2957 1866 3010 quam
1902 2957 2092 3013 regem

446 3017 559 3073 sibi
591 3018 802 3075 iratum
828 3020 1062 3089 habere,
1087 3024 1242 3078 sicut
1301 3041 1485 3096 neque
1544 3034 1742 3089 Deum,
1795 3028 1966 3099 cujus
2008 3029 2095 3084 ira

447 3107 796 3165 mortalibus
823 3111 1018 3181 gravis
1048 3117 1158 3177 est,
1187 3111 1324 3168 licet
1378 3130 1592 3186 magno
1636 3132 1775 3187 erga
1824 3116 2092 3172 homines

447 3211 645 3250 amore
689 3197 1006 3270 mitigetur.
1045 3199 1356 3271 Nunquam
1417 3207 1589 3257 antea
1640 3208 1840 3259 tantus
1901 3211 2092 3260 metus

444 3283 742 3341 hominem
773 3286 1086 3356 invaserat,
1116 3294 1175 3345 et
1231 3289 1570 3347 humanitas
1602 3293 1972 3364 imperatoris
2005 3295 2088 3349 in.

2207 3279 2585 3357 φιλανθρωπίᾳ
2662 3281 3071 3388 εζιδγκὶκροπαις

442 3373 821 3429 tervenientis
849 3375 1141 3432 labentem
1177 3379 1358 3433 erexit
1389 3383 1445 3434 et
1485 3381 1877 3437 amaritudine
1925 3384 2088 3439 edul-

444 3466 710 3518 coratum
735 3470 1026 3535 sanasset,
1061 3466 1111 3521 si
1141 3468 1425 3524 sanabilis
1457 3469 1684 3527 fuisset.
1721 3472 1781 3525 In
1807 3470 1899 3526 his
1931 3471 2086 3527 enim

443 3552 618 3609 rebus
643 3552 906 3627 ineptum
937 3561 1093 3612 esset
1124 3573 1335 3614 sensus
1376 3559 1557 3614 animi
1616 3560 1855 3635 intimos
1903 3561 2090 3632 repri-

443 3656 622 3707 mere,
682 3647 739 3697 et
797 3644 1155 3700 contrarium
1220 3645 1668 3718 amplectentem
1757 3649 2094 3705 humaniter

444 3731 767 3786 secundare
799 3736 975 3803 atque
1003 3733 1085 3788 ita
1132 3739 1189 3790 et
1246 3751 1307 3791 se
1368 3740 1425 3791 et
1450 3736 1666 3794 multos
1687 3737 1832 3794 alios
1863 3739 1920 3794 in
1960 3755 2090 3812 per-

444 3817 658 3875 niciem
691 3821 1111 3894 praecipitasse.

520 4187 610 4244 28.
645 4188 927 4261 Equidem
959 4192 1138 4249 talem
1170 4195 1434 4251 animum
1458 4196 1656 4269 laudo,
1688 4198 1980 4271 siquidem
2005 4201 2094 4257 lex

453 4277 758 4346 normalis,
790 4295 965 4351 quam
999 4280 1047 4336 si
1089 4283 1467 4354 imperatores
1524 4293 1859 4343 exercerent
1887 4287 2094 4345 lauda-

451 4370 657 4421 rentur
686 4368 948 4440 quidem,
1008 4369 1307 4427 abolentes
1364 4377 1558 4429 autem
1608 4379 1795 4431 totum
1851 4378 2092 4435 modum

453 4459 682 4512 tantum
719 4474 834 4512 non
865 4459 1286 4515 subverterent.
1324 4461 1506 4517 Homo
1556 4469 1751 4520 autem
1801 4471 2000 4523 noster
2028 4484 2095 4525 ea

449 4543 649 4601 indole
679 4551 735 4602 et
761 4547 963 4604 habitu
996 4550 1255 4621 corporis
1287 4556 1431 4617 erat,
1473 4554 1707 4624 quando
1739 4555 1793 4609 in
1846 4557 2095 4614 civitatis

449 4635 961 4693 administratione
983 4639 1224 4710 agitatio
1255 4641 1518 4711 quaedam
1550 4643 1700 4713 apud
1732 4659 1866 4698 eum
1899 4644 2093 4701 eluce-

449 4721 586 4791 bat;
621 4723 838 4780 bellum
871 4728 1027 4782 enim
1060 4730 1111 4784 ei
1158 4728 1335 4784 alium
1370 4731 1552 4785 animi
1611 4731 1884 4789 affectum
1934 4751 2094 4790 crea-

448 4809 568 4878 bat,
610 4813 782 4883 cujus
803 4819 966 4885 gesta
993 4815 1049 4871 in
1080 4817 1406 4875 Annalibus
1434 4836 1468 4875 a
1497 4821 1866 4892 gravissimis
1893 4828 2091 4879 aucto-

449 4899 614 4955 ribus
639 4903 915 4959 contectis
948 4905 1274 4978 perscripta
1307 4911 1469 4964 sunt.

515 5115 916 5189 29.Eleganter
945 5123 1326 5178 conversandi
1358 5128 1589 5197 tempus
1606 5127 1903 5184 est.Nemo
1934 5128 2090 5186 enim

447 5221 548 5276 per
570 5208 752 5262 totam
787 5207 962 5264 vitam
995 5208 1168 5282 plane
1199 5211 1362 5267 rudis
1392 5217 1501 5284 est,
1551 5216 1660 5271 etsi
1689 5214 1835 5271 alter
1879 5217 2090 5274 Timon

444 5301 637 5364 esset;
673 5296 932 5354 amicitia
966 5304 1162 5356 autem
1201 5302 1592 5360 urbanitatem
1627 5323 1930 5378 nunquam
1955 5309 2088 5381 reji-

445 5382 542 5450 cit,
579 5389 640 5439 ut
672 5401 777 5440 nec
807 5387 1155 5458 gubernatio
1187 5389 1395 5448 civilis.
1432 5392 1560 5450 Fuit
1609 5395 1765 5451 enim
1807 5397 2086 5453 sarculum

446 5486 560 5542 quo
584 5472 903 5545 imperator
932 5476 1250 5535 mellitluus
1283 5479 1467 5536 obviis
1517 5482 1966 5556 quibuscumque
1996 5502 2088 5541 es-

446 5566 555 5616 set.
581 5565 779 5634 Itaque
809 5581 1028 5623 manna
1058 5567 1283 5625 ccelitus
1315 5568 1484 5642 pluit,
1507 5571 1648 5642 quia
1677 5590 1711 5629 a
1739 5573 2088 5632 celsitudine

449 5646 609 5716 regia
641 5665 754 5704 non
786 5652 869 5707 sic
900 5655 1187 5711 cadebant
1216 5656 1360 5728 regii
1393 5673 1715 5733 sermones,
1755 5662 1972 5734 quibus
2029 5666 2088 5719 et

2205 2034 2294 2089 καὶ
2352 2033 2510 2090 αὐτό.
2565 2035 2634 2089 Τὸ
2704 2035 2798 2106 μὲν
2854 2034 2956 2108 γάρ
3015 2031 3207 2106 ἱλαρὸν
3256 2033 3346 2087 καὶ
3397 2032 3540 2086 οὕτω
3587 2038 3708 2094 τοῖς
3764 2034 3867 2086 οὐκ

2208 2119 2636 2196 ἀμϐλυιιιποῦσιν
2683 2121 2973 2196 ἐξέλαμπε,
3019 2123 3080 2177 τὸ
3129 2119 3186 2177 δὲ
3225 2121 3570 2194 θυμούμενον
3597 2128 3699 2191 τῆς
3751 2125 3864 2195 ψυ-

2206 2219 2317 2287 χῆς
2348 2209 2559 2288 ἔχρωζε
2586 2211 2675 2266 καὶ
2726 2210 2913 2273 ἄλλως
2950 2213 3012 2266 τὸ
3042 2213 3497 2287 προφαινόμενον,
3559 2212 3700 2264 καθά
3756 2232 3867 2264 που

2205 2303 2428 2377 κρῦπτει
2491 2302 2584 2374 μὲν
2643 2299 2792 2364 ἐντὸς
2841 2301 2902 2354 τὸ
2960 2301 3239 2375 φωταυγὲς
3271 2345 3285 2371 ,
3360 2299 3604 2377 ἀφανίζει
3656 2297 3718 2354 δὲ
3761 2300 3870 2354 οὒκ

2209 2390 2449 2447 εῗσάπαν.
2501 2392 2600 2446 Καὶ
2650 2391 2678 2445 6
2709 2396 2787 2463 τῷ
2831 2389 3100 2465 βασιλικῷ
3130 2389 3438 2465 περιτυχὼν
3499 2388 3693 2460 ἐκείνῳ
3724 2408 3865 2463 προ-

2206 2483 2474 2555 σχήματι,
2523 2480 2730 2559 φρίξας,
2783 2479 2865 2534 ὅτι
2929 2476 3070 2552 μηδὲ
3115 2482 3180 2548 ἦν
3241 2476 3430 2542 ἄλλως
3479 2476 3729 2552 γενέσθαι
3791 2476 3863 2549 (εἶ

2210 2570 2285 2642 μὴ
2339 2569 2429 2624 καὶ
2475 2568 2668 2624 λὲοντά
2713 2589 2794 2630 τις
2840 2569 3022 2642 ἡμέρα
3067 2567 3130 2622 τὸ
3177 2565 3480 2621 ἐπισκύνιον
3522 2563 3863 2636 συνδήσαντα

2204 2657 2452 2732 παρῆλθί
2507 2678 2612 2712 που
2667 2654 2962 2733 ἄτρεστος),
3019 2656 3108 2711 καὶ
3173 2655 3235 2710 τὸ
3292 2655 3512 2710 ὀπτικὸν
3569 2655 3866 2730 συγχεθεῖς

2204 2747 2430 2815 ἐκεῖνος,
2463 2748 2536 2808 ὡς
2574 2746 2736 2820 μόνον
2789 2751 3026 2820 προορᾷν
3083 2745 3145 2800 τὸ
3197 2742 3492 2813 ἐπιπολῆς,
3546 2745 3621 2816 μὴ
3686 2739 3863 2816 ἰμῧα-

2205 2836 2377 2891 θύνειν
2423 2833 2479 2890 δὲ
2525 2835 2615 2890 καὶ
2648 2833 2723 2898 εἷς
2768 2837 2868 2903 τήν
2920 2831 3068 2889 ἔνδον
3121 2837 3311 2912 φαῦσιν
3362 2830 3559 2906 (δεινὸν
3594 2833 3704 2906 γὰρ
3756 2831 3865 2887 λο-

2203 2926 2401 3001 γισμὸς
2463 2924 2775 2994 ὑποπτήξας
2832 2924 2908 2996 μή
2966 2918 3303 2997 ἐξακριϐοῦν,
3363 2920 3509 2977 ἀλλὰ
3564 2926 3662 2976 τοῦ
3714 2941 3855 2995 προ-

2203 3015 2529 3093 φαινομένου
2559 3012 2842 3088 γίνετθαι),
2877 3017 3052 3076 θανεῖν
3115 3009 3322 3082 εὔξαιτο
3381 3008 3463 3080 ἂν,
3508 3009 3653 3085 ἤπερ
3703 3012 3860 3086 βασις

2202 3103 2298 3160 λέα
2329 3102 2506 3167 ἔνθεον
2566 3103 2717 3174 αὖτῷ
2776 3100 3175 3173 ἐπισκῦζεσθαι,
3221 3101 3361 3164 καθά
3395 3097 3536 3173 μηδὲ
3577 3100 3733 3170 Θεὸν,
3796 3097 3859 3154 οὗ

2199 3193 2287 3248 καὶ
2318 3192 2480 3247 αὐτοῦ
2512 3194 2540 3247 6
2572 3192 2744 3263 θυμὸς
2801 3190 2966 3267 βαρὺς
3014 3195 3148 3258 τοῖς,
3170 3190 3293 3266 περὶ
3323 3197 3452 3265 γῆν,
3483 3189 3529 3244 εἰ
3578 3190 3670 3244 καὶ
3720 3190 3861 3266 ἂκρα

3157 3277 3315 3336 Οὕτω
3392 3282 3643 3333 τοιοῦτον
3735 3275 3860 3340 δὲος

2201 3368 2391 3426 ἔπαθεν
2433 3371 2461 3425 6
2510 3366 2814 3438 συσταλεὶς,
2872 3369 2962 3424 καὶ
3012 3367 3074 3424 τὸ
3130 3366 3412 3444 βασιλικὸν
3439 3368 3631 3444 ἱλαρὸν
3682 3367 3857 3437 προέ-

2195 3479 2379 3535 τρεχε,
2450 3459 2539 3514 καὶ
2615 3452 2958 3531 ἀνελάμϐανε
3027 3457 3426 3512 καταπέττοντα
3460 3500 3477 3524 ,
3551 3455 3644 3511 καὶ
3711 3454 3856 3529 μηδὲ

2198 3547 2584 3624 παραψάμενον
2637 3551 2950 3623 πικρασμοῦ
3006 3543 3323 3622 ἐγλύκαζεν,
3378 3545 3423 3600 εἰ
3479 3545 3558 3619 μὴ
3620 3544 3726 3621 ἄρα
3775 3545 3855 3607 εἷς

2197 3639 2260 3692 τὸ
2315 3638 2488 3707 πάντη
2517 3638 2732 3698 πάντως
2781 3636 3026 3707 ἐξήνεκτο
3083 3636 3492 3711 ἀθεράπευτοι,
3523 3636 3611 3691 Ἐν
3661 3634 3857 3688 τοιού-

2198 3748 2314 3789 τοις
2343 3727 2442 3802 γὲιρ
2502 3725 2718 3796 ἠλίθιος
2775 3723 2834 3779 ἃν
2896 3720 2981 3795 εἴη
3033 3726 3060 3779 6
3091 3722 3464 3798 κατασιγάζων
3500 3723 3564 3778 τὸ
3593 3723 3854 3795 θυμικὸν,

2199 3817 2290 3871 καὶ
2319 3821 2396 3888 τῷ
2425 3814 2762 3890 ἀντιστρόφῳ
2793 3815 2980 3890 χώραν
3011 3810 3194 3876 διδοὺς
3245 3811 3666 3888 ἐκτραχηλίζειν
3717 3813 3856 3867 κατά

2199 3909 2471 3980 κρημνοῦ,
2514 3905 2603 3960 καὶ
2651 3902 3069 3981 συγκαταφὲρειν
3095 3907 3164 3978 τῇ
3201 3904 3430 3977 μιμήσει
3474 3901 3728 3965 πολλοὺς
3775 3902 3854 3963 είς

2201 3991 2449 4071 ὄλεθρον.

2272 4191 2379 4259 κη’.
2414 4190 2646 4244 Ἐπαινῶ
2672 4188 2764 4243 τὸν
2816 4190 3063 4242 τοιοῦτον
3122 4185 3292 4259 θυμὸν
3343 4183 3616 4261 ἐγὼ,ἐπεὶ
3673 4186 3766 4240 καὶ
3827 4187 3856 4242 6

2203 4275 2508 4352 διορθωτὴς
2554 4275 2743 4350 νόμος,
2784 4275 2841 4331 ὃν
2902 4276 2954 4330 οἱ
3011 4273 3467 4350 αὖτοκρατοῦντες
3528 4276 3860 4348 μετριάσαν-

2199 4389 2288 4432 τες
2320 4367 2414 4442 μὶν
2460 4366 2762 4423 ἐπαινοῖντο
2807 4363 2892 4434 ἃν,
2952 4360 3346 4438 ἀπαλείψαντες
3394 4359 3451 4417 δὲ
3501 4361 3690 4418 οὐκᾶν
3725 4365 3861 4442 φθά-

2203 4479 2342 4513 νοιεν
2373 4457 2472 4525 τήν
2513 4460 2608 4511 τοῦ
2663 4456 2863 4518 παντὸς
2908 4453 3047 4525 νάειν
3095 4452 3438 4529 συγχέαντες.
3491 4451 3596 4508 Καὶ
3627 4453 3700 4523 ἦν
3760 4455 3858 4527 μὲν

2205 4548 2232 4602 6
2263 4544 2653 4618 ἐπαινούμενος
2705 4543 2847 4599 οὕτω
2893 4548 3243 4618 χαρακτῆρος
3283 4538 3426 4616 ἔχων
3459 4541 3546 4595 καὶ
3580 4545 3857 4612 καταστή-

2209 4657 2377 4712 ματος
2426 4640 2523 4690 τοῢ
2579 4635 2694 4689 κατ’
2753 4629 2897 4708 ὄψιν,
2958 4631 3048 4686 ὅτε
3104 4633 3310 4704 θυμική
3369 4627 3710 4704 παραδράμῃ
3771 4653 3856 4693 τις

2201 4723 2514 4802 περιπέτεια
2540 4724 2609 4780 τά
2637 4745 2699 4800 γε
2729 4722 2804 4784 εἰς
2834 4723 2896 4777 τὸ
2926 4719 3324 4776 πολιτεύεσθαι.
3357 4720 3418 4776 Ὀ
3468 4717 3724 4793 πόλεμος
3755 4721 3857 4797 γὰρ

2203 4815 2350 4888 αὐτῷ
2382 4813 2617 4887 δτεροίαν
2660 4814 2774 4888 εἶχε
2805 4809 3182 4886 θυμομαχίαν,
3212 4810 3277 4879 ἣν
3311 4809 3367 4863 αἱ
3395 4809 3615 4883 πράξεις
3649 4807 3860 4879 διαζω-

2200 4907 2514 4983 γραφοῢσιν,
2548 4901 2608 4967 ’ὰς
2640 4902 2694 4957 αἱ
2730 4895 3011 4976 βιϐλιακαὶ
3040 4897 3247 4974 πτύχες
3275 4896 3633 4976 ἀμφιέπουσι.

2269 5125 2369 5180 κθ’.
2403 5120 2606 5199 Καιρὸς
2667 5117 2732 5192 δή
2781 5139 2864 5182 τις
2910 5117 2998 5173 καὶ
3052 5114 3413 5172 ἆστεῒσασθαι.
3447 5113 3527 5173 Οὔ
3560 5116 3666 5191 γὰρ
3732 5113 3861 5172 δυσ-

2197 5211 2467 5290 τράπελος
2527 5209 2615 5267 διὰ
2675 5210 2797 5286 βίου
2846 5208 3046 5270 παντὸς
3097 5207 3148 5262 ἐν
3195 5205 3505 5282 ἀνθρώποις
3538 5204 3753 5274 οὐδεὶς,
3813 5205 3868 5261 εἴ

2198 5324 2257 5380 γε
2285 5303 2374 5358 καὶ
2405 5300 2587 5375 Τίμων
2623 5297 2948 5378 ἐφιλιάζετο·
2993 5294 3149 5372 φιλία
3175 5293 3233 5350 δὲ
3266 5291 3496 5367 οὐδεμία
3523 5295 3588 5349 τὸ
3644 5293 3861 5351 ἀστεῖον

2199 5391 2483 5463 ἀπείπατο,
2513 5389 2751 5462 καθάπερ
2813 5385 2940 5443 οὗδὶ
2989 5383 3182 5460 ὁμιλία
3227 5385 3262 5453 ἡ
3308 5381 3694 5454 πολιτευτική.
3732 5390 3860 5438 Και-

2199 5483 2290 5558 ρὸς
2331 5478 2397 5552 δή
2431 5501 2513 5542 τις
2541 5477 2632 5534 καὶ
2660 5476 2907 5538 τοιοῦτός
2937 5494 3087 5547 ποτε,
3117 5471 3206 5527 καὶ
3238 5472 3265 5527 ὁ
3320 5469 3578 5548 βασιλεὺς
3628 5471 3857 5549 ἀπὲῤῥεε

2201 5569 2428 5646 μέλιτος
2455 5574 2571 5632 τοῖς
2599 5564 3002 5644 ἐντυγχάνουσι.
3059 5559 3309 5618 Μάλιστα
3343 5561 3438 5634 μὲν
3469 5560 3564 5616 οὗν
3619 5563 3698 5624 ὡς
3764 5563 3856 5617 ἀπ’

2193 5657 2425 5737 οὐρανοῦ
2485 5657 2657 5733 μάννα
2708 5649 2954 5732 ἔϐρεχεν,
3013 5652 3094 5708 δτι
3150 5652 3246 5706 τοῦ
3295 5647 3348 5705 ἐν
3406 5647 3529 5725 ὕψει
3587 5652 3852 5726 μεγέθους
