4136 6210
245 371 368 432 993

1109 367 1512 430 MANUELIS
1557 364 1906 427 COMNENI
1951 367 2348 431 LAUDATIO
2393 363 2815 432 FUNEBRIS.

3547 373 3668 434 994

246 498 370 556 οὐδ’
400 497 546 554 οὕτω
594 499 924 554 κατέπιπτον
975 500 1025 554 οἳ
1081 495 1354 574 βασιλικοὶ
1395 495 1581 571 λόγοι,
1615 498 1697 558 οἷς
1727 497 1816 551 καὶ
1848 497 1909 552 τὸ

2035 499 2188 555 faciei
2221 505 2499 558 constans
2525 503 2808 560 serenitas
2840 503 3012 560 aliam
3037 505 3402 562 dulcedinem
3427 511 3667 580 gustan-

243 594 346 645 106
379 587 678 664 προσώπου
725 587 986 663 γαλήνιον
1040 584 1514 659 συνδιατιθὲμενον
1546 584 1728 660 ἑτέρας
1761 582 1909 663 ἔγευε

244 677 618 755 γλυκύτητος.
671 679 858 734 Μάννα
909 677 986 747 δὲ,
1037 677 1120 732 ὅτι
1168 697 1266 752 περ
1313 675 1390 739 εἷς
1439 673 1812 751 πολυτροπίαν
1842 676 1910 730 τὰ

243 775 352 838 τῆς
413 766 670 842 γλυκείας
719 765 943 838 ὁμιλίας
992 761 1244 835 διέϐαινε,
1293 766 1384 820 καὶ
1436 761 1741 826 πολυειδῶς
1798 763 1907 820 ἐνε-

247 852 637 932 ϐρωματίζετο
662 861 762 925 τῆς
792 852 999 926 ἡδονῆς
1031 856 1060 910 ὁ
1090 858 1284 910 πεινῶν
1335 855 1398 909 τὸ
1428 852 1756 932 φιλόκαλοι.
1810 853 1908 908 Καὶ

246 947 280 1002 ὁ
315 947 417 1020 μὲν
449 942 640 1007 ἄλλως
690 942 826 1014 ἡδὺς
878 949 974 1000 106
1021 946 1460 1022 προφαινομένου
1507 946 1596 1014 ἦν,
1648 941 1722 1005 είς
1775 943 1907 1018 γλυ-

245 1041 401 1090 κεῖαν
461 1033 592 1088 αὐτὸ
653 1035 874 1108 βάπτων
926 1029 1151 1088 ἔννοιαν·
1204 1034 1231 1087 ὁ
1266 1029 1323 1087 δὲ
1372 1030 1562 1108 λόγιος
1604 1031 1692 1088 καὶ
1747 1031 1820 1094 εἷς
1847 1032 1908 1086 τὸ

248 1123 409 1179 ἔνδον
489 1121 960 1200 φιλοσοφούμενον
1027 1116 1334 1186 ἐνεϐάθυνεν
1372 1167 1387 1193 ,
1445 1119 1779 1194 ὶκμυελίζων
1847 1122 1907 1176 τὸ

246 1213 461 1285 νόημα.
497 1210 594 1266 Καὶ
651 1215 747 1284 μεν
789 1208 904 1266 οόδ⁹
953 1209 1199 1281 ἐξέπιπτὲ
1248 1232 1300 1265 τι
1329 1215 1437 1265 τῶν
1487 1209 1693 1265 ἐκείνου
1725 1210 1906 1286 ἀργὸν,

249 1302 346 1356 καὶ
405 1301 481 1362 ὡς
515 1302 634 1355 οῖον
667 1299 744 1362 εἷς
798 1297 1032 1362 ὀστῶδες
1082 1321 1133 1354 τι
1189 1297 1579 1376 ἐκλογίζεσθαι*
1640 1299 1806 1375 ἤρτυε
1853 1297 1910 1354 δὲ

243 1391 346 1447 τὸν
382 1388 549 1465 λόγον
599 1388 762 1444 ἅλατι
808 1389 904 1462 μὶν
954 1385 1147 1444 διόλου
1196 1393 1277 1461 τῷ
1326 1385 1417 1443 διὰ
1444 1389 1644 1450 παντὸς
1668 1387 1910 1462 νοστίμῳ

245 1487 355 1549 τῆς
410 1477 858 1553 μεταχειρίσεως,
913 1478 1002 1532 καὶ
1063 1477 1302 1553 βαθείαις
1359 1475 1417 1534 δὲ
1473 1477 1744 1553 θεωρίαις,
1791 1482 1908 1540 ταῖς

255 1570 380 1641 μὲν,
414 1567 543 1629 ὅσας
586 1567 638 1621 οἱ
685 1565 987 1622 ἀπόστολοι
1021 1567 1259 1640 μαθηταὶ
1289 1566 1377 1622 καὶ
1407 1568 1435 1621 ὁ
1460 1566 1783 1628 ἀποστείλας
1819 1565 1910 1639 μὲ-

246 1677 442 1733 γιστος
473 1653 801 1719 διδάσκαλος
831 1654 1146 1727 ἀνέπτυξαν,
1181 1662 1299 1718 ταῖς
1333 1653 1410 1724 δὲ,
1441 1654 1657 1718 ὁποίαις
1693 1657 1745 1710 οἱ
1776 1654 1909 1728 ἐξω-

246 1745 461 1820 upiin
496 1743 872 1818 σεμνύνονται.

2019 588 2156 644 dam
2190 591 2446 661 prazbet:
2485 609 2701 648 rnanna
2746 597 2961 661 autem,
3011 595 3165 664 quod
3216 597 3668 654 conversationis

2019 677 2254 734 delicias
2288 679 2697 751 multiplicavit
2728 681 2777 737 is
2807 682 2906 753 qui
2936 683 3435 752 pulchritudinem
3481 686 3665 741 esurit

2020 763 2369 821 multimoda
2399 767 2698 840 voluptate
2731 770 3049 825 fruebatur.
3072 771 3138 826 Et
3167 771 3260 826 hic
3291 773 3532 844 quidem
3561 773 3671 829 ali-

2017 858 2102 908 ter
2125 871 2300 925 quam
2325 872 2426 926 per
2457 856 2710 928 speciem
2734 857 3037 928 jucundus
3061 864 3210 928 erat,
3242 867 3498 916 mentem
3530 879 3667 918 sua-

2019 959 2144 998 vem
2178 943 2518 1015 baptizans;
2553 946 2651 1017 qui
2703 963 2834 1001 vero
2887 947 3133 1003 rationis
3193 951 3484 1021 particeps
3544 955 3669 1007 erat

2021 1032 2076 1087 in
2110 1032 2380 1088 intimam
2414 1036 2753 1105 penetrabat
2780 1036 3237 1109 philosophiam,
3282 1040 3498 1112 ingenii
3544 1059 3671 1096 me-

2019 1121 2241 1177 duliam
2273 1122 2586 1180 hauriens:
2622 1130 2676 1180 et
2704 1124 2848 1179 nihil
2881 1142 3081 1180 eorum
3113 1144 3237 1197 quae
3289 1146 3356 1183 ex
3404 1127 3502 1182 illo
3533 1133 3674 1184 sunt

2019 1209 2077 1265 in
2110 1227 2322 1266 vanum
2355 1211 2584 1282 cecidit,
2610 1218 2668 1268 et
2699 1216 2873 1285 quod,
2902 1220 2966 1269 ut
2995 1214 3076 1270 ita
3107 1216 3316 1284 dicam,
3350 1218 3408 1272 in
3440 1233 3670 1274 osseam

2020 1304 2290 1355 naturam
2325 1301 2487 1357 abiit.
2521 1301 2767 1358 Omnem
2799 1304 2954 1358 enim
3006 1321 3335 1361 sermonem
3381 1306 3502 1364 sale
3533 1325 3672 1364 con-

2016 1388 2210 1443 diebat
2243 1389 2479 1459 usitato,
2514 1395 2570 1446 et
2598 1392 2893 1463 profunda
2923 1392 3276 1465 indaganda,
3308 1399 3370 1449 ut
3422 1395 3671 1467 apostoli

2017 1477 2288 1550 discipuli
2321 1483 2377 1533 et
2408 1495 2679 1535 summus
2713 1480 2995 1552 magister
3025 1482 3127 1554 qui
3160 1499 3260 1538 eos
3295 1483 3456 1539 misit
3481 1483 3667 1556 expli-

2021 1582 2212 1635 cuere,
2247 1567 2461 1623 deinde
2497 1585 2656 1624 more
2686 1569 2932 1642 vulgari.

328 1852 399 1908 λ’.
425 1853 542 1908 Ἵνα
591 1851 693 1927 γὰρ
750 1850 840 1906 καὶ
898 1855 986 1906 νῦν
1044 1852 1118 1914 ὡς
1179 1852 1231 1906 ἐν
1292 1846 1544 1940 θριάμϐῳ
1591 1852 1772 1924 τούτῳ
1820 1851 1910 1906 καὶ

2090 1852 2178 1906 30.
2214 1851 2285 1907 Ut
2314 1851 2496 1925 igitur
2527 1871 2684 1910 nunc
2716 1854 2774 1910 in
2809 1854 3026 1912 illustri
3057 1855 3356 1929 triumpho
3389 1866 3674 1931 quantum

250 1946 444 2015 σεμνῷ
493 1939 584 1995 καὶ
636 1937 879 2015 λαμπρῷ
929 1940 990 1995 τὸ
1025 1939 1077 1994 ἐν
1131 1939 1254 2012 ἐμοὶ
1283 1944 1379 1995 106
1430 1939 1701 2012 θαύματος
1731 1939 1912 1995 οἰκου-

257 2035 392 2107 ροῦν
421 2031 748 2106 προαγαγὼν
782 2028 1067 2101 θεατρίσω,
1102 2027 1200 2083 οὐκ
1229 2029 1294 2098 ἦν
1345 2029 1741 2100 ὑποκινηθῆναί
1784 2051 1916 2085 ποτε

265 2117 491 2183 λαλιὰν,
543 2118 598 2173 ἐν
647 2119 841 2193 ᾗπερὸ
887 2119 1241 2194 αὐτοκράτωρ
1295 2119 1395 2174 οὐκ
1446 2117 1687 2190 ἐξελάλει
1715 2141 1767 2174 τι
1797 2141 1916 2174 και-

266 2210 365 2264 νὸν
401 2209 496 2280 μὶν
544 2207 619 2269 εἰς
669 2207 858 2280 ἀκοὴν,
904 2207 1242 2280 θεόπεμπτον
1295 2204 1351 2262 δὲ
1398 2207 1474 2269 εἴς
1519 2208 1728 2278 νόησιν.
1773 2209 1918 2283 Ἐγὼ

262 2297 470 2369 τοίνυν,
503 2296 637 2371 ἀνὴρ
669 2294 791 2351 οὔτε
839 2295 1165 2374 ἀμφιλαφὴς
1209 2297 1308 2364 τὴν
1357 2302 1577 2372 γνῶσιν,
1607 2297 1695 2351 καὶ
1737 2297 1812 2360 ὡς
1844 2297 1918 2352 εἰ·

241 2392 393 2442 ’πεῖν
423 2380 789 2455 πολυϐενθὴς,
824 2385 885 2439 οὐ
939 2386 1045 2457 μὴν
1081 2383 1138 2440 δὲ
1186 2383 1299 2439 οὐδ’
1331 2385 1542 2460 εἴσάγαν
1594 2380 1800 2455 ἀϐαθὴς
1832 2384 1918 2441 καί

264 2474 436 2549 ψιλὸς
470 2475 776 2547 μαθήσεως,
828 2473 927 2528 οὐκ
977 2473 1034 2528 ἂν
1085 2473 1393 2549 αύχήσαιμι
1422 2470 1759 2551 παραϐαλεῖν
1791 2496 1924 2530 ποτε

263 2567 368 2634 τὴν
398 2563 566 2632 ἀκοὴν
606 2563 858 2638 ἀκροάσει
915 2561 1196 2637 βασιλικῇ,
1250 2563 1300 2618 ἐν
1403 2566 1476 2636 μή
1527 2585 1576 2618 τι
1605 2564 1803 2634 ξενίζον
1832 2564 1922 2618 καὶ

265 2647 560 2731 ἀρτιφανὶς
617 2645 800 2726 ἔμοιγ’
849 2651 941 2706 οὗν
1003 2650 1078 2713 εἷς
1143 2654 1585 2726 χρηστομάθειαν
1638 2653 1923 2726 εἷσῳκισά-

271 2763 386 2815 μην
415 2739 554 2794 κατὰ
599 2743 744 2794 νοῦν.
789 2741 1064 2801 Ἀττικοῖς
1108 2738 1331 2816 ἀνδράσι
1363 2741 1425 2796 τὸ
1453 2745 1699 2797 τοιοῦτον
1730 2739 1924 2820 φίλταε-

267 2850 390 2897 τον,
442 2830 524 2890 οἷς
573 2827 848 2902 ἐπίσημον
898 2829 959 2883 τό
1012 2829 1354 2908 φιλόκαινον,
1400 2831 1594 2885 ταυτὸν
1642 2829 1698 2885 δὶ
1746 2830 1924 2908 φάναι,

276 2919 588 2994 ἀνθρώποις
655 2915 1014 2991 διεξεσμένοις
1070 2917 1146 2978 εἷς
1203 2916 1411 2980 κάλλος
1468 2918 1812 2993 λογιότητος,
1873 2921 1926 2974 οἳ

269 3013 392 3069 τοῖς
440 3005 700 3068 παλαιοῖς
748 3011 1211 3078 προσεπιζητοῦσι
1260 3007 1348 3062 καὶ
1396 3007 1463 3062 τὰ
1508 3008 1814 3084 καινότερα,
1848 3007 1930 3064 λι-

271 3095 600 3172 χνευόμενοι
653 3095 752 3163 τὴν
813 3094 1070 3170 ἀκρόασιν
1106 3137 1120 3150 .
1181 3094 1280 3149 Καὶ
1335 3096 1400 3164 ἦν
1479 3095 1656 3170 λέγειν
1716 3097 1923 3171 καίριον

269 3184 574 3254 τηνικαῦτα
605 3182 778 3238 ἆκεῐνο
814 3184 876 3238 τὸ
927 3191 1027 3251 τῆς
1089 3186 1384 3254 ποιήσεως,
1435 3184 1508 3246 ὡς
1558 3183 1659 3260 ἄρα
1693 3185 1820 3249 Θεὸς
1848 3190 1927 3257 τῷ

277 3270 500 3349 βασιλεῖ
555 3273 654 3340 τήν
707 3274 925 3349 μορφὴν
976 3267 1123 3327 ἔπεσι
1182 3273 1383 3349 στέφει,
1414 3271 1710 3328 κάλλιστον
1764 3278 1926 3330 τοῦτο

273 3360 793 3438 προσεπισυνάπτων
824 3365 906 3433 τῷ
941 3359 1212 3436 βασιλικῷ
1243 3361 1533 3435 στέμματι.

351 3557 454 3614 λα’.
490 3558 588 3613 Καὶ
617 3557 761 3613 οὕτω
795 3557 893 3630 μὲν
945 3557 1114 3614 καλὸν
1159 3557 1222 3612 τὸ
1265 3557 1316 3612 ἐν
1367 3555 1614 3629 ὁμιλίαις
1645 3556 1842 3632 γλυκύο
1874 3561 1935 3615 τὸ

273 3645 338 3703 δὲ
366 3647 454 3702 καὶ
487 3648 683 3716 ἒτὲρως
713 3645 1053 3722 ἐχρημάτιζε
1081 3645 1334 3702 κάλλιον.
1359 3647 1437 3702 Τὸ
1467 3647 1570 3721 γάρ
1598 3654 1697 3716 τῆς
1727 3646 1934 3711 ὶννοίας

272 3733 489 3812 ὄχημα,
521 3736 585 3791 τὸ
634 3739 731 3791 τοῦ
778 3737 1194 3814 προφερομένου
1247 3733 1535 3811 βασιλικοῦ
1577 3734 1748 3811 λόγου
1774 3739 1933 3812 τορὸν

273 3825 370 3881 καὶ
427 3826 780 3901 τρανὲστατον
819 3869 832 3893 ,
893 3823 1035 3880 ἀλλο
1086 3829 1249 3880 τοῦτο
1319 3825 1662 3900 γλυκύτητος
1719 3827 1935 3902 ἄρτυμα

274 3913 562 3990 ἱπαγωγὸν
612 3918 729 3975 τοῖς
778 3913 1089 3978 ἀκούουσιν,
1135 3916 1217 3977 οἷς
1265 3913 1353 3968 καὶ
1405 3912 1678 3989 ἐπήρχετο
1723 3916 1934 3991 μερίζε-

275 4008 405 4061 σθαι
463 4005 538 4066 sic
590 4025 651 4059 τε
704 4005 766 4059 τὸ
825 4003 1121 4077 νοούμενον
1184 4000 1402 4078 ἄριστον
1447 4004 1529 4071 ὃν,
1574 4004 1662 4058 καὶ
1711 4003 1785 4067 εἷς
1836 4007 1935 4074 τὴν

274 4095 636 4170 ἀπηχητικήν
701 4094 1008 4170 προφορὰν,
1066 4097 1563 4165 συνεπικοσμοῦσαν
1620 4093 1709 4147 καὶ
1766 4094 1934 4164 αὐτην

273 4185 339 4239 τὸ
368 4182 690 4256 νοούμενον·
746 4189 843 4236 Και
893 4179 1183 4254 ἐξύμνηται
1243 4181 1332 4235 καὶ
1388 4185 1550 4235 τοῦτο
1596 4183 1657 4236 τὸ
1720 4182 1934 4257 βασιλι-

272 4272 372 4326 κὸν
399 4271 595 4339 καλὸν,
645 4269 736 4325 καὶ
782 4264 1000 4343 βίϐλοις
1051 4267 1305 4344 ἔγκειται.
1353 4269 1431 4325 Τὸ
1477 4267 1532 4323 δὲ
1576 4268 1627 4323 ἐν
1677 4270 1932 4346 ἀντιρῥή-

273 4381 421 4415 σεσιν
462 4357 707 4432 ἕτοιμον,
737 4358 800 4414 τὸ
853 4356 910 4412 δὲ
948 4357 1090 4433 ταχὺ
1144 4357 1238 4430 μὶν
1291 4352 1683 4431 προϐαλέσθαι,
1734 4357 1824 4428 ὀξὺ
1877 4356 1935 4414 δὲ

270 4443 672 4512 καταλαϐέσθαι
721 4447 786 4502 τὰ
843 4445 896 4500 ἐν
945 4448 1240 4519 νοήμασιν,
1294 4445 1394 4500 οὐκ
1444 4442 1559 4522 ἔχει
1608 4441 1930 4519 παραϐολὴν

269 4539 505 4614 τάχους,
562 4536 608 4592 εἰ
671 4539 744 4609 μή
805 4556 890 4597 τις
948 4534 1022 4595 εἰς
1087 4533 1281 4608 βέλους
1335 4533 1568 4589 ἑκνεύσει
1625 4535 1930 4608 πετομένου

2025 1944 2083 1994 in
2119 1957 2211 1996 me
2237 1945 2350 2003 est.
2383 1958 2577 1997 rerum
2613 1944 2994 1999 miriﬁcarum
3028 1945 3270 2001 chorum
3304 1947 3533 2018 ducam,
3561 1967 3676 2006 non

2026 2029 2520 2086 introducendum
2554 2039 2681 2086 erat
2710 2032 3091 2103 colloquium,
3124 2034 3183 2088 in
3218 2051 3329 2105 quo
3361 2035 3679 2107 imperator

2026 2119 2171 2174 nihil
2205 2119 2334 2174 novi
2369 2121 2974 2188 audientibus,divina
3005 2131 3196 2178 autem
3233 2125 3411 2180 menti
3434 2143 3675 2197 sugges-

2029 2207 2105 2262 sit
2137 2209 2492 2264 meditanda.
2529 2215 2730 2280 Itaque
2755 2226 2858 2281 ego
2884 2212 2982 2282 qui
3010 2227 3114 2267 nec
3136 2212 3400 2268 doctrina
3418 2215 3675 2281 abundo,

2032 2313 2220 2368 neque
2249 2298 2478 2354 dicendi
2512 2301 2734 2371 peritus
2764 2302 3041 2366 sum,imo
3073 2301 3192 2356 alta
3223 2303 3464 2357 scientia
3486 2321 3675 2374 careo,

2029 2405 2142 2442 non
2176 2393 2383 2443 tamen
2408 2389 2463 2444 id
2515 2390 2941 2445 committerem
2975 2396 3038 2445 ut
3071 2391 3225 2463 regio
3263 2394 3519 2448 sermoni
3573 2395 3677 2451 ob-

2032 2481 2444 2546 temperarem,
2503 2479 2658 2532 unde
2714 2477 2795 2533 nil
2845 2481 3136 2534 commodi
3187 2479 3244 2533 in
3279 2489 3677 2539 usum‘meum

2033 2570 2254 2620 vertere
2288 2583 2537 2634 possem.
2573 2566 2719 2621 Illud
2754 2569 2990 2638 quidem
3033 2567 3171 2622 viris
3203 2567 3407 2624 Atticis
3440 2587 3678 2642 pergra-

2033 2658 2160 2707 tum
2193 2658 2284 2707 est
2304 2654 2522 2724 quibus
2546 2654 2836 2726 peculiare
2867 2659 2956 2709 est
2986 2672 3135 2710 nova
3165 2673 3399 2727 semper
3430 2658 3676 2730 discere,

2033 2741 2089 2795 id
2123 2746 2212 2797 est
2230 2741 2369 2797 viris
2400 2743 2469 2797 ad
2500 2741 2772 2798 dictionis
2828 2742 3176 2815 elegantiam
3235 2745 3528 2816 expolitis,
3579 2750 3680 2820 qui

2036 2830 2211 2884 rebus
2268 2829 2529 2900 antiquis
2590 2847 2736 2885 nova
2794 2831 3081 2901 adjiciunt
3111 2838 3168 2886 et
3199 2832 3281 2887 sic
3314 2850 3547 2906 semper
3576 2854 3678 2892 au-

2035 2918 2232 2974 diendi
2264 2919 2416 2973 avidi
2443 2923 2600 2973 sunt.
2634 2920 2703 2974 Et
2731 2920 2839 2975 hoc
2870 2920 3110 2991 quidem
3145 2920 3268 2976 loco
3326 2939 3458 2977 cum
3510 2931 3684 2996 poeta

2037 3007 2376 3077 dixerimus,
2410 3009 2561 3079 quod
2601 3013 2750 3064 Deus
2776 3011 2894 3080 regi
2931 3013 3177 3065 formam
3212 3012 3515 3069 verborum
3550 3013 3683 3086 glo—

2038 3098 2123 3152 ria
2155 3102 2344 3163 ornat,
2377 3097 2528 3152 hanc
2560 3098 2872 3169 pretiosam
2933 3101 3312 3172 margaritam
3363 3102 3678 3162 diademati

2039 3205 2145 3244 suo
2174 3188 2559 3259 conjungens.

2116 3553 2203 3607 31.
2239 3552 2332 3608 Sic
2362 3553 2422 3608 in
2454 3553 2744 3626 colloquio
2778 3558 3066 3631 quidquid
3099 3559 3431 3634 pulchrum,
3490 3563 3549 3618 id
3588 3565 3693 3634 ju-

2045 3643 2303 3696 cundum
2329 3647 2436 3708 est,
2463 3643 2564 3698 sed
2596 3644 2753 3699 vario
2789 3647 2979 3701 modo.
3011 3647 3218 3704 Mentis
3250 3649 3404 3704 enim
3464 3651 3696 3708 vehicu-

2046 3730 2484 3796 lum,sermonis
2520 3733 2660 3804 regii
2685 3733 3230 3806 splendidissimum
3258 3738 3413 3794 aliud
3441 3741 3696 3797 dulcedi-

2046 3819 2138 3875 nis
2169 3821 2608 3877 condimentum
2643 3823 3013 3880 auditoribus
3029 3827 3216 3890 ailcrt,
3232 3828 3448 3898 quibus
3473 3830 3695 3903 incepit

2043 3909 2222 3965 dividi
2252 3910 2308 3965 in
2341 3914 2682 3981 cogitatum,
2717 3930 2832 3984 quo
2867 3914 3010 3968 nihil
3049 3915 3280 3984 melius,
3323 3925 3381 3973 et
3408 3918 3466 3973 in
3500 3937 3692 3976 enun-

2045 3998 2345 4054 tiationem
2381 3999 2620 4068 oralem,
2653 4018 2783 4073 qua;
2834 4003 3290 4071 cogitationibus
3350 4013 3696 4064 ornamento

2044 4091 2151 4141 est.
2204 4087 2388 4142 Ilocce
2448 4104 2682 4158 quoque
2741 4090 2812 4143 de
2871 4088 3224 4159 imperatore
3255 4109 3384 4148 cum
3422 4094 3698 4152 laudibus

2044 4175 2291 4229 refertur
2321 4175 2619 4231 aclitteris
2653 4178 2997 4233 mandatum
3034 4185 3142 4247 est,
3204 4183 3356 4252 quod
3409 4184 3467 4238 in
3529 4202 3694 4257 repo-

2045 4264 2236 4317 nendo
2266 4265 2402 4317 etin
2457 4265 2832 4334 proponendo
2890 4282 2957 4320 ao
3010 4268 3389 4338 concipiendo
3447 4270 3698 4327 aliorum

2045 4352 2300 4423 cogitata
2328 4350 2592 4406 celeriter
2621 4369 2754 4407 cum
2787 4353 2998 4425 sagitta
3026 4355 3256 4410 volante
3289 4363 3388 4412 aut
3418 4375 3549 4413 cum
3581 4359 3695 4414 ful-

2045 4439 2221 4510 mine,
2263 4446 2366 4494 aut
2396 4457 2529 4496 cum
2581 4440 2807 4496 volucri
2838 4459 2968 4514 quae
3009 4460 3203 4498 acrem
3257 4445 3452 4500 volatu
3505 4447 3693 4502 iindit-

2043 4530 2203 4592 Quod
2238 4545 2408 4600 porro
2441 4529 2496 4584 in
2534 4529 2841 4601 colloquiis
2873 4531 3142 4586 strictum
3175 4538 3233 4587 et
3291 4533 3345 4587 in
3379 4550 3692 4605 argumen-

273 4626 572 4697 ὠκύτητα,
632 4626 666 4694 ἢ
721 4622 794 4688 ε’ίς
849 4625 1128 4696 ἀστραπῆς
1187 4625 1498 4698 ταχυτάτην
1560 4622 1929 4700 ἐκπυρήνισιν,

2043 4597 2552 4689 tando—copiosum
2581 4597 2779 4687 est,_id
2827 4617 3081 4690 Calliope
3133 4621 3348 4690 poetria
3398 4597 3693 4693 operatur,

273 4716 312 4786 ἢ
346 4715 424 4776 εἷς
453 4713 758 4788 ὁμοιότητα
798 4718 1000 4789 πτεροῦ
1053 4712 1346 4789 ρὀζῶντος
1398 4711 1474 4773 εἰς
1501 4720 1696 4782 πτῆσιν
1725 4714 1928 4790 ἀέριον.

272 4806 353 4860 Τὸ
399 4801 457 4859 δὲ
506 4804 707 4858 πυκνὸν
757 4802 810 4858 ἐν
865 4800 1129 4873 διαλὲξεσι
1177 4801 1268 4856 καὶ
1321 4799 1594 4856 πλουτοῦν
1640 4802 1933 4878 ἐπιχειρη-

279 4897 550 4969 ματικῶς,
607 4897 766 4948 τοῦτο
827 4890 885 4948 δὲ
931 4894 966 4962 ἡ
1020 4893 1284 4961 ποιητικὴ
1335 4896 1583 4963 σεμνυνεῖ
1612 4889 1929 4966 Καλλιόπη,

274 4985 658 5059 παρομοιοῦσα
702 4979 758 5044 ἒς
800 4978 1042 5060 νιφάδων
1082 4979 1381 5052 πύκνωσιν,
1435 4978 1525 5035 καὶ
1578 4978 1796 5052 μάλισθ’
1845 4981 1934 5038 ὅτε

271 5069 581 5150 καταφοράν
633 5091 750 5127 τινα
805 5072 1038 5140 τοπικὴν
1097 5069 1132 5138 ἢ
1191 5068 1281 5124 καὶ
1322 5068 1510 5132 ἄλλως
1574 5069 1782 5144 βαρέως
1840 5071 1931 5126 ὲκ-

275 5161 697 5236 τραχυνομὶνην
731 5163 766 5230 ἡ
796 5165 894 5217 τοῦ
947 5159 1115 5235 λόγου
1164 5157 1521 5233 προκαλεῖται
1579 5158 1684 5229 ὕλη
1724 5203 1736 5218 .
1794 5160 1932 5218 Τότε

270 5250 376 5328 γάρ
419 5247 482 5304 τι)
534 5256 636 5318 τῆς
685 5246 908 5328 νιφάδος
952 5247 1238 5321 εῗκόνισμα
1286 5248 1372 5301 καὶ
1431 5245 1664 5321 μάλιστα
1710 5250 1932 5323 καιριώ-

270 5360 460 5396 τατον.
521 5339 730 5401 Πυκνὸς
781 5338 882 5414 γὰρ
943 5334 1194 5408 τηνικάδε
1245 5340 1437 5408 καιροῦ
1496 5338 1523 5391 ὁ
1565 5339 1930 5415 καταφορικὸς

272 5428 463 5505 λόγος,
497 5427 597 5482 ὅσα
647 5429 733 5483 καὶ
795 5425 1015 5506 νιφάδες
1070 5428 1233 5489 τινες·
1296 5423 1372 5480 ἔτι
1435 5427 1545 5499 μὴν
1597 5427 1685 5480 καὶ
1737 5447 1929 5504 φρικα-

2043 4724 2170 4776 quae
2206 4706 2360 4762 sicut
2391 4705 2685 4772 nixeadit,
2720 4707 3043 4777 praesertim
3092 4707 3187 4762 ubi
3246 4711 3536 4765 sermonis
3571 4729 3694 4767 ma-

2046 4797 2191 4851 teria
2220 4795 2647 4850 vehementiam
2697 4801 2798 4850 aut
2855 4795 3196 4867 gravitatem
3226 4798 3504 4868 postulat.
3531 4802 3694 4856 Tunc

2043 4887 2278 4958 quidem
2313 4887 2626 4941 admodum
2650 4887 2901 4956 quadrat
2929 4902 3062 4940 cum
3123 4887 3252 4942 nive
3282 4891 3641 4960 comparatio
3675 4908 3689 4958 ;

2042 4976 2317 5048 copiosus
2373 4990 2628 5045 namque
2661 4974 2772 5028 isto
2814 4977 3075 5045 tempore
3107 4992 3297 5031 sermo
3331 4981 3393 5032 ut
3420 4978 3518 5033 nix
3547 4977 3692 5034 labi-

2040 5074 2157 5138 tur,
2183 5084 2297 5123 non
2325 5067 2452 5123 sine
2485 5067 2724 5121 horrore
2756 5082 2821 5120 ac
2853 5066 3112 5132 fremitu,
3145 5072 3201 5122 et
3255 5085 3322 5123 ex
3379 5069 3496 5126 alto
3555 5087 3691 5127 cum

2043 5158 2352 5229 splendore
2384 5174 2448 5211 ac
2473 5155 2879 5228 magnitudine
2903 5156 2972 5210 ad
3019 5173 3125 5212 nos
3160 5158 3358 5212 fertur.
3394 5159 3688 5231 Sicimpe-

2042 5247 2252 5304 ratoris
2283 5243 2615 5317 eloquentia
2639 5244 3056 5316 experimentis
3115 5246 3262 5300 fulta
3317 5247 3597 5319 optimam
3627 5264 3691 5304 se

2043 5337 2209 5393 nobis
2242 5335 2586 5407 magistram
2619 5334 2855 5405 praebet,
2888 5334 3078 5404 major
3125 5340 3321 5391 autem
3386 5343 3475 5393 est
3507 5354 3687 5409 quam

2041 5445 2171 5501 quze
2203 5425 2494 5480 memoriae
2519 5424 2669 5480 tradi
2697 5425 2900 5495 possit.
3293 5443 3297 5446 ’

273 5518 426 5584 λὲος,
483 5516 668 5572 καὶοῖά
713 5539 795 5580 τις
829 5515 1131 5594 ριγεδανόςο
1184 5517 1274 5571 καὶ
1321 5519 1399 5587 τῷ
1439 5517 1540 5580 τῆς
1582 5515 1870 5594 σαφηνείας
1918 5517 2012 5590 μὲν
2065 5515 2244 5585 λευκῷ
2293 5510 2644 5585 διαλάμπων,
2695 5511 2768 5574 ὡς
2801 5510 2853 5581 ἐξ
2898 5510 3064 5586 ὕψους
3099 5509 3155 5567 δὲ
3185 5517 3577 5585 κατασκήπτων
3608 5521 3689 5588 τῷ

273 5605 554 5682 μεγχλείῳ
581 5611 677 5661 τοῦ
711 5608 965 5684 μεγέθους
997 5604 1274 5682 ἐξάρματι,
1309 5604 1466 5662 Οὕτω
1498 5601 1641 5658 πολὺ
1671 5606 1733 5659 τὸ
1765 5603 1819 5660 ἐν
1851 5604 2038 5682 λόγοις
2068 5610 2147 5677 τῷ
2182 5599 2398 5678 βασιλεῖ
2426 5600 2688 5674 πόριμον,
2723 5600 2784 5655 οὗ
2834 5604 2995 5676 πεῖρα
3038 5602 3126 5655 καὶ
3166 5601 3304 5676 μόνη
3339 5601 3686 5668 διδάσκαλος.

270 5697 650 5771 Ἐξιστορῆσαι
679 5696 781 5773 γὰρ
815 5695 914 5752 οὐκ
944 5693 1004 5751 ἃν
1036 5693 1144 5768 εἶή,
1176 5693 1230 5760 ἐς
1261 5692 1384 5750 ὅσον
1415 5691 1505 5748 καὶ
1537 5695 1670 5769 χρή.
