4136 6210
297 364 412 423 997
1159 363 1564 428 MANUELIS
1607 362 1959 426 COMNENI
2005 362 2400 424 LAUDATIO
2445 360 2861 426 FUNEBRIS.
3590 369 3711 432 998

299 515 429 562 νων,
463 494 538 558 ὡς
601 497 676 567 μή
737 499 854 558 τοῖς
909 493 1166 573 φθάσασιν
1226 493 1521 568 ὁμολογεῖν
1584 493 1653 550 τὰ
1709 491 1991 567 δεύτεραη

2102 495 2276 551 rimis
2309 495 2522 551 mirum
2552 497 2783 552 videtur
2810 499 3039 570 (omnes
3067 499 3222 557 enim
3254 501 3486 559 virtutis
3536 503 3710 560 amlci

302 584 402 638 Καὶ
452 588 614 638 τοῦτο
673 585 765 656 μὲν
826 584 1058 662 εὐφυοῦς
1107 585 1332 656 μνήμης
1363 582 1552 659 εἰρμὸς
1582 585 1699 645 οἷος
1752 583 1956 656 θαυμά-

2102 584 2239 639 mde
2270 583 2448 656 digna
2473 587 2814 656 sectantur),
2848 588 3084 658 quando
3113 593 3215 645 aut
3243 589 3367 662 ipse
3385 589 3602 647 librum
3625 592 3708 649 le-

303 675 502 742 ζεσθαι.
533 674 694 746 Ἡμῖν
726 670 783 728 δὲ
812 672 988 728 πλείω
1036 675 1100 728 τὰ
1150 678 1247 728 τοῦ
1307 672 1581 746 θαύματος
1637 673 1834 747 (φαμὲν
1886 669 1954 742 δ’,

2102 673 2238 729 λοοὰἱ
2269 689 2406 746 ergo
2427 674 2785 746 aperuit,aut
2813 676 2986 733 alicui
3009 677 3125 734 alta
3141 696 3278 736 voce
3302 679 3518 752 legenti
3539 697 3710 738 aures

302 762 388 818 ὅτι
420 762 510 817 καὶ
569 767 730 817 πᾶσιν
789 761 985 825 ἄλλοις
1041 759 1432 839 φιλοκαλοῦσιν
1493 760 1714 824 ἑαυτοὺς
1773 761 1848 823 εἷς
1895 760 1958 815 τὸ

2102 761 2318 818 ιτωουὶῐ
2346 763 2506 819 brevi
2528 768 2680 834 post,
2708 769 2794 821 vel
2814 771 2946 838 post
2979 783 3091 822 non
3121 784 3340 839 paucos
3363 769 3489 826 dies
3518 771 3716 828 omnia

301 852 440 926 πρὸς
494 857 612 912 τοῖς
673 850 1000 922 ἀξιεπαίνοις
1053 850 1201 926 ἔχειν
1247 851 1340 905 τὸν
1372 853 1540 923 νοῦν)·
1578 849 1667 905 ὅτε
1719 850 1810 904 xui
1872 849 1959 924 βί-

2102 855 2184 908 sta
2213 867 2317 922 pro
2338 851 2506 908 libito
2538 853 2822 921 recitavit,
2853 860 2910 911 et
2941 856 3025 910 sic
3055 856 3298 929 antiqua
3352 875 3488 915 cum
3549 860 3713 916 novis

302 936 439 996 ελον
470 938 633 1011 ὅλην,
665 941 700 1009 ἢ
733 941 893 1004 αὐτὸς
927 940 1228 1011 ἀναπτύξας
1280 940 1354 1002 είς
1402 939 1719 1015 ἐπίγνωσιν,
1748 939 1783 1008 ἢ
1835 937 1961 994 ἀλλ’

2102 940 2376 996 niscendo
2405 943 2723 999 astantium
2756 945 2988 1002 animos
3017 945 3078 1002 in
3135 951 3437 1020 stuporem
3497 949 3712 1022 rapuit.

304 1029 492 1106 ἑτέρου
550 1029 878 1104 περιιόντος,
907 1029 997 1084 καὶ
1057 1028 1342 1094 ἀκούεσθαι
1398 1029 1489 1084 τὸν
1536 1028 1588 1084 ἐν
1637 1028 1773 1103 αὐτῇ
1817 1032 1941 1083 νοῦν
1981 1026 2395 1101 ἀναλεξάμενος,
2428 1031 2538 1085 εἶτα
2567 1029 2910 1106 παρασχεδὸν
2940 1038 3131 1110 καιροῦ
3159 1034 3194 1104 ἢ
3227 1035 3316 1091 xui
3350 1037 3485 1110 μετὰ
3511 1036 3714 1113 συχνὰς

306 1118 518 1195 ἡμερας
564 1119 642 1182 εἷς
688 1119 751 1174 τὸ
790 1125 892 1174 πᾶν
945 1124 1181 1194 συνεῖρεν
1231 1118 1572 1194 ἀπρόσκοποι,
1599 1117 1796 1194 ἐξάγων
1845 1121 1943 1172 τοῦ
1975 1121 2249 1192 θησαυροῦ
2273 1115 2438 1174 αὐτοῦ
2468 1118 2606 1173 αὐτὰ
2638 1119 2734 1192 μὶν
2765 1119 2992 1192 παλαιὰ,
3027 1121 3253 1188 ἐκείνοις
3283 1120 3341 1180 δὶ
3367 1125 3544 1195 καινὰ,
3577 1125 3650 1181 ὧν
3683 1126 3713 1180 6

307 1206 470 1283 λόγος
509 1204 625 1263 οῦτι
654 1229 760 1263 που
795 1206 1005 1283 μακρὰν
1028 1207 1322 1281 ἐμέμνητο.

385 1464 484 1522 λδ’.
519 1465 660 1540 Πρὸς
687 1466 786 1540 γὰρ
821 1461 887 1535 δὴ
918 1469 1034 1526 τοῖς
1064 1463 1289 1534 ἄλλοις,
1317 1462 1406 1519 ὅτε
1434 1465 1734 1538 (συμπεσὸν
1776 1459 1962 1534 οὕτω),

2147 1464 2237 1519 34.
2274 1465 2555 1523 Praeterea
2580 1468 2816 1540 quando
2848 1484 2951 1540 pro
2982 1484 3042 1524 re
3074 1473 3210 1526 nata
3232 1469 3485 1543 publicis
3535 1488 3715 1546 nego-

316 1556 392 1628 μὴ
440 1559 558 1616 τοῖς
614 1558 828 1616 κοινοῖς
888 1552 1380 1629 ἐνασχολούμενος,
1429 1555 1621 1628 μικρόν
1674 1575 1726 1608 τι
1787 1550 1967 1613 ἀδείας

2102 1553 2174 1610 iis
2202 1553 2532 1612 valedicens
2563 1556 2869 1629 paululum
2901 1558 3002 1614 otii
3034 1558 3339 1630 capiebat,’
3352 1561 3583 1634 magnis
3611 1578 3718 1618 an-

314 1639 565 1716 λάϐειτο,
598 1644 789 1705 πόνοις
816 1641 1067 1698 παλαιῶν
1101 1648 1478 1720 προσανεῖχεν,
1512 1645 1565 1698 οἳ
1611 1643 1746 1720 πρὸς
1781 1641 1968 1718 λόγοις

2104 1644 2379 1716 iquorum
2410 1647 2741 1702 oratoribus
2763 1651 2997 1721 tempus
3027 1665 3201 1704 suum
3226 1648 3424 1720 dabat,
3457 1666 3562 1706 nec
3584 1666 3719 1723 geo-

317 1733 590 1808 ἐγένοντο*
621 1731 710 1787 καὶ
769 1731 831 1787 οὐ
884 1731 1027 1808 λέγω
1077 1737 1504 1810 τοπογραφικοῖς
1558 1732 1747 1804 μόνον,
1777 1732 1867 1786 καὶ
1915 1732 1966 1785 οἳ

2102 1732 2318 1805 ςνεριιίε
2335 1737 2564 1790 tantum
2590 1739 2649 1792 et
2679 1735 3054 1810 chronologis
3075 1741 3134 1792 et
3157 1737 3482 1807 tacticis,ut
3501 1737 3727 1808 dicunt,

315 1823 554 1898 χρόνους
607 1815 958 1895 ἀκριϐοῦνται
1010 1820 1274 1895 πράξεων,
1322 1821 1412 1876 καὶ
1474 1818 1736 1894 μεθόδους
1787 1840 1969 1875 τακτι-

2102 1839 2187 1878 nec
2221 1822 2462 1880 omissis
2493 1823 2567 1881 iis
2587 1824 2973 1896 quinaturam
2997 1826 3595 1900 subtiliterindagant
3621 1831 3726 1885 aut

313 1912 414 1974 κᾶς
461 1933 534 1984 μη
549 1914 837 1987 χανῶνταγ
871 1910 934 1964 οὐ
968 1912 1076 1983 μὴν
1108 1907 1234 1965 οὐδέ
1259 1909 1451 1964 ὁπόσοι
1511 1908 1667 1987 φύσιν
1701 1907 1969 1964 λεπτολο-

2102 1911 2237 1968 :irca
2266 1911 2570 1970 ratiocinia
2596 1918 2654 1970 et
2703 1931 2942 1972 normae
2992 1930 3055 1972 se
3104 1920 3376 1972 exercent
3428 1921 3487 1973 et
3523 1917 3608 1973 sic
3661 1916 3726 1973 in

315 2005 499 2076 γοῦσι,
555 2001 643 2055 καὶ
709 1999 826 2055 ὅσοι
900 2000 1037 2073 πρὸς
1096 1997 1551 2074 συλλογιστικοῦς
1606 1999 1972 2074 ἀπορθοῦνται

2102 2001 2343 2057 νθιιίιιιιὶε
2374 2003 2571 2058 studio
2601 2006 2659 2060 et
2688 2004 2746 2059 in
2767 2004 3016 2077 negotiis
3047 2004 3424 2077 capessendis
3447 2008 3729 2077 pra-stare

317 2093 572 2159 κανόνας,
617 2091 706 2146 καὶ
765 2091 911 2146 οὕτω
966 2092 1065 2162 τήν
1119 2112 1178 2146 τε
1226 2091 1276 2145 ἐν
1325 2097 1442 2154 τοῖς
1502 2092 1650 2145 οὖσιν
1713 2089 1969 2160 ἀλήθειαν

2102 2091 2345 2162 student,
2379 2093 2480 2148 sed
2514 2092 2808 2165 imprimis
2838 2093 3014 2150 rebus
3062 2093 3276 2151 divinis
3331 2099 3390 2151 et
3445 2095 3562 2153 Deo
3610 2093 3726 2167 ipsi

321 2176 629 2255 ἀκριϐοῦοι,
689 2182 789 2250 τήν
865 2201 924 2235 τε
1005 2179 1057 2233 ἐν
1141 2185 1256 2241 τοῖς
1327 2180 1614 2255 πρακτέοις
1687 2177 1972 2248 εὐθύτητα*

2109 2180 2488 2252 nvestigando
2515 2197 2751 2253 operam
2776 2183 3045 2240 navabat.

325 2269 474 2326 ἀλλὰ
525 2269 612 2325 xui
667 2268 901 2343 μάλιστα
953 2270 1050 2331 τὰς
1102 2269 1226 2344 περί
1269 2289 1327 2323 τε
1355 2273 1462 2324 τῶν
1497 2267 1655 2333 θείων
1689 2268 1778 2322 xui
1809 2265 1972 2321 αὐτοῦ

327 2365 483 2415 Θεοῦ.

401 2599 496 2660 λε’.
547 2601 652 2658 Καὶ
710 2602 775 2671 ἦν
851 2600 996 2672 αὐτῷ
1052 2594 1163 2676 ἔρις
1218 2599 1376 2675 χερσὶ
1438 2599 1534 2672 μὲν
1590 2597 1679 2654 καὶ
1749 2597 1975 2674 βουλαῖς

2155 2595 2244 2651 35.
2281 2595 2456 2651 Manu
2488 2599 2545 2652 et
2568 2595 2834 2652 consiliis
2861 2595 3227 2652 adversarios
3257 2596 3552 2669 subigere,
3596 2614 3727 2670 per-

325 2692 744 2768 κατεργάζεσθαι
802 2690 864 2745 τὸ
923 2688 1110 2750 ἄλλως
1158 2687 1452 2761 πολέμιον,
1486 2687 1657 2764 λόγου
1698 2685 1756 2742 δὲ
1792 2689 1976 2742 πειθα-

2102 2684 2360 2740 suasione
2391 2685 2462 2741 ad
2495 2685 2679 2741 Deum
2711 2686 2986 2742 reducere
3006 2685 3066 2740 in
3108 2690 3304 2742 mente
3359 2686 3727 2759 propositum

327 2785 552 2857 νάγκαις
583 2779 901 2858 ἐφέλκεσθαι
930 2779 992 2832 τὸ
1021 2781 1118 2832 τοῦ
1153 2781 1286 2832 Θεοῦ
1330 2774 1646 2850 ἀλλότριον.
1680 2776 1779 2830 Καὶ
1832 2777 1974 2852 εἶχεν

2102 2789 2222 2828 :um
2253 2773 2856 2845 haberet,baptismus
2888 2773 3143 2830 multum
3170 2790 3270 2846 per
3298 2789 3431 2830 eum
3465 2775 3732 2844 invaluit,

325 2875 361 2942 ἡ
395 2869 516 2945 ἱερᾶ
543 2863 906 2942 κολυμϐήθρα
950 2871 1193 2942 συνεχῶς
1248 2863 1318 2921 δι’
1346 2865 1510 2920 αὐτοῦ
1543 2864 1688 2920 πολὺ
1734 2866 1796 2920 τὸ
1831 2865 1975 2942 ἐνερ-

2102 2866 2144 2918 at
2173 2861 2332 2918 zelus
2377 2862 2612 2918 divinus
2644 2863 2841 2936 ignem
2888 2867 3157 2919 sanctum
3209 2864 3496 2932 accendit,
3554 2881 3737 2937 quare

323 2960 442 3036 γόν·
475 2959 564 3014 xui
594 2959 656 3012 τὸ
685 2954 1064 3034 προδρομικὸν
1099 2957 1127 3010 6
1160 2960 1302 3019 θεῖος
1339 2953 1506 3025 ζῆλος
1556 2953 1608 3009 ἐν
1665 2955 1810 3028 αὐτῷ
1869 2959 1977 3030 πῦρ

2102 2952 2371 3007 Iordanes
2393 2956 2592 3007 noster
2620 2951 2898 3007 salutaris
2948 2952 3320 3024 baptizandis
3368 2954 3735 3025 abundabat,

327 3050 557 3117 ἀνέκαιε,
607 3049 695 3102 καὶ
757 3049 785 3102 6
840 3047 958 3110 καθ’
1015 3047 1164 3119 ἡμᾶς
1211 3046 1480 3120 σωτήριος
1531 3041 1807 3121 Ἰορδάνης
1862 3049 1978 3107 τοῖς

2102 3045 2146 3097 3t
2174 3039 2481 3114 gentilium
2498 3041 2836 3098 doctoribus
2853 3057 3061 3113 parum
3091 3040 3312 3098 laboris
3333 3041 3731 3114 incumbebat,

334 3137 757 3216 βαπτιζομένοις
819 3133 1026 3206 ἔπληθε
1057 3155 1070 3169 ·
1121 3135 1211 3189 xui
1259 3139 1377 3196 τοῖς
1434 3133 1665 3196 ἐθνικοῖς
1730 3131 1980 3188 διδασκά-

2102 3130 2262 3200 :ujus
2292 3146 2390 3185 rex
2419 3129 2546 3202 ipse
2571 3129 2887 3186 maximam
2920 3135 3144 3202 partem
3167 3131 3731 3199 assumebat,animo

332 3228 456 3290 λοις
514 3225 703 3302 ὀλίγον
761 3245 813 3279 τι
869 3228 966 3280 τοῦ
1029 3225 1252 3299 μοχθεῖν
1287 3221 1553 3288 ἐλείπετο,
1584 3227 1680 3278 τοῦ
1716 3222 1982 3298 βασιλέως

2102 3235 2222 3274 vere
2252 3219 2431 3291 regali
2463 3219 2973 3292 dictitans,regem
2995 3219 3152 3275 haud
3183 3220 3385 3276 decere
3406 3221 3464 3276 in
3487 3238 3734 3295 corpora

332 3317 603 3379 κάνταῦθα
639 3316 702 3370 τὸ
755 3319 852 3368 τοῦ
890 3313 1059 3369 πόνου
1103 3310 1294 3367 πλεῖον
1373 3313 1546 3384 ἑαυτῷ
1619 3311 1981 3387 ἀπομερίζον-

2102 3307 2382 3364 dominari
2406 3309 2738 3364 animarum
2764 3308 3023 3364 dominio
3053 3309 3733 3367 destitutum.Facillime

337 3426 449 3468 τος.
484 3404 758 3480 Λογισμὸς
816 3403 916 3478 γὰρ
975 3403 1061 3457 καὶ
1113 3401 1260 3473 αὐτῷ
1296 3397 1578 3476 βασιλικος
1643 3402 1718 3472 μή
1779 3407 1983 3476 χρῆναι

2102 3413 2234 3454 sane
2264 3395 2539 3466 senseris,
2572 3398 2726 3468 quod
2759 3413 2864 3452 nec
2893 3400 3060 3452 terrae
3092 3397 3440 3469 infrugiferae
3474 3415 3578 3455 nec
3608 3416 3734 3456 cor-

346 3493 612 3568 σωμάτων
663 3492 756 3565 μὲν
807 3491 1081 3568 ἐγκρατῶς
1143 3484 1288 3566 ἔχειν
1349 3490 1440 3544 τὸν
1495 3487 1755 3564 ἄρχοντα,
1788 3492 1980 3564 ψυχῶν

2102 3485 2254 3558 poris
2283 3485 2528 3540 humani
2571 3485 2698 3542 sine
2731 3486 2929 3541 anima
2960 3484 3134 3541 fertili
3184 3485 3305 3542 ulla
3363 3487 3587 3545 utilitas
3624 3494 3735 3546 est.

344 3581 402 3638 δὲ
433 3554 539 3655 .μή
585 3579 637 3643 ἐς
663 3554 673 3565 '
706 3578 827 3636 δέον
847 3554 858 3567 '
888 3554 1272 3656 περιγίνεσθαι.
1321 3554 1606 3651 autem;
1628 3554 1752 3652 γὰρ’
1788 3554 1848 3632 ὀίν
1867 3554 1986 3639 ’.τις

2102 3554 2242 3630 Boni
2265 3590 2435 3646 porro
2461 3573 2957 3630 administratoris
2981 3579 3309 3642 est,terram
3332 3576 3621 3633 desertam
3642 3577 3742 3634 ha-

347 3665 687 3736 οὐθυϐόλως,
721 3671 858 3744 μήτε
900 3675 1005 3744 γῆς
1047 3663 1246 3746 ὄφελος
1279 3667 1436 3739 εἶναι,
1467 3668 1532 3735 ἧς
1554 3666 1760 3742 καρπὸς
1787 3663 1987 3733 οὐδεὶς,

346 3761 470 3816 οὕτε
526 3760 778 3833 σώματος
847 3757 1203 3831 ἀνθρωπίνου,
1264 3757 1309 3828 ᾧ
1373 3756 1447 3830 μὴ
1505 3757 1657 3832 ψυχὴ
1715 3757 1992 3828 κάρπιμος

341 3851 541 3926 ἀγαθοῦ
577 3870 745 3911 τινος.
798 3850 949 3905 Ἔστι
1007 3844 1065 3901 δὲ
1120 3845 1210 3900 καὶ
1258 3845 1480 3920 ἀριστου
1534 3843 1829 3918 οἰκονόμου
1885 3851 1988 3919 γῆν

344 3940 558 4018 ἐρήμην
628 3940 889 3996 οἰκεῖσθαι
957 3942 1223 4004 ποιῆσαισ
1285 3937 1374 3989 καὶ
1431 3931 1762 3990 διδασκάλου
1821 3938 1989 4012 σοφοῦ

339 4032 476 4086 κατὰ
547 4033 638 4087 τὸν
712 4027 831 4104 ἄρτι
912 4023 1269 4098 ὑμνούμενον,
1331 4019 1455 4078 ἔνθα
1536 4024 1733 4085 παντὸς
1793 4024 1992 4098 ἀγαθοῦ

341 4121 568 4194 ἐρημία,
603 4121 711 4175 ἐκεῖ
746 4118 838 4173 τὸν
891 4115 1020 4171 Θεὸν
1073 4115 1294 4190 ἀγαγεῖν
1347 4112 1658 4185 οἰκήσοντα,
1708 4113 1795 4167 xui
1855 4110 1992 4187 πρὸς

341 4214 614 4281 νοητικῶς
643 4206 1175 4282 ἒμπεριπατήσοντα.
1208 4204 1276 4260 Oi
1324 4199 1546 4265 πλείους
1610 4202 1703 4276 μὶν
1755 4200 1846 4257 οῦν
1892 4202 1992 4271 τὴν

343 4299 512 4354 αὐτοῦ
539 4300 725 4375 φωνὴν
783 4294 1160 4366 ἠκουτίζοντο,
1192 4291 1282 4347 καὶ
1323 4290 1538 4365 ἀμέσως
1583 4289 1800 4346 αὐτόθεν
1846 4291 1993 4367 εἶχον

341 4390 404 4445 τὸ
438 4389 657 4464 ἀγαθόν·
689 4383 926 4446 πολλοῖς
958 4381 1015 4438 δὲ
1041 4382 1134 4437 καὶ
1164 4379 1571 4454 ἀποστολιμαῖα
1625 4381 1692 4434 τὰ
1745 4383 1845 4446 τῆς
1912 4377 1998 4435 δι-

344 4476 661 4546 δασκαλίας,
719 4474 808 4531 καὶ
866 4471 1279 4549 ἒπεστρέφοντο.
1342 4471 1439 4524 Καὶ
1493 4474 1600 4526 τῶν
1679 4467 2000 4525 ἀποστόλων

342 4569 560 4626 ἐκείνων
623 4567 676 4622 οἱ
731 4566 825 4640 μὶν
861 4565 1271 4640 ἐπανήρχοντο,
1303 4559 1694 4636 κατισχύοντες
1738 4567 1839 4623 ταῖς
1896 4580 1999 4614 πα-

2100 3663 2408 3719 bitabitem
2443 3664 2702 3732 reddere,
2727 3667 2783 3719 et
2812 3662 3078 3736 magistri
3106 3665 3391 3737 sapientis
3413 3667 3568 3722 sicut
3596 3666 3647 3724 is
3667 3667 3738 3724 de

2099 3770 2214 3825 quo
2245 3752 2563 3825 loquimur,
2589 3753 2774 3809 Deum
2805 3752 3194 3808 habitatorem
3253 3759 3602 3827 perpetuum
3654 3755 3742 3812 in-

2097 3842 2403 3897 troducere
2433 3841 2493 3896 in
2527 3841 2656 3898 loca
2686 3841 2862 3898 rebus
2896 3841 3065 3897 bonis
3123 3859 3188 3898 ac
3219 3842 3486 3900 honestis
3537 3861 3740 3902 vacua.

2101 3930 2309 3986 Multos
2341 3935 2573 3987 constat
2602 3931 2729 4003 ejus
2763 3931 2916 3987 dicto
2948 3931 3252 3988 audientes
3311 3933 3513 4002 fuisse,
3547 3934 3746 4008 plures

2101 4036 2202 4092 per
2232 4021 2509 4076 mandata
2538 4021 2760 4093 scripta
2805 4021 2877 4077 ad
2911 4020 3107 4092 ipsum
3148 4037 3456 4082 conversos
3505 4039 3635 4081 esse
3691 4027 3750 4081 et

2104 4109 2321 4166 missos
2341 4110 2412 4165 ad
2441 4115 2643 4182 gentes
2675 4114 2920 4178 exteras,
2953 4126 3104 4181 quae
3134 4127 3168 4166 a
3198 4127 3429 4168 morum
3469 4113 3750 4186 pravitate

2103 4198 2174 4253 ad
2210 4198 2478 4254 virtutem
2505 4199 2976 4268 revocarunt,alii
3001 4204 3134 4272 post
3165 4202 3489 4259 exantlatos
3519 4202 3751 4259 labores

2105 4303 2344 4359 peregre
2373 4288 2633 4344 defuncti
2667 4292 2825 4356 sunt,
2860 4288 3055 4345 felices
3085 4290 3157 4345 ob
3194 4290 3374 4362 viam,
3424 4292 3619 4348 felices
3676 4292 3749 4348 ob

2106 4375 2350 4447 exitum,
2384 4378 2541 4449 quod
2574 4381 2706 4448 post
2735 4378 2964 4434 animas
2995 4378 3248 4434 salvatas
3271 4381 3503 4452 negotio
3533 4379 3752 4435 valedi-

2106 4469 2320 4520 xerunt
2349 4469 2406 4520 et
2427 4465 2575 4521 lucri
2609 4483 2726 4522 una
2756 4482 2886 4522 cum
2920 4483 3053 4539 rege
3083 4467 3397 4540 participes
3423 4471 3751 4525 evaserunt.

2110 4555 2222 4610 Sed
2253 4558 2311 4610 et
2340 4554 2518 4611 sortis
2551 4555 2756 4611 futurae
2788 4555 3008 4611 indicia
3037 4555 3130 4611 hic
3158 4556 3372 4612 videris
3399 4562 3455 4613 ct
3484 4574 3620 4614 cum
3651 4573 3756 4614 no-

343 4659 503 4720 λαιᾶς
561 4653 910 4736 (ραυλότητος
967 4657 1072 4708 τῶν
1140 4649 1628 4726 μαθητευσαμένων
1690 4649 1894 4704 ἐθνῶν·
1949 4649 1991 4704 oi

2113 4643 2269 4699 mine
2299 4643 2497 4700 divino
2529 4660 2741 4700 nomen
2774 4643 3022 4716 apostoli
3054 4645 3198 4700 mire
3230 4647 3522 4719 congruit,
3569 4646 3758 4719 siqui-

343 4746 426 4817 δὲ,
459 4751 538 4820 τῷ
573 4732 780 4822 ’μακρῷ
826 4747 921 4799 τοῦ
951 4741 1157 4819 χρόνου
1203 4740 1492 4814 καμόντες,
1540 4737 1892 4812 ὲναπέμειναν
1932 4741 1991 4813 τῇ

2113 4733 2245 4789 dem
2278 4751 2311 4788 a
2333 4738 2446 4788 Deo
2475 4733 2548 4788 ad
2581 4732 2824 4789 meliora
2853 4733 3181 4789 docendum
3213 4734 3432 4791 missus
3471 4747 3580 4804 est,
3629 4735 3760 4807 ipse

341 4834 587 4910 ἕκδημίᾳ
648 4821 1119 4909 μεταταξάμενοι·
1185 4831 1442 4904 μακάριοι
1506 4828 1601 4902 μὲν
1677 4830 1777 4897 τῆς
1849 4825 1991 4896 ὁδοῦἸ

2113 4827 2308 4878 autem
2340 4839 2466 4878 cum
2499 4821 2777 4894 Spiritus,
2811 4823 3000 4877 sancti
3056 4822 3247 4895 gratia
3285 4824 3448 4880 misit
3489 4823 3759 4895 ejusdem

346 4925 605 5002 μακάριοι
641 4923 697 4980 δὲ
739 4924 830 4978 καὶ
878 4929 978 4991 τῆς
1013 4917 1220 4994 ἐξόδου,
1253 4917 1337 4974 ὅτι
1385 4919 1566 4994 ψυχὰς
1602 4917 1858 4991 ὀνάμενοι
1902 4923 1991 4986 τῆς

2113 4911 2392 4967 doctrinae
2424 4918 2858 4983 propagatores.
2907 4911 3013 4966 Sed
3072 4916 3130 4967 et
3187 4911 3359 4967 aliter
3390 4911 3761 4984 apostolatus

344 4999 614 5091 ἐμπορίας
683 5011 1058 5080 κατέπαυσαν,
1144 5008 1692 5084 συνεπιμερισάμενοι
1769 5005 1837 5061 τὰ
1905 5009 1991 5061 τοί

2114 5017 2354 5057 munere
2386 5001 2621 5055 functus
2651 5003 2763 5071 est,
2795 5017 2910 5056 non
2944 5015 3046 5071 per
3077 4999 3223 5056 alios
3252 5001 3530 5072 dogmata
3549 5017 3761 5074 propa-

343 5088 572 5180 κέρδους
618 5107 696 5175 τῷ
739 5101 1119 5174 αὐτοκράτορι.
1170 5100 1268 5152 Ἦν
1307 5095 1396 5151 οὗν
1451 5095 1587 5150 κατά
1633 5117 1686 5151 τι
1738 5097 1882 5150 θεῖον
1918 5092 1991 5150 διὸ

2113 5089 2328 5162 gando,
2352 5088 2471 5144 imo
2503 5105 2670 5145 suam
2703 5089 2894 5160 ipsius
2922 5105 3122 5145 vocem
3155 5088 3325 5146 libris
3355 5091 3763 5163 consignatam

343 5177 518 5252 ταῦτα
549 5193 638 5248 καὶ
693 5192 756 5248 τὸ
802 5197 903 5261 τῆς
953 5188 1232 5262 ἐσύστερον
1287 5183 1559 5256 κλήσεως’
1593 5185 1684 5240 καὶ
1733 5189 1813 5257 τῷ
1871 5186 1991 5239 θεω-

2116 5181 2269 5234 fores
2296 5179 2737 5251 mittens,prout
2757 5177 3181 5252 apostolicalex
3205 5178 3452 5236 Paulum
3472 5179 3764 5236 illustrem

341 5281 678 5359 νυμουμένῳ
752 5280 891 5335 πάνυ
957 5280 1250 5354 προσφυῶς
1315 5275 1404 5330 xui
1455 5274 1518 5330 τὸ
1569 5277 1672 5329 τοῦ
1733 5273 2003 5346 ὀνόματος
2115 5268 2388 5359 reddidit.

341 5352 716 5433 ἀποστολικὸν
766 5352 1207 5445 προσήρμοσται,
1241 5363 1486 5420 σταλέντι
1557 5363 1650 5435 μὲν
1711 5359 1857 5434 αὐτῷ
1914 5361 2092 5424 θεόθεν
2155 5353 2425 5412 διδάσκειν
2586 5353 2884 5445 κρείττονα,
2906 5353 3204 5445 ,στιλΛοντι
3238 5352 3295 5409 δὲ
3319 5355 3470 5445 αὐθις
3505 5355 3640 5445 μετά
3665 5361 3766 5424 τῆς

335 5469 445 5522 τοῦ
477 5462 784 5536 Ηνεύματος
811 5441 1042 5535 χάριτος
1071 5454 1198 5518 τοὺς
1229 5453 1280 5509 ἐν
1314 5451 1604 5528 ὁμοιότητι
1639 5447 1990 5513 διδασκαλίας
2019 5445 2449 5536 λάμψονταςκᾫ
2471 5442 2538 5536 ,δὲ
2568 5443 2658 5498 xui
2681 5442 3206 5536 ul-lmc-tvﬁpyu‘cb
3229 5451 3329 5536 τῆς
3373 5441 3768 5536 διδασκαλικῇς

334 5530 685 5622 ἀποστολής,
719 5549 782 5606 οὐ
819 5530 1097 5621 -στόμασιν
1157 5544 1352 5621 ἒτέρων
1412 5541 1714 5618 ἐπιτρέπων
1775 5537 2136 5595 διακονεῖσθαι
2181 5540 2298 5597 τοῖς
2362 5530 2707 5622 διδάγμασιν,
2743 5531 3066 5622 ἐπιπέμπων
3121 5531 3177 5588 δὶ
3225 5534 3323 5603 τήν
3357 5533 3557 5590 οἱκείαν
3610 5533 3768 5622 αὐτὸς

336 5646 537 5727 φωνὴν
568 5620 1042 5713 ἐνσεσημασμένην
1072 5629 1311 5712 βίϐλοις,
1344 5633 1404 5696 ὃς
1436 5630 1527 5688 καὶ
1557 5629 1718 5692 αὐτὸς
1746 5630 1919 5705 νόμος
1951 5623 2337 5694 ἀποστολικὸς,
2371 5624 2400 5680 6
2429 5622 2516 5678 xui
2572 5620 2785 5678 Παῦλον
2837 5621 3121 5698 σεμνύνας,
3149 5624 3245 5680 τὸν
3289 5630 3389 5695 τῆς
3440 5621 3770 5697 Ἐκκλησίας

335 5737 580 5820 ῥήτορα.
