4136 6210
586 471 675 524 36.
701 473 778 524 Ex
811 484 985 538 parvo
1016 466 1225 522 abhinc
1283 471 1543 537 wmpore
1599 463 1776 535 lupus
1815 462 2152 530 Orientalis,
2187 469 2241 535 Α

521 561 740 616 malum
774 558 1131 630 Λεμγι-ίειλιο.
1158 556 1505 627 Babylonica
1549 554 1897 626 garrulitate
1952 560 2158 610 contra

519 650 668 706 ovile
699 648 960 703 divinum
996 646 1191 716 rugiit,
1215 661 1407 698 vocem
1441 645 1740 698 sinistram
1774 643 1976 709 edens,
2018 649 2074 697 et
2098 649 2161 698 ut

515 742 642 795 sine
672 745 836 808 tropo
868 738 1080 798 dieam,
1131 733 1470 805 peregrinus
1509 734 1777 803 quidam,
1837 732 2070 803 sapiens
2107 734 2156 787 si

518 846 619 901 per
647 844 708 881 se
741 831 1055 896 spectetur,
1090 823 1163 877 de
1195 822 1413 877 nostris
1447 824 1620 875 rebus
1653 827 1714 874 ut
1743 821 1942 876 ebrius
1975 821 2157 876 blate-

516 932 904 982 rans,canum
933 930 1091 968 more
1133 911 1501 965 divinissima
1549 927 1795 981 quaeque
1843 909 2155 977 allatravit,

516 1016 578 1061 ut
609 1021 793 1076 equus
843 1002 1190 1068 recalcitrat,
1253 1000 1524 1054 frendens
1569 1006 1770 1054 contra
1820 1000 2154 1068 dominum,

514 1111 684 1166 quem
721 1110 832 1147 non
867 1096 1325 1155 novosrat,suum.
1353 1088 1555 1142 lnania
1579 1089 1894 1143 meditatus
1926 1088 2156 1143 insulsa

521 1189 864 1246 argumenta
886 1179 1262 1242 coacervavit,
1293 1185 1350 1232 et
1388 1179 1525 1230 dum
1561 1177 1706 1231 retia
1763 1183 1952 1232 texere
1995 1179 2154 1232 vide-

513 1273 702 1339 batur,
735 1270 932 1326 omnia
963 1269 1246 1333 confudit,
1279 1273 1334 1321 et
1365 1267 1533 1337 quasi
1570 1283 1670 1337 per
1701 1268 1922 1338 repudii
1982 1267 2151 1321 libel-

510 1360 632 1416 lum
666 1360 998 1420 scientiam,
1021 1374 1147 1428 qua:
1167 1356 1463 1411 hominem
1498 1372 1629 1409 cum
1665 1355 1781 1410 Deo
1814 1365 1970 1410 arcte
2010 1359 2149 1424 jun-

509 1451 614 1522 git,
647 1448 887 1503 alteram
922 1452 1116 1501 autem
1149 1446 1641 1500 subintroducens
1673 1445 2004 1515 pestit’cram
2038 1447 2151 1499 im-

509 1539 758 1611 peratori
794 1553 968 1591 manu
1007 1535 1136 1590 forti
1181 1541 1353 1604 atque
1398 1533 1731 1604 eloquentia
1790 1533 2148 1604 praepollenti

508 1628 872 1682 demonstrat
891 1626 1044 1696 quod
1064 1630 1264 1678 contra
1285 1640 1506 1678 sacram
1531 1628 1788 1677 nostram
1811 1623 2148 1694 religionem

509 1716 798 1774 disserere
831 1720 1061 1786 posset;
1093 1721 1152 1768 et
1180 1730 1308 1780 sua,
1335 1718 1396 1766 ut
1428 1713 1663 1765 domum
1722 1728 1901 1782 super
1949 1727 2148 1776 arena,

506 1804 773 1869 fundare,
812 1811 1067 1858 nostrain
1103 1807 1321 1866 autem,
1353 1801 1618 1862 insanus,
1651 1816 1851 1854 eruere
1881 1800 2144 1869 tentavit,

506 1900 709 1948 contra
738 1909 861 1962 qua:
889 1899 1061 1962 portis
1089 1891 1254 1944 interi
1281 1907 1391 1944 non
1411 1889 1816 1960 prsevelebunt.
1859 1893 1975 1942 Rex
2040 1906 2142 1943 au-

507 1986 624 2036 tem
658 1979 946 2051 extemplo
979 1979 1393 2050 superveniens
1449 1978 1689 2044 (talibus
1729 1976 1883 2031 enim
1944 1977 2143 2031 indor-

509 2071 654 2126 mire
687 2087 799 2124 non
836 2074 1077 2140 poterat)
1111 2067 1392 2121 intellexit
1423 2073 1478 2119 et
1509 2067 1891 2120 Barbarorum
1944 2083 2139 2136 proca-

505 2160 737 2215 citatem
777 2160 1175 2214 refrenaturus
1224 2158 1279 2211 in
1340 2156 1763 2210 controversias
1822 2156 2145 2209 immiscuit

503 2249 620 2304 dux
647 2249 834 2303 bonus
863 2256 920 2301 et
944 2263 1107 2300 sacer
1136 2246 1419 2300 militibus
1453 2244 1549 2315 qui
1584 2249 1641 2298 et.
1672 2244 1779 2315 ipsi
1816 2244 1869 2297 in
1925 2244 2141 2298 talibus

503 2337 648 2392 satis
679 2337 891 2392 versati
916 2335 1377 2391 erantFeliciter
1395 2334 1629 2403 quidem
1667 2333 1777 2386 tela
1812 2334 1866 2386 in
1895 2333 2137 2387 bestiam

500 2427 896 2496 conjecerunt,
935 2426 1084 2479 inter
1113 2441 1260 2496 quos
1289 2429 1346 2478 et
1379 2425 1522 2477 bene
1557 2421 1929 2493 pharetratus
1955 2423 2136 2492 impe-

511 2521 686 2581 rator,
725 2514 940 2569 multas
974 2514 1157 2568 alatus
1190 2512 1494 2584 possidens
1524 2511 1807 2581 sagittas;
1841 2511 1979 2564 dum
2035 2527 2139 2564 au-

500 2609 615 2659 tem
651 2603 836 2659 bestia
862 2604 918 2658 in
952 2602 1125 2657 corde
1156 2618 1268 2655 non
1300 2598 1838 2665 vulnerabatur,ille
1880 2599 2138 2654 medium

500 2709 600 2749 cor
632 2691 984 2755 transfodit;
1023 2695 1170 2744 Deus
1201 2695 1394 2743 autem
1421 2688 1598 2757 hujus
1645 2687 1968 2741 venationis
1999 2703 2138 2757 prae-

497 2797 590 2836 ses
624 2796 782 2836 more
816 2779 1140 2835 Psalmista:
1170 2795 1296 2832 eam
1330 2778 1632 2832 celebrans
1667 2777 1893 2830 laztatus
1925 2782 2050 2842 est;
2085 2781 2143 2830 et

497 2885 654 2925 nunc
686 2869 985 2941 egregium
1022 2869 1164 2922 illud
1197 2867 1379 2922 telum
1426 2865 1483 2920 in
1543 2865 1806 2920 honestis
1866 2867 2140 2921 manibus

498 2959 682 3030 inque
713 2957 899 3012 oculis
932 2956 1181 3011 curiosis
1213 2960 1480 3010 versatur
1506 2959 1562 3009 et
1593 2954 1690 3025 qui
1725 2954 1973 3024 conjecit
2007 2955 2140 3008 hea-

502 3052 599 3102 tus
623 3045 947 3101 dicitur.En
981 3043 1381 3100 testimonium
1414 3043 1568 3115 quod
1603 3043 1670 3098 ad
1708 3041 2138 3114 philosophiam

502 3137 632 3207 eius
656 3135 984 3190 universam
1019 3136 1264 3203 spectat.

1287 331 1710 397 EUS’I‘ATH"
1747 331 2142 394 THESSADC

2249 333 2524 400 085818
2569 339 3151 403 HETROPOU'I‘E

2341 464 2444 530 λς’.
2477 471 2680 543 Καιρὸς
2723 470 2816 526 οὖν
2873 472 2938 526 οὗ
2991 475 3217 548 μακρὸς,
3248 476 3330 528 καὶ
3387 473 3547 538 λύκος
3597 479 3735 551 ὶῷος,
3763 505 3843 538 κα-

2268 556 2364 608 κον
2397 558 2700 633 Ἀστύριον,
2731 559 3092 635 γλωσσαλγὲᾳ
3149 557 3462 635 Βαϐυλωνία
3506 566 3692 641 ὠρύετο
3738 573 3844 626 κατὰ

2267 649 2362 698 τοῦ
2412 647 2558 709 Ozias
2604 651 2885 721 ποιμνίου,
2917 651 3006 703 καὶ
3057 652 3242 727 φωνῆν
3289 653 3565 729 ἀπδῩημθν
3609 657 3841 730 ἧΡεῦᾒτο¹

2266 735 2353 787 καὶ
2405 736 2612 806 τρόπου
2661 735 2790 814 δίχα
2835 739 3353 814 εἷπεῖι,ἁλλότριός
3401 762 3479 802 τις
3531 744 3673 819 ἇνήρ,
3714 750 3842 822 σοφὴ

2271 825 2363 894 μὲν
2412 826 2478 878 τει
2528 826 2836 893 hmani
2893 826 2950 882 δὲ
3001 828 3244 902 ἡμέτερα
3290 830 3364 891 ὡς
3411 829 3458 884 έν
3511 833 3668 902 μέθης
3717 836 3840 911 MT?

2265 912 2621 986 παραλαλᾶιν,
2680 914 2915 984 κπδὸν
2973 919 3108 971 κατά
3155 923 3265 972 τῶν
3333 922 3606 981 θειοτάτων
3655 921 3843 996 tiliam,

2267 1021 2374 1069 σεν,
2436 1001 2544 1058 εἴτε
2594 1006 2684 1058 καὶ
2738 1006 2815 1067 ὡς
2860 1004 3032 1066 ἵππος
3091 1006 3415 1077 έξελάκτισε,
3470 1013 3843 1085 φριμασσόμενος

2263 1092 2398 1146 κατὰ
2439 1097 2538 1147 τοῦ
2584 1094 2775 1168 κυρίου
2823 1094 3009 1167 αὐτοῦ,
3058 1096 3116 1151 ὂν
3176 1093 3308 1151 ούδὶ
3362 1095 3580 1172 ἐπέγνω.
3632 1102 3720 1154 Καὶ
3770 1125 3841 1172 με·

2264 1180 2496 1250 λεττςσας
2559 1184 2706 1253 κενὰ,
2765 1185 3122 1261 ξυνεφόρησεν
3198 1184 3529 1248 ἀλλοκότους
3599 1189 3844 1265 παραλογιο

2264 1269 2474 1339 σμούς·
2529 1273 2616 1324 καὶ
2688 1269 2864 1325 δοκῶν
2943 1275 3119 1347 πάγας
3202 1273 3457 1342 πλέκειν,
3517 1277 3711 1351 συνέχεε
3775 1281 3841 1332 καὶ

2266 1352 2481 1431 βιϐλίον
2540 1362 2655 1413 οἷον
2712 1361 3036 1433 συνθέμενος
3091 1362 3443 1432 ἀποστασίου,
3495 1363 3729 1437 ἐξέπεμπε
3769 1369 3841 1439 μὶν

2258 1447 2356 1513 τήν
2415 1450 2794 1522 συζευγθεῖσαν
2850 1449 3126 1524 ἀνθρώπῳ
3191 1451 3356 1504 παντί
3432 1453 3600 1514 θεόθεν
3664 1459 3840 1526 γνῶσιν,

2261 1534 2441 1606 ἑτέραν
2504 1533 2581 1601 δὲ,
2641 1539 2703 1605 ἦν
2763 1537 2861 1591 ούκ
2926 1538 3122 1612 ἐχρῆν,
3179 1539 3634 1612 εἰσποιησάμενος,
3677 1538 3842 1612 ἐδήλου

2255 1628 2356 1692 τήν
2389 1623 2571 1679 ἄνοιαν
2598 1630 2678 1697 τῷ
2707 1627 2797 1680 καὶ
2830 1627 2986 1702 χερσὶ
3039 1625 3252 1700 δυνατῷ
3300 1629 3390 1683 καὶ
3438 1627 3614 1703 λόγοις
3651 1632 3841 1703 κραταίῷ

2264 1711 2923 1787 βασιλεῖ,ἐνδεικνύμενος
2953 1713 3205 1770 δύνασθαί
3254 1737 3307 1770 τι
3354 1718 3489 1771 κατὰ
3524 1723 3616 1786 τῆς
3654 1716 3698 1772 ἐν
3735 1720 3840 1790 ἡμῖν

2259 1802 2556 1875 ἱερωτάτης
2627 1804 2922 1877 Θρησκείας
2995 1802 3210 1872 λαλεῖν,
3267 1805 3358 1859 καὶ
3412 1806 3478 1859 τὰ
3540 1807 3624 1877 μὲν
3691 1807 3842 1861 ἑαυτοῦ

2252 1890 2464 1959 ἀνιστᾷν
2497 1889 2722 1955 ἐθέλων,
2754 1891 2881 1944 ὡσεὶ
2925 1893 3013 1945 καί
3062 1913 3184 1946 τινα
3230 1892 3284 1964 ἐξ
3335 1891 3518 1964 ἅμμου
3569 1891 3839 1966 οἷκοδομήν,

2252 1977 2631 2054 καταῤῥιπτεῖν
2701 1976 2758 2034 δὶ
2821 1981 3161 2054 πειρώμενος
3228 1983 3298 2036 τὰ
3371 1980 3614 2054 ἡμεδαπὰ
3665 1985 3838 2052 νήπιος,

2253 2068 2326 2120 ὧν
2389 2067 2488 2122 οὐκ
2544 2067 2605 2121 ἃν
2654 2065 2778 2122 ούδὶ
2847 2067 3014 2124 πύλαι
3075 2067 3206 2140 ᾅδου
3261 2071 3651 2145 κατισχύσαιεν.
3698 2072 3745 2125 Ὀ
3795 2069 3837 2126 δὶ

2257 2154 2513 2231 βασιλεὺς
2569 2156 2711 2230 ταχυ
2792 2157 3034 2212 ἐπελθὼν
3084 2161 3170 2231 (ού
3227 2160 3331 2234 γὰρ
3389 2160 3453 2227 ἦν
3510 2158 3694 2213 ἐκείνου
3749 2166 3838 2221 τοῖς

2250 2244 2520 2307 τοιούτοις
2597 2244 3006 2319 ἐπινυστάξειν),
3068 2247 3154 2301 καὶ
3231 2247 3532 2322 καταγνοὺς
3593 2249 3673 2302 καὶ
3732 2268 3838 2320 προ·

2251 2329 2731 2406 ϐληματισάμενος
2792 2335 2966 2407 ἑαυτῷ
3011 2337 3077 2389 τὰ
3124 2337 3223 2403 τήν
3296 2331 3617 2411 βασϐαρικὴν
3664 2336 3838 2412 ἐρεσχε-

2252 2422 2373 2478 λιαν
2454 2425 2904 2497 κατασιγάσοντα,
2990 2428 3106 2479 εἶτα
3175 2424 3266 2479 καὶ
3346 2431 3462 2487 τοῖς
3542 2425 3840 2500 βουλομένοις

2249 2509 2542 2567 ἐκδέδωκεν
2594 2512 2668 2573 εἰς
2726 2512 3062 2589 ἆντίρῥησιν,
3095 2516 3398 2589 στρατηγὸς
3447 2515 3631 2590 ἀγαθός
3681 2535 3730 2568 τε
3772 2514 3839 2568 καὶ

2248 2601 2416 2674 ἱερὸς.
2450 2602 2801 2674 στρατιώταις
2832 2605 3027 2663 ἰκανῶς
3058 2602 3146 2656 καὶ
3206 2603 3402 2664 αὐτοῖς
3457 2609 3570 2662 ταῖς
3620 2602 3839 2662 τοιαύταις

2253 2689 2456 2762 μάχαις
2516 2688 2929 2761 ἐνησκημένοις.
2993 2691 3096 2747 Καὶ
3175 2691 3370 2756 πάντες
3448 2693 3538 2764 μὲν
3607 2691 3838 2760 ita-tuea-

2252 2783 2409 2846 ζοντο
2445 2782 2542 2832 τοῦ
2599 2779 2799 2851 θηρίου
2839 2777 3138 2854 ἐπιτυχῶς,
3174 2778 3224 2834 έν
3280 2777 3340 2836 δὲ
3387 2786 3499 2842 τοῖς
3540 2779 3621 2835 καί
3665 2779 3836 2854 6:599-

2249 2867 2535 2943 φαρέτρας,
2584 2867 2671 2920 καὶ
2735 2864 2983 2928 πολλοὺς
3040 2867 3296 2923 πλουτῶν
3367 2868 3490 2930 τοὺς
3539 2873 3663 2923 κατὰ
3710 2863 3838 2941 λόγον

2249 2954 2568 3028 πτερόεντας
2605 2953 2891 3030 βασιλεύςο
2925 2957 3011 3010 καὶ
3064 2963 3181 3017 τοῖς
3245 2958 3345 3030 μὶν
3396 2955 3584 3019 ἄλλοις
3637 2956 3690 3010 ού
3737 2955 3841 3010 κατᾶ

2249 3040 2472 3118 καρδίας
2528 3044 2556 3097 6
2613 3044 2715 3115 θὴρ
2769 3038 3059 3114 ἐϐάλλετο,
3117 3045 3279 3107 αύτὸς
3341 3043 3392 3101 δ’
3443 3045 3581 3102 ἀλλὰ
3629 3045 3838 3120 τυγχάνει

2254 3133 2426 3205 μέσης
2484 3131 2671 3200 αὐτῆς.
2726 3132 2822 3186 Καὶ
2882 3133 2910 3187 ὁ
2967 3140 3065 3202 τῆς
3123 3140 3297 3208 θήρας
3350 3135 3548 3204 ταύτης
3596 3133 3838 3188 ἐπιστατῶν

495 3224 650 3295 Θεὸς,
678 3221 764 3276 ναὶ
800 3222 892 3295 μὲν
923 3220 1011 3276 καὶ
1045 3219 1335 3294 ψαλμικῶς
1369 3217 1611 3296 εύλογῶν
1644 3217 1832 3289 αὐτὴν,
1865 3215 2070 3295 ἔχαιρε.
2107 3220 2210 3276 Καὶ
2242 3225 2331 3275 νῦν
2364 3221 2424 3274 τὸ
2452 3219 2701 3275 ἐκλεκτὸν
2733 3221 2905 3276 έκεῖνο
2941 3221 3102 3296 βέλος
3148 3220 3200 3276 ἔν
3253 3244 3314 3278 τε
3344 3223 3500 3300 χερσὶ
3547 3219 3838 3302 φιλοκάλοις,

488 3308 541 3367 ἔν
565 3331 624 3366 τε
649 3307 800 3385 ὄψεσι
833 3309 1189 3388 φιλοθεάμοσι
1215 3310 1451 3387 φέρεται,
1483 3309 1570 3363 καὶ
1604 3309 1631 3364 6
1661 3306 1883 3386 ἐπαφεὶς
1916 3307 2216 3385 εὐλογεῖται
2252 3309 2704 3386 μακαριζόμενος.
2737 3308 2834 3364 Kal
2864 3313 2932 3384 τῇ
2982 3308 3153 3385 λοιπῇ
3202 3309 3507 3389 φιλοσοφίᾳ
3551 3311 3736 3367 ἐκείνου
3773 3306 3840 3363 καὶ

489 3404 650 3456 τοῦτο
683 3400 955 3476 σύγκειται
987 3398 1063 3462 εἰς
1098 3397 1412 3475 μαρτύριον.

560 3607 651 3663 37.
687 3607 875 3679 Hujus
909 3606 1212 3678 sapientire
1248 3623 1382 3679 pars
1418 3623 1531 3662 non
1570 3605 1812 3661 minima
1841 3610 1979 3661 sunt
2028 3606 2139 3678 pri-
2169 3621 2211 3686 ρ

494 3699 648 3754 atina
679 3698 998 3754 certamina
1029 3697 1445 3768 ecclesiastica,
1481 3699 1536 3752 in
1572 3698 1785 3769 quibus
1820 3698 1982 3767 regiae
2007 3715 2140 3753 cum

492 3792 606 3844 Deo
641 3788 891 3843 victoriae
925 3794 981 3843 et
1009 3787 1339 3858 linguarum
1375 3805 1502 3860 quas
1535 3787 1650 3842 Deo
1681 3787 1992 3857 insultant,
2042 3805 2138 3844 ex-

489 3877 779 3949 stirpatio,
848 3893 974 3947 qua:
1035 3876 1388 3930 sacriﬁcium
1447 3892 1548 3947 pro
1608 3876 1810 3930 mundi
1859 3875 2048 3931 salute
2104 3893 2138 3931 a

489 3981 703 4037 magno
738 3967 1136 4021 sacriﬁcatore
1166 3965 1426 4021 oblatum
1464 3967 1826 4037 rejiciebant,
1859 3971 1971 4022 Deo
2022 3968 2133 4022 im-

488 4055 833 4126 pertientes,
865 4056 1029 4126 quasi
1065 4055 1338 4127 scrupulo
1362 4057 1549 4110 vexati
1576 4071 1645 4109 ne
1687 4057 1902 4112 oblatio
1943 4057 2134 4112 Trini-

486 4143 590 4196 tati
650 4142 866 4197 cwlesti
927 4143 1286 4214 displiceret,
1346 4156 1398 4199 et
1458 4144 1595 4198 hinc
1658 4145 2004 4216 insipienter
2059 4148 2128 4202 ad

488 4231 712 4287 Patrem
768 4233 1082 4287 referentes
1143 4238 1199 4286 et
1256 4233 1464 4289 salutis
1515 4232 1862 4290 univcrsatis
1920 4236 2132 4291 admit-

486 4323 672 4374 tentes
707 4318 1053 4392 participem
1087 4319 1320 4389 Filium,
1347 4322 1435 4392 (eo
1461 4326 1868 4392 pervenerunt)
1922 4327 1979 4378 et.
2010 4323 2134 4394 Spi-

484 4406 661 4463 ritum
691 4414 960 4464 sanctum
998 4409 1053 4464 in
1085 4409 1372 4464 nullitatis
1403 4409 1526 4466 loco
1561 4412 2128 4482 posuerunt.lbidem

482 4512 630 4567 Opus
657 4497 883 4569 regium
953 4504 1300 4569 perseverat,
1363 4498 1510 4553 liber
1561 4515 1748 4563 sacer,
1795 4515 1969 4570 quem
2027 4513 2127 4555 uc-

481 4586 663 4641 clesia
695 4587 843 4641 inter
875 4586 1181 4642 thesauros
1213 4605 1411 4643 sacros
1444 4594 1724 4655 asservat,
1757 4589 1976 4660 regiam
2029 4591 2126 4645 de-

481 4673 708 4731 clarans
732 4676 1080 4747 sapientiam
1125 4682 1180 4731 et
1214 4695 1314 4750 pro
1347 4677 1442 4732 Dei
1463 4677 1724 4734 ecclesiis
1778 4677 2126 4736 sollicitudi-

484 4779 635 4821 nem.

550 5113 638 5169 38.
673 5113 927 5173 Verbum
986 5136 1158 5174 omne
1209 5118 1352 5174 illud
1402 5119 1797 5191 dogmaticum
1861 5120 2120 5174 nondum

481 5203 771 5272 prolatum
805 5213 949 5275 erat,
974 5224 1105 5263 cum
1168 5208 1359 5264 malus
1419 5210 1644 5264 daemon
1698 5208 2124 5277 invidissimus,

479 5291 617 5346 dum
657 5295 750 5349 Dei
785 5296 1039 5352 Ecclesia
1071 5297 1127 5351 in
1165 5298 1447 5353 unitatem
1509 5297 1774 5362 conﬂata,
1834 5297 2124 5354 discordia

479 5381 635 5434 omni
673 5383 906 5439 sublata
938 5385 994 5439 in
1032 5386 1406 5440 concordiam
1465 5385 1829 5457 spiritualem
1881 5384 2122 5454 coaluit,

481 5468 706 5526 Patrem
744 5474 882 5531 Filio
917 5477 1194 5546 majorem
1215 5477 1536 5531 secundum
1572 5476 1947 5549 Evangelium
1986 5493 2123 5548 pro-

480 5559 729 5614 nuntiat.
768 5564 847 5618 Ex
880 5564 1015 5618 hinc
1047 5564 1398 5620 offendicula
1430 5572 1487 5620 et
1519 5565 1777 5622 insolens
1822 5582 2120 5621 commen-

483 5645 608 5697 tum
641 5651 758 5704 tam
791 5667 991 5706 eorum
1025 5653 1124 5721 qui
1160 5654 1355 5709 minus
1387 5655 1738 5726 religiosein
1759 5655 1850 5709 via
1868 5660 2121 5726 Evange-

2324 3604 2424 3674 λζ’.
2457 3603 2672 3675 Ταύτης
2729 3611 2828 3674 τῆς
2884 3601 3074 3682 σοφίας
3137 3604 3302 3679 μέρος
3362 3601 3550 3660 οὔκουν
3605 3601 3846 3678 ἐλάχιστον

2251 3695 2338 3749 καὶ
2415 3695 2466 3748 οἱ
2541 3698 2833 3771 φθάσαντες
2901 3692 3347 3762 ἐκκλησιαστικοί
3432 3693 3640 3768 ἀγῶνες,
3686 3691 3730 3744 ἰν
3782 3691 3844 3748 οἷς

2248 3783 2338 3838 καὶ
2392 3783 2576 3845 αὐτοῖς
2632 3779 2888 3858 βασιλικᾶ
2935 3781 3027 3836 σὺν
3083 3787 3200 3854 Θεῷ
3251 3781 3602 3856 ἐκνικήματα,
3638 3779 3715 3834 καὶ
3755 3779 3842 3832 Θιο·

2253 3873 2447 3946 μαχων
2477 3870 2742 3948 γλωσσῶν
2779 3870 3084 3946 ἐκρίζωσις,
3117 3872 3235 3925 δσαι
3285 3873 3388 3939 τὴν
3449 3869 3841 3944 κοσμοσωτήριον

2245 3962 2558 4038 προσφορὰν
2585 3964 2682 4014 τοῦ
2717 3957 2956 4036 μεγάλοο
2986 3960 3073 4014 καὶ
3129 3958 3292 4024 θύτου
3351 3960 3441 4014 καὶ
3491 3958 3708 4031 θύματος
3762 3954 3838 4008 ἀπ-

2245 4046 2521 4128 ενόσφιζον
2580 4049 2768 4115 αὐτοῦ,
2830 4046 3132 4118 ἰδιάζουσαι
3191 4047 3398 4121 ταύτην
3453 4053 3530 4121 τῷ
3574 4046 3745 4120 Πατρὶ,
3781 4045 3836 4104 ὡς

2245 4137 2396 4214 εἷ’περ
2461 4133 2794 4194 εὐλαϐοῦντο
2856 4136 3276 4212 γλισχρότιρον,
3331 4139 3408 4211 μή
3476 4157 3602 4192 ποτε
3645 4135 3703 4189 τὰ
3764 4137 3838 4200 τῆς

2243 4235 2609 4304 προσαγωγῆς
2659 4226 2760 4282 ούκ
2811 4225 2894 4298 εἷή
2943 4230 3013 4300 τῇ
3049 4227 3294 4302 ὑπερθέῳ
3325 4223 3517 4303 Τριάδι
3573 4224 3835 4299 ἀρέσκοντα,

2240 4319 2523 4382 κάντεῦθεν
2571 4315 2737 4384 αὐτὴν
2785 4315 3034 4394 ἀφρόνως
3081 4315 3156 4378 είς
3205 4317 3300 4370 τὸν
3363 4316 3570 4389 Πατέρα
3625 4311 3838 4386 μονάζον-

2241 4429 2348 4472 σαι,
2397 4407 2486 4460 καὶ
2543 4404 2794 4460 τοιούτου
2853 4403 3150 4482 κεφαλαίου
3221 4404 3562 4480 παγκοσμίου
3612 4399 3838 4474 σωτηρίας

2240 4495 2610 4566 ἀκοινώνητον
2662 4493 2756 4549 τόν
2813 4515 2872 4548 τε
2929 4493 3052 4548 Υἱὸν
3113 4492 3348 4568 ἀφίεῖσαι
3383 4493 3467 4568 (τό
3495 4513 3555 4568 γε
3591 4491 3662 4553 εἷς
3713 4486 3838 4546 αύτᾶς

2237 4588 2392 4657 ἧκον)
2421 4584 2484 4639 τό
2512 4605 2570 4639 τε
2601 4587 2836 4656 Πνεῦμα,
2871 4583 2944 4644 ὡς
3001 4579 3169 4655 μηδὲν
3217 4583 3296 4655 ὃν,
3328 4584 3419 4638 καὶ
3462 4581 3636 4642 αὐτοῖς
3679 4577 3838 4634 τούτου

2242 4674 2421 4748 μετόν.
2477 4671 2574 4730 Καὶ
2641 4671 2922 4746 πρόκειται
2985 4673 3048 4726 τὸ
3121 4671 3404 4746 βασιλικὸν
3463 4671 3711 4726 κάνταῦθα
3757 4664 3839 4719 πό-

2235 4785 2405 4836 νημα,
2465 4764 2498 4832 ἡ
2559 4761 2678 4836 ἰερὰ
2740 4755 2956 4836 βίϐλος,
3014 4762 3075 4828 ἣν
3136 4759 3197 4814 τὸ
3254 4757 3685 4830 ἐκκλησιαστικὸν
3739 4752 3838 4808 ἀνά-

2233 4873 2428 4928 κτορον
2461 4848 2954 4923 ἐντιθησαύρισται,
2985 4849 3084 4916 τὴν
3121 4845 3411 4923 βασιλικὴν
3447 4847 3644 4922 μηνόον
3683 4843 3834 4920 φίασον

2233 4942 2322 4998 καὶ
2348 4943 2446 5011 τὴν
2477 4940 2607 5015 ὑπὲρ
2633 4943 2739 4994 τῶν
2770 4941 2867 4992 τοῦ
2903 4942 3038 4993 Θεοῦ
3073 4936 3380 5008 ἐκκλησιῶν
3418 4938 3691 5015 μέριμναν.

2306 5116 2401 5186 λή.
2435 5114 2602 5173 Olim»
2656 5119 2760 5169 πᾶν
2820 5110 3008 5190 εἷ’ρητο
3067 5111 3194 5174 ἔπος
3271 5111 3444 5168 έκεῖνο
3500 5113 3559 5166 τὸ
3616 5109 3834 5184 δογματι-

2161 5209 2206 5274 D
2237 5208 2350 5274 κὸν,
2401 5205 2489 5260 καὶ
2549 5205 2578 5259 ’ὀ
2631 5203 2964 5281 αὐτοφθόνος
3026 5200 3236 5276 δαίμων
3294 5202 3580 5277 βασκήνας,
3631 5195 3761 5272 εἷ’πιρ
3806 5196 3830 5262 ἡ

2233 5301 2330 5352 τοῦ
2388 5302 2542 5351 Θεου.
2578 5291 2879 5363 Ἐκκλησία
2927 5291 3004 5355 εἷς
3032 5293 3260 5362 ἑνότητα
3306 5292 3598 5366 ἥρμοσται,
3627 5287 3706 5342 καὶ
3753 5284 3830 5351 τήν

2236 5384 2516 5461 διχόνοιαν
2572 5380 2819 5457 σχάσασα
2869 5387 3128 5450 συνῆκται
3187 5382 3262 5437 είς
3318 5383 3396 5451 ἓν,
3427 5381 3515 5436 καὶ
3561 5379 3685 5454 πρὸς
3713 5394 3835 5430 avso-

2240 5475 2472 5549 ματικήν
2532 5473 2795 5539 συνῆπται
2870 5469 3150 5544 ὁμόνοιαν,
3211 5473 3610 5547 περιιγράζεται
3658 5467 3712 5520 τὸ
3757 5465 3830 5516 τοῦ

2238 5563 2444 5639 Ματρὸς
2503 5565 2684 5634 μεῖζον
2736 5559 2872 5634 πρὸς
2929 5560 3022 5615 τὸν
3081 5561 3226 5632 Υἱὸν,
3256 5563 3316 5616 τὸ
3369 5557 3719 5635 εύαγγελικῶς

2236 5636 2602 5726 λαλούμενον.
2636 5647 2756 5717 Καὶ⁸
2794 5650 3196 5726 προσκόμματα
3245 5652 3531 5724 κάνταῦθα,
3585 5645 3665 5702 καὶ
3714 5636 3827 5696 πολὺ
