4136 6210
267 396 421 458 1001

1129 397 1529 461 MANUELIS
1575 399 1924 462 GOMNENI
1971 401 2370 463 LAUDATIO
2413 402 2823 466 FUNEBRIS.

3522 411 3680 472 1002

263 531 386 586 τοῖς
457 523 672 581 πλείοσι
740 526 802 582 τὸ
881 527 1297 604 ἀπερίσκεπτον,
1349 534 1456 584 τῶν
1530 531 1625 602 μὲν
1703 528 1920 592 είκαίως

2037 531 2148 588 lica
2177 535 2640 605 procedunt,non
2673 537 2802 593 ideo
2835 542 2896 592 ut
2925 554 3107 609 usque
3137 539 3206 594 ad
3241 539 3415 596 finem
3448 545 3673 598 rectum

272 613 646 692 ἐντρεχόντων
693 619 763 690 τῇ
813 615 1141 692 εὐαγγελικῇ
1192 615 1324 691 ὁδῷ,
1359 617 1466 694 οὐχ
1504 617 1640 673 ὥστε
1699 619 1774 690 μή
1828 617 1920 672 καὶ

265 701 446 774 πάντη
514 706 680 780 μέχρι
739 706 970 779 πέρατος
1050 705 1338 780 ἐκδραμεῖν
1395 709 1495 775 τῆς
1547 707 1735 780 ὀρθῆς,
1793 703 1922 760 ἀλλ’

267 792 501 857 εὐθέτως
559 792 702 868 ἔχειν
763 790 1161 868 ἐμϐιϐασθῆναί
1211 816 1341 850 ποτε
1400 797 1475 858 είς
1520 796 1580 850 τὸ
1636 795 1916 850 εὐθύτατον

262 886 376 936 τῶν
437 879 494 937 δε
547 882 638 937 καὶ
693 883 968 946 παντελῶς
1027 891 1128 953 τῆς
1182 885 1473 960 βασιΛικῆς
1531 882 1915 951 ἐκκλινάντων,

261 969 357 1025 καὶ
419 969 496 1034 εἲς
554 971 828 1034 ἀπωλείας
878 973 1297 1047 κατακυψάντων
1361 974 1652 1048 βάραθρον,
1699 974 1772 1034 ὡς
1826 971 1915 1026 καὶ

266 1058 521 1133 ἐμπεσεῖν
554 1060 738 1116 αὐτόθι
770 1060 1004 1127 ἐλέσθαι.
1039 1065 1166 1120 "Ore
1204 1064 1296 1116 καὶ
1349 1063 1399 1116 οὶ
1455 1062 1548 1134 μὲν
1597 1062 1658 1116 τὸ
1703 1066 1810 1116 τῶν
1862 1059 1912 1114 ἐν

259 1153 346 1220 τῷ
407 1155 625 1225 Σωτῆρι
684 1151 1014 1227 Θεανθρώπῳ
1072 1151 1280 1229 φύσεων
1347 1150 1586 1226 εὐκρινὶς
1636 1150 1912 1226 συνέχεον,

261 1237 342 1299 ὡς
390 1235 450 1291 ἂν
492 1238 582 1293 καὶ
633 1237 792 1302 λάθοι
839 1261 923 1302 τις
978 1239 1150 1302 οὕτως
1201 1238 1600 1315 ἐξαμαρτάνων,
1635 1239 1686 1293 οἱ
1734 1235 1790 1292 δὲ
1844 1240 1912 1310 τῇ

260 1325 562 1402 ἀσυγχύτῳ
595 1328 779 1383 ἕνώσει
812 1324 1173 1385 ἐπεϐούλευον
1213 1334 1302 1402 ’τῷ
1352 1326 1574 1392 αὐθάδει
1633 1332 1728 1382 τοῦ
1786 1325 1913 1381 δυα-

258 1419 425 1486 σμοῦ.
487 1416 584 1470 Καὶ
642 1416 710 1484 ἦν
788 1416 938 1481 αὖθις
1014 1419 1281 1471 κάνταῦθα
1339 1419 1366 1471 ὁ
1424 1416 1587 1492 σοφὸς
1658 1412 1911 1490 βασιλεὺς

259 1500 538 1557 ὁδοποιῶν
595 1505 697 1573 τήν
756 1505 834 1567 είς
886 1505 1014 1560 Θεὸν
1072 1501 1283 1580 τρίϐον,
1315 1506 1402 1560 καὶ
1447 1503 1728 1580 διανοίγων
1775 1510 1910 1578 Γρα-

261 1592 392 1668 φὰς,
425 1593 514 1646 καὶ
575 1593 802 1669 ετσάγων
863 1595 930 1648 δι’
990 1595 1166 1649 αὐτῶν
1227 1595 1300 1656 είς
1350 1596 1440 1650 τὸν
1497 1601 1596 1662 τῆς
1654 1592 1912 1662 ἀληθείας

258 1680 610 1754 παράδεισον.
645 1684 751 1737 Καὶ
794 1685 876 1744 οἷς
937 1683 1031 1756 μὶν
1087 1681 1292 1753 ἐπῆλθε
1345 1684 1422 1756 μὴ
1479 1683 1776 1736 ὑπακοῦσαι
1830 1685 1910 1752 τῷ

257 1769 339 1832 είς
397 1770 668 1845 σωτηρίαν
723 1770 1002 1839 καλοῦντι,
1044 1772 1319 1834 ἀπωλείας
1381 1773 1487 1825 υἱοὶ
1551 1770 1768 1840 ἐκεῖνοι,
1819 1769 1909 1823 καὶ

257 1854 496 1929 ὤλοντο,
549 1862 850 1932 πεισμονήν
903 1861 1186 1927 παθόντες,
1326 1860 1414 1914 καὶ
1465 1855 1909 1934 συγκατεϐλήθη-

256 1966 381 2000 σαν*
443 1947 493 2002 0".
553 1945 610 2002 δὲ
663 1952 765 2014 τῆς
829 1947 1121 2024 βασιλικῆς
1198 1947 1569 2019 διδασκαλίας,
1629 1948 1793 2002 εἷ’πεῖν
1853 1922 1985 2001 δὲΒ

251 2035 452 2090 ταύτόν
503 2035 684 2091 ἐνθέου
751 2039 844 2092 καὶ
925 2035 1315 2107 ἀποστολικὴς,
1375 2037 1758 2112 ἐπιγνώμονες,
1817 2037 1906 2091 καὶ

253 2125 710 2198 παρεκνεύσαντες
773 2126 867 2197 μὲν
927 2124 1015 2179 ἐπὶ
1078 2125 1255 2201 βραχὺ
1312 2125 1435 2180 ὅσον
1494 2132 1592 2194 τῆς
1632 2124 1708 2186 εἴς
1746 2124 1904 2198 ὀρθὸν

248 2211 404 2284 ὁδοῦ,
436 2214 497 2282 ἦν
557 2215 684 2275 Θεὸς
737 2219 910 2286 ἑαυτῷ
967 2215 1184 2282 οἷκειοῖ,
1219 2215 1318 2269 καὶ
1374 2215 1512 2290 πρὸς
1569 2211 1763 2287 ὄνομα,
1796 2213 1907 2268 ἐπι-

249 2301 575 2378 στραφέντες
623 2300 680 2357 δὲ
728 2302 916 2370 πάλιν,
947 2303 1037 2357 καὶ
1088 2304 1186 2358 ἀνὰ
1232 2301 1382 2358 πόδα
1425 2303 1717 2364 ἐπαινετῶς
1784 2322 1906 2378 χω-

252 2393 541 2464 ρήσαντες,
611 2389 736 2447 ἀλλ’
775 2391 927 2446 αὐτοὶ
983 2393 1046 2447 τὸ
1107 2393 1224 2464 μεθ’
1252 2395 1412 2464 ἡμῶν
1477 2392 1607 2446 εἶναι
1659 2392 1748 2446 καὶ
1805 2396 1903 2457 τῆς

249 2477 513 2549 ἀληθείας
569 2477 876 2554 ἐκέρδαναν.
913 2482 1008 2537 Καὶ
1068 2479 1186 2536 ἰδοὺ
1242 2483 1536 2558 γέγραπται
1593 2481 1682 2535 καὶ
1738 2485 1905 2536 ταῦτα

253 2567 308 2622 ἐν
348 2563 526 2644 βίϐλῳ
586 2568 875 2643 βασιλειῶν
938 2570 1224 2646 ἑκατέρων,
1250 2577 1352 2639 τῆς
1399 2590 1458 2624 τε
1502 2573 1598 2624 τοῦ
1629 2573 1782 2638 Θεοῦ,
1813 2569 1903 2624 καὶ

247 2662 353 2724 τῆς
408 2657 544 2731 πρὸς
616 2655 890 2728 αἴσθησιν,
953 2657 1044 2713 καὶ
1110 2659 1174 2713 τὸ
1229 2657 1601 2735 πολυγραφειν
1663 2657 1902 2722 ἐντεῦθεν

254 2748 394 2818 ἡμῖν
429 2744 772 2821 ἐγκόπτεται.

328 3137 431 3203 λθ’.
461 3139 575 3196 Ἵνα
628 3135 685 3194 δὶ
730 3138 859 3201 τοὺς
903 3139 1099 3215 λόγους
1154 3139 1378 3202 τούτους
1430 3138 1902 3218 ἐπισφραγίσωμαι

253 3227 797 3308 κεφαλαιωσάμενος,
851 3228 992 3284 οὕτω
1049 3229 1138 3283 καὶ
1194 3231 1294 3298 τὴν
1352 3229 1720 3302 πνευματικὴν
1781 3228 1900 3298 ἐξή-

2031 622 2145 676 iter
2170 625 2696 692 transgredientur,
2731 627 2831 682 sed
2896 632 2960 682 ut
3017 628 3378 699 paratissimi
3433 630 3552 686 sint
3601 633 3674 687 ad

2027 709 2475 782 ingrediendum
2510 715 3018 782 rectitudinaliter,
3053 717 3089 770 ii
3122 734 3254 773 vero
3307 719 3402 789 qui
3433 720 3672 776 omnino

2029 816 2060 853 a
2088 801 2180 854 via
2211 817 2384 870 quem
2418 803 2570 873 regis
2619 821 2828 858 nomen
2882 805 3130 860 honorat
3179 807 3578 878 decesserunt,
3612 809 3672 864 in

2026 888 2208 942 ruinas
2233 890 2574 946 barathrum
2600 909 2660 947 se
2684 893 3261 966 praecipitaruntjpsi
3293 912 3496 951 casum
3516 915 3676 954 acce-

2027 976 2283 1032 lerando.
2315 979 2377 1033 Hi
2402 980 2640 1052 quidem
2663 987 3006 1038 naturarum
3028 983 3086 1038 in
3109 985 3399 1040 Salvatore
3433 986 3546 1041 Deo
3581 987 3670 1042 in-

2024 1071 2260 1121 carnato
2282 1067 2721 1124 distinctionem
2739 1071 3284 1138 confundebantjta
3301 1078 3367 1129 ut
3382 1075 3564 1130 nescii
3585 1093 3670 1132 er-

2022 1155 2278 1210 raverint
2300 1173 2313 1222 ;
2335 1155 2419 1210 illi
2443 1159 2818 1229 puraeunioni
2850 1160 3068 1215 bellum
3091 1162 3418 1218 inferebant
3446 1165 3666 1221 dualis-

2023 1259 2186 1298 mum
2217 1243 2660 1302 introducendo.
2695 1247 2806 1303 Sed
2860 1248 2941 1304 ibi
2988 1251 3165 1305 etiam
3217 1251 3534 1322 imperator
3573 1271 3668 1309 sa-

2023 1332 2187 1403 piens
2216 1335 2484 1388 semitam
2519 1336 2589 1390 ad
2625 1336 2806 1392 Deum
2851 1339 3158 1393 ducentem
3189 1341 3476 1410 patefecit,
3509 1343 3669 1398 Scri-

2022 1427 2226 1492 pturas
2259 1427 2545 1493 aperiens,
2579 1431 2636 1480 et
2671 1443 2771 1497 per
2799 1443 2896 1482 eas
2941 1427 2999 1480 in
3035 1428 3292 1484 veritatis
3325 1432 3664 1500 paradisum

2019 1511 2326 1566 inducens.
2361 1514 2467 1578 Qui
2517 1520 2712 1569 autem
2765 1517 2835 1570 ad
2891 1515 3138 1572 salutem
3172 1519 3398 1573 vocanti
3431 1520 3666 1576 obedire

2022 1601 2358 1670 noluerunt,
2387 1603 2731 1671 perditioni
2771 1605 2874 1658 ﬁlii
2910 1605 3210 1675 perierunt
3240 1607 3466 1662 fiduciis
3495 1610 3667 1663 victi-

2022 1703 2127 1740 mae
2156 1693 2214 1741 et
2242 1691 2654 1759 credulitates;
2701 1693 2799 1763 qui
2855 1699 3047 1748 autem
3112 1696 3438 1765 magisterii
3499 1697 3667 1768 regii,

2021 1781 2219 1846 utpote
2251 1795 2282 1832 a
2328 1778 2444 1834 Deo
2493 1776 2761 1851 inspirati
2812 1787 2868 1836 et
2923 1782 3230 1852 apostolici
3291 1800 3468 1840 sensu
3511 1791 3666 1842 recto

2018 1864 2383 1933 fruebantur,
2443 1869 2747 1938 paululum
2809 1889 2840 1925 a
2898 1877 3056 1927 recta
3130 1873 3223 1926 via
3282 1872 3663 1941 declinantes,

2017 1971 2192 2024 quam
2219 1956 2371 2012 Deus
2394 1959 2686 2028 propriam
2710 1960 2818 2014 sibi
2842 1961 3168 2027 constituit,
3198 1963 3390 2033 quoad
3424 1979 3663 2033 nomen,

2017 2060 2223 2098 rursus
2255 2051 2446 2102 autem
2483 2048 2742 2103 conversi
2787 2054 2844 2103 et
2894 2051 3099 2121 pedem
3153 2052 3472 2120 prudenter
3516 2053 3663 2106 refe-

2017 2137 2231 2200 rentes,
2263 2134 2344 2200 hi,
2378 2139 2736 2190 consortium
2790 2138 3092 2192 nobiscum
3130 2139 3419 2209 ineuntes,
3451 2141 3661 2194 verita-

2015 2225 2131 2275 tem
2170 2221 2371 2278 lucrati
2403 2230 2560 2280 sunt.
2595 2230 2661 2281 Et
2689 2243 2820 2282 ecce
2869 2227 2992 2283 haec
3048 2228 3107 2282 in
3157 2228 3305 2282 libro
3351 2229 3661 2300 utriusque

2017 2311 2177 2382 regni
2207 2314 2537 2384 conscripta
2565 2319 2726 2380 sunt,
2758 2315 2921 2388 regni
2952 2316 3075 2382 Dei,
3110 2317 3374 2387 inquam,
3409 2320 3466 2372 et
3496 2317 3661 2388 regni

2013 2399 2264 2456 visibilis
2291 2400 2476 2471 libro;
2511 2419 2691 2474 quare
2722 2421 2837 2460 non
2868 2405 3050 2461 multa
3079 2405 3248 2462 nobis
3279 2405 3375 2461 hic
3404 2407 3662 2462 referen-

2014 2486 2089 2541 da
2119 2495 2278 2544 sunt.

2082 3147 2170 3201 39.
2206 3145 2278 3200 Ut
2306 3144 2480 3200 verba
2520 3143 2861 3200 summatim
2900 3143 3253 3200 resumendo
3284 3143 3657 3216 concludam,

2012 3236 2068 3290 id
2104 3235 2291 3290 dicam
2318 3233 2470 3304 quod
2498 3233 2555 3287 in
2596 3232 2898 3288 dialectica
2920 3249 3084 3288 sacra
3113 3233 3198 3288 sic
3229 3233 3340 3287 fuit
3370 3235 3662 3304 eruditus,

613 3285 622 3301 .
764 3285 797 3302 -τ
1254 3285 1262 3298 .
1489 3285 1499 3302 .
1680 3285 1688 3296 .
1813 3285 1831 3298 ν
1859 3285 1868 3298 .

250 3285 422 3388 σκητο
459 3316 824 3387 διαλεκτικὴν,
859 3320 934 3381 ὡς
990 3323 1094 3394 πῦρ
1154 3318 1337 3393 βαλεῖν
1373 3318 1554 3382 ἐνθέου
1617 3317 1787 3388 ζήλου
1845 3315 1896 3371 ἐν

2023 3285 2068 3290 ._
2108 3285 2291 3290 __.-__-
2325 3285 2424 3304 τι,
2454 3285 2470 3287 η
2606 3285 2627 3286 η
3233 3285 3336 3287 ,π
3376 3285 3662 3304 --___-__,

2023 3331 2077 3380 ut
2102 3325 2223 3378 zelo
2256 3323 2448 3376 divino
2481 3324 2672 3392 ignem
2711 3323 3072 3385 accenderet,
3106 3338 3172 3376 ao
3212 3321 3268 3375 in
3303 3322 3450 3376 votis
3483 3323 3662 3378 habe-

252 3411 322 3481 τῇ
379 3405 594 3482 καρδίᾳ,
655 3408 742 3462 καὶ
803 3407 977 3483 λέγειν
1038 3406 1264 3475 ἐθὲλειν,
1325 3407 1376 3462 εἶ’
1439 3405 1547 3477 ἤδη
1631 3407 1897 3482 ἐξανήφθη

257 3496 551 3571 λαμπρῶς,
610 3496 698 3551 καὶ
772 3497 902 3570 ὑπὲρ
979 3504 1077 3566 τῆς
1155 3503 1342 3566 κοινῆς
1405 3495 1645 3557 ἐνώσεως
1698 3494 1902 3548 ἐκκαίε-

257 3597 378 3649 σθαι
413 3590 519 3640 τῶν
545 3583 921 3662 διερῥωγότων
956 3585 1007 3640 ἐν
1046 3593 1162 3648 τοῖς
1205 3586 1368 3650 θείοις
1429 3582 1711 3661 δόγμασιν.
1747 3585 1902 3639 Ἐπε-

256 3675 437 3729 ποίθει
499 3675 592 3746 μὶν
641 3675 742 3750 γὰρ
795 3675 884 3729 καὶ
927 3679 995 3748 τῇ
1048 3673 1316 3749 λογαδικῇ
1347 3675 1514 3744 τάξει,
1546 3673 1644 3743 ὅση
1700 3693 1756 3725 τε
1815 3672 1906 3725 ὑπ’

258 3761 408 3832 αὐτῷ
464 3760 695 3836 ἀλείπτῃ
748 3763 805 3817 εὗ
890 3762 1037 3835 μάλα
1118 3764 1184 3818 τὰ
1269 3769 1384 3826 θεῖα
1456 3764 1756 3833 ἠσκήσατο,
1811 3761 1902 3814 καὶ

257 3851 393 3918 ὅσην
426 3851 460 3918 ἡ
496 3850 620 3925 παρ’
647 3847 841 3910 ἄλλοις
899 3848 1217 3905 διδασκαλία
1271 3853 1408 3925 πρὸς
1468 3853 1673 3924 ἀγῶνας
1717 3847 1903 3902 τοιού-

254 3959 387 4000 τους
447 3938 728 4012 ἐθρέψατο.
763 3939 877 3996 Οὐκ
933 3938 991 3993 ἂν
1055 3938 1110 3994 δὲ,
1164 3933 1249 4003 τις
1297 3945 1406 3994 τῶν
1459 3939 1632 4014 ἀγαθὰ
1689 3943 1901 4015 φρονεῖν

260 4024 490 4082 εἷδότων
549 4027 770 4098 ἀξιώσοι
825 4029 916 4084 τὸν
970 4029 1112 4084 οὕτω
1169 4029 1332 4107 σοφόν
1398 4028 1768 4103 αὐτοκράτορα
1829 4027 1904 4099 μὴ

257 4118 450 4171 ἑαυτὸν
501 4123 748 4172 τοιοῦτον
799 4115 928 4173 ὄντα
985 4117 1199 4190 εῗδέναι,
1241 4119 1285 4173 εί
1337 4119 1412 4191 μὴ
1468 4119 1555 4172 καὶ
1604 4119 1906 4191 στρατηγὸν

255 4204 532 4275 κύδιστον,
565 4207 655 4261 καὶ
713 4203 1048 4282 κυϐερνήτην
1108 4207 1344 4282 ἄριστον,
1405 4206 1494 4261 καὶ
1556 4207 1734 4280 ἰατρὸν
1790 4206 1910 4260 ἐπι-

253 4298 524 4368 στήμονα,
586 4298 676 4350 καί
737 4297 828 4351 τὸν
885 4295 1032 4360 ὅλως
1085 4296 1369 4351 ἐπαινετοῦ
1427 4317 1576 4357 τινος
1645 4294 1911 4368 εἷ’δήμονα

251 4383 579 4458 νομοθετοίη
646 4387 721 4458 μή
795 4392 894 4455 τῆς
966 4387 1082 4440 καθ’
1141 4385 1326 4440 ἑαυτὸν
1401 4384 1684 4460 τυγχάνειν
1755 4381 1916 4454 ἕξεως

256 4473 634 4548 ἐπιγνώμονα,
691 4475 764 4536 ὡς
843 4474 988 4529 οὕτω
1050 4472 1401 4542 κινδυνεύειν,
1467 4474 1914 4545 ἀνεπιστημόνως

254 4567 583 4636 τεχνοῦσθαι
640 4563 707 4617 τὰ
751 4562 1172 4636 ἐπιπημονικὰ,
1206 4563 1294 4617 καί
1343 4584 1462 4624 πως
1517 4563 1654 4616 κιντά
1704 4563 1764 4616 τὸ
1818 4562 1916 4616 αὐ-

2012 3419 2099 3469 ret
2127 3413 2244 3483 igni
2283 3410 2627 3475 eonsumi,si
2663 3409 2948 3464 unitatem
2983 3410 3135 3464 inter
3155 3426 3252 3464 eos
3284 3426 3431 3480 quos
3463 3411 3661 3466 divina

2012 3503 2288 3574 dogmata
2352 3499 2651 3554 sciderunt
2743 3498 3050 3553 restituere
3125 3498 3400 3568 potuerit.
3469 3499 3660 3553 Confi-

2013 3593 2184 3646 debat
2216 3589 2373 3645 enim
2431 3589 2487 3641 in
2548 3586 2920 3642 institutione
2970 3586 3180 3659 logica,
3214 3603 3340 3658 quae
3399 3587 3470 3642 ab
3529 3588 3659 3659 ipso

2013 3679 2353 3734 institutore
2380 3677 2588 3749 optime
2641 3677 3038 3744 exercebatur,
3072 3684 3126 3730 et
3175 3692 3349 3746 quam
3409 3675 3659 3732 aliorum

2012 3767 2275 3824 doctrina
2305 3767 2375 3821 ad
2409 3765 2701 3837 ejusmodi
2747 3765 3018 3820 exercitia
3069 3765 3313 3819 fovebat.
3343 3765 3522 3822 Nemo
3551 3783 3661 3821 au-

2013 3863 2129 3913 tem
2162 3856 2314 3912 inter
2342 3857 2487 3927 bene
2517 3856 2785 3910 cordatos
2807 3853 3310 3924 sapientissimum
3343 3853 3661 3924 imperato-

2016 3963 2136 4001 rem
2169 3945 2322 4001 volet
2350 3960 2412 3999 se
2462 3949 2526 3998 ut
2559 3943 2735 3999 talem
2781 3943 3026 4013 nescire,
3057 3942 3172 3998 nisi
3201 3948 3258 3997 et
3287 3944 3494 3998 ducem
3525 3942 3660 3998 illu-

2016 4035 2376 4091 strissimum
2425 4038 2480 4088 et
2533 4032 2984 4104 gubernatorem
3043 4033 3354 4104 optimum,
3389 4036 3446 4088 et
3477 4032 3662 4088 medi-

2018 4141 2149 4178 cum
2193 4123 2486 4188 solertem,
2543 4138 2733 4189 nemo,
2793 4121 3060 4193 inquam,
3120 4138 3253 4177 eum
3313 4121 3414 4194 qui
3467 4121 3664 4195 aliquo

2019 4227 2230 4283 genere
2264 4212 2556 4282 perl'ectus
2588 4217 2698 4274 est,
2732 4211 3047 4265 constituet
3076 4210 3175 4281 qui
3237 4228 3350 4265 non
3410 4211 3671 4266 inveniat

2022 4319 2139 4356 sum
2171 4299 2380 4372 agendi
2415 4299 2659 4354 rationis
2720 4306 3072 4366 consortem,
3108 4305 3173 4354 ut
3202 4301 3288 4355 sic
3317 4305 3671 4371 exsequatur

2023 4407 2150 4461 qua:
2212 4389 2364 4444 scitu
2422 4388 2601 4460 digna
2651 4392 2811 4456 sunt,
2866 4391 2924 4442 et
3002 4388 3086 4442 sic
3151 4387 3396 4442 forsitan
3450 4393 3669 4442 rectam

2025 4479 2388 4549 ingrediatur
2417 4479 2630 4534 artium
2661 4476 2837 4532 viam.
2870 4477 3054 4549 Igitur
3085 4493 3146 4532 se
3177 4477 3321 4532 bene
3357 4477 3674 4547 imperator

2027 4586 2300 4638 magnum
2330 4569 2392 4623 in
2424 4569 2601 4623 rebus
2632 4567 2980 4639 peragendis
3026 4571 3090 4620 ut
3119 4565 3517 4637 excogitandis
3543 4581 3672 4621 esse

253 4651 493 4724 τόματον
556 4650 870 4706 εὐοδοῦσθαι
930 4653 995 4706 τὰ
1049 4651 1295 4728 τεχνικά.
1339 4652 1546 4709 Οὐκοῦν
1609 4653 1793 4706 ἑαυτὸν
1852 4651 1908 4705 εὐ

2023 4675 2369 4730 persuasum
2399 4657 2622 4712 habens
2646 4659 2784 4728 (non
2813 4657 2968 4709 enim
3003 4655 3167 4709 decet
3197 4654 3419 4709 caeteris
3452 4653 3675 4710 anima-

258 4737 420 4802 εἰδὼς
480 4741 507 4795 ὁ
568 4739 942 4818 αὐτοκράτωρ,
1003 4742 1182 4817 ὥσπερ
1266 4741 1316 4797 ἐν
1395 4741 1705 4817 πρακτέοις,
1772 4741 1915 4796 οὕτω

257 4830 350 4883 καὶ
402 4827 454 4885 ἐν
505 4829 668 4904 σοφίᾳ
723 4829 888 4904 μὲγαν
930 4830 1145 4907 (οὐγὰρ
1180 4833 1343 4901 ζώοις
1391 4833 1483 4903 μὲν
1541 4837 1657 4893 τοῖς
1713 4830 1914 4907 ἒτέροις

262 4915 449 4972 δοτέον
528 4917 869 4982 αἶ’σθάνεσθαι
946 4924 1053 4974 τῶν
1109 4919 1160 4974 ἐν
1223 4921 1398 4998 σφίσιν
1458 4920 1640 4983 αὐτοῖς
1710 4919 1916 4985 καλῶν,

261 5006 394 5068 τοὺς
453 5005 511 5061 δὶ
562 5008 653 5062 καὶ
710 5006 968 5083 λογικοὺς
1027 5009 1116 5063 καὶ
1197 5007 1421 5082 λογίους
1487 5007 1768 5083 στερητέον
1823 5014 1919 5063 τοῦ

262 5095 519 5151 τοιούτου
573 5095 1098 5171 πλεονεκτήματος),
1162 5099 1236 5171 μή
1269 5100 1358 5153 καὶ
1415 5096 1730 5165 λεληθότως
1799 5099 1917 5152 ἑαυ-

261 5190 361 5240 τοῦ
409 5186 472 5240 τὸ
531 5183 846 5261 λογιστικὸν
933 5188 1256 5262 στερόμενον
1335 5188 1408 5250 είς
1467 5187 1690 5263 ἀλογίαν
1754 5208 1918 5259 μετα-

261 5273 602 5344 πλάττηται,
633 5272 740 5346 ἤδη
803 5273 860 5330 δὶ
919 5277 1006 5330 καὶ
1063 5276 1228 5353 ἀργία
1264 5276 1721 5352 καταψηφισθείη,
1754 5273 1921 5352 λόγου

265 5367 439 5439 σοφοῦ
497 5365 962 5440 παρεγγυωμένου
1046 5364 1329 5442 γινώσκειν
1409 5363 1634 5420 ἕκαστον
1711 5365 1917 5437 ἑαυτὸν,

261 5449 500 5527 ἐθάρρει,
534 5451 716 5528 ὥσπερ
747 5454 846 5523 τήν
881 5453 932 5508 ἐν
990 5454 1147 5531 χεροὶ
1212 5453 1536 5528 συμπλοκὴν
1589 5455 1616 5508 ὁ
1671 5455 1772 5522 τήν
1827 5454 1921 5508 ἀν-

263 5539 417 5616 δρίαν
479 5538 819 5614 δεξιώτατος,
853 5543 996 5598 οὕτω
1047 5544 1134 5598 καὶ
1193 5553 1292 5613 τήν
1347 5543 1398 5598 ἐν
1461 5542 1834 5618 λογομαχίαις
1895 5545 1922 5598 ὁ

258 5637 367 5698 τῆς
396 5629 591 5705 σοφίας
615 5632 908 5709 τρόφιμος.
947 5635 1043 5688 Καὶ
1076 5635 1212 5687 ὁπου
1245 5630 1403 5702 δίκην
1466 5631 1738 5696 ἐπεποίθει
1798 5654 1922 5687 συν-

262 5724 489 5795 αγαγεῖν
547 5719 610 5775 τὺ
665 5727 765 5790 τῆς
842 5721 1292 5792 ἐκκλησιαστικῆς
1367 5721 1614 5784 ἓνώσεως
1674 5719 1924 5798 διερρυη-

598 5853 865 5916 Ρλεειοι.
911 5854 1023 5916 Gn.
1069 5854 1362 5919 CXXXV.

2028 4749 2182 4803 libus
2206 4747 2351 4802 bene
2373 4745 2662 4802 sentiendi
2688 4743 3018 4798 facultatem
3045 4743 3676 4814 attribuere,denegare

2030 4845 2224 4892 autem
2259 4836 2368 4890 hoc
2426 4832 2797 4907 privilegium
2857 4832 3102 4886 rationis
3158 4831 3573 4902 compotibus),
3603 4847 3678 4886 ne

2027 4926 2175 4981 clam
2209 4925 2397 4994 ipsius
2429 4922 2816 4978 ratiocinandi
2849 4920 3096 4976 facultas
3125 4919 3681 4975 inirrationabilita-

2027 5019 2145 5068 tem
2180 5013 2514 5078 descendat,
2549 5015 2606 5064 et
2665 5011 2844 5065 etiam
2901 5009 3354 5075 condemnetur,
3387 5009 3485 5064 ubi
3531 5008 3680 5064 illud

2031 5106 2385 5174 prmeeptum
2446 5098 2726 5154 omnibus
2785 5099 3027 5154 datum:
3090 5102 3276 5154 Nosce
3347 5103 3403 5152 te
3459 5098 3679 5170 ipsum,

2031 5193 2295 5248 animum
2328 5189 2574 5259 addidit,
2611 5187 2766 5243 sicut
2821 5188 2880 5242 in
2913 5185 3106 5243 duello
3152 5187 3242 5241 vir
3271 5202 3449 5242 manu
3493 5186 3680 5256 fortis,

2030 5283 2114 5337 sic
2145 5287 2201 5336 et
2229 5283 2289 5335 in
2339 5278 2809 5350 argumentando
2869 5276 3171 5348 sapientia;
3231 5275 3532 5331 alumnus.
3573 5274 3682 5330 Ubi

2031 5369 2438 5426 ecclesiasticae
2473 5367 2708 5422 unionis
2731 5370 2976 5438 ruptura
2998 5365 3230 5437 publice
3252 5381 3490 5420 causam
3515 5380 3685 5436 agere

2030 5458 2332 5523 invitabat,
2371 5473 2484 5512 non
2546 5471 2648 5526 per
2703 5456 3036 5526 superbiam
3098 5453 3352 5508 scientiae
3403 5453 3682 5522 injuriam

2033 5546 2190 5614 fecit,
2223 5546 2377 5617 quod
2417 5543 2619 5598 multis
2652 5543 2885 5609 accidit,
2917 5560 3065 5613 quos
3110 5541 3408 5614 jactantiae
3441 5541 3687 5612 spiritus

2033 5652 2214 5707 supra
2245 5641 2458 5689 terram
2492 5631 2663 5702 tollit,
2688 5632 2788 5687 sed
2817 5631 2953 5686 inde
2983 5630 3178 5686 divino
3211 5629 3380 5702 quasi
3411 5627 3604 5685 volatu
3628 5630 3686 5685 in

2033 5723 2218 5780 altum
2278 5721 2572 5790 sublatus,
2605 5725 2662 5777 et
2716 5721 2790 5779 de
2845 5737 2908 5776 se
2959 5719 3088 5792 ipso
3147 5719 3572 5793 philosophans
3632 5723 3691 5777 et

3293 5849 3371 5908 32
