4094 6214
537 364 698 426 ιοοε
1317 362 1740 425 EUS'I‘HATll
1781 361 2548 424 THESSALONICENSIS
2597 363 3176 426 METROPOLITE
3739 371 3857 433 lOOl

533 496 803 554 animum
839 497 1164 553 eeeundum
1199 495 1335 551 recti
1369 494 1601 567 regulas
1634 495 1856 550 librans
1891 499 1948 550 et
1979 499 2150 565 praete

2242 500 2271 564 λ
2300 493 2416 560 κὸς,
2450 491 2557 569 οὐχ
2595 494 3014 570 ὑπεραιρόμενος
3043 491 3156 549 οὐδ’
3189 493 3424 564 ἐνταῦθα,
3453 497 3522 558 ὡς
3575 499 3663 566 τήν
3703 505 3859 575 γνῶσιν

535 592 778 643 oaateros
836 585 1064 642 divinos
1117 583 1426 640 bellatores
1484 601 1648 655 spem
1700 584 1756 638 in
1808 601 1870 640 se
1902 584 2152 654 deponer

2299 580 2663 653 ἆποτελευτᾷν
2723 583 2800 645 εἷς
2857 583 3115 655 φυσίωσιν
3170 583 3231 636 τὸ
3285 587 3387 638 τῶν
3433 582 3640 640 πολλῶν
3708 589 3858 659 πάθος,

537 681 833 746 satagens,
867 675 916 750 ei
951 675 1093 728 forte
1124 690 1186 728 se
1216 674 1439 728 dederit
1469 673 1698 728 occasio
1734 673 1897 727 luctaa
1927 671 2153 728 vocanti

2300 670 2393 732 οὓς
2451 671 2768 739 ἀλαζονείας
2825 676 3036 745 πνεῦμα
3088 676 3266 748 φυσῶν
3322 673 3580 748 ὑπεραίρει
3630 678 3714 744 τῆς
3761 686 3855 752 γῆς,

530 782 971 839 quemcumque
1003 781 1206 836 pugnae
1241 781 1344 836 pro
1376 764 1490 819 Deo
1524 764 1800 834 peritum.

2297 757 2424 814 ἀλλ’
2511 760 2734 835 ὕπερθεν
2809 759 2990 832 ἄρσεσι
3071 761 3365 839 φερόμενος
3445 763 3726 835 θειοτᾶραις,
3789 767 3857 821 καὶ

536 853 853 931 φιλοσοφῶν
913 853 1118 918 ἑαυτὸν,
1177 852 1268 906 καὶ
1356 853 1565 924 μετρῶν
1647 850 1862 905 κανόσιν
1947 849 2266 924 ὀρθότητος,
2325 851 2413 904 καὶ
2487 850 2623 925 πρὸς
2671 856 2788 912 τοῖς
2839 848 3033 912 ἄλλοις
3087 850 3252 912 Θείοις
3309 849 3546 913 ὁπλίταις
3598 852 3676 907 καὶ
3724 856 3858 928 ἑαυτῷ

533 949 890 1019 προσανεχειν
948 941 1221 1017 ἐγνωκὼς,
1282 941 1335 996 εἶ’
1393 962 1526 996 ποτε
1581 941 1769 1015 καιρὸς
1821 939 2034 1009 ἐνσταίη
2115 940 2318 1014 ἀγῶνος
2398 937 2852 1013 προκαλουμὲνου
2911 941 3003 994 τὸν
3065 939 3120 995 εὖ
3177 936 3354 995 εῗ’δότα
3408 939 3580 1016 μάχης
3623 949 3707 1011 τῆς
3754 945 3855 1019 ὑπὲρ

527 1040 625 1089 τού
659 1036 814 1088 6:06-

603 1271 691 1325 40.
723 1269 792 1325 Et
812 1268 897 1324 sic
929 1267 1170 1340 quidem
1201 1267 1322 1324 haec
1353 1285 1414 1324 se
1459 1267 1697 1323 habent.
1734 1267 2018 1330 Quoniam
2052 1281 2186 1322 vero

2376 1271 2447 1336 μ’.
2482 1264 2579 1318 Καὶ
2632 1262 2774 1320 οὕτω
2833 1264 2928 1337 μὶν
2986 1263 3076 1321 καὶ
3121 1263 3188 1319 τὰ
3225 1262 3279 1319 ἐν
3325 1269 3438 1326 τοῖς
3464 1265 3720 1327 τοιούτοις.
3747 1265 3857 1320 Ἐπιὶ

531 1359 766 1415 divinus
798 1357 1017 1413 Paulus
1049 1375 1164 1412 non
1219 1356 1412 1412 solum
1461 1356 1783 1412 elevatione
1815 1355 1873 1410 in
1908 1355 2090 1410 altum
2128 1373 2148 1409 ε

2301 1350 2358 1407 δὲ
2386 1353 2476 1407 καὶ
2508 1354 2536 1408 ὁ
2567 1353 2820 1428 οὐράνιος
2873 1349 3092 1415 ΙΙαῦλος
3143 1351 3204 1407 ού
3257 1351 3417 1424 μόνον
3460 1356 3522 1426 τῇ
3576 1353 3693 1426 ὑψοῦ
3739 1351 3857 1424 ἐσεμ-

531 1446 822 1504 celebrem
855 1446 1132 1512 reddidit,
1157 1446 1259 1501 sed
1290 1445 1590 1501 terrestria
1611 1461 1845 1516 quoque
1869 1461 2003 1500 eum
2027 1445 2146 1498 hun

2299 1441 2483 1496 νύνετο
2541 1439 2713 1514 ἄρσει,
2765 1439 2911 1497 ἀλλὰ
2963 1441 3050 1497 καὶ
3107 1442 3175 1496 τὰ
3231 1441 3349 1515 περὶ
3398 1448 3493 1517 γῆν
3531 1462 3648 1496 ποτε
3674 1442 3747 1496 καὶ
3790 1463 3860 1496 τα-

537 1536 904 1610 gradientem
936 1541 992 1588 et
1039 1537 1214 1604 caput
1245 1534 1317 1588 ad
1374 1534 1583 1588 cmlum
1647 1549 1832 1603 usque
1890 1532 2154 1587 tollente:

2300 1531 2455 1585 πεινὰ
2513 1531 2654 1605 εἶχεν
2708 1529 2889 1601 αὑτὸν,
2939 1535 3086 1586 κάτω
3147 1531 3242 1602 μὶν
3307 1529 3565 1605 βαίνοντα,
3611 1530 3783 1604 οὐρανῷ
3819 1528 3859 1584 δὶ

535 1624 948 1689 sustinebant;
983 1623 1185 1677 eodem
1232 1622 1404 1676 modo
1457 1624 1774 1692 imperator
1803 1622 2152 1691 quaestionur

2299 1620 2438 1694 κάρη
2500 1619 2824 1695 στηρίζοντα
2885 1623 2954 1692 τῇ
3012 1619 3149 1694 πρὸς
3204 1619 3300 1674 τὸν
3353 1621 3593 1691 Ὕψιστον
3645 1617 3859 1695 ἐγγύτητι,

542 1711 868 1768 subtilitate
917 1710 1101 1765 altum
1158 1712 1412 1777 tenebat,
1465 1711 1566 1764 sed
1620 1711 1690 1764 ad
1750 1728 1818 1766 ea
1868 1726 2155 1780 quoques

2298 1708 2388 1761 τὸν
2423 1709 2616 1780 ὅμοιον
2643 1709 2846 1781 τρόπον
2878 1709 2966 1763 καὶ
2999 1708 3026 1762 ὁ
3062 1707 3412 1782 αὐτοκράτωρ
3442 1713 3549 1769 τοῖς
3598 1729 3648 1762 τε
3699 1707 3862 1779 ὑψηλο-

539 1799 942 1856 conformabat
973 1816 1099 1869 quis
1131 1799 1203 1854 ad
1228 1800 1543 1864 terram,ad
1574 1798 1871 1854 hominem
1899 1804 2156 1868 spectant

2297 1796 2478 1857 τάτοις
2529 1796 2749 1870 ἐξήρετο
2807 1795 3278 1870 φιλοσοφήμασιν,
3325 1793 3656 1872 συνδιικνεῑτο
3704 1793 3750 1851 δὲ
3793 1817 3858 1868 με·

541 1889 759 1944 bonum
795 1887 900 1943 hoc
923 1887 972 1942 ei
997 1887 1409 1958 suppeditante
1433 1888 1740 1957 sapientia.
1767 1887 1995 1941 Naturae
2031 1886 2158 1940 enin

2241 1916 2266 1978 3
2297 1883 2660 1962 γαλοπρεπῶς
2721 1885 2809 1939 καὶ
2852 1891 2991 1952 τοῖς,
3028 1885 3126 1939 ὅσα
3173 1886 3300 1960 περί
3339 1892 3438 1958 γῆν
3466 1886 3550 1939 καὶ
3581 1886 3680 1938 κατ’
3705 1885 3858 1957 ἄνθρω-

543 1977 834 2048 profunda
893 1977 1268 2047 perscrutari,
1303 1974 1558 2045 origines
1609 1993 1801 2030 rerum
1838 1975 2157 2046 investigar

2240 1973 2260 1978 ⁷
2299 1995 2422 2044 πον,
2479 1973 2668 2050 σοφίας
2748 1973 2894 2045 αὐτῷ
2946 1973 3034 2026 καὶ
3091 1977 3254 2028 τοῦτο
3311 1973 3776 2048 καταπραττομὲνης
3817 1973 3857 2025 τὸ

540 2071 597 2120 et
625 2064 935 2120 creationis
969 2064 1248 2135 mysteria
1307 2065 1586 2133 indagare
1638 2081 1826 2135 neque
1870 2061 2157 2133 zEsculupi

2299 2061 2518 2137 ἀγαθόν.
2602 2061 2823 2124 Φύσεως
2903 2065 3030 2135 γοῦν
3114 2061 3536 2134 κατασκέψασθαι
3617 2061 3749 2136 βάθη,
3795 2061 3856 2113 καὶ

540 2158 880 2226 potuerunt,
916 2171 1020 2210 nec
1079 2154 1355 2224 quisquis
1413 2154 1566 2209 alius
1625 2154 1953 2210 eruditione
1995 2152 2157 2208 muni

2299 2148 2677 2223 αἰτιολογῆσαι
2777 2149 3003 2222 γένεσιν,
3075 2151 3165 2204 καὶ
3251 2148 3576 2222 ἀνακαλύψαι
3652 2151 3859 2222 μυστήρια

540 2249 660 2302 tus.
2299 2237 2576 2305 πλάσεως,
2627 2235 2738 2293 οὔτ’
2785 2238 2845 2293 ἂν
2893 2236 3318 2308 ’Δσκληπιαὸὦν
3353 2237 3605 2306 λεπτότης
3651 2238 3765 2312 εἶχεν
3806 2236 3860 2295 εἰς

1691 2337 1698 2342 ’
2301 2328 2464 2402 σαφὲς
2525 2326 2698 2389 οὕτως
2756 2327 3022 2399 ἐκθέσθαι,
3086 2324 3208 2382 οὕτε
3289 2349 3370 2390 τις
3438 2324 3596 2394 λοιπὴ
3647 2326 3858 2396 ἐπιστήμη

2297 2417 2394 2468 τοῦ
2425 2413 2821 2491 φυσικεύεσθαι.

617 2741 706 2796 Ill.
740 2741 802 2796 In
833 2741 1008 2798 rebus
1055 2739 1308 2796 externis
1363 2747 1658 2807 elrenuue,
1691 2739 1749 2794 in
1801 2741 1976 2796 rebus
2023 2740 2187 2796 inda-

2377 2745 2483 2818 μα’.
2533 2746 2632 2801 Ἦν
2694 2742 2751 2800 δὶ
2804 2742 3000 2814 δεινὸς,
3060 2745 3151 2801 καὶ
3203 2752 3326 2809 τοῖς
3373 2745 3629 2812 ἐπιπολῆς
3675 2744 3748 2800 καὶ
3790 2761 3860 2797 κατ

545 2829 756 2902 gandis
786 2829 1110 2902 perspicax,
1147 2845 1299 2884 unus
1356 2827 1618 2884 omnium
1680 2829 1928 2884 idoneus
1988 2829 2056 2884 ad
2100 2846 2159 2884 re

2303 2830 2424 2907 ὄψιν
2469 2828 2859 2910 προσϐάλλων,
2891 2835 2956 2890 τὰ
2991 2833 3044 2890 ἐν
3099 2835 3253 2911 βάθει
3303 2835 3652 2903 κατοπτεύειν,
3691 2833 3761 2889 καὶ

545 2917 907 2990 peragendae
941 2918 1068 2972 fuit.
1102 2920 1218 2972 Nec
1270 2917 1327 2971 in
1362 2916 1712 2987 conjecturie
1763 2918 1976 2984 stabat,
2009 2918 2107 2973 sed
2133 2919 2162 2972 i1

2301 2917 2656 2998 ακριϐοὖσθαι
2726 2925 3025 3001 σοφωτάτῳ
3101 2924 3314 3003 φύσεως
3392 2927 3637 3001 γνώμονι.
3689 2923 3770 2980 Καὶ
3819 2921 3861 2976 τὸ

544 3007 791 3064 veritate
823 3005 1021 3062 omnia
1051 3022 1180 3061 esse
1211 3005 1462 3073 volebat,
1494 3021 1598 3060 nec
1629 3005 1916 3062 sustinuit
1947 3006 2002 3062 id
2036 3024 2161 3078 quoi

2301 3017 2526 3087 πρᾶγμα
2581 3010 2681 3066 οὐκ
2736 3012 2802 3081 ἦν
2871 3015 3252 3089 στοχάζεσθαι,
3309 3012 3434 3069 ἀλλ’
3488 3013 3605 3069 αὐτὸ
3661 3016 3788 3068 τοῦτο
3826 3009 3861 3063 tv

546 3095 991 3168 pronuntiatum
1021 3100 1162 3165 erat,
1196 3095 1402 3150 cadere
1433 3095 1764 3162 irritum,ut
1794 3096 2158 3152 verisimilitu

2303 3099 2531 3172 ἀληθείᾳ
2580 3099 2735 3169 εἶναι,
2783 3100 2872 3156 καὶ
2930 3103 3006 3174 μή
3049 3101 3384 3158 διεκπίπτειν
3443 3104 3501 3158 τὸ
3555 3100 3775 3172 λαληθὲν,
3807 3097 3859 3158 ὡς

545 3186 682 3243 dine
707 3186 922 3241 ductus
971 3185 1116 3242 alios
1159 3185 1474 3256 judicaret,
1509 3201 1656 3256 quos
1716 3201 1940 3257 graves,
1977 3191 2038 3240 ut
2067 3187 2157 3259 ips

2301 3189 2391 3242 καὶ
2450 3187 2820 3264 εθκοτολογίαν
2895 3191 3017 3245 τινὰ
3090 3190 3474 3268 συνελογίσατό
3534 3212 3642 3246 τινα
3686 3184 3860 3262 ἐμϐριθῆ

547 3280 692 3341 erat,
727 3276 827 3331 sed
861 3276 1073 3347 probos
1104 3291 1233 3330 esse
1259 3275 1462 3330 voluit.
1490 3275 1604 3329 Nec
1635 3275 1786 3330 alius
1817 3281 1940 3330 erat
1973 3283 2164 3333 noster

2246 3285 2267 3350 ’ς
2307 3276 2416 3339 (καὶ
2476 3279 2542 3346 ἦν
2591 3283 2841 3340 τοιοῦτος
2885 3280 2913 3334 ὁ
2957 3281 3220 3351 νοηθείς),
3267 3279 3412 3336 ἀλλὰ
3453 3281 3632 3350 εὐήθη.
3675 3277 3753 3334 Καὶ
3793 3275 3863 3329 οὐκ

545 3364 838 3436 siquidem
871 3363 1365 3420 dissimulatorem
1395 3365 2162 3437 perscrutabatur,bominen

2303 3371 2368 3435 ἦν
2428 3367 2666 3443 ἑτεροῖος
2725 3370 2752 3421 ὁ
2804 3369 3234 3442 γνωματευοείς·
3296 3367 3550 3424 διώπτευε
3600 3369 3679 3423 τὸν
3721 3364 3861 3438 κρυψί-

546 3453 848 3526 vulgarem
883 3453 1139 3526 penitius
1162 3453 1488 3524 judicabat,
1510 3458 1567 3508 et
1599 3454 1682 3509 sic
1703 3455 1978 3526 deinceps
2001 3456 2157 3509 omni

2303 3477 2449 3527 νουν,
2506 3461 2585 3528 τῷ
2641 3457 2800 3512 παντὶ
2873 3455 3042 3513 πλέον
3107 3458 3198 3512 τὸν
3258 3457 3590 3526 ἐπιπόλαιον,
3643 3455 3746 3516 τοὺς
3785 3458 3860 3506 τῶν

549 3543 780 3616 generis
811 3547 867 3597 et
897 3542 1250 3597 conditionis
1283 3542 1571 3598 homines.
1607 3543 1765 3599 Unde
1807 3544 2080 3616 quisquis
2112 3544 2161 3599 vi

2305 3544 2512 3601 λοιπῶν
2572 3548 2721 3616 ἠθῶν
2781 3547 3009 3619 ὁμοίως.
3073 3547 3171 3602 Καὶ
3234 3549 3377 3603 εἶπεν
3427 3552 3482 3604 ἃν
3538 3547 3730 3610 ἐνταῦθα
3768 3539 3860 3597 ἰδὼν

549 3631 722 3699 derit,
754 3647 922 3688 renes
953 3636 1010 3686 et
1054 3631 1228 3688 corda
1285 3631 1591 3687 hominum
1649 3649 1780 3687 eum
1843 3638 2166 3704 perscrutar

2303 3634 2440 3696 ἅπας
2475 3636 2722 3690 ὁστισοῦν
2751 3633 2996 3710 καρδίαις
3044 3636 3208 3694 αὐτὸν
3261 3633 3566 3711 ἐμϐαθεύειν
3613 3634 3859 3709 ἀνθρώπων,

548 3720 779 3791 dixerit,
813 3720 982 3793 quasi
1014 3725 1223 3776 natura
1254 3719 1415 3776 intus
1473 3720 1700 3778 inclusa
1747 3739 1961 3778 arcana
2005 3740 2110 3779 sua
2141 3739 2165 3780 ε

2301 3723 2375 3786 ὡς
2423 3725 2521 3792 τήν
2574 3722 2728 3801 φύσιν
2776 3721 2984 3780 ἔνδοδὲν
3034 3727 3193 3781 ποθεν
3229 3727 3377 3799 αύτῷ
3404 3723 3636 3782 ὲκλαλεῖν
3685 3723 3740 3778 τὰ
3782 3717 3861 3774 καθ’

551 3811 822 3884 aperiret.

2300 3812 2493 3882 ἑαυτὴν
2522 3812 2824 3890 ἀπόρρητα.

620 4078 704 4132 42.
725 4077 894 4133 Novit
911 4093 1137 4149 quoque
1170 4077 1516 4149 magistrum
1541 4082 1804 4134 nostrum
1832 4079 1887 4134 in
1911 4079 2188 4152 eloquen-

2373 4079 2483 4153 μβ’.
2517 4076 2644 4137 Οίδί
2699 4100 2830 4135 ποτε
2879 4079 2969 4134 καὶ
3010 4079 3102 4135 τὸν
3154 4079 3289 4153 ἐμὸν
3331 4080 3382 4136 δν
3411 4079 3589 4152 λόγοις
3614 4073 3857 4150 καθηγητὴν

546 4166 630 4221 tia
662 4165 863 4222 morbo
912 4165 1128 4221 latente
1168 4167 1438 4222 affectum
1492 4169 1692 4232 fuisse,
1725 4185 1857 4223 cum
1907 4169 2163 4241 sophisti:

2298 4166 2536 4223 ὕπουλόν
2591 4189 2712 4222 τινα
2766 4168 2923 4223 νόσον
2972 4171 3256 4247 τρέφοντα,
3287 4172 3378 4225 ὅτε
3432 4176 3534 4225 τῶν
3585 4163 3857 4242 σοφιπιυὸν·

541 4261 854 4326 praeesset;
887 4271 1060 4326 quem
1112 4256 1212 4327 qui
1260 4255 1514 4322 videbat,
1545 4274 1659 4312 non
1703 4257 1943 4328 longum
1975 4259 2026 4314 ei
2056 4259 2158 4314 vita

2295 4278 2401 4311 των
2460 4254 2797 4330 προήδρευεο
2854 4257 2945 4311 καὶ
3003 4261 3037 4327 ἡ
3099 4255 3223 4331 ὄψις
3301 4257 3525 4332 ἆμήνυεν
3588 4257 3641 4312 ού
3706 4250 3859 4327 pintin

536 4349 773 4418 tempus
805 4345 1235 4418 praenuntiavit.
1273 4346 1328 4398 1d
1365 4345 1645 4400 iudicium
1681 4352 1918 4400 caeteros
1949 4346 2153 4417 quidem

2299 4347 2445 4415 ζωὴν
2497 4350 2577 4418 τῷ
2633 4342 2805 4419 ἀνδρί.
2870 4345 2963 4400 Καὶ
3022 4353 3142 4410 τοῖς
3228 4349 3323 4421 μὶν
3385 4346 3572 4411 ἄλλοις
3620 4343 3858 4420 ἀπρόοπτον

537 4433 793 4503 latebat;
828 4435 926 4491 ille
956 4439 1154 4491 autem
1189 4433 1397 4506 majori
1421 4433 1722 4490 oculorum
1747 4435 2020 4490 acumine
2043 4451 2154 4506 gau

2294 4433 2360 4501 ἦν
2411 4433 2472 4488 τὸ
2525 4428 2926 4507 σημαινόμενον
2961 4453 2974 4466 ⁸
3037 4435 3064 4490 ὁ
3115 4432 3172 4490 δὲ
3230 4436 3581 4511 νοερωτέραις
3640 4425 3860 4488 ἔπιόολαῖς

535 4526 702 4596 dens,
735 4542 869 4580 cum
903 4530 1156 4596 apertas,
1179 4525 1396 4596 quibus
1427 4522 1625 4579 anima
1655 4523 1821 4594 quasi
1848 4525 1966 4579 exit
1990 4531 2150 4596 porta

2295 4518 2468 4594 ὅψεως
2526 4529 2992 4597 παρανοιγομενας
3059 4526 3174 4578 οἷον
3245 4523 3468 4598 θυρίδας
3535 4520 3771 4596 ὶωρακὼς,
3813 4512 3859 4567 δι’

535 4615 1131 4685 vidisset,proximam
1155 4613 1411 4669 hominis
1436 4617 1680 4668 mortem
1715 4613 1997 4684 praadixit.
2025 4614 2152 4668 Abii

2240 4611 2366 4714 )cbv
2445 4608 2558 4715 οἷδξ
2624 4614 2781 4715 ἓν)χή
2853 4611 3206 4715 ἀπέἰχεσθαι,
3266 4613 3479 4688 ergoth
3525 4613 3618 4680 τὴν
3664 4608 3715 4662 ού
3765 4603 3857 4700 an?

535 4703 1058 4774 ille,praedictionis
1089 4703 1242 4758 haud
1278 4703 1609 4756 immemor.
1645 4701 1980 4757 Morborum
2013 4719 2152 4757 cura

2239 4687 2260 4714 ¹
2295 4701 2499 4776 μακρὸν
2531 4697 2710 4770 ἔξοδον
2761 4705 2856 4754 τοῦ
2906 4698 3119 4776 ἀνδρός.
3165 4702 3258 4756 Καὶ
3323 4699 3558 4771 ἀπῆλθεν
3601 4699 3786 4758 ἐκεῖνος,
3817 4687 3856 4743 οὗ

531 4793 722 4848 tiones
746 4793 1018 4848 eumdem
1049 4792 1314 4847 ordinem
1339 4790 1726 4846 servanLNon
1756 4790 1911 4846 enim
1940 4791 2107 4847 utilia
2129 4809 2148 4848 ε

2291 4790 2828 4864 παραπροθεσμῆσας
2857 4791 2954 4857 τήν
3011 4790 3339 4864 πρόγνωσιν.
3374 4787 3554 4846 Νάσων
3607 4786 3658 4842 δὲ
3705 4784 3855 4838 duim:

532 4880 791 4936 efﬁcacia
822 4879 1045 4935 invenit
1076 4878 1418 4947 remedia,id
1444 4879 1595 4948 quod
1630 4879 1803 4934 veteri
1842 4879 2144 4935 Promethe

2289 4885 2390 4946 τῆς
2425 4878 2592 4946 αὐτῆς
2621 4879 2706 4932 καὶ
2764 4878 2920 4933 αὐταὶ
2977 4885 3156 4953 σειρᾶς
3190 4877 3432 4954 ἔχονται.
3465 4879 3541 4938 Οὐ
3570 4879 3660 4952 γὰρ
3707 4867 3854 4949 χρησιᾶ

533 4969 946 5036 attribuerunt,
979 4985 1106 5040 quis
1157 4966 1311 5038 regia
1358 4967 1430 5022 ab
1463 4967 1771 5036 egentibus
1816 4971 1874 5023 et
1904 4973 2144 5039 sumptu

2295 4966 2459 5040 μόνον
2497 4967 2672 5040 ἐξεῦρε
2719 4968 2808 5021 καὶ
2855 4968 3018 5022 πιστὰ
3065 4970 3343 5042 φάρμακα,
3377 4969 3405 5023 ὃ
3437 4965 3500 5038 δή
3531 4987 3605 5029 τις
3641 4958 3853 5036 ἐπιγράφει

530 5057 1048 5128 suppeditantibus
1065 5054 1964 5127 nuncupantur(subministrant
1985 5062 2147 5112 auter

2290 5059 2367 5126 τῷ
2398 5052 2622 5126 παλαιῷ
2655 5057 2939 5131 Προμηθεῖ
2969 5057 3388 5133 σεμνολόγημα,
3413 5061 3493 5119 οἷς
3524 5054 3586 5123 δὴ
3618 5048 3853 5129 βασιλικοῖς

527 5151 803 5218 sumptus
826 5145 1040 5218 publici
1069 5144 1324 5217 praefecti
1349 5144 1707 5216 pauperibus
1731 5150 1792 5198 ut
1811 5145 2029 5200 donum
2053 5164 2144 5218 gra

2290 5142 2429 5198 ἔστιν
2491 5141 2827 5218 ἐπιλέγεσθαι
2880 5145 3015 5220 πρός
3055 5167 3113 5200 τε
3160 5150 3266 5200 τῶν
3320 5146 3636 5221 χρωμένων⁹
3674 5137 3780 5213 πρός
3814 5152 3850 5184 τε

523 5236 792 5306 tuitum);
816 5235 915 5290 sed
945 5240 1147 5306 praeter
1167 5233 1610 5290 adinventiones
1627 5230 1758 5288 illas
1779 5240 2042 5290 recentes
2066 5252 2136 5292 no

2286 5238 2391 5288 τῶν
2465 5232 2852 5308 χορηγούντων
2913 5237 3237 5310 (χορηγοῦσι
3299 5232 3357 5290 δὶ
3415 5232 3655 5307 δημόσιοι
3712 5222 3849 5296 ταμίαι

524 5325 860 5399 negligebat
888 5325 1271 5395 antiquiores.
1305 5323 1345 5378 Ii
1378 5328 1744 5392 aegrotantes,
1779 5324 1847 5376 ad
1891 5340 2037 5392 quos
2067 5324 2141 5378 im

2289 5318 2436 5376 δόσιν
2469 5318 2701 5395 ἄφθονον
2735 5321 2871 5377 αὑτὰ
2899 5321 2988 5376 καὶ
3039 5322 3115 5384 εἷς
3163 5320 3368 5398 δωρεὰν
3424 5329 3538 5386 τοῖς
3579 5315 3847 5399 χρῄζουσινὶξ

527 5395 815 5488 peratoris
867 5429 1035 5468 sacra
1081 5429 1333 5484 persona
1382 5412 1653 5467 accedere
1703 5427 1816 5465 non
1861 5415 2086 5482 poterat
2118 5429 2144 5466 υ

2287 5409 2433 5465 ἀλλὰ
2487 5411 2623 5488 πρὸς
2682 5416 2797 5471 τοῖς
2863 5417 3073 5474 καινοῖς
3151 5395 3421 5488 εὑρήμασι
3471 5410 3666 5470 τούτοις
3709 5401 3776 5458 καὶ
3808 5395 3849 5448 τὶ

525 5503 713 5560 morbi
741 5508 1013 5559 naturam
1047 5503 1442 5573 indagaret,et
1473 5500 1695 5556 malum
1728 5501 2049 5557 secundum
2086 5519 2142 5558 ar

2286 5499 2456 5554 πάλαι
2531 5499 2972 5577 προϋποκείμενα
3059 5503 3498 5578 Θαυμασιώτερον
3569 5496 3845 5578 ἐξειργάζιτῗλ·

522 5592 598 5648 tie
626 5590 860 5662 regulae
891 5591 1226 5662 expelleret,
1260 5591 1332 5646 de
1381 5591 1584 5645 morbo
1616 5607 1722 5646 suo
1753 5590 1825 5646 ad
1860 5590 2139 5662 imperato

2287 5589 2384 5653 Οἷς
2437 5589 2538 5666 γὰρ
2601 5590 2703 5646 οὐκ
2760 5587 2938 5645 ὶδίδου
2994 5591 3056 5645 τὸ
3111 5597 3210 5661 τῆς
3257 5576 3528 5664 βασιλείας
3555 5588 3684 5642 ὅσιον
3732 5576 3845 5634 αὐτὸν

526 5693 649 5733 rem
682 5679 876 5734 referri
913 5683 1222 5746 curabant,
1256 5679 1377 5749 qui,
1410 5695 1480 5734 ex
1538 5677 1756 5746 relatis,
1788 5679 1860 5734 de
1899 5679 2139 5736 remedii

2284 5685 2530 5755 παρεῖναι
2558 5681 2650 5735 τὸν
2684 5682 3016 5756 θεραπευτὴν
3062 5679 3460 5754 αὐτοκράτορα,
3492 5679 3562 5740 ὡς
3604 5675 3682 5732 καὶ
3734 5666 3848 5739 stipi
