4136 6210
295 378 441 442 1005

1128 368 1529 433 MANUELIS
1573 364 1931 428 COMNENI
1972 363 2373 428 LAUDATIO
2414 359 2829 427 FUNEBRIS.

3512 354 3673 419 1006

287 515 473 587 γνῶναι
549 507 645 575 τήν
734 500 1062 579 κακουργίαν
1143 504 1241 556 τοῦ
1307 496 1559 576 ἀῤῥωστή
1571 518 1756 572 ματος,
1827 496 1918 552 καὶ

2035 495 2382 555 adhibendis
2422 493 2735 552 consilium
2780 489 2960 547 dedit.
2992 490 3073 549 De
3104 488 3368 545 minimis
3396 488 3554 547 enim
3578 487 3671 587 in-

285 602 348 673 τῇ
420 591 713 666 δυστροπίᾳ
780 598 883 662 τῆς
955 590 1114 646 νόσου
1175 590 1514 665 τεχνηέντως
1573 587 1915 662 ἑπεξαγαγεῖν

286 686 481 754 ἑαυτὸν,
538 681 666 739 ἀλλ’
721 680 946 745 ἐνταῦθα
1000 678 1259 754 ὑπούργει
1320 677 1414 751 μὶν
1474 677 1636 746 ἀκοὴ,
1685 676 1813 740 νοῦς
1860 673 1919 730 δὲ

284 772 634 851 γνωματεύων
708 772 809 840 τὴν
873 768 1156 844 θεραπείαν
1224 764 1577 838 ἐξέστελλεν.
1650 763 1913 822 Ἐλεπτο-

284 865 428 940 λόγει
459 860 531 918 δι’
584 861 927 937 ἐρωτήσεως,
956 858 1023 912 τὰ
1051 861 1148 912 τοῦ
1177 856 1431 929 κειμένου
1474 853 1754 928 ἐμάνθανε,
1809 851 1915 908 διε-

283 953 552 1030 γίνωσκεν,
582 948 858 1021 ἐπέταττε,
900 947 989 1003 καὶ
1022 945 1384 1018 ἐπηκολούθει
1431 946 1500 1000 τὰ
1543 951 1644 1010 τῆς
1702 943 1913 1006 ίασεως·

279 1042 341 1098 τὰ
367 1037 548 1097 πολλᾶ
577 1035 636 1094 δὲ
663 1038 754 1094 καὶ
783 1036 920 1114 πρὸς
951 1034 1133 1097 αὐτοῖς
1163 1035 1411 1096 θανάτοις
1439 1054 1498 1088 τε
1525 1033 1614 1088 καὶ
1643 1032 1706 1101 ἦν
1743 1031 1911 1087 εἰπεῖν

281 1129 564 1208 προσφυὲς,
597 1128 674 1190 ὡς
706 1129 904 1203 μικροῦ
934 1123 1267 1202 ἐρωτῶν,καὶ
1296 1127 1402 1179 ποῦ
1428 1122 1704 1193 θάπτεται,
1729 1121 1915 1177 ἀνίστα

278 1226 369 1291 τῆς
398 1212 777 1295 θανατηφόρου
806 1215 969 1271 νόσου
994 1214 1087 1270 τὸν
1119 1214 1415 1289 κάμνοντα.

346 1415 447 1491 μγ’.
503 1415 571 1467 Ὅ
629 1408 687 1468 δὶ
754 1409 843 1467 καὶ
922 1409 1083 1465 εἰσέτι
1157 1408 1325 1466 πλέον
1396 1410 1686 1483 θαυμάζειν
1740 1409 1913 1481 ἄξιον.

278 1504 643 1579 κατειργάζετο
723 1500 816 1574 μὲν
895 1500 1058 1555 αὐτὸν
1135 1501 1171 1569 ἠ
1248 1498 1525 1576 χείριστος
1587 1494 1765 1568 νόσος,
1822 1499 1914 1554 τὸν

277 1593 527 1666 κοσμικὸν
607 1588 862 1665 θεμέλιον
942 1587 1373 1662 ὑπονομεύουσα.
1450 1588 1554 1646 Καὶ
1622 1588 1757 1658 αύτή
1820 1590 1916 1663 μὲν

280 1681 412 1738 δεινά
457 1680 652 1750 ἐποίει,
699 1682 1106 1743 καθυποσπῶσα
1165 1678 1267 1747 τὴν
1313 1676 1493 1755 φύσιν,
1544 1679 1632 1733 καὶ
1683 1679 1775 1733 τὸν
1824 1677 1915 1734 ἐκ-

276 1772 362 1835 τὸς
424 1769 711 1826 ὢθόωπον
775 1766 1113 1844 βλάπτουσα·
1174 1767 1202 1822 6
1257 1764 1316 1821 δὲ
1371 1766 1519 1831 ἐντὸς
1565 1766 1916 1845 αὐτοκράτωρ

278 1860 602 1933 σωζόμενος,
661 1856 740 1921 εἷς
797 1854 1111 1930 ὀλόκληρον
1167 1860 1284 1918 τοῖς
1336 1876 1395 1910 τε
1452 1854 1646 1920 ἄλλοις
1707 1856 1916 1931 ἐξήρκει

276 1947 476 2011 καλοῖς.
510 1945 619 2004 Καί
647 1966 766 2001 τινα
820 1944 1039 2022 βλέπων
1065 1948 1199 2014 τῶν,
1257 1945 1378 1999 ὅσοι
1435 1945 1571 2020 πρὸς
1633 1944 1923 2022 βασιλικὴν

278 2037 570 2111 ἐξικνοῦντο
630 2036 775 2102 θέαν,
836 2033 1021 2108 ὁμοίῳ
1078 2033 1235 2089 πάθει
1292 2034 1722 2109 προστετηκότα,
1757 2037 1919 2109 μεθό-

278 2124 383 2188 δοις
417 2125 582 2199 ἐνῆγε
632 2124 1044 2198 θεραπευτικαῖς
1099 2124 1541 2197 προμηθέστατα.
1594 2123 1691 2178 Καὶ
1749 2123 1920 2197 ἐμέμ-

276 2236 394 2293 φετο
449 2215 547 2288 μὶν
606 2213 699 2267 τὸν
750 2208 1081 2285 ἄνθρωπον,
1138 2214 1222 2273 οἷς
1272 2212 1461 2266 ἑαυτοῦ
1540 2211 1754 2286 ἀμελὴς
1811 2214 1920 2288 igt-

274 2322 443 2360 πιπτε·
502 2303 799 2378 κατήρτιζε
848 2297 901 2354 δῖ
946 2300 1083 2375 πρὸς
1130 2298 1351 2376 ὑγίειαν.
1402 2301 1467 2359 Εἰ
1522 2299 1580 2356 δὲ
1628 2302 1770 2358 οὕτω
1824 2305 1918 2378 μὲν

276 2394 514 2449 ἀπώνατο
574 2390 664 2446 καὶ
716 2389 981 2464 περίεστι,
1047 2390 1076 2445 6
1124 2386 1183 2444 δὲ
1241 2390 1564 2465 καθηγεμὼν
1612 2391 1777 2448 αὐτοῦ
1824 2397 1923 2448 τοῦ

275 2483 466 2557 ἀγαθοῦ
490 2478 861 2550 ἀπελήλυθεν,
908 2477 1094 2553 ἓτερος
1124 2478 1183 2533 ἄν
1232 2499 1316 2540 τις
1366 2479 1709 2553 θαυμάσειεν.
1759 2483 1919 2556 Ἡμῖν

274 2571 366 2647 γὰρ
391 2570 497 2647 οὐχ
556 2567 701 2623 οὕτω
750 2563 933 2621 δοτέον
985 2566 1287 2638 μαίνεσθαι,
1349 2567 1424 2630 ὡς
1467 2574 1697 2624 τοιαῦτα
1753 2575 1917 2626 νοεῖν.

276 2656 599 2735 Ἀνδρίζεταί
668 2677 749 2717 τις
792 2656 1075 2730 ἡρωίῖκῶς,
1132 2655 1221 2710 καὶ
1279 2656 1515 2732 συχνοὺς
1575 2658 1752 2735 ῥίπτει
1810 2664 1919 2715 τῶν

274 2747 573 2822 πολεμίων,
630 2744 815 2800 πίπτει
875 2740 932 2799 δέ
983 2764 1116 2799 ποτε
1166 2744 1257 2800 καὶ
1314 2745 1499 2809 αὐτός.
1530 2746 1631 2802 Καί
1663 2747 1763 2805 οὐκ
1806 2747 1916 2820 ἤδη

273 2838 330 2894 τὸ
383 2834 632 2912 ἀνδρεῖον
701 2829 1049 2907 περιᾴδεσθαι
1126 2836 1614 2910 συγκαταπέπτωκε
1688 2843 1768 2910 τῷ
1825 2838 1921 2894 ἀν-

275 2924 373 3002 δρί.
435 2921 639 2999 Μακρά
708 2942 792 2984 τις
862 2915 1220 2996 κυϐερνήσας,
1294 2924 1381 2978 καὶ
1464 2925 1691 3000 μυρίους
1763 2926 1921 2991 ὅσους

272 3015 729 3091 περισωσάμενος,
807 3010 919 3065 εἶτα
998 3010 1308 3084 βαψάμενος
1386 3011 1439 3075 ἐς
1511 3013 1756 3089 ἁλμυρὸν
1831 3017 1922 3091 βυ-

273 3103 380 3174 θὸν,
434 3097 778 3176 έξαπόλωλε.
840 3099 942 3154 Καὶ
1006 3098 1068 3154 ού
1099 3099 1394 3176 συγκατέδυ
1440 3103 1520 3176 τῷ
1560 3103 1830 3181 ἀνθρώπῳ
1857 3106 1920 3161 τὸ

268 3197 357 3247 τοῦ
411 3189 596 3264 δεξιοῦ
649 3182 987 3263 κυϐερνήτου
1039 3184 1252 3262 ὄνομα.
1309 3190 1727 3263 ’Λσκληπιάδης
1786 3195 1922 3251 κατᾶ

2026 584 2382 658 terrogahat,
2410 582 2608 657 aegroti
2655 581 2881 637 vivendi
2930 595 3116 652 genus
3146 582 3549 651 perscrutatus
3580 577 3674 632 di-

2026 674 2363 747 gnoscebat,
2414 670 2803 744 praecipiebat,
2836 668 3023 724 morbi
3069 665 3310 723 curandi
3343 682 3585 722 cursum
3616 669 3673 721 et

2025 763 2286 836 regimen
2309 761 2673 817 observabat.
2697 758 2837 814 Mori
2847 757 3076 813 hundos
3099 755 3334 835 parcius
3357 755 3673 825 interroga-

2026 852 2128 908 bat
2176 851 2248 907 de
2303 848 2627 916 doloribus,
2687 848 2756 903 de
2812 844 3136 918 sepultura,
3170 860 3288 916 qua
3343 859 3406 899 re
3448 843 3668 898 factum

2025 944 2115 996 est
2142 943 2207 995 ut
2240 939 2440 995 morbo
2469 935 2670 999 letball
2699 933 3102 992 laborantibus
3134 932 3371 1004 aliquod
3402 931 3666 989 solamen

2023 1029 2274 1085 afferret.

2096 1418 2184 1475 43.
2229 1416 2392 1481 Quod
2452 1418 2650 1471 autem
2705 1412 3035 1470 mirabilius
3088 1416 3179 1470 est
3232 1414 3501 1471 narrabo.
3530 1414 3675 1471 Cum

2025 1507 2235 1565 acerba
2263 1504 2507 1562 morbus
2537 1520 2672 1560 eum
2720 1506 2977 1573 vexaret,
3008 1503 3269 1577 corporis
3307 1502 3676 1560 constitutio-

2026 1614 2160 1654 nem
2220 1611 2596 1661 consumens,
2629 1597 2687 1648 et
2730 1593 2883 1649 vires
2932 1592 3292 1650 corrodendo
3341 1591 3678 1649 interiorem

2025 1683 2395 1740 interimeret
2420 1679 2745 1747 hominem,
2777 1696 2946 1736 mens
2993 1684 3189 1737 tamen
3220 1696 3366 1736 sana
3402 1680 3678 1738 omnibus

2027 1772 2233 1830 ofﬁciis
2284 1786 2489 1827 vacare
2538 1772 2782 1842 poterat.
2829 1768 2923 1825 Sic
2971 1767 3227 1841 aliquem
3257 1768 3465 1826 videns
3495 1769 3676 1826 simili

2031 1862 2234 1919 morbo
2277 1859 2667 1929 laborantem,
2695 1858 3057 1915 curationem
3090 1858 3346 1915 maxima
3375 1874 3509 1915 cum
3544 1858 3678 1916 dili-

2029 1949 2227 2025 gentia
2258 1947 2536 2014 instituit,
2568 1952 2625 2005 et
2673 1963 2850 2019 quem
2899 1951 3197 2003 mortuum
3239 1963 3381 2004 sane
3408 1946 3678 2019 luxisset,

2031 2042 2098 2096 ad
2133 2038 2448 2095 sanitatem
2482 2035 2732 2094 reduxit.
2765 2035 2870 2100 Qui
2903 2034 2952 2092 si
3001 2052 3157 2091 nunc
3187 2040 3488 2109 superstes
3515 2037 3679 2108 vivit,

2031 2130 2179 2185 alter
2207 2132 2429 2194 autem,
2458 2126 2549 2182 cui
2602 2124 2914 2182 sanitatem
2945 2124 3195 2181 debebat
3221 2126 3534 2183 defunctus
3564 2131 3675 2197 est,

2031 2235 2148 2275 non
2199 2217 2397 2273 minus
2444 2215 2661 2271 mirum
2703 2214 2974 2282 videtur;
3023 2230 3141 2270 non
3187 2213 3332 2271 item
3362 2215 3557 2287 nobis,
3581 2217 3680 2288 qui

2031 2326 2151 2366 rem
2186 2307 2415 2364 meliori
2453 2310 2648 2362 mente
2697 2303 3185 2377 contemplemur.
3218 2305 3467 2362 Fortiter
3492 2322 3553 2364 se
3583 2324 3683 2381 ge-

2030 2399 2211 2455 rendo
2243 2396 2460 2469 aliquis
2492 2396 2550 2451 in
2582 2410 2783 2467 pugna
2812 2393 3031 2450 multos
3054 2394 3223 2450 caedit
3250 2394 3468 2467 hostes,
3484 2400 3544 2452 at
3574 2414 3681 2469 po-

2031 2492 2250 2544 stremo
2280 2485 2406 2558 ipse
2437 2500 2669 2557 quoque
2698 2483 2874 2551 cadit,
2908 2500 3014 2540 nec
3063 2484 3209 2540 forte
3238 2483 3430 2541 adhuc
3462 2486 3686 2543 invenit

2029 2592 2162 2633 eum
2196 2574 2297 2647 qui
2328 2575 2458 2647 ejus
2488 2572 2760 2647 praeclare
2808 2573 2961 2629 facta
3002 2573 3238 2647 hymnis
3284 2574 3554 2631 celebret.
3588 2575 3682 2633 Sic

2030 2665 2128 2721 diu
2162 2663 2377 2736 aliquis
2406 2678 2611 2719 navem
2644 2662 3244 2735 gubernavit,multos
3274 2662 3680 2733 ealvavit,tan-

2031 2754 2162 2809 dem
2196 2754 2255 2808 in
2288 2768 2449 2808 mare
2479 2751 2837 2824 profundum
2867 2749 3071 2823 lapsus
3121 2751 3312 2823 periit,
3344 2767 3450 2809 nec
3479 2757 3675 2811 tamen

2030 2842 2168 2898 boni
2202 2841 2410 2897 navitae
2440 2840 2686 2914 gloriam
2718 2840 2995 2912 perdidit.
3027 2839 3122 2895 Sic
3150 2840 3521 2914 Esc‘ulapius
3550 2843 3677 2916 ipse

2030 2948 2099 2987 ex
2149 2935 2235 2986 tot
2293 2930 2514 2986 morbis
2563 2929 2860 2999 liberator,
2910 2928 3083 2983 toties
3132 2933 3446 2986 coronatus
3476 2930 3535 2986 in
3567 2932 3677 2989 hoc

2028 3019 2282 3075 victoriae
2313 3033 2544 3092 genere,
2569 3031 2929 3088 nequaquam
2954 3015 3125 3071 morti
3149 3031 3262 3070 non
3297 3019 3678 3075 succumbere

2034 3112 2260 3180 potest;
2294 3123 2400 3163 nec
2431 3111 2624 3163 tamen
2655 3105 2766 3160 viri
2816 3121 3062 3161 coronas
3092 3105 3218 3161 sine
3248 3105 3544 3177 injustitia
3574 3125 3678 3164 au-

2030 3199 2193 3267 feret,
2228 3213 2332 3269 per
2359 3211 2535 3252 omne
2562 3198 2799 3266 tempus
2828 3192 3068 3250 victoris
3096 3210 3309 3250 nomen
3340 3195 3620 3254 habituri.

264 3281 426 3338 νόσων
503 3278 947 3357 παγκρατιάζων,
1003 3279 1096 3335 καὶ
1153 3281 1330 3355 συχνὰ
1385 3284 1886 3360 στεφανωσάμενος,
1940 3285 2038 3342 ούκ
2095 3282 2202 3349 ἔσθ’
2262 3285 2415 3347 ὅπως
2468 3281 2530 3337 οὐ
2589 3286 2832 3336 πεσεῖται
2888 3281 3119 3353 θανάτῳ.
3176 3281 3276 3335 Καὶ
3328 3281 3428 3337 οὐκ
3481 3282 3544 3337 ἄν
3590 3304 3674 3347 τις

268 3368 482 3434 δικαίως
561 3370 694 3432 τοὺς
769 3370 1060 3448 στεφάνους
1119 3367 1396 3447 ἀφελεῖται
1426 3376 1524 3426 τοῦ
1584 3369 1813 3447 ἀνδρὸς,
1887 3372 2034 3430 ἀλλὰ
2084 3373 2496 3448 κληρονομήσει
2553 3375 2655 3439 τῆς
2705 3374 2993 3439 νικητικῆς
3042 3366 3132 3423 διὰ
3184 3370 3420 3439 παντὸς,
3480 3369 3678 3436 ἐκεῖνος

267 3457 527 3533 κλήσεως.

341 3727 445 3803 μδ’.
503 3726 668 3788 Οὕτω
724 3727 791 3799 δὴ
844 3729 935 3784 καὶ
984 3729 1012 3784 ὁ
1052 3727 1417 3803 ύμνούμενος,
1485 3729 1537 3783 ἐν
1614 3734 1696 3793 οἷς
1757 3730 1918 3796 αὐτὸς

2097 3734 2185 3789 44.
2218 3733 2310 3790 Sic
2354 3730 2748 3797 Andronicus,
2788 3744 2964 3801 quem
3024 3729 3365 3786 defunctum
3413 3731 3670 3790 celebra-

273 3818 509 3898 ἔπασχε,
597 3826 715 3882 τοῖς
795 3822 1210 3895 πειραζομένοις
1298 3822 1516 3897 βοηθεῖν
1598 3820 1916 3897 δυνάμενος,

275 3909 420 3984 ὅμως
469 3909 815 3983 καλούμενος
856 3910 993 3982 πρὸς
1048 3914 1146 3964 τοῦ
1187 3910 1511 3987 κρείττονος,
1550 3910 1915 3984 ἀπελήλυθεν,

274 3993 412 4076 ἔχων
472 3999 831 4073 σεμνύνεσθαι
888 4000 959 4070 τῇ
1030 3998 1121 4054 καὶ
1187 4004 1296 4054 τῶν
1372 4002 1750 4077 σμικροτάτων
1809 4001 1920 4058 ἐπι-

272 4093 476 4168 στροφῇ
550 4086 640 4144 διὰ
704 4086 832 4143 τοὺς
900 4088 1137 4143 ἑκάστων
1188 4088 1477 4164 ἀγγέλους,
1537 4088 1589 4145 o'i
1645 4111 1920 4165 παραστα-

270 4182 419 4233 τοῦσι
450 4182 597 4250 Θεῷ.
637 4179 731 4238 Οἷς
767 4176 861 4249 μὲν
891 4177 982 4231 οὖν
1008 4175 1073 4231 τὸ
1101 4182 1252 4232 Θεῖον
1287 4177 1760 4254 σμικρολογεῖται,
1798 4179 1923 4235 ἀλλ’

273 4264 495 4329 ἐκείνοις
564 4265 946 4340 εὐαρεστεῖται,
1026 4265 1190 4342 μέχρι
1267 4267 1354 4320 καὶ
1436 4266 1510 4329 είς
1578 4265 1812 4339 σελήνην
1872 4268 1923 4342 ἐξ

281 4355 513 4428 ὑψίστων
564 4357 839 4431 χαλᾶσθαι
887 4355 985 4424 τὴν
1023 4361 1123 4424 τῆς
1173 4355 1441 4430 Προνοίας
1488 4357 1687 4431 σειράν·
1740 4356 1827 4412 ἐπὶ
1871 4355 1928 4413 δέ

275 4465 333 4518 γε
357 4450 479 4507 τοῖς
529 4443 729 4508 ἐκεῖθεν
778 4442 869 4498 καὶ
917 4443 1043 4520 περὶ
1098 4446 1247 4516 ἡμᾶς
1295 4444 1372 4516 μή
1431 4445 1490 4499 ἄν
1550 4444 1750 4501 ἐθέλειν
1800 4445 1930 4522 γλι-

277 4531 598 4608 σχρεύεσθαι
689 4533 789 4599 τὴν
883 4532 1135 4602 θειότητα
1219 4532 1930 4610 συγκατακέρματιζομένην

275 4627 387 4684 τοῖς
441 4619 587 4677 οὕτω
644 4618 1032 4697 πολυσχιδέσι,
1100 4621 1188 4676 καὶ
1243 4621 1663 4698 ἀπασχολοῦσαν
1714 4624 1931 4692 ἑαυτὴν,

277 4709 400 4766 ἔνθα
452 4710 519 4765 τὸ
572 4710 978 4786 σμικροπρεπὶς
1028 4707 1375 4785 ἐπιλέγεται.
1426 4711 1556 4774 Θεὸς
1613 4709 1669 4766 δὶ
1712 4714 1798 4767 καὶ
1856 4712 1933 4768 έν-

275 4801 443 4862 ταῦθα
482 4793 639 4872 ἕτερα
689 4795 968 4871 βούλεταιο
1022 4797 1109 4852 καὶ
1157 4796 1219 4852 ού
1269 4792 1415 4876 φέρει
1468 4800 1595 4875 παρ’
1625 4801 1760 4872 ἡμῖν
1811 4799 1933 4855 ἀτέ-

278 4906 426 4961 χνως
481 4884 857 4958 σεμνύνεσθαι,
928 4884 1018 4941 καὶ
1085 4888 1444 4961 προσχήματι
1516 4886 1939 4962 μεγαλειότητος

279 4971 594 5046 εύμεθόδως
648 4972 1173 5049 κατασμικρύνεσθαι
1209 5016 1220 5028 .
1283 4976 1354 5031 Ἢ
1401 4976 1503 5051 γὰρ
1572 4976 1634 5030 ού
1690 4997 1935 5052 τυραννει

280 5062 411 5119 Θεὸν
465 5061 720 5139 ἄντικρυς
784 5064 812 5117 6
859 5068 977 5125 τοῖς
1049 5062 1144 5136 μὲν
1215 5062 1351 5138 ὑψοῦ
1407 5062 1718 5141 ἐπιπρέπειν
1778 5065 1938 5121 αὐτὸν

281 5149 488 5224 ἀφιεὶς,
538 5155 646 5206 τῶν
699 5148 757 5207 δὲ
794 5151 917 5226 περὶ
969 5153 1116 5224 ἡμᾶς
1144 5149 1239 5206 ούγ
1273 5151 1423 5215 ἐντὸς
1458 5153 1590 5209 εἶναι
1622 5155 1933 5232 σοφιστευό-

285 5259 471 5309 μενος,
500 5240 588 5295 καὶ
636 5239 703 5293 τὰ
753 5240 870 5294 κατ’
919 5235 1226 5312 ἄνθρωπον,
1286 5238 1345 5303 ὅς
1373 5238 1439 5311 δὴ
1494 5241 1800 5318 βασιλεύειν
1827 5249 1936 5299 τῶν

283 5325 371 5380 ἐπὶ
400 5333 506 5402 γῆς
558 5327 886 5397 πέπλασται,
942 5326 1165 5403 ἀπάγων
1197 5333 1367 5400 Θεοῦ;
1428 5330 1502 5393 ὡς
1551 5329 1610 5386 ἂν
1668 5331 1810 5387 οὕτω
1839 5338 1939 5388 τοῦ

281 5413 375 5469 καὶ
447 5411 802 5489 παμϐασιλέα
872 5415 1076 5471 ἐκεῖνον
1153 5418 1285 5472 εἶναι
1365 5418 1620 5482 ὑπούλως
1677 5419 1937 5498 ἀφέλοιτο

282 5502 373 5559 καὶ
439 5505 544 5577 μὴν
606 5510 746 5570 θεῖον
798 5504 1022 5576 ἀληθῶς
1087 5508 1121 5575 ἡ
1181 5505 1232 5561 ἐν
1290 5508 1522 5582 προνοίᾳ
1578 5508 1936 5584 λεπτοτομία,

286 5591 378 5648 καὶ
430 5592 493 5648 τὸ
542 5593 594 5648 ἐν
635 5599 756 5657 τοῖς
805 5591 1119 5670 ἁὸριιτέροις
1151 5594 1487 5652 ἀνελικτικόν
1550 5617 1610 5653 τε
1660 5600 1749 5654 καὶ
1810 5600 1940 5655 ἀνα-

289 5679 536 5738 λυτικόν’
607 5682 669 5740 οὗ
728 5680 796 5755 δὴ
853 5683 962 5759 πρὸ
1013 5685 1232 5740 πάντων
1291 5684 1494 5762 ἀνάγκη
1558 5688 1803 5764 μετέχειν
1846 5689 1938 5746 τὸν

2027 3823 2248 3889 mus,in
2279 3821 2496 3893 quibus
2515 3821 2643 3892 ipse
2662 3835 2872 3891 passus
2888 3823 3209 3885 est,contra
3223 3834 3291 3874 ea
3311 3820 3672 3891 patientibus

2028 3911 2351 3982 opitulatus
2382 3915 2491 3980 est,
2539 3913 2824 3982 quantum
2875 3911 3092 3980 posset,
3124 3906 3252 3980 ipse
3280 3907 3351 3966 ab
3391 3911 3678 3984 Omnipo-

2029 4006 2188 4056 tente
2219 3998 2546 4073 appellatus
2568 3997 2818 4054 excessit
2836 3996 3207 4054 venerandus
3234 3997 3410 4055 etiam
3441 4016 3680 4059 conver-

2032 4090 2257 4147 satione
2285 4106 2418 4145 cum
2452 4087 2842 4160 singulorum,
2874 4087 2976 4159 qui
3024 4086 3140 4143 Deo
3189 4092 3407 4158 astant,
3438 4091 3684 4165 angelis.

2033 4180 2180 4234 Dum
2218 4177 2374 4232 enim
2402 4176 2503 4233 alii
2535 4176 2739 4232 tenuia
2768 4176 2839 4231 de
2869 4176 3045 4231 rebus
3076 4175 3292 4233 divinis
3324 4178 3571 4250 agitant,
3602 4180 3696 4236 illi

2037 4268 2234 4340 magni
2271 4266 2516 4335 iaciunt,
2551 4264 2933 4319 Providentia
2955 4268 3224 4320 catenam
3255 4282 3325 4322 ex
3354 4268 3472 4323 alto
3504 4268 3577 4323 ad
3607 4268 3696 4323 lu-

2036 4373 2173 4412 nam
2229 4371 2416 4427 usque
2467 4353 2913 4426 promittentes:
2946 4368 3053 4409 nos
3105 4357 3299 4411 autem
3342 4355 3497 4412 haud
3529 4356 3697 4413 decet

2037 4445 2408 4501 divinitatem
2442 4448 2771 4509 attenuare,
2804 4443 2863 4497 in
2896 4441 3095 4513 plures
3126 4448 3322 4513 partes
3352 4444 3693 4517 scindendo,

2038 4542 2096 4590 et
2127 4535 2420 4607 dignitate
2451 4550 2559 4588 sua
2588 4531 3036 4588 exuendo.Deus
3067 4536 3263 4587 autem
3294 4531 3404 4587 hoc
3434 4533 3559 4589 loco
3580 4532 3697 4590 alia

2039 4623 2295 4690 vult,nec
2329 4639 2363 4677 ιι
2394 4621 2562 4676 nobis
2593 4620 2851 4675 tenuiter
2880 4620 2986 4674 coli
3022 4625 3079 4673 et
3107 4620 3219 4674 sub
3249 4617 3695 4690 glorificationis

2044 4715 2322 4786 praetextu
2359 4710 2609 4782 maligne
2662 4708 2913 4780 deprimi
2963 4707 3206 4779 patitur.
3247 4708 3453 4764 Nonne
3493 4713 3692 4782 tyran-

2047 4800 2176 4856 nica
2205 4800 2508 4873 impietate
2539 4803 2740 4854 contra
2771 4796 2956 4853 Deum
2981 4812 3043 4851 se
3073 4796 3245 4868 gerit,
3279 4798 3380 4869 qui
3410 4813 3546 4854 eum
3581 4815 3695 4854 cm-

2045 4890 2186 4946 litus
2241 4893 2582 4960 regnantem
2640 4885 2899 4942 admittit
2955 4882 3217 4955 quidem,
3271 4886 3448 4942 rebus
3500 4891 3698 4943 autem

2049 4978 2265 5035 nostris
2314 4993 2430 5032 non
2482 4977 2767 5030 interesse
2816 4972 3139 5045 sophistico
3184 4972 3427 5030 elencho
3466 4974 3700 5042 asserit,

2046 5067 2343 5123 hominem
2373 5069 2592 5136 autem,
2626 5062 2726 5136 qui
2779 5079 2959 5135 supra
3012 5062 3212 5119 omnia
3266 5065 3572 5121 terrestria
3597 5064 3702 5121 do-

2050 5156 2262 5214 minari
2296 5159 2537 5212 vocatus
2566 5160 2677 5221 est,
2732 5169 2766 5209 a
2815 5157 2928 5208 Deo
2977 5149 3237 5208 alienat?
3265 5152 3360 5208 Sic
3391 5152 3548 5209 enim
3580 5154 3698 5210 Deo

2050 5249 2357 5318 majestate
2378 5262 2487 5300 sua
2503 5246 2673 5299 exuto
2697 5240 2952 5298 universi
2970 5240 3407 5313 gubernatio,in
3424 5242 3702 5299 omnibus

2046 5336 2133 5392 vel
2168 5334 2433 5389 minimis
2462 5331 2828 5404 providentia
2875 5336 2934 5385 et
2964 5329 3122 5385 circa
3153 5331 3443 5385 mundum
3479 5347 3622 5387 cura
3649 5335 3712 5387 et

2050 5422 2384 5480 sollicitudo
2444 5419 2874 5483 detraheretur,
2902 5434 3032 5489 qum
3090 5418 3291 5473 omnia
3336 5423 3535 5475 tamen
3568 5423 3711 5489 Deo,

2049 5515 2253 5584 utpote
2284 5510 2393 5566 soli
2425 5508 2676 5581 sapienti
2730 5511 3091 5578 competunt,
3124 5507 3224 5578 qui
3252 5523 3367 5563 non
3398 5507 3593 5564 solum
3624 5508 3699 5565 ad

2048 5617 2157 5658 nos
2188 5615 2376 5672 usque
2402 5597 2755 5654 descendere
2792 5615 2907 5654 non
2952 5595 3268 5666 recusavit,
3297 5597 3401 5653 sed
3433 5597 3705 5665 humani-

2048 5693 2231 5748 tatem
2264 5687 2410 5746 mire
2458 5687 2675 5759 induit,
2726 5692 2804 5757 et,
2853 5693 2919 5747 ut
2958 5703 3088 5758 nos,
3122 5684 3184 5743 in
3220 5702 3395 5746 carne
3422 5685 3580 5757 vivit,
3612 5702 3705 5746 se-
