4136 6210
417 385 573 448 1007

1194 381 1621 446 EUSTATH"
1665 378 2426 441 THESSALONICENSIS
2476 379 3056 443 METROPOLITE

3685 383 3850 443 1008

413 518 678 577 cundum
711 516 895 574 Patris
917 515 1278 571 voluntatem
1305 527 1504 586 agens.
1528 515 1652 568 Non
1682 510 1837 565 enim
1871 510 2064 565 humi-

2186 507 2266 563 ἐπὶ
2318 509 2534 594 πάντων
2582 510 2732 577 Θεὸν,
2791 509 2884 564 τὸν
2947 509 3119 581 μόνον
3177 510 3361 588 σοφόνο
3423 511 3482 572 ὃς
3552 511 3617 566 οὗ
3679 513 3850 585 μόνον

415 607 493 663 lia
524 614 581 662 et
610 605 1006 678 superficialia
1060 603 1316 674 respicit,
1350 604 1448 657 sed
1498 602 1567 655 ad
1603 602 1724 655 ima
1756 605 2067 672 penetrans

418 697 626 754 mundi
677 695 922 762 viscera,
976 709 1143 747 renes
1196 697 1254 746 et
1302 707 1402 746 cor
1449 695 1876 762 perscrutatur,
1910 695 1966 743 et
1994 689 2066 743 ad

419 792 590 842 terrae
624 785 848 840 radices
881 797 1068 853 usque
1099 782 1272 835 verba
1304 779 1558 850 benigna
1590 778 1791 833 mittit.

2175 598 2274 664 τήν
2320 592 2426 658 ἓως
2486 599 2577 651 καὶ
2634 599 2712 659 εἷς
2773 601 2922 670 ἡμᾶς
2987 596 3110 653 οὔτε
3165 598 3378 670 ὤκνησε
3405 598 3666 672 κάθοδον,
3699 603 3848 669 ὁκαὶ

2177 691 2506 757 σωματικῶς
2563 687 2730 755 αὐτὴν
2791 685 2862 759 (ὣ
2905 692 3003 741 τοῦ
3050 688 3323 760 θαύματος
3358 691 3396 753 l)
3427 691 3844 762 ποιησάμενος,

2181 772 2305 829 οὔτε
2355 775 2462 846 μὴν
2518 770 2966 849 συγκαταϐαίνων
3028 775 3173 830 ὀκνεῖ
3187 820 3206 844 ,
3255 775 3617 851 ἐργαζόμενος
3677 780 3846 847 εἰσαεὶ

419 875 555 929 κατά
584 873 674 927 τὸν
709 871 936 943 Πατίραο
969 867 1059 922 καὶ
1091 866 1152 921 οὐ
1187 867 1350 939 μόνον
1384 867 1449 919 τά
1476 865 1700 920 ταπεινᾶ
1731 864 1962 941 ἐφορῶν,
1995 868 2160 918 ταῦτα
2190 861 2256 931 δὴ
2283 863 2350 918 τὰ
2381 863 2732 933 ἆξεπιπολῆς,
2764 864 2909 920 ἀλλά
2937 865 3029 919 καὶ
3076 871 3186 920 τῶν
3222 869 3572 941 μυχαιτάτων
3617 870 3844 944 γινόμεο

419 983 530 1032 νος,
561 961 647 1016 καὶ
683 958 863 1031 ὥσπερ
893 961 991 1012 τοῦ
1022 955 1279 1031 ἐμψύχου
1309 955 1539 1028 κόσμου,
1569 954 1656 1008 ὅτε
1684 950 1930 1028 καρδίαις
1961 947 2245 1026 ἐμϐατεύει
2273 952 2363 1007 καὶ
2418 951 2826 1029 διαλογισμοῖς,
2860 953 3006 1010 οὕτω
3035 955 3126 1010 καὶ
3151 958 3248 1010 τοῦ
3281 953 3504 1026 λοιποῦ,
3550 959 3641 1012 δτε
3677 959 3846 1034 μέχρι

419 1051 508 1106 καὶ
536 1049 610 1112 ἐς
643 1047 791 1124 ῥίζας
817 1049 918 1121 γῆς
948 1044 1074 1106 τοὺς
1103 1043 1502 1118 προνοητικοὺς
1536 1042 1731 1118 λόγους
1758 1041 1970 1119 ἀφίησι.

488 1339 576 1393 45.
612 1337 800 1405 Hujus
830 1334 1083 1406 exempli
1110 1334 1404 1405 specimen
1433 1333 1698 1404 praebens
1721 1331 1852 1400 pius
1875 1336 2076 1384 noster

418 1429 745 1498 Imperator
777 1441 888 1479 non
923 1429 1152 1477 tantum
1179 1421 1414 1475 selectis
1439 1425 1495 1474 et
1526 1419 1857 1489 magniﬁcis
1883 1418 2072 1471 verbis

419 1521 614 1581 utens,
646 1513 716 1568 iis
747 1528 980 1584 quoque
1003 1511 1100 1580 qui
1139 1511 1208 1564 ad
1235 1511 1352 1563 ima
1389 1509 1822 1563 descendebant
1856 1506 2071 1560 sollici-

419 1603 684 1660 tudinem
715 1618 883 1656 suam
934 1599 1276 1670 impertivit,
1336 1613 1447 1651 non
1499 1596 1820 1664 humiliter,
1852 1596 1974 1662 sed,
2010 1600 2073 1648 ut

423 1694 600 1758 Deus,
641 1687 1182 1746 condescendendo.
1236 1685 1404 1741 Illum
1464 1685 1521 1738 in
1574 1684 1745 1756 plena
1793 1683 2071 1739 concione

422 1781 583 1854 gravi
613 1783 670 1834 et
699 1779 869 1834 docta
899 1775 1089 1830 verbis
1110 1780 1412 1830 sonantem
1438 1773 1641 1828 audire
1664 1778 1892 1845 poteras
1917 1789 2072 1826 nunc

425 1867 690 1941 singulos
719 1865 1133 1937 alloquentem,
1168 1879 1325 1918 nunc
1347 1861 1714 1933 singulorum
1739 1859 2074 1932 questioni-

424 1959 537 2013 bus
563 1954 1156 2028 respondentem,aut
1186 1968 1288 2023 pro
1321 1950 1698 2022 imperatoria
1729 1949 2074 2004 auctoritate

419 2045 597 2102 verba
654 2042 984 2098 facientem.
1045 2045 1204 2095 Hanc
1262 2039 1470 2109 agendi
1523 2039 1806 2093 rationem
1868 2038 2072 2093 civitas

421 2137 624 2190 nostra
653 2131 824 2204 quasi
857 2130 1132 2195 caelestis,
1168 2134 1225 2183 et
1272 2129 1398 2184 loca
1439 2127 1631 2182 vicina
1657 2143 1809 2199 saepe
1838 2132 2074 2198 experta

420 2226 582 2287 sunt,
611 2224 679 2275 ut
706 2235 820 2275 non
858 2219 1053 2273 minus
1082 2217 1370 2272 exercitus
1394 2220 1662 2270 Romaene
1683 2221 1740 2270 et
1767 2221 1890 2270 tota
1919 2215 2072 2270 chri-

419 2310 692 2368 stianitas
717 2326 730 2372 ;
756 2308 812 2363 id
845 2307 1061 2378 experti
1087 2311 1226 2362 sunt
1258 2310 1543 2376 quotquot
1564 2320 1697 2359 cum
1724 2303 1915 2375 legum
1941 2305 2074 2358 obe-

421 2398 642 2455 dientia
671 2401 773 2454 aut
801 2395 1107 2452 rebellium
1130 2410 1289 2449 more
1307 2393 1570 2448 vivebant
1597 2410 1611 2459 ;
1645 2409 1850 2448 omnes
1875 2397 2069 2447 autem

421 2489 491 2545 ad
525 2492 748 2544 statum
801 2486 944 2542 bene
994 2484 1329 2538 ordinatum
1383 2483 1656 2537 reductos
1689 2488 1790 2536 aut
1820 2480 2072 2536 vinculis

421 2584 527 2636 aut
555 2576 925 2633 humanitate
955 2574 1284 2629 refrenavit.

2259 1327 2358 1398 με’.
2411 1325 2620 1382 Τούτου
2680 1327 2965 1402 γινόμενος
3011 1329 3039 1382 ὁ
3092 1325 3270 1392 ἔνθεος
3319 1329 3520 1392 ἐκεῖνος
3587 1329 3847 1406 βασιλεῦς

2181 1420 2278 1470 τοῦ
2339 1412 2763 1490 ὑποδείγματος,
2824 1417 2886 1470 οὐ
2951 1413 3122 1488 μόνον
3174 1424 3292 1481 τοῖς
3348 1416 3538 1493 λογάσι
3593 1419 3687 1474 καὶ
3746 1442 3844 1492 με-

2179 1502 2422 1579 γαλείοις
2467 1509 2576 1558 τῶν
2630 1504 2683 1559 ἐν
2743 1511 2863 1568 ταῖς
2923 1506 3142 1580 πράξεσι
3197 1505 3375 1582 λόγων
3426 1509 3614 1564 ἑαυτὸν
3662 1507 3844 1564 ἐπεδί-

2184 1593 2300 1662 δου,
2364 1593 2510 1649 ἄλλα
2567 1596 2658 1649 καὶ
2714 1601 2831 1659 τοῖς
2890 1595 2966 1657 εἰς
3023 1596 3086 1650 τὸ
3148 1595 3375 1659 ὑποδεὶς
3431 1601 3845 1672 πυθμενιζομὲ-

2181 1705 2295 1747 νοις
2319 1685 2419 1752 τὴν
2468 1681 2800 1755 κηδεμονίαν
2853 1685 3118 1760 ἐμέριζεν,
3151 1685 3213 1740 οὖ
3258 1682 3600 1742 καταϐαίνων
3648 1710 3844 1744 ταπειε⁵

2181 1777 2328 1840 νῶς,
2386 1770 2533 1827 ἀλλά
2591 1768 3029 1847 συγκαταϐαίνων
3080 1773 3283 1848 τρόπον
3342 1774 3554 1833 ἔνθεον.
3619 1779 3723 1832 Καὶ
3780 1779 3845 1845 ἦν

2186 1861 2404 1936 βλέπειν
2459 1861 2659 1916 ἐκεῖνον
2715 1862 2767 1916 ἐν
2828 1862 2946 1935 λαῷ
3006 1863 3162 1938 βαρεῖ
3215 1864 3304 1918 καὶ
3361 1863 3624 1940 συλλόγῳ
3691 1867 3848 1936 πλή-

2182 1963 2330 2013 θοντι
2387 1949 2449 2004 οὐ
2514 1949 2678 2022 μόνον
2741 1950 2815 2012 ἐς
2871 1952 3057 2006 κοινὸν
3123 1953 3432 2027 βροντῶντα
3488 1953 3706 2029 λόγοις,
3771 1957 3848 2009 ὧν

2182 2038 2353 2114 ἐχρῆν
2412 2038 2497 2094 ἐπὶ
2547 2038 2673 2094 ’ίσου
2733 2041 2982 2116 μετέχειν
3040 2043 3309 2112 ἅπαντας,
3373 2041 3517 2098 ἀλλὰ
3577 2044 3671 2097 καὶ
3730 2051 3849 2106 τοῖς

2181 2130 2297 2183 κατ’
2325 2125 2491 2202 ἄνδρα
2558 2125 3005 2200 διομιλοῦμενον,
3065 2127 3190 2198 ἤτοι
3251 2131 3387 2204 πρὸς
3430 2133 3564 2207 ὅπερ
3600 2130 3661 2185 ἄν
3725 2129 3849 2187 ἕκα-

2185 2238 2311 2278 στος
2376 2212 2744 2292 προϐάλοιτο,
2807 2216 2842 2285 ἢ
2904 2216 3028 2271 ἔνθα
3084 2219 3176 2272 τὸν
3235 2219 3609 2296 αὗτοκράτορα
3657 2223 3695 2289 ἡ
3731 2222 3849 2276 κατ’

2181 2305 2464 2380 ἄνθρωπον
2545 2303 2724 2366 ἔννους
2803 2305 3116 2378 περιπέτεια
3198 2307 3614 2382 προκαλὲσεται.
3704 2311 3850 2364 Ταύ-

2179 2415 2278 2463 της
2327 2401 2428 2463 τῆς
2487 2391 2721 2466 μεθόδου
2760 2396 2795 2462 ἡ
2849 2397 2964 2448 κατ’
2994 2397 3144 2467 ἡμᾶς
3203 2397 3278 2458 ὡς
3337 2398 3610 2468 ἑκάστοτε,
3654 2398 3732 2460 ὡς
3788 2400 3849 2452 ἂι

2180 2481 2323 2536 εἷ’ποι
2379 2503 2484 2552 τις,
2536 2481 2902 2558 οὗρανόπολις
2955 2482 3227 2560 ἐπειρᾶτο,
3278 2484 3481 2556 ταύτης
3543 2487 3596 2540 αἱ
3627 2507 3848 2561 περιοι-

2178 2569 2324 2632 κίδες
2397 2573 2632 2643 ἅπασαι,
2689 2571 2891 2642 ταῦτης
2947 2574 3085 2627 ἅπαν
3163 2575 3468 2645 Ῥωμαϊκὸν
3540 2575 3847 2649 στρατόπε-

421 2664 536 2734 δον,
568 2663 658 2719 καὶ
686 2660 856 2739 φῦλον
890 2659 1024 2716 ἅπαν
1054 2661 1448 2736 Χριστιανικὸν,
1479 2659 1569 2714 καῖ
1601 2658 1726 2714 ὅσον
1753 2660 1778 2712 ὲ
1807 2660 1934 2734 παρ’
1994 2655 2144 2713 αὐτό·
2176 2660 2239 2714 τὸ
2275 2660 2366 2732 μὲν
2403 2660 2667 2729 ὑπήκοον,
2699 2661 2761 2714 τὸ
2794 2657 2851 2714 δὲ
2881 2661 2926 2714 εἱ
2953 2662 3041 2715 καὶ
3074 2663 3375 2736 παρήκοον,
3403 2665 3487 2726 οἷς
3517 2662 3849 2737 αὐτονόμως

419 2755 613 2824 ἤθελεν
671 2748 842 2828 ἔχειν,
900 2749 1046 2806 ἄλλα
1097 2749 1299 2822 τρόπον
1347 2747 1516 2804 ἄλλον
1570 2749 1839 2803 ὑπακοῦον
1894 2748 1982 2802 καὶ
2013 2749 2166 2816 αὐτὸ,
2199 2749 2278 2809 οἷς
2311 2746 2518 2824 ἤγχετο
2547 2749 2647 2817 τήν
2703 2751 2943 2824 σιαγόνα,
2975 2751 3073 2804 ὅσα
3101 2752 3190 2804 καὶ
3223 2749 3479 2828 χαλινοῖς
3509 2753 3601 2806 καὶ
3630 2759 3847 2826 κημοῖς

418 2848 538 2904 ταῖς
575 2839 887 2917 βασιλικαῖς
913 2838 1278 2913 ἀντιπράξεσι,
1309 2837 1525 2906 καὶτῆς
1557 2835 1788 2892 ἀτάκτου
1819 2843 1987 2915 φορᾶς
2021 2836 2364 2913 εἰργόμενον,
2394 2837 2484 2891 καὶ
2514 2838 2590 2900 ὡς
2631 2840 2745 2892 οἷον
2788 2837 3296 2915 ἀναχαιτιζόμενον,
3346 2847 3448 2910 τῆς
3501 2842 3846 2915 θρασύτητος

420 2928 807 3006 ἀνεσειράζετο.

489 3205 576 3259 46.
610 3203 706 3259 Sic
732 3201 914 3275 igitur
943 3200 1002 3255 in
1035 3199 1704 3272 omnibusimperatoris
1733 3197 2065 3255 sollicitudo

2327 3203 2336 3219 ν
2495 3195 2509 3218 \
2769 3195 2782 3213 ε
2885 3202 2909 3212 α
3051 3196 3066 3214 \
3370 3199 3383 3218 ς
3546 3203 3572 3215 ο-

2251 3216 2354 3267 μς.
2410 3199 2511 3253 Και
2567 3196 2635 3264 ἦν
2697 3197 2783 3250 ἒπι
2842 3216 2968 3250 πασι
3012 3215 3076 3251 το
3137 3195 3421 3272 βασιλικον
3478 3219 3641 3254 τουτο
3699 3221 3846 3273 προ-

419 3294 491 3350 ad
522 3291 722 3348 omnia
764 3293 1078 3360 penetrans
1111 3306 1144 3344 a
1176 3305 1411 3344 summo
1443 3289 1512 3344 ad
1547 3289 1666 3344 ima
1695 3293 1752 3345 et
1782 3289 1840 3342 in
1874 3289 2066 3344 medio

2186 3287 2350 3358 μηθὲς
2405 3286 2604 3351 ἱκανὸν,
2649 3286 2738 3339 καὶ
2771 3281 3026 3354 συνδιῆκε
3053 3292 3168 3348 τοῖς
3201 3285 3374 3359 ὅλοις,
3430 3289 3520 3343 καὶ
3569 3289 3678 3344 ἀπὸ
3725 3295 3844 3345 τῶν

420 3383 606 3439 eﬂ'usa
625 3380 778 3435 sicut
798 3377 996 3434 anima
1018 3377 1236 3449 ubique
1258 3378 1326 3433 ad
1339 3377 1482 3444 fuit;
1516 3377 1660 3432 nihil
1713 3377 1874 3449 parvi
1914 3376 2068 3433 aasti-

2186 3371 2384 3437 ἄνωθεν
2441 3369 2568 3434 ἴως’
2599 3374 2686 3428 καὶ
2745 3373 2892 3428 κάτω
2947 3375 3299 3448 ἱκανούμενον
3337 3419 3350 3444 ,
3431 3378 3687 3452 ἀνεχὲετο
3745 3382 3845 3433 καὶ

424 3468 820 3536 mans,omnia
849 3467 1050 3522 divina
1072 3466 1488 3537 reputabat,ita
1519 3471 1582 3521 ut
1603 3467 1702 3537 qui
1738 3466 1856 3520 haec
1877 3466 2071 3520 omnia

2186 3463 2260 3524 εἷς
2291 3463 2357 3516 τὰ
2401 3462 2611 3535 κύκλῳ,
2666 3463 2756 3518 καὶ
2809 3465 2992 3539 ψυχῆς
3023 3461 3180 3534 δίκην
3236 3470 3358 3527 τοῖς
3385 3470 3483 3520 τοῦ
3516 3468 3714 3529 παντὸς
3746 3467 3845 3544 ἑγ-

422 3558 636 3614 vidcrit
653 3557 1062 3620 imperatorem
1089 3555 1248 3610 nulla
1273 3570 1330 3608 re
1355 3554 1885 3628 cgentem,sibiipsi
1909 3555 2072 3610 suffl-

416 3648 664 3705 cientem
688 3644 1158 3718 pronuntiaverit
1181 3662 1194 3711 ;
1221 3642 1304 3698 illi
1333 3647 1533 3699 autem
1565 3643 1635 3699 ab
1669 3659 1736 3699 eo
1767 3643 1886 3715 regi
1921 3660 2074 3715 Opus

416 3735 715 3792 habebant
735 3750 801 3789 eo
825 3732 1130 3805 regimine,
1155 3732 1310 3802 quod
1340 3730 1811 3803 illegitimitatem
1838 3748 1902 3786 ac
1927 3733 2072 3787 fero-

415 3825 651 3882 ditatem
684 3821 938 3895 expellit,
966 3837 1195 3877 morum
1219 3824 1413 3876 autem
1448 3819 1793 3892 probitatem
1819 3820 2070 3875 inducit.

412 3913 582 3970 Viros
615 3912 941 3984 pracipuos
971 3910 1186 3981 eligere
1217 3911 1411 3974 datur,
1447 3908 1769 3964 mediocres
1801 3908 2069 3980 seligere,

414 4009 549 4076 post
580 4002 686 4056 hos
719 4005 1046 4064 sexcentos,
1079 4000 1433 4069 quibuscum
1480 3998 1578 4052 ille
1627 3997 1954 4052 collocutus
1983 4003 2076 4052 est

414 4090 487 4144 de
522 4089 696 4144 rebus
749 4087 818 4142 ad
874 4087 1051 4140 vitam
1111 4087 1517 4157 quotidianam
1547 4084 1970 4157 spectantibus,
2005 4086 2075 4140 de

415 4175 684 4241 scientia,
718 4175 788 4229 de
848 4173 1078 4231 vivendi
1138 4180 1280 4240 arte,
1321 4163 1392 4230 de
1449 4173 1664 4230 studiis
1721 4174 2074 4232 litterarum.

2182 3551 2515 3627 κατίσπαρτο
2577 3551 2740 3628 μὲρεσ
2768 3573 2804 3622 ι,
2863 3551 2952 3606 καὶ
3014 3550 3384 3629 σμικρολόγον
3445 3554 3588 3630 εἶχεν
3648 3553 3840 3622 οὐδὲν,

2183 3639 2330 3696 ἀλλὰ
2378 3639 2445 3695 τὰ
2481 3639 2653 3695 πάντα
2708 3645 2845 3710 θεῖα,
2893 3640 2982 3696 καὶ
3033 3641 3196 3696 ὁποῖα
3247 3639 3467 3716 βλέπων
3494 3665 3578 3706 τις
3606 3643 3846 3714 ἀνενδεῆ

2189 3727 2410 3805 βασιλέα
2456 3733 2618 3784 τοῦτο
2671 3730 2784 3784 εἶπε
2830 3729 2919 3783 καὶ
2955 3729 3141 3801 μόνον,
3190 3732 3276 3785 καὶ
3313 3732 3488 3804 ἑαυτῷ
3535 3731 3618 3788 ἐπὶ
3663 3741 3840 3788 πᾶσιν

2183 3819 2471 3892 ἀρκοῦντα,
2519 3818 2607 3872 καὶ
2677 3815 2910 3890 μηδενὸς
2962 3823 3069 3873 τῶν
3132 3819 3376 3874 ἁπάντων
3457 3819 3848 3909 ἑπιδεόμενοη

2187 3907 2232 3961 εἰ
2277 3909 2353 3980 μὴ
2407 3907 2488 3962 ὅτι
2547 3927 2609 3981 γε
2669 3907 2743 3968 εἷς
2801 3912 3079 3977 τοσοῦτον,
3142 3907 3218 3969 εἷς
3265 3909 3388 3964 ὅσον
3449 3911 3642 3973 αὐτοὺς
3680 3907 3852 3987 βασιὲ

2185 3994 2454 4062 λεύεσθαι,
2531 3995 2622 4050 καὶ
2686 3995 2749 4050 τὸ
2813 3997 2966 4070 φύσει
3043 3994 3391 4052 δουλευτικὸν
3454 3997 3856 4065 ἐνδείκνυσθαι.

2186 4082 2256 4140 δι’
2316 4083 2378 4139 οῦ
2433 4085 2495 4139 τὸ
2552 4087 2649 4138 τοῦ
2702 4083 2824 4157 βίου
2857 4084 2950 4156 μὲν
2987 4082 3194 4157 ἄνομον
3224 4087 3314 4140 καὶ
3342 4086 3605 4162 θηριῶδες
3639 4092 3865 4166 μακρὰν

2185 4173 2520 4250 ἀφορίζεται,
2577 4174 2638 4227 τὸ
2699 4169 2756 4226 δὲ
2811 4171 3096 4228 πολιτικὸν
3139 4173 3224 4228 καὶ
3273 4170 3511 4248 νόμιμον
3557 4177 3857 4249 εἷσοικίζε-

413 4284 526 4319 ται.
559 4265 739 4318 Ἕστιν
774 4259 1124 4331 ἀναλίξασται
1157 4259 1484 4336 λογαδικοὺς
1516 4258 1734 4333 ἄνδρας,
1757 4258 1901 4316 ἔστιν
1932 4258 2227 4318 ἀπολαϐεῖν
2264 4263 2482 4334 μίσους,
2515 4259 2653 4316 ἔστιν
2689 4263 2798 4322 ἀπα
2819 4263 3188 4336 ριομήσασθαι
3218 4263 3347 4324 τοὺς
3377 4264 3477 4320 ὑπὸ
3506 4265 3722 4330 τούτοις
3757 4292 3868 4341 μοι

420 4351 568 4428 ρίους
602 4350 787 4417 ὅσους,
819 4353 902 4414 οἶς
932 4348 1136 4414 ικεῖνος
1161 4349 1255 4411 τάς
1287 4350 1448 4405 εἰσαεὶ
1481 4347 1706 4422 ὁμιλίας
1735 4347 1966 4423 διίνεμε·
1997 4351 2092 4414 τὰς
2128 4352 2222 4425 μὲν
2255 4349 2620 4425 ἐμπράκτους,
2656 4349 2780 4405 ὅποι
2815 4348 3023 4425 ἐχρῆν,
3055 4348 3165 4406 ἔστι
3199 4349 3256 4406 δὶ
3287 4354 3347 4414 ἃς
3396 4353 3486 4408 καὶ
3533 4353 3586 4409 ἐν
3635 4355 3867 4433 λόγοις,

427 4441 574 4504 ὅσοις
597 4461 656 4498 τε
676 4441 739 4497 τὸ
772 4443 866 4515 ζῇν
894 4437 1224 4513 κληροῦται,
1251 4441 1338 4495 καὶ
1371 4443 1488 4502 τοῖς
1518 4437 1570 4495 ἐν
1596 4440 1934 4517 γράμμασιν,

489 4710 576 4766 47.
610 4709 889 4782 Equidem
940 4711 1049 4766 hoc
1081 4710 1205 4766 loco
1255 4710 1395 4767 solis
1445 4710 1780 4784 exemplum
1813 4711 2071 4768 sermoni

2257 4712 2362 4783 μζ.
2396 4711 2656 4772 Ἐνταῦθα
2686 4704 2744 4761 δὲ
2793 4705 2856 4761 οὐ
2899 4707 3036 4762 πάνυ
3086 4706 3232 4785 φιλῶ
3275 4711 3339 4765 τὸ
3383 4713 3517 4766 κατά
3553 4711 3791 4770 τὸνλιον
3822 4721 3856 4787 ἦ

423 4800 700 4871 adaptare
731 4817 845 4855 non
878 4817 1008 4855 amo
1040 4801 1315 4871 fulgentis
1365 4805 1423 4856 ct
1453 4801 1730 4857 omnibus
1762 4800 2074 4874 splendore

423 4904 530 4943 suo
553 4887 1053 4960 pulchritudinem
1082 4889 1438 4961 peculiarem
1465 4890 1810 4958 emittentis;
1830 4889 2082 4962 sapienti

426 4980 624 5032 autem
658 4977 952 5049 asquiparo
986 4979 1287 5049 magistro,
1321 4982 1492 5048 cujus
1525 4979 1842 5051 disciplina
1892 4979 1949 5033 in
1980 4979 2084 5034 bo-

426 5081 568 5120 num
602 5080 915 5121 commune
965 5069 1286 5136 confertur,
1319 5084 1430 5136 quo
1468 5084 1673 5124 omnes
1705 5069 2000 5138 indigent,
2026 5071 2085 5121 et

424 5155 594 5225 cujus
628 5154 890 5209 officium
954 5154 1273 5227 unicuique
1336 5156 1692 5226 provinciam
1736 5155 2079 5224 attribuere,

423 5241 745 5315 praesertim
778 5248 972 5298 autem
1005 5243 1161 5314 quod
1214 5244 1438 5299 dictum
1487 5243 1812 5317 ascriptum
1847 5243 1964 5300 Deo
1995 5248 2084 5299 est

425 5330 624 5388 omnia
653 5331 933 5387 omnibus
966 5332 1140 5398 facto,
1175 5332 1328 5403 quod
1379 5333 1597 5388 Paulus
1629 5349 1882 5404 magnus
1937 5348 2080 5404 apo-

423 5419 613 5476 stolus
662 5419 948 5475 imitando
998 5420 1304 5491 expressit,
1349 5421 1649 5476 communi
1696 5423 1822 5476 vitaa
1868 5421 2002 5478 usui
2047 5437 2080 5478 e

426 5507 543 5564 Deo
573 5508 672 5580 qui
703 5509 969 5565 omnium
1002 5509 1229 5564 animas
1260 5509 1332 5565 ad
1363 5509 1615 5566 salutem
1649 5511 1832 5566 ducit.

2189 4797 2497 4874 ὑπόδειγμα
2555 4793 2932 4874 προσαρμόσαι
2990 4801 3070 4869 τῷ
3152 4797 3336 4873 λόγῳ,
3390 4797 3680 4874 λάμποντα
3755 4807 3856 4862 καὶ

2193 4895 2354 4943 πᾶσιν
2429 4886 2718 4964 ἐπαφιὲντα
2790 4890 2906 4945 τοῖς
2958 4883 3478 4960 καταλαμπομίνοις
3532 4892 3596 4946 τὸ
3654 4894 3862 4950 ἑαυτοῦ

2192 4976 2382 5032 καλόν
2444 4979 2598 5049 σοφῷ
2651 4971 2708 5028 δὲ
2763 4970 3076 5045 διδασκάλῳ
3125 4973 3294 5031 ἐκεῖνο
3353 4974 3726 5052 παραϐάλλω,
3760 4985 3856 5039 οὗ-

2193 5086 2292 5140 περ
2333 5065 2528 5141 ἀγαθὸν
2579 5062 2709 5118 πᾶσί
2765 5083 2824 5116 τε
2870 5065 3181 5117 κοινοῦσθαι
3237 5065 3301 5120 τὸ
3359 5063 3744 5138 διδασκάλιον,
3793 5073 3856 5128 οὗ

2191 5155 2380 5216 πάντες
2429 5153 2637 5208 δέοιντο
2691 5151 2774 5218 ἂν,
2833 5151 2920 5205 καὶ
2981 5149 3045 5204 αὖ
3091 5151 3280 5226 πάλιν,
3337 5154 3398 5210 οὗ
3455 5158 3662 5234 χρεὼν,
3728 5183 3855 5217 συν-

2191 5242 2490 5319 διασχίζειν
2577 5242 2822 5300 ἱκαστοις
2891 5239 2990 5307 τήν
3073 5238 3359 5314 μέριμναν·
3441 5244 3684 5318 μάλιστα
3752 5252 3849 5323 μὲν

2189 5335 2309 5403 οὖν,
2381 5334 2410 5388 ’ὁ
2485 5331 2573 5386 καὶ
2650 5330 2820 5384 εἰπεῖν
2889 5329 3190 5404 προσετέθη
3267 5330 3403 5405 Θεῷ,
3459 5339 3540 5407 τῷ
3598 5341 3732 5392 πᾶσι
3784 5343 3856 5394 τὰ

2187 5425 2382 5491 πάντα,
2444 5422 2472 5476 ’ὁ
2532 5417 2599 5488 δὴ
2648 5417 2738 5473 καὶ
2788 5416 3008 5478 Παῦλος
3055 5418 3084 5471 ὁ
3132 5418 3296 5495 μέγας
3324 5421 3523 5486 ἐκεῖθεν
3559 5425 3638 5488 εἷς
3675 5428 3850 5501 μὲμη.

2188 5533 2269 5567 σιν
2329 5509 2648 5584 ἀνεμάξατο,
2701 5512 2782 5579 τῷ
2824 5505 2914 5560 καὶ
2955 5510 3142 5580 κοινῇ,
3194 5509 3284 5564 καὶ
3329 5512 3466 5587 πρὸς
3520 5513 3751 5591 μερίδας
3791 5515 3853 5573 δὲ

2189 5600 2345 5677 βίων,
2377 5598 2455 5656 ἔτι
2487 5596 2546 5654 δὶ
2573 5595 2664 5653 καὶ
2690 5595 2825 5672 πρὸς
2874 5593 3054 5670 ψυχὰς
3085 5596 3309 5661 ἑκάστας
3340 5597 3849 5679 διοικονομουμένφ

2182 5689 2244 5746 τὸ
2277 5688 2580 5764 σύμφορον.
