4136 6210
368 336 521 395 1009

1221 339 1622 399 MANUELIS
1667 339 2021 400 COMNENI
2065 341 2463 403 LAUDATIO
2507 343 2922 405 FUNEBRIS.

3622 345 3780 405 1010

438 473 551 538 μη¹.
609 466 709 522 Καὶ
765 465 968 538 ταύτης
1047 466 1104 522 δὲ
1160 475 1260 538 τῆς
1341 467 1628 543 βασιλικῆς
1706 471 1899 544 ἀρετῆς
1952 471 2018 526 τὰ

2204 474 2291 530 48.
2325 474 2517 546 Regia
2551 475 2783 532 virtutis
2815 475 3172 534 mentionem
3203 476 3554 548 peculiarem
3581 477 3770 532 facere

363 557 480 618 καθ’
559 552 782 610 ’ἑκαστον
867 557 922 610 αἱ
1009 557 1314 634 συγγραφαὶ
1398 557 1771 616 λαλείτωσαν.
1829 561 2024 632 Ἡμεῖς

362 644 464 720 γὰρ
537 643 637 698 οὐκ
713 644 790 708 εἰς
865 645 1160 720 ἀπέραντον
1239 647 1511 721 ἐξαγαγεῖν
1585 650 1650 701 τὰ
1706 653 1802 702 τοῦ
1852 645 2023 723 λόγου

365 734 849 806 προτεθυμήμεθα,
913 735 992 796 οἷς
1052 755 1115 809 γε
1171 735 1259 789 καὶ
1318 734 1525 811 βραχέα
1582 733 1770 791 λαλεῖν
1815 733 1938 791 οὔτε
1968 735 2020 791 ἐν

361 821 520 892 καλῷ
587 827 780 896 καιροῦ
843 817 1038 889 κεῖται,
1107 823 1245 879 ὅπου
1291 829 1408 886 τοῖς
1455 826 1874 897 παθαινομὲνοις
1924 826 2023 881 οὐκ

363 911 596 987 εὔπορος
641 914 676 981 ἢ
722 912 884 983 ἀκοή,
935 913 1059 969 ούτε
1106 913 1156 968 ἐν
1195 913 1429 989 εὐχερεῖ,
1484 913 1572 968 διὰ
1618 916 1680 970 τὸ
1738 915 1827 970 καὶ
1878 916 2021 970 οὕτω

359 999 723 1070 πολυπληθὶς
767 1006 876 1057 τῶν
941 1005 1166 1075 μνήμης
1215 1003 1398 1073 ἀξίωνο
1438 1002 1492 1058 ἂν
1526 1007 1610 1064 οἷς
1659 1005 1746 1058 καὶ
1784 1004 1859 1066 ὡς
1891 1004 2019 1078 ἀγα-

361 1094 471 1152 θῶν
535 1090 915 1166 ὐπορῥεόντων
975 1091 1043 1160 ἦν
1092 1094 1399 1161 καινιστὴς,
1461 1092 1677 1166 ἀταξίας
1738 1095 2021 1168 ἁρμοστής

357 1185 634 1251 καιρικῆς,
695 1179 1084 1249 ἐπισκευαστὴς
1139 1185 1246 1236 τῶν
1307 1181 1384 1242 είς
1437 1181 1630 1254 ἀρετήν
1712 1183 2020 1259 ἀφωρισμέ-

359 1289 467 1321 νων
517 1265 920 1336 ἐνδιαιτήσεων,
972 1269 1179 1343 χρόνου
1213 1277 1417 1347 φθορᾶς
1447 1269 1766 1330 ἀντίπαλος.
1815 1273 1876 1326 Ὀ
1921 1270 2015 1343 μὲν

357 1357 460 1430 γὰρ
510 1358 686 1411 πάντα
738 1354 994 1429 δαμάζειν
1055 1357 1286 1426 ἐθέλων,
1343 1359 1475 1433 βαθὺ
1533 1356 1732 1435 ἕχασκε
1780 1361 1914 1414 κατὰ
1960 1380 2018 1413 τε

363 1445 520 1509 θείων
552 1450 716 1500 ναῶν
750 1447 836 1500 καὶ
899 1445 1022 1501 ὅσον
1081 1447 1264 1510 αὐτοῖς
1325 1446 1431 1502 εἷ’τε
1488 1449 1731 1517 σύνναοθ,
1765 1447 1872 1503 εἴτε
1927 1448 2016 1504 καὶ

365 1532 554 1596 ἄλλως
615 1534 1007 1607 οἰκειούμενον,
1070 1535 1097 1590 ὀ
1148 1533 1206 1591 δὶ
1250 1535 1596 1613 αὐτοκράτωρ
1642 1537 1717 1598 είς
1762 1538 1935 1605 κενὸν,
1987 1539 2016 1592 ’ὸ

364 1645 512 1702 φασι,
562 1624 770 1700 χαίνειν
823 1623 982 1679 αὐτὸν
1036 1625 1212 1699 ἀφιεὶς
1261 1624 1632 1695 ἐπεσκεύαζεν,
1685 1626 2012 1694 ἐπεποιεῖτο,

362 1711 602 1788 ἐξήγειρε
625 1713 693 1767 τὰ
721 1714 1203 1780 καταπεπτωκότα,
1239 1713 1355 1769 ἰᾶτο
1384 1715 1451 1770 τὰ
1479 1715 1846 1785 πεπονηκότα,
1879 1716 2014 1770 πάν-

355 1823 423 1903 τα
455 1801 650 1903 ἐποίει,
683 1800 783 1856 ὅσα
809 1807 1054 1903 χζρονικῷ
1074 1802 1377 1859 ἀντιπίπτει
1399 1803 1638 1903 ’στόματι
1672 1804 2014 1880 ἂνοιγομὲνῳ
2049 1839 2091 1903 Β

359 1889 434 1953 είς
468 1890 672 1966 φθορὰν
700 1895 806 1946 τῶν
837 1889 936 1946 ὅσα
969 1893 1045 1963 μὴ
1077 1893 1259 1968 χρεὼν
1291 1891 1616 1970 φθείρεσθαι.

432 2143 540 2212 μθ’.
623 2141 848 2215 Σεισμοί
924 2163 1056 2197 ποτε
1131 2141 1585 2217 ἀναταράττοντες
1662 2144 1728 2198 τὰ
1793 2149 2017 2200 τοιαῦτα

358 2233 447 2287 καὶ
483 2229 845 2306 ἐκμοχλεύειν
903 2225 1141 2307 ἔχοντες,
1194 2233 1282 2286 καὶ
1337 2234 1372 2302 ἠ
1417 2239 1487 2307 γῆ
1541 2231 1668 2294 τοὺς
1725 2231 2016 2305 θεμελίους

362 2321 610 2375 ἀνίπτυε·
686 2319 774 2374 καὶ
853 2322 887 2389 ἡ
957 2319 1214 2395 βασιλική
1295 2321 1422 2395 ’χεὶρ
1496 2321 1680 2376 ἀνίστα
1748 2322 1815 2376 τὰ
1898 2322 2018 2397 ἰερᾶ

363 2411 654 2481 πτώματα.
697 2409 757 2464 Εἰ
804 2405 861 2464 δὶ
916 2410 991 2481 μὴ
1037 2407 1311 2482 Θεμελίοις
1358 2404 1682 2465 ἐπεϐούλευε
1719 2411 1780 2464 τὸ
1827 2410 2014 2484 κακὸν,

365 2496 656 2552 ἀλλάὐτὰ
690 2498 782 2570 μὲν
834 2497 978 2575 ἀφίει
1045 2503 1452 2573 κατευμεγεθεῖν
1506 2503 1602 2553 τοῦ
1661 2495 2016 2574 βλάπτεσθαι,

359 2591 460 2642 τοῦ
519 2584 566 2642 δ’
626 2585 1093 2664 ὑπερφαινομένου
1163 2587 1564 2663 κατεπεχείρει,
1640 2586 1864 2644 ἐνταῦθα
1925 2611 2016 2660 μι-

363 2677 492 2751 κρὸν
568 2672 743 2730 ἐδόκει
818 2679 886 2748 τῇ
960 2674 1216 2750 βασιλικῇ
1283 2673 1670 2751 μεγαλοδωρεᾷ
1725 2678 1787 2731 τὸ
1837 2675 2013 2733 ἐνδέον

363 2763 761 2840 ἀναπληρῶσαι
815 2771 916 2834 τῆς
978 2761 1299 2836 οἳκοδομῆς,
1362 2765 1413 2819 εἷ’
1465 2766 1542 2838 μὴ
1600 2765 1689 2820 καὶ
1744 2765 1812 2821 τὰ
1867 2764 2017 2830 ἐντὸς

360 2852 729 2929 ἀγαθοχυσίας
787 2850 1063 2926 ἰμπλήσιι
1117 2857 1237 2914 τοῖς
1313 2851 1363 2908 ἐν
1425 2852 1766 2927 ἀναθήμασιν
1822 2855 2013 2929 ἱεροῖς.

357 2941 549 3017 Καιροί
596 2963 756 3009 τινες,
806 2942 894 2996 καὶ
947 2941 1159 3018 ἀνήφθη
1210 2946 1339 3015 πῦρ,
1391 2941 1426 3010 ἢ
1471 2941 1798 3016 αὐτόματον,
1849 2942 1885 3011 ἢ
1922 2944 2010 2998 καὶ

357 3029 546 3092 ἄλλως
596 3028 656 3085 ἐκ
699 3032 952 3106 μηχανῆς
1005 3024 1320 3098 ἐπίϐουλον,
1365 3031 1457 3085 καὶ
1501 3031 1570 3085 τὰ
1618 3031 1810 3086 ἑαυτοῦ
1856 3031 2012 3102 ἠναι-

357 3117 604 3188 δεύσατο,
659 3121 798 3192 μήτε
847 3124 956 3174 τῶν
1011 3123 1207 3173 κοινῶν
1251 3117 1572 3196 φειδόμενον
1602 3167 1615 3188 ,
1667 3116 2012 3192 καταϐοσκη-

2134 569 2438 618 auctorum
2463 571 2572 620 est.
2606 566 2780 622 Nobis
2811 568 2966 621 enim
3006 573 3285 637 perpetuo
3318 567 3389 620 de
3415 565 3525 620 hac
3571 581 3631 620 re
3691 565 3778 620 lo-

2131 653 2225 720 qui
2264 669 2377 707 non
2409 658 2498 708 est
2525 657 2911 724 propositum,
2946 656 3164 725 quibus
3189 671 3290 710 nec
3352 654 3602 708 breviter
3651 670 3773 707 ser-

2133 742 2412 795 mocinari
2436 740 2598 798 lubet
2627 743 2698 798 ad
2731 743 3033 800 auditores
3066 761 3180 799 non
3242 743 3413 814 plane
3471 747 3727 798 attentos
3760 766 3775 804 ς

2133 847 2236 885 nec
2271 831 2328 885 in
2365 838 2636 902 promptu
2672 838 2762 888 est
2794 833 2848 886 in
2886 839 3052 888 tanta
3084 849 3277 888 rerum
3304 831 3775 887 memorabilium

2133 920 2528 977 multitudine.
2562 923 2694 977 Fuit
2720 929 2914 978 autem
2949 923 3045 978 ille
3075 931 3264 979 status
3307 921 3541 994 pristini
3602 939 3774 977 reno-

2129 1013 2314 1074 vator,
2359 1011 2519 1080 regni
2579 1011 2793 1065 turbati
2844 1017 3223 1076 restaurator,
3275 1009 3523 1064 luxuriei
3557 1025 3688 1080 qua:
3742 1025 3776 1064 a

2126 1102 2342 1153 virtute
2398 1098 2616 1152 alienat
2671 1100 2972 1164 coercitor,
3026 1098 3308 1170 temporis
3375 1115 3606 1169 parcus.
3665 1097 3774 1161 Qui

2128 1187 2280 1241 enim
2313 1186 2510 1242 omnia
2537 1188 2773 1242 domare
2802 1188 3004 1256 voluit,
3037 1187 3299 1243 ecclesiis
3328 1187 3543 1242 divinis
3575 1186 3774 1241 inhia-

2131 1277 2222 1329 bat
2254 1282 2354 1330 aut
2383 1275 2430 1330 si
2464 1292 2590 1346 quae
2623 1275 2738 1330 alia
2769 1275 3013 1330 aedificia
3046 1276 3212 1330 obvia
3244 1281 3410 1330 erant
3444 1295 3459 1342 ;
3515 1275 3769 1345 impera-

2129 1371 2220 1420 tor
2249 1370 2441 1419 autem
2476 1381 2638 1430 spem
2673 1364 2833 1419 illius
2874 1368 3188 1420 frustratus
3222 1364 3512 1430 excitavit,
3572 1362 3774 1418 ruinas

2128 1453 2497 1518 restauravit,
2541 1453 2777 1508 morbos
2825 1452 3071 1522 curavit,
3135 1453 3334 1508 omnia
3391 1453 3529 1507 fecit
3585 1456 3650 1506 ut
3706 1467 3772 1506 os

2126 1541 2324 1596 szeculi
2380 1543 2534 1612 quod
2593 1546 2806 1596 cuncta
2865 1546 3070 1597 contra
3101 1543 3188 1596 t‘as
3245 1542 3520 1597 devorare
3575 1541 3771 1611 gestit,

2124 1631 2442 1686 clauderet.

2198 2143 2283 2197 49.
2315 2142 2504 2198 Terra:
2536 2143 2724 2196 motus
2748 2139 2886 2196 olim
2917 2140 3565 2213 grassabantur,omnia
3593 2139 3772 2197 eloco

2128 2236 2512 2297 moventes,et
2534 2229 2725 2285 solum
2748 2231 3131 2287 fundamenta
3160 2231 3540 2304 rejecit,regis
3571 2235 3770 2286 autem

2125 2322 2361 2376 dextera
2392 2337 2518 2390 quas
2549 2318 2715 2392 lapsa
2744 2325 2908 2374 erant
2939 2320 3160 2391 templa
3180 2318 3610 2375 restauravit.Si
3638 2319 3766 2373 l'un-

2126 2409 2418 2464 damentis
2441 2408 2660 2464 malum
2680 2425 2792 2463 non
2815 2408 3084 2464 incubuit
3104 2414 3160 2464 et
3180 2409 3377 2464 omnia
3399 2408 3774 2464 restauratio-

2127 2515 2258 2554 nem
2291 2498 2726 2570 exspectabant,
2786 2497 3103 2567 imperator
3158 2496 3310 2552 inlra
3355 2496 3769 2553 liberalitatem

2126 2589 2291 2644 duxit
2319 2606 2487 2644 suam
2519 2587 2748 2643 aediﬁcii
2777 2589 2994 2643 damna
3034 2604 3357 2660 reparasse,
3417 2587 3532 2643 nisi
3581 2585 3765 2644 sacris

2125 2677 2522 2733 oblationibus
2556 2679 2714 2732 intus
2746 2693 2976 2748 quoque
3000 2677 3307 2732 thesauros
3339 2693 3478 2732 suos
3508 2675 3772 2748 aperuis-

2125 2771 2232 2821 set.
2263 2766 2521 2829 Quodam
2545 2770 2808 2837 tempore
2838 2765 2988 2836 ignis
3019 2771 3122 2820 aut
3151 2771 3358 2837 sponte
3387 2768 3490 2821 aut
3537 2764 3766 2820 malitia

2124 2871 2428 2921 accensus,
2489 2854 2945 2910 destructionem
2986 2854 3191 2909 afferre
3249 2853 3482 2924 sategit,
3535 2851 3768 2907 aedilicii

2126 2942 2339 2998 molem
2367 2959 2743 3008 consumens,
2777 2946 2833 2996 et
2869 2941 3120 3014 plurima
3151 2941 3473 3012 depascens
3506 2939 3772 2996 multitu-

2125 3031 2245 3085 dini
2278 3031 2562 3086 inacessa.
2598 3030 2706 3086 Sed
2741 3035 2865 3084 tum
2925 3047 3154 3102 quoque
3200 3045 3342 3085 cura
3399 3028 3771 3100 imperatoris

2123 3120 2539 3174 canonicorum
2600 3117 3060 3174 sollicitudinem
3123 3117 3440 3190 praecessit,
3501 3120 3558 3173 et
3613 3117 3768 3188 quod

356 3209 444 3264 θὶν
467 3205 630 3263 δὲκαὶ
665 3207 870 3275 πολλὰ,
904 3209 977 3262 ὧν
1004 3207 1070 3276 ἦν
1089 3209 1152 3263 τὸ
1182 3205 1419 3270 πολλοῖς
1452 3202 1672 3264 ἄϐατον.
1708 3210 1809 3265 Καὶ
1842 3209 2008 3265 πάλιν

2127 3213 2536 3279 consumptum
2573 3207 2762 3262 fuerat
2817 3206 3128 3278 templum,
3188 3205 3601 3261 resediﬁcatum
3657 3211 3767 3261 est.

354 3297 627 3362 κάνταῦθα
689 3297 751 3351 τὸ
800 3294 1081 3371 βασιλικὸν
1128 3298 1413 3369 προμηθὲς
1471 3297 1853 3372 ἀντεπεξῄγετο
1898 3303 2016 3360 τοῖς

357 3390 685 3453 κανονικοῖς,
734 3391 824 3439 καὶ
874 3385 938 3440 τὸ
971 3383 1206 3440 ἀπελθὸν
1233 3385 1403 3440 καλὸν
1452 3387 1863 3442 ἀποκαθίπατο.
1914 3387 2012 3441 Καὶ

356 3476 461 3531 οὐκ
510 3474 570 3530 ἃν
630 3471 752 3550 ἔχοι
810 3495 893 3536 τις
953 3473 1121 3528 εἰπεῖν
1193 3475 1358 3528 κακὸν
1435 3473 1576 3529 οὕτω
1638 3476 2015 3551 φιΑονεικηθὲν

356 3564 806 3642 ἑκκορυφωθῆναι
867 3562 946 3626 είς
1005 3565 1311 3636 μήκιστον,
1378 3563 1407 3618 ’ὀ
1468 3564 1544 3636 μὴ
1611 3561 1754 3638 ταχὺ
1812 3561 2013 3641 ὲξηφά-

352 3674 525 3708 νιστο.

427 3883 490 3939 ν’.
541 3882 646 3938 Καὶ
704 3880 765 3936 οὐ
845 3882 1233 3960 περιεγράφετο
1313 3880 1364 3936 ἰν
1442 3881 1628 3956 μόνοις
1697 3885 1834 3956 ἡμῖν
1887 3881 2013 3938 οὐδὲ

350 3970 508 4026 ταυτὶ
553 3971 620 4025 τὰ
671 3971 884 4046 ἀγαθά·
928 3972 996 4026 τὰ
1036 3969 1211 4027 πλείω
1267 3967 1324 4026 δὲ
1372 3971 1424 4025 cl.
1471 3978 1572 4041 τῆς
1626 3970 1764 4045 ἐῴας
1805 3972 2014 4044 λήξεως

353 4059 735 4133 ικληροῦντο,
796 4061 883 4115 καὶ
933 4060 997 4114 τὸ
1070 4058 1393 4135 Εὐρωπαῖον
1441 4057 1671 4132 πλάτος,
1720 4062 1807 4116 καί
1855 4069 2010 4132 νῆσοι

351 4148 785 4225 ἐγκαινιζόμεναι
834 4149 920 4204 καὶ
975 4148 1118 4204 οὕτω
1166 4153 1545 4227 προφητικῶς,
1585 4151 1667 4212 οἷς
1714 4149 1772 4205 ἐκ
1820 4159 2010 4221 καινῆς

346 4238 414 4292 τὸ
460 4236 833 4312 ἀποιχόμενον
885 4235 936 4291 ἐν
985 4237 1154 4310 ἱεροῖς
1195 4236 1405 4300 κάλλος
1453 4237 1859 4311 ἀνεκομίζοντο.
1912 4239 2011 4294 Καὶ

348 4326 378 4380 ὂ
433 4324 663 4380 ἐνταῦθα
732 4325 1055 4399 κενούμενος
1129 4325 1368 4388 πλοῦτος
1443 4323 1612 4396 δόξειε
1680 4329 1776 4400 μὲν
1832 4326 1892 4382 ἂν
1953 4327 2013 4384 ἐκ

352 4415 556 4488 μέρους
629 4413 956 4490 ἐστοχάσθαι
1022 4418 1119 4469 τοῦ
1187 4413 1509 4492 εὐεργετεῖν,
1593 4417 1675 4478 οἷς
1733 4415 2012 4493 ἐκερματί-

349 4509 492 4573 ζετο·
556 4503 619 4558 τὸ
685 4501 902 4574 πλῆθος
975 4501 1032 4559 δέ
1097 4525 1182 4567 τις
1231 4502 1527 4578 καταλέξας
1580 4509 1688 4560 τῶν
1748 4504 2009 4578 ἰπιποιη-

343 4592 547 4664 Θὲντων
592 4592 685 4648 καὶ
735 4591 994 4666 σεμνείων
1041 4594 1130 4648 καὶ
1185 4591 1343 4648 θείων
1388 4597 1544 4665 ναῶν,
1603 4591 1741 4650 πάνυ
1791 4593 2006 4659 πολλὰς
2037 4578 2085 4643 Ῑ)

343 4680 619 4752 ὀλότητας
686 4681 778 4736 καὶ
853 4681 1107 4758 μεγίστας
1178 4679 1421 4753 δαπάνης
1477 4680 1872 4762 ἐκκορυφώσειε
1927 4690 2008 4759 τῷ

342 4768 632 4847 ἁδροτάτῳ
671 4777 774 4842 τῆς
823 4770 1116 4848 ἰκχύσεως.
1176 4772 1282 4828 Καὶ
1332 4772 1384 4827 οἱ
1438 4773 1536 4846 μὶν
1567 4775 1854 4851 φθάσαντες
1899 4778 2008 4830 τῶν

345 4859 405 4916 ἰν
455 4861 592 4932 ἡμῖν
640 4858 1058 4937 αὐτοκρατόρων
1132 4858 1258 4934 μίαν
1293 4857 1584 4932 δήπουθεν,
1645 4861 1679 4932 ἢ
1735 4862 1828 4917 καὶ
1885 4860 2008 4918 δευ-

342 4947 506 5025 τέραν
572 4947 850 5018 καλλονὴν
932 4948 1074 5014 θείαν
1153 4948 1293 5028 φωτὶ
1370 4947 1653 5022 δείξαντες,
1729 4953 2007 5022 νεοτήσιον

347 5038 548 5110 σεμνὸν
587 5039 678 5093 καὶ
739 5037 875 5115 μίγα
924 5060 976 5094 τι
1010 5045 1238 5108 ποιῆσαι
1287 5037 1583 5114 κίκρινται,
1639 5040 1730 5095 καὶ
1785 5038 2010 5112 ἀληθῶς

345 5127 754 5199 πεποιήκασινο
833 5129 862 5183 ὁ
939 5125 997 5182 δὲ
1074 5126 1508 5202 συννοησάμενος
1575 5134 1818 5205 κρεῖττον
1879 5130 2012 5185 εἶναι

348 5211 584 5294 φυλάξαι
644 5215 706 5270 τὸ
738 5217 871 5271 εἶναι
925 5221 1043 5279 τοῖς
1075 5214 1193 5270 οὖσι
1255 5216 1374 5289 μὲν,
1433 5214 1684 5274 κίνδυνον
1717 5216 1774 5273 δὲ
1808 5219 2013 5293 ὑπομέ-

348 5325 535 5358 νουσιν
570 5303 805 5376 ἀπιέναι,
851 5307 990 5382 πρὸς
1043 5309 1122 5378 τῷ
1151 5301 1298 5381 ἔργῳ
1354 5306 1532 5378 τούτῳ
1593 5307 1709 5382 εἶχε
1764 5308 1828 5362 τὸ
1882 5314 2013 5376 πᾶν,

355 5392 831 5471 φιλοτιμούμενος
866 5392 1036 5469 μηδὲν
1090 5415 1144 5448 τι
1198 5399 1305 5450 τῶν
1362 5395 1524 5468 ἱερῶν
1582 5393 1757 5471 ἔργων
1815 5398 2014 5472 ἀπογε-

355 5482 558 5556 νέσθαι,
639 5481 786 5539 ἀλλὰ
857 5485 920 5540 τὸ
976 5481 1148 5539 πάλαι
1194 5484 1520 5560 κτητορικὸν
1589 5485 1775 5547 αὐτοῖς
1826 5485 2014 5542 ἐναπο-

364 5575 544 5645 μεῖναι
596 5572 762 5649 μέχρι
809 5573 1002 5637 τέλους
1062 5572 1364 5653 ἐκφώνημα
1429 5573 1564 5649 πρὸς
1627 5576 1848 5648 μνήμην
1901 5581 2019 5640 τοῖς

361 5657 721 5738 ἁνεγείρασιν.
752 5659 1162 5733 Ἐπηκολούθει
1215 5658 1273 5717 δι
1319 5657 1422 5736 ἄρα
1474 5665 1554 5733 τῷ
1598 5660 1815 5738 βασιλεῖ
1861 5663 2018 5719 αὐτο-

2122 3303 2239 3353 Nec
2270 3298 2452 3369 aliud,
2484 3300 2554 3352 de
2584 3313 2697 3368 quo
2729 3298 3119 3353 construendo
3168 3301 3251 3351 tot
3302 3295 3559 3350 simulati
3608 3299 3769 3362 sunt,

2125 3391 2187 3441 ut
2213 3387 2452 3460 longum
2485 3387 2742 3451 duraret,
2774 3389 2894 3441 tam
2929 3389 3195 3456 prompte
3223 3383 3463 3440 interiit.

2189 3888 2280 3943 50.
2304 3887 2419 3943 Nec
2447 3885 2520 3942 ad
2555 3901 2660 3940 nos
2691 3883 2848 3940 solos
2903 3882 3026 3938 hac
3054 3881 3363 3938 commoda
3381 3879 3760 3953 spectabant;

2121 3975 2400 4049 pleraque
2430 3974 2587 4031 enim
2641 3972 2929 4046 regiones.
2973 3969 3225 4027 Orientis
3266 3969 3481 4026 sortita:
3510 3972 3668 4035 sunt,
3707 3973 3766 4024 et

2119 4065 2424 4121 continens
2453 4065 2684 4133 Europa
2713 4067 2772 4118 et
2801 4060 3005 4117 insulae
3066 4057 3402 4132 prophetica
3454 4061 3763 4122 renovatis,

2121 4155 2191 4210 ad
2226 4171 2372 4225 quas
2403 4154 2596 4208 denuo
2631 4150 2853 4208 cultum
2887 4149 3150 4205 divinum
3176 4147 3473 4204 labantem
3522 4147 3768 4202 reduxe-

2122 4248 2278 4298 runt.
2312 4243 2415 4298 Hic
2435 4241 2645 4296 divitiae
2677 4241 3001 4311 absumptae
3033 4254 3101 4292 ex
3133 4242 3295 4309 parte
3327 4237 3400 4293 ab
3426 4236 3498 4292 iis
3532 4236 3632 4308 qui
3664 4250 3763 4290 eas

2121 4332 2308 4387 sortiti
2342 4329 2669 4394 fuerant,ad
2692 4329 2901 4399 stipem
2923 4330 3274 4398 erogandam
3307 4325 3585 4380 adhibitae
3603 4327 3764 4380 sunt.

2121 4419 2494 4475 Multitudine
2525 4434 2656 4473 vero
2684 4421 3025 4472 enumerata
3046 4413 3558 4478 monasteriorum,
3583 4409 3766 4466 eccle-

2120 4509 2460 4581 siarumque
2485 4523 2754 4563 summas
2775 4503 3024 4577 pecunia
3041 4503 3329 4559 maximas
3356 4501 3489 4573 quis
3511 4498 3768 4572 largitio-

2119 4599 2210 4655 nis
2236 4598 2363 4654 loco
2389 4598 2660 4670 profusas
2704 4592 3215 4650 inveniel.Priores
3271 4590 3541 4662 equidem
3573 4589 3766 4660 impe-

2117 4692 2336 4743 ratores
2369 4684 2550 4741 nostri
2581 4700 2761 4740 unam
2821 4686 2924 4737 aut
2969 4679 3211 4735 alteram
3267 4676 3765 4750 pulchritudinem

2117 4777 2178 4833 in
2209 4776 2398 4832 lucem
2430 4774 2668 4830 edentes
2691 4788 2813 4827 rem
2864 4769 3144 4842 grandem
3199 4767 3408 4823 fecisse
3467 4765 3759 4836 videntur,

2117 4870 2172 4920 et
2201 4863 2393 4936 reipsa
2422 4863 2704 4918 fecerunt.
2739 4859 2844 4923 Qui
2876 4875 3007 4914 vero
3038 4855 3426 4912 consideravit
3455 4854 3610 4927 quod
3643 4869 3764 4910 me-

2118 4953 2233 5009 lius
2246 4957 2401 5009 esset
2413 4951 2557 5006 cond
2570 4949 2806 5005 itionem
2829 4961 3094 5003 servasse
3109 4943 3424 5000 exsistendi
3438 4943 3511 4998 iis
3526 4942 3765 5015 quidem

2121 5042 2222 5114 qui
2252 5044 2410 5108 sunt,
2444 5057 2476 5094 a
2507 5036 2929 5110 superstitibus
2952 5049 3085 5089 vero
3115 5032 3440 5104 periculum
3492 5029 3764 5103 ejecisse;

2121 5138 2178 5188 et
2208 5135 2412 5203 praeter
2441 5145 2588 5201 Opus
2623 5127 2768 5182 illud
2802 5126 3138 5181 universum
3173 5139 3300 5178 esse
3323 5121 3551 5178 habuit.
3604 5117 3764 5175 omni

2122 5239 2230 5293 ope
2261 5235 2516 5291 curaque
2545 5217 2800 5283 enitens,
2842 5219 2905 5270 ut
2932 5211 3080 5268 nihil
3132 5212 3203 5267 de
3254 5211 3436 5267 sacris
3492 5208 3771 5281 operibus

2123 5308 2414 5375 deficeret,
2449 5307 2548 5362 sed
2573 5304 2726 5376 quod
2763 5301 3092 5372 antiquitus
3123 5299 3428 5355 Dominica
3487 5314 3578 5353 res
3647 5298 3773 5351 erat

2124 5398 2270 5470 ipsis
2297 5399 2622 5452 remaneret
2637 5409 2822 5464 usque
2837 5391 2907 5446 ad
2933 5389 3204 5455 linem,ad
3215 5387 3603 5444 hortationem
3627 5383 3771 5440 illud

2125 5485 2348 5541 habens
2379 5485 2447 5538 ad
2484 5480 2822 5538 memoriam
2845 5477 2965 5532 illis
2983 5475 3080 5548 qui
3099 5476 3442 5532 memoriam
3461 5475 3768 5532 suscitant.

2128 5574 2268 5647 Regi
2298 5573 2504 5630 exinde
2533 5572 2686 5628 hanc
2726 5567 3050 5642 praesertim
3099 5565 3472 5623 haereditasse
3519 5563 3770 5638 gratiam

2128 5679 2231 5736 pro
2253 5678 2314 5718 re
2345 5660 2843 5719 natainhaerehat.
2878 5659 2942 5712 Et
2981 5653 3158 5728 priori
3216 5654 3454 5728 quidem
3503 5655 3600 5730 qui
3630 5669 3772 5728 pos-
