4094 6214
499 326 649 387 1011

1269 324 1691 387 EUSTHATll
1737 324 2379 388 THESSALONICEN
2391 326 2510 388 SlS
2554 325 3139 389 METROPOLITIE

3697 329 3818 388 1012

500 459 652 513 sedit
682 457 1089 514 codicillorum
1136 455 1563 512 memorialium
1619 456 1858 513 nomina
1898 463 1955 513 et
2012 457 2150 513 titu-

2269 462 2416 536 φυῶς
2475 456 2709 512 ἐντεῦθεν
2745 499 2759 525 ,
2838 455 3204 529 κληρονομεῖν
3276 452 3423 509 αύτὸν
3500 451 3706 528 μάλιστα
3747 464 3821 526 τῆς

498 547 588 603 los
617 551 676 603 et
707 563 833 618 qua:
865 548 936 602 ad
968 547 1136 602 illum
1177 545 1569 618 pertinebant,
1605 551 1838 617 tempus
1896 547 2109 604 delevit
2137 565 2149 616 ;

501 637 800 692 secundus
853 652 986 691 vero
1046 641 1305 708 tempore
1363 634 1603 692 veniens
1674 652 1791 703 rex,
1852 635 1998 691 illud
2057 639 2153 692 de-

505 741 624 779 nuo
655 726 727 780 ad
759 724 1103 781 memoriam
1127 724 1449 794 inscripsit,
1477 724 1746 795 priorem,
1780 731 1837 781 et
1867 743 1929 781 se
1956 726 2154 796 ipsum

507 811 830 884 inscripsit,
862 813 1002 883 quia
1050 829 1164 867 non
1210 817 1299 867 est
1350 828 1454 866 cur
1505 811 1682 867 lateat
1737 830 1938 869 recens
1997 814 2153 885 quod

498 903 776 972 juventus
809 901 1068 972 fuerit,et
1088 900 1422 958 celebritaie
1438 906 1838 959 antecessores
1871 903 2072 958 vicerit
2100 908 2157 958 et

507 989 802 1044 memoriae
847 991 1167 1046 secundam
1244 990 1423 1046 fuerit
1507 989 1756 1061 gloriam
1824 999 2155 1060 assecutus,

507 1078 605 1132 ubi
622 1078 932 1149 antiquum
965 1096 1080 1135 non
1103 1080 1441 1136 ﬁrmitatem
1465 1077 1937 1153 habuit,quando
1955 1081 2158 1152 junior

503 1167 770 1224 nondum
803 1173 978 1225 natus
1010 1174 1155 1225 erat.

579 1551 919 1616 51.Quando
949 1568 1081 1608 vero
1115 1551 1282 1608 bonis
1315 1553 1694 1623 absumptum
1723 1550 2155 1606 imitationibus

513 1645 570 1695 et
599 1642 668 1695 ad
699 1642 1142 1713 perpetuitatem
1175 1643 1529 1708 tendentem,
1577 1641 1897 1713 perfectum
1951 1641 2157 1694 exinde

516 1729 819 1799 oportebat
859 1731 1269 1802 complementi
1302 1733 1359 1786 in
1399 1731 1620 1786 talibus
1640 1747 1767 1786 esse
1789 1730 2154 1801 participem,

518 1833 634 1871 non
656 1817 926 1873 sufficere
955 1818 1204 1873 aestimat
1230 1819 1403 1875 talem
1435 1820 1579 1875 actis
1623 1819 2003 1882 additionem,
2054 1817 2152 1871 sed
2193 1840 2240 1904 Β

519 1922 666 1976 opus
698 1905 951 1978 eomplet
981 1907 1462 1977 divinum,necad
1482 1907 1767 1963 vanumin
1783 1911 2160 1978 conspectum

519 1993 795 2048 veniendi
828 2011 1087 2050 amorem
1121 2001 1179 2051 et
1230 2001 1596 2067 arrogantem
1656 2001 1944 2051 tumorem
2005 1994 2160 2066 quod

519 2081 833 2138 mirabitur
863 2085 960 2156 qui
988 2086 1282 2140 ferocitate
1314 2090 1510 2141 motus
1541 2085 1773 2154 cOgitat;
1805 2089 1860 2139 et
1891 2085 2010 2139 viro
2025 2082 2161 2138 soli-

517 2173 726 2229 tariam
755 2174 934 2230 vitam
969 2176 1593 2248 fastidiendiplacendi
1654 2177 1959 2231 studiosus
2008 2177 2165 2245 (cum

517 2263 740 2318 talibus
767 2264 924 2320 enim
949 2265 1061 2320 sibi
1094 2266 1514 2338 complacebat,
1549 2265 1739 2338 magis
1770 2282 1945 2337 quam
1977 2264 2164 2334 quivis

519 2350 692 2420 alius)
761 2353 1185 2408 monasterium
1273 2356 1579 2419 construit,
1657 2355 1826 2424 cujus
1898 2369 2166 2409 secessus

518 2440 752 2510 quidem
784 2440 841 2496 in
875 2443 1103 2498 deserto
1135 2443 1454 2499 solitariam
1502 2444 1732 2508 cellam,
1793 2443 2166 2515 pulchritudo

523 2545 657 2584 vero
689 2529 936 2585 adornat
967 2533 1257 2588 sermonis
1291 2532 1524 2605 fulgens
1553 2534 1831 2605 elogium.
1866 2532 2178 2592 Guberna-A

524 2617 704 2673 tionis
734 2617 794 2673 in
826 2635 892 2675 eo
952 2637 1160 2676 norma
1206 2621 1370 2676 valde
1417 2622 1830 2678 convenienter
1880 2622 2172 2675 diceretur

529 2705 755 2776 angelis
785 2707 982 2780 digna.
1042 2709 1197 2763 Viris
1246 2727 1402 2765 nunc
1451 2710 1706 2782 repletur
1753 2710 1977 2781 optima
2035 2711 2172 2763 nota

531 2794 802 2866 signatis,
858 2799 975 2852 fere
1023 2799 1246 2869 absque
1310 2815 1549 2869 corpore
1631 2798 1984 2865 viventibus,
2071 2795 2172 2867 qui

535 2880 685 2938 lucis
738 2885 1014 2956 angelum
1064 2903 1242 2957 prope
1263 2903 1326 2942 se
1373 2887 1587 2942 habere
1645 2892 1702 2942 et
1756 2887 2071 2942 traduntur
2119 2889 2176 2940 et

535 2971 942 3037 creduntur,et
971 2973 1082 3044 ipsi
1115 2974 1328 3041 sciunt,
1353 2978 1412 3030 et
1441 2974 1778 3046 divulgatur
1807 2973 2175 3028 sermoillius

538 3060 758 3127 creber,
792 3064 932 3132 quia
961 3062 1330 3120 vehementer
1345 3063 1698 3120 desideravit
1729 3068 1965 3120 sanctos
1988 3063 2175 3134 ipsius

536 3147 638 3204 hos
666 3149 822 3206 viros
854 3167 1058 3207 omnes
1088 3151 1266 3208 simili
1301 3153 1522 3208 ratione
1570 3153 1825 3208 viventes
1870 3167 2169 3223 superare.

2261 543 2478 616 τοιᾷσδε
2533 544 2814 616 κλήσεως.
2876 543 2976 598 Καὶ
3029 548 3108 616 τῷ
3169 544 3261 616 μὲν
3316 543 3504 617 πρώτῳ
3556 547 3820 618 κτησαμένῳ

2263 633 2370 706 ἤδη
2432 633 2735 712 ἑπαλείφων
2795 636 2860 704 ἦν
2917 634 2944 688 ὁ
2988 633 3189 708 χρόνος
3232 630 3462 706 τοῦνομα
3485 639 3573 702 τῆς
3606 655 3818 707 μνημονι-

2263 732 2363 794 κῆς
2397 723 2621 795 δέλπου,
2675 723 2740 780 τά
2787 745 2849 798 γε
2880 723 2955 785 εἷς
2996 721 3154 777 αὐτὸν
3197 721 3406 791 ἥκονταο
3440 723 3466 776 ὁ
3519 719 3571 775 δὲ
3623 720 3821 796 βασιλεὺς

2265 815 2513 892 δεύτερος
2570 817 2721 886 ἥκων
2770 821 2849 889 τῷ
2902 815 3110 891 χρόνῳ,
3139 813 3334 869 ἐκεῖνόν
3366 835 3420 868 τε
3447 814 3581 877 αὖθις
3609 813 3672 876 εἰς
3721 815 3821 887 μνή-

2268 929 2375 979 μην
2411 906 2661 985 ἐνέγραιρε
2690 909 2790 976 τήν
2839 903 3129 981 προτέραν,
3178 903 3267 959 καὶ
3323 903 3499 958 ἑαυτὸν
3542 901 3824 978 προσενέγριτ

2265 1016 2379 1073 φεψ
2415 997 2497 1050 ὅτι
2533 993 2673 1068 μηδὲ
2702 993 2811 1050 ἐστι
2843 994 2905 1048 τὸ
2929 992 3112 1062 νεάζον
3145 990 3348 1063 λαθεῖν,
3377 991 3461 1045 καὶ
3488 987 3821 1066 παρευδοκιμη-

2267 1089 2534 1156 θῆναιτῷ
2565 1085 2847 1162 φθάσαντι,
2887 1082 2977 1138 καὶ
3029 1082 3091 1136 τὸ
3138 1088 3238 1151 τῆς
3292 1077 3616 1154 μνημοσύνης
3658 1077 3827 1151 ἀπενέγ-

2264 1176 2454 1230 κασθαι
2486 1172 2805 1249 δευτερεῖον,
2838 1168 2956 1228 ἔνθα
2985 1172 3047 1227 τὸ
3078 1168 3309 1226 παλαιὸν
3338 1169 3434 1224 οὐκ
3461 1167 3516 1222 ἃν
3556 1167 3826 1236 συνεστήκοι,

2269 1265 2346 1338 μὴ
2375 1267 2472 1319 τοῦ
2503 1268 2781 1332 νεαζοντος
2815 1259 3218 1337 ἐπιγεγονότας.

2336 1554 2433 1606 va’.
2483 1549 2633 1603 Ἐπεὶ
2683 1546 2738 1603 δὲ
2786 1549 2877 1602 τὸν
2928 1546 3158 1621 ἀγαθαῖς
3212 1547 3491 1620 μιμήσεσιν
3521 1542 3837 1619 ἐντηκόμενον,

2264 1639 2351 1692 καὶ
2401 1637 2475 1699 εἰς
2529 1638 2590 1691 τὸ
2636 1637 2716 1691 ἀεὶ
2761 1631 3148 1712 προϐαίνοντα,
3190 1635 3398 1692 τέλειον
3437 1635 3590 1712 ἐχρῆν
3629 1635 3836 1696 κάνταῦθα

2263 1733 2362 1795 τῆς
2411 1724 2462 1779 ἐν
2501 1726 2774 1786 τοιούτοις
2822 1725 2909 1779 καὶ
2945 1724 3106 1779 αὐτὸν
3161 1723 3426 1795 ὁλότητος
3475 1723 3596 1778 εἶναι
3625 1722 3831 1797 μέτοχον,

2273 1816 2369 1871 οὐκ
2429 1815 2624 1890 ἀρκοῦν
2675 1819 2888 1891 ἡγεῖται
2926 1816 3025 1883 τήν
3071 1813 3329 1885 τοιαύτην
3387 1812 3689 1882 ἐπιποὶησιν,
3731 1808 3838 1866 ἀλλὰ

2273 1905 2580 1979 ὁλοκληροῖ
2606 1905 2695 1960 καὶ
2727 1905 2887 1960 αὐτὸς
2943 1910 3086 1968 θεῖον
3136 1901 3314 1979 ἔργον,
3363 1904 3447 1959 καὶ
3494 1902 3613 1958 αὐτὸ
3655 1902 3705 1955 ού
3737 1901 3838 1974 πρὸς

2271 1996 2421 2049 κενὸν
2474 1995 2846 2071 φανητιασμὸν
2892 1993 2980 2048 καὶ
3027 1989 3261 2069 σοϐαρὸν
3305 1989 3545 2067 ὅγκωμα,
3599 1991 3662 2052 ὡς
3710 1988 3754 2043 ἃν
3800 1985 3840 2041 δὲ

2271 2085 2590 2158 θαυμάσειεν
2652 2087 2679 2140 ὁ
2749 2085 2960 2164 ιρρονῶν
3013 2085 3088 2148 εἷς
3145 2084 3546 2163 στρυφνότητασ
3599 2082 3675 2136 καὶ
3719 2100 3840 2155 χαρι-

2273 2177 2503 2246 σάμενος
2590 2171 2742 2248 ἀνδρὶ
2833 2171 3067 2246 μονάδος
3147 2175 3273 2249 βίου
3348 2172 3640 2245 κατακόρως
3704 2168 3841 2243 ἔχοντι

2268 2259 2482 2339 (ἔχαιρε
2532 2263 2632 2337 γὰρ
2679 2267 2796 2323 τοῖς
2845 2261 3139 2332 τοιούτοις,
3172 2260 3324 2337 εἷ’περ
3370 2261 3473 2316 τινὶ
3517 2264 3613 2313 τῶν
3659 2258 3842 2330 ἑτέρων),

2274 2351 2461 2420 ἀνιστᾷ
2539 2353 2976 2428 φροντιστήριον,
3050 2349 3110 2404 οὗ
3189 2351 3254 2406 τὸ
3335 2350 3429 2423 μὶν
3501 2343 3844 2422 ἀνακεχωρηκὸς

2275 2438 2484 2514 ἐρήμου
2525 2439 2744 2511 τμῆμα,
2801 2440 2863 2494 τὸ
2920 2438 2976 2494 δὲ
3030 2439 3243 2500 κάλλος
3301 2439 3564 2515 ἐξαρτύσοι
3617 2435 3668 2489 ἃν
3713 2433 3844 2506 λόγου

2277 2526 2534 2602 λαμπρὰν
2567 2531 2888 2602 πανήγυριν.
2951 2530 3015 2585 Ἡ
3074 2527 3131 2582 δὲ
3185 2532 3287 2597 τῆς
3347 2528 3398 2583 ἐν
3456 2527 3588 2597 αὐτῷ
3627 2522 3844 2579 πολιτείας

2279 2617 2512 2690 διάταξις
2575 2619 2877 2674 οἰκειότατα
2909 2619 3132 2694 λεχθείη
3193 2617 3256 2673 ἂν
3316 2618 3560 2694 ἀγγὶλοις
3610 2613 3843 2690 πρέπουσα.

2281 2714 2380 2768 Καὶ
2447 2716 2535 2765 νῦν
2595 2711 2872 2782 πέπληθεν
2927 2709 3135 2786 ἀνδρῶν
3198 2711 3370 2767 ἐκεῖνο
3426 2708 3731 2780 ἀσκουμὲνων
3778 2722 3844 2780 φε-

2282 2799 2548 2875 ρωνύμως
2619 2801 2688 2871 τῇ
2753 2798 3056 2870 ἐηικλήσει,
3115 2800 3206 2854 καὶ
3265 2800 3330 2854 τὸ
3390 2801 3578 2872 μικροῦ
3625 2795 3848 2863 ἀσώματον

2287 2890 2622 2965 βιαζομένων
2695 2891 2775 2952 οἷς
2848 2889 3080 2964 ἄγγελον
3137 2891 3320 2967 φωτὸς
3377 2888 3663 2967 ἐφίστασθαι
3711 2880 3848 2939 αὐτοῖς

2281 2979 2371 3034 καὶ
2431 2979 2794 3049 ὀνομάζονται
2851 2980 2940 3033 καὶ
2993 2976 3361 3046 πιστεύονται,
3401 2976 3488 3032 καὶ
3541 2974 3675 3030 αὐτοὶ
3701 2967 3848 3034 οἳδασι,

2283 3069 2372 3124 καὶ
2404 3066 2710 3142 περιᾳδεται
2767 3067 2928 3144 λόγος
2961 3068 3166 3123 ἐκείνου
3223 3069 3485 3141 ὑμνητὸς,
3539 3066 3608 3126 ὡς
3654 3063 3721 3117 ὃτι
3766 3058 3850 3113 ἐπι·

2287 3158 2455 3232 θυμίᾳ
2513 3157 2822 3232 ἐπεθύμησε
2883 3158 3009 3219 τοὺς
3075 3158 3269 3212 ἐαυτοῦ
3322 3157 3498 3228 ἱεροὺς
3547 3152 3740 3211 τούτους
3785 3146 3849 3200 ἂν·

527 3236 594 3292 Ει
647 3238 1003 3296 desiderium
1057 3242 1323 3297 eﬂ'ectum
1384 3242 1610 3297 habuit.
1673 3242 1800 3312 Ipse
1831 3209 1986 3294 enim
2044 3239 2156 3294 nul-

2296 3209 2453 3232 ν’δῄίτ
2518 3209 2817 3232 ”“⁷⁸¹“Γ⁷ἹὟ“
2897 3209 3008 3219 v—v‘
3078 3209 3264 3212 ”“⁷“”
3332 3209 3497 3228 ““Γ““⁷
3564 3209 3567 3210 ν
3732 3209 3738 3211 ⁷

2285 3243 2414 3320 δρας
2477 3247 2690 3318 πάντῳν
2752 3247 3021 3321 ύπερεῖναι
3076 3251 3183 3300 τῶν
3249 3239 3562 3318 ὁμοιοϐίων.
3607 3239 3694 3296 Καὶ
3738 3234 3846 3302 ἦνῆ

517 3323 634 3382 lius
663 3333 1094 3385 antecessorum
1119 3331 1358 3385 inferior
1388 3332 1590 3398 evasit,
1615 3335 1904 3403 quotquot
1948 3329 2164 3384 talibus

517 3415 688 3472 bonis
719 3418 1012 3490 splendidi
1037 3420 1290 3490 fuerunt,
1313 3425 1370 3475 et
1400 3420 1500 3492 qui
1530 3420 1804 3476 desiderii
1836 3419 2160 3475 secundum

513 3505 732 3578 ipsum,
765 3507 1012 3564 dixerim
1045 3515 1102 3564 et
1134 3509 1460 3565 secundum
1495 3509 1703 3577 Deum,
1750 3508 1856 3564 viri
1927 3508 2159 3574 fuerint,

512 3597 610 3668 qui
642 3598 937 3653 debebant
969 3599 1115 3654 alios
1147 3616 1354 3655 omnes
1377 3615 1676 3671 superare.
1702 3600 1885 3671 Igitur
1915 3615 1975 3652 se
1999 3604 2159 3652 tanto

511 3685 662 3740 bono
694 3686 856 3753 dant,
885 3688 943 3742 in
977 3693 1266 3759 quantum
1301 3690 1537 3759 energia
1568 3689 1815 3744 deiicere
1854 3705 1969 3742 non
2001 3688 2156 3752 licet,

513 3778 570 3829 et
593 3774 890 3832 decertant
939 3775 999 3831 in
1047 3776 1283 3832 virtutis
1342 3777 1529 3833 stadio
1585 3776 1836 3843 vincere,
1890 3775 2057 3847 quasi
2103 3780 2159 3830 et

513 3869 714 3920 contra
743 3864 994 3921 athletas
1025 3867 1125 3938 qui
1157 3874 1316 3922 stare
1360 3884 1476 3922 non
1532 3867 1864 3938 praevalent.
1916 3867 1984 3921 Et
2039 3882 2156 3922 non

511 3959 600 4008 est
631 3955 914 4010 renuendi
945 3954 1106 4011 locus
1139 3959 1314 4028 quod,
1367 3961 1479 4013 Deo
1541 3956 1826 4012 auxilium
1877 3956 2153 4028 suppedi-

507 4045 692 4111 tante,
715 4059 831 4098 non
865 4043 1130 4100 excident
1161 4062 1192 4100 a
1222 4046 1373 4102 bono
1404 4046 1720 4118 proposito.

572 4420 661 4475 52.
696 4419 1154 4494 Audite,qumso,
1175 4421 1590 4479 illudeustate
1611 4427 1667 4479 et
1697 4424 2148 4496 videte,quando

502 4509 748 4566 dulcedo
771 4511 968 4568 divina
997 4512 1324 4568 volentibus
1356 4518 1591 4584 gustare
1642 4513 1902 4570 offertur.
1961 4513 2149 4570 Simul

2275 3333 2532 3409 ἐπιθυμία
2584 3335 2659 3396 εἰς
2716 3335 3001 3411 ἀνάλογον.
3065 3334 3240 3396 Αὐτός
3290 3355 3349 3390 τε
3403 3335 3500 3408 γὰρ
3539 3327 3725 3388 οὐδενὸς
3769 3325 3846 3378 τῶν

2272 3425 2584 3499 φθασάντων
2646 3423 2891 3495 ἐξέπιπτε
2958 3421 3243 3500 δεύτερος,
3304 3424 3420 3479 ὅσοι
3478 3421 3718 3478 τοιούτοις
3762 3414 3848 3480 ἐνηο

2270 3513 2607 3588 γλαῖσθησαν
2650 3516 2888 3591 ἀγαθοῖς,
2945 3515 3035 3570 καὶ
3085 3517 3136 3570 οἱ
3189 3523 3294 3586 τῆς
3349 3515 3461 3570 κατ’
3514 3511 3678 3577 αὐτὸν,
3720 3505 3844 3562 εἶπεῖν

2270 3601 2326 3658 δὲ
2357 3605 2443 3659 καὶ
2490 3613 2591 3675 τῆς
2647 3605 2782 3660 κατά
2829 3606 2960 3660 Θεὸν
3021 3604 3314 3678 ἐπιθυμίας
3373 3601 3572 3679 ἄνδρες,
3629 3595 3847 3676 ὀφειλέται

2266 3697 2481 3752 πάντων
2563 3698 2923 3773 περιέμμεναι
3015 3695 3227 3755 ἄλλων.
3299 3696 3397 3752 Καὶ
3453 3695 3619 3750 τοίνυν
3661 3689 3847 3765 γίνονται

2264 3789 2362 3839 τοῦ
2390 3784 2640 3840 τοιούτου
2696 3784 2892 3856 καλοῦ,
2939 3785 3012 3848 εἷς
3043 3787 3167 3842 ὅσον
3213 3785 3316 3842 ούκ
3357 3784 3493 3840 ἔστιν
3541 3779 3754 3837 ἐλλιπεῖν
3781 3773 3849 3830 δυ·

2263 3873 2494 3945 νάμεως,
2557 3875 2647 3929 καὶ
2718 3874 3062 3947 ἁμιλλῶνται
3137 3876 3201 3930 τὸ
3280 3882 3382 3945 τῆς
3450 3874 3633 3949 ἀρετῆς
3680 3867 3846 3944 κρατεῖν

2265 3960 2501 4032 στάδιον,
2582 3964 2709 4018 ὡσεὶ
2785 3964 2874 4019 καὶ
2955 3965 3032 4028 εἰς
3100 3963 3525 4041 ἁπαραμίλλους
3579 3961 3847 4041 καταστῆνῗι

2263 4051 2717 4127 παγκρατιαστάς.
2799 4051 2897 4106 Καὶ
2977 4052 3078 4108 οὐκ
3158 4038 3304 4108 ἔστιν
3383 4049 3724 4115 ἀπείπασθαι,
3793 4038 3847 4099 ὧς

2262 4145 2395 4195 Θεοῦ
2476 4139 2864 4220 ἐπαλείφοντος
2939 4141 3037 4198 οὐκ
3106 4140 3460 4197 ἐκπεσοῦνται
3529 4141 3625 4209 τῇς
3690 4130 3846 4208 ἆγιθῆε

2259 4229 2585 4300 προθέσεως.

2329 4429 2430 4503 νβ’·
2493 4426 2665 4485 Ἀλλά
2733 4430 2834 4504 γὰρ
2900 4429 3010 4484 οἷον
3077 4429 3140 4484 τὸ
3198 4428 3450 4499 ἀκοῦσαι,
3507 4421 3736 4481 Γεύσασθε
3781 4411 3846 4468 καῖ

2262 4512 2421 4586 ἴδετε,
2477 4519 2565 4572 ὅτε
2612 4516 2886 4593 γλυκύτης
2921 4518 3034 4582 θεία
3061 4523 3179 4580 τοῖς
3215 4516 3576 4594 βουλομένοις
3608 4505 3847 4584 ἐμόρωμα·

505 4597 834 4656 divinorum
869 4603 1118 4673 cupidus
1151 4602 1399 4667 audivit,
1429 4608 1485 4656 et
1528 4601 1704 4656 simul
1757 4603 2148 4674 manducavit,

2266 4581 2493 4674 τίζεσθαι
2543 4581 2850 4678 πρύκειταιξ
2923 4607 3071 4681 Ἀμα
3128 4608 3155 4661 ὁ
3215 4581 3282 4662 τά
3341 4581 3460 4662 θεῖα
3516 4581 3848 4681 λιχνευόμενος

503 4689 561 4741 et
575 4686 722 4742 bibit
741 4689 943 4745 vinum
959 4691 1384 4756 mistum,sicut
1402 4690 1896 4745 novitSalomonis
1919 4691 2151 4763 sapien-

501 4773 584 4830 tia
614 4776 818 4849 epulas
848 4797 1092 4850 parare;
1125 4785 1180 4836 et
1208 4779 1525 4851 insumptis
1558 4779 1648 4834 his
1683 4796 1806 4853 quae
1848 4780 2149 4836 recondita

499 4864 770 4935 habebat,
805 4869 874 4924 ad
910 4872 1132 4941 majora
1160 4870 1449 4926 desideria
1485 4875 1772 4941 provocat,
1797 4887 1899 4925 nec
1931 4870 2146 4926 divinis

499 4955 726 5014 deliciis
784 4961 1035 5016 saturari
1085 4965 1294 5032 potest.
1355 4959 1514 5016 Talis
1574 4960 1695 5030 ille,
1756 4962 1950 5033 reipsa
2007 4961 2142 5016 bea-

493 5051 592 5103 tus
624 5053 682 5104 et
713 5053 908 5124 magni
945 5052 1271 5107 invitatoris
1304 5051 1540 5106 conviva
1567 5050 1834 5118 dilectus,
1860 5052 2144 5122 comperit

488 5137 808 5211 pulchrum
839 5157 967 5197 esse
988 5141 1280 5213 ejusmodi
1312 5141 1660 5207 laborem;et
1690 5142 1898 5196 anima:
1926 5141 1982 5195 in
2016 5142 2141 5212 ipso

489 5227 680 5286 virilis
711 5231 970 5288 conditio
1003 5249 1115 5287 non
1150 5237 1452 5287 lucernam
1504 5230 1798 5295 exstinxit,
1839 5231 2009 5300 cujus
2068 5232 2139 5287 ad

490 5317 680 5375 lucem
717 5320 935 5377 incedit
966 5322 1160 5392 quivis
1193 5322 1250 5376 in
1309 5319 1444 5375 talis
1504 5319 1632 5374 vitae
1683 5324 1833 5374 recta
1879 5320 2088 5374 semita
2122 5344 2138 5388 ς

492 5411 757 5466 accendit
787 5429 916 5468 vero
961 5411 1215 5484 amplius
1255 5409 1452 5465 divino
1499 5409 1719 5480 Spiritu
1773 5409 2032 5465 refovens
2083 5415 2140 5466 et

497 5498 696 5554 anima
726 5500 798 5556 ad
829 5501 1014 5557 Deum
1055 5501 1361 5573 aspirans;
1403 5497 1556 5554 unde
1614 5514 1961 5571 progressus
2013 5498 2138 5554 effi-

497 5583 657 5642 ciens
688 5604 750 5644 se
780 5592 1084 5647 exercebat
1125 5594 1184 5647 et
1232 5587 1454 5645 caeteris
1513 5587 1809 5645 similibus
1865 5589 2138 5645 studebat

498 5675 790 5740 Operibus.
820 5679 884 5732 Et
911 5678 1040 5735 loca
1085 5679 1143 5734 in
1203 5681 1338 5749 apto
1395 5675 1599 5747 electa,
1661 5693 1729 5734 ex
1774 5677 2022 5748 judicio,
2080 5682 2138 5734 et

2259 4692 2479 4765 ἤκουσε,
2537 4695 2625 4750 καὶ
2684 4696 2798 4770 ἅμα
2845 4679 3025 4773 ἔφαγε,
3074 4697 3164 4751 καὶ
3215 4695 3334 4751 ἔπιε
3384 4695 3447 4751 τὸ
3500 4689 3747 4768 κερασθὲν,
3780 4679 3846 4773 fi"

2260 4782 2398 4839 οἶδεν
2458 4786 2492 4855 ἡ
2546 4769 2969 4859 Σολομώντειος
3016 4783 3428 4862 δαιταλουργεῖν
3482 4769 3844 4862 σοφία·καὶᾉδαο

2255 4875 2500 4944 πεινήσας
2547 4874 2607 4928 τὸ
2664 4876 2957 4947 παρατεθὲν
2993 4921 3008 4945 ,
3075 4859 3367 4950 ἐρεθίζεται
3429 4873 3502 4934 εἷς
3557 4859 3712 4926 πλείω
3758 4859 3845 4915 ἐπι·

2256 4961 2474 5031 θυμίαν,
2524 4963 2614 5018 καὶ
2661 4970 2762 5033 τῆς
2795 4962 2938 5027 θείας
2987 4965 3090 5019 οὐκ
3118 4962 3234 5040 ἔχει
3291 4967 3503 5042 τρυφῆς
3533 4958 3842 5050 κορὲπδνυσθαι;

2253 5053 2519 5113 Τοιοῦτος
2573 5051 2663 5106 καὶ
2721 5051 2960 5126 ἐκεῖνος,
3015 5054 3042 5107 ὁ
3099 5058 3178 5125 τῷ
3225 5050 3342 5107 ὄντι
3406 5043 3734 5125 μακαριστδςν
3777 5043 3841 5126 κὲῖ

2248 5145 2345 5194 τοῦ
2381 5139 2618 5217 μεγάλου
2663 5123 3124 5220 δειπνοκλήτορος
3152 5123 3453 5216 tamqu
3494 5138 3683 5224 φίλιος,
3709 5123 3844 5224 Ἕγεύο

2251 5249 2400 5299 σατο,
2451 5229 2618 5285 καλὸν
2671 5231 2802 5286 εἶναι
2853 5231 3026 5293 οὕτως
3083 5230 3414 5308 ἐργάζεσθαι·
3475 5223 3694 5295 καίἠέν
3732 5216 3841 5317 αὖτιῷ

2246 5325 2346 5387 τῆς
2415 5322 2601 5394 ψυχῆς
2664 5317 2881 5396 ἀνδρεία
2935 5320 3251 5382 κατάστασις
3330 5321 3435 5375 οὐκ
3508 5311 3726 5372 ἐσϐέννυε

2250 5390 2620 5484 λυχνίανῖδι⁹
2676 5390 3118 5485 ἧςπποδηγεῖταί
3165 5431 3248 5473 τις
3303 5408 3380 5470 εἰς
3411 5405 3659 5474 τοιαύτην
3710 5390 3838 5485 ὀρθῆν

2252 5497 2373 5572 βίου
2447 5493 2674 5573 τρίϐονι
2744 5484 3003 5572 ἐξανῆπτε
3062 5496 3118 5554 δὲ
3176 5499 3250 5561 εἷς
3309 5497 3481 5553 πλέον
3535 5484 3840 5573 autat-fw

2248 5569 2374 5659 θείῳ
2418 5569 2708 5660 Πνεύματι,
2756 5569 2846 5641 διαὶ
2889 5585 3163 5664 ἐπιποθῶν
3221 5590 3288 5663 τῇ
3338 5589 3496 5662 ψυχῇ
3550 5581 3675 5656 πρὸς
3724 5569 3838 5664 θεὸν,

2248 5674 2364 5730 ὅθεν
2397 5671 2904 5752 προσϐιϐαζόμενος
2965 5662 3215 5751 ἐμελέτα,
3262 5676 3357 5732 καὶ
3415 5674 3614 5752 ἐτέροις
3663 5662 3837 5740 ὁμοίάιε

3997 4697 4004 4766 ι
