4136 6210
279 319 433 378 1013

1131 317 1532 380 MANUELIS
1577 319 1928 380 COMNENI
1975 322 2371 385 LAUDATIO
2416 323 2836 387 FUNEBRIS.

3540 330 3698 390 1014

271 443 592 502 επιϐαλλειν
639 448 946 522 πράγμασι.
978 449 1079 505 Καὶ
1133 449 1184 502 οἱ
1239 450 1401 504 τόποι
1439 452 1492 504 ἀν
1542 449 1769 521 ἑτοίμῳ,
1804 449 1925 504 ἐπι-

2043 453 2367 511 materialia
2398 456 2859 512 conficiebantur
2877 459 2934 511 et
2971 455 3158 512 tribus
3210 458 3436 514 artibus
3490 459 3692 516 valens

272 535 514 611 λεγὲντες
578 535 630 606 ἐξ
689 535 1034 610 ἐπικρίσεως,
1098 537 1185 592 καὶ
1264 538 1329 592 τὰ
1379 544 1477 607 τῆς
1535 537 1672 608 ὕλης
1731 539 1928 613 ηύτρί-

276 646 461 692 πιστο,
520 625 610 680 καὶ
667 627 729 680 τὸ
785 626 1036 699 τεχνικὸν
1098 624 1266 705 φῦλον
1325 625 1764 698 προκατείληπτο
1810 633 1926 690 τυῖς

283 720 530 787 μισθοῖς,
579 714 642 770 τό
700 735 759 769 τε
809 714 1228 790 ἀρχιτεκτονοῦν
1286 715 1375 770 καὶ
1454 717 1518 770 τὸ
1575 717 1926 790 ὑπουργικὸνο

275 803 367 859 καί
414 803 622 859 τούτων
679 805 732 858 οἱ
791 803 884 876 μὲν
943 809 1058 866 τοῖς
1114 804 1425 878 Ναζιραίοις
1483 803 1660 868 θίσθαι
1716 806 1930 875 σκηνώ-

279 914 443 965 ματα,
479 892 639 968 me;
671 889 730 947 δὲ
758 891 871 947 ἔστι
901 897 1061 970 φάναι
1105 895 1193 948 καὶ
1254 898 1391 964 Θεῷ,
1425 889 1514 948 διά
1557 915 1617 950 τε
1665 895 1728 949 τὸ
1784 900 1927 958 θεῖον

271 986 373 1037 τοῦ
430 986 820 1054 σκευάσματος,
851 982 942 1037 καὶ
1002 978 1088 1038 ὅτι
1136 987 1254 1044 τοῖς
1305 981 1357 1037 ἐν
1400 982 1548 1054 αύτῷ
1575 984 1930 1058 καθαρεύουσι

272 1072 405 1133 Θεὸς
488 1070 775 1140 ἐνσκηνοῦν
863 1067 974 1125 οἶδε
1056 1071 1146 1126 καὶ
1233 1071 1626 1147 ἀμπεριπατεῖν
1659 1089 1673 1105 ·
1735 1073 1789 1126 οἱ
1873 1070 1931 1128 δὲ

271 1159 530 1214 σκευάσαι
615 1157 788 1230 ξένοις
848 1157 1184 1226 ἀνάπαυλαν,
1243 1161 1330 1214 καὶ
1413 1159 1606 1223 αὐτοῖς
1685 1180 1930 1236 τραυμα-

267 1248 437 1316 τίαις,
468 1248 504 1316 ἢ
552 1249 642 1303 καὶ
699 1249 897 1323 ὲτὲρως
943 1248 1125 1310 νόσοις
1159 1247 1556 1319 ὶνολισθήσασι.
1593 1249 1692 1306 Καὶ
1743 1251 1771 1304 ὁ
1833 1251 1926 1324 μὶν

269 1336 424 1392 οὕτω
499 1340 568 1410 τῇ
645 1337 758 1408 θείᾳ
827 1336 1092 1410 ἐπιθυμίᾳ
1171 1335 1570 1413 ἐκθερμανθεὶς,
1630 1337 1926 1411 καιομένην

270 1425 396 1502 εἶχε
422 1427 522 1494 τὴν
573 1423 796 1502 καρδίαν
849 1425 901 1481 ἐν
966 1426 1160 1498 ὲαυτῷ,
1193 1423 1250 1482 εἷ’
1298 1449 1416 1489 πως
1469 1423 1578 1483 ἴδοι
1635 1429 1698 1483 τὸ
1743 1428 1926 1492 ἐπιθυ-

273 1515 482 1587 μητόν.
540 1515 626 1576 Ὠς
698 1511 756 1568 δὶ
816 1514 879 1569 τὸ
937 1517 1114 1589 χρεὼν
1174 1512 1419 1588 ἤπειγεν,
1470 1515 1704 1587 ἀπῆλθε,
1753 1537 1926 1588 προσ-

267 1601 418 1677 άγων
479 1608 598 1676 Θεῷ
645 1604 746 1672 τὴν
805 1597 979 1681 ἔφεσιν
1038 1602 1127 1657 καὶ
1175 1605 1272 1672 τήν
1326 1604 1402 1666 εἰς
1440 1605 1671 1680 τάγαθὸν
1729 1605 1924 1679 πρόθε-

266 1711 381 1762 σιν,
411 1690 540 1746 ὡσεὶ
585 1692 674 1746 καὶ
725 1686 881 1768 ἔργον
932 1689 1040 1762 ἤδη
1089 1691 1321 1761 τέλειον,
1367 1691 1631 1770 ἀφέμενος
1687 1698 1767 1766 τῷ
1823 1695 1926 1767 υίῷ

270 1778 496 1855 βασιλεῖ
543 1779 938 1856 τελεσφορῆσαι
1013 1779 1076 1835 τὸ
1140 1779 1438 1854 ἔλλειμμα,
1499 1783 1587 1836 καὶ
1665 1783 1763 1851 τὴν
1828 1784 1920 1856 μὶν

262 1869 454 1944 ἀρχὴν
498 1866 686 1932 ἄνδοὺς
733 1869 892 1933 αὐτὸς
937 1868 1026 1924 καὶ
1069 1867 1228 1925 τοῦδε
1280 1874 1377 1924 τοῦ
1406 1870 1626 1944 ἀγαθοῦ,
1659 1869 1832 1927 ὶκεῖνο
1864 1869 1922 1928 δι

264 1955 780 2035 φιλοτιμησάμενος
806 1959 868 2014 τὸ
895 1957 1232 2017 παντίλειον.

342 2167 444 2222 νγ.
474 2148 576 2205 Ἤν
626 2144 685 2203 δὶ
730 2151 829 2215 τῆς
866 2147 1035 2217 αὐτῆς
1085 2147 1374 2218 ἐπισκευῆς
1432 2147 1520 2204 καὶ
1575 2150 1609 2218 ἡ
1653 2153 1760 2204 τῶν
1823 2149 1920 2205 πό-

262 2236 410 2293 λεων
467 2240 559 2293 καί
615 2238 912 2316 φρουρίων,
941 2243 1048 2294 τῶν
1113 2241 1208 2312 μὶν
1257 2239 1464 2316 ἔγερσις
1496 2240 1555 2297 ἰκ
1587 2245 1682 2296 τοῦ
1748 2242 1917 2296 πάλαι

257 2332 498 2397 κεῖσθαι,
551 2331 658 2381 τῶν
720 2325 780 2382 δὶ
835 2327 1075 2397 ποίησις,
1133 2328 1223 2383 καὶ
1300 2329 1468 2384 εἰπεῖν
1541 2330 1916 2406 καιριώτερον,

263 2415 448 2476 κτίσις
495 2417 679 2485 καινή.
742 2414 844 2472 Καὶ
904 2411 1144 2489 Τιϐερίῳ
1225 2417 1318 2489 μὶν
1371 2417 1629 2492 προνοίας
1686 2439 1922 2492 προσμε·

264 2505 615 2578 μαρτύρηται
695 2503 915 2577 ἀγαθὸν,
975 2504 1058 2559 ὅτι
1143 2503 1356 2568 πολλάς
1414 2504 1604 2568 πόλεις
1671 2527 1917 2562 κατασει-

264 2593 492 2655 σθείσας
542 2598 660 2653 ταῖς
707 2591 1037 2667 εὐεργεσίαις
1081 2588 1356 2649 ἀνέλαϐεν.
1389 2596 1450 2652 Ὁ
1504 2592 1560 2650 δὲ
1610 2595 1700 2650 καὶ
1755 2601 1917 2651 τοῦτο

264 2681 368 2755 μὲν
403 2680 491 2736 ἐπὶ
520 2685 802 2748 τοσοῦτον,
835 2681 911 2743 είς
941 2681 1063 2736 ὅσον
1114 2682 1213 2737 ούκ
1267 2683 1434 2738 εἰπεῖν
1492 2687 1628 2757 ἡμῖν
1688 2684 1916 2760 εύμαρὶς

262 2769 324 2825 ἓν
392 2791 454 2846 γε
504 2774 582 2841 τῷ
638 2770 888 2845 παρόντι,
951 2771 1026 2843 μὴ
1083 2771 1174 2825 καὶ
1240 2773 1342 2841 τήν
1401 2771 1915 2848 δπιμεμετρημίνην

265 2857 416 2932 ὥραν
466 2864 716 2921 τοπικοῖς
778 2857 1003 2932 ὀνόμασι
1062 2857 1602 2934 προσδαπάνήσωμεν
1635 2881 1646 2894 ·
1681 2860 1807 2922 ὅσας
1862 2857 1918 2916 δὶ

261 2947 360 3002 καὶ
432 2946 688 3016 ἰκκαινῆς
761 2946 812 3002 ἐν
891 2947 1194 3024 ἐπικαίροις
1301 2949 1530 3024 χωρίοις
1607 2949 1916 3022 ἀνέστησεν,

257 3036 499 3110 ἀριθμὸς
574 3033 758 3102 ἕτερος
828 3037 1006 3104 αὗται,
1057 3036 1162 3114 οὐχ
1219 3039 1335 3102 οἷος
1407 3040 1481 3111 μή
1546 3037 1963 3110 ἑπεξισοῦσθαι·

257 3130 386 3187 ταῖς
443 3123 684 3187 λοιπαῖς,
745 3125 823 3182 Ού
880 3125 980 3200 γὰρ
1041 3126 1118 3188 εἷς
1197 3126 1382 3181 ἑκατὸν
1441 3124 1600 3197 ἅπαξ,
1659 3124 1783 3182 ούδὶ
1841 3127 1919 3190 εἰς

2040 542 2240 611 pretiis
2270 544 2487 612 primas
2520 545 2778 600 tenuerai
2805 549 2861 600 et
2929 545 3397 600 constructiones
3459 547 3683 603 faciens

2037 636 2095 685 et
2123 632 2533 700 adiumentum
2569 633 3103 704 praastansﬂorum
3125 651 3224 690 eos
3247 634 3487 705 quidem
3520 638 3684 690 Nazi~

2039 719 2168 772 rasis
2199 720 2578 776 constituisse
2600 721 2995 786 tabernacula,
3025 723 3356 792 proximum
3380 728 3577 779 autem
3600 728 3690 778 est

2039 811 2153 862 Deo
2185 808 2586 880 colloqui,lum
2618 811 2690 866 ob
2723 816 3072 882 apparatum
3105 812 3523 876 divinum,tum
3548 811 3688 884 quia

2041 896 2157 950 illis
2188 897 2289 968 qui
2312 899 2368 952 in
2403 899 2596 953 divino
2617 905 2898 970 apparatu
2925 918 2986 956 se
3018 903 3307 956 mundant
3337 907 3490 957 Deus
3523 902 3690 956 inha-

2039 985 2226 1041 bitare
2277 985 2400 1040 vult
2437 992 2493 1040 et
2549 988 2882 1054 ambulare;
2948 989 3052 1044 hos
3108 1005 3240 1044 vero
3298 989 3538 1045 advenis
3581 989 3690 1046 ho-

2039 1073 2280 1143 spitium
2307 1075 2645 1144 praabuisse,
2693 1082 2750 1131 et
2779 1077 3102 1132 vulneratis
3149 1083 3252 1132 aut
3281 1077 3412 1132 aliis
3465 1078 3688 1133 morbis

2039 1161 2464 1219 laborantibus.
2498 1163 2605 1228 Qui
2638 1165 2873 1235 quidem
2903 1165 2987 1220 sic
3020 1165 3223 1221 divino
3246 1165 3536 1222 desiderio
3574 1166 3687 1221 fer-

2039 1252 2205 1310 vidus
2236 1253 2363 1322 fuit,
2397 1255 2609 1311 ardens
2641 1256 2697 1310 in
2729 1273 2792 1310 se
2815 1272 2913 1310 cor
2941 1256 3148 1311 habuit
3177 1258 3228 1313 si
3261 1258 3404 1312 forte
3455 1256 3683 1312 deside-

2039 1347 2230 1396 ratum
2260 1344 2490 1398 viderit.
2526 1348 2666 1400 Cum
2703 1361 2834 1400 vero
2866 1345 3162 1400 festinavit
3201 1362 3379 1416 mors,
3411 1345 3683 1411 decessit,

2041 1431 2152 1485 Deo
2181 1432 2434 1487 atl‘erens
2498 1432 2856 1488 desiderium
2889 1441 2942 1488 et
2975 1433 3204 1488 virtutis
3236 1450 3516 1501 amorem,
3548 1437 3681 1489 tan-

2034 1534 2209 1586 quam
2234 1519 2532 1588 opusjam
2592 1524 2936 1590 perfectum,
2999 1520 3340 1592 relinquens
3381 1520 3500 1575 tilio
3559 1519 3679 1591 regi

2034 1608 2104 1660 ad
2138 1607 2358 1662 bonum
2381 1609 2556 1663 tinem
2594 1610 2918 1678 perducens
2944 1627 3073 1681 qua
3104 1611 3303 1665 relicta
3323 1615 3483 1679 sunt,
3513 1610 3675 1681 prin-

2033 1695 2254 1766 cipium
2283 1697 2520 1766 quidem
2549 1697 2765 1753 faciens
2787 1697 3215 1769 honi,illudque
3235 1698 3396 1754 omni
3431 1713 3676 1754 numero

2032 1791 2507 1842 consummatum
2539 1785 2930 1843 mmolationis
2948 1789 3236 1843 rationem
3268 1787 3565 1859 praebens.

2099 2139 2190 2198 53.
2215 2141 2490 2212 Ejusdem
2523 2140 2972 2199 restaurationis
3028 2143 3152 2198 erat
3191 2138 3426 2196 urbium
3479 2142 3536 2195 et
3581 2154 3680 2194 ar-

2025 2229 2184 2285 cium
2216 2229 2467 2286 aliarum
2499 2231 2735 2302 quidem
2771 2234 3048 2286 renovata
3071 2229 3144 2285 ab
3174 2227 3417 2300 antiquo
3449 2225 3676 2284 excidio

2026 2318 2352 2386 aediﬁcatio,
2375 2319 2620 2375 aliarum
2651 2329 2844 2375 antem
2875 2319 3258 2386 constructio,
3289 2323 3347 2373 et
3375 2322 3440 2372 ut
3466 2331 3679 2388 oppor-

2026 2407 2230 2462 tunius
2277 2409 2645 2478 dicam,nova
2675 2409 3000 2464 creatio.De
3027 2407 3258 2464 Tiberio
3277 2406 3516 2478 quidem
3549 2421 3678 2477 pro-

2027 2501 2294 2556 videntiae
2317 2501 2537 2556 bonum
2571 2501 2863 2557 testiﬁcati
2887 2506 3027 2557 sunt
3056 2501 3210 2572 quod
3243 2499 3464 2555 multas
3496 2497 3674 2554 urbes

2028 2589 2340 2644 subversas
2378 2588 2830 2644 liberalitatibus
2861 2588 3229 2644 restauravit.
3265 2586 3365 2642 llle
3395 2603 3526 2642 vero
3565 2585 3674 2642 hoc

2029 2679 2247 2751 peregit
2303 2680 2363 2735 in
2425 2686 2712 2752 quantum
2765 2697 2878 2735 non
2912 2681 3082 2736 nobis
3114 2681 3169 2732 in
3207 2678 3477 2750 praesenti
3509 2677 3672 2732 dictu

2029 2767 2216 2837 facile,
2251 2767 2362 2824 nisi
2394 2769 2697 2824 definitam
2757 2771 2960 2826 horam
3022 2771 3282 2824 locorum
3334 2765 3676 2822 nominibus

2027 2872 2489 2924 consumamus;
2523 2863 2668 2928 quot
2713 2874 2847 2914 vero
2878 2863 2935 2913 et
2991 2858 3182 2913 denuo
3222 2856 3280 2911 in
3327 2854 3676 2927 opportunis

2028 2943 2171 3000 locis
2193 2945 2516 3015 constituit,
2550 2962 2834 3001 numerus
2865 2945 3017 3001 alius
3048 2944 3181 3014 illss,
3216 2960 3321 3000 nec
3377 2942 3479 3014 qui
3539 2940 3676 2998 reli-

2027 3033 2414 3103 quisinl‘erior
2437 3041 2616 3105 queat
2645 3033 3125 3105 comparari.Non
3155 3033 3311 3089 enim
3339 3032 3398 3086 in
3429 3035 3670 3087 centum

2027 3123 2232 3192 semel,
2266 3139 2372 3178 nec
2426 3124 2483 3178 in
2543 3124 2838 3195 duplicem
2860 3123 3017 3179 hunc
3074 3115 3410 3189 numerum,
3469 3119 3571 3175 sed
3620 3122 3679 3174 et

257 3213 497 3271 διπλοῦν
558 3220 742 3280 τοῦτο,
800 3213 948 3270 ἀλλὰ
1005 3215 1096 3270 καὶ
1172 3216 1486 3291 ὑπερέκεινα
1533 3217 1915 3294 κορυφούμενα

2029 3228 2207 3284 supra
2237 3211 2358 3267 haec
2389 3193 2694 3269 exstructa!
2721 3212 3109 3284 sunt,quibus
3141 3211 3414 3266 muniens
3442 3208 3672 3264 hostem

256 3303 722 3377 ὑπερανίστανται,
755 3301 825 3358 δι’
883 3302 956 3358 ὧν
1015 3304 1378 3380 ἀποτειχίζων
1430 3306 1557 3368 τοὺς
1604 3304 1911 3377 πολεμίους

255 3392 405 3468 εἶργε
449 3389 896 3466 τῆςάκόρομῆς,
941 3391 1179 3468 ἐχόμενα
1205 3389 1400 3469 τρίϐου
1448 3391 1720 3448 σκάνδαλα
1765 3397 1908 3457 τιθέ-

257 3501 420 3554 μενος
453 3480 661 3550 αύτοῖς,
692 3481 780 3535 καὶ
831 3478 1157 3555 προοδεῦσαι
1194 3483 1286 3554 μὶν
1346 3479 1600 3550 κωλύων,
1650 3483 1908 3558 βιασαμὲο

251 3590 374 3631 νοις
423 3566 480 3625 δὶ
531 3571 630 3640 τὴν
687 3568 810 3625 ὁδὸν
871 3565 1045 3646 φόϐον
1099 3570 1326 3626 Θανάτου
1379 3570 1625 3626 ἐπισείων
1688 3571 1746 3626 lx
1799 3575 1907 3626 τῶν

253 3654 467 3728 ὄπισθε,
526 3659 617 3714 καὶ
692 3660 869 3732 μένειν
929 3658 1101 3723 οὕτως
1148 3657 1286 3715 ο⁴ίκοι
1350 3661 1692 3736 βιαζόμενος,
1723 3664 1814 3716 καὶ
1872 3659 1907 3729 ἢ

248 3747 350 3802 τὸν
403 3747 571 3820 θυμὸν
631 3747 865 3818 πίττειν,
918 3745 954 3816 ἢ
1011 3750 1147 3803 κατὰ
1203 3754 1338 3826 σφᾶς
1411 3745 1604 3810 αὐτοὺς
1663 3760 1912 3824 θυμομα-

252 3839 489 3911 χοῦντας
523 3834 840 3913 ῥήγνυσθαι.

329 4027 428 4090 νδ’.
461 4029 583 4107 Ούχ
620 4033 783 4101 ἧττον
839 4029 897 4088 δέ
950 4052 1004 4087 τι
1061 4031 1151 4088 καὶ
1209 4031 1379 4089 ἂκεῖνο
1425 4032 1622 4100 κεινὸν,
1655 4030 1737 4088 ὅτι
1794 4037 1909 4096 τοῖς

252 4118 480 4176 πλείοσι
527 4125 637 4176 τῶν
689 4119 952 4176 τοιούτων
1011 4115 1184 4198 ἔργων
1239 4121 1424 4177 ἑαυτὸν
1505 4121 1906 4198 ἀρχιτεκτονεῖν

255 4207 472 4287 ἐφίστα,
530 4207 620 4266 καὶ
674 4207 993 4287 διευκρινεῖν
1048 4209 1135 4281 τὰ,
1197 4206 1264 4266 δι’
1303 4207 1376 4265 ὧν
1434 4208 1691 4288 ἀσφαλῶς
1750 4209 1908 4283 ἱστή-

257 4301 464 4372 εονται,
495 4297 563 4354 τὰ
617 4296 804 4355 πολλᾶ
861 4296 920 4354 δὲ
967 4299 1054 4355 καὶ
1108 4296 1374 4355 διακονεῖν
1427 4299 1517 4355 καὶ
1566 4306 1907 4376 χειρουργεῖν

255 4391 378 4448 τοῖς
452 4385 768 4459 πολίζουσι,
823 4387 915 4442 καὶ
990 4393 1328 4464 παραφορεῖν
1405 4387 1529 4443 ὅσον
1606 4389 1905 4463 χρήσιμον.

260 4475 368 4533 Καὶ
435 4477 564 4552 χθὲς
624 4476 721 4550 μὶν
795 4477 890 4539 τὰς
947 4475 1230 4553 βασιλικὰς
1283 4471 1494 4552 ἔτριϐον
1553 4482 1765 4553 χεῖρας,
1817 4477 1907 4532 καὶ

2019 3317 2312 3372 quemque
2345 3299 2560 3374 repulit
2590 3301 2962 3356 excursiones
2995 3299 3355 3368 molientem,
3389 3296 3670 3353 continua

2020 3389 2247 3445 viarum
2281 3391 2718 3462 propugnacula
2761 3395 3028 3446 statuens
3059 3390 3342 3444 adversus
3376 3387 3664 3448 hostes,et

2019 3476 2129 3532 iter
2161 3477 2397 3548 quidem
2425 3493 2663 3548 pergere
2694 3476 3190 3547 prohibens,viam
3215 3491 3346 3531 vero
3376 3471 3661 3529 violenter

2018 3567 2351 3622 tenentibus
2404 3567 2608 3622 mortis
2661 3571 2884 3621 metum
2944 3565 3237 3621 incutiens
3287 3581 3390 3636 per
3435 3579 3504 3620 ea
3533 3579 3660 3635 quis

2019 3661 2170 3711 retro
2193 3655 2447 3722 stabant,
2500 3656 2584 3711 sic
2635 3655 2793 3710 domi
2842 3671 3145 3711 remanere
3197 3670 3411 3726 cogens
3433 3657 3492 3709 et
3542 3651 3662 3708 sivc

2019 3744 2376 3800 ferocitatem
2401 3745 2688 3815 minuere,
2720 3744 2842 3800 sive
2865 3749 3069 3800 contra
3126 3743 3371 3800 invicem
3425 3740 3662 3798 sarien-

2017 3837 2105 3890 tes
2137 3833 2349 3906 frangi.

2085 4030 2176 4086 54.
2209 4034 2334 4086 Non
2367 4031 2565 4087 minus
2595 4030 2739 4087 illud
2763 4031 2978 4088 mirum
3009 4032 3161 4102 quod
3187 4030 3396 4087 talium
3427 4044 3670 4102 operum

2017 4121 2325 4192 plerasque
2355 4120 2617 4194 seipsum
2640 4121 3024 4179 architectum
3043 4122 3338 4179 statuebat
3363 4125 3420 4177 et
3448 4120 3667 4176 discre-

2015 4208 2099 4266 vit
2157 4226 2284 4282 quaa
2340 4209 2558 4267 tutiora
2614 4210 2880 4278 stabunt,
2933 4209 3118 4267 multa
3167 4226 3303 4268 vero
3361 4208 3671 4266 ministra-

2017 4299 2097 4354 vit
2127 4299 2401 4356 manibus
2434 4304 2709 4371 prmstare
2728 4299 3233 4368 aadiﬁcantium,et
3249 4299 3455 4357 vehere
3485 4315 3670 4370 quan-

2017 4391 2140 4444 tum
2174 4387 2317 4444 utile
2347 4394 2490 4444 erat.
2524 4388 2657 4445 Heri
2687 4389 2926 4460 quidem
2954 4389 3141 4460 regias
3174 4389 3493 4460 fatigabant
3539 4403 3668 4442 ma-

2018 4493 2152 4545 nus,
2185 4493 2314 4533 crus
2336 4493 2470 4534 voro
2513 4478 2955 4550 fatigabuntaut
2984 4477 3449 4534 instrumentum
3484 4474 3669 4530 multo

257 4562 532 4641 εἰσαύριον
587 4561 645 4620 δὶ
689 4565 998 4641 τρίψουσιν,
1029 4564 1064 4634 ἢ
1111 4565 1290 4637 σπάθη
1327 4566 1668 4642 βαρυνομένη
1718 4564 1917 4640 πολλῷ

2029 4569 2176 4626 ferro
2197 4573 2528 4637 oneratum,
2579 4573 2636 4626 et
2662 4573 2952 4642 quantum
2986 4573 3191 4642 praster-
3218 4567 3456 4625 secandi
3505 4569 3671 4623 natu-

257 4656 343 4728 τῷ
395 4653 631 4732 σιδήρῳ,
659 4656 752 4712 καὶ
810 4658 934 4712 ὅσον
977 4654 1110 4733 δίχα
1165 4677 1230 4732 γε
1283 4661 1382 4714 τοῦ
1430 4658 1642 4731 τέμνειν
1702 4659 1804 4714 οὐκ
1852 4657 1911 4714 ἃν

266 4741 388 4800 οὐδ’
446 4743 633 4808 ἄλλως
689 4745 843 4824 φὲροι
914 4745 1302 4822 κατενεχθέντα
1374 4745 1643 4818 πολέμιος
1693 4745 1912 4820 ὅμιλος,

261 4831 412 4890 ἀλλὰ
466 4835 666 4911 συχνὸς
719 4839 816 4890 τοῦ
880 4834 1000 4911 βίου
1069 4835 1500 4910 ικθεριζόμενος,
1554 4832 1914 4914 δραγμεύοιτο

256 4921 322 4978 ἂν
379 4922 455 4986 είς
508 4919 748 4989 στοι6άς·
784 4923 819 4994 ἢ
880 4923 1083 5000 κορύνη
1145 4922 1394 5001 σιδηρᾶα,
1455 4924 1692 5002 χάλκεον
1747 4923 1913 4982 ὕπνον

256 5015 372 5068 τῶν
423 5011 821 5086 πληττομίνων
880 5013 1276 5089 καταφάρουσα,
1309 5012 1345 5084 ἢ
1405 5015 1563 5090 βριθὺ
1621 5011 1774 5091 δόρυ,
1822 5015 1913 5070 καὶ

260 5100 398 5176 ὅπερ
429 5097 638 5156 εἷ’κασεν
663 5101 722 5158 ἂν
767 5104 1034 5174 ποιητικὴ
1079 5099 1462 5181 μεγαλοφωνία
1517 5104 1594 5167 ὡς
1646 5103 1723 5168 εἷς
1780 5105 1912 5176 νηὸς

257 5190 409 5244 ἱστὸν
462 5189 816 5267 ιεικοσόροιο.
847 5196 1103 5248 Τοιοῦτον
1159 5192 1264 5268 γὰρ
1295 5195 1334 5263 ἡ
1368 5191 1630 5269 βασιλικὴ
1678 5193 1912 5268 παλάμη

260 5279 448 5354 ἀνεῖχᾶ
502 5299 560 5335 τε
611 5281 699 5336 καὶ
757 5279 982 5358 ἐχώρει.
1013 5281 1112 5338 Καὶ
1167 5286 1335 5338 ταῦτα
1391 5283 1485 5355 μὶν
1524 5282 1655 5359 χθίς
1705 5305 1765 5339 τε
1821 5283 1913 5338 καὶ

261 5366 533 5444 εἰσαύριον
604 5365 738 5446 ἔργα
813 5375 1114 5442 τηνικαῦτα
1167 5375 1247 5444 τῷ
1307 5371 1552 5446 βασιλεῖ·
1604 5372 1799 5446 μεταξὺ
1857 5371 1916 5429 δὶ

260 5454 493 5532 χάλικες
545 5458 597 5514 ἰν
635 5462 822 5536 χερσὶν
881 5458 1036 5537 ἀδροὶ
1073 5461 1163 5516 καί
1193 5457 1510 5536 ἀδραχθεῖς,
1544 5458 1690 5516 λίθοι
1745 5483 1914 5538 προσ,-

259 5545 548 5620 κόμματος
621 5549 711 5604 καὶ
785 5549 938 5605 αὐτοὶ
993 5554 1111 5612 τοῖς
1162 5547 1383 5625 ιχθροῖς
1439 5553 1536 5606 τοῦ
1605 5555 1762 5609 Θεοῦ.
1815 5549 1914 5606 Καὶ

263 5634 444 5706 δήπου
493 5636 798 5712 ἀγαπητὸν,
832 5637 878 5695 εί
929 5637 1096 5716 μέχρι
1141 5636 1347 5696 τούτων
1390 5638 1420 5693 ὁ
1447 5638 1714 5712 κάματος.
1745 5639 1807 5699 Ὁ
1856 5637 1914 5698 δὲ

2024 4677 2150 4715 ram
2175 4677 2288 4716 non
2320 4659 2463 4716 alias
2493 4665 2750 4733 gestaret
2765 4677 2942 4716 ruens
2955 4659 3190 4715 hostilis
3211 4658 3453 4714 turbain
3485 4658 3672 4714 fasces

2023 4754 2125 4806 aut
2155 4750 2316 4805 clava
2345 4751 2528 4805 ferrea
2549 4765 2762 4805 ereum
2788 4765 3063 4805 somnum
3089 4763 3504 4821 percussorum
3535 4762 3677 4818 prs-

2024 4838 2258 4910 cipitem
2290 4855 2489 4910 agens,
2521 4844 2623 4894 aut
2653 4838 2984 4910 ponderosa
3011 4835 3202 4904 hasta,
3250 4850 3427 4908 quam
3453 4849 3662 4906 repns-

2025 4927 2276 4984 sentavit
2324 4928 2550 4999 poetica
2591 4927 3092 4999 magniloquentia
3151 4924 3322 5000 quasi
3376 4923 3541 4980 navis
3587 4922 3676 4980 vi-

2023 5016 2170 5088 ginti
2199 5016 2380 5072 remis
2412 5015 2654 5071 malum.
2693 5020 2808 5070 Hoc
2838 5016 2994 5088 regia
3017 5032 3232 5070 manus
3263 5013 3601 5070 sustinebat
3617 5015 3676 5068 et

2023 5104 2442 5178 portahat;hiec
2473 5105 2709 5177 quidem
2736 5105 2859 5160 heri
2893 5109 2949 5160 et
2979 5121 3106 5160 cras
3126 5105 3280 5178 regis
3303 5108 3444 5160 tunc
3475 5118 3675 5175 opera,

2023 5197 2246 5253 interea
2271 5214 2406 5253 vero
2427 5196 2654 5269 lapides
2686 5199 2742 5252 in
2774 5197 3049 5252 manibus
3073 5195 3243 5252 multi
3270 5200 3327 5252 et
3346 5195 3552 5267 quales
3581 5210 3675 5249 ve-

2020 5285 2158 5340 here
2183 5289 2373 5357 potest
2388 5285 2820 5357 homo,lapides
2841 5285 3104 5342 scandali
3127 5303 3228 5357 pro
3244 5285 3347 5342 Dei
3375 5284 3636 5340 inimicis
3660 5299 3674 5351 ;

2021 5373 2333 5445 optimum,
2365 5373 2414 5430 si
2448 5375 2752 5445 hucusque
2799 5373 2965 5429 labor
2990 5374 3188 5430 cessit.
3223 5373 3311 5428 Ad
3341 5371 3513 5445 plura
3539 5385 3674 5426 vero

2024 5463 2382 5536 providebat,
2415 5465 2670 5520 interdiu
2701 5465 2939 5536 quidem
2966 5463 3087 5520 hac
3108 5468 3293 5529 erant;
3317 5466 3549 5520 noctem
3578 5476 3674 5517 ve-

2023 5570 2088 5608 ro
2119 5551 2364 5609 bellicis.
2389 5554 2459 5608 Et
2487 5553 2802 5627 imperator
2833 5553 3132 5623 laboribus
3164 5553 3343 5608 dabat
3371 5556 3428 5608 et
3457 5550 3674 5624 quietis

2024 5641 2228 5698 horam
2262 5642 2333 5698 ad
2365 5641 2590 5700 incensi
2621 5641 2802 5699 animi
2846 5640 3024 5699 talem
3080 5642 3345 5699 ardorem
3394 5645 3674 5715 opportu-
