4136 6210
467 283 621 346 1015

1233 291 1655 355 EUSTATilIl
1699 294 2466 358 THESSALONICENSIS
2513 297 3098 360 METROPOLITE

3731 296 3886 357 1016

469 433 605 471 nam
638 417 908 489 faciebat,
944 420 1256 478 insomniis
1286 441 1347 479 sc
1378 427 1733 491 dedens,nec
1753 444 1948 500 genua
1984 433 2100 483 ﬂec-

2220 427 2309 480 καὶ
2361 426 2520 481 εἰσέτι
2580 426 2746 482 πλέον
2801 426 3128 484 ἑπετείνατο.
3170 429 3302 491 Μεθ’
3332 426 3545 500 ἡμέραν
3613 427 3715 499 μὶν
3776 429 3880 503 γὰρ

471 510 621 573 tens,
654 512 711 561 et
733 509 1027 580 patientia:
1058 511 1390 567 columnam
1414 513 1524 568 sibi
1558 516 1809 588 erigens;
1842 533 1956 588 quo
1985 533 2110 571 cer-

467 600 522 648 te
553 595 793 666 optimis
815 599 1047 654 studuit
1076 600 1444 657 documentis
1477 620 1580 674 per
1609 605 1785 661 vitam
1817 607 1888 661 ad
1916 604 2114 660 omnia

463 682 755 753 patienter
784 686 1088 744 toleranda
1119 703 1182 744 se
1213 705 1541 748 macerans.

530 1193 620 1248 55.
654 1193 803 1250 Nam
834 1201 1048 1252 cuncta
1080 1201 1144 1253 ut
1173 1197 1467 1271 dicamus,
1496 1199 1556 1255 in
1590 1200 1760 1273 plura
1800 1204 1987 1262 divisa
2005 1223 2110 1278 pa-

462 1282 814 1341 tientia:alia
844 1286 1082 1358 quidem
1116 1305 1296 1360 quam
1328 1291 1480 1346 circa
1510 1307 1722 1364 corpus
1753 1311 2110 1369 exercemus,

463 1391 642 1446 quam
670 1376 939 1432 laborum
995 1379 1364 1437 tolerantiam
1399 1399 1602 1438 vocare
1653 1388 2064 1445 consuevimus
2096 1405 2109 1444 :

463 1462 577 1518 alia
608 1464 662 1518 in
689 1467 1077 1537 cupiditatum
1099 1471 1641 1545 refrenatione,quze
1673 1481 2113 1549 esttemperan-

461 1554 542 1608 tia
575 1572 587 1620 ;
622 1554 821 1611 aliain
846 1558 1212 1628 aegritudinis
1244 1563 1436 1617 omnis
1469 1564 1853 1637 mitigatione,
1880 1569 2112 1638 sapien-

463 1642 554 1697 tiae
588 1659 729 1698 sane
753 1648 808 1698 et
835 1646 1126 1716 patientia
1152 1652 1424 1721 est,quod
1451 1652 1642 1708 adhuc
1661 1654 1835 1710 etiam
1861 1661 1917 1711 et
1945 1676 2111 1712 man-

463 1731 796 1787 suetudinis
823 1733 943 1789 haec
975 1734 1239 1803 victoria,
1273 1755 1387 1794 non
1420 1747 1509 1795 est
1533 1743 1689 1798 circa
1745 1761 1914 1815 quam
1977 1764 2108 1818 pro-

463 1819 652 1890 priam
686 1821 977 1892 patientia!
1009 1842 1124 1880 non
1157 1800 1427 1884 habuerit
1483 1800 1778 1888 summam
1834 1800 2103 1907 glori‘am,
2138 1800 2188 1866 Β

467 1925 565 1963 rex
593 1909 672 1964 ibi
706 1911 1011 1983 suiipsius,
1045 1914 1183 1985 quia
1225 1917 1385 1972 nefas
1443 1925 1565 1974 erat
1623 1925 1766 1978 adeo
1829 1941 2107 1997 magnum

464 1998 786 2070 principem
847 2000 1224 2059 inferioribus
1293 2023 1492 2075 parem
1576 2025 1724 2067 esse.
1803 2015 2110 2070 Sustinen-

467 2087 557 2142 dis
587 2087 770 2159 igitur
797 2092 1097 2161 perstabat
1137 2093 1194 2148 in
1235 2095 1512 2152 omnibus
1543 2097 1864 2168 laboribus,
1929 2103 2110 2173 frigus

463 2175 701 2245 quidem
734 2178 990 2234 tolerans
1021 2198 1186 2250 quas:
1228 2184 1404 2238 medii
1437 2191 1614 2243 aestus
1654 2191 1876 2244 urentis
1935 2191 2110 2248 flatus

459 2269 614 2320 recte
635 2268 946 2337 compositi
975 2271 1310 2340 cupidinem
1335 2273 1640 2346 inveniret,
1675 2279 1890 2334 aestivis
1917 2281 2109 2337 denuo

459 2351 752 2410 caloribus
765 2358 1065 2427 expositus
1078 2365 1134 2414 et
1146 2361 1633 2431 patienterferens
1651 2368 1818 2437 quasi
1837 2367 2110 2427 vitalibus

458 2441 617 2498 auris
674 2444 1118 2516 refrigeraretur
1164 2466 1178 2516 ;
1230 2451 1388 2508 sitim
1446 2470 1578 2510 vero
1612 2457 1767 2512 sicut
1833 2475 1936 2513 nec
2021 2459 2106 2514 illi

456 2532 669 2603 Adipsi
699 2533 758 2588 in
797 2535 1046 2593 historia
1076 2543 1960 2614 memorati,sustinens;famem
2010 2568 2108 2605 au-

457 2624 575 2675 tem
607 2622 790 2678 otioso
821 2625 944 2682 viro
976 2628 1181 2684 utilem
1223 2647 1352 2688 esse
1403 2650 1518 2690 non
1572 2635 1826 2694 absurde
1879 2640 2102 2707 dicens,

457 2708 747 2768 laborioso
778 2730 910 2770 vero
941 2715 1164 2772 homini
1196 2737 1312 2776 non
1343 2737 1684 2795 congruam,
1718 2743 1889 2799 quem
1924 2746 2104 2785 nove-

458 2803 597 2853 runt
621 2801 846 2857 nutrire
875 2803 1082 2861 sedula
1128 2823 1325 2879 opera,
1375 2826 1502 2880 quas
1561 2814 1770 2870 animae
1827 2815 2102 2874 luctatio-

460 2902 594 2941 nem
627 2897 928 2948 renovant.

526 3037 618 3093 56.
673 3040 1045 3112 Compescuit
1101 3052 1158 3102 et
1212 3050 1430 3106 ventris
1497 3053 1885 3124 cupiditates;
1949 3058 2101 3115 sicut

458 3130 654 3182 statua
684 3145 810 3201 quae
835 3131 888 3187 id
921 3135 1150 3190 tantum
1175 3137 1285 3192 sibi
1311 3140 1540 3195 infundi
1568 3143 1689 3198 vult
1720 3152 2005 3215 quantum
2027 3151 2096 3204 ad

455 3215 855 3285 impletionem
889 3222 1032 3277 satis
1054 3224 1154 3281 sit.
1196 3231 1320 3282 Non
1353 3230 1508 3284 enim
1544 3230 1639 3287 ille
1673 3233 2092 3307 ingurgitatum

453 3305 907 3375 supercalcaret,
941 3326 1045 3364 nec
1077 3311 1258 3368 invito
1290 3315 1591 3372 stomacho
1610 3317 1770 3374 cibos
1794 3305 2102 3392 etiliquida

452 3390 611 3448 ultra
639 3410 817 3465 quam
837 3396 926 3452 fas
958 3403 1048 3454 est
1073 3399 1336 3473 ingerere
1357 3408 1850 3474 conaretur,sicut
1881 3390 2102 3468 faciunt

452 3497 702 3551 quorum
738 3490 888 3542 Deus
915 3498 1116 3544 venter
1171 3498 1280 3546 est.
1337 3493 1480 3550 Ecce
1536 3497 1740 3552 eadem
1789 3500 2096 3555 amborum

455 3586 653 3626 causa.
687 3577 832 3629 Nam
895 3593 1000 3632 nec
1057 3580 1208 3649 quod
1263 3579 1502 3651 plenum
1561 3591 1652 3640 est
1699 3587 1892 3643 adhuc
1943 3593 2094 3661 quod

453 3659 714 3731 injicitur
742 3666 1023 3733 admittit,
1056 3685 1160 3723 nec
1186 3669 1315 3740 jam
1349 3688 1446 3728 ore
1493 3673 1763 3732 clausum
1824 3659 2100 3734 ulteriora

453 3749 595 3805 sinit
624 3751 783 3810 intus
816 3760 1138 3827 penetrare.

519 3903 610 3957 57.
652 3905 744 3960 Sic
774 3907 1154 3978 cupiditatem
1203 3910 1714 3970 vehementissime
1774 3919 2096 3975 nobismet-

450 3991 597 4062 ipsis
618 3992 846 4049 veniam
905 3997 1142 4053 dantem
1178 4000 1473 4057 domabat.
1513 4004 1904 4075 Cupiditatem
1936 4010 2094 4065 enim

450 4083 732 4153 tanquam
765 4099 864 4139 rex
892 4084 1004 4157 legi
1055 4088 1468 4160 obtemperans
1525 4093 1848 4165 expellebat
1896 4101 2098 4170 tyran-

451 4185 615 4223 num.
657 4171 990 4244 Stragulum
1022 4176 1136 4247 ipsi
1168 4179 1239 4232 ad
1271 4183 1485 4237 terram
1530 4185 1919 4254 asperrimum
1981 4205 2094 4244 non

451 4273 485 4312 a
515 4257 726 4314 mediis
755 4262 1049 4331 tapetibus
1080 4266 1457 4337 explicatum,
1506 4273 1649 4326 adeo
1706 4275 2097 4332 aestimaverat

449 4345 717 4414 charum,
777 4353 841 4403 ut
895 4349 1007 4422 ipsi
1065 4352 1124 4408 in
1181 4358 1444 4426 tempore
1488 4376 1616 4414 esse
1649 4379 1739 4416 res
1769 4369 2096 4435 opportuna

451 4435 588 4504 quia
610 4435 736 4506 jam
768 4437 938 4508 genio
965 4440 1141 4496 simul
1175 4459 1239 4498 ac
1259 4450 1481 4502 naturae
1515 4450 1965 4509 necessitatibus
1995 4455 2094 4510 de-

2221 520 2444 570 τοιαῦτα
2499 515 2590 584 ἦν·
2627 517 2655 570 6
2715 513 2770 570 δὲ
2830 517 3182 592 αὐτοκράτωρ
3233 518 3322 570 καὶ
3367 517 3468 584 τὴν
3513 516 3686 571 νύκτα
3716 516 3881 572 πολε-

2225 610 2410 676 μικοῖς
2465 603 2647 681 ἔργοις
2689 603 2889 675 ἐδίδου,
2917 608 3007 660 καὶ
3036 606 3134 674 τήν
3170 606 3311 679 ὥραν
3371 611 3471 675 τῆς
3531 605 3886 666 ἀναπαύσεως

2220 693 2407 766 καιρὸν
2448 693 2688 749 ἐποιεῖτο
2745 701 2846 764 τῆς
2899 695 2984 758 τίς
3029 694 3285 764 τοιαύτην
3351 695 3491 764 ζέσιν
3551 693 3883 766 ἐκκαύσεως,

2223 778 2584 858 διακαρτερῶν
2646 780 2871 855 ἄϋπνος,
2904 783 2996 838 καὶ
3057 781 3199 857 μηδὲ
3256 784 3387 858 γόνυ
3441 785 3740 857 κάμπτων,
3795 782 3881 838 καὶ

2221 869 2432 942 στήλην
2467 871 2608 927 οὕτω
2639 872 2927 948 καρτερίας
2976 873 3160 928 ἑαυτὸν
3211 873 3470 927 ἀνιστῶνο
3502 873 3532 927 ’ὁ
3582 870 3652 942 δὴ
3715 872 3882 946 εὐμα-

2165 1039 2170 1042 _
2223 964 2332 1024 θῶς
2392 962 2735 1035 μεμελέτηκε
2776 959 2865 1017 διὰ
2923 963 3068 1038 βίου,
3103 960 3180 1027 εἷς
3234 962 3298 1016 τὸ
3355 960 3627 1025 παντοίως
3676 961 3882 1036 ὑπομε-

2222 1049 2428 1105 νετικὸν
2461 1050 2647 1106 ἑαυτὸν
2680 1049 3104 1124 έκπονουμενος.

2293 1229 2595 1293 νε’.“ολως
2651 1230 2753 1305 γὰρ
2816 1229 3012 1297 εἰπεῖν,
3045 1227 3123 1290 εἷς
3155 1226 3335 1283 πλείω
3386 1225 3726 1303 διῃρημένης
3784 1231 3880 1296 τῆς

2225 1319 2530 1391 ὑπομονῆς,
2564 1320 2653 1373 καὶ
2710 1326 2809 1388 τῆς
2862 1320 2955 1391 μὶν
3004 1317 3080 1380 εἷς
3125 1318 3197 1372 τὰ
3241 1319 3367 1391 περὶ
3400 1321 3560 1390 σῶμα
3619 1316 3880 1392 ἐχούσης,

2222 1409 2289 1476 ἣν
2321 1407 2643 1484 φερεπονίαν
2681 1407 2964 1479 ὀνομάζειν
3013 1403 3262 1480 οἷ’δαμεν,
3293 1412 3394 1474 τῆς
3450 1402 3507 1460 δὲ
3563 1405 3642 1466 εἷς
3699 1405 3885 1460 έπιθυ-

2227 1500 2364 1566 μιῶν
2429 1496 2690 1570 συνοχὴν,
2739 1496 2767 1550 ὃ
2817 1494 2883 1565 δή
2946 1495 3086 1548 ἐστιν
3171 1493 3471 1570 ἐγκράτεια,
3525 1501 3627 1563 τῆς
3687 1491 3748 1548 δὲ
3809 1494 3886 1555 εἷς

2222 1585 2422 1645 παντὸς
2459 1583 2712 1659 λυπηροῦ
2741 1582 3147 1658 κατακέρασμα,
3180 1588 3342 1637 τοῦτο
3389 1580 3455 1651 δὴ
3512 1583 3578 1637 τὸ
3622 1582 3717 1636 καὶ
3780 1603 3885 1636 σω-

2223 1671 2496 1750 φροσύνης
2570 1673 2658 1726 καὶ
2737 1671 3048 1746 καρτερίας,
3108 1667 3185 1725 ἔτι
3255 1671 3363 1744 μὴν
3422 1671 3513 1725 καὶ
3563 1670 3890 1743 πραότητος

2223 1759 2513 1834 έκνίκημα,
2568 1760 2668 1814 οὐκ
2740 1756 2876 1828 ἔστι,
2916 1759 3038 1836 περί
3096 1761 3158 1828 ἣν
3221 1757 3362 1814 ίδίαν
3429 1761 3726 1832 ὑπομονῆς
3790 1760 3890 1814 οὐκ

2221 1850 2365 1925 εἶχεν
2425 1846 2586 1924 ἄκρον
2652 1849 2715 1903 τὸ
2791 1847 3104 1921 εὐδόκιμον,
3175 1848 3432 1923 βασιλεὺς
3483 1849 3767 1911 κάνταῦθα
3816 1847 3885 1902 ὣν

2219 1938 2308 1992 καὶ
2366 1939 2577 2004 ἑαυτοῦ,
2614 1939 2694 1992 δτι
2751 1934 2891 2010 μηδέ
2931 1937 3102 2012 ἐχρῆν
3153 1938 3245 1990 τὸν
3293 1934 3436 1991 οὕτω
3467 1936 3736 2011 μεγάλως
3790 1938 3881 2010 ἂρ-

2221 2045 2392 2100 γοντα
2445 2024 2604 2081 εἶ’κειν
2665 2032 2780 2088 τοῖς
2826 2026 3064 2101 χείροσι.
3126 2027 3346 2100 Διήρκει
3429 2024 3520 2079 οὖν
3601 2025 3684 2086 εἷς
3748 2025 3881 2079 ἅπαν

2221 2119 2551 2190 φερεπονῶν,
2583 2118 2758 2190 ψῦχος
2795 2115 2888 2187 μὲν
2943 2115 3249 2187 ὑπομένων,
3285 2115 3358 2176 ὡς
3410 2114 3497 2168 ἐῦιν
3547 2114 3640 2168 καὶ
3695 2135 3884 2186 μεσαι-

2218 2203 2381 2258 τάτου
2434 2206 2619 2279 θέρους
2678 2204 2974 2281 φρόγοντος
3015 2202 3338 2282 φιλοτιμίαν
3372 2203 3642 2276 εὐκράτου
3706 2209 3881 2272 πνοῆς

2221 2291 2451 2367 εὕρισκε,
2513 2304 2709 2368 θερινῳ
2756 2289 2814 2346 δὲ
2868 2291 3062 2346 θάλπει
3144 2290 3296 2355 αὖθις
3372 2287 3882 2367 παραϐαλλόμενος

2217 2379 2307 2434 καὶ
2364 2379 2721 2456 ἑγκαρτερῶν,
2763 2381 2837 2442 ὡς
2894 2380 2938 2434 εί
2994 2381 3085 2435 καὶ
3150 2381 3441 2454 ζωογόνοις
3502 2378 3704 2458 αὔραις
3763 2380 3884 2454 itid-

2217 2488 2367 2543 χετο·
2403 2467 2562 2542 δίψαν
2589 2467 2666 2534 δὶ,
2693 2470 2767 2530 ὡς
2801 2467 2913 2524 οὐδ’
2945 2469 3006 2523 ἃν
3063 2470 3115 2523 o't
3171 2476 3269 2538 τῆς
3323 2469 3565 2542 ἱστορίας
3624 2467 3883 2543 ’Ἄδιψοῃ

2215 2566 2569 2641 ἀνεχόμενος
2640 2566 2804 2638 λιμὸν
2865 2564 2922 2621 δὲ
2978 2567 3154 2642 ἀεργῷ
3209 2567 3303 2639 μὶν
3351 2565 3504 2642 ἀνδρὶ
3583 2567 3872 2644 σῦμςωρον

2217 2655 2351 2709 εἶναι
2408 2655 2747 2732 φιλοσοφῶν,
2807 2654 3076 2731 ἐργατικῷ
3142 2652 3199 2710 δὲ
3259 2655 3532 2730 ἀνθρώπῳ
3597 2655 3880 2731 ἀπροσάρ-

2216 2765 2439 2818 μοστον,
2499 2744 2557 2798 ’ὸν
2620 2742 2734 2799 οἶδε
2789 2746 2998 2822 τρέφειν
3055 2744 3123 2799 τὰ
3173 2742 3441 2799 σπουδαῖα
3466 2741 3623 2819 ἔργα,
3659 2744 3873 2804 ἑαυτοῖς

2213 2832 2634 2908 ἀπασχολοῦντα
2661 2834 2722 2887 τὸ
2751 2839 2855 2902 τῆς
2883 2832 3068 2906 ψυχῆς
3126 2831 3434 2907 ἐναγώνιον.

2279 3079 2376 3140 νς’.
2412 3075 2635 3147 Ἀμέλει
2666 3077 2756 3131 καὶ
2791 3075 2980 3152 ἐπεῖχε
3029 3081 3097 3132 τὰ
3155 3077 3231 3139 εἷς
3263 3077 3494 3152 γαστρὸς
3553 3079 3869 3154 θεραπείαν,

2131 3171 2172 3236 C
2214 3165 2312 3220 ὅσα
2339 3166 2428 3220 καί
2468 3187 2550 3227 τις
2582 3163 2826 3241 ἀνδριὰς,
2860 3165 2936 3228 εἷς
2985 3171 3244 3221 τοσοῦτον
3295 3166 3496 3230 ἐθέλων
3556 3169 3660 3236 τὴν
3716 3165 3869 3232 ἔνθε-

2211 3276 2315 3322 σιν,
2350 3254 2427 3316 είς
2481 3254 2603 3309 ὅσον
2654 3257 2740 3309 καὶ
2793 3257 2819 3310 6
2861 3252 3280 3330 ὑπερπλησθείς’
3316 3252 3438 3310 οὔτε
3493 3255 3600 3330 γαρ
3665 3256 3868 3320 ἐκεῖνος

2209 3341 2485 3398 έπισάττοι
2540 3343 2599 3397 ἂν
2653 3344 2715 3398 τὸ
2771 3343 3132 3418 ὑπέρφορτον,
3192 3342 3307 3399 οὔτ’
3352 3343 3511 3406 αὐτὸς
3593 3347 3712 3419 εἶχε
3768 3347 3869 3413 τήν

2208 3433 2452 3502 καθάπαξ
2511 3434 2867 3507 σφιγχθεῖσαν
2924 3432 3077 3505 λόγῳ
3145 3431 3501 3488 συστέλλοντι
3580 3433 3871 3509 ἀνευρῢνσι

2211 3513 2285 3574 εἷς
2323 3514 2525 3588 βρῶσιν
2574 3514 2709 3568 κατὰ
2756 3513 2881 3574 τοὺς
2924 3511 3373 3586 κολιοδαίμονας.
3407 3514 3505 3569 Καὶ
3567 3512 3681 3570 ἔστι
3737 3537 3871 3569 ταυ-

2208 3605 2297 3658 τὸν
2354 3603 2436 3658 ἐπ’
2485 3605 2686 3681 ἀμφοῖν
2733 3605 2794 3660 τὸ
2845 3603 3040 3661 αἶίτιον.
3075 3604 3214 3663 Οὔτε
3269 3606 3370 3682 γὰρ
3426 3607 3488 3661 τὸ
3540 3604 3752 3679 πλῆρες
3789 3606 3870 3662 ἔτι

2210 3694 2383 3767 στέγει
2435 3693 2497 3748 τὸ
2555 3688 2997 3766 έμϐαλλόμενον,
3029 3692 3152 3749 οὕτε
3207 3695 3269 3749 τὸ
3325 3694 3551 3770 εἰσάγων
3591 3698 3874 3768 σύστομΟν

2207 3782 2398 3861 ἀφίησί
2429 3805 2479 3838 τι
2509 3789 2616 3839 τῶν
2651 3783 2999 3858 ἐντιθεμένων
3032 3785 3360 3857 προκύπτειν
3389 3785 3575 3860 έντός.Ι

2277 3939 2367 4003 νζ’.
2402 3932 2553 3988 Οὕτω
2602 3934 2911 4011 κατισχύων
2965 3935 3032 4005 ἦν
3103 3936 3412 4010 ἐπιθυμίας,
3461 3941 3556 3992 τοῦ
3613 3935 3874 3993 δεινοτά-

2205 4044 2301 4077 του
2333 4021 2597 4086 κόλακος.
2634 4024 2813 4098 Θυμὸν
2844 4024 2972 4100 γὰρ,
3003 4023 3100 4080 ὅσα
3155 4025 3244 4080 καὶ
3295 4025 3556 4102 βασιλεὺς
3612 4021 3869 4100 ἔννομος,

2210 4110 2391 4184 ἐξώθει
2424 4112 2705 4188 τύρανιον.
2740 4115 3013 4187 Στρωμνὴ
3048 4110 3104 4168 δέ
3163 4113 3310 4186 αὖτῷ
3369 4115 3508 4191 πρὸς
3566 4123 3672 4190 γῆς
3727 4137 3867 4188 τρα-

2205 4199 2440 4275 χύτητα,
2473 4202 2754 4273 στρώμασι
2808 4202 3078 4274 μαλακοῖς
3135 4198 3576 4274 ἆμεσολάϐητος,
3609 4204 3753 4258 οῧτω
3817 4226 3877 4260 τι

2208 4287 2494 4363 λελόγιστο
2545 4288 2725 4366 φίλον,
2758 4291 2832 4352 ὡς
2880 4288 3330 4366 πραγματειῶδες
3384 4293 3536 4364 αὐτῷ
3583 4292 3632 4347 έν
3685 4299 3874 4368 καιρῷ

2205 4375 2361 4443 εἶναι,
2422 4374 2563 4448 μηδὲ
2619 4381 2698 4449 τῷ
2754 4378 2913 4433 παντὶ
2956 4383 3053 4434 τοῦ
3116 4378 3375 4454 μεγέθους
3425 4379 3873 4452 κατακλίνεσθαι,

2206 4462 2352 4518 ἀλλὰ
2381 4467 2646 4528 καθῆσθαι
2691 4465 3048 4542 ὀρθούμενον,
3075 4468 3167 4522 καὶ
3225 4467 3398 4530 οὕτως
3446 4467 3713 4524 ἐκκλίνειν
3768 4472 3874 4524 τὸν

451 4524 642 4580 bitum
675 4526 896 4584 solvere
931 4537 1143 4601 posset.
1177 4533 1546 4592 Homericum
1601 4541 1836 4611 quidem
1893 4545 2091 4601 Jovem

2511 4524 2520 4528 -
2725 4524 2734 4542 ,
2863 4524 2874 4541 ,
3036 4524 3048 4536 ,
3385 4524 3396 4530 -

2217 4553 2366 4630 τοφὸν
2415 4555 2775 4624 κατευναστήν
2810 4556 2972 4611 ὕπνον
3022 4563 3124 4626 τῆς
3183 4555 3411 4632 φύσεως.
3447 4559 3553 4614 Τὸν
3614 4559 3711 4630 μὶν
3775 4558 3876 4613 οὗν

453 4631 700 4672 somnus
747 4621 1041 4689 quondam
1100 4621 1349 4680 insidias
1404 4629 1652 4684 tendens
1707 4633 2092 4691 circumvenit

451 4703 724 4774 invitum,
759 4715 812 4761 et
841 4709 1152 4779 conjicitur
1173 4715 1486 4770 ostendens
1525 4734 1717 4773 sermo
1749 4722 1939 4777 somni
1970 4725 2087 4779 vim

451 4807 567 4847 non
591 4792 781 4848 solum
817 4794 871 4849 in
906 4797 976 4852 iis
1008 4798 1108 4870 qui
1157 4800 1324 4858 aliter
1352 4804 1530 4860 vitam
1590 4807 1928 4882 instituunt,
1989 4815 2088 4869 sed

449 4883 509 4934 et
534 4880 593 4935 in
617 4881 689 4937 iis
711 4884 810 4954 qui
841 4884 956 4941 late
986 4888 1510 4964 dominantur.lpsi
1541 4912 1674 4952 vero
1704 4880 1940 4956 vocatus
1975 4919 2088 4958 non

448 4969 645 5038 paruit
674 4987 919 5028 somnus
947 4991 960 5030 :
995 4980 1308 5046 praestabat
1337 4981 1571 5038 utilium
1606 4985 1959 5054 sollicitudo,
1996 4997 2090 5046 fu-

446 5073 669 5129 susque
693 5061 806 5115 cito
839 5079 1156 5135 assurgens
1189 5077 1241 5121 et
1272 5071 1526 5138 quodam
1561 5075 1732 5130 modo
1773 5078 1980 5134 adesse
2020 5079 2092 5134 ti-

444 5161 614 5202 mens
671 5165 850 5222 prope
908 5151 1045 5207 huic
1075 5154 1174 5225 qui
1219 5171 1451 5230 semper
1509 5177 1640 5216 cum
1702 5169 1856 5220 metu
1927 5168 2087 5235 vivit,

445 5240 501 5290 et
539 5236 979 5296 immortalitate
1006 5242 1182 5315 digno
1209 5253 1455 5303 mortem
1486 5253 1808 5320 quamdam
1864 5258 2091 5327 operari

447 5341 728 5382 sensuum
755 5328 988 5399 pigritia
1007 5374 1020 5397 ,
1045 5337 1101 5387 et
1131 5335 1404 5404 operibus
1435 5338 1788 5398 ferventibus
1819 5345 2091 5401 obstacu-

447 5411 571 5468 lum
598 5431 812 5486 ponere
843 5420 1150 5476 mundanae
1172 5423 1557 5484 ordinationis
1588 5430 1893 5488 artificem.

2201 4641 2502 4717 Ὁμηρικὸν
2534 4641 2631 4697 Δία
2660 4643 2826 4706 ὕπνος
2857 4645 2990 4699 ποτε
3040 4650 3343 4721 περιεχὺθη
3399 4641 3696 4708 ἐπίϐουλος
3752 4649 3874 4723 οὐχ

2202 4729 2411 4802 ἑκόντα,
2445 4731 2534 4786 καὶ
2570 4734 2598 4786 ὁ
2629 4732 2792 4809 λόγος
2817 4732 3128 4789 ὗπονοεῖται
3161 4731 3365 4805 δηλοῦν
3411 4736 3474 4790 τὸ
3532 4740 3629 4790 τοῦ
3691 4735 3871 4791 ὕπνου

2205 4819 2401 4895 βίαιον,
2440 4824 2516 4893 μή
2553 4822 2718 4895 μόνον
2747 4821 2798 4877 έν
2853 4827 2974 4885 τοῖς
3035 4819 3224 4884 ἄλλως
3277 4818 3471 4899 ἔχουσι
3523 4829 3622 4880 τοῦ
3688 4825 3873 4900 βιοῦν,

2201 4906 2347 4963 ἀλλά
2375 4911 2463 4963 καὶ
2500 4908 2551 4964 έν
2581 4916 2698 4974 τοῖς
2728 4909 2909 4966 πλατὺ
2953 4910 3214 4987 ἄρχουσι.
3245 4913 3339 4985 Τῷ
3389 4909 3448 4967 δὲ
3503 4913 3596 4968 καὶ
3657 4934 3876 4988 πρυκα-

2201 4994 2471 5070 λούμενος
2528 4997 2696 5061 ὕπνος
2755 4998 2862 5075 οὐχ
2917 5000 3178 5069 ὑπήκουε·
3212 4999 3275 5054 τὸ
3318 5001 3419 5075 γὰρ
3481 5005 3871 5079 φροντιστικὸν

2199 5088 2296 5138 τοῦ
2331 5083 2638 5161 χρειώδους
2691 5087 3044 5164 περιεγίνετο·
3077 5087 3166 5142 καὶ
3221 5087 3596 5153 ἑπιπετασθεὶς
3655 5087 3719 5145 δὲ
3773 5112 3870 5146 τα-

2200 5172 2274 5249 χὺ
2307 5173 2582 5246 ἀπεπήδα,
2623 5181 2832 5254 μετρῶν
2870 5177 3081 5245 ἑαυτὸν,
3115 5178 3190 5239 ὡς
3238 5179 3266 5233 6
3323 5178 3582 5254 βασιλεὺς
3631 5178 3869 5234 ἐπέτατ-

2199 5282 2280 5334 τε,
2312 5263 2401 5317 καὶ
2449 5271 2566 5328 τοῖς
2616 5271 2726 5320 τῶν
2775 5262 2947 5342 ἔργων
3002 5271 3215 5340 καιροῖς
3275 5265 3518 5322 ἐπιοῦσιν
3580 5268 3871 5339 ὑπεξιστά-

2207 5370 2387 5424 μενος,
2418 5353 2508 5407 καί
2565 5376 2681 5417 πως
2731 5356 2930 5423 ὀκνῶν,
2959 5359 3039 5426 τῷ
3097 5353 3386 5428 ἀεικινήτῳ
3441 5362 3716 5430 παρεῖναι,
3775 5358 3870 5411 καὶ

2200 5443 2282 5512 τῷ
2336 5441 2620 5507 ἀθανασίας
2680 5443 2884 5517 ἐπαξίῳ
2955 5442 3182 5498 θάνατον
3253 5446 3368 5499 οἷον
3444 5447 3744 5522 τεχνᾶσθαι

2203 5527 2363 5604 ἀργίᾳ
2415 5536 2524 5587 τῶν
2601 5533 2930 5606 αἰσθήσεων,
2984 5533 3076 5586 καὶ
3145 5537 3255 5588 τῶν
3330 5531 3639 5590 σπουδαίων
3716 5529 3868 5608 ἔργω

2205 5615 2488 5693 δγκόπτειν
2514 5621 2605 5677 τὸν
2635 5629 2735 5690 τῆς
2763 5627 3036 5696 κοσμικῆς
3065 5619 3291 5698 δργᾶτην
3324 5625 3653 5690 συστάσεως.
