4136 6210
309 309 458 370 1017

1157 309 1563 375 MANUELIS
1609 310 1961 374 CUMNENI
2007 313 2400 376 LAUDATIO
2444 315 2858 378 FUNEBRIS.

3550 314 3704 375 1018

373 442 476 510 νῆ’.
509 437 690 515 ’Ύδωρ
748 440 842 514 μὶν
895 442 1045 515 αὐτῷ
1089 442 1252 522 φίλον
1303 465 1490 514 ποτον,
1541 441 1949 516 δελεαζόμενον,

2134 447 2223 501 58.
2256 449 2423 519 Aqua
2450 447 2563 520 ipsi
2586 454 2789 520 gratus
2820 452 3013 519 potus,
3036 447 3321 502 seducens
3351 447 3489 518 quia
3510 446 3569 501 in
3601 447 3700 501 de-

300 531 384 584 δτι
415 534 618 606 τρυφᾷν
648 527 756 585 δέει
804 531 939 606 πρός
986 553 1103 586 τινα
1153 533 1447 608 σκευωρίαν
1499 530 1705 603 ἡδονῆς
1736 532 1953 610 σώφρο-

298 640 387 686 να,
422 619 500 682 εἰς
526 621 585 688 ἢν
637 620 726 674 καὶ
778 622 806 675 ὁ
851 619 1053 694 γλυκὺς
1105 617 1392 694 συμϐολήν
1436 644 1558 676 τινα
1585 621 1952 698 παραμίγνυσι

297 707 574 780 κάλαμος’
637 704 714 763 ἔτι
765 729 829 783 γε
883 712 992 782 μὴν
1045 711 1205 766 καὶὸ
1257 711 1467 790 στύφων
1519 711 1713 787 χυλόςο
1765 707 1875 766 ἔστι
1908 710 1954 767 δ’

303 796 447 852 ὅπου
500 796 589 851 καὶ
644 798 828 871 ἠρέμα
880 799 1000 869 ὀξὺς
1057 801 1085 854 ὁ
1143 802 1402 875 κρίθινος.
1458 802 1519 856 Εἰ
1580 798 1637 856 δὶ
1676 802 1764 856 καὶ
1820 799 1954 874 οἷ’νῳ

303 883 637 961 προσδεήσει
674 889 979 962 χρήσασθαι
1017 930 1030 956 ,
1073 888 1200 945 ἀλλ’
1250 890 1449 952 δκεῖνος
1509 889 1804 965 ἀγλευκής·
1863 890 1954 945 καὶ

305 973 492 1044 ὀξίνης
536 972 806 1047 ἐκίρνατο,
864 976 950 1030 κσὶ
999 981 1116 1040 τοῖς
1171 977 1415 1033 πλείοσιν
1478 979 1789 1052 ἀπρόσιτος.
1856 979 1954 1033 Καὶ

305 1063 375 1131 ἦν
417 1067 580 1118 τοῦτο
636 1064 923 1138 βασιλικοῦ
973 1073 1246 1142 κρατῆρος
1293 1067 1584 1140 ἐπίσημον,
1645 1069 1756 1143 οὐχ
1812 1069 1954 1124 οὕτω

301 1151 598 1227 χαίροντος
624 1157 720 1206 τοῦ
752 1153 1022 1227 βασιλέως
1050 1159 1128 1226 τῷ
1157 1155 1364 1229 πόματι
1397 1157 1484 1230 (οὐ
1515 1158 1618 1232 γὰρ
1661 1155 1766 1227 ἡδὺ
1795 1157 1858 1212 τὸ
1885 1160 1954 1231 τῇ

293 1240 478 1314 γεύσει
535 1242 610 1315 μή
663 1243 974 1318 προσηνὲς),
1028 1245 1151 1299 ὀσον
1203 1249 1358 1320 οἶμαι
1407 1249 1955 1322 καταμηχανωμὲνου

294 1336 403 1398 τῆς
459 1327 592 1403 ἄγαν
642 1330 887 1405 ὀρέξεως.
950 1333 1044 1387 Καὶ
1105 1331 1224 1388 οῗδα
1281 1337 1416 1407 πρὸς
1465 1331 1740 1410 ἀκρίϐειαν
1788 1336 1955 1404 ἀσκη-

295 1419 396 1477 τᾶς
426 1415 621 1490 ἄνδρας
652 1424 899 1474 τοιοῦτον
933 1423 1144 1484 ἑαυτοῖς
1177 1417 1563 1498 οἷ’νοχοοῦντας
1594 1427 1858 1498 κέρασμα,
1885 1426 1958 1486 ὡς

299 1505 362 1560 ἃν
396 1511 832 1582 κατευμεγεθῶσι
863 1510 951 1564 καὶ
983 1511 1133 1566 αὐτοὶ
1165 1517 1261 1567 τοῦ
1293 1511 1442 1567 ἔνδον
1484 1514 1704 1589 ἐχθροῦ.

373 1615 471 1671 νϐ’.
507 1613 701 1668 Στάσιν
749 1613 806 1670 δὶ
864 1616 1071 1689 ὀρθίαν,
1121 1619 1149 1673 ὃ
1200 1617 1265 1688 δὴ
1317 1620 1405 1674 καὶ
1435 1619 1646 1695 ἐρβέθη,
1682 1621 1808 1676 ὡσεὶ
1867 1621 1955 1676 καὶ

299 1700 439 1756 κίων
500 1701 940 1776 ἐκπονησάμενος
993 1702 1264 1782 ἀστραϐὴς
1316 1709 1406 1762 καὶ
1464 1709 1780 1780 ἀναστηλῶν
1842 1710 1958 1765 ἐαυ-

297 1792 396 1845 τὸν
430 1792 523 1846 καῖ
567 1792 710 1846 οὕτω
768 1795 903 1870 πρὸς
959 1792 1228 1863 εὔκλειαν,
1288 1799 1368 1858 οἷς
1433 1798 1644 1873 ἀνεῖχεν
1706 1797 1840 1872 ὑψοῦ
1896 1801 1960 1855 τὰ

297 1882 565 1954 ἡμέτερα,
617 1881 817 1955 γόνατα
864 1882 1128 1957 κάμπτειν
1192 1885 1342 1948 αὖθις
1391 1888 1506 1959 Θεῷ
1558 1887 1728 1962 εὐχῆς
1785 1888 1957 1962 λόγῳ,

310 1969 402 2024 καὶ
464 1968 607 2024 οὕτω
665 1970 985 2046 πρεπόντως
1041 1973 1392 2048 ἀφοσιοῦσθαι
1465 1975 1525 2029 τὸ
1583 1975 1957 2050 γουνάζεσθαι,

315 2057 611 2135 ἀρχετύπῳ
639 2057 990 2133 παράμιλλος
1022 2063 1088 2130 ἦν
1120 2067 1197 2133 τῷ
1231 2063 1456 2138 μεγάλῳ
1505 2063 1688 2136 ἐκείνῳ
1739 2061 1958 2136 δικαίῳ,

315 2147 481 2220 οὗπερ
541 2147 593 2201 οἱ
648 2151 758 2202 τῶν
814 2149 1050 2224 γονάτων
1109 2149 1268 2206 τόλοι
1324 2152 1386 2206 τὸ
1445 2153 1618 2227 συχνά
1671 2155 1961 2228 γονυπετὲς

311 2235 596 2308 ἠγόρευον.
655 2238 751 2290 Καὶ
805 2237 947 2292 οὕτω
1001 2239 1064 2294 τὸ
1117 2238 1168 2294 ἐν
1232 2241 1612 2315 ἀριστεῦμασιν
1676 2241 1961 2315 ἀνάστημα

307 2324 786 2398 πεπραγμάτευτο.
819 2325 960 2382 Οὐδὲ
997 2328 1100 2402 γὰρ
1148 2327 1316 2404 ἐχρῆν
1368 2329 1460 2383 τὸν
1506 2329 1582 2394 εἷς
1624 2331 1750 2385 Θεὸν
1797 2351 1959 2385 κατα-

308 2411 532 2467 νεύοντα
585 2414 662 2486 μὴ
711 2415 1174 2488 κατεξανίστασθαι
1218 2422 1324 2472 τῶν
1377 2417 1604 2494 ἐχθρῶν,
1665 2417 1805 2492 μηδὲ
1853 2424 1961 2474 τῶν

307 2499 360 2572 ἐξ
416 2501 585 2574 ὕψους
637 2501 779 2558 οὕτω
833 2510 1042 2580 μακροῦ
1091 2507 1274 2562 ἑαυτὸν
1324 2512 1675 2562 ταπεινοῦντα
1726 2510 1802 2581 μή
1835 2508 1958 2563 θεό-

309 2601 396 2652 θεν
451 2590 735 2663 ὑψοῦσθαι,
787 2592 876 2646 καὶ
923 2597 1020 2649 τοῦ
1075 2593 1240 2670 μέχρι
1291 2597 1380 2650 καὶ
1431 2595 1508 2656 εἰς
1561 2603 1664 2671 γῆν
1705 2618 1961 2652 ταπεινο-

307 2683 470 2733 ποιοῦ
497 2675 915 2754 ἀντιλαμϐάνειν
944 2681 1145 2757 ὕψωμα
1175 2681 1417 2746 εὐκλείας
1443 2685 1715 2759 οὐράνιον.

381 2952 440 3022 ξ’.
474 2948 552 3006 Τὸ
605 2946 662 3004 δὶ
719 2946 1028 3025 βαδιστικὸν
1069 2950 1303 3007 ἐντεῦθεν
1355 2949 1769 3029 διαδεχόμενον,
1816 2951 1961 3010 ἀλλά

309 3038 398 3092 καὶ
448 3036 577 3092 αὐτὸ
633 3040 950 3115 καρτέρημα
1005 3041 1094 3109 ἦν.
1128 3041 1200 3096 Οὐ
1254 3043 1354 3118 γὰρ
1413 3041 1642 3099 ἀνέπαυε
1693 3041 1958 3115 λιπαροὺς

2069 534 2224 591 liciis
2256 537 2450 592 vivere
2483 542 2710 609 oportet
2733 538 2802 591 ad
2837 539 3153 607 quamdam
3187 535 3502 607 voluptatis
3558 535 3700 608 vigi-

2064 625 2309 681 lantiam
2342 629 2829 698 sapientem,cum
2855 643 2972 697 qua
3000 624 3189 680 dulcis
3219 624 3701 696 compositionem

2067 715 2381 784 quamdam
2415 717 2622 771 miscet
2649 715 2957 781 calamus;
3009 714 3202 768 adhuc
3259 719 3316 768 et
3370 713 3704 784 astringens

2065 811 2156 858 est
2185 820 2434 871 succus;
2468 805 2784 876 aliquando
2814 801 3015 858 leviter
3044 803 3276 857 acidum
3309 801 3616 857 hordeum.
3647 800 3708 856 Si

2066 906 2198 946 vero
2230 892 2363 947 vino
2387 893 2470 947 uti
2505 894 2733 964 egebat,
2776 892 2920 947 illud
2983 892 3259 946 acerbum
3310 889 3569 962 sumpsit
3605 914 3619 956 ;
3653 895 3710 946 et

2067 996 2341 1035 acescens
2371 982 2616 1036 mistum
2641 981 2830 1035 fuerat
2858 980 3212 1052 etplerisque
3260 978 3480 1034 idcirco
3531 995 3706 1050 repu-

2066 1083 2276 1139 gnans.
2311 1068 2468 1140 Regii
2492 1074 2687 1124 autem
2720 1067 2863 1123 illud
2898 1067 3089 1140 poculi
3119 1067 3348 1140 insigne
3383 1071 3530 1130 erat,
3590 1083 3705 1122 non

2064 1163 2181 1213 tam
2201 1159 2510 1227 gaudentis
2525 1160 2678 1229 regis
2699 1159 2982 1230 potu(non
3005 1159 3158 1213 enim
3176 1164 3262 1214 est
3291 1162 3523 1229 gratum
3547 1158 3703 1228 quod

2067 1245 2261 1316 palato
2293 1245 2706 1316 injucundum)
2763 1262 2962 1316 quam,
3023 1247 3250 1316 opinor,
3310 1249 3706 1315 temperanter

2068 1335 2434 1404 disponentis
2470 1335 2718 1389 nimium
2755 1335 3102 1405 appetitum.
3138 1333 3274 1388 Novi
3310 1333 3380 1387 ad
3425 1333 3705 1387 severita-

2067 1427 2183 1477 tem
2211 1439 2273 1478 se
2304 1429 2638 1478 exercentes
2655 1423 2807 1477 viros
2829 1422 3004 1477 talem
3029 1421 3142 1476 sibi
3170 1421 3475 1476 infundere
3499 1421 3707 1475 mistu-

2067 1527 2218 1580 ram,
2261 1528 2378 1582 qua
2407 1511 2466 1566 in
2499 1511 2831 1566 inferiorem
2868 1510 3092 1570 hostem
3133 1509 3418 1566 dominari
3460 1509 3708 1581 possint.

2137 1619 2226 1673 59.
2261 1620 2457 1674 Standi
2481 1636 2616 1675 vero
2651 1619 2890 1674 modum
2925 1623 3238 1689 arrectum,
3271 1619 3425 1690 quod
3482 1619 3708 1673 dictum

2068 1711 2177 1776 est,
2211 1709 2364 1762 sicut
2393 1707 2667 1762 columna
2692 1709 2951 1762 retinens
2984 1707 3223 1775 directa,
3284 1707 3368 1760 sic
3427 1706 3499 1760 ad
3548 1705 3712 1760 nobi-

2068 1795 2181 1851 lem
2218 1795 2484 1851 babiturn
2521 1813 2582 1852 se
2611 1812 2967 1868 componens
2999 1795 3056 1850 in
3090 1800 3373 1864 quantum
3407 1795 3466 1849 in
3527 1793 3713 1849 altum

2071 1890 2272 1941 nostra
2303 1885 2609 1955 sustinuit,
2642 1885 2852 1940 deinde
2882 1901 3076 1955 genua
3104 1885 3219 1940 Deo
3243 1884 3472 1940 ﬂectere
3515 1899 3715 1955 preca-

2067 1975 2293 2030 tionum
2320 1975 2527 2047 gratia,
2561 1978 2617 2029 et
2648 1974 2733 2030 sic
2755 1975 3028 2029 decenter
3077 1973 3412 2028 consecrari
3472 1972 3712 2026 modum

2069 2063 2412 2135 suppliciter
2439 2079 2625 2134 genua
2650 2063 2936 2118 ﬂectendo
2969 2063 3200 2128 orandi,
3231 2061 3546 2133 archetypo
3574 2078 3716 2132 prae-

2069 2153 2287 2208 cellens
2315 2158 2440 2208 erat
2471 2169 2682 2225 magno
2714 2153 2812 2207 illo
2839 2153 3024 2223 justo,
3057 2152 3228 2222 cujus
3273 2166 3529 2224 genuum
3581 2149 3713 2204 calli

2068 2241 2537 2298 testificabantur
2557 2242 2712 2312 quod
2750 2243 3082 2312 frequenter
3111 2257 3302 2313 genua
3328 2239 3710 2295 flectebat.Sic

2069 2330 2126 2385 in
2160 2331 2380 2402 optime
2410 2331 2590 2402 gestis
2613 2329 3000 2385 elevationem
3035 2345 3264 2385 servare
3297 2327 3712 2400 placebat.Non

2070 2419 2225 2474 enim
2254 2419 2556 2490 oportebat
2585 2435 2722 2473 eum
2743 2419 2839 2489 qui
2875 2435 2938 2474 se
2968 2423 3104 2474 ante
3125 2418 3307 2473 Deum
3361 2415 3714 2472 humiliabat

2071 2525 2181 2563 non
2211 2509 2511 2579 insurgere
2542 2507 2599 2562 in
2632 2507 2854 2573 hostes,
2894 2523 2998 2562 nec
3049 2523 3181 2562 eum
3244 2506 3343 2578 qui
3402 2511 3536 2578 post
3584 2511 3715 2558 tan-

2071 2601 2188 2650 tam
2221 2594 2603 2650 elevationem
2639 2595 3126 2650 bumiliatusnon
3160 2594 3230 2648 ad
3264 2593 3446 2648 Deum
3493 2591 3711 2648 exalta-

2068 2690 2184 2753 tur,
2219 2690 2275 2742 et
2307 2703 2407 2757 pro
2448 2685 2662 2740 virtute
2695 2703 2811 2758 qua
2851 2702 2913 2740 se
2934 2701 3120 2756 usque
3177 2686 3246 2739 ad
3299 2690 3512 2739 terram
3561 2683 3713 2753 abji-

2070 2774 2258 2830 ciebat
2289 2775 2820 2830 remunerationem
2854 2775 3115 2846 accipere
3146 2773 3556 2829 exaltationem
3587 2771 3711 2845 glo-

2068 2865 2168 2921 rite
2197 2865 2489 2920 caelestem
2502 2907 2514 2920 .

2139 2958 2227 3014 60.
2249 2959 2410 3024 Quod
2458 2975 2592 3013 vero
2639 2959 2786 3012 bene
2841 2957 3166 3025 incedebat,
3217 2956 3352 3010 inde
3409 2959 3710 3027 receptum

2070 3062 2185 3101 non
2210 3045 2406 3102 minus
2439 3045 2721 3118 sapientis
2746 3045 2849 3100 viri
2891 3044 3150 3100 ofﬁcium
3183 3049 3331 3099 erat.
3380 3043 3505 3098 Non
3553 3043 3710 3098 enim

307 3124 480 3188 πόδας
511 3125 896 3199 εἰλαπινάζων,
947 3126 1072 3184 οὐδὲ
1114 3128 1288 3185 ’ίππου
1330 3133 1629 3207 κουφότητι
1659 3131 1956 3206 αἰρομένου

2072 3136 2314 3191 cessavit
2346 3135 2589 3207 pingues
2622 3136 2798 3207 pedes
2829 3135 3004 3206 pedes
3035 3134 3102 3187 ad
3133 3133 3397 3205 apricum
3431 3133 3708 3204 proferre,

313 3216 450 3290 πρὸς
506 3215 678 3292 τάχος
735 3215 896 3272 εἰσαεὶ
955 3219 1082 3280 τοὺς
1143 3216 1382 3294 δρόμους
1431 3220 1724 3278 ἐπίστευεν.
1783 3218 1958 3278 Ἀλλά

310 3302 508 3374 δεῆσαν
574 3305 700 3368 τοὺς
751 3304 1109 3382 πεζοδρομεῖν
1171 3307 1628 3382 ἐπιστημονικοὺς
1677 3308 1958 3386 παρήλαυ-

307 3414 412 3462 νεν,
446 3393 546 3448 οὐκ
597 3395 834 3465 ἀπαξιῶν
880 3397 941 3451 τὸ
989 3396 1148 3466 πεζὸν
1199 3398 1334 3453 κατὰ
1379 3398 1442 3452 τὸ
1491 3398 1665 3454 πάλαι
1696 3399 1955 3473 Περσικὸν

313 3481 659 3560 ὑψηλόφρον,
693 3487 774 3546 οἷς
822 3483 983 3561 ἤρεσε
1024 3489 1385 3560 νομοθετῆσαι
1435 3486 1562 3564 δίχα
1592 3492 1686 3543 τοῦ
1728 3489 1844 3542 κατ’
1876 3489 1956 3542 οἱ·

307 3573 430 3626 κίαν
485 3573 783 3646 περιπάτου
829 3576 1032 3644 Λοιπήν
1086 3577 1310 3651 πορείαν
1369 3576 1447 3655 ἐφ’
1501 3576 1669 3633 ἵππου
1695 3578 1956 3641 τίθεσθαι.

311 3657 460 3715 ἀλλᾶ
513 3666 633 3724 ταῖς
694 3663 788 3731 μὲν
846 3663 1125 3739 ἀνάγκαις,
1173 3665 1263 3720 καὶ
1313 3665 1401 3722 ὅτε
1450 3664 1506 3721 δὲ
1541 3661 1824 3741 θρίαμϐοι,
1856 3667 1956 3734 τὴν

311 3748 574 3804 ὲππασίαν
615 3748 894 3827 ἐγκρίνων,
943 3757 1040 3808 τοῦ
1092 3751 1150 3808 δὲ
1181 3751 1379 3810 λοιποῦ
1408 3756 1534 3810 ποσὶ
1568 3755 1852 3832 χρώμενος
1884 3755 1960 3820 εἰς

309 3837 374 3891 τὸ
405 3838 685 3914 καρτερόν.

382 4014 474 4086 Ea‘.
501 4013 660 4072 Οὕτω
706 4017 773 4072 τὰ
821 4017 948 4081 τοὺς
996 4018 1243 4083 πολλοὺς
1296 4021 1592 4096 λυποῦντα,
1636 4021 1726 4078 καί
1763 4028 1842 4096 τῷ
1873 4022 1960 4078 ἕνα

305 4101 494 4178 γωνίῳ
550 4107 912 4182 πικράζοντα,
966 4110 1254 4186 κατεκῖρνα
1305 4110 1680 4187 γλυκάσμασιν
1737 4114 1956 4188 ἀρετῆς,

309 4193 396 4269 ὑφ’
446 4192 516 4262 ἦς
573 4195 662 4249 καί
722 4197 782 4251 τὸ
839 4197 1148 4271 ἀνεξίκακον
1209 4201 1508 4278 ἰπορίζιτο,
1554 4202 1956 4278 νωθρευόμενος

305 4281 426 4335 κατ’
458 4281 615 4354 ὀρθὸν
649 4281 811 4362 λόγον
841 4285 918 4350 είς
967 4285 1192 4362 ἄμυναν,
1225 4289 1314 4346 καί
1363 4291 1549 4366 καιρὸν
1581 4291 1654 4354 εἷς
1703 4293 1958 4366 ἐπιστρο-

305 4371 415 4448 φὴν
449 4368 693 4436 ἐνδιδοὺς
746 4381 864 4440 τοῖς
915 4377 1135 4439 ἑαυτοὺς
1185 4378 1578 4455 ἀποστρέψασιν
1627 4381 1701 4443 εἷς
1752 4379 1957 4457 φαυλό-

302 4480 468 4562 τητα,
523 4463 614 4568 ⁴τὸν
653 4470 904 4568 ’Σωτῆρα
959 4467 1188 4544 Χριστὸν
1248 4469 1422 4542 ἑαυτῷ
1478 4471 1746 4526 κάνταῦθα
1797 4481 1957 4545 προϊ-
1991 4505 2039 4568 D

305 4553 450 4602 στῶν
507 4550 585 4612 εἷς
643 4552 949 4629 ἀρχέτυπον
994 4558 1302 4628 μιμήσεως,
1353 4559 1442 4614 τὸν
1488 4559 1578 4615 καὶ
1610 4559 1697 4615 ἐπὶ
1746 4561 1960 4615 πάντων

305 4632 460 4704 ὄντα,
515 4638 604 4693 καὶ
648 4640 860 4696 πάντων
919 4651 1300 4719 προνοητικῶς
1358 4647 1709 4723 ἀνεχόμενονο
1750 4647 1812 4702 οὗ
1868 4640 1959 4703 καὶ

299 4725 372 4780 τὸ
401 4724 693 4804 αὐτουργὸν
739 4728 1012 4804 ἐμιμεῖτο,
1061 4733 1150 4788 καὶ
1197 4735 1258 4789 τὸ
1307 4734 1358 4790 ἰν
1409 4733 1593 4812 ἔργοις
1636 4733 1960 4792 αὐτοδιάκο-

303 4836 421 4886 νον,
453 4817 542 4872 καὶ
577 4817 812 4892 μάλιστα
840 4828 955 4886 τοῖς
1009 4823 1309 4899 μεγίστοις.
1342 4825 1418 4883 Οὐ
1470 4826 1572 4903 γὰρ
1602 4824 1769 4896 ἤθελε
1798 4827 1958 4903 χερσὶ

307 4904 406 4979 μὶν
439 4907 643 4983 ἑτέραις
695 4907 1031 4978 ἐκπονεῖσθαι
1069 4914 1132 4968 τὸ
1178 4912 1369 4984 καλὸν,
1415 4915 1573 4971 αὐτὸν
1621 4914 1679 4972 δὲ
1723 4922 1839 4979 τοῖς
1871 4917 1957 4972 ἀν-

307 4993 720 5072 δραγαθήμασιν
773 4999 1186 5081 ἐπιγράφεσθαι,
1247 5001 1365 5061 οὐδ’
1430 5004 1596 5068 ἀκοὰς
1651 5000 1903 5081 παραϐάλ
1933 5038 1956 5050 -

305 5082 427 5170 λειν
474 5091 591 5149 τοῖς
645 5089 953 5164 βασιλικοῖς
996 5093 1308 5166 πρακτίοις,
1360 5093 1682 5170 ὀφθαλμοὺς
1739 5092 1784 5150 δ’
1839 5093 1958 5150 ἔπι·

306 5169 559 5248 ϐάλλειν,
589 5179 677 5233 καὶ
711 5180 869 5256 χερσὶ
899 5175 1262 5238 καταϐάλλειν
1290 5183 1351 5238 τὸ
1383 5169 1583 5240 ἀντικεί
1595 5205 1774 5258 μενον.

378 5373 478 5448 εβ’.
549 5373 773 5448 ’Λμὲλει
848 5377 937 5432 καὶ
1013 5377 1285 5443 κινδύνοις
1359 5381 1544 5436 ἑαυτὸν
1603 5378 1954 5456 παρενετίθει,

302 5455 432 5524 ἔνθα
458 5483 540 5536 τῳ
584 5469 798 5539 στρατῷ
833 5464 1021 5531 ἄλλως
1068 5468 1134 5537 ἦν
1186 5470 1442 5548 ἄφυκτον·
1475 5471 1564 5526 καὶ
1615 5455 1798 5532 διδοὺς
1829 5468 1956 5524 ἐαυ-

301 5550 396 5606 τὸν
427 5548 531 5614 ἒως
561 5554 651 5609 καὶ
683 5553 760 5616 εἷς
789 5554 1032 5630 θάνατον,
1063 5557 1467 5630 κατηλλάττετο
1494 5565 1613 5625 τοῖς
1641 5557 1862 5622 λοιποῖς
1892 5559 1955 5615 τὸ

304 5639 592 5709 σώζεσθαι.
651 5646 806 5709 Ὅθεν
859 5645 950 5700 καὶ
1007 5643 1384 5724 ἰφιλοτιμεῖτο
1439 5653 1556 5712 τοῖς
1616 5645 1706 5704 διὰ
1756 5647 1954 5710 παντὸς

2069 3242 2173 3280 nec
2203 3241 2352 3296 equo
2383 3223 2656 3280 velociter
2694 3223 2948 3278 currenti
2983 3223 3056 3278 ob
3089 3221 3442 3275 celeritatem
3477 3235 3713 3290 semper

2067 3312 2447 3368 decursiones
2477 3311 2973 3384 prmscripsitﬁed
3012 3311 3109 3364 ubi
3146 3309 3452 3380 oportebat
3483 3324 3581 3362 eos
3613 3307 3713 3378 qui

2067 3402 2287 3456 assueti
2320 3409 2487 3456 erant
2512 3401 2760 3472 pedibus
2791 3415 3024 3454 currere
3054 3397 3560 3468 praagrcdiebatur,
3595 3413 3710 3450 non

2068 3489 2378 3561 indignum
2436 3488 2860 3559 interpedestre
2903 3491 3185 3558 reputans
3232 3486 3403 3556 juxta
3453 3490 3707 3540 veterem

2069 3580 2377 3634 Persarum
2411 3577 2877 3648 morem,quibus
2909 3575 3125 3647 placuit
3155 3573 3314 3630 domi
3345 3574 3583 3646 quidem
3606 3590 3709 3644 pe-

2068 3668 2242 3723 dibus
2276 3668 2360 3722 uti
2391 3667 2461 3722 ad
2485 3665 3001 3732 deainbulandum,
3035 3663 3094 3718 in
3121 3663 3340 3718 caeteris
3367 3669 3564 3718 autem
3614 3661 3708 3717 iti-

2070 3755 2310 3812 neribus
2341 3772 2489 3828 equo
2519 3771 2752 3825 semper
2778 3753 3038 3819 vehi,sed
3073 3753 3128 3806 in
3165 3751 3621 3807 necessitatibus
3652 3754 3710 3806 et

2069 3847 2305 3918 quando
2361 3843 2701 3916 triumphus
2757 3841 3174 3915 equitationem
3223 3839 3595 3909 admittebat,
3640 3840 3712 3896 de

2068 3939 2273 3991 caetero
2306 3935 2552 4006 pedibus
2585 3937 2819 3988 strenue
2837 3931 2942 3987 uti.

2136 4026 2225 4080 61.
2260 4024 2353 4080 Sic
2371 4041 2499 4095 quas
2521 4021 2722 4077 multis
2738 4037 3070 4077 aerumnosa
3093 4024 3234 4076 sunt
3253 4023 3311 4076 et
3326 4019 3375 4076 ei
3401 4017 3500 4090 qui
3521 4024 3710 4074 certa-

2068 4115 2330 4170 minibus
2356 4129 2530 4169 assue
2564 4114 2751 4167 factus
2784 4115 2873 4166 est
2902 4127 3104 4165 amara
3151 4110 3515 4182 temperabat
3563 4107 3708 4162 mis-

2067 4221 2206 4260 cens
2254 4203 2487 4258 virtutis
2533 4200 2968 4268 dulcedinibus,
3028 4216 3146 4270 qua
3205 4200 3276 4254 ad
3336 4197 3707 4254 sanationem

2069 4292 2477 4365 perveniebat;
2509 4289 3100 4362 languescens,juxta
3131 4293 3349 4344 rectam
3400 4287 3712 4353 rationem,

2068 4382 2141 4437 ad
2182 4381 2500 4436 vindictam
2563 4384 2620 4435 et
2677 4384 2910 4450 tempus
2951 4378 3018 4432 ad
3079 4378 3515 4432 conversionem
3564 4375 3712 4430 dans

2068 4470 2140 4526 iis
2199 4471 2298 4542 qui
2354 4476 2412 4530 in
2478 4467 2763 4524 vilitatem
2836 4467 3296 4534 declinaverunt,
3353 4465 3711 4520 Salvatorem

2069 4559 2366 4616 Christum
2401 4558 2513 4615 sibi
2537 4557 2630 4612 hic
2661 4573 2993 4629 proponens
3018 4554 3364 4610 imitationis
3387 4551 3705 4624 exemplar.

2069 4663 2202 4702 eum
2227 4650 2324 4721 qui
2355 4666 2532 4721 super
2562 4664 2766 4702 omnes
2799 4650 2888 4700 est
2912 4650 2966 4699 et
2989 4643 3353 4716 providentia
3375 4658 3483 4696 sua
3511 4656 3712 4696 omnes

2070 4738 2348 4805 continet,
2383 4738 2554 4808 cujus
2600 4736 2778 4790 vitam
2836 4733 3192 4788 laboriosam
3241 4730 3606 4802 eXprimebat
3648 4731 3714 4784 ut

2070 4826 2326 4882 hominis
2358 4826 2457 4898 qui
2492 4825 2551 4880 in
2576 4823 2875 4896 operibus,
2902 4820 3228 4893 praesertim
3262 4818 3322 4874 in
3355 4817 3628 4874 maximis
3679 4832 3714 4871 a

2067 4914 2302 4972 nomine
2323 4914 2520 4986 juvari
2552 4912 2802 4969 volebat.
2835 4909 3031 4966 Noluit
3051 4909 3209 4965 enim
3241 4905 3446 4964 alienis
3471 4906 3710 4980 quidem

2065 5005 2341 5062 manibus
2373 5003 2646 5077 pulchras
2670 5002 2927 5058 actiones
2950 4998 3240 5055 laboriose
3271 4997 3709 5070 operari,seque

2065 5101 2259 5152 autem
2296 5094 2514 5165 ubique
2552 5092 2740 5147 virum
2760 5090 2966 5146 fortem
2988 5089 3262 5161 praebere,
3306 5104 3410 5143 nec
3439 5087 3710 5142 auditum

2067 5185 2240 5257 regiis
2269 5184 2544 5256 operibus
2576 5185 2872 5254 praestare,
2932 5177 3132 5234 oculos
3173 5193 3302 5233 vero
3359 5175 3599 5248 injicere
3654 5178 3710 5230 et

2066 5275 2342 5330 manibus
2369 5271 2704 5345 oppositum
2749 5269 3053 5341 projicere.

2133 5381 2433 5452 62.1taque
2447 5375 2726 5451 periculis
2743 5374 3129 5446 seobjiciehat
3161 5375 3258 5430 ubi
3288 5372 3574 5430 exercitus
3601 5370 3709 5426 ali-

2065 5475 2152 5526 ter
2180 5469 2393 5526 salvari
2425 5485 2540 5524 non
2564 5471 2812 5538 poterat,
2845 5481 3026 5538 seque
3083 5481 3269 5534 usque
3327 5463 3400 5519 ad
3459 5464 3708 5517 mortem

2064 5556 2647 5631 exponens,reliquos
2677 5552 2889 5609 salvari
2906 5550 3528 5625 permittebat.Exinde
3559 5549 3709 5605 inter

2062 5647 2277 5705 dilecta
2295 5651 2354 5704 et
2375 5661 2555 5719 super
2602 5641 2802 5701 omnia
2857 5641 3110 5700 habebat
3157 5640 3422 5715 corporis
3465 5637 3710 5695 vulnera
