4136 6210
423 300 576 362 1019

1195 286 1620 350 EUSTATHII
1663 280 2424 346 THESSALONICENSIS
2470 286 3056 350 ΜΕΤΒΟΡΟΜΤΑΞ

3679 288 3844 352 ιοεο

422 447 603 502 supra
659 426 1010 483 diadametis
1087 422 1367 493 fulgores,
1427 434 1492 472 ac
1569 414 1764 486 sigilla
1844 412 2066 469 ferebat

2189 419 2271 502 τοῦ
2330 417 2583 487 σώματος
2638 419 2939 492 τραύμασιν
3013 419 3156 495 ἤπερ
3230 427 3350 484 τοῖς
3402 421 3458 476 ἐν
3526 417 3838 491 διαδήματι

425 501 826 575 fortitudinem
885 513 1278 582 designantia.
1340 513 1552 575 Regem
1607 503 1843 575 quidem
1889 503 2070 573 igitur

2189 501 2536 576 ἰγλαὲσμασι,
2565 507 2655 559 καὶ
2703 505 2997 583 σφραγῖδας
3039 509 3237 572 ταύτας
3280 506 3487 583 ἔφερεν,
3529 507 3844 583 ἐγγεγλυμ-

421 608 809 680 contemplari
857 606 1044 671 illum,
1078 604 1176 657 sed
1226 600 1367 653 illud
1423 593 1836 654 successionis,
1893 607 2070 662 quam

424 703 580 757 Deus
613 699 721 772 ipsi
751 686 1569 757 extraordinarie.constituit,
1594 685 1948 738 conﬁrmans
1980 697 2072 735 re-

425 806 554 863 gem
590 770 723 844 eum
753 787 849 857 qui
906 785 1058 838 inter
1117 785 1326 835 fratres
1387 791 1630 845 magnos
1686 777 1744 828 et
1796 770 2073 842 pulchros

428 859 640 951 parvus
673 876 908 947 quidem
933 879 1074 927 tunc
1101 864 1601 939 erat.perpu|cber
1630 859 2071 930 vero,deinceps

426 985 561 1022 vero
602 965 914 1021 maximus.
954 964 1169 1016 Ducem
1201 974 1334 1011 vero
1366 971 1480 1008 non
1507 951 1798 1006 invenires
1854 947 2074 1018 ubique

429 1071 695 1130 quaerens
734 1054 886 1109 sicut
918 1065 1110 1121 regem
1143 1047 1332 1102 illum.
1366 1048 1511 1097 Nam
1562 1056 1661 1095 rex
1691 1037 1877 1110 quivis
1935 1040 2072 1105 (non

426 1127 718 1202 immerito
749 1141 1026 1201 dicimus)
1059 1139 1274 1192 ducum
1309 1135 1427 1187 dux
1456 1136 1564 1186 est.
1609 1127 1869 1200 Equitem
1932 1139 2077 1180 sane

425 1235 712 1307 optimum
740 1229 979 1292 vidisse,
1001 1233 1057 1282 et
1090 1226 1344 1297 peditem
1381 1227 1436 1274 et
1466 1224 1667 1274 contra
1693 1215 1957 1286 singulos
1982 1213 2075 1268 di-

426 1300 741 1380 micantem
773 1320 844 1374 ad
899 1317 1124 1371 fortiter
1165 1312 1507 1368 bellandum
1553 1308 1852 1372 idoneum,
1911 1308 1968 1357 et
2014 1300 2076 1356 in

422 1412 616 1485 prima
643 1411 830 1464 fronte
865 1404 1222 1478 praeliantem
1256 1404 1314 1455 et
1345 1395 1661 1454 terribilem
1705 1392 2074 1448 obsessorem

423 1478 480 1558 et
509 1501 860 1556 insidiarum
889 1493 1141 1566 peritum
1168 1487 1495 1544 molitorem
1513 1483 1854 1552 ceterisque
1884 1478 2076 1534 omni-

425 1592 536 1646 bus
568 1586 801 1660 praediis
834 1581 1158 1639 fortissime
1193 1597 1252 1632 se
1295 1575 1746 1635 immiscentem,
1777 1570 1898 1624 haec
1959 1583 2073 1621 non

425 1679 485 1734 in
518 1674 911 1734 successionis
942 1677 1149 1727 catena
1179 1661 1763 1737 ccmplicantur,1icet
1792 1676 1826 1712 a
1863 1669 2074 1728 genere

426 1783 610 1838 usque
642 1765 712 1819 ad
746 1780 883 1819 eum
933 1758 1368 1830 protrahantur,
1404 1755 1549 1808 bene
1596 1766 1728 1805 vero
1781 1742 2068 1817 frequenti

2183 594 2342 664 μένας
2372 596 2435 647 τὸ
2475 592 2743 667 ἀνδρικόν.
2797 597 3032 652 Βασιλέα
3083 599 3177 669 μὶν
3233 598 3322 652 οὖν
3372 601 3601 672 θεωρεῖν
3652 597 3839 664 αὐτὸν,

2182 681 2327 736 ἀλλὰ
2368 688 2527 737 τοῦτο
2569 682 2858 760 διαδοχῆς,
2903 689 2964 754 ἦν
2998 688 3125 748 Θεὸς
3171 685 3489 761 παραδόξως
3540 689 3701 757 αὐτῷ
3731 685 3842 742 διέ-

2183 781 2326 838 θετο,
2357 771 2631 847 ἐπικρίνας
2662 773 2739 836 εἷς
2798 774 3024 847 βασιλέα
3062 777 3154 830 τὸν
3187 775 3239 830 ἑν
3269 774 3531 850 ἀδελφοῖς
3568 773 3842 850 μεγάλοις

2180 879 2239 913 τε
2276 860 2367 913 καὶ
2407 859 2602 922 καλοῖς
2652 865 2844 934 μικρὸν
2903 865 2997 935 μὲν
3050 869 3372 934 τηνικαῦτα,
3400 863 3708 918 κάλλιπον
3762 861 3842 929 δὲ,

2184 947 2261 1008 εἷς
2313 945 2370 1002 δὶ
2416 949 2478 1002 τὸ
2523 948 2674 1004 ἐπιὸν
2722 951 2811 1006 καὶ
2861 953 3139 1027 μέγιστον.
3192 954 3502 1029 Στρατηγὸν
3557 951 3618 1008 δὲ
3649 953 3752 1007 οὐκ
3782 953 3840 1007 ἂν

2185 1033 2268 1104 εἴη
2327 1036 2519 1113 πόρρω
2569 1037 2666 1093 τοῦ
2721 1040 2810 1094 καὶ
2882 1041 3025 1096 οὕτω
3082 1042 3307 1118 βασιλέα
3372 1041 3789 1104 διασκέπτεσθαι
3825 1088 3838 1100 .

2183 1127 2334 1181 Ἔστι
2387 1127 2491 1202 γὰρ
2549 1128 2804 1203 βασιλεὺς
2861 1131 2998 1192 ἅπας
3061 1132 3186 1202 (οὐκ
3232 1129 3335 1202 ἔξω
3387 1130 3558 1206 λόγου
3617 1132 3842 1203 εἰπεῖν)

2185 1220 2504 1289 στρατηγῶν
2557 1218 2877 1293 στρατηγός.
2929 1221 3187 1290 Ἱππότην
3244 1220 3427 1292 μέντοι
3476 1219 3704 1295 ἄριστον
3750 1241 3840 1274 τε-

2185 1303 2422 1360 θεᾶσθαι.
2501 1306 2591 1360 καὶ
2668 1308 2984 1382 πεζομάχον
3021 1351 3035 1376 ,
3092 1309 3183 1363 καὶ
3252 1308 3578 1384 μονομάχον
3642 1308 3840 1384 ῥώμην

2183 1392 2411 1446 πνέοντα
2443 1436 2457 1461 ,
2511 1395 2602 1448 καὶ
2632 1396 2957 1471 πρόμαχον,
3019 1398 3110 1452 καὶ
3164 1397 3552 1474 πολιορκητὴν
3601 1397 3842 1452 δεινότα-

2181 1503 2292 1551 τον,
2323 1485 2412 1539 καὶ
2446 1484 2653 1562 λόχους
2698 1488 2928 1556 καθίζειν
2982 1487 3176 1560 δεξιὸν,
3216 1490 3304 1544 καὶ
3355 1488 3579 1552 λοιπαῖς
3607 1489 3845 1550 ἀπάσαις

2183 1581 2431 1647 παρεῖναι
2491 1578 2694 1652 μάχαις
2744 1578 3098 1651 θερμότατον,
3151 1583 3317 1634 ταῦτα
3376 1577 3433 1634 δὲ
3489 1578 3673 1634 οὐκέτι
3729 1577 3845 1632 δια-

2184 1661 2357 1740 δοχῆς
2410 1665 2595 1720 ἁλύσει
2641 1666 3028 1738 συμέπλεκται,
3089 1667 3134 1722 εἰ
3182 1669 3272 1722 καὶ
3325 1666 3384 1723 ἐκ
3434 1668 3632 1742 γένους
3681 1669 3844 1735 me?“

2183 1774 2272 1807 κεν
2301 1750 2430 1828 ἄχρι
2462 1754 2552 1808 καὶ
2587 1753 2664 1815 εἷς
2695 1755 2880 1823 αὐτὸν,
2915 1757 3194 1826 ἀσκήσεως
3232 1754 3289 1812 δὲ
3333 1755 3576 1828 ὁτιμάλα
3607 1763 3849 1831 συχνῆςο

435 1811 610 1838 ’νυμον
642 1811 712 1819 ἰ’-
748 1811 883 1819 '---
933 1811 983 1830 r~
1010 1811 1023 1812 ί
1067 1811 1076 1812 ί
1357 1811 1368 1824 ι
1885 1811 1900 1817 -

435 1856 708 1913 oriuntur
747 1869 815 1908 ex
844 1847 1254 1907 exercitatione
1284 1851 1338 1898 et
1361 1839 1723 1916 permanenti
1763 1838 2077 1892 consuetu-

2338 1811 2387 1828 Ιισι
2652 1811 2661 1815 '
2867 1811 2879 1823 '
3038 1811 3049 1826 Ι
3175 1811 3192 1820 ⁷
3274 1811 3279 1812 ⁷
3346 1811 3349 1812 ⁷
3424 1811 3435 1828 Ι
3682 1811 3724 1831 ἡ
3780 1811 3791 1825 ⁸
3810 1811 3822 1816 ⁷

2189 1841 2273 1895 καὶ
2302 1837 2496 1917 τριϐῆς
2527 1840 2798 1915 διαρκοῦς,
2848 1845 2938 1899 καὶ
2988 1845 3364 1920 ὀργανώσεως,
3395 1848 3462 1916 ἣν
3519 1845 3689 1920 φύσις
3725 1844 3847 1920 ἐφι-

429 1947 586 2012 dine,
614 1948 670 1999 et
692 1956 1044 2014 organorum
1072 1933 1701 2007 compositione,quam
1727 1931 1940 1981 natura
1961 1927 2070 1982 sub

2189 1901 2511 2006 katéivna'sv
2547 1901 2648 1986 ὑπδ
2677 1901 2797 2005 Θεῷ
2821 1901 3182 2011 ἀρχιτέκτονι.
3327 1901 3364 1915 η
3419 1901 3430 1916 ι
3532 1901 3545 1924 λ
3669 1901 3686 1909 ⁷
3767 1901 3778 1920 ⁸

429 2039 665 2092 auctore
690 2033 805 2088 Deo
838 2028 1077 2101 peregit.

496 2142 588 2196 63.
619 2139 809 2195 Nimis
833 2153 962 2192 vero
996 2131 1269 2205 repositis
1299 2129 1472 2186 bellis
1506 2144 1619 2184 non
1646 2143 1708 2182 se
1735 2123 2074 2179 immiscen-

429 2231 569 2286 dum
604 2227 827 2302 putavit
877 2241 1069 2281 rerum
1126 2223 1198 2277 ab
1237 2219 1471 2274 exordio
1529 2223 1585 2273 et
1642 2223 1902 2286 tempore
1959 2229 2074 2284 quo

429 2327 553 2375 tum
589 2317 892 2382 suscitata,
919 2319 1043 2368 tum
1078 2311 1352 2379 ambigua
1372 2309 1658 2362 aestimata
1701 2309 1886 2366 erant,
1922 2302 2075 2356 unde

432 2414 627 2465 autem
661 2421 901 2462 necesse
929 2408 1050 2458 erat
1080 2401 1136 2455 in
1172 2398 1365 2454 medio
1397 2397 1604 2451 adesse
1635 2410 1829 2465 regem
1861 2397 1918 2447 et
1958 2391 2076 2445 for-

433 2495 706 2553 titudinis
737 2509 911 2566 opere
941 2492 1231 2560 verboque
1279 2484 1708 2541 commilitones
1763 2481 2077 2537 accendere

435 2592 492 2642 et
522 2586 774 2641 fervidos
816 2582 1077 2638 reddere.
1110 2583 1232 2632 Non
1265 2591 1428 2631 sane.
1463 2575 1597 2628 licet
1617 2571 1890 2627 discrevit
1938 2569 2075 2642 (dis-

439 2677 774 2731 crevitvero
803 2673 861 2727 in
911 2670 1188 2725 omnibus
1245 2665 1425 2720 animi
1483 2663 1697 2731 ardor).
1742 2659 1970 2715 alienus
2020 2662 2078 2713 et

436 2767 800 2833 contemptor
853 2759 1192 2815 remanebat
1239 2755 1308 2810 ad
1368 2757 1556 2808 sortes
1613 2753 1992 2821 congregatas
2021 2753 2079 2803 et

435 2852 506 2906 ad
529 2850 774 2920 reliqua.
805 2853 955 2902 Sane
985 2845 1182 2901 exiens
1214 2844 1285 2898 ab
1320 2842 1554 2897 urbium
1612 2839 1834 2910 regina,
1892 2842 1950 2892 et
2008 2837 2075 2890 il-

433 2940 552 2996 lam
604 2956 728 3009 quaa
803 2952 981 3008 prope
1067 2931 1351 2988 bellantes
1407 2933 1531 2984 erat
1603 2926 1812 2983 castris
1870 2925 2078 2997 positis

438 3028 819 3100 oppugnabat
847 3023 1080 3096 partim,
1115 3038 1245 3077 vero
1279 3036 1377 3090 per
1416 3019 1676 3073 medium
1735 3016 2077 3084 imminens,

434 3133 614 3190 prepe
640 3114 909 3171 mittebat
929 3112 1207 3184 legiones,
1266 3115 1323 3166 et
1380 3109 1463 3162 sic
1515 3105 1866 3178 operabatur
1906 3107 2078 3175 prout

436 3174 612 3263 debet
641 3206 811 3272 Deus,
839 3202 934 3274 qui
973 3174 1088 3256 ulna
1118 3174 1394 3270 cumipso
1419 3213 1509 3251 res
1544 3174 1833 3267 propitius
1881 3174 2070 3248 susci-
2107 3174 2151 3242 (ἶ

433 3295 652 3368 piebat.
677 3294 745 3348 Et
793 3293 988 3347 sinon
1048 3305 1266 3345 novum
1322 3287 1461 3359 quid
1523 3290 1580 3340 et
1636 3297 1915 3354 magnum
1979 3297 2074 3336 ao-

429 3383 682 3451 cidebat,
709 3397 822 3436 non
851 3383 976 3434 erat
1005 3378 1212 3433 exinde
1253 3376 1439 3431 redire
1499 3373 1687 3444 regios
1735 3371 2076 3427 emissarios

429 3472 571 3546 quin
605 3485 776 3526 omne
808 3468 934 3524 loco
956 3469 1165 3523 idoneo
1193 3463 1662 3521 constituissent.
1689 3462 1835 3517 Nam
1896 3457 2074 3515 simul

429 3576 563 3618 cum
584 3559 733 3632 ipsis
763 3557 1010 3614 consilia
1040 3555 1359 3611 mandabat
1387 3552 1728 3624 imperator,
1772 3567 1872 3622 per
1929 3563 2075 3618 quos

430 3648 597 3721 quasi
635 3664 889 3719 presens
912 3647 1036 3718 ipse
1058 3650 1275 3716 tropaea
1310 3643 1729 3699 struebat.Non
1765 3639 1920 3695 enim
1953 3641 2078 3692 erat

434 3740 606 3810 cujus
629 3738 782 3792 bona
813 3735 1113 3807 proposita
1144 3749 1257 3788 non
1284 3729 1693 3788 successerint.
1725 3727 1780 3782 Si
1804 3742 1936 3782 vero
1982 3725 2077 3780 vel

429 3827 718 3882 exercitus
751 3823 923 3895 culpa
956 3821 1106 3878 male
1136 3819 1484 3877 succedebat
1511 3833 1730 3890 pugna,
1761 3819 1864 3870 aut
1909 3815 1958 3870 si
1982 3829 2076 3869 co-

429 3916 559 3989 pias
591 3913 886 3986 stipiendo
910 3910 1210 3966 frustravit
1231 3910 1593 3964 conabantur
1635 3906 1834 3972 duces,
1886 3902 2078 3958 exitus

427 4005 539 4060 iste
593 4008 651 4058 et
707 4001 886 4073 praelii
945 4001 1071 4056 alea
1120 4016 1235 4054 non
1287 3999 1356 4052 ad
1448 3994 1673 4068 optima
1720 3993 2078 4058 recidebant,

433 4091 671 4147 aliunde
701 4089 940 4161 quidem
965 4087 1159 4160 culpa,
1195 4089 1350 4159 regis
1398 4102 1531 4141 vero
1565 4099 1776 4140 manus
1834 4082 1906 4138 ab
1968 4081 2078 4137 hac

432 4179 635 4235 alienae
658 4181 845 4233 erant.

500 4286 590 4342 64.
624 4284 720 4341 Sio
753 4284 990 4356 quidem
1026 4281 1262 4339 insolita
1310 4282 1550 4354 gerebat
1599 4279 1908 4336 exercitus.
1963 4277 2079 4332 Nec

433 4393 567 4432 vero
600 4373 787 4431 cuivis
828 4373 884 4429 in
921 4381 1191 4444 promptu
1224 4376 1380 4426 esset
1436 4370 1706 4441 pluribus
1735 4368 1877 4423 talia
1933 4383 2076 4423 enu-

443 4462 1014 4534 merasse.Pleraque
1032 4461 1186 4515 enim
1209 4459 1335 4531 ipse
1366 4459 1568 4514 talium
1602 4473 1843 4529 operum
1877 4472 2078 4528 aggre-

2255 2128 2346 2202 ξγ’.
2381 2130 2517 2192 Ταῖς
2580 2129 2675 2202 μὶν
2737 2130 2827 2184 οὖν
2890 2130 3022 2204 ἄγαν
3083 2130 3393 2206 ὑπερορίοις
3449 2131 3663 2205 μάχαις
3721 2128 3845 2185 οὔτε

2183 2215 2344 2278 αὐτὸς
2374 2212 2550 2291 ἔκρινε
2600 2215 2716 2274 δέον
2762 2225 3028 2293 παρεῖναι,
3073 2224 3169 2274 τοῦ
3218 2218 3467 2284 ἀνέκαθεν
3508 2215 3729 2295 χρόνου
3781 2221 3847 2274 τὶ

2189 2306 2381 2378 μεταξῦ
2429 2307 2496 2361 τὰ
2542 2307 2636 2379 μὲν
2697 2306 3204 2381 ἐκπολεμώσαντος,
3260 2310 3326 2364 τα
3384 2305 3443 2363 δὲ
3500 2308 3556 2364 ἐν
3613 2308 3848 2380 ὖπόπτῳ

2184 2395 2431 2468 Θεμένου’
2489 2396 2605 2450 ὅθεν
2667 2397 2756 2451 καὶ
2812 2397 2879 2465 ἦν
2929 2397 3157 2472 ἀνάγκη,
3190 2399 3325 2472 πρὸς
3382 2419 3465 2470 τῳ
3525 2397 3683 2470 μέσῳ
3717 2399 3848 2452 εἶναι

2183 2484 2275 2538 τὸν
2313 2485 2557 2560 βασιλέα,
2607 2487 2693 2540 καὶ
2738 2484 2961 2562 καρδίας
3009 2485 3158 2563 λόγῳ
3188 2487 3254 2542 τὰ
3282 2486 3434 2562 πέριξ
3467 2486 3702 2550 θάλπειν
3759 2487 3848 2540 καὶ

2189 2578 2496 2649 ζωογονεῖν.
2556 2575 2684 2632 Οῧτ’
2735 2575 2817 2644 ἂν,
2879 2573 3028 2650 εἷ’περ
3085 2575 3246 2640 αὐτὸς
3293 2571 3497 2652 ἔκρινεν
3554 2570 3765 2649 (ἔκρινε
3795 2573 3850 2630 δὶ

2187 2661 2240 2716 ἐν
2300 2666 2461 2718 ἅπασι
2517 2665 2580 2719 τὸ
2634 2671 2734 2734 τῆς
2792 2668 2978 2740 ψυχῆς
3037 2667 3200 2736 ζέον),
3260 2663 3625 2731 ἀδυσώπητος
3687 2661 3846 2737 ἔμενε

2185 2751 2324 2825 πρός
2353 2773 2416 2826 γε
2443 2757 2539 2807 τοῦ
2571 2752 2878 2827 συγκλήτου
2911 2752 3138 2830 λάχους,
3170 2753 3261 2808 καὶ
3290 2759 3386 2808 τοῦ
3418 2752 3652 2812 λοιποῦ.
3678 2754 3847 2826 ’Δμέο

2188 2838 2388 2912 λειξκαὶ
2423 2839 2706 2915 προελθὼν
2731 2848 2832 2910 τῆς
2874 2839 3157 2916 βασιλίδος
3199 2843 3307 2897 τῶν
3340 2843 3582 2912 πόλεων,
3616 2843 3714 2896 καὶ
3744 2844 3846 2912 τὴν

2186 2926 2273 2982 ἐπὶ
2303 2929 2429 2991 τοὺς
2475 2927 2780 3002 πολεμίους
2830 2937 2906 3000 πῆ
2965 2929 3062 3002 μὲν
3093 2927 3224 3006 διχῆ
3284 2931 3463 3004 τεμὼν
3499 2935 3582 3002 τῷ
3612 2951 3845 3004 στρατο-

2185 3015 2505 3090 πεδεύματι,
2545 3025 2620 3087 πῆ
2685 3016 2742 3073 δέ
2799 3018 2889 3073 καὶ
2951 3020 3362 3094 ὑπερμεσώσας,
3411 3018 3728 3090 ἐξέστελλεν
3757 3018 3846 3092 ἐγο

2187 3107 2357 3181 γύθεν
2400 3107 2463 3161 τὸ
2522 3110 2930 3182 στρατιωτικὸν,
2987 3109 3076 3162 καὶ
3121 3109 3539 3184 κατεπράττετο,
3591 3110 3686 3162 οἷα
3715 3108 3848 3168 Θεὸς

2188 3193 2386 3266 ἐδίδου,
2416 3196 2444 3250 ὁ
2472 3200 2579 3250 τῶν
2633 3193 2801 3272 ἔργων
2853 3195 3000 3262 αὖτῷ
3055 3191 3692 3270 συνεπιλαμϐανόμενος.
3738 3197 3846 3250 Κᾶν

2186 3283 2232 3338 εἶ
2289 3286 2365 3356 μὴ
2418 3285 2600 3339 καινόν
2660 3306 2712 3340 τι
2764 3284 2853 3340 καὶ
2912 3285 3053 3360 μέγα
3111 3287 3554 3354 συνεπεπτώκει,
3613 3287 3722 3341 οὐκ
3780 3286 3850 3352 ἦν

2183 3373 2506 3447 ἀναστρέψαι
2565 3373 2692 3437 τοὺς
2752 3371 3074 3450 βασιλικοὺς
3111 3373 3310 3438 ἐκεῖθεν
3360 3372 3729 3442 ἀποστόλους,
3765 3375 3845 3446 μή

2182 3463 2253 3539 τὸ.
2299 3468 2403 3516 πᾶν
2462 3461 2514 3517 ἐν
2573 3461 2729 3535 καλῷ
2786 3466 3242 3535 καταστήσαντας.
3302 3465 3683 3538 Συνεξέπεμπε
3737 3465 3845 3540 γὰρ
3895 3477 3910 3489 ⁸

2184 3549 2410 3615 ἐκείνοις
2459 3553 2486 3606 6
2525 3551 2874 3626 αὐτοκράτωρ
2924 3551 3296 3628 βουλεύματα,
3345 3550 3415 3607 δι’
3463 3551 3540 3607 ὧν
3572 3552 3648 3614 ὠς
3677 3551 3845 3612 αὐτὸς

2184 3642 2372 3717 παρὼν
2419 3640 2630 3717 ἐνήργει
2675 3642 2742 3697 τὰ
2783 3643 3039 3715 τρόπαια.
3088 3639 3228 3700 Οὖδὶ
3280 3642 3385 3718 γὰρ
3415 3642 3481 3711 ἢν
3538 3640 3847 3716 βουλευσά-

2189 3750 2343 3803 μενον
2383 3731 2458 3802 μὴ
2519 3730 2620 3785 οὐκ
2674 3730 2974 3806 ἐπιτυχεῖν.
3033 3729 3095 3786 Εἰ
3143 3727 3202 3786 δέ
3230 3751 3336 3784 που
3366 3729 3401 3798 ἢ
3433 3734 3666 3804 στρατοῦ
3713 3729 3847 3784 ἀτα-

2185 3817 2380 3888 σθαλίᾳ
2409 3815 2646 3896 ἔσφαλλε
2688 3821 2756 3874 τὰ
2801 3827 2904 3888 τῆς
2957 3817 3162 3895 μάχης,
3194 3818 3229 3888 ἢ
3259 3819 3322 3874 τὸ
3353 3818 3707 3894 συμμαχικὸν
3733 3818 3843 3872 οὐκ

2185 3907 2476 3983 ἀπονήρως
2534 3907 2918 3984 ἰμισθοφόρει,
2975 3909 3143 3984 τυχὸν
3203 3905 3261 3962 δὶ
3323 3906 3467 3962 οὕτω
3521 3906 3609 3962 καὶ
3671 3901 3850 3968 κύϐος

2191 3996 2378 4073 μάχης
2431 3997 2493 4053 οὗ
2542 3999 2678 4076 πρὸς
2729 3999 2935 4073 ἀγαθοῦ
2964 3996 3208 4074 ἔρῥιπτο,
3245 3997 3440 4053 τούτου
3476 3997 3572 4070 μὲν
3599 3994 3844 4052 ἄλλοθεν

2185 4088 2248 4142 τὸ
2279 4085 2476 4158 αἴτιον,
2508 4089 2570 4142 τὸ
2607 4085 2891 4162 βασιλικὸν
2923 4085 2980 4142 δὲ
3009 4083 3166 4164 ἔργον
3202 4087 3461 4144 ἀναίτιον.

2261 4276 2318 4346 ξ’.
2354 4276 2454 4333 Καὶ
2514 4274 2657 4331 οδτω
2719 4276 2814 4350 μὶν
2871 4275 2936 4331 τὸ
2980 4282 3081 4346 τῆς
3127 4275 3408 4352 στρατείας
3440 4271 3854 4348 διῳκονομεῖτο

2190 4361 2440 4422 ἔκτοπον.
2495 4364 2604 4420 Οὐκ
2655 4365 2714 4420 ἄν
2769 4361 2828 4420 δέ
2881 4386 2988 4420 τινι
3054 4364 3332 4442 ἐγγένοιτο
3387 4364 3562 4440 συχνὰ
3612 4368 3856 4420 τοιαῦτα

2191 4453 2668 4530 ἐξαριθμήσασθαι.
2700 4454 2780 4511 Τὰ
2829 4453 3007 4510 πλείω
3047 4456 3147 4531 γὰρ
3195 4453 3359 4516 αὐτὸς
3404 4455 3632 4508 καὶτῶν
3663 4455 3856 4508 τοιού-

433 4553 726 4620 diebatur,
757 4568 872 4606 non
905 4550 1128 4606 steteris
1151 4553 1268 4604 tam
1302 4546 1577 4620 praeclara
1619 4546 1995 4602 committens
2026 4548 2077 4599 et

2189 4565 2292 4598 των
2351 4541 2522 4619 ἔργων
2571 4539 2842 4609 ἐπέϐαινε,
2884 4543 2984 4598 οὐκ
3030 4539 3174 4619 ἔχων
3226 4544 3430 4619 ἑτέροις
3457 4544 3523 4598 τὰ
3563 4540 3710 4596 οὕτω
3743 4545 3852 4614 μὲ-

435 4641 787 4716 periculosa.
822 4643 1051 4696 Norunt
1088 4639 1142 4694 id
1176 4637 1450 4694 Ciliceset
1479 4636 1763 4692 Armenia:
1795 4634 1999 4700 tribus,
2025 4637 2077 4689 et

2189 4654 2346 4708 γιστα
2375 4631 2644 4688 πιστεύειν
2687 4631 2779 4687 καὶ
2837 4629 3164 4688 ἐπικίνδυνα.
3215 4631 3436 4693 Κίλικες
3493 4629 3672 4686 οἴδασι
3720 4636 3854 4686 ταῦ-

435 4731 811 4804 Assyriorum
863 4733 1064 4801 gentes
1121 4733 1178 4783 et
1222 4742 1424 4782 omnes

436 4913 555 4964 tem
588 4925 701 4965 non
731 4909 894 4964 solus
923 4906 1240 4962 virtutibus
1263 4905 1571 4962 abundans
1585 4907 1749 4976 pater
1777 4901 2079 4971 cicuravit,

435 4999 534 5054 sed
569 5000 624 5053 et
649 5014 762 5052 non
789 4997 985 5051 minus
1017 5000 1231 5050 noster.
1258 4994 1420 5050 Ultra
1454 4994 1666 5048 Istrum
1697 5007 1832 5047 vero
1864 4990 1951 5046 sic
1981 5006 2080 5045 cu-

433 5085 703 5144 ourritut
734 5088 778 5141 si
813 5088 946 5158 quis
1006 5085 1248 5156 impune
1308 5081 1766 5138 inhabitantium
1824 5081 2079 5136 ferarum

434 5180 675 5234 venator
718 5175 863 5232 alias
911 5175 1084 5246 capit,
1140 5172 1272 5228 aliis
1332 5177 1659 5228 extremum
1715 5174 1938 5225 metum
1990 5169 2079 5224 in-

432 5265 606 5332 cutit;
642 5280 746 5320 nec
779 5263 921 5318 illud
951 5261 1151 5318 semol.
1189 5263 1342 5317 Nam
1376 5259 1689 5316 Alexandri
1738 5258 1881 5314 illud
1933 5262 2079 5328 erat,

430 5353 524 5410 vix
554 5352 654 5409 tali
685 5352 936 5408 transitu
971 5350 1361 5424 prmvalentis,
1395 5350 1596 5405 statim
1638 5348 1917 5421 fugientis
1966 5366 2082 5405 non

430 5440 1014 5512 retroinspicientis;
1051 5457 1164 5496 non
1197 5440 1352 5495 enim
1407 5439 1599 5496 locum
1651 5438 1951 5494 munitum
2000 5438 2084 5493 ci-

431 5529 668 5600 taveris,
699 5545 896 5600 quem,
931 5527 1157 5585 fortiter
1195 5544 1330 5583 cum
1362 5527 1486 5584 suis
1519 5526 1802 5600 urgendo,
1838 5543 1953 5582 non
1985 5543 2081 5582 ex-

433 5619 781 5688 pugnaverit
803 5617 1114 5674 Alexandri
1139 5616 1419 5689 prmelara
1444 5616 1650 5685 virtus,
1676 5614 1778 5687 qui
1798 5615 1856 5672 in
1889 5617 2080 5688 quali-

1508 4725 1609 4798 qui
1697 4722 2077 4780 orientalibus

2189 4744 2272 4794 τα,
2326 4724 2416 4778 καὶ
2472 4723 2732 4797 Ἃρμένια
2786 4722 2950 4798 φῦλα,
3008 4721 3099 4778 καὶ
3146 4723 3300 4797 γένος
3355 4721 3637 4796 ’Δσσῦριον
3672 4765 3686 4789 ,
3747 4721 3850 4776 καὶ

434 4819 576 4876 solis
608 4819 791 4875 radiis
813 4817 1244 4873 illuminantur.
1275 4816 1623 4888 Scytharum
1655 4829 1788 4868 vero
1820 4812 2081 4867 ferocita-

2190 4811 2408 4880 λοιπὸν,
2470 4811 2596 4867 ὅσον
2655 4813 3001 4890 πρωτοφαέσι
3066 4810 3258 4887 βολαῖς
3317 4810 3482 4881 ἡλίου
3556 4807 3856 4887 βάλλεται.

2192 4902 2462 4970 Σκυθικὴν
2512 4899 2570 4956 δὲ
2618 4900 2918 4979 ἀγριότητα
2948 4900 3010 4956 οὐ
3045 4901 3214 4973 μόνος
3243 4901 3272 4955 6
3312 4897 3712 4974 πολυαριστεὺς
3743 4919 3858 4954 πα-

2188 4993 2293 5067 τὴρ
2348 4992 2696 5068 ἡμερώσατο,
2755 4988 2903 5046 ἀλλὰ
2953 4991 3040 5046 καὶ
3094 4987 3250 5054 οὗτος
3292 4989 3374 5044 ἐπ’
3407 4985 3562 5044 οὖδὶν
3592 4985 3853 5045 ἔλαττον.

2188 5083 2430 5154 Ἴστερου
2489 5077 2547 5135 δὲ
2601 5079 2668 5136 τὰ
2721 5081 2888 5154 πέραν
2949 5079 3094 5134 οὕτω
3149 5076 3507 5152 κατέδραμεν,
3539 5076 3615 5141 ὦς
3664 5077 3712 5132 εί
3762 5079 3858 5132 καὶ

2191 5169 2359 5232 ἀδεῶς
2413 5190 2502 5233 τες
2558 5167 3095 5246 περιῳκοδομημένα
3151 5167 3317 5242 θηρία
3376 5170 3735 5241 κυνηγετῶν,
3793 5168 3861 5220 τὰ

2195 5259 2288 5333 μὶν
2348 5257 2582 5327 ἀλίσκει,
2641 5260 2709 5314 τὰ
2767 5255 2814 5313 δ’
2856 5257 2932 5320 εἷς
2984 5252 3153 5336 φόϐον
3210 5261 3370 5336 κινεῖ.
3425 5257 3530 5312 Καὶ
3587 5253 3722 5310 αὐτὸ
3755 5256 3860 5310 οὐκ

2193 5331 2414 5418 εἰσάπαξ
2445 5390 2457 5404 .
2510 5344 2868 5424 Ἀλεξάνδρου
2905 5331 3007 5424 γὰρ
3036 5350 3196 5402 τοῦτο
3247 5331 3441 5412 πάόος,
3472 5343 3857 5420 κατισχύσαν-

2188 5459 2282 5501 τος
2345 5436 2508 5511 μόγις
2555 5443 2656 5507 τῆς
2698 5436 2960 5508 τοιαύτης
2997 5437 3243 5512 γενέσθαι
3285 5435 3539 5511 περαίας,
3587 5433 3684 5488 καὶ
3739 5435 3854 5505 ἅμα

2191 5526 2520 5605 πεφευγότος
2580 5526 3010 5603 ἀμεταστρεπτί.
3071 5525 3170 5581 Καὶ
3226 5524 3326 5580 οὐκ
3380 5524 3447 5592 ἦν
3499 5521 3853 5596 ἐρυμνότητα

2192 5611 2407 5690 χωρίου
2467 5613 2655 5688 εἰπεῖν,
2706 5615 2777 5685 ἧς
2830 5615 2908 5688 μὴ
2962 5614 3107 5690 ταχὺ
3161 5611 3492 5688 περιεγίνετο
3538 5607 3706 5672 αὐτὸς
3730 5615 3852 5672 τοῖς
