4136 6210
287 335 437 396 1021

1138 335 1540 399 MANUELIS
1582 335 1932 398 CUMNLNI
1977 333 2372 396 LAUDATIO
2417 331 2830 394 FUNEBRIS.

3529 328 3686 390 1022

284 462 684 536 πραττομένοις
734 461 1178 538 ἐπιδεδημηκώς.
1227 463 1578 540 Ἀλεξάνδρου
1615 470 1775 520 τοῦτο
1838 485 1930 537 με·

2049 466 2144 520 bet
2193 464 2428 535 regione
2484 461 2748 518 Herculis
2804 461 3093 517 miracula
3147 460 3491 517 confutavit.
3542 461 3689 517 Nam

281 551 668 628 γαλούργημα,
703 552 760 614 ὅς
794 551 952 625 (ἔστω
990 555 1157 609 εἰπεῖν
1191 556 1350 628 ὅπου)
1410 556 1472 608 τὸ
1501 560 1598 608 τοῦ
1640 553 1940 629 Ἡρακλέος

283 642 480 713 σεμνὸν
541 641 878 718 ἀπήλεγχεν.
940 643 1136 700 Αὐτίκα
1187 646 1290 720 γαρ
1350 646 1378 698 6
1429 645 1523 716 μὲν
1574 644 1672 711 τήν
1711 644 1935 718 ’Ἄορνον

285 732 480 805 (πέτρα
511 727 569 785 δὲ
615 729 774 801 αὕτη,
824 731 916 786 τὸν
959 729 1116 787 Ἰνδὸν
1149 734 1392 805 ποταμὸν
1430 731 1772 804 ὑπομένουσα
1813 737 1936 798 ταῖς

283 819 464 894 ῥίζαις
510 820 1048 896 προσαρασσόμενον)
1106 821 1247 877 ἑλεῖν
1303 821 1403 876 οὐκ
1452 817 1633 897 ἔσχεν,
1691 821 1768 882 εἰς
1818 821 1938 896 τρὶς

284 909 383 981 μὲν
443 904 812 984 προσϐαλὼν,
868 910 1187 972 τοσαυτάκις
1248 908 1305 966 δὶ
1335 954 1349 979 ,
1409 912 1607 989 φησὶν,
1669 912 1938 984 ἀποκρου-

283 996 456 1059 σθείς⁶
516 995 873 1072 Ἀλέξανδρος
929 995 988 1053 δὲ
1046 997 1270 1070 εῗσάπαξ
1323 995 1738 1076 προσϐεϐηκὼς,
1800 998 1940 1058 εἷλεν

282 1084 588 1161 ἐγκρατῶς.

360 1180 445 1249 εἰ.
480 1178 546 1236 Εἰ
607 1179 702 1250 μὲν
761 1179 855 1235 οῦν
886 1180 1022 1254 πρὸς
1069 1179 1307 1244 πολλαῖς
1358 1186 1463 1236 τῶν
1495 1181 1710 1238 πόλεων
1769 1183 1937 1239 πόλλ’

284 1267 561 1343 ἐμόγησεν
614 1270 642 1323 ὁ
689 1269 959 1344 ἡμέτερος
1011 1269 1285 1344 βασιλεὺς,
1342 1272 1636 1347 πολιορκίᾳ
1677 1268 1942 1348 τριϐόμε-

280 1378 406 1426 νος,
455 1355 710 1428 πολέμου
761 1356 931 1430 νόμος
983 1359 1072 1413 καὶ
1101 1364 1283 1418 τοῦτο.
1342 1362 1498 1437 Ἔχει
1532 1359 1589 1417 δὲ
1627 1365 1661 1432 ἡ
1697 1382 1938 1437 συγγρα-

284 1447 389 1520 φὴ,
431 1447 522 1501 καὶ
576 1447 636 1507 ἅς
695 1447 806 1519 ἅμα
851 1468 911 1501 τε
969 1445 1095 1514 εἶδε,
1149 1448 1236 1502 καὶ
1287 1451 1382 1510 τὰς
1446 1451 1540 1523 μὲν
1598 1451 1936 1527 κατέρριψεν,

281 1535 420 1597 ’ὀσας
478 1535 578 1589 οὐκ
634 1535 802 1609 έγρῆν
849 1531 1118 1602 ἵστασθαι,
1173 1539 1270 1598 τὰς
1331 1537 1388 1592 δὲ
1439 1538 1642 1616 ἀφῆκεν
1705 1540 1937 1613 ἑστάναι,

281 1623 443 1686 ὅσαις
471 1625 534 1678 τὸ
564 1622 832 1678 συντελεῖν
868 1626 1000 1699 πρὸς
1049 1628 1206 1697 ἡμῶν
1267 1627 1355 1696 ἦν.
1417 1629 1674 1701 Ἀριθμὸν
1721 1627 1778 1684 δὲ
1821 1629 1941 1684 τοῦ·

277 1734 405 1774 τοις
460 1712 745 1782 ἐπιστῆσαι
806 1722 1178 1791 συγγραφικῆς
1222 1713 1375 1789 ἔργον
1427 1715 1792 1791 λεπτολογίας
1847 1718 1940 1772 καὶ

279 1801 430 1870 ὅλης
453 1799 648 1856 δέλτου
679 1802 960 1877 βούλημα.
1015 1801 1171 1858 Εἶδον
1217 1807 1419 1878 ἡμέραι
1475 1803 1572 1860 δύο
1600 1807 1731 1860 ποτε
1787 1806 1941 1862 πέντε

281 1890 484 1953 πόλεις
559 1889 1096 1966 ἀνδραποδισάμενον
1174 1894 1267 1948 τὸν
1341 1892 1513 1948 πολὺν
1568 1893 1937 1969 Ἀλέξανδρον.

288 1981 398 2036 Καέ
441 1980 649 2034 τούτων
699 1984 790 2036 οἷα
841 1982 934 2053 μὲν
989 1982 1084 2042 τὰς
1121 1987 1270 2057 τρεῖς
1320 1981 1522 2046 ἐκεῖνος
1562 1981 1790 2051 διέθετο,
1846 1984 1946 2040 οὐκ

285 2063 607 2144 ἀκριϐοῦσιν
675 2071 730 2123 οἱ
790 2069 858 2124 τὰ
901 2075 1127 2126 τοιαῦτα
1176 2070 1680 2145 φιλοπονησάμενοι
1709 2117 1723 2131 .
1778 2071 1846 2130 Ai’
1884 2095 1945 2149 γε

295 2159 408 2230 μὴν
459 2156 649 2212 λοιπαὶ
683 2155 779 2213 δύο
829 2157 956 2220 τοὺς
1001 2164 1150 2237 σφῶν
1198 2159 1440 2222 πολίτως
1467 2159 1636 2235 ἄρδην
1669 2163 1944 2237 ἀνῃρημέ-

287 2267 423 2308 νους
475 2245 762 2304 ἔκλαυσαν.
817 2248 923 2303 Καὶ
974 2248 1071 2303 οὐκ
1120 2247 1243 2304 οἶδα
1276 2251 1368 2322 μὲν
1403 2248 1569 2305 εἰπεῖν
1604 2253 1742 2326 πρὸς
1791 2252 1944 2327 ἀκρί-

291 2333 471 2402 ϐειαν,
524 2334 604 2409 έφ²
635 2338 744 2409 ὅτῳ
773 2342 927 2410 κακῷ
955 2339 1377 2414 προϋπάρξαντν
1437 2339 1542 2414 οὐχ
1582 2337 1696 2415 ἔχω
1756 2339 1812 2395 δὲ
1864 2343 1940 2414 μή

289 2425 520 2500 ἀπόρως
546 2423 714 2501 ἔχειν,
746 2426 799 2480 τί
837 2429 954 2491 ποτ’
988 2427 1048 2481 ἂν
1103 2431 1167 2496 ἦν
1215 2427 1387 2482 έκεῖνο
1449 2427 1602 2504 μέγα,
1663 2431 1691 2484 ’ὀ
1748 2431 1941 2484 τοσού-

285 2535 411 2578 τοις
450 2511 672 2589 ἀνδράσι
724 2514 998 2590 βασιλιίαν
1047 2516 1348 2590 ἐζημίωκεν
1377 2559 1390 2572 .
1440 2520 1698 2582 Ἐνταῦθα
1747 2517 1805 2574 δὲ
1852 2521 1940 2574 καὶ

285 2604 358 2658 τὰ
387 2603 621 2677 τρόπαια
672 2601 822 2658 οὐδὲν
875 2602 1104 2670 ἐλάττω,
1145 2606 1235 2660 καὶ
1283 2609 1346 2661 τὸ
1385 2605 1743 2680 ἁλισκόμενον
1803 2607 1940 2662 ἐσώ-

293 2699 438 2762 ζετο,
487 2692 576 2746 καὶ
629 2699 994 2767 περιεποιεῖτο
1043 2695 1119 2758 είς
1163 2695 1636 2771 εὖχρηστοῦμενον
1662 2718 1674 2729 ⁸
1715 2695 1804 2752 ’ίνα
1849 2698 1939 2752 καὶ

292 2781 462 2847 οὕτω,
511 2783 647 2844 καθᾶ
671 2781 760 2835 καὶ
799 2781 988 2836 ἀνόπιν
1049 2784 1076 2838 6
1137 2783 1304 2858 λόγος
1362 2783 1498 2858 ὀρθῇ
1545 2785 1714 2858 κρίσει
1747 2785 1940 2862 έζυγο-

293 2870 517 2941 στάτει,
575 2872 638 2924 16
685 2872 827 2925 θεῖον
882 2870 1174 2944 έπαύξηται
1229 2872 1507 2931 τάλαντον.
1569 2873 1636 2931 Ο’ί
1679 2879 1796 2938 πῶς
1842 2875 1940 2931 οὐκ

293 2958 356 3012 ἂν
406 2963 508 3013 τοῦ
559 2958 756 3014 λοιποῦ
791 2959 923 3036 ὑπὲρ
966 2967 1068 3028 τῆς
1108 2961 1390 3033 Ῥωμαίων
1421 2966 1521 3038 γῆς
1561 2963 1819 3038 πρόοιντο
1850 2965 1938 3020 καὶ

284 3049 391 3117 τήν
445 3048 629 3117 ζωὴν,
683 3045 958 3123 ἄνθρωποι
1009 3050 1218 3122 θανάτῳ
1277 3051 1371 3122 μὲν
1427 3052 1936 3126 περιτετυχηκότες,

285 3135 791 3208 πεφιλοτιμημένοι
842 3134 899 3192 δὲ
943 3138 1040 3200 τὰς
1081 3140 1261 3213 ψυχὰς
1308 3140 1444 3215 πρὸς
1483 3145 1578 3195 τοῦ
1613 3141 1937 3217 αὐτοκράτο-

2047 556 2141 610 hic
2164 556 2397 626 quidem
2429 560 2720 610 Avernum
2752 551 3055 624 (scopulus
3088 551 3182 607 hic
3215 553 3424 607 ludum
3468 553 3684 608 flumen

2047 645 2322 700 cohibens
2357 644 2648 699 radicibus
2688 641 3002 713 allapsum}
3050 658 3253 712 capere
3315 657 3430 696 non
3487 641 3689 708 valuit,

2048 735 2240 790 tribus
2296 735 2532 804 quidem
2588 731 2814 787 vicibus
2874 732 3137 795 molitus,
3185 730 3360 784 toties
3409 746 3559 796 vero,
3633 733 3699 784 ut

2049 823 2237 887 aiunt,
2262 841 2296 877 a
2321 821 2614 894 proposito
2645 821 2928 890 dejectus,
2985 819 3317 873 Alexander
3363 824 3561 874 autem
3603 833 3692 874 se-

2052 909 2165 965 mel
2195 911 2478 964 accedens
2505 909 2556 962 vi
2589 907 2842 979 subegit.

2120 1180 2209 1232 65.
2241 1177 2442 1248 Itaque
2471 1175 2706 1246 quando
2737 1174 2792 1228 in
2826 1173 3098 1246 plurimis
3129 1172 3375 1227 urbibus
3435 1171 3689 1227 multum

2048 1266 2308 1321 laborem
2352 1263 2672 1334 insumpsit
2719 1280 2816 1318 rex
2877 1268 3075 1317 noster
3125 1261 3391 1317 obsidere
3447 1277 3689 1329 conans,

2050 1356 2186 1411 belli
2226 1371 2294 1411 ea
2310 1359 2558 1410 sorsest.
2575 1353 2804 1407 Habent
2831 1367 2966 1406 vero
2982 1349 3242 1416 annales,
3259 1355 3316 1404 et
3345 1365 3493 1420 quas
3516 1349 3693 1405 simul

2046 1445 2214 1516 vidit,
2281 1445 2386 1500 has
2445 1444 2684 1515 quidem
2747 1441 2956 1497 delevit
3013 1444 3303 1511 quotquot
3367 1443 3524 1495 stare
3570 1455 3687 1494 non

2049 1535 2356 1607 oportebat
2381 1551 2393 1601 ;
2418 1532 2525 1588 has
2553 1548 2691 1586 vero
2717 1547 2949 1586 manere
2973 1528 3106 1585 sivit
3135 1544 3340 1585 omnes
3367 1544 3492 1599 qua
3517 1527 3688 1583 nobis

2049 1625 2435 1697 adjungenda
2467 1628 2650 1678 erant.
2691 1624 2904 1678 [lorum
2927 1637 3061 1676 vero
3124 1636 3440 1675 numerum
3498 1622 3691 1673 texere

2049 1714 2348 1770 annalium
2402 1713 2832 1768 recensentium
2865 1709 3208 1781 singulatim
3231 1714 3320 1763 est
3353 1713 3409 1762 et
3437 1706 3573 1762 libri
3605 1712 3692 1762 to-

2049 1805 2168 1858 tius
2190 1818 2303 1857 res.
2337 1801 2623 1856 Viderunt
2654 1800 2778 1855 dies
2809 1801 2924 1854 duo
2955 1799 3094 1852 olim
3128 1797 3392 1868 quinque
3421 1797 3598 1851 urbes
3630 1795 3689 1850 in

2055 1893 2393 1948 servitutem
2428 1891 2695 1945 redactos
2725 1905 2760 1943 a
2791 1903 3000 1958 magno
3034 1886 3381 1940 Alexandro.
3434 1886 3692 1949 Quarum

2053 1987 2172 2038 tres
2196 1981 2431 2053 quidem
2465 1978 2758 2051 quomodo
2788 1976 3073 2045 tractarit,
3126 1991 3244 2028 non
3298 1973 3538 2044 pracise
3593 1973 3695 2027 de-

2053 2071 2294 2141 signant
2314 2069 2355 2124 ii
2375 2085 2522 2141 quos
2553 2066 2693 2122 talia
2722 2067 2950 2120 tradere
2967 2064 3257 2118 videmus.
3287 2064 3514 2115 Catera
3571 2060 3698 2114 dua

2057 2162 2213 2214 cives
2235 2160 2304 2214 ad
2333 2154 2786 2212 internecionem
2822 2168 3002 2208 casos
3033 2151 3337 2206 ﬂeverunt.
3396 2152 3513 2202 Nec
3564 2146 3696 2218 qui-

2053 2249 2183 2303 dem
2217 2248 2336 2303 scio
2379 2246 2535 2301 unde
2583 2242 2977 2299 narrationem
3037 2239 3330 2294 malorum
3387 2235 3690 2308 incipiam,

2051 2354 2194 2392 sane
2252 2335 2448 2391 nescio
2496 2333 2792 2406 quodnam
2846 2345 3127 2401 magnum
3192 2326 3501 2383 distrimen
3561 2330 3692 2381 tan-

2052 2432 2141 2481 tos
2163 2425 2316 2479 viros
2349 2440 2522 2493 regno
2557 2420 2816 2490 privarit.
2844 2419 2987 2474 Inibi
3015 2433 3148 2473 vero
3179 2423 3238 2472 et
3294 2421 3513 2486 tropaea
3570 2431 3687 2469 non

2055 2516 2299 2579 minora,
2333 2519 2391 2568 et
2424 2513 2577 2584 quod
2610 2512 2952 2581 cuptumest
2982 2506 3322 2562 servabatur
3347 2511 3403 2560 et
3434 2499 3691 2559 reserva;

2053 2605 2222 2659 batur
2251 2605 2320 2657 ad
2365 2602 2664 2656 meliorem
2699 2603 2912 2654 sortem
2943 2621 2957 2662 ;
2987 2597 3164 2666 idque
3195 2593 3692 2663 quemadmodum

2051 2700 2222 2751 antea
2248 2708 2438 2747 sermo
2488 2693 2646 2745 recta
2685 2687 3051 2758 judicatione
3107 2684 3437 2738 astimabat
3470 2682 3695 2754 ponde-

2051 2801 2210 2849 rans,
2245 2781 2505 2836 divinum
2542 2783 2856 2849 augeretur
2886 2774 3195 2829 talentum.
3229 2772 3336 2838 Qui
3394 2770 3690 2842 quomodo

2050 2892 2164 2930 non
2197 2873 2268 2927 de
2297 2876 2502 2926 catero
2535 2884 2710 2939 super
2743 2866 3135 2920 Romanorum
3168 2868 3385 2917 terram
3419 2859 3690 2931 projecis-

2049 2963 2400 3025 sentvitam,
2430 2958 2696 3013 homines
2730 2958 2976 3008 mortem
3033 2951 3266 3021 quidem
3317 2948 3530 3014 sortiti,
3588 2947 3690 3018 qui

2049 3054 2276 3108 animas
2309 3065 2442 3104 vero
2474 3047 2546 3101 ab
2579 3047 2928 3116 imperatore
2961 3041 3314 3103 habuerunt,
3339 3044 3396 3094 et
3437 3037 3593 3106 large
3624 3053 3692 3092 ea

2049 3158 2175 3212 qua
2199 3140 2267 3194 ad
2291 3137 2467 3192 vitam
2501 3152 2564 3189 su
2578 3134 2805 3188 fficiunt
2833 3127 3490 3192 obtinuerunt?Quibus
3509 3131 3565 3181 et
3586 3124 3690 3180 ali-

288 3244 408 3299 ρος,
441 3224 578 3299 πρὸς
629 3222 686 3278 δὶ
736 3226 822 3280 καὶ
872 3231 994 3288 τοῖς
1045 3226 1121 3289 εἷς
1174 3226 1290 3302 βίον
1337 3227 1558 3303 ἀρκοῦσι
1606 3214 1941 3284 καταντλού-

2053 3236 2140 3284 ter
2161 3227 2507 3288 sulficiebat,
2533 3225 2603 3278 ad
2638 3238 2844 3293 pugna
2869 3217 3331 3290 provocationem
3351 3214 3559 3270 bellica
3586 3214 3692 3268 dos

292 3333 451 3385 μενοι
500 3311 783 3387 δαψιλῶς;
819 3317 918 3376 Οἴς
966 3315 1056 3370 καὶ
1089 3314 1273 3378 ἄλλως
1321 3317 1518 3388 ἀρκοῦν
1570 3317 1705 3390 πρὸς
1757 3322 1942 3392 μάχης

285 3400 575 3476 έρεθισμὸν
624 3403 687 3456 τὸ
739 3401 1100 3476 ένπολέμοις
1145 3405 1205 3459 οὐ
1259 3405 1422 3478 μόνον
1473 3401 1756 3460 ἐκϐοᾶσθαι
1805 3407 1940 3477 πρὸς

279 3494 385 3545 τοῦ
435 3489 704 3565 βασιλέως
730 3493 798 3546 τὰ
821 3492 897 3554 εἲς
933 3493 1027 3548 τὸν
1061 3492 1339 3550 Ἐνυάλιον
1387 3491 1747 3570 διεγερτήρια,
1793 3492 1939 3551 ἀλλά

279 3579 377 3633 καὶ
407 3578 566 3634 αὐτὸν
595 3580 840 3656 προθέειν
867 3585 974 3636 τῶν
1009 3579 1194 3637 ἄλλων
1229 3582 1306 3647 εἷς
1335 3580 1511 3659 ἔργον,
1539 3583 1629 3638 καὶ
1661 3583 1938 3659 προαρπά-

284 3666 391 3738 ζείν
423 3669 512 3723 τὸν
542 3669 822 3748 στέφανον.

357 3775 451 3846 ξέ.
501 3781 597 3832 Ἢν
647 3776 747 3852 γὰρ
803 3782 884 3850 τῷ
938 3773 1052 3833 ὄντι
1098 3780 1401 3854 παραθῆξαι
1461 3781 1555 3852 μὲν
1615 3780 1691 3843 εἷς
1749 3779 1937 3856 μάχην

285 3863 476 3940 λόγοις
498 3866 762 3940 Τυρταίου
807 3865 1086 3943 ῥητορεία,
1141 3867 1174 3937 ἢ
1241 3869 1512 3941 Τιμοθέου
1569 3869 1704 3946 πρὸς
1765 3869 1932 3942 μέλος

283 3955 544 4029 ἅρμοσις,
598 3956 670 4009 ὧν
732 3956 761 4010 6
809 3955 902 4029 μὲν
948 3953 1128 4027 ᾅδεται
1179 3961 1328 4019 τοῖος
1376 3957 1510 4012 εἶναι
1563 3956 1640 4020 εἷς
1685 3956 1931 4033 πόλεμον

280 4043 518 4117 ὀτρῦναι,
546 4042 622 4105 ὡς
672 4041 858 4114 δεξιῶς
908 4042 1052 4120 ἔχειν
1103 4044 1335 4122 ἐρεθίσαι
1369 4045 1446 4109 είς
1478 4046 1724 4110 θάνατον’
1754 4049 1929 4122 Τιμό-

275 4133 398 4194 θεος
433 4128 489 4186 δὶ
520 4132 612 4187 τὸν
663 4131 838 4188 πολὺν
883 4133 1234 4210 Ἀλέξανδρον
1277 4133 1422 4207 ᾅδων
1473 4137 1604 4192 ποτὶ
1634 4136 1708 4200 είς
1759 4137 1929 4210 θυμὸν

274 4217 508 4293 ἐκμῆναι
567 4221 848 4294 Ἀρεϊκὸν,
904 4223 992 4278 καὶ
1052 4229 1234 4278 πεῖσαι
1289 4225 1427 4300 πρὸς
1485 4221 1630 4280 ὅπλα
1677 4223 1924 4301 δραμεῖν,

271 4307 349 4370 ὡς
406 4307 453 4363 εἷ’
497 4309 589 4364 καὶ
631 4307 880 4384 πόλεμος
924 4309 1166 4368 ἐνίστατο
1196 4330 1208 4343 ⁸
1268 4315 1688 4390 προθυμηθῆναι
1739 4312 1796 4370 δὲ
1846 4314 1923 4379 εἲς

271 4390 458 4472 ἔργον,
525 4398 805 4472 ἀστραπῆς
866 4397 1010 4475 ἔχων
1080 4396 1309 4473 ἔξαλμα,
1365 4399 1522 4477 ἔργου
1573 4399 1630 4458 δὲ
1679 4405 1922 4479 γενέσθαι

269 4490 404 4561 πῦρ,
449 4485 587 4558 ὕΛης
616 4485 998 4563 δραττόμενον.
1033 4491 1135 4546 Καὶ
1185 4487 1294 4546 ἔστι
1344 4491 1434 4546 καὶ
1482 4496 1648 4547 ταῦτα
1685 4497 1793 4548 τῶν
1825 4494 1924 4550 οὐκ

2054 3335 2167 3372 non
2198 3317 2388 3371 solum
2425 3318 2659 3368 auctore
2714 3325 2847 3380 rege
2894 3305 3250 3361 inclamandi
3302 3319 3438 3357 voce
3494 3301 3692 3356 Martis

2049 3404 2407 3472 excitatoria,
2440 3401 2539 3456 sed
2573 3405 2630 3453 et
2661 3413 2916 3470 pugnam
2942 3412 3056 3465 pra
3091 3394 3222 3449 aliis
3257 3391 3569 3447 inchoandi
3631 3393 3687 3444 et

2049 3509 2294 3550 coronas
2320 3486 2680 3563 reportandi.

2113 3787 2184 3839 66
2245 3784 2382 3839 Erat
2409 3781 2564 3837 enim
2598 3779 2791 3852 reipsa
2829 3793 3146 3833 accensura
3175 3774 3412 3846 quidem
3454 3774 3525 3829 ad
3577 3790 3682 3845 pu-

2043 3890 2218 3948 gnam
2251 3871 2612 3928 carminibus
2639 3867 2846 3942 Tyrtai
2877 3864 3232 3938 eloquentia,
3265 3867 3366 3919 aut
3386 3861 3680 3919 Timothei

2043 3979 2298 4030 carmen,
2332 3976 2583 4032 quorum
2605 3957 2751 4014 alter
2779 3955 3013 4030 quidem
3049 3956 3412 4010 memoratur
3459 3951 3520 4007 in
3568 3949 3690 4006 bel-

2041 4051 2163 4106 lum
2243 4051 2473 4106 animos
2546 4046 2890 4119 inspirasse,
2967 4048 3024 4099 et
3094 4043 3163 4098 ad
3225 4045 3474 4096 mortem
3556 4055 3686 4111 pro-

2037 4157 2306 4197 vocassee
2329 4138 2611 4204 feliciter;
2643 4135 2988 4192 Timotheus
3028 4149 3162 4189 vero
3211 4146 3496 4203 magnum
3549 4127 3682 4184 Ale-

2034 4231 2348 4295 xandrum,
2401 4231 2668 4295 cantans,
2728 4224 3026 4296 quondam
3083 4221 3142 4276 in
3191 4221 3448 4276 furorem
3521 4233 3679 4274 mar-

2035 4319 2184 4375 tium
2213 4316 2564 4374 convertisse
2594 4320 2653 4370 et
2675 4315 2935 4370 suasisse
2957 4317 3023 4367 ut
3067 4311 3141 4367 ad
3195 4327 3360 4366 arma
3417 4310 3678 4364 curreret

2035 4407 2202 4481 quasi
2234 4405 2499 4479 pralium
2531 4405 2813 4470 instaret;
2849 4403 3064 4457 arsisse
3092 4415 3227 4455 vero
3259 4399 3317 4453 in
3349 4413 3518 4468 opus,
3555 4393 3675 4450 ful-

2032 4498 2196 4570 guris
2229 4497 2451 4567 impetu
2483 4494 2748 4563 citatum,
2777 4491 2970 4564 operis
3001 4505 3132 4545 vero
3161 4487 3286 4543 ﬂeri
3315 4487 3533 4558 ignem,
3559 4499 3673 4554 quo

269 4573 377 4630 οἵδ’
429 4578 510 4639 οἷς
563 4577 854 4652 ἀγνώστων
883 4622 896 4635 .
943 4579 1049 4636 Ναὶ
1091 4581 1192 4656 γάρ
1242 4579 1320 4643 εἰς
1365 4579 1583 4658 ἀνδρίαν
1631 4587 1919 4659 κραταιοῦ-

2047 4587 2278 4643 nateria
2305 4585 2781 4641 eonsumebatur.
2809 4581 2937 4636 Haec
2968 4581 3040 4635 de
3071 4577 3201 4633 istis
3231 4574 3427 4631 nescio
3459 4573 3675 4644 quibus

263 4666 391 4719 σθαι
433 4665 525 4720 τὸν
583 4665 919 4740 ὑμνούμενον
956 4666 1208 4740 ἔκδηλον,
1252 4669 1398 4732 ὅσοις
1448 4670 1540 4725 καὶ
1571 4671 1920 4748 αὐτοκράτωρ

261 4752 507 4828 ἔγνωστο
541 4754 692 4830 (ὅσον
721 4756 821 4832 γὰρ
860 4763 960 4826 τῆς
989 4763 1090 4832 γῆς
1115 4791 1180 4800 -
1202 4758 1268 4827 ἦν
1303 4756 1359 4814 δὲ
1382 4759 1444 4814 τὸ
1466 4759 1602 4815 ἅπαν
1624 4759 1722 4814 τοῦ
1746 4761 1923 4816 οἰκου-

265 4841 437 4914 μένου
482 4844 774 4915 τμήματος
809 4877 875 4886 -
923 4843 1112 4917 αὐτῆς,
1158 4843 1269 4900 οἶδε
1299 4847 1544 4924 θάτερον,
1579 4845 1692 4904 οἶδε
1738 4849 1828 4904 καὶ
1857 4851 1920 4905 τὸ

261 4929 530 5005 λοιπὸν),
603 4930 856 5007 βασιλεὺς
904 4938 1188 5011 πανταχοῦ
1237 4941 1341 5012 γῆς
1389 4934 1783 5012 περιᾳδόμενος
1829 4937 1922 4994 καί

260 5014 515 5092 ἀνδρεῖος
547 5017 646 5074 οὐκ
674 5015 814 5076 ἔστιν
855 5021 1008 5076 ὅπου,
1045 5023 1120 5095 μὴ
1153 5025 1253 5088 τῆς
1301 5023 1595 5099 οἷκησίμου
1641 5033 1767 5103 γῆς.
1801 5029 1921 5083 Ἐν-

257 5109 434 5170 ταῦθα
477 5105 562 5170 τίς
610 5107 668 5162 ἃν
721 5102 845 5184 ἔχοι
897 5111 1081 5165 ἑαυτὸν
1134 5111 1520 5188 ἀπασχολῆσαι
1559 5102 1677 5177 τοῖς
1723 5113 1920 5194 ἀνδρα-

260 5196 571 5271 γαθήμασι,
619 5202 792 5274 καιρῷ
844 5199 1043 5276 βραχεῖ
1093 5202 1495 5278 μετρούμενος;
1549 5200 1740 5261 Βίϐλοι
1791 5205 1919 5262 ὅλαι

259 5285 568 5342 καὶταῦτα.
603 5281 1025 5367 Βιϐλιογραφιῖν
1077 5287 1135 5346 δὲ
1181 5295 1274 5347 νῦν
1330 5291 1414 5356 τίς
1468 5293 1529 5349 ’ἀν
1579 5295 1847 5366 αἰτήσειεν
1880 5296 1916 5367 ἢ

257 5372 611 5444 ἀπαιτήσειαν
636 5393 651 5445 ;

332 5569 425 5641 ξζ’.
484 5573 881 5646 Ἀναμνηστέον
935 5579 1032 5630 τοῦ
1094 5576 1334 5653 μεγάλου
1390 5579 1598 5638 ἑκείνου
1637 5580 1909 5655 πολίμου,

255 5659 312 5716 έν
374 5661 422 5732 ᾧ
473 5662 641 5735 μόνος
691 5663 938 5720 ἁπάντων
996 5665 1174 5743 ὥσπερ
1239 5667 1541 5744 βασιλεῦων
1598 5673 1910 5750 ὑπερεῖχεν,

2031 4674 2420 4747 ignotis.Nam
2446 4677 2600 4728 certe
2621 4668 2959 4724 fortitudine
2978 4663 3312 4736 prapollere
3335 4678 3470 4717 eum
3500 4675 3675 4731 quem

2033 4765 2424 4830 celebramus,
2478 4759 2717 4815 evidens
2795 4761 2884 4812 est
2936 4753 3211 4810 omnibus
3267 4750 3365 4820 qui
3423 4749 3676 4819 impera-

2030 4864 2215 4911 torem
2276 4853 2562 4908 noverunt
2612 4849 2925 4920 (quotquot
3002 4842 3160 4898 enim
3221 4855 3400 4912 super
3456 4843 3674 4894 terram

2030 4947 2197 5000 erant
2228 4947 2424 4996 autem
2454 4953 2659 4996 omnes
2687 4935 2964 4991 habitata
3000 4933 3182 5004 partis
3232 4930 3291 4985 in
3325 4933 3502 4995 terra,
3565 4942 3672 4982 no-

2031 5036 2235 5088 verunt
2265 5045 2473 5095 unum,
2507 5030 2800 5083 noverunt
2829 5029 2885 5080 et
2942 5020 3240 5093 alterum),
3303 5035 3402 5074 rex
3454 5017 3672 5088 ubique

2030 5127 2319 5178 terrarum
2352 5117 2686 5174 celebratus
2717 5120 2773 5170 et
2804 5113 2990 5180 fortis,
3025 5111 3243 5182 ubique
3277 5109 3333 5164 in
3370 5107 3542 5164 terris
3572 5105 3676 5160 ha-

2028 5211 2152 5266 bita
2181 5209 2229 5265 is
2261 5206 2625 5264 occurrebat.
2651 5204 2796 5260 Inibi
2831 5202 2963 5274 quis
2989 5216 3089 5269 per
3111 5199 3409 5256 modicum
3442 5201 3675 5265 tempus

2028 5299 2228 5357 oculos
2258 5298 2417 5355 abiis
2441 5295 2717 5368 praclare
2747 5291 2929 5366 gestis
2961 5288 3229 5346 avertat?
3261 5284 3418 5342 Libri
3469 5281 3669 5340 cuncti

2026 5391 2120 5448 his
2151 5388 2483 5445 redundant
2511 5404 2524 5453 ;
2556 5384 2736 5440 libros
2765 5399 2897 5439 vero
2929 5395 3088 5436 nunc
3117 5377 3372 5434 scribere
3403 5373 3538 5445 quis
3568 5388 3668 5444 pe-

2025 5481 2172 5536 teret
2189 5477 2278 5534 vel
2309 5477 2723 5548 deprecaretur
2750 5473 2777 5528 ‘I

2092 5581 2631 5642 62.Memorandum
2656 5576 3168 5651 magnumhellum
3192 5574 3250 5630 in
3270 5569 3661 5646 quoomnium

2023 5677 2187 5735 solus
2209 5681 2498 5747 tanquam
2529 5687 2622 5727 res
2679 5667 3000 5742 praevaluit,
3051 5667 3135 5724 sic
3178 5670 3237 5722 et
3291 5663 3499 5736 optimi
3555 5659 3664 5716 viri
