4136 6210
473 317 629 377 1023
1249 309 1667 374 EUSTATHII
1711 305 2484 370 THESSALONICENSIS
2529 305 3115 368 METROPOLITAE
3741 301 3900 360 1024

475 463 668 502 mores
726 462 953 517 gerens,
999 459 1060 499 se
1109 460 1140 498 a
1216 447 1378 497 tanto
1429 440 1636 496 bellico
1693 439 1949 496 tumultu
2005 437 2108 492 sal-

2268 433 2372 488 ὕτω
2402 435 2493 489 καὶ
2546 431 3087 510 ἀνδραγαθιζόμενος,
3146 434 3334 487 ἑαυτόν
3389 451 3448 486 σε
3492 431 3689 499 σώζων
3716 429 3773 498 ἐξ
3805 427 3901 482 οὗ-

473 555 616 592 vans
647 541 703 592 et
734 534 990 606 reliquos
1023 533 1078 587 in
1115 533 1308 586 sinum
1367 548 1542 585 suum
1606 530 1928 586 recondens
1984 532 2106 582 tan-

2266 544 2307 577 ω
2353 523 2593 597 μεγάλου
2661 523 2914 598 μαχίμου
2969 520 3271 592 κλύδωνος,
3333 521 3426 576 καὶ
3479 519 3608 580 τοὺς
3663 517 3899 579 λοιποὺς

475 643 652 698 quam
687 626 744 680 in
777 624 986 680 salutis
1018 621 1562 694 portum.Mercurio
1594 620 1832 690 quidem
1861 617 2108 674 similem

2259 610 2303 672 ἱς
2359 612 2544 666 ἑαυτὸν
2596 610 3018 679 κατακολπίζων
3069 612 3143 666 ὡς
3202 610 3278 673 είς
3331 609 3530 681 λιμὲνα
3589 609 3892 678 σωτήριον.

475 693 657 769 videri
688 729 819 768 eum
869 709 968 782 qui
1016 706 1351 780 apostolicis
1405 708 1777 762 sermonibus
1809 704 2108 776 el'ﬂugebat

2266 703 2406 773 Ερμῇ
2463 702 2556 773 μὲν
2599 699 2691 754 οὖν
2743 698 2949 755 εἶκάσαι
2998 700 3089 754 τὸν
3119 697 3508 758 ἀποστολικοῖς
3561 695 3764 770 λόγοις
3809 693 3899 750 ιλ-

478 801 798 858 Salvatoris
827 798 1040 855 Christi
1067 797 1423 868 discipulum
1459 795 1700 851 feliciter
1741 795 1954 850 accidit
2005 810 2111 847 non

2270 789 2586 862 αμπόμενον
2632 795 2731 844 τοῦ
2792 795 3051 862 Σωτῆρος
3103 790 3338 862 Χριστοῦ
3398 786 3650 859 μαθητὴν
3704 782 3897 838 ἰπιτυ-

476 896 712 965 propter
741 890 949 944 miram
976 891 1257 958 quantam
1282 902 1415 940 cum
1467 885 1721 956 imagine
1779 882 2090 939 similitudi

2266 883 2349 953 ,ὣς
2406 875 2586 954 ἔσχεν,
2647 879 2709 933 οὐ
2770 875 2859 933 διὰ
2914 879 2978 933 τὸ
3030 878 3170 932 πάνυ
3227 875 3368 951 μέγα
3423 879 3521 929 τοῦ
3549 881 3655 944 τῆς
3688 872 3899 934 εἰκόνος

478 959 636 1047 nem,
668 979 766 1034 sed
799 976 938 1048 quia
966 992 1136 1030 nemo
1168 975 1320 1029 inter
1375 974 1605 1028 Grzecos
1652 971 1760 1026 fuit
1817 973 1872 1026 in
1934 971 2111 1026 honor

2269 968 2687 1044 φομοιώματος,
2743 963 2870 1020 ἀλλ’
2910 965 2992 1020 ὅτι
3029 967 3104 1039 μὴ
3159 965 3251 1020 καὶ
3300 963 3385 1018 ἐπὶ
3420 962 3591 1018 πλέον
3623 963 3654 1016 ὁ
3685 959 3901 1030 Ἕλλην

478 1069 659 1123 rando
689 1065 950 1138 apostolo
981 1063 1324 1132 studiosior,
1370 1062 1691 1117 Barbarum
1747 1078 1878 1116 vero
1938 1076 2111 1131 genus

2268 1057 2378 1131 ιῗχεν
2428 1051 2744 1128 ἱμϐαθύνων
2813 1053 3088 1127 σεμνύνειν
3141 1054 3234 1109 τὸν
3295 1050 3640 1108 ἀπόστολον.
3704 1050 3785 1107 Τὸ
3845 1048 3901 1104 δὲ

476 1162 616 1212 tunc
647 1157 902 1211 Grzecam
929 1153 1280 1224 sapientiam
1315 1150 1612 1222 superavit
1666 1156 1722 1205 et
1779 1149 2109 1205 diviniorerr

2266 1139 2511 1221 ὶάρϐαρον
2563 1145 2688 1200 τότε
2744 1145 2843 1213 τήν
2895 1141 3231 1213 Ἑλληνικὴν
3301 1140 3492 1220 σοφίαν
3566 1134 3899 1213 ὑπερανὲεη,

475 1246 629 1301 infra
659 1263 721 1300 se
752 1243 978 1299 effluxit
1007 1241 1488 1313 intelligentiam,
1519 1245 1575 1293 et
1605 1239 1792 1311 angeli
1828 1239 1951 1294 loco
2011 1239 2108 1291 im-

2268 1236 2324 1288 αἱ
2389 1232 2660 1308 θειοτέραν
2711 1232 3048 1308 ἐσχημάτιζε
3110 1233 3235 1307 παρ’
3300 1233 3471 1299 ἑαυτῷ
3528 1229 3764 1295 ἔννοιαν,
3816 1231 3901 1282 καὶ

474 1343 798 1408 peratorem
831 1333 1190 1404 erigebat,et
1221 1330 1415 1384 adhuc
1437 1328 1619 1383 altera
1641 1328 1864 1383 meliori
1898 1336 2104 1382 natura

2274 1322 2473 1399 γγὲλου
2502 1323 2656 1395 τόπῳ
2684 1324 2777 1377 τὸν
2823 1321 3195 1397 αὐτοκράτορα
3235 1314 3625 1394 προσεόίῦαζε,
3687 1319 3780 1372 καὶ
3829 1314 3905 1371 ἔτι

478 1407 644 1496 quasi
680 1423 1070 1493 incongruum
1106 1420 1311 1474 fuisset
1345 1417 1618 1472 humanis
1640 1417 1915 1488 operibus
1947 1419 2111 1488 aequi-

2276 1414 2393 1486 τέρᾳ
2420 1411 2686 1486 κρείττονι
2717 1411 2893 1489 φύσει,
2953 1411 3029 1473 ὡς
3059 1410 3406 1484 ἀσύμμετρον
3449 1407 3507 1463 ὅν
3536 1408 3909 1483 ἀνθρωπίνοις

480 1529 684 1584 parare
717 1511 866 1566 facta
897 1515 1260 1581 portentosa.

2240 1497 2416 1576 ἔργοις
2445 1496 2782 1577 παραϐαλεῖν
2816 1502 2882 1555 τὰ
2913 1496 3230 1578 φαινόμενα.

549 1619 640 1672 68.
674 1616 895 1672 Necibi
929 1615 1114 1685 magis
1161 1623 1426 1668 nostrum
1482 1619 1571 1668 est
1622 1618 1858 1685 tempus
1917 1629 2130 1669 consu-

2311 1608 2411 1677 ξη’.
2455 1606 2550 1660 Καὶ
2611 1603 2723 1661 οὐδ’
2782 1604 3007 1670 ἐνταῦθα
3067 1605 3258 1661 πλεῖον
3317 1607 3454 1677 ἡμῖν
3527 1598 3645 1658 ἔστι
3698 1599 3910 1676 διατρί-

481 1704 927 1771 mere,sedsatis
960 1703 1037 1757 sit
1068 1703 1271 1758 saltem
1308 1704 1640 1757 auditorum
1675 1703 2017 1758 memoriam
2033 1719 2114 1757 ex-

2281 1717 2375 1763 ειν,
2419 1694 2545 1750 ἀλλ’
2593 1695 2628 1764 ἢ
2679 1695 2733 1757 ἐς
2780 1695 2902 1749 ὅσον
2968 1697 3284 1764 ἀνακινῆσαι
3341 1699 3460 1756 τοῖς
3520 1692 3914 1769 ἀκροωμένοις

482 1796 715 1859 citasse,
747 1809 860 1848 non
892 1793 1036 1846 alias
1070 1792 1348 1862 sopitum.
1380 1791 1562 1846 Nemo
1595 1791 1749 1846 enim
1792 1796 1911 1846 tam
1973 1808 2115 1845 som-

2282 1786 2340 1853 ἠν
2376 1787 2625 1857 μνήμην,
2683 1782 2807 1839 οὐδὲ
2865 1781 3051 1846 ἄλλως
3099 1780 3491 1847 καθεύδουσαν.
3552 1779 3761 1843 Οὐδεὶς
3814 1782 3915 1856 γὰρ

483 1883 755 1938 nolenlus
785 1886 872 1936 est
902 1887 966 1935 ut
999 1881 1054 1934 in
1093 1881 1308 1934 talibus
1341 1897 1550 1935 somuo
1575 1897 1690 1934 non
1723 1883 1995 1935 resistat:
2028 1882 2116 1935 sed

2290 1871 2416 1935 ita):
2451 1871 2714 1943 ὑπνηλὸς,
2747 1874 2822 1937 ὡς
2851 1873 3112 1928 ἀπολέσαι
3162 1874 3263 1941 τὴν
3314 1871 3366 1926 ἐν
3391 1873 3614 1932 τούτοις
3649 1869 3923 1946 ἐγρήγορο

481 1977 623 2027 tunc
653 1970 892 2042 quidem
925 1977 1092 2024 atate
1119 1969 1460 2038 viribusque
1518 1969 1731 2024 florens
1787 1976 1930 2039 erat,
1990 1987 2114 2040 ope-

2287 1984 2348 2020 ιν.
2405 1961 2583 2019 Ἀλλά
2637 1962 2763 2017 τότε
2834 1963 2928 2036 μὲν
3003 1964 3239 2036 ἀκμαῖος
3285 1963 3350 2030 ἦν
3399 1963 3499 2030 τήν
3543 1959 3780 2036 ῥώμην,
3833 1959 3920 2013 καὶ

482 2076 661 2131 raque
693 2058 968 2125 maxima,
1003 2075 1034 2112 a
1066 2073 1306 2128 corpore
1328 2073 1463 2112 vero
1501 2058 1616 2111 haec
1649 2058 1887 2112 robusto
1919 2064 1974 2113 et
2017 2057 2115 2113 elei

2288 2071 2374 2126 >γα
2436 2050 2660 2125 μέγιστα
2715 2051 2807 2124 μὲν
2837 2094 2850 2118 ,
2901 2050 3006 2105 ἀπὸ
3055 2051 3312 2122 σώματος
3361 2047 3406 2103 δ’
3457 2048 3643 2103 ἐκεῖνα
3695 2047 3921 2102 εὐτόνου

486 2149 780 2205 mentariaa
811 2147 1211 2217 temperantia:
1234 2147 1380 2200 bene
1429 2146 1763 2214 obcdienti;
1817 2163 1943 2216 qua;
1999 2164 2119 2202 verc

2288 2139 2330 2192 ιὶ
2387 2146 2487 2208 τῆς
2545 2143 2899 2214 στοιχειακῆς
2955 2139 3198 2215 κράσεως
3269 2138 3324 2192 εὗ
3401 2134 3678 2213 ἔχοντας’
3736 2138 3807 2191 τὰ
3865 2134 3921 2190 δὲ

486 2238 760 2308 deinceps
781 2235 1094 2306 extemplo,
1122 2235 1341 2306 quibus
1375 2235 1603 2289 Claudii
1636 2242 1796 2289 vetus
1831 2237 1970 2291 urbs
2004 2236 2119 2307 pul.

2293 2228 2401 2283 σὲτι
2453 2226 2712 2303 ἔναγχος,
2766 2231 2848 2291 οἷς
2887 2231 2921 2297 ἡ
2951 2233 3046 2282 τοῦ
3078 2224 3352 2283 Κλαυδίου
3380 2231 3552 2301 γραῦς
3595 2225 3776 2286 πόλις
3807 2225 3922 2280 ἐνε-

485 2327 679 2384 ohrior
709 2325 999 2398 apparuit,
1033 2325 1372 2378 mirandum
1406 2324 1564 2379 aliud
1596 2324 1733 2394 quia
1760 2325 1926 2379 ducis
1957 2342 2118 2396 opera

2285 2316 2652 2389 ιλλωπίσατο,
2705 2317 2847 2373 ἀλλο
2894 2321 3056 2372 τοῦτο
3084 2319 3284 2390 θαῦμα,
3334 2317 3416 2371 ὅτι
3447 2317 3539 2370 καὶ
3595 2320 3918 2390 στρατηγοῦ

468 2416 586 2475 ,illa
618 2432 730 2470 non
765 2430 1041 2486 prospere
1069 2415 1354 2484 firmeque
1385 2413 1709 2477 constituti,
1734 2415 1833 2468 sed
1867 2414 1959 2468 cui
2011 2431 2101 2469 me

2281 2425 2374 2480 >γα
2406 2405 2580 2461 ἐκεῖνα
2630 2406 2730 2460 οὐκ
2774 2407 3176 2479 εὐθηνουμὲνου
3205 2405 3305 2471 ,εἰς
3344 2405 3571 2475 εὐεξίαν,
3629 2402 3769 2458 ἀλλ’
3799 2403 3914 2458 οἵου

485 2505 596 2560 rito
626 2503 1001 2559 tribuendum
1037 2502 1224 2556 curari
1258 2507 1314 2556 et
1335 2519 1538 2556 curare
1569 2503 1832 2574 seipsum
1865 2509 1921 2558 et
1969 2520 2118 2558 revo-

2281 2493 2401 2567 ξίως
2443 2493 2589 2570 ἔχειν
2628 2495 2985 2568 τημελεῖσοαι
3035 2495 3125 2549 καὶ
3174 2499 3491 2567 νοσοκομεῖν
3546 2494 3767 2560 ἑαυτὸν,
3826 2495 3914 2548 καὶ

487 2609 620 2648 care
651 2591 803 2663 quod
838 2591 1110 2646 sanitatis
1139 2590 1410 2662 perierat,
1447 2593 1680 2661 quando
1733 2597 1858 2646 erat
1912 2598 2120 2647 natura

2278 2583 2626 2648 νακαλεῖσθαι
2683 2586 2745 2640 τὸ
2805 2591 2902 2654 τῆς
2967 2584 3165 2660 ὑγιείας
3215 2581 3489 2647 ἀπελθόν’
3554 2582 3650 2638 ὅτε
3699 2583 3797 2637 καὶ
3849 2584 3911 2651 ἦν

486 2692 542 2736 et
573 2680 754 2736 studii
787 2678 945 2734 lucta
971 2697 984 2748 ;
1008 2679 1168 2734 illius
1191 2678 1512 2735 dictitantis
1543 2680 1694 2750 quod
1730 2680 1836 2735 sibi
1875 2697 2119 2752 parcere,

2282 2674 2386 2746 γὼν
2419 2673 2627 2751 ιρῦσεώς
2676 2695 2734 2728 τε
2763 2672 2854 2727 καὶ
2906 2671 3166 2741 σπουδῆς·
3217 2679 3319 2741 τῆς
3369 2673 3465 2746 μὲν
3519 2674 3640 2726 οἷον
3698 2671 3915 2728 ὑπολα-

487 2769 669 2841 hujus
724 2785 857 2824 vero
915 2769 1070 2841 quod
1121 2785 1224 2839 pro
1284 2767 1584 2840 republica
1668 2769 1812 2825 mori
1871 2769 2120 2825 deberet.

2284 2760 2446 2832 ούσης
2481 2759 2752 2837 φείδεσθαι
2807 2763 3020 2830 ἑαυτοῦ,
3068 2769 3172 2830 τῆς
3217 2759 3274 2816 δὲ
3323 2764 3572 2832 θνήσκειν
3623 2761 3767 2835 ὑπὲρ
3817 2765 3917 2815 τοῦ

487 2859 605 2914 Hoc
661 2857 932 2912 ultimum
985 2858 1232 2913 nimium
1292 2857 1627 2928 postulavit,
1715 2857 2120 2930 praevaluitque

2280 2855 2459 2908 οινοῢ.
2514 2850 2614 2907 Καὶ
2665 2851 2733 2919 ἦν
2788 2851 2850 2905 τὸ
2901 2848 3093 2905 πλεῖον
3152 2848 3410 2918 ἐνταῦθα,
3458 2849 3552 2905 καὶ
3601 2851 3642 2919 ἡ
3699 2846 3913 2918 σπουδή

488 2951 691 3002 contra
723 2951 992 3000 naturam
1022 2947 1305 3000 studium.
1351 2946 1558 3000 Lectus
1606 2947 1844 3017 quidem
1897 2947 1954 3000 in
2016 2965 2121 3018 quc

2277 2939 2438 3008 Ξενίκα
2463 2941 2563 3008 τὴν
2598 2939 2773 3016 φύσιν.
2814 2940 2913 2994 Καὶ
2971 2943 2998 3009 ἡ
3036 2940 3132 3012 μὶν
3165 2939 3427 3010 νοσήλιος
3483 2937 3655 3008 κλίνη
3720 2938 3910 3014 ἀφίετο

489 3033 806 3089 infirmitas
834 3032 1004 3087 illius
1037 3034 1371 3098 curabatur,
1401 3033 1852 3104 conspiciendus
1883 3052 2122 3106 expone-

2276 3027 2317 3090 [ς
2348 3030 2525 3100 θαῦμα
2576 3034 2692 3089 τοῖς
2726 3027 3042 3104 βλέπουσιν,
3083 3027 3256 3090 *ίππος
3285 3026 3342 3082 δὶ
3370 3029 3462 3082 τὸν
3520 3028 3909 3102 αὐτοκράτορα

491 3123 664 3179 batur
721 3121 1220 3194 inspicientibus:
1281 3140 1468 3194 equus
1525 3139 1660 3178 vero
1717 3123 2124 3195 imperatorem

2276 3137 2424 3195 φερεν
2475 3117 2537 3171 οὐ
2607 3119 3053 3193 γυμναστήριος,
3125 3116 3187 3172 οὗ
3234 3117 3322 3171 καὶ
3385 3115 3554 3189 μόνου
3617 3115 3786 3191 χρεία
3843 3119 3909 3183 ἦν

491 3169 654 3179 η---
722 3169 1171 3194 ----,.-.-.-..--..-
1207 3169 1219 3178 .
1283 3169 1468 3194 -.ι-ν-
1538 3169 1658 3178 ,νη
1719 3169 2117 3195 "arcuum".

484 3211 733 3267 vehebat
766 3229 878 3266 non
911 3213 981 3266 ad
1015 3211 1285 3268 exercitia
1318 3217 1632 3283 aptus,quo
1666 3212 1787 3267 solo
1818 3230 1965 3284 opus
2005 3218 2117 3270 erat

2281 3169 2390 3195 I‘I"
2488 3169 2529 3171 V'
2620 3169 3053 3193 ΙνΓή”ή“ήΊΓ“ήἸ⁷
3133 3169 3177 3172 ’⁷
3238 3169 3300 3171 “ήη
3385 3169 3540 3189 δηήγίγ
3619 3169 3672 3191 I‘.‘
3708 3169 3765 3170 7'
3868 3169 3878 3183 ⁸

2266 3202 2392 3280 ινδρὶ
2427 3204 2568 3260 οὕτω
2622 3205 2931 3278 καταπόνῳ,
2979 3203 3122 3260 ἀλλά
3155 3205 3402 3280 μάχιμον
3459 3203 3899 3281 φρυαττόμενος,

480 3300 603 3358 viro
627 3301 769 3355 adeo
795 3302 966 3368 fesso,
999 3301 1099 3354 sed
1161 3301 1230 3354 ad
1293 3301 1556 3372 praelium
1615 3301 1889 3356 hinniens
1937 3307 1994 3357 et
2041 3320 2104 3358 as

2276 3296 2327 3349 αὶ
2387 3292 2739 3349 διατινάσσων
2799 3295 2890 3349 τὸν
2943 3289 3202 3365 ἐπιϐάτην
3263 3294 3337 3356 εἰς
3398 3292 3695 3370 ἐναγώνιον
3731 3312 3746 3324 ⁶
3818 3294 3909 3346 καὶ

489 3405 788 3444 censorem
825 3390 895 3444 ad
931 3394 1224 3444 certamen
1257 3404 1654 3454 commovens,
1685 3390 1980 3455 ;etiterum
2016 3408 2122 3461 prae

2270 3383 2460 3458 τροὲθεε
2486 3388 2596 3438 τῶν
2627 3383 2836 3439 λοιπῶν
2869 3386 2959 3437 καὶ
2987 3382 3150 3438 πάλιν
3179 3384 3206 3437 ὁ
3266 3383 3572 3457 στρατηγὸς
3625 3381 3903 3454 αὐτοκρά-

484 3477 706 3533 caateris
738 3478 1010 3533 currebat
1035 3477 1154 3532 dux
1185 3477 1502 3549 imperator
1546 3479 1821 3534 virtutem
1873 3480 2117 3551 spirans1

2273 3492 2349 3548 ωρ
2397 3469 2616 3545 ἀνδρίαν
2673 3471 2869 3539 πνέων,
2923 3472 2998 3535 ὡς
3049 3468 3199 3548 εἷ’περ
3258 3471 3359 3526 οὐκ
3414 3472 3521 3526 ἀπὸ
3579 3467 3901 3539 νοσηλείας,

485 3567 655 3638 quasi
707 3583 821 3622 non
883 3584 915 3620 a
973 3566 1197 3635 morbo,
1259 3567 1359 3621 sed
1420 3584 1453 3622 a
1505 3566 1677 3639 longo
1700 3568 1819 3622 otio
1853 3569 2118 3638 procede-

2268 3560 2386 3616 ιλλὰ
2446 3566 2655 3633 μακρᾶς
2711 3561 3059 3622 ἀναπαύσεως
3115 3558 3322 3630 ἤλαυνε
3355 3578 3369 3592 ’
3442 3559 3533 3614 καὶ
3607 3560 3901 3632 μανθάνων

484 3659 645 3711 retet
677 3655 909 3727 cognito
935 3657 1140 3726 paucis
1172 3658 1418 3712 catervis
1467 3656 1524 3712 in
1575 3663 1902 3713 turmarum
1930 3660 2117 3714 decen‘.

2273 3651 2428 3725 μερσίν
2480 3647 2690 3725 ὀλίγαις
2723 3650 2861 3723 πρὸς
2915 3651 3271 3725 μυριὸχειρας
3304 3648 3516 3725 ἀρτύειν
3546 3650 3648 3718 τὴν
3679 3645 3906 3726 ἔφοδον,

486 3743 677 3800 millia
706 3745 859 3799 viam
895 3744 1139 3815 aperire,
1171 3744 1429 3816 amplius
1461 3745 1518 3798 in
1551 3746 1814 3802 ardorem
1849 3747 2119 3818 processit

2276 3738 2328 3794 πὶ
2391 3736 2603 3812 μᾶλλον
2656 3737 2730 3800 εἷς
2782 3739 3091 3812 προθυμίαν
3145 3739 3471 3813 προέκοπτε,
3518 3738 3581 3792 τὸ
3635 3737 3719 3798 εἷς
3779 3741 3909 3792 Θεὸν

486 3832 545 3890 iu
571 3833 754 3888 Deum
777 3839 969 3890 erecta
993 3834 1272 3889 fortitudo
1299 3851 1313 3901 ;
1341 3834 1435 3889 cui
1469 3834 1744 3905 adjuncta
1774 3835 1983 3891 bellica
2024 3837 2119 3892 vir-

2272 3822 2696 3903 τροϐεϐλῃμὲνος
2723 3829 2939 3901 θάρσος’
3003 3827 3048 3900 ᾧ
3082 3831 3338 3904 συζνδγοῦν
3392 3828 3482 3882 καὶ
3512 3827 3575 3881 τὸ
3613 3827 3782 3899 μένος
3815 3827 3905 3880 τὸν

481 3926 582 3977 tus
605 3939 754 3978 onus
787 3923 955 3978 nobis
1003 3923 1347 3993 impositum
1381 3923 1558 3978 simul
1604 3925 1873 3996 portavit.
1928 3925 2110 3997 Igitur

2279 3919 2376 3994 περ
2428 3921 2588 3991 ἡμῶν
2641 3919 2838 3996 φόρτον
2891 3915 3222 3993 συνδιέφερε.
3273 3918 3379 3973 Καὶ
3424 3918 3608 3972 τοίνυν
3671 3914 3909 3985 ivncta:

487 4011 676 4081 primo
726 4027 1017 4066 concursu
1063 4011 1382 4082 perfectum
1445 4016 1534 4066 est
1584 4013 1739 4083 quod
1787 4014 2008 4068 nemini
2070 4015 2120 4069 in

2274 4002 2554 4082 τροσϐολῇ,
2612 4008 2822 4082 πρώτῃ,
2856 4006 2886 4062 ὅ
2936 4028 3019 4068 τις
3077 4004 3202 4062 οὐδὲ
3241 4006 3329 4061 ἐπὶ
3387 4011 3510 4061 νοῦν
3554 4000 3752 4061 ’ἐλαϐεν
3818 4006 3907 4074 ἂν,

485 4103 749 4154 mentem
777 4098 1036 4154 venisset
1066 4099 1305 4154 fortium
1341 4100 1397 4153 in
1434 4117 1643 4172 pugnae
1701 4104 1886 4156 fronte
1935 4120 2118 4173 casus1

2279 4101 2446 4158 ’τῶσις
2472 4100 2580 4150 τῶν
2613 4095 2994 4171 Θαρῥησάντων
3026 4097 3089 4150 τὸ
3110 4103 3210 4164 τῆς
3246 4097 3432 4171 μάχης
3459 4095 3912 4170 ἀντιπρόσωπον,

487 4185 627 4257 fuga
657 4184 890 4240 illorum
917 4191 1206 4258 quotquot
1236 4187 1308 4242 de
1333 4187 1450 4242 vita
1483 4189 1670 4261 magis
1730 4191 2120 4261 providebant,

2285 4187 2388 4259 υγή
2420 4188 2525 4238 τῶν
2554 4182 2670 4238 ὅσοι
2701 4184 3145 4260 προμηθέστερον
3177 4181 3340 4260 ἓσχον
3372 4187 3470 4238 τοῦ
3505 4187 3624 4256 ζῇν,
3653 4183 3731 4243 είς
3770 4182 3918 4237 πολ-

487 4274 809 4331 multornm
844 4275 1080 4347 quidem
1135 4275 1391 4330 millium
1453 4293 1765 4332 numerum
1825 4279 2120 4336 cumulan-

2285 4274 2343 4335 ἀς
2379 4274 2472 4346 μὲν
2505 4272 2828 4349 χιλιοστύας
2858 4272 3278 4352 κορυφούμενοι,
3303 4267 3706 4334 κολοϐωθὲντες
3739 4269 3804 4328 δὲ
3835 4278 3918 4344 τῷ

486 4367 598 4431 tes,
623 4362 879 4418 mutilati
911 4380 1044 4419 vero
1078 4364 1342 4436 plerique
1375 4366 1445 4420 ab
1477 4367 1754 4422 exercitu.

1254 4381 1342 4436 [ue
1375 4366 1445 4420 ab
1477 4367 1754 4422 exercitu.
2243 4361 2453 4417 πλείονι
2483 4369 2585 4432 τῆς
2615 4368 2887 4438 στρατιᾶς.

560 4471 648 4525 69.
676 4469 805 4526 Haac
835 4470 892 4524 in
926 4471 1121 4527 animo
1155 4471 1540 4544 recogitantes
1562 4479 1619 4528 et
1650 4490 1828 4544 quam
1858 4475 2044 4532 multa
2075 4477 2132 4532 in
2169 4541 2193 4544 _

2318 4469 2408 4538 ἔθ’.
2442 4472 2626 4526 Ταῦτα
2651 4468 2728 4531 εἷς
2762 4466 3001 4524 διάνοιαν
3046 4467 3498 4542 ἀνασκάλλοντες,
3548 4468 3640 4524 καὶ
3690 4469 3799 4524 ὅσα

491 4559 600 4613 hac
630 4559 779 4614 serie
802 4557 1033 4630 collata,
1059 4577 1239 4615 causa
1270 4565 1360 4616 est
1389 4577 1493 4616 cur
1518 4561 1616 4616 diu
1640 4561 1984 4634 lugeamus;
2042 4571 2124 4620 tu-

2288 4557 2531 4636 )c'torxiq
2577 4557 2747 4633 ταύτῃ
2817 4570 3061 4627 συνθετα,
3123 4557 3224 4613 οὐκ
3273 4555 3480 4634 ’ἔχομεν
3544 4558 3694 4620 ὅπως
3725 4559 3796 4613 οὐ
3833 4557 3921 4614 διὰ

491 4646 719 4702 mulum
737 4648 1170 4704 circumdantes
1193 4650 1482 4721 Optimum
1506 4650 1696 4706 virum
1715 4652 2124 4727 includentem,

2277 4652 2456 4722 ιακροῦ
2500 4653 2736 4711 πενθεῖν·
2782 4649 2872 4702 καὶ
2921 4647 3012 4703 τὸν
3073 4647 3238 4726 τάφον
3299 4650 3734 4722 περιιστάμενοι,
3813 4651 3910 4704 τὸν

488 4738 802 4794 incitamur
834 4739 902 4793 ad
965 4738 1418 4796 lamentationes
1479 4741 1940 4799 consolationem
1999 4745 2121 4802 aliis

2288 4735 2502 4791 ›σούτου
2556 4736 2927 4811 καλυμπτῆρα
2998 4736 3212 4806 καλοῦ,
3263 4735 3565 4811 ἐξαγόμεθα
3619 4737 3714 4792 καὶ
3776 4741 3921 4812 πρὸς

489 4826 792 4882 allaturas.
826 4827 1046 4883 Deinde
1103 4829 1217 4884 oht
1273 4829 1600 4901 inquimus,
1661 4848 1776 4903 quo
1825 4833 2122 4903 devenisti,

2286 4821 2478 4893 ἶόιτους,
2529 4825 2581 4878 οἱ
2611 4826 3034 4900 παραμιθεῖσθαι
3084 4824 3173 4879 καὶ
3233 4824 3447 4900 ὶτέρους
3487 4825 3773 4903 ὀφειλέται
3831 4825 3919 4881 ὅν-

488 4915 777 4972 bonorum
811 4921 1141 4973 nostrorum
1174 4935 1484 4975 commune
1505 4919 1532 4974 ?
1553 4921 1675 4984 Quo
1699 4922 1771 4977 ad
1800 4922 2121 4996 intelligen-

2282 4935 2346 4976 ες.
2407 4913 2504 4968 Καὶ
2537 4913 2602 4981 ὢ,
2664 4915 2861 4989 φαμὲν,
2897 4913 3021 4970 ὅποι
3047 4915 3416 4985 κατήντησας,
3448 4914 3512 4968 τὸ
3551 4915 3738 4970 κοινὸν
3774 4919 3915 4990 ἡμῖν

490 5003 628 5060 dum
663 5004 1142 5076 circumscriptus
1172 5009 1361 5079 es,qui
1388 5008 1670 5064 mirandis
1701 5011 1898 5067 omnia
1920 5013 2123 5085 replesl

2284 5006 2494 5080 γαθῶν;
2551 5004 2714 5057 Ὃποι
2773 5005 2908 5080 πρὸς
2967 5001 3218 5075 αἴσθησιν
3264 5003 3685 5080 περιγέγραψαι,
3739 5005 3772 5058 ὁ
3829 5009 3917 5060 καὶ

489 5093 590 5167 qui
621 5093 867 5150 viriliter
917 5097 1310 5168 praeclareque
1361 5099 1542 5168 gestis
1592 5100 1923 5170 abundasti,
1975 5104 2122 5159 dein‘

2285 5090 2473 5167 ληρῶν
2527 5090 2596 5146 τὰ
2650 5091 2822 5148 πάντα
2853 5091 3147 5166 θαύματος,
3210 5095 3292 5154 οἷς
3343 5089 3772 5169 ἠνδραγαθίζου,
3826 5095 3916 5150 καὶ

488 5199 623 5254 ceps
656 5182 1064 5241 abundaturus
1085 5185 1113 5239 ‘?
1141 5186 1334 5241 Donec
1359 5187 1438 5241 sit
1493 5186 1646 5243 Deus
1695 5205 1960 5246 annuens
2017 5209 2121 5248 ser-

2280 5179 2555 5255 ‘lnpoﬁcwv
2621 5179 2925 5250 είσὲπειτας
3004 5183 3147 5243 Ἕως
3207 5178 3289 5252 εἴη
3361 5179 3420 5236 δὲ
3467 5183 3600 5246 Θεὸς
3648 5182 3913 5238 ἐπινεύων

489 5272 786 5339 monibus,
822 5272 1080 5344 optimus
1103 5273 1290 5330 leonis
1313 5276 1622 5347 progenies
1681 5293 1780 5332 rex
1840 5278 2122 5350 unguibus

2282 5274 2357 5332 sic
2385 5266 2597 5345 λόγοις,
2655 5271 2684 5324 ὁ
2732 5268 2902 5333 καλὸς
2932 5267 3221 5339 λεοντιδὴς
3282 5268 3538 5344 βασιλεὺς
3589 5277 3915 5348 κραταιωθῇ

490 5359 722 5432 polleat,
779 5365 842 5416 ut
893 5361 1122 5418 belluas
1182 5379 1310 5435 quas
1357 5365 1639 5421 adversus
1716 5383 1821 5422 nos
1888 5368 2123 5424 saeviunt

2283 5358 2368 5421 οὺς
2398 5353 2624 5434 ὄνυχας,
2659 5360 2734 5421 ὡς
2789 5359 2879 5414 καὶ
2931 5358 3205 5433 ἰμπείρειν
3262 5357 3408 5434 ἔχειν
3444 5365 3564 5424 υοῖς
3593 5362 3718 5414 καθ’
3747 5362 3916 5434 ἡμῶν

489 5448 761 5521 subigere
782 5449 990 5507 valeat.
1027 5451 1340 5524 Hucusque
1362 5453 1520 5508 enim
1579 5455 1738 5528 regio
1790 5457 1982 5529 rugilu
2020 5474 2122 5530 gu-

2281 5451 2448 5524 ργῶσι
2485 5445 2724 5523 θηρίοις.
2776 5447 2928 5512 Τέως
2968 5449 3070 5524 γὰρ
3125 5448 3440 5523 βρυχηθμῷ
3493 5445 3914 5521 διοικονομεῖτο

492 5536 892 5596 bernabantur
921 5539 1083 5613 talia,
1117 5547 1173 5598 et
1205 5542 1418 5599 eximia
1441 5543 1722 5615 firmaque
1779 5562 1883 5618 spe
1930 5548 2125 5604 futuri.

2281 5537 2556 5592 ὲτοιαῦτα
2606 5535 2878 5614 βασιλικῷ
2933 5537 3022 5592 καὶ
3080 5541 3356 5612 σταθεραῖς
3407 5535 3764 5615 ἐπαγγελίαις
3819 5539 3914 5593 to;

2248 5622 2571 5702 μιλλοντος.
