4136 6210
266 377 424 440 1025

1113 375 1527 441 'MANUELIS
1569 375 1920 438 COMNENI
1965 376 2363 440 LAUDATIO
2406 377 2821 439 FUNEBRIS.

3524 385 3681 446 {026

337 508 402 563 o'.
436 504 538 560 Καὶ
602 506 710 578 μὴν
760 507 796 574 ἡ
837 505 1102 567 κοινωνός
1152 526 1236 560 σοι
1293 506 1382 560 καὶ
1447 505 1569 581 βίου
1627 504 1718 560 καὶ
1769 505 1923 580 βασι-

2103 508 2192 562 70.
2229 508 2294 562 Et
2325 513 2478 564 certe
2507 509 2838 565 communis
2887 509 2994 566 tibi
3043 511 3194 578 vitae,
3240 513 3404 584 regni
3452 517 3509 569 et
3537 531 3679 587 pru-

267 594 441 663 λείας,
501 595 591 649 καὶ
654 594 914 657 συνέσεως
963 593 1129 669 ἄκρας
1195 594 1459 670 μέτοχος,
1517 595 1606 648 καὶ
1666 593 1749 665 (τὸ
1817 599 1921 648 πᾶν

261 683 532 757 συνελεῖν)
581 683 799 758 βασιλεῖ
846 681 990 738 οὕτω
1040 683 1262 760 μεγάλῳ
1313 684 1388 746 εἰς
1444 678 1747 756 συμϐίωσιν
1806 682 1922 737 ἐπι·-

261 774 570 849 πρὲπουσα,
627 772 716 826 καὶ
801 771 1138 844 συμπάρεστι
1221 777 1301 843 τῷ
1367 772 1472 844 νέῳ
1543 770 1921 846 αὐτοκράτορι,

261 863 356 917 καὶ
412 863 586 916 πάντα
644 857 808 931 οἶδεν,
866 861 947 922 οἷς
1023 861 1316 933 οίκουμὲνη
1394 864 1771 936 κατορθοῦται,
1827 862 1924 928 τῆς

263 954 368 1020 σῆς
420 949 733 1022 άποναμὲνη
786 951 876 1004 καὶ
939 951 1227 1022 μαθήσεως
1285 948 1375 1003 καὶ
1437 951 1722 1022 μιμήσεως
1759 967 1772 982 ·
1831 947 1924 1002 καὶ

195 1103 200 1108 ἱ
259 1039 330 1095 τὰ
361 1036 687 1094 διδασκάλια
735 1037 914 1114 ἔργοις
962 1037 1376 1114 προϊσχομένη,
1410 1037 1508 1093 οὐκ
1556 1037 1615 1092 ἄν
1665 1037 1786 1113 ἔχοι
1843 1037 1920 1109 μὴ

217 1197 230 1211 ⁸
262 1127 368 1183 οὐκ
396 1127 473 1190 εἰς
503 1129 565 1182 τὸ
595 1131 697 1181 πᾶν
747 1133 1153 1202 κατευστοιχεῖν
1202 1132 1303 1181 τοῦ
1344 1127 1736 1206 κοινωφελοῦς.
1770 1124 1923 1183 Ἀλλ’

259 1220 433 1290 ἡμεῖς
464 1215 554 1270 καὶ
612 1219 738 1270 νοῦν
788 1217 882 1289 μὲν
930 1215 1212 1292 βασιλικὸν
1248 1214 1508 1288 ἐθέλομεν
1536 1216 1722 1271 καὶτὰ
1779 1214 1922 1270 ἐκεῖ-

262 1318 353 1369 θεν
410 1304 601 1381 ἀγαθά·
633 1309 911 1378 ποθοῦμεν
972 1301 1030 1359 δὲ
1082 1305 1171 1359 καὶ
1228 1304 1463 1374 ὁπλίτην
1519 1305 1655 1360 κατὰ
1709 1305 1790 1376 σε,
1831 1300 1922 1358 καί

259 1401 460 1470 χεῖρας
521 1391 668 1448 οὕτω
721 1394 993 1468 γενναίας,
1031 1393 1122 1448 καὶ
1170 1394 1416 1467 Ἀρεϊκὸν
1475 1392 1736 1465 ἆτὲνισμα
1786 1392 1923 1467 πρὸς

256 1484 323 1537 τὸ
384 1481 706 1558 άντίμαχον,
734 1483 825 1536 καὶ
881 1479 1150 1557 ἀνδρῶδες
1206 1477 1435 1555 ἕξαλμα,
1467 1482 1558 1536 καὶ
1615 1482 1774 1556 χύσιν
1835 1482 1918 1534 αί-

263 1572 480 1644 μάτων,
516 1574 599 1633 οἷς
658 1571 861 1648 ἀνοίγει
889 1572 953 1626 τὸ
1013 1571 1187 1647 ῥεῦμα
1237 1567 1478 1643 σίδηρος,
1510 1570 1668 1647 χερσὶ
1704 1567 1920 1646 βασιλι-

255 1666 387 1722 καῖς
421 1659 801 1733 εὖθυνόμενος.

341 1769 440 1822 οα’.
470 1763 656 1835 Ἒδυς,
709 1767 754 1819 ὧ
798 1764 1016 1840 μέγιστε
1069 1764 1291 1840 βασιλεῦ
1334 1763 1480 1833 ἥλιε.
1535 1765 1632 1818 Καὶ
1680 1769 1768 1818 νῦν
1822 1764 1916 1836 μὲν

259 1858 297 1924 ἡ
338 1856 405 1924 σὴ
441 1853 644 1925 σελήνη
679 1860 960 1932 φωσφορεῖ
1016 1859 1134 1916 τοῖς
1191 1855 1314 1927 περὶ
1369 1861 1494 1929 γῆν,
1534 1853 1762 1926 μέλαινα
1822 1853 1914 1950 μὲν
1955 1887 1996 1950 Β

255 1950 350 2017 τῷ
377 1965 436 2000 τε
465 1943 714 2016 πενθίμῳ
743 1943 892 2017 ζόφῳ
924 1944 1012 1997 καὶ
1043 1948 1124 2015 τῷ
1170 1943 1594 2019 προφαινομένῳ
1642 1940 1718 2011 δὲ,
1750 1939 1917 1996 καλὸν

259 2032 326 2088 δὲ
371 2033 461 2088 καὶ
507 2032 765 2110 φεραυγές
809 2032 1265 2107 ἀπαστράπτουσα
1313 2037 1429 2093 τοῖς
1485 2030 1783 2107 βασιλείοις
1840 2029 1919 2085 ἐν-

260 2125 414 2186 θέοις
471 2119 723 2178 κάλλεσι.
790 2120 886 2174 Καὶ
945 2123 1298 2198 φωσφορήσοι
1355 2118 1412 2174 δὲ
1464 2121 1526 2174 ού
1601 2121 1735 2174 κατᾶ
1792 2118 1920 2183 τοὺς

260 2212 371 2284 ὀψὶ
431 2207 677 2281 δύοντας,
711 2208 838 2265 ἀλλ’
870 2208 946 2271 εἷς
1005 2207 1217 2278 ἄδυτον,
1262 2206 1410 2285 εἶίπερ
1462 2207 1601 2263 ἔστιν
1653 2205 1916 2278 εὔξασθαι.

253 2300 400 2369 Δοίη
435 2297 490 2353 δὶ
543 2299 672 2360 Θεὸς
728 2298 816 2352 καὶ
863 2299 956 2352 τὸν
1001 2297 1162 2366 ἥλιον
1212 2302 1402 2352 τοῦτον
1441 2296 1616 2352 ἐλθεῖν
1663 2296 1737 2358 είς
1796 2296 1919 2351 ὅσον

258 2391 558 2463 μήκιστον,
590 2387 772 2442 καὶτὸ
811 2385 978 2441 καλὸν
1018 2389 1154 2458 ἡμῖν
1215 2385 1357 2440 οὕτω
1395 2384 1795 2454 πληθυνθῆναι,
1829 2383 1918 2438 καὶ

260 2479 376 2533 ὑπὸ
436 2476 576 2554 φωτὶ
635 2473 835 2552 διάγειν
897 2476 1243 2548 ἑκατέρωθεν,
1303 2475 1332 2529 ’ὁ
1396 2471 1665 2548 διαδοχὴν
1727 2469 1920 2528 οὔκουν

260 2568 454 2639 ἑτέραν
487 2562 626 2620 οἶδεν
659 2564 694 2634 ἢ
723 2565 823 2633 τήν
855 2563 1286 2637 εὐτακτουμὲνην
1320 2562 1379 2618 ἐκ
1404 2563 1634 2640 φύσεως.

344 2738 446 2800 οϐ’.
478 2745 544 2797 Ὢ
571 2744 764 2819 τάφος,
793 2741 857 2796 τὸ
910 2748 1007 2811 τῆς
1060 2741 1268 2816 φύσεως
1322 2740 1630 2814 άπάνθισμα
1686 2738 1916 2812 κρύψας,

266 2830 320 2886 ὢ
348 2833 412 2887 τὸ
457 2834 558 2900 τῆς
607 2832 918 2910 φρονήσεως
964 2830 1172 2892 πλάτος
1229 2828 1533 2900 συστείλας,
1574 2828 1618 2882 ὣ
1668 2827 1917 2903 συγκλείο

260 2940 365 2982 σας
423 2920 516 2974 τὸν
577 2917 909 2989 ἀεικίνητονί
947 2917 1045 2973 οὐκ
1099 2915 1208 2973 ἔδει
1264 2917 1522 2986 τοιαύτην
1567 2922 1648 2990 τῷ
1706 2915 1920 2991 βασιλεῖ

271 3007 781 3078 ἆποτελευτηθῆναι
839 3005 1014 3062 αὐτῶν
1079 3011 1298 3081 μακρῶν
1353 3007 1532 3061 πόνων
1583 3003 1916 3060 ἀνάπαυλαν.

263 3095 424 3155 Ἔδει
479 3098 609 3160 τοὺς
667 3095 908 3170 μακροὺς
957 3095 1234 3168 καμάτους
1291 3095 1567 3151 παύσαντα
1615 3095 1733 3150 καθ’
1785 3095 1916 3163 ἡσυο

261 3186 396 3262 χίαν
458 3192 661 3258 μεῖναι,
715 3186 805 3239 καί
872 3184 998 3247 τοὺς
1068 3182 1298 3256 ἱδρῶτας
1365 3186 1766 3258 ἀποψήσασθαι,
1825 3181 1915 3236 καὶ

2033 596 2243 652 ἀοῑιίίω
2303 615 2549 653 summa:
2607 600 2900 672 particeps
2958 604 3015 655 et
3073 601 3161 672 (ut
3213 601 3416 672 paucis
3467 603 3682 676 dicam)

2033 686 2150 757 regi
2186 690 2349 741 tanto
2380 686 2655 743 societate
2703 688 3278 757 convenientissima,
3332 692 3549 762 pariter
3581 695 3683 762 ju-

2034 773 2179 828 niori
2214 775 2407 830 adstat
2438 776 2795 848 imperatori,
2831 782 2886 830 et
2917 784 3126 834 cuncta
3158 779 3317 834 novit
3348 781 3564 851 quibus
3596 799 3685 837 re-

2031 862 2189 933 gitur
2217 863 2397 932 orbis,
2431 869 2550 931 tua,
2588 865 2784 921 fruens
2816 866 3201 922 instructione
3233 873 3288 922 et
3318 867 3683 938 imitatione;

2031 956 2090 1006 et
2119 953 2470 1007 documenta
2531 955 2602 1009 ab
2661 955 2934 1024 cperibus
2992 955 3294 1024 exhibens,
3354 974 3468 1012 non
3502 958 3683 1014 babe-

2032 1044 2121 1095 ret
2151 1058 2264 1112 qua
2296 1059 2410 1098 non
2439 1041 2498 1096 in
2541 1042 2817 1098 omnibus
2872 1043 3087 1114 publici
3137 1045 3433 1100 commodi
3462 1045 3679 1102 lineam

2033 1130 2197 1200 sequi
2232 1135 2515 1203 pergeret.
2547 1132 2656 1186 Sed
2699 1148 2806 1187 nos
2854 1133 3118 1188 animum
3166 1133 3404 1204 quidem
3457 1136 3675 1206 regium

2030 1217 2323 1289 volumus,
2356 1224 2412 1275 et
2441 1221 2592 1275 bona
2615 1236 2746 1292 quae
2772 1219 2906 1276 inde
2927 1221 3226 1293 proﬂuunt
3253 1241 3266 1277 :
3291 1227 3565 1294 cupimus
3588 1241 3681 1279 ve-

2029 1323 2094 1362 ro
2126 1306 2465 1364 bellatorem
2498 1310 2652 1364 sicut
2680 1314 2754 1377 te,
2780 1315 2898 1364 tam
2923 1311 3099 1366 fortes
3133 1328 3366 1377 manus,
3399 1313 3677 1368 martium

2029 1391 2088 1446 in
2124 1392 2350 1448 hostem
2380 1394 2632 1464 vultum,
2681 1395 2906 1451 virilem
2954 1395 3238 1466 impetum
3273 1402 3328 1451 et
3371 1399 3676 1470 sanguinis

2030 1482 2398 1551 effusionem,
2431 1487 2602 1554 cujus
2633 1501 2872 1540 cursum
2906 1484 3095 1555 aperit
3143 1487 3357 1540 ferrum
3402 1486 3676 1543 manibus

2029 1570 2204 1641 regiis
2237 1572 2379 1626 scite
2410 1572 2718 1628 directum.

2098 1769 2186 1823 71.
2223 1768 2523 1835 Occidisti,
2555 1785 2586 1822 ο
2617 1771 2868 1825 maxime
2899 1787 2998 1825 rex
3030 1771 3134 1826 sol.
3163 1775 3226 1826 Et
3257 1787 3412 1825 nunc
3438 1772 3677 1842 quidem

2028 1854 2168 1912 luna
2199 1862 2300 1911 tua
2333 1857 2404 1912 iis
2436 1859 2535 1928 qui
2568 1863 2708 1913 sunt
2739 1875 2916 1928 super
2946 1865 3186 1923 terram,
3211 1860 3398 1914 lucem
3433 1860 3678 1931 spargit,

2032 1945 2198 2016 nigra
2229 1947 2468 2016 quidem
2533 1947 2817 2002 luctuosis
2877 1954 2934 2003 et
2995 1947 3476 2018 przefulgentibus
3518 1953 3678 2003 tene-

2028 2035 2173 2097 bris,
2207 2037 2489 2106 speciosis
2543 2053 2673 2090 vero
2727 2037 3034 2108 fulgurans
3084 2036 3432 2105 luminibus,
3489 2038 3680 2108 regias

2029 2123 2374 2194 divinaeque
2427 2124 2702 2179 emittens
2776 2130 3155 2179 venustates.
3217 2126 3495 2180 (loruscet
3562 2141 3678 2180 non

2028 2213 2353 2266 secundum
2388 2219 2546 2267 astra
2579 2229 2704 2284 quis
2738 2229 2866 2268 sero
2894 2213 3191 2281 occidunt,
3225 2213 3323 2268 sed
3359 2230 3486 2283 qua:
3518 2229 3680 2268 occa-

2028 2316 2160 2354 sum
2198 2303 2481 2369 nesciant,
2514 2301 2559 2354 si
2591 2302 2674 2356 sic
2709 2303 2930 2372 precari
2964 2303 3152 2356 liccat.
3187 2303 3290 2357 Det
3321 2302 3474 2357 Deus
3497 2308 3554 2357 et
3584 2319 3679 2357 so-

2027 2387 2139 2444 lem
2174 2390 2349 2444 istum
2385 2391 2440 2443 in
2477 2407 2652 2461 quam
2680 2391 3093 2461 longissimum
3118 2397 3350 2462 tempus
3381 2391 3676 2462 progredi,

2027 2477 2364 2549 bonumque
2398 2479 2564 2534 nobis
2597 2479 2680 2533 sic
2713 2479 3126 2551 multiplicare,
3155 2484 3211 2534 et
3232 2480 3341 2534 sub
3364 2479 3491 2534 luce
3520 2484 3679 2535 utra-

2029 2582 2141 2637 que
2171 2569 2492 2634 traducere,
2552 2569 2703 2639 quod
2766 2569 3199 2623 successionem
3260 2568 3431 2622 aliam
3495 2567 3679 2624 nescit

2029 2671 2202 2726 quam
2240 2663 2393 2711 recte
2419 2673 2452 2711 a
2484 2665 2694 2712 natura
2722 2657 3133 2728 compositam.

2096 2745 2188 2799 72.
2231 2744 2274 2799 Ο
2307 2745 2552 2806 tumule.
2579 2750 2799 2800 naturae
2827 2745 3026 2800 ﬂorem
3051 2743 3272 2813 celans,
3297 2762 3328 2800 o
3352 2745 3676 2816 prudentia:

2027 2830 2396 2887 latitudinem
2415 2838 2814 2900 coarctans,eu
2827 2850 3000 2904 mque
3015 2834 3112 2904 qui
3131 2851 3361 2905 semper
3376 2833 3433 2888 in
3450 2833 3678 2889 actione

2027 2926 2151 2976 erat
2180 2922 2475 2976 condens:
2513 2937 2622 2976 non
2658 2921 2833 2976 talem
2867 2923 2984 2992 regi
3019 2922 3323 2992 oportebat
3365 2921 3674 2993 longorum

2027 3006 2294 3064 laborum
2329 3009 2586 3080 requiem
2621 3026 2685 3064 ac
2717 3010 2892 3063 ﬁnem
2919 3009 3183 3080 praeberi.
3221 3010 3442 3081 Longas
3468 3010 3674 3081 fatiga-

2027 3097 2215 3150 tiones
2247 3096 2659 3152 terminantem
2708 3097 3011 3167 oportebat
3039 3096 3096 3150 in
3122 3095 3554 3167 tranquillitate
3585 3113 3672 3151 re-

2027 3185 2340 3254 mansisse,
2389 3187 2632 3240 sudores
2681 3186 2942 3250 tersisse,
2993 3185 3170 3240 vitam
3220 3185 3538 3240 dulciorem
3571 3189 3673 3239 de-

262 3251 390 3352 βίον
445 3251 752 3328 έιατελίσαι
811 3272 996 3347 ῥᾴονα,
1040 3251 1152 3328 εἶτα
1206 3275 1293 3328 καὶ
1356 3274 1428 3334 εἰς
1490 3251 1590 3342 την
1669 3251 1914 3349 ἔμφρονα

2035 3274 2201 3344 ζίεεο,
2227 3275 2436 3329 deinde
2458 3276 2512 3328 in
2537 3275 2776 3344 sapiens
2798 3274 3260 3344 aagritudineque
3281 3275 3440 3327 omni
3460 3289 3672 3327 vacans

263 3363 554 3440 ῥᾳστώνην
588 3382 676 3416 και
719 3359 926 3416 ἆλυπδν
977 3362 1390 3433 μετατάξασθαι.
1426 3363 1486 3418 Ὀ
1536 3359 1594 3415 δὲ
1636 3361 1762 3434 χθὲς
1811 3381 1916 3414 που

258 3453 337 3507 τά
381 3449 628 3524 πολέμια
674 3450 1113 3524 παγκρατιάζων,
1160 3452 1249 3504 καὶ
1302 3454 1556 3504 τοσοῦτον
1605 3449 1806 3513 ἀνεθεὶς
1838 3449 1916 3525 ἐφ’

265 3541 397 3596 ὅσον
446 3540 906 3616 στεφανώσασθαι,
953 3539 1128 3616 ἀφῆκε
1185 3540 1278 3612 μὶν
1324 3541 1418 3601 τὰς
1467 3539 1588 3612 περὶ
1623 3545 1724 3611 γῆν
1760 3557 1916 3611 στρα-

262 3630 389 3691 τιὰς
417 3629 509 3684 καὶ
541 3626 818 3702 δυνάμεις,
849 3633 955 3683 τῶν
983 3626 1040 3683 δὲ
1071 3629 1327 3682 ἀνωτάτω
1357 3629 1596 3702 γίγονεν.

343 3809 440 3883 ογ’.
473 3808 532 3861 Ὠ
590 3804 842 3881 κράτιστε
899 3805 1214 3882 βασιλεῦ,ὧ
1261 3805 1520 3862 κάλλιπε
1571 3806 1664 3879 μὲν
1715 3826 1920 3880 προφα-

262 3903 447 3965 νῆναι,
506 3898 692 3972 ἄριστε
748 3892 805 3949 δί
863 3897 1082 3971 πρᾶξαι,
1137 3894 1306 3950 εἰπεῖν
1363 3894 1421 3950 δὲ
1477 3893 1697 3966 ἥδιστεο
1749 3895 1800 3950 τί
1850 3894 1914 3965 δή

263 4005 402 4039 ποτε
457 3984 930 4058 ἀποκρυψάμενος,
982 3987 1206 4037 τοιαῦτα
1269 3983 1412 4039 καλά
1470 3986 1914 4058 συναπέκρυψας;

265 4074 478 4134 Σεπτὸς
536 4073 564 4126 ὁ
622 4073 756 4127 κατὰ
813 4073 871 4126 σὶ
925 4071 1112 4146 τάφος,
1171 4077 1422 4127 τοιοῦτον
1485 4073 1590 4127 ἕσω
1665 4071 1915 4148 κρύπτων

263 4160 458 4237 ἄνδρα,
517 4162 578 4215 οὗ
639 4159 778 4234 μηδὲ
832 4165 936 4222 πᾶς
986 4161 1340 4232 ὁκαθ’ἡμᾶς
1397 4161 1600 4233 κόσμος
1656 4162 1916 4233 ἀντάξιος.

263 4251 470 4326 Πικρὸς
505 4251 534 4304 ὁ
558 4252 728 4324 τάφος
789 4249 968 4320 οὗτος,
999 4249 1258 4314 τοιαύτην
1320 4249 1609 4324 ἀπαγαγὼν
1670 4248 1720 4319 ἐξ
1760 4250 1922 4303 ἀπάν-

258 4361 374 4395 των
415 4337 750 4414 γλυκύτητα.
785 4336 924 4406 ’Ἡδη
955 4358 1036 4398 τις
1089 4335 1214 4391 ἰδὼν
1251 4338 1324 4399 ὼς
1374 4337 1462 4392 ἐπὶ
1503 4335 1738 4411 σίμϐλον
1791 4335 1912 4414 δραι

265 4436 457 4502 μεῖται
512 4433 728 4499 τοῦτον,
773 4429 1058 4503 τρυγήσων
1111 4431 1209 4482 τοῦ
1264 4425 1416 4482 ἔνδον
1477 4427 1724 4500 μέλιτος·
1790 4427 1918 4482 άπε-

261 4519 514 4576 λιύσεται
547 4515 605 4572 δὲ
634 4515 815 4592 χολήν
866 4515 1094 4588 σπάσας,
1125 4516 1342 4591 πικρίας
1378 4517 1465 4572 καὶ
1514 4516 1753 4591 θλίψεως
1803 4517 1916 4570 κὲν-

1639 4603 1662 4622 Α

2028 3362 2211 3414 otium
2265 3369 2551 3416 mutatam
2611 3369 2823 3416 sortem
2883 3371 3172 3429 gustasse.
3227 3363 3335 3426 Qui
3395 3378 3525 3416 vero
3567 3361 3672 3415 he-

2028 3450 2074 3502 ri
2108 3449 2350 3504 torsitan
2382 3468 2410 3504 e
2441 3449 2608 3503 bellis
2639 3452 2820 3504 victor
2855 3451 3204 3519 procedebat
3234 3457 3290 3502 et
3321 3454 3546 3504 tantum
3581 3465 3673 3503 re-

2028 3537 2336 3592 laxationis
2394 3539 2744 3605 obtinuerat,
2803 3547 3089 3608 quantum
3142 3537 3405 3592 coronari
3460 3538 3673 3608 dignus

2029 3633 2183 3683 esset
2201 3634 2503 3684 terrestres
2518 3628 2753 3700 quidem
2771 3629 3055 3683 exercitus
3073 3633 3505 3699 potestatesque
3519 3629 3678 3683 dere-

2027 3715 2221 3787 liquit,
2255 3734 2542 3788 supernas
2573 3733 2704 3771 vero
2737 3719 2984 3788 adeptus
3015 3723 3123 3770 est.

2098 3807 2186 3860 73.
2219 3807 2260 3862 Ο
2292 3806 2653 3862 validissime
2686 3823 2805 3874 rex,
2851 3823 2882 3861 ο
2935 3807 3252 3875 procellens
3303 3807 3541 3878 quidem
3575 3807 3676 3874 qui

2027 3913 2294 3967 appares,
2330 3897 2548 3968 optime
2579 3897 2679 3968 qui
2711 3897 2860 3969 agis,
2894 3898 3084 3952 dicam
3108 3899 3281 3952 etiam
3305 3897 3675 3968 jucundissi-

2029 4001 2138 4050 me,
2172 4003 2276 4041 cur
2320 3986 2702 4041 absconditus
2755 3991 2914 4040 tanta
2966 3985 3116 4040 bona
3166 3986 3530 4041 recondisti?
3569 3986 3674 4042 Ve-

2028 4077 2324 4130 nerandus
2357 4075 2626 4130 tumulus
2658 4081 2886 4129 tantum
2919 4075 3082 4129 intus
3117 4081 3316 4146 tegens
3349 4076 3558 4142 virum,
3583 4075 3676 4131 cui

2029 4181 2132 4218 nec
2163 4165 2354 4219 omnis
2390 4171 2672 4219 terrarum
2724 4165 2883 4218 orbis
2933 4165 3393 4235 tequiparabilis.
3426 4168 3678 4220 Amarus

2027 4254 2294 4308 tumulus
2327 4254 2438 4308 iste
2469 4252 2643 4307 talem
2679 4253 2750 4306 ab
2783 4253 3058 4308 omnibus
3104 4259 3376 4310 auferens
3419 4254 3679 4310 dulcedi-

2029 4358 2184 4396 nem.
2215 4345 2346 4396 Jam
2380 4341 2579 4396 videns
2613 4340 2826 4411 aliquis
2875 4343 3042 4412 quasi
3077 4344 3147 4396 ad
3203 4343 3429 4397 alveum
3463 4347 3678 4409 curret,

2028 4430 2325 4485 internum
2358 4428 2472 4484 mel
2504 4429 2855 4484 collecturus
2882 4447 2894 4496 ;
2930 4431 3140 4485 hausto
3171 4448 3302 4487 vero
3328 4431 3495 4486 tazdio
3528 4431 3680 4485 redi-

2028 4519 2114 4574 bit
2143 4517 2554 4574 amaritudinis
2588 4523 2644 4572 et
2669 4519 3000 4574 afﬂictionis
3061 4518 3262 4575 aculeo
3295 4525 3547 4591 punctus
3581 4536 3594 4586 ;
3628 4523 3684 4573 et

257 4630 381 4684 τρῳ
436 4606 630 4682 νυγείςο
690 4605 782 4660 καὶ
841 4608 1137 4679 ψωμιεῖται
1192 4604 1412 4680 ὸάκρυα.
1447 4611 1577 4670 Τοῖς
1635 4604 1680 4660 δ’
1731 4605 1916 4665 αὐτοῖς

2035 4608 2314 4679 lacrymas
2345 4606 2586 4679 potabit.
2641 4608 2937 4676 Lacrymis
2987 4608 3116 4662 istis
3150 4625 3264 4662 non
3315 4608 3370 4661 in
3407 4624 3685 4662 mensura

261 4697 370 4752 οὐκ
413 4695 466 4751 ἐν
525 4697 709 4770 μέτρῳ
757 4693 848 4749 καὶ
899 4698 1080 4748 ποτιεῖ
1124 4693 1329 4748 ἑαυτόν.
1363 4700 1424 4748 Ὡ
1457 4693 1608 4758 λίθος
1638 4695 1795 4758 οὗτος
1822 4694 1916 4748 τά·

260 4807 396 4864 φου⁹
425 4785 517 4840 τὸν
541 4778 854 4859 παντάρϐην
885 4779 990 4838 ἔσω
1018 4779 1169 4846 λίθον
1198 4785 1576 4857 κρυψάμενοςί

340 4979 439 5039 οδ’.
471 4986 569 5036 Ἠν
624 4981 729 5056 γάρ
780 4977 1000 5046 ἀληθῶς
1047 4984 1168 5041 τοῖς
1213 4978 1433 5055 ἐχθροῖς
1463 4983 1756 5056 συντρέχον
1789 4979 1922 5036 ἰδεῖν

263 5074 383 5146 ἅμα
408 5075 630 5138 τοῦτον,
661 5069 751 5125 καὶ
777 5063 1068 5144 ταρϐῆσαι,
1099 5069 1186 5122 καὶ
1237 5069 1532 5145 τραπέσθαι
1591 5071 1666 5133 εἷς
1725 5072 1920 5149 φυγὴν,

266 5160 565 5237 ἐφιεμένην
623 5159 706 5214 ἀεὶ
763 5159 872 5212 τῶν
930 5156 1266 5233 ἔμπροσθεν·
1317 5159 1363 5214 εί
1422 5157 1480 5214 δὲ
1534 5161 1624 5215 καὶ
1683 5161 1920 5230 πίπτειν,

264 5247 420 5306 ἀλλὰ
476 5249 638 5305 τοῦτο
692 5247 881 5324 χειρὸς
938 5243 1226 5320 βασιλικῆς
1277 5244 1454 5323 ἔργον,
1489 5245 1924 5322 ὃρυοτομούσης,

266 5341 344 5401 ὡς
397 5336 449 5392 ἐν
502 5336 702 5408 ἀξίναις
744 5335 999 5411 λόχμην,
1030 5335 1092 5389 τὸ
1132 5340 1234 5405 τῆς
1286 5331 1622 5413 βαρϐαρικῆς
1674 5341 1924 5414 στρατιᾶς

266 5427 321 5482 ἓν
376 5426 677 5497 πυκνότητι
737 5424 949 5482 λάσιονο
985 5425 1037 5478 οἳ
1083 5423 1172 5478 καὶ
1226 5425 1406 5502 βραχύ
1451 5448 1504 5481 τι
1557 5427 1928 5503 ἀναψύχοντες

269 5514 496 5578 ἑαυτιὺς
544 5517 688 5590 ἄρτι,
721 5515 810 5570 καὶ
877 5510 1096 5590 βουλῶν
1145 5514 1235 5568 καὶ
1291 5515 1614 5590 τραυμάτων
1666 5515 1927 5586 ἀπηλλα-

270 5605 492 5678 γμένοι,
525 5605 599 5659 ὧν
651 5603 729 5663 εἷς
792 5603 957 5678 βάθος
989 5600 1331 5674 ὲντετηκυίας
1367 5603 1464 5667 τὰς
1510 5603 1680 5667 οὐλὰς
1737 5604 1928 5682 φέρου-

274 5713 384 5767 σιν,
411 5693 565 5766 ὅμως
597 5689 712 5749 οὔτι
743 5713 850 5748 που
889 5688 979 5747 διὰ
1024 5687 1218 5753 τέλους
1270 5691 1543 5768 χαίρουσι.
1576 5699 1924 5770 Παραιρεῖται

2027 4700 2228 4767 potum
2263 4711 2437 4750 suum
2488 4694 2718 4748 miscet.
2753 4694 2797 4748 Ο
2857 4694 3068 4749 tumuli
3120 4704 3317 4749 sancte
3376 4693 3547 4764 lapis,
3585 4694 3682 4764 qui

2028 4784 2188 4839 intus
2215 4783 2469 4855 lapidem
2494 4781 2879 4851 sanctionem,
2904 4783 3180 4837 omnibus
3203 4782 3574 4838 formidinem
3599 4782 3684 4838 af-

2029 4874 2307 4928 ferentem
2339 4872 2607 4927 recondis
2632 4872 2642 4926 l

2096 4980 2190 5034 74,
2219 4978 2366 5034 Vere
2395 4977 2551 5033 enim
2583 4975 2644 5030 in
2678 4975 2882 5031 hostes
2940 4983 3268 5033 currentem
3321 4978 3496 5034 simul
3526 4977 3687 5033 vide-

2031 5086 2092 5125 re
2121 5085 2255 5124 eum
2287 5072 2540 5139 poteras,
2572 5071 2629 5120 et
2660 5065 2965 5121 confestim
2991 5066 3348 5135 timuisse,et
3374 5083 3689 5123 conversos

2030 5158 2089 5214 iu
2126 5160 2318 5229 fugam
2355 5157 2535 5212 fuisse
2567 5170 2801 5225 semper
2831 5155 2900 5209 ad
2935 5171 3033 5210 eos
3065 5157 3162 5227 qui
3205 5156 3264 5210 in
3299 5157 3487 5211 fronte
3518 5160 3689 5210 erant

2032 5249 2390 5303 tendentem.
2420 5245 2479 5299 Si
2502 5259 2636 5298 vero
2667 5242 2845 5298 etiam
2873 5244 3278 5310 caderet,illud
3304 5260 3516 5298 manus
3538 5259 3688 5314 Opus

2033 5339 2159 5392 erat
2185 5335 2374 5408 regiae,
2409 5347 2661 5405 quercus
2688 5330 2964 5398 secantis,
2987 5332 3137 5387 sicut
3161 5334 3216 5386 in
3239 5332 3546 5388 securibus
3567 5330 3687 5403 syl-

2036 5442 2182 5494 vam,
2207 5423 2492 5480 barbarici
2519 5419 2806 5476 exercitus
2830 5420 3074 5477 densata
3101 5422 3334 5491 agmina
3353 5419 3684 5485 hominum,

2035 5518 2135 5586 qui
2171 5514 2474 5588 paululum
2507 5515 2578 5568 de
2603 5529 2748 5567 novo
2771 5511 3013 5567 animati
3046 5519 3102 5568 et
3124 5513 3386 5568 consiliis
3408 5512 3688 5566 immuta-

2035 5609 2111 5663 tis
2143 5605 2602 5675 vulneribusque
2635 5617 2885 5673 quorum
2917 5601 2976 5656 in
3031 5604 3389 5674 profundum
3421 5602 3571 5658 altas
3602 5602 3688 5657 ci-

2037 5697 2282 5754 catrices
2315 5697 2571 5768 gestant,
2602 5689 2878 5748 similiter
2923 5691 3257 5748 nullatenus
3297 5709 3484 5764 usque
3513 5693 3583 5748 ad
3618 5692 3685 5746 fi-
