4136 6210
540 315 693 377 1027

1305 311 1726 375 EUSTA'I‘HII
1766 310 2531 375 THESSALONICENSIS
2574 315 3157 379 ME'I‘ROPOLITE

3703 334 3816 398 {N8

533 467 667 507 nem
688 451 966 523 gaudent.
985 449 1072 505 Ab
1090 448 1235 521 ipsis
1257 447 1449 504 aufert
1470 444 1884 503 exsultationis
1901 443 2162 501 elatione:

2295 440 2344 498 δ’
2373 444 2558 509 αὐτοῖς
2602 448 2672 502 τά
2716 452 2813 503 τοῦ
2852 450 3139 524 χάρματος
3184 451 3245 506 τὸ
3277 452 3410 510 πολὺ
3461 457 3542 512 καὶ
3588 458 3818 529 halama

534 560 750 617 magna
774 544 1033 599 turbatio
1064 559 1131 597 ex
1174 540 1520 596 admirando
1569 543 1781 595 eventu
1817 539 2185 611 proveniens,

532 634 727 689 adhuc
758 638 813 688 et
842 630 1138 703 archetypi
1189 630 1489 684 discessus
1521 629 1591 683 ad
1635 628 1808 700 cujus
1854 628 2044 682 instar
2069 627 2183 699 ipsi

533 723 886 779 ethnarchas
905 722 1002 792 qui
1017 720 1168 791 apud
1185 718 1314 772 illos
1333 717 1721 788 suntdepingi
1736 716 2028 772 volebant.
2052 715 2186 771 Sin-

531 813 687 885 gulis
715 810 928 881 placuit
971 806 1276 863 sententiis
1326 807 1433 860 uti.
1484 808 1743 871 Quarum
1796 805 2019 875 optima
2050 803 2181 870 fuit,

530 900 764 973 quod,si
794 901 998 952 tantus
1026 895 1175 969 ipsis
1203 895 1534 968 praefuisset
1555 895 1815 961 dux,non
1840 898 2008 948 tanta
2030 892 2184 947 mala

528 990 683 1063 passi
714 991 927 1052 essent,
960 1001 1136 1041 omne
1165 983 1433 1057 praelium
1464 984 1711 1040 victores
1741 982 2183 1037 commisissent

525 1084 582 1137 et
611 1078 795 1136 armis
824 1076 1021 1133 invicti
1057 1075 1327 1131 recensiti
1363 1073 1632 1129 fuissent.
1666 1074 1814 1128 Nam
1847 1072 2179 1149 considera-

524 1168 668 1225 bant
696 1166 990 1240 quomodo
1024 1181 1137 1220 non
1173 1164 1446 1218 manibus
1491 1178 1737 1233 parcens
1777 1163 2096 1233 imperator
2123 1164 2181 1215 et

523 1257 582 1312 in
602 1255 891 1311 incuriam
916 1253 1194 1325 delapsus
1217 1267 1337 1307 rem
1366 1249 1662 1323 publicam
1692 1250 2175 1316 administrabat;

522 1344 871 1418 plerumque
900 1346 1095 1397 autem
1129 1339 1406 1411 periculis
1434 1356 1498 1395 se
1548 1340 1854 1409 objiciens,
1891 1355 2174 1393 manuum

519 1433 883 1490 validitatem
918 1433 1254 1486 monstrans
1284 1433 1342 1482 et
1394 1427 1769 1483 victoriarum
1803 1426 1999 1481 socius
2031 1442 2175 1498 pra:-

522 1522 757 1581 cellens.
791 1520 944 1576 Sane
974 1534 1125 1589 saepe
1155 1516 1339 1572 voluit
1370 1515 1502 1571 belli
1550 1532 1616 1570 os
1646 1520 1703 1569 et
1749 1514 1859 1586 ipsi
1918 1516 1987 1569 ad
2025 1531 2175 1570 mor-

520 1619 638 1671 tem
669 1609 869 1677 hiare;
918 1612 977 1663 et
1030 1607 1088 1661 in
1149 1621 1215 1661 eo
1274 1621 1508 1676 quoque
1565 1604 1925 1677 experientia
1974 1602 2176 1659 docuit

520 1702 675 1776 quod
705 1698 841 1756 belli
874 1698 1107 1752 fortuna
1136 1712 1167 1751 e
1208 1696 1348 1749 viris
1400 1694 1693 1766 Optimum
1745 1709 1981 1765 semper
2008 1692 2174 1764 eligit

2290 538 2412 625 τοῦ,
2446 535 2740 609 θαύματος,
2794 538 3022 613 προσέτι
3081 540 3189 610 μὴν
3240 541 3323 594 καὶ
3368 544 3401 613 ἡ
3451 549 3538 598 τοῦ
3583 547 3819 625 ἀρχετΰπου

2294 623 2602 692 ἀπέλευσις,
2661 626 2800 699 πρὸς
2856 626 2989 700 ὅπερ
3046 626 3203 682 αὐτοὶ
3254 630 3371 691 τοὺς
3418 629 3467 685 ἒν
3513 623 3821 708 σφίσινταῦτοῐς

2292 710 2559 788 ἐθνάρχας
2611 711 2813 783 ἤθελον
2864 716 3183 790 γράφεσθαι.
3241 719 3448 793 Ἦρεσκε
3501 723 3587 797 γάρ
3635 725 3820 796 ἱκάστοις

2291 802 2678 876 γνωματεύειν.
2712 802 2815 859 Καὶ
2854 802 3040 866 καλῶς
3094 804 3199 880 ἄρα
3253 807 3361 882 εἶχε
3407 810 3465 863 τὸ
3513 816 3817 890 γνωμάτεομα,

2290 890 2385 958 ὡς,
2442 891 2591 966 εἴπερ
2636 895 2887 954 τοιοῦτος
2935 891 3122 956 αὐτοῖς
3170 892 3405 971 ἐφίστατο
3450 903 3717 975 στρατηγὸς,
3750 907 3820 962 οὐχ

2290 979 2349 1070 ᾃν
2401 975 2638 1070 ἔπασχον
2672 978 2865 1070 ,οὕτως
2891 980 2960 1035 τὰ
3015 979 3292 1038 πάνδεινα·
3315 989 3471 1038 πᾶσαν
3499 983 3551 1041 δὶ
3584 987 3635 1043 ἂν
3682 993 3819 1070 μάχην

2289 1067 2567 1142 ἐκράτουν,
2596 1069 2687 1124 καὶ
2735 1069 2799 1124 τὸ
2847 1069 3117 1141 ἀήττητον
3175 1070 3535 1150 ἐπεγράφοντο.
3579 1067 3822 1137 Συνενοοῦνο

2285 1178 2347 1212 το
2395 1158 2518 1234 γὰρ,
2552 1158 2627 1221 ὡς
2680 1158 2745 1214 οὗ
2801 1157 3112 1215 συστέλλων
3154 1160 3183 1215 6
3212 1160 3535 1238 αὐτοκράτωρ
3581 1166 3649 1220 τὼ
3692 1176 3820 1245 χεῖρε,
3862 1158 3867 1173 ’

2284 1248 2372 1302 καὶ
2429 1247 2506 1309 εἷς
2558 1249 2623 1304 τὸ
2680 1249 2967 1325 ἀπρᾶγμον
3027 1247 3338 1315 καταλύων,
3390 1248 3611 1323 διῳκεῖτο
3665 1257 3719 1311 τὰ
3749 1266 3821 1329 τῆς

2286 1337 2482 1412 ἀρχῆς·
2514 1338 2583 1393 τὰ
2609 1336 2787 1394 πλείω
2845 1336 2904 1393 δὲ
2952 1334 3227 1400 κινδύνοις
3258 1337 3565 1413 επιτολμῶν,
3588 1342 3664 1398 καὶ
3708 1347 3823 1422 βρια.

2285 1423 2491 1499 ρότητα
2543 1425 2855 1504 προφαίνων
2911 1429 3140 1500 χειρῶν,
3167 1426 3260 1480 καὶ
3314 1426 3475 1488 νίκαις
3507 1432 3825 1505 παρασπιζόμε.

2282 1533 2393 1574 νος.
2425 1513 2523 1568 Καὶ
2559 1515 2666 1587 μὴν
2693 1511 2861 1581 ἤθελε
2889 1511 3167 1576 πολλάκις
3191 1514 3257 1568 τὸ
3296 1519 3390 1570 τοῦ
3437 1514 3654 1591 πολὲμου
3696 1522 3827 1594 στόμα

2283 1600 2528 1678 ἑγχανεῖν
2586 1603 2677 1658 καὶ
2728 1602 2875 1675 αὐτῷ
2946 1603 3085 1677 πρὸς
3142 1606 3363 1667 θάνατον
3393 1624 3406 1638 ·
3460 1607 3542 1660 καὶ
3587 1605 3825 1685 φιλόνεικος

2280 1690 2371 1760 ἦν,
2433 1690 2798 1762 ἐπαληθεῦσαι
2849 1691 3142 1757 κάνταῦθα,
3196 1692 3275 1757 ὡς
3329 1690 3426 1768 ἄρα
3472 1695 3499 1749 ὁ
3548 1694 3747 1769 πόλεμος
3789 1699 3825 1754 ἐν

519 1797 578 1849 et
633 1789 841 1846 aufert.
900 1784 1163 1842 Pericula
1210 1800 1346 1856 ergo
1401 1783 1462 1837 in
1521 1783 1735 1848 ﬂuviis,
1802 1782 2058 1853 pericula
2108 1782 2162 1837 in

2278 1777 2499 1855 ἀνδράσι
2528 1780 2592 1836 τὸ
2620 1786 2863 1856 κρεῖττον
2898 1781 3009 1876 ἀεὶΔ
3037 1778 3335 1856 ἱπιλὲγδην
3391 1783 3617 1858 αἱρεῖται.
3643 1784 3825 1841 Κίνδυνοι

519 1882 655 1947 viis,
687 1877 947 1951 pericula
976 1877 1031 1930 in
1066 1875 1321 1939 insidiis,
1354 1872 1412 1927 in
1449 1876 1715 1928 conserto
1747 1870 1943 1944 praelio
1976 1872 2165 1944 plura,

519 1990 635 2030 non
670 1986 856 2043 pauca
884 1968 943 2024 in
978 1965 1409 2034 obsidionibus,
1442 1968 1507 2018 ut
1532 1979 1644 2018 uno
1667 1964 1843 2018 verbo
1874 1964 2164 2034 dicamus,

517 2058 911 2135 periculorum
968 2057 1167 2111 decem
1228 2053 1433 2121 millia,
1495 2069 1741 2125 quorum
1802 2053 2003 2108 eadem
2034 2052 2168 2107 finis

520 2167 683 2207 mors
715 2152 825 2205 est.

589 2258 680 2314 75.
714 2255 857 2312 Cum
887 2268 1115 2323 aequum
1146 2266 1260 2305 non
1293 2248 1373 2305 sit
1400 2246 1501 2303 tali
1535 2250 1742 2302 natura
1782 2246 2021 2319 gloriari
2051 2248 2167 2302 fer—

519 2365 672 2416 rum,
696 2362 813 2402 non
836 2341 1115 2401 cecidisse
1136 2338 1425 2411 sanguine
1443 2336 2016 2406 imbutum,multum
2038 2335 2170 2392 alie-

521 2452 732 2495 norum
765 2447 1031 2491 cruorem
1063 2429 1478 2494 eli‘undens,ne
1507 2427 1895 2482 Barbarorum
1930 2425 2065 2498 quis
2094 2426 2167 2482 de

518 2543 667 2584 novo
713 2539 889 2597 opera
938 2520 1060 2576 haec
1110 2517 1232 2573 fieri
1284 2516 1572 2583 irrideret,
1623 2517 1944 2571 secundum
1996 2518 2163 2570 natu-

514 2632 641 2673 ram
674 2612 850 2679 cadit,
884 2607 1102 2666 nemini
1134 2605 1398 2662 omnium
1438 2605 1717 2660 adversus
1751 2620 1813 2659 se
1863 2604 2010 2658 dans
2040 2603 2159 2677 glo-

516 2704 660 2759 riam
713 2696 979 2773 perpetui
1029 2692 1336 2766 triumphi,
1390 2696 1447 2748 et
1476 2692 1691 2747 dormit
1747 2690 1987 2764 longum
2033 2692 2163 2765 qui-

518 2792 675 2856 dem,
708 2788 809 2843 sed
843 2786 998 2841 unde
1047 2781 1378 2856 evigilatur,
1423 2797 1740 2848 somnum;
1771 2781 1890 2836 vita
1921 2781 2159 2852 quidem

518 2894 706 2952 nuper
734 2876 933 2947 elapsa
958 2871 1232 2945 insignis,
1254 2870 1543 2942 insignior
1565 2869 1760 2925 adhuc
1785 2886 2162 2927 consumma-

515 2970 696 3036 tione,
728 2966 866 3038 quia
912 2963 1092 3019 vitam
1142 2962 1203 3016 in
1259 2976 1441 3032 regno
1499 2959 1821 3026 collocavit,
1869 2960 2041 3031 cujus
2072 2961 2162 3016 fu-

516 3060 722 3116 nestus
753 3053 961 3111 fuisset
989 3067 1105 3108 non
1136 3066 1243 3122 par
1269 3048 1483 3105 exitus.

580 3237 672 3292 76.
705 3233 846 3300 Quis
871 3247 1005 3287 vero
1034 3246 1150 3285 non
1181 3227 1260 3284 ibi
1294 3226 1629 3282 mirandum
1661 3225 1876 3282 habeat
1917 3227 2073 3298 quod
2101 3232 2158 3283 et

511 3324 688 3380 vitam
714 3323 839 3393 jam
868 3318 1114 3374 metiens
1147 3330 1249 3387 pro
1279 3312 1453 3369 morti
1488 3314 1719 3368 addicta
1761 3316 1989 3381 natura,
2021 3313 2157 3370 licet

513 3415 741 3470 tantum
772 3409 962 3463 virum
996 3405 1121 3479 lege
1150 3402 1378 3476 alligari
1429 3419 1542 3458 non
1592 3401 1935 3474 oportuerit,
1965 3408 2021 3457 et
2054 3419 2155 3474 pro

512 3517 769 3575 superna
784 3496 1083 3555 vocatione
1103 3492 1449 3549 divisionem
1475 3490 2013 3564 patiens,siquidem
2029 3508 2154 3548 cor-

510 3607 623 3663 pus
652 3604 751 3661 pro
792 3591 1003 3642 natura
1034 3599 1137 3637 sua
1190 3585 1359 3636 terrae
1395 3584 1485 3635 est
1538 3579 1924 3647 reddendum,
1957 3578 2156 3635 anima

507 3694 646 3735 vero
702 3675 771 3732 ad
832 3671 1192 3729 Altissimum
1272 3667 1587 3725 ascendere
1645 3667 1853 3734 debet,
1913 3668 2155 3724 timebat

510 3783 583 3822 ne
609 3781 724 3821 non
781 3761 1010 3834 egregie
1053 3776 1086 3814 a
1141 3757 1257 3813 vita
1314 3756 1654 3824 solveretur,
1712 3761 1769 3810 et
1825 3773 1897 3812 ne
1926 3756 1984 3811 in
2038 3758 2154 3814 fine

506 3853 620 3911 vile
649 3851 791 3925 quid
820 3856 877 3906 et
907 3847 1331 3922 praeteritorum
1363 3845 1554 3916 impar
1610 3845 1666 3899 in
1702 3860 1767 3900 se
1796 3860 1909 3899 non
1941 3846 2152 3901 admit-

505 3946 676 3999 teret.
708 3942 1001 3995 lmmensa
1057 3935 1238 4007 igitur
1292 3933 1527 4006 quidem
1582 3932 1737 3987 lucta
1779 3933 1973 3990 omnis
2020 3951 2152 4006 pro-

508 4030 854 4091 ducebatur,
887 4024 1032 4081 nihil
1065 4041 1197 4080 vero
1247 4022 1402 4078 aliud
1436 4021 1590 4077 inter
1632 4022 1833 4076 omnia
1861 4023 1931 4076 ad
1965 4026 2152 4094 majo-

509 4135 634 4175 rem
689 4117 948 4173 laborem
1002 4114 1267 4186 urgebat.
1326 4114 1529 4183 ltaque
1588 4110 1811 4167 belluas
1860 4113 2152 4182 juveniles

508 4205 845 4281 prostravit,
869 4203 1133 4259 Herculis
1155 4202 1334 4257 decus
1358 4200 1523 4271 illud,
1546 4199 1736 4272 lepido
1772 4202 2007 4257 nomine
2029 4202 2151 4257 luc-

510 4302 628 4353 tam
684 4295 847 4350 illam
906 4292 1223 4365 designans
1281 4290 1432 4346 sicut
1487 4288 1547 4344 in
1579 4288 1885 4345 exercitiis.
1950 4291 2152 4346 Immi-

507 4391 650 4444 nuto
716 4400 848 4441 vero
916 4383 1125 4454 pedum
1193 4380 1429 4451 vigore,
1505 4377 1716 4433 iterum
1786 4378 1905 4433 haec
1972 4380 2149 4436 inter-

504 4474 712 4549 positis
744 4471 1149 4545 frequentibus
1177 4468 1504 4525 intervallis
1552 4470 1778 4540 agebat.
1812 4469 1879 4524 Et
1911 4472 2151 4527 morbus

505 4563 740 4636 quidem
774 4562 845 4617 ad
876 4558 1194 4631 tranquille
1224 4558 1549 4613 sistendum
1583 4556 1903 4627 incitabat;
1938 4574 2151 4614 manus

2277 1873 2405 1944 γοῦν
2455 1869 2507 1924 ἐν
2557 1874 2849 1943 ποταμοῖς,
2891 1866 3132 1925 κίνδυνοι
3184 1868 3239 1925 ἓν
3294 1868 3517 1949 ἐφόδοις,
3559 1870 3750 1928 κίνδυνοι
3787 1874 3824 1929 ἐν

2282 1957 2501 2033 Λόχοις,
2529 1956 2780 2021 πλείονες
2811 1957 2864 2013 ἐν
2900 1955 3094 2030 σταδίᾳ
3144 1960 3323 2035 μάχῃ,
3356 1960 3450 2014 οὐκ
3488 1959 3646 2035 ὀλίγοι
3683 1961 3726 2016 ἰν
3755 1984 3826 2018 πο-

2281 2045 2592 2123 λιορκίαις⁴
2642 2047 2733 2103 καὶ
2793 2048 2868 2110 ὡς
2925 2046 2976 2103 ἐν
3044 2047 3343 2124 συναιρέσει
3407 2048 3571 2126 φάναι,
3618 2056 3824 2127 μυρισχοῦ

2278 2133 2539 2204 κίνδυνοι,
2571 2136 2649 2201 εἷς
2668 2135 2723 2192 ’ἐν
2750 2141 2833 2208 τῷ
2860 2135 3069 2210 θανάτῳ
3098 2140 3443 2214 φρονοῦντες.

2349 2245 2439 2302 οε’.
2473 2245 2622 2300 Ἐπεὶ
2680 2242 2739 2300 δὲ
2794 2245 2899 2300 οὐκ
2953 2242 3151 2318 ἔπρεπε
3206 2243 3460 2315 τοιαύτης
3499 2241 3677 2322 φύσεως
3713 2266 3829 2301 κατα-

2276 2337 2652 2412 καυχήσασθαι
2713 2333 2959 2413 σίδηρον,
2994 2333 3135 2409 μηδὲ
3189 2341 3370 2391 πεσεῖν
3418 2334 3828 2414 α’ίματιπεσυρμὲ-

2274 2446 2364 2481 νον
2422 2427 2512 2482 τὸν
2571 2424 2759 2481 πολλὰ
2794 2431 2905 2481 τῶν
2938 2423 3274 2504 ἀλλοφύλων
3306 2424 3620 2502 χέαιτα,’ἷνα
3663 2434 3725 2501 μὴ
3764 2427 3827 2483 καὶ

2271 2537 2354 2579 τις
2383 2520 2491 2571 τῶν
2540 2511 2826 2593 βαρϐάρων
2872 2513 2993 2591 ἄρτι
3038 2515 3106 2570 τά
3148 2512 3281 2592 ἔργα
3321 2513 3446 2571 τάδε
3477 2516 3687 2591 γενέσθαι
3728 2518 3828 2572 σιώ-

2272 2608 2411 2680 ψειε,
2443 2604 2627 2660 πίπτει
2686 2606 2823 2660 κατᾶ
2878 2605 3053 2681 φύσιν,
3089 2602 3285 2677 μηδενὶ
3336 2609 3439 2659 τῶν
3490 2604 3700 2660 ἁπάντων
3744 2606 3827 2659 κατ’

2272 2693 2436 2749 αὐτοῦ
2491 2691 2648 2767 ξδοῦς
2732 2687 3115 2769 ἐναϐρύνασθαι
3184 2694 3214 2748 ὁ
3277 2692 3440 2749 εἲσαεὶ
3508 2695 3720 2765 νικητὴς,
3765 2693 3828 2747 καὶ

2273 2785 2436 2838 ὑπνοῖ
2479 2784 2574 2838 τὸν
2634 2782 2839 2858 μακρὸν
2904 2783 3020 2852 μὶν,
3050 2782 3335 2857 μακαρίως
3392 2780 3449 2838 δὲ
3494 2781 3628 2847 αὖθις
3674 2780 3828 2857 ἐγέρσι-

2275 2891 2415 2946 μον·
2475 2869 2727 2944 ἀοίδιμος
2793 2871 2888 2944 μὶν
2940 2874 3039 2925 τοῦ
3096 2870 3294 2945 πρώην
3355 2870 3492 2947 βίου,
3544 2868 3755 2945 ἇοίδιμος
3790 2867 3829 2924 δὶ

2270 2960 2431 3017 είσέτι
2487 2960 2655 3017 πλέον
2710 2964 2810 3015 τοῦ
2865 2959 3003 3035 πρὸς
3046 2964 3127 3031 τῷ
3173 2959 3345 3029 τέλει,
3377 2960 3458 3016 δτι
3504 2960 3586 3016 καὶ
3616 2959 3830 3037 βασιλείας

2268 3048 2471 3112 ἐγεῗνος
2529 3049 2687 3104 αὐτὸν
2739 3044 3168 3122 ἔπεϐίϐασεν,ἦς
3218 3048 3447 3121 ἐξαίσιον
3500 3050 3560 3105 τὸ
3607 3046 3830 3118 ἀτελεύτη-

2266 3160 2383 3195 τον.

2341 3228 2438 3292 σεῖ’.
2469 3226 2557 3289 Τίς
2617 3224 2676 3282 δὲ
2730 3227 2832 3281 οὐκ
2887 3222 2946 3281 ἃν
3007 3225 3238 3291 ἐνταῦθα
3292 3232 3465 3302 κρινεῖ
3514 3227 3636 3302 πρὸς
3677 3223 3831 3298 θαύμα-

2264 3338 2381 3391 τος,
2414 3316 2497 3372 ὅτί
2552 3316 2641 3371 καὶ
2678 3316 2772 3370 τὸν
2827 3314 2941 3390 βίον
2986 3312 3095 3386 ἤδη
3145 3316 3494 3392 ἀπομετρῶν,
3521 3317 3600 3371 καὶ
3646 3314 3757 3387 πρός
3790 3333 3832 3367 τι

2261 3410 2365 3473 τῆς
2392 3404 2444 3461 ἐν
2476 3408 2543 3481 τῇ
2576 3405 2868 3476 θνητότητι
2910 3403 3145 3482 φύσεως,
3177 3403 3225 3460 εἲ
3281 3404 3370 3461 καὶ
3431 3406 3588 3479 μήπω
3636 3399 3723 3459 ἔδει
3763 3399 3831 3457 τόν

2261 3494 2610 3567 τηλικοῦτον,
2643 3494 2779 3570 πρός
2824 3514 2884 3548 τε
2937 3494 3038 3563 τὴς
3095 3494 3301 3551 ἄνωθεν
3330 3492 3570 3566 κλήσεως
3598 3491 3830 3570 διχαζόμι·

2260 3606 2370 3658 νος,
2424 3585 2515 3640 καὶ
2568 3585 2632 3639 τὸ
2688 3587 2849 3656 σῶμα
2909 3584 3001 3655 μὲν
3054 3582 3283 3659 ἀνάγκη·
3358 3578 3499 3660 ἔχων
3551 3581 3830 3659 παρατιθίνιιι

2260 3678 2328 3748 τῇ
2386 3676 2479 3750 γῇ,
2511 3677 2579 3747 τῇ
2638 3670 2696 3727 δὲ
2743 3674 2897 3748 ψυχῇ
2942 3666 3247 3727 ἀναϐαίνειν
3298 3673 3434 3749 πρὸς
3486 3675 3571 3728 τὸν
3611 3674 3829 3744 Ὕψιστον,

2263 3758 2422 3818 ὤκνει
2454 3762 2531 3835 μὴ
2566 3760 2793 3836 εὐγενῶς
2852 3759 3136 3830 ἀναλῦσαι,
3170 3758 3303 3815 ἀλλ’
3349 3761 3436 3816 ἐπὶ
3486 3759 3662 3824 στόλους
3697 3777 3839 3813 ταπει-

2261 3853 2350 3907 νὸν
2404 3851 2492 3906 καὶ
2549 3855 2665 3912 τοῖς
2724 3848 2986 3924 φθάσασιν
3024 3847 3364 3926 ἀσύντροχόν
3395 3872 3446 3906 τι
3476 3852 3681 3917 παθεῖν;
3709 3846 3837 3919 Μάχη

2266 3940 2361 4013 μὲν
2422 3937 2515 3994 οῦν
2573 3937 2752 3993 ἅπασα
2809 3937 3103 4013 ὑπερόριος
3159 3936 3448 4009 ἐλήλατο·
3505 3938 3760 4010 κατήπειγε
3799 3929 3841 3986 δὶ

2263 4025 2377 4084 οὐδ’
2404 4024 2546 4082 ἄλλο
2603 4023 2779 4093 οὐδὲν,
2813 4023 2844 4079 6'
2891 4045 2945 4079 τι
2993 4030 3103 4080 τῶν
3134 4026 3411 4099 ἁπάντων,
3443 4025 3517 4089 είς
3570 4028 3714 4082 πόνον
3754 4019 3843 4096 μεί-

2264 4124 2409 4186 ζονα.
2486 4122 2665 4192 Θῆρας
2737 4113 2916 4169 τοίνυν
2999 4115 3277 4179 νεανικοὺς
3366 4113 3598 4193 ἕρῥιπτε,
3668 4114 3716 4168 τὸ
3772 4112 3843 4165 τοῦ

2258 4205 2592 4278 Ἠρακλὲους
2657 4207 2818 4259 τοῦτο
2905 4203 3121 4276 σεμνὸν,
3179 4205 3634 4282 ὑποκοριζόμενος
3707 4202 3848 4274 μάχην

2257 4294 2483 4365 ταύτην,
2518 4294 2594 4355 ὡς
2651 4291 2702 4347 ἐν
2741 4292 3110 4369 γυμνάσματι.
3139 4296 3253 4350 Τοῦ
3311 4293 3619 4370 βαδιστικοῦ
3659 4290 3707 4346 δὲ
3729 4288 3847 4345 τόνου

2262 4380 2670 4450 ὑπενδιδόντος,
2712 4383 2849 4437 κατά
2899 4383 3101 4458 συχνάς
3154 4383 3311 4446 αὗθις
3357 4382 3657 4444 ἀναπαύλας
3697 4377 3850 4455 ἐγίνετο

2257 4478 2443 4531 τοῦτο.
2480 4471 2584 4528 Καὶ
2642 4473 2677 4541 ἡ
2718 4471 2877 4534 νόσος
2939 4472 3035 4545 μὲν
3090 4470 3394 4547 ἡσυχάζειν
3451 4466 3847 4547 προῦτρόπετό,ἡ

2260 4560 2317 4617 δὲ
2349 4562 2474 4637 χεὶρ
2504 4564 2609 4615 τῶν
2643 4561 2900 4635 γενναίων
2958 4557 3133 4637 ἔργων
3185 4560 3286 4616 οὐκ
3342 4561 3618 4638 ἀπείχετο·
3645 4556 3723 4614 καί
3766 4573 3851 4614 πως

500 4671 637 4710 vero
668 4654 739 4708 ab
769 4651 1019 4723 egregiis
1051 4648 1329 4722 Operibus
1368 4664 1485 4703 non
1517 4647 1874 4703 abstinebat.
1913 4650 1981 4704 Et
2011 4666 2155 4721 quo-

2264 4649 2431 4711 αἰδὼς
2480 4648 2639 4704 αὐτὸν
2689 4649 3062 4725 περιέτρεχεν,
3108 4650 3394 4725 εὑρεθῆναι
3453 4652 3529 4724 μή
3574 4648 3647 4710 είς
3684 4648 3738 4701 τὸ
3775 4648 3849 4696 πᾶν

504 4743 637 4798 dam
668 4742 839 4797 modo
870 4739 1122 4795 habebat
1144 4737 1312 4792 illum
1336 4738 1525 4809 pudor
1542 4737 1875 4809 neignavus
1901 4738 1960 4792 in
1983 4755 2154 4811 agen-

504 4832 577 4887 do
608 4830 903 4887 videretur
924 4827 1153 4899 quoties
1183 4826 1424 4882 stimulo
1446 4831 1683 4881 externo
1707 4842 1855 4898 opus
1876 4826 2151 4885 habebat.

573 4939 667 4993 77.
722 4937 924 5009 Itaque
975 4935 1128 5007 quod
1189 4935 1262 4990 ab
1312 4933 1586 4990 omnibus
1633 4936 2023 5006 expetendum
2065 4940 2155 4992 est

504 5026 721 5100 quibus
752 5025 808 5080 in
863 5029 1135 5098 promptu
1190 5026 1280 5078 est
1326 5023 1489 5093 iuxta
1547 5022 1869 5093 prudentiae
1918 5023 2151 5096 regulas

501 5116 713 5185 vivere,
774 5112 1002 5170 suffecit
1059 5127 1246 5184 usque
1301 5112 1370 5167 ad
1432 5112 2002 5168 consummationem
2033 5113 2150 5168 exi-

500 5210 599 5262 tus
630 5205 702 5261 ad
734 5204 1129 5259 desideratum
1157 5205 1359 5270 Deum,
1389 5200 1448 5255 in
1470 5198 1745 5255 omnibus
1780 5200 2153 5273 perfectionis

502 5311 773 5366 compos;
796 5293 1121 5364 legationes
1142 5308 1386 5364 parans;
1408 5290 1646 5345 mittens
1669 5306 1783 5361 quo
1806 5292 2148 5362 Oportebat;

501 5399 635 5438 cum
666 5382 1055 5454 undequaque
1103 5379 1310 5452 legatis
1358 5381 1658 5447 tractans;
1709 5380 1963 5451 graviter
2010 5397 2147 5436 con-

501 5472 763 5540 cionans,
797 5469 951 5542 quod
976 5468 1166 5540 quivis
1187 5466 1417 5523 vocabit
1442 5468 1609 5538 quasi
1633 5484 1666 5522 a
1695 5467 1843 5523 lecto
1865 5468 2151 5541 regio,op-

501 5558 816 5629 portunius
845 5555 1047 5613 volens
1078 5572 1180 5628 per
1223 5555 1528 5627 proverbia
1574 5555 1925 5629 significare,
1969 5573 2146 5629 quam

506 5661 540 5700 ε
568 5645 707 5700 sedo
738 5644 895 5700 dicta
922 5662 937 5713 ;
971 5645 1042 5699 ad
1095 5644 1440 5700 memoriam
1466 5659 1742 5701 revocans
1773 5648 1830 5700 et
1879 5645 2149 5705 evolvens

2266 4739 2623 4817 ἐγρηγορότα,
2657 4736 2748 4793 ὅτε
2774 4738 3044 4808 κληθῆναι
3076 4736 3311 4810 δεήσειε.

2335 4940 2427 5003 οζ.
2462 4934 2565 4990 Καὶ
2611 4930 2793 4988 τοίνυν
2837 4933 2901 4987 τὸ
2946 4938 3064 4996 τοῖς
3097 4936 3293 4989 ἅπασιν
3321 4934 3592 5003 εὐκταῖον,
3621 4933 3694 4997 οἷς
3735 4930 3851 5004 μέτε·

2262 5044 2345 5078 στι
2396 5026 2493 5077 τοῦ
2542 5021 2680 5098 πρὸς
2730 5020 2923 5098 ὀρθρὸν
2963 5024 3055 5096 [an
3115 5024 3274 5095 ὀρθὸν
3292 5026 3340 5098 Ρ]
3399 5026 3699 5103 φρονήσεως
3738 5017 3851 5073 ἵστα-

2262 5124 2404 5184 σθαι,
2439 5112 2689 5188 ἐξήρκεσε
2750 5111 2915 5187 μὲχρι
2945 5111 3036 5167 καὶ
3093 5111 3169 5175 εἷς
3211 5110 3377 5177 τέλος
3413 5102 3526 5170 τοῦ
3580 5102 3854 5182 ἀπεληλυθέ·

2260 5222 2347 5257 ναι
2379 5201 2456 5263 εἷς
2484 5201 2576 5255 τὸν
2608 5201 2989 5273 πεποθημένον
3022 5202 3173 5271 Θεὸν,
3206 5202 3403 5258 ἑαυτοῦ
3433 5202 3509 5258 ὣν
3542 5202 3617 5266 εἷς
3655 5201 3711 5255 τὸ
3756 5197 3851 5251 πάν-

2258 5312 2326 5362 τη
2382 5289 2625 5346 τὲλειον·
2688 5288 2935 5345 στελλων
3004 5286 3332 5368 πρεσϐείας·
3386 5289 3726 5356 ἐπιστέλλων,
3758 5286 3850 5340 ὅποι

2259 5378 2450 5455 ἐχρῆν·
2484 5378 2845 5455 χρηματίζων
2900 5384 3018 5442 τοῖς
3076 5384 3411 5458 μυριαχοθεν
3464 5376 3739 5455 πρέσϐεσι·
3779 5371 3852 5439 δη·

2264 5471 2525 5544 μηγορῶν
2561 5464 2857 5543 ἑμϐριθῶς,
2888 5468 2922 5523 ’ὰ
2953 5466 3020 5540 δή
3068 5490 3156 5531 τις
3206 5469 3473 5541 ὀνομάσοι
3522 5470 3603 5539 ἂν,
3632 5466 3725 5525 άπὸ
3758 5460 3851 5518 κλί-

2257 5579 2358 5629 νης
2419 5556 2732 5633 βασιλικῆς,
2783 5559 3138 5634 καιριώτερον
3187 5560 3643 5633 παροιμιάζεσθαι
3697 5553 3851 5615 θέλων,

2257 5644 2398 5722 ἤπερ
2451 5647 2518 5702 τὰ
2579 5647 2685 5703 ἀπὸ
2762 5646 2999 5720 κηπαίας
3069 5644 3332 5726 λεγόμενα
3358 5669 3374 5685 ·
3434 5640 3850 5724 ἀπομνημονεύων
