4136 6210
290 379 445 439 1099

1140 371 1546 435 MANUELIS
1589 368 1936 433 COMNENI
1981 367 2384 430 LAUDATIO
2427 367 2838 433 FUNEBRIS.

3539 378 3701 439 1030

285 506 375 564 καὶ
407 504 704 563 ἀνελίττων
752 501 1048 568 σπουδαίας
1096 502 1335 576 πράξεις,
1380 502 1476 564 τὰς
1529 501 1644 574 μὲν,
1692 497 1754 562 ἃς
1813 501 1938 560 νοῦς

2055 503 2322 556 strenuae
2344 501 2624 568 actiones,
2651 499 2757 557 has
2780 502 3016 573 quidem
3039 522 3188 576 quas
3212 507 3334 577 ejus
3352 509 3509 581 regia
3531 527 3698 568 mens

291 596 576 672 βασιλικὸς
624 593 831 650 ἐκείνου
874 587 1232 668 προεϐάλετο,
1280 590 1374 652 τὰς
1428 587 1486 644 δὶ
1543 588 1805 657 παλαιάς,
1856 588 1937 650 αἶς

285 683 801 759 παραδειγματικῶς
860 685 955 744 τὰς
1027 682 1220 736 ἐαυτοῦ
1297 675 1652 755 παρέϐαλλε·
1716 675 1938 732 διαιτῶν

291 775 599 841 ὑποθέσεσι,
654 770 723 827 δι’
782 773 854 826 ὧν
898 769 1286 833 ἀπευθύνονται
1345 766 1539 829 πόλεις
1574 785 1590 803 ο
1646 763 1935 831 διδάσκων,

286 864 382 917 ἅτε
443 859 510 929 δὴ
558 861 648 915 καὶ
697 861 833 935 ἀνὴρ
887 858 1276 924 ἀποστολικὸς,
1325 856 1377 912 εἷ’
1419 879 1523 911 που
1589 853 1936 910 διδασκάλιόν

282 973 338 1007 τι
421 950 722 1024 ἀπορηθείη
779 970 791 983 ο
870 948 922 1003 ἐν
996 945 1325 1019 δικαιώμασι
1402 946 1535 1001 Θεοῦ
1620 941 1935 1017 ἀδολεσχῶν

289 1039 430 1112 μετᾶ
459 1043 555 1092 τοῦ
603 1035 765 1092 Δαυΐδ
813 1034 1118 1110 θεολογίαις
1173 1030 1488 1108 ἐμϐαθύνων
1543 1032 1728 1104 λεπτῷ
1781 1031 1937 1107 λογι-

285 1131 415 1198 σμῷ
443 1127 534 1181 καὶ
565 1128 748 1199 θυμῷ,
777 1125 867 1180 καὶ
894 1124 1054 1200 ὀλίγα
1089 1123 1375 1198 μετέχοντι
1421 1123 1694 1194 σώματος’
1726 1119 1935 1175 τάσσων

287 1215 579 1292 ἐμφρόνως
607 1214 676 1269 τὰ
719 1214 836 1268 κατ’
888 1211 1072 1268 αὐτόν·
1123 1210 1422 1266 ἐπιτάσσων
1477 1209 1836 1286 μεγαλοφυῶς
1873 1209 1941 1264 τὰ

290 1305 411 1377 μετ’
459 1303 640 1358 αὐτόν’
697 1302 774 1366 εἰς
821 1299 983 1363 τέλος
1033 1300 1315 1375 προάγων,
1347 1299 1382 1354 ἃ
1415 1301 1490 1373 μὴ
1545 1299 1748 1378 φθάσας
1790 1298 1938 1370 εὐερ-

283 1396 519 1468 γετικῶς
549 1391 626 1453 εἰς
673 1388 880 1452 ἐντελὶς
929 1388 1115 1466 ἤγαγεο
1171 1386 1413 1461 δημοσία
1457 1408 1515 1442 τε
1563 1388 1650 1442 καὶ
1703 1387 1818 1442 κατ’
1849 1384 1941 1440 ἄν·

284 1482 423 1556 δρας
454 1480 624 1553 ἀξίαις
653 1474 992 1553 ἐμϐιϐάζῶν’
1029 1477 1303 1539 πλούτους
1336 1472 1644 1552 έπιϐρέχων
1673 1481 1791 1538 τοῖς
1841 1476 1940 1529 ὅσα

281 1569 377 1625 καὶ
407 1576 477 1646 γῆ
528 1566 743 1643 διψῶσα
788 1564 1180 1638 ἐπιδεομένοις’
1213 1571 1419 1641 χρυσᾶς
1465 1564 1722 1626 ἐπιτιθεὶς
1762 1584 1939 1638 κορω-

280 1659 440 1721 νίδας
487 1657 785 1731 ὶκετηρίοις
830 1658 1138 1733 γράμμασι,
1174 1655 1505 1732 σφραγίζων,
1539 1653 1938 1731 ἐπισφραγίζων

277 1749 351 1804 τὰ
385 1748 482 1821 μὲν
515 1747 575 1802 ἐκ
619 1753 829 1816 καινῆς,
863 1745 930 1800 τὰ
975 1743 1022 1800 δ’
1071 1745 1148 1808 εἷς
1189 1743 1382 1800 πλεῖον
1422 1744 1722 1818 στερέωμα,
1756 1742 1806 1796 ἐν
1859 1742 1937 1803 οἶς

280 1839 374 1892 καὶ
409 1840 444 1906 ἡ
470 1841 578 1891 τῶν
605 1836 910 1906 ἐκκλησιῶν
943 1833 1162 1910 φροντὶς
1181 1835 1271 1888 καὶ
1299 1834 1632 1909 προμήθεια,
1665 1833 1725 1900 ἣν
1760 1831 1939 1905 ἀγχοῦ

280 1947 395 1981 που
425 1929 649 2000 ἡμερῶν
681 1927 716 1994 ἡ
744 1928 851 1979 τῶν
884 1921 1188 1992 ἐκκλησιῶν
1239 1921 1507 2000 κορυφαία
1550 1920 1756 1994 ἐκρότει
1786 1939 1940 1993 περι-

283 2015 689 2089 σαλπιχθεῖσαν
738 2012 1045 2083 έξάκουστα’
1106 2012 1167 2066 τὸ
1224 2017 1327 2065 πᾶν
1382 2011 1546 2064 εἰπεῖν
1585 2051 1600 2076 ,
1655 2007 1939 2081 θεμελίους

287 2105 533 2182 ὑφιστῶν
592 2101 840 2176 στερεοὺς
893 2105 972 2172 τῷ
1027 2103 1125 2171 τήν
1185 2091 1569 2172 οἰκουμενικήν
1639 2095 1939 2170 οἰκοδομὴν

287 2190 662 2266 διαδεξομένῳ
693 2192 796 2262 υἱῷ
830 2188 1061 2266 βασιλεῖ’
1095 2190 1154 2251 ’ὸς
1202 2187 1314 2262 ἅμα
1367 2190 1434 2257 ἦν
1482 2186 1571 2242 ὅτε
1614 2185 1940 2260 σπαργάνοις

284 2279 669 2357 περιειλίχθη,
726 2279 815 2334 καὶ
877 2276 992 2351 ἅμα
1048 2275 1345 2350 διαδήματι
1401 2276 1744 2352 περιελήφθη
1779 2318 1794 2346 ,
1853 2274 1942 2328 καὶ

283 2369 565 2442 πέμματι
617 2367 874 2444 βρεφόθεν
927 2364 1168 2442 ὡραίσθη
1223 2363 1493 2441 βασιλικῷ
1526 2408 1542 2435 ,
1585 2362 1678 2419 φίνα
1726 2361 1945 2417 διαπαν-

279 2460 384 2520 τὸς
417 2456 492 2512 ὣν
524 2455 805 2532 βασιλεὺς,
854 2453 1325 2528 συνδιῖκνούμενον
1360 2451 1496 2532 φέρῃ
1525 2458 1646 2514 ταῖς
1695 2449 1943 2522 ἡλικίαις

282 2549 524 2608 ἀπάσαις
573 2545 638 2601 τὸ
683 2550 802 2609 τοῖς
856 2544 1134 2620 βασιλεῦσι
1182 2544 1387 2619 πρέπον
1447 2542 1797 2618 εὐεργετικὸν,
1853 2539 1941 2594 καὶ

281 2634 675 2705 συνεπαυξάνοι
722 2634 786 2689 τὸ
835 2631 1035 2704 ἔνθεον,
1078 2633 1167 2688 καὶ
1215 2633 1306 2688 τὸν
1361 2631 1528 2707 μέγαν
1581 2629 1807 2705 βασιλέα
1851 2630 1936 2684 καὶ

278 2722 460 2780 παῖδα
497 2723 576 2787 είς
625 2720 794 2798 ἄνδρα
844 2722 1152 2778 τελειώσειε
1203 2722 1478 2797 μέγιστον,
1532 2719 1940 2795 βασιλεύτατον⁹

282 2814 424 2888 ὅπερ
477 2811 568 2867 καὶ
613 2809 1009 2887 εὐαγγελίζεται
1063 2813 1200 2882 ἡμῖν
1252 2812 1524 2885 τεκμήρια
1579 2813 1941 2884 παραφαῖνον,

286 2905 381 2965 οἷς
435 2902 534 2957 οὐκ
583 2900 692 2957 ἔστι
743 2899 963 2955 λύεσθαι
1009 2899 1045 2969 ἢ
1095 2898 1368 2954 ἐκπίπτειν
1398 2897 1472 2959 εἰς
1509 2899 1572 2952 τὸ
1603 2894 1942 2971 δυστέκμαρ-

283 3011 384 3046 τον
397 3034 410 3048 ι

2049 595 2452 660 proposuerat,
2505 589 2639 645 illas
2690 607 2823 647 vero
2881 599 3123 662 veteres,
3184 597 3401 668 quibus
3445 601 3699 673 exempli

2049 694 2224 733 causa
2257 696 2396 734 suas
2418 679 2820 750 aaquiparabat
2844 699 2856 748 ;
2885 683 3173 754 principia
3189 686 3332 741 scite
3363 687 3701 744 discernens

2049 767 2264 836 quibus
2290 772 2442 822 recte
2469 770 3155 837 gubernanturcivitates
3173 791 3185 840 ;
3206 775 3420 831 docens
3443 776 3700 832 sicutvir

2047 855 2424 926 apostolicus,
2461 857 2510 912 si
2544 859 2689 912 forte
2721 860 3138 916 documentum
3162 864 3455 933 quoddam
3483 868 3698 921 exami-

2049 945 2311 999 nandum
2343 950 2539 1013 esset;
2574 947 2631 1000 in
2659 947 2904 1017 judiciis
2935 949 3151 1005 divinis
3186 953 3502 1022 procedens
3527 957 3698 1024 juxta

2047 1032 2263 1097 David;
2298 1033 2516 1088 divinis
2559 1036 2821 1091 scientiis
2876 1037 3223 1095 incumbens
3274 1042 3477 1096 subtili
3520 1045 3694 1099 ratio-

2049 1120 2200 1177 cinio
2231 1127 2289 1176 et
2333 1124 2560 1193 ardore,
2621 1129 2678 1179 et
2735 1141 2941 1195 parum
2999 1128 3260 1198 corporis
3308 1146 3415 1200 ope
3465 1133 3697 1201 egenti;

2056 1209 2376 1280 prudenter
2403 1227 2510 1266 sua
2541 1227 2745 1283 regens
2770 1230 2782 1280 ;
2820 1215 3191 1283 magnanime
3220 1233 3346 1287 quis
3380 1226 3521 1274 sunt
3543 1220 3696 1276 circa

2047 1298 2244 1370 ipsum
2304 1300 2603 1372 dirigens;
2654 1304 2724 1356 ad
2786 1303 2962 1358 ﬁnem
3024 1306 3365 1376 perducens,
3413 1326 3537 1379 quas
3577 1328 3694 1367 non

2048 1388 2120 1442 ab
2164 1387 2332 1443 initio
2393 1395 2546 1444 recte
2605 1391 2676 1445 ad
2731 1389 3008 1446 ultimum
3069 1394 3242 1449 ﬁnem
3305 1397 3696 1467 perduxerat;

2049 1478 2301 1548 publicis
2332 1484 2387 1532 et
2436 1479 2674 1550 privatis
2726 1480 3119 1552 dignitatibus
3171 1485 3548 1554 perfunctus;
3597 1487 3689 1542 di-

2047 1566 2219 1622 vitias
2243 1567 2551 1625 cumulans
2575 1571 2632 1624 in
2657 1587 2755 1625 eos
2779 1571 2878 1641 qui
2902 1573 3243 1644 indigebant
3263 1576 3415 1629 sicut
3437 1584 3590 1632 terra
3612 1578 3697 1632 in-

2049 1673 2270 1728 aquosa
2295 1677 2306 1726 ;
2339 1675 2548 1715 aureas
2579 1677 2880 1732 apponens
2901 1664 3309 1720 conclusiones
3329 1667 3696 1738 supplicibus

2048 1743 2284 1812 litteris,
2315 1745 2506 1818 sigillo
2548 1749 2811 1820 signans,
2862 1751 3203 1819 obﬁrmans,
3257 1753 3369 1808 alia
3413 1755 3484 1809 de
3524 1771 3695 1825 novo,

2049 1832 2251 1888 aliain
2302 1835 2645 1906 ampliorem
2696 1838 3224 1909 confirmationem,
3280 1841 3338 1896 in
3397 1843 3614 1907 quibus
3644 1849 3702 1899 et

2049 1921 2426 1978 ecclesiarum
2483 1925 2814 1980 sollicitudo
2871 1933 2928 1981 et
2969 1928 3328 1997 providentia
3383 1948 3558 2000 quam
3606 1931 3700 1987 his

2051 2010 2277 2066 ultimis
2334 2014 2542 2068 diebus
2597 2015 2978 2070 ecclesiarum
3054 2017 3286 2086 fastigia
3345 2020 3700 2076 resonabant

2050 2103 2330 2157 tubarum
2363 2105 2600 2172 sonitu;
2636 2111 2699 2160 ut
2727 2107 2926 2162 omnia
2977 2107 3267 2177 dicamus,
3319 2110 3696 2166 fundationes

2052 2189 2272 2246 solidas
2305 2192 2607 2248 stabiliens
2658 2194 2778 2248 ﬁlio
2827 2194 2888 2250 in
2938 2195 3323 2252 (adiﬁcatione
3381 2198 3698 2254 universali

2052 2295 2395 2336 successuro
2455 2283 2597 2352 regi,
2657 2283 2758 2353 qui
2818 2283 2994 2338 simul
3054 2301 3119 2339 ac
3178 2287 3340 2342 faciis
3398 2287 3699 2344 involutus

2052 2367 2183 2438 fuit,
2216 2368 2547 2425 diademate
2575 2370 2805 2427 cinctus
2837 2373 3114 2444 vittisque
3145 2375 3217 2428 ab
3243 2374 3493 2431 infantia
3521 2376 3698 2448 regiis

2051 2457 2358 2512 decoratus
2398 2461 2506 2524 est,
2540 2464 2604 2514 ut
2633 2461 2906 2515 omnibus
2955 2463 3213 2517 numeris
3261 2462 3571 2519 absolutus
3602 2481 3702 2519 rex

2051 2547 2360 2615 proﬁciens
2410 2547 2570 2602 omni
2617 2548 2776 2603 aetati
2833 2553 3088 2620 gestaret
3140 2551 3490 2607 beneficium
3535 2569 3700 2624 reges

2051 2635 2285 2700 decens,
2304 2637 3106 2709 augeretdivineinspiratam
3123 2640 3698 2713 dotem,etmagnum

2051 2739 2247 2794 regem
2280 2729 2337 2779 et
2366 2741 2612 2795 puerum
2635 2725 2696 2780 in
2728 2727 2915 2781 virum
2941 2729 3260 2784 maximum
3295 2731 3452 2800 regio
3477 2731 3701 2786 nomine

2051 2811 2469 2882 dignissimum
2504 2822 2978 2883 consummaret;
3015 2819 3166 2886 quod
3203 2822 3260 2872 et
3292 2819 3510 2873 bonum
3540 2837 3696 2874 nun-

2050 2902 2201 2956 tium
2232 2907 2289 2957 et
2318 2904 2554 2973 signum
2588 2905 2754 2960 nobis
2779 2906 3026 2962 aiferens
3051 2907 3294 2979 fulget,a
3324 2925 3439 2981 quo
3473 2926 3584 2965 non
3613 2914 3704 2965 est

2052 2991 2204 3059 quod
2237 2990 2536 3046 solvamur
2564 2997 2622 3047 et
2652 2993 2707 3047 in
2743 2993 3139 3051 infaustorum
3173 2998 3568 3066 conjecturam
3601 2999 3698 3054 de-

2051 3080 2344 3134 cidamus.

367 3205 472 3274 013‘.
502 3200 682 3259 Ἀλλᾶ
711 3222 878 3258 ταυτα
911 3202 1006 3275 μέν
1064 3222 1154 3275 μοι
1186 3202 1220 3270 ἡ
1255 3200 1308 3255 ἐν
1341 3197 1490 3276 λόγῳ
1536 3196 1942 3313 1θερμήσξηςὶὲξω

367 3297 386 3308 -
695 3292 706 3313 ι
757 3312 764 3313 ,
877 3289 1118 3313 ίκηιλκμ
1233 3291 1470 3313 νημαι.--
1562 3289 1585 3313 χ
1650 3288 1674 3313 λ
1759 3289 1771 3308 ν
1859 3288 1943 3313 ,Α

2123 3204 2213 3256 78.
2244 3203 2373 3258 Haec
2434 3204 2667 3275 quidem
2729 3206 2872 3261 mihi
2933 3209 3217 3264 sermonis
3278 3211 3451 3264 ardor
3493 3213 3703 3282 prater

2059 3296 2468 3313 ,ηημηιημ
2813 3293 2901 3313 ,ηε

284 3297 390 3349 τοῦ
447 3292 809 3369 προκειμένου
866 3289 1170 3366 παρέθετο.
1233 3291 1470 3350 Ἐκεῖνος
1532 3286 1588 3342 δὲ
1644 3287 1771 3344 ἀλλ’
1830 3287 1944 3342 ἐπεὶ

285 3384 465 3438 πάντα
520 3381 688 3457 πέρας
767 3378 914 3453 αὖτῷ
989 3377 1108 3453 εὗρε
1174 3379 1241 3433 τὰ
1295 3378 1570 3452 κρείττω,
1630 3378 1720 3431 καὶ
1774 3376 1942 3430 εἰπεῖν

286 3469 422 3548 ἔσχε
451 3471 541 3526 καὶ
573 3469 753 3538 αὐτὸς,
800 3471 874 3531 ὡς
927 3465 1036 3539 ἤδη
1090 3466 1417 3533 τετέλεσται,
1465 3465 1554 3521 καὶ
1603 3465 1638 3519 ἃ
1691 3466 1784 3539 μὶν
1811 3464 1947 3520 κατὰ

287 3560 495 3616 σκοπὸν
552 3560 641 3615 καὶ
697 3560 758 3613 τὸ
818 3559 1087 3634 βιώσιμον
1119 3555 1196 3620 δὲ,
1249 3555 1574 3633 ἀποῤῥιπτεῖ
1620 3557 1711 3628 μὲν
1751 3555 1813 3608 τὸ
1844 3551 1946 3626 ἔμ-

285 3645 436 3719 ϐιον,
484 3648 686 3725 γίνεται
743 3644 801 3702 δὲ
838 3650 936 3702 τοῦ
984 3641 1179 3700 ἀϐίου.
1229 3643 1326 3702 Καὶ
1376 3645 1578 3720 χρυσὸς
1633 3644 1728 3717 μέν
1781 3641 1946 3712 ἡλίου

283 3736 635 3812 ἀντίμιμος,
715 3735 808 3792 καὶ
892 3734 1172 3811 μάργαρος
1263 3734 1691 3810 ὑποκρινόμενος
1777 3735 1892 3807 φῶς
1930 3773 1944 3799 ,

287 3828 384 3883 καὶ
485 3825 634 3891 λίθοι
729 3829 1066 3901 πυραυγεῖς,
1154 3823 1244 3878 καὶ
1316 3823 1434 3877 ὅσοι
1517 3819 1723 3884 κάλλος
1810 3817 1944 3874 ἅπαν

288 3917 496 3972 ἀνθέων
597 3911 1060 3990 παρευδοκιμοῢσι
1111 3957 1125 3973 .
1208 3911 1514 3989 λογίζονται
1617 3910 1746 3965 ὡσεὶ
1851 3909 1947 3964 οὗ-

335 4005 345 4026 '
519 4006 533 4026 Ι
1148 4003 1161 4022 \
1296 4001 1309 4021 Ι
1596 3997 1624 4020 ,I
1919 3999 1940 4016 Π

292 4004 433 4062 δεν.
538 4003 885 4080 Επικρίνεται
974 4000 1031 4057 δέ
1107 4023 1170 4057 το
1251 4021 1505 4076 νυκτερον
1589 4020 1838 4074 αμφιον,
1921 4017 1949 4052 ο

288 4097 396 4164 τήν
473 4093 743 4149 είσέπειτα
815 4093 1026 4168 ¹ἧμέραν
1109 4089 1553 4167 εὐαγγελίζεται,
1610 4089 1677 4158 ἦς
1750 4086 1794 4142 εί
1853 4087 1949 4159 μὲν

289 4185 497 4260 ὐρθρος
528 4184 922 4258 προηγήσεται,
958 4180 1120 4256 λόγον
1152 4179 1212 4234 ἂν
1262 4175 1405 4255 ἔχοι·
1453 4178 1642 4240 νυκτὸς
1677 4175 1734 4233 δὲ
1763 4175 1861 4232 οὐκ
1892 4175 1951 4230 ἃν

289 4271 384 4342 si";
418 4269 674 4348 διαδοχή.
711 4270 816 4326 Καὶ
867 4264 1134 4343 συμϐόλῳ
1180 4268 1415 4340 τοιούτῳ
1447 4265 1697 4328 δεδωκὼς
1737 4265 1948 4332 ἑαυτὸν,

290 4361 626 4437 ἂπολέγεται
687 4360 779 4432 μὲν
837 4360 936 4426 τήν
1000 4358 1221 4432 ὑψηλὴν
1273 4357 1361 4412 καὶ
1392 4356 1658 4434 τρυφερὰν
1700 4349 1946 4409 στιϐάδα·

290 4451 458 4529 ῥίπας
538 4447 595 4504 δὲ
675 4448 1142 4524 ὑποστορεσθῆναι
1203 4445 1480 4516 θελήσας,
1537 4445 1794 4519 τυγχάνει
1853 4447 1950 4496 τοῦ

288 4540 507 4618 ἐφετοῦ.
560 4537 664 4593 Καὶ
714 4537 1001 4612 στρωμνὴν
1053 4535 1290 4612 ἐσχάτην
1343 4533 1510 4604 ταύτη
1546 4534 1717 4604 ἐαυτῷ
1744 4530 1950 4586 τίθεται

2056 3296 2472 3363 argumentum
2506 3294 2773 3362 subjecit.
2813 3293 2911 3349 Ille
2951 3313 3084 3352 vero
3130 3315 3259 3352 cum
3312 3314 3554 3369 scopum
3587 3297 3700 3352 sibi

2054 3379 2249 3434 omnia
2308 3379 2528 3434 invenit
2587 3381 2844 3448 meliora,
2905 3387 2961 3436 et
2992 3384 3182 3438 dicere
3240 3384 3426 3456 potuit
3475 3389 3534 3439 et
3575 3384 3701 3456 ipse

2055 3469 2207 3538 quod
2235 3468 2358 3537 jam
2390 3474 2864 3524 consummatum
2902 3475 3009 3538 est,
3045 3473 3198 3542 quod
3234 3473 3556 3528 secundum
3587 3477 3702 3528 ter-

2057 3556 2280 3612 minum
2313 3562 2370 3611 et
2400 3557 2766 3628 vitalitatem,
2800 3560 2988 3628 rejicit
3029 3561 3180 3632 quod
3233 3560 3404 3616 vitale
3435 3567 3526 3617 est
3554 3567 3612 3616 et
3642 3563 3708 3616 ﬁt

2053 3647 2184 3700 vitae
2212 3645 2453 3702 minime
2508 3647 2701 3702 vitalis
2758 3648 3071 3721 particeps.
3138 3652 3204 3706 Et
3261 3667 3468 3706 aurum
3521 3648 3703 3706 solem

2058 3735 2319 3802 imitans,
2353 3740 2409 3790 et
2438 3735 2755 3808 margarita
2805 3736 2995 3793 lucem
3054 3738 3342 3795 simulans
3375 3745 3431 3796 et
3462 3755 3706 3812 gemmas

2058 3823 2389 3897 ignicoloraa
2431 3827 2488 3879 et
2529 3841 2654 3896 quae
2693 3825 2902 3882 ﬂorum
2936 3827 3433 3899 pulchritudinem
3467 3843 3705 3884 omnem

2061 3917 2342 3984 superant
2422 3918 2703 3984 tanquam
2792 3915 2935 3970 nihil
3013 3917 3400 3972 aestimantur.
3462 3917 3713 3988 Eligitur

2058 4019 2191 4059 vero
2222 4009 2572 4057 nocturnum
2598 4002 3009 4060 indumentum
3043 4006 3193 4076 quod
3223 4006 3375 4060 diem
3411 4013 3708 4078 posterum

2061 4091 2410 4159 annuntiat;
2443 4092 2610 4162 cujus
2643 4092 2689 4147 si
2724 4091 3049 4148 diluculum
3089 4095 3372 4164 praecedet
3401 4095 3537 4149 huic
3570 4111 3708 4150 con-

2059 4187 2341 4236 sentanea
2371 4181 2500 4250 erit,
2542 4181 2732 4236 noctis
2791 4198 2922 4236 vero
2975 4183 3137 4239 nulla
3187 4184 3502 4240 successio.
3535 4185 3608 4239 Et
3640 4184 3710 4240 ad

2061 4269 2296 4341 signum
2329 4275 2557 4324 tantum
2583 4270 2682 4340 qui
2714 4287 2776 4326 se
2797 4271 2975 4337 dedit,
3010 4272 3197 4341 rejicit
3227 4274 3462 4344 quidem
3491 4274 3710 4328 elatum

2060 4365 2119 4412 et
2148 4358 2461 4413 delicatum
2494 4359 2706 4413 lectum
2742 4359 3113 4428 deliciosum,
3146 4368 3334 4416 crates
3367 4379 3497 4417 vero
3531 4361 3715 4416 sterni

2059 4446 2280 4516 volens,
2311 4447 2462 4517 quod
2497 4447 2718 4518 cupivit
2771 4449 3014 4505 obtinet.
3073 4455 3330 4504 Stratum
3382 4449 3524 4504 illud
3578 4448 3715 4503 ulti-

2063 4552 2224 4591 mum
2256 4535 2368 4592 sibi
2416 4541 2582 4606 parat
2630 4536 2731 4607 qui
2778 4554 2930 4609 saepe
2980 4537 3200 4593 similia
3248 4553 3562 4610 perpessus
3604 4543 3714 4604 est;

291 4603 629 4688 o'nolla'xtc
659 4603 826 4698 δμοία
858 4603 1166 4693 πεπονθὼςν,
1201 4625 1282 4686 οἷς
1332 4623 1464 4698 ὑπὲρ
1517 4625 1677 4696 ἡμῶν
1712 4618 1948 4690 ἐνήθλειο

2065 4625 2280 4696 quibus
2315 4642 2416 4696 pro
2450 4625 2618 4680 nobis
2670 4643 2730 4679 se
2781 4627 3104 4692 exercebat,
3149 4633 3205 4680 et
3249 4627 3610 4682 descendens
3642 4628 3716 4682 ad

288 4716 386 4772 καί
443 4711 680 4777 καταϐὰς
733 4716 833 4783 τήν
893 4713 944 4767 έν
1001 4713 1322 4768 ταπεινώσει
1378 4711 1576 4779 ταύτην
1631 4704 1948 4778 κατάϐασιν,

294 4799 658 4876 ἀναϐέϐηκεν,
693 4805 859 4877 οὗπερ
893 4801 1146 4877 ἀνωτέρω
1177 4803 1240 4856 οὐ
1283 4800 1436 4874 θέμις
1469 4797 1710 4861 ἀνελθεῖν
1739 4796 1948 4869 ἄνθρω-

293 4916 425 4952 πον.
472 4895 570 4950 Καὶ
623 4891 1023 4973 φιλοσοφήσας,
1076 4892 1173 4946 ὅσα
1221 4890 1374 4965 ψυχὴ
1422 4888 1630 4964 καθαρᾶ
1658 4886 1745 4941 καὶ
1781 4898 1950 4951 θεοει-

296 4981 422 5054 δὴς,
471 4985 778 5055 μονάζουσα
823 4982 1099 5054 σώματος,
1148 4979 1237 5035 καὶ
1285 4979 1612 5054 ἐπιγνώμων
1659 4977 1950 5053 γενόμενος

292 5080 400 5141 τῆς
431 5071 759 5138 ἀναλύσεως,
811 5072 898 5125 καὶ
953 5069 1118 5124 εῗπὼν
1169 5072 1378 5142 ἡσυχῆ,
1408 5067 1497 5122 καὶ
1548 5067 1782 5129 ἀκούσας
1817 5064 1953 5140 πρὸς

293 5167 405 5218 τῶν
450 5160 698 5237 ἔγγιστα,
749 5159 846 5214 ὅσα
894 5159 1088 5234 ἐχρῆν,
1136 5157 1378 5226 ἂπελῦθη
1429 5157 1524 5211 τοῦ
1557 5154 1778 5228 δεσμοῦ’
1813 5154 1953 5226 μᾶλ-

295 5251 396 5307 λον
433 5251 526 5323 μὲν
578 5247 672 5304 οὖν
723 5247 942 5320 ἀληθῶς
975 5244 1336 5319 ἐκδεδήμηκε,
1381 5245 1791 5318 συνταξάμενος,
1820 5245 1849 5298 ’ὀ
1883 5241 1950 5314 δὴ

299 5341 714 5414 μακαριώτατον
767 5335 1014 5408 ἀληθῶς,
1066 5335 1154 5391 καὶ
1202 5337 1507 5411 ἀνθρώποις
1549 5356 1608 5411 γε
1639 5335 1786 5388 οὖσιν
1815 5336 1950 5405 ἡμῖν

297 5431 495 5484 ἅπασιν
550 5427 948 5484 εὐκταιότατον.
1011 5427 1228 5481 Κεῖσθαι
1293 5425 1388 5498 μὶν
1446 5425 1550 5498 γὰρ
1605 5422 1904 5496 ἐμπνέοντα
1937 5465 1954 5494 ,

292 5518 387 5572 καὶ
415 5522 596 5590 σιωπῇ
627 5517 986 5590 κατάσχετον,
1021 5516 1110 5569 καὶ
1143 5511 1267 5572 οὐδὲ
1297 5517 1512 5591 φρονεῖν
1559 5509 1760 5575 εῗδότα,
1792 5515 1952 5566 τοῦτο

297 5605 545 5678 θνήσκείν
579 5603 638 5660 ἂν
693 5604 882 5680 ῥηθείη
916 5604 1155 5674 άληθῶς·
1213 5605 1536 5676 μεταστῆσαι
1572 5597 1628 5654 δέ
1657 5598 1952 5670 λαλοῦντα,

208 5684 210 5686 ⁷
303 5697 380 5750 ὧν
429 5693 760 5770 μεμνήσεταί
811 5714 895 5758 τις
938 5691 1015 5755 εἰς
1069 5691 1289 5767 ἀγαθὸν,
1337 5689 1426 5746 καὶ
1476 5693 1586 5762 σῷα
1630 5692 1948 5767 φρονοῦντα,

2058 4713 2236 4769 talem
2268 4714 2326 4767 in
2360 4713 2694 4768 humilitate
2724 4714 3186 4784 depressionem,
3213 4714 3502 4769 exaltatus
3535 4722 3623 4769 est
3645 4717 3712 4770 ad

2061 4803 2291 4858 culmen
2320 4802 2472 4872 quod
2500 4816 2779 4873 superare
2801 4818 2986 4871 genus
3022 4802 3324 4857 hominum
3360 4805 3446 4856 fas
3469 4819 3581 4857 non
3607 4808 3716 4858 est.

2060 4896 2129 4945 Et
2160 4888 2560 4961 philosophice
2586 4890 2900 4944 meditatus
2923 4895 3012 4944 est
3037 4895 3236 4962 utpote
3261 4891 3460 4946 anima
3494 4893 3718 4947 munda

2063 4985 2119 5036 et
2167 4979 2282 5035 Dco
2340 4977 2575 5044 similis,
2636 4995 2848 5050 corpus
2908 4979 3252 5051 relinquens
3305 4985 3361 5035 et
3417 4980 3717 5036 liberatio-

2063 5086 2195 5124 nem
2231 5067 2444 5129 sciens,
2477 5072 2536 5121 et
2565 5067 2813 5122 audiens
2845 5069 2915 5122 ab
2948 5069 3038 5122 his
3086 5069 3184 5140 qui
3219 5070 3496 5124 astabant
3525 5087 3711 5140 quan-

2063 5161 2188 5212 tum
2222 5158 2545 5228 oportebat,
2579 5173 2611 5210 a
2640 5156 2892 5211 vinculis
2923 5157 3152 5211 solutus
3185 5164 3310 5212 est:
3347 5157 3486 5229 quin
3520 5157 3716 5212 verius

2064 5245 2330 5300 ultimam
2364 5245 2516 5300 viam
2565 5243 2814 5315 arripuit
2857 5246 3170 5301 ordinatim
3223 5246 3521 5313 incedens,
3553 5245 3714 5300 illam

2065 5351 2191 5405 qua
2222 5351 2352 5390 vere
2380 5333 2726 5390 beatissima
2756 5339 2846 5390 est
2875 5341 2931 5389 et
2960 5335 3296 5392 hominibus
3320 5336 3489 5391 nobis
3521 5334 3718 5390 omni-

2065 5426 2174 5479 bus
2235 5422 2486 5477 maxime
2541 5421 2970 5477 desiderabilis.
3031 5423 3176 5478 Nam
3229 5426 3425 5494 jacere
3479 5423 3716 5494 quidem

2065 5514 2384 5585 spirantem
2449 5515 2506 5564 et
2561 5511 2618 5564 in
2681 5510 2913 5566 silentio
2978 5514 3386 5583 praepeditum,
3448 5513 3718 5567 nescien-

2063 5605 2300 5671 temque
2334 5597 2722 5671 prudentiam,
2757 5598 2903 5654 illud
2933 5617 3063 5654 vere
3123 5601 3270 5656 mori
3315 5600 3570 5669 dicitur;
3603 5601 3716 5655 im-

2065 5689 2278 5746 mutari
2312 5705 2444 5745 vero
2470 5687 2810 5762 loquentem
2841 5690 2910 5746 de
2941 5689 3014 5747 iis
3071 5707 3322 5763 quorum
3376 5689 3718 5749 memineris
