4136 6210
518 356 667 420 1031

1288 347 1713 410 EUSTATH"
1753 344 2517 407 THESSALONICENSIS
2559 343 3149 407 ME'I‘ROPOLITE

3710 357 3834 420 1032

517 486 710 560 quivis
743 486 798 541 in
835 486 1050 539 bonum
1084 487 1140 537 et
1171 480 1450 537 salutaria
1479 479 1830 550 cogitantem
1878 477 2021 532 illud
2058 493 2155 549 po-

2270 478 2430 528 τοῦτο
2490 471 2547 528 δὲ
2597 471 2886 546 ἀποδημία
2943 471 3144 548 Λέγοιτ’
3193 470 3250 527 ἃν
3308 475 3548 548 μάλιστα,
3601 482 3678 535 καὶ
3726 486 3830 558 αὕτη

515 577 635 633 tius
667 576 957 631 transitus
988 574 1232 635 dicetur,
1267 576 1321 624 et
1352 570 1632 624 transitus
1657 568 1793 622 felix
1848 567 1905 622 Si
1939 583 2070 621 vero
2102 571 2160 620 et

516 684 698 728 mors,
731 667 829 721 sed
865 683 930 720 ea
960 681 1087 735 qum
1119 661 1260 717 nihil
1298 666 1575 731 prseterea
1614 658 1922 729 spirituale
1953 673 2158 728 super-

516 756 738 810 lucrata
770 760 987 815 cst.nec
1011 751 1148 822 quid
1185 752 1254 804 de
1278 751 1404 802 vitae
1433 753 1695 818 tempore
1728 761 2159 810 reservans,neo

515 845 924 917 cogitationem
958 843 1014 894 in
1049 839 1294 893 actionis
1326 836 1672 908 impotentia
1714 835 2072 890 concludens
2103 839 2161 888 et

513 931 815 988 ratiocinio
848 929 1306 985 dominationem
1331 925 1583 980 servanti
1615 923 1858 980 insidias
1890 924 2157 989 tendens,

513 1019 846 1075 decedentis
865 1035 996 1072 vero
1018 1015 1427 1072 inhabitationi
1445 1019 1675 1069 tantum
1703 1013 1926 1068 bearcns
1943 1019 2001 1068 et
2022 1028 2159 1066 con-

512 1114 601 1164 tra
631 1110 823 1181 ipsum
855 1123 1054 1178 agens.

580 1199 669 1251 ‘79.
719 1197 815 1252 Sic
873 1195 1108 1266 quidem
1172 1209 1268 1248 rex
1329 1191 1729 1246 benedictione
1778 1190 1974 1244 divina
2025 1188 2158 1243 reli-

512 1289 603 1340 cta
634 1285 846 1356 reginze
890 1283 1143 1353 conjugi,
1176 1289 1232 1336 et
1285 1282 1403 1352 regi
1441 1280 1556 1335 filio
1601 1286 1658 1334 et
1714 1278 1844 1334 aliis
1874 1282 2158 1348 quotquot

512 1391 744 1430 sacrum
803 1371 1246 1428 tabernaculum
1318 1370 1784 1436 circumdabant,
1844 1368 2158 1434 adjunctus

511 1470 634 1520 crat
665 1463 936 1534 supernis
966 1460 1315 1527 agminibus,
1349 1465 1403 1512 et
1435 1474 1637 1529 regum
1672 1458 1831 1527 Regi,
1868 1463 1997 1524 lien,
2031 1472 2158 1524 pro-

511 1554 705 1608 ximus
737 1551 1016 1618 astiterat,
1041 1549 1109 1601 ad
1146 1549 1312 1617 cujus
1338 1548 1637 1600 servitium
1661 1563 1899 1616 regnum
1927 1560 2162 1614 semper

511 1641 741 1696 direxit.
775 1639 1077 1695 Civitatem
1107 1651 1243 1690 vero
1276 1652 1387 1690 non
1447 1637 1668 1689 diceres
1717 1633 2021 1688 hominum
2055 1649 2152 1686 vo-

510 1747 632 1786 cem
667 1727 1005 1784 habentium
1043 1725 1458 1779 habitationem
1492 1740 1658 1786 esse;
1694 1725 1791 1777 sed
1839 1722 2153 1792 cupiebant

2273 562 2620 638 μακαριστέα.
2655 563 2718 620 Εἰ
2777 560 2835 618 δέ
2886 561 2975 616 καὶ
3033 560 3275 633 θάνατος,
3307 561 3595 630 ἀλλὀὗτος
3646 569 3770 628 οὐδέν
3793 597 3832 631 τι

2267 652 2363 704 τοῦ
2411 656 2602 727 νοεροῦ
2650 649 3065 727 παρακερδήσας
3092 697 3120 721 ,,
3151 649 3273 705 οὐδὲ
3316 657 3406 708 τοῦ
3448 663 3541 724 τῆς
3584 664 3708 728 ζωῆς
3741 684 3833 717 και.

2269 745 2366 814 ροῦ
2395 741 2810 816 νοσφισάμενος,
2863 741 2983 794 οὔτε
3024 741 3134 812 μῆν
3181 744 3518 805 κατακλείσας
3558 747 3613 800 τὸ
3647 757 3832 825 φρονοῦν

2269 829 2344 890 εἷς
2375 827 2667 904 ἄπρακτον,
2701 829 2792 884 καὶ
2835 834 2913 900 τῷ
2963 826 3426 886 οἷκοδεσποτοῦντι
3475 832 3703 908 λογισμῷ
3745 839 3834 894 ἐπι.

2267 914 2728 990 ϐουλευσάμενος,
2778 917 3112 982 ἀπελθόντος
3142 915 3200 972 δὲ
3226 923 3306 991 τῷ
3347 919 3558 994 οἰκίσκῳ
3585 928 3832 998 καταμόνας

2267 1005 2606 1080 έπιθέμενος,
2639 1006 2728 1061 καὶ
2758 1006 2895 1060 κατὰ
2924 1006 3116 1061 ἑαυτοῦ
3149 1004 3438 1082 δεδρακώς.

2338 1188 2434 1241 οϐ’.
2470 1185 2565 1240 Καὶ
2622 1185 2796 1248 οὕτως
2839 1185 2867 1238 ὁ
2920 1185 3015 1257 μὶν
3075 1183 3331 1260 βασιλεὺς
3384 1185 3616 1262 εὖιιογίαν
3665 1192 3746 1259 τὴν
3791 1195 3834 1248 bi

2267 1280 2401 1330 Θεοῦ
2431 1274 2709 1336 λελοιπὼς
2739 1278 2806 1346 τῇ
2839 1294 2897 1328 τε
2927 1274 3188 1348 ὁμοζύγῳ
3219 1271 3486 1349 δεσποίνῃ,
3515 1278 3594 1330 καὶ
3619 1283 3687 1349 τῷ
3716 1281 3833 1353 βασι.

2268 1362 2356 1418 λεῖ
2382 1366 2576 1436 τέκνῳ,
2620 1364 2718 1416 καὸ
2763 1369 2881 1424 τοῖς
2932 1360 3126 1424 ἄλλοις
3178 1359 3238 1417 δὲ
3285 1362 3403 1418 ὅσοι
3444 1366 3501 1419 τὸ
3551 1365 3673 1440 ἱερὸν
3699 1370 3836 1444 περιΐ-

2269 1473 2459 1507 σταντο
2516 1453 2782 1522 σκήνωμα
2815 1494 2828 1518 ,
2880 1458 3124 1519 συνῆπτο
3178 1457 3299 1514 τοῖς
3347 1452 3588 1508 ἀνωτάτω
3629 1457 3832 1530 τάγμασι,

2266 1543 2353 1595 καὶ
2385 1546 2464 1596 τῶ
2495 1535 2836 1612 παμϐασιλεῖ
2881 1547 3119 1614 παρέστη
3171 1545 3313 1612 Θεῷ,
3353 1541 3414 1594 οὗ
3441 1544 3566 1612 πρὸς
3609 1550 3834 1620 θεραπείαν

2267 1631 2344 1685 ἀεὶ
2374 1631 2472 1697 τήν
2509 1627 2784 1705 βασιλείαν
2837 1629 3151 1685 ἀπεῦθυνεν.
3201 1631 3268 1686 Ἣ
3311 1627 3368 1684 δὲ
3411 1631 3564 1692 πόλις
3591 1633 3676 1688 οὐκ
3711 1634 3760 1688 ἂν
3785 1639 3837 1690 εἶ-

2263 1741 2358 1780 πες
2415 1719 2626 1789 σθ’κησιν
2673 1718 2839 1784 αὐτὴν
2886 1717 3180 1790 ἀνθρώπων
3230 1718 3365 1772 εἶναι
3412 1722 3581 1795 φωνὴν
3628 1720 3835 1797 ἑχόντων·

508 1835 624 1873 non
658 1815 914 1888 amplius
945 1829 1272 1885 superesse.
1308 1813 1369 1866 Et
1398 1813 1598 1866 avulso
1630 1813 2008 1866 fundamento
2039 1810 2148 1881 ipsi

2264 1808 2387 1863 ἀλλ’
2416 1807 2615 1877 ἤθελον
2648 1807 2839 1878 μηκέτ’
2889 1807 3040 1861 εἶναι.
3077 1808 3178 1861 Καὶ
3230 1808 3329 1860 τοῦ
3379 1807 3616 1879 θεμελίου
3642 1812 3834 1866 umens-

508 1923 736 1979 quoque
769 1923 883 1960 una
906 1906 1254 1975 jacuerunt:
1292 1918 1357 1956 ac
1387 1902 1513 1955 vitae
1540 1901 1732 1955 lumen
1759 1903 1853 1971 qui
1893 1900 2154 1972 perdide-

508 2001 640 2050 rant
682 1995 953 2049 tenebras
1003 1993 1262 2046 internas
1306 1991 1666 2045 extrinsecus
1716 1992 2060 2062 prodebant,
2093 2003 2154 2043 se

507 2084 956 2140 obtenebrantes
986 2087 1042 2135 et
1071 2087 1190 2134 tam
1231 2081 1491 2134 obscura:
1526 2080 1662 2133 nubi
1713 2080 2151 2134 convenientem

508 2171 778 2239 imbrem,
812 2171 1096 2242 plurimas
1150 2169 1436 2240 lacrymas
1480 2168 1868 2222 effundentes.
1903 2166 2153 2221 Omnino

506 2261 780 2316 oblivioni
823 2259 1130 2325 dederunt,
1184 2258 1283 2328 qui
1334 2257 1696 2310 fundamenti
1756 2256 1945 2310 locum
1982 2255 2149 2309 illum

505 2355 768 2404 recenter
797 2352 1141 2420 pra-sentem
1190 2363 1301 2399 non
1353 2345 1610 2416 amplius
1661 2346 1956 2409 videbant,
1989 2360 2153 2415 reges

507 2445 762 2506 nostros,
796 2435 1225 2490 divinissimum
1277 2435 1600 2505 fastigium,
1634 2435 1732 2504 qui
1764 2433 2150 2488 dominationi

507 2527 746 2581 domum
781 2525 950 2580 nobis
981 2538 1287 2593 assurgere
1319 2523 1558 2577 faciunt.
1602 2523 1757 2586 Quos
1806 2522 1884 2576 sit
1914 2537 2151 2576 servans

506 2615 755 2670 firmiter
808 2614 1144 2668 incedentes
1221 2629 1472 2684 magnus
1547 2612 1758 2666 domus
1835 2612 2154 2666 aedificator

508 2706 679 2769 Deus,
709 2703 810 2775 qui
843 2719 957 2758 non
992 2702 1183 2757 solum
1219 2702 1480 2755 civitates
1534 2701 1803 2766 aediﬁcat,
1856 2717 2003 2772 quas
2036 2699 2149 2753 nisi

505 2793 850 2848 custodierit
878 2793 1025 2862 ipse,
1059 2792 1277 2845 frustra
1324 2789 1528 2862 vigilat
1577 2790 1676 2861 qui
1718 2790 2015 2856 custodit;
2051 2790 2151 2844 sed

505 2887 562 2936 et
591 2881 799 2935 limum
860 2883 1162 2951 plasmans
1210 2879 1268 2932 in
1326 2879 1582 2932 solidum
1615 2895 1784 2949 opus,
1841 2884 1898 2933 et
1945 2880 2153 2934 donios

505 2970 592 3025 sic
622 2969 939 3033 aadiﬁcans,
999 2967 1144 3022 alias
1200 2968 1258 3021 in
1314 2967 1674 3030 hominibus,
1734 2973 1790 3023 et
1829 2969 2150 3038 praesertim

506 3057 815 3126 maximas,
839 3072 966 3127 quae
997 3055 1067 3110 ad
1092 3055 1490 3110 defensionem
1526 3057 1597 3110 ab
1619 3056 1778 3111 omni
1812 3057 1964 3111 malo
1996 3058 2148 3128 quod

504 3148 564 3202 in
597 3146 817 3200 mundo
847 3160 976 3199 esse
1008 3147 1218 3215 potest,
1252 3144 1309 3197 in
1333 3142 1448 3198 alto
1479 3145 1662 3214 gradu
1695 3143 1990 3198 aediﬁcata:
2012 3148 2150 3198 sunt

505 3236 693 3307 (reges
716 3240 910 3288 autem
935 3205 1062 3286 dico
1088 3234 1142 3286 in
1163 3231 1378 3302 quibus
1403 3205 1701 3303 fastigium
1727 3233 2147 3303 consistit),qui
2178 3205 2222 3272 C

502 3341 666 3395 reges
696 3322 1021 3378 secundum
1057 3338 1180 3385 nos,
1234 3337 1481 3390 quorum
1519 3321 1663 3375 bene
1711 3321 1893 3391 gestis
1916 3323 2041 3391 jam
2076 3325 2147 3377 ab

502 3412 736 3469 exordio
785 3428 994 3465 cursus
1048 3409 1403 3480 imperatorii
1455 3409 1733 3463 cumulati
1779 3429 2022 3467 sumus:
2054 3430 2150 3465 ca-

417 3551 422 3556 .
502 3503 666 3573 piant
713 3499 950 3571 quidem
1003 3500 1137 3553 inde
1188 3498 1380 3552 omnis
1445 3501 1524 3552 rei
1581 3501 1910 3562 exordium,
1957 3502 2150 3555 adhuc

500 3606 633 3645 vero
666 3588 922 3660 amplius
971 3588 1398 3642 incrementum
1451 3594 1692 3641 curanto
1744 3590 2151 3645 similitudinis

503 3694 635 3733 cum
672 3683 784 3732 Deo
814 3694 916 3748 per
976 3675 1364 3732 beneficentia:
1419 3677 1743 3743 talentum;
1803 3681 1957 3748 quod
2009 3679 2151 3750 ipsis

502 3767 603 3822 illa
634 3772 915 3838 tanquam
950 3766 1118 3820 bonis
1150 3765 1357 3820 villicis
1395 3766 1718 3834 proposuit,
1748 3767 2003 3838 amplius
2035 3770 2149 3823 dif-

501 3855 667 3910 fundi
683 3855 879 3910 volens
899 3857 1117 3909 bonum
1139 3855 1464 3908 secundum
1482 3854 1738 3908 divinam
1761 3855 2147 3913 imitationem

497 3949 555 4000 et
587 3944 753 4016 plura
782 3960 910 3999 esse
939 3943 1221 3998 beneficia
1261 3950 1490 4012 recepta
1521 3948 1572 3997 et
1607 3943 1834 3998 collata.

568 4036 656 4087 80.
687 4033 1024 4087 Sermonem
1052 4032 1319 4101 produxi,
1341 4049 1372 4086 ο
1396 4033 1561 4086 beate
1582 4050 1695 4097 rex,
1719 4039 2004 4103 quantum
2026 4053 2150 4106 per-

501 4121 772 4175 mittebat
803 4127 1054 4191 tempus.
1088 4120 1312 4175 Dixisse
1344 4121 1524 4186 enim,
1560 4128 1847 4192 quantum
1882 4125 2147 4189 facultas,

502 4211 573 4264 de
606 4208 712 4263 boc
742 4225 874 4264 vero
908 4210 1250 4278 vituperatio
1284 4227 1354 4264 ne
1379 4211 1433 4263 in
1460 4228 1550 4264 me
1572 4211 1740 4266 cadat
1770 4214 1868 4284 qui
1900 4216 2145 4286 tempori

501 4297 793 4369 parcendo
850 4297 908 4351 in
967 4314 1236 4352 sermone
1295 4315 1422 4352 meo
1497 4300 1770 4355 decorum
1829 4304 2146 4359 observari.

501 4386 668 4442 Absit
698 4387 877 4459 igitur
910 4387 1183 4442 nemesis.

2264 1897 2501 1963 σθέντος,
2551 1896 2640 1951 καὶ
2690 1895 2838 1950 αὐτοὶ
2901 1895 3358 1969 συγκατέπιπτον·
3407 1897 3492 1950 καὶ
3539 1900 3595 1952 τὸ
3641 1904 3719 1954 τοῦ
3747 1901 3836 1975 βίον

2264 1991 2377 2061 φῶς
2408 1983 2844 2050 ἀπολωλεκότες,
2875 1986 2975 2052 τήν
3010 1983 3158 2048 ἐντὸς
3184 1984 3339 2047 ἐκτὸς
3371 1985 3635 2063 ὑπέφαινον
3682 1988 3835 2060 μέλαν-

2263 2097 2368 2142 σιν,
2402 2076 2738 2151 ζοφώσαντες
2769 2074 3014 2139 ἑαυτοὺς,
3035 2074 3122 2127 καὶ
3157 2079 3240 2145 τῷ
3270 2075 3500 2148 τοιούτῳ
3527 2077 3654 2152 νέφει
3681 2077 3836 2148 όμόλο⁸

2263 2186 2360 2240 γον
2393 2165 2564 2232 ὑετὸν,
2597 2165 2660 2217 τὸ
2691 2161 2916 2236 δαψιλὲς
2945 2161 3132 2238 δάκρυ,
3157 2165 3501 2237 κατάγοντες.
3525 2165 3618 2219 Κᾶν
3646 2167 3834 2238 ἐξέλιπον

2263 2255 2337 2316 είς
2367 2255 2430 2310 τὸ
2460 2253 2740 2322 παντελὲς,
2776 2253 2820 2308 εί
2856 2254 2932 2326 μὴ
2980 2255 3072 2308 τὸν
3116 2259 3213 2308 τοῦ
3267 2254 3520 2326 θεμελίου
3563 2257 3708 2311 τόπον
3738 2257 3838 2312 έκεῖ-

2260 2364 2350 2397 νον
2379 2344 2708 2418 ἂρτιωθέντα
2757 2340 2922 2409 εἶδον,
2971 2342 3098 2405 τοὺς
3148 2341 3394 2418 βασιλεῖς
3440 2347 3710 2416 ἡμῶν,τὴν
3737 2349 3840 2402 Otto-

2260 2432 2425 2502 τάτην
2473 2433 2742 2509 κορυφὴν,
2796 2433 2848 2486 οἳ
2904 2433 3004 2500 τὴν
3063 2435 3160 2486 τοῦ
3217 2433 3453 2506 κράτους
3509 2433 3688 2512 ὀροφὴν
3735 2438 3838 2506 ἡμῖν

2263 2522 2644 2596 ὑπανέχουσιν.
2702 2519 2809 2582 Οὓς
2867 2521 2954 2574 καὶ
3011 2516 3094 2590 εἶ’τι
3156 2525 3438 2596 συντηριῖη
3482 2523 3670 2598 παγίως
3708 2519 3838 2598 3:61;-

2260 2611 2423 2672 κότας
2473 2611 2501 2664 ὁ
2555 2609 2715 2684 μέγας
2764 2607 3060 2681 οἰκοδόμος
3105 2610 3257 2671 Θεὸς.
3311 2612 3339 2664 ὁ
3397 2613 3470 2683 μὴ
3521 2609 3665 2684 μόνον
3693 2609 3838 2675 πόλεις

2261 2696 2594 2770 οἰκοδομῶν,
2625 2696 2685 2760 ἃς
2719 2697 2763 2752 εἷ
2799 2699 2874 2769 μή
2921 2697 3142 2776 φυλάξει
3195 2697 3384 2765 αὐτὸς,
3418 2699 3491 2762 εἰς
3537 2701 3689 2773 μάτην
3717 2701 3842 2776 ἄγρυ-

2260 2790 2590 2858 πνηθήσεται
2630 2789 2664 2856 ἡ
2707 2783 2948 2864 φυλακή·
3001 2784 3148 2842 ἀλλὰ
3200 2787 3294 2842 καὶ
3346 2787 3658 2858 πηλοποιΐαν
3707 2789 3839 2844 πλάτο

2258 2899 2364 2932 των
2427 2876 2504 2938 εἷς
2560 2877 2622 2930 τὸ
2675 2876 3016 2950 στερέμνιον,
3077 2875 3166 2930 καὶ
3226 2874 3412 2940 οἶὸιους
3469 2876 3620 2941 οέτως
3671 2876 3840 2933 οἰκοδο·

2266 2971 2404 3039 μῶν,
2429 2965 2556 3027 τούς
2593 2985 2652 3019 τε
2684 2962 2888 3028 ἄλλους
2911 2963 3040 3028 τοὺς
3083 2964 3132 3020 έν
3184 2965 3520 3040 ἀνθρώποις,
3545 2968 3626 3022 καὶ
3656 2966 3839 3040 μάλιστα

2259 3055 2385 3117 τοὺς
2439 3055 2748 3128 μεγίστους,
2782 3053 2834 3108 οἳ
2881 3054 3017 3130 πρὸς
3061 3051 3318 3129 ἀλεωρὴν
3359 3057 3550 3118 παντὸς
3584 3059 3728 3111 κακοῦ
3765 3059 3837 3110 τοῦ

2263 3145 2314 3199 έν
2367 3143 2560 3216 κόσμῳ
2609 3139 3064 3215 ἀνῳκοδόμηνται
3121 3143 3275 3216 (τοὺς
3335 3145 3570 3220 βασιλεῖς
3622 3144 3761 3219 λέγω,
3801 3144 3838 3198 έν

2263 3236 2344 3295 οἷς
2382 3234 2444 3288 τὸ
2493 3234 2832 3308 κορυφαῖον),
2883 3233 2934 3285 οῖ
2973 3233 3091 3296 καθ’
3133 3234 3310 3304 ἡμᾶς,
3361 3235 3434 3288 ὧν
3472 3241 3565 3303 τῆς
3596 3233 3838 3309 εὐεργεσίας

2263 3323 2314 3394 ἐξ
2344 3321 2515 3378 αὐτῶν
2550 3320 2656 3392 ἤδη
2705 3317 2979 3395 βαλϐίδων
3024 3325 3120 3375 τοῦ
3167 3329 3268 3391 τῆς
3324 3323 3716 3397 αὐτοκρατορίας
3748 3320 3839 3394 δρό-

2264 3434 2368 3484 μου
2427 3408 2906 3483 ἀνεπιμπλάμεθα.
2969 3406 3254 3466 Λαϐόντων
3311 3413 3404 3484 μὲν
3466 3413 3647 3475 ἐκεῖθεν
3698 3413 3840 3466 τὸτοῦ

2261 3499 2461 3560 παντὸς
2519 3496 2804 3571 ἰνδόσιμον
2842 3543 2856 3568 ,
2915 3501 3467 3572 προσεπαυξανόντων
3542 3499 3593 3555 δὲ
3657 3500 3731 3553 καὶ
3778 3498 3838 3552 ἐπὶ

2260 3588 2425 3643 πλέον
2458 3589 2517 3642 τὸ
2566 3587 2851 3660 ἐξομοιοῦν
2893 3591 3008 3658 Θεῷ
3053 3595 3158 3657 τῆς
3210 3589 3516 3664 εὐεργεσίας
3557 3586 3839 3644 τάλαντοΨό

2261 3677 2326 3746 δή
2374 3677 2555 3738 αὐτοῖς
2618 3676 2817 3738 ἐκεῖνος
2868 3677 2943 3737 ὡς
2990 3677 3210 3752 ἀγαθοῖς
3262 3677 3573 3751 οἰκονόμοις
3614 3675 3840 3750 παρέθετο,

2259 3765 2430 3821 Θέλων
2464 3765 2549 3820 ἐπὶ
2598 3765 2765 3821 πλέον
2817 3773 3043 3840 χεθῆναι
3077 3767 3139 3821 τὸ
3189 3767 3393 3841 ἀγαθὸν
3440 3770 3567 3822 κατᾶ
3612 3767 3730 3820 θείαν
3773 3763 3838 3835 μῖ-

2265 3877 2449 3929 μησιν,
2481 3854 2571 3909 καὶ
2623 3855 2754 3909 εἶναι
2803 3853 2977 3909 πλείω
3019 3854 3084 3909 τὰ
3131 3854 3566 3932 εὐεργετούμενοι,
3596 3857 3673 3910 καί
3717 3876 3765 3928 γε
3793 3852 3841 3906 τὲ

2261 3944 2687 4020 εὐεργετήματα.
2988 3948 3002 3958 ’

2332 4036 2402 4089 π’.
2435 4032 2777 4105 Ὡσιωσάμην
2827 4033 2920 4087 τὸν
2971 4031 3161 4106 λόγον,
3213 4035 3260 4087 ὧ
3313 4035 3602 4108 μακαριστὶ
3649 4030 3840 4108 βασιλεῦ,

2261 4122 2336 4184 εἷς
2370 4124 2493 4177 ὅσον
2542 4121 2822 4196 έπεμέτρει
2872 4121 3078 4193 καιρός.
3127 4123 3314 4177 Εἶπεῖν
3363 4124 3487 4198 γὰρ,
3538 4122 3607 4177 εἶτ
3652 4123 3754 4175 ὅσον
3779 4117 3842 4170 καὶ

2261 4210 2510 4284 δύναμις,
2547 4211 2644 4265 οὐκ
2673 4209 2732 4264 ἂν
2769 4208 2968 4280 ἰιληθὶς
3019 4209 3391 4286 ἄπελεγχθείη
3447 4233 3558 4284 μοι,
3589 4205 3842 4280 ένδαψιλευο

2260 4303 2478 4373 σαμένῳ
2522 4300 2611 4354 καὶ
2657 4299 2859 4375 χρόνον
2909 4298 3122 4354 ἐοικότα
3170 4300 3258 4354 καὶ
3292 4301 3356 4355 τὸ
3386 4304 3484 4366 τῆς
3520 4297 3681 4359 ἀδείας
3701 4293 3844 4350 καλόν.

2261 4389 2505 4445 ’Δπέστω
2538 4387 2594 4444 δὲ
2625 4390 2861 4462 νέμεσις.

505 4569 3842 4593 ________________—_____________________—________

1843 4757 2574 4888 EJUSDEM

1229 5012 1766 5101 EPISTULA
1830 5020 1968 5101 AD
2031 5015 3194 5104 THESSALONICENSES.

2339 5418 2402 5467 α’.
2441 5407 2506 5466 Ei'
2554 5407 2650 5480 μὲν
2701 5407 2805 5482 ἑγὼ
2857 5407 3074 5482 πρῶτος
3123 5404 3506 5479 διαπόμπιμον
3541 5395 3852 5482 διδασκαλίην

2275 5498 2319 5553 ὦ
2370 5477 2616 5576 ἀδελφοὶ,
2669 5477 2939 5566 έξέστειλά
2984 5496 3208 5566 ταύτην,
3259 5477 3534 5572 ἐνέτρεψεν
3581 5489 3635 5546 ἄν
3674 5507 3745 5576 τις
3785 5477 3854 5576 ξιξλ

2273 5595 2372 5658 τῆς
2430 5567 2813 5660 καίνοπραξίας
2877 5583 3027 5647 ἴσως.
3087 5587 3205 5640 ’Ότι
3264 5583 3319 5640 δὲ
3373 5567 3687 5656 οόίπροάγω
3727 5567 3854 5646 ἀρχά·

2277 5698 2455 5752 μενος,
2498 5675 2623 5733 ἀλλ’
2673 5673 3029 5730 ἐπακολουθῶ
3077 5673 3384 5750 παλαιτάτῃ
3429 5669 3636 5747 μεθόδῳ
3657 5661 3850 5729 τοιαύτῃ,

575 5406 627 5459 li.
659 5404 714 5458 Si
747 5421 852 5476 ego
909 5405 1138 5476 primus
1195 5408 1345 5462 hanc
1405 5408 1836 5464 institutionem
1878 5409 2157 5482 epistola-
2190 5415 2236 5478 1)

509 5510 643 5560 rem,
677 5510 709 5548 ο
741 5493 972 5564 fratres,
1007 5496 1074 5550 ad
1112 5513 1211 5552 vos
1263 5497 1582 5563 misissem,
1644 5498 1774 5553 novi
1814 5499 1954 5570 quid
1989 5516 2161 5572 agere

507 5581 756 5636 fortasse
788 5599 1112 5640 accusarer.
1137 5585 1280 5641 Cum
1311 5591 1502 5642 autem
1529 5603 1642 5642 non
1677 5587 1904 5658 primus
1936 5587 2045 5643 bac
2069 5589 2164 5645 via

509 5667 847 5735 procedam,
873 5671 972 5724 sed
998 5675 1408 5744 perantiquam
1432 5675 1916 5730 consuetudinem
1949 5692 2164 5747 sequar
