4136 6210
291 344 446 408 1033

1313 343 1694 409 EPISTULA
1737 348 1840 408 AD
1883 344 2697 410 THESSALONICENSES.

3545 350 3700 411 1034

286 477 376 532 καὶ
439 476 595 550 ζήλῳ
650 479 759 532 τῶν
818 476 1291 552 προηγησαμένων
1332 477 1594 551 ἐνάγομαι
1652 477 1729 539 εἷς
1789 475 1921 553 ἔργοτ

2056 484 2113 535 et
2141 478 2407 552 exemplo
2440 480 2731 551 majorum
2762 480 2834 535 ad
2879 480 3035 536 idem
3069 480 3400 537 faciendum
3428 480 3698 550 inducar,

285 566 509 638 ὅμοιον,
567 566 622 620 εὗ
679 561 796 641 ἔχω
852 566 1247 637 πεποιθήσεως,
1299 565 1545 642 εὑρέσθαι
1603 568 1935 642 συγγνώμην

278 662 383 725 τῆς
413 656 726 727 μιμήσεως,
757 653 823 708 τά
849 676 907 709 τε
936 652 1101 727 ἄλλα,
1131 654 1219 709 καὶ
1254 651 1392 709 διότι
1446 654 1601 729 λόγῳ
1648 656 1737 710 καὶ
1782 655 1939 728 νόμῳ

275 744 516 816 τοιούτῷ
535 742 625 798 καὶ
657 744 711 799 οῗ
740 740 928 806 ἄλλως
960 741 1372 817 ἐπιστολιμαῖοι
1412 742 1574 819 λόγοι
1607 743 1933 819 ἐξεύρηνται.

278 830 541 902 Λαλητὸν
588 832 690 909 γὰρ
745 837 885 902 ζῶον
944 830 1089 894 ὄντες
1128 833 1179 888 οἱ
1233 830 1531 908 ἅνθρωποι,
1562 834 1653 888 καὶ
1704 830 1774 888 δι’
1805 834 1936 888 αὐτὸ

277 916 605 999 φιλολόγον,
637 923 725 977 καὶ
769 921 912 977 οὕτω
961 919 1339 997 φιλάλληλον,
1371 921 1614 987 συνόντες
1659 923 1753 995 μὲν
1804 923 1936 995 ὁμι-

277 1010 437 1067 λοῦσι
478 1011 545 1066 τὰ
597 1011 744 1086 σφίσι
785 1009 937 1090 φίλω
971 1011 1060 1066 ὅτε
1109 1008 1279 1066 δὲκαὶ
1311 1008 1540 1067 δισταῖεν
1572 1013 1709 1067 κατά
1740 1011 1934 1081 τόπον,

275 1101 557 1156 ὁσιοῦνται
607 1102 675 1156 τὰ
722 1102 822 1169 τῆς
880 1098 1081 1163 λαλιᾶς
1129 1099 1487 1171 ἀποστόλοις,
1515 1108 1590 1170 πῆ
1639 1103 1732 1175 μὶν
1769 1106 1931 1171 ζῶσιν

273 1188 617 1266 ἐλλογίμως,
665 1193 745 1260 πῆ
802 1187 861 1244 δὲ
906 1189 1143 1265 ἀψύχοις
1190 1190 1308 1262 μὶν,
1363 1191 1699 1263 ἠσκημένοις
1749 1188 1807 1245 δὲ
1855 1191 1933 1253 εἷς

268 1280 668 1356 προσφώνησιν
719 1284 1003 1355 γραμμαῖς
1051 1285 1346 1354 τεχνικαῖς,
1377 1284 1496 1341 ταῖς
1548 1277 1636 1334 διὰ
1697 1279 1930 1353 μέλανος

267 1373 570 1446 γραφικοῦ.
614 1369 715 1425 Καὶ
746 1368 927 1423 τοίνυν
960 1367 1200 1441 ἐννόμως
1257 1367 1400 1424 οὕτω
1460 1366 1728 1424 διδάσκων
1765 1371 1927 1443 ὑμᾶς,

268 1456 374 1512 ὅσα
428 1457 517 1513 καὶ
573 1458 754 1534 πατὴρ
811 1460 974 1526 Θεῖος,
1004 1457 1160 1513 τέκνα
1198 1459 1539 1532 πνευματικά
1594 1458 1653 1514 ἐκ
1708 1456 1930 1530 διαστή-

272 1568 452 1620 ματος
509 1543 691 1620 τοῦδε,
723 1547 753 1602 ’ὀ
808 1546 898 1601 καὶ
955 1545 1084 1601 αὐτὸ
1133 1546 1260 1609 Θεὸς
1317 1549 1454 1620 ἡμῖν
1494 1548 1567 1610 ὡς
1598 1547 1932 1627 ἐφαμάρτοις

268 1633 516 1710 διώρισε,
575 1640 769 1711 πρῶτα
829 1636 922 1709 μὶν
984 1635 1151 1712 εὐχὰς
1198 1634 1358 1698 αύτύς
1413 1657 1471 1691 τε
1517 1641 1810 1711 ποιοῦμαι,
1840 1645 1929 1699 καὶ

264 1725 322 1795 ἐξ
366 1724 518 1799 ὑμῶν
569 1723 978 1801 προκαλοῦμαι,
1035 1726 1110 1798 μὴ
1161 1725 1237 1791 εἰς
1276 1726 1428 1780 κενὸν
1491 1724 1755 1797 λαλῆσαι,
1804 1723 1930 1784 ἀλλ’

265 1815 457 1889 ὥσπερ
488 1812 540 1869 ἐν
570 1818 651 1886 τῷ
678 1819 949 1889 παρεῖναι,
983 1813 1126 1868 οὕτω
1155 1813 1245 1869 καὶ
1275 1813 1477 1869 ἀπόντα
1523 1816 1711 1891 χώραν
1754 1814 1925 1892 εὑρέῖν
1957 1856 2004 1920 Β

448 1902 482 1920 n
636 1902 650 1920 9
782 1903 793 1920 ν
1093 1903 1105 1920 .
1144 1902 1158 1920 ε
1215 1907 1237 1918 ..
1343 1903 1370 1920 ν
1549 1903 1560 1917 .
1616 1902 1636 1920 κ
1734 1908 1761 1919 ..
1869 1904 1882 1920 ς

268 1923 344 1977 με
399 1902 569 1979 φίλης
626 1902 937 1976 ἀκροάσεως
978 1903 1105 1978 παρ’
1139 1902 1287 1975 ὑμῖν·
1320 1903 1431 1957 εἶτα
1476 1903 1565 1957 καὶ
1616 1902 1774 1958 λαΛῶ
1828 1904 1926 1960 οὐκ

264 1990 612 2069 ἀσύμφωνα,
680 1991 761 2052 οἷς
833 1991 1034 2068 φθάσας
1124 1987 1574 2069 βιϐλιοφυλακεῖν
1662 1993 1789 2066 ύμῖν
1869 1992 1920 2049 ἐν

259 2078 516 2157 καρδίαις
575 2080 780 2158 ἀφῆκα,
840 2080 1080 2156 ἐχόμενα
1134 2077 1192 2134 δὲ
1247 2081 1463 2142 πάντως
1535 2079 1773 2155 ἐκείνων,
1831 2083 1922 2137 καὶ

263 2169 613 2249 στρεφόμενα
642 2168 695 2224 ἐν
744 2174 860 2233 τοῖς
907 2168 1111 2231 αὐτοῖς.
1146 2169 1242 2223 Καὶ
1276 2167 1386 2225 ἔστι
1415 2172 1575 2224 τοῦτο
1624 2176 1920 2233 Δαυίτικῶς

260 2257 361 2312 καὶ
420 2256 473 2312 ἐν
530 2256 654 2335 ἐμοὶ
702 2255 1065 2333 ἀδολέσχημα
1095 2256 1145 2313 ἐν
1180 2255 1509 2331 δικαιώμασι
1539 2259 1763 2335 Κυρίου,
1792 2261 1920 2315 ταῦ-

258 2347 359 2402 τόν
416 2344 462 2401 δ’
494 2334 684 2414 εἰπεῖν,
736 2345 788 2400 ἐν
826 2343 1149 2422 διδάγμασιν
1200 2347 1484 2423 ἀρέσκουσι
1531 2334 1631 2421 τῷγ
1668 2353 1805 2420 Θεῷ.
1840 2350 1920 2407 Οὐ

263 2436 377 2512 γὰρ
432 2432 494 2490 ἄν
558 2456 640 2495 τις
719 2431 1055 2511 δυσπραγοίη
1132 2436 1307 2511 ψόψον
1375 2438 1516 2506 τινὰ,
1577 2435 1920 2511 δικαιώματα

264 2523 471 2600 Κυρίου
530 2524 619 2579 καὶ
676 2528 815 2579 νοῶν
869 2524 958 2579 καὶ
1016 2524 1328 2601 προφέρων,
1355 2526 1423 2581 τὰ
1470 2525 1521 2581 ἐν
1570 2527 1917 2601 τῷξκαθὸλου

257 2610 581 2668 δικαιοῦντα
609 2613 699 2667 καὶ
728 2614 822 2668 τὸν
859 2611 1181 2669 διδάσκοντα
1224 2615 1314 2670 καὶ
1362 2616 1453 2670 τὸν
1509 2612 1914 2688 διδασκόμενον

256 2702 359 2756 τὸν
426 2702 544 2775 μὲν,
577 2701 652 2763 ὡς
707 2703 775 2758 τὰ
821 2707 919 2758 τοῦ
969 2708 1103 2758 Θεοῦ
1135 2702 1551 2777 λαλοῦντα,’τὸν
1603 2703 1680 2775 δὲ,
1714 2706 1788 2767 ὡς
1841 2707 1916 2779 μή

257 2795 572 2867 παρήκοον.
614 2793 713 2847 Καὶ
745 2791 889 2847 οὕτω
922 2792 1019 2866 μὲν
1050 2791 1155 2870 ἐγὼ
1186 2791 1344 2849 λαλῶ
1392 2793 1509 2872 ἄρτι
1563 2796 1698 2872 πρὸς
1756 2795 1916 2868 ὑμᾶς,

262 2880 333 2936 οὗ
362 2881 483 2936 κκτ’
514 2877 638 2955 ὅψιν
668 2880 887 2956 ἀμέσως
935 2882 1074 2946 καθά
1129 2882 1237 2959 πρὸ
1285 2883 1516 2956 τούτων,
1551 2885 1625 2947 ὡς
1683 2884 1779 2958 ἐμὲ
1820 2886 1913 2958 μὶν

261 2966 563 3039 διδάσκειν,
598 2970 739 3043 ὑμᾶς
788 2968 845 3025 δὲ
890 2970 1103 3026 ἀκούειν
1163 2970 1225 3027 ἐκ
1269 2977 1366 3027 τοῦ
1413 2980 1777 3049 παραχρῆμα,
1826 2974 1917 3029 καί

249 3079 372 3113 που
444 3053 594 3134 ἔχειν
672 3058 866 3114 αὐτικα
933 3059 1160 3135 ἐρωτᾷν,
1224 3060 1277 3115 εἷ’
1325 3061 1379 3116 τί
1434 3082 1540 3117 που
1616 3064 1917 3135 παραπέσοι

253 3149 497 3224 ἀπορίας
555 3146 723 3221 ἄξιον,
782 3148 870 3203 καὶ
928 3150 1028 3218 τὴν
1087 3147 1239 3204 λύσιν
1297 3149 1349 3221 ἐξ
1403 3153 1563 3223 ἡμῶν
1590 3156 1792 3222 ζητεῖν,
1826 3151 1917 3207 καὶ

2053 568 2574 639 persuasissimum
2632 568 2820 625 habeo
2878 570 3000 626 fore
3060 574 3125 625 ut
3179 570 3360 641 hujus
3416 569 3701 625 imitatio-

2052 659 2143 714 nis
2165 659 2332 715 venia
2363 660 2713 715 concedatur
2743 662 2795 714 et
2839 660 3163 727 omnino,et
3206 660 3343 730 quia
3380 658 3496 714 alia
3552 658 3697 714 scri-

2050 752 2143 818 pta
2176 748 2509 819 epistolaria
2544 748 2755 819 partim
2779 750 2965 804 forma
2994 750 3205 820 partim
3239 752 3587 820 argumento
3609 764 3701 803 eo-

2048 837 2179 891 dem
2214 838 2384 892 modo
2416 841 2650 892 exarata
2681 840 2839 892 sunt.
2900 837 3044 892 Cum
3106 837 3263 893 enim
3304 838 3575 893 homines
3606 834 3697 892 lo-

2046 925 2261 996 quendi
2292 924 2566 981 facultate
2600 925 2826 996 prmditi
2858 925 2997 994 sint,
3047 943 3162 997 quo
3208 927 3274 981 ﬁt
3333 930 3396 982 ut
3422 926 3695 982 lubenter

2046 1012 2457 1086 colloquantur
2479 1020 2533 1069 et
2563 1032 2690 1071 sese
2734 1014 2981 1086 diligant
3010 1015 3279 1082 invicem,
3331 1016 3566 1088 quando
3598 1032 3692 1072 eo-

2044 1103 2176 1158 dem
2210 1103 2335 1159 loco
2361 1105 2602 1177 degunt,
2635 1105 2705 1160 de
2765 1106 2941 1160 rebus
2970 1105 3082 1160 sibi
3113 1105 3306 1161 charis
3336 1122 3686 1161 conversan-

2043 1197 2169 1248 tur:
2200 1194 2436 1266 quando
2468 1199 2662 1249 autem
2703 1193 2846 1250 locis
2902 1199 3269 1267 separantur,
3321 1195 3684 1251 conversatio

2042 1281 2466 1336 transmittitur
2520 1299 2624 1354 per
2678 1282 2936 1349 nuntios,
2983 1298 3138 1337 nunc
3196 1284 3356 1337 vivos
3387 1286 3443 1337 et
3470 1283 3685 1337 diserte

2044 1369 2366 1440 loquentes,
2395 1387 2550 1427 nunc
2584 1376 2845 1427 mortuos
2903 1371 3163 1443 quidem,
3219 1373 3320 1427 sed
3363 1374 3433 1427 ad
3465 1372 3683 1427 allocu-

2041 1457 2259 1513 tionem
2287 1463 2455 1529 aptos
2486 1458 2670 1531 signis
2693 1458 3028 1514 artificiosis
3056 1463 3382 1514 atramento
3411 1459 3681 1516 exaratis°

2040 1544 2131 1600 Sic
2161 1546 2626 1619 igiturlegitime
2680 1565 2782 1603 vos
2834 1547 3124 1615 erudiens,
3172 1548 3255 1603 uti
3314 1551 3481 1619 pater
3534 1546 3682 1602 divi-

2041 1650 2173 1704 nus,
2204 1635 2460 1692 infantes
2490 1637 2822 1708 spirituales
2853 1653 2883 1692 e
2912 1636 3330 1709 longinquo,ad
3365 1638 3522 1710 quod
3557 1653 3683 1693 mu-

2042 1742 2153 1780 nus
2186 1743 2290 1783 nos
2322 1733 2656 1800 peccatores
2686 1728 2840 1784 Deus
2898 1728 3235 1797 destinavit,
3297 1732 3432 1787 aute
3484 1728 3685 1784 omnia

2039 1831 2244 1887 precor
2264 1821 2322 1873 et
2350 1821 2415 1873 ut
2428 1834 2655 1874 mecum
2670 1818 2985 1890 precemini
2998 1818 3369 1886 exbortor,ne
3382 1818 3680 1875 incassum

2031 1904 2206 1960 verba
2232 1905 2467 1974 faciam,
2500 1907 2600 1962 sed
2637 1911 2716 1976 ut,
2742 1907 3236 1978 quemadmodum
3289 1923 3568 1980 prensans,
3598 1905 3681 1962 ita

2032 1992 2209 2048 etiam
2240 1995 2453 2051 absens
2484 1995 2734 2051 libenter
2771 2000 3108 2068 attenteque
3139 2014 3173 2051 a
3222 1997 3389 2053 vobis
3448 1996 3675 2066 audiar,

2032 2080 2326 2151 siquidem
2360 2083 2567 2155 loquor
2596 2100 2709 2139 non
2742 2083 2972 2139 diversa
2994 2085 3067 2138 ab
3116 2084 3194 2140 iis
3224 2102 3354 2156 quae
3391 2085 3559 2141 vobis
3615 2085 3676 2139 in

2031 2168 2260 2227 intimis
2291 2172 2555 2228 cordium
2587 2174 2913 2229 recessibus
2945 2175 3343 2229 conservanda
3376 2175 3537 2245 prius
3560 2180 3677 2230 tra-

2031 2256 2298 2327 didi,sed
2332 2277 2460 2332 quae
2503 2278 2746 2333 prorsus
2777 2278 2912 2317 cum
2953 2260 3071 2317 illis
3128 2261 3457 2317 cohaereant
3513 2266 3571 2318 et
3617 2262 3677 2318 in

2031 2348 2232 2403 eodem
2266 2354 2573 2404 versentur
2605 2354 2972 2423 argumento.
3022 2350 3283 2406 Vertitur
3311 2356 3508 2407 autem
3558 2368 3683 2407 ora-

2030 2433 2110 2489 tio
2142 2452 2297 2503 mea,
2328 2444 2391 2491 ut
2421 2454 2554 2491 cum
2589 2438 2799 2493 Davide
2831 2436 3122 2510 loquar,in
3149 2438 3680 2511 justiﬁcationibus

2035 2522 2286 2592 Domini,
2311 2525 2419 2580 hoc
2449 2530 2539 2580 est
2579 2526 2638 2580 in
2673 2526 2956 2582 doctrinis
2979 2543 3107 2599 quae
3137 2527 3252 2583 Deo
3284 2527 3532 2599 placent.
3567 2528 3680 2585 Ne—

2030 2629 2145 2685 que
2177 2616 2334 2670 enim
2365 2616 2654 2688 vituperio
2686 2617 2902 2688 dignus
2935 2618 3108 2674 fuerit
3145 2618 3245 2690 qui
3262 2623 3455 2676 mente
3484 2624 3680 2676 versat

2028 2714 2087 2765 et
2115 2707 2307 2762 verbis
2342 2707 2560 2779 profert
2582 2708 3042 2778 justiticationes
3087 2709 3343 2781 Domini,
3384 2714 3442 2765 et
3486 2711 3678 2784 magi-

2028 2802 2218 2854 strum
2247 2801 2305 2852 et
2355 2795 2714 2868 discipulum
2772 2797 3013 2854 omnino
3054 2798 3473 2870 justiﬁcantes,
3506 2798 3674 2856 illum

2027 2887 2263 2959 quidem
2298 2890 2364 2941 ut
2390 2886 2489 2956 qui
2520 2902 2647 2957 qua:
2679 2886 2777 2941 Dei
2821 2890 2963 2942 sunt
3008 2885 3304 2958 loquatur,
3356 2887 3514 2943 hunc
3570 2905 3674 2944 au-

2026 2980 2166 3041 tem,
2201 2979 2265 3029 ut
2295 2974 2393 3046 qui
2422 2991 2537 3029 non
2568 2974 2911 3031 inobediens
2945 2975 3041 3031 sit.
3071 2977 3141 3031 Et
3161 2977 3246 3032 sic
3275 2994 3381 3049 ego
3413 2993 3573 3033 nunc
3602 2979 3675 3034 ad

2025 3081 2127 3119 vos
2156 3064 2383 3136 loquar,
2418 3080 2532 3118 non
2584 3063 2922 3120 immediate
2952 3081 2984 3120 e
3030 3070 3344 3135 conspectu
3393 3067 3674 3138 quemad-

2028 3154 2269 3208 modum
2301 3156 2496 3213 antea.
2521 3168 2654 3206 cum
2686 3168 2792 3224 ego
2850 3155 3131 3221 docerem,
3163 3171 3266 3210 vos
3297 3158 3496 3210 autem
3516 3155 3675 3211 auri-

256 3234 543 3312 δέχεσθαι,
575 3237 606 3292 ’ὀ
664 3234 732 3306 δὴ
783 3237 873 3292 καὶ
923 3236 1051 3292 αὐτὸ
1094 3238 1446 3312 νομοθέτημα
1487 3237 1788 3311 διεξοδικῆς
1838 3238 1914 3294 δι-

2033 3242 2139 3296 bus
2171 3257 2265 3296 me
2293 3240 2637 3310 exciperetis
2668 3246 2745 3308 et,
2780 3240 2827 3295 si
2861 3241 2999 3312 quid
3022 3245 3178 3297 esset
3207 3242 3403 3297 minus
3424 3243 3674 3310 clarum,

256 3323 564 3389 δασκαλίας
588 3326 654 3396 ἧν
686 3345 838 3381 ποτε’
873 3323 1001 3381 ἀλλ’
1030 3325 1413 3397 ἐξαποστέλλω
1456 3329 1523 3383 τὸ
1570 3326 1917 3384 διδασκάλων

255 3413 590 3490 ἀναγκαίως,
636 3415 730 3469 καὶ
772 3417 807 3485 ἡ
855 3413 1058 3490 ἀνάγκη
1108 3415 1240 3486 αὕτη
1294 3413 1487 3490 διπλῇ,
1537 3437 1913 3493 πραγματευο-

256 3502 401 3577 μένη
433 3503 623 3558 καὶτὰ
654 3503 784 3578 ὑπὲρ
814 3504 965 3578 ὑμῶν
1024 3505 1113 3558 καὶ
1165 3505 1227 3559 τὸ
1274 3507 1392 3560 κατ’
1439 3504 1554 3578 ἐμὲ,
1589 3503 1675 3560 ἷίνα
1719 3504 1911 3575 σωζοί-

258 3603 403 3664 μεθα
462 3591 512 3664 ἐξ
566 3590 686 3646 ἴσου
744 3590 1085 3665 ἷσοταλάντῳ
1335 3593 1440 3670 ἐγὼ
1474 3595 1589 3667 μὲν,
1623 3595 1697 3657 ὡς
1758 3591 1913 3648 διδά-

254 3701 407 3736 σκων
460 3680 524 3735 τὸ
581 3681 797 3756 ἀγαθὸν,
858 3682 1013 3755 ὑμεῖς
1068 3680 1147 3753 δὲ,
1193 3683 1268 3748 ὡς
1320 3682 1704 3752 ὑπακούοντες,
1754 3684 1783 3738 ’ὀ
1821 3683 1911 3739 καὶ

252 3770 311 3826 ἐν
365 3775 486 3832 τοῖς
540 3771 665 3847 πρώ
719 3793 785 3841 ην
831 3769 1096 3834 ἐνιαυτοῖς
1178 3772 1620 3849 εὐπραγούμενον
1681 3773 1732 3828 ἐν
1784 3773 1909 3846 ὑμῖν

260 3856 590 3937 διεφαίνετο.
647 3858 773 3914 Τίνα
832 3856 889 3914 δέ
957 3881 1050 3933 μοι
1121 3860 1188 3915 τὰ
1259 3860 1357 3915 οὐκ
1425 3860 1725 3940 ἀσύμφωνα
1793 3868 1910 3924 τοῖς

255 3948 554 4027 ἐφθακόσιν
612 3947 768 4022 ἐμοῖς
816 3948 1005 4023 λόγοις
1062 3946 1427 4020 διδασκάλια;
1473 3951 1544 4004 Τὸ
1603 3951 1731 4005 ὅλον
1809 3958 1910 4021 τῆς

258 4036 562 4107 ἐπιστολῆς
590 4037 795 4109 ταύτης
834 4034 1075 4117 ἐδάφιον,
1109 4037 1160 4093 ἐν
1196 4037 1243 4111 ᾧ
1271 4037 1359 4094 καὶ
1403 4040 1553 4111 αὐτῷ
1599 4037 1908 4111 δικαιοσύνη

254 4133 458 4200 κεῖται,
492 4124 600 4201 ε’ίθε
644 4129 721 4202 μή
767 4128 1087 4201 κοιμωμένη
1135 4125 1188 4190 ές
1234 4125 1527 4203 ἄπρακτον,
1560 4126 1687 4184 ἀλλ’
1716 4128 1911 4185 ἐπανα-

254 4216 573 4289 παυομένη,
629 4216 766 4272 κατὰ
803 4220 924 4272 νοῦν
968 4217 1255 4292 γραφικὸν,
1297 4218 1385 4273 καὶ
1438 4220 1716 4295 γρήγορος
1774 4218 1908 4289 αὖτή

252 4304 680 4385 προσφερομένη
722 4304 1115 4383 ἐγρρηγορόσιν
1154 4307 1304 4380 ὑμῖν.

2023 3328 2179 3384 illico
2211 3345 2303 3384 me
2331 3328 2693 3399 interrogare
2723 3332 2780 3383 et
2811 3328 3163 3384 solutionem
3194 3346 3263 3384 ex
3296 3346 3388 3385 me
3418 3347 3675 3402 quaerere

2021 3421 2080 3472 et
2109 3416 2370 3487 accipere
2402 3416 2674 3486 possetis,
2700 3433 2876 3487 quam
2946 3417 3411 3474 conversationis
3460 3423 3674 3474 nostra:

2022 3506 2209 3578 legem
2234 3506 2336 3561 illo
2374 3510 2636 3577 tempore
2695 3506 2865 3561 nobis
2898 3511 3334 3562 statueramus:
3371 3508 3470 3563 sed
3505 3508 3673 3564 mitto

2034 3596 2198 3652 vobis
2258 3595 2585 3650 doctrinam
2621 3595 3248 3651 necessitalecoactus.
3311 3595 3410 3652 Est
3474 3600 3670 3652 autem

2022 3685 2342 3742 necessitas
2376 3685 2491 3740 haec
2522 3685 2759 3758 duplex,
2801 3690 2865 3740 ut
2894 3702 3019 3757 qua:
3046 3691 3106 3741 et
3134 3687 3203 3741 ad
3238 3703 3339 3742 vos
3386 3690 3443 3742 et
3473 3687 3544 3742 ad
3576 3701 3671 3743 me

2020 3775 2328 3848 pertineat,
2363 3779 2426 3829 ut
2459 3775 2675 3846 pariter
2704 3774 2908 3829 eadem
2945 3774 3171 3831 ratione
3222 3774 3433 3831 salutis
3482 3775 3666 3847 parti-

2021 3865 2176 3936 cipes
2209 3864 2452 3919 ﬁamus:
2486 3879 2592 3935 ego
2623 3862 2863 3934 quidem
2924 3868 2986 3919 ut
3018 3864 3238 3919 bonum
3293 3865 3531 3931 docens,
3563 3880 3665 3918 vos

2021 3958 2215 4009 autem
2250 3957 2311 4008 ut
2343 3968 2562 4007 morem
2595 3956 2885 4024 gerentes,
2918 3968 3034 4024 qua
3062 3953 3275 4009 virtute
3304 3954 3477 4009 annis
3516 3970 3658 4026 pra:-

2018 4041 2293 4114 terlapsis
2332 4040 2622 4113 insignem
2653 4041 2816 4097 vobis
2847 4041 3090 4114 gloriam
3126 4041 3457 4115 peperistis.
3497 4044 3663 4109 Quaa-

2022 4148 2157 4185 nam
2191 4134 2388 4185 autem
2416 4133 2557 4183 sunt
2578 4134 2861 4201 praecepta
2892 4146 3022 4185 mea
3051 4147 3084 4186 a
3117 4131 3413 4203 prioribus
3445 4148 3560 4188 non
3577 4129 3667 4186 di-

2019 4236 2187 4276 versa
2208 4219 2236 4274 ?
2256 4219 2472 4275 Totum
2503 4218 2687 4289 hujus
2715 4218 2976 4291 epistolas
2998 4225 3437 4292 argumentum,
3459 4222 3518 4277 in
3551 4237 3668 4293 quo

2023 4316 2082 4369 et
2105 4310 2235 4382 ipso
2251 4308 2488 4380 justitia
2514 4312 2805 4375 versatur,
2838 4325 2966 4380 qua:
2993 4309 3219 4366 utinam
3256 4312 3408 4367 haud
3441 4318 3670 4385 torpore

248 4397 544 4489 inefficaci
575 4397 939 4469 cohibeatur,
973 4398 1098 4469 sed,
1134 4402 1201 4455 ut
1236 4398 1540 4470 Scriptura
1568 4398 1669 4469 ait,
1703 4399 2135 4473 aliquantulum
2179 4399 2580 4472 requiescens,
2596 4398 2720 4470 jam
2752 4397 3027 4472 evigilata
3047 4401 3118 4456 ad
3159 4416 3261 4457 vos
3298 4399 3504 4473 vigiles
3532 4417 3669 4472 per-

250 4485 485 4541 feratur
508 4482 521 4539 l

334 4607 403 4681 β⁶.
433 4608 573 4682 Ἀγι
605 4603 695 4680 δή,
731 4608 776 4662 ὦ
805 4605 1041 4679 φιλτάτη
1091 4612 1173 4681 τῷ
1219 4612 1333 4681 Θεῷ
1382 4608 1588 4684 ἀγάπη,
1621 4631 1667 4682 ῳ
1708 4610 1919 4683 κόσμου

2094 4612 2149 4666 2.
2178 4612 2299 4682 Age
2320 4609 2515 4681 igitur,
2550 4625 2582 4665 ο
2613 4608 2870 4665 cbaritas
2902 4612 3207 4682 tantopere
3237 4624 3272 4665 a
3302 4608 3667 4680 Deodilecta,

260 4695 469 4757 παντὸς
554 4694 825 4769 σύστασις,
895 4696 941 4751 ὦ
1015 4695 1229 4752 πάντων
1304 4701 1412 4753 τῶν
1491 4696 1543 4753 ἐν
1609 4697 1918 4773 ἀνθρώποις

260 4786 486 4861 ἀγαθῶν
518 4783 682 4854 αἰτία,
716 4785 762 4839 ὦ
793 4784 1003 4863 φύσεως
1047 4792 1150 4856 τῆς
1192 4787 1313 4842 καθ’
1338 4789 1487 4859 ἡμᾶς
1541 4785 1917 4860 ἐπικόσμημα,

260 4873 309 4928 ὦ
346 4879 520 4950 μῆτερ
549 4873 640 4928 καὶ
673 4872 899 4950 εἰρήνης
929 4873 1020 4929 καὶ
1060 4873 1493 4951 ἀπραγμοσύνης
1540 4876 1630 4931 καὶ
1682 4876 1918 4951 ἡσυχίας

259 4959 584 5039 θεοφιλοῦς,
633 4960 678 5017 ὦ
724 4967 841 5025 ⁸ιοίἷς
913 4961 1240 5039 φιλοκάλοις
1288 4963 1379 5018 καὶ
1434 4962 1711 5041 φιλοθέοις
1758 4966 1924 5041 ἀπρα-

260 5052 577 5128 γμάτευτον
615 5050 707 5106 καὶ
757 5050 1079 5126 εὐπόριστον
1130 5053 1353 5128 ἀγαθὸν,
1412 5051 1481 5107 δι’
1520 5053 1581 5122 ἣν
1632 5055 1721 5108 καὶ
1762 5053 1924 5126 νόμοι

260 5142 558 5211 τέθεινται,
620 5138 709 5195 καί
774 5138 1052 5195 πολιτεῖαι
1111 5140 1445 5216 ἐξεύρῃνται,
1497 5143 1584 5196 καὶ
1655 5141 1923 5199 συναλλά-

265 5247 458 5305 γματα
507 5227 899 5303 ἐπινενόηνται,
953 5230 1042 5303 καὶ
1101 5229 1163 5285 τὸ
1224 5228 1359 5285 ὅλον
1425 5228 1618 5304 εἷπεῖν,
1660 5227 1728 5285 δι’
1786 5234 1853 5300 ’ἧς
1895 5231 1922 5285 ὁ

268 5319 397 5393 βίος
448 5318 584 5392 ἅπαξ
636 5315 1009 5395 ἐῤῥυθμισται·
1045 5320 1091 5374 ὧ
1132 5318 1315 5375 τοίνυν
1365 5319 1544 5393 ἀγάπη
1581 5317 1923 5393 μελιτόεσσα,

262 5409 328 5475 ἣν
364 5407 393 5461 ὁ
440 5408 518 5482 μὴ
569 5405 716 5484 ἔχων
756 5409 1041 5483 ἅνθρωπος
1093 5408 1169 5474 είς
1213 5408 1404 5483 θηρίον
1459 5407 1832 5483 ἀποκέκριται,
1862 5410 1926 5480 ἢν

266 5497 296 5551 ὁ
354 5495 431 5569 μὴ
485 5496 774 5575 προφέρων
823 5495 1150 5560 διδάσκαλος
1216 5497 1407 5572 μίσους
1461 5495 1570 5552 ἐστὶ
1639 5496 1923 5568 κατάξιοςο

264 5583 476 5659 πάρεσό
526 5606 619 5659 μοι
670 5587 759 5643 καί
800 5592 891 5643 νῦν
925 5585 1138 5663 ἄρτυμα
1186 5586 1550 5661 πνευματικὸν
1610 5583 1929 5648 πανδαισίας

2029 4718 2062 4756 o
2094 4699 2301 4755 mundi
2335 4698 2592 4754 universi
2628 4712 2958 4770 compages,
3010 4714 3041 4753 ο
3084 4698 3350 4754 omnium
3381 4715 3508 4770 quia
3562 4698 3669 4754 ho-

2031 4789 2292 4845 minibus
2316 4787 2591 4844 eveniunt
2608 4787 2894 4842 bonorum
2920 4802 3118 4854 causa,
3151 4802 3183 4841 ο
3215 4791 3433 4842 natura:
3462 4790 3673 4842 nostra:

2033 4878 2235 4947 decus,
2268 4892 2301 4931 ο
2334 4882 2516 4931 mater
2540 4873 2698 4946 pacis
2723 4878 2780 4929 et
2811 4873 2910 4928 otii
2943 4877 3000 4928 et
3028 4872 3244 4945 quietis
3300 4877 3414 4929 Deo
3470 4877 3673 4947 gratia,

2033 4984 2065 5022 ο
2097 4966 2318 5021 bonum
2352 4962 2584 5018 virtutis
2615 4961 2897 5018 studiosis
2929 4960 3146 5033 Deique
3179 4963 3518 5018 amantibus
3549 4962 3677 5018 sine

2036 5069 2248 5125 magno
2274 5052 2471 5107 labore
2503 5047 2914 5120 comparabile,
2947 5065 2978 5102 ο
3037 5048 3332 5118 cbaritas;
3365 5067 3466 5121 per
3497 5067 3677 5121 quam

2033 5142 2194 5215 leges
2225 5142 2377 5212 latae,
2408 5145 2465 5196 et
2498 5139 2763 5194 civitates
2811 5139 3091 5207 fundatis,
3149 5143 3205 5193 et
3264 5138 3480 5194 foedera
3533 5137 3681 5192 inita

2037 5236 2199 5298 sunt,
2228 5247 2328 5302 per
2357 5244 2557 5301 quam,
2598 5230 2663 5280 ut
2694 5241 2808 5281 uno
2836 5225 3011 5280 verbo
3070 5225 3357 5293 dicamus,
3408 5225 3683 5281 universa

2034 5320 2154 5376 vita
2184 5317 2451 5374 ordinata
2483 5323 2565 5369 cst
2593 5330 2605 5368 :
2640 5330 2672 5367 ο
2705 5312 2962 5368 cbaritas
2994 5311 3365 5381 dulcissima,
3401 5313 3528 5369 sine
3565 5328 3685 5383 qua

2036 5409 2211 5464 homo
2240 5407 2312 5461 ab
2335 5404 2533 5460 bestiis
2556 5402 3007 5458 similitudinem
3038 5402 3540 5473 dcprimitur;sine
3566 5416 3686 5473 qua

2038 5499 2322 5571 magister
2369 5496 2501 5552 odio
2561 5510 2622 5550 se
2675 5494 2919 5566 dignum
2974 5492 3186 5564 reddit,
3220 5493 3359 5549 ades
3390 5492 3535 5549 mihi
3557 5492 3683 5563 jam

2036 5588 2193 5643 velut
2260 5585 2699 5641 condimentum
2752 5580 3056 5653 spirituale
3112 5581 3322 5637 harum
3378 5581 3685 5654 epularum

262 5674 511 5747 ταύτης,
544 5680 606 5747 ἣν
686 5674 996 5749 δαιταλεῦσι
1059 5676 1245 5753 φίλοις
1307 5675 1712 5751 διαπέμπομαι.
1765 5674 1824 5731 Εἰ
1872 5673 1921 5730 δὲ

2039 5694 2187 5750 quas
2218 5676 2411 5733 charis
2435 5672 2693 5729 convivis
2744 5670 3103 5728 transmitto.
3138 5672 3198 5729 Si
3256 5688 3389 5727 vero
3426 5668 3688 5744 reliquus

601 5808 871 5872 PA'I'BOL.
919 5808 1032 5873 Ga.
1078 5808 1369 5872 CXXXV.

3294 5801 3371 5866 33
