4136 6210
465 336 620 404 1035
1248 339 1658 405 EUSTATHII
1704 331 2468 404 THESSALONICENSIS
2512 336 3097 407 METROPOLITE
3735 344 3894 408 1338

461 485 699 542 quoque
730 469 1012 526 virtutum
1026 472 1233 540 cretus,
1259 468 1608 526 ancillarum
1640 467 1982 525 dilectarum
2014 468 2107 524 do-

2227 468 2317 522 xui
2372 466 2567 531 λοιπὸς
2627 469 2867 545 ὁρμαθὸς
2934 470 3139 547 ἀρετῶν
3188 472 3586 552 ἀμφιπενονταί
3642 494 3726 547 σε,
3790 474 3891 529 ὅσα

460 558 685 617 minam
713 560 1065 617 sectantium
1114 558 1321 628 instar,
1353 564 1409 615 te
1466 559 1803 629 comitatur,
1835 557 2107 623 assistam

2224 558 2314 611 xui
2347 553 2543 612 ὀπαδοὶ
2588 557 2742 634 φίλαι
2793 561 3135 637 θεράπαιναι,
3167 561 3516 639 παρὲστωσαν
3560 568 3646 638 τῷ
3693 585 3888 619 συσσι-

457 651 516 706 et
546 649 686 722 ipsae
717 650 979 706 convivio
1029 653 1086 704 et
1117 664 1243 720 quae
1275 648 1439 704 decet
1481 648 1807 721 perﬁciant,
1836 651 1902 703 ut
1951 647 2107 703 cibus

2224 645 2325 718 τίῳ
2381 645 2471 701 xui
2530 648 2710 721 αὑταὶ,
2740 648 3153 706 συντελέσουσαι
3208 653 3277 706 τὰ
3330 652 3639 732 πρόσφορα,
3684 653 3764 715 ὡς
3822 651 3882 707 ἂν

459 739 558 796 hic
587 739 914 814 spiritualis
938 755 1136 795 verum
1160 734 1331 794 nobis
1353 738 1573 794 bonum
1596 738 2117 812 prabeatmmnino

460 829 839 886 excellentius
869 846 1046 901 quam
1069 826 1232 883 illius
1265 826 1494 883 molarii
1526 828 1793 896 Eunosti,
1817 844 1992 899 quem
2025 844 2117 882 ve-

461 924 558 976 tus
589 919 787 975 fabula
817 934 1031 990 magno
1066 917 1283 974 honore
1323 917 1570 990 dignum
1604 917 1830 973 habuit.

532 1027 584 1081 3.
616 1025 891 1081 Animum
923 1025 1125 1095 igitur,
1159 1040 1192 1079 ο
1252 1024 1483 1089 fratres,
1539 1023 1823 1079 advertite
1863 1023 1936 1079 iis
1992 1040 2118 1096 quae

464 1114 729 1170 dicturus
759 1130 914 1168 sum.
944 1112 1011 1166 Et
1039 1111 1317 1184 quoniam
1343 1111 1667 1184 spiritualis
1703 1111 1822 1167 haec
1853 1127 2057 1167 mensa
2088 1128 2122 1167 a

465 1205 741 1261 manibus
771 1204 1071 1259 charitatis
1103 1203 1500 1260 dilectissimse
1529 1201 1711 1258 veluti
1739 1220 1774 1258 a
1811 1201 2120 1275 prudenti-

462 1295 576 1350 bus
605 1292 810 1366 coquis
839 1292 1007 1347 vobis
1034 1292 1369 1364 apponitur,
1403 1291 1731 1348 accumbite
1761 1292 1831 1347 ad
1863 1308 1991 1348 eam
2018 1308 2121 1363 per

461 1383 671 1449 Deum,
704 1382 797 1438 cui
829 1381 1068 1452 assidet,
1102 1385 1159 1437 et
1180 1380 1369 1453 epulis
1417 1380 1707 1449 fruimini,
1765 1384 1830 1437 ut
1877 1382 2116 1437 sincerae

459 1474 846 1546 genuineque
876 1472 1184 1527 charitatis
1218 1472 1531 1543 participes
1566 1472 1755 1526 tiatie:
1799 1471 1979 1526 nolite
2010 1488 2118 1527 au-

457 1568 574 1619 tem
596 1568 900 1635 propterea
931 1563 1085 1633 quod
1123 1561 1427 1633 sapientiae
1458 1562 1716 1618 libamen
1775 1560 1944 1617 vobis
2000 1578 2115 1617 non

455 1652 715 1718 affertur,
751 1651 1107 1707 stomachari
1159 1656 1264 1706 aut
1308 1651 1520 1721 jocari.
1561 1651 1681 1705 Etsi
1716 1650 1874 1706 enim
1926 1649 2113 1721 magi-

453 1745 574 1797 ster
618 1740 918 1813 sapientiae
978 1756 1185 1812 expers
1245 1746 1348 1796 aut
1395 1741 1567 1796 etiam
1614 1740 1974 1811 injucundus
2003 1743 2112 1807 est,

2225 737 2363 807 ἡμῖν
2393 734 2537 792 οὕτω
2566 736 2824 812 νόστιμον
2854 737 3025 796 καλὸν
3053 741 3088 810 ἠ
3129 745 3469 816 πνευματική
3519 743 3659 815 αὕτη
3712 743 3881 819 σχοίη

2225 826 2425 898 τροφή,
2458 830 2535 898 τῷ
2563 826 2720 881 παντὶ
2746 829 3071 906 σεμνότερον
3101 835 3200 886 τοῦ
3229 829 3525 906 ἰπιμυλίου
3579 833 3882 901 Εὐνόστου,

2229 912 2286 967 ’ὸν
2315 910 2483 989 λόγος
2510 912 2744 979 παλαιὸς
2777 914 2868 972 διὰ
2896 913 3232 994 σεϐάσματος
3266 917 3455 999 ἤγαγε.

2300 1021 2369 1094 γ’.
2399 1023 2705 1099 Προσέχετε
2759 1022 2852 1094 δὴ,
2887 1025 2932 1079 ὠ
2987 1023 3237 1105 ἀδελφοὶ,
3276 1028 3395 1091 τοὶς
3452 1028 3884 1103 ῥηθησομένοις.

2231 1110 2335 1165 Kui
2363 1109 2478 1165 ἐπεὶ
2509 1116 2693 1189 χεῖρες
2722 1112 2940 1190 ἀγάπης
2991 1121 3092 1185 τῆς
3146 1115 3511 1196 παμφιλήτου
3567 1119 3668 1187 τήν
3731 1118 3888 1195 λογιο

2230 1200 2330 1267 κήν
2388 1199 2587 1271 ταύτην
2643 1203 2733 1256 καὶ
2787 1203 3056 1278 τράπεζαν
3112 1205 3204 1261 xui
3258 1208 3470 1283 τροφὴν
3502 1205 3604 1262 ὅσα
3631 1207 3725 1262 καὶ
3788 1208 3893 1263 σώ-

2230 1309 2419 1363 φρονες
2475 1288 2736 1364 ὀψοποιοί
2790 1293 3195 1370 καταρτίζουσι,
3248 1297 3467 1373 γίγνεθε
3539 1295 3681 1372 πρὸς
3747 1297 3888 1369 αὐτῇ

2230 1374 2321 1431 διὰ
2374 1379 2466 1433 τὸν
2523 1380 2672 1451 Θεὸν,
2731 1380 2777 1453 ᾧ
2833 1381 3174 1458 παρεδρεύει’
3208 1383 3301 1439 καὶ
3357 1385 3494 1461 πρὸς
3548 1384 3736 1456 ἀληθῆ
3797 1387 3889 1442 καὶ

2228 1468 2685 1545 ἁπαραχάρακτον
2759 1470 3034 1546 ἀγάπησιν
3090 1473 3354 1544 σιτίζεσθε
3407 1475 3476 1529 τὰ
3536 1477 3887 1550 προτεθησό-

2231 1574 2383 1629 μενα’
2416 1557 2503 1611 καὶ
2570 1560 2669 1630 μὴ,
2699 1554 2838 1613 διότι
2896 1559 3088 1639 σοφίας
3144 1560 3208 1616 ού
3257 1564 3637 1637 παρατέθειται
3695 1563 3889 1638 κράμα

2229 1645 2377 1717 ὑμῖν,
2412 1647 2733 1721 σικχάζεσθε
2788 1645 3164 1723 ἀηδιζόμενοι.
3196 1649 3267 1708 Ei
3314 1650 3416 1728 γὰρ
3469 1653 3560 1707 xui
3620 1649 3832 1721 ἄσοφος
3862 1653 3892 1708 ὂ

2227 1730 2577 1805 διδάσκαλος,
2607 1735 2698 1789 καὶ
2729 1735 2804 1798 είς
2836 1734 2987 1793 οὐδὲν
3036 1737 3262 1813 γλυκὺς,
3295 1738 3444 1795 ἀλλά
3486 1743 3525 1811 ἡ
3570 1741 3789 1816 ἀγάπη,
3823 1729 3895 1796 δι’

452 1834 711 1885 attamen
733 1829 1007 1893 charilas,
1040 1846 1159 1902 qua
1192 1828 1368 1886 etiam
1416 1829 1675 1900 imperiti
1735 1833 2107 1901 praeceptores

2224 1823 2285 1891 ἢν
2338 1822 2428 1878 καὶ
2481 1820 2693 1879 ἰδιῶται
2770 1822 3089 1881 διδάσκαλοι
3145 1829 3397 1901 προσιτοῖ
3466 1828 3720 1904 γίνονται
3774 1836 3894 1893 τοῖς

452 1918 621 1974 abiis
651 1919 749 1989 qui
817 1919 1043 1973 edoceri
1103 1919 1370 1989 cupiunt,
1431 1919 1903 1989 frequentantur,
1955 1917 2107 1973 hunc

2224 1909 2528 1989 ἐφιεμένοις
2618 1914 2829 1986 μαθεῖν,
2887 1913 3147 1991 γλυκανεῖ
3209 1916 3303 1972 τὸν
3359 1920 3611 1992 κρατῆρα
3667 1923 3893 1989 τοῦτον,

451 2006 692 2063 calicem
725 2007 955 2063 dulcem
987 2008 1211 2071 reddet,
1240 2006 1674 2078 hilaritatisque
1717 2023 1945 2061 merum
1977 2022 2111 2077 pro-

453 2095 709 2167 pinando
738 2114 866 2167 quia
885 2097 955 2150 ad
990 2097 1340 2169 sapientiam
1372 2096 1759 2151 hauriendam
1792 2096 2108 2162 sufﬁciant,

451 2186 685 2242 abunde
713 2186 1136 2257 suppeditabit,
1157 2186 1300 2241 adeo
1334 2191 1398 2241 ut
1428 2202 1555 2257 quas
1583 2186 1839 2240 mundus
1873 2184 2107 2254 evomit,

449 2275 686 2331 omnino
707 2281 764 2330 et
790 2275 846 2330 vi
872 2275 1881 2348 careantetignorentur,moderatio
1911 2279 2106 2330 autem

447 2368 505 2419 et
524 2365 911 2434 temperantia
953 2364 1212 2420 animam
1271 2364 1520 2419 evehunt
1574 2363 1645 2418 ad
1696 2363 1877 2419 vitam
1936 2379 2107 2435 augeo

469 2467 640 2509 108m.

508 2557 559 2612 4.
592 2556 881 2623 Charitas,
916 2574 949 2614 0
978 2558 1187 2614 fratres
1221 2558 1549 2630 (nunquam
1579 2557 1737 2614 enim
1781 2556 1853 2612 ab
1904 2572 1972 2613 ea
2004 2557 2101 2612 de-

438 2644 672 2716 sistam,
705 2646 846 2715 imo,
878 2644 1013 2702 licet
1043 2644 1331 2701 molestus
1377 2644 1511 2710 sim,
1574 2661 1807 2717 semper
1863 2644 2101 2714 citabo),

440 2734 487 2790 si
520 2736 756 2807 quando
787 2735 844 2791 in
879 2735 1044 2791 vobis
1076 2734 1319 2807 largiter
1374 2734 1685 2805 inhabitat,
1735 2739 1874 2790 ante
1904 2734 2103 2790 omnia

442 2822 704 2892 requirit,
738 2828 804 2877 ut
833 2822 1086 2894 quivere
1118 2821 1294 2878 homo
1339 2821 1463 2876 vult
1504 2838 1654 2889 esse,
1707 2823 1863 2894 apud
1916 2821 2101 2877 Deum

444 2910 523 2965 sit
542 2913 600 2965 et
628 2926 728 2966 eos
754 2911 854 2981 qui
878 2910 990 2981 ipsi
1023 2911 1503 2976 adstant,deinde
1532 2911 1684 2982 apud
1720 2916 2106 2983 regem.Num

451 3013 624 3067 porro
656 2998 831 3052 etiam
864 2998 1122 3069 episcopi
1153 2998 1316 3067 diligi
1343 2998 1593 3054 debeant
1647 3013 1681 3052 a
1728 2998 2109 3071 presbyteris,

457 3092 516 3142 et
544 3087 809 3143 diaconis
836 3087 1187 3143 Christianis
1233 3096 1286 3143 et
1317 3089 1391 3143 ab
1424 3088 1698 3143 universo
1729 3088 1881 3143 clero
1912 3106 1979 3143 ac
2011 3105 2108 3160 po-

459 3174 619 3247 pulo,
648 3193 750 3233 vos
770 3176 977 3244 nostis,
998 3176 1099 3248 qui
1138 3192 1169 3232 e
1199 3192 1364 3231 sacro
1397 3180 1677 3248 suggestu
1753 3176 1809 3230 in
1865 3176 2111 3231 ecclesia

462 3270 572 3325 hac
603 3270 674 3325 de
702 3285 764 3324 re
795 3268 981 3324 edocti
1013 3268 1175 3324 estis.
1204 3269 1271 3323 Et
1319 3268 1402 3323 sic
1448 3273 1875 3339 consequenter
1925 3267 2114 3324 chari-

456 3363 550 3415 tas
580 3357 845 3414 omnium
868 3358 1043 3413 etiam
1072 3355 1349 3429 proximis
1378 3358 1646 3413 debetur.

524 3624 580 3679 5.
613 3624 747 3687 Quae
778 3623 1011 3695 quidem
1046 3638 1177 3677 cum
1224 3621 1307 3677 ita
1351 3639 1413 3677 se
1442 3621 1698 3678 habeant
1744 3622 1824 3694 (et
1843 3638 1973 3678 vere
2025 3622 2110 3679 sic

448 3729 515 3770 se
538 3713 776 3780 habent,
810 3712 1194 3784 quantumvis
1244 3710 1566 3767 adversarii
1608 3716 1904 3782 nugentur
1936 3716 1993 3768 et
2048 3713 2108 3768 iu

443 3802 769 3859 contrarias
803 3807 997 3873 partes
1026 3800 1282 3872 abeant),
1307 3817 1410 3855 vos
1440 3799 1551 3870 ipsi
1586 3798 1923 3855 meditando
1944 3800 2109 3857 facile

448 3891 816 3963 intelligetis,
850 3891 1016 3946 vobis
1057 3891 1177 3944 haec
1206 3889 1406 3944 omnia
1431 3888 1743 3959 diligenter
1794 3890 2107 3945 observan-

447 3979 609 4035 tibus
642 3995 808 4049 spem
849 3978 1057 4034 salutis
1090 3977 1483 4033 certissimam
1509 3976 1644 4030 inde
1674 3977 1891 4032 enasci.
1929 3978 2105 4033 Crete-

452 4083 584 4122 rum
612 4068 660 4122 si
683 4067 830 4123 forte
860 4066 917 4121 in
962 4082 1078 4122 uno
1108 4066 1414 4121 charitatis
1456 4069 1742 4137 praecepto
1792 4065 2105 4136 deliqueri-

451 4155 551 4222 tis,
586 4153 764 4210 nolite
793 4153 993 4210 statim
1025 4170 1188 4224 spem
1221 4152 1381 4207 illam
1418 4153 1688 4223 abjicere,
1721 4152 1821 4209 sed
1856 4170 1958 4225 per
1989 4171 2107 4220 poe-

451 4244 762 4300 nitentiam
795 4243 1167 4299 corrobarare
1196 4243 1387 4298 denuo
1419 4243 1685 4298 eamdem
1716 4244 2103 4301 studete.Jam

451 4350 584 4390 vero
606 4332 899 4405 ejusmodi
949 4331 1292 4405 poenitentia
1352 4348 1469 4387 non
1528 4331 1875 4404 simpliciter
1931 4333 1989 4388 in
2039 4350 2105 4390 eo

449 4421 723 4479 consistit
755 4427 820 4477 ut
859 4420 1037 4477 animi
1068 4420 1327 4476 dolorem
1364 4420 1656 4492 sentiatis,
1684 4420 1785 4477 sed
1818 4425 1884 4476 ut
1914 4421 2104 4477 chari-

2220 2000 2310 2054 xui
2371 1999 2692 2075 ἱλαρότητος
2751 2002 2884 2075 μέθυ
2943 1999 3406 2079 προϐαλλομὲνη,
3465 2002 3892 2083 ὶμόριυματίσει

2219 2108 2275 2144 τε
2326 2088 2416 2143 καὶ
2472 2095 2654 2145 ποτιεῖ
2707 2091 2774 2146 τὰ
2832 2091 2909 2154 εἷς
2962 2092 3126 2168 κόρον
3178 2095 3454 2172 σώφρονω
3488 2093 3562 2151 δι’
3592 2096 3661 2150 οὗ
3694 2098 3724 2151 ὁ
3790 2100 3885 2169 μὲν

2217 2180 2353 2232 κατά
2400 2177 2606 2250 κόσμον
2638 2176 2831 2253 ἔμετος
2863 2181 3145 2256 ἀπρακτεῖ,
3181 2183 3256 2244 ὡς
3291 2180 3433 2256 μῆδὶ
3489 2185 3888 2259 γινώσκεσθαι,

2216 2266 2278 2320 τὸ
2311 2265 2368 2321 δὲ
2396 2265 2663 2344 νηφάλιον
2699 2265 3027 2344 δραξάμενον
3049 2278 3150 2341 τῆς
3173 2273 3359 2348 ψυχῆς
3391 2273 3649 2350 ἁναφιρει
3709 2274 3882 2343 αὐτήν

2218 2354 2295 2419 εἷς
2314 2353 2592 2412 πολιτείαν
2624 2355 2941 2434 ἀγγελικήν.

2286 2547 2349 2607 δ’.
2391 2552 2451 2606 Ἡ
2475 2550 2676 2628 ἀγάπη,
2705 2554 2751 2607 ὦ
2776 2551 3004 2630 ἀδελφοὶ
3035 2554 3119 2630 (οὗ
3148 2555 3250 2634 γὰρ
3304 2556 3474 2614 ἐθέλω
3532 2560 3876 2638 ἀποσχέσθαι

2214 2640 2345 2694 ποτὲ
2376 2641 2566 2709 αὐτῆς,
2601 2640 2727 2697 ἀλλ’
2779 2645 2893 2698 οἷον
2944 2643 3301 2721 παρενοχλεῖ),
3332 2647 3468 2719 πρὸς
3521 2648 3648 2724 βίαν
3705 2650 3875 2721 αὐτὴν

2216 2725 2639 2803 ἐπισπώμενος),
2673 2726 2730 2784 εἷ’
2752 2751 2870 2794 πως
2902 2732 3029 2804 ὑμῖν
3062 2732 3138 2795 εἰς
3169 2733 3380 2798 πλάτος
3422 2734 3879 2808 ἐμπολιτεύοιτο,

2215 2817 2530 2890 πάμπρωτα
2590 2819 2685 2891 μὲν
2743 2819 2981 2893 ἀπαιτεῖ,
3032 2822 3122 2877 τὸν
3175 2823 3253 2885 ὡς
3302 2821 3524 2896 ἀληθῶς
3583 2824 3877 2903 ἄνθρωπον

2218 2907 2355 2982 πρὸς
2397 2911 2478 2979 τῷ
2524 2912 2640 2979 Θεῷ
2698 2908 2831 2963 εἶναι
2886 2910 2976 2965 καὶ
3007 2916 3123 2974 τοῖς
3155 2912 3308 2985 αὖτῷ
3358 2920 3732 2990 παρεστῶσιν,
3766 2918 3881 2992 εἶτα

2219 2994 2309 3049 καὶ
2340 2996 2476 3069 πρὸς
2506 3001 2587 3068 τῷ
2622 2995 2857 3072 βασιλεῖ.
2893 2998 2955 3054 Εἰ
3001 2997 3059 3055 δὲ
3100 3000 3190 3055 καὶ
3230 3002 3284 3056 οἱ
3332 3002 3613 3080 ἀρχιερεῖς
3664 3006 3883 3082 ἀγαπη-

2222 3085 2477 3154 θήσονται
2537 3084 2673 3160 πρός
2737 3107 2797 3141 τε
2868 3093 2966 3142 τοῦ
3040 3084 3452 3168 πρεσϐυτερίου,
3506 3094 3596 3149 καὶ
3662 3102 3767 3165 τῆς
3825 3096 3879 3151 ἐν

2226 3177 2439 3247 Χριπῷ
2495 3170 2789 3242 διακονίας,
2816 3177 2906 3231 καὶ
2963 3180 3165 3241 παντὸς
3210 3185 3309 3235 τοῦ
3355 3179 3594 3257 κλήρου,
3628 3185 3723 3240 καὶ
3786 3190 3886 3241 τοῦ

2228 3258 2383 3331 λαοῦ,
2416 3263 2569 3335 ὑμεῖς
2626 3260 2810 3320 οἷ’δατε
2870 3266 3224 3338 μανθάνοντες
3278 3267 3408 3324 αὐτὸ
3452 3268 3514 3325 ἐκ
3570 3276 3678 3327 τοῦ
3728 3274 3881 3347 ἱεροῦ

2221 3351 2567 3424 ἀναστάθμου
2616 3357 2714 3407 τοῦ
2745 3354 2884 3408 κατὰ
2931 3356 3031 3425 τὴν
3090 3357 3241 3431 ἁγίαν
3284 3355 3580 3429 ἔκκλησίαν
3645 3362 3878 3438 ἐξηχού-

2221 3460 2381 3512 μενον
2430 3439 2506 3502 sic
2554 3440 2717 3515 ύμᾶς.
2754 3442 3131 3522 Ἐποφείλεται
3189 3442 3247 3501 δὲ
3302 3445 3627 3513 ἀκολούθως
3689 3451 3874 3527 ἀγάπη

2218 3529 2355 3604 πρὸς
2386 3531 2599 3585 πάντων
2632 3530 2720 3585 καὶ
2749 3537 2870 3594 τοῖς
2899 3529 3161 3604 πλησίον.

2289 3624 2345 3673 ε’.
2377 3616 2590 3673 Τούτων
2644 3617 2710 3690 δή
2760 3620 2933 3686 οὕτως
2976 3620 3215 3698 ἐχόντων
3242 3618 3452 3700 (ἔχουσι
3502 3622 3564 3681 Si
3616 3627 3724 3684 οὐκ
3780 3628 3876 3687 ἆλ-

2218 3704 2353 3774 λως,
2385 3706 2480 3762 κᾶν
2516 3707 2562 3762 εἴ
2599 3706 2787 3765 πολλά
2831 3731 2915 3773 τις
2961 3712 3252 3788 πτερυγίζῃ
3305 3714 3742 3792 ἀντιφερόμενος
3788 3720 3876 3775 καὶ

2215 3792 2578 3872 ἀδολεσχῶν),
2644 3798 2771 3871 ὑμῖν
2832 3798 3039 3877 ἀφίημι
3090 3797 3499 3866 διασκοπεῖσθαι
3557 3806 3653 3860 xui
3722 3807 3873 3883 λογι-

2216 3883 2418 3938 στεύειν
2478 3885 2543 3939 ea
2601 3888 2719 3950 καθ’
2764 3888 2905 3960 ὑμᾶς
2964 3887 3291 3957 αύτοὺς,ὡς
3350 3889 3516 3963 ἃν,εῙ
3578 3895 3681 3967 μὲν
3742 3898 3883 3952 uini

2215 3973 2390 4028 πάντα
2474 3970 2802 4051 φυλάττεσθε
2884 3976 2960 4040 εἲς
3038 3971 3278 4052 ἀκριὸὶς,
3346 3977 3639 4045 εὐέλπιδες
3726 3983 3881 4055 εἴητε

2215 4064 2570 4133 σωθήσεσθαι·
2605 4062 2655 4118 εἴ
2710 4060 2767 4120 δέ
2820 4085 2875 4120 τι
2932 4062 3237 4142 σφάλλεσθε
3280 4071 3377 4123 τοῦ
3422 4070 3560 4125 κατά
3585 4072 3695 4140 τὴν
3740 4074 3876 4150 ἀγά-

2214 4173 2321 4222 πην
2356 4151 2490 4208 ὅλου
2546 4152 2793 4221 κανόνος,
2824 4154 2915 4209 ἀπ’
2945 4151 3171 4217 ἐλπίδος
3232 4156 3327 4230 μὶν
3382 4154 3526 4231 μηδὶ
3580 4159 3736 4216 οὕτω
3794 4164 3877 4237 γί-

2213 4252 2415 4307 νοισθε,
2466 4238 2751 4297 σπεύδοιτε
2800 4238 2859 4298 δὲ
2906 4245 3376 4319 πραγματεύεσθαι
3436 4243 3528 4301 διὰ
3581 4252 3881 4322 μετανοίας

2211 4330 2275 4385 τὸ
2303 4332 2402 4399 τῆς
2436 4327 2658 4393 ἐλπίδος
2712 4328 2914 4403 ταύτης
2976 4332 3423 4410 ἁκαταίσχυντον.
3477 4342 3765 4415 Θεωροῖτο
3822 4339 3885 4396 δὲ

2214 4416 2272 4473 ἃν
2322 4422 2357 4489 ἠ
2408 4418 2634 4490 τοιαύτη
2698 4421 2953 4493 μετάνοια
3009 4420 3110 4476 οὐκ
3169 4419 3221 4477 ἰν
3266 4423 3348 4495 τῷ
3377 4422 3570 4487 ἁπλῶς
3638 4431 3885 4505 μεταμί-

446 4510 589 4566 tatis
619 4511 911 4567 defectum
943 4508 1311 4581 complestis,
1338 4514 1395 4563 et
1424 4508 1579 4580 quod
1614 4509 1780 4564 vobis
1824 4510 1894 4564 ad
1940 4509 2102 4566 illam

2224 4508 2421 4571 λεσθαι,
2483 4505 2629 4563 ἀλλά
2683 4507 2775 4563 καὶ
2854 4505 3209 4582 ἀναπληροῦν
3264 4512 3329 4566 τὸ
3382 4513 3484 4583 τῆς
3545 4516 3769 4592 ἀγάπης
3821 4518 3880 4574 ἰν

448 4601 613 4657 deest
640 4599 977 4671 perilciatis,
1011 4599 1152 4654 adeo
1193 4603 1258 4653 ut
1278 4614 1425 4669 quos
1456 4613 1654 4653 amare
1681 4597 1931 4669 debetis,
1982 4616 2098 4655 non

2224 4596 2337 4669 Βμῖν
2387 4593 2666 4664 ἐλλεῖπον,
2698 4596 2788 4652 καὶ
2842 4599 3205 4654 τελειοποιεῖν
3261 4601 3325 4656 τὸ
3377 4603 3498 4657 κατ’
3549 4586 3734 4674 αύτὴν
3792 4607 3880 4664 ἑν-

448 4688 620 4744 aliter
650 4689 884 4758 ametis,
914 4704 1091 4760 quam
1116 4687 1200 4742 uti
1233 4691 1383 4742 Deus
1415 4686 1709 4758 praecepit,
1733 4686 1793 4741 in
1824 4691 1945 4743 toto
1971 4688 2101 4744 ani-

450 4794 546 4834 mo
566 4782 623 4833 et
652 4795 721 4833 ex
751 4782 873 4833 toto
898 4776 1190 4843 animo,in
1228 4782 1351 4831 toto
1382 4777 1556 4831 corde
1586 4780 1721 4831 etex
1754 4781 1875 4832 toto
1907 4778 2100 4847 corde,

450 4868 509 4922 in
539 4871 662 4923 tota
690 4867 1044 4939 cogitatione
1074 4871 1131 4920 et
1161 4882 1227 4921 ex
1260 4869 1381 4921 tota
1439 4865 1809 4937 cogitatione.
1863 4866 1956 4922 Sic
2005 4868 2096 4923 ni-

453 4957 671 5012 mirum
702 4957 946 5029 diligere
978 4957 1128 5012 abeo
1154 4956 1459 5027 jubrmur.

519 5227 573 5282 6.
604 5224 874 5282 Animam
906 5227 1103 5280 autem
1128 5221 1254 5277 dico
1287 5220 1435 5277 illud
1482 5222 1636 5294 quod
1670 5237 1915 5295 prorsus
1945 5221 2100 5280 intra

448 5334 558 5374 nos
582 5321 692 5378 est.
714 5316 971 5372 animam
1005 5331 1120 5369 non
1152 5314 1223 5368 de
1254 5316 1407 5368 terra
1463 5317 1687 5379 natam,
1737 5330 1928 5386 neque
1965 5312 2097 5371 ideo

446 5408 518 5464 ad
557 5413 776 5463 terram
808 5402 1304 5468 reversurum,sed
1321 5419 1448 5473 quae
1465 5408 1593 5458 orta
1613 5410 1705 5459 est
1741 5421 1810 5460 ex
1839 5403 2097 5460 insuma-

444 5497 603 5552 tione
626 5496 743 5562 Dei,
777 5495 848 5551 ad
880 5510 1050 5564 quem
1077 5493 1252 5549 etiam
1286 5492 1458 5558 redit,
1491 5492 1540 5549 si
1581 5497 1803 5548 rectum
1856 5494 2094 5561 fecerit;

2213 4682 2347 4747 δεὲς’
2375 4683 2482 4772 ’ίναγ
2527 4687 2601 4758 μή
2663 4683 2851 4749 ἄλλως
2913 4687 3225 4763 ἀγαπῴητε,
3258 4688 3352 4753 οὓς
3412 4692 3629 4766 ἀγαπᾷν
3691 4715 3879 4772 χρεω-

2212 4778 2404 4843 στεῖτε,
2438 4771 2584 4829 ἀλλὰ
2640 4774 2715 4836 ὡς
2773 4775 2802 4829 ὁ
2848 4775 2982 4837 Θεὸς
3030 4774 3329 4851 ἐκανόνισε,
3360 4771 3789 4855 διαταξάμενος,
3819 4785 3878 4841 ἰν

2210 4860 2315 4936 ὅλῃ
2370 4864 2543 4938 ψυχῇ,
2601 4863 2688 4917 καὶ
2749 4861 2800 4935 ἐξ
2849 4861 2988 4935 ὅλης
3037 4867 3249 4940 ψυχῆς,
3310 4867 3400 4922 xui
3454 4866 3562 4945 ὅλῃ
3649 4872 3878 4947 καρδίᾳ,

2207 4950 2297 5005 xui
2353 4950 2404 5022 ἐξ
2461 4951 2597 5022 ὅλης
2646 4949 2890 5028 καρδίας,
2949 4953 3039 5007 καὶ
3095 4952 3149 5008 ἂν
3208 4953 3312 5030 ὅλῃ
3368 4953 3606 5032 διανοίᾳ,
3667 4964 3763 5018 καὶ
3821 4963 3881 5035 ἐξ

2208 5037 2347 5109 ὅλης
2406 5037 2648 5105 διανοίας
2702 5041 2936 5116 ἀγαπᾷν,
2991 5040 3090 5105 οὓς
3145 5042 3324 5121 φιλεῖν
3375 5044 3446 5100 δι’
3502 5048 3681 5106 αὐτοῦ
3737 5052 3886 5110 ivn-

2205 5127 2471 5203 τάλμεθα.

2277 5240 2339 5284 ς.
2375 5219 2531 5296 Δὲγω
2590 5216 2647 5275 δὲ
2699 5220 2882 5296 ψυχὴν
2946 5221 3042 5294 μὲν
3084 5222 3186 5292 τὴν
3239 5222 3302 5278 τὸ
3345 5228 3452 5280 πὶν
3483 5224 3538 5281 ἐν
3568 5228 3738 5303 ἡμῖν,
3767 5234 3881 5303 τὴν

2209 5310 2284 5381 μὴ
2319 5307 2379 5363 ἐκ
2407 5315 2529 5386 γῆς,
2561 5305 2647 5364 διὸ
2682 5306 2825 5383 μηδὶ
2861 5307 3296 5367 παλινοστοῦσαν
3346 5312 3424 5376 εἷς
3472 5322 3607 5392 γῆνο
3654 5319 3787 5377 ἀλλ’
3820 5322 3879 5395 ἐξ

2205 5396 2595 5486 ἐμφύσηματος
2646 5403 2801 5466 Θεοῦ,
2862 5397 2941 5461 είς
3009 5399 3069 5454 ὃν
3116 5399 3209 5455 καὶ
3264 5401 3549 5472 καταλύει,
3609 5407 3673 5463 ἃν
3729 5408 3878 5486 ὀρθὰ

2202 5487 2530 5563 πορεύηται*
2577 5483 2647 5542 δι’
2673 5489 2759 5561 ἧς,
2793 5491 2926 5545 Θεοῦ
2981 5487 3080 5562 μὶν
3134 5489 3211 5563 μὴ
3265 5486 3435 5563 οὔσης
3485 5483 3869 5573 αὐτόχρημα,

449 5583 728 5653 animam,
761 5585 1162 5654 inquam,qua
1202 5580 1335 5635 licet
1364 5579 1436 5634 ad
1495 5579 1597 5635 Dei
1647 5587 1918 5639 naturam
1977 5599 2090 5638 non

2224 5576 2483 5639 ιειοτάτου
2519 5574 2576 5632 δὲ
2624 5579 2933 5653 χρήματος,
2985 5578 3410 5653 ἁποθειούμεθα,
3460 5581 3619 5662 εἴπερ
3662 5586 3871 5652 εθιλο-

450 5685 692 5745 prorsus
720 5674 1047 5744 accedente,
1090 5678 1287 5725 tamen
1331 5667 1784 5727 similitudinem
1833 5670 2088 5728 divinam

2224 5686 2324 5735 ιεν,
2351 5666 2438 5721 καί
2498 5665 2608 5722 υἱοὶ
2665 5666 2931 5744 γινόμεθα
2958 5665 3211 5744 Ὑψίστου
3252 5666 3468 5735 πάντες·
3501 5673 3593 5731 καὶ
3656 5674 3705 5733 εἰ
3758 5681 3869 5736 καὶ
