4136 6210
289 370 444 432 1037

1312 368 1698 433 EPISTOLA
1740 369 1842 429 AD
1887 368 2701 432 THESSALONICENSES.

3551 381 3706 442 1038

288 505 624 574 θνήσκομεν,
676 499 803 557 ἀλλ’
857 504 930 563 ὡς
977 505 1216 557 τοιοῦτοι
1263 503 1589 574 θνῄσκομεν,
1623 503 1696 564 ὡς
1728 497 1942 569 δηλαδή

2065 503 2357 570 referente,
2383 504 2452 558 ad
2487 505 2754 570 deorum,
2783 505 2828 560 si
2861 505 3133 577 velimus,
3183 508 3529 581 dignitatem
3581 525 3708 570 eve'

287 587 766 664 προσιιλημμένοι
815 592 964 662 αὐτῷ
1025 590 1101 654 είς
1147 591 1392 661 υἱότητα.
1442 589 1502 644 ού
1566 591 1672 662 μὴν
1725 590 1800 650 ὡς
1831 589 1937 642 υἱοὶ

287 678 618 754 ἀνθρώπων,
699 676 846 748 οὐδε,
920 677 1209 742 ἀπολύτως
1288 680 1475 748 εἰπεῖν,
1536 679 1610 740 ὡς
1668 675 1940 752 ἄνθρωποι

287 763 481 822 ἀδίκου
539 764 798 837 δηλονότι
850 764 1114 837 πλούτου,
1175 767 1210 836 ἢ
1269 765 1490 842 φαύλων
1551 766 1943 838 έπιθυμιῶν,ἢ

285 855 480 931 ὀργῆς,
539 854 574 924 ἢ
625 855 893 928 αἱμάτων,
952 856 988 924 ἢ
1041 852 1256 911 τοιοῦδέ
1285 877 1431 917 τινος
1463 860 1650 910 κακοῦ.
1711 852 1942 930 Καρδίαν

289 943 346 1001 δέ
372 967 435 1021 γε
467 946 634 1023 φημὶ,
667 943 750 1023 ἐφ’
797 947 858 1014 ἣν
913 942 1262 1019 διαλογισμοὶ
1312 943 1678 1020 εὐαγγελικῶς
1725 939 1942 999 ἀναϐαί-

285 1057 460 1102 νουσι,
493 1035 583 1090 καὶ
611 1034 764 1089 αὐτοὶ
799 1032 1051 1109 διάφοροι
1106 1033 1248 1089 ἔστιν
1299 1035 1408 1102 ὅτε,
1459 1033 1548 1088 καὶ
1582 1031 1710 1088 οὐδὲ
1741 1032 1944 1106 εὐσύμ-

288 1119 466 1178 6ατοι·
511 1121 749 1178 διάνοιαν
811 1121 887 1192 δὲ,
942 1125 1058 1178 καθ’
1118 1125 1202 1194 ἣν,
1262 1123 1307 1178 εἷ
1369 1123 1461 1196 μὲν
1506 1121 1813 1200 σεσόφισταί
1860 1144 1942 1184 τις

290 1213 498 1282 θεόθεν,
562 1213 737 1288 ἀγαθὰ
793 1210 1199 1286 συλλογίζεται,
1267 1212 1358 1266 καὶ
1415 1212 1764 1286 συμπεραίνει
1817 1211 1944 1273 τοὺς

288 1299 491 1376 λόγους
519 1303 656 1376 πρὸς
688 1301 830 1363 θείας
865 1301 1038 1376 ἀρχὰς
1067 1303 1164 1362 τὰς
1214 1300 1435 1355 ἐκεῖθεν·
1486 1301 1530 1355 εἰ
1585 1298 1642 1354 δὲ
1691 1301 1944 1375 ἡμάρτη-

283 1413 393 1458 ται,
430 1392 704 1469 σοφίζεται
726 1392 812 1445 καὶ
849 1390 1034 1445 ἑαυτὸν
1066 1389 1308 1450 καὶτοὺς
1341 1390 1630 1462 ἀκροατὰς,
1654 1390 1748 1444 καὶ
1774 1389 1946 1452 οὕτως

287 1480 349 1535 οὐ
381 1485 482 1546 τῆς
514 1480 838 1557 αὐτοσοφίας
868 1478 1142 1556 λογίζεται
1197 1479 1475 1551 μαθητὴς,
1526 1477 1672 1533 ἀλλὰ
1717 1483 1812 1533 τοῦ
1861 1500 1946 1532 σο-

286 1574 480 1626 φιστοῦ
526 1573 623 1639 τῆς
649 1568 835 1631 κακίας
869 1565 1244 1644 ὑποδρηστήρ.

2054 591 2252 646 himur
2283 597 2339 646 et
2364 593 2556 648 cuncti
2587 593 2891 648 reddimur
2922 595 3020 649 filii
3079 596 3384 668 Altissimi,
3447 602 3524 657 ila
3582 603 3710 675 qui-

2051 681 2184 735 dem
2213 685 2297 747 ut,
2330 682 2563 737 etiamsi
2595 683 2900 748 morimur,
2935 689 3131 741 tamen
3165 705 3279 742 non
3315 692 3597 761 tanquam
3628 697 3714 748 ta-

2060 768 2145 825 les
2174 770 2513 833 moriamur,
2549 776 2747 843 utpote
2771 774 2894 842 jam
2929 779 3099 829 antea
3129 776 3187 830 in
3221 776 3472 832 filiorum
3507 796 3716 836 nume-

2056 875 2183 912 rum
2212 859 2492 930 adoptati,
2529 877 2715 932 neque
2748 869 3027 934 tanquam
3091 863 3189 918 filii
3242 866 3578 936 hominum,
3619 885 3717 926 ne.

2054 963 2190 1017 que,
2224 952 2285 1000 ut
2308 949 2782 1020 breviterdicam,
2817 956 3094 1024 tanquam
3151 955 3416 1012 homines
3461 958 3717 1028 injusta-

2054 1052 2185 1090 rum
2218 1036 2577 1105 divitiarum,
2627 1045 2729 1094 aut
2778 1057 3085 1110 pravarum
3147 1046 3558 1119 cupiditatum,
3615 1051 3717 1104 aut

2057 1123 2176 1189 irae,
2203 1131 2307 1179 aut
2337 1128 2719 1198 sanguinum,
2753 1136 2854 1182 aut
2886 1131 3097 1186 similis
3159 1135 3574 1204 improbitatis.
3609 1141 3716 1193 Cor

2055 1231 2226 1285 porro
2260 1213 2410 1283 dico,
2446 1216 2500 1270 in
2538 1232 2673 1287 quo,
2710 1223 2774 1271 ut
2820 1236 2953 1273 cum
3003 1224 3309 1292 Evangelio
3358 1224 3583 1296 loquar,
3617 1243 3712 1282 co-

2054 1303 2369 1374 gitationes
2401 1311 2726 1376 exsurgunt
2757 1307 3000 1362 diversae
3032 1309 3324 1366 interdum
3369 1320 3423 1368 et
3473 1315 3708 1372 illicitae.

2053 1392 2468 1461 Cogitationem
2505 1394 2776 1464 denique,
2803 1412 2918 1466 qua
2952 1397 3082 1467 quis
3110 1399 3395 1456 divinitus
3426 1405 3714 1474 sapientia

2053 1485 2378 1552 instructus
2409 1481 2480 1535 de
2511 1481 2684 1536 rebus
2710 1483 2878 1537 bonis
2899 1485 3221 1540 meditatur
3247 1493 3305 1542 et
3333 1490 3710 1562 disciplinam

2055 1571 2127 1624 ab
2152 1569 2316 1624 initio
2347 1575 2645 1640 acceptam
2680 1571 2749 1625 ad
2801 1573 3027 1641 justum
3083 1576 3256 1630 ﬁnem
3321 1580 3583 1648 perducit
3659 1599 3722 1652 et

289 1665 632 1728 conservat;
665 1659 766 1715 ubi
798 1676 932 1716 vero
967 1663 1271 1732 peccatum
1311 1661 1421 1726 est,
1445 1673 1505 1714 se
1536 1662 1708 1730 atque
1739 1657 2036 1714 auditores
2075 1659 2295 1726 edocet,
2332 1675 2518 1730 neque
2551 1660 2793 1732 prOpriae
2847 1663 3145 1734 sapiestize
3206 1666 3567 1739 discipulus,
3611 1671 3713 1726 sed

298 1750 570 1822 magistri
602 1749 1000 1822 perversitatis
1030 1765 1232 1806 servus
1265 1752 1593 1821 reputatur.

363 1855 424 1923 ζ’.
458 1853 617 1927 Ἐμοὶ
669 1851 725 1908 δὶ
771 1853 860 1907 καὶ
911 1851 1133 1917 ἐνταῦθα
1173 1851 1338 1929 λόγου
1387 1852 1449 1906 τὸ
1503 1851 1554 1907 ἂν
1586 1849 1690 1926 ὅλῃ
1744 1851 1832 1906 καὶ
1879 1852 1942 1904 τὸ

2117 1855 2172 1908 7.
2207 1855 2340 1910 Jam
2374 1855 2466 1910 hic
2500 1872 2631 1911 vero
2666 1856 2822 1912 haud
2869 1858 3330 1930 inopportunum
3371 1865 3600 1922 videtur
3631 1867 3724 1923 di-

287 1942 340 2013 ἆξ
391 1942 529 2011 ὅλης
578 1941 676 1997 ούκ
705 1941 1054 2020 ἆπροσφυῶς,
1089 1943 1263 2014 οἶμαι,
1318 1939 1467 1995 δοκεῖ
1500 1941 1578 2013 μὴ
1635 1939 1944 2014 συντρέχειν

286 2032 365 2096 είς
407 2027 613 2087 ἔννοιαν
662 2033 761 2101 τήν
817 2031 1007 2100 αὐτὴν,
1060 2031 1150 2085 καὶ
1193 2029 1366 2100 πάντη
1399 2029 1617 2091 πάντως
1648 2027 1944 2098 ἀνεξάλλα-

288 2143 434 2192 κτον,
487 2120 636 2178 ἀλλὰ
682 2119 1067 2198 προφαίνεσθαι
1123 2121 1216 2193 μὶν
1267 2117 1528 2197 διαφοράν
1579 2139 1701 2173 τινα
1751 2118 1802 2172 ἰν
1851 2117 1944 2172 αύ-

283 2217 426 2279 τοῖς,
461 2210 523 2264 ού
580 2212 686 2283 μὴν
747 2209 1087 2284 ἀσύντροχον
1142 2213 1208 2283 τῇ
1259 2209 1538 2285 ὀρθότητι,
1589 2211 1678 2262 οἷα
1726 2206 1778 2262 ἐν
1825 2205 1947 2262 δια-

294 2299 448 2375 φόρῳ
498 2297 668 2369 λαλίᾷ
719 2293 1112 2372 ξυμϐαίνουσαν
1177 2297 1254 2360 εἷς
1309 2295 1362 2352 ἓν
1434 2297 1630 2374 ἀγαθόν
1663 2316 1675 2329 ο
1752 2295 1944 2370 ὅμοιον

285 2389 361 2450 ὡς
411 2389 499 2442 καὶ
561 2386 615 2442 εἷ’
655 2408 798 2451 τινες
859 2385 954 2442 δύο
1004 2387 1362 2464 πορευόμενοι
1414 2386 1466 2449 ἐς
1522 2385 1679 2463 ὀρθὸν
1743 2385 1792 2440 έν
1836 2383 1948 2458 ὁδῷ

287 2475 592 2551 σχιζομένη
626 2473 784 2550 διχῇ,
817 2477 971 2549 ὅμως
1003 2471 1316 2538 εὖθυϐόλως
1349 2475 1426 2538 εἷς
1456 2473 1509 2530 ’έν
1545 2477 1708 2550 πέρας
1751 2475 1944 2551 ἀγαθὸν

287 2565 644 2624 καταλύουσι.

359 2658 431 2726 η’.
465 2654 564 2710 Καί
600 2675 691 2728 μοι
745 2653 956 2731 ἂρέσκει
1002 2656 1065 2710 τὸ
1118 2655 1212 2727 μὶν
1263 2653 1316 2708 ἐν
1359 2654 1464 2730 ὅλῃ
1523 2656 1585 2710 τὸ
1643 2652 1944 2730 ἐνδὸμυχον

287 2751 388 2814 τῆς
418 2745 632 2821 ἀγάπης
667 2742 1059 2816 ὑποσημαίνειν
1107 2743 1170 2799 τὸ
1227 2743 1535 2816 καταμόνας
1581 2739 1731 2798 ἔνδον
1778 2742 1829 2796 έν
1877 2746 1945 2816 τῇ

292 2836 471 2909 ψυχῇ,
502 2833 564 2888 τὸ
603 2831 730 2894 τοὺς
787 2830 1034 2896 πολλοὺς
1093 2831 1353 2888 λανθάνον
1414 2832 1597 2900 εῗσέτι,
1654 2834 1716 2886 τὸ
1777 2833 1947 2905 μήπω

299 2922 626 3000 έκπιφηνὸς,
683 2921 747 2976 τὸ
806 2921 1046 2976 ἐνοικοῦν
1101 2925 1168 2996 τῇ
1223 2925 1399 2997 ψυχῇ,
1452 2923 1514 2976 τὸ
1564 2921 1614 2975 ἐν
1672 2926 1750 2993 τῷ
1802 2920 1950 2983 ἐντὸς

295 3011 671 3086 κεκρυμμένον
704 3010 979 3086 οἰκουρίας
1007 3011 1154 3072 τινὸς
1208 3007 1388 3081 δίκην,
1429 3010 1490 3064 οὐ
1528 3011 1633 3082 μὴν
1675 3009 1763 3065 καὶ
1817 3030 1948 3084 προ-

295 3121 621 3178 φαινομενον
683 3099 758 3161 εἷς
819 3098 1115 3175 ἐνάργειαν.
1181 3101 1345 3154 Ἐντα
1402 3105 1775 3173 προσεπινοεῖν
1831 3098 1946 3152 ἐνά-

293 3211 484 3266 γομαι,
535 3190 626 3244 καὶ
682 3189 756 3252 ὡς
817 3187 868 3242 έν
927 3189 1070 3264 τρισὶ
1129 3189 1343 3252 τούτοις
1390 3187 1602 3256 καλοῖς,
1649 3192 1718 3261 τῇ
1767 3191 1943 3262 ψυχῇ,
1982 3249 2020 3270 ἡ

288 3283 358 3353 τῇ
420 3275 614 3352 καρδίᾳ
681 3278 771 3332 καὶ
843 3281 912 3351 τῇ
968 3275 1177 3349 διανοίᾳ
1231 3278 1292 3332 τὸ
1351 3277 1402 3332 έν
1451 3281 1586 3350 ἡμῖν
1642 3282 1742 3332 πᾶν
1799 3276 1947 3338 ἰντὸς

289 3367 484 3443 ἀγαθὸν
545 3363 770 3428 ἐντελῶς
804 3365 1193 3443 ὑπογράφεται,
1237 3387 1300 3420 ου
1351 3373 1658 3439 μεμνῆσθαι
1712 3365 1802 3419 καὶ
1857 3365 1949 3420 τὸν

298 3456 466 3531 μέγαν
509 3452 700 3528 Δαυὶδ,
753 3454 890 3509 ὅπου
942 3453 1113 3518 ἐθέλει
1162 3454 1334 3509 πάντα
1375 3454 1441 3508 τὰ
1472 3453 1616 3516 ἐντὸς
1646 3455 1812 3508 αὐτοῦ
1868 3473 1949 3506 κι-

295 3546 498 3600 νεῖσθαι
559 3543 634 3606 εἰς
687 3544 751 3598 τὸ
811 3543 1052 3619 εὐλογεῖν
1106 3545 1168 3598 τὸ
1223 3548 1320 3598 τοῦ
1363 3547 1496 3598 Θεοῦ
1545 3545 1698 3617 ἅγιον
1754 3538 1947 3614 ὄνομα.

296 3633 524 3696 Τούτοις
557 3633 660 3710 γὰρ
689 3638 807 3694 τοῖς
836 3632 1006 3696 ἐντὸς.
1035 3638 1152 3694 τοῖς
1183 3632 1380 3707 τρισὶν³
1418 3633 1504 3709 ὑφ’
1555 3630 1628 3685 ὧν
1676 3634 1710 3701 ἡ
1763 3631 1947 3705 ἀγάπη

297 3721 668 3790 διαπλέκιται,
733 3720 787 3777 εἷ’
829 3743 911 3783 τις
971 3721 1240 3797 λογισμοῦ
1298 3722 1353 3776 εὗ
1403 3719 1545 3796 ἔχοι,
1592 3719 1805 3796 εὐλογεῖ
1858 3721 1948 3774 τὸν

292 3819 395 3882 τῆς
447 3811 657 3887 ἀγάπης
709 3812 929 3887 Κύριον,
981 3811 1149 3884 ὕμνον
1192 3810 1520 3883 ἀναμέλπων
1563 3809 1614 3865 ἄν
1662 3815 1741 3882 τῷ
1791 3829 1950 3864 πνευ-

299 3905 547 3976 ματικῶς
577 3899 852 3976 ἡρμόσθαι
895 3901 1034 3955 κατά
1076 3901 1137 3954 τὸ
1175 3901 1224 3954 έν
1277 3902 1459 3976 ἀγάπῃ
1514 3899 1803 3978 σύμφωνον
1854 3902 1950 3954 τοῦ

291 3995 586 4066 τριμεροῦς
617 3997 718 4061 τῆς
749 3992 957 4066 ψυχῆς.
993 3988 1089 4042 Καὶ
1115 3994 1364 4044 τοιοῦτον
1417 3990 1511 4062 μὲν
1540 3990 1601 4044 τὸ
1629 3989 1677 4044 ἐν
1711 3989 1816 4064 ὅλῃ
1849 3991 1950 4061 ψυ-

294 4085 376 4157 χῇ
403 4101 462 4136 τε
499 4081 586 4135 καὶ
647 4076 842 4154 καρδίᾳ
890 4077 978 4133 καὶ
1030 4075 1259 4149 διανοίᾳ,
1311 4079 1385 4141 ὡς
1434 4077 1666 4154 εἴρηται,
1723 4079 1951 4153 ἀγαπᾷν.

371 4188 433 4244 θ’,
491 4185 563 4241 Τὸ
621 4183 678 4241 δὲ
754 4183 886 4259 δλῃς
958 4189 1038 4257 τῷ
1116 4183 1336 4260 ὶτεροίῳ
1401 4186 1502 4253 τῆς
1561 4184 1806 4259 φράσεως
1853 4174 1956 4238 Ἆιαί

291 4278 396 4345 τὴν
449 4274 652 4331 ἔννοιαν
700 4272 1136 4345 συνιξαλλάττειν
1196 4271 1365 4330 δοκεῖ.
1401 4272 1654 4328 Φαίνεται
1703 4293 1802 4348 γαρ
1863 4269 1957 4341 δη-

292 4365 430 4422 λοῦν
487 4366 702 4441 ἀγάπην
758 4366 793 4434 ἡ
841 4363 1032 4438 φράσις
1098 4361 1233 4432 αὕτη
1294 4361 1593 4436 πρόοπτον,
1651 4360 1741 4414 καὶ
1784 4359 1954 4421 οὕτως

293 4455 624 4530 ἆξωτερικήν
660 4498 674 4523 ,
733 4449 1088 4508 ἑκπιδύουσαν
1138 4456 1246 4506 τῶν
1313 4450 1459 4513 ἐντὸς
1523 4450 1613 4505 καὶ
1669 4451 1806 4504 κατά
1856 4452 1955 4522 ψυ-

295 4545 433 4621 χὴν,
489 4542 587 4598 ὅσα
615 4541 705 4598 καὶ
735 4548 922 4617 πηγῆς
954 4541 1176 4618 ἀγαθῆς.
1239 4540 1411 4616 ῥεῦμά
1438 4561 1490 4594 τι
1540 4539 1782 4615 χρηστὸν
1832 4534 1953 4610 ἔξω,

2059 1960 2210 2016 cere,
2234 1945 2387 2016 quod
2424 1944 2526 2000 illa
2548 1946 2725 2001 verba
2755 1948 2815 2001 in
2843 1953 2952 2005 toto
2995 1954 3048 2003 et
3092 1968 3163 2004 ex
3191 1961 3298 2007 toto
3331 1971 3446 2009 non
3478 1972 3722 2025 prorsus

2056 2033 2126 2087 ad
2157 2034 2429 2089 eumdem
2461 2035 2698 2090 redeant
2716 2053 2978 2103 sensum,
3007 2057 3109 2094 nec
3163 2040 3278 2096 ullo
3297 2045 3466 2097 modo
3501 2045 3721 2101 discre-

2057 2127 2312 2193 pantem,
2347 2123 2448 2177 sed
2510 2123 2828 2179 discrimen
2889 2129 3183 2198 quoddam
3244 2131 3566 2198 eisinesse,
3604 2151 3719 2188 non

2057 2209 2172 2266 tale
2202 2212 2438 2282 quidem
2474 2215 2629 2283 quod
2658 2220 2823 2269 rectzs
2857 2217 2988 2271 ﬁdei
3053 2224 3354 2290 regugnct,
3411 2223 3512 2276 sed
3565 2224 3716 2294 quod

2056 2299 2284 2355 diverso
2316 2300 2589 2371 loquendi
2621 2319 2831 2374 genere
2861 2306 2933 2360 ad
2973 2323 3152 2360 unum
3200 2308 3474 2380 idemque
3503 2311 3720 2366 bonum

2057 2389 2324 2456 deducat,
2358 2388 2513 2445 velut
2539 2389 2587 2445 si
2622 2391 2735 2446 duo
2769 2392 2859 2448 via
2909 2401 3082 2461 recta,
3148 2397 3281 2451 licet
3332 2399 3604 2455 bifariam
3635 2401 3725 2455 di-

2055 2478 2200 2543 visa,
2257 2479 2712 2550 proficiscentes,
2764 2483 2835 2536 ad
2898 2485 3074 2538 ﬁnem
3126 2491 3390 2557 optatum
3477 2489 3726 2545 felicitor

2067 2569 2438 2638 perveniunt,

2127 2658 2180 2711 8.
2236 2657 2424 2713 Verba
2476 2659 2578 2714 illa
2640 2662 2696 2714 in
2728 2664 2852 2728 toto,
2903 2667 2965 2716 ut
3018 2663 3160 2718 mihi
3216 2665 3452 2735 quidem
3481 2668 3725 2741 videtur,

2056 2746 2318 2801 indicant
2350 2749 2715 2802 reconditum
2748 2749 3072 2817 charitatis,
3100 2754 3152 2806 id
3180 2757 3333 2824 quod
3359 2755 3548 2810 solum
3573 2757 3728 2812 intra

2057 2836 2316 2890 animam
2339 2841 2446 2905 est,
2479 2838 2633 2906 quod
2670 2838 3102 2895 multitudinem
3137 2843 3328 2898 adhuc
3370 2844 3530 2912 latet,
3566 2851 3720 2916 quod

2060 2927 2320 2980 nondum
2347 2925 2636 2996 apparuit,
2673 2928 2824 2998 quod
2886 2929 3097 2984 animae
3156 2931 3393 2998 insidet,
3455 2935 3610 3004 quod
3660 2934 3720 2990 in

2058 3012 2342 3078 interiori,
2370 3013 2526 3068 velut
2557 3015 2614 3069 in
2647 3016 2820 3070 domo
2868 3020 3121 3088 quadam
3175 3022 3554 3078 absconditur
3587 3040 3721 3080 nec-

2058 3106 2194 3156 dum
2228 3101 2295 3156 ad
2335 3103 2688 3158 activitatem
2751 3108 3056 3174 processit.
3116 3109 3245 3163 Jam
3303 3109 3396 3164 hic
3451 3112 3720 3166 animad-

2057 3195 2237 3258 verto,
2264 3189 2509 3261 pulchra
2571 3192 2681 3246 ista
2737 3193 3022 3260 trinitate,
3073 3198 3270 3252 anima
3326 3199 3605 3254 nimirum
3664 3206 3720 3256 et

2060 3279 2232 3333 corde
2264 3284 2319 3332 et
2350 3279 2720 3350 cogitatione,
2752 3298 2925 3337 omne
2958 3285 3172 3339 bonum
3219 3287 3371 3341 intra
3403 3305 3508 3343 nos
3543 3306 3716 3344 accu-

2057 3373 2180 3422 rate
2212 3366 2529 3438 designari,
2563 3369 2733 3438 cujus
2767 3371 2844 3424 rei
2877 3372 3053 3426 etiam
3090 3391 3339 3444 magnus
3385 3377 3556 3430 David
3592 3393 3712 3433 me-

2059 3455 2249 3524 minit,
2283 3456 2517 3525 quando
2548 3457 2670 3510 vult
2701 3463 2763 3511 ut
2793 3460 2991 3514 omnia
3011 3478 3133 3530 qua:
3171 3463 3323 3518 intra
3355 3464 3548 3534 ipsum
3575 3471 3716 3521 sunt

2059 3545 2128 3598 ad
2159 3543 2621 3599 benedicendum
2653 3554 2852 3602 sancto
2884 3548 2981 3603 Dei
3016 3551 3237 3605 nomini
3269 3561 3720 3622 permoveantur

2062 3633 2160 3688 llis
2188 3633 2343 3687 enim
2379 3633 2566 3688 tribus
2601 3635 2999 3706 interioribus,
3055 3640 3268 3708 quibus
3327 3641 3582 3698 Charitas
3635 3643 3720 3698 in-

2061 3723 2262 3787 haeret,
2290 3722 2338 3776 si
2370 3721 2504 3793 quis
2537 3724 2679 3778 bene
2739 3727 3006 3798 senserit,
3070 3729 3360 3784 benedicit
3414 3731 3721 3787 charitatis

2065 3811 2396 3878 Dominum,
2425 3811 2566 3866 dum
2601 3813 2905 3884 hymnum,
2941 3817 3327 3885 spirituuliter
3381 3820 3451 3874 ad
3487 3821 3720 3875 harmo-

2066 3900 2222 3955 niam
2259 3899 2494 3954 illarum
2531 3901 2707 3956 trium
2743 3902 2953 3958 animm
3013 3905 3268 3975 partium
3332 3908 3389 3961 in
3441 3909 3724 3965 charitate

2065 3989 2480 4062 compositum,
2511 3990 2863 4046 modulatur.
2913 3993 2980 4046 Et
3012 3994 3119 4049 hoc
3152 4001 3262 4066 est,
3297 3997 3353 4051 in
3389 4003 3506 4053 tota
3525 3999 3724 4055 anima

2065 4084 2121 4134 et
2150 4079 2322 4134 corde
2343 4083 2399 4135 et
2429 4079 2781 4151 cogitatione
2812 4098 3031 4152 amare,
3068 4084 3150 4138 uti
3175 4085 3453 4142 diximus.

2133 4187 2186 4238 0.
2218 4184 2366 4240 Illud
2400 4191 2598 4241 autem
2631 4203 2699 4241 ea:
2735 4192 2868 4255 toto,
2933 4190 3010 4243 uti
3073 4190 3345 4259 dictione,
3405 4194 3488 4251 ita
3544 4196 3720 4251 etiam

2066 4290 2245 4328 sensu
2275 4274 2504 4329 diﬂ'erre
2536 4275 2780 4330 videtur.
2817 4277 2894 4331 Ex
2921 4295 3049 4333 mea
3081 4281 3236 4336 enim
3296 4284 3723 4339 sententiaista

2068 4363 2300 4435 phrasis
2333 4363 2527 4418 innuit
2557 4363 2900 4421 charitatem
2930 4370 3324 4437 manifestam,
3350 4374 3420 4426 ad
3440 4373 3723 4427 exteriora

2067 4459 2566 4524 prorumpentem,
2612 4472 2680 4510 ex
2709 4457 2935 4512 intimis
2967 4461 3147 4514 animi
3213 4465 3561 4528 recessibus,
3596 4469 3722 4516 tan-

2068 4559 2244 4613 quam
2279 4558 2309 4598 e
2341 4543 2492 4598 bono
2526 4544 2705 4610 fonte,
2755 4547 3095 4602 excellentis
3127 4549 3321 4605 laticis
3349 4551 3537 4607 instar
3563 4550 3726 4607 ebul-

293 4619 392 4690 καὶ
451 4630 926 4704 ἰκκαλυπτομένην
985 4631 1076 4684 καὶ
1148 4627 1585 4704 προφαινομένην
1629 4626 1688 4682 ἐκ
1734 4630 1829 4682 τοῦ
1886 4627 1951 4689 ὡς

2071 4633 2331 4703 lientem,
2365 4639 2627 4704 apertam
2651 4639 2704 4689 et
2736 4651 2804 4689 ex
2828 4637 3272 4708 potentialitate,
3306 4645 3369 4695 ut
3399 4640 3480 4695 ita
3509 4641 3725 4709 dicam,

296 4723 474 4779 εἰπεῖν
515 4719 740 4794 δυνάμει
791 4719 928 4774 κατὰ
983 4720 1276 4794 ἐνέργειαν·
1337 4720 1450 4772 οἷον
1512 4719 1540 4771 ὁ
1597 4717 1689 4790 μὲν
1741 4714 1957 4790 λογιζό-

301 4833 464 4886 μενος
493 4808 544 4865 έν
577 4813 753 4885 ψυχῇ,
787 4809 878 4863 καὶ
927 4805 1334 4880 διανοούμενος,
1393 4807 1480 4861 καὶ
1515 4805 1658 4860 οὕτω
1701 4803 1959 4878 συλλογι-

300 4900 534 4974 ζόμενος
593 4899 770 4974 ὀρθῶς
817 4898 886 4952 τὰ
944 4898 1075 4970 ὑπὲρ
1140 4897 1336 4972 ἀγαθοῦ
1395 4895 1604 4971 φίλου,
1661 4893 1751 4950 καὶ
1806 4906 1961 4968 μεθο-

299 4989 498 5062 δεύων,
530 4989 621 5045 καὶ
651 4987 839 5044 ἐαυτὸν
865 4984 1078 5043 εὔθετον
1120 4990 1293 5042 ποιῶν
1351 4985 1425 5048 εἷς
1483 4987 1552 5040 τὰ
1606 4986 1741 5062 πρὸς
1801 4985 1963 5061 χάριν

301 5081 532 5148 ἐκείνου,
566 5079 655 5135 καὶ
691 5075 1110 5154 βυσσοδομεύων
1154 5075 1299 5131 καλὰ
1333 5075 1646 5130 συνοίσοντα
1693 5079 1773 5147 τῷ
1831 5075 1962 5149 ἀγα-

299 5170 584 5244 πωμένῳ,
664 5167 717 5224 ἐν
791 5169 946 5241 ψυχῇ
1013 5164 1105 5220 καὶ
1165 5163 1218 5219 ἑν
1273 5161 1471 5240 καρδίᾳ
1510 5163 1599 5219 καὶ
1654 5163 1705 5218 ἐν
1756 5160 1965 5234 διανοίᾳ

304 5257 436 5334 ὅλῃ,
467 5257 670 5315 ἐκεῖνον
699 5255 897 5334 ἀγάπᾷ,
931 5253 1080 5318 ἐντὸς
1123 5254 1216 5328 μὲν
1265 5255 1440 5332 φέρων
1487 5253 1665 5321 αὐτὸν,
1718 5254 1782 5308 ού
1827 5273 1967 5329 παρ-

305 5347 561 5423 αυγάζων
621 5343 678 5401 δὲ
729 5346 791 5400 τὸ
839 5341 1025 5422 φίλιον
1073 5343 1165 5397 καὶ
1223 5341 1496 5422 ἐμφανῶς,
1562 5340 1685 5397 οὐδὲ
1717 5341 1965 5418 ἐξαστρά-

305 5457 460 5494 πτων
492 5435 622 5491 αὐτὸ
689 5431 790 5506 ἔξω
844 5434 922 5496 εἰς
979 5431 1222 5508 ἰναργές.
1261 5435 1358 5496 Ὃς
1388 5429 1445 5486 δὲ
1474 5435 1668 5507 καιροῦ
1725 5451 1968 5505 παραπε-

311 5527 504 5588 σόντος
558 5525 648 5581 καὶ
705 5527 1062 5587 ἀπαιτοῦντος
1119 5523 1328 5600 ἀγάπης
1384 5519 1636 5592 ἐπίδειξιν
1697 5521 1970 5596 ὶκπορίζει

309 5621 395 5690 τῷ
465 5615 615 5692 φίλῳ
664 5613 732 5670 τὰ
789 5611 998 5688 δέοντα,
1049 5611 1300 5690 πράττων
1363 5609 1466 5668 εἷετε
1537 5608 1884 5687 ὑπερλαλῶν,
1934 5610 1969 5679 ἢ

313 5704 460 5763 ἄλλο
488 5726 540 5762 τι
586 5705 958 5780 τεηνώμενος,
1019 5699 1084 5758 δι’
1132 5700 1194 5759 οὗ
1244 5699 1619 5778 πανηγυρίζει,
1678 5703 1973 5775 πομπικῶς

2070 4720 2141 4775 ad
2165 4721 2522 4776 activitatem
2557 4721 2826 4776 alacriter
2873 4725 3296 4794 prosilientem,
3355 4729 3492 4782 dum
3526 4734 3730 4784 contra

2070 4811 2121 4867 is
2153 4812 2252 4883 qui
2284 4812 2478 4868 animo
2509 4818 2739 4884 reputat
2791 4819 2848 4868 et
2909 4816 3243 4888 meditatur,
3304 4824 3360 4874 et
3415 4821 3500 4876 sic
3551 4821 3730 4892 probe

2072 4918 2200 4974 quae
2232 4901 2418 4957 amico
2478 4901 2644 4956 utilia
2704 4903 2820 4958 sint
2849 4903 3154 4973 deliberat,
3211 4913 3269 4963 et
3325 4914 3620 4965 scrutatur
3674 4915 3732 4966 et

2073 4995 2260 5047 semet
2291 4992 2360 5045 ad
2393 4989 2478 5044 illi
2503 5000 2666 5063 grata
2695 4991 3023 5048 exhibenda
3057 5004 3364 5067 praeparat,
3397 5004 3454 5054 et
3492 5016 3618 5070 quae
3645 5000 3730 5055 di-

2073 5079 2221 5135 lecto
2255 5080 2532 5151 prodesse
2586 5080 2831 5150 possint,
2883 5081 3150 5149 rimatur,
3203 5087 3253 5140 is
3300 5087 3358 5142 in
3418 5089 3616 5144 anima
3673 5095 3731 5144 et

2074 5169 2246 5224 corde
2268 5173 2324 5224 et
2350 5169 2700 5240 cogitatione
2732 5168 2898 5225 illum
2931 5171 3311 5243 diligit,intus
3342 5192 3478 5232 eum
3511 5178 3728 5245 ferens,

2078 5275 2190 5313 non
2223 5263 2415 5314 autem
2465 5257 2777 5314 manifesto
2832 5259 3097 5318 revelans
3154 5265 3494 5334 amicitiam,
3546 5283 3733 5336 neque

2078 5348 2149 5402 ad
2207 5347 2559 5403 activitatem
2612 5348 2926 5404 deducens.
2991 5351 3096 5416 Qui
3155 5359 3372 5424 autem,
3429 5355 3734 5411 occasione

2077 5436 2270 5492 oblata
2303 5441 2359 5492 et
2388 5441 2644 5508 tempore
2691 5437 2994 5494 charitatis
3052 5442 3612 5500 demonstrationem
3646 5461 3734 5502 re-

2081 5527 2371 5598 quirente,
2406 5527 2594 5582 amico
2624 5526 2955 5584 necessaria
2985 5532 3342 5604 suppeditat,
3375 5534 3494 5590 sive
3542 5533 3734 5602 factis,

2083 5615 2202 5671 sive
2232 5616 2445 5684 verbis,
2481 5615 2600 5672 sive
2644 5631 2704 5671 re
2753 5616 2866 5672 alia
2921 5634 3292 5692 quacunque,
3355 5627 3412 5678 et
3464 5623 3547 5680 ita
3583 5623 3739 5680 clare

2085 5704 2344 5760 ostendit
2377 5709 2434 5762 et
2465 5721 2659 5761 coram
2719 5705 2995 5764 omnibus
3031 5714 3231 5782 aperte
3277 5712 3508 5784 probat,
3577 5711 3737 5786 quali
