4136 6210
342 385 485 448 1041

1364 388 1746 450 EPISTOLA
1798 388 1901 448 AD
1947 387 2754 450 'l‘Hl‘ZSSALONlCENSES.

3604 384 3757 443 1042

340 515 529 590 μένην,
588 515 677 570 καὶ
730 513 1122 589 μεθοδεύουσαν
1182 518 1408 593 ἀπάγειν
1467 517 1627 572 αὐτὸν
1689 516 1740 587 ἐξ
1797 519 1957 590 ἡμῶν

2098 504 2459 575 habitantem
2491 534 2745 590 eumque
2775 533 2806 572 e
2834 515 3003 573 nobis
3058 514 3344 587 expellere
3391 516 3755 586 satagentem

331 602 666 680 ἀντειστάγει
723 604 787 659 τὸ
862 607 1134 661 σκοτεινὸν
1215 611 1395 679 μῖσος,
1449 607 1540 661 καὶ
1622 605 1981 683 παρῥησιάζει

330 694 451 748 καθ’
508 695 669 766 ἡμῶν
738 692 890 762 αὐτὸ,
939 694 1031 749 καὶ
1091 693 1267 765 οὕτως
1326 690 1555 772 ἐντρίϐει
1604 694 1804 756 πάντας
1854 694 1981 757 τοὺς

329 780 449 835 καθ’
505 783 672 853 ἡμᾶς.
733 781 833 835 Καὶ
892 783 981 836 οἵα
1053 783 1146 853 μὶν
1219 781 1348 846 τοὺς
1404 782 1607 844 ἅλλους
1668 779 1980 852 διατίθεται,

335 866 543 924 οτίδασιν
576 869 629 924 οἱ
659 869 1015 944 πειρώμενοι·
1045 867 1144 942 ἐμὲ
1192 866 1251 925 δὲ
1291 867 1591 948 φιλονεικεῖ
1640 870 1729 925 καὶ
1771 868 1980 940 θανάτῷ

334 957 699 1034 προπέμψαιο
753 958 845 1013 καὶ
901 955 960 1012 ἂν
1021 957 1297 1035 ἐξέπραξεν
1355 958 1488 1014 αὐτὸ
1545 959 1736 1027 πάλαι,
1796 958 1841 1013 εἰ
1902 959 1978 1031 μή

326 1051 574 1126 φανερῶς
630 1046 769 1123 πρὸς
827 1045 968 1120 ἐμοῦ
1019 1046 1047 1101 6
1096 1048 1247 1117 Θεὸς,
1283 1047 1618 1124 ἀνεχόμενος
1665 1048 1757 1103 καὶ
1817 1047 1979 1103 εἲσὲτι

325 1138 598 1211 περιεῖναί
633 1157 701 1211 με
730 1140 810 1209 τῷ
847 1134 972 1212 βίῳ,
1006 1134 1059 1193 εἷ’
1088 1158 1206 1199 πως
1256 1135 1492 1211 ἐμαυτοῦ
1527 1137 1811 1214 γενόμενος
1863 1135 1978 1190 ἐπι-

323 1224 625 1303 στραφείην
700 1224 776 1287 εἷς
846 1225 1029 1299 αὐτὸν,
1107 1226 1273 1301 οὗπερ
1356 1227 1627 1303 ὁσημέραι
1704 1225 1975 1305 ἀφορίζων

317 1312 556 1387 ἐμαυτὸν
590 1311 691 1371 οὐκ
718 1313 944 1390 ἂντρὲπο
954 1335 1071 1388 μαι.

395 1467 481 1540 ιγ’.
514 1462 654 1520 Ἰδοὺ
703 1463 794 1520 οὖν
847 1467 1089 1541 σήμερον
1137 1466 1538 1541 ξενηλατοῦμαι
1590 1468 1692 1522 ὑπὸ
1736 1471 1831 1523 τοῦ
1884 1468 1973 1541 μί-

322 1574 480 1627 σους,
512 1555 604 1609 καὶ
635 1553 800 1610 αὐτοῦ
832 1553 939 1610 ε’ίθε
971 1556 1066 1629 μὲν
1099 1555 1158 1610 ἐκ
1186 1554 1413 1612 πολλῶν
1461 1577 1623 1612 τινων
1668 1557 1756 1611 καὶ
1815 1578 1973 1629 περι-

320 1638 601 1716 ϐλέπτων,
636 1641 728 1698 ἵνα
780 1644 966 1717 μαθὼν
1012 1644 1366 1718 παμμίσητος
1416 1646 1549 1701 εἶναι.
1578 1646 1614 1715 ἢ
1657 1644 1970 1719 διωρθωσά-

321 1753 462 1805 μην,
511 1732 547 1802 ἢ
606 1730 918 1811 διεξὲφυγον
960 1732 1020 1789 ἐκ
1074 1733 1239 1807 μὲσου
1289 1732 1489 1803 λαθὼν,
1546 1736 1731 1808 μήπου
1779 1733 1838 1790 δὲ
1881 1735 1971 1791 καὶ

2098 622 2213 662 non
2248 606 2655 670 animadverit,
2688 604 3067 659 tenebrosum
3123 602 3321 658 odium
3359 604 3605 657 conatur
3659 602 3756 657 in-

2092 697 2418 764 troducere,
2453 695 2849 766 deprazdicans
2881 693 3039 748 istud
3091 696 3374 763 tanquam
3404 688 3758 762 acceptabile

2093 784 2255 856 quid,
2286 789 2341 838 et
2372 785 2456 839 sic
2486 783 2653 839 nobis
2680 782 2957 837 omnibus
3001 780 3234 853 negotia
3274 780 3590 836 facessens.
3621 779 3754 833 Jam

2093 874 2388 944 quomodo
2423 873 2568 928 alios
2609 872 2930 937 adoriatur,
2982 869 3179 926 sciunt
3226 868 3267 923 ii
3324 869 3427 940 qui
3485 883 3619 924 eum
3664 883 3758 923 er

2092 962 2238 1034 perti
2273 965 2431 1017 sunt.
2473 961 2563 1016 Me
2603 966 2799 1016 autem
2830 960 3005 1016 etiam
3040 957 3213 1015 morti
3244 958 3474 1013 tradere
3505 957 3707 1013 studet
3737 973 3750 1023 ;

2089 1057 2145 1107 et
2167 1052 2390 1106 dudum
2416 1053 2540 1122 jam
2567 1050 2677 1105 hoc
2707 1050 3065 1122 perfecisset,
3098 1046 3212 1102 nisi
3269 1049 3465 1119 aperte
3513 1061 3751 1101 causam

2091 1158 2283 1197 meam
2334 1140 2672 1201 defenderet
2702 1143 2875 1207 Deus,
2933 1137 3034 1211 qui
3077 1137 3381 1208 hucusque
3403 1151 3496 1191 me
3541 1150 3753 1207 super-

2089 1230 2286 1287 stitem
2316 1229 2575 1299 voluit,si
2609 1229 2753 1284 forte
2777 1228 2885 1283 mei
2900 1226 3171 1283 conscius
3191 1230 3447 1281 revertar
3467 1225 3536 1280 ad
3554 1224 3750 1296 ipsum

2087 1324 2263 1379 Quem
2296 1318 2557 1391 quotidie
2579 1318 2870 1384 deserere,
2891 1314 3037 1388 proh
3061 1314 3226 1370 dolor
3250 1314 3262 1369 ε
3296 1330 3414 1370 non
3446 1313 3749 1379 erubesco,

2158 1472 2243 1526 13.
2305 1475 2449 1525 Ecce
2505 1468 2684 1540 igitur
2764 1466 2937 1522 hodie
2980 1464 3314 1537 proscribor
3361 1464 3433 1520 ab
3489 1462 3644 1530 odio,
3694 1465 3754 1518 et

2084 1561 2308 1617 utinam
2342 1560 2414 1614 ab
2446 1558 2576 1613 odio
2621 1555 2946 1612 multorum
2976 1559 3034 1612 et
3061 1553 3381 1610 illustrium
3411 1553 3425 1608 l
3460 1555 3525 1608 ut
3555 1551 3748 1608 sciens

2085 1668 2177 1707 me
2207 1649 2486 1705 omnibus
2519 1646 2771 1702 invisum
2813 1661 2963 1711 esse,
3004 1648 3106 1700 aut
3121 1643 3493 1699 defenderem
3526 1629 3750 1709 me,aut

2081 1756 2112 1796 e
2142 1738 2334 1794 medio
2358 1737 2661 1808 digressus
2690 1733 2934 1790 laterem
2978 1748 3084 1789 nec
3115 1731 3329 1788 alicubi
3379 1746 3741 1803 apparerem.

315 1818 599 1896 ἀμφαδόν.
660 1824 770 1879 Νῦν
833 1820 894 1878 δέ.
960 1823 1234 1899 ἄνθρωποι
1312 1822 1522 1886 οὐδένες
1601 1823 1958 1880 ἐπανίστανται

2080 1829 2250 1884 Nunc
2278 1843 2412 1882 vero
2438 1823 2705 1880 homines
2728 1822 2947 1879 nullius
2973 1820 3127 1894 frugi
3177 1820 3239 1877 in
3271 1836 3365 1876 me
3422 1823 3743 1892 assurgunt

320 1892 430 1966 ξέν’
465 1910 583 1984 ἆμὶ,
644 1911 734 1966 καὶ
787 1910 1006 1989 λέγουσι
1178 1915 1332 1988 ψυχῇ
1369 1932 1493 1986 μου·
1530 1914 1648 1971 Οὐκ
1703 1912 1813 1969 ἔστι
1866 1936 1958 1969 σω-

2080 1922 2139 1974 et
2169 1916 2376 1973 animae
2410 1930 2549 1969 meae
2582 1912 2813 1968 dicunt:
2848 1911 2973 1967 Non
3005 1916 3095 1966 est
3150 1909 3313 1965 salus
3344 1909 3416 1974 ei,
3458 1925 3649 1980 neque
3682 1908 3739 1962 in

314 1998 491 2073 τηρία
533 2000 711 2072 αὐτῷ,
761 1996 885 2056 οὔτε
939 1998 991 2055 ἐν
1064 2005 1144 2073 τῷ
1201 2006 1320 2074 Θεῷ
1372 2001 1560 2070 αὐτοῦ,
1608 1998 1731 2058 οὔτε
1787 2002 1838 2058 ἐν
1890 2007 1958 2075 τᾷ

2085 2008 2196 2062 Deo
2227 2007 2376 2076 ejus,
2404 2019 2594 2075 neque
2616 2001 2677 2057 in
2709 2016 2862 2073 rege.
2912 1998 3141 2067 Audite,
3190 1999 3270 2054 mi
3324 2003 3479 2054 Deus
3531 2003 3588 2053 et
3656 1997 3738 2051 mi

319 2086 567 2163 βασιλεῖ.
618 2089 890 2159 Ἀκούετε,
941 2091 969 2144 ὁ
1019 2088 1274 2165 βασιλεύς
1307 2111 1412 2163 μου
1447 2092 1538 2145 καὶ
1586 2092 1615 2145 ὁ
1659 2089 1786 2154 Θεός
1842 2112 1971 2164 μου,

315 2178 407 2238 οἷς
468 2176 575 2251 ἐγώ
634 2176 890 2249 πέποιθα,
944 2183 1024 2250 τῷ
1078 2179 1172 2253 μὲν
1221 2179 1361 2234 κατά
1411 2184 1628 2255 πρῶτον
1674 2179 1835 2256 λόγον
1881 2180 1970 2236 καὶ

428 2266 440 2286 ῗ
517 2264 530 2283 ν
580 2266 592 2284 1
707 2266 721 2283 \
814 2265 827 2286 Ι
1002 2271 1029 2282 ~
1301 2268 1313 2288 ν
1389 2268 1402 2288 ἳ
1618 2268 1633 2287 \
1743 2270 1754 2290 ν
1829 2268 1842 2288 ν

308 2265 421 2319 καθ
472 2286 603 2320 αυτο
634 2287 724 2322 και
760 2287 938 2341 φυσει,
964 2288 1043 2339 τῳ
1089 2264 1148 2322 δὲ
1198 2288 1296 2339 μετ
1342 2269 1505 2324 αυτὸν
1545 2289 1635 2324 και
1685 2266 1734 2324 δι
1785 2269 1966 2325 αυτόν.

316 2352 432 2409 Καὶ
467 2354 599 2427 μὴν,
627 2352 672 2408 ὦ
727 2354 918 2432 ἐχθροί
980 2377 1107 2428 μου,
1150 2357 1179 2411 ὁ
1210 2358 1287 2419 εἴς
1344 2357 1435 2412 καὶ
1484 2359 1536 2412 οἱ
1593 2355 1710 2431 δύο,
1743 2359 1795 2413 οἱ
1835 2359 1969 2434 πρό-

314 2463 486 2498 οπτοι
546 2443 753 2513 λαϊκοὶ,
786 2445 839 2499 οἱ
898 2442 1168 2520 γεννάδαι,
1227 2445 1318 2501 καὶ
1368 2447 1509 2522 ἱεροὶ
1564 2444 1620 2502 δὲ
1677 2444 1885 2520 ἄνδρες,
1918 2448 1969 2502 οἱ

311 2533 409 2586 καὶ
473 2531 601 2608 ῥᾷον
656 2533 977 2608 ἀριθμητοὶ,
1006 2536 1093 2590 καὶ
1141 2534 1267 2590 οὐδὲ
1318 2535 1369 2592 ἐν
1430 2535 1579 2612 λόγῳ
1607 2533 1804 2608 πολλῷ
1855 2535 1968 2592 κεί-

315 2640 500 2694 μενοι·
552 2621 911 2697 παράλληλοι
967 2622 1228 2693 τεθέντες,
1261 2624 1367 2700 ἐγώ
1403 2646 1462 2680 τε
1516 2627 1603 2681 καὶ
1661 2625 1836 2698 ὒμεῖς,
1871 2625 1970 2681 οὐκ

312 2709 381 2764 ἃν
410 2708 488 2773 εἰς
521 2709 696 2786 ῥοπὴν
726 2708 853 2782 ’ίσην
879 2710 1444 2787 ταλαντευθησόμεθα.

391 2856 475 2917 ιδ’.
534 2861 638 2917 Καὶ
715 2860 858 2917 οὕτω
937 2863 1031 2936 μὲν
1086 2861 1196 2931 ἐγὼ
1256 2864 1679 2938 ξενηλατοῦμαι,
1735 2865 1809 2927 ὡς
1870 2865 1968 2921 οὐκ

308 2949 512 3025 ἐχρῆν,
547 2946 638 3005 διὰ
698 2954 858 3023 μῖσος
916 2951 1020 3007 οὐκ
1070 2953 1282 3027 ἀγαθῶν
1342 2950 1577 3029 ἀνδρῶν,
1620 2955 1687 3008 τὰ
1738 2955 1833 3027 μὲν
1887 2953 1964 3017 εἷς

307 3038 666 3113 ἁνθρωπικήν
747 3036 978 3104 διάθεσιν
1053 3040 1343 3116 ἀγροίκων,
1403 3044 1732 3117 σοφωτάτων
1787 3040 1844 3098 δὲ
1899 3045 1966 3099 τὰ

308 3126 391 3190 εἰς
451 3128 718 3201 θηριακὴν
777 3130 864 3184 καὶ
936 3131 1050 3184 οἷαν
1125 3129 1405 3208 φεύγεσθαι
1480 3131 1626 3202 παρά
1687 3136 1792 3187 τῶν
1848 3134 1964 3187 κατ’

2082 2113 2198 2166 rex,
2230 2096 2287 2150 in
2332 2093 2550 2166 quibus
2606 2089 2883 2146 ﬁduciam
2915 2087 3212 2155 collocavi,
3269 2087 3327 2141 in
3361 2086 3460 2142 illo
3492 2086 3733 2156 quidem

2079 2186 2151 2240 ab
2174 2184 2340 2240 initio
2370 2187 2426 2238 et
2455 2197 2559 2254 per
2581 2197 2644 2236 se
2673 2183 2731 2236 et
2760 2183 2982 2234 naturae
3039 2176 3466 2243 convenienter,
3532 2174 3593 2229 in
3626 2174 3735 2229 hoc

2077 2278 2271 2330 autem
2303 2276 2434 2344 post
2464 2269 2635 2325 illum
2665 2271 2722 2324 et
2752 2271 2992 2340 propter
3047 2265 3235 2322 illum.
3297 2269 3412 2319 Vos
3451 2269 3668 2331 autem,
3703 2280 3734 2318 ο

2080 2362 2306 2419 inimici
2337 2359 2576 2431 mei,qui
2607 2358 2700 2414 vix
2748 2356 3038 2413 binarium
3094 2372 3406 2410 numerum
3438 2353 3735 2417 exceditis,

2078 2470 2180 2509 vos
2209 2451 2341 2507 laici
2373 2449 2540 2523 probi
2575 2464 2724 2520 quos
2751 2451 2925 2503 antea
2956 2445 3113 2513 novi,
3145 2450 3201 2500 et
3249 2444 3352 2499 viri
3387 2442 3539 2498 sacri
3571 2441 3739 2498 facile

2081 2540 2431 2599 numerandi
2461 2554 2568 2595 nec
2599 2537 2798 2610 magni
2830 2535 3100 2603 faciendi,
3152 2535 3201 2589 si
3235 2551 3340 2589 nos
3370 2549 3561 2588 coram
3594 2548 3736 2587 con-

2078 2631 2417 2698 stituemur,
2449 2644 2555 2701 ego
2587 2626 2868 2683 nimirum
2886 2630 2945 2681 et
2973 2641 3096 2694 vos,
3120 2641 3234 2679 non
3269 2622 3389 2695 pari
3426 2623 3590 2677 lance
3615 2625 3736 2677 tru-

2076 2718 2419 2775 tinaliimur.

2148 2871 2233 2926 14.
2265 2873 2333 2925 Et
2363 2869 2448 2925 sic
2478 2867 2751 2939 equidem
2781 2865 2840 2920 in
2872 2862 3137 2920 exsilium
3199 2862 3417 2931 mittor,
3480 2861 3565 2916 uti
3613 2878 3732 2918 non

2074 2959 2334 3027 decebat,
2358 2975 2461 3030 per
2490 2957 2689 3012 odium
2711 2956 2970 3009 virorum
3002 2952 3155 3007 haud
3187 2950 3597 3021 bonorum,qui
3623 2950 3731 3005 hu-

2078 3047 2377 3104 manitatis
2412 3063 2650 3119 prorsus
2681 3046 2945 3115 expertes
2978 3040 3337 3114 propendent
3385 3039 3439 3094 in
3478 3039 3729 3096 ferarum

2075 3141 2431 3203 naturam,et
2464 3150 2713 3206 quorum
2747 3131 3173 3188 immanitatem
3190 3129 3359 3185 amici
3386 3129 3499 3185 mei
3522 3128 3731 3185 timore

306 3213 410 3288 ἐμὲ
443 3211 660 3270 δειλῶνε
698 3217 757 3279 ’ὸς
785 3217 874 3272 καὶ
905 3214 1109 3273 ἄλλοτε
1136 3220 1440 3295 καρχάροις
1480 3218 1698 3283 τούτοις
1745 3221 1958 3296 θηρίοις

307 3324 536 3326 θυμέ.
696 3305 711 3325 κ
850 3307 864 3326 ,
905 3305 1017 3326 λυ
1072 3306 1094 3326 ..
1192 3304 1217 3326 δ
1404 3312 1431 3323 η
1558 3310 1614 3326 ρ-.
1688 3314 1712 3325 ..
1796 3306 1839 3326 με
1926 3311 1941 3326 ν

2074 3226 2325 3298 perculsi
2361 3226 2628 3297 fugiunt;
2662 3238 2789 3295 ego,
2823 3218 3198 3291 inquam,qui
3222 3219 3347 3288 jam
3379 3217 3725 3285 semel,cum

302 3305 778 3380 περιτετυχηκὼς,
839 3305 1131 3377 ἀπήλλαξα
1189 3304 1494 3383 δυστυχῶς.
1558 3310 1738 3381 Ὑμεῖς
1793 3306 1868 3378 δὲ,
1912 3311 1957 3363 ὠ

306 3389 565 3467 ἀδελφοὶ,
594 3392 712 3448 ἐπεὶ
761 3392 961 3465 ἔξεστιν
1013 3395 1141 3469 ὑμῖν
1189 3397 1497 3470 ἀνθρώποις
1548 3397 1706 3462 εἶναι,
1744 3397 1833 3451 καὶ
1893 3397 1955 3452 οὐ

305 3481 546 3556 θηρίοις,
579 3483 666 3538 καὶ
702 3482 911 3561 φίλοις,
938 3481 1131 3539 οὔκουν
1161 3481 1219 3539 δὲ
1264 3483 1506 3561 ἐχθροῖς,
1538 3487 1629 3540 καὶ
1679 3490 1811 3542 Θεοῦ
1858 3487 1954 3562 ἀγ-

302 3567 515 3644 γξλοις,
548 3570 611 3626 οὐ
663 3572 770 3646 μὴν
821 3578 1111 3647 πονηροῖς,
1142 3571 1295 3651 ἔχετε
1341 3574 1430 3629 τὸν
1479 3579 1605 3629 νοῦν
1654 3575 1789 3651 πρὸς
1831 3576 1956 3648 ὑμῖν

305 3657 518 3726 αὐτοῖς,
577 3659 667 3716 καὶ
726 3658 1006 3717 ἐκκλίνατε
1060 3663 1157 3725 τὰς
1210 3657 1433 3738 τρίϐους
1490 3662 1663 3718 αὐτῶν
1722 3665 1952 3740 τρεχόν-

303 3768 416 3803 των
474 3749 550 3811 είς
606 3749 819 3821 κακίαν,
877 3749 966 3806 καὶ
1019 3752 1095 3825 μὴ
1164 3751 1627 3828 εὖθυπορούντων,
1680 3752 1950 3827 ἐσομένων

305 3834 364 3893 δὲ
416 3837 682 3893 τοιούτων
735 3838 824 3895 καὶ
858 3839 1048 3910 εἰσαεὶ,
1089 3841 1163 3903 ὡς
1201 3838 1311 3896 ἔστι
1360 3842 1735 3918 τεκμαίρεσθαι
1793 3844 1949 3918 ἀκρι-

305 3921 440 3990 ϐῶς.
474 3926 580 3990 Οῦς
610 3928 713 4003 γὰρ
745 3930 779 3998 ἡ
811 3927 1087 3997 πολυετὴς
1121 3927 1441 3985 διδασκαλία
1482 3931 1572 3986 καὶ
1612 3934 1646 4002 ἡ
1697 3930 1775 3987 ἐπ’
1814 3932 1948 4006 αὐτῇ

302 4018 661 4092 πραγματικὴ
726 4015 954 4091 μέθοδος
1012 4019 1114 4073 οὐκ
1171 4018 1430 4096 ἐνήγαγεν
1481 4020 1557 4085 εἰς
1583 4022 1645 4076 τὸ
1677 4021 1946 4093 ποθούμε-

299 4127 392 4159 νον
454 4108 591 4178 ἡμῖν
639 4108 935 4180 (ποθοῦμεν
995 4103 1052 4160 δὲ
1109 4107 1200 4161 σὺν
1262 4113 1379 4181 Θεῷ
1434 4110 1532 4179 τῆν
1590 4112 1706 4166 κατ’
1744 4110 1946 4165 ἐκεῖνον

298 4194 557 4270 ἀγπὶπην),
619 4194 701 4256 τίς
759 4194 819 4249 ἃν
875 4193 1227 4271 ἐγγυήσηται,
1286 4197 1459 4272 ἀκαρῆ
1528 4194 1946 4272 μεταϐαλέσθαι,

299 4285 374 4345 ὡς
425 4290 528 4353 τῆς
586 4281 963 4360 πολυχρονίου
1018 4283 1207 4347 κακίας
1282 4287 1697 4357 ἀποστήσεσθαι,
1744 4288 1947 4363 ἀνθρώ-

301 4393 441 4435 πους
503 4373 702 4434 αὐτοὺς
774 4370 1256 4448 ἐλλαμπομένους,
1316 4375 1361 4429 εἰ
1418 4376 1575 4430 κακοὶ
1626 4378 1952 4454 προφαίνον-

301 4482 411 4532 ται,
452 4461 541 4515 καὶ
600 4460 680 4524 εἷς
744 4459 865 4537 βίου
921 4461 1052 4516 αὖτὸ
1106 4458 1382 4539 ἁϐρότητα
1432 4462 1834 4543 ἐγγράφοντας·
1866 4469 1948 4528 οἷς

302 4547 395 4604 διὰ
476 4547 720 4620 σπουδῆς
788 4545 1203 4627 ἀνυπερϐλήτου
1274 4552 1500 4630 γίνεται,
1565 4554 1655 4609 καὶ
1732 4554 1946 4630 ἑτέρους

2068 3315 2127 3370 in
2159 3314 2294 3370 illas
2328 3315 2474 3369 feras
2507 3312 2724 3368 bestias
2772 3309 3135 3372 incidissem,
3166 3324 3316 3379 aegre
3374 3323 3473 3361 eas
3527 3306 3723 3378 effugi.

2069 3403 2184 3458 Vos
2207 3407 2421 3469 autem,
2456 3419 2487 3455 o
2522 3402 2749 3469 fratres,
2772 3396 3252 3470 quandoquidem
3282 3394 3450 3450 vobis
3473 3393 3725 3452 licetbo-

2070 3492 2256 3546 mines
2287 3507 2437 3555 esse,
2472 3506 2586 3545 non
2623 3489 2772 3557 ferae,
2823 3486 3017 3554 amici,
3074 3501 3189 3539 non
3236 3483 3483 3549 inimici,
3529 3482 3721 3555 angeli

2066 3579 2273 3650 divini,
2308 3596 2419 3634 non
2453 3577 2612 3643 mali,
2642 3575 2933 3632 vobismet
2962 3573 3109 3646 ipsis
3166 3571 3466 3638 attendite,
3517 3575 3575 3626 et
3617 3571 3720 3626 de-

2066 3668 2278 3724 clinato
2309 3686 2341 3724 a
2372 3667 2586 3722 semita
2614 3666 2847 3721 illorum
2899 3665 2996 3733 qui
3029 3680 3232 3719 versus
3262 3659 3553 3717 malitiam
3584 3664 3716 3715 ten-

2063 3758 2213 3813 dunt
2242 3773 2346 3813 nec
2378 3762 2534 3811 recta
2562 3756 2654 3810 via
2706 3754 3049 3827 procedunt,
3117 3751 3216 3822 qui
3265 3753 3439 3806 erunt
3485 3765 3718 3822 semper

2060 3845 2260 3914 iidem,
2292 3851 2357 3900 ut
2386 3845 2660 3917 augurari
2692 3843 2845 3899 licet.
2889 3843 3042 3907 Quos
3088 3839 3244 3897 enim
3296 3839 3507 3894 diurna
3534 3837 3711 3894 disci-

2062 3934 2222 4007 plina
2252 3936 2421 4007 eique
2453 3933 2770 3989 conformis
2802 3930 3094 3987 institutio
3137 3947 3250 3985 non
3311 3927 3583 4000 perduxit
3638 3928 3708 3982 ad

2055 4022 2115 4081 id
2160 4026 2313 4097 quod
2346 4042 2451 4080 nos
2478 4021 3329 4094 desideramus(desideramus
3360 4020 3553 4072 autem
3578 4032 3712 4071 cum

2060 4116 2174 4171 Deo
2205 4113 2384 4169 simul
2414 4113 2754 4168 eharitatem
2789 4110 3092 4180 divinam),
3145 4108 3277 4179 quis
3335 4105 3716 4179 spoponderit

2058 4221 2157 4259 eos
2191 4220 2305 4258 uno
2338 4201 2618 4273 temporis
2651 4203 2945 4255 momento
2975 4198 3055 4253 ita
3112 4198 3491 4252 immutatum
3522 4194 3616 4264 iri,
3650 4198 3715 4249 ut

2061 4293 2130 4349 ab
2165 4293 2483 4348 inveterata
2515 4289 2877 4361 malignitate
2908 4288 3213 4356 desistant,
3274 4285 3565 4358 siquidem
3614 4284 3712 4338 ubi

2062 4380 2201 4437 mali
2231 4385 2532 4453 apparent,
2563 4395 2691 4433 sese
2723 4377 2999 4433 excellere
3031 4380 3087 4431 et
3143 4375 3391 4448 gloriam
3431 4373 3567 4428 inde
3597 4372 3715 4427 adi-

2061 4470 2203 4543 pisci
2239 4470 2601 4543 Opinantur?
2636 4474 2785 4524 Sane
2818 4466 3072 4522 maximo
3104 4465 3299 4521 studio
3359 4463 3416 4517 in
3465 4461 3575 4516 hoc
3623 4461 3711 4514 in-

2060 4560 2367 4621 cumbunt.
2416 4563 2480 4614 ut
2520 4558 2666 4613 alios
2701 4573 2932 4627 quoque
2982 4555 3041 4610 in
3098 4552 3318 4626 peccati
3374 4549 3710 4606 societatem

301 4639 625 4694 ἐπισπᾶσθαι
682 4638 818 4716 πρὸς
875 4641 1253 4716 ἁμαρτητικὴν
1313 4641 1642 4715 ὁμοιότητα’
1677 4642 1768 4698 ἵνα
1820 4666 1943 4721 συγ-

2074 4647 2447 4717 )el1iciant,ut
2473 4648 2629 4702 velut
2651 4647 2704 4699 in
2727 4646 3007 4717 legionem
3038 4638 3713 4714 conglomeratiinvictos

298 4727 654 4802 κροτηθέντες
710 4729 785 4792 ὡς
846 4727 922 4791 εἷς
982 4727 1239 4805 λεγεῶνα,
1297 4737 1610 4787 κατασταῖεν
1667 4733 1945 4808 ἀπρόσμαο

298 4836 419 4893 χοι,
481 4816 682 4896 φαῦλαι
753 4815 1009 4896 κεφαλαὶ,
1065 4818 1163 4874 οὐκ
1238 4819 1459 4895 ἀγαθοῖς
1527 4819 1943 4895 ἐπιστησόμεναι

298 4907 537 4978 σώμασι,
586 4905 982 4983 φαλαγγάρχαι
1027 4913 1279 4981 στρατιᾶς
1329 4908 1394 4963 οὐ
1439 4914 1554 4983 Θεῷ
1597 4909 1788 4989 φίλης,
1831 4908 1944 4966 οὐδ’

298 4992 450 5051 αὐτοὶ
507 4994 724 5071 ἀγαθοὶ,
785 4997 867 5058 οἷς
919 4997 953 5051 ἀ
1014 4996 1090 5070 μὴ
1163 4998 1590 5073 συνταττόμενος
1667 4996 1944 5076 ἄνθρωπός

296 5081 407 5138 ἐστι
464 5088 562 5139 τοῦ
610 5087 763 5141 Θεοῦ.
799 5083 893 5139 Διὸ
946 5083 1196 5163 φευκτέον
1243 5087 1334 5142 καὶ
1394 5088 1532 5162 ὑμᾶς
1592 5090 1697 5145 ἀπὸ
1749 5091 1943 5153 παντὸς

292 5172 543 5229 τοιούτου
598 5174 893 5250 τάγματος,
955 5172 1278 5253 ὀφείλοντας
1350 5174 1572 5244 εἰδέναι,
1629 5182 1704 5241 ὡς
1755 5176 1946 5252 δαιμο-

294 5267 452 5318 νῶσιν
531 5264 582 5317 οἱ
652 5263 788 5318 κατὰ
859 5264 961 5332 τῆς
1036 5264 1249 5338 ἀγάπης
1326 5265 1635 5325 ἀντίπαλοι.
1714 5271 1945 5340 Μήποτε

297 5348 355 5406 δὲ
412 5353 503 5407 καὶ
559 5351 912 5429 ὑπερπαίουσι
969 5354 1069 5422 τὴν
1126 5350 1404 5428 δαιμόνιον
1464 5356 1673 5415 κακίαν.
1709 5359 1785 5416 Οὐ
1842 5359 1941 5434 γᾶρ

298 5442 462 5503 κακὸς
510 5440 703 5505 ἁπλῶς
762 5444 790 5496 ὁ
848 5441 995 5497 οὕτω
1055 5443 1220 5505 κακὸς
1281 5440 1584 5521 ἅνθρωπος,
1639 5446 1785 5503 ἀλλά
1837 5469 1941 5503 που

297 5529 387 5584 καὶ
445 5530 578 5607 ὑπὲρ
636 5531 794 5587 αὐτὸν
846 5529 1096 5605 δαίμονα.
1169 5531 1440 5607 Εὕρηνται
1520 5533 1611 5591 οὖν
1680 5534 1942 5613 λογισμοὶ

299 5620 559 5696 πονηροὶ,
618 5619 709 5683 οὓς
756 5618 966 5695 δαίμων
1028 5621 1124 5695 μὲν
1182 5620 1281 5677 odit
1351 5620 1487 5701 ἔφθη
1546 5619 1939 5701 προϐαλέσθαι,

302 5708 581 5784 ἄνθρωπος
613 5706 671 5766 δὶ
698 5711 939 5784 πονηρὸς
968 5704 1307 5784 προύϐάλετο
1339 5709 1421 5767 ἄν.

2054 4756 2116 4793 se
2129 4732 3030 4807 exhibeant,malacapita,malis
3051 4731 3331 4804 imposita
3347 4728 3707 4801 corporibus.

2053 4828 2232 4883 duces
2254 4826 2544 4883 exercitus
2567 4825 2682 4880 Deo
2701 4841 2810 4879 non
2840 4822 3122 4889 dilecti,et
3143 4820 3257 4893 ipsi
3279 4820 3433 4875 haud
3456 4818 3713 4888 boni,ut-

2055 4920 2187 4988 pote
2201 4915 2556 4987 quibuscum
2577 4912 2751 4968 homo
2769 4912 2868 4968 Dei
2886 4911 2963 4966 nil
2996 4900 3307 4966 commune
3321 4908 3711 4973 habet.Quare

2053 5000 2155 5060 vos
2175 5020 2409 5076 quoque
2431 5019 2664 5058 omnem
2685 5000 2974 5073 ejusmodi
2990 4999 3328 5056 societatem
3346 4996 3595 5054 aversari
3613 4997 3711 5052 de-

2057 5092 2226 5161 betis,
2259 5093 2409 5148 bene
2438 5091 2712 5159 scientes,
2746 5088 3049 5145 charitatis
3080 5087 3350 5144 inimicos
3408 5105 3442 5143 a
3480 5085 3711 5143 diabolo

2055 5182 2327 5239 obsessos
2358 5181 2561 5237 teneri.
2598 5183 2669 5235 Ac
2727 5179 3152 5253 propemodum
3206 5177 3489 5233 daemonis
3536 5174 3714 5231 mali-

2056 5271 2197 5326 tiam
2231 5270 2722 5343 superant.Homo
2755 5268 2910 5324 enim
2946 5268 3028 5324 sic
3061 5267 3253 5323 malus
3285 5284 3400 5322 non
3427 5263 3712 5336 simplici-

2052 5364 2139 5416 ter
2170 5360 2362 5416 malus
2393 5364 2501 5425 est,
2535 5360 2634 5415 sed
2667 5358 2827 5430 pejor
2857 5357 2983 5429 ipso
3015 5356 3298 5412 daemone.
3367 5355 3517 5411 Sunt
3554 5353 3712 5409 enim

2054 5466 2241 5523 pravae
2272 5448 2651 5522 cogitationes
2684 5464 2850 5520 quas,
2884 5448 3018 5503 licet
3048 5447 3273 5502 daemon
3299 5462 3415 5502 non
3455 5445 3715 5519 protule-

2054 5540 2129 5595 rit
2158 5555 2372 5612 pravus
2404 5542 2598 5595 tamen
2619 5537 2794 5594 homo
2828 5537 3082 5610 proferre
3111 5536 3269 5593 haud
3301 5542 3549 5595 recusat.
