4136 6210
414 367 570 428 1043

1187 366 1609 430 EUSTATHII
1654 360 2420 427 THESSALONICENSIS
2466 360 3053 424 METROPOLITE

3682 362 3843 425 1044

487 501 574 555 15.
630 500 697 555 Et
751 499 849 556 hic
907 499 1246 556 meditanda
1275 515 1402 571 qua
1433 503 1754 555 narrantur
1790 497 1862 554 de
1891 497 2064 552 beata

2249 494 2331 549 ιε’.
2367 494 2469 549 Καὶ
2520 492 2848 568 ἐνθυμητέον
2901 492 3133 557 ἐνταῦθα
3185 492 3253 548 τὰ
3303 494 3439 550 κατὰ
3497 494 3603 563 τὴν
3668 515 3845 567 μακα-

414 589 878 662 Theodora,quze
910 605 972 645 se
1003 605 1134 645 esse
1156 588 1487 644 masculum
1522 587 1820 645 simulavit
1840 589 1898 642 et
1918 584 2073 657 apud

419 682 659 736 sanctos
689 679 850 735 viros
880 678 1044 747 vixit,
1078 678 1524 750 monasticaque
1546 678 1621 734 'in
1662 677 1778 733 vita
1799 674 2066 733 decessit.

424 771 618 842 Ipsam
651 769 807 825 enim
838 772 896 825 et
924 768 1070 825 alias
1092 773 1381 841 quotquot
1415 786 1639 826 morem
1680 769 1954 825 eumdem
1990 782 2076 822 se-

2183 582 2300 656 ρίαν
2360 579 2668 659 Θεοδώρσν,
2696 584 2800 652 τήν
2861 583 3297 659 ὑποκριναμένην
3351 583 3443 639 τὸν
3498 581 3725 660 ἄῤῥενα,
3754 587 3846 638 καὶ

2180 669 2433 746 ἀνδράσιν
2492 671 2669 747 ἁγίοις
2722 666 3209 747 συμϐιοτεύσασαν,
3264 671 3355 728 καὶ
3422 671 3846 737 συντελειώθεῖ-

2182 782 2274 816 σαν
2340 765 2680 837 μοναχικῶς.
2740 759 2986 832 Ἐκείνην
3044 760 3146 837 γάρ
3203 761 3293 816 καὶ
3337 761 3432 823 τὰς
3484 759 3690 834 ἄλλας,
3723 761 3849 816 Sui

423 864 688 932 quuntur
718 858 931 931 (multis
963 863 1157 915 autem
1191 859 1325 932 illae)
1346 860 1591 932 iniquus
1619 859 1796 916 homo
1829 856 2076 914 faciliter

2199 850 2298 905 ιατ’
2326 849 2493 920 αὐτὴν
2522 849 2749 923 (πολλοὶ
2783 847 2842 905 δὲ
2894 849 3141 923 ἐκεῖναι),
3170 851 3337 912 κακὸς
3392 850 3487 923 μὶν
3551 851 3851 924 ἄνθρωπος

424 949 771 1007 avertendae
799 966 833 1004 a
854 952 1055 1005 sancto
1087 949 1321 1022 agmine
1350 950 1410 1005 in
1434 954 1628 1006 mente
1660 948 1886 1014 habuit,
1919 947 1969 1003 si
2000 946 2072 1001 ab

424 1039 537 1095 ista
566 1037 864 1093 communi
888 1038 1009 1094 vita
1038 1038 1664 1111 etvirtutibusquaaibi
1691 1036 1965 1092 coluntur
1976 1051 2076 1090 eas

426 1126 761 1182 deterreret.
824 1130 1098 1183 Perverse
1151 1127 1309 1182 enim
1396 1131 1762 1199 compertum
1827 1125 2072 1191 habens,

427 1214 704 1271 mulieres
737 1232 864 1288 quis
923 1215 1033 1271 viri
1092 1233 1305 1272 nomen
1370 1233 1482 1290 prae
1538 1233 1603 1272 se
1643 1218 1857 1287 ferunt,
1917 1214 2074 1288 apud

426 1301 584 1360 solos
606 1303 826 1359 versari
848 1309 1097 1370 ascetas,
1130 1304 1286 1359 sicut
1340 1310 1398 1360 et
1439 1306 1700 1376 juvencie
1757 1305 1817 1359 in
1885 1304 2077 1359 medio

424 1392 625 1459 boum,
685 1391 745 1447 in
801 1398 1036 1448 sanctas
1069 1393 1345 1449 mulieres
1368 1393 1427 1447 in
1462 1393 1688 1448 ruinam
1712 1393 1863 1448 vires
1880 1410 2080 1465 sump-

423 1471 521 1527 sit.
553 1471 679 1527 Non
711 1472 868 1526 enim
900 1473 1000 1542 qui
1035 1472 1309 1528 mulieres
1342 1489 1473 1544 quae
1504 1474 1586 1529 sic
1616 1474 1889 1528 vixerunt
1948 1478 2080 1545 post

428 1565 679 1617 mortem
713 1560 1122 1631 laudaverunt,
1183 1562 1340 1617 vivas
1398 1563 1735 1635 permittere
1783 1562 1910 1617 ausi
1942 1563 2082 1618 sunt

429 1650 587 1722 apud
616 1649 778 1721 ipsos
810 1666 1068 1706 manere.
1103 1654 1166 1706 Et
1198 1651 1340 1706 talia
1372 1652 1609 1723 quidem
1656 1652 1897 1723 iniquus
1919 1652 2079 1722 cogi-

429 1740 594 1796 tavit.
630 1740 851 1796 Malitia
916 1757 1047 1796 vero
1104 1742 1502 1813 peritissimus
1548 1743 1660 1798 iste
1716 1742 1859 1797 inibi
1892 1741 2084 1797 simile

434 1828 657 1902 aliquid
683 1830 1106 1901 proﬁciendum
1131 1848 1245 1886 non
1278 1830 1505 1886 habuit.
1535 1833 1807 1886 Attamen
1821 1831 1935 1887 alia
1952 1831 2082 1887 abs-

433 1935 545 1991 que
584 1919 993 1975 adinventione
1024 1920 1248 1975 curavit
1276 1921 1572 1976 somnium
1613 1920 1819 1976 saltem
1846 1920 2084 1976 venera-

434 2007 863 2065 bilissimorum
902 2013 1227 2064 ascetarum
1281 2009 1517 2080 quidem
1577 2010 1972 2082 supervenire,
2031 2013 2088 2064 et

427 2097 693 2169 improbe
723 2113 1033 2171 suggerere
1067 2097 1224 2155 circa
1248 2097 1398 2154 hanc
1469 2098 1740 2155 et'illam
1795 2103 1855 2155 et
1910 2098 2085 2155 aliam

428 2191 692 2243 sanctam
727 2188 1135 2259 cogitationes,
1170 2189 1670 2261 quemadmodum
1730 2189 1870 2245 olim
1916 2188 2087 2244 Pilati

428 2292 668 2333 uxorem
695 2277 916 2345 docuit,
951 2294 1280 2350 suggerens
1338 2280 1614 2350 pessima,
1647 2278 1782 2334 licet
1815 2279 2091 2352 perﬁcere

426 2381 545 2420 non
578 2365 973 2422 valuerit.Nec
1002 2366 1087 2422 sic
1119 2367 1273 2438 quod
1308 2366 1829 2435 voluit,assecutus
1859 2374 1970 2437 est,
1986 2368 2087 2424 sed

424 2440 619 2526 latuit,
662 2458 726 2510 ut
755 2455 835 2510 ita
890 2455 1105 2522 dicam,
1166 2456 1317 2512 inter
1357 2462 1593 2512 sanctas
1655 2457 1911 2529 virgines
1958 2455 2090 2513 illas

421 2544 606 2604 electa
634 2543 770 2612 ista,
798 2548 923 2600 tum
959 2544 1280 2601 monachos
1312 2547 1412 2617 qui
1451 2563 1569 2602 una
1618 2546 1933 2618 degebant,
1967 2550 2090 2601 tum

426 2635 752 2691 daemonem
783 2633 1136 2705 malignum.

502 2813 590 2869 16.
623 2813 693 2868 Et
721 2812 928 2868 exinde
958 2812 1247 2884 suspicari
1279 2817 1389 2881 est,
1423 2814 1579 2869 sicut
1600 2829 1669 2869 ex
1700 2812 1834 2870 aliis
1864 2812 2092 2880 multis,

432 2902 592 2974 quod
607 2901 848 2973 iniquus
861 2901 1037 2957 homo
1052 2901 1370 2973 aliquando
1385 2904 1776 2958 etdaimonem
1792 2904 1984 2976 ipsum
2002 2920 2095 2959 su-

436 2994 603 3063 perct
626 2990 683 3043 in
714 2988 1124 3057 machinando,
1162 2990 1239 3045 ita
1261 2996 1326 3046 ut
1357 2991 1547 3046 dicere
1566 2991 1835 3061 possisin
1859 2990 1990 3047 istis
2022 2992 2094 3046 ab

433 3078 637 3151 iniquo
668 3078 908 3133 homine
945 3079 1268 3134 daemonem
1299 3080 1583 3151 superari.
1604 3079 1791 3143 Quare
1814 3097 1946 3149 ergo
1977 3097 2094 3135 non

435 3166 713 3225 vitandus
744 3167 821 3223 sit
851 3165 951 3238 qui
982 3167 1316 3223 istiusmodi
1348 3172 1437 3223 est
1471 3172 1527 3224 et
1558 3168 1628 3224 de
1658 3168 1891 3224 diabolo
1910 3166 2093 3223 insul-

2183 941 2327 1014 εἶχεν
2360 935 2421 993 ἃν
2452 936 2653 1014 ῥᾳδίως
2682 938 2989 1009 ἀποστῆσαι
3015 946 3117 1009 τῆς
3170 940 3321 1015 ἱερᾶς
3371 937 3607 1013 ἀγέλης,
3640 939 3688 993 εἰ
3745 941 3847 1009 τῆς

2187 1034 2303 1102 μετ’
2350 1028 2565 1083 ἐκείνων
2622 1023 2982 1101 συμϐιώσεως
3038 1027 3131 1083 καὶ
3184 1034 3285 1097 τῆς
3344 1027 3583 1083 ἐντεῦθεν
3646 1028 3848 1103 ἀρετῆς

2187 1117 2374 1180 αὐταῖς
2430 1116 2684 1175 ἐνεκότει.
2749 1115 3150 1189 Καταμηνύσας
3209 1118 3313 1192 γὰρ
3392 1113 3702 1189 δυσμενῶς,
3764 1117 3850 1173 ὅτι

2183 1212 2456 1283 γυναῖκες,
2498 1203 2694 1283 ἀνδρὸς
2741 1200 3194 1283 προϐεϐλημέναι
3227 1201 3427 1278 ὄνομα,
3458 1206 3584 1281 περὶ
3647 1206 3851 1278 μόνους

2185 1296 2457 1352 εἷλοῦνται
2514 1294 2641 1357 τοὺς
2693 1294 2954 1367 ἀσκητάς,
2987 1293 3116 1350 ὡσεὶ
3144 1294 3236 1349 καὶ
3267 1291 3535 1368 δαμάλεις
3587 1295 3647 1350 ἐν
3698 1294 3851 1368 μέσῳ

2187 1384 2413 1461 θατέρου
2443 1384 2631 1461 γένους
2669 1386 2831 1460 βοῶν,
2864 1385 3179 1458 ἠρίστευσεν
3223 1383 3283 1438 ἂν
3334 1384 3473 1439 κατὰ
3517 1388 3626 1438 τῶν
3679 1383 3852 1459 ἁγίων

2186 1480 2455 1550 γυναικῶν
2517 1474 2594 1536 εἷς
2653 1472 2953 1530 ἀπώλειαν.
3014 1474 3094 1531 Οὐ
3151 1474 3254 1549 γάρ
3312 1474 3366 1527 οἱ
3426 1473 3561 1546 μετὰ
3616 1472 3849 1528 θάνατον

2189 1564 2397 1628 ὲκείνας
2482 1563 2987 1639 ὑπερθαυμάσαντες
3069 1562 3214 1618 οὕτω
3294 1557 3663 1638 βεϐιωκυίας,
3721 1562 3856 1631 ἠνι-

2189 1674 2390 1729 σχοντο
2438 1652 2497 1707 ἂν
2559 1653 2732 1721 ζώσας
2789 1651 3001 1729 ἀφεῖναι
3062 1651 3240 1724 μένειν
3298 1652 3428 1727 παρ’
3483 1649 3694 1714 αὐτοῖς.
3748 1649 3855 1704 Καὶ

2190 1741 2333 1797 οὕτω
2384 1742 2478 1815 μὲν
2524 1741 2766 1817 πονηρός
2816 1761 2899 1804 τις
2947 1740 3006 1794 ἂν
3060 1737 3419 1813 μεθώδευσενο
3450 1740 3480 1794 6
3511 1737 3571 1794 δὲ
3596 1740 3702 1807 τήν
3753 1760 3857 1793 κα-

2189 1831 2306 1886 κίαν
2358 1829 2934 1904 ἔπιστημονικώτατος
2976 1826 3203 1883 ἐνταῦθά
3252 1849 3316 1903 γε
3371 1826 3471 1883 οὗκ
3520 1826 3656 1903 ἔσχε
3685 1825 3855 1904 σοφί-

2192 1920 2382 1985 σασθαί
2410 1941 2462 1974 τι
2497 1923 2773 1977 τοιοῦτον.
2805 1918 2908 1975 Καὶ
2945 1919 3020 1992 μή
3071 1918 3188 1993 εἶχε
3233 1914 3364 1992 δίχα
3418 1915 3858 1990 καταμηνύσεως

2192 2009 2433 2085 έτεροίας
2490 2004 2617 2083 ὄναρ
2675 2012 2810 2084 γοῦν
2843 2006 3125 2076 ἐπιστῆναι
3181 2010 3290 2061 τῶν
3340 2026 3447 2061 τινι
3499 2006 3850 2080 σεμνοτέρων

2196 2100 2465 2169 ἀσκητῶν,
2497 2096 2586 2152 καὶ
2616 2097 3004 2171 περιπονήρως
3036 2089 3337 2150 ὑποϐαλεῖν
3386 2095 3448 2149 τὸ
3495 2094 3638 2150 κατὰ
3683 2090 3855 2163 τῆσδε

2194 2188 2286 2242 καὶ
2320 2185 2529 2257 ἐκείνης
2561 2184 2651 2240 καὶ
2692 2182 2873 2255 ἄλλης
2902 2187 3002 2249 τῆς
3031 2182 3189 2259 ἁγίας
3233 2183 3440 2256 νόημα,
3473 2181 3665 2257 ὥσπερ
3720 2182 3858 2237 ποτε

2196 2276 2285 2332 καὶ
2315 2277 2414 2345 τήν
2445 2279 2675 2350 γυναῖκα
2696 2278 2792 2329 τοῦ
2822 2271 3065 2328 Πιλάτου
3122 2273 3409 2347 κατήχησε
3449 2272 3678 2348 πονηρᾶ
3728 2272 3861 2345 βου-

2200 2364 2556 2438 λευσάμενος,
2587 2362 2634 2418 εί
2662 2362 2752 2418 καὶ
2788 2359 2958 2435 μηδὲν
2992 2358 3209 2437 ἴσχυσεν
3260 2358 3594 2436 ἔμπρακτον.
3629 2358 3863 2431 Ἐποίη-

2198 2476 2256 2510 σε
2286 2451 2343 2509 δὶ
2375 2453 2529 2527 ὅμως
2564 2449 2719 2508 οὐδὲν
2768 2455 3040 2522 τοιοῦτον,
3068 2448 3215 2505 ἀλλὰ
3271 2446 3486 2519 ἔλαθεν,
3542 2449 3623 2511 ὡς
3684 2448 3865 2511 οὕτως

2199 2543 2391 2611 εἷ’πεῖν,
2426 2544 2461 2611 ἡ
2492 2545 2600 2596 τῶν
2658 2540 2826 2616 ἁγίων
2876 2539 3087 2595 ἱκείνων
3139 2543 3408 2614 γυναικῶν
3451 2536 3648 2616 λογὰς,
3677 2536 3864 2610 ὥσπερ

2199 2632 2328 2695 τοὺς
2358 2630 2825 2705 συμμονάζοντας,
2859 2628 3004 2685 οὕτω
3057 2628 3148 2684 καὶ
3204 2627 3296 2683 τὸν
3354 2626 3453 2694 τῆς
3484 2626 3681 2689 κακίας
3739 2626 3867 2682 ἑπό-

2203 2741 2346 2789 πτην
2379 2717 2635 2792 δαίμονα.

2275 2810 2362 2872 ις’.
2394 2808 2495 2863 Καὶ
2529 2804 2647 2862 ΐδοὺ
2700 2804 2809 2862 ἔστι
2866 2805 3167 2875 κάντεῦθεν,
3201 2803 3382 2880 ὥσπερ
3428 2803 3519 2859 καὶ
3572 2802 3627 2876 ἐξ
3675 2802 3866 2859 ἄλλων

2200 2895 2453 2969 πολλῶν,
2517 2896 2947 2966 ὑπονοήσασθαι,
3004 2895 3079 2956 ὡς
3149 2895 3178 2948 6
3237 2893 3482 2967 πονηρὸς
3568 2889 3866 2967 ἅνθρωπος

2203 2987 2427 3064 ἐνιαχοῦ
2477 2985 2568 3041 καὶ
2619 2985 2752 3061 ὑπὲρ
2800 2983 2961 3039 αὐτὸν
3017 2980 3253 3056 δαίμονα
3308 2976 3600 3037 ἑπιϐάλλει
3661 2987 3866 3058 τεχνᾶ-

2206 3090 2350 3152 σθαι,
2378 3075 2471 3130 ’ἱνα
2526 3096 2607 3137 τις
2653 3072 2941 3147 τολμήσας
3000 3070 3131 3147 ipsi,
3164 3071 3240 3134 ὡς
3299 3070 3352 3126 ἐν
3411 3075 3530 3132 τοῖς
3586 3068 3866 3131 τοιούτοις

2210 3164 2390 3243 βραχύ
2414 3186 2467 3219 τι
2498 3165 2527 3219 6
2559 3160 2768 3236 δαίμων
2818 3165 2916 3216 τοῦ
2964 3162 3211 3234 πονηροῦ
3268 3158 3557 3232 ἀνθρώπου
3608 3157 3869 3243 ἠλάττω-

431 3255 726 3316 tandum?
759 3234 1134 3330 «Tu,inquit,
1168 3262 1435 3313 conteres
1457 3262 1651 3330 caput,
1686 3259 1815 3330 ejus
1841 3262 1856 3295 ί
1885 3281 1912 3308 ››
1938 3258 2087 3313 idest

2205 3234 2316 3311 ται.
2341 3234 2499 3310 *Διατί
2532 3251 2622 3307 οὖν
2661 3252 2735 3325 μὴ
2768 3249 3021 3329 φευκτέον
3054 3252 3145 3304 τὸν
3192 3246 3339 3302 οὕτω
3382 3247 3472 3302 καὶ
3529 3251 3633 3302 τού
3685 3242 3869 3303 διαϐό-

429 3346 805 3420 serpentis,et
830 3344 989 3417 ille,o
1015 3345 1555 3415 homo,ca1caneum
1578 3348 1841 3404 tuum.Et
1860 3348 2087 3421 iniquus

2212 3343 2315 3400 λου
2348 3339 2489 3398 ἔστιν
2525 3341 2585 3396 οὗ
2629 3339 3171 3415 κατακαυχώμενον;
3208 3361 3230 3388 ε
3265 3335 3364 3410 Σὺ,
3403 3360 3432 3389 n
3483 3335 3645 3414 φησὶ,
3704 3357 3729 3387 ε
3775 3358 3871 3407 τη-

440 3438 639 3502 homo,
674 3434 1013 3491 calcaneum
1038 3434 1321 3490 sortitum
1356 3433 1590 3506 quidem
1635 3434 1921 3507 respicere
1950 3435 2099 3511 sino,

434 3526 536 3582 sed
566 3525 734 3595 cujus
765 3524 838 3579 ad
879 3528 1055 3595 caput
1077 3523 1203 3580 vult
1235 3523 1805 3596 tendere,ipsiusque
1832 3524 1995 3581 elata:
2014 3525 2099 3580 di-

434 3614 570 3669 vine
601 3612 774 3667 dictis
807 3611 1181 3683 laudibus,ut
1221 3613 1279 3667 in
1313 3614 1761 3669 ostentationem
1796 3630 2100 3686 secompo—

442 3706 565 3758 nat.
593 3700 789 3757 Fuerit
822 3717 959 3773 ergo
993 3718 1271 3770 magnum
1306 3701 1449 3757 illud
1486 3707 1661 3773 caput
1698 3719 1911 3758 sanum
1942 3720 2097 3760 cere-

440 3792 617 3847 brum
649 3806 763 3845 non
793 3789 1090 3860 sortitum,
1120 3790 1237 3846 nisi
1269 3789 1573 3845 declinans
1608 3790 1677 3845 ab
1726 3790 1929 3863 iniquo
1985 3793 2099 3850 isto

444 3882 712 3952 serpente
742 3882 970 3934 caveret
992 3896 1004 3944 ;
1025 3878 1316 3951 siquidem
1332 3883 1387 3935 et
1406 3882 1744 3935 constantes
1756 3877 1950 3936 animo
1969 3880 2095 3951 viri,

442 3971 735 4040 quotquot
765 3968 984 4038 experti
1018 3974 1158 4024 sunt
1189 3972 1489 4040 serpentes
1535 3968 1687 4024 saltu
1720 3968 1907 4041 primo
1928 3973 2098 4042 quasi

440 4057 703 4113 volantes
734 4057 959 4130 sagittzr
995 4057 1182 4113 instar
1210 4062 1265 4113 et
1303 4056 1361 4113 in
1398 4058 1603 4113 faciem
1635 4058 2097 4127 irruentes,cum

442 4144 561 4200 tale
592 4144 812 4200 animal
843 4145 1064 4199 aerium
1100 4145 1300 4200 vident
1332 4151 1394 4200 ut
1427 4146 1682 4219 pessime
1725 4146 1873 4202 solet
1896 4147 2097 4203 volan-

443 4231 863 4299 tem,excubias
902 4232 1122 4288 habent
1158 4238 1215 4290 et
1244 4251 1346 4305 pro
1374 4234 1518 4290 facie
1541 4242 1595 4291 et
1628 4252 1730 4307 pro
1763 4235 1987 4309 reliquo
2004 4254 2098 4292 ca-

442 4322 582 4395 pite,
615 4336 719 4377 nec
758 4321 1034 4379 manibus
1074 4327 1328 4390 tantum,
1379 4326 1480 4380 sed
1511 4334 1559 4381 et
1601 4325 1887 4382 districtis
1918 4327 2099 4382 armis

441 4410 659 4484 quibus
688 4415 745 4467 et
774 4411 1254 4484 appropinquans
1268 4412 1454 4468 bestia
1475 4412 1533 4467 in
1555 4414 1746 4469 frusta
1772 4415 2101 4473 secatur.Et

442 4501 558 4557 ista
595 4500 831 4573 quidem
873 4501 944 4556 ab
975 4501 1309 4573 integritate
1327 4519 1443 4558 una
1472 4505 1528 4558 in
1563 4507 1756 4575 partes
1787 4503 2097 4574 scinditur,

2210 3435 2395 3508 ρήσεις
2442 3428 2687 3509 κεφαλὴν
2733 3427 2920 3497 αὐτοῦ,
2954 3450 2982 3480 υ
3012 3431 3110 3482 τοῦ
3163 3421 3339 3504 ὄφεως
3398 3422 3645 3496 δηλαδὴ.
3675 3430 3740 3483 '0
3789 3423 3864 3497 δὲ,

2209 3521 2253 3576 ὥ
2312 3521 2584 3595 ἄνθρωπε,
2632 3518 2859 3593 πτέρναν
2894 3517 2992 3586 τὴν
3053 3516 3175 3586 σήν.
3206 3515 3268 3571 Ὁ
3325 3511 3382 3569 δὲ
3435 3514 3603 3575 κακὸς
3665 3515 3869 3589 ἄνθρω-

2206 3631 2331 3678 πος,
2363 3609 2457 3671 τὰς
2498 3606 2726 3675 πτέρνας
2783 3606 2876 3680 μὲν
2938 3604 3140 3682 ἀφίημι
3194 3597 3581 3672 καταϐλέπειν,
3616 3601 3861 3681 κεφαλῆς

2207 3697 2264 3754 δέ
2291 3719 2440 3760 τινος
2483 3693 2659 3761 ἐθέλει
2707 3692 3225 3769 καταστοχάζεσθαι,
3258 3692 3349 3747 καὶ
3397 3691 3566 3762 αὐτῆς
3618 3690 3869 3768 ἠρμένης

2208 3788 2343 3862 ὑψοῦ
2372 3790 2561 3860 τιμαῖς
2590 3784 2781 3856 θείαις,
2802 3781 2897 3837 ’ἱνα
2927 3782 3070 3837 οὕτω
3120 3780 3468 3855 σεμνύνηται.
3496 3778 3601 3850 Ε’ίη
3658 3780 3721 3835 ἂν
3777 3780 3867 3835 οὗν

2206 3879 2241 3947 ἡ
2287 3874 2518 3952 -μεγάλη
2579 3872 2789 3952 κεφαλὴ
2849 3870 3024 3943 ἐκείνη
3063 3871 3140 3944 μή
3196 3867 3511 3925 πλουτοῦσα
3564 3868 3867 3946 ἐγκέφαλον

2208 3966 2353 4042 ὑγιᾶ,
2384 3964 2430 4019 εί
2486 3964 2561 4037 μή
2620 3960 2946 4017 ἐκκλίνουσα
3001 3958 3327 4038 φυλάττεται
3383 3961 3641 4012 τοιοῦτον
3700 3978 3870 4028 πονη-

2205 4056 2297 4131 ρὸν
2358 4051 2502 4131 ὅφιψ
2537 4050 2651 4107 ἐπεί
2705 4070 2792 4106 τοι
2850 4049 2939 4104 καὶ
2995 4052 3102 4105 τῶν
3156 4046 3415 4125 ἀσφαλῶν
3474 4043 3719 4121 ἀνδρῶν,
3752 4047 3865 4102 ὅσοι

2205 4143 2555 4219 πεπείρανται
2587 4137 2760 4211 ὄφεων
2791 4137 3166 4212 ἐκπετομένων
3223 4142 3340 4199 τοῖς
3399 4133 3671 4209 ἅλμασιν,
3705 4137 3864 4190 ὁποῖα

2205 4232 2297 4288 καὶ
2329 4232 2549 4295 ὀϊστῶν,
2580 4229 2669 4285 καὶ
2723 4228 2860 4284 κατὰ
2905 4227 3203 4303 προσώπου
3253 4224 3617 4302 χωρούντων,
3650 4221 3869 4280 ἐπειδάν

2206 4320 2364 4377 ἴδωσι
2395 4324 2643 4376 τοιοῦτον
2681 4323 2818 4389 ζῶον
2846 4318 3025 4393 ἀεριον
3076 4314 3514 4388 κάταπετόμενον
3575 4313 3669 4369 ἐπὶ
3725 4318 3878 4386 κακῷ

2208 4412 2450 4482 συνήθει,
2484 4408 2845 4489 φυλάττονται
2875 4408 2938 4463 τό
2976 4427 3037 4462 τε
3078 4403 3372 4482 πρόσωπον
3399 4403 3491 4459 καὶ
3552 4405 3618 4459 τὸ
3681 4402 3876 4459 λοιπὸν

2210 4507 2311 4570 τῆς
2338 4487 2607 4574 κεφαλῆς,
2638 4496 2825 4552 καὶού
2877 4495 3035 4572 χερσὶ
3097 4493 3284 4568 μόνον,
3321 4490 3468 4549 ἀλλά
3514 4492 3607 4546 καὶ
3668 4487 3879 4567 προϐο-

444 4588 541 4660 qui
578 4593 774 4644 autem
808 4588 1056 4662 vigilans
1099 4590 1207 4645 fuit
1226 4595 1282 4645 et
1314 4591 1514 4647 salvus
1565 4597 1827 4648 remanet
1862 4597 1920 4647 et
1950 4592 2087 4647 intei

2210 4588 2332 4651 λαῖς
2391 4591 2561 4666 ξιφῶν
2637 4583 3094 4663 γεγυμνωμένων,
3156 4585 3239 4648 οἷς
3440 4579 3778 4672 ἰμπελάζον,
3815 4581 3877 4637 τδ

444 4677 762 4750 prudentes
804 4678 1169 4745 inscribitur,
1201 4680 1261 4735 in
1319 4682 1539 4737 salveto
1589 4680 1779 4754 capite
1811 4681 2087 4755 serpenti:

2210 4676 2400 4754 θηρίον
2430 4676 2852 4733 κατακόπτεται.
2887 4675 2985 4730 Καὶ
3024 4673 3155 4729 αὐτὸ
3211 4672 3305 4746 μὶν
3365 4669 3427 4726 ἐκ
3484 4674 3615 4744 μιᾶς
3679 4670 3881 4741 ὁλότη-

442 4781 606 4821 more
645 4764 907 4822 lucratus
939 4768 1194 4824 salutare
1239 4770 1536 4840 quoddam
1570 4769 1922 4827 antidotum.

2209 4788 2300 4829 τος
2335 4763 2548 4843 μερίδες
2592 4765 2814 4840 γίνεται·
2851 4764 2879 4818 6
2930 4760 2989 4818 δὶ
3029 4759 3406 4841 φυλαξάμενος
3438 4758 3614 4815 ἐκεῖνο
3672 4762 3763 4815 καὶ
3826 4760 3875 4815 ἐν

444 4852 792 4929 άκεραῖότητι
854 4856 1023 4928 μένει,
1056 4857 1143 4910 καὶ
1204 4877 1489 4934 φρονιμοις
1545 4856 1886 4936 ἐγγράφεται,
1922 4855 2185 4933 κερδήσας
2243 4855 2373 4912 αὐτὸ
2421 4854 2480 4911 ἐκ
2528 4858 2625 4910 τοῦ
2686 4855 2789 4924 τὴν
2848 4849 3090 4931 κεφαλὴν
3171 4846 3590 4929 φυλαττομένου
3671 4846 3870 4927 ὄφεως,

442 4944 530 4997 οἶα
560 4942 649 4997 καί
678 4964 785 4997 τινι
813 4946 1084 5019 σωτήριον
1120 4942 1416 5004 ἀντιδοτον.

516 5033 603 5088 17.
639 5034 751 5089 llos
783 5050 920 5107 ergo
948 5036 1032 5090 sic
1074 5036 1274 5107 fugite,
1304 5042 1367 5093 ut
1393 5054 1693 5109 nunquam
1723 5037 1985 5111 vestigiis
2010 5038 2087 5093 in-

2278 5038 2363 5104 ιζ’.
2393 5033 2617 5096 Τούτοις
2648 5029 2839 5113 τεκοῦν
2879 5029 3022 5086 οὕτω
3051 5028 3289 5109 φεύγετε,
3324 5028 3399 5091 ὡς
3454 5028 3532 5101 μὴ
3591 5032 3715 5082 κατ’
3735 5026 3873 5103 ’ἴχνη

434 5120 661 5177 sistatis
681 5120 918 5179 illorum
951 5123 1071 5180 sive
1103 5122 1325 5181 nullius
1352 5126 1471 5182 sive
1504 5126 1842 5182 mentientis
1858 5125 2087 5192 amoris,

2215 5124 2416 5201 βαίνειν
2472 5129 2572 5192 τῆς
2637 5120 2811 5175 αὐτῶν
2871 5119 2907 5189 ἢ
2968 5116 3221 5182 ούδόλως
3264 5114 3569 5194 ἆγάπης,ἢ
3610 5113 3879 5191 ψευδαγα-

440 5216 497 5266 et
536 5228 570 5266 a
619 5211 928 5268 diabolicis
982 5214 1506 5272 obtrectationibus
1565 5220 1782 5282 cavete,
1823 5231 1951 5285 quis
2037 5222 2087 5269 ω

2210 5214 2450 5284 πήσεως,
2508 5210 2599 5266 καὶ
2655 5214 2765 5264 τῶν
2825 5203 3098 5264 διαϐόλων
3175 5205 3545 5283 βλασφημιῶν
3606 5205 3876 5280 ἀπέχεσθε

441 5300 764 5372 plurimum
796 5307 854 5358 et
884 5303 1249 5374 gravissimae
1280 5310 1420 5360 sunt
1458 5310 1517 5361 et
1548 5305 1765 5376 multae,
1808 5322 1956 5377 quas
1999 5320 2087 5359 nec

2208 5307 2317 5356 τῶν
2358 5301 2408 5355 ἐν
2462 5305 2579 5362 τοῖς
2630 5296 2849 5354 πλείοσι
2904 5296 2994 5352 καὶ
3058 5296 3370 5373 βαρυτάτων
3402 5294 3491 5350 καὶ
3539 5290 3871 5370 συχνῶν,ἃς

440 5390 746 5459 oportebat
778 5392 1088 5463 nominari,
1143 5410 1210 5449 eo
1271 5396 1425 5466 quod
1486 5394 1627 5450 talia
1685 5394 1935 5450 nefanda
1983 5393 2087 5448 sin‘

2212 5389 2383 5466 ἰχρῆν
2415 5388 2687 5465 ἀρρήτους
2720 5388 2852 5442 εἶναι
2899 5383 2988 5441 διὰ
3033 5386 3095 5440 τὸ
3151 5385 3268 5440 κατ’
3298 5382 3493 5445 αὐτοὺς
3547 5381 3867 5459 ἐπίῤῥητονο

447 5477 671 5543 Quibus
718 5480 924 5538 inutile
994 5481 1058 5537 fit
1115 5500 1402 5556 organum
1470 5484 1592 5556 Dei,
1649 5483 1963 5557 pulchrum
2015 5499 2087 5551 os

2213 5477 2284 5534 δι’
2340 5477 2414 5533 ὧν
2477 5479 2796 5554 ἀχρειοῦται
2849 5475 2912 5530 τὸ
2970 5473 3135 5552 σοφὸν
3170 5469 3401 5550 ὄργανον
3431 5475 3530 5527 τοῦ
3588 5475 3749 5541 Θεοῦ,
3804 5469 3866 5524 τὸ

534 5690 550 5723 ί
582 5690 722 5745 Gen.
748 5708 832 5759 Ill,
868 5694 953 5748 15.
