4136 6210
302 360 456 422 1045

1322 359 1705 422 EPISTULA
1751 362 1856 422 AD
1899 363 2000 423 TH
2015 364 2202 424 ESSA
2218 366 2696 430 LONICENSES
2710 415 2722 429 .

3555 371 3708 435 1046

289 491 458 547 καλὸν
498 491 695 562 στόμα,
729 489 758 543 6
789 493 884 544 τοῦ
916 489 1043 552 νοὸς
1076 487 1388 566 ἔξάγγελος,
1421 487 1490 544 δι’
1517 488 1578 544 οῦ
1610 491 1671 545 τὸ
1704 490 1913 562 λαλητὸ

2025 556 2030 564 ,
2065 498 2274 554 mentis
2307 501 2614 574 interpres,
2648 519 2762 574 quo
2813 501 3060 575 loquens
3108 503 3323 558 animal
3355 504 3454 559 Dei
3493 503 3707 561 distin-

289 585 426 651 ζῶον
477 584 576 634 τοῦ
624 582 757 634 Θεοῦ
806 578 1288 655 χαρακτηρίζεται.
1319 579 1436 653 Χρὴ
1489 576 1545 633 δὲ
1602 579 1942 652 ἐνθυμεῖσθαι

287 670 429 742 ὑμᾶς
455 669 703 736 ἐνταῦθα,
739 666 823 721 ὅτι
871 688 930 722 τε
977 662 1243 742 βόρϐορον
1293 663 1667 745 δυσαπόφορον
1712 667 1941 745 ἐγκλείει

285 763 367 830 τῷ
399 758 627 830 στόματι
661 756 688 810 6
725 753 1054 834 βλασφημος
1107 753 1410 830 ἄνθρωπος,
1442 757 1530 811 καὶ
1588 756 1670 812 ὅτι
1725 760 1942 834 πικρίας

285 848 383 921 μὲν
415 845 633 901 οίασοῦν
691 845 1019 920 γευσάμενός
1075 866 1158 907 τις
1215 845 1382 919 ὑγιῶς
1431 845 1574 921 ἔχων
1633 852 1728 900 τοῦ
1788 847 1939 922 γεύεο

279 938 428 1004 σθαι,
480 933 571 990 καί
628 937 925 1010 μυσαχθείς
979 935 1042 988 τὸ
1089 939 1316 1009 πρᾶγμα
1348 980 1363 1004 ,
1424 936 1487 990 οὐ
1547 935 1703 1009 μόνον
1767 939 1938 1012 συχνὰ

279 1024 504 1082 ἐκπτύει
555 1018 940 1079 συνεκϐάλλων
967 1027 1046 1096 τῷ
1072 1022 1241 1096 σιὲλῳ
1278 1024 1376 1092 τήν
1405 1021 1620 1094 ἀηδίαν,
1655 1023 1800 1080 ἀλλὰ
1845 1031 1935 1084 καὶ

277 1122 438 1179 ὕδατι
462 1124 553 1179 καὶ
585 1128 784 1200 χυμῶν
815 1121 1118 1198 γλυκύτητι
1151 1122 1403 1178 ἑκπλύνει
1435 1124 1498 1178 τὸ
1522 1123 1688 1181 καλὸν
1715 1122 1930 1202 δοχεῖον

279 1212 479 1271 ἔκεῖνο.

349 1303 442 1371 ιη’.
496 1300 557 1356 Τί
603 1298 694 1370 δὴ,
747 1303 792 1356 ὧ
843 1299 1282 1379 δαιμονοφόρητε
1332 1297 1578 1376 ὑϐριστᾶ,
1635 1299 1933 1376 παραϐύεις

265 1397 355 1464 τῷ
384 1389 614 1464 στόματι
673 1389 1003 1468 βλαφήμους
1060 1388 1302 1465 πικρίας,
1349 1389 1423 1445 ὧν
1470 1392 1532 1446 τὸ
1564 1390 1727 1462 ἀηδὲς
1796 1415 1929 1466 μαν-

270 1481 452 1542 θάνεις
491 1480 583 1554 μὲν
624 1478 843 1553 ὕστερόν
875 1500 1008 1533 ποτε
1038 1478 1127 1533 καὶ
1174 1478 1376 1549 αὐτός;
1425 1482 1555 1537 ’Ὁτε
1600 1481 1702 1556 γὰρ
1758 1480 1929 1557 βλασ-

272 1574 504 1649 φημεῖς,
566 1569 665 1624 οὐκ
722 1567 947 1643 αἰσθάνῃ
1009 1569 1083 1630 ὡς
1134 1568 1247 1623 οἷον
1300 1569 1622 1642 ἐξεστηκὼς.
1683 1568 1933 1626 Μάλιστα

269 1658 334 1715 δὶ
391 1658 506 1714 οἶδε
575 1661 678 1728 τὴν
758 1658 956 1724 ἐκεῖθεν
1038 1659 1256 1734 πικρίαν
1321 1661 1349 1715 ὁ
1412 1659 1930 1738 βλασφημούμενος,

262 1746 422 1822 εἷ’περ
478 1750 554 1821 μὴ
617 1745 907 1823 ὀλιγώρως
978 1752 1100 1809 ταῖς
1174 1743 1357 1823 ὕϐρεσι
1429 1748 1811 1828 προσφέρεται.
1871 1751 1930 1804 Τί

2055 587 2276 659 guitur.
2312 591 2585 646 Nostrum
2622 599 2710 646 est
2741 593 2810 646 de
2841 592 2950 647 hoc
2984 592 3041 648 in
3076 599 3269 648 mente
3303 593 3515 648 habere
3547 597 3702 666 quod

2051 676 2241 733 lutum
2266 679 2570 736 horridum
2626 682 2684 736 in
2709 699 2774 736 os
2802 682 3060 737 recondit
3090 684 3526 750 obtrectator,et
3549 686 3700 755 quod

2051 783 2251 823 amara
2309 770 2580 840 quaelibet
2637 772 2956 842 degustans
3017 772 3290 844 quisquis
3348 790 3490 828 sano
3521 778 3698 846 gustu

2049 856 2198 911 valet
2229 863 2283 912 et
2309 875 2369 914 re
2406 861 2672 929 imitatus,
2708 877 2820 915 non
2876 860 3066 916 solum
3117 865 3317 932 sputat
3348 879 3480 917 cum
3514 863 3702 919 saliva

2047 947 2309 1002 t'mtorem
2343 948 2601 1018 ejiciens,
2636 950 2736 1004 sed
2769 948 2942 1004 etiam
2975 967 3126 1020 aqua
3167 951 3564 1024 suavibusque
3596 970 3697 1025 po-

2047 1036 2305 1097 tionibus
2337 1037 2648 1108 pulchrum
2681 1038 2789 1093 hoc
2821 1039 3120 1108 penetrale
3152 1041 3418 1096 mundat.

2117 1308 2201 1361 18.
2249 1307 2383 1373 Cur,
2419 1324 2450 1361 ο
2501 1307 2814 1378 impudens
2864 1323 2898 1361 a
2937 1307 3199 1362 daemone
3257 1307 3490 1379 agitate,
3539 1307 3597 1362 in
3631 1326 3694 1364 os

2043 1395 2310 1451 admittis
2399 1395 2840 1450 obtrectationis
2933 1396 3357 1452 amaritudines
3442 1414 3693 1469 quarum

2045 1485 2368 1540 molestiam
2403 1484 2647 1539 ultimus
2679 1482 2873 1539 noscis
2903 1490 2961 1539 et
2999 1485 3172 1556 ipse?
3205 1487 3346 1540 Cum
3377 1485 3533 1541 enim
3566 1503 3692 1542 ma-

2042 1574 2382 1630 ledicentias
2449 1575 2691 1645 profers,
2779 1575 2948 1644 quasi
3015 1577 3209 1629 mente
3289 1581 3494 1646 captus
3574 1592 3691 1631 non

2039 1663 2339 1736 intelligis.
2388 1663 2620 1735 Optime
2673 1662 2920 1718 istarum
2999 1662 3454 1720 amaritudinem
3531 1666 3690 1720 novit

2039 1753 2139 1824 qui
2163 1752 2281 1808 tuis
2310 1771 2341 1807 a
2368 1751 2794 1807 maledicentiis
2825 1751 3150 1824 impetitur,
3183 1751 3297 1807 nisi
3328 1754 3686 1824 contemptui

263 1837 630 1900 ἆναπτύσσεις
659 1837 728 1892 τὰ
755 1836 947 1913 χείλη,
1003 1838 1093 1892 καὶ
1137 1837 1366 1913 χαίνεις,
1429 1837 1537 1913 οὐχ
1595 1837 1733 1894 ὥστε
1761 1841 1796 1909 ἢ
1830 1862 1913 1912 φα·

2039 1841 2424 1898 contumelias
2455 1847 2587 1896 tuas
2640 1841 2871 1896 habeat.
2905 1840 3018 1895 Cur
3049 1840 3206 1896 labia
3236 1842 3428 1912 aperis
3467 1848 3526 1897 et
3557 1842 3686 1898 hias

261 1931 411 2002 γεῖν,
447 1925 484 1996 ἢ
535 1924 771 1995 λαλῆσαι
823 1923 1037 1996 ἁπλῶς,
1069 1925 1105 1995 ἢ
1161 1925 1250 1981 καὶ
1282 1923 1488 1996 διδάξαι
1542 1927 1630 1981 καὶ
1690 1929 1924 2001 ὑμνῆσαι

261 2015 424 2086 Θεὸν,
457 2015 550 2070 καὶ
598 2013 771 2077 οὕτως
820 2015 1066 2088 “autem
1113 2015 1348 2091 χυμοὺς,
1393 2013 1462 2070 δι’
1492 2017 1566 2070 ὧν
1627 2018 1928 2095 θανατηφό-

252 2123 359 2180 ρον
391 2107 426 2174 ἡ
459 2106 613 2180 ψυχή
645 2103 946 2179 πληθώραν
977 2103 1198 2179 πάσχει’
1256 2103 1381 2160 ἀλλ’
1437 2103 1574 2160 ὥστε
1627 2111 1921 2182 καταισχῦ-

254 2215 353 2250 ναι
411 2194 651 2265 σεαυτὸν,
711 2193 802 2249 τὸν
859 2197 958 2248 τοῦ
1008 2198 1140 2248 Θεοῦ
1189 2192 1495 2270 ἄνθρωπον,
1551 2195 1624 2257 ὡς
1665 2197 1919 2270 Χριστια-

248 2283 378 2352 νὸν,
429 2280 520 2338 διὰ
565 2286 662 2337 τοῦ
711 2282 802 2338 καὶ
851 2279 1060 2337 δάκνειν
1109 2283 1198 2337 καὶ
1258 2283 1590 2347 κατεσϐίειν;
1650 2283 1712 2338 ού
1772 2283 1917 2359 λέγω

245 2371 351 2427 τόν
383 2393 467 2428 σοι
501 2373 725 2445 ὅμοιον,
785 2370 912 2427 ἀλλ’
975 2373 1290 2449 ὑπερφερῶς
1319 2370 1618 2442 καλλίονα,
1670 2375 1917 2444 ’Ἃνοιξόν

255 2482 361 2516 σου
389 2462 452 2515 τὸ
501 2460 676 2533 στόμα
725 2465 1026 2536 γραφικῶς,
1072 2461 1160 2515 καὶ
1216 2457 1442 2516 ἕλκυσον
1497 2465 1713 2534 Πνεῦμα
1770 2465 1910 2517 θεῖον

255 2551 502 2623 πάντως,
536 2549 598 2604 ού
653 2551 760 2623 μήν
810 2549 1072 2625 ποιηρόνο
1104 2553 1184 2622 τῷ
1227 2551 1330 2626 γὰρ
1379 2550 1613 2623 τοιούτῳ
1637 2550 1909 2607 κλειστὲον

255 2633 502 2712 ἀκριϐῶς
547 2643 718 2692 πᾶσαν
769 2636 1039 2707 αἴσθησιν,
1099 2663 1126 2690 ‹‹
1178 2637 1478 2708 Πλάτυνον,
1536 2663 1564 2691 ››
1605 2642 1758 2718 φησὶ,
1794 2666 1820 2692 ‹‹
1850 2641 1911 2694 τὸ

257 2726 440 2800 στόμα
472 2747 588 2795 σου,
639 2726 726 2781 καὶ
770 2726 1054 2802 πληρώσω
1103 2726 1252 2782 αὐτό.
1305 2752 1334 2780 ››
1383 2727 1460 2784 Ού
1493 2725 1758 2802 δεήσομαι
1788 2749 1908 2803 τρι-

257 2811 368 2884 ϐῆς
417 2815 624 2892 χρόνου
669 2816 832 2882 τινος,
881 2816 944 2871 ού
1001 2815 1269 2889 μέλλησιν
1328 2813 1664 2889 ἐνδείξομαι·
1721 2817 1910 2873 αὐτίκα

261 2903 346 2975 δὲ,
394 2905 575 2980 ὥσπερ
599 2903 675 2959 ἔτι
727 2904 1028 2969 λαλοῦντός
1079 2927 1174 2960 σου
1204 2906 1269 2960 τὰ
1298 2906 1485 2980 ἀγαθὰ,
1519 2907 1905 2982 παραγίνομαι.

262 2993 426 3050 Οὕτω
473 2994 562 3048 καὶ
613 2994 920 3066 ἀνοίξαντος
967 2993 1252 3068 πληρώσω
1299 2995 1628 3066 ΙΙνεύματος,
1674 2996 1763 3050 καὶ
1815 3018 1906 3050 σο-

257 3083 384 3160 φίαν
439 3083 676 3156 ψωμίσω
725 3080 814 3138 διὰ
865 3078 1106 3158 βιϐλίου,
1152 3082 1331 3156 ὁποίῳ
1360 3083 1447 3138 καὶ
1478 3092 1756 3162 προφῆται
1801 3108 1906 3157 μυ-

253 3173 658 3247 στηριάζονται.
710 3171 787 3230 Ού
831 3173 930 3248 γὰρ
979 3169 1102 3227 οὕτε
1153 3173 1317 3240 ὀκνῶ,
1359 3173 1481 3228 οὑτε
1521 3175 1723 3251 φθονῶ,
1785 3173 1906 3229 οὔτε

256 3259 502 3333 μελετῶν
551 3260 875 3334 σκέπτομαι.
926 3259 1104 3318 Ἀλλὰ
1145 3259 1376 3336 ἀνοίγεις
1432 3262 1562 3333 ἅμα,
1596 3264 1684 3316 καὶ
1735 3262 1905 3335 εῗσὲρ-

250 3369 454 3425 χομαι.
500 3348 658 3407 Οὕτω
707 3351 798 3404 καὶ
846 3349 950 3424 ἐγὼ
995 3351 1094 3420 τὴν
1145 3349 1282 3423 ἐμὴν
1316 3351 1542 3427 ἀνοίγων
1577 3351 1738 3426 θύραν
1771 3372 1901 3424 προ-

246 3438 529 3510 καλοῦμαι
562 3438 652 3493 καὶ
678 3439 736 3493 σὲ
782 3439 875 3493 καὶ
918 3438 1116 3501 πάντας
1165 3439 1446 3498 εἷ’σεΛθεῖν.
1503 3439 1580 3496 Οὐ
1633 3446 1900 3515 μεριμνῶ,

243 3531 374 3589 πῶς
401 3525 685 3600 πληρώσω
715 3527 777 3582 τὸ
819 3526 996 3600 στόμα
1034 3549 1130 3583 σου
1173 3527 1491 3584 πλατυνθέν.
1549 3529 1654 3584 Καὶ
1705 3525 1904 3598 δηλοῦ-

240 3635 332 3670 σιν
385 3614 516 3670 αύτό
561 3617 650 3670 καὶ
711 3617 764 3669 οἱ
815 3613 1004 3678 ἄλλως
1055 3617 1180 3690 ἐμοὶ
1228 3617 1487 3690 μαθηταὶ,
1536 3618 1624 3671 καὶ
1675 3617 1792 3672 ὅσοι
1847 3614 1904 3672 δὲ

239 3704 530 3778 τυράννοις
589 3705 974 3780 παραστάντες,
1025 3705 1086 3760 ού
1139 3703 1230 3760 διὰ
1276 3706 1512 3781 χρόνου,
1571 3704 1716 3760 ἀλλὰ
1765 3706 1900 3780 αύτῇ

240 3797 319 3866 τῇ
381 3793 497 3867 ὥρᾳ
553 3788 892 3866 λαμϐανουσι
948 3793 1125 3868 στόμα
1152 3794 1242 3848 καὶ
1271 3795 1481 3871 σοφίαν·
1517 3797 1600 3858 οἷς
1629 3793 1689 3849 ού
1743 3792 1901 3850 δύνα-

242 3903 340 3936 ται
423 3881 691 3936 ἀντειπεῖν
768 3879 946 3946 οὐδεὶς
1001 3883 1530 3956 ἆντικαθιστάμενος.
1601 3884 1787 3956 Στόμα
1845 3881 1901 3938 δὲ

245 3969 479 4030 ἐνταῦθα
533 3970 622 4023 καὶ
683 3969 874 4047 σοφίαν
946 3969 1176 4033 ἀκούσας
1209 4016 1226 4043 ,
1304 3973 1379 4044 μὴ
1454 3971 1900 4046 ἀπεριμερίμνως

242 4053 520 4133 ἐπιϐάλῃς
578 4062 645 4130 τῇ
695 4058 855 4132 ἀκοῇ,
889 4058 1014 4115 ἀλλ’
1061 4055 1382 4133 ἐμϐάθυνον’
1443 4060 1525 4116 ὅτι
1578 4062 1606 4115 6
1657 4063 1733 4133 μή
1765 4063 1900 4116 κατά

238 4145 375 4207 τοὺς
433 4145 629 4222 λόγους
697 4145 924 4210 τούτους
983 4145 1322 4221 διακείμενος
1385 4150 1652 4224 Θειότερον
1713 4149 1764 4204 ἐν
1820 4154 1900 4222 τῷ

239 4236 500 4290 ἀναπνεῖν
549 4236 639 4289 καὶ
701 4235 886 4290 λαλεῖν
944 4234 1067 4292 οὔτε
1125 4237 1300 4310 στόμα
1335 4233 1476 4313 ἔχει,
1510 4235 1632 4292 οὕτε
1685 4239 1897 4315 σοφίαν,

241 4323 397 4379 ἀλλά
451 4324 539 4379 καὶ
597 4321 836 4398 δίστομός
889 4325 999 4381 ἐστι
1056 4326 1322 4402 χειρόνως
1378 4326 1518 4402 ἤπερ
1564 4332 1672 4382 τῶν
1719 4325 1895 4382 ἵππων

242 4415 366 4468 ὅσοι
400 4410 652 4488 λέγονται
685 4411 940 4487 ἄστομοι,
973 4415 1059 4470 ναὶ
1094 4417 1202 4489 μὴν
1234 4416 1324 4470 καὶ
1363 4414 1585 4493 ἅσοφος,
1624 4419 1810 4488 μήπου
1841 4413 1898 4470 δὲ

239 4502 335 4556 καὶ
363 4499 430 4555 ἄλ
438 4522 585 4576 ογος.

2039 1949 2154 1986 non
2186 1932 2256 1986 ad
2293 1930 2788 1996 manducandum,
2823 1945 2926 1984 nec
2959 1930 3030 1984 ad
3061 1929 3409 2001 simpliciter
3437 1931 3683 2003 loquen-

2036 2022 2201 2089 dum,
2232 2037 2336 2076 nec
2369 2021 2437 2074 ad
2473 2019 2802 2074 docendum
2835 2023 2936 2072 aut
2965 2017 3167 2073 laudes
3203 2020 3312 2074 Deo
3353 2020 3684 2089 persolven-

2035 2111 2198 2177 dum,
2231 2115 2286 2165 et
2317 2108 2400 2164 sic
2427 2110 2498 2163 ad
2531 2108 2808 2163 humores
2869 2107 3086 2176 quibus
3118 2106 3386 2162 lethifera
3417 2108 3685 2180 plethora

2032 2200 2260 2256 laborat
2306 2199 2504 2253 anima
2550 2196 2974 2264 evomendum;
3009 2197 3109 2251 sed
3147 2197 3228 2250 ita
3258 2203 3322 2250 ut
3360 2197 3684 2269 ignominia

2029 2289 2285 2361 teipsum
2317 2286 2672 2352 afﬁcias,Dei
2705 2285 3235 2358 hominem,utpote
3258 2285 3676 2354 Christianum,

2027 2395 2094 2434 eo
2125 2379 2280 2450 quod
2314 2376 2514 2446 iniquo
2549 2376 2721 2430 dente
2770 2377 3004 2430 mordes
3039 2381 3097 2430 et
3129 2374 3371 2443 laceras,
3405 2395 3518 2431 non
3549 2375 3675 2432 dico

2027 2485 2248 2538 parem,
2281 2468 2380 2522 sed
2405 2465 2507 2520 tibi
2540 2464 2706 2520 valde
2754 2464 3115 2535 SUperiorem
3137 2464 3164 2518 ?
3195 2465 3367 2536 Aperi
3401 2484 3464 2519 os
3505 2473 3674 2520 tuum

2023 2558 2348 2612 secundum
2383 2555 2738 2626 Scripturas,
2772 2557 2828 2609 et
2885 2553 3169 2624 Spiritum
3201 2555 3463 2609 divinum
3501 2555 3668 2609 hauri

2023 2647 2282 2711 omnino,
2320 2663 2433 2701 non
2465 2661 2596 2699 vero
2627 2642 2871 2712 malum,
2905 2642 2998 2696 cui
3045 2649 3315 2698 accurate
3342 2644 3670 2700 claudenda

2021 2739 2135 2789 tot:
2173 2751 2358 2790 mens.
2394 2757 2421 2783 (ι
2460 2732 2668 2800 Dilata,
2711 2731 2925 2802 inquit,
2979 2747 3044 2786 os
3099 2735 3290 2796 tuum,
3323 2738 3380 2787 et
3412 2732 3666 2804 implebo

2022 2822 2164 2876 illud
2200 2825 2240 2877 2.
2278 2845 2305 2872 ››
2337 2823 2460 2878 Non
2499 2820 2779 2891 temporis
2828 2819 3105 2874 dilatione
3161 2837 3308 2889 opus
3355 2827 3462 2889 est,
3496 2837 3666 2876 morae

2023 2913 2286 2982 perfugio
2321 2929 2430 2966 non
2454 2918 2620 2976 utar;
2655 2910 3156 2979 confestim,quasi
3178 2911 3245 2964 ad
3261 2911 3371 2962 huc
3397 2910 3667 2979 loquente

2021 3007 2076 3056 te
2109 3004 2277 3069 bona,
2311 3003 2540 3056 adsum.
2585 2998 2677 3054 Sic
2707 3005 2765 3052 et.
2812 2998 3167 3068 aperientem
3224 2999 3439 3068 Spiritu
3475 2999 3663 3068 reple-

2022 3093 2113 3153 bo,
2147 3096 2202 3146 et
2235 3091 2582 3161 sapientiam
2638 3104 2831 3143 escam
2895 3087 3046 3141 dabo
3105 3103 3204 3155 per
3262 3088 3478 3142 librum
3514 3089 3666 3143 sicut

2019 3187 2076 3235 et
2141 3181 2384 3253 mystice
2450 3179 2655 3232 dicunt
2720 3178 3035 3247 prophetae.
3105 3180 3250 3230 Nam
3324 3193 3426 3229 nec
3507 3176 3670 3247 piger

2019 3287 2173 3333 sum,
2259 3285 2363 3329 nec
2451 3267 2698 3334 invideo,
2763 3281 2868 3319 nec
2924 3263 3378 3334 cogitationibus
3456 3265 3667 3319 immn-

2015 3375 2127 3423 ror,
2163 3359 2261 3413 sed
2297 3357 2488 3428 aperis
2519 3362 2574 3408 et
2603 3355 2775 3408 intro.
2809 3352 2898 3407 Sic
2929 3359 2985 3407 et
3032 3368 3137 3423 ego
3179 3353 3423 3421 januam
3469 3369 3659 3406 meam

2015 3447 2302 3517 aperiens,
2337 3451 2388 3500 te
2419 3449 2475 3499 et
2499 3459 2699 3498 omnes
2723 3452 2783 3496 ut
2806 3441 3038 3496 intretis
3059 3440 3259 3494 invito.
3291 3443 3414 3494 Non
3449 3441 3658 3498 anxius

2012 3551 2164 3597 sum,
2216 3535 2510 3604 quomodo
2571 3547 2634 3586 os
2683 3536 2854 3584 tuum
2914 3527 3168 3600 implebo
3225 3529 3556 3584 dilatatam.
3593 3529 3658 3584 Et

2012 3625 2066 3678 id
2102 3625 2417 3678 ostendunt
2473 3622 2648 3675 etiam
2706 3619 2820 3674 alio
2874 3618 3046 3672 modo
3105 3617 3378 3686 discipuli
3423 3619 3560 3688 mei,
3601 3622 3660 3674 et

2011 3717 2300 3784 quotquot
2321 3715 2453 3765 ante
2477 3716 2755 3779 tyrannos
2797 3706 2954 3761 ducti
2991 3711 3159 3772 sunt;
3195 3722 3308 3759 non
3340 3706 3396 3759 in
3433 3711 3660 3778 tempo-

2011 3803 2093 3859 ris
2115 3801 2441 3868 intervallo,
2473 3803 2572 3854 sed
2608 3799 2738 3870 ipsa
2769 3797 2910 3852 hora
2935 3812 3032 3851 ore
3061 3801 3116 3850 et
3149 3797 3434 3866 sapientia
3465 3797 3660 3853 valent

2011 3891 2226 3963 quibus
2262 3890 2462 3945 nullus
2512 3887 2908 3943 contradicere
2945 3890 3132 3956 potest
3161 3886 3548 3941 adversarius.
3583 3887 3660 3942 Os

2011 3981 2104 4035 hic
2136 3985 2192 4035 et
2225 3979 2576 4051 sapientiam
2621 3976 2869 4031 audiens
2901 3991 2973 4028 ne
3004 3974 3433 4029 inconsiderate
3462 3991 3657 4030 vocem

2010 4075 2317 4124 sonantem
2378 4067 2596 4136 excipe,
2648 4066 2747 4120 sed
2811 4063 2988 4118 altius
3043 4062 3384 4118 considera:
3418 4064 3558 4134 quia
3588 4064 3658 4118 ad

2009 4158 2110 4213 illa
2140 4159 2316 4212 verba
2341 4157 2438 4226 qui
2475 4172 2586 4208 non
2643 4159 2732 4208 est
2780 4152 2976 4206 animo
3007 4151 3274 4206 diviniori
3315 4152 3659 4224 dispositus,

2008 4248 2078 4302 ad
2104 4246 2491 4302 hauriendum
2518 4243 2790 4314 spiritum
2817 4247 2873 4297 et
2892 4241 3248 4310 loquendum
3274 4258 3379 4296 nec
3401 4258 3465 4298 os
3487 4242 3662 4297 habet

2009 4353 2112 4391 nec
2145 4335 2516 4407 sapientiam,
2552 4335 2649 4388 sed
2683 4333 2854 4386 etiam
2889 4333 3004 4385 oris
3054 4330 3183 4384 duri
3235 4335 3324 4384 est
3369 4331 3662 4386 infelicius

2009 4444 2183 4498 quam
2213 4426 2312 4497 qui
2343 4425 2498 4480 inter
2529 4439 2711 4494 equos
2743 4423 2862 4477 oris
2911 4421 3043 4475 duri
3093 4421 3390 4486 dicuntur,
3431 4421 3572 4492 quin
3605 4423 3663 4476 et

2007 4516 2295 4586 insipiens
2325 4519 2381 4568 et
2409 4512 2831 4568 irrationabilis
2863 4515 2972 4566 est.

326 4593 408 4646 10'.
443 4591 540 4645 Καὶ
571 4595 795 4647 τοιαῦτα
839 4591 931 4666 μέν
966 4614 1052 4648 σοι
1105 4593 1247 4664 λέξει
1296 4595 1324 4650 6
1370 4595 1433 4650 τὸ
1490 4595 1666 4667 στόμα
1690 4592 1895 4649 πλατύ-

2080 4605 2164 4657 19.
2197 4601 2360 4657 'l‘alia
2390 4601 2626 4672 quidem
2662 4599 2764 4651 tibi
2803 4599 2955 4652 «licet
2987 4595 3089 4667 qui
3127 4613 3191 4650 os
3216 4596 3657 4666 aperirejubet,

242 4701 359 4734 νειν
424 4679 848 4755 ἐγκελευόμενος
923 4681 1010 4736 ἐπὶ
1085 4681 1368 4759 πληρώσει
1427 4684 1625 4745 παντὸς
1687 4681 1900 4754 δηλαδή

246 4767 476 4844 ἀγαθοῦ,
512 4766 581 4824 δι’
624 4770 683 4824 οὗ
740 4771 830 4826 καὶ
889 4767 1385 4846 ἐμϐρωματίζεται.
1446 4774 1544 4826 Καὶ
1602 4771 1787 4834 ἄλλως
1848 4771 1904 4827 δὲ

249 4861 324 4930 ζῇ
378 4858 408 4912 6
459 4858 597 4934 πρὸς
654 4857 912 4930 ἀλήθειαν
969 4858 1269 4937 ἅνθρωπος.
1319 4863 1381 4918 Ὀ
1433 4863 1613 4935 μέντοι
1661 4866 1741 4934 τῷ
1788 4867 1904 4934 Θεῷ

241 4947 618 5020 ἀντικείμενος
691 4947 881 5012 ἄλλως
959 4949 1089 5005 αὐτὸ
1163 4949 1395 5024 πληροῖ,
1476 4950 1669 5024 μεστὸν
1728 4956 1900 5005 ποιῶν

245 5039 466 5110 ἁπάσης
520 5039 884 5118 φαυλότητος.
943 5042 1102 5100 Οὕτω
1159 5041 1372 5120 πληροῖ
1423 5044 1491 5098 τὰ
1543 5048 1652 5098 τῶν
1708 5044 1904 5120 αἱρετι-

248 5127 456 5198 ζόντων
510 5129 773 5204 στόματα,
834 5130 1006 5196 οὕτως
1035 5130 1324 5207 ἐπλήρωσε
1375 5133 1441 5187 τὰ
1495 5138 1603 5188 τῶν
1667 5153 1904 5208 σταυρω-

243 5222 362 5273 τῶν
391 5221 490 5273 τοῦ
550 5219 790 5295 μεγάλου
849 5225 982 5276 Θεοῦ
1031 5221 1120 5276 καὶ
1185 5225 1446 5296 Σωτῆρος
1500 5224 1660 5294 ἡμῶν
1723 5223 1902 5292 Ἰησοῦ

247 5309 514 5382 Χριστοῦο
547 5307 620 5363 ὧν
676 5309 738 5364 τὸ
787 5309 964 5382 στόμα
1020 5306 1182 5384 ἔγεμε
1229 5314 1308 5382 τῷ
1364 5316 1542 5386 καιρῷ
1571 5310 1758 5383 ἐκείνῳ
1805 5315 1902 5365 τοῦ

254 5419 285 5450 α
315 5395 430 5452 Οὐκ
481 5393 684 5472 ἔχομεν
739 5397 983 5474 βασιλέα,
1040 5397 1085 5453 εἰ
1140 5399 1216 5472 μὴ
1267 5399 1524 5472 Καίσαρα·
1578 5399 1745 5466 ››καὶ,
1782 5423 1807 5450 τ(
1839 5399 1901 5453 Ei

250 5486 331 5559 μὴ
366 5486 678 5562 σταυρώσῃς
710 5487 891 5560 αὑτὸν,
924 5486 968 5542 ὦ
1002 5488 1222 5561 Πιλάτε,
1256 5487 1354 5544 οὐκ
1384 5489 1432 5543 εἴ
1463 5487 1624 5563 φίλος
1652 5493 1748 5543 τοῦ
1779 5488 1903 5542 Καί-

325 5704 348 5739 ³
377 5702 527 5761 Psal.
562 5721 726 5774 ωαχ,
761 5705 848 5762 11.
922 5705 944 5740 ³
971 5704 1138 5765 Joan.
1169 5722 1282 5762 xxx.
1314 5707 1399 5764 15.
1477 5707 1498 5741 ⁸
1528 5705 1670 5763 ibid.
1708 5707 1794 5762 12.

2014 4692 2238 4747 scilicet
2268 4696 2332 4744 ut
2376 4689 2534 4743 omni
2582 4689 2736 4741 bono
2793 4685 3141 4756 repleamur,
3176 4701 3290 4755 quo
3321 4690 3378 4738 et
3407 4683 3659 4740 alamur.

2013 4782 2198 4836 Aliter
2228 4796 2362 4834 vero
2419 4777 2562 4831 vivit
2617 4775 2716 4846 qui
2775 4776 3100 4829 secundum
3159 4772 3463 4827 veritatem
3523 4772 3663 4827 vivit

2013 4870 2208 4926 homo.
2233 4867 2340 4931 Qui
2362 4871 2557 4921 autem
2585 4865 2701 4919 Deo
2727 4861 3096 4918 adversarius
3145 4866 3367 4930 manet,
3399 4878 3464 4916 os
3494 4861 3664 4916 aliter

2014 4957 2218 5029 replet,
2249 4956 2526 5011 refertum
2561 4953 2810 5008 reddens
2843 4952 3002 5006 omni
3041 4951 3343 5022 pravitate,
3376 4951 3460 5006 sic
3489 4950 3662 5023 plena

2013 5051 2151 5101 sunt
2173 5044 2441 5100 haeresim
2492 5042 2977 5114 amplectentium
3001 5055 3122 5109 ora,
3155 5039 3240 5094 sic
3273 5038 3492 5111 repleta
3521 5045 3663 5096 sunt

2013 5152 2111 5191 ora
2143 5133 2611 5206 cruciﬁgentium
2658 5146 2937 5203 magnum
2977 5131 3156 5184 Deum
3206 5134 3264 5184 et
3300 5129 3658 5185 Salvatorem

2013 5229 2279 5278 nostrum
2311 5222 2514 5277 Jesum
2563 5220 2857 5275 Christum
2887 5235 2900 5284 ;
2934 5233 3184 5288 quorum
3217 5234 3282 5272 os
3321 5218 3660 5272 redundans

2010 5318 2152 5366 tunc
2183 5311 2426 5367 effudit:
2465 5331 2492 5361 «
2532 5310 2653 5364 Non
2709 5308 2992 5362 habemus
3051 5321 3243 5377 regem
3304 5307 3414 5362 nisi
3473 5308 3660 5362 Cassa-

2013 5418 2133 5457 rem
2157 5402 2198 5468 3,
2232 5423 2260 5450 »
2293 5404 2368 5466 et,
2434 5399 2561 5454 «Si
2621 5414 2735 5453 non
2793 5396 3147 5450 cruciﬁxeris
3205 5412 3362 5463 eum,
3424 5411 3538 5451 non
3597 5411 3660 5451 es

2015 5489 2242 5546 amicus
2284 5488 2589 5556 Caesaris‘,
2619 5509 2646 5537 »
2679 5491 2771 5543 et:
2837 5509 2859 5536 ι
2921 5485 3100 5551 Tolle,
3160 5483 3314 5553 tolle,
3385 5485 3661 5559 cruciﬁge
