4136 6210
466 382 618 442 1047

1230 379 1651 442 EUSTATHII
1692 373 2467 439 THESSALONICENSIS
2514 372 3103 435 METROPOLITE

3732 374 3887 434 1018

464 529 601 570 cum
622 513 663 569 ⁸.
699 535 727 563 ››
759 512 844 569 Ibi
903 511 1327 568 consideranda
1379 510 1722 584 duplicatio,
1754 508 1919 575 tolle,
1948 506 2110 573 tolle,

2231 520 2420 577 παροςθ
2470 522 2497 555 ι
2546 502 2636 556 καὶ
2690 526 2720 554 ι(
2767 506 2957 580 ’Δρον,
3019 502 3173 579 ἆρον,
3233 504 3546 579 σταύρωσον
3606 502 3797 561 αὐτόν,
3858 526 3883 555 ιι

466 619 646 675 quas
704 619 975 676 perverso
1033 601 1273 656 domino
1329 604 1387 656 et
1442 601 1786 656 feneratore
1846 599 2110 653 daemone

466 693 905 749 commodatum
964 706 1271 763 perversus
1329 688 1585 763 populus
1649 688 1746 744 ille
1808 687 2110 759 impurum

468 798 730 839 crescere
783 780 916 836 fecit
971 778 1276 835 talentum.
1308 778 1411 834 Ille
1467 778 1709 851 quidem
1766 775 1944 833 semel
1983 774 2111 831 istis

470 870 766 943 suggessit
821 874 886 925 ut
943 868 1098 924 noxii
1157 868 1364 924 tierent
1422 867 1730 924 Dominicaa
1788 867 1847 921 in
1877 880 2110 921 erucem

468 958 881 1027 exaltationis;
947 957 1048 1014 isti
1126 973 1260 1013 vero
1319 956 1605 1012 talentum
1660 955 1719 1011 in
1778 959 1934 1011 terra
2000 970 2113 1010 non

470 1049 897 1105 abscondentes
949 1063 1021 1103 ne
1078 1045 1229 1119 pigri
1293 1047 1729 1103 aestimarentur
1785 1043 2112 1100 fmneratori

472 1136 929 1209 multiplicatum
985 1136 1383 1209 praebuerunt,
1416 1151 1531 1191 non
1590 1134 1767 1191 semel
1816 1134 2112 1189 dicentes:

470 1225 670 1295 Tolle;
740 1227 843 1283 sed
928 1226 1328 1281 redundanter
1391 1225 1871 1294 vociferaverunt,
1935 1220 2112 1291 Tolle,

470 1314 631 1382 tolle,
664 1318 722 1370 et
762 1314 848 1371 sic
901 1313 1101 1369 ﬁdeles
1153 1330 1216 1370 se
1272 1314 1656 1369 ostenderunt
1710 1328 1908 1367 servos
1954 1327 2117 1365 servo

472 1404 729 1476 pessimo
759 1404 858 1475 qui
891 1423 924 1458 ιι
954 1403 1252 1458 communi
1297 1403 1538 1458 Domino
1569 1401 1938 1473 apostatavit,
1962 1400 2118 1455 ideo-

473 1509 588 1566 que
634 1491 736 1549 illo
764 1492 1081 1548 ferventius
1111 1493 1181 1547 ad
1236 1492 1457 1547 malum
1482 1490 1871 1563 proficientes.
1904 1490 2119 1545 Exinde

474 1582 737 1638 animam
796 1581 987 1636 sortiti
1036 1585 1266 1636 acutam
1299 1581 1357 1635 in
1399 1580 1603 1636 multis
1633 1579 1820 1651 iniqui
1851 1579 2121 1634 homines

475 1674 613 1744 plus
644 1687 824 1743 quam
854 1669 1091 1725 illorum
1142 1670 1424 1740 magister
1471 1670 1719 1735 daemon,
1751 1675 1809 1724 et
1855 1672 2124 1739 prompte

478 1777 513 1816 a
534 1760 771 1815 doctore
794 1758 1031 1814 malitiae
1058 1757 1412 1831 accipientes
1430 1758 1719 1820 ardorem.
1736 1755 2122 1829 sapientiores

2219 595 2385 657 Ἔνθα
2432 594 2738 663 σκοπητίον
2787 594 2850 648 τὸ
2901 591 3185 666 δίπλασμα
3231 598 3329 649 τοῦ
3358 618 3387 646 ι(
3432 596 3634 670 Ἄριον,
3666 594 3820 667 ἆρον,
3856 616 3881 644 ιι

2222 679 2291 736 δι’
2323 682 2385 735 οὗ
2413 686 2493 753 τῷ
2539 686 2769 757 πονηρῷ
2821 679 3059 757 δεσπότῃ
3117 682 3206 736 καὶ
3267 680 3520 755 δανειστῇ
3581 681 3807 755 δαίμονι
3858 684 3883 737 ὁ

2222 771 2462 844 πονηρὸς
2493 770 2627 833 λαὸς
2657 771 2861 835 ἐκεῖνος
2898 772 2962 826 τὸ
3010 769 3342 826 ἐκδανεισθὶν
3389 767 3666 841 κίϐδηλον
3719 770 3884 841 31:116-

2224 863 2352 933 ξησε
2402 858 2665 914 τάλαντον
2701 904 2713 918 .
2776 861 2837 917 Ὀ
2892 860 2988 933 μὶν
3042 862 3145 936 γάρ
3194 860 3440 931 καθάπαξ
3494 857 3729 922 ἐκείνοις
3791 862 3885 916 ὀπ-

2227 945 2416 1005 ἑϐαλεν
2482 949 2777 1019 ἀξιωθῆναι
2832 950 2932 1017 τήν
2994 951 3266 1024 Κυριακήν
3334 947 3425 1004 ἐπὶ
3481 954 3599 1004 τοῦ·
3657 956 3889 1024 σταυροῦ

2228 1035 2401 1111 ἄρσιν·
2463 1037 2513 1092 οἷ
2569 1034 2628 1092 δὶ
2688 1039 2765 1110 μή
2815 1039 3235 1113 καταχώσαντες
3262 1038 3326 1093 τὸ
3365 1034 3605 1109 δάνειον,
3670 1040 3750 1110 μη
3803 1040 3887 1094 καὶ

2229 1125 2451 1201 ὀκνηροὶ
2499 1128 2798 1199 νομισθῶσι
2825 1170 2839 1195 ,
2883 1132 2967 1200 τῷ
3011 1124 3375 1182 ἐκδανεῐσαντι
3435 1125 3889 1183 ἒπολλαπλασία-

2232 1236 2347 1283 σαν,
2408 1215 2507 1270 οὑκ
2562 1215 2783 1289 εἰσάπαξ
2843 1215 3085 1279 εἴπόντες
3164 1218 3289 1292 ἆρον
3320 1263 3338 1289 ,
3416 1214 3567 1271 ἀλλὰ
3621 1221 3892 1291 περισσῶς

2229 1304 2538 1376 κράξαντες·
2594 1306 2747 1375 ἆρον,
2828 1306 2979 1380 ἆρον,
3039 1305 3132 1359 καὶ
3188 1304 3334 1360 οὕτω
3390 1306 3578 1360 πιστοὶ
3638 1305 3890 1381 φανὲντες

2231 1393 2435 1447 οἰκέται
2494 1395 2854 1467 πονηροτάτῳ
2912 1391 3122 1467 δούλῳ,
3179 1394 3240 1449 ἐκ
3266 1398 3366 1449 τοῦ
3395 1399 3586 1449 κοινοῦ
3618 1396 3891 1450 Δεσπότου

2232 1481 2684 1552 ἀποστατήσαντι.
2757 1482 2847 1537 καὶ
2917 1479 2989 1536 δι’
3064 1482 3194 1537 αὐτὸ
3275 1483 3599 1558 θερμότεροι
3684 1483 3892 1539 ἐκείνου

2231 1566 2561 1633 ἆπεκϐάντες
2618 1572 2755 1647 πρὸς
2808 1572 2872 1625 τὸ
2920 1571 3086 1627 κακόν
3125 1616 3139 1628 .
3203 1572 3355 1628 Ἐπεὶ
3411 1572 3503 1627 καὶ
3562 1572 3787 1651 εὐφυεῖς
3841 1573 3891 1630 ἔν

2233 1659 2468 1721 πολλοῖς
2498 1660 2550 1714 οἱ
2580 1660 2738 1714 κακοὶ
2768 1657 3046 1735 ἅνθρωποι
3102 1659 3271 1716 πλέον
3301 1658 3446 1737 ἤπερ
3489 1663 3520 1716 ὁ
3560 1658 3892 1726 διδάσκαλος

2233 1749 2407 1805 αὐτῶν
2457 1746 2695 1822 δαίμων,
2745 1749 2835 1804 καὶ
2887 1751 3149 1825 βραχεῖαν
3196 1748 3258 1805 ἐκ
3308 1754 3407 1805 τοῦ
3473 1755 3746 1829 σοφιστοῦ
3796 1759 3893 1821 τῆς

478 1848 651 1913 fiunt,
683 1852 741 1903 et
768 1862 837 1903 ex
868 1847 1098 1902 modica
1152 1850 1435 1917 potestate
1473 1862 1650 1917 super
1707 1846 1931 1917 majora
1983 1860 2119 1899 con-

2232 1837 2424 1900 κακίας
2482 1833 2742 1899 λαϐόντες
2802 1837 3081 1916 ἀφορμὴν,
3153 1840 3456 1917 σοφώτεροι
3509 1838 3789 1915 γίνονται,
3846 1841 3893 1912 ἐξ

477 1935 939 2004 stituti,seminis
971 1934 1203 1990 minimi
1236 1935 1489 1990 fructum
1523 1934 1758 1991 malitia
1783 1932 2119 2006 centuplum

2234 1925 2515 2001 όλιγίστης
2544 1927 2722 2003 ἀρχῆς
2762 1925 2840 1989 εἰς
2874 1928 3099 2002 μέγιστα
3130 1929 3524 2002 προαγόμενοι,
3584 1929 3682 1983 καὶ
3743 1932 3896 2005 cuip-

478 2025 751 2080 reddunt.
783 2028 942 2096 Saepe
992 2028 1188 2080 autem
1245 2024 1575 2079 istiusmodi
1634 2023 1922 2091 homines,
1973 2020 2125 2077 sicut

475 2113 535 2169 in
603 2112 891 2170 sermonis
949 2112 1235 2185 principio
1310 2112 1762 2181 notiﬁeavimus,
1831 2116 1888 2167 et
1952 2109 2124 2182 plura

474 2218 651 2274 quam
679 2202 791 2258 iste
848 2202 1042 2258 animo
1100 2218 1215 2257 non
1273 2200 1565 2257 laudando
1623 2199 1991 2272 excogitant;
2039 2203 2116 2265 et,

472 2305 602 2360 qua:
629 2288 739 2344 iste
771 2305 877 2343 nec
908 2288 1223 2358 cogitasset
1270 2288 1531 2360 quidem,
1564 2287 1677 2359 ipsi
1708 2304 1774 2343 eo
1805 2287 2121 2342 deveniunt

472 2382 538 2433 ut
558 2377 874 2448 inveniant,
909 2378 1184 2449 pessimis
1205 2377 1263 2432 in
1291 2394 1493 2433 eorum
1521 2378 1796 2433 cordibus
1829 2376 2118 2449 pullulan-

469 2466 630 2523 tibus
682 2466 1247 2522 ratiocinationibus.
1283 2471 1349 2521 Et
1405 2466 1462 2521 in
1524 2467 1630 2522 hoc
1689 2465 1834 2520 nihil
1876 2482 2113 2532 novum,

472 2554 763 2627 siquidem
800 2571 903 2611 nec
954 2556 1228 2626 perfecta,
1263 2571 1366 2610 nec
1420 2571 1583 2627 pura,
1618 2571 1722 2611 nec
1761 2559 2033 2610 accusata
2062 2558 2120 2609 et

473 2643 831 2700 articulatim
886 2644 1214 2715 composita
1261 2643 1625 2700 daemonibus
1674 2643 1972 2716 cogitatio,
2015 2659 2118 2698 nec

472 2734 855 2809 perspicacia,
891 2752 997 2791 nec
1054 2735 1281 2808 reliqua
1339 2741 1570 2804 natura,
1605 2742 1779 2808 prout
1808 2736 2000 2792 videro
2030 2739 2121 2790 est

473 2825 534 2879 in
566 2824 793 2881 multis.

547 2913 635 2966 20.
670 2911 743 2967 Ut
790 2912 942 2967 hanc
1000 2911 1484 2968 contumeliosam
1535 2911 1818 2967 vilitatem
1869 2916 1926 2967 et
1954 2911 2125 2966 aliter

477 3000 859 3071 objurgantes
885 3017 1228 3072 arguamus,
1262 3018 1375 3056 non
1431 3000 1802 3056 contumeliis
1850 3001 2125 3056 cedentes

474 3088 611 3160 ipsi,
645 3090 1174 3146 seddetractorum
1227 3091 1349 3145 loco
1397 3090 1807 3147 erubescentes
1857 3094 1915 3147 et
1958 3090 2132 3146 mise.

474 3178 730 3234 ricordia
793 3178 957 3234 fracti
992 3178 1225 3247 horum,
1278 3178 1378 3251 qui
1424 3180 1638 3235 nedum
1675 3195 1834 3235 more
1866 3179 2125 3235 humano

473 3268 814 3340 loquantur,
857 3272 922 3324 ut
971 3268 1041 3324 de
1098 3269 1270 3326 nobis
1331 3268 1622 3324 ordinavit
1671 3273 1842 3339 Deus,
1872 3270 2122 3341 turpiter

469 3356 686 3414 latratu
718 3356 927 3413 fratres
974 3358 1388 3429 insequuntur,
1426 3374 1541 3415 non
1573 3360 1895 3414 secundum
1927 3359 2117 3415 scien-

474 3446 637 3514 tiam,
672 3448 772 3503 sed
804 3448 1130 3504 secundum
1164 3449 1566 3506 omnimodam
1607 3449 2075 3506 adinventionem
2103 3468 2116 3518 ;

471 3536 893 3593 documentum
947 3542 1003 3594 et
1048 3537 1219 3594 aliter
1246 3538 1514 3595 instituo.
1548 3544 1690 3595 Ecce
1721 3539 1792 3594 ad
1828 3540 2119 3610 judicium

470 3626 765 3699 interrogo
788 3627 1045 3700 aliquem
1070 3645 1102 3683 e
1125 3628 1377 3684 laudatis
1401 3634 1458 3685 et
1474 3634 1713 3702 propter
1730 3629 1841 3684 hoc
1864 3629 2073 3685 amatis
2090 3646 2123 3684 a

474 3716 815 3786 sensatis,et
842 3715 1099 3788 aliquem
1123 3734 1153 3773 e
1177 3717 1659 3790 vituperabilibns
1681 3722 1737 3771 et
1764 3717 1893 3772 ideo
1924 3717 2121 3772 vitatis

473 3821 508 3860 a
530 3809 681 3861 recte
712 3804 1103 3861 sentientibus
1132 3822 1145 3860 :
1182 3823 1323 3861 num
1357 3804 1604 3878 pulchra
1633 3805 1890 3861 laudatio
1912 3806 1939 3860 ?
1971 3805 2122 3861 Dici-

475 3893 549 3949 tis
580 3909 721 3949 sane
743 3893 827 3949 sic
850 3911 969 3948 rem
995 3911 1055 3949 se
1083 3895 1292 3950 habere
1317 3912 1330 3962 ;
1355 3911 1491 3967 ergo
1511 3896 1730 3950 malum
1763 3894 2121 3950 contrarium

472 3982 981 4054 exprobratio.Cur
1001 3999 1137 4056 ergo
1170 3983 1480 4055 pulchrum
1513 3983 2024 4057 prmtermittentes
2049 3983 2119 4038 ad

473 4070 694 4126 malum
716 4077 969 4127 mentem
988 4072 1537 4145 applicamus?0uid
1560 4073 1751 4129 adhuc
1770 4072 2120 4130 ?Pulchrum

469 4159 786 4230 gratiarum
812 4160 1239 4217 actio?Animas
1259 4168 1483 4218 vestras
1506 4163 2026 4234 scrutor,beneque
2049 4163 2119 4218 ad

469 4248 581 4304 hoc
611 4249 913 4304 ordinatas
946 4249 1134 4317 video,
1166 4256 1447 4323 negantes
1482 4268 1514 4307 e
1560 4257 1762 4307 contra
1792 4253 1864 4308 de
1894 4253 2121 4323 ingrato

469 4336 666 4393 animo
696 4337 850 4409 quod
885 4337 963 4392 sit
993 4336 1326 4409 pulchrum.
1379 4340 1568 4404 Quare
1598 4356 1734 4412 ergo
1766 4357 1879 4396 non
1911 4340 2123 4396 erube-

473 4429 648 4482 scunt
679 4426 893 4498 ingrati
928 4427 1133 4493 animi,
1162 4427 1375 4484 Judam
1408 4428 1707 4486 imitantes
1737 4429 1835 4500 qui
1865 4433 1985 4483 tam
2011 4428 2121 4485 vile

468 4529 683 4570 nomen
717 4517 894 4586 prout
924 4515 1161 4571 decebat
1196 4515 1595 4572 haereditavit?
1625 4518 1732 4573 Sed
1767 4517 1936 4573 obolo
1967 4516 2118 4572 vale-

2235 2034 2404 2089 ματος
2453 2012 2698 2091 ἀμυδροῦ
2744 2016 2950 2089 καρπὸν
2991 2015 3183 2081 κακίας
3235 2016 3525 2092 πολύχουν
3585 2015 3893 2073 ἆντιδιδόν·

2226 2125 2335 2169 τες.
2387 2102 2688 2181 Πολλαχοῦ
2736 2101 2795 2160 δὶ
2836 2105 2888 2159 οἱ
2915 2109 3179 2176 τοιοῦτοι,
3236 2105 3375 2169 καθὰ
3439 2105 3533 2160 καὶ
3595 2105 3894 2183 φθάσαντες

2228 2193 2418 2247 ἆνόπιν
2451 2191 2623 2267 λόγου
2682 2191 3135 2267 ὗπεδηλώσαμεν,
3194 2194 3287 2250 καὶ
3339 2194 3565 2250 πλεῖόνν
3592 2215 3651 2251 τι
3684 2194 3892 2252 ἐκείνου

2227 2280 2563 2337 ἐπινοοῦνται
2607 2282 2745 2338 κατὰ
2798 2280 2898 2338 οὐκ
2940 2280 3226 2354 ἐπαινετὴν
3264 2286 3567 2359 περίνοιαψ
3608 2285 3708 2339 καὶ
3755 2286 3889 2358 ἅπερ

2226 2370 2433 2433 ἐκεῖνος
2494 2370 2594 2426 οὐκ
2649 2370 2969 2444 ἐννοήσηται
3026 2370 3129 2446 ἂν,
3185 2372 3339 2428 αὐτοὶ
3411 2376 3885 2450 περιιρτάζονται,

2224 2465 2479 2536 πονηρῶν
2548 2462 2835 2536 λογισμῶν
2891 2457 3289 2517 ἀναϐαινόντων
3337 2461 3390 2517 ἐν
3450 2468 3573 2525 ταῖς
3633 2462 3887 2538 καρδίαις

2225 2550 2426 2607 αὐτῶν.
2461 2550 2557 2604 Καὶ
2585 2550 2769 2605 καινόν
2801 2572 2853 2606 τι
2881 2555 3043 2606 τοῦτο
3070 2549 3248 2623 οὐδὲν,
3282 2550 3336 2607 εἶ’
3358 2572 3423 2627 γε
3471 2552 3578 2607 οὐκ
3637 2552 3885 2622 ἕντελής,

2227 2638 2351 2695 οὒδὶ
2380 2641 2680 2718 ἀκραιφνὴς
2702 2640 2793 2695 καὶ
2824 2636 3056 2717 ἀκριϐὴς
3086 2641 3176 2697 καὶ
3206 2640 3596 2718 διηρθρωμένῃ
3632 2650 3757 2708 τοῖς
3781 2642 3891 2700 δαί-

2232 2751 2388 2803 μοσιν
2434 2734 2469 2800 ἡ
2514 2732 2722 2801 νοήσις,
2773 2727 2901 2785 οὔτε
2941 2734 2977 2801 ἡ
3010 2729 3319 2808 διορατική,
3353 2728 3477 2788 οὔτε
3507 2736 3544 2804 ἠ
3578 2731 3791 2805 λοιπὴ,
3820 2736 3891 2798 ὡς

2230 2816 2402 2890 δῆλον
2428 2820 2657 2895 πέφηνεν
2687 2819 2745 2875 ἐκ
2773 2818 3023 2889 πολλῶν,

2302 2910 2367 2966 κ’,
2398 2910 2513 2966 Ἵνα
2543 2906 2600 2963 δὲ
2627 2908 2728 2977 τήν
2783 2905 3102 2984 ὑϐριστικὴν
3153 2908 3536 2989 φαυλοτομίαν
3573 2911 3674 2968 καὶ
3705 2910 3892 2975 ἄλλως

2233 2994 2820 3073 παραδειγματίσαντες
2894 2997 3279 3075 ἀπελέγξωμεν
3319 3046 3334 3069 ,
3427 3001 3539 3077 οὐχ
3628 2996 3894 3078 65pm“-

2238 3088 2453 3148 Θοῦντες
2509 3085 2685 3155 αὐτοὶ,
2745 3085 2892 3143 ἀλλᾶ
2931 3093 3040 3144 τῶν
3092 3084 3360 3166 ὑϐριστῶν
3418 3090 3896 3167 ὑπεραισχυνόμε-

2235 3196 2343 3244 νοι,
2404 3175 2494 3231 καὶ
2549 3175 2825 3240 ἐλεοῦντες
2882 3176 3097 3247 αὑτοὺς,
3156 3175 3304 3251 εἴπερ
3370 3178 3486 3234 ἀντῖ
3545 3183 3648 3235 τοῦ
3707 3178 3899 3235 λαλεῖν

2236 3265 2613 3341 ἀνθρωπίνως,
2673 3266 2748 3329 ὡς
2798 3267 2829 3323 ὁ
2876 3266 3006 3328 Θεὸς
3052 3267 3201 3340 ἡμᾶς
3228 3263 3426 3338 ἔταξεν,
3458 3268 3576 3323 εἶτα
3611 3266 3892 3343 βαΰζουσι.

2225 3353 2691 3419 καθυλακτοῦντες
2759 3358 2868 3410 τῶν
2943 3353 3236 3432 ἀδελφῶν,
3293 3358 3393 3411 ὅσα
3454 3354 3602 3430 μηδὶ
3663 3355 3890 3430 οἴδασιν,

2229 3442 2375 3500 ἀλλᾶ
2429 3443 2753 3519 πανούργως
2784 3442 3137 3500 πλάττονταιθ
3169 3443 3446 3519 μεθοδεύω
3474 3447 3578 3515 τήν
3634 3444 3889 3502 διδασκα-

2230 3532 2350 3589 λίαν
2408 3533 2497 3588 καὶ
2552 3530 2761 3596 ἄλλως.
2821 3530 2964 3591 Ἰδοὺ
3022 3532 3211 3608 ἱρωτῶ
3265 3536 3406 3610 πρὸς
3435 3532 3716 3610 διάκρισίν
3772 3558 3889 3593 τινα

2227 3627 2335 3677 τῶν
2392 3643 2449 3676 τε
2506 3621 2907 3695 ἐπαινούμενων
2963 3622 3055 3678 καὶ
3100 3621 3173 3678 δι’
3200 3625 3332 3679 αὐτὸ
3371 3622 3731 3700 φιλουμινων
3774 3633 3888 3689 τοῖς

2230 3709 2508 3788 ἐχὲφροσι,
2566 3711 2657 3766 καὶ
2700 3716 2808 3766 τῶν
2856 3713 3096 3785 ψεκτέων
3144 3714 3236 3768 καὶ
3271 3710 3361 3767 διὰ
3388 3716 3551 3769 τοῦτο
3613 3717 3888 3793 φευγομι-

2228 3820 2333 3853 νων
2362 3805 2478 3862 τοῖς
2526 3801 2660 3875 ὀρθὰ
2706 3805 3019 3877 φρονοῦσινο
3071 3800 3172 3877 ἄρά
3216 3823 3278 3878 γε
3321 3801 3491 3857 καλὸν
3544 3804 3574 3857 δ
3627 3802 3885 3875 ἔπαινοςς

2232 3889 2454 3964 Ἐρεῖτε,
2508 3891 2722 3952 πάντως
2776 3888 2950 3952 οὕτως
3005 3885 3153 3966 ἔχειν
3205 3892 3268 3946 τὸ
3325 3898 3577 3968 πρᾶγμα·
3621 3894 3714 3948 καὶ
3774 3896 3887 3949 τοί-

2230 3997 2321 4056 νυν
2369 3977 2531 4031 κακὸν
2589 3978 2652 4032 τὸ
2710 3977 2949 4033 ἰναντίον
3009 3981 3038 4032 ὁ
3094 3978 3286 4053 ψόγος.
3344 3979 3405 4033 Τί
3459 3979 3556 4035 οὖν
3610 3983 3679 4037 τὸ
3720 3982 3887 4039 καλὸν

2232 4064 2495 4143 ἀφιίντες,
2547 4066 2681 4141 πρὸς
2737 4070 2817 4139 τῶ
2872 4070 3022 4139 κακῷ
3077 4065 3280 4143 ἔχομεν
3309 4068 3402 4123 τὸν
3445 4070 3616 4139 νοῦν;
3672 4069 3736 4125 Τί
3796 4069 3886 4141 δὲ;

2231 4153 2396 4209 καλὸν
2472 4155 2507 4223 ἠ
2585 4153 2938 4231 εὖχαριστία;
3017 4155 3360 4229 Παρακύπτω
3419 4156 3495 4219 εἷς
3550 4159 3654 4223 τὰς
3706 4161 3887 4235 ψυχὰς

2230 4242 2408 4315 ὑμῶν,
2438 4243 2528 4297 καὶ
2565 4243 2753 4317 βλέπω
2782 4245 3206 4317 κατατιθεμένας
3261 4244 3427 4307 αὐτὰς
3453 4246 3546 4302 καὶ
3592 4246 3676 4311 εἷς
3703 4253 3889 4319 τοῦτο,

2229 4330 2585 4394 ἀνανευούσας
2643 4329 2701 4387 δὲ
2746 4332 2939 4388 αὐτίκα
2989 4332 3066 4396 εἷς
3113 4335 3177 4389 τὸ
3227 4336 3327 4404 τὴν
3376 4334 3702 4412 ἀχαριστίαν
3759 4339 3890 4393 εἶναι

2227 4419 2418 4477 καλόν.
2470 4421 2619 4476 Διατί
2665 4420 2843 4475 τοίνυν
2891 4422 2995 4477 οὐκ
3035 4420 3313 4479 αἰδοῦνται
3342 4424 3395 4479 οἱ
3424 4423 3747 4502 ἀχάριστοι,
3803 4428 3894 4482 τὸν

2229 4508 2436 4566 Ἰούδαν
2488 4509 2779 4580 ζηλοῦντες
2811 4556 2827 4580 ,
2891 4512 2950 4573 ’ὀς
3009 4510 3426 4588 ὶκληρονόμησε
3469 4518 3572 4569 τοῦ
3628 4516 3890 4572 τοιούτου

470 4603 571 4658 bat
600 4603 808 4676 gratia,
844 4603 1096 4677 inquies,
1129 4623 1161 4661 (ι
1208 4605 1434 4677 ingrate
1483 4606 1700 4661 anime.
1734 4609 1801 4661 Et
1843 4606 1943 4661 tali
1976 4623 2118 4678 pon-

2232 4598 2444 4675 φαῦλου
2492 4598 2762 4673 ὀνόματος
2801 4606 2920 4655 κατ’
2967 4599 3275 4676 ἐξαίρετον;
3337 4600 3512 4659 Ἀλλὰ
3558 4598 3778 4661 ὀϐολοῦ
3822 4606 3886 4675 ἦν

469 4691 607 4748 dere
633 4692 886 4765 teipsum
904 4694 1309 4765 appende,non
1339 4697 1529 4750 solum
1552 4710 1719 4768 aequa
1746 4694 1909 4752 lance
1930 4700 2121 4752 tecum

471 4781 862 4852 ponderatum
943 4782 1159 4853 pariter
1237 4784 1520 4851 invenies,
1581 4784 1680 4839 sed
1753 4787 1810 4840 et
1874 4785 2125 4857 graviter

473 4874 845 4942 praestantem
896 4871 1157 4928 obolum.
1194 4873 1259 4927 Et
1315 4874 1397 4929 sic
1456 4890 1569 4929 non
1628 4873 1869 4946 indigne
1928 4875 2056 4944 fert,
2089 4891 2121 4929 ο

471 4958 644 5013 homo
669 4958 775 5030 (ita
825 4960 1226 5032 appretiande)
1278 4961 1444 5017 nihili
1486 4961 1643 5034 paris
1701 4962 1976 5034 ponderis
2021 4972 2122 5035 qui

468 5044 686 5101 donum
745 5047 1035 5120 recepisti,
1095 5049 1418 5120 praesertim
1467 5049 1516 5105 si
1587 5050 1826 5105 omnino
1884 5050 2122 5105 divitem

468 5135 675 5191 mundi
724 5135 1029 5192 dominum
1074 5138 1446 5209 conspexeris
1495 5143 1675 5193 Deum
1710 5138 1953 5194 minutis
1984 5139 2125 5195 duo-

464 5225 575 5281 bus
606 5229 947 5281 contentum
991 5230 1048 5281 et
1104 5232 1265 5298 grate
1322 5227 1617 5296 affectum,
1654 5244 1757 5283 nec
1816 5229 2122 5300 parvipen-

461 5314 693 5370 dentem
747 5330 850 5369 nec
897 5314 1083 5371 vidua)
1133 5321 1498 5373 aversantom
1544 5330 1787 5372 manum
1823 5333 1939 5389 qua
1970 5318 2124 5373 dona

464 5420 639 5476 parva
668 5404 779 5477 ipsi
816 5404 1114 5475 preposita
1166 5412 1325 5477 sunt,
1378 5423 1494 5461 non
1544 5405 1772 5461 minuta
1804 5406 2122 5462 aestimanti

465 5491 731 5547 mulieris
765 5492 1210 5564 munusculum,
1262 5497 1363 5551 sed
1418 5494 1859 5568 simplicitatem
1894 5498 1951 5551 et
1981 5512 2122 5551 con-

463 5579 798 5650 gruentiam
831 5580 1022 5653 ipsius
1053 5582 1441 5640 benedicenti.

541 5702 562 5736 ⁵
586 5702 756 5758 Joan.
787 5720 903 5773 ιιι,
932 5708 990 5774 6,

2232 4688 2350 4760 ἀξία
2375 4690 2410 4759 ἡ
2459 4690 2644 4765 χάρις,
2695 4687 2859 4767 φαίης
2909 4689 2992 4760 ἃν,
3044 4690 3090 4744 ὧ
3119 4690 3404 4767 ἀχάριστε.
3439 4692 3539 4747 Καὶ
3571 4693 3889 4768 στάθμησον

2229 4778 2413 4834 ἑαυτὸν
2475 4776 2720 4843 ἑνταῦθα·
2797 4780 2885 4834 καὶ
2964 4778 3095 4842 ἴσως
3165 4781 3413 4855 εὑρήσεις
3484 4780 3585 4837 οὐκ
3659 4783 3886 4853 ἀντιση-

2228 4872 2421 4922 κοῦντα
2481 4866 2645 4941 μόνον
2704 4867 2792 4923 ἰπὶ
2851 4867 2955 4937 σοὶ,
3013 4867 3159 4924 ἀλλὰ
3212 4869 3303 4924 ναὶ
3344 4867 3683 4927 καθέλκοντα
3743 4874 3884 4949 ῥοπῇ

2236 4956 2426 5034 βαρείᾳ
2450 4957 2539 5011 τὸν
2594 4951 2817 5014 ὀϐολόν.
2868 4957 2967 5012 Καὶ
3002 4957 3175 5022 οὕτως
3203 4958 3303 5013 οὐκ
3332 4956 3392 5013 ἃν
3453 4957 3811 5037 δυσχερανεῖς
3856 4965 3885 5017 ι

2233 5045 2434 5120 (θετέον
2468 5045 2663 5120 οὕτως)
2691 5041 2998 5118 ὁϐολιαῖος,
3033 5045 3323 5124 ἰσόρροπον
3354 5044 3501 5124 ἔχων
3531 5046 3770 5128 δωρεὰν,
3800 5052 3883 5106 καὶ

2237 5132 2479 5209 μᾶλλον,
2514 5135 2559 5190 εἱ
2601 5137 3057 5211 προσενθυμηθῇς
3101 5139 3192 5192 τὸν
3239 5136 3631 5211 παμπλούσιον
3680 5161 3883 5214 κοσμο-

2234 5223 2496 5295 δεσπότην
2530 5227 2656 5281 θεὸν
2691 5222 2912 5288 λεπτοῖς
2945 5223 3092 5281 δυσὶν
3125 5226 3469 5301 ἀρκεσθέντα,
3511 5228 3603 5283 καὶ
3651 5232 3885 5305 χαρέντα

2233 5315 2317 5369 καὶ
2351 5317 2427 5387 μὴ
2461 5311 2910 5385 ἐξουδενώσαντα,
2947 5312 3088 5389 μηδὶ
3116 5316 3214 5385 τήν
3243 5323 3344 5385 τῆς
3376 5324 3448 5392 χή
3461 5337 3562 5392 ρας
3618 5319 3885 5395 ἀποστραο

2231 5403 2392 5482 φὲντα
2422 5409 2604 5478 χεῖρα,
2640 5400 2710 5457 δι’
2757 5406 2823 5473 ἧς
2876 5401 3053 5479 δωρεὰ
3083 5405 3287 5481 σμικρᾶ
3314 5407 3582 5481 προετέθη
3618 5407 3793 5481 αὐτῷ,
3820 5407 3880 5462 οὗ

2231 5490 2697 5566 λεπτολογήσαντι
2743 5492 2806 5547 τὸ
2855 5493 3230 5569 σμικρολόγον
3275 5500 3378 5564 τῆς
3423 5496 3707 5570 γυναικὸς,
3758 5495 3880 5552 ἀλλ’

2231 5580 2584 5658 εὐλογήσαντι
2639 5580 2702 5636 τὸ
2762 5581 2852 5637 καὶ
2902 5582 3108 5639 ἁπλοῦν
3167 5582 3376 5653 ἆκείνης
3424 5585 3516 5639 καὶ
3570 5583 3876 5662 εὔγνωμον.
