4136 6210
321 340 473 399 1049

379 470 482 524 κα’.
536 468 657 524 Ἔτι
716 471 1123 543 προσεπερωτῶ
1159 484 1172 497 '
1229 464 1458 540 πότερον
1515 462 1768 531 κάλλιον,
1828 459 1967 530 ἆλη-
1999 465 2052 531 Α

1339 334 1719 394 EPISTOLA
1765 332 1867 391 AD
1910 330 2015 391 ΤΗ
2028 328 2445 391 ESSALONIC
2457 329 2599 389 ENS
2613 329 2725 389 ES.

3571 328 3594 385 1
3607 325 3728 388 050

2149 463 2240 516 21.
2271 460 2476 517 Adhuc
2532 459 2849 533 interrogo,
2882 463 3082 515 utrum
3142 458 3473 530 pulchrius,
3517 458 3727 516 verita-

312 557 514 624 θεύειν,
545 556 580 625 ἢ
639 553 967 629 ψεύδεσθαι;
1013 554 1172 611 Ἀλλ’
1231 544 1453 609 ἐνταῦθα
1510 552 1607 606 οὑκ
1663 550 1908 626 ἀνέχεται
1941 550 1969 604 6

2091 559 2274 610 temne
2323 568 2394 608 an
2455 551 2830 609 mendacium
2882 552 3076 607 dicere
3101 550 3129 605 ?
3158 551 3267 606 Sed
3318 550 3416 605 hic
3447 567 3562 606 non
3590 550 3731 606 sinit

307 648 465 716 Θεὸς,
498 648 535 716 ἡ
570 644 962 716 αὑτοαλήθεια,
998 643 1290 717 σκέψασθαι
1328 643 1465 717 ὑμᾶς
1502 642 1599 710 τὴν
1661 639 1972 715 ἀπόκρισιν,

314 734 446 792 ἀλλ’
479 734 769 810 οὐρανόθεν
834 734 937 809 βοᾷ
993 732 1307 804 ἐξάκουστον
1338 730 1467 786 ’καὶ
1524 731 1679 804 ὑμεῖς
1731 727 1972 793 ἀκούετε,

305 826 399 880 καὶ
458 823 737 879 πιστεύετε
787 825 886 892 τὴν
947 820 1205 893 ἀλήθειαν
1257 820 1576 895 ἐπίπροσθεν
1607 820 1762 889 εἶναι,
1793 812 1972 891 ὥσπερ

305 919 409 969 τοῦ
443 912 732 986 δαίμονος,
757 911 899 966 οὕτω
949 910 1040 965 καὶ
1097 914 1195 965 τοῦ
1247 908 1448 964 ἐκεῖθεν
1503 911 1671 962 κακοῦ
1729 905 1973 982 ἐκγόνου,

305 1008 411 1058 τοῦ
471 999 782 1077 ψεύδεσθαι.
839 998 907 1058 Ei
959 1003 1087 1075 γοῦν
1148 998 1342 1074 ἀγαθὸν
1401 999 1437 1066 ἡ
1490 996 1739 1067 ἀλήθεια,
1770 993 1823 1049 τί
1878 998 1974 1048 τοῦ

304 1088 552 1166 ψεύδους
583 1088 866 1163 γινόμεθα,
896 1086 987 1143 καὶ
1045 1086 1107 1141 οὐ
1164 1085 1333 1161 λέγω,
1364 1089 1459 1141 τοῦ
1512 1084 1563 1138 ἐν
1600 1084 1807 1161 ῥήμασι
1871 1082 1975 1155 μό-

304 1203 459 1252 νοις,
494 1178 639 1235 ἀλλὰ
684 1178 910 1233 καὶτοῦ
967 1176 1019 1232 ἐν
1079 1174 1260 1253 ἔργοις
1318 1176 1396 1238 ὡς
1442 1174 1714 1248 μάλιστα;
1748 1175 1843 1241 Μὴ
1874 1172 1974 1247 γάρ

311 1292 401 1332 τις
444 1270 666 1336 οἰέσθω,
698 1267 752 1322 ἐν
787 1268 977 1340 μόνοις
1010 1265 1197 1341 λόγοις
1247 1263 1673 1341 περιγεγράφθαι
1733 1263 1795 1317 τὸ
1847 1265 1974 1336 ψεῦ-

313 1356 430 1423 δος’
465 1354 592 1414 ἀλλ’
653 1355 963 1429 ἐπιστήμην
1026 1356 1202 1430 ὲχὲτω
1258 1354 1368 1430 οὐχ
1421 1352 1618 1423 ἥκιστα
1674 1352 1762 1406 καὶ
1796 1347 1978 1427 ἔργοις

312 1452 438 1509 τοῖς
516 1446 633 1500 κατ’
687 1442 969 1521 ἄνθρωπον
1051 1442 1473 1520 ἐματεσπάρθαι
1552 1441 1615 1496 τὸ
1673 1437 1975 1515 ψεύδεσθαι.

314 1537 421 1592 Καὶ
489 1534 670 1609 ὥσπερ
721 1554 804 1596 τις
856 1530 1203 1609 εύτροπὲλως
1261 1531 1350 1587 καὶ
1427 1528 1616 1601 δεξιῶς
1687 1528 1975 1603 ἐθεώρησε,

314 1627 417 1681 τὸν
454 1625 710 1680 σόλοικον
740 1620 1026 1700 ἄνθρωπον
1057 1623 1159 1677 οὐκ
1190 1621 1242 1676 ἐν
1279 1620 1428 1695 μόνῳ
1450 1624 1530 1693 τῷ
1566 1619 1753 1676 λαλεῖν
1786 1618 1821 1687 ἢ
1852 1619 1978 1693 γρά-

315 1736 441 1794 φειν
499 1711 868 1776 ἐνδείκνυσθαι
924 1713 984 1766 τὸ
1042 1712 1160 1767 κατ’
1218 1711 1378 1766 αὐτὸν
1437 1708 1743 1787 ἐφάμαρτον
1793 1711 1975 1779 τοῦτο,

313 1800 470 1858 ἀλλὰ
538 1800 630 1855 καὶ
701 1798 1110 1875 ἐγκατανεύσεσι
1188 1799 1279 1853 καὶ
1352 1796 1653 1852 ἀνανεύσεσι
1727 1795 1816 1850 καί
1869 1815 1977 1849 τισι

310 1890 620 1951 τοιούτοις’
655 1887 796 1943 οϐνω
824 1889 915 1943 καὶ
973 1888 1071 1957 τὴν
1116 1886 1382 1961 ἁμαρτίαν
1431 1891 1530 1940 τοῦ
1573 1882 1803 1959 ψεύδους
1860 1882 1972 1939 ἔστι

309 1984 466 2035 νοεῖν
527 1978 892 2053 μεριζομένην
952 1975 1029 2039 ε’ίς
1094 1996 1151 2031 τε
1195 1973 1585 2050 ψευδολογίαν,
1614 1974 1705 2029 καὶ
1762 1972 1837 2035 εἷς
1896 1972 1973 2035 ὠς

316 2066 501 2129 οὕτως
561 2065 732 2121 εἷπεῖν
817 2062 1235 2139 ψευδοπραξίαν.
1294 2066 1381 2126 Ὠς
1456 2063 1559 2137 γὰρ
1636 2060 1886 2137 ψεύδεται
1948 2064 1976 2116 6

319 2155 478 2212 ἄλλα
511 2155 605 2227 μὶν
636 2154 922 2232 προφέρω-ε
966 2153 1232 2229 χείλεσιν,
1263 2150 1410 2208 ἅλλα
1449 2150 1508 2207 δὲ
1558 2149 1975 2227 βυσσοδομεύων

321 2244 470 2301 κατὰ
526 2245 737 2320 ψυχὴν,
779 2241 869 2298 καὶ
921 2242 1245 2318 ἀσύμφωνον
1299 2239 1495 2298 λαλιὰν
1554 2239 1805 2317 προάγων
1864 2244 1979 2302 τοῖς

325 2331 841 2409 ἐνδυμυχουμένοις
870 2334 1160 2405 νοήμασιν,
1194 2331 1256 2385 οὗ
1303 2328 1369 2400 δὴ
1419 2330 1762 2409 φαυλοτάτου
1818 2328 1979 2403 σπέρ-

328 2442 507 2494 ματος
536 2421 967 2497 πρωτογὲωργος
994 2421 1023 2474 ὁ
1050 2424 1168 2481 τοῖς
1199 2419 1492 2495 γενάρχαις
1531 2420 1692 2492 ἡμῶν
1760 2412 1981 2472 ἐπιϐου-

324 2509 687 2583 λευσάμενος·
749 2508 892 2564 οὕτω
948 2508 1040 2563 καὶ
1097 2509 1126 2563 6
1182 2509 1432 2582 πράττων
1509 2508 1601 2581 μὶν
1683 2507 1858 2582 ἀγαθὰ
1927 2505 1979 2561 ἐν

325 2599 716 2675 προσχήματι,
744 2598 1095 2673 τεχνώμενος
1141 2594 1199 2651 δὲ
1250 2595 1340 2652 διὰ
1392 2603 1491 2666 τῆς
1552 2593 1817 2667 δοκούσης
1858 2594 1983 2672 ἀρι-

325 2687 661 2761 στοπραξίας
690 2688 757 2742 τὰ
786 2684 840 2740 ἐν
865 2685 1073 2763 ὑστέρῳ
1110 2685 1380 2762 χείριστα.

403 2776 511 2851 κβ“.
547 2775 647 2830 Καὶ
677 2775 1020 2853 προκατῆρξε
1068 2775 1163 2847 μὲν
1211 2776 1381 2829 κοικοῦ
1433 2772 1686 2828 τοιούτου
1732 2772 1761 2828 6
1815 2771 1981 2850 φιλή-

326 2885 431 2926 σας
469 2866 742 2938 μαθητὴς,
777 2864 889 2919 εἶτα
928 2860 1165 2939 προδοὺς
1214 2865 1306 2918 τὸν
1370 2863 1671 2939 ὑπέρσοφον
1721 2859 1983 2917 Διδάσκα-

323 2952 453 3010 λον.
510 2952 843 3026 Μιμούμεθα
890 2948 949 3006 δί
979 2948 1488 3027 φαυλοδιδάσκαλον
1534 2951 1734 3008 ἐκεῖνον
1778 2952 1870 3007 καὶ
1929 2952 1981 3006 οἱ

315 3044 467 3116 πρὸς
496 3042 657 3097 αὑτὸν
712 3040 1125 3115 ἐξομοιούμενοι
1153 3046 1272 3104 ταῖς
1321 3043 1606 3115 μιμήσεσι.
1639 3041 1831 3097 Φιλεῖν
1879 3042 1981 3116 γάρ

316 3151 461 3187 ποτε
512 3130 603 3185 καὶ
655 3130 812 3185 αὐτοὶ
867 3126 1158 3203 δοκοῦμεν,
1216 3134 1641 3205 προσκυνοῦντες
1709 3131 1801 3204 μὲν
1858 3150 1982 3185 συν-

2079 642 2255 710 Deus,
2284 641 2504 697 veritas
2559 642 2709 713 ipsa,
2759 656 3022 712 quaerere
3074 656 3175 695 vos
3222 655 3595 712 responsum,
3628 642 3729 696 sed

2081 731 2151 786 de
2180 730 2321 786 caalo
2370 730 2585 786 clamat
2631 729 2788 786 clara
2844 745 3020 785 voce:
3055 732 3113 784 et
3154 745 3255 783 vos
3288 728 3487 784 audite
3520 731 3577 785 et
3605 746 3729 784 cre-

2083 821 2201 876 dite
2264 820 2336 876 ob
2399 819 2597 876 oculos
2663 824 2891 875 vestros
2958 817 3212 890 positam
3280 818 3610 888 veritatem,
3677 823 3734 873 et

2083 907 2267 964 solius
2325 906 2607 962 daemonis
2663 923 2794 962 esse
2852 906 3184 978 pariterque
3239 905 3369 975 ejus
3418 905 3580 978 pravi
3626 906 3732 961 filii

2084 994 2459 1051 mendacium
2518 994 2727 1050 dicere.
2788 994 2848 1049 Si
2896 1009 3033 1066 ergo
3091 994 3309 1049 bonum
3368 993 3604 1063 veritas,
3638 994 3731 1049 cui

2084 1085 2374 1141 mendacii
2406 1083 2510 1139 filii
2541 1084 2737 1152 ﬁmus,
2773 1101 2888 1140 non
2947 1084 3073 1140 dico
3120 1087 3352 1140 tantum
3382 1083 3597 1151 verbis,
3629 1084 3731 1139 sed

2084 1176 2262 1231 etiam
2329 1173 2650 1246 praesertim
2748 1174 3075 1246 operibus?
3136 1172 3363 1229 Etenim
3459 1188 3531 1227 ne
3598 1173 3732 1245 quis

2086 1268 2252 1335 putet
2302 1263 2362 1317 in
2413 1262 2553 1319 solis
2610 1261 2981 1318 sermonibus
3040 1261 3444 1318 circumscribi
3483 1263 3763 1318 menda»

2085 1352 2265 1420 cium,
2298 1351 2397 1407 sed
2449 1356 2814 1424 compertum
2872 1350 3106 1419 habeat,
3149 1368 3263 1406 non
3313 1350 3510 1406 minus
3567 1356 3623 1406 et
3670 1351 3728 1406 in

2085 1440 2362 1513 Operibus
2391 1440 2701 1496 hominum
2749 1456 3136 1512 conspersum
3186 1438 3436 1495 inveniri
3486 1441 3732 1496 menda-

2088 1531 2264 1586 cium.
2297 1530 2370 1586 Et
2416 1530 2910 1602 quemadmodum
2959 1527 3149 1600 lepide
3202 1528 3441 1601 quidam
3485 1533 3543 1584 et
3580 1533 3734 1585 recte

2085 1619 2809 1691 consideravit,inquinate
2834 1618 3171 1690 loquentem
3202 1617 3504 1674 hominem
3535 1636 3648 1674 non
3674 1619 3732 1674 in

2088 1709 2230 1766 solis
2258 1708 2452 1765 verbis
2483 1725 2585 1765 seu
2619 1707 2856 1780 scriptis
2908 1707 3189 1764 mendosa
3220 1706 3508 1773 emittere,
3547 1707 3648 1762 sed
3680 1709 3737 1762 et

2088 1798 2331 1855 nutibus
2362 1796 2827 1870 approbantibus
2856 1800 2913 1852 et
2944 1795 3298 1869 negantibus
3328 1799 3386 1851 et
3417 1794 3734 1863 similibus,

2086 1889 2171 1944 sic
2198 1891 2258 1944 et
2288 1887 2580 1944 mendacii
2611 1885 2820 1942 vitium
2879 1885 3183 1942 sciendum
3243 1884 3395 1955 quod
3448 1884 3642 1940 locum
3678 1887 3736 1939 et

2082 1976 2144 2031 in
2177 1976 2324 2033 falsa
2352 1975 2586 2049 loquela
2616 1975 2850 2041 habeat,
2882 1978 2959 2041 et,
2991 1977 3056 2029 ut
3106 1972 3191 2029 ita
3241 1972 3456 2043 dicam,
3489 1972 3548 2027 in
3583 1972 3730 2028 falsa

2085 2066 2334 2122 actione.
2375 2064 2881 2130 Quemadmodum
2930 2062 3088 2119 enim
3133 2062 3416 2118 mentitur
3461 2060 3560 2133 qui
3617 2060 3735 2117 alia

2083 2154 2258 2210 labiis
2290 2155 2531 2226 profert,
2562 2154 2681 2209 alia
2727 2168 2864 2209 vero
2916 2152 3072 2207 intra
3118 2151 3376 2207 animam
3423 2148 3735 2222 excogitat,

2088 2247 2148 2299 et
2175 2243 2479 2299 dissonum
2510 2240 2802 2315 loquelam
2836 2259 2869 2297 a
2899 2241 3077 2297 rebus
3106 2257 3254 2312 quas
3306 2241 3501 2296 anima
3529 2239 3735 2295 molita

2089 2337 2180 2389 est
2206 2331 2498 2398 emittens,
2531 2333 2702 2402 cujus
2728 2330 3158 2404 perversissimi
3190 2328 3475 2403 germinis
3506 2328 3734 2400 primus

2091 2423 2282 2478 cultor
2310 2420 2406 2478 ille
2463 2421 2561 2494 qui
2622 2422 2904 2477 adversus
2943 2420 3164 2491 primos
3195 2422 3468 2491 parentes
3497 2423 3732 2475 nostros

2092 2511 2466 2568 machinatus
2490 2514 2580 2567 est
2602 2527 2617 2578 ;
2642 2510 2726 2566 sic
2746 2514 2805 2566 et
2834 2509 2936 2583 qui
2966 2508 3023 2564 in
3047 2508 3241 2580 specie
3266 2509 3418 2563 bona
3437 2513 3732 2580 operatur,

2091 2601 2333 2659 molitur
2359 2616 2493 2657 vero
2525 2600 2635 2656 sub
2686 2599 2894 2672 optimi
2944 2598 3136 2670 operis
3165 2597 3509 2670 apparentia
3547 2597 3733 2669 pessi-

2092 2709 2190 2748 ma
2220 2690 2495 2763 quaelibet
2522 2689 2581 2744 in
2615 2692 2937 2762 posterum.

2160 2781 2251 2835 22.
2281 2780 2351 2835 Et
2378 2778 2603 2852 primus
2650 2793 2795 2833 usus
2851 2781 2942 2833 est
2996 2775 3138 2832 mali
3195 2776 3375 2847 hujus
3432 2775 3736 2847 praeceptis

2093 2868 2456 2942 discipulus:
2490 2867 2749 2940 primum
2800 2866 3104 2922 osculatus
3156 2869 3265 2936 est,
3296 2863 3508 2921 deinde
3537 2868 3733 2919 autem

2092 2958 2468 3016 excellentem
2518 2956 2775 3029 prodidit
2823 2955 3188 3025 Magistrum.
3235 2958 3577 3010 Perversum
3606 2969 3739 3009 vero

2092 3047 2441 3121 magistrum
2475 3045 2642 3101 illum
2674 3045 2997 3110 imitemur,
3030 3042 3253 3100 similes
3294 3041 3378 3098 illi
3409 3042 3741 3099 simulatio-

2094 3137 2271 3193 nibus
2315 3134 2470 3191 facti.
2504 3135 2650 3192 Nam
2703 3139 2760 3189 et
2824 3133 3143 3205 aliquando
3195 3148 3394 3188 amare
3450 3132 3743 3199 videmur,

322 3224 599 3289 αντῶντα,
656 3219 748 3274 καὶ
817 3216 1010 3295 ἱλαρὸν
1085 3215 1567 3295 προσμειδιῶντες,
1623 3219 1715 3274 καὶ
1789 3238 1977 3295 χειρα-

2091 3231 2147 3283 et
2172 3228 2307 3281 ante
2335 3223 2570 3281 obvium
2615 3237 3050 3294 quemcumque
3102 3221 3532 3293 prosternimur
3569 3224 3626 3275 et
3657 3218 3742 3274 hi-

319 3312 654 3385 γωγοῦντες,
717 3306 763 3363 ἐί
815 3328 920 3362 που
1000 3304 1202 3379 δεήσει,
1261 3306 1351 3361 καὶ
1435 3304 1835 3382 ποδηγοῦντες,
1892 3308 1982 3362 καὶ

322 3397 798 3473 ἐπιχορηγοῦντες
850 3397 919 3451 τὰ
976 3394 1333 3451 ἰλλείποντα·
1373 3396 1564 3470 μικρὸν
1597 3392 1656 3450 δὲ
1712 3394 1836 3451 ὅσον
1892 3395 1984 3450 καὶ

325 3485 540 3541 τούτων
622 3486 837 3541 πάντων
926 3483 1400 3558 ἐκλανθανόμενοι,
1475 3484 1544 3539 τὰ
1612 3480 1741 3560 ἔργα
1809 3484 1985 3539 ἐκεῖνα

325 3573 665 3649 ψευδόμεθα,
745 3575 1277 3649 πανουργευσάμενοι
1371 3571 1501 3635 τοὺς
1573 3571 1982 3643 πιστεύσαντας,

326 3662 461 3717 ὡσεὶ
513 3663 603 3716 καὶ
659 3658 896 3737 ὄρνιθας,
931 3660 1023 3724 οὓς
1071 3662 1123 3716 οἱ
1183 3661 1413 3735 θηραταὶ
1443 3660 1751 3729 ἀλίσκουσι,
1780 3659 1983 3737 θέλγη-

330 3772 435 3823 τρα
491 3752 600 3824 πρὸ
654 3755 764 3806 τῶν
822 3748 1069 3826 παγίδων
1147 3750 1444 3824 τιθέμενοι.
1501 3750 1600 3805 Καὶ
1680 3750 1857 3806 τοίνυν
1912 3754 1983 3825 τῇ

327 3839 569 3904 ἰντεῢθεν
670 3839 971 3915 κακουργίᾳ
1062 3838 1192 3901 τοὺς
1298 3839 1392 3913 μὲν
1478 3841 1985 3913 προσκυνουμένους

322 3928 564 3993 ἐκείνους
620 3927 842 4004 ἄραντες
897 3934 1007 3983 τῶν
1070 3927 1302 3998 σκελῶν,
1355 3927 1828 4005 καταρριπτοῦμεν
1909 3929 1985 3994 εἷς

323 4014 596 4094 ὄλεθρονο
655 4017 784 4080 τοὺς
839 4014 897 4073 δὲ
952 4015 1353 4094 τεθαρρηκότας
1397 4018 1478 4090 τῷ
1537 4015 1851 4091 μειδιάματι
1909 4019 1982 4081 ὡς

321 4110 444 4164 οἷον
496 4104 932 4182 καταγελαστοὺς
991 4104 1358 4179 διατιθέμεθα.
1411 4104 1515 4168 Οὓς
1573 4104 1631 4161 δὲ
1687 4111 1796 4162 τῶν
1861 4126 1982 4183 χεια-

323 4202 435 4273 ρῶν
492 4197 725 4273 ἤγομεν,
786 4194 1162 4274 ὑπερείδοντες
1224 4190 1726 4272 ἀποστρεϐλοῢμεν,
1766 4197 1802 4267 ἢ
1864 4219 1982 4253 συν-

326 4286 545 4349 δέοντες
571 4286 760 4357 αὑτὰς,
800 4288 837 4358 ἢ
884 4287 1071 4349 ἄλλως
1118 4286 1515 4362 ἐξαρθροῦντες.
1548 4287 1655 4355 Τὴν
1703 4284 1760 4341 δὲ
1814 4284 1987 4358 ποδη-

323 4376 449 4454 γίαν
508 4376 584 4439 εἷς
643 4376 858 4448 πλάνην
920 4373 1121 4431 ἄτοπον
1204 4377 1627 4449 μεταποιοῦμεν,
1688 4375 1980 4450 παρεκνεύ-

327 4485 483 4528 οντες
539 4471 645 4535 τῆς
708 4464 895 4538 ὀρθῆς*
926 4465 991 4521 τὸ
1049 4462 1107 4522 δὲ
1153 4470 1421 4541 χορηγεῖν
1477 4465 1545 4519 τὰ
1600 4462 1867 4536 ἰνδξοντα,
1910 4465 1986 4530 εἰς

2092 3315 2212 3372 lare
2241 3313 2635 3378 subridentes,
2666 3315 2723 3366 et
2760 3327 2939 3366 manu
2992 3309 3310 3383 dirigentes
3365 3310 3412 3364 si
3461 3324 3611 3380 opus
3642 3307 3740 3373 sit,

2092 3407 2148 3459 et
2211 3393 2492 3458 ducatum
2560 3402 2907 3472 prmbentes,
2969 3398 3254 3455 auxilium
3334 3398 3738 3470 superadden-

2092 3496 2181 3549 tes
2214 3492 2286 3547 de
2316 3489 2631 3563 superﬂuis
2656 3507 2671 3559 ;
2695 3493 2754 3545 et
2784 3489 2941 3545 brevi
2998 3492 3132 3561 post
3186 3488 3452 3544 omnium
3485 3487 3734 3543 istorum

2094 3580 2261 3638 obliti
2318 3579 2595 3652 operibus
2653 3578 2785 3635 istis
2841 3578 3165 3635 mentimur
3221 3592 3320 3633 eos
3379 3576 3478 3649 qui
3532 3577 3591 3631 in
3634 3593 3737 3632 no-

2091 3670 2184 3727 bis
2224 3669 2531 3726 conﬁdunt
2586 3666 2874 3735 fallentes,
2936 3668 3091 3724 sicut
3146 3683 3300 3733 aves,
3359 3682 3506 3738 quas
3563 3682 3739 3721 vena-

2094 3763 2249 3816 tores
2277 3761 2578 3829 aucupant
2604 3755 2939 3813 illecebram
2973 3760 3107 3812 ante
3137 3754 3286 3811 retia
3314 3758 3741 3828 ponentes.lta-

2094 3865 2209 3921 que
2239 3847 2616 3920 improbitate
2673 3847 2789 3902 ista
2848 3862 2992 3918 quos
3039 3845 3281 3918 quidem
3331 3846 3589 3901 venerati
3638 3862 3741 3899 suo

2095 3954 2229 3992 mus
2286 3934 2621 3992 attollentes
2678 3934 2949 4007 pedibus,
3008 3933 3338 4007 praecipites
3390 3933 3447 3988 in
3506 3931 3736 3988 ruinam

2093 4026 2349 4094 damus;
2400 4039 2500 4080 eos
2542 4039 2677 4080 vero
2726 4024 2829 4095 qui
2876 4021 3273 4079 arridentibus
3317 4022 3487 4078 nobis
3533 4021 3742 4077 conﬁsi

2093 4118 2254 4181 sunt,
2285 4119 2566 4186 tanquam
2622 4112 2973 4169 deridendos
3027 4110 3331 4168 habemus.
3362 4115 3519 4177 Quos
3550 4110 3737 4168 mani-

2093 4205 2205 4260 bus
2261 4203 2678 4275 dirigebamus,
2738 4205 3178 4259 contemnentes
3222 4204 3585 4272 torquemus,
3620 4201 3741 4257 sive

2092 4292 2356 4366 ipsorum
2387 4291 2664 4347 manibus
2692 4290 2890 4363 ligatis
2944 4290 3064 4346 sive
3108 4290 3276 4346 aliter
3324 4289 3560 4346 luxatis.
3592 4289 3738 4345 Con-

2093 4384 2336 4439 ductum
2370 4395 2548 4454 quem
2578 4380 2987 4453 prazbebamus
3016 4380 3077 4435 in
3104 4380 3482 4436 defectionem
3524 4396 3559 4434 a
3583 4382 3740 4434 recto

2092 4487 2268 4528 cursu
2302 4473 2667 4538 mutamus,a
2689 4473 2847 4526 recta
2866 4468 2958 4525 via
2989 4469 3361 4525 deﬂectentes
3387 4485 3400 4536 ;
3433 4471 3491 4522 et
3522 4466 3738 4538 quibus

326 4555 609 4632 ἀφαίρεσιν
640 4558 751 4609 τῶν
785 4554 1168 4630 ὑπαρχόντων,
1202 4548 1383 4628 ὥσπερ
1436 4552 1550 4609 οἷόν
1577 4574 1636 4609 τε
1665 4555 1756 4624 ἧν,
1790 4553 1980 4610 ἀλλοι-

2091 4558 2376 4617 auxilium
2408 4559 2824 4615 addideramus
2875 4557 2937 4633 in
2987 4573 3101 4630 quo
3132 4556 3381 4629 egebant
3411 4556 3740 4622 immutati,

325 4648 533 4716 οῦντες,
571 4656 646 4718 μη
701 4664 806 4699 που
864 4640 922 4699 δὲ
968 4643 1058 4699 καὶ
1106 4643 1181 4706 εἰς
1222 4645 1366 4712 ζωῆς
1395 4641 1564 4712 αὐτῆς
1597 4641 1982 4719 ἄποστὲρησιν.

324 4733 521 4795 Οὕτως
585 4734 749 4806 ἡμεῖς
801 4732 876 4795 εἷς
931 4734 994 4787 τὸ
1041 4737 1144 4787 πᾶν
1220 4728 1550 4805 ψευδόμεθα,
1609 4728 1735 4786 οὔτε
1793 4731 1983 4806 λόγοις

328 4816 775 4886 εύθυὸολοῦντες.
838 4821 927 4876 καὶ
984 4827 1103 4883 τοῖς
1175 4816 1352 4896 ἔργοις
1409 4817 1469 4875 δὲ
1523 4815 1980 4893 σκαμϐευόμενοι,

323 4912 402 4974 ὡς
460 4910 519 4966 ἂν
577 4909 703 4986 ἔχοι
763 4911 1191 4989 καταφάσκεσθαι
1240 4911 1400 4983 ἡμῶν
1434 4910 1497 4964 τὸ
1529 4911 1812 4965 Δαυϊτικὸν
1840 4907 1980 4981 άλη-

322 4999 578 5072 θέστατα,
608 4999 685 5063 ὡς
716 5024 744 5052 ‹‹
779 4998 977 5062 Πάντες
1009 4996 1285 5074 ἄνθρωποί
1317 4997 1475 5073 ἐσμεν
1507 5001 1755 5073 ψεῦσται.
1793 5023 1816 5051 ι

398 5274 496 5343 κγ’.
533 5266 630 5320 Καὶ
680 5263 797 5321 οῖδα
836 5267 932 5339 μὶν
983 5265 1251 5335 πολλοὺς,
1287 5267 1500 5339 μήποτε
1531 5263 1705 5322 δὲκαὶ
1738 5266 1836 5342 ἐμὲ
1882 5266 1977 5322 a6-

322 5357 419 5412 τὸν
498 5352 933 5424 ὑπολαλοῦντας,
1012 5355 1110 5425 ὡς,
1159 5354 1273 5411 ἐπεὶ
1352 5353 1676 5431 διορατικῶς
1732 5358 1760 5411 6
1815 5355 1978 5413 Δαυῗδ

325 5446 754 5523 προεφήτευσεν,
811 5444 1098 5520 ἀμήχανόν
1158 5443 1268 5501 ἐστι
1330 5442 1601 5501 διαπεσεῖν
1655 5446 1717 5501 τὸ
1775 5445 1980 5503 ἐκείνου

403 5667 429 5702 ⁸
454 5662 606 5722 Psal.
639 5679 765 5733 cxv,
800 5663 885 5720 11.

2093 4648 2202 4705 hos
2232 4648 2291 4703 in
2323 4649 2611 4705 bonorum
2646 4647 3049 4712 amissionem,
3083 4661 3320 4702 summo
3350 4661 3483 4701 cum
3512 4644 3735 4717 impetu

2093 4736 2552 4810 praecipitamus,
2587 4735 2831 4791 forsitan
2864 4738 2923 4791 et
2970 4734 3029 4789 in
3075 4734 3205 4791 vita:
3240 4733 3428 4806 ipsius
3480 4733 3743 4790 amissio-

2093 4843 2245 4883 nem.
2281 4826 2376 4882 Sic
2407 4841 2508 4897 per
2536 4824 2735 4882 omnia
2766 4824 3086 4881 mentimur
3128 4839 3244 4879 non
3293 4823 3486 4879 verbis
3515 4824 3585 4879 ad
3614 4838 3737 4878 rem

2090 4915 2281 4989 ipsam
2339 4914 2643 4972 tendentes
2711 4917 2770 4970 et
2838 4912 3113 4985 operibus
3170 4917 3426 4969 ﬂexuose
3480 4914 3740 4984 agentes.

2092 5005 2239 5061 Hine
2265 5002 2568 5061 verissime
2625 5004 2697 5059 de
2747 5002 2918 5058 nobis
2975 5001 3346 5074 praadicanda
3391 5001 3571 5058 David
3604 5016 3740 5057 sen-

2092 5093 2275 5151 tentia
2295 5094 2338 5165 6,
2372 5092 2529 5165 quod
2561 5114 2589 5143 ‹‹
2649 5090 2867 5148 Omnes
2922 5090 3190 5148 homines
3247 5106 3456 5147 sumus
3498 5089 3741 5146 menda-

2194 5224 2207 5238 .
2241 5202 2272 5236 ι»

2194 5224 2207 5238 .
2241 5202 2272 5236 ι»

2090 5198 2250 5328 ωέΒ.
2284 5272 2351 5328 Et
2377 5270 2508 5328 novi
2537 5269 2774 5340 quidem
2825 5268 3045 5325 multos
3076 5276 3131 5325 et
3162 5268 3404 5325 forsitan
3436 5266 3745 5338 memetip-

2091 5359 2365 5433 sum,qui
2398 5359 2540 5415 dicti
2572 5357 2835 5414 Davidici
2864 5358 3119 5430 rigorem
3149 5357 3504 5430 impugnant
3535 5372 3743 5413 secun-

2090 5451 2232 5507 dum
2264 5449 2419 5522 quod
2452 5465 2559 5505 nos
2589 5462 2795 5505 omnes
2824 5449 3136 5505 mendaces
3167 5463 3450 5505 essemus.
3485 5445 3741 5518 Ineptias
