4136 6210
407 296 559 356 1051

1198 291 1620 354 EUSTA'I‘HII
1663 290 2426 354 THESSALONICENSIS
2471 291 3049 356 METROPOLITE

3681 289 3841 350 i052

406 425 756 482 azstimaturi
785 425 997 481 talium
1045 426 1429 498 cogitationes
1459 424 1834 479 attendamus
1865 424 1936 479 ad
1967 423 2057 479 Jo-

2180 421 2555 497 γνωμάτευμα,
2617 425 2690 486 ὡς
2770 421 2860 478 διὰ
2940 424 3103 477 τοῦτο
3183 419 3620 496 ἡναγκασμὲνως
3703 420 3839 475 εἶναι

408 534 544 574 nam
568 515 670 589 qui
687 515 928 572 exitium
951 514 1228 571 Ninivitis
1251 514 1744 586 praedixit,utpote
1767 513 2064 586 pessimis,

407 614 628 663 etcum
679 622 778 662 eos
829 603 1152 660 invenisset
1210 604 1558 675 pmnitentes
1614 608 1672 658 et
1716 602 1894 658 Deum
1929 619 2063 674 pro-

409 696 623 770 pitium
677 709 806 751 esse
864 693 1269 765 supplicantes
1327 697 1382 747 et
1443 692 1516 747 ad
1576 685 2063 760 misericordiam,

409 785 818 853 sollicitantes,
885 781 1024 838 licet
1075 781 1267 837 exitus
1340 781 1609 838 fefellerit
1670 781 2062 853 prophetiam,

412 874 560 931 nihil
591 878 788 929 tamen
835 871 942 926 hoc
993 871 1148 943 apud
1203 875 1384 926 Deum
1442 875 1586 926 erat.
1634 869 1781 936 Quid
1822 869 1978 924 enim
2010 869 2059 925 si

410 965 664 1020 afﬂictus
720 961 956 1032 quidem
1017 959 1195 1016 fuerit
1251 965 1512 1027 sanctus,
1564 976 1720 1014 unus
1775 975 1910 1013 cum
1963 958 2059 1028 sit,

409 1051 634 1109 salvata
661 1066 795 1106 vero
853 1049 977 1105 sint
1035 1048 1224 1105 multa
1275 1049 1585 1104 hominum
1647 1047 1833 1104 millia
1881 1051 1939 1103 et
1976 1048 2061 1102 sic

407 1139 778 1199 sanctitatem
803 1138 1239 1211 multiplicent?
1261 1138 1512 1194 Omnino
1534 1153 1670 1209 ergo
1693 1138 1945 1209 gaudeat
1958 1135 2060 1192 Dei

407 1229 748 1303 progenitor
781 1229 978 1298 David,
1025 1228 1294 1299 quamvis
1351 1227 1834 1282 erubescentibus
1890 1225 2060 1280 nobis

407 1336 475 1376 eo
507 1319 661 1390 quod
693 1317 1002 1390 splendide
1035 1316 1265 1372 mentiti
1314 1333 1540 1382 sumus,
1578 1313 1994 1386 mundatisque
2027 1331 2062 1369 a

406 1408 720 1464 tenebroso
753 1407 884 1462 fuco
917 1423 1032 1478 quo
1086 1405 1458 1461 mendacium
1493 1404 1678 1460 inficit
1709 1403 1765 1458 in
1799 1402 2060 1476 angelice

406 1497 745 1554 ﬂammeam
795 1493 1122 1560 veritatem,
1176 1493 1430 1550 falsitate
1463 1497 1748 1564 arguatur
1775 1497 1833 1547 et
1868 1491 2059 1564 ipsius

406 1584 738 1660 prophetia,
767 1587 827 1638 et
881 1599 1119 1656 quoquo
1179 1583 1352 1638 modo
1411 1583 1660 1637 mendax
1707 1585 1764 1636 et
1808 1581 1935 1652 ipse
1976 1579 2057 1635 ibi

405 1677 691 1746 tanquam
721 1672 899 1729 homo
929 1672 1279 1728 inveniatur.
1311 1671 1490 1728 Vobis
1516 1674 1715 1726 autem
1748 1669 1877 1726 dico
1899 1669 2056 1742 quod

409 1762 497 1820 sic
537 1762 716 1818 etiam
765 1762 838 1818 de
895 1761 1066 1817 nobis
1120 1777 1257 1817 vera
1315 1760 1514 1815 dicens
1571 1759 1748 1814 David
1805 1758 2059 1815 clamare

408 1855 604 1926 potest
631 1868 644 1907 :
676 1851 772 1906 Vae
804 1851 976 1908 nobis
1001 1851 1073 1906 de
1102 1850 1320 1922 quibus
1349 1865 1523 1906 verax
1555 1849 1648 1904 fio.

476 2137 569 2192 24.
604 2135 717 2191 Sed
754 2135 826 2191 ad
857 2149 1188 2191 sermonem
1239 2135 1600 2190 redeundum
1643 2138 1732 2191 est
1763 2152 1795 2190 a
1827 2151 1942 2207 quo
1971 2135 2058 2190 di-

407 2240 651 2300 gressus
681 2230 899 2294 sum,et
929 2223 1276 2297 objurgandi
1303 2225 1399 2296 qui
1434 2224 1494 2280 in
1517 2225 1793 2280 omnibus
1818 2225 2058 2280 menda-

409 2328 508 2370 ces
539 2316 699 2383 sunt,
733 2329 984 2384 quorum
1017 2316 1074 2368 et
1103 2316 1300 2369 motus
1343 2316 1399 2368 et
1439 2314 1770 2370 reverentia
1803 2313 1972 2385 signa
2000 2316 2058 2368 et

411 2400 715 2458 oculorum
781 2401 976 2458 uictus
1040 2406 1100 2457 et
1155 2402 1462 2473 respiratio
1510 2403 1640 2473 ipsa
1704 2401 1936 2472 fallunt,
2003 2405 2059 2457 et

411 2490 588 2547 etiam
648 2491 1050 2558 beneﬁcentia,
1109 2491 1280 2563 cujus
1338 2491 1624 2547 mendacii
1681 2490 1877 2547 nescio
1926 2491 2058 2562 quis

411 2583 683 2636 nostrum
726 2580 1014 2636 immunis
1065 2580 1160 2636 sit.
1214 2580 1444 2636 Etenim
1491 2580 1771 2636 virtutum
1815 2581 2056 2653 quidem

408 2669 470 2726 in
501 2669 612 2725 vita
647 2669 942 2742 pracipua
971 2674 1061 2727 est
1089 2670 1292 2744 egenis
1338 2686 1732 2739 succurrerre,
1765 2668 2057 2735 auxiliari,

411 2756 704 2814 consolari
733 2763 790 2815 et
818 2763 1114 2831 superflua
1129 2763 1257 2814 tum
1279 2759 1411 2815 aliis
1433 2759 1761 2815 rationibus
1781 2763 1904 2816 tum
1928 2776 2056 2815 mu-

412 2848 514 2900 tuo
539 2847 732 2902 dando
762 2847 1218 2903 communicare.
1256 2849 1397 2903 Laste
1426 2864 1494 2903 ea
1523 2848 1792 2906 facimus.
1823 2848 1940 2904 Nec
1970 2866 2062 2904 so-

413 2934 538 2990 lum
571 2933 770 2990 obvios
803 2935 1011 2992 fratres
1039 2937 1111 2992 ad
1143 2936 1487 3008 hujusmodi
1513 2937 1945 3010 eleemosynam
1968 2954 2060 2993 ex-

417 3021 801 3096 cipimus,sed
829 3023 1005 3080 etiam
1021 3026 1266 3082 obscure
1284 3031 1603 3098 egestatem
1619 3027 1868 3084 ferentes
1881 3045 2061 3100 quan-

415 3113 544 3166 tum
577 3127 900 3184 possumus
931 3113 1210 3186 indagare
1242 3115 1606 3187 satagimus;
1641 3117 1906 3175 inventos
1935 3135 2058 3174 am-

417 3199 725 3274 plexamur
753 3205 810 3257 et
838 3201 897 3257 in
924 3203 1084 3275 ipsos
1133 3220 1275 3260 sane
1319 3205 1778 3262 misericordiam
1812 3208 2062 3264 effundi-

417 3307 573 3348 mus.
643 3291 1071 3348 Immisericors
1127 3309 1260 3349 vero
1339 3299 1429 3350 est
1492 3294 1591 3351 illa
1657 3297 2063 3370 strangulatio.

417 3380 544 3438 Non
609 3379 768 3436 enim
816 3380 1186 3454 eleemosyna
1249 3383 1502 3440 sinimus
1568 3385 1680 3440 frui
1747 3386 1914 3453 istos,
1964 3403 2068 3442 nec

422 3468 777 3526 manducare
833 3473 891 3525 et
945 3469 1144 3527 bibere
1199 3471 1402 3527 datum
1454 3474 1527 3528 ad
1585 3474 1716 3531 vitae
1752 3476 2068 3532 necessita-

418 3562 562 3624 tem,
619 3559 722 3614 sed
781 3558 1148 3616 dimittentes
1203 3561 1389 3617 donec
1457 3563 1701 3618 domum
1750 3565 2067 3622 absorbue-

420 3647 559 3717 rint,
594 3664 730 3704 mox
759 3648 831 3704 ad
863 3649 1251 3705 evomendum
1309 3667 1589 3707 vocamus
1639 3669 1740 3708 eos
1769 3655 1870 3725 qui
1904 3672 2068 3710 man-

421 3737 804 3805 ducaverunt,
872 3737 953 3793 ita
1010 3742 1074 3793 ut
1151 3740 1306 3812 quod
1376 3741 1748 3797 stomachum
1818 3744 2071 3800 intrave-

424 3828 518 3882 rat
574 3825 710 3882 inde
767 3825 1168 3884 extrahamus.
1231 3828 1348 3885 Hoc
1405 3847 1682 3886 vocamus
1731 3833 1920 3901 fenus,
1968 3850 2070 3890 no-

429 3915 590 3972 mine
638 3915 884 3972 honesto
939 3920 1110 3989 turpe
1167 3919 1464 3992 negotium
1523 3921 1897 3978 adornantes.
1958 3923 2073 3978 Fit-

429 4020 545 4076 que
575 4004 710 4060 talis
741 4003 1157 4062 alimentorum
1207 4008 1682 4066 subministratio
1731 4011 1904 4067 famis
1953 4029 2075 4068 ma-

430 4097 541 4162 ter,
572 4097 630 4149 et
682 4093 820 4149 inde
879 4095 1196 4152 nntricatio
1251 4089 1573 4166 evacuatio,
1604 4106 1659 4154 et
1706 4099 1953 4173 expletio
1981 4118 2076 4158 00-

432 4185 626 4238 actum
648 4182 968 4255 jejunium.
1001 4185 1072 4240 Et
1117 4202 1224 4242 nos
1278 4187 1514 4242 fratrem
1563 4189 1826 4246 vldentes
1856 4207 2076 4248 marce-

431 4274 692 4328 soentem
723 4270 940 4342 quibus
971 4272 1195 4330 artibus
1224 4290 1358 4330 eum
1410 4275 1809 4334 fraudulenter
1837 4280 2078 4336 nutrivi-

434 4377 589 4428 mus,
621 4360 934 4418 incrassati
967 4363 1296 4435 gaudemus
1349 4365 1517 4437 quasi
1568 4367 1709 4438 quid
1749 4367 1959 4424 lucrati
1990 4368 2082 4426 his

435 4466 562 4522 quae
618 4449 731 4506 iste
787 4452 1063 4507 evomuit.
1127 4452 1476 4508 Lethiferum
1554 4455 1836 4512 auxilium
1899 4458 2080 4526 istud,

2174 512 2403 586 ψεύπας
2433 517 2604 588 ἡμᾶς.
2637 519 2757 574 ’Ότι
2797 514 2855 571 δὲ
2885 511 3162 591 ληροῦμεν
3195 514 3248 568 οἱ
3279 512 3422 568 οὕτω
3482 516 3837 588 φρονοῦντες,

2173 605 2496 678 προσεκτέον
2553 607 2644 660 καὶ
2701 611 2821 668 τοῖς
2877 605 3014 660 κατὰ
3066 604 3158 659 τὸν
3205 606 3417 668 ³Ιωνᾶν,
3449 603 3511 664 ὃς
3563 607 3689 663 τοῖς
3748 607 3840 654 Νι-

2172 691 2403 756 νευίταις
2458 693 2872 769 ἀποφηνάμενος
2916 690 3144 769 ὄλεθρον
3196 693 3270 754 ὡς
3329 692 3466 746 πάνυ
3525 691 3835 762 κακίστοις,

2170 781 2260 835 καὶ
2305 783 2556 858 εὑρηκὼς
2609 783 2843 845 ἐκείνους
2907 779 3406 856 μεταμεληθέντας,
3452 780 3544 834 καὶ
3605 779 3838 853 ἐξιλεωο

2172 870 2439 943 σαμὲνους
2516 873 2606 926 τὸν
2698 872 2914 948 Κύριον,
2979 871 3068 926 καὶ
3152 868 3670 945 προκαλεσαμένους
3755 868 3837 933 εἲς

2171 957 2346 1029 ἔλεον,
2404 960 2450 1015 εί
2506 961 2597 1016 καί
2654 960 2912 1036 ἐψεύσατο
2958 961 3058 1028 τὴν
3129 958 3513 1031 ἠπειλημένην
3573 956 3834 1012 πανωλε-

2171 1046 2342 1121 θρίαν,
2377 1046 2503 1103 ἀλλ’
2559 1048 2626 1117 ἦν
2685 1047 2813 1103 αὐτὸ
2873 1044 3026 1102 ούδὶν
3087 1047 3224 1120 πρὸς
3258 1045 3350 1099 τὸν
3383 1047 3535 1102 Θεόν.
3570 1044 3641 1101 Τί
3698 1043 3829 1120 γὰρ,

2169 1136 2259 1191 ἐὰν
2318 1136 2564 1208 ἐλυπήθη
2627 1138 2722 1210 μὶν
2774 1138 2802 1191 ὁ
2860 1137 3036 1212 ἅγιος,
3067 1139 3146 1198 εἷς
3194 1136 3357 1198 αὐτὸς
3409 1133 3502 1206 ὢν,
3545 1134 3830 1204 ἐσώθησαν

2171 1222 2228 1280 δὲ
2285 1223 2543 1301 μυριάδες
2593 1224 2828 1302 ἀνδρῶν,
2858 1226 2948 1280 καὶ
2982 1225 3125 1280 οὕτω
3152 1227 3253 1294 τήν
3312 1223 3620 1300 ἁγιωσύνην
3657 1221 3833 1292 ἐπλή-

2168 1317 2363 1384 θυναν;
2424 1317 2624 1390 Χαίροι
2693 1317 2782 1370 οὖν
2862 1316 3078 1376 πάντως
3166 1313 3225 1368 ἃν
3304 1313 3392 1367 καὶ
3453 1313 3482 1367 ὁ
3541 1310 3832 1384 θεοπατωρ

2169 1401 2357 1472 Δαυῒδ,
2421 1402 2595 1479 εἷ’περ,
2643 1407 2803 1477 ἡμῶν
2866 1400 3214 1458 αίδεσθὲντων
3274 1401 3354 1479 ἐφ’
3412 1403 3495 1459 οἷς
3555 1399 3838 1475 λαμπρῶς

2167 1491 2499 1567 ψευδόμεθα,
2531 1495 2621 1549 καὶ
2674 1487 3085 1569 μεταϐαφέλοτων
3142 1490 3248 1546 ἀπὸ
3305 1487 3621 1553 σκοτώδους
3671 1489 3836 1564 χρώς

2170 1603 2338 1654 ματος
2365 1587 2463 1638 τοῦ
2492 1583 2628 1638 κατὰ
2649 1584 2712 1638 τὸ
2740 1579 2936 1656 ψεῦδος
2983 1581 3058 1642 εἷς
3111 1582 3172 1635 τὸ
3231 1577 3535 1656 ἆγγελικῶς
3581 1577 3831 1653 φλόγεον

2165 1673 2390 1743 ἀληθὲς,
2449 1671 2735 1748 ὶλεγχθείη
2812 1671 2903 1726 καὶ
2989 1673 3024 1740 ἢ
3098 1667 3263 1724 αύτοῦ
3345 1667 3679 1746 προφητεία,
3739 1668 3833 1722 καὶ

2087 1762 2419 1860 Βψευσθείη
2481 1783 2600 1825 πως
2656 1761 2746 1816 καὶ
2801 1761 2963 1821 αὐτὸς
3029 1758 3273 1828 ἐνταῦθα,
3325 1761 3415 1812 οἷα
3467 1757 3559 1812 καὶ
3621 1755 3833 1830 ἄνθρω·

2167 1872 2290 1913 πος.
2326 1849 2477 1927 Λέγω
2539 1847 2596 1905 δὲ
2645 1850 2770 1922 ὑμῖν
2821 1850 2910 1904 καὶ
2962 1846 3045 1903 ὅτι
3087 1847 3115 1900 ὁ
3147 1845 3312 1902 Δαυῖδ
3339 1845 3483 1902 οὕτω
3512 1847 3635 1901 καθ’
3661 1848 3829 1918 ἡμῶν

2169 1937 2478 2008 ἅληθεύων,
2539 1936 2760 1994 δύναται
2812 1937 3004 2007 εἰπεῖν,
3063 1937 3138 2000 ὡς
3197 1934 3334 1994 Οὐαὶ
3395 1935 3549 2008 ὑμῖν,
3603 1933 3688 2013 ἂρ’
3744 1935 3828 1997 οἷς

2168 2029 2385 2101 ἀληθὴς
2411 2027 2654 2106 γίνομαι.

2240 2135 2338 2193 κδ’.
2375 2137 2532 2194 Ἀλλ’
2562 2136 2886 2192 ἐπανακτὲον
2916 2134 3008 2190 τὸν
3061 2133 3245 2209 λόγον,
3278 2131 3395 2187 ὅθεν
3445 2131 3826 2207 παρεξὲνευσε,

2166 2227 2254 2282 καὶ
2287 2224 2605 2282 όνειδιστίον
2632 2224 2762 2288 τοὺς
2810 2223 2900 2279 διὰ
2954 2224 3170 2279 πάντων
3215 2219 3449 2295 ψευδεῖς.
3481 2222 3556 2275 ὢν
3615 2222 3707 2275 καὶ
3774 2223 3832 2274 αἱ

2166 2317 2432 2388 κινήσεις,
2460 2313 2552 2370 καὶ
2584 2316 2639 2370 αἱ
2667 2315 3085 2390 προσκυνήσεις,
3113 2313 3200 2366 καὶ
3256 2312 3311 2365 αἱ
3358 2314 3466 2365 τῶν
3513 2308 3827 2388 ὀφθαλμῶν

2167 2405 2476 2478 ἀναμύσεις,
2524 2403 2613 2459 καὶ
2665 2403 2797 2459 αὐτὸ
2849 2400 2908 2458 δὲ
2963 2401 3026 2456 τὸ
3081 2400 3334 2455 ἀναπνεῖν
3393 2395 3687 2472 ψεύδονται
3738 2399 3831 2452 καί

2166 2515 2230 2559 γε
2274 2493 2338 2549 τὸ
2388 2491 2703 2570 εὐεργετεῖν,
2753 2493 2816 2547 οὗ
2873 2488 2940 2559 δὴ
2991 2491 3080 2544 καὶ
3143 2487 3308 2544 αὐτοῦ
3351 2486 3668 2562 ψεύσματος
3728 2486 3829 2542 οὔκ

2167 2580 2286 2638 οῖδα
2313 2582 2452 2645 τίνες
2484 2579 2910 2656 ἀπηλλάγμεθα.
2943 2581 3096 2636 Ἐστι
3133 2579 3228 2651 μὶν
3260 2577 3363 2653 γὰρ
3403 2576 3454 2630 ἰν
3513 2582 3632 2637 τοῖς
3678 2575 3828 2651 πρώο

2164 2693 2280 2734 τοις
2335 2675 2444 2726 τῶν
2493 2670 2630 2726 κατὰ
2686 2670 2801 2746 βίον
2842 2669 3054 2745 ἀγαθῶν
3080 2668 3144 2722 τὸ
3174 2668 3391 2743 βοηθεῖν
3443 2670 3562 2727 τοῖς
3627 2662 3826 2727 ἐνδεῶς

2166 2759 2378 2840 ἔχουσι,
2435 2762 2525 2818 καὶ
2610 2759 3004 2836 προσλιπαρεῖν
3063 2758 3268 2822 αύτοῖς,
3325 2757 3415 2812 καὶ
3474 2762 3822 2830 παραμυθεῖ-

2167 2865 2310 2920 σθαι,
2360 2852 2449 2908 καὶ
2491 2852 2560 2907 τὰ
2611 2849 2935 2907 ιλλείποντα
2991 2846 3465 2922 ἐπιδαψιλεύεσθαι
3523 2844 3727 2907 ἄλλοις
3765 2866 3823 2900 τε

2164 2942 2414 3018 τρόποις,
2469 2941 2559 2996 καὶ
2617 2938 2706 2996 διὰ
2785 2943 2882 2995 τοῦ
2967 2935 3310 3006 ὲκδανείζειν.
3372 2936 3470 2990 Καὶ
3547 2940 3819 3007 ποιοῦμεν

2167 3029 2346 3103 ἡδέως
2372 3030 2523 3088 αὐτό.
2557 3031 2658 3088 Καὶ
2693 3028 2755 3084 ού
2793 3028 2957 3102 μόνον
3003 3026 3330 3104 προσιόντας
3382 3024 3512 3086 τοὺς
3547 3021 3824 3102 ἀδελφοὺς

2171 3118 2595 3196 παραδεχόμεθα
2672 3116 2748 3180 εἰς
2825 3113 3203 3190 ἐλεημοσύνην
3286 3114 3547 3184 τοιαύτην
3583 3155 3599 3180 ,
3680 3111 3829 3168 ἀλλὰ

2175 3209 2265 3266 καὶ
2295 3208 2704 3283 κρυπτομένους
2733 3207 2808 3268 ὡς
2863 3208 2978 3261 οἷον
3034 3202 3434 3281 διερευνώμεθα
3488 3201 3829 3279 ὶξιχνιάζονο

2175 3319 2262 3360 τες
2292 3317 2304 3330 ⁸
2374 3296 2464 3352 καὶ
2540 3295 2783 3373 εὑρόντες
2862 3292 3291 3368 ἀκγαλιζόμεθα,
3385 3292 3477 3346 καὶ
3562 3290 3836 3366 ἐκχίομεν

2179 3387 2261 3444 ἐπ’
2317 3385 2516 3449 αὐτοὺς
2562 3385 2654 3440 τὸν
2716 3383 2874 3454 δῆθεν
2935 3381 3111 3439 ἔλεον.
3170 3383 3235 3437 Ἠ
3296 3379 3353 3436 δὲ
3409 3380 3550 3436 ἑστιν
3625 3381 3839 3456 ἀγχόνη

2179 3475 2440 3547 ἀνηλεής.
2490 3474 2568 3533 Ού
2624 3476 2726 3549 γὰρ
2801 3471 3025 3550 ἀφίεμεν
3101 3469 3397 3526 ἀπολαύειν
3456 3469 3840 3542 ἰλεημοσύνης

2180 3565 2397 3637 αὐτοὺς,
2458 3561 2583 3620 οὐδὲ
2661 3561 2853 3627 ἐσθίειν
2912 3561 3002 3616 καὶ
3061 3561 3234 3616 πίνειν
3291 3559 3355 3615 τὸ
3410 3555 3708 3632 δεδομένον
3771 3557 3844 3618 είς

2181 3651 2371 3730 κερδος
2441 3651 2710 3730 τρόφιμον
2743 3672 2756 3686 ι
2808 3649 2957 3707 ἀλλὰ
3013 3647 3457 3726 συγχωρηθὲντες
3533 3642 3842 3721 καταϐροχ-

2185 3743 2325 3807 θίσαι
2381 3743 2480 3811 τὴν
2543 3739 2771 3816 δωρεὰν,
2829 3741 2940 3795 εἶνα
3003 3739 3079 3800 εἰς
3156 3734 3348 3811 ἔμετον
3406 3735 3839 3811 προκαλούμεθα

2183 3832 2309 3893 τοὺς
2357 3832 2643 3910 φαγόντας,
2706 3830 2779 3892 ὡς
2839 3828 2929 3883 καὶ
2985 3827 3116 3882 αὐτὸ
3191 3826 3432 3902 ἐξερᾶσαι
3490 3825 3554 3879 τὸ
3612 3823 3835 3891 ἒντεθέν,

2185 3921 2274 3977 καί
2311 3943 2366 3976 τι
2413 3919 2686 3996 περίττὸν,
2719 3919 2806 3973 καὶ
2855 3918 2918 3972 τὸ
2958 3915 3149 3974 πλέον.
3198 3919 3369 3970 Τοῦτο
3414 3913 3697 3986 καλοῦμεν
3747 3912 3836 3968 τό·

2185 4032 2303 4084 κον,
2336 4009 2562 4083 ὀνόματι
2595 4011 2777 4081 σεμνῷ
2819 4005 3186 4067 καλλύνοντες
3245 4009 3471 4081 πρᾶγμα
3524 4001 3836 4078 αἴσχιστον.

2186 4099 2286 4155 Καὶ
2337 4097 2604 4175 γίνεται-ἡ
2634 4095 2860 4166 τοιαύτη
2917 4095 3096 4173 τροφὴ
3157 4096 3344 4167 μήτηρ
3402 4092 3596 4165 λιμοῦ,
3628 4091 3722 4146 καὶ
3777 4091 3839 4145 τὸ

2189 4188 2425 4252 ἰντεῦθεν
2501 4187 2790 4262 χόρτασμα
2861 4184 3104 4256 κὲνωμα,
3157 4182 3247 4237 καὶ
3301 4183 3330 4236 ὁ
3383 4181 3550 4256 κόρος
3620 4179 3842 4251 νηστεία

2195 4276 2362 4354 βιαία.
2396 4275 2498 4330 Καὶ
2554 4277 2719 4347 ἡμεῖς
2767 4275 2999 4347 ὁρῶντες
3047 4272 3138 4327 τὸν
3191 4268 3424 4345 ἀδελφὸν
3488 4269 3843 4345 ἱσχναινόμε-

2187 4387 2303 4432 νον,
2364 4368 2446 4427 οἷς
2503 4365 2665 4420 αὐτὸν
2735 4361 3036 4438 ὶθρέψαμεν
3112 4361 3458 4437 πανούργως,
3520 4359 3846 4419 λιπάναντες

2191 4455 2483 4532 χαίρομεν,
2516 4452 2592 4516 ὥς
2646 4475 2699 4508 τι
2757 4449 3132 4529 κερδήσαντες,
3187 4450 3276 4527 ἀφ’
3323 4451 3394 4503 ὧν
3451 4448 3660 4511 ἐκεῖνος
3719 4447 3849 4519 ἑξή-

432 4539 626 4595 viain
696 4539 963 4613 abyssos,
1035 4541 1432 4612 perniciosum
1501 4544 1824 4612 nutrimen,
1882 4563 2068 4603 susce-

2195 4530 2342 4619 μεσε.
2415 4542 2725 4617 Θανατηρὸν
2797 4542 3060 4617 βοήθημα
3128 4542 3314 4606 τοῦτο,
3389 4535 3634 4613 ποδηγία
3710 4537 3848 4592 κατὰ

435 4628 556 4702 ptio
579 4628 636 4683 in
672 4628 903 4684 ruinam
929 4631 1579 4705 vergens,hospitalitas
1597 4634 1971 4692 latrocinium
1996 4654 2082 4694 re-

436 4716 663 4790 dolens,
697 4719 843 4774 dura
871 4719 1277 4794 beneﬁcentia,
1309 4722 1528 4778 donum
1564 4741 1598 4779 a
1643 4724 1796 4780 dono
1825 4725 2080 4782 alienum

440 4822 546 4863 nec
605 4807 718 4862 Deo
775 4807 1020 4864 charum
1075 4809 1171 4882 qui
1230 4814 1391 4868 amat
1444 4828 1579 4868 eum
1637 4812 1738 4885 qui
1771 4814 2084 4887 pecuniam

439 4911 610 4952 suam
642 4911 760 4953 non
818 4897 978 4955 dedit
1025 4899 1100 4955 ad
1157 4894 1424 4972 usuram,
1455 4917 1562 4958 neo
1621 4901 1694 4958 ab
1743 4902 2085 4961 hominibus

439 4988 724 5044 amatum.

507 5093 598 5150 25.
632 5094 830 5150 Pereat
885 5096 957 5152 ab
1014 5097 1154 5154 orbe
1213 5096 1358 5154 falso
1416 5097 1649 5155 nomine
1705 5099 2088 5158 beneficentia

436 5182 908 5255 ista,adulterino
940 5185 1112 5242 titulo
1141 5185 1474 5258 pulchrum,
1510 5187 1626 5245 Deo
1657 5189 1858 5245 odiosa
1888 5191 2085 5263 probi-

438 5275 549 5340 tas,
583 5271 890 5329 hominum
923 5275 1161 5332 inimica
1182 5276 1454 5349 societas,
1477 5277 1814 5336 civitatibus
1844 5281 2088 5337 exitiosa

440 5361 724 5418 donorum
757 5364 1038 5437 acceptio,
1073 5365 1446 5423 fraudulenta
1498 5366 1783 5439 amicitia,
1814 5369 1983 5425 dulce
2014 5371 2084 5425 ab

442 5449 610 5506 initio
651 5449 1025 5523 saccharum,
1057 5453 1115 5510 in
1166 5455 1283 5512 ﬁne
1337 5472 1472 5513 vero
1514 5456 1896 5513 intoleranter
1925 5475 2084 5516 ama-

444 5553 600 5608 rum,
632 5540 690 5594 in
723 5540 1016 5599 infernum
1044 5549 1178 5600 ante
1208 5549 1444 5618 tempus
1479 5547 1839 5618 praemittens
1869 5549 2087 5622 empla-

447 5629 659 5694 strum,
687 5627 1058 5688 linimentum
1081 5651 1298 5691 veneno
1323 5635 1871 5704 imbutum,mellita
1893 5644 2086 5695 stran-

2197 4633 2504 4711 βαράθρων,
2534 4632 2709 4709 τροφή
2767 4625 3219 4704 δηλητηριώδης,
3253 4625 3530 4701 ὑπόληψις
3578 4625 3849 4703 ριπτοῦσα

2194 4723 2270 4786 εις
2319 4721 2565 4797 ὄλεθρον,
2593 4720 2737 4792 ξενία
2783 4717 3138 4795 λῃστεύουσα,
3188 4715 3489 4790 ἰμπόνιμος
3542 4715 3845 4792 εὐεργεσία,

2194 4811 2367 4889 δῶρον
2426 4807 2662 4887 ἄδωρον,
2696 4805 2820 4864 οὔτε
2870 4811 2986 4879 Θεῷ
3039 4804 3222 4885 φίλον,
3272 4806 3332 4867 ’ὸς
3380 4807 3560 4881 ἀγαπᾷ
3608 4806 3706 4860 τὸν
3767 4806 3843 4876 μὴ

2193 4900 2280 4959 ἐπὶ
2348 4900 2493 4973 τόκῳ
2549 4895 2768 4954 διδόντα
2833 4896 2897 4951 τὸ
2959 4893 3124 4951 αὐτοῦ
3206 4892 3481 4972 ἀργύριον,
3555 4890 3687 4949 ούδὶ
3739 4894 3845 4968 μὴν

2195 4988 2502 5067 ἀνθρώποις
2536 4986 2837 5066 ἀγαπητόν.

2264 5099 2358 5154 κε’.
2389 5094 2686 5154 Ἀπόλοιτο
2745 5093 2805 5150 ἐκ
2866 5093 2989 5169 βίου
3044 5087 3466 5166 ήψευδώνυμος
3525 5089 3663 5160 αὕτη
3716 5092 3846 5165 ἁγα-

2194 5185 2434 5258 θοποιία,
2465 5187 2528 5240 τὸ
2583 5181 3020 5260 ψευδεπίγραφον
3067 5177 3260 5250 καλὸν,
3291 5181 3326 5249 ἡ
3389 5180 3658 5252 θεομισὴς
3705 5198 3845 5255 χρη-

2195 5277 2413 5348 στότης,
2471 5277 2507 5345 ἡ
2572 5272 2932 5347 ἀπάνθρωπος
2988 5269 3272 5340 κοινωνία,
3331 5271 3366 5338 ἢ
3422 5265 3851 5332 δυοπολίτευτος

2196 5363 2526 5439 δοσοληψία,
2581 5363 2644 5418 τὸ
2702 5359 2890 5416 δόλιον
2947 5358 3186 5437 φίλημα,
3239 5358 3302 5412 τὸ
3351 5355 3526 5432 γλυκὺ
3587 5357 3689 5430 μὶν
3747 5359 3845 5427 τὴν

2196 5455 2374 5532 ἀρχὴν
2407 5452 2642 5528 σάκχαρ,
2674 5449 2958 5526 ἱσύστερον
3001 5445 3058 5503 δὶ
3115 5445 3403 5521 ἀπρόσιτον
3436 5449 3505 5517 τῇ
3565 5445 3781 5520 πικρία,
3809 5449 3841 5515 ἡ

2193 5541 2569 5618 προϊάπτουσα
2643 5539 2718 5602 εἷς
2791 5534 2927 5610 ᾅδην
2981 5532 3352 5611 ἕμπλαστρος,
3401 5535 3467 5588 τὸ
3525 5536 3842 5610 φαρμάττον

2199 5632 2476 5708 μοτάριον,
2515 5633 2552 5702 ἠ
2616 5627 2866 5704 μελιτίνη
2915 5627 3149 5702 ἀγχόνη,
3209 5624 3237 5679 ὁ
3285 5622 3533 5688 ἑκούσιος
3589 5620 3841 5701 ὄλεθρος,
