2068 3105
141 177 155 206 1
161 177 220 207 053

654 177 843 208 EPISTOLA
863 177 915 207 AD
936 175 1345 207 THESSALONIGENSES.

1769 174 1847 205 1054

140 241 371 282 πραγματειώδης
386 244 509 279 θάνατος,
530 244 544 271 6
570 244 703 275 ἀσπαστὸς
717 242 850 276 κίνδυνος,
869 242 959 280 μόιλισ¹

1024 243 1146 280 gulatio,
1159 243 1325 272 voluntaria
1340 242 1495 279 pernicies,
1507 241 1656 271 elaborata
1669 249 1845 277 mors,oscu-

139 300 174 317 τα
190 289 238 326 μὶν
254 288 300 317 οὗν
316 290 334 324 ἡ
365 289 535 327 ἀπροόρατος
552 290 685 324 ἀπώλεια,
701 290 733 317 τὸ
748 289 867 325 λεληθὸς
886 289 965 327 χάος,

138 335 157 369 ἠ
174 334 349 372 κεκρυμμὲνη
368 335 458 372 παγὶς,
473 335 504 362 τὸ
528 337 579 362 πᾶν
604 333 633 362 δὲ
656 336 851 372 συνῃρημένως
875 333 966 371 φάναι,

136 379 172 406 τὸ
188 377 319 406 δύστοκον
344 379 478 415 γίννημα,
504 379 560 406 ἐπεὶ
586 379 630 406 καὶ
656 378 783 416 δαίμονος
796 378 875 409 τόκος
890 378 965 412 αὐτὸ,

137 425 188 451 τοῦ
203 423 247 451 καὶ
264 423 421 459 σπείραντος
436 424 481 451 καὶ
498 421 705 461 συλλαϐομένου
728 424 774 451 καὶ
794 423 964 459 ἀποκνήσαν-

136 478 185 499 τος
200 468 237 499 εἷς
253 468 346 495 κοινόν
362 468 456 496 κακόν.

176 567 226 599 κς’.
251 565 340 594 Ἀλλὰ
363 568 446 593 ταῦτα
477 567 524 603 μὲν
557 568 671 594 τοιαῦτα
694 566 835 604 ψεύσματα
857 566 883 594 ἐν
908 569 966 598 τοῖς

138 611 191 638 οὐκ
214 611 325 649 ἀγαθοῖς
348 611 513 648 ἀνθρώποις,
538 611 578 642 οἷς
608 612 623 639 6
651 612 717 642 Θεὸς
743 611 789 647 μὶν
815 611 857 638 ἄπ’
871 611 965 648 ἀγαθῷ

136 654 235 683 δίδωσι
272 655 515 692 περιουσιάζεσθαι,
554 657 572 690 ἡ
613 654 642 683 δὶ
683 655 774 693 φαύλη
811 655 966 694 προαίρεσις

136 698 268 736 ἐμποδὼν
296 702 381 727 κεῖται
411 701 445 736 τῇ
474 700 541 727 κατὰ
571 700 631 738 βίον
660 700 818 738 εὐθυπορίᾳ,
847 703 881 737 τῇ
897 701 964 739 πρὸς

134 744 170 771 τὸ
187 743 296 780 θέλημα
324 746 372 771 τοῦ
401 746 478 772 Θεοῦ.
495 743 564 782 Φέρε
577 743 606 772 δὲ
619 744 664 772 καὶ
678 743 748 773 ἄλλο
770 745 851 773 κακὸν
868 744 964 781 ὅμοιον

136 787 256 826 ἐργῶδες
278 790 338 819 ταῖς
369 787 533 825 δαιμονῶσιν
561 788 707 825 ἐκλαλήσω
734 789 807 826 ὑμῖν,
835 789 900 826 ὅπερ
929 789 966 820 ὡς

134 833 172 860 τὰ
186 831 280 861 πολλὰ
297 833 344 869 μὲν
359 832 454 871 λόγοις
473 833 519 861 καὶ
550 833 614 861 αὗτό
644 833 824 872 ἐνθεωρεῐται,
850 833 966 861 ἀκολού-

136 882 194 909 θως
223 875 252 904 δι
277 888 343 905 ποτε
363 877 408 905 καὶ
443 876 478 905 δι’
509 877 594 916 ἔργων
626 878 793 916 ὲκφαίνεται.
820 878 967 916 ’Δρχιερὲα

135 920 214 960 ἔχειν
230 921 324 959 λέγετε
351 922 396 949 τὸν
426 920 498 960 ἄρτι,
526 922 575 959 ιμὶ
604 921 724 958 δηλαδή·
752 923 796 950 καὶ
811 922 901 951 καλῶς
918 922 965 950 λὲ-
981 931 1004 963 Β

135 976 211 1004 γιτε.
238 966 306 1003 Εἰμὶ
326 967 378 1005 γὰρ
405 966 455 1001 ἔτι,
478 966 525 994 κᾶν
553 968 591 1004 μή
611 967 752 1005 ἐπιπρὲπω
765 967 805 1004 τῷ
819 967 962 1004 ἀξιώματι.

138 1011 191 1038 Καὶ
208 1011 283 1041 ὅπως
309 1011 356 1047 μὲν
383 1009 512 1039 διέκεισθε
538 1012 600 1048 περὶ
621 1011 685 1043 τοὺς
706 1012 867 1051 φθάσαντας,
897 1011 963 1049 ἔμα-

138 1060 186 1087 θον
219 1055 267 1092 μὶν
292 1054 401 1091 ἐκεῖνοί,
430 1056 567 1093 μέμνησθε
595 1055 624 1083 δὲ
652 1056 730 1093 ὑμεῖς
748 1066 754 1072 ·
784 1056 829 1085 τὸν
860 1055 889 1083 δὲ
916 1059 961 1083 νῦν

137 1100 228 1134 ζῶντα
248 1100 286 1136 μὴ
311 1100 412 1139 ἀφήσοι
437 1100 451 1127 6
478 1101 542 1132 Θεὸς
565 1102 688 1128 τοιοῦτον
714 1100 791 1136 εἶναι,
822 1101 919 1128 ὁποῖον
943 1100 961 1136 ἢ

129 1146 241 1171 νοοῦσιν
264 1144 282 1178 ἢ
310 1147 491 1181 παρανοοῢσιν
523 1145 549 1172 οἱ
574 1144 603 1172 ἐκ
625 1149 721 1180 καινῆς
745 1144 880 1181 διαιτηταὶ
906 1148 959 1173 τῶν

129 1187 221 1224 ἐμῶν,
237 1188 251 1215 6
278 1189 400 1227 πτωχὸς,
426 1189 510 1226 φημὶ,
528 1189 614 1223 Λὲων,
629 1189 666 1220 ὡς
680 1190 761 1220 αὐτὸς
775 1189 959 1229 ἐπιγράφεται,

128 1232 162 1260 ὃν
184 1232 207 1259 εί
239 1233 277 1269 μὴ
304 1233 318 1260 6
344 1232 569 1269 ἐκκλησιαστικὸς
599 1232 695 1265 ἀλετὸς
718 1234 859 1273 ἀπέτρεφε,
884 1233 960 1271 λιμῷ

128 1276 163 1304 ἂν
179 1276 317 1305 ἀπώλετο·
345 1277 560 1315 μυρμηκολίων,
585 1278 623 1314 μή
648 1277 721 1316 ἔχων
749 1279 866 1317 τροφήν·
892 1279 961 1316 πρὸς

128 1320 161 1349 δὲ
184 1322 230 1349 καὶ
260 1323 274 1350 6
297 1323 365 1350 κατᾶ
389 1322 540 1360 σύμπνοιαν
575 1323 629 1351 εἴτε
654 1323 742 1351 θεόθεν
767 1322 846 1355 δοτὸς
872 1324 958 1360 αὐτῷ,

128 1365 187 1394 εἴτε
200 1366 246 1393 καὶ
273 1365 399 1395 ἄλλοθεν·
424 1366 450 1394 οἵ
475 1368 542 1395 κατά
564 1370 612 1395 τοῦ
636 1367 835 1403 Θεσσαλονίκης
865 1369 958 1407 ἀρχιε-

131 1410 276 1448 ρατεύουσι
319 1410 564 1449 λογοπραγοῦντες,
600 1412 647 1440 τὸν
692 1412 881 1450 ἀνεκλόγιστον
912 1414 957 1441 καὶ

133 1455 195 1493 βίον
229 1455 311 1483 αὐτοῦ
341 1457 386 1484 καὶ
417 1456 499 1495 λόγον
532 1457 576 1485 καὶ
607 1460 694 1494 νεῦμα
715 1458 760 1485 καὶ
788 1458 890 1495 κίνημα
913 1459 956 1486 καὶ

129 1502 219 1527 πᾶσαν
258 1499 373 1528 διάθεσιν
412 1503 526 1540 φυσικὴν
570 1501 781 1540 λογιστεύοντες.
818 1503 869 1531 Καὶ
904 1503 957 1541 οὐχ

133 1543 221 1576 οὕτως
248 1542 421 1582 ἀκριϐοῦνται
450 1546 482 1573 τὰ
509 1546 567 1573 κατ’
596 1545 688 1578 οἴκους
712 1546 788 1574 αὐτοί
802 1557 831 1574 τε
852 1547 897 1575 καὶ
924 1547 956 1575 τὸ

132 1589 195 1625 περί
232 1588 330 1620 αὖτοὺς
368 1590 542 1629 φρατορικὸν,
576 1590 613 1622 ὡς
652 1592 701 1626 τήν
728 1593 777 1619 τοῦ
807 1591 955 1620 Εὐσταθίου

132 1632 232 1660 τούτου
274 1632 414 1661 πολιτείαν
455 1633 694 1673 πολυπραγμόνως
736 1635 954 1673 ἀνασκάλλουσι,

125 1679 188 1708 πῶς
217 1677 264 1714 μὶν
295 1679 338 1715 ζῇ,
368 1678 612 1717 φυλλοκρινοῢντες
641 1680 684 1707 οἷα
709 1678 738 1707 δὲ
766 1679 856 1715 λαλεῖ,
881 1681 955 1712 ὅπως

125 1721 158 1749 δὶ
182 1724 240 1753 τοῖς
268 1722 478 1760 ἐντυγχάνουσιν
508 1723 613 1761 ὁμιλεῖ,
643 1724 725 1751 ὁποία
752 1723 781 1752 δὲ
804 1724 899 1762 κρίνει.
918 1725 957 1752 Ἐ-

126 1765 241 1799 θίλουσι
271 1765 309 1801 δὲ,
339 1767 428 1803 οἶμαι,
449 1766 536 1805 εἷ’περ,
566 1769 623 1796 οἷόν
645 1779 675 1796 τε
698 1768 741 1797 καὶ
757 1770 790 1796 τὰ
813 1770 872 1796 κατ’
891 1767 955 1807 όναρ

127 1810 206 1847 αὗτῷ
236 1810 473 1844 συνδιοπτάνεσθαι
490 1835 498 1849 ,
527 1813 573 1840 καὶ
603 1814 646 1840 οἷα
675 1816 876 1852 φαντασιοῦται.
905 1814 956 1842 Καὶ

126 1855 177 1883 τὸν
201 1856 286 1892 θυμὸν
313 1854 341 1883 δὶ
368 1856 440 1893 αὐτῷ
456 1857 501 1884 καὶ
516 1857 565 1892 τήν
579 1857 723 1895 ἐπιθυμίαν
747 1856 958 1897 ἀκριϐολογοῦν-

128 1909 188 1933 ται,
215 1899 238 1927 εἱ
261 1901 329 1938 πρὸς
354 1901 451 1928 κανόνα
475 1901 492 1936 ἢ
521 1902 566 1929 καὶ
596 1901 689 1933 ἄλλως
717 1901 830 1940 ἑκάτερα
853 1901 956 1935 διευθε-

130 1947 229 1972 τεῖται.
246 1944 294 1972 Καὶ
320 1944 393 1977 ὅλως
417 1946 462 1973 τὸν
485 1946 667 1985 (θαρρούντως
682 1947 767 1985 λέγω)
789 1947 858 1975 κατὰ
877 1949 957 1974 πνεῦ-

132 1998 174 2025 μα
193 1989 305 2027 πατέρα,
343 1989 463 2018 εὐκταῖον
496 1991 568 2027 μὲν,-
584 1991 658 2029 εἷ’περ
688 1991 726 2023 εἰς
748 1992 804 2020 υἱὸν
828 1991 954 2024 τίθενται·

129 2032 210 2060 αὐτοὶ
237 2031 265 2060 δὶ
288 2032 351 2061 ἀλλ’
372 2034 410 2065 ὡς
426 2034 464 2066 εἲς
493 2034 601 2070 δοῦλον,
627 2036 670 2064 καὶ
695 2036 774 2064 αὐτὸν
799 2036 955 2074 ἐλάχιστον,

126 2078 284 2110 τάττουσιν,
308 2078 440 2111 αὐθεντῶς
464 2080 540 2116 αὐτῷ
566 2081 796 2119 προσφερόμενοι,
831 2080 955 2118 ἐκλογισ-

130 2124 197 2158 μοῖς
236 2119 452 2159 ὑποϐάλλοντες,
482 2125 657 2156 ἀπαιτοῦντες
694 2125 758 2153 τάδε
786 2125 831 2153 καὶ
869 2125 957 2153 ἰκιῖνα

126 2169 232 2201 ποιεῖν,
261 2167 298 2197 ὡς
325 2167 418 2198 αὐτοῖς
450 2169 631 2207 παρίσταται,
661 2169 817 2207 ἀναγκάζειν
848 2170 956 2198 ἐθέλον-

127 2221 186 2245 τες,
213 2209 441 2249 περιυϐρίζοντες,
471 2211 564 2251 ἄγριον
608 2212 801 2251 ἐμϐλέποντες,
827 2214 956 2242 ἀπειλού-

132 2265 222 2292 μενοι,
252 2253 473 2294 ἐμϐριμώμενοι,
501 2258 574 2285 κάτω
603 2258 727 2298 ἐδάφους,
752 2259 808 2294 καὶ,
837 2260 852 2287 ὃ
880 2269 954 2298 φασι,

1022 288 1084 316 lum
1093 290 1166 317 dans
1176 289 1518 325 periculum,prazsertim
1532 290 1630 316 autem
1647 288 1843 324 improvidum

1021 334 1153 368 exitium,
1170 333 1264 362 latens
1280 334 1380 368 chaos,
1407 333 1532 370 laqueus
1561 333 1735 367 absconsus,
1765 334 1793 360 et
1820 332 1845 360 si

1023 387 1079 406 uno
1095 379 1183 407 verbo
1203 378 1303 407 omnia
1331 378 1573 415 complectamur,
1608 379 1709 413 partus
1734 376 1844 410 infelix,

1021 423 1131 460 quippe
1160 432 1177 451 ει
1204 423 1336 451 daemone
1360 423 1487 459 genitus,
1504 430 1521 450 a
1540 430 1598 458 quo
1627 421 1787 450 semiustus
1816 423 1845 449 et

1021 470 1179 504 conceptus
1193 470 1222 495 et
1236 468 1321 504 quasi
1338 469 1422 503 partu
1437 467 1535 495 editus
1560 468 1606 494 est
1622 466 1657 494 ad
1688 474 1846 494 commune

1021 512 1150 540 malum.

1054 566 1098 592 26.
1112 565 1167 592 Sed
1184 565 1254 592 talia
1271 565 1423 592 mendacia
1444 564 1472 591 in
1497 564 1667 591 hominibus
1697 563 1757 591 sint
1787 571 1843 591 non

1020 610 1226 645 bonis,quibus
1244 610 1318 637 Deus
1336 609 1408 636 bene
1426 609 1550 636 faciendi
1567 608 1736 635 facultatem
1753 608 1844 641 dedit,

1020 661 1153 689 perversa
1167 662 1234 680 vere
1249 654 1381 680 voluntas
1398 651 1571 679 offendicula
1587 652 1668 687 ponit
1684 660 1718 679 ne
1733 652 1843 679 bonum

1021 699 1168 726 tramitem
1199 698 1227 724 in
1258 698 1315 724 vita
1344 698 1506 725 secundum
1536 697 1584 723 Dei
1624 696 1840 732 beneplacitum

1020 745 1145 771 servent.
1159 743 1290 779 Agedum
1307 745 1335 770 et
1349 738 1553 769 aliud'malum
1571 741 1666 768 simile
1677 750 1693 768 δ.
1705 741 1842 768 daemoni-

1021 788 1075 815 bus
1093 790 1287 823 prasparatum
1304 787 1385 814 vobis
1396 786 1633 822 exponam,quod
1650 785 1767 820 quidem
1781 793 1843 812 ma-

1020 832 1097 859 xime
1111 832 1207 859 verbis
1223 831 1351 867 effulget,
1369 833 1581 866 consequenter
1596 838 1661 857 vero
1678 838 1729 865 per
1755 837 1844 865 opera.

1020 876 1382 911 conspicitur.Pontiﬁccm
1392 884 1441 903 vos
1457 874 1720 911 imprzesentiarum
1737 873 1844 901 habere

1021 921 1128 953 dicitis,
1146 929 1261 956 nempe,
1279 929 1335 955 me,
1350 922 1377 947 et
1391 920 1464 947 bene
1480 919 1599 952 dicitis;
1625 926 1691 946 sum
1721 918 1842 953 etenim,

1020 966 1086 993 licet
1102 966 1236 1002 dignitati
1253 966 1358 1001 impar.
1376 966 1409 992 Et
1425 974 1497 1001 quos
1514 964 1543 992 in
1560 966 1761 992 antecessores
1780 971 1844 999 ges«

1019 1011 1100 1039 sistis
1115 1011 1239 1045 animos,
1250 1012 1392 1039 noverunt
1400 1010 1518 1045 quidem
1533 1008 1573 1043 hi,
1591 1007 1768 1036 meministis
1776 1015 1842 1036 vero

1018 1064 1079 1083 vos.
1094 1056 1165 1082 Eum
1182 1058 1278 1083 autem
1293 1055 1342 1090 qui
1360 1063 1437 1082 nunc
1470 1054 1548 1087 vivit,
1576 1053 1649 1081 faxit
1677 1052 1754 1080 Deus
1784 1061 1842 1080 non

1018 1102 1106 1129 talem
1123 1109 1197 1134 esse,
1215 1100 1331 1136 qualem
1350 1101 1413 1127 ’aut
1441 1101 1562 1127 censent
1591 1100 1640 1126 aut
1669 1097 1843 1133 insipienter

1018 1146 1168 1174 somniant
1184 1146 1233 1173 isti
1250 1146 1284 1172 de
1301 1153 1374 1172 novo
1400 1144 1501 1172 arbitri
1532 1144 1600 1178 mei,
1631 1142 1740 1170 scilicet
1769 1150 1840 1177 pau-

1017 1199 1067 1226 per
1084 1191 1147 1223 Leo,
1165 1190 1242 1217 sicut
1257 1190 1319 1224 ipse
1336 1198 1366 1217 se
1383 1188 1527 1221 inscribit,
1544 1195 1628 1223 quem
1656 1186 1712 1214 nisi
1742 1186 1840 1214 Eccle-

1016 1236 1064 1263 siae
1082 1235 1219 1262 molitura
1230 1234 1366 1267 nutriret,
1385 1234 1460 1261 fame
1476 1230 1837 1266 interrisset,formicaleo,

1014 1280 1124 1307 victum
1140 1288 1197 1307 non
1214 1279 1336 1312 habens,
1351 1278 1471 1313 insuper
1495 1276 1545 1312 qui
1575 1276 1737 1304 secundum
1768 1283 1835 1302 con-

1014 1324 1205 1359 spirationem
1222 1324 1282 1351 sive
1293 1331 1309 1350 a
1325 1323 1382 1350 Deo
1393 1323 1480 1349 datus
1495 1323 1539 1349 est
1554 1320 1687 1356 ipsi,sive
1700 1319 1836 1353 aliunde;

1014 1369 1064 1404 qui
1082 1369 1116 1395 de
1130 1367 1353 1395 Thessalonicae
1378 1366 1565 1402 pontificibus
1595 1364 1689 1392 verbis
1720 1364 1838 1400 negotia

1013 1416 1113 1448 agunt,
1144 1413 1179 1439 de
1198 1412 1306 1447 quibus
1336 1410 1417 1438 nulla
1445 1410 1517 1437 ratio
1545 1410 1624 1445 ipsos
1659 1408 1838 1444 reposcenda

1013 1460 1067 1489 est,
1085 1457 1195 1484 scilicet
1211 1456 1311 1487 vitam,
1328 1463 1460 1489 sensum,
1487 1454 1687 1490 agitationem,
1718 1460 1835 1479 omnem

1012 1501 1162 1537 physicam
1178 1500 1418 1536 compositionem
1436 1500 1649 1534 computantes.
1667 1497 1724 1524 Nec
1738 1496 1778 1524 ita
1790 1504 1836 1523 ac-

1012 1549 1111 1573 curate
1122 1546 1157 1572 de
1173 1546 1259 1572 domo
1277 1553 1330 1572 sua
1345 1553 1374 1571 se
1391 1546 1496 1579 gerunt
1511 1542 1569 1578 ipsi
1600 1545 1627 1569 et
1656 1542 1691 1569 de
1720 1540 1832 1568 familia

1012 1599 1075 1624 sua,
1090 1593 1120 1617 ut
1134 1592 1168 1617 de
1180 1590 1324 1617 Eustathii
1339 1588 1417 1616 illius
1434 1586 1692 1615 administratione
1711 1586 1836 1613 effodere

1011 1634 1249 1669 satagunt,vitam
1266 1634 1341 1669 ipsiu
1348 1642 1360 1660 s
1377 1632 1503 1666 maligne
1515 1631 1836 1666 indaganteszquaanam

1011 1680 1097 1706 verba
1113 1679 1253 1714 loquitur,
1271 1677 1417 1713 quomodo
1435 1684 1500 1703 cum
1518 1675 1609 1702 obviis
1633 1676 1835 1707 conversatur,

1012 1732 1144 1759 quasnam
1161 1723 1258 1750 sentit.
1276 1722 1393 1754 Volunt,
1413 1723 1443 1747 ut
1459 1722 1538 1755 puto,
1556 1719 1580 1746 si
1599 1718 1735 1754 possibile
1750 1720 1837 1753 est,et

1012 1778 1074 1804 qua:
1091 1768 1219 1795 somniat
1230 1770 1257 1794 et
1273 1776 1336 1802 quae
1352 1767 1460 1801 cogitat
1479 1763 1704 1800 perscrutari.Et
1716 1771 1765 1790 cor
1780 1762 1836 1798 ipsi

1012 1816 1039 1841 et
1054 1813 1199 1840 desideria
1214 1813 1349 1839 accurate
1366 1810 1562 1846 perpendunt,
1580 1808 1604 1835 si
1631 1808 1716 1843 juxta
1745 1815 1834 1834 cano-

1012 1867 1062 1885 nes
1079 1859 1129 1884 aut
1159 1857 1226 1884 hinc
1257 1856 1358 1883 indcve
1386 1856 1459 1882 bene
1469 1854 1651 1881 ordinentur.
1668 1854 1702 1879 Et
1718 1851 1834 1888 penitus

1011 1905 1122 1939 patrem
1152 1901 1344 1935 (confidenter
1372 1899 1447 1935 dico)
1477 1898 1639 1926 secundum
1670 1896 1834 1932 hpiritum,

1012 1947 1173 1982 optandum
1191 1946 1320 1980 quidem,
1342 1944 1410 1971 licet
1439 1943 1532 1970 filium
1558 1941 1747 1975 constituant,
1779 1939 1835 1976 ipsi

1012 1991 1095 2027 quasi
1111 1991 1139 2018 in
1157 1998 1271 2018 servum
1283 1990 1418 2024 huncque
1431 1996 1518 2023 quam
1534 1987 1690 2014 minimum
1707 1986 1834 2019 mutant,

1012 2036 1101 2063 nimio
1119 2035 1241 2071 imperio
1258 2042 1323 2061 cum
1352 2042 1384 2061 eo
1402 2034 1531 2068 agentes,
1557 2030 1731 2058 ratiunculis
1762 2029 1833 2057 sub-

1006 2082 1154 2116 jicientes,
1184 2081 1331 2115 exigentes
1359 2082 1391 2106 ut
1417 2079 1477 2105 haec
1507 2081 1535 2105 et
1563 2077 1613 2104 illa
1636 2076 1723 2104 faciat
1751 2077 1838 2112 prout

1011 2126 1084 2161 ipsis
1113 2126 1284 2159 cumplacet,
1324 2132 1426 2159 cogere
1469 2122 1609 2155 volentes,
1650 2120 1837 2148 contumeliis

1012 2171 1181 2203 efﬁcientes,
1212 2174 1290 2197 torve
1319 2170 1477 2201 intuentes,
1503 2167 1684 2198 minitantes,
1715 2166 1744 2192 in
1768 2173 1835 2198 eum

1012 2216 1178 2249 frementes,
1196 2216 1231 2242 ad
1250 2218 1367 2249 terram,
1384 2216 1415 2241 et
1427 2215 1455 2240 ut
1473 2213 1565 2245 aiunt,
1582 2211 1695 2246 capillis
1723 2210 1759 2237 ad
1787 2218 1836 2237 so-

1010 2260 1072 2288 lum
1088 2261 1193 2287 ducere
1209 2259 1371 2295 cupientes,
1398 2257 1496 2285 omnia
1511 2259 1629 2292 agentes
1645 2255 1753 2290 quibus
1783 2253 1833 2280 filii

130 2299 227 2337 κουρὶξ
243 2305 282 2339 ἐν
313 2299 422 2338 δαπέδῳ
451 2302 602 2340 περιέλκειν
629 2303 822 2340 ἐπιθυμοῦντες
838 2325 846 2339 ,
871 2303 957 2331 πάντα

1016 2305 1087 2332 vices
1102 2308 1192 2340 pater,
1209 2307 1236 2332 et
1252 2303 1326 2331 servi
1339 2304 1410 2330 liber
1424 2305 1461 2334 et,
1480 2300 1593 2329 barbari
1611 2301 1725 2327 Graecus
1751 2298 1834 2334 gerit,

131 2346 276 2377 ¹ποιοῦντες
291 2343 326 2372 δι’
349 2344 387 2373 ὦν
403 2346 461 2377 οἰὸς
477 2347 491 2373 6
505 2347 606 2384 πατὴρ,
622 2348 667 2375 καὶ
682 2347 825 2380 παιδίσκος
840 2349 854 2376 6
882 2346 958 2375 ἐλεύ-

132 2389 224 2426 θερος,
239 2388 285 2416 καὶ
302 2387 437 2428 βάρϐαρος
454 2390 469 2418 6
490 2390 608 2427 Ἕλλην,
633 2392 722 2420 αὐτῶν
744 2390 959 2429 μεταπεποιηκό-

131 2443 200 2469 των⁷
222 2432 342 2471 γένηται,
367 2434 413 2462 καὶ
432 2434 541 2471 ἀμαθὴς
555 2436 600 2463 καὶ
629 2436 760 2474 εὐμαθὴς,
776 2437 806 2465 τὸ
836 2436 864 2465 δὲ
889 2438 959 2465 πάν-

131 2487 189 2506 των
217 2480 325 2516 χεῖρον,
360 2479 451 2510 κοινὸς
481 2479 622 2518 ἀνθρωπος
650 2481 664 2509 6
692 2481 775 2519 μέγας
804 2481 957 2520 ἀρχιερεὺς,

130 2522 179 2549 καὶ
206 2521 302 2554 λαϊκὸς
332 2523 346 2550 6
369 2526 417 2551 τοῦ
440 2523 553 2552 ἐνταῦθα
577 2524 656 2560 λαοῦ,
682 2525 707 2553 εἶ’
721 2525 766 2553 καὶ
783 2526 822 2563 μὴ
837 2525 957 2564 ὕπερθεν,

131 2564 198 2594 ἀλλ’
213 2565 275 2595 οὗδὶ
290 2566 414 2599 ὕστατος.

169 2621 217 2654 κζ’.
245 2620 324 2650 Οὕτω
352 2622 485 2650 κάνταῦθα
512 2622 656 2660 ψεύδονται
684 2625 710 2651 οἱ
736 2623 885 2662 ἅνθρωποι,
911 2625 958 2662 ἀρ-

130 2664 228 2702 χιερέα
244 2664 378 2702 λέγοντες,
404 2666 434 2694 ὃν
450 2666 487 2698 εἷς
512 2667 620 2695 ἀνοσίου
646 2671 743 2706 μοῖραν
764 2668 957 2697 ἀποτάττονται

131 2709 178 2736 καὶ
195 2709 223 2736 ὃν
250 2710 470 2749 εὐκτηριάζοντις
494 2710 564 2740 οἴκοι
581 2712 739 2751 εὐλογοῦσιν
764 2714 801 2744 ὡς
832 2714 958 2751 ἀργιεπί-

132 2764 246 2789 σκοπον,
273 2753 316 2782 ἐπὶ
338 2757 392 2783 τῶν
406 2756 554 2795 Λεωφόρων
569 2756 684 2794 ὖμνοῦσι
699 2758 838 2796 φροιμίοις
853 2758 958 2796 πολυβ-

133 2797 227 2836 ρόθοις
256 2800 369 2837 κραγὸν,
396 2800 410 2827 ’ὁ
440 2799 473 2835 δὴ
505 2800 625 2839 λέγεται,
653 2802 867 2840 ἀνακράζοντες·
897 2802 956 2835 ὅθεν

98 2842 101 2845 ⁷
132 2841 228 2875 καλῶς
241 2842 286 2871 καὶ
302 2844 317 2872 6
338 2845 454 2881 κόσμος,
469 2846 502 2873 τὰ
526 2846 593 2874 κατὰ
612 2849 663 2885 γῆν
680 2846 786 2883 δηλαδὴ
797 2847 842 2876 καὶ
858 2847 957 2881 θάλασ-

1014 2349 1195 2377 mutantibus
1211 2349 1294 2384 ipsis,
1307 2348 1366 2375 sive
1383 2347 1475 2383 ignari
1491 2346 1550 2374 sive
1560 2344 1742 2376 doctisint,et
1756 2342 1835 2379 quod

1014 2394 1145 2422 omnium
1164 2394 1335 2428 pessimum,
1366 2392 1475 2427 quibus
1500 2390 1596 2417 tenuis
1624 2387 1753 2416 hominis
1770 2388 1832 2415 loco

1014 2439 1138 2466 habetur
1153 2446 1278 2473 magnus
1304 2436 1442 2472 pontifex,
1459 2438 1487 2462 et
1514 2434 1579 2462 laici
1595 2434 1667 2468 loco,
1679 2433 1722 2460 vir
1735 2431 1834 2468 populi

1014 2484 1063 2519 qui
1079 2483 1126 2510 hic
1141 2484 1244 2515 exstat,
1258 2482 1282 2509 si
1299 2489 1355 2509 non
1372 2479 1477 2508 eximio
1493 2479 1589 2514 modo,
1619 2480 1748 2506 attamen
1776 2484 1834 2504 non

1014 2527 1148 2555 ultimus.

1048 2628 1091 2654 27.
1110 2627 1156 2654 Sic
1172 2625 1259 2659 hujus
1272 2624 1326 2651 loci
1344 2623 1526 2651 mentiuntur
1536 2621 1669 2649 homines
1681 2620 1716 2647 de
1736 2626 1833 2646 sacer-

1013 2673 1079 2699 dote
1095 2678 1210 2698 summo
1228 2669 1378 2704 loquentes
1390 2676 1476 2703 quem
1489 2667 1517 2694 in
1535 2666 1617 2702 impii
1634 2667 1741 2693 sortem
1751 2671 1832 2698 repo-

1014 2718 1098 2750 nunt,
1114 2718 1142 2742 et
1157 2722 1243 2749 quem
1260 2714 1289 2740 in
1306 2713 1392 2739 domo
1409 2712 1548 2739 orationis
1566 2710 1742 2737 benedicunt
1768 2710 1833 2735 tan-

1013 2769 1101 2797 quam
1118 2758 1382 2794 archiepiscopum,
1397 2758 1432 2784 de
1447 2765 1479 2784 eo
1502 2754 1699 2783 celeberrimis
1721 2753 1752 2780 in
1779 2751 1834 2779 viis

1014 2796 1129 2841 fragosa
1145 2803 1261 2832 exordia
1277 2804 1406 2835 cantant,
1424 2802 1559 2834 clamore,
1577 2803 1610 2828 ut
1640 2800 1733 2832 aiunt,
1759 2796 1834 2824 νοῶ.

1013 2852 1152 2883 ferentes,
1169 2849 1246 2876 unde
1258 2848 1329 2875 bene
1346 2848 1377 2874 lit
1407 2850 1438 2874 ut
1466 2847 1556 2880 orbis,
1586 2845 1698 2874 scilicet
1725 2842 1833 2879 quain
