4136 6210
500 325 656 386 1055

1280 339 1697 403 EUSTATHII
1741 347 2511 417 TllESSALONlCENSIS
2555 355 3142 423 METROPOLIT£

3770 366 3915 427 1056

499 464 655 515 terra
682 464 742 517 et
766 463 915 519 mari
941 470 1001 520 et
1027 482 1179 534 aere,
1239 486 1346 527 nos
1405 473 1639 532 fallaces
1694 481 1753 534 et
1806 479 2137 553 deceptores

2255 504 2349 538 σαν
2373 486 2465 540 καὶ
2520 487 2674 563 ἀέρα,
2732 489 2988 563 ψεύδουσι
3044 494 3172 557 τοῦς
3200 495 3429 568 ψεύστας
3456 496 3729 568 ἡμᾶςκαὶ
3784 498 3914 550 ἄπα-

500 547 685 605 t’allat.
714 551 781 606 Et
808 552 869 608 in
911 554 1041 626 hoc,
1099 560 1255 629 quod
1331 560 1462 619 dias
1510 568 1771 638 tempore
1816 547 2145 641 opportuno

500 643 560 692 et
586 655 859 697 sermone
886 647 943 697 et
973 659 1071 699 ore
1092 648 1279 717 protul
1339 668 1472 722 cus,
1497 670 1606 710 sua
1637 672 1752 711 non
1808 659 1947 715 facit
1992 662 2148 716 ordi-

502 732 643 784 nata
679 730 1041 799 constitutio,
1074 736 1173 790 sed
1235 738 1285 791 vi
1352 742 1493 797 ssim
1554 748 1820 816 tempora
1860 750 2148 805 variantia

504 820 608 871 aut
638 817 879 885 faciunt,
911 825 1012 875 aut
1060 824 1283 896 patiunl
1342 845 1383 896 ι’,
1439 838 1880 907 convertuntur,
1939 840 2149 894 deinde

502 907 570 960 ad
593 905 792 961 odium
826 908 1142 979 pristinum
1191 916 1459 989 redeunt,
1483 925 1541 975 et
1569 923 1698 979 sine
1729 942 1836 981 nos
1858 944 1960 999 spe
1989 929 2147 984 inani

500 994 573 1049 de
593 1010 793 1049 eorum
822 995 881 1051 in
914 1014 1021 1054 nos
1052 1001 1457 1063 benevolentia
1488 1010 1722 1068 fallunt.
1784 994 1985 1073 Sic-et
2041 1035 2148 1075 nos

497 1082 763 1154 improbe
793 1084 890 1140 alii
921 1102 1061 1161 erga
1101 1091 1249 1148 alios
1279 1096 1617 1155 animamur
1646 1106 1709 1157 ut
1739 1120 1854 1159 non
1885 1106 2146 1164 decebat.

498 1171 643 1227 Inibi
675 1172 805 1229 dico
834 1179 1037 1233 utnon
1094 1181 1337 1252 decebat,
1390 1189 1670 1258 quoniam
1732 1191 1888 1249 haud
1964 1214 2151 1268 pauca

497 1262 937 1321 mendaciorum
998 1284 1113 1324 non
1176 1272 1400 1344 absque
1490 1276 1701 1336 virtute
1785 1291 2151 1356 componunt

493 1349 785 1417 homines,
817 1355 1089 1412 consulto
1107 1361 1480 1419 mendacium
1504 1349 2149 1448 praestruentesdtaque

496 1437 796 1495 interdum
825 1440 1144 1502 laudantur
1188 1450 1430 1520 quidam
1478 1437 1528 1509 si
1558 1472 1690 1513 cum
1750 1437 2150 1519 benevolentia

495 1528 725 1583 mentiti
757 1529 898 1597 sint,
930 1537 990 1588 et
1018 1533 1232 1593 iterum
1274 1540 1686 1613 vituperantur
1730 1549 1781 1604 si
1839 1566 2144 1623 perperam

493 1616 797 1673 veritatem
820 1620 1100 1678 dixerint.
1136 1625 1203 1681 Et
1234 1626 1370 1684 huic
1404 1632 1708 1691 ratiocinio
1737 1616 2145 1697 testimonium

498 1706 700 1796 reddit
745 1709 848 1780 qui
910 1712 1137 1783 primus
1193 1715 1370 1775 hocce
1426 1730 1781 1796 prmeeptum
1847 1729 2142 1787 tradidit:

499 1794 743 1857 Quando
771 1801 1001 1887 oportet
1050 1805 1421 1864 mendacium
1452 1794 1729 1883 proferre,
1762 1818 1975 1887 profer.
2034 1821 2143 1876 Sed

499 1885 559 1936 et
587 1898 786 1940 rarum
818 1885 986 1959 illud,
1013 1894 1071 1945 et
1125 1894 1462 1965 cogitationi
1510 1905 1567 1955 et
1595 1885 1852 1975 aequitati
1910 1908 2146 1979 penitus

496 1976 807 2044 repugnat.

568 2079 659 2133 28.
695 2079 867 2138 Aliud
897 2100 1199 2146 summum
1221 2106 1505 2165 exponam
1524 2102 1897 2159 mendacium
1929 2110 2083 2179 quod
2115 2126 2146 2167 e

499 2168 722 2224 mundo
752 2170 944 2228 deleat
974 2180 1144 2247 Deus,
1188 2198 1395 2257 nempe
1453 2195 1655 2246 contra
1713 2192 1910 2265 ipsum
1944 2168 2141 2255 .Deum

502 2257 817 2315 mentiens.
872 2261 1208 2324 Pactionem
1262 2272 1418 2329 enim
1462 2277 1740 2337 facientes
1797 2284 1863 2339 ir:
1885 2288 2145 2343 evocabi-

499 2343 617 2401 lem
648 2362 825 2419 quam
856 2366 929 2408 ne
957 2353 1132 2412 liceat
1151 2359 1536 2423 adulterarem
1570 2369 1630 2425 In
1664 2373 1901 2431 nomine
1929 2376 2139 2446 Patris,

494 2433 824 2529 inquimus,
858 2445 915 2497 et
946 2443 1071 2499 Filii
1104 2453 1162 2503 et
1202 2453 1388 2507 sancti
1422 2455 1698 2529 Spiritus,
1735 2484 1764 2511 »
1810 2480 1916 2520 nec
1946 2433 2139 2522 solum

492 2522 552 2580 id
592 2524 865 2597 dicimus,
898 2533 999 2589 sed
1022 2536 1197 2594 etiam
1226 2538 1436 2599 horum
1460 2546 1519 2601 in
1552 2550 1741 2621 capite
1785 2554 2136 2626 scriptorum

491 2614 702 2688 crucis,
737 2620 944 2676 mundi
970 2623 1446 2702 salutis,signum
1463 2638 1830 2698 adorandum
1862 2648 2139 2718 superad-

490 2703 713 2774 dimus,
755 2711 1031 2771 manibus
1062 2722 1448 2792 propriiillud
1490 2729 1872 2791 delineantes.
1924 2703 2137 2795 deinde

493 2809 627 2849 cum
650 2802 972 2894 oportuerit
1000 2805 1056 2859 in
1086 2806 1257 2881 [opus
1306 2815 1593 2875 deducere
1650 2825 1803 2894 quod
1853 2825 2134 2886 selectum

517 2900 633 2935 tu”
662 2890 702 2954 ε,
734 2886 877 2944 inibi
909 2895 965 2947 et
996 2901 1199 2953 contra
1256 2910 1615 2977 scrutamur,
1670 2912 1719 2967 si
1769 2913 2002 2973 lucrum
2060 2920 2139 2974 sit

492 2975 792 3071 quoddam
822 2986 924 3037 aut
954 2984 1109 3042 aliud
1135 2990 1437 3067 effugium,
1467 2975 1799 3071 pactionem
1831 3006 1971 3064 ludo
2010 3027 2137 3067 ver-

492 3065 702 3133 tentes,
735 3083 862 3140 quas
888 3075 1007 3129 tam
1038 3065 1363 3140 venerando
1394 3086 1561 3160 signo
1592 3090 1953 3166 inscribitur,
1978 3099 2137 3169 jure-

484 3150 739 3221 jurando
755 3156 1192 3232 ﬁrmamus,nec
1215 3187 1445 3232 crucem
1467 3177 1985 3257 insculpsisse,nec
1997 3189 2135 3245 scri-
2163 3210 2206 3278 ρ

493 3240 681 3278 nciam:
722 3248 1047 3278 ῇηηιξΛ-ιΑ-ι.
1107 3256 1243 3278 “ne-
1349 3264 1361 3277 ι
1624 3275 1632 3278 .
1802 3274 1816 3278 -

492 3240 682 3336 psisse
722 3248 1074 3323 pactionem,
1107 3256 1313 3318 ultimo
1335 3240 1681 3336 juramentd
1732 3240 2134 3335 solventesﬂe-t

492 3331 925 3403 prmﬂguratam
958 3357 1190 3403 crucem
1221 3356 1278 3406 et
1314 3360 1707 3417 venerandam
1757 3363 1918 3420 illam
1968 3367 2127 3438 jura-

492 3424 689 3515 mento
742 3431 1179 3515 superadditam
1258 3444 1691 3515 cogitationem.
1764 3454 1904 3509 Inde
1968 3424 2131 3512 "mihi

493 3510 813 3569 meditandi
846 3522 903 3571 et
952 3528 1250 3583 reverendi
1295 3547 1493 3604 causa,
1525 3537 1815 3608 siquidem
1864 3559 2131 3601 commu-

492 3596 585 3653 nis
619 3599 899 3661 Dominus
932 3615 1149 3681 noster,
1181 3633 1355 3689 quem
1388 3622 1447 3679 in
1490 3626 1675 3697 pactis
1706 3631 2130 3702 adjuravimus,

492 3693 724 3788 portare
754 3709 862 3751 nos
887 3697 1008 3755 vult
1038 3718 1270 3765 crucem
1300 3693 1971 3794 iillam'cruciﬁxumque
2036 3741 2132 3781 se-

492 3776 613 3847 qui,
647 3784 705 3835 et
735 3781 819 3839 sic
851 3790 1342 3868 crucinegatores,
1374 3802 1423 3857 si
1455 3805 1541 3860 sic
1568 3810 1761 3864 vocari
1819 3811 1973 3883 licet,
2028 3831 2132 3870 nos

490 3869 856 3969 ostendimus
906 3881 964 3933 et
1001 3882 1284 3952 perimus.
1344 3891 1528 3950 Homo
1591 3896 1938 3969 Christiane,
2005 3920 2132 3960 ver-

662 3958 910 4033 simplex
941 3967 989 4022 si
1025 3970 1193 4045 dicis,
1232 3994 1344 4034 non
1393 3981 1444 4036 ir.
1462 4004 1486 4037 ι.
1503 3984 1601 4041 tile
1651 3953 2130 4063 redderevdebes,

491 4046 782 4146 etjurans
828 4057 1092 4113 mentiris
1181 4086 1201 4115 ι
1254 4068 1473 4138 Juravi,
1541 4073 1642 4146 ait,
1715 4081 1774 4132 et
1838 4081 2133 4142 statui°.»

495 4130 651 4234 _Et‘tu
670 4136 841 4234 j-uras
873 4148 929 4199 et
975 4152 1144 4219 quasi
1206 4130 1470 4215 nihilum,
1503 4130 1769 4234 abjicisil—
1792 4130 2132 4229 Retia—loco

492 4222 1119 4307 habesjuramentum,
1154 4242 1306 4300 sicut
1333 4245 1546 4305 illicem
1578 4250 1634 4307 id
1686 4257 1981 4331 producis,
2031 4278 2135 4334 per

495 4315 651 4386 quod
709 4325 944 4394 captare
1002 4326 1090 4383 vis
1134 4347 1248 4389 non
1295 4335 1487 4394 solum
1552 4340 1963 4418 simpliciores,
2029 4315 2129 4407 sed

489 4410 546 4460 et
576 4407 675 4477 qui
707 4410 779 4466 ad
814 4410 1074 4484 intimos,
1099 4420 1351 4478 scientia:
1401 4442 1701 4502 recessus,
1732 4442 2125 4505 penetrarunt.

490 4495 580 4598 Et.
616 4499 757 4571 quid
817 4502 969 4600 ultra
1028 4506 1165 4563 facit
1213 4512 1481 4573 diabolus
1552 4495 1840 4580 mendacii
1915 4532 2132 4600 pater?

489 4587 659 4656 cujus
682 4594 822 4646 sunt
871 4591 993 4662 lilii,
1056 4602 1121 4653 ut
1178 4599 1258 4655 ita
1342 4603 1553 4679 dicam,
1629 4575 2207 4685 quiﬂiurafnutminn

488 4674 645 4744 dolo,
702 4679 918 4772 quippe
969 4685 1067 4756 qni
1127 4692 1497 4751 mendacium
1538 4674 1743 4772 tetipsi
1781 4674 1997 4761 diaboli
2047 4707 2131 4763 in-

488 4768 614 4821 star
658 4769 914 4844 pariunt,
966 4775 1107 4833 solis
1151 4782 1522 4842 sermonibus
1581 4768 1999 4852 afllrmationes
2047 4812 2132 4853 re~

485 4858 802 4913 servantes.

549 5145 639 5201 29.
673 5150 1017 5208 Suntmulti
1043 5154 1220 5210 etiam
1250 5154 1402 5212 inter
1459 5158 1637 5232 hujus
1696 5165 1976 5238 temporis
2025 5168 2127 5224 ho-

482 5236 1162 5311 mines:gloriabundiet
1212 5244 1471 5306 dicentes
1529 5236 1942 5327 unusquisque
1990 5258 2130 5329 quia

482 5326 647 5385 Meus
674 5346 868 5387 sermo
899 5346 1030 5387 vere
1063 5351 1254 5391 sermo
1286 5341 1393 5393 est.
1429 5339 1508 5395 De
1546 5342 1760 5412 quibus
1793 5326 1896 5416 ego
1928 5346 2128 5403 ridens

481 5420 609 5478 volo
662 5439 823 5479 meos
873 5423 1108 5495 gloriari
1160 5443 1641 5505 unumquemque
1710 5433 1769 5490 in
1857 5435 2126 5509 Domino,

480 5510 620 5584 quia
678 5512 842 5569 Meus
899 5530 1092 5572 sermo
1130 5534 1245 5574 non
1322 5534 1514 5577 sermo
1574 5523 1942 5597 simpliciter,
2024 5528 2123 5583 sed

550 5678 572 5711 ⁸
602 5676 755 5733 Psal.
786 5692 978 5749 cxvm,
1012 5683 1135 5752 106,

2255 578 2480 637 τεῶνας.
2538 577 2642 634 Καὶ
2697 584 2860 635 τοῦτο
2912 578 3004 650 δὴ,
3055 582 3201 637 ’ὀκαὶ
3235 582 3441 640 ἄλλοτε
3463 590 3666 660 καιροῦ
3720 584 3917 641 πλατιῖ

2254 663 2345 716 καὶ
2376 661 2532 739 λόγῳ
2559 668 2653 721 καὶ
2702 668 2929 742 στόματι
2976 669 3201 749 ἔφαμεν,
3256 673 3317 728 ού
3373 680 3526 729 ποιεῖ
3552 676 3622 729 τὰ
3650 676 3853 743 ἑαυτῆς
3881 677 3912 743 ἡ

2256 758 2573 829 στοιχειακῆ
2617 759 2960 821 κατάστασιςο
3008 759 3155 816 ἀλλᾶ
3182 760 3414 834 ἐναλλὰξ
3458 765 3527 818 τὰ
3558 762 3837 835 ἀλλήλων
3866 768 3912 819 οἱ

2256 844 2439 917 καιροὶ
2494 841 2814 917 ἀμείϐοντες
2869 848 2905 917 ἦ
2965 854 3215 905 ποιοῦσιν
3272 852 3308 920 ἢ
3367 852 3673 927 πάσχουσιν
3711 899 3730 922 ,
3788 854 3906 908 ἀνα-

2259 933 2600 1009 στραφέντες,
2663 935 2760 991 εἶτ’
2817 936 2909 992 οὖν
2964 938 3350 1015 ἀνατραπέντες
3397 940 3476 1005 εἷς
3519 943 3584 996 τὸ
3642 941 3912 1017 παλίγκο-

2257 1042 2368 1089 τον,
2398 1022 2487 1075 καὶ
2537 1025 2680 1079 οὕτω
2710 1024 2997 1099 ψεύδοντες
3028 1033 3178 1101 ἡμᾶς
3221 1035 3332 1084 τῶν
3390 1031 3473 1086 ἔπ’
3528 1032 3698 1102 αὐτῆς
3759 1031 3913 1086 ἐλπί-

2259 1107 2368 1165 δων
2429 1113 2567 1188 πρὸς
2626 1115 2933 1187 ὁμοιότητα
2981 1120 3081 1186 τὴν
3141 1118 3195 1173 ὲν
3253 1122 3391 1192 ἡμῖν
3427 1164 3441 1176 .
3510 1123 3615 1177 Καὶ
3669 1122 3777 1197 γὰρ
3830 1122 3914 1175 καὶ

2258 1203 2421 1274 ἡμεῖς
2451 1202 2594 1257 οὕτω
2643 1210 2825 1267 κακῶς
2868 1204 3154 1278 ἀλλήλους
3202 1205 3563 1282 διατιθέμεθα,
3623 1211 3770 1264 καθὰ
3825 1210 3917 1266 οῦκ

2259 1290 2451 1366 ἐχρῆν.
2509 1295 2666 1368 Λέγω
2716 1291 2775 1348 δὲ
2831 1295 3058 1350 ἑνταῦθα
3085 1298 3149 1351 τὸ
3207 1297 3308 1353 οὐκ
3363 1298 3555 1373 ἰχρῆν,
3618 1296 3763 1353 διότι
3825 1300 3917 1355 οὒκ

2258 1381 2421 1455 ὀλίγα
2475 1388 2582 1437 τῶν
2634 1383 2957 1456 ψευσμάτων
3002 1385 3104 1440 ούκ
3154 1384 3255 1456 ἔξω
3312 1388 3507 1458 ἀρετῆς
3562 1385 3915 1457 ἐπιτηδεύονο

2257 1492 2345 1526 ται
2376 1473 2679 1546 ἅνθρωποι,
2740 1469 3123 1544 μεθοδεύοντες
3181 1474 3549 1548 οἰκονομικῶς
3602 1476 3668 1530 τὸ
3726 1473 3915 1549 ψεύδε-

2259 1573 2400 1625 σθαι.
2434 1560 2527 1615 Διό
2574 1562 2664 1615 καὶ
2713 1561 3054 1617 ἐπαινοῦνται
3107 1563 3201 1635 μέν
3257 1584 3400 1627 τινες
3450 1560 3592 1619 ἔστιν
3652 1564 3822 1635 ὅπου,
3874 1565 3913 1619 εἰ

2258 1651 2342 1706 ἐπ’
2402 1651 2586 1725 ἁγαθῷ
2632 1650 2941 1724 ψεύσονται*
2992 1652 3253 1726 ψέγονται
3303 1650 3363 1707 δὲ
3408 1652 3475 1707 αῦ
3522 1652 3718 1740 πάλιν,
3753 1652 3812 1709 εἴ
3858 1676 3916 1728 τι

2263 1740 2339 1812 μὴ
2372 1739 2691 1815 πρεπόντως
2722 1739 3145 1809 έπαληθεύουσι.
3206 1742 3306 1796 Καὶ
3348 1739 3680 1818 μαρτύρεται
3708 1748 3798 1815 τῷ
3826 1743 3915 1799 λό-

2180 1849 2226 1915 B
2256 1852 2336 1903 γῳ
2364 1829 2544 1901 τούτῳ
2572 1829 2662 1883 καὶ
2696 1828 2725 1883 ό
2773 1827 3231 1904 γνωμοδοτήσας,
3260 1832 3336 1893 ὡς
3367 1833 3535 1886 Ἔνθα
3555 1852 3611 1886 τι
3642 1833 3764 1908 χρῆ
3798 1835 3916 1904 ψεῦ-

2260 1917 2353 1981 δος
2384 1917 2658 1993 λεγέσθαι,
2691 1917 2963 1993 λέγεσθω.
3010 1917 3166 1976 Ἀλλ’
3210 1920 3341 1975 αὐτὸ
3374 1921 3470 1993 μὶν
3516 1920 3611 1975 καὶ
3672 1920 3914 1989 σπάνιον,

2255 2009 2345 2063 καὶ
2378 2005 2771 2083 δυσθεώρητον,
2802 2008 2895 2063 καὶ
2925 2005 3052 2064 οὐδὲ
3081 2005 3442 2083 εύδιάκριτον.

2325 2122 2430 2188 κη’.
2464 2116 2606 2191 Ἐγὼ
2655 2112 2713 2170 δὲ
2760 2114 2850 2170 καὶ
2881 2113 3023 2171 ἄλλο
3071 2120 3369 2193 κορυφαῖον
3415 2114 3724 2189 ἐκθήσομαι
3784 2119 3915 2190 ψεῦο

2255 2226 2386 2277 σμα,
2418 2206 2551 2279 ὅπερ
2582 2203 2875 2278 ἀπαλείψοι
2924 2206 2952 2259 ὁ
2992 2205 3126 2267 Θεὸς
3173 2204 3232 2259 Ex
3274 2208 3373 2259 τοῦ
3401 2204 3638 2279 κόσμου,
3698 2205 3779 2267 ὡς
3826 2208 3912 2261 καὶ

2251 2298 2368 2349 κατ’
2453 2292 2616 2349 αὐτοῦ
2700 2292 2901 2349 ἐκείνου
2983 2292 3347 2368 ψευδόμενον.
3430 2292 3912 2357 Συναλλάττοντες

2250 2384 2353 2459 γὰρ
2430 2382 2705 2462 ἀσφαλῶς,
2783 2383 2858 2444 ὡς
2935 2384 3011 2457 μή
3087 2383 3279 2454 ἐξεῖναι
3352 2391 3740 2459 παραποιῆσαι
3815 2387 3912 2452 τῆν

2250 2472 2623 2547 ωναλλαγήν,
2684 2496 2714 2525 ‹‹
2769 2473 2859 2529 'Ev
2914 2470 3165 2546 ὀνόματι,
3236 2473 3435 2547 φαμεν,
3522 2478 3622 2527 τοῦ
3698 2474 3910 2549 ῐῐατρὸς

2247 2565 2335 2618 καὶ
2385 2567 2480 2618 τοῦ
2537 2563 2665 2617 Υἳοῦ
2716 2561 2805 2617 καὶ
2848 2565 2946 2617 τοῦ
3004 2561 3159 2637 ἁγίου
3201 2563 3532 2634 Πνεύματος·
3595 2586 3626 2613 ››
3682 2564 3779 2617 καὶ
3837 2565 3898 2618 οὗ

2251 2653 2410 2727 μόνον
2476 2650 2708 2728 λέγομεν
2781 2650 2912 2706 αὐτὸ
2946 2695 2961 2721 ,
3020 2650 3166 2706 ἀλλὰ
3230 2652 3321 2707 καὶ
3374 2650 3743 2728 προτιθέαμεν
3792 2657 3898 2707 τῶν

2243 2743 2553 2821 γραφέντων
2582 2740 2788 2796 τούτων
2845 2744 2942 2795 τοῦ
2997 2739 3450 2816 κοσμοσωτηρίου
3508 2745 3750 2809 σταυροῦ
3808 2742 3898 2795 τύ-

2244 2852 2346 2886 πον
2395 2830 2768 2905 προσκυνητὸν
2795 2875 2807 2899 ,
2867 2828 3055 2904 χερσὶν
3134 2825 3301 2890 ἰδίαις
3358 2828 3517 2884 αὐτὸν
3576 2828 3898 2905 προχαράσ-

2247 2940 2447 2982 σοντες.
2525 2919 2658 2976 Εἶτα
2729 2915 2924 2988 δεῆσαν
2999 2912 3223 2987 ἐκϐῆναι
3288 2919 3351 2973 τὸ
3407 2919 3617 2992 αἱρεθὲν
3679 2918 3774 2973 καὶ
3828 2919 3900 2980 εἰς

2246 3008 2426 3086 ἔργον,
2499 3008 2627 3063 ἀλλ’
2703 3006 2928 3071 ἐνταῦθα
2995 3006 3319 3080 ζητούμενοι
3375 3005 3585 3062 δάνειον
3647 3009 3823 3083 τυχὸν
3866 3010 3899 3076 ἤ

2246 3097 2481 3174 ἕτεροίαν
2567 3095 2930 3175 ὀφειλομένην
3009 3091 3273 3150 ἀπόϐασιν
3308 3140 3323 3165 ,
3396 3100 3491 3151 τοῦ
3554 3092 3901 3169 ωμϐολαίου

2244 3187 2680 3263 κατορχούμενοι
2706 3227 2720 3255 ,
2778 3183 2840 3240 οῦ
2896 3189 3118 3240 τοιαῦτα
3176 3186 3373 3263 φρικτὰ
3427 3187 3897 3264 προγεγράφπαι,

2245 3275 2595 3349 ἐπομνύμευα
2663 3276 2802 3347 μήτε
2880 3274 3106 3368 σταυρόν
3185 3272 3520 3368 προγράψαι,
3583 3277 3756 3368 -μήτε
3811 3295 3899 3329 τυο

2242 3366 2521 3419 πώσασθαι
2583 3363 2982 3439 συνάλλαγμα,
3038 3362 3186 3438 ὅρκῳ
3243 3363 3419 3436 τούτῳ
3477 3364 3689 3440 ὑστέρῳ
3746 3365 3901 3418 κατα-

2243 3453 2467 3517 λύοντες
2523 3454 2614 3508 καὶ
2680 3454 2772 3508 τὸν
2844 3452 3302 3528 προηγησάμενον
3363 3454 3590 3527 σταυρὸν
3648 3455 3742 3508 καὶ
3797 3459 3893 3520 τήν

2242 3545 2471 3621 φρικτήν
2527 3541 2733 3614 ἐκείνην
2784 3537 3000 3618 ἔνορκον
3068 3538 3269 3597 ἔννοιαν
3307 3584 3320 3598 .
3395 3543 3678 3605 Κάνταῦθα
3752 3539 3894 3596 ἔστιν

2242 3631 2424 3707 ἔμοιγ’
2483 3630 2574 3686 οῦν
2630 3636 2957 3686 συννοεῖσσαι
3009 3631 3099 3686 καὶ
3156 3631 3389 3709 φρίττειν
3420 3677 3436 3699 ,
3495 3628 3648 3706 εἴπερ
3707 3633 3737 3686 ὃ
3799 3632 3891 3703 μὲν

2241 3720 2421 3785 κοινὸς
2465 3716 2744 3792 Δεσπότης
2799 3722 2986 3793 ἡμῶν,
3042 3721 3102 3774 ’ὀν
3162 3719 3214 3774 ἐν
3262 3724 3380 3782 τοῖς
3439 3718 3888 3795 συναλλάγμασιν

2241 3812 2694 3888 ὁρκωμοτοῦμεν,
2780 3808 2949 3885 α’ίρειν
3018 3811 3109 3865 καὶ
3186 3810 3413 3887 σταυρὸν
3491 3814 3686 3865 τοῦτον
3744 3813 3889 3882 ἡμᾶς

2243 3899 2436 3969 ἐθέλει,
2496 3900 2586 3955 καὶ
2643 3897 2960 3963 ἀκολουθεῖν
3020 3897 3100 3971 τῷ
3156 3898 3653 3972 ἂντικειμένῳ,καί
3715 3900 3891 3961 οὕτως

2242 3987 2656 4065 ἀρνησίσταυροι
2689 4032 2704 4059 ,
2774 3989 2848 4049 ὡς
2914 3986 3084 4050 οὕτως
3160 3988 3469 4061 ὀνομάσαι,
3548 3985 3889 4061 δεικνύμενοι

2242 4077 2618 4151 ἀπολλύμεθα.
2668 4079 2949 4150 ’Ἄνθρωπε
2994 4077 3295 4152 Χριστιανὶ,
3359 4076 3521 4153 λόγον
3581 4076 3749 4150 ψιλὸν
3807 4078 3891 4132 ἐὰν

2243 4166 2421 4243 εἶ’πῃς,
2480 4166 2578 4222 οὐκ
2645 4165 2885 4245 ὀφείλεις
2940 4167 3196 4237 ἀθετῆσαι
3254 4167 3459 4223 αὐτόν·
3523 4167 3613 4221 καὶ
3675 4168 3895 4239 ὀμνύων

2241 4253 2595 4330 ψευδολογεῖς
2624 4274 2637 4324 ;
2673 4278 2700 4305 ‹‹
2734 4260 2966 4328 ’¹Ωμοσα,
3003 4254 3186 4330 φησὶν,
3219 4256 3309 4309 καὶ
3357 4250 3577 4326 ἕστησα.
3609 4276 3639 4308 ι
3705 4258 3805 4312 Καὶ
3832 4257 3896 4310 ob

2242 4344 2460 4418 όμνύεις
2508 4345 2597 4399 καὶ
2647 4342 3045 4420 καταῤῥιπτεῖς.
3103 4344 3254 4400 Ἀντί
3305 4342 3532 4419 παγίδος
3583 4343 3691 4418 ἄρα
3747 4343 3895 4421 ἔχεις

2239 4435 2331 4489 τὸν
2362 4432 2545 4508 ὅρκον,
2579 4432 2652 4495 ὡς
2704 4430 2894 4508 δέλεαρ
2934 4433 3094 4489 αὐτὸν
3134 4429 3452 4510 προϐάλλῃ,
3508 4434 3597 4488 καί
3649 4433 3893 4491 ἁλίσκειν

2244 4522 2313 4579 δι’
2368 4523 2533 4577 αὐτοῦ
2589 4520 2814 4590 ἐθέλεις,
2874 4523 2950 4597 μὴ
3009 4522 3092 4577 ὅτι
3149 4543 3208 4598 γε
3261 4522 3387 4584 τοὺς
3442 4523 3891 4599 ἁπλουστέρους,

2240 4613 2386 4670 ἀλλὰ
2413 4613 2502 4669 καὶ
2537 4610 2773 4686 μᾶλλον,
2808 4611 2926 4668 ὅσοι
2957 4612 3011 4675 ἐς
3066 4614 3200 4688 βαθὺ
3255 4615 3534 4687 νοήματος
3597 4615 3890 4690 βάπτουσι.

2240 4705 2337 4758 Καὶ
2366 4702 2419 4758 τί
2448 4701 2638 4757 πλεῖον
2670 4703 2875 4757 ποιεῖὸ
2920 4696 3202 4769 διάϐολος,
3261 4703 3289 4757 ὁ
3346 4707 3441 4758 τοῦ
3495 4701 3734 4776 ψεύδους
3794 4726 3885 4759 πα-

2238 4793 2376 4868 τήρ;
2425 4791 2485 4846 οὗ
2532 4790 2825 4858 σύντεκνοι,
2892 4791 2969 4854 ὡς
3032 4789 3203 4853 οὕτως
3265 4790 3457 4859 εἷπεῖν,
3508 4793 3601 4846 xni
3656 4794 3711 4846 οἱ
3769 4793 3893 4867 ψεύ-

2241 4879 2467 4955 δορκοι,
2513 4879 2701 4936 καθότι
2753 4878 2923 4954 ψεύδη
2973 4880 3063 4935 καὶ
3121 4880 3274 4935 αὐτοὶ
3324 4882 3440 4935 κατ’
3495 4879 3703 4937 ἐκεῖνον
3765 4884 3891 4937 ἀπο-

2237 4969 2571 5041 κυΐσκουσιν,
2627 4969 2679 5025 ὲν
2744 4970 2929 5043 μόνοις
2986 4969 3173 5045 Λόγοις
3225 4974 3604 5044 περιιστῶντες
3663 4972 3733 5026 τὰ
3788 4976 3889 5026 τῶν

2237 5059 2590 5123 καταθέσεων.

2308 5174 2407 5231 κθ’.
2442 5167 2540 5221 Καὶ
2564 5166 2675 5235 εἶσὶ
2708 5166 2802 5240 μὶν
2856 5163 3062 5221 πολλοὶ
3127 5165 3292 5242 μέχρι
3321 5164 3409 5221 καὶ
3456 5165 3507 5221 ἐν
3566 5173 3688 5224 τοῖς
3750 5170 3887 5243 ἄρτι,

2238 5256 2530 5332 αὐχοῦντες
2556 5252 2803 5323 ἕκαστος,
2839 5254 2890 5310 ἐν
2923 5253 3001 5328 τῷ
3027 5252 3229 5329 λέγειν,
3287 5256 3369 5309 ὅτι
3425 5256 3488 5312 Ὀ
3537 5255 3674 5330 ἐμὸς
3729 5257 3887 5333 λόγος

2238 5345 2406 5421 λόγος
2465 5345 2621 5401 ἐστίν.
2685 5342 2842 5401 Ἀλλ’
2899 5344 3008 5418 ἐγὼ
3064 5342 3379 5418 καταγελῶν
3430 5349 3540 5398 τῶν
3598 5346 3887 5409 τοιούτων,

2236 5434 2410 5501 ἐθέλω
2466 5436 2594 5499 τοὺς
2652 5432 2819 5508 ἐμοὺς
2875 5435 2966 5488 τὸν
3016 5434 3135 5497 καθ’
3185 5430 3281 5488 ἕνα
3334 5437 3648 5509 καυχᾶσθαι
3694 5437 3747 5491 ἓν
3798 5442 3889 5490 Κυ-

2237 5526 2361 5599 ρίῳ,
2403 5523 2485 5580 ὅτι
2528 5525 2590 5581 Ὀ
2648 5522 2780 5597 ἐμὸς
2825 5522 2993 5598 λόγος
3044 5522 3106 5578 ού
3133 5520 3299 5597 λόγος
3331 5520 3543 5591 ἁπλῶς,
3571 5523 3703 5580 ἀλλ’
3734 5524 3885 5601 ἔργον
