4136 6210
284 265 440 331 1057
1302 275 1682 342 EPISTOLA
1728 282 1834 343 AD
1878 282 1945 344 'l‘l

2060 286 2689 355 SSALONICENSES.
3538 320 3691 382 1058

278 398 415 468 ἐστὶ,
448 397 651 472 πολλῷ
683 396 749 469 δὴ
781 402 971 474 πλέον,
1005 404 1034 458 6
1063 403 1153 459 xui
1206 408 1342 479 μετά
1390 407 1574 485 ὅρκου.
1605 410 1779 485 Λόγος
1837 412 1933 485 μὲν

2060 433 2197 488 opus
2245 427 2374 489 est;
2432 440 2466 478 a
2522 426 2746 482 fortiori
2804 429 2851 484 si
2912 447 3104 490 sermo
3163 438 3512 501 adhibeatur
3563 465 3699 507 cum

278 488 385 564 γὰρ
437 489 579 551 ἅπας
618 490 748 561 ἀέρα
803 490 1037 565 πλήξας,
1094 494 1184 548 xui
1226 494 1399 561 οὕτως
1453 496 1613 552 αὐτὸν
1661 498 1936 574 ὀχλήσας,

2041 508 2401 578 juramento.
2433 511 2577 568 Nam
2610 531 2804 572 sermo
2835 520 3074 590 quidem
3117 528 3310 586 omnis
3342 547 3532 591 aerem
3567 554 3697 596 ver-

280 576 664 652 συγκατελύθη
710 583 788 650 τῷ
841 580 1167 655 ἀκούσματισ
1210 585 1238 638 ὁ
1292 580 1349 640 δε
1376 586 1466 640 καὶ
1511 584 1776 663 ἔγγραφος
1835 590 1942 666 οὐχ

288 667 304 682 ο
360 664 381 686 Ἴ
405 670 430 680 ’³
542 666 555 685 9
574 665 585 685 ν
752 667 765 686 τ
844 668 857 686 \
925 667 948 686 ᾗ
1223 673 1236 686 ε
1354 672 1398 686 0‘
1419 674 1438 686 κ
1458 681 1468 686 λ
1536 673 1596 686 ..Α
1900 684 1906 686 _

2850 576 2870 590 ⁸
2996 576 3074 579 η
3122 576 3309 586 __...-
3342 576 3532 591 ww...
3575 576 3697 596 m-

2060 596 2217 652 berat
2246 601 2302 652 et
2331 598 2416 655 sic
2448 601 2705 673 agitatus
2737 607 2938 663 statim
2964 627 3029 667 ac
3057 614 3298 674 auditus
3327 624 3415 676 est
3443 629 3700 686 evanuit.

277 664 475 729 ἁπλῶς
531 665 689 741 ἀέρος
748 667 861 724 ἐστὶ
921 667 1299 747 διατιναγμὸς,
1343 672 1469 731 ἀλλ’
1531 673 1634 747 ἤδη
1694 664 1942 751 σεσωμά-ζ

278 775 477 824 τωται,
511 755 604 810 καὶ
664 757 771 812 ἀπὸ
824 758 997 829 ἀκοῆς
1052 761 1130 823 εἰς
1183 764 1304 817 θέαν
1361 759 1585 837 μετέϐη,
1616 768 1705 821 καὶ
1741 765 1942 841 βλεπό-

289 864 453 918 μενος
501 841 908 918 δημοσιεύεται,
936 848 1026 903 καὶ
1077 851 1177 904 ὅσα
1224 851 1314 905 καὶ
1370 851 1547 925 στήλη
1600 854 1653 909 ἐν
1697 861 1777 929 τῷ
1821 855 1940 912 ἐδά-

285 954 375 1009 φει
433 937 532 989 τοῦ
590 935 848 990 πινακίου
906 935 1242 1016 ἐμφαίνεταιο
1276 940 1365 995 καὶ
1419 942 1511 997 τὸν
1571 943 1665 1015 μὲν
1723 945 1941 1020 εὔορκον

288 1023 683 1096 ἀποσεμνύνει,
731 1028 1102 1082 κατάπτυστον
1163 1025 1219 1084 δὶ
1277 1029 1535 1087 ἀποτελεῖ
1602 1033 1694 1089 τὸν
1763 1033 1946 1111 ἐπίορ-

283 1132 410 1169 κον.

363 1200 433 1257 λ’.
468 1200 538 1257 Τί
593 1200 683 1257 οὖν
747 1205 824 1276 μή
881 1211 982 1274 τῆς
1010 1205 1320 1282 κρείττονος
1361 1206 1581 1284 μερίδος
1641 1212 1942 1287 γινόμεθα;

284 1290 357 1347 Τί
386 1290 482 1345 τὸν
542 1289 709 1367 λόγον
768 1291 1099 1369 αῗσχύνομεν
1157 1297 1251 1350 τὸν
1310 1295 1364 1352 ἐν
1422 1300 1697 1371 ἡμῖν,κηὶ
1750 1298 1822 1356 δι’
1853 1301 1943 1357 αό-

284 1382 388 1432 τοῦ
418 1378 508 1432 xui
538 1379 630 1433 τὸν
677 1380 843 1455 μέγαν
894 1382 983 1436 xui
1037 1383 1344 1457 πρώτιστον
1396 1386 1572 1462 Λόγον
1624 1390 1947 1465 παροργίζοο

292 1487 412 1537 μεν,
448 1463 520 1520 δι’
550 1467 614 1521 οὗ
643 1468 706 1523 τὸ
735 1474 825 1524 xui
860 1474 953 1544 ζῇν
1013 1475 1102 1526 xui
1155 1471 1341 1528 λαλεῖν
1390 1474 1478 1529 xui
1524 1481 1665 1531 νοεῖν
1694 1478 1943 1553 ,ἐσχήκα-

292 1575 438 1629 μεν;
503 1550 628 1620 ἔνθα
687 1555 983 1614 κινδυνεύει
1042 1562 1103 1615 τὸ
1160 1561 1301 1638 μέγα
1358 1562 1552 1620 ἐκεῖθεν
1613 1565 1810 1640 ἀγαθὸν
1867 1567 1944 1630 είς

288 1644 458 1699 κακὸν
509 1647 647 1719 ἡμῖν
688 1645 1077 1720 ἀποτελευτᾷν.
1114 1649 1178 1706 Ei
1233 1653 1333 1725 γὰρ
1376 1649 1670 1717 λαλοῦντες
1725 1657 1800 1729 μή
1858 1656 1946 1711 xui

287 1737 419 1788 νοῦν
450 1730 701 1809 εἷ’γομεν,
733 1735 838 1790 οὐκ
876 1735 934 1791 ἂν
986 1734 1122 1811 ἡμῖν
1174 1746 1419 1812 πταῖσμα
1474 1742 1540 1811 ἦν
1603 1741 1779 1813 οὐδὲν,
1814 1749 1951 1810 καθᾶ

293 1819 424 1878 οὐδὲ
450 1828 570 1885 τοῖς
593 1823 819 1899 ἀγόλοις
843 1830 951 1881 τῶν
988 1828 1165 1895 ζώών.
1208 1829 1305 1883 Καί
1330 1851 1435 1885 που
1483 1833 1511 1886 6
1565 1835 1639 1905 μὴ
1700 1834 1945 1912 ἐχέφρων
1977 1816 2024 1882 Β

293 1910 663 1986 κακολογήσει
693 1914 755 1969 τὸ
785 1913 836 1968 ἐν
884 1914 1193 1991 ἀνθρώποις
1242 1916 1481 1993 ἄριστον,
1527 1922 1589 1976 τὸ
1638 1925 1845 1997 νοερὸν,
1874 1925 1948 1987 ὡς

298 2001 389 2056 ciu
419 2001 720 2077 χείριστον.

370 2107 473 2163 λα’.
510 2110 588 2166 Τὸ
622 2107 681 2165 δὲ
712 2106 779 2179 δὴ
813 2116 1002 2186 χεῖρον
1035 2111 1088 2168 ἐν
1120 2120 1238 2177 τοῖς
1280 2115 1577 2187 τοιούτοις,
1605 2115 1687 2173 ὅτι
1747 2120 1934 2193 ψευσά.

302 2218 455 2269 μενοι
492 2196 585 2270 μέν
616 2219 749 2253 ποτε
779 2198 841 2253 ού
880 2202 998 2265 καθ(
1028 2201 1297 2275 ἐκούσιον,
1328 2202 1653 2278 αἰδούμεθα,
1702 2209 1792 2263 καὶ
1855 2232 1947 2282 με·

294 2284 673 2358 ταμελόμεθα,
712 2286 803 2342 καὶ
871 2287 1292 2366 ἀπολογούμεθα
1362 2294 1494 2370 ὑπὲρ
1551 2298 1710 2369 ἡμῶν
1771 2298 1945 2354 αὐτῶν

295 2373 539 2446 ὁτιμάλα
572 2373 901 2440 σπουδαίως.
936 2380 1027 2433 xui
1080 2382 1405 2455 συγγνώμην
1455 2384 1833 2460 ἐξαιτούμεθα,
1869 2390 1944 2461 μή

294 2461 387 2517 καὶ
417 2461 639 2537 άλῶμεν
665 2469 762 2519 τοῦ
804 2464 1114 2539 ψεύδεσθαι.
1138 2468 1362 2533 ’Ἄλλως
1394 2470 1451 2527 δὲ
1479 2471 1804 2547 ψευδόμενοι
1834 2479 1949 2532 κατ’

295 2549 616 2626 ἐπίγνωσιν,
668 2554 758 2609 xui
800 2558 1142 2631 τεχνώμεναι
1200 2561 1299 2630 τὴν
1346 2559 1732 2638 ψευδολογίαν,
1784 2567 1947 2621 ὁποῖα

294 2641 390 2695 καί
428 2662 480 2695 τι
532 2641 782 2720 λαμπρὸν
835 2642 1192 2720 ἐπιτήδευμα,
1224 2650 1360 2705 κατὰ
1403 2655 1511 2707 τῶν
1543 2651 1697 2708 οὐδὲν
1759 2655 1943 2710 αἰτίων

295 2725 668 2805 ἀϐρυνόμεθα,
717 2732 790 2795 ὡς
849 2732 964 2789 οὐδ’
1019 2733 1078 2790 ἂν
1134 2740 1504 2814 τρισαριστεὺς
1557 2745 1693 2797 κατὰ
1749 2746 1945 2817 ὁμοίου

296 2819 476 2890 τινὸς,
502 2819 657 2887 νίκης
694 2822 830 2896 μέγα
852 2820 1016 2888 κῦδος
1045 2826 1332 2900 ἀράμενος,
1364 2830 1452 2885 καὶ
1487 2828 1601 2885 οὐδ’
1629 2830 1689 2887 ἃν
1724 2834 1752 2887 ὁ
1784 2836 1947 2910 μέγας

414 2906 470 2927 λεδ
557 2907 583 2927 υ
983 2914 993 2930 ι
1278 2917 1291 2936 τ
1445 2940 1457 2950 ,
1716 2923 1728 2941 ι
1835 2906 1875 2941 θ’

298 2916 469 2964 Δαυιο
520 2930 694 2972 ουτως
752 2909 1130 2986 ἠγαλλιασατο
1177 2917 1213 2986 ἤ
1272 2921 1635 2994 εκαυχήσατο,
1675 2944 1765 2977 τον
1825 2923 1946 2979 αλι-

293 3000 492 3075 τήριον
528 2997 709 3055 Σαοὺλ
739 3001 1091 3078 καταρῥίψας,
1126 3004 1202 3069 ὡς
1239 3009 1402 3079 ἡμεῖς
1447 3009 1657 3085 μεγάλα
1714 3018 1946 3088 φρονοῦν

298 3106 426 3158 μεν,
476 3088 566 3142 ὅτε
610 3084 701 3143 διὰ
743 3089 1019 3165 περινοίας
1084 3094 1468 3168 ὁρκωμοτικῆς
1525 3084 1947 3176 περιεγενόμεθοὶ

288 3196 447 3237 τινος
480 3173 736 3256 ἂδελφοῦ,
794 3177 933 3234 ὅπου
983 3202 1043 3255 γε
1091 3180 1216 3237 οὐδὲ
1273 3182 1567 3260 ἀλλοτρίου
1597 3173 1745 3254 τινὸς
1801 3173 1943 3246 οὕτω
1974 3187 2017 3251 C

290 3267 793 3341 καταστοχάζεσθαι
834 3271 969 3345 χρή,
1015 3272 1090 3345 μή
1132 3271 1213 3327 δτι
1261 3295 1324 3349 γε
1370 3276 1713 3352 Χριπιανοῦ,
1747 3278 1944 3353 ὁμοίου

290 3354 331 3422 ἡ
344 3358 465 3425 μῖν.

376 3436 481 3497 λϐ¹⁸
512 3445 693 3500 Ταῦτα
723 3442 789 3515 δὴ
833 3446 1025 3516 πάντα,
1052 3450 1142 3503 καὶ
1197 3450 1295 3505 ὅσα
1344 3457 1571 3509 τοιαῦτα
1627 3464 1950 3533 χαρακτῆρα

296 3527 536 3604 ψεύδους
594 3532 917 3612 ὑπογράφει,
970 3535 1184 3610 ψευδεῖς
1234 3539 1366 3595 εἶναι
1410 3539 1692 3613 δείκνυσιν,
1754 3544 1803 3600 εἷ’
1858 3546 1947 3601 καὶ

304 3620 389 3693 μὴ
419 3621 624 3684 πάντας
664 3622 998 3698 ἀνθρώπους,
1032 3625 1180 3682 ἀλλὰ
1238 3634 1368 3703 γοῦν
1426 3633 1576 3705 ἡμᾶς
1623 3632 1749 3696 τοὺς
1808 3635 1950 3691 οὕτω

304 3707 685 3783 διακειμένους
736 3714 860 3789 περὶ
911 3716 1011 3784 τὴν
1062 3713 1345 3787 ἀλήθειαν.
1379 3721 1584 3777 Ἐκεῖνο
1617 3720 1675 3777 δὲ
1724 3728 1840 3789 πῶς
1888 3723 1947 3780 ἂν

303 3795 395 3869 εἴη
457 3801 818 3874 ἀνθρώπινον,
850 3804 885 3874 ἢ
945 3806 1020 3876 μὴ
1076 3807 1360 3879 ψευστικὸν
1410 3810 1849 3886 ἀνθρωπὸτητος,
1903 3814 1948 3870 εἰ

299 3890 415 3941 τῶν
466 3886 902 3965 σπουδαιοτέρων
953 3891 1123 3970 ἔργων
1177 3894 1456 3973 ἀφέμενοι,
1507 3903 1788 3974 καθήμεθα
1848 3905 1948 3976 μά-

296 3996 404 4046 την
435 3976 577 4031 οὕτω
609 3978 733 4053 περὶ
768 3981 991 4051 ζήτησιν
1050 3983 1147 4038 τοῦ
1195 3987 1311 4040 κατ’
1344 3984 1628 4055 ἀλλήλους
1681 3990 1803 4065 βίου
1847 4014 1948 4047 πο-

295 4064 560 4138 νούμενοι
612 4068 700 4121 καὶ
754 4065 1191 4145 διερευνώμενοι,
1225 4072 1288 4127 ού
1317 4074 1399 4136 τίς
1439 4076 1662 4150 ἀγαθὸς,
1690 4078 1775 4140 τίς
1827 4078 1950 4135 ἐνά-

295 4173 478 4228 ρετος,
534 4154 617 4218 τίς
674 4154 948 4232 φιλόθεος,
1007 4156 1153 4215 ἀλλὰ
1218 4161 1301 4226 τίς
1354 4161 1707 4241 ἐφάμαρτος;
1750 4165 1841 4222 ⁸ίνα
1895 4170 1948 4224 τί

293 4241 541 4307 ἐντεῦθεν
572 4241 923 4322 κερδήσωμεν
950 4267 963 4318 ;
990 4249 1051 4304 τὸ
1099 4251 1481 4330 καταγράφειν,
1507 4253 1570 4309 τὸ
1624 4256 1947 4333 καταγελᾷν,

290 4331 363 4385 τὸ
393 4330 683 4407 σκώπτειν,
714 4334 776 4390 τὸ
823 4332 1163 4413 διαϐάλλειν,
1209 4341 1272 4396 τὸ
1320 4350 1689 4419 συκοφαντεῖν,
1722 4346 1810 4401 xui
1860 4344 1951 4402 διὰ

294 4418 517 4476 πάντων
547 4423 753 4479 τούτων
787 4425 1259 4506 ἄνθρωποφαγεῖν·
1294 4431 1356 4486 οὗ
1395 4432 1446 4486 τί
1497 4431 1557 4488 ἂν
1609 4431 1692 4504 εἴη
1743 4436 1948 4512 μιαρώ-

288 4528 453 4585 τερον
483 4511 572 4566 xui
600 4512 1014 4592 θεομισέστερον
1038 4535 1052 4586 ;

374 4612 476 4690 λγ”
502 4617 566 4672 Εἰ
594 4613 651 4672 δὲ
677 4618 767 4673 καὶ
798 4615 987 4684 ἄλλως
1040 4620 1386 4680 ἐπελευστέον
1437 4625 1503 4681 τὰ
1551 4633 1647 4683 τοῦ
1691 4628 1943 4703 ψεύδους,

292 4700 609 4777 ψευδόμεθα
637 4708 735 4776 τὴν
759 4708 1003 4783 πορείαν,
1035 4710 1162 4766 ἆταν
1196 4714 1247 4766 oi
1295 4710 1457 4778 πόδες
1497 4717 1656 4788 ἡμῶν
1706 4700 1792 4783 εἷς
1849 4700 1945 4776 xu;

289 4791 417 4847 κίαν
448 4794 743 4869 τρέχωσιν.
794 4796 903 4852 Οὐκ
959 4795 1350 4870 ἐπαληθεύεται
1397 4805 1531 4876 ἡμῖν
1591 4803 1715 4861 οὐδὲ
1753 4810 1788 4878 ἡ
1821 4810 1947 4865 στά-

290 4899 402 4952 σις,
437 4882 526 4936 ὅτε
568 4881 983 4959 ὑπενδιδόαμεν,
1014 4895 1115 4958 τῆς
1167 4890 1557 4963 οταθερότητος
1603 4896 1666 4950 τὸ
1721 4895 1772 4951 ἐν
1816 4899 1945 4975 ἀγα-

294 4975 416 5033 θοῖς
448 4970 846 5049 ἆπολεγόμενοι
875 4978 1159 5050 στάσιμον.
1196 4977 1522 5054 Ψευδόμεθα
1575 4984 1669 5046 τὰς
1722 4970 1942 5059 ἡδονδς,

293 5058 386 5113 ὅτε
413 5060 895 5136 παρεξηυλημέναι
957 5065 1056 5121 οὐκ
1102 5067 1385 5143 εὐρύθμως
1439 5069 1489 5126 ἐν
1543 5074 1677 5146 ἡμῖν
1738 5073 1943 5152 ἁρμότ-

289 5167 500 5204 τονται.
536 5149 860 5225 Ψευδόμεθα
888 5153 982 5217 τὰς
1016 5153 1211 5228 λύπας,
1243 5160 1408 5227 ἡνίκα
1462 5159 1544 5235 ἐφ’
1575 5164 1661 5225 οἷς
1721 5149 1782 5220 ού
1816 5149 1942 5242 χρὴ

290 5239 691 5312 παθαινόμεθα.
726 5240 1049 5317 Ψευδόμεθα
1096 5247 1159 5302 τὸ
1209 5245 1442 5321 κλαίειν,
1474 5249 1561 5306 ὅτε
1602 5253 1690 5307 καὶ
1750 5239 1946 5328 κροκο-

292 5323 640 5416 δειλίζομεν,
685 5327 766 5409 ἐφ’
813 5333 896 5395 αῖς
956 5336 1031 5407 μή
1092 5329 1297 5412 ἔχομεν
1354 5339 1646 5395 κατεσθίειν
1700 5323 1946 5416 ὁλοκλή-

293 5434 405 5491 ρως
430 5415 559 5480 τοὺς
589 5415 875 5498 ἀδελφούς.
910 5423 1006 5478 Καὶ
1041 5427 1146 5501 γαρ
1176 5446 1262 5480 τοι
1302 5426 1391 5481 xui
1440 5427 1795 5501 κροκόδειλος
1843 5452 1945 5488 πο-

288 5504 491 5576 τάμιος
519 5505 811 5583 ἀνθρώπου
841 5513 1284 5589 περιγενόμενος,
1316 5516 1405 5570 xui
1452 5518 1542 5573 τὸν
1602 5517 1734 5574 ὅλον
1785 5542 1946 5577 κατα-

290 5594 503 5660 σπάσας
559 5596 691 5673 ἄχρι
746 5599 837 5654 καὶ
883 5599 957 5664 εἷς
1008 5601 1270 5684 κεφαλὴν,
1302 5605 1416 5663 εἶτα
1473 5608 1659 5682 μαθὼν
1711 5608 1943 5686 ἄσαρκον

2053 684 2158 748 Qui
2192 700 2325 742 vero
2368 693 2459 744 est
2517 692 2794 764 scriptus,
2855 714 2968 754 non
3027 702 3373 775 simpliciter
3418 717 3510 769 est
3553 720 3702 774 aeris

2053 776 2393 844 commotio,
2421 780 2522 834 sed
2548 781 2672 851 jam
2700 801 2913 857 corpus
2941 796 3287 865 assumpsit,
3311 803 3367 854 et
3392 801 3465 858 ab
3497 807 3702 862 auditu

2052 861 2113 917 in
2145 867 2546 936 spectaculum
2577 875 2813 946 transit,
2845 880 2902 931 et
2930 879 3015 935 sic
3065 861 3336 953 publicus
3368 890 3453 959 iit,
3487 898 3544 949 et
3573 861 3706 952 tan;

2055 968 2234 1023 quam
2265 955 2541 1012 columna
2564 959 2622 1015 in
2655 962 2867 1018 tabulae
2891 966 3018 1024 basi
3044 980 3304 1047 apparet,
3328 955 3700 1051 etjusjuran-

2055 1041 2195 1096 dum
2229 1050 2529 1137 servantes
2569 1047 2742 1107 laude
2788 1053 3019 1126 dignos,
3072 1041 3541 1137 contemptibiles
3572 1090 3705 1131 vero

2054 1132 2324 1202 perjuros
2351 1136 2566 1193 reddit.

2125 1222 2217 1276 30.
2261 1223 2447 1289 Quare
2478 1242 2615 1299 ergo
2633 1244 2764 1320 ‘non
2795 1233 3079 1304 optimam
3132 1247 3356 1311 partem
3390 1247 3656 1320 eligimus
3677 1254 3704 1309 τί

2055 1326 2234 1380 quare
2264 1327 2597 1370 sermonem
2630 1315 2688 1371 in
2742 1321 2910 1377 nobis
2959 1323 3273 1398 foedamus,
3304 1338 3361 1389 et
3417 1315 3553 1394 inde
3584 1358 3709 1398 ma-

2055 1413 2235 1469 gnum
2268 1407 2324 1456 et
2354 1402 2608 1473 primum
2642 1406 2901 1465 Verbum
2935 1414 3005 1468 ad
3031 1413 3181 1472 iram
3214 1423 3710 1502 concitamus,per

2056 1488 2209 1558 quod
2241 1493 2297 1545 et
2327 1491 2518 1547 vivere
2548 1498 2605 1549 et
2654 1494 2813 1568 loqui
2866 1504 2924 1556 et
2961 1504 3218 1576 cogitare
3249 1509 3554 1584 habemus,
3586 1488 3706 1590 quo

2054 1577 2459 1649 periclitamur
2490 1599 2770 1656 magnum
2803 1589 3022 1647 bonum
3056 1594 3114 1648 in
3151 1598 3372 1656 malum
3405 1605 3575 1662 nobis
3604 1577 3707 1664 ἐχ·-

2054 1664 2400 1739 stinguere?
2428 1670 2485 1724 Si
2517 1672 2671 1727 enim
2704 1673 3012 1747 loquentes
3050 1681 3413 1746 intellectum
3446 1709 3562 1750 non
3595 1697 3706 1752 ha-

2055 1755 2349 1829 beremus,
2382 1759 2529 1816 nihil
2561 1763 2730 1821 nobis
2747 1769 2911 1824 casui
2943 1778 3121 1840 esset,
3146 1776 3300 1834 sicut
3329 1798 3434 1838 nec
3466 1784 3525 1840 in
3558 1786 3705 1846 irra-

2063 1843 2442 1904 tionabilibus
2499 1851 2880 1913 animalibus.
2953 1860 3021 1917 Et
3071 1863 3217 1922 forte
3284 1870 3386 1940 qui
3444 1890 3560 1932 non
3619 1843 3710 1935 est

2060 1949 2271 1991 sensus
2303 1953 2541 2009 compos
2600 1942 2755 2000 mala
2811 1946 2963 2004 dicet
2993 1951 3063 2007 de
3119 1955 3340 2026 optimo
3396 1960 3707 2023 hominum

2059 2023 2233 2094 dono,
2266 2024 2689 2099 intelligentia,
2711 2034 2879 2104 quasi
2911 2023 3175 2108 pessima
3200 2055 3370 2103 esset.

2127 2138 2217 2192 31.
2251 2140 2411 2203 Quod
2474 2147 2750 2213 praeterea
2811 2147 2869 2202 in
2928 2150 3145 2209 talibus
3203 2158 3371 2229 pejus
3428 2167 3531 2229 cst,
3565 2182 3699 2224 cum

2058 2224 2206 2280 forte
2233 2230 2635 2298 postinvitum
2660 2236 3057 2306 mendacium,
3088 2224 3572 2320 erubescimus,et
3595 2272 3702 2313 nos

2057 2315 2298 2385 pmnitet
2317 2322 2374 2373 et
2396 2336 2573 2389 quam
2592 2322 3041 2395 diligentissime
3053 2349 3291 2392 causam
3326 2315 3701 2403 defendimus

2059 2408 2319 2459 nostram
2348 2411 2522 2478 atque
2568 2412 2800 2468 veniam
2830 2418 3220 2492 postulamus,
3280 2443 3352 2482 ne
3410 2435 3705 2492 mendacii

2056 2492 2489 2553 convincamur.
2548 2500 2588 2553 E
2667 2508 2867 2559 contra
2933 2507 2980 2562 si
3056 2512 3309 2571 scienter
3366 2523 3701 2582 mentiendo

2057 2591 2389 2641 commenta
2417 2589 2737 2647 machinati
2767 2610 2995 2664 sumus,
3019 2605 3159 2658 tunc
3191 2608 3358 2677 quasi
3392 2611 3461 2668 de
3494 2619 3703 2686 agendi

2057 2671 2280 2728 ratione
2332 2675 2734 2751 meritissima,
2780 2700 2915 2739 cum
2973 2671 3240 2748 absolute
3287 2671 3703 2761 innocentibus

2055 2759 2394 2831 gloriamur,
2449 2763 2602 2822 sieut
2651 2785 2757 2825 nec
2802 2772 3089 2844 gloriatur
3135 2785 3222 2836 ter
3269 2794 3581 2847 coronatus
3630 2795 3702 2851 de

2037 2848 2331 2906 .similiter
2355 2855 2630 2924 praeclare
2651 2858 2823 2929 facto,
2850 2863 3106 2922 victorim
3127 2886 3407 2944 magnum
3432 2878 3699 2940 bravium

2058 2937 2351 3007 referens;
2410 2957 2515 2997 nec
2546 2942 2629 2999 sic
2684 2944 2915 3005 laetatus
2964 2958 3054 3009 est
3109 2937 3359 3032 magnus
3390 2964 3568 3024 David
3602 2975 3705 3027 aut

2057 3040 2119 3080 se
2148 3026 2531 3128 extulitOcum
2580 3033 2733 3090 hanc
2791 3043 3014 3109 pestem
3072 3026 3537 3126 Saulv(Goliath)
3570 3076 3699 3130 pro-

2058 3115 2280 3184 stravit,
2331 3117 2485 3174 sicut
2541 3138 2648 3179 nos
2710 3142 2919 3197 magna
2961 3131 3034 3187 de
3083 3135 3252 3194 nobis
3308 3115 3598 3203 sentimus
3635 3166 3701 3206 eo

2056 3205 2214 3274 quod
2244 3207 2463 3263 astutia
2483 3210 2820 3279 juramento
2854 3216 3084 3276 firmata
3113 3222 3352 3284 fratrem
3385 3205 3704 3294 circumve-

2056 3293 2276 3362 nimus,
2309 3296 2450 3352 dum
2475 3314 2579 3355 nec
2605 3301 2860 3360 alienum
2886 3323 3243 3382 quemquam
3264 3325 3534 3389 appetere
3565 3323 3702 3382 lice-

2060 3384 2167 3448 ret,
2197 3383 2414 3440 nedum
2444 3384 2843 3448 Christianum
2876 3396 3048 3452 nobis
3077 3383 3355 3462 similem:

2127 3470 2219 3525 32.
2253 3475 2383 3528 Haec
2439 3476 2639 3532 omnia
2692 3486 2751 3536 et
2809 3499 3173 3562 quiscunque
3231 3495 3379 3553 tales
3409 3502 3703 3560 mendacii

2062 3564 2211 3615 nota:
2242 3562 2574 3636 designant,
2624 3572 2933 3630 mendaces
2978 3593 3108 3635 esse
3153 3587 3474 3643 ostendunt
3503 3591 3552 3646 si
3586 3610 3701 3650 non

2059 3658 2300 3706 cunctos
2330 3651 2619 3724 homines,
2679 3658 2885 3717 saltem
2936 3681 3043 3722 nos
3097 3670 3182 3726 sic
3211 3688 3348 3746 erga
3406 3680 3703 3738 veritatem

2062 3737 2373 3797 animatos.
2428 3742 2577 3799 Illud
2623 3763 2755 3803 vero
2804 3757 3097 3822 quomodo
3155 3737 3478 3822 humanum
3530 3778 3703 3840 esset,

2064 3832 2166 3881 aut
2195 3846 2310 3883 non
2360 3830 2744 3893 humanitatis
2796 3843 3103 3916 mentiens,
3164 3851 3211 3905 si
3272 3856 3466 3911 studio
3497 3830 3707 3930 dignas

2061 3932 2268 3988 operas
2296 3923 2826 3995 praetermittentes,
2858 3947 3002 3990 vane
3048 3938 3320 3998 sedentes
3366 3943 3425 3999 in
3458 3923 3703 4006 aliorum

2059 4006 2187 4061 vita:
2220 4008 2654 4082 indagationem
2698 4016 2931 4075 solliciti
2985 4030 3043 4080 et
3089 4026 3454 4100 inquirentes
3495 4055 3705 4095 sumus

2062 4112 2176 4151 non
2210 4099 2356 4190 quis
2374 4098 2585 4190 bonus,
2620 4105 2754 4175 quis
2803 4106 3139 4180 laudabilis.
3172 4098 3323 4190 iquis
3353 4122 3537 4181 Deum
3571 4127 3702 4183 dili-

2060 4199 2240 4274 gens,
2258 4187 2359 4241 sed
2386 4189 2518 4256 quis
2550 4199 2816 4262 peccator
2835 4197 2862 4250 ?
2913 4199 2982 4255 Et
3010 4204 3151 4274 quid
3195 4187 3344 4264 lucri
3376 4213 3581 4271 exinde
3608 4233 3707 4273 re-

2060 4273 2473 4344 portabimus?
2511 4293 2808 4351 accusare,
2853 4273 3119 4361 irridere,
3171 4298 3376 4355 acerbe
3425 4302 3704 4376 cavillari,

2058 4360 2425 4436 insimulare,
2457 4366 2828 4440 calumniari,
2877 4378 3270 4456 omnibusque
3326 4389 3456 4445 istis
3502 4360 3706 4448 rodere

2057 4445 2369 4546 homines;
2405 4467 2521 4523 quo
2575 4455 2713 4524 quid
2772 4461 3101 4535 scelestius,
3134 4445 3274 4540 quid
3333 4445 3704 4546 majori

1977 4541 2023 4606 1)
2055 4551 2250 4593 coram
2285 4539 2445 4596 Deo?

2056 5016 2159 5072 per
2214 5001 2524 5060 stationem
2596 5008 2655 5063 in
2708 5010 2899 5070 bonis.
2978 5017 3299 5080 Mentimur
3354 5028 3710 5102 voluptates,

2056 5093 2293 5162 quando
2341 5097 2639 5155 exstincta:
2688 5119 2801 5158 non
2854 5108 3020 5165 nobis
3070 5118 3446 5173 concordant.
3495 5093 3705 5177 .Menti;

2055 5196 2194 5235 mur
2251 5199 2530 5242 maerores
2588 5193 2822 5259 quando
2879 5196 2948 5251 de
3007 5201 3225 5271 quibus
3300 5223 3417 5262 non
3477 5216 3708 5280 oportet

2057 5271 2243 5368 corde.
2274 5272 2614 5368 affligimur.
2667 5278 2986 5341 Mentimur
3026 5286 3424 5366 lacrymando,
3472 5271 3707 5368 quando

2059 5358 2351 5416 malitiose
2382 5362 2592 5420 ﬂemus
2614 5371 2893 5427 crocodili
2921 5391 3102 5445 more,
3135 5358 3201 5436 eo
3232 5384 3385 5454 quod
3408 5358 3587 5442 nobis
3616 5388 3708 5444 de-

2058 5444 2137 5501 sit
2183 5450 2420 5505 omnino
2475 5452 2684 5511 fratres
2731 5458 3046 5521 devorandi
3104 5444 3375 5528 facultas.
3422 5470 3517 5529 Sic
3548 5476 3703 5533 enim

2056 5540 2113 5590 et
2155 5539 2484 5596 crocodilus
2535 5544 2835 5606 ﬂuviatilis
2877 5562 3107 5628 arrepto
3165 5559 3424 5633 homine,
3464 5569 3706 5639 totoque

2058 5632 2256 5683 vorato
2291 5646 2475 5705 usque
2506 5633 2577 5688 ad
2610 5642 2784 5711 caput
2809 5658 2820 5708 ;
2847 5642 3055 5701 deinde
3088 5651 3465 5710 macilentum
3498 5632 3707 5717 esseet

3704 5808 4095 6071 β
