4136 6210
488 344 507 400 i
521 342 640 402 059

1265 339 1686 403 EUSTA'I‘HII
1731 337 2495 403 THESSALONICENSIS
2541 340 3124 406 METROPOLITE

3745 351 3900 413 1060

487 476 557 530 ad
611 472 1061 529 nutricationem
1118 472 1324 528 inutile
1380 480 1553 544 caput
1605 474 1890 546 cogitans,
1944 472 2135 545 lacry-

2248 471 2417 540 αὐτὴν
2449 472 2700 527 εἶναικαὶ
2753 472 2977 548 ἀχρείαν
3031 474 3109 538 εἷς
3157 477 3378 550 βρῶσιν,
3426 477 3640 533 κλαίειν
3699 481 3898 553 ἓθὲλει,

488 581 650 620 mare
680 563 844 634 vult,
890 579 1005 619 non
1037 579 1154 635 prae
1214 563 1617 620 misericordia
1663 564 1767 620 sed
1825 563 1964 636 quia
1989 562 2137 620 lucri

485 672 696 728 parum
728 654 936 712 eratin
992 653 1238 724 reliquo.
1289 654 1610 711 Mentimur
1665 661 1893 728 portam
1943 655 2044 712 Dei
2076 655 2135 710 in

485 745 655 802 nobis
685 744 1045 810 claudentes,
1079 743 1140 798 in
1177 744 1394 815 quibus
1427 744 1725 801 dissolutae
1757 745 1978 801 ostium
2009 761 2135 801 ma-

484 852 670 908 gnum
726 833 946 889 habent
999 837 1206 889 euntes
1265 837 1321 888 et
1377 835 1690 890 redeuntes
1746 835 2132 891 sensationes.

484 923 846 996 Aspicientes
879 939 994 978 non
1027 921 1372 994 aspicimus,
1415 940 1522 980 nec
1569 924 1838 980 novimus
1869 925 2130 997 quidem,

483 1013 702 1084 Dignos
760 1011 914 1065 enim
971 1010 1355 1082 contemplari
1417 1011 1826 1082 dedignamur.
1881 1013 2133 1068 Hebeta-

484 1118 618 1157 mur
647 1099 782 1157 boni
817 1099 1014 1156 odoris
1067 1099 1374 1170 incapaces
1425 1099 1482 1154 in
1533 1101 1663 1156 vitis
1711 1101 1835 1156 luto
1866 1101 2131 1172 volutati,

481 1207 586 1246 nec
617 1205 724 1244 nos
753 1187 916 1260 ipsos
947 1187 1298 1243 inclinantes
1349 1189 1421 1243 ad
1471 1188 1571 1244 Dei
1617 1191 1836 1246 bonum
1868 1191 2128 1260 odorem,

479 1281 550 1335 ad
585 1277 876 1334 altissima
921 1277 1256 1332 tendentem
1311 1278 1478 1348 quasi
1536 1277 1877 1350 thymiama.
1915 1279 2127 1334 Auditu

479 1369 756 1426 audimus
786 1373 843 1424 et
875 1385 989 1423 non
1022 1367 1434 1439 intelligimus.
1468 1370 1771 1425 Mentimur
1801 1375 1858 1426 et
1887 1375 2128 1443 gustum

479 1459 717 1532 quando
747 1473 864 1512 non
896 1461 1210 1527 gustamus
1241 1457 1383 1511 adeo
1415 1464 1480 1512 ut
1503 1459 1804 1514 videamus
1832 1460 1970 1532 quia
1999 1477 2130 1517 sua-

476 1548 565 1604 vis
595 1545 901 1602 Dominus.
934 1548 1149 1600 Tactus
1181 1561 1350 1616 porro
1375 1545 1630 1617 peccatis
1651 1545 1777 1618 ipse
1803 1565 1919 1603 non
1949 1553 2128 1618 caret,

478 1635 618 1708 quia
689 1634 966 1690 omnibus
1039 1633 1317 1689 sensibus
1400 1634 1720 1707 arripimus
1798 1653 1925 1702 qua:
2012 1654 2126 1693 non

477 1727 726 1797 oportet.
765 1721 896 1777 Dico
921 1725 978 1778 et
1008 1737 1220 1778 novum
1256 1721 1478 1793 aliquid
1511 1739 1614 1794 pro
1664 1723 1905 1780 multis:
1942 1742 2124 1781 mem-

2247 561 2311 615 οὐ
2342 562 2476 637 πρὸς
2521 563 2719 632 οἶκτον,
2752 561 2879 618 ἀλλ’
2933 565 3015 619 δτι
3071 566 3237 639 μικρᾶ
3278 564 3546 642 κερδαίνει
3588 574 3688 623 τοῦ
3749 570 3900 646 ἐγκα-

2243 647 2614 722 ταλείμματος
2650 694 2663 708 .
2723 649 3052 725 Ψευδόμεθα
3119 655 3180 708 τὸ
3253 658 3584 730 τεθυρῶσθαι
3650 660 3746 713 τὸν
3804 665 3899 715 τοῦ

2245 743 2378 793 Θεοῦ
2410 738 2461 794 ἐν
2493 742 2629 812 ἡμῖν
2662 743 2832 812 οἶκον,
2882 743 2968 802 οἷς
3015 742 3194 796 ἅνετοι
3241 739 3631 818 διαγάσκουσιν
3684 749 3740 801 αἱ
3786 751 3898 803 κατ’

2246 825 2401 880 αὐτὸν
2453 825 2832 900 εἷσοδοέξοδοι,
2888 829 2942 882 αἱ
2973 827 3062 882 διὰ
3107 835 3214 884 τῶν
3273 831 3598 903 αἰσθήσεων.
3658 835 3895 892 Βλᾶπον-

2241 935 2328 977 τες
2377 915 2438 970 οὗ
2499 914 2797 990 βλέπομεν,
2847 915 2962 972 οὐδ’
3012 917 3074 972 οὐ
3127 920 3203 992 μὴ
3238 917 3463 994 ἴδωμεν.
3515 924 3896 1000 Παρορώμεθα

2240 1003 2339 1078 γὰρ
2383 1004 2508 1066 τοὺς
2557 1004 2738 1076 ἀξίους
2786 1001 3244 1080 προσϐλέπεσθαι.
3299 1013 3780 1086 Δυσαισθητοῦμεν
3828 1017 3894 1069 ti

2243 1091 2319 1156 εἷς
2374 1093 2577 1168 ἀγαθὴν
2627 1090 2827 1172 ὅσφραν
2863 1141 2876 1167 ,
2932 1091 3224 1171 βορϐόροις
3276 1099 3400 1174 βίου
3454 1099 3843 1175 ἐγκυλιόμενοι
3877 1151 3892 1176 ,

2238 1181 2421 1236 καὶοῦ
2481 1183 2826 1252 σκευάζοντες
2885 1186 3033 1256 ἡμᾶς
3093 1184 3286 1247 αὐτοὺς
3339 1186 3413 1248 εἷς
3445 1187 3677 1244 εὐωδίαν
3722 1192 3892 1261 θείαν,

2238 1271 2704 1343 κατευθυνομένην
2738 1272 2814 1334 εἰς
2843 1274 2934 1327 τὸν
2975 1276 3227 1347 Ὕψιστον
3274 1276 3349 1338 ὡς
3401 1278 3671 1350 Θυμίαμα.
3721 1282 3891 1355 Ἀκοῇ

2237 1360 2533 1434 ἀκούομεν,
2581 1361 2671 1415 καὶ
2716 1361 2777 1416 οὐ
2826 1363 3094 1436 συνίεμεν.
3129 1361 3454 1436 Ψευδόμεθα
3499 1368 3590 1421 καὶ
3616 1369 3717 1435 τὴν
3771 1375 3895 1443 γεῦ-

2238 1471 2343 1521 σιν,
2369 1448 2459 1504 ὅτε
2491 1451 2568 1522 μὴ
2617 1449 2904 1524 γευόμεθα,
2956 1450 3095 1506 ὥστε
3141 1454 3230 1507 καὶ
3263 1450 3420 1525 ἰδεῖν,
3454 1456 3536 1508 ὅτι
3580 1459 3832 1532 χρηστὸς
3865 1461 3892 1511 ὁ

2238 1538 2463 1614 Κύριος.
2495 1540 2556 1593 Ἦ
2615 1537 2672 1595 δε
2720 1539 2853 1618 ἁφή,
2915 1539 3207 1610 ἀλλάὐτή
3265 1541 3762 1618 πολυαμάρτητος,
3813 1546 3899 1624 ἔφ’

2236 1630 2318 1689 οἷς
2365 1625 2704 1704 δραττόμεθα
2749 1628 2884 1683 κατὰ
2930 1635 3102 1684 πᾶσαν
3160 1629 3434 1702 αἴσθησιν,
3482 1634 3554 1686 ὧν
3610 1635 3691 1705 μὴ
3748 1638 3888 1710 χρή.

2235 1713 2390 1773 Εἴπω
2419 1716 2509 1771 καί
2538 1739 2589 1772 τι
2623 1717 2821 1787 ξενίζον
2873 1717 3001 1780 τοὺς
3051 1717 3320 1782 πολλούς.
3381 1719 3708 1794 Ψευδόμεθα
3749 1725 3887 1799 πρὸς

478 1814 662 1869 timur
716 1812 776 1867 in
833 1810 1122 1866 amicitias
1179 1815 1238 1866 et
1292 1810 1656 1880 inimicitias,
1715 1831 1832 1868 non
1890 1813 2020 1870 ideo
2062 1819 2127 1870 ut

2232 1809 2299 1879 τῇ
2333 1804 2492 1883 φιλίᾳ
2521 1806 2609 1861 καὶ
2639 1806 2805 1878 αὐτὴν
2845 1808 2947 1875 τὴν
2992 1805 3213 1884 ἔχθραν,
3263 1809 3372 1885 οὐχ
3402 1809 3543 1864 ὥστε
3582 1821 3694 1883 μὴν
3733 1811 3888 1867 ἐπαι-

475 1901 790 1960 laudemur
817 1902 892 1956 ob
948 1899 1084 1956 mali
1133 1900 1446 1970 defectum,
1495 1901 1597 1956 sed
1647 1902 1787 1973 quia
1841 1919 1946 1959 nec
1975 1903 2121 1959 illud

476 1995 633 2048 recta
658 1993 864 2060 regula
913 1988 1182 2058 facimus,
1233 2003 1339 2043 nec
1385 1987 1518 2045 odio
1572 1989 1860 2048 habemus
1891 2008 1990 2049 eos
2019 1993 2122 2064 qui

476 2079 646 2136 nobis
675 2078 808 2134 odio
865 2092 996 2133 esse
1053 2077 1285 2132 debent.
1348 2077 1499 2133 Sunt
1555 2078 1731 2147 enim,
1782 2084 1922 2136 sunt
1973 2097 2121 2153 quos

471 2170 604 2225 odio
627 2170 737 2225 Deo
758 2167 924 2224 suavi
947 2165 1181 2222 odimus
1203 2170 1260 2222 et
1279 2165 1663 2238 implacabili,
1697 2185 1846 2240 quos
1863 2173 1920 2225 et
1943 2171 2119 2227 David

469 2257 818 2330 insipienter
844 2256 1106 2311 odientes
1138 2255 1467 2311 detestatur
1494 2257 1628 2311 odio
1660 2275 1959 2330 supremo.

539 2348 630 2402 34.
663 2347 772 2402 Sed
806 2344 950 2400 inibi
983 2343 1312 2400 necessario
1343 2344 1520 2400 ﬁnem
1566 2345 1805 2418 impono
1839 2365 1952 2419 prae
1985 2348 2119 2404 hox~

469 2454 600 2494 rore
620 2437 980 2508 (exsecratus
997 2449 1130 2489 eum
1149 2433 1306 2489 enim
1328 2434 1648 2491 immanem
1667 2435 1819 2492 hanc
1837 2436 2115 2509 belluam,

469 2525 1153 2595 inimicitiam,tanquam
1177 2528 1234 2579 et
1260 2523 1580 2579 daemonem
1607 2524 1802 2597 ipsum
1830 2526 1928 2598 qui
1955 2525 2114 2582 illam

466 2617 623 2672 intra
653 2619 818 2688 septa
844 2613 1145 2684 continet),
1182 2613 1238 2667 in
1291 2612 1478 2683 ipsam
1515 2630 1682 2668 arma
1737 2631 1969 2671 sumam
2003 2615 2115 2671 alio

465 2721 752 2769 sermone,
786 2720 901 2776 quo
949 2703 1197 2774 sagittas
1227 2702 1500 2758 emittens
1551 2707 1725 2774 prout
1755 2708 1993 2760 sanctus
2022 2705 2116 2760 di-

465 2795 628 2866 riget'
664 2793 920 2866 Spiritus
969 2791 1068 2863 qui
1129 2792 1410 2847 adversus
1441 2792 1736 2862 ejusmodi
1801 2792 1953 2848 mala
1998 2792 2114 2849 tela

463 2883 648 2949 cudit,
680 2899 778 2937 vos
805 2882 1038 2950 judices
1065 2881 1136 2934 de
1166 2884 1330 2934 tanto
1361 2896 1533 2952 opere
1583 2897 1840 2937 sumam.
1875 2882 2112 2938 Interim

466 2969 750 3024 auxilium
788 2967 925 3021 mihi
959 2966 1016 3022 in
1071 2965 1368 3022 molitione
1408 2965 1522 3022 ista
1573 2969 1830 3039 praebere
1877 2969 2114 3042 incipite

466 3075 567 3130 per
598 3073 794 3129 preces
817 3063 874 3111 et
904 3054 1364 3126 supplicationes
1399 3056 1473 3110 ad
1507 3055 1688 3111 Deum
1732 3057 2110 3126 altissimum,

461 3163 612 3216 quas
643 3145 932 3217 erigentes
985 3143 1055 3197 ad
1109 3143 1290 3198 Deum
1335 3147 1392 3199 et
1443 3160 1548 3200 vos
1594 3161 1966 3202 communem
2009 3148 2109 3204 ho-

2230 1900 2429 1958 νεῖσθαι
2491 1892 2580 1949 διὰ
2624 1897 2723 1964 τὴν
2780 1899 2877 1950 τοῦ
2931 1900 3100 1950 κακοῦ
3157 1896 3432 1972 στέρησιν,
3481 1897 3615 1954 ἀλλ’
3668 1899 3754 1954 ὅτι
3811 1903 3884 1974 μή

2229 1983 2532 2056 ποιούμεθα
2565 1980 2694 2056 μηδ’
2725 1982 2853 2037 αὐτὸ
2901 1983 3048 2058 ὀρθῷ
3076 1984 3282 2052 κανόνι,
3316 1983 3441 2040 οὐδὲ
3487 1986 3880 2063 ἰχθραίνομέν,

2231 2074 2311 2134 οἷς
2361 2072 2752 2145 ἀπαιτούμεθα.
2804 2072 2923 2128 Εῗσὶ
2971 2074 3095 2150 γὰρ,
3127 2075 3283 2142 εἷ’σὶν,
3339 2077 3421 2137 οἷς
3472 2075 3752 2154 θεοφιλῶς
3782 2077 3884 2154 ἐχ-

2231 2165 2528 2235 θρανοῦμεν
2575 2159 2978 2230 ἀκατάλλακτα,
3039 2162 3130 2224 οὓς
3185 2163 3274 2217 καὶ
3336 2165 3364 2218 ὁ
3407 2162 3571 2219 Δαυίδ
3635 2168 3884 2238 ματαίως

2228 2249 2612 2324 ἐχθραίνοντας
2649 2255 2797 2322 μισεῖ
2829 2255 2987 2322 μῖσος
3015 2251 3246 2307 τέλειον.

2300 2337 2401 2394 λδ’.
2431 2337 2591 2394 Ἀλλ’
2640 2339 2863 2393 ἐνταῦθα
2904 2341 3241 2410 καταστήσας
3290 2340 3594 2417 ἀναγκαίως
3643 2345 3738 2399 τὸν
3793 2345 3889 2400 λό-

2224 2449 2316 2502 γον
2347 2425 2438 2482 διὰ
2463 2429 2562 2496 τήν
2594 2427 2792 2505 φρίκην
2843 2429 3102 2505 (πέφρικα
3152 2430 3254 2504 γὰρ
3303 2431 3365 2484 τὸ
3394 2431 3682 2508 κάρχαρον
3725 2439 3887 2489 τοῦτο

2227 2517 2436 2594 θηρίον,
2462 2518 2561 2586 τήν
2594 2513 2814 2594 ἔχθραν,
2863 2519 2998 2581 καθὰ
3044 2519 3133 2572 καὶ
3183 2519 3343 2574 αὐτὸν
3394 2517 3654 2593 δαίμονα,
3706 2523 3769 2586 ὃς
3801 2523 3891 2578 αὖ·

2221 2607 2323 2675 τὴν
2373 2606 2773 2680 λεοντοκομιῖ),
2827 2609 3222 2680 συσκευάσομαι
3273 2610 3389 2662 κατ’
3441 2609 3616 2679 αὐτῆς
3649 2609 3720 2665 δι’
3774 2613 3885 2667 trt-

2225 2717 2320 2771 ρου
2353 2694 2544 2771 λόγου,
2576 2694 2627 2750 ἐν
2661 2697 2707 2768 ᾦ
2737 2697 3257 2769 κατατοξασάμενος,
3280 2698 3353 2758 ὡς
3381 2697 3444 2752 τὸ
3476 2700 3633 2774 ἅγιον
3663 2705 3885 2772 Πνεῦμα

2223 2786 2552 2860 χορηγήσει,
2593 2785 2622 2838 ’ὀ
2660 2782 2947 2858 βελοποιεῖ
2973 2786 3109 2839 κατὰ
3135 2790 3242 2840 τῶν
3273 2788 3540 2842 τοιούτων
3565 2794 3882 2858 κακῶν,πα-

2221 2872 2544 2948 ραλήψομαι
2579 2874 2718 2946 ὑμᾶς
2750 2872 3122 2949 ἆπιγνώμονας
3152 2875 3241 2929 καὶ
3273 2881 3367 2930 τοῦ
3404 2877 3664 2932 τοιούτου
3697 2877 3881 2954 ἔργον.

2220 2969 2306 3035 Τῷ
2333 2964 2467 3026 τὲως
2501 2963 2558 3018 δὲ
2589 2961 2813 3038 ἄρξασθέ
2846 2986 2938 3037 μοι
2973 2961 3536 3038 συνεπιλαμϐάνεσσαι
3568 2975 3673 3038 τῆς
3698 2968 3880 3045 ἔγχει-

2221 3055 2430 3126 ρήσειυς
2483 3053 2686 3124 ἐκείνης
2735 3050 2823 3107 διὰ
2874 3059 3078 3128 χειρῶν
3108 3056 3356 3109 ἱκετικῶν
3388 3056 3463 3118 εἷς
3503 3056 3599 3110 τὸν
3654 3056 3878 3130 ὕψιστον

2222 3141 2435 3214 Κύριον,
2469 3142 2528 3204 ἃς
2577 3142 2939 3204 ἀνατείνοντες
2989 3143 3065 3205 εἰς
3093 3142 3294 3198 ἐκεῖνον
3339 3146 3764 3218 κατατοξεῦσετε
3792 3148 3877 3201 καὶ

460 3240 610 3290 stem
641 3232 964 3304 conﬁgetis.
999 3233 1279 3302 Assurgat
1325 3247 1461 3303 ergo
1494 3231 1655 3288 vobis
1700 3231 1909 3289 intima
1951 3251 2108 3307 spes,

2231 3231 2378 3286 αὐτοὶ
2427 3231 2568 3286 οὕτω
2611 3232 2702 3286 τὸν
2749 3232 2929 3286 κοινὸν
2970 3231 3188 3308 ἐχθρόν.
3238 3234 3654 3308 Ὑποτρεφὲσθω
3697 3235 3877 3290 τοίνυν

460 3340 578 3378 non
623 3322 862 3393 longum
921 3335 1232 3375 evasurum
1292 3324 1529 3390 tempus
1583 3321 1723 3392 quin
1781 3339 2112 3381 sermonem

458 3412 662 3482 alium,
692 3411 806 3466 Deo
839 3411 1035 3474 dante,
1070 3409 1338 3464 doctrina
1369 3409 1608 3480 plenum
1659 3411 1825 3468 vobis
1855 3412 2110 3484 protule-

458 3503 592 3568 rim,
627 3502 708 3555 ita
739 3504 804 3554 ut
834 3500 918 3554 sic
947 3498 1047 3554 alii
1079 3497 1208 3553 aliis
1241 3499 1560 3554 concordes
1609 3502 1820 3572 simus,
1860 3501 1996 3559 licet
2023 3503 2107 3560 lo-

461 3607 659 3648 corum
721 3589 939 3644 ﬁnibus
996 3587 1588 3657 circumscribamur,
1640 3595 1697 3646 et
1751 3592 2106 3650 disserentes

459 3683 531 3737 de
561 3681 737 3735 rebus
794 3678 909 3733 Ι)οο
941 3678 1092 3732 caris
1147 3681 1207 3732 et
1243 3677 1521 3744 exauditi,
1578 3683 1635 3734 et
1682 3679 1767 3735 sic
1814 3680 2102 3754 delectati,

457 3769 702 3842 gloriam
735 3768 1012 3822 dabimus
1061 3765 1248 3821 Verbo
1301 3766 1399 3837 qui
1433 3767 1504 3821 ab
1535 3767 1703 3823 initio
1751 3773 1808 3824 et
1838 3775 1970 3827 ante
1995 3789 2101 3827 saa-

456 3859 588 3914 cula
616 3861 725 3919 est,
781 3857 950 3924 cujus
998 3853 1182 3926 gloria
1235 3855 1294 3908 in
1354 3855 1701 3911 saeculorum
1761 3860 1974 3914 saecula
2005 3877 2098 3917 ex-

458 3952 636 4015 tenta,
668 3947 844 4001 ﬁnem
875 3943 1089 4000 habere
1121 3959 1232 3999 non
1267 3947 1459 4015 potest
1489 3962 1773 4017 unquam.
1808 3950 2010 4005 Amen.

2223 3321 2348 3393 ὑμῖν
2382 3319 2558 3388 ἐλπὶς,
2587 3321 2662 3383 ὡς
2709 3319 2771 3374 οὐ
2820 3319 2996 3382 πολὺς
3044 3319 3338 3397 παρελάσει
3383 3323 3615 3398 χρόνος,
3649 3325 3742 3379 καὶ
3791 3322 3884 3378 λόο

2217 3433 2310 3488 γον
2340 3407 2546 3484 ἕτερον,
2580 3413 2712 3464 Θεοῦ
2740 3405 2797 3462 δὲ
2818 3406 3007 3471 δόντος
3029 3405 3430 3480 διδασκαλικὸν,
3465 3413 3598 3484 ὑμῖν
3635 3412 3882 3490 ἐκφωνήε

2216 3521 2403 3573 σομεν,
2429 3497 2520 3553 ’ίνα
2548 3498 2638 3553 καὶ
2671 3497 2813 3552 οὕτω
2836 3503 3082 3572 συνῶμεν
3109 3497 3406 3570 ἀλλήλοις,
3439 3501 3485 3555 εἰ
3510 3502 3600 3556 καὶ
3627 3504 3769 3557 κατᾶ
3787 3504 3877 3558 τό-

2215 3611 2313 3644 πον
2349 3587 2718 3666 ἀφωρίσμεθα,
2751 3587 2841 3642 καὶ
2872 3585 3193 3660 ὁμιλοῦντες
3223 3589 3290 3644 τὰ
3315 3593 3396 3662 τῷ
3444 3595 3564 3662 Θεῷ
3593 3590 3754 3668 φίλα,
3787 3591 3876 3646 καὶ

2213 3679 2627 3751 εἷσακουόμενοι
2657 3677 2746 3732 καὶ
2780 3675 2921 3732 οὕτω
2949 3678 3297 3751 τερπόμενοι,
3331 3677 3488 3750 δόξαν
3522 3679 3873 3753 ἀναπέμποι-

2217 3790 2310 3842 μεν
2341 3772 2418 3839 τῷ
2439 3766 2490 3822 ἐν
2515 3767 2663 3842 ἀρχῇ
2686 3767 2790 3840 πρὸ
2815 3771 2918 3821 τῶν
2945 3767 3155 3821 αἰώνων
3179 3767 3364 3842 Λόγῳ,
3386 3769 3561 3845 οὗπερ
3647 3767 3778 3843 δόξα
3799 3771 3873 3833 εἷς

2209 3857 2405 3919 αἶ’ὡνας
2460 3856 2670 3911 αἰώνων
2721 3857 3178 3931 παρεκτεινομένη
3237 3859 3403 3932 πὲρας
3435 3859 3538 3914 οὐκ
3593 3858 3656 3914 ἂν
3703 3861 3867 3936 σχοίη

2207 3948 2358 4004 ποτε.
2389 3949 2591 4020 Ἀμήν.

1311 4293 1452 4354 Alia
1481 4293 1800 4355 Eustathz’z’
1821 4294 2050 4376 scripta
2081 4306 2272 4360 tomus
2300 4314 2540 4378 sequens
2569 4294 2990 4374 complectitur.
