2005 3168
681 176 1037 222 TRADI'I‘IO
1101 176 1550 223 CATHOLICA.

807 257 1009 289 S/ECULUM
1027 257 1091 295 XII,
1116 257 1215 288 ΑΝΝΙ
1230 256 1416 289 1190-1200.

937 347 1298 400 ELENCHUS

322 449 602 487 AUCTOBUM
613 451 680 485 ET
691 449 901 486 OPEBUM
913 450 1000 496 QUI
1015 451 1073 485 IN
1081 449 1185 487 Ηοα
1199 449 1346 486 TOMO
1356 449 1521 486 CXXXV
1532 450 1918 490 CONTINENTUR.

927 614 1096 646 JOANNES
1118 613 1303 644 ZONARAS.

322 664 451 694 Annales
473 663 707 703 (Continuatio).
1735 665 1798 693 col.
1902 666 1917 694 9

320 712 458 752 Epitome
471 721 622 743 annorum
636 711 673 743 ab
687 711 783 743 Adam
798 720 889 751 usque
905 712 942 743 ad
957 721 1073 743 annum
1087 711 1176 749 6589,
1195 711 1249 742 hoc
1263 713 1306 742 est
1321 710 1361 742 ad
1378 711 1499 742 initium
1514 711 1616 742 Alerii
1634 711 1796 743 Comneni.
1865 713 1919 744 397

319 762 507 801 Argumenta
527 770 631 792 rerum
652 770 718 801 qua:
737 762 771 791 in
791 761 919 792 Joannis
940 762 1068 792 Zonaras
1091 760 1259 792 Annalibus
1280 761 1485 791 continentur.
1865 762 1922 792 333

320 810 364 840 De
385 810 533 841 Hebdomo
557 810 717 849 Cpolitano
738 809 786 841 Du
810 809 919 850 Cangii
940 811 1118 850 Disquisitio
1142 809 1368 850 topographica.
1865 811 1921 840 387

321 857 421 889 Canon
444 861 474 888 in
497 858 548 889 SS.
574 858 740 896 Deiparam.
1865 859 1921 890 413

321 907 470 946 Expositio
491 907 644 938 Canonum
663 907 917 939 Anastasimorum
940 908 1129 946 Damasceni,
1153 918 1187 938 ex
1209 909 1336 938 editione
1363 907 1508 945 Romana,
1532 916 1598 937 eum
1622 909 1799 945 interpreta—

359 958 439 986 tione
459 962 569 987 nostra.

1863 957 1917 987 421

318 1004 403 1041 Quod
425 1015 484 1036 non
508 1008 633 1036 debeant
654 1007 713 1036 duo
735 1007 848 1037 sobrini
871 1008 1003 1036 eamdem
1026 1008 1055 1036 in
1080 1007 1301 1036 matrimonium
1325 1007 1469 1044 accipere.
1862 1005 1921 1037 4‘29

319 1053 361 1084 De
382 1056 570 1085 seminiﬂuis.
1862 1054 1919 1085 437

318 1102 469 1142 Epistolre.
1841 1103 1917 1134 Ibid.

382 1165 498 1195 (Joannis
509 1166 613 1190 Zonarte
620 1165 820 1191 Commentarios
831 1166 858 1190 in
870 1165 984 1191 Curiones
994 1166 1170 1195 conciliorum,
1182 1167 1206 1190 et
1219 1165 1245 1190 in
1257 1165 1390 1196 Epistolas
1401 1165 1534 1190 canonicos
1541 1164 1587 1189 SS.
1595 1165 1705 1190 Patrum
1715 1172 1772 1191 cum

351 1205 546 1230 Commentariis
560 1206 649 1230 Theod.
662 1205 833 1236 Balsamom‘s,
843 1206 933 1237 quibus
943 1206 969 1230 in
980 1206 1107 1231 codicibus
1118 1213 1175 1230 mea.
1186 1206 1370 1236 subjiciuntur,
1381 1205 1452 1236 infra
1463 1206 1561 1230 edimus
1572 1208 1630 1230 tom.
1644 1205 1803 1236 CXXXVII.)

622 1262 813 1294 GEORGIUS
840 1263 1057 1295 XIPHILINUS
1085 1263 1320 1294 CPOLITANL‘S
1338 1250 1604 1294 ‘PATRIARCIIA.

318 1327 473 1360 Decretum
495 1331 530 1360 de
549 1330 665 1368 juribus
687 1331 911 1361 territoriorum.
1844 1331 1915 1361 Ibid.

720 1396 894 1428 lSAAClUS
922 1396 1100 1428 ANGELUS
1128 1396 1363 1427 CPOLITANUS
1391 1396 1469 1429 IMP.

318 1462 446 1493 Novella?
469 1463 712 1495 Constitutiones.
1859 1463 1916 1495 439

870 1529 1096 1561 NEOPHYTUS
1124 1529 1357 1562 PRESBYTER.

316 1595 358 1626 De
379 1598 598 1628 calamitatibus
620 1599 725 1628 insulae
747 1597 835 1637 Cypri
858 1599 1073 1636 imperantibus
1094 1597 1217 1628 Latinis.
1858 1598 1915 1629 495

708 1665 877 1696 JOANNES
906 1665 1042 1696 CHILAS
1070 1665 1205 1697 EPIIESI
1234 1665 1516 1697 METROPOLITA.

316 1729 444 1768 Notitia,
468 1730 517 1760 cui
539 1731 644 1761 insunt
665 1733 839 1771 fragmenta
862 1733 1040 1771 dogmatica.
1856 1732 1911 1764 501

315 1777 357 1809 De
378 1780 566 1816 processione
588 1779 716 1818 Spiritus
738 1782 831 1811 sancti
853 1783 890 1811 ad
913 1783 985 1819 imp.
1009 1781 1215 1811 Andronicum
1237 1782 1395 1813 seniorem.
1856 1782 1914 1812 506

534 1845 722 1877 NlCOLAUS
749 1846 1016 1878 METHONENSIS
1043 1847 1083 1877 IN
1110 1847 1384 1879 PELOPONNESO
1412 1847 1689 1879 METROPOLITA.

315 1910 357 1941 De
379 1920 501 1949 corpore
523 1917 551 1942 et
573 1915 717 1951 sanguine
737 1912 858 1946 Christi.
1854 1914 1912 1945 509

362 1969 492 1998 (Consulto
509 1970 646 1999 omisimus,
663 1973 694 1996 ut
709 1971 741 1996 ab
751 1972 872 1997 instituto
888 1974 977 1997 nostra
997 1972 1106 2004 alienas,
1125 1971 1230 1998 Nicolai
1249 1972 1441 2004 Refutationem
1459 1973 1638 1998 Institutiom's
1653 1974 1805 2005 theologica:

346 2008 442 2040 Procli,
452 2016 525 2041 quam
535 2010 705 2042 Francofurti
715 2013 776 2037 1825
786 2013 925 2037 ediderunt
937 2013 1046 2037 Crutzer
1055 2015 1080 2037 et
1100 2013 1199 2038 Voemel
1209 2019 1218 2042 ;
1228 2013 1290 2038 item
1300 2013 1411 2043 ejusdem
1423 2013 1580 2043 Quintiane:
1591 2016 1614 2038 et
1624 2014 1805 2045 recpomiones

346 2049 374 2074 in
388 2053 578 2081 programmate
598 2051 749 2077 Academico
767 2052 870 2082 ibidem,
889 2059 932 2077 an.
952 2054 1012 2077 1825
1028 2055 1054 2078 et
1072 2054 1111 2082 26,
1129 2053 1161 2077 ab
1179 2053 1232 2083 ipso
1253 2052 1352 2078 Voemel
1368 2053 1471 2084 editae.)

641 2110 877 2142 EUSTATHIUS
904 2110 1270 2142 THESSALONICENSIS
1297 2110 1573 2142 METROPOLITA.

313 2175 443 2208 Notitia.

1851 2178 1907 2209 517

313 2224 412 2255 Oratio
435 2225 465 2254 in
487 2223 638 2254 Psalmum
660 2223 789 2254 XLVIII.
1850 2227 1908 2259 519

312 2273 412 2304 Oratio
433 2282 511 2304 anno
533 2274 716 2311 auspicando
738 2275 846 2304 habita.
1849 2275 1907 2314 539

313 2321 466 2353 Orationes
488 2327 613 2361 quatuor
634 2324 665 2352 in
687 2321 717 2352 S.
741 2321 1014 2361 Quadragesimam.
1848 2324 1903 2357 561

312 2369 355 2400 De
375 2373 558 2402 emendanda
579 2373 639 2401 vita
661 2372 847 2401 monachica.
1849 2373 1905 2404 7'29

311 2418 453 2457 Dialogus
473 2419 655 2458 Theophilus
676 2425 705 2450 et
732 2419 883 2451 Hierocles
912 2422 1082 2460 inscriptus.
1846 2421 1904 2454 909

312 2467 493 2506 Supplicatio
521 2469 649 2500 Manueli
677 2468 827 2500 Comneno
855 2471 941 2508 imp.,
972 2471 1092 2500 nomine
1119 2471 1247 2501 civitatis
1270 2471 1564 2510 Constantinopoleos
1590 2474 1688 2503 oblata
1715 2482 1782 2503 cum

352 2518 482 2548 siccitate
509 2519 665 2549 laboraret.
1843 2518 1902 2551 995

312 2565 463 2596 Allocutio
491 2568 528 2596 ad
555 2569 629 2606 imp.
658 2566 824 2598 Manuelem
848 2568 1044 2606 Comnenum,
1078 2578 1146 2600 cum
1174 2574 1251 2600 esset
1273 2569 1423 2609 Myrorurn
1448 2572 1634 2609 metropolita
1661 2572 1780 2602 electus.
1843 2567 1900 2600 933

312 2613 455 2646 Laudatio
485 2617 617 2646 funebris
644 2616 788 2648 Mannelis
816 2616 969 2649 Comneni.
1842 2615 1900 2648 973

311 2663 446 2702 Epistola
473 2666 510 2694 ad
537 2664 827 2697 Thessalonicenses.
1825 2663 1896 2697 1031

352 2713 492 2753 (Reliqua
514 2714 549 2744 in
571 2717 650 2745 tomo
671 2717 809 2755 sequenti
829 2717 1070 2756 continuantur.)

311 2762 402 2793 Index
429 2764 595 2802 analyticus
623 2765 653 2794 in
679 2764 801 2796 Joannis
828 2765 949 2797 Zonaras
977 2766 1119 2797 Annales.
1826 2762 1897 2794 1061
