2005 3168
206 187 245 219 15
880 181 1025 214 .IOANNlt

1081 182 1233 214 IONARE
1871 184 1909 215 16

206 254 338 282 locorum
354 251 486 287 angustis
498 252 688 287 premeretur,
701 249 824 277 Romani
839 248 900 285 agri
918 248 1025 284 aliquid

1085 248 1153 284 πρὸς
1180 249 1270 277 αὐτόν·
1300 251 1314 277 ὁ
1343 248 1372 278 δὲ
1400 250 1444 277 καὶ
1474 249 1581 287 ἐμυήθη
1610 249 1656 278 καὶ
1684 248 1845 285 ἐϐαπτίσθη.
1872 250 1906 287 οἱ

209 299 265 327 sibi
290 297 508 330 concederetur,
525 297 697 331 perpetuam
722 301 823 329 pacem
847 295 875 321 et
895 292 963 321 belli
983 301 1030 321 so-

209 343 343 371 cietatem
371 342 483 377 pactus.
507 340 618 367 Annuit
640 338 819 374 imperatrix,
837 340 864 366 et
888 337 1029 373 quidquid

209 388 286 416 inter
307 386 466 422 regionem,
482 393 545 420 quas
571 385 672 411 Ferrea
687 383 804 415 dicitur,
821 391 853 410 ac
878 382 959 418 prius
975 382 1030 409 Ro-

209 441 311 461 manos
327 434 355 459 et
376 430 544 466 Bulgaricos
568 430 641 456 fines
656 427 864 463 distinguebat,
881 435 914 454 ac
927 426 1029 454 Debel~

207 480 271 505 tum
296 476 458 511 interjacet,
474 474 516 502 eis
531 473 685 501 concessit.
701 473 771 500 Eam
793 472 939 508 regionem
962 470 1031 498 Bul-

208 522 270 559 gari
290 529 356 549 cum
381 519 570 555 accepissent,
587 519 726 553 Zagoram
747 516 941 552 appellarunt.
958 515 1031 543 Hinc

207 575 264 602 pax
276 566 306 593 in
322 564 479 593 Occidente
501 563 660 591 constituta
675 564 728 590 est.
745 563 852 589 Verum
869 561 898 588 in
914 560 1030 588 Oriente

207 617 314 647 magna
329 609 384 637 fuit
405 607 631 636 Manichaeorum
647 606 816 640 multitudo,
832 605 879 640 qui
906 607 933 632 et
957 605 1030 632 Pau-

206 654 306 683 liciani
327 653 413 690 vulgo
437 652 604 689 imperitius
628 650 821 687 appellantur,
837 649 977 677 vocabulo
997 658 1031 677 ex

207 699 298 728 Paulo
313 700 341 727 et
355 698 467 726 Joanne
481 696 653 732 composito,
672 696 722 732 qui
740 695 794 722 etsi
810 694 886 731 apud
903 694 969 722 illos
985 702 1030 722 ce-

208 745 314 780 lebres,
330 742 529 771 haeresiarchas
551 743 649 768 tamen
671 743 700 768 et.
721 747 860 776 perversae
884 739 1031 775 opinionis

209 791 343 817 auctores
360 796 415 814 non
432 787 560 820 fuerunt,
577 785 627 812 sed
649 785 712 820 ejus
737 787 894 812 sectatores
917 786 945 811 et
968 786 1030 810 stu-

209 833 283 862 diosi
303 840 392 868 supra
407 831 538 863 modum,
555 832 583 857 et
607 837 764 865 praecones.
782 831 835 856 Eos
861 828 1031 864 imperatrix

209 885 276 905 cum
291 876 321 904 in
338 875 436 903 animo
451 874 572 902 haberet
596 874 630 901 ab
655 873 755 900 haeresi
783 873 818 900 ad
842 880 938 900 veram
963 872 1030 899 reli-

207 921 323 958 gionem
347 919 504 951 retrahere,
520 918 597 946 viros
621 918 751 945 illustres
774 917 873 951 mittit,
890 916 939 952 qui
963 925 1028 944 cum

207 965 358 1001 negotium
375 963 455 991 nulla
466 963 636 990 dexteritate
648 961 788 997 nulloque
804 961 922 997 ingenio
937 960 1029 988 admi-

206 1011 394 1042 nistrassent,
411 1017 467 1036 non
491 1008 577 1035 modo
601 1007 717 1034 inanem
734 1006 862 1034 laborem
880 1008 1028 1042 ceperunt,

206 1055 258 1083 sed
288 1056 316 1082 et
346 1054 380 1082 ad
410 1053 599 1080 defectionem
630 1051 771 1088 populum
798 1059 924 1084 omnem,
945 1051 1030 1086 cujus

205 1099 299 1127 multa
319 1097 412 1126 millia.
433 1097 675 1128 numerabantur,
693 1095 875 1132 impulerunt
890 1104 896 1123 :
914 1097 946 1122 ut
962 1103 1029 1122 cum

204 1143 363 1172 Ismselitis
389 1142 581 1177 conjunctus,
607 1143 636 1168 et
661 1141 809 1168 Romanos
838 1142 1029 1176 oppugnaret,

205 1189 305 1224 eisque
315 1187 424 1215 multas
435 1186 531 1214 clades
543 1185 672 1213 inferret.
682 1186 717 1212 At
727 1185 888 1221 imperator
898 1183 1028 1217 Michael,

206 1241 299 1260 annos
315 1231 447 1268 pueritiae
462 1238 607 1266 egressus,
619 1231 647 1257 et
659 1230 719 1265 jam
736 1229 916 1262 adolescens,
931 1228 1029 1263 iniquo

205 1278 317 1305 ferebat
331 1277 430 1304 animo
455 1275 534 1311 regni
552 1274 835 1302 administrationem
862 1281 926 1301 esse
942 1281 1029 1309 penes

207 1321 290 1355 alios,
306 1319 454 1356 simulque
483 1320 518 1347 ab
547 1318 690 1346 avunculo
718 1319 822 1352 Barda,
845 1326 903 1345 uno
927 1326 942 1344 e
967 1318 1030 1345 suis

206 1366 367 1399 tutoribus,
393 1365 427 1392 ad
454 1364 646 1400 principatus,
663 1372 716 1391 suo
741 1363 894 1398 arbitratu,
911 1362 1030 1398 gerendi

207 1410 398 1446 cupiditatem
431 1408 618 1436 incitabatur.
648 1408 764 1435 Manuel
799 1415 866 1435 vero
901 1408 1028 1442 quodam

205 1457 337 1491 tempore
359 1455 424 1481 orta
450 1461 516 1481 cum
542 1452 701 1489 Logotheta
729 1460 833 1479 cursus
862 1451 1029 1479 Theoctisto

207 1498 404 1528 controversia
418 1498 511 1534 (erant
525 1499 553 1525 et
572 1497 602 1524 hi
627 1497 713 1524 ambo
737 1498 848 1524 tutores
871 1496 1029 1532 imperato-

206 1544 259 1579 ris)
274 1544 364 1580 regia,
380 1543 409 1570 in
439 1550 497 1579 qua
525 1544 587 1570 tum
614 1541 748 1578 degebat,
765 1540 877 1574 relicta,
901 1540 930 1568 in
960 1549 1030 1569 suas

206 1589 282 1617 mdes
306 1588 457 1624 remigrat,
480 1589 567 1622 atque
596 1587 664 1614 inde
691 1586 798 1621 regiam
828 1585 1028 1622 frequentans,

206 1641 305 1661 rerum
330 1632 615 1660 administrationem
641 1631 776 1666 capessit.
793 1631 832 1658 Ea
858 1639 905 1659 res
929 1631 1028 1658 Bardaa
1045 1627 1066 1661 (ἶ.

208 1677 350 1713 singulari
362 1676 504 1711 voluptati
521 1676 584 1710 fuit,
596 1678 623 1703 et
633 1675 830 1703 'I‘heoctistum
846 1675 932 1704 etiam
950 1684 1029 1704 amo-

208 1729 275 1750 vere
291 1721 415 1749 studuit.
430 1721 503 1748 Nam
520 1728 585 1747 cum
609 1719 690 1755 regni
710 1720 869 1755 cupiditate
883 1719 1028 1756 ﬂagraret,

203 1766 363 1800 metuebat,
377 1773 412 1792 ne
427 1765 462 1792 ab
479 1764 527 1791 illo
543 1764 743 1800 impediretur.
757 1764 926 1800 Imperatori
943 1773 1027 1800 porro

201 1811 378 1847 paedagogus
394 1812 455 1837 erat
478 1808 636 1836 homuncio
651 1808 718 1836 vilis
745 1811 772 1836 et
797 1809 959 1844 improbus,
976 1810 1025 1837 sed

201 1854 378 1883 adolescenti
395 1854 466 1881 adeo
487 1856 599 1888 gratus,
618 1855 649 1880 ut
664 1861 731 1880 eum
754 1853 912 1881 illustriore
928 1854 1024 1890 digni-

198 1901 259 1928 tate
288 1901 423 1927 ornatum
453 1898 548 1933 vellet,
569 1906 693 1933 eamque
721 1906 778 1925 rem
809 1906 826 1925 a
855 1901 947 1926 matre
976 1906 1025 1934 pe-

199 1946 283 1973 teret.
299 1943 407 1972 Verum
432 1943 619 1971 Theoctistus
641 1943 766 1978 negabat
790 1943 947 1980 paedagogo
973 1944 1024 1971 tri-

197 1989 345 2017 buendam
363 1989 547 2024 dignitatem,
564 1996 626 2023 qua:
652 1987 733 2015 illius
759 1988 955 2015 conditionem
972 1997 1024 2016 su-

198 2035 323 2069 peraret,
340 2041 376 2061 ne
392 2032 549 2068 dignitates
572 2031 747 2067 indignitate
771 2032 967 2060 afﬁcerentur.
985 2033 1024 2060 Ex

197 2086 230 2106 eo
247 2077 430 2106 Theoctistus
453 2077 609 2113 paedagogo
626 2076 736 2104 invisus
761 2076 825 2111 fuit,
842 2077 929 2113 idque
954 2080 1022 2105 Bar-

196 2123 238 2150 dae
259 2123 334 2152 157
363 2124 611 2159 peropportunum
642 2121 749 2149 accidit
777 2122 811 2149 ad
842 2122 1021 2150 desiderium

195 2175 282 2195 suum
299 2167 528 2203 exsequendum.
546 2166 598 2193 Per
616 2166 805 2201 paedagogum
822 2166 911 2202 igitur
926 2168 1022 2195 varias

194 2215 297 2240 contra
305 2211 503 2240 Theoctistum
522 2209 684 2237 calumnias
699 2210 884 2246 imperatoria
900 2212 1021 2240 auribus

193 2257 334 2291 instillat,
367 2257 490 2292 ejusque
518 2254 685 2282 facilitatem
713 2254 742 2281 in
771 2254 854 2282 illum
883 2257 1019 2292 concitat,

194 2302 320 2336 denique
336 2302 400 2336 ejus
422 2300 510 2327 etiam
527 2299 679 2326 amovendi
711 2300 742 2326 fit
770 2302 881 2327 auctor.
909 2300 937 2328 Id
954 2309 1020 2329 vero
1037 2311 1058 2343 ο

194 2345 279 2373 aliter
303 2353 388 2380 posse
413 2345 472 2372 fieri
505 2344 639 2379 negabat,
656 2352 743 2378 quam
775 2344 798 2371 si
829 2345 1019 2374 occideretur.

192 2390 265 2417 Nam
292 2398 357 2417 eum
384 2390 524 2417 viventem
541 2389 576 2415 ab
593 2388 777 2424 imperatrice
794 2389 945 2417 defensum
971 2390 1018 2425 iri,

192 2437 221 2462 et
236 2434 407 2462 auctoritate
423 2434 591 2461 valiturum.
606 2433 724 2460 Decreta
740 2433 792 2460 viri
815 2434 902 2463 casde.
919 2435 1017 2464 obser-

190 2481 276 2507 vatur
290 2481 354 2515 ejus
371 2488 386 2507 e
401 2479 530 2507 thalamo
555 2478 750 2514 imperatricis
775 2487 922 2515 egressus.
943 2481 1015 2509 Nam

191 2524 226 2551 ad
243 2533 306 2552 eam
332 2527 360 2552 et
385 2524 453 2559 quid
482 2525 592 2556 actum,
610 2525 638 2551 et
654 2523 723 2559 quid
753 2525 898 2560 agendum
928 2529 1015 2562 esset,

188 2569 342 2596 referebat.
358 2569 523 2605 Egredienti
554 2576 709 2604 percussor
736 2568 918 2597 immittitur.
942 2571 1013 2598 Cum

189 2615 287 2642 autem
303 2613 351 2641 ille
367 2614 500 2642 strictum
519 2622 618 2641 ensem
631 2615 731 2641 contra
747 2621 778 2641 se
790 2613 898 2642 elatum
915 2623 1013 2643 cerne-

186 2661 242 2694 ret,
259 2667 412 2687 scamnum
437 2659 539 2690 subiit,
556 2665 709 2694 percussor
734 2666 833 2686 ensem
859 2659 888 2686 in
914 2663 1014 2688 ventre

186 2706 250 2739 ejus
266 2703 376 2740 deﬁgit,
391 2704 484 2731 Barda
500 2703 587 2730 etiam
606 2702 740 2730 strictum
752 2711 851 2730 ensem
869 2703 1011 2739 vibrante,

185 2750 213 2776 et
228 2757 328 2777 necem
341 2749 365 2777 ei
378 2748 542 2781 minitante,
556 2747 603 2782 qui
617 2747 750 2775 morienti
764 2747 802 2774 illi
817 2756 900 2784 opem
913 2749 1009 2777 ferret.

1085 292 1235 331 Βούλγαροι
1273 293 1301 322 δὲ
1339 295 1376 327 ὡς
1415 298 1465 330 τῆς
1494 295 1609 333 πατρίου
1637 297 1721 331 τιμῆς
1748 294 1794 322 καὶ
1825 293 1908 329 δόξης

1084 337 1260 374 ἀποστάντος,
1302 339 1532 376 κατεξανίστανται
1570 342 1618 367 τοῦ
1658 342 1731 379 acim
1771 339 1908 377 ἀρχηγοῦ,

1084 383 1128 409 καὶ
1168 383 1280 419 ἐζητουν
1317 384 1396 412 αὐτὸν
1425 383 1553 413 ἀνελεῖν.
1582 385 1611 413 Ὁ
1650 383 1679 411 δὲ
1715 386 1755 420 τῷ
1793 385 1911 421 σταυροῦ

1085 428 1191 464 σημείῳ
1234 429 1369 467 θαρῥήσας
1413 428 1645 467 προπορευομένῳ
1686 428 1793 464 αὐτοῦ,

1083 472 1148 503 τοὺς
1180 473 1351 505 ἀντισταντας
1388 473 1461 510 αὐτῷ
1497 473 1542 501 καὶ
1577 473 1648 501 οὕτω
1674 473 1772 504 πάντες
1801 472 1910 500 εἷ’λοντο

1084 517 1117 544 τὰ
1151 518 1339 556 Χριστιανῶν.
1378 518 1445 547 Εἶτα
1486 515 1728 557 διεπρεσϐεύσατῃ
1750 518 1764 545 ὁ
1803 517 1909 545 τούτων

1085 561 1205 600 ἐξάρχων
1244 563 1311 601 πρὸς
1344 564 1393 598 τὴν
1432 562 1601 600 βασίλισσαν,
1636 562 1718 590 αῗτῶν
1756 565 1808 600 γῆς
1838 562 1910 599 αὐτῷ

1084 605 1328 645 παραχωρηυῆναι”
1359 608 1537 644 Ῥωμαϊκῆς,
1584 608 1810 645 στενογωρεῖσθαι
1858 607 1906 645 γὰρ

1083 652 1114 679 τὸ
1143 649 1218 683 ἔθνος
1231 652 1324 686 αὐτοῦ,
1340 652 1384 680 καὶ
1401 651 1505 684 ἀϊδίους
1522 651 1636 683 σπονδὰς
1664 652 1732 690 πρὸς
1757 651 1822 683 τοὺς
1843 653 1905 678 Ῥω-

1087 697 1194 732 μαίους,
1210 697 1254 724 καὶ
1271 696 1423 735 ὁμαιχμίαν
1449 696 1697 735 ἐπαγγελλόμενος.
1720 696 1772 725 Καὶ
1800 698 1814 731 ἢ
1833 697 1910 734 βασι-

1086 739 1128 771 λὶς
1145 741 1280 777 αὐτῷτὴν
1307 741 1413 777 αἴτησιν
1445 741 1627 778 ἐξεπλήρωσε,
1654 741 1699 768 καὶ
1728 741 1756 768 οἳ
1785 744 1836 775 τῆς
1857 741 1911 768 ἀπὸ

1083 788 1134 820 τῆς
1177 785 1328 823 λεγομένης
1369 785 1489 824 Σιδηρᾶς
1526 786 1709 824 παρεχώρησε
1751 786 1858 823 χώρας,
1891 785 1909 819 ἢ

1083 829 1117 857 τὶ
1145 830 1286 866 Ῥωμαίων
1315 831 1360 858 καὶ
1389 829 1555 868 Βουλγάρων
1585 829 1696 867 διώριζε
1724 830 1797 866 πρὶν,
1825 830 1911 867 μέχρι

1085 878 1134 909 τῆς
1156 872 1298 903 Δεϐελτοῦ·
1329 876 1361 910 ἣν
1391 873 1520 906 λαϐόντες
1551 875 1577 902 οἱ
1606 873 1773 912 Βούλγαροι,
1805 873 1913 910 κεκλή-

1085 930 1145 946 κασι
1175 919 1293 958 Ζαγοράν
1324 921 1398 957 (At).
1430 919 1576 947 Κάντεῦθεν
1604 919 1699 956 εἲρήνη
1725 918 1820 956 γέγονε
1847 920 1909 957 περὶ

1084 964 1117 991 τὰ
1145 965 1291 1002 Ἑσπερια.
1321 965 1393 992 Κατὰ
1424 964 1473 998 τήν
1501 964 1586 1000 Έῲαν
1625 962 1654 991 δὲ
1689 964 1720 991 τὸ
1746 964 1800 991 τῶν
1828 967 1912 990 Μανι-

1085 1008 1172 1046 χαίων
1199 1008 1306 1044 πλῆθος
1333 1009 1366 1043 ἦν
1393 1008 1476 1043 πολὺ,
1506 1009 1532 1036 οἳ
1552 1009 1596 1036 καὶ
1621 1008 1911 1046 Παυλικιάνοιὰγροι-

1084 1053 1194 1091 κότερον
1218 1054 1290 1091 παρᾶ
1318 1055 1365 1080 τοῦ
1397 1051 1544 1090 δημώδους
1574 1051 1663 1090 ὄχλου
1691 1051 1854 1087 κοιλοῦνίιιιιι¹
1880 1053 1912 1080 ἐκ

1084 1097 1195 1125 Παύλου
1227 1097 1271 1126 καὶ
1313 1099 1438 1126 Ἰωάννου
1470 1101 1520 1132 τῆς
1561 1097 1687 1133 κλήσεως
1725 1098 1911 1135 συγκειμένης

1085 1143 1186 1174 αὐτοῖς·
1215 1143 1254 1170 τὼ
1292 1142 1315 1170 δ’
1343 1142 1423 1181 ἄνδρε
1451 1141 1539 1169 τοῦτω
1567 1143 1641 1180 παρὰ
1668 1142 1832 1180 Μανιχαίοις
1849 1141 1911 1180 ἐγι-

1084 1187 1180 1221 νέσθητ
1210 1187 1373 1224 ὁνομαστὼ,
1403 1187 1425 1214 εί
1463 1187 1508 1214 καὶ
1539 1187 1577 1223 μή
1610 1185 1696 1222 ἤστην
1732 1185 1908 1225 αἶρεσίάρχα,

1084 1231 1128 1258 καὶ
1157 1235 1206 1266 τῆς
1233 1230 1392 1266 κακοδοξίας
1425 1233 1582 1270 γεννήτορες
1617 1231 1728 1266 ζηλωτὰ
1754 1230 1782 1258 δὲ
1806 1231 1911 1266 ταύτης

1083 1276 1128 1303 καὶ
1154 1275 1308 1303 σπουδαστὰ
1336 1275 1527 1314 διαφερόντως,
1558 1275 1602 1303 καὶ
1628 1277 1738 1313 κήρυκε.
1770 1275 1819 1303 Καὶ
1843 1276 1910 1304 τοῦ-

1083 1331 1146 1352 τους
1161 1320 1250 1348 τοίνυν
1280 1322 1297 1356 ἡ
1325 1321 1433 1359 βασιλὶς
1459 1321 1497 1352 εἰς
1521 1323 1583 1348 νοῦν
1605 1317 1717 1348 ἐϐάλετο
1748 1323 1910 1358 μεταγαγεῖν

1084 1364 1122 1396 είς
1149 1364 1304 1404 ὀρθοδοξίαν
1335 1365 1364 1393 ἐκ
1387 1369 1437 1400 τῆς
1467 1366 1607 1404 αἱρέσεως,
1635 1365 1679 1393 καὶ
1709 1364 1818 1393 στέλλει
1842 1365 1910 1397 τοὺς

1083 1412 1165 1437 τοῦτο
1195 1411 1359 1441 σπεύσοντας
1388 1409 1487 1447 ἄνδρας
1515 1412 1570 1438 τῶν
1610 1410 1835 1449 ἑπιφανεστέρων.
1875 1411 1912 1438 Οἱ

1085 1453 1114 1482 δὲ
1141 1454 1252 1490 ἀδεξίως
1290 1455 1320 1482 τὸ
1358 1458 1471 1493 πρᾶγμα
1507 1454 1552 1482 καὶ
1593 1454 1684 1494 ἀφυῶς
1715 1454 1908 1493 μεταχειρισά-

1087 1510 1172 1537 μενοι,
1201 1500 1232 1527 οὐ
1250 1499 1330 1536 μόνον
1346 1500 1473 1535 ἀνήνυτον
1497 1497 1586 1527 ἔθεντο
1604 1500 1654 1534 τήν
1671 1498 1804 1535 σπουδὴν,
1836 1498 1912 1527 ἀλλὰ

1084 1545 1128 1572 καὶ
1160 1544 1197 1575 είς
1235 1544 1400 1572 ἀποστασίαν
1437 1544 1557 1582 ὁρμῆσαι
1595 1544 1625 1571 τὸ
1661 1544 1738 1581 γένος
1773 1542 1840 1571 ὅλον
1872 1544 1911 1575 εἰς

1087 1588 1217 1628 μυριάδας
1256 1588 1362 1621 πολλὰς
1398 1588 1599 1627 ἀριθμούμενον
1624 1586 1775 1616 ἐϐιάσαντο.
1806 1590 1839 1615 "0
1865 1588 1911 1615 καὶ

1083 1636 1142 1666 τοῖς
1176 1634 1201 1669 ἐξ
1237 1633 1353 1670 Ἰσμαὴλ
1392 1634 1625 1671 συμμιγνύμενον,
1663 1633 1731 1660 κατὰ
1763 1632 1909 1669 Ῥωμαίων

1085 1678 1130 1706 σὺν
1159 1678 1254 1709 αὑτοῖς
1281 1677 1462 1713 ἐστρατεύετο,
1490 1678 1533 1705 καὶ
1554 1676 1667 1705 πολλῶν
1695 1676 1781 1704 αῗίτιον
1813 1677 1908 1708 αὐτοῖς

1083 1724 1175 1762 γέγονε
1201 1725 1368 1762 συμφορῶν.
1391 1723 1419 1750 Ὀ
1445 1721 1473 1750 δὲ
1501 1733 1532 1760 γε
1562 1721 1688 1759 βασιλεὺς
1714 1720 1831 1759 Μιχαὴλ
1862 1722 1906 1749 τὸν

1085 1767 1199 1805 μείρακα
1235 1767 1398 1805 παρελάσας,
1439 1767 1484 1794 καὶ
1521 1767 1671 1798 νεανίσκοις
1700 1766 1760 1805 ἄρτι
1790 1765 1907 1794 καταλε-

1081 1812 1206 1850 γόμενος,
1232 1811 1340 1850 ἤσχαλε
1371 1812 1434 1850 παρ’
1471 1811 1566 1842 ἄλλοις
1603 1812 1651 1846 τὴν
1686 1814 1736 1845 τῆς
1765 1810 1908 1848 βασιλείας

1083 1856 1192 1895 βλέπων
1209 1855 1354 1892 διοίκησιν,
1379 1856 1506 1894 ἠρέθιστο
1536 1854 1564 1883 δὲ
1592 1856 1635 1883 καὶ
1665 1855 1731 1892 πρὸς
1758 1857 1807 1882 τοῦ
1838 1856 1907 1892 πρὸς

1082 1901 1185 1938 μητρὸς
1224 1901 1297 1933 θείου
1339 1903 1387 1928 τοῦ
1421 1899 1512 1938 Βάρδα
1555 1903 1605 1934 τῆς
1648 1899 1798 1936 αὐταρχίας
1838 1899 1906 1936 πρὸς

1080 1945 1186 1983 ἕρωτα’
1217 1946 1256 1976 εἷς
1286 1943 1308 1972 δ’
1345 1945 1378 1979 ἦν
1412 1944 1457 1972 καὶ
1484 1945 1563 1975 οὗτος
1591 1946 1644 1971 τῶν
1675 1943 1830 1979 ἐπιτρόπων
1858 1945 1906 1970 τοῦ

1079 1989 1207 2028 Μιχαήλ.
1225 1992 1359 2028 Διαφορᾶς
1386 1988 1414 2017 δὲ
1441 1999 1508 2016 ποτε
1535 1991 1573 2025 τῷ
1598 1987 1739 2026 μαγίστρῳ
1769 1987 1905 2021 Μανουήλ

1077 2033 1226 2072 γενομένης
1253 2034 1321 2072 πρὸς
1348 2035 1393 2061 τὸν
1424 2033 1574 2071 λογοθὲτην
1600 2035 1648 2060 τοῦ
1673 2031 1778 2070 δρόμου
1794 2032 1902 2060 Θεόκτι-

1078 2090 1139 2106 στον
1179 2079 1234 2116 (καὶ
1274 2078 1356 2117 ἄμφω
1393 2077 1421 2106 δὶ
1457 2077 1642 2116 συνεπιτρόπω
1679 2079 1728 2104 τοῦ
1769 2075 1898 2114 βασιλέως

1077 2123 1281 2161 ἐτυγχανέτην),
1298 2124 1312 2150 ὁ
1334 2122 1466 2157 Μανουήλ
1493 2125 1546 2150 τῶν
1573 2122 1727 2158 ἀνακτόρων
1758 2121 1903 2159 ὑποχωρεῖ

1076 2169 1120 2204 (ἦν
1150 2168 1201 2206 γὰρ
1230 2168 1286 2195 ἐκεῖ
1300 2167 1489 2204 διαιτώμενος)
1504 2167 1550 2194 καὶ
1566 2166 1605 2197 εἷς
1626 2167 1672 2193 τὸν
1702 2165 1802 2202 οἰκεῖον
1833 2165 1904 2193 εἶκον

1078 2216 1244 2251 μεταχωρεῖ,
1278 2212 1397 2240 κάκεῖθεν
1437 2211 1475 2243 εἷς
1499 2212 1532 2239 τὰ
1563 2211 1686 2249 βασίλεια
1716 2209 1817 2244 ἀπιὼν,
1847 2212 1900 2237 τῶν

1076 2256 1237 2292 διοικήσεων
1268 2255 1368 2295 εἷθ’(ετο.
1397 2258 1480 2284 Τοῦτο
1509 2258 1548 2292 τῷ
1574 2254 1662 2292 Baiqu
1697 2255 1904 2293 ουμηρὲστατον

1075 2301 1172 2339 ἔδοξεν,
1212 2302 1442 2333 ἀποτκευάσασθαι
1482 2303 1545 2339 γοῦν
1578 2299 1623 2327 καὶ
1660 2300 1706 2327 τὸν
1739 2299 1901 2326 Θεόκτιστον

1076 2345 1120 2374 διὰ
1155 2345 1275 2382 σπουδῆς
1315 2347 1386 2382 αὐτῷ
1423 2346 1466 2380 ἦν·
1508 2344 1653 2382 βασιλειῶν
1684 2344 1734 2381 γὰρ
1769 2343 1901 2371 ἐδεδοίκει

1073 2394 1178 2419 τοῦτον(
1210 2392 1247 2423 ὡς
1276 2392 1301 2419 o't
1331 2392 1398 2429 πρὸς
1435 2391 1548 2428 τοῦργον
1585 2389 1826 2425 ἀντιστησόμενον.
1847 2391 1904 2429 .Τῷ

1077 2436 1183 2475 βασιλεῖ
1195 2437 1285 2464 τοίνυν
1311 2435 1486 2474 παιδαγωγὸς
1499 2437 1543 2470 ἦν,
1574 2433 1715 2471 ἀνδράριόν
1745 2444 1770 2460 τι
1796 2433 1902 2472 φαῦλον

1071 2480 1257 2518 καὶπονηρόν·
1287 2481 1316 2507 ὂν
1341 2479 1374 2507 δι’
1391 2479 1506 2518 ἐφέσεως
1538 2479 1608 2517 εἶχεν
1632 2479 1645 2506 ὁ
1677 2477 1804 2516 βασιλεὺς
1822 2477 1903 2513 ἀξιώ-

1073 2536 1137 2562 ματι
1160 2527 1214 2552 τῶν
1241 2525 1438 2562 λαμπροτὲρων
1462 2524 1578 2560 τιμῆσαί
1607 2533 1671 2557 τινι,
1701 2522 1745 2550 καὶ
1777 2521 1899 2549 ἐποιεῖτο

1069 2571 1130 2608 περὶ
1158 2569 1256 2597 τούτου
1284 2570 1332 2604 τήν
1360 2569 1428 2607 πρὸς
1453 2569 1502 2603 τὴν
1531 2567 1635 2606 μητερα
1658 2567 1778 2602 ἀξίωσιν.
1806 2567 1838 2595 Ὁ
1870 2565 1900 2593 δὲ

1069 2615 1227 2645 Θεόκτιστος
1259 2615 1297 2651 μὴ
1325 2613 1379 2641 δεῖν
1410 2613 1488 2651 ἔλεγε
1518 2612 1620 2650 μείζονι
1644 2612 1689 2639 τὸν
1718 2609 1896 2648 παιδαγωγὸν

1068 2663 1118 2695 τῆς
1143 2660 1238 2687 ἑαυτοῦ
1265 2659 1453 2690 καταστάσεως
1490 2659 1640 2695 τιμηθῆναι
1668 2658 1750 2693 τιμῇ,
1783 2654 1831 2682 ⁴’ίνα
1856 2656 1896 2691 μὴ

1069 2705 1210 2740 ἀτιμοῖντο
1251 2704 1285 2731 τὰ
1318 2703 1466 2740 ἀξιώματα.
1507 2703 1640 2731 Ἐντεῦθεν
1671 2700 1706 2728 δι’
1733 2698 1834 2738 ἔχθρας
1861 2701 1895 2734 ἦν

1066 2751 1106 2785 τῷ
1135 2747 1303 2786 παιδαγωγῷ
1330 2748 1344 2775 ὁ
1366 2748 1536 2780 Θεόκτιστος,
1565 2749 1650 2774 Τοῦτο
1679 2745 1769 2773 τοίνυν
1786 2746 1800 2772 ὁ
1830 2745 1898 2783 Βάρ-

1848 439 1862 454 ν
1867 431 1911 463 ικᾷ

815 2807 915 2837 Variae
937 2807 1088 2838 lectiones
1109 2811 1141 2838 et
1163 2810 1258 2837 notae.

218 2855 346 2892 Ζαγορὰν.
364 2856 437 2884 Vide
452 2855 623 2889 Cedrenum,
641 2862 668 2890 p.
685 2854 748 2889 746,
766 2857 793 2882 et
807 2856 941 2885 Familia:
956 2856 1025 2884 Daln

1081 2865 1136 2892 cas,
1154 2865 1183 2892 p.
1199 2856 1261 2884 310.
