2005 3168
198 205 236 237 23
872 203 1031 235 JOANNIS

1086 204 1231 235 DNARJE
1871 207 1912 235 24

199 271 357 299 sollicitus.
374 272 413 298 Eo
439 273 536 298 autem
559 271 602 299 sic
627 271 738 305 aﬂ'ecto,
755 271 865 298 Bardas
890 271 1024 299 versabat
1038 269 1067 303 Α
1082 269 1178 306 ἀγῶνι,

200 316 311 350 omnia,
331 324 423 352 eoque
439 316 635 352 pertrahebat,
651 325 709 352 quo
728 318 789 344 erat
804 316 932 349 libitum,
948 319 977 344 et
992 317 1027 344 ad

202 360 324 388 Caesaris
349 360 501 396 fastigium
531 364 658 394 evectus,
675 361 790 396 imperii
806 361 961 389 invadendi
977 370 1027 396 op-

201 405 411 441 portunitatem
428 405 614 440 quaeritabat.
637 406 715 433 Nihil
740 408 837 434 autem
863 406 931 434 fecit
946 406 1026 439 boni,

202 450 346 486 nisiquod
357 450 532 478 eruditionis
544 450 734 485 provehendis
744 459 883 486 magnum
895 451 1027 478 studium

202 494 316 522 habuit.
328 493 406 540 Nam
415 494 601 530 philosophia
611 495 742 530 neglecta
752 495 879 540 jacehat,
896 503 929 522 ac
938 503 1029 540 prope

203 540 323 566 omnino
335 539 481 567 exstincta
497 542 568 572 erat,
586 541 618 566 ut
634 548 669 566 ne
684 539 812 568 scintilla
828 540 946 575 quidem
963 539 1037 574 éjus-

202 585 390 619 superesset:
407 583 437 610 in
463 591 552 611 causa
566 584 661 611 fuerat
674 584 883 620 imperatorum
899 583 1027 611 inscitia.

202 628 259 655 Sed
290 627 337 655 hic
369 627 473 663 cuique
502 628 665 664 disciplinae
693 628 809 656 scholas
825 624 1030 664 constituitfét

204 672 337 699 doctores
363 672 538 707 designavit,
563 675 591 700 et
611 673 736 708 singulis
752 672 868 709 publica
883 670 1030 708 stipehdia

203 716 339 751 decrevit,
357 718 386 744 et
400 716 537 745 omnibus
561 725 702 753 magnum
726 721 755 745 et
776 726 962 745 communem
978 717 1029 745 do-
1054 719 1057 723 ‘

204 764 314 788 ctorem
344 762 472 797 praefecit
494 764 619 789 Leonem
639 761 860 798 philosophum,
877 762 961 797 cujus
977 763 1028 789 do-

205 806 307 834 ctrinae
337 805 445 841 inclyta
474 806 552 834 fama
575 809 646 841 erat,
675 807 764 834 etiam
791 807 826 834 ab
854 807 1029 842 imperatore

205 849 368 886 Theophila
384 849 570 883 honoratum,
584 851 637 878 hac
653 853 813 879 occasione.
830 853 903 879 Cum
921 851 1030 878 multos

206 894 326 922 haberet
349 894 521 930 discipulos,
537 895 643 923 accidit
672 897 703 922 ut
729 903 828 923 eorum
846 896 966 932 quidam
980 904 1030 923 ac-

206 942 305 967 curate
320 939 349 966 in
365 938 525 975 geometria
548 940 691 975 eruditus,
713 941 784 968 dum
799 940 830 968 in
845 941 962 968 Oriente
978 948 1029 976 pe-

206 983 384 1020 regrinatur,
414 993 431 1011 a
460 985 612 1012 Saracenis
640 988 754 1020 captus,
797 985 914 1013 cuidam
954 986 1031 1013 inter

207 1029 350 1056 barbaros
364 1028 473 1056 illustri
493 1029 523 1057 in
539 1030 708 1057 servitutem
734 1030 907 1058 traderetur.
923 1031 1030 1066 Agere-

205 1081 312 1100 norum
328 1081 412 1109 porro
429 1074 566 1110 princeps
586 1075 767 1103 theoremata
791 1075 906 1103 erudita
920 1077 949 1102 et
963 1075 1030 1111 phi—

205 1118 355 1153 losophica
384 1118 516 1147 studiose
545 1119 692 1153 audiebat,
710 1128 767 1155 prae
796 1120 907 1148 ceteris
931 1122 1030 1147 tamen

206 1162 391 1198 geometricis
420 1163 565 1191 methodis
595 1167 658 1192 erat
683 1164 811 1192 deditus.
837 1166 906 1192 Cum
933 1167 1030 1192 autem

207 1206 315 1240 captivi
338 1206 427 1234 herus
451 1207 630 1235 auditorium
653 1208 857 1242 frequentaret,
874 1208 1030 1244 aliquando

209 1251 238 1276 et
254 1249 319 1284 ipse
348 1258 413 1277 eum
443 1251 611 1286 comitatus,
636 1252 756 1285 auditis,
786 1252 963 1285 doctoribus,
981 1252 1031 1286 qui

211 1293 321 1328 ﬁguras
349 1295 542 1329 geometricas
570 1294 761 1329 delinearant,
789 1298 818 1323 et
851 1296 1031 1332 triangulum

210 1337 307 1365 omnis
322 1337 420 1373 ﬁgura:
435 1338 612 1375 principium
628 1348 693 1368 esse
707 1341 859 1375 docebant,
872 1349 1032 1377 omnesque

212 1382 324 1417 ﬁguras
338 1390 374 1410 ex
388 1391 421 1410 eo
437 1385 466 1410 et
488 1383 568 1416 oriri,
585 1386 613 1411 et
640 1383 670 1411 in
698 1385 834 1412 eumdem
860 1385 974 1420 resolvi,
1005 1388 1033 1413 et

214 1426 358 1454 circulum
379 1428 511 1455 omnium
536 1428 695 1464 ﬁgurarum
721 1437 786 1464 quas
801 1430 913 1458 ambitu
929 1430 1032 1465 (equali

215 1471 430 1507 contineantur,
443 1480 506 1500 esse
522 1473 759 1508 capacissimum,
780 1477 808 1502 et
832 1476 896 1510 ejus
917 1475 1033 1510 generis

210 1515 287 1544 alia:
304 1517 418 1552 rogavit
433 1517 596 1551 dominum,
613 1526 649 1545 an
664 1517 764 1546 liceret
779 1519 935 1555 magistros
951 1520 986 1547 de
996 1519 1032 1547 iis

209 1569 273 1596 quae
289 1562 433 1596 docerent,
460 1562 648 1597 percontari?
676 1563 757 1595 Quod
778 1572 844 1591 cum
860 1564 910 1591 ille
925 1565 1033 1599 permi-

210 1605 309 1640 sisset,
326 1606 419 1641 petiit.
435 1606 564 1635 rationes
588 1615 685 1635 eorum
701 1616 764 1643 qua:
780 1609 959 1642 docuissent,
976 1609 1031 1636 sibi

213 1650 364 1678 declarari.
393 1651 502 1678 Verum
529 1651 587 1680 illis
616 1653 693 1688 quod
710 1642 941 1689 responderent,
972 1661 1029 1680 non
1046 1642 1067 1675 Ο

210 1693 396 1730 habentibus,
412 1697 609 1730 Agarenorum
634 1697 769 1732 princeps
798 1697 910 1733 captivo
939 1705 1032 1726 acoer-

211 1738 278 1772 sito,
296 1747 366 1766 num
382 1740 444 1774 ipse
459 1740 487 1767 id
504 1743 602 1776 posset
616 1742 629 1768 γ
647 1741 844 1775 interrogavit,
861 1750 986 1777 eumque
1002 1751 1033 1770 se

212 1782 287 1811 scire
301 1784 509 1819 afﬁrmantem,
521 1786 623 1812 alferre
638 1785 667 1812 in
684 1786 813 1814 medium
825 1787 928 1822 jussit.
941 1787 1033 1823 Capti-

212 1835 266 1855 vus
292 1827 382 1864 igitur
401 1829 437 1856 ab
462 1829 545 1857 initio
574 1830 702 1858 declarat
726 1831 852 1867 singula,
869 1832 1032 1860 rationibus

192 1901 194 1903 ,
213 1872 350 1900 adductis
366 1875 394 1901 et
410 1874 506 1902 causis
521 1875 671 1910 expositis.
689 1875 842 1904 Auditores
857 1877 953 1904 verbis
968 1877 1032 1912 ejus

213 1916 380 1950 intellectis,
398 1918 578 1946 theoremata
593 1919 708 1947 acutius
724 1922 1033 1957 perspexerunt,quasi

212 1960 342 1989 dilatatis
372 1962 509 1998 ingeniis,
538 1963 691 1999 virumque
717 1964 854 1993 admirati
880 1969 1031 2002 rogarunt,

212 2005 286 2033 161
304 2014 342 2034 an
353 2007 618 2043 Constantinopolis
630 2008 703 2036 alios
713 2009 825 2037 similes
839 2009 982 2038 haberet?
998 2014 1034 2039 At

210 2049 285 2077 ille:
311 2051 417 2084 Multos,
445 2051 552 2088 inquit,
568 2061 612 2080 me
636 2054 842 2090 praestantiore:
871 2054 961 2087 habet,
987 2056 1032 2083 sed

211 2102 299 2122 unum
326 2097 488 2131 magistrum
515 2098 650 2130 omnium,
681 2099 772 2126 virum
792 2100 821 2126 in
840 2099 1033 2135 philosophias

211 2141 366 2168 rationibus
373 2141 630 2177 incomparubz'tem.
643 2143 693 2170 His
703 2143 821 2177 auditis,
833 2145 1032 2180 Agarenorum

211 2183 348 2220 princeps
372 2193 472 2213 amore
487 2185 567 2214 illius
587 2187 721 2222 magistri
736 2191 850 2223 captus,
866 2197 933 2216 eum
948 2192 977 2216 et
989 2190 1033 2217 vi-

212 2227 280 2265 dere
296 2231 324 2257 et
339 2230 440 2258 audire
457 2230 643 2265 desideravit,
660 2239 692 2258 ac
707 2231 829 2266 litteras,
846 2233 955 2268 quibus
966 2234 1033 2262 hor-

210 2273 330 2302 tabatur
344 2277 376 2302 ut
391 2275 428 2302 ad
443 2283 474 2303 se
489 2276 609 2310 veniret,
630 2284 774 2312 suamque
787 2277 960 2312 sapientiam
976 2279 1033 2306 sibi

1217 271 1261 297 καὶ
1299 271 1344 298 τὸν
1385 270 1464 307 μέσον
1506 270 1645 307 εὐώνυμον
1689 272 1912 306 καταστήσασθαι

1082 313 1235 348 σπεύδοντι,
1275 315 1366 351 αὐτὸς,
1407 314 1528 351 μάταιε,’
1554 315 1615 352 περὶ
1652 317 1816 352 Σαρακηνῶν
1848 314 1913 342 ἐπι-

1082 357 1188 396 δρομῆς
1218 358 1339 396 διαλέγει
1356 369 1423 396 μοις
1455 359 1587 392 Τοιοῦτος
1612 360 1625 387 ὁ
1642 360 1790 396 Θαυμάσιος
1804 360 1913 391 ἐκεῖνος

1081 404 1114 438 ἦν
1134 403 1269 441 βασιλεὺς,
1285 404 1330 431 καὶ
1356 404 1512 439 οὕτω-ηπερί
1537 407 1590 431 τῶν
1615 406 1713 431 κοινῶν
1737 404 1911 442 πραγμάτων

1081 448 1125 475 καὶ
1151 452 1201 483 τῆς
1229 448 1368 486 βασιλείας
1399 448 1562 487 ἐφρόντιζεν.
1601 449 1721 476 Ἐκείνου
1758 447 1787 476 δί
1809 451 1912 476 τοῦτον

1083 492 1253 529 διακειμένου
1274 494 1322 527 τὸν
1342 494 1455 531 τρόπον,
1482 495 1496 521 ὁ
1520 493 1622 532 Βάρδας
1647 493 1756 532 ἔστρεφε
1770 494 1804 521 τνὶ
1820 494 1913 530 πράγ-

1084 548 1164 573 ματα,
1180 539 1224 564 καί
1259 539 1309 576 ἥγε
1334 538 1368 565 τὰ
1392 538 1479 565 πάντα
1503 537 1556 574 ὅπη
1589 540 1621 573 ἦν
1647 538 1722 574 αὐτῷ
1746 538 1815 574 πρὸς
1847 539 1913 576 βοῦ-

1083 581 1147 616 λῆς,
1171 583 1214 610 καὶ
1243 583 1280 614 εἷς
1306 583 1356 617 τὴν
1382 585 1431 610 τοῦ
1460 583 1593 620 Καίσαρος
1623 580 1784 618 ἀναϐεϐήκει
1811 583 1911 619 τιμήν,

1082 627 1126 654 καὶ
1151 627 1237 663 ἑαυτῷ
1273 628 1323 661 τὴν
1365 627 1504 664 βασιλείαν
1542 627 1652 664 ἐμνᾶτο,
1690 627 1735 655 καὶ
1769 627 1912 663 εὐκαιρίαν

1083 671 1182 708 ἐζήτει,
1196 671 1233 698 ’ίν’
1262 672 1346 707 αὐτῆς
1370 671 1546 709 ἐπιτεύξοιτο.
1571 671 1655 701 Οὐδὲν
1684 671 1711 699 δέ
1735 673 1760 699 οἱ
1781 671 1912 709 εἷ’ργαστο

1083 716 1194 753 ἀγαθὸν,
1223 716 1240 750 ἦ
1267 717 1298 743 τὸ
1326 719 1379 744 τῶν
1407 716 1495 754 λόγων
1517 716 1645 755 φροντίδα
1670 717 1759 748 θέσθαι
1786 716 1912 751 πολλήν.

1084 760 1224 796 Ἠμὲλητο
1243 761 1293 798 γὰρ
1308 761 1341 788 τὰ
1352 764 1402 796 τῆς
1418 759 1590 799 φιλυσόιρίας,
1610 761 1654 788 καὶ
1678 758 1782 796 ἀπέσϐη
1809 760 1912 798 σχεδὸν

1084 804 1121 835 εἷς
1149 804 1179 831 τὸ
1212 805 1354 839 παντελὲς,
1383 805 1420 836 ὡς
1441 804 1505 842 μηδ’
1521 805 1641 842 ἴναυσμά
1651 817 1677 833 τι
1699 805 1912 842 περιλειφθῆναι

1084 849 1178 886 αὐτῇς.
1195 851 1282 877 Τοῦτο
1297 849 1326 876 δὲ
1340 851 1357 884 ἡ
1379 852 1432 876 τῶν
1458 850 1629 887 κρατούντων
1653 849 1775 888 εἷ’ργαστο
1799 849 1911 888 ἀλογία.

1084 894 1114 922 Ὁ
1142 893 1170 921 δὲ
1203 894 1247 921 καὶ
1269 892 1407 930 διατριϐὰς
1444 894 1541 932 ἑκάστῃ
1571 894 1690 933 ἀφώρισε
1714 896 1767 922 τῶν
1796 894 1913 929 ἐπιστη-

1045 957 1069 990 Β
1087 939 1156 975 μῶν,
1171 939 1216 966 καὶ
1232 937 1411 970 διδασκάλους
1425 938 1627 976 προύστήσατο,
1647 939 1692 966 καὶ
1718 939 1837 974 σιτήσεις
1865 938 1913 975 δη-

1144 983 1148 990 ,
1235 983 1240 990 ,
1313 983 1319 990 .
1352 984 1357 990 ,
1447 983 1488 990 .,
1618 983 1657 990 ..
1705 986 1718 990 ..
1776 982 1795 990 ι.
1850 984 1855 990 .

1087 983 1182 1019 μοσίας
1195 983 1298 1011 τούτων
1313 983 1417 1019 ἑκάστῳ
1442 983 1594 1019 ἀπένειμινθ
1616 983 1659 1011 ἐπὶ
1683 986 1748 1011 πᾶσι
1774 982 1802 1010 δὲ
1824 984 1911 1020 μέγαν

1085 1028 1129 1055 καὶ
1159 1028 1249 1055 κοινὸν
1275 1029 1345 1064 (47“)
1368 1027 1530 1055 διδάσκαλον
1552 1027 1727 1066 ἐγκατέστησε
1750 1028 1796 1055 τὸν
1824 1027 1910 1062 φιλό-

1085 1083 1167 1111 σοφον
1191 1073 1301 1107 Λέοντα,
1329 1072 1360 1099 οὗ
1383 1072 1463 1104 κλέος
1489 1072 1532 1100 ἐπὶ
1557 1073 1638 1112 σοφίᾳ
1661 1072 1743 1106 πολὺ,
1764 1073 1794 1103 ὃς
1808 1072 1911 1108 καὶτῷ

1087 1116 1194 1154 βασιλεῖ
1214 1117 1340 1154 Θεοφίλῳ
1354 1118 1463 1155 γέγονεν
1481 1116 1588 1153 ἔντιμος
1610 1117 1640 1144 ἐκ
1663 1116 1765 1155 τρόπου
1788 1116 1911 1144 τοιοῦδε.

1085 1161 1204 1189 Πολλῶν
1232 1161 1305 1197 αὑτῷ
1335 1163 1471 1196 φοιτητῶν
1496 1159 1591 1196 ὅντων,
1621 1160 1667 1188 ἕνα
1691 1159 1788 1196 συνέϐη
1805 1161 1913 1188 τούτων

1085 1207 1154 1233 κατὰ
1168 1207 1218 1240 τήν
1233 1206 1317 1241 Ἑῲαν
1342 1202 1560 1241 ἀποδημήσαντα
1587 1209 1645 1238 τοῖς
1673 1209 1841 1244 Σαρακηνοῖς
1867 1216 1913 1243 γε-

1085 1250 1174 1282 νέσθαι
1205 1249 1358 1286 ἁλώσιμον,
1387 1250 1416 1281 ὃς
1444 1251 1478 1277 τὰ
1509 1254 1558 1285 τῆς
1586 1251 1753 1288 γεωμετρίας
1785 1250 1914 1287 μεμύητο

1086 1292 1217 1332 ἀκριϐῶς,
1243 1295 1287 1322 καί
1314 1294 1391 1328 οὗτος
1417 1297 1471 1322 τῶν
1502 1295 1575 1332 παρά
1597 1297 1656 1325 τοῖς
1688 1292 1836 1333 βαρϐάροις
1852 1294 1915 1322 ἐπι-

1087 1340 1182 1376 σήμων
1207 1339 1260 1367 τινὶ
1290 1337 1428 1367 δουλεύειν
1458 1339 1654 1376 ἀπονενέμητο.
1681 1341 1730 1368 Ἦν
1761 1338 1784 1367 δ’
1809 1340 1823 1367 ὁ
1846 1340 1913 1368 τότε

1085 1387 1138 1412 τῶν
1158 1384 1188 1412 ἐκ
1209 1387 1259 1418 τῆς
1281 1385 1367 1422 ’Ἅγαρ
1391 1385 1566 1421 προεστηκὼς
1591 1384 1759 1423 φιλολογων,
1793 1384 1838 1411 καὶ
1871 1395 1914 1424 φι-

1088 1429 1213 1468 λοσόφων
1237 1428 1422 1467 θεωρημάτων
1445 1428 1583 1465 ἐπιμελῶς
1606 1429 1794 1466 ἀκροώμενος,
1821 1428 1911 1456 πλέον

1087 1472 1116 1501 δὲ
1130 1476 1183 1501 τῶν
1208 1473 1299 1501 ἄλλων
1315 1476 1374 1504 ταῖς
1400 1476 1597 1511 γεωμετρικαῖς
1624 1470 1749 1510 μεθόδοις
1779 1473 1911 1511 προσκεί-

1089 1517 1305 1557 μενος.¹Ειροίτα
1331 1516 1359 1545 δὲ
1386 1518 1430 1545 καὶ
1457 1518 1471 1544 ὁ
1495 1520 1543 1545 τοῦ
1567 1518 1749 1555 αἰχμαλώτου
1776 1516 1914 1552 δεσπότης

1087 1563 1159 1601 παρὰ
1183 1563 1215 1590 τὸ
1239 1562 1430 1600 ἀκροατήριον,
1454 1562 1498 1589 καί
1522 1573 1589 1589 ποτε
1615 1561 1689 1598 αὖτῷ
1711 1562 1756 1589 καὶ
1771 1562 1784 1589 ὁ
1804 1562 1912 1600 αἰχμά-

1088 1607 1177 1638 λωτος
1206 1606 1307 1640 sinam,
1334 1606 1379 1634 καὶ
1420 1609 1474 1634 τῶν
1511 1605 1691 1634 διδασκόντων
1716 1606 1844 1642 ἀκούσας,
1866 1607 1912 1634 καὶ

1088 1653 1218 1690 σχήματα
1239 1651 1350 1682 τούτους
1377 1649 1441 1678 ἰδὼν
1468 1650 1696 1688 διαχαράττοντας
1726 1651 1911 1689 γεωμετρικὰ,

1086 1697 1175 1735 ἀρχήν
1208 1707 1237 1723 τε
1275 1696 1373 1726 παντὸς
1411 1696 1442 1723 τὸ
1467 1695 1598 1733 τρίγωνον
1638 1695 1703 1722 εἶναι
1735 1693 1912 1725 διδάσκοντας

1087 1742 1242 1778 σχήματος,
1269 1741 1338 1767 ὥστε
1362 1739 1386 1775 ἐξ
1413 1739 1495 1766 αὐτοῦ
1520 1740 1587 1766 ἅπαν
1612 1743 1709 1776 σχῆμα
1725 1738 1911 1773 συνίστασθαι,

1086 1786 1130 1813 καὶ
1148 1786 1186 1817 εἷς
1212 1785 1277 1812 αὐτὸ
1300 1784 1472 1820 ἀναλύεσθαι,
1502 1784 1547 1811 καὶ
1572 1784 1609 1814 ὡς
1633 1783 1739 1811 πάντων
1766 1783 1780 1810 ὁ
1810 1782 1912 1814 κύκλος

1087 1833 1138 1858 τῶν
1154 1829 1367 1868 ἷσοπεριμέτριυν
1384 1829 1458 1865 αὖτῷ
1471 1828 1516 1856 καὶ
1543 1827 1711 1865 ίσοπλεύρων
1738 1827 1793 1855 ἐστὶ
1823 1827 1912 1855 πολυ‹

1087 1875 1290 1913 χωρητότερος,
1317 1873 1361 1901 καὶ
1389 1872 1462 1900 ἀλλὰ
1489 1875 1609 1900 τοιαῦτα·
1641 1871 1723 1911 ἤρετο
1737 1873 1781 1900 τὸν
1814 1872 1910 1899 ἑαυτοῦ

1086 1912 1179 1956 κύριον
1197 1920 1210 1946 ὁ
1241 1912 1431 1956 αἰχμάλωτος,
1459 1917 1481 1945 εί
1503 1917 1618 1945 πύθοιτο
1644 1919 1698 1945 τῶν
1727 1915 1910 1950 διδασκάλων,

1087 1965 1148 2002 περὶ
1164 1965 1200 1990 ὧν
1220 1962 1384 1990 διδάσκουσιι
1411 1961 1456 1989 καὶ
1489 1962 1518 1993 ὃς
1546 1961 1698 1999 ἐπέτρεψεν.
1729 1963 1758 1990 Ὁ
1787 1961 1817 1989 δὲ
1847 1961 1911 1992 τοὺς

1088 2009 1186 2046 λόγους
1209 2009 1263 2034 τῶν
1292 2006 1492 2043 διδασκομένων
1529 2007 1657 2042 ἐζήτησεν
1689 2006 1834 2045 σαφηνίσαι
1867 2006 1912 2033 αὗ-

1086 2053 1160 2084 τούς.
1177 2052 1210 2081 O'i
1226 2051 1247 2079 δ’
1263 2051 1384 2089 ἠπόρουν
1399 2052 1467 2089 πρὸς
1483 2054 1574 2086 τοῦτο,
1597 2051 1642 2079 καὶ
1663 2052 1676 2078 ὁ
1701 2051 1828 2089 ἀρχηγὸς
1855 2053 1908 2077 τῶν

1089 2099 1255 2136 ⁷Δγαρηνῶν,
1282 2095 1538 2134 προσκαλεσάμενος
1567 2097 1611 2123 τὸν
1642 2095 1843 2134 αἰχμάλωτον,
1873 2095 1910 2123 Σὺ

1089 2141 1122 2170 δι’
1139 2141 1201 2179 ἔφη,
1219 2141 1310 2169 δύναιο
1327 2140 1357 2168 ἃν
1386 2139 1533 2168 ἀποδοῦναι
1555 2140 1620 2172 τοὺς
1647 2139 1747 2178 λόγους
1779 2140 1911 2175 τούτους;

1086 2187 1209 2217 κάκεῖνος
1235 2187 1371 2218 κατέθετο.
1404 2186 1508 2214 Οὐκοῦν
1539 2184 1627 2221 λέξον,
1654 2185 1725 2214 εἶπε.
1751 2185 1802 2213 Καὶ
1832 2185 1912 2222 ἀρξά-

1089 2242 1169 2268 μενος
1183 2232 1196 2258 ὁ
1210 2229 1389 2269 αἰχμάλωτος
1409 2229 1566 2268 ἐσαφήνιζεν
1588 2228 1711 2264 ἵκαστον,
1736 2229 1781 2257 καὶ
1809 2228 1912 2266 λόγους

1087 2274 1226 2309 ἀπεδίδου,
1242 2275 1286 2302 καὶ
1315 2275 1361 2305 τὰς
1390 2274 1478 2306 αἰτίας
1503 2274 1640 2312 κατέλιγε.
1668 2274 1717 2301 Καὶ
1745 2274 1770 2301 οἱ
1797 2273 1910 2301 ἀκούον-

211 2318 451 2353 communicaret,
466 2319 579 2354 captivo
607 2319 767 2348 liberaliter
786 2324 815 2349 et
834 2322 958 2358 benigne
973 2325 1031 2350 tra-

1086 2331 1128 2351 τες
1146 2320 1171 2347 ἐν
1188 2319 1289 2347 συνέσει
1305 2321 1358 2346 τῶν
1383 2318 1538 2356 λεγομὲνων
1559 2319 1691 2357 ἐγίνοντο,
1713 2319 1758 2346 καὶ
1784 2318 1909 2356 ὀξύτερον

211 2363 300 2396 ctato,
317 2362 353 2389 ad
369 2362 453 2390 illum
478 2364 667 2399 perferendas
688 2366 785 2394 tradit.
802 2369 839 2393 At
854 2367 909 2395 Leo
925 2367 1034 2395 veritus

211 2414 246 2433 ne
260 2406 290 2434 in
314 2407 425 2435 crimen
440 2408 561 2443 veniret,
579 2409 615 2436 ob
639 2410 746 2437 missas
762 2411 797 2438 ab
813 2411 896 2439 hoste
910 2412 1032 2445 litterae,

211 2450 368 2486 epistolam
395 2460 500 2480 cursus
527 2452 680 2489 logothetae
701 2455 800 2488 tradit,
817 2456 929 2491 captivo
945 2457 1033 2484 etiam

210 2495 347 2530 adducto,
364 2496 418 2532 qui
441 2501 648 2534 argumentum
664 2499 727 2533 ejus
742 2503 908 2536 exponeret.
925 2503 964 2528 Ex
981 2501 1034 2528 hoc

210 2539 371 2575 Theophilo
396 2540 533 2575 innotuit,
550 2545 578 2569 et
602 2543 753 2571 beneﬁciis
768 2544 896 2579 affectus,
919 2545 1034 2580 publice

209 2584 313 2612 docere
323 2584 428 2619 jussus
445 2586 490 2612 est
503 2594 508 2612 ε
523 2589 588 2620 post
603 2586 689 2614 etiam
707 2587 920 2616 Thessalonicae
937 2589 1033 2624 ponti-

209 2628 255 2655 fex
278 2629 463 2664 designatus.
493 2629 599 2658 Verum
625 2631 786 2667 Theophilo
811 2635 937 2667 mortuo,
958 2633 1034 2661 inter

209 2675 328 2702 caeteros
344 2674 552 2703 Iconomachos
563 2677 758 2711 pontiiices,et
770 2677 833 2713 ipse
844 2678 879 2705 ob
891 2678 1033 2706 honorem

1089 2363 1239 2392 ἐπέϐαλλον
1268 2367 1326 2395 τοῖς
1356 2364 1524 2402 θεωρήμασι,
1553 2363 1598 2391 καὶ
1627 2363 1714 2403 σφίσιν
1731 2363 1866 2400 ηὐρύνετο
1892 2364 1909 2398 ἡ

1089 2408 1204 2444 διάνοια,
1220 2409 1263 2436 καὶ
1293 2409 1338 2436 τὸν
1368 2407 1450 2447 ἄνθρα
1479 2408 1641 2445 ἐθαύμαζον,
1671 2408 1786 2446 ἠρώτων
1816 2418 1856 2444 τι,
1887 2407 1910 2435 εἰ

1087 2454 1132 2481 καὶ
1148 2452 1249 2485 ἄλλους
1266 2452 1323 2491 ἔχει
1337 2454 1354 2488 ἡ
1374 2452 1661 2484 Κωνσταντινούπολις
1690 2452 1832 2483 τοιούτους
1846 2462 1852 2487 ;
1881 2453 1910 2480 '0

1089 2498 1128 2532 δὲ,
1159 2498 1299 2533 Πολλοὺς,
1337 2497 1400 2536 ἔφη,
1434 2497 1572 2536 κρείντους
1602 2497 1670 2534 ἐμοῦ
1698 2497 1837 2532 κέκτηται,
1866 2495 1912 2524 ἕνα

1089 2543 1117 2571 δὲ
1145 2546 1197 2571 τῶν
1234 2544 1360 2570 ἁπάντων
1390 2541 1570 2570 διδάσκαλον·
1608 2540 1691 2580 ἄνδρα
1719 2542 1745 2570 ἰν
1773 2543 1832 2573 τοῖς
1860 2545 1911 2576 τῆς

1089 2587 1252 2628 φιλοσοφίας
1292 2587 1389 2624 λόγοις
1429 2587 1507 2614 παντὶ
1551 2585 1766 2625 ἀπαράμιλλον.
1809 2587 1912 2624 Ἔρωτι

1087 2633 1176 2661 τοίνυν
1205 2632 1321 2662 ἀκούσας
1346 2631 1430 2659 ταύτα
1466 2632 1480 2659 ὁ
1515 2634 1569 2659 τῶν
1604 2632 1761 2669 Ἀγαρηνῶν
1789 2631 1912 2669 ἀρχηγὸς

1091 2678 1164 2706 ἑάλω
1191 2679 1240 2704 τοῦ
1266 2675 1428 2703 διδασκάλου
1457 2675 1570 2712 ἐκείνου,
1600 2676 1644 2704 καὶ
1674 2675 1760 2704 ἐλθεῖν
1790 2675 1912 2712 ἱμείρετο

847 2742 949 2773 Variae
964 2742 1114 2774 lectiones
1130 2746 1161 2774 et
1175 2744 1269 2773 notae.

247 2797 317 2833 (47f)
334 2797 439 2827 Κοινόν.
458 2799 537 2827 Infra
552 2799 587 2827 de
602 2800 703 2828 eodem
729 2800 840 2828 Leone:
868 2801 971 2827 Τοῦτον
987 2800 1032 2828 οὗν

210 2831 344 2872 ὁίξᾴρδας
372 2833 547 2872 σχολάζοντα
577 2834 710 2872 ερρηκὼς,
739 2838 792 2862 τῶν
823 2834 929 2863 λοιπῶν
961 2835 1032 2863 διδα-

209 2867 316 2898 σκάλων
334 2867 456 2898 ἐπὲκὲινα
471 2867 554 2907 ἔταξε.
581 2867 640 2899 cur
660 2867 727 2899 vero
741 2871 788 2908 ita
812 2872 937 2908 dicatur,
967 2873 1032 2902 vide

1088 2802 1164 2837 apud
1182 2800 1377 2837 continuator.
1394 2800 1582 2836 Theophanis
1595 2800 1647 2829 lib.
1664 2809 1702 2835 1v,
1728 2809 1756 2827 n.
1785 2799 1831 2837 29,
1861 2798 1912 2826 ubi

1088 2835 1181 2866 multa
1196 2837 1231 2864 de
1247 2835 1300 2863 hoc
1317 2836 1422 2873 LeOne,
1435 2835 1521 2873 cujus
1536 2844 1624 2872 opera
1648 2836 1729 2865 varia
1747 2835 1911 2864 mathema-

1088 2874 1146 2902 tica
1161 2873 1307 2901 habentur
1317 2871 1348 2900 in
1361 2872 1436 2901 Bibl.
1453 2871 1612 2901 Cblbertea.
