2024 3167
97 181 141 211 49
752 176 957 208 ANNALIUM
979 176 1052 207 LIB.
1077 176 1158 207 XVI.
1771 174 1812 205 50

96 244 131 275 Ὀ
152 245 190 283 δὲ,
218 247 364 284 περίεργος
393 244 441 280 ὢν,
459 244 534 282 δόλῳ
557 245 603 272 τὸν
626 244 697 282 ῥῆγα
714 243 883 280 μετέρχεται.
900 242 929 269 '0

986 242 1108 271 admissi
1124 242 1263 271 facinoris
1280 242 1393 270 veniam
1410 249 1427 270 a
1441 248 1506 277 rege
1521 239 1641 276 precati,
1662 239 1813 275 suppetias

101 292 152 328 μὲν
181 291 232 328 γὰρ
339 292 387 326 τήν
418 301 447 318 τε
471 289 583 325 Καπύην
617 288 662 317 καὶ
689 289 740 323 τήν
768 285 927 316 Βενεϐενδὸν

99 336 150 367 τὰς
180 335 275 366 πόλεις
301 336 358 363 νέον
383 335 552 371 κτησάμενος
577 332 704 361 ἐδεδοίκει
740 333 800 370 περὶ
830 331 927 368 αὐτῶν,

103 381 143 418 μή
183 391 250 408 ποτε
287 384 336 415 τῆς
371 379 525 416 ἐλευθερίας
561 379 813 414 ἀντιποιήσωνται.
841 377 870 405 Ὀ
901 375 929 404 δὶ

101 423 247 463 Βάρῦαρος
273 425 372 455 ἐκεῖνος
399 425 473 452 τοῦτ’
499 423 622 462 ἐγνωκὼς
648 423 772 460 πρόσεισι
795 424 834 458 τῷ
851 421 927 460 ῥηγῖ,

101 469 150 497 καί
171 479 262 508 φησιν·
291 469 321 498 El
348 468 444 507 βούλει
467 468 510 496 σοὶ
534 469 585 503 τὴν
609 470 663 495 τῶν
688 467 796 495 πόλεων
825 466 928 493 τούτων

101 513 194 552 ἀρχὴν
239 511 348 551 βεϐαίαν
389 515 529 550 προσεῖναι
561 535 568 548 ,
612 511 678 543 τοὺς
720 510 927 549 λογιμωτέρους

100 561 157 586 τῶν
187 558 212 586 ἐν
241 558 335 590 αὐταῖς
377 558 477 596 μέτα-(ε
515 556 642 595 ἀλλαχοῦ
659 579 666 592 ,
693 556 738 584 καὶ
776 556 864 583 οὐκέτι
897 556 929 583 τὸ

100 602 213 638 πλῆθος
238 603 297 630 καθ’
328 602 406 630 ἑαυτὸ
435 602 557 640 γεγονὸς,
592 601 667 629 οὐδὲν
705 601 834 640 φρονήσει
862 600 930 627 νεώ-

99 657 192 684 τερον.
211 647 391 675 Συνοίσουσαν
420 647 466 674 οὗν
496 647 546 681 τὴν
572 643 731 683 συμϐουλὴν
761 646 775 672 6
870 644 930 680 οἰη-

102 693 171 728 θεῐς,
187 689 261 724 ἔθετο
275 695 316 728 τῷ
343 694 447 728 σκοπῷ,
476 691 522 718 καὶ
547 691 712 730 ἀσυμφανῶς
736 688 822 726 δεσμὰ
846 688 930 727 ἐχαλ-

102 737 232 766 κιύοντυ.
256 738 323 766 Εἶτα
347 736 391 764 καὶ
415 739 473 767 τοῖς
499 735 606 773 έξόχοις
626 737 679 763 τῶν
705 734 730 762 ἐν
743 737 804 766 ταῖς
818 732 929 762 πόλεσιν

103 780 206 818 ὡμίλει
223 781 236 808 6
252 781 374 818 πονηρὸς
390 780 492 812 ἐκεῖνος
515 781 594 817 ἀνὴρ,
608 779 652 807 καὶ
670 779 759 818 ὥσπερ
784 779 930 818 φιλικώτε-

103 836 152 863 ρον
168 824 360 863 προσεφέρετο,
384 825 430 852 καὶ
455 824 481 852 ἐν
508 824 677 863 ἀπορρήτοις
694 824 765 862 λέγει
786 824 877 855 αὐτοῖς
893 823 930 855 ὡς

103 871 118 898 ὁ
136 870 185 909 ῥῆξ
204 869 331 907 βούλεται
346 869 410 901 τοὺς
425 869 656 907 ἀξιολογωτέρους
671 871 724 897 τῶν
738 869 859 896 πολιτῶν
879 868 930 896 ὑπὸ

104 913 218 951 δεσμοῖς
233 915 418 951 ποιησάμενος
445 913 484 946 εἷς
506 914 555 948 τήν
582 914 677 941 ἑαυτοῦ
702 914 795 951 χώραν
814 923 931 950 μεταγα-

101 962 170 997 γεῖν,
187 959 232 986 καὶ
247 960 349 993 πίστις,
363 957 425 998 ἔφη,
437 961 491 986 τῶν
508 957 598 996 λόγων
613 958 644 985 τὸ
659 959 706 990 τὰς
721 957 847 996 σιδηρέας
862 957 931 985 ἀλύ-

105 1014 162 1034 σεις
183 1002 327 1042 χαλκεύειν
339 1004 385 1030 καὶ
401 1002 577 1041 χειροπέδας,
592 1002 636 1030 καὶ
653 1001 725 1030 ἄλλα
741 1001 835 1039 δεσμά.
847 1005 931 1029 Τοῦτο

105 1047 196 1076 τοίνυν
211 1047 307 1075 ἐκεῖνοι
322 1047 420 1082 ἀληθὲς
437 1047 591 1084 εὑρηκότες,
608 1047 710 1074 εὐνοεῖν
740 1046 832 1078 αὐτοῖς
852 1046 930 1074 αὐτὸν

108 1091 289 1130 ὑπειλήφασι,
314 1092 358 1119 καὶ
383 1091 516 1127 ἐξελθόντι
541 1091 608 1130 πρὸς
631 1091 792 1128 κυνηγέσιον
813 1093 852 1126 τῷ
867 1090 932 1129 ῥηγὶ

104 1137 154 1168 τάς
169 1135 258 1168 πύλας
276 1138 331 1163 τῶν
346 1135 453 1164 πόλεων
471 1135 650 1173 ἐπεζόγωσαν,
665 1135 710 1163 καὶ
726 1135 814 1163 οὐκέτι
838 1137 934 1162 τοῦτον

105 1180 181 1212 ἐντὸς
210 1179 382 1216 εἴσεδέξαντο.
414 1180 462 1208 Καὶ
491 1181 505 1208 6
534 1181 581 1217 μὲν
605 1179 711 1215 ἀπῆλθε
735 1180 804 1217 πρὸς
829 1179 932 1207 ἑαυτόν*

107 1226 121 1253 6
138 1224 167 1253 δὲ
194 1224 341 1256 σουλδάνος
370 1224 442 1262 παρὰ
469 1227 523 1252 τῶν
548 1223 669 1252 πολιτῶν
693 1223 798 1252 ἐκείνων
827 1224 933 1261 ἀντιμι-

105 1270 183 1298 σθίαν
207 1269 302 1308 εὕρατο
326 1269 376 1304 τήν
403 1268 568 1307 ἐλευθερίαν.
596 1269 736 1301 Ἀπελθὼν
764 1268 808 1296 οὖν
824 1269 867 1296 καὶ
884 1269 933 1304 τὴν

106 1315 239 1353 προτέραν
265 1315 353 1352 ἀρχὴν
378 1313 455 1345 αὖθις
479 1313 740 1351 κατακτησάμενος,
764 1313 932 1352 έκιπρατεύει

105 1360 176 1387 κατᾶ
202 1361 257 1386 τῶν
286 1359 437 1396 εἰρημένων
468 1358 576 1386 πόλεων
612 1359 662 1393 τῆς
690 1368 720 1385 τε
749 1358 860 1393 Καπύης
887 1358 933 1385 καὶ

105 1407 156 1439 τῆς
181 1401 353 1432 Βενεϐενδοῦ.
384 1403 415 1431 Οἳ
444 1402 483 1437 δὲ,
513 1405 546 1440 τῇ
573 1402 722 1439 πολιορκίᾳ
749 1402 931 1439 πιεζόμενοι,

108 1448 253 1476 στέλλουσι
286 1449 354 1486 πρὸς
383 1448 428 1476 τὸν
458 1449 550 1486 Ῥῆγα,
579 1448 806 1485 συγγνωμονῆσαί
833 1457 931 1486 σφισι,

106 1494 152 1521 καὶ
168 1496 351 1531 συμμαχῆσαι
367 1493 474 1531 Θερμῶς
501 1492 696 1529 ἐξαιτούμενοι.
717 1492 761 1520 Ὧς
784 1491 806 1519 δ’
832 1490 932 1522 ἐκεῖνος
952 1524 956 1529 1

106 1539 157 1572 τήν
181 1535 324 1575 πρεσϐείαν
353 1538 385 1564 οὐ
405 1537 581 1574 προσήκατο,
606 1535 759 1574 ἐπιχαίρειν
789 1536 871 1563 εἰπὼν
898 1537 933 1570 τῆ

108 1581 234 1617 ἀπωλείᾳ
249 1582 350 1616 αὐτῶν,
366 1581 434 1619 πρὸς
461 1581 507 1608 τὸν
539 1579 652 1618 βασιλέα
680 1580 820 1609 Βασίλειον
842 1580 931 1618 ἑτέραν

108 1623 251 1664 πρεσϐείαν
278 1625 436 1662 έστάλκασι,
467 1624 684 1662 παρακαλοῦντες
714 1624 844 1663 ἐπαρῆξαι
871 1624 934 1652 αὖ-

108 1674 167 1702 τοῖς
185 1669 379 1699 κινδυνεύουσι.
396 1671 443 1698 Καὶ
469 1670 499 1701 ’ὸς
522 1670 665 1707 ὑπέσχετο,
679 1669 724 1697 καὶ
740 1670 753 1697 ὁ
768 1668 937 1707 πρεσϐευτὴς

109 1715 222 1753 ἐπανῄει
244 1715 350 1754 θαρῥεῐν
376 1715 570 1754 παρεγγυήσων
592 1717 652 1746 τοῖς
682 1713 864 1751 συμπολίταις
889 1713 936 1742 αὐ-

107 1762 168 1789 τοῦ.
184 1759 274 1788 Ἑάλω
290 1759 313 1788 δ’
329 1760 380 1788 ὑπὸ
395 1760 448 1788 τῶν
473 1759 627 1796 πολεμίων,
647 1759 692 1787 καὶ
710 1759 802 1796 μαθὼν
820 1760 833 1787 ὁ
849 1758 934 1787 σουλ-

109 1803 188 1837 δάνος
205 1805 258 1840 ὅπη
274 1815 304 1833 τε
319 1806 364 1841 ἦν,
390 1804 434 1832 καὶ
460 1805 505 1832 οἷα
528 1804 636 1841 κομίζει
661 1806 720 1835 τοῖς
744 1804 836 1834 ἀστοῖς
852 1804 931 1842 εὐαγ-

105 1848 196 1888 γέλια,
225 1849 292 1889 φησὶ
319 1849 388 1887 πρὸς
414 1849 506 1877 αὐτόν·
537 1848 571 1877 Εἴ
596 1850 643 1885 ζῇν
672 1847 774 1880 ἐθέλεις
790 1869 797 1882 ,
824 1848 930 1886 ἀπαγο-

102 1897 196 1932 ρεῦσαι
224 1894 270 1922 τὸν
312 1893 424 1931 βασιλέα
451 1894 501 1929 τὴν
537 1893 698 1930 συμμαχίαν
727 1895 786 1924 τοῖς
821 1892 930 1929 πέμψα-

100 1938 126 1966 σί
155 1949 184 1966 σε
209 1937 377 1976 ἀπάγγειλον
416 1938 446 1965 ἐκ
472 1937 521 1965 τοῦ
549 1937 660 1975 τείχους
699 1936 900 1974 προκόπτουσιν
919 1957 925 1964 .

99 1982 132 2011 Εἰ
162 1983 213 2021 γὰρ
246 1983 283 2020 μὴ
310 1982 381 2011 οὕτω
409 1983 546 2018 ποιήσεις,
577 1981 630 2009 ἴσθι
659 1981 756 2009 αὐτίκα
781 1980 814 2016 δὴ
830 1987 925 2017 τεθνη-

984 288 1039 316 sibi
1057 288 1124 316 ferri
1140 288 1223 316 enixe
1244 290 1356 324 petunt.
1373 287 1428 314 Sed
1445 289 1477 313 ut
1492 285 1552 318 ille,
1568 284 1722 321 repudiata
1733 283 1813 320 lega-

984 332 1072 366 tione,
1093 341 1124 360 se
1149 332 1268 360 interitu
1291 331 1410 359 illorum
1432 330 1523 358 laetari
1551 329 1647 360 dixit;
1663 329 1699 356 ad
1719 328 1813 364 impe-

984 379 1109 404 ratorem
1139 377 1279 405 Basiliam
1306 377 1363 404 alia
1395 374 1541 411 legatione
1570 374 1671 406 missa,
1698 375 1730 401 ut
1755 371 1812 400 sibi

984 421 1219 457 periclitantibus
1235 421 1413 454 subveniret,
1430 429 1495 448 cum
1516 419 1630 455 legatus
1645 416 1812 454 impetratis

988 465 1104 494 auxiliis
1126 466 1243 500 rediret,
1270 466 1345 494 cives
1365 474 1434 494 suos
1449 464 1534 492 bonis
1549 463 1657 492 animis
1673 470 1737 491 esse
1748 462 1812 497 jus~

984 519 1071 539 surus
1088 520 1097 539 :
1114 513 1216 547 captus
1231 513 1275 540 cst
1296 511 1331 539 ab
1347 510 1493 543 hostibus,
1509 518 1542 538 ex
1564 517 1622 545 quo
1639 516 1705 536 cum
1721 507 1812 536 sulta-

984 564 1040 583 nus
1069 555 1262 592 cognovisset,
1292 555 1368 583 unde
1391 554 1513 589 veniret,
1542 555 1571 582 et
1592 561 1682 589 quam
1710 551 1811 580 laetum

984 600 1096 628 civibus
1121 599 1258 628 nuntium
1283 600 1410 633 afferret,
1432 599 1472 627 ait
1495 598 1544 626 ille
1568 606 1576 627 :
1604 597 1634 626 Si
1655 598 1745 625 vivere
1765 605 1812 625 υσ-

984 644 1078 679 lueris,
1095 645 1151 673 tui:
1166 645 1201 673 de
1216 653 1299 673 muro
1321 643 1556 680 prospectantibus
1570 643 1738 676 renuntiato,
1757 643 1812 670 im-

980 691 1139 725 peratorem
1153 690 1264 717 auxilia
1279 697 1402 725 negasse.
1420 687 1494 723 Quod
1518 688 1549 715 m'
1573 687 1684 724 feceris,
1701 691 1726 715 te
1740 695 1754 715 ε
1768 695 1813 714 vs-

983 735 1064 770 :tz'gio
1081 735 1250 762 moriturum
1274 735 1350 762 scito.
1375 732 1516 761 Promisit
1539 730 1588 759 ille
1617 739 1648 759 se
1667 731 1813 759 facturum

985 779 1233 814 quemadmodum
1254 779 1418 814 juberetur,
1432 779 1461 805 et
1483 776 1602 804 vinctus
1626 777 1726 803 astans
1747 776 1815 802 ante

986 823 1103 856 moenia,
1120 824 1190 850 dum
1207 831 1238 851 se
1254 823 1429 859 legationem
1448 821 1568 854 obiisse,
1585 823 1614 848 et
1625 819 1731 847 auxilia
1751 821 1813 847 sta-

984 867 1037 895 tim
1054 867 1090 894 ab
1105 867 1280 903 imperatore
1291 868 1413 894 ventura
1425 865 1505 899 dicit,
1517 864 1624 900 gladiis
1639 864 1812 892 dissecatur.

985 911 1125 940 Sultanus
1153 920 1220 940 vero
1256 911 1375 939 urbium
1405 909 1620 946 expugnatione
1648 908 1812 944 desperata,

987 956 1116 984 recessit.
1133 956 1214 984 Tarsi
1227 964 1344 992 qiioque
1359 957 1479 983 Ameras
1490 955 1598 982 Esman
1614 961 1681 981 cum
1698 952 1813 989 magnis

987 1001 1121 1036 navigiis,
1152 1009 1215 1036 quae
1242 1000 1366 1036 Agareni
1389 999 1548 1036 Cumparia
1570 999 1682 1034 vocant,
1699 997 1813 1033 Euripi

988 1045 1089 1073 urbem
1110 1053 1278 1081 aggressus,
1304 1043 1378 1072 nihil
1400 1043 1504 1078 effecit,
1521 1043 1570 1072 sed
1586 1045 1614 1071 et
1627 1042 1691 1079 ipse
1715 1041 1815 1070 letbali

988 1092 1106 1125 accepto
1125 1089 1244 1117 vulnere
1269 1089 1365 1125 periit,
1381 1091 1410 1117 et
1434 1088 1562 1116 maxima
1581 1096 1649 1124 pars
1672 1086 1815 1115 exercitus

987 1133 1078 1162 illius.
1093 1134 1182 1161 Creta
1206 1142 1292 1170 porro
1313 1133 1449 1170 princeps
1470 1133 1539 1161 Saet
1562 1132 1727 1169 Apochaps,
1743 1131 1817 1159 Pho-

987 1178 1060 1206 tium
1076 1179 1173 1206 virum
1189 1180 1342 1206 strenuum
1359 1178 1442 1206 alteri
1458 1177 1546 1206 classi
1572 1186 1589 1206 a
1616 1185 1647 1205 se
1670 1176 1818 1204 instructa

988 1222 1127 1259 praefecit,
1144 1223 1195 1259 qui
1216 1225 1245 1251 et
1261 1223 1346 1260 Δεῖεωί
1362 1223 1452 1252 moris
1477 1231 1570 1256 oram,
1596 1223 1624 1251 et
1639 1221 1752 1250 insulas
1768 1229 1819 1258 po-

988 1268 1156 1304 pulabatur.
1173 1268 1224 1296 Cui
1241 1277 1307 1296 cum
1324 1269 1455 1296 Romana
1480 1267 1593 1302 classis,
1610 1267 1696 1303 cujus
1711 1275 1815 1295 navar-

987 1313 1060 1341 chus
1093 1315 1157 1341 erat
1189 1312 1292 1341 classis
1322 1313 1501 1349 drungarius
1527 1312 1668 1349 patricius
1698 1311 1816 1340 Nicetes

987 1358 1149 1394 Ooryphas,
1165 1357 1341 1386 occurrisset
1358 1366 1364 1386 ε
1381 1357 1490 1385 multas
1517 1356 1671 1385 hostilium
1694 1356 1814 1384 navium

987 1411 1045 1431 una
1061 1411 1128 1431 cum
1148 1403 1315 1431 vectoribus
1331 1402 1390 1439 igni
1406 1401 1504 1430 Graeco
1519 1402 1549 1430 in
1563 1402 1675 1430 cineres
1690 1401 1813 1437 redegit,

987 1447 1096 1476 multas
1121 1448 1196 1476 ferro
1220 1447 1353 1480 confecit,
1383 1455 1417 1475 ac
1450 1446 1549 1483 plures
1581 1446 1729 1475 demersit.
1760 1444 1814 1479 Qui

988 1491 1142 1527 multiplex
1166 1492 1219 1520 hoc
1257 1491 1416 1520 discrimen
1441 1491 1520 1527 turpi
1555 1491 1624 1527 fuga
1651 1491 1815 1525 evaserant,

986 1536 1188 1564 incolumitate
1211 1545 1268 1564 non
1293 1536 1434 1570 contenti,
1458 1535 1589 1572 piraticis
1615 1535 1738 1563 navibus
1764 1543 1817 1571 pa-

989 1581 1072 1616 ratis,
1088 1581 1298 1617 Peloponesnm
1319 1583 1347 1609 et
1374 1580 1485 1609 vicinas
1501 1580 1615 1608 insulas
1628 1581 1815 1608 vexaverunt.

990 1626 1044 1653 Sed
1073 1634 1123 1653 eos
1148 1626 1226 1654 idem
1256 1625 1446 1662 drungarius,
1469 1633 1536 1654 eum
1553 1625 1588 1653 ad
1613 1627 1729 1661 portum
1745 1624 1817 1652 Cen-

993 1670 1147 1698 chrearum
1171 1670 1374 1707 applicuisset,
1403 1679 1435 1699 ac
1471 1679 1558 1698 naves
1594 1669 1716 1698 hostiles
1742 1668 1818 1697 circa

992 1715 1168 1749 Mathonem,
1190 1715 1293 1751 Pylum
1317 1717 1346 1743 et
1369 1717 1472 1744 Patras
1496 1715 1598 1744 crebro
1613 1715 1754 1743 stationes
1767 1714 1817 1742 ha-

990 1759 1058 1787 bere
1084 1759 1234 1787 didicisset
1250 1769 1257 1788 :
1272 1759 1442 1788 triremibus
1470 1768 1521 1796 per
1545 1759 1690 1788 isthmum
1713 1758 1815 1788 Corin-

989 1804 1119 1832 thiacum
1143 1804 1276 1832 celeriter
1297 1806 1376 1832 terra
1406 1804 1561 1839 traductis,
1585 1803 1683 1832 subito
1708 1811 1815 1839 aggre-

987 1849 1067 1877 ditur
1081 1857 1087 1876 :
1105 1848 1200 1885 iisque
1221 1849 1380 1885 improvisa
1394 1848 1590 1886 impressione
1602 1847 1745 1885 perculsis
1768 1847 1813 1884 pi-

985 1894 1092 1922 raticus
1116 1902 1204 1922 naves
1228 1894 1336 1930 partim
1362 1897 1481 1930 cremat,
1513 1894 1620 1931 partim
1645 1902 1713 1922 cum
1737 1893 1812 1930 ipsis

982 1938 1054 1966 viris
1070 1939 1222 1974 demergit,
1234 1939 1306 1967 duce
1322 1947 1438 1975 quoque
1453 1939 1582 1968 hostium
1596 1938 1698 1967 Photio
1717 1938 1810 1966 inter-

983 1984 1066 2011 fecto.
1081 1984 1115 2011 Et
1130 1983 1172 2011 sic
1187 1983 1290 2012 classis
1304 1983 1486 2012 Cretensium
1503 1983 1599 2021 periit.

106 2027 229 2064 ζόμενος.
259 2028 290 2056 Ὁ
314 2026 343 2055 δὲ
369 2027 492 2055 συνέθετο
518 2028 644 2062 ποιήσειν
674 2027 711 2058 ὡς
739 2025 905 2063 ἐνετέλλετο,
934 2026 979 2054 καὶ
1010 2027 1072 2058 στὰς
1100 2027 1153 2065 πρὸ
1179 2029 1227 2054 τοῦ
1252 2028 1362 2066 τείχους
1397 2026 1508 2064 δέσμιος
1533 2027 1727 2066 κατεχόμενος,
1756 2023 1807 2065 ἔφη

102 2072 147 2098 καὶ
174 2072 223 2106 τὴν
254 2069 397 2107 πρεσϐείαν
425 2071 531 2107 ἆνῦσαι,
563 2071 608 2098 καὶ
636 2071 709 2107 ἥξειν
739 2070 801 2098 ὅσον
828 2069 882 2106 ἤδη
912 2070 942 2098 ἐκ
973 2071 1107 2109 βασιλέως
1138 2072 1277 2109 βοήθειαν.
1309 2073 1357 2100 Καὶ
1387 2073 1401 2100 ὁ
1433 2072 1481 2108 μὲν
1507 2074 1590 2100 ταῦτα
1618 2070 1718 2109 λέγων,
1747 2074 1808 2098 τοῖς

103 2115 186 2154 ξίφεσι
213 2116 398 2153 κατετέτμητο
416 2137 422 2144 .
453 2116 481 2143 '0
510 2115 540 2143 δὲ.
568 2114 717 2146 σουλδάνος
734 2139 741 2152 ,
770 2114 921 2147 ἀπελπίσας
948 2117 999 2151 τὴν
1034 2119 1088 2144 τῶν
1122 2115 1231 2144 πόλεων
1261 2116 1362 2144 ἅλωσιν
1381 2140 1388 2153 ,
1416 2117 1579 2155 ὑπεχώρησε
1596 2138 1602 2145 .
1633 2116 1684 2145 Καὶ
1717 2116 1730 2142 6
1759 2114 1808 2148 τῆς

100 2162 204 2197 Ταρσοῦ
235 2159 263 2188 δὲ
291 2161 401 2198 ἀμηρᾶς
429 2161 530 2197 Ἐσμᾶν
562 2161 629 2197 μετὰ
657 2159 763 2187 πλοίων
792 2158 929 2198 μεγάλων,
958 2160 974 2187 ἃ
1001 2161 1159 2199 κουμπάρια
1186 2164 1245 2194 τοῖς
1273 2161 1303 2189 ἐκ
1329 2165 1378 2197 τῆς
1407 2163 1495 2199 ’Ἅγαρ
1512 2161 1679 2198 ὠνόμασται,
1707 2161 1741 2196 τῇ
1758 2159 1808 2186 πό-

102 2204 143 2233 λει
168 2207 217 2232 τοῦ
243 2205 364 2243 Εὐρίπου
394 2202 572 2242 προσέϐαλεν·
602 2203 685 2239 ἤνυσε
713 2203 742 2232 δὲ
770 2203 858 2239 οὐδὲν,
889 2203 953 2232 ἀλλ’
976 2205 1056 2237 αὐτός
1083 2217 1112 2233 τε
1140 2205 1267 2234 ἀπώλετο
1280 2206 1393 2244 καιρίως
1408 2205 1538 2244 πληγεὶς,
1554 2206 1645 2233 καὶτὸ
1660 2204 1743 2233 πλέον
1758 2207 1808 2239 τῆς

101 2253 226 2287 στρατιᾶς
242 2249 334 2278 αὐτοῦ.
363 2248 451 2278 Ἀλλὰ
481 2249 572 2286 μέντοι
600 2249 645 2277 καὶ
677 2250 691 2277 ὁ
716 2253 766 2284 τῆς
794 2250 905 2287 Κρήτης
933 2252 1037 2288 κρατῶν
1068 2252 1142 2286 Σαὴτ
1173 2251 1187 2278 6
1217 2251 1352 2288 ’Δπόκαψ,
1380 2249 1471 2288 ἓτερον
1502 2250 1599 2278 στόλον
1627 2250 1807 2286 ἑτοιμασάμε-

103 2305 159 2331 νος,
187 2294 294 2322 Φώτιόν
323 2304 385 2322 τινα
412 2293 574 2332 δραστήριον
605 2292 688 2332 ἄνδρα
713 2293 802 2330 τούτῳ
831 2293 986 2330 ἐπέστησεν,
1017 2295 1047 2326 ὃς
1073 2296 1107 2323 τά
1130 2306 1159 2323 τε
1173 2294 1294 2334 παράλια
1309 2298 1356 2323 τοῦ
1371 2295 1496 2334 Αἰγαίου,
1511 2295 1617 2326 καὶτὰς
1633 2295 1732 2330 νήσους
1745 2292 1806 2320 ἐκά-

104 2349 162 2368 κου.
191 2340 225 2379 ᾮ
240 2340 406 2375 συναντήσας
423 2339 436 2367 ὁ
451 2340 504 2366 τῶν
521 2339 664 2376 Ῥωμαίων
681 2338 790 2374 στόλος,
806 2339 836 2366 οὗ
853 2338 989 2377 ναύαρχος
1004 2339 1037 2374 ἦν
1052 2340 1066 2367 6
1081 2342 1134 2368 τῶν
1151 2339 1286 2377 πλωίμων
1300 2339 1479 2379 δρουγγάριος
1495 2340 1509 2368 ὁ
1523 2339 1665 2378 πατρίκιος
1686 2339 1806 2374 Nix-lpus:

104 2383 357 2422 ὁ³οωρύφας(80),
373 2382 481 2420 πολλάς
498 2384 545 2420 μὲν
572 2385 626 2411 τῶν
656 2382 797 2420 πολεμίων
813 2385 880 2411 νεῶν
894 2385 934 2420 τῷ
964 2385 1038 2422 ὑγρῷ
1066 2384 1132 2422 πυρὶ
1161 2384 1343 2424 ἀπετέφρωσε,
1372 2384 1416 2412 καὶ
1445 2384 1508 2416 τοὺς
1535 2383 1643 2415 ταύταις
1671 2382 1807 2420 ἐμπλέον-

103 2438 158 2463 τας,
187 2427 309 2460 πολλοὺς
341 2427 370 2456 δὲ
400 2428 536 2467 μαχαίρας
566 2425 641 2456 ἔθετο
667 2427 756 2466 ἔργον,
782 2428 827 2456 καὶ
856 2428 969 2461 πλείους
987 2427 1172 2467 ὑποϐρυχίους
1189 2429 1324 2465 ἐποίησεν.
1340 2433 1420 2460 ’Όσοι
1447 2428 1476 2457 δὲ
1502 2430 1548 2458 τὸν
1562 2427 1695 2464 πολυειδῆ
1709 2430 1805 2456 τοῦτον

105 2471 200 2512 ἔφυγον
242 2471 386 2509 κίνδυνον,
417 2473 539 2511 αἰσχρῶς
581 2471 746 2511 ἀποδράντες
788 2472 927 2508 ἐσώθησαν
946 2495 952 2503 ,
980 2473 1037 2503 Οὐκ
1078 2474 1192 2512 ἠγάπων
1230 2475 1322 2511 μέντοι
1366 2475 1536 2511 σωζόμενοι·
1579 2473 1735 2511 πειρατικὰς
1778 2471 1808 2500 δὲ

102 2521 168 2552 νῆας
197 2517 406 2554 ἑτοιμασάμενοι
434 2518 484 2552 τὴν
511 2517 720 2553 Πελοπόννησον
749 2517 794 2545 καὶ
821 2517 869 2549 τὰς
897 2518 952 2546 ἐκεῖ
979 2517 1145 2557 κπτέτρεχον
1171 2520 1282 2554 νήσους.
1306 2518 1384 2548 Ἀλλ’
1406 2518 1483 2551 αὖθις
1504 2518 1595 2550 αὐτοῖς
1612 2519 1625 2546 ὁ
1642 2517 1733 2557 ῥηθεὶς
1757 2518 1807 2545 τοῦ

106 2561 204 2589 στόλου
233 2559 415 2599 δρουγγάριος
440 2559 539 2589 ἔπεισι·
568 2564 608 2599 τῷ
634 2562 684 2600 γὰρ
713 2561 806 2598 λιμένι
834 2561 1022 2600 προσορμίσας
1049 2565 1104 2590 τῶν
1142 2566 1312 2602 Κεγχρεῶν,
1341 2563 1385 2591 καὶ
1413 2563 1447 2591 τὰ
1482 2563 1603 2601 πολέμιά
1631 2562 1717 2591 πλοῖα
1744 2563 1807 2599 περὶ

105 2606 236 2641 Μεθώνην
261 2605 306 2632 καὶ
323 2604 412 2632 Πύλον
429 2605 473 2632 καὶ
490 2606 596 2644 Πάτρας
611 2604 816 2645 έμφιλοχωρεῖν
842 2605 988 2644 ἐγνωκὼς,
1016 2605 1061 2634 διὰ
1088 2609 1136 2634 τοῦ
1163 2608 1231 2635 κατὰ
1256 2607 1383 2646 Κόρινθον
1411 2607 1509 2644 ἰσθμοῦ
1538 2608 1643 2646 ταχέως
1671 2606 1804 2645 διαγαγὼν

105 2650 150 2682 τὰς
175 2651 298 2688 τριήρεις
329 2649 354 2677 ἐν
382 2649 509 2687 τῇξηρᾷ,
538 2650 684 2684 ἐπιτίθεται
704 2653 762 2682 τοῖς
791 2651 936 2687 πολεμίοις
964 2651 1094 2688 ἀνωϊστὶ,
1123 2651 1168 2680 καὶ
1195 2654 1235 2688 τῷ
1265 2651 1418 2690 ἀνελπίστῳ
1447 2651 1678 2691 ἐκπεπληγμένων
1706 2651 1806 2687 αὐτῶν,

730 2766 834 2799 Vari-ie
855 2766 1008 2799 lectiones
1029 2771 1060 2800 et
1081 2770 1175 2799 notae.

136 2861 192 2903 ($0)
221 2860 344 2903 Nemi-ne
367 2859 706 2903 6."0(‘opttpa¢I-.Nlcet{e
730 2860 927 2903 _Paphlag_oni

986 2862 1145 2903 Eudovicns
1174 2863 1198 2891 ΙΙ
1213 2863 1298 2903 _i_mp._
1314 2864 1359 2903 _in_
1375 2864 1477 2903 Epist,
1501 2865 1537 2893 ad
1567 2863 1707 2903 Basiliam
1729 2863 1801 2901 imp'

103 2895 228 2936 Ὠρύφας.
252 2897 280 2927 Is
303 2900 349 2927 est
371 2895 488 2931 Nicetes
502 2895 666 2934 'patrioius,
691 2897 776 2933 cujus
785 2895 927 2928 'meniinit
981 2895 1321 2936 Constantinopolitnbi
1335 2895 1491 2930 Hadi-iatic:
1503 2904 1624 2930 servator
1636 2900 1754 2930 dicitur.
