2005 3168
77 159 113 189 53
734 156 910 187 ANNALIU

965 156 1038 187 LIB.
1063 157 1142 188 XVI.
1752 160 1790 190 54

75 223 170 260 μένους
187 224 252 255 τοῖς
265 222 428 260 ἀλητηρίοις
457 223 629 261 Ἀγαρηνοῖς·
655 222 719 250 ἀλλ’
743 220 819 249 οὐδὲν
839 221 906 257 ἥνυ-

964 222 1036 251 chus
1063 223 1183 259 quidam
1212 223 1330 252 virtutis
1365 223 1526 259 studiosus,
1559 224 1610 260 qui
1643 223 1790 261 Theophi-

74 279 129 296 πο.
146 267 217 295 Εἶτα
250 268 294 295 τὸν
320 270 417 296 Φωκᾶν
446 267 614 306 Νικηφόρον,
643 267 688 294 τὸν
718 267 828 293 πάππον
856 269 904 293 τοῦ

75 312 224 350 μετέπειτα
255 312 445 350 βασιλεύοντος
472 315 556 340 Φωκᾶ
587 312 654 348 μετά
679 310 818 348 δυνάμεως
834 311 905 346 ἀξιο-

959 267 1033 295 litzaa
1050 268 1159 296 nullam
1185 268 1328 296 rationem
1358 268 1472 305 habuit,
1503 269 1553 296 sed
1584 268 1692 296 Basilio
1721 277 1790 296 con-

959 315 1067 349 specto,
1085 313 1204 341 honoris
1219 322 1310 342 causa
1325 314 1459 349 surrexit,
1486 321 1611 350 eumque
1635 313 1790 342 adoratum

727 364 829 395 Variae
845 363 994 394 lectiones
1010 368 1040 395 et
1054 367 1149 395 notae.

75 414 229 442 luculenta
246 414 376 442 oratione
392 413 577 448 deucribit,ut
592 414 680 449 quiet
688 413 810 441 obsessa
826 413 907 447 urbe,

75 451 102 478 in
117 459 152 478 ea
167 459 240 478 cum
259 450 323 478 aliis
338 452 445 477 famem
476 449 583 485 ipsum,
611 452 639 477 et
668 457 702 477 eu
730 452 907 486 expugnata,

76 487 179 514 duram
197 486 401 522 captivitatem
418 493 575 521 perpessus
591 485 686 513 fuerit.
704 485 771 518 Quae
788 485 907 521 quidem

74 522 198 557 epistola
215 521 322 549 Latina.
332 522 476 549 duntaxat
490 521 621 549 oratione
637 524 765 553 exarata,
789 522 906 548 interim

75 560 143 585 dum
159 558 265 586 Graeca.
279 558 430 593 prodeant,
447 565 574 592 quorum
591 558 726 593 quaedam
743 557 907 592 fragmenta.

76 594 225 621 habentur
241 594 272 621 in
288 593 465 621 bibliotheca
481 593 580 629 Regia,
597 594 621 620 si
640 593 685 620 hic
711 593 907 625 describatur,

76 630 151 657 Haud
168 630 324 665 ingratum
341 629 413 657 forte
427 628 758 665 rerum’Byzantinarum
766 628 907 656 studiosis

76 666 174 699 fuerit,
192 668 260 693 tum
288 666 366 700 quod
396 665 500 692 borum
529 667 695 700 temporum
726 665 906 692 illustrandae

76 702 204 729 historia;
237 709 296 728 non
326 709 429 737 parum
460 701 615 732 conducat,
643 703 707 728 tum
722 700 811 728 etiam
828 701 904 736 quod

76 737 176 773 Pyrrhi
193 737 300 764 Sicilia
314 737 393 764 haud
410 737 548 764 omnibus
564 736 649 764 obvia
664 737 712 764 sit.
728 737 830 764 Eorum
844 743 907 771 qua

74 772 149 801 nobis
165 776 336 806 evenerunt,
362 774 404 800 vir
427 773 608 806 divinissimc,
638 773 752 808 singula
779 772 908 807 persequi

75 810 151 843 uelle,
177 817 253 836 sane
274 809 449 840 diuturnius,
464 809 681 843 oportuniasque
695 809 828 843 temporis
841 816 906 843 spa-

75 846 144 872 tium
175 845 321 880 postulare
354 844 484 873 videtur:
518 844 678 880 breviorque
709 844 825 879 epistola
857 845 905 877 est,

76 889 155 927 quam
170 885 200 908 ut
218 885 312 908 totam
327 888 422 927 rerum
434 882 575 927 gestarpm
589 881 688 907 seriem
698 880 905 927 complectatur.
922 895 944 927 B

79 918 176 944 Contra
192 924 260 944 vero
275 917 385 952 penitus
409 917 578 952 haesitere
606 923 827 950 communemque
855 916 905 943 do-

82 953 145 981 loris
171 960 298 986 sensum,
328 959 407 987 quem
426 959 460 978 ex
475 951 518 978 his
532 952 601 987 cepit
615 952 704 986 potius
719 953 805 987 ferme
817 953 905 978 terra-

80 997 139 1016 rum
153 989 231 1016 orbis
248 988 346 1024 (facile
370 988 445 1014 enim
469 987 542 1024 mihi
566 987 716 1024 persuadeo
741 987 909 1014 condoluisse

79 1025 152 1052 nobis
177 1031 234 1057 eos,
253 1023 339 1057 'apud
354 1031 419 1059 quos
432 1023 475 1050 vel
489 1023 577 1050 solum
591 1023 796 1059 Syracusarum
810 1030 908 1059 nomen

79 1060 237 1094 devenerat)
253 1059 333 1087 valde
346 1058 480 1094 stupentis
494 1060 596 1091 animi,
612 1059 757 1094 morboque
778 1058 908 1086 indolen-

80 1098 126 1124 tia:
149 1096 284 1131 apprime
311 1095 470 1123 laborantis
497 1095 620 1131 futurum
635 1095 722 1129 fuisse
737 1094 907 1131 existimavi.

81 1132 114 1160 De
127 1130 231 1167 quare
243 1130 568 1167 prophetarulnquidam
583 1132 716 1167 tanquam
730 1138 764 1158 erc
787 1138 834 1157 ore
858 1130 910 1157 Dei

79 1169 117 1196 sic
130 1165 169 1195 est
186 1165 319 1195 locutus:
335 1166 407 1194 Male
422 1165 489 1193 illos
504 1166 601 1201 accepi
616 1165 726 1202 ﬂagris,
743 1174 795 1193 nec
811 1169 908 1194 tamen

81 1203 249 1231 doluerunt.
270 1203 306 1230 Ac
319 1203 346 1229 si
360 1210 519 1238 quocunque
533 1202 611 1229 modo
637 1203 827 1229 narrationem
856 1202 909 1228 ha-

80 1248 140 1266 rum
155 1247 255 1267 rerum
272 1239 429 1271 instituam,
447 1239 513 1265 bene
527 1240 652 1272 utrisque
663 1239 817 1265 consultum
833 1238 888 1264 erit
901 1244 907 1264 :

80 1275 148 1302 mihi
163 1283 275 1311 quoque
290 1275 413 1310 aliquam
437 1274 533 1309 aﬂeret
562 1275 725 1311 oralionem,
756 1281 818 1308 qua:
845 1281 909 1311 ma;-

79 1309 201 1338 rentibus
217 1309 279 1338 illis
294 1311 445 1338 revelatum
462 1311 499 1337 iri
512 1310 731 1345 canﬁdo,quibus
747 1317 820 1336 nunc
834 1309 910 1336 male

79 1347 236 1374 discrucior.
255 1347 361 1381 Quippe
374 1347 413 1373 sic
427 1351 530 1374 natura
543 1348 733 1381 comparatum
749 1349 799 1379 est,
824 1349 853 1372 ut
877 1352 910 1372 ea

81 1390 139 1419 quz
166 1384 250 1410 nobis
280 1383 413 1419 molestia}
438 1386 512 1416 sunt,
527 1382 567 1419 ﬁsi
593 1389 718 1408 sermone
742 1381 908 1419 vulgaveris,

80 1417 164 1446 animi
179 1419 274 1446 levent
287 1418 492 1452 wgritudinem,
509 1417 560 1444 tibi
572 1425 637 1444 vero
664 1425 766 1444 merces
794 1417 910 1444 minime

80 1455 152 1489 fluxa
181 1455 250 1482 hinc
279 1454 397 1486 accedet,
421 1455 446 1481 si
460 1453 649 1488 compatiendo
665 1453 794 1488 tacrymis
807 1460 908 1479 narra-

81 1492 178 1518 tionem
191 1491 376 1526 prosequeris.
394 1491 423 1517 In
449 1490 567 1516 hostium
595 1489 723 1526 tandem»
751 1490 910 1526 potestatem

81 1524 239 1554 devenimus
254 1535 263 1552 :
281 1524 356 1561 capti
369 1525 479 1553 demum
492 1525 607 1559 fuimus,
620 1532 634 1552 o
651 1526 693 1552 vir
706 1524 808 1552 divinis
823 1524 909 1561 hono-

86 1563 157 1590 ribus
171 1560 332 1597 perfunde,
348 1569 397 1589 nec
411 1569 480 1588 sane
493 1561 588 1597 pejora
612 1564 675 1588 sunt
705 1560 909 1595 Hierosolyma:

81 1596 196 1634 expertae
224 1596 294 1626 eum
322 1601 500 1634 caperentur,
512 1604 561 1624 nec
575 1596 707 1623 Samaria
722 1597 805 1634 prior,
815 1597 908 1634 Hiero-

82 1631 190 1670 solymis
216 1637 400 1669 eat-pugnata.
420 1632 544 1670 Tandem
557 1640 631 1670 passi
655 1640 748 1659 sumus
775 1631 906 1667 direptio-

82 1668 151 1704 nem,
176 1668 266 1706 quam
296 1669 474 1706 nonrinsulz
490 1668 597 1696 Chotim
612 1676 735 1706 unquam
762 1675 906 1706 agnovere,

84 1703 274 1741 nonregiones
302 1705 549 1741 barbariczetnon
576 1704 656 1741 urbes
684 1711 850 1741 quacunque
879 1703 909 1730 in

83 1739 200 1770 medium
215 1741 318 1776 afferri
330 1743 448 1776 possent.
465 1739 604 1774 Ejusmodi
616 1740 673 1775 fuit
687 1739 737 1766 hoc
756 1739 906 1772 excidium,

82 1780 109 1805 ut
123 1778 216 1805 eodem
232 1776 291 1809 die,
307 1776 407 1812 quibus
422 1780 502 1803 antea
517 1777 720 1812 propugnatum
733 1777 803 1810 erat,
825 1783 908 1812 arcus

83 1814 264 1847 elphuretras
279 1811 450 1845 contriverit,
470 1819 563 1844 arma,
592 1811 728 1845 gladium,
752 1813 778 1838 et
807 1811 908 1838 bellum

82 1849 217 1883 dejecerit,
247 1850 375 1876 strenuos
403 1855 523 1883 quosque
537 1847 733 1879 debilitaverit,
746 1854 908 1882 propugna-

85 1887 205 1920 toresque
220 1885 349 1920 gigantes
364 1884 412 1918 (sic
426 1884 500 1912 enim
514 1884 705 1918 magnanimos
729 1883 791 1920 illos
814 1883 909 1920 appet:

86 1919 206 1954 laccri’m,
222 1919 275 1956 qui
290 1920 397 1955 egregie
412 1927 527 1955 operam
541 1927 620 1956 suam
633 1919 835 1954 praestiterunt,
861 1919 910 1956 qui

86 1959 108 1983 et
134 1954 236 1991 famem
253 1954 338 1983 antea
351 1954 481 1988 tolerare,
497 1957 523 1982 et
539 1954 644 1982 labores
659 1962 831 1989 quoscunque
843 1955 910 1982 sub-

87 1990 137 2023 ire,
148 1994 172 2019 et
186 1993 349 2020 vulneribus
363 1992 460 2025 conﬁci
474 1999 555 2025 prope
578 1990 695 2025 inﬁnitis
722 1998 773 2024 pro
802 1991 911 2018 Christi

87 2036 172 2056 amore
199 2036 258 2056 non
276 2027 447 2060 dubitarunt,
463 2031 488 2054 et
504 2031 562 2061 post
577 2028 686 2060 captam
701 2027 796 2053 urbem
810 2026 910 2061 gladiis

87 2065 269 2091 contrucidati
283 2064 356 2096 sunt)
372 2063 493 2090 hostium
509 2062 648 2090 violentia:
662 2063 758 2089 cedere
780 2062 907 2096 coegerit.

89 2099 199 2127 Tandem
216 2100 250 2128 in
267 2099 387 2126 hostium
403 2106 504 2126 manus
518 2098 676 2126 incidimus.
688 2106 750 2125 cum
766 2102 848 2125 antea
862 2097 911 2125 diu

88 2143 117 2162 ac
130 2137 230 2170 sapius
246 2136 346 2171 fuisset
361 2135 397 2162 ad
411 2142 507 2171 muros
521 2135 734 2171 propugnatura.
750 2141 813 2171 cum
826 2134 911 2161 etiam

87 2169 175 2199 navali
189 2169 294 2206 proelio
310 2170 490 2206 (horrendum
504 2177 570 2196 sane
583 2169 780 2204 spectaculum.
791 2170 912 2205 ipsisque

89 2208 251 2235 intuentium
273 2207 360 2234 oculis
374 2206 623 2234 consternationem
639 2206 803 2240 ingenerans
818 2213 826 2233 :
842 2213 911 2232 con-

90 2245 226 2270 sternatur
240 2243 318 2271 enim
332 2248 456 2278 aspectus
471 2249 564 2269 rerum
578 2242 726 2278 atrocitate
754 2248 814 2275 qum
842 2247 912 2278 saepe

89 2278 129 2306 illi
141 2279 326 2312 obiiciuntur)
350 2277 436 2313 fuerit
464 2278 605 2305 multoties
634 2277 812 2305 decertatum.
845 2277 913 2304 Victi

90 2315 188 2348 fuimus
215 2317 278 2351 post
305 2314 406 2341 multas
433 2318 569 2351 nocturno
594 2317 712 2351 tempore
738 2314 828 2351 factas
840 2313 909 2340 obsi-

91 2350 186 2381 diones.
203 2349 228 2378 et
242 2350 356 2378 hostiles
370 2349 498 2383 insidias,
514 2351 573 2385 post
585 2349 711 2385 admotas
738 2349 828 2376 muris
851 2357 909 2376 ma-

92 2386 193 2421 chinas,
218 2387 318 2422 quibus
342 2388 429 2413 totum
455 2387 513 2419 fere
541 2385 616 2412 diem
643 2384 836 2422 tundebantur,
851 2385 911 2420 post

93 2430 195 2454 gravem
210 2420 292 2450 illam
306 2422 337 2449 in
348 2426 444 2449 nostra
463 2421 670 2456 propugnacula
699 2420 823 2456 lapidum
849 2428 911 2456 pro-

94 2457 217 2490 iectorum
244 2457 406 2493 procellam,
435 2458 495 2493 post
523 2457 588 2484 illas
615 2456 728 2484 urbium
754 2457 914 2484 vastatrices

95 2492 250 2529 testudines,
265 2501 411 2529 murosque
423 2492 628 2529 subterraneos,
644 2500 710 2527 quos
734 2496 829 2520 vocant
843 2501 853 2520 :
869 2492 914 2519 ni-

97 2528 135 2556 hil
146 2531 217 2557 enim
234 2532 333 2557 horum
348 2528 410 2564 qua
424 2528 460 2556 ad
474 2529 550 2556 urbis
564 2529 800 2564 expugnationem
823 2536 915 2556 cense-

95 2565 190 2592 bantur
204 2565 320 2597 idonea.
335 2566 504 2593 intentatum
519 2564 692 2600 reliquerunt
706 2565 729 2591 ii
752 2564 849 2599 quibus
874 2564 917 2591 ob-

95 2601 209 2629 sidendas
238 2601 319 2629 urbis
346 2609 412 2628 cura
427 2600 610 2632 incumbebat,
623 2609 740 2636 quorum
750 2600 919 2636 jampridem

99 2637 235 2670 potiundi?
266 2637 344 2664 urbis
374 2637 509 2672 cupiditas
542 2637 649 2664 animos
683 2636 917 2670 inﬂammaverat,

100 2679 201 2700 summa
216 2673 376 2700 animorum
390 2673 563 2700 contentione
575 2673 762 2705 decertabant,
778 2680 829 2708 quo
843 2673 919 2708 quis-

98 2714 145 2741 que
160 2713 235 2743 pacto
249 2709 357 2736 exteris
372 2710 525 2744 prastaret,
546 2717 631 2736 novas
660 2709 689 2735 in
719 2708 777 2735 dies
797 2708 920 2743 singulos

100 2744 234 2781 machinas
250 2745 442 2779 excogitando,
457 2745 558 2781 quibus
572 2745 639 2781 urbs
652 2745 716 2778 capi
730 2744 860 2781 diruique
875 2745 919 2779 fa-

100 2780 177 2807 cilius
206 2782 305 2815 posset.
335 2780 496 2816 Quanquam
524 2781 558 2807 ab
584 2780 658 2808 hisce
682 2781 760 2816 Deus,
779 2780 920 2808 altissima

100 2816 203 2843 consilii
218 2816 326 2843 ratione
339 2815 502 2844 admirabili
515 2823 563 2844 nos
579 2815 776 2851 quodammodo
787 2816 918 2850 protexit.

102 2850 166 2883 Quid
180 2859 243 2879 vero
257 2859 364 2879 necesse
378 2854 416 2880 est
428 2860 503 2880 more
527 2850 632 2886 tragico
657 2852 805 2887 ejulantem
834 2852 919 2879 latius

103 2893 147 2924 per
159 2888 367 2924 equi,quantam
378 2891 403 2915 et
417 2888 528 2924 qualem
540 2887 572 2914 in
587 2887 809 2924 nosrmaloruum
824 2895 919 2924 congeg

104 2922 181 2951 ratem
194 2922 319 2954 invehere
332 2922 438 2954 summo
451 2924 541 2954 stuato
555 2923 648 2953 conati
660 2924 724 2953 sunt
737 2923 824 2954 hostes
833 2924 846 2952 .9
854 2922 920 2960 quid

964 414 1097 442 indictum
1114 415 1299 450 infectumque
1315 415 1494 450 reliquerunt,
1510 415 1580 450 quod
1604 415 1638 442 ad
1660 414 1790 442 timorem

964 450 1153 478 inculicndum
1177 451 1214 478 iis
1229 452 1278 485 qui
1292 451 1489 479 detinebantur
1502 451 1614 486 obsessi,
1631 452 1790 486 animosque

962 487 1170 523 consternendos
1185 488 1275 520 facere
1288 488 1378 514 visum
1406 489 1493 515 esset?
1521 492 1627 523 tempus
1648 487 1788 522 admonet,

962 523 992 549 ut
1021 522 1059 549 ait
1084 531 1116 549 ea
1131 531 1189 557 qua:
1204 524 1280 550 intus
1295 523 1464 558 gerebantur
1478 525 1631 550 orationem
1644 525 1785 550 converta-

961 566 1032 593 mus,
1047 558 1132 593 deque
1147 560 1182 585 iis
1197 561 1337 586 excursim
1352 560 1447 594 aliqua
1462 559 1597 586 dicamus.
1610 559 1687 586 Foris
1701 564 1790 586 vasta-

963 594 1007 630 bat
1022 594 1144 627 gladius,
1160 596 1185 621 ct
1201 595 1278 621 intus
1291 603 1387 630 pavor,
1399 597 1428 622 ut
1441 597 1597 630 pervetusto
1613 596 1663 622 illo
1678 595 1788 622 oraculo

961 629 1070 664 Moysen
1086 638 1128 666 res
1145 634 1251 657 nostras
1266 629 1446 658 vaticinatum
1461 638 1518 658 esse
1539 631 1623 666 plano
1647 638 1787 658 assevera-

960 667 1056 692 verim.
1085 665 1151 692 Cum
1179 666 1252 692 enim
1280 673 1358 702 aeque
1373 675 1406 694 ac
1418 667 1519 701 populo
1535 665 1647 694 lsraelis
1658 668 1685 694 in
1702 667 1788 694 Deum

961 703 1025 738 ante
1040 710 1056 728 a
1068 702 1146 728 nobis
1160 706 1300 737 peccatum
1312 707 1391 735 esset,
1406 703 1531 729 eumdem
1546 710 1624 738 quem
1639 703 1706 730 olim
1723 703 1783 736 ille,

961 736 1062 765 divinae
1077 738 1228 764 iracundia
1256 739 1370 765 calicem
1391 736 1557 773 potabimus,
1582 739 1655 773 capti
1681 746 1786 773 sumus,

960 774 1135 810 posteaquam
1159 781 1232 807 egre
1259 774 1421 801 diuturnam
1448 775 1550 809 famem
1578 773 1786 810 herbarumque

962 809 1033 835 victu
1064 808 1244 836 tolerabimus
1278 818 1287 836 :
1319 814 1499 845 posteaquam
1531 809 1642 837 sordida
1673 808 1787 845 quaeque

961 852 1055 881 rerum
1069 846 1185 879 egestate
1199 846 1343 880 compulsi,
1360 846 1390 872 in
1406 853 1434 872 os
1449 846 1649 881 congessimus.
1675 846 1748 879 Quin
1762 849 1788 873 et

961 880 996 917 ad
1026 880 1173 907 liberorum
1187 885 1272 917 etiam
1286 882 1461 908 comestiones
1473 880 1543 917 (rem
1558 882 1695 915 nefariam
1711 883 1737 908 el
1752 889 1788 908 si-

962 916 1047 943 lentio
1061 916 1295 951 praetereundam)
1317 918 1508 952 processimus,
1539 925 1601 944 cum
1628 919 1709 944 antea
1737 925 1787 944 nec

962 952 996 979 ab
1014 951 1149 980 humana:
1162 953 1254 979 carnis
1269 960 1315 979 esu
1331 953 1395 988 (heu
1409 961 1491 988 quam
1504 952 1671 980 horrendum
1683 956 1787 988 specta-

962 988 1064 1022 culum)
1080 988 1289 1015 abhorruimus.
1320 988 1374 1016 Sed
1400 989 1461 1023 quis
1490 991 1549 1016 hwc
1574 996 1622 1022 pro
1650 988 1783 1023 dignitate

962 1024 1065 1058 tragice
1078 1023 1280 1058 deploraverit?
1294 1031 1347 1051 non
1364 1032 1380 1051 a
1395 1024 1479 1051 coriis
1494 1024 1654 1059 bubulisque
1667 1024 1785 1059 pellibus

962 1059 1155 1091 abstinuimus,
1172 1067 1227 1086 non
1241 1059 1275 1086 ab
1289 1060 1347 1086 alia
1375 1060 1582 1094 quibuscunque
1607 1062 1695 1093 rebus,
1724 1067 1784 1095 quae

960 1096 1034 1130 fame
1048 1096 1147 1122 enectis
1162 1095 1317 1130 quidquam
1331 1095 1428 1122 solatii
1440 1096 1537 1130 afferre
1551 1103 1626 1130 posse
1639 1095 1784 1123 crederen-

962 1135 1019 1167 tur,
1036 1138 1069 1158 ne
1083 1132 1186 1158 ossibus
1199 1130 1308 1167 quidem
1323 1131 1413 1159 aridis
1427 1135 1576 1166 parcentes,
1604 1131 1785 1167 iniucundam

961 1166 1039 1195 nobis
1067 1174 1174 1194 caenam
1205 1168 1419 1201 apparabamus.
1444 1167 1549 1194 Novum
1561 1167 1692 1202 profecto,
1708 1168 1733 1195 et
1749 1166 1783 1194 ab

962 1203 1038 1230 omni
1053 1203 1211 1229 mortalium
1226 1210 1278 1229 usu
1293 1202 1442 1230 abhorrens
1469 1203 1598 1229 alimenti
1624 1210 1718 1237 genus.
1750 1203 1787 1229 Iit

962 1239 1037 1266 enim
1051 1238 1290 1273 Syracusanorum
1303 1239 1465 1273 complures.
1490 1238 1566 1273 (quid
1585 1239 1706 1266 homines
1731 1245 1786 1264 non.

961 1274 1031 1309 cogit
1059 1275 1144 1309 fames
1171 1275 1357 1310 importuna?)
1386 1274 1592 1309 quadrupedum
1611 1282 1670 1301 ossa
1685 1274 1788 1301 molere

961 1310 1092 1346 primum,
1109 1314 1164 1337 tum
1180 1317 1260 1344 aqum
1273 1310 1453 1346 perpauxitto
1469 1311 1788 1345 conspergere,quamvis

962 1346 1070 1373 abunde
1084 1346 1161 1373 nobis
1175 1354 1265 1381 aquas
1281 1345 1316 1373 ad
1331 1346 1379 1373 hos
1395 1353 1458 1373 usus
1471 1346 1614 1374 Arethusa
1636 1347 1697 1381 fons
1720 1353 1787 1381 sup-

962 1381 1105 1416 peditaret,
1121 1386 1201 1416 atque
1216 1381 1264 1408 hoc
1280 1383 1389 1409 invento
1401 1383 1504 1416 famem
1522 1382 1623 1409 sedare
1638 1382 1789 1417 miserrimi

963 1418 1086 1444 homines
1101 1417 1274 1450 cogebantur.
1289 1420 1355 1446 Jam
1367 1418 1442 1445 enim
1456 1417 1546 1445 tritici
1559 1417 1667 1445 modius
1679 1419 1788 1445 centum

962 1458 988 1481 et
1002 1453 1201 1488 quinquaginta
1215 1454 1338 1481 nummis
1352 1454 1443 1480 aureis
1456 1454 1572 1481 vwnalis
1584 1456 1655 1486 erat,
1670 1455 1788 1487 pistores

962 1497 1026 1516 vero
1041 1489 1130 1524 pluris
1144 1489 1307 1521 vendebant,
1324 1490 1422 1524 quippe
1437 1489 1559 1516 ducentis
1581 1490 1685 1522 aureis,
1715 1489 1788 1516 unde

962 1525 1046 1560 ﬁebat
1074 1527 1104 1552 ut
1132 1525 1252 1552 duarum
1281 1525 1426 1552 unciarum
1454 1527 1535 1560 panis
1560 1524 1628 1559 (rem
1652 1525 1754 1552 miram
1766 1526 1786 1558 ί)

964 1569 1076 1588 nummo
1091 1569 1176 1588 aureo
1189 1560 1358 1597 venderetur.
1375 1560 1448 1588 Adde
1457 1560 1526 1597 quod
1544 1561 1671 1588 trecentis
1694 1560 1787 1587 aureis

964 1601 990 1624 el
1015 1604 1045 1623 eo
1073 1597 1202 1631 amplius,
1231 1596 1468 1631 quomodocunque
1494 1596 1573 1623 edule
1592 1603 1703 1624 ramum
1716 1597 1786 1627 ibat,

962 1634 988 1660 et
1003 1632 1123 1667 quinque
1151 1640 1235 1667 supra
1263 1632 1363 1662 decem.
1390 1631 1549 1667 quandoque
1571 1632 1656 1659 etiam
1684 1632 1788 1666 viginti

961 1667 1102 1695 constabat
1130 1668 1262 1703 equinum
1289 1669 1371 1703 caput
1386 1676 1394 1694 :
1410 1667 1527 1695 asinina
1549 1675 1644 1696 carnes
1658 1668 1741 1695 etiam
1756 1667 1788 1694 in

961 1703 1067 1732 deliciis
1084 1703 1195 1732 habitae.
1212 1704 1273 1732 Jam
1286 1712 1311 1732 vi
1320 1711 1349 1731 ro
1363 1703 1574 1731 domesticarum
1593 1704 1691 1732 avium
1714 1703 1786 1739 defe-

961 1740 1036 1767 cerat
1059 1747 1141 1774 genus
1154 1739 1270 1776 soleam
1300 1741 1395 1776 autem
1408 1743 1433 1767 et
1447 1739 1676 1776 salsamentorum
1691 1741 1786 1776 cujus-

962 1783 1014 1810 que
1027 1776 1136 1810 generis
1149 1775 1271 1810 obsonia,
1288 1775 1334 1804 vel
1357 1783 1388 1803 ea
1417 1782 1489 1811 qua,
1518 1777 1549 1802 ut
1572 1777 1612 1803 ait
1639 1775 1788 1810 Gregorius

963 1812 1119 1854 Theologus,
1138 1819 1300 1854 "pauperum
1328 1819 1384 1854 esse
1408 1813 1496 1854 cibus.
1513 1812 1614 1853 solent,
1637 1813 1693 1846 iam
1707 1814 1789 1853 erant

962 1847 1115 1882 absumpta.
1134 1847 1221 1880 Casei,
1239 1848 1412 1883 leguminum
1426 1850 1452 1875 et
1466 1848 1585 1882 piscium
1599 1855 1660 1875 esus
1675 1848 1787 1875 omnino

962 1883 1057 1910 nullus
1075 1891 1081 1911 :
1093 1884 1152 1918 jam
1168 1884 1241 1910 enim
1256 1884 1340 1911 unius
1354 1885 1437 1918 atque
1452 1883 1567 1911 alterius
1583 1883 1789 1919 portus,quibus

963 1920 1127 1955 interjaccnt
1143 1919 1296 1954 Syracusw,
1311 1928 1361 1955 per
1376 1920 1432 1946 vim
1446 1919 1533 1946 hostes
1555 1920 1637 1954 potiti
1664 1919 1786 1954 fuerant,

962 1963 1024 1982 cum
1050 1960 1132 1983 antea
1159 1963 1244 1988 arces,
1275 1963 1336 1991 quae
1351 1955 1511 1982 Brachiotia
1525 1955 1697 1989 dicebantur,
1713 1958 1740 1983 et
1753 1955 1787 1982 ab

962 1993 1089 2025 ingressu
1102 1995 1233 2026 portuum
1247 1991 1334 2019 hostes
1348 1991 1486 2021 arcebant.
1503 1991 1558 2019 solo
1584 1991 1711 2026 funditus
1738 1991 1788 2019 ad-

962 2031 1114 2062 avquassent
1152 2027 1222 2054 Illud
1244 2035 1306 2055 vero
1324 2027 1404 2062 longe
1418 2027 1644 2054 molestissimum
1657 2028 1761 2055 accidit
1776 2036 1786 2054 .-

963 2071 1026 2090 nam
1043 2063 1195 2090 saevissima
1221 2064 1302 2098 pestis
1327 2063 1406 2098 (proh
1439 2062 1544 2097 dolor!)
1573 2063 1677 2098 famem
1699 2063 1790 2090 subsc-

962 2102 1025 2126 cuta
1053 2102 1099 2126 est.
1132 2099 1243 2125 Morbus
1271 2098 1358 2125 etiam
1385 2101 1505 2131 tetanus,
1529 2106 1706 2126 anervorum
1720 2106 1789 2126 θοῆς

963 2134 1096 2162 tractione
1123 2135 1163 2170 sic
1178 2134 1276 2163 dictus.
1294 2134 1426 2170 quosdam
1440 2133 1587 2161 divezabat
1604 2143 1610 2162 :
1626 2133 1791 2169 quibusdam

963 2174 1055 2197 autem
1068 2169 1214 2205 apoplenia
1232 2169 1385 2197 dimidiam
1411 2173 1517 2204 partem
1547 2171 1668 2205 corporis
1697 2170 1789 2204 arefa-

964 2205 1065 2239 ciebal,
1095 2205 1164 2233 alios
1192 2206 1334 2240 repantino
1362 2205 1438 2232 mori
1464 2205 1586 2240 cogebat,
1614 2213 1664 2233 nec
1678 2205 1789 2241 defuere

966 2242 1014 2277 qui
1027 2241 1124 2269 eodem
1138 2249 1235 2276 genere
1250 2241 1338 2269 morbi
1349 2242 1478 2276 correpti,
1492 2243 1541 2268 aut
1555 2241 1675 2277 corporis
1702 2241 1791 2268 dimi-

966 2276 1042 2305 dium
1070 2284 1177 2305 movere
1205 2279 1314 2305 tantum
1341 2279 1475 2312 poterant,
1505 2280 1553 2303 aut
1579 2276 1691 2304 omnino
1715 2276 1792 2304 omni

962 2313 1093 2341 movendi
1107 2314 1228 2347 corporis
1242 2313 1381 2349 facultate
1395 2312 1621 2340 destituebantur.
1635 2313 1691 2340 Alii
1705 2314 1794 2340 instar

963 2350 1069 2377 utrium
1084 2349 1181 2384 inﬂato
1196 2357 1311 2384 corpore
1340 2349 1507 2376 horrendum
1533 2349 1577 2375 sui
1601 2349 1793 2384 spectaculum

966 2385 1135 2413 intuentium
1163 2386 1250 2412 oculis
1276 2385 1449 2418 exhibebant,
1479 2391 1617 2420 quousque
1645 2393 1718 2412 mors
1734 2385 1791 2413 illis

967 2421 1197 2457 superimminens
1212 2422 1287 2456 (nam
1303 2421 1361 2449 haec
1376 2427 1480 2456 quoque
1494 2420 1588 2457 divino
1604 2421 1720 2457 imperio
1743 2429 1793 2457 pa-

968 2456 1055 2490 rebat,
1073 2458 1155 2492 atque
1168 2465 1203 2484 ex
1218 2457 1301 2491 huius
1312 2457 1472 2492 praescripto
1486 2456 1619 2484 nonnihil
1633 2457 1794 2485 retardaba-

969 2493 1026 2529 tur)
1041 2500 1115 2527 aegre
1130 2492 1238 2520 tandem
1253 2494 1366 2520 miseros
1393 2492 1562 2527 gravissimis
1589 2493 1727 2521 doloribus
1758 2493 1795 2521 li-

970 2530 1091 2557 berabat.
1123 2531 1267 2557 Enimvero
1295 2529 1332 2556 iis
1362 2535 1424 2563 quze
1447 2529 1503 2563 iam
1518 2537 1536 2556 a
1550 2529 1629 2557 nobis
1645 2532 1797 2558 memorata

971 2569 1045 2598 sunt,
1061 2565 1202 2600 permulta
1218 2565 1278 2593 alia
1302 2564 1417 2599 adjungi
1441 2569 1557 2599 possent.
1587 2573 1647 2600 quae
1675 2566 1797 2600 longiore

973 2601 1132 2635 indigerent
1158 2602 1289 2632 oratione,
1306 2608 1389 2635 quam
1404 2608 1436 2627 ea
1452 2608 1514 2635 qua
1528 2601 1562 2628 ab
1579 2601 1687 2629 homine
1702 2602 1734 2628 in
1748 2610 1798 2629 cu-

972 2637 1095 2664 stodiam
1108 2637 1170 2664 dato
1184 2637 1321 2672 proﬁcisci
1334 2638 1430 2672 potest.
1448 2636 1518 2670 Quid
1542 2638 1616 2665 enim
1643 2638 1721 2664 aliud
1749 2645 1797 2672 po-

972 2675 1032 2700 tero
1061 2680 1142 2708 quam
1170 2680 1212 2700 res
1242 2674 1299 2699 tam
1328 2671 1444 2706 grandes
1456 2674 1551 2708 paucis
1565 2671 1754 2708 perstringere
1768 2680 1800 2700 ac

973 2711 1098 2741 tenuare,
1119 2709 1166 2743 qui
1180 2716 1289 2736 carcere
1304 2709 1428 2736 inclusus
1442 2716 1477 2736 ne
1492 2709 1590 2737 horum
1615 2708 1722 2744 quidem
1746 2708 1800 2736 ha-

974 2745 1019 2772 beo
1045 2745 1138 2779 pacati
1165 2744 1237 2771 otii?
1262 2744 1425 2772 densissima
1440 2745 1558 2772 carceris
1572 2743 1673 2778 caligo.
1690 2750 1754 2778 qum
1767 2743 1800 2772 ob

974 2780 1063 2808 oculos
1078 2782 1212 2813 versatur,
1236 2782 1376 2816 aspectum
1405 2780 1512 2808 hebetat
1540 2782 1621 2816 atque
1648 2779 1800 2808 obtundit:

975 2816 1108 2852 tumultus
1136 2823 1231 2844 eorum
1259 2817 1307 2852 qui
1333 2817 1417 2844 simul
1447 2815 1595 2852 incudem
1618 2819 1801 2844 asservantur

975 2851 1107 2888 custodia,
1124 2853 1245 2879 mentem
1261 2850 1367 2888 agitant
1381 2854 1462 2888 atque
1483 2850 1650 2888 perturbant
1675 2860 1685 2879 .'
1713 2854 1802 2880 turris

975 2895 1038 2924 qua
1064 2887 1099 2915 ad
1125 2888 1257 2924 majorem
1278 2886 1394 2924 portum
1415 2886 1458 2924 in,
1477 2886 1573 2924 dextro
1604 2887 1683 2924 urbis
1698 2889 1800 2922 angulo

976 2922 1037 2954 erat
1049 2922 1197 2960 exstructa,
1212 2922 1417 2961 catapultarum
1430 2923 1468 2957 vi,
1490 2922 1589 2958 quibus
1618 2922 1705 2952 hostes
1731 2931 1801 2954 saxa
