2005 3168
176 183 217 213 '15

854 178 1004 210 JOANNI:

1058 177 1214 208 IONARE
1854 178 1893 208 76

176 249 293 285 cognita
320 247 485 276 litterarum
513 248 679 280 sententia,
711 246 905 274 Andronicum
935 254 1001 273 cum

1061 242 1154 271 δοῦναι
1183 243 1278 279 αὐτήν.
1305 245 1408 272 Τοῦτον
1423 243 1456 279 δὴ
1481 244 1527 272 τὸν
1554 244 1706 283 ’Δγαρηνὸν
1723 246 1737 273 ὸ
1756 248 1892 282 Ἐαμωνᾶς

177 293 315 322 omnibus
330 292 393 320 suis
407 292 438 320 in
453 291 572 320 vincula
598 291 770 328 conjiciunt,
787 291 816 318 in
833 290 941 326 quibus
956 290 1005 318 ille

177 338 250 367 obiit
265 346 270 365 :
288 337 410 374 quidam
426 345 494 365 vero
510 344 544 364 ex
558 336 630 370 illis,
644 337 769 364 carceris
784 343 931 363 aerumnas
948 343 1003 362 non

177 385 314 416 ferentes,
343 382 432 409 ﬁdem
457 381 644 416 abjurarunt.
671 382 707 408 At
731 380 953 414 Constantinus,
979 382 1007 406 et

178 427 300 464 quidam
329 433 397 454 cum
425 426 501 462 ipso,
527 433 642 454 carcere
671 425 774 461 elapsi,
799 424 828 452 in
860 424 1007 452 Romanos

178 472 300 504 limites,
334 470 580 506 persequentibus
606 470 747 506 Agarenis
773 469 888 497 fortiter
910 469 1007 505 profli-

184 516 271 552 gatis,
289 517 454 543 evaserunt.
473 515 543 542 Eum
563 515 724 551 imperator
738 516 766 542 et
780 514 912 541 hilariter
927 521 1009 541 exce-

185 560 239 597 pit,
256 563 284 588 et
304 559 459 595 magniﬁce
475 559 604 592 donavit,
620 561 648 586 et
669 558 824 594 exquisitis
850 557 1010 585 honoribus

184 605 289 633 affecit.
304 605 413 632 Deinde
428 604 515 632 etiam
531 604 556 631 ei
572 603 646 631 dixit
658 611 664 631 :
675 604 714 631 Ne
728 607 752 631 te
767 603 886 637 decipiat
900 610 1009 635 nomen,

181 649 365 682 Constantine,
381 650 468 682 tuum,
481 656 530 676 nec
542 649 665 684 putaris,
677 656 707 675 eo
723 648 798 683 quod
813 647 1010 675 Constantinus

178 695 310 721 Romanis
338 694 528 729 imperaturus
556 693 601 726 sit,
632 697 657 719 te
685 693 807 728 imperio
835 692 1010 727 potiturum:

179 743 255 766 certo
282 738 356 766 enim
383 738 460 769 scito,
484 737 576 772 ﬁlium
605 737 678 763 hunc
705 744 807 770 meum,
835 736 914 763 illum
943 743 1009 763 esse.

180 783 255 817 Quod
269 783 295 810 si
309 786 338 810 tu
352 783 483 817 Spartam
498 786 575 809 tuam
590 782 712 814 ornaris,
730 781 796 808 bene
811 781 865 808 tibi
880 781 934 808 erit
941 789 952 812 ;
967 781 1011 808 sin

178 828 259 855 rebus
274 827 354 854 novis
368 826 517 859 studueris,
534 827 558 853 et
574 825 752 861 tyrannidem
773 825 913 861 aﬂectaris
927 834 936 852 :
953 825 1013 860 nol;

180 871 320 906 dubitare,
336 872 402 906 quin
418 878 470 904 per
491 870 562 897 hanc
583 874 689 906 portam
706 870 921 905 (demonstrata
936 870 1012 897 occi-

1062 288 1328 325 μεταιιαλεσάμενος,
1358 288 1384 315 ἐν
1412 289 1579 327 ἀπορρήτοις
1607 289 1673 328 φησί
1702 290 1773 328 πρὸς
1797 290 1889 317 αὐτόν·

1061 331 1142 363 Οἶδας
1172 333 1213 360 ὅτι
1251 333 1297 360 τὸν
1337 331 1451 371 ὄλεθρον
1488 337 1538 369 τῆς
1569 334 1667 371 Συρίας
1702 334 1771 370 ὅλης
1801 335 1893 374 φέρεις

1062 375 1089 404 ἐν
1117 379 1176 408 ταῖς
1205 376 1299 414 χερσίν
1318 378 1398 412 ;⁹Ίνα
1426 380 1490 416 γοῦν
1522 379 1567 406 καὶ
1595 379 1644 413 τὴν
1674 377 1793 417 πατρίδα
1813 390 1893 417 περι-

1063 421 1154 458 σώσῃς
1195 422 1239 449 καί
1279 420 1342 453 τοὺς
1382 422 1520 461 ὁμογενεῖς
1547 445 1555 458 ,
1584 423 1630 451 τὸν
1668 424 1754 461 κηρὸν
1795 426 1893 452 τοῦτον

1063 465 1220 503 ἐγχείρισον
1243 468 1284 502 τῷ
1313 466 1419 504 Οὐζῄρ.
1449 467 1528 495 Οὕτω
1556 468 1608 506 γὰρ
1638 468 1652 495 6
1681 469 1745 505 παρ’
1774 469 1798 504 ᾦ
1823 469 1858 503 ἦν
1880 470 1895 497 ὁ

1065 509 1240 548 Ἀνδρόνικος
1278 510 1455 548 ὠνομάζετο.
1481 512 1509 538 Ὁ
1538 510 1567 539 δὲ
1593 512 1742 547 πεποίηκεν
1773 513 1812 545 ὡς
1840 523 1895 540 πι-

1065 555 1211 592 ρήγγελτο,
1236 555 1279 582 καὶ
1304 556 1414 592 γνόντες
1434 556 1461 583 οἱ
1475 558 1524 589 τῆς
1544 557 1630 594 Ἀγαρ
1647 557 1696 591 τὴν
1712 556 1826 594 δύναμιν
1844 561 1899 592 τῆς

1063 602 1181 637 γραφῆς,
1206 599 1249 626 καὶ
1276 600 1323 627 τὸν
1354 599 1526 636 Ἀνδρόνικον
1560 599 1691 638 δεσμοῦσι
1718 601 1765 629 καὶ
1795 602 1899 634 πάντας

1063 643 1128 674 τοὺς
1162 643 1207 670 σὺν
1231 644 1306 680 αὐτῷ
1330 666 1335 672 .
1363 645 1394 673 Ὁ
1425 645 1471 681 μὶν
1502 645 1547 672 οὖν
1577 645 1752 684 ’Δνδρόνικος
1783 646 1810 674 ἐν
1834 650 1897 678 τοῖς

1066 686 1177 724 δεσμοῖς
1201 688 1247 715 τὸν
1278 688 1335 726 βίον
1364 689 1505 718 κατέλυσε,
1534 690 1609 721 Τινὲς
1640 689 1668 718 δὶ
1682 693 1735 718 τῶν
1761 691 1807 718 σὺν
1821 692 1900 728 αὐτῷ

1064 733 1113 766 τὴν
1144 731 1174 759 ἐκ
1198 735 1252 760 τῶν
1283 731 1389 770 δεσμῶν
1422 735 1460 770 μὴ
1490 735 1647 773 στέργοντες
1676 736 1814 770 κάκωσιν,
1843 737 1899 770 τήν

1065 777 1156 804 πίστιν
1181 777 1281 804 ἑαυτῶν
1307 777 1489 814 ἐξωμόσαντο.
1514 780 1544 808 Ὁ
1571 778 1599 806 δὲ
1624 782 1827 811 Κωνσταντῖνος
1851 780 1903 808 καί

1064 831 1136 852 τινες
1162 823 1216 848 τῶν
1247 821 1292 849 σὺν
1320 822 1395 859 αὐτῷ
1422 827 1473 858 τῆς
1501 823 1610 862 εἲρκτῆς
1638 823 1798 864 ἐκφυγόντες
1826 825 1900 863 πρὸς

1064 866 1098 892 τα
1133 866 1274 902 Ῥωμαίων
1313 867 1433 904 ἀπῄεσαν
1456 889 1463 901 ,
1503 867 1637 899 καὶτοὺς
1677 868 1900 901 καταδιώκοντας

181 915 291 944 dentali
306 914 392 942 Aurei
408 914 530 942 triclinii
548 914 641 950 porta)
656 916 738 949 caput
751 916 832 941 tuum
846 914 948 950 absque
962 921 1004 941 ra-

1065 909 1161 941 αὐτοὺς
1197 911 1365 948 ’Δγαρηνοὺς
1392 912 1520 950 γενναίως
1554 912 1729 950 τρεψάμενοι,
1761 913 1901 950 διεσώθη-

1068 965 1101 967 id,
1160 956 1192 967 In
1240 956 1248 967 ι
1281 956 1294 967 D
1323 966 1329 967 κ
1345 955 1355 967 Ἴ
1367 955 1385 967 ,‘
1439 956 1493 967 7“"
1536 957 1542 967 Ι
1767 961 1779 966 ~
1890 959 1897 967 1

182 960 256 995 liquo
270 966 382 994 corpore
397 958 432 985 sit
453 959 648 990 transiturum,
664 957 692 985 id
707 958 778 994 quod
789 960 882 994 postea
906 960 1011 994 factum

180 1009 230 1032 est.
245 1004 316 1031 Cum
331 1005 463 1031 Samonm
478 1005 561 1038 pater
574 1011 641 1030 cum
657 1002 836 1038 quibusdam
850 1002 916 1030 aliis
932 1002 1011 1031 Meli-

179 1051 279 1077 tenam
294 1048 432 1082 venisset,
448 1047 510 1075 viso
533 1047 644 1074 honore
658 1049 686 1074 et
701 1047 851 1082 opulentia
865 1047 928 1080 ﬁlii,
941 1055 1008 1075 cum

179 1102 213 1122 eo
237 1093 332 1120 vivere
356 1092 458 1120 voluit.
481 1091 555 1119 Nam
584 1091 745 1127 imperator
773 1099 822 1120 eos
851 1091 1007 1120 honoriﬁce

178 1139 339 1173 exceperat,
356 1138 385 1164 et
402 1138 504 1164 contra
520 1144 609 1171 quam
626 1135 758 1170 decebat,
779 1135 914 1164 homines
940 1145 1005 1172 pro-

179 1183 264 1210 fanos
287 1181 317 1209 in
342 1181 478 1217 Magnam
505 1179 664 1208 Ecclesium
686 1180 896 1208 introduxerat.
918 1181 973 1209 Sed
990 1190 1007 1209 a

179 1226 240 1255 ﬁlio
255 1225 422 1261 prohibitus
445 1227 500 1257 est,
516 1225 669 1257 suadente,
687 1226 719 1251 ut
734 1232 819 1251 suam
835 1224 1005 1261 religionem

179 1272 376 1302 conservaret,
391 1271 479 1304 atque
501 1269 530 1296 in
554 1268 681 1304 patriam
707 1271 910 1303 reverteretur,
927 1270 1004 1305 quod

179 1317 209 1343 et
233 1314 297 1350 ipse
321 1321 372 1350 per
400 1313 583 1341 occasionem
613 1312 743 1341 facturus
769 1315 857 1341 esset.
874 1313 905 1341 In
931 1314 1005 1341 festo

179 1360 367 1388 Pentecostes
381 1360 435 1386 Leo
451 1357 545 1385 filium
559 1365 647 1385 suum
663 1357 822 1392 coronavit,
839 1360 867 1385 et
881 1358 1005 1394 impera-

179 1407 272 1432 torem
293 1402 458 1439 appellavit.
469 1401 610 1430 Caeterum
634 1402 753 1429 odiosus
769 1402 842 1430 181
862 1402 1004 1431 Samonas

180 1447 350 1476 eunuchum
367 1446 538 1474 ministrum
554 1454 642 1474 suum
657 1447 895 1481 Constantinum,
906 1455 940 1476 ex
957 1448 1005 1475 Pa-

178 1493 337 1530 phlagonia
351 1491 521 1526 oriundum,
538 1491 664 1519 dominae
680 1491 714 1518 ad
732 1491 927 1519 ministerium
944 1494 1003 1520 tra-

176 1537 262 1571 didit,
278 1537 327 1572 qui
342 1545 408 1564 cum
436 1538 464 1564 et
486 1535 664 1571 imperatrici
692 1537 721 1563 et
750 1536 807 1571 ipsi
835 1536 1003 1572 imperatori

176 1582 336 1619 percharus
352 1582 438 1615 esset,
455 1581 596 1616 profanus
612 1580 756 1608 Samonas
771 1580 882 1608 invidia
897 1584 1001 1609 stimu-

173 1618 253 1654 iatus
273 1626 357 1653 illum
383 1626 460 1661 apud
491 1625 698 1661 imperatorem
723 1625 838 1659 detulit,
856 1626 940 1661 quasi
966 1627 1002 1654 ab

1059 1623 1117 1651 σίαν
1146 1624 1183 1660 μή
1214 1622 1327 1655 δεόντως
1352 1624 1480 1656 ἀπίστους
1510 1623 1587 1656 ὄντας
1615 1625 1756 1663 εἰσήγαγεν
1773 1649 1779 1655 .

176 1670 364 1706 imperatrjce
384 1671 542 1702 amaretur,
559 1677 646 1705 quem
674 1670 726 1697 Leo
749 1678 784 1697 ex
807 1670 1004 1706 mmulatione,

178 1722 230 1750 pro
245 1713 386 1741 monacho
402 1713 528 1744 tonderi,
544 1721 597 1740 nec
612 1713 706 1740 multo
730 1717 796 1749 post
820 1715 960 1748 revocari,
978 1718 1007 1743 et

180 1757 344 1786 monastico
359 1757 461 1784 habitu
483 1759 578 1791 exuto,
596 1757 708 1784 civilem
725 1761 833 1785 vestem
858 1767 1007 1787 resumam

178 1802 282 1839 jussit,
298 1809 391 1838 eoque
418 1800 593 1828 familiarius
612 1801 699 1828 etiam
716 1809 803 1837 quam
831 1802 911 1837 prius
935 1811 1006 1830 usus

181 1849 237 1876 est.
253 1847 283 1874 Id
305 1847 436 1874 Samonaa
461 1844 674 1872 intolerabilius
690 1845 797 1872 visum.
814 1845 902 1873 Curat
916 1846 1008 1882 igitur

184 1899 236 1928 per
258 1898 378 1918 suorum
395 1889 564 1925 quemdam,
578 1888 709 1916 libellum
725 1890 864 1918 conviciis
888 1890 1006 1926 plenum

184 1935 284 1970 scribi,
300 1942 427 1970 eumque
441 1933 551 1969 abjicit,
567 1941 625 1969 qua
645 1934 806 1970 imperator
827 1936 1007 1964 transiturus

182 1983 245 2009 erat
262 1988 268 2007 :
285 1988 343 2016 quo
363 1979 388 2007 is
403 1979 521 2006 invento
536 1980 563 2005 et
578 1977 662 2010 lecto,
679 1978 782 2011 doluit,
800 1982 1006 2016 auctoremque

181 2024 344 2061 requisivit.
361 2023 443 2051 Unus
464 2022 553 2058 igitur
567 2031 601 2050 ex
616 2023 680 2058 ejus
702 2022 741 2050 rei
758 2023 893 2058 consciis,
908 2027 1006 2053 Samo-

179 2078 247 2098 nam
273 2068 374 2105 scripti
401 2069 547 2096 aucterem
574 2075 639 2095 esse
667 2067 786 2095 indicat.
804 2067 877 2096 Cum
907 2072 1004 2097 autem

177 2114 295 2151 eclipsis
311 2113 385 2141 lunae
402 2114 464 2140 tum
482 2112 597 2144 fuisset,
615 2112 773 2147 imperator
788 2114 1004 2150 metropolitam

176 2158 361 2195 Synadorum
377 2157 412 2185 de
428 2165 462 2185 ea
483 2156 662 2192 quaesiturus
679 2157 811 2190 accersit,
829 2166 914 2193 quem
937 2167 1002 2186 cum

174 2203 318 2232 Samonas
335 2202 471 2238 privatim
487 2202 521 2228 de
538 2201 589 2228 illa
605 2201 814 2236 sciscitaretur,
827 2204 1001 2238 respondet:

174 2249 260 2276 Tuum
273 2247 461 2283 infortunium
480 2245 619 2281 portendit
642 2248 702 2273 ista
728 2246 802 2274 lunas
817 2246 936 2283 affectio.
953 2248 1003 2276 Sin

172 2292 278 2320 decima
293 2293 374 2320 tertia
388 2291 458 2319 Julii
473 2291 533 2318 die:
548 2292 613 2317 ante
637 2294 713 2317 tuam
728 2291 915 2318 calamitatem
928 2300 1001 2327 praa—
1017 2302 1040 2334 D

171 2337 298 2366 inierit;
314 2338 341 2363 et
355 2340 386 2363 tu
410 2335 598 2370 infortunium
622 2334 749 2361 evitabis.
766 2334 876 2362 Deinde
892 2336 929 2363 ab
944 2336 1000 2364 im-

170 2382 304 2416 peratore
325 2387 440 2415 quoque
465 2379 664 2414 interrogatus
679 2379 860 2414 Synadorum
886 2380 1000 2416 episco-

169 2432 236 2460 pus,
253 2424 419 2460 respondet,
436 2423 547 2451 malum
571 2423 649 2450 istud
668 2423 697 2450 in
713 2431 780 2450 eum
797 2424 847 2459 qui
872 2427 947 2452 esset
963 2426 999 2453 ab

166 2467 217 2496 illo
234 2468 395 2503 proximus,
411 2470 624 2503 grassaturum.
646 2467 808 2503 Imperator
829 2476 915 2504 porro
931 2478 998 2505 per-

168 2520 271 2541 sonam
289 2512 452 2548 proximam
476 2511 672 2540 Alexandrum
691 2511 811 2539 fratrem
835 2513 997 2549 judicabat,

164 2557 215 2585 sed
234 2557 306 2584 falso
321 2566 328 2584 :
346 2564 412 2584 nam
431 2555 542 2583 homini
561 2555 689 2591 pessimo
705 2557 825 2584 tandem
842 2558 918 2585 male
933 2566 997 2586 esse

164 2602 326 2638 oportebat.
348 2603 402 2628 Leo
427 2600 527 2636 igitur,
545 2601 592 2628 ubi
619 2601 754 2637 cognovit
770 2610 837 2630 eum
865 2610 929 2630 esse
954 2603 995 2631 fa-

163 2646 239 2676 mosi
267 2645 359 2674 libelli
388 2646 548 2680 auctorem,
569 2647 595 2672 et
622 2645 701 2681 regia
726 2645 826 2682 exigit,
842 2649 870 2675 et
893 2655 994 2675 rasum

1065 965 1131 984 σαν.
1160 956 1207 983 ‘Ov
1237 956 1251 982 ὁ
1280 955 1408 994 βασιλεὺς
1438 956 1543 992 ἐδέξατό
1576 968 1605 985 τε
1641 961 1820 996 περιχαρῶς,
1846 959 1900 986 καὶ

1064 998 1224 1035 ἐδεξιώσατο
1254 999 1480 1038 μεγαλοπρεπῶς,
1510 1001 1555 1029 καὶ
1584 1000 1767 1041 διαφερόντως
1796 1003 1896 1040 ἐτίμη-

1064 1053 1127 1071 σεν·
1156 1045 1214 1072 εἶτα
1240 1044 1285 1072 καὶ
1312 1045 1380 1083 πρὸς
1411 1046 1491 1074 αὐτὸν
1523 1045 1586 1085 ἔφη·
1616 1048 1662 1082 Μὴ
1691 1047 1820 1075 ἀπατάσω
1848 1059 1895 1083 σε,

1062 1091 1258 1124 Κωνσταντῖνε,
1287 1090 1318 1117 τὸ
1348 1087 1456 1127 ὄνομα,
1489 1089 1553 1127 μηδ’
1582 1090 1641 1119 οἷόυ
1668 1095 1716 1127 τῆς
1746 1091 1892 1130 βασιλείας

1059 1136 1178 1171 τυχεῖνί
1220 1134 1257 1166 ὡς
1299 1135 1505 1162 Κωνσταντίνου
1549 1136 1688 1173 Ῥωμαίων
1731 1136 1889 1174 μέλλοντος

1061 1178 1159 1215 ἄρξαι*
1187 1177 1243 1206 ’ίσθι
1273 1178 1324 1216 γὰρ
1361 1177 1481 1217 ἀκριϐῶς
1515 1182 1610 1208 τοῦτον
1649 1181 1726 1208 εἶναι·
1751 1182 1797 1209 τὸν
1827 1182 1889 1209 υἱὸν

1059 1222 1105 1250 τὸν
1128 1221 1215 1259 ἐμόν.
1247 1222 1284 1250 Σὺ
1311 1222 1339 1250 δὶ
1366 1223 1391 1251 si
1421 1224 1467 1260 μὶν
1497 1225 1527 1259 ἣν
1556 1223 1656 1263 ἓλαχες
1684 1226 1811 1264 Σπάρταν
1837 1237 1887 1254 κο-

1060 1269 1150 1303 σμεῖς,
1181 1266 1254 1294 ἔσται
1284 1278 1327 1294 σοι
1357 1267 1395 1295 εὖ·
1428 1268 1450 1296 εί
1477 1267 1505 1296 δὲ
1533 1269 1712 1307 νεωτερίσιις,
1728 1270 1773 1298 καὶ
1788 1281 1889 1309 τυραν-

1059 1310 1113 1338 νίδι
1143 1310 1338 1349 ἐπιχειρήσεις,
1368 1311 1421 1340 ἔσω
1450 1311 1567 1350 βεϐαίως
1598 1313 1677 1345 εἰδὼς
1707 1315 1745 1346 ὡς
1770 1314 1816 1343 διὰ
1835 1319 1889 1350 τῆς

1060 1353 1089 1382 δὲ
1115 1356 1166 1390 τῆς
1195 1355 1287 1391 πύλης
1311 1357 1370 1394 (τήν
1400 1357 1469 1395 πρὸς
1494 1356 1568 1384 δύσιν
1598 1358 1678 1386 οὖσαν
1704 1361 1752 1386 τοῦ
1778 1360 1888 1398 Χρυσο-

1057 1399 1198 1437 τρικλίνου
1227 1399 1315 1437 δείξας
1344 1400 1427 1438 αὐτῷ)
1457 1403 1475 1437 ἡ
1504 1401 1609 1441 κεφαλή
1633 1413 1681 1430 σου
1704 1406 1754 1431 τοῦ
1784 1403 1888 1432 λοιποῦ

1059 1445 1187 1481 σώματος
1230 1455 1320 1484 χωρις
1372 1445 1586 1484 εἷσαχθήσεται⁸
1629 1447 1644 1475 ὃ
1685 1448 1730 1475 καὶ
1773 1449 1886 1486 γέγονεν

1058 1488 1178 1526 ὕστερον.
1209 1490 1256 1518 Ἐκ
1284 1489 1313 1518 δὲ
1341 1490 1496 1526 Μελιτηνῆς
1523 1491 1656 1524 ἐλθόντων
1683 1495 1776 1527 τινῶν,
1802 1493 1828 1521 ἐν
1846 1494 1888 1525 οἷς

1058 1534 1090 1569 ἦν
1120 1534 1165 1562 καὶ
1195 1535 1209 1562 ὁ
1236 1537 1285 1562 τοῦ
1316 1538 1435 1571 Σαμωνᾶ
1463 1537 1573 1573 πατὴρ,
1604 1535 1747 1572 ὑπεδέξατο
1770 1538 1885 1569 τούτους

1058 1578 1175 1616 ἐντίμως
1203 1580 1216 1606 6
1248 1578 1384 1617 βασιλεὺς,
1409 1579 1454 1607 καὶ
1484 1580 1521 1611 sic
1549 1581 1599 1615 τήν
1623 1580 1753 1618 Μεγάλην
1770 1581 1888 1618 Ἐκκλη-

1806 1625 1887 1656 Ἰδὼν

1061 1667 1090 1696 δὲ
1118 1668 1132 1695 ὁ
1157 1670 1206 1695 τοῦ
1235 1671 1355 1705 Σαμωνᾶ
1381 1669 1482 1707 πατὴρ,
1511 1670 1541 1704 ἢν
1570 1670 1642 1708 εἶχεν
1671 1670 1685 1698 ὁ
1715 1671 1773 1702 υἱὸς
1800 1672 1887 1699 αὐτοῦ

1059 1713 1144 1749 τιμήν
1161 1712 1186 1739 ὲν
1208 1715 1266 1743 τοῖς
1292 1713 1451 1751 βασιλείοις,
1475 1713 1520 1741 καὶ
1543 1715 1589 1742 τὸν
1609 1714 1728 1742 πλοῦτον
1754 1715 1782 1743 ὃν
1807 1726 1888 1753 περι-

1061 1757 1156 1791 ἔκειτο⁷
1181 1755 1264 1792 ἤθελε
1292 1757 1441 1796 συνδιάγειν
1467 1759 1559 1794 αὐτῷ.
1589 1759 1733 1795 Έκωλόθη
1764 1759 1793 1788 δὲ
1821 1762 1888 1798 παρ’

1061 1800 1175 1837 ἐκείνου,
1199 1802 1249 1836 τὴν
1274 1801 1376 1829 οἰκείαν
1393 1803 1535 1840 θρησκείαν
1555 1807 1648 1840 τηρεῖν
1679 1802 1889 1841 συμϐουλεύον-

1060 1856 1117 1880 τος,
1141 1845 1186 1873 καὶ
1211 1846 1249 1877 εἰς
1271 1847 1321 1880 τήν
1346 1845 1464 1883 πατρίδα
1487 1847 1656 1880 ἐπανελθεῖν.
1682 1849 1713 1877 Εἰ
1730 1848 1758 1877 δὲ
1776 1850 1820 1877 καὶ
1837 1850 1888 1877 αὖ·

1060 1889 1118 1924 τός,
1146 1889 1207 1929 ἔφη,
1232 1890 1310 1928 τύχω
1334 1893 1440 1930 καιροῦ,
1467 1892 1644 1928 ὑπονοστήσω
1669 1894 1737 1931 πρός
1763 1905 1801 1923 σε.
1828 1896 1888 1930 Τῆς

1062 1933 1085 1961 δ’
1114 1933 1210 1972 ἑορτῆς
1238 1936 1277 1971 (9)
1304 1938 1354 1971 τῆς
1383 1939 1573 1972 Πεντηκοστῆς
1609 1937 1738 1973 ἐνστάσης
1755 1961 1762 1974 ,
1791 1937 1888 1977 ἕστεψε

1060 1979 1106 2006 τὸν
1131 1979 1188 2006 υἱὸν
1214 1978 1297 2006 αὐτοῦ
1320 1980 1334 2007 ὁ
1361 1980 1497 2017 βασιλεὺς,
1522 1981 1567 2008 καὶ
1592 1982 1770 2020 ἀνηγόρευσεν
1803 1984 1885 2011 αὐτὸν

1062 2023 1184 2061 βασιλέα.
1214 2024 1358 2061 Ἐκτομίαν
1389 2024 1411 2052 δ’
1440 2023 1511 2064 ἔχων
1542 2027 1692 2064 θεράποντα
1716 2027 1729 2054 ὁ
1759 2029 1884 2066 μυσαρός

1061 2071 1207 2104 Σαμωνᾶς,
1236 2072 1436 2097 Κωνσταντῖνον
1462 2070 1684 2107 ὀνομαζόμενον,
1714 2071 1744 2099 ἐκ
1770 2071 1799 2100 δὲ
1828 2075 1883 2100 Πα-

1060 2112 1209 2151 φλαγονίας
1235 2114 1400 2151 γενόμενον,
1426 2116 1460 2152 τῇ
1488 2114 1614 2153 δεσποίνῃ
1641 2118 1737 2144 τοῦτον
1767 2115 1885 2144 δέδωκεν

1060 2157 1098 2188 εἷς
1114 2157 1271 2196 ὑπηρεσίαν.
1293 2158 1368 2186 Ἐπεὶ
1393 2157 1421 2186 δὲ
1445 2159 1488 2186 καὶ
1513 2161 1547 2196 τῇ
1573 2159 1716 2198 βασιλίσσῃ
1738 2161 1783 2188 καὶ
1809 2161 1883 2198 αὐτῷ

1057 2204 1096 2238 τῷ
1129 2201 1270 2240 κρατοῦντι
1301 2202 1360 2230 λίαν
1396 2204 1410 2231 6
1439 2205 1641 2236 Κωνσταντῖνος
1668 2204 1811 2242 ᾠκείωτο,
1842 2205 1881 2238 είς

1059 2247 1202 2284 βασκανίαν
1231 2247 1245 2274 ὁ
1271 2245 1390 2285 βεϐηλὸς
1416 2249 1543 2286 ἠρέθιστο
1572 2251 1716 2285 Σαμωνᾶς,
1743 2251 1789 2277 καὶ
1813 2251 1882 2287 πρὸς

1056 2290 1101 2318 τὸν
1120 2290 1234 2328 βασιλέα
1255 2295 1378 2319 κατεῖπεν
1407 2292 1499 2328 αὐτοῦ,
1523 2293 1560 2324 ὡς
1579 2293 1721 2330 ἐρωμένου
1743 2296 1778 2332 τῇ
1804 2296 1880 2333 βασι-

1057 2334 1148 2372 λίσσῃ.
1165 2335 1362 2371 Ζηλοτυπήσας
1384 2336 1429 2364 οὗν
1456 2338 1470 2365 ὁ
1491 2337 1562 2366 Λέων
1586 2338 1758 2376 ἀποκαρῆναι
1782 2342 1878 2367 τοῦτον

1054 2380 1198 2417 προσέταξε
1227 2382 1359 2420 μοναχὸν,
1388 2382 1433 2409 καὶ
1464 2383 1521 2418 μετ’
1546 2383 1579 2410 οὐ
1607 2382 1680 2411 πολύ
1702 2383 1877 2412 ἀνακαλεῖται

1051 2426 1159 2460 τοῦτον,
1181 2425 1226 2452 καὶ
1254 2425 1423 2461 ἀποδυθῆναι
1447 2427 1577 2460 κελεύσας
1601 2428 1634 2455 τὰ
1663 2430 1802 2466 μοναχικὰ
1826 2428 1877 2466 ἅμ-

1052 2479 1110 2508 φια,
1139 2470 1184 2497 καὶ
1209 2471 1344 2506 κοσμικὴν
1375 2469 1567 2506 περιϐαλέσθαι
1592 2471 1705 2509 στολὴν,
1732 2473 1841 2509 μᾶλλον
1857 2474 1874 2508 ἢ

1051 2514 1183 2552 πρότερον
1212 2515 1293 2542 αὐτὸν
1330 2515 1485 2552 ᾠκειώσατο
1505 2539 1511 2546 .
1547 2517 1606 2545 Οὐκ
1632 2517 1728 2545 ἀνεκτὰ
1757 2517 1779 2545 δ’
1809 2520 1873 2553 ἦσαν

1049 2560 1133 2586 ταῦτα
1157 2561 1195 2595 τῷ
1216 2562 1346 2596 Σαμωνᾷ.
1363 2561 1461 2598 Γράφει
1474 2561 1564 2588 τοίνυν
1582 2560 1708 2599 λοίδορόν
1732 2573 1759 2589 τι
1783 2573 1875 2600 γραμ-

1052 2603 1147 2640 μάτιον
1169 2601 1214 2630 διά
1235 2614 1309 2635 τινος
1337 2606 1390 2631 τῶν
1415 2605 1509 2640 αὐτοῦ,
1534 2606 1578 2633 καὶ
1598 2609 1677 2634 τοῦτο
1704 2606 1792 2645 ῥίπτει
1816 2606 1874 2635 ἔνθα

1050 2648 1064 2675 6
1088 2647 1215 2685 βασιλεὺς
1238 2647 1418 2676 διελεύσεσθαι
1448 2647 1579 2686 ἔμελλεν,
1605 2650 1671 2689 ὅπερ
1696 2652 1782 2688 εὑρὼν
1808 2652 1874 2680 ἐκεῖ·

799 2737 901 2768 Variss
923 2737 1075 2768 lectiones
1098 2740 1128 2768 et
1149 2741 1244 2770 notae.

193 2804 231 2846 (9)
247 2806 302 2838 Τῆς
316 2801 472 2849 ἑορτῆς..
484 2802 590 2849 Lupus
597 2801 801 2849 Ppotqspath'a'
810 2814 817 2832 :
837 2805 910 2832 Anno
924 2805 987 2839 913,

1058 2825 1062 2832 .
1081 2805 1108 2840 1,
1126 2811 1274 2834 coronatus
1297 2811 1337 2836 est
1362 2809 1540 2838 Constantius
1555 2810 1788 2849 (Constantinus)
1802 2813 1869 2849 imp.

158 2841 234 2876 ﬁlius
247 2841 374 2876 praedicti
391 2839 495 2874 Leonis,
512 2839 561 2874 qui
576 2839 701 2872 regnavit
716 2847 752 2866 an
769 2841 811 2867 47.
