2005 3168
155 184 195 215 83
825 175 990 208 JOANNIS
1013 175 1183 208 ZONAR/E
1825 178 1865 208 84

158 252 210 279 ista
230 249 322 286 [acilia
349 249 458 285 injussu
482 245 739 283 imperatoris?qui
765 252 829 273 cum
854 252 924 280 puer
947 243 984 270 εει

1049 241 1188 271 ίποστασία
1240 243 1373 273 ἐπέπαυτο
1391 266 1397 272 .
1436 246 1464 272 ’0
1513 244 1542 273 δὲ
1572 246 1622 272 τοῦ
1660 243 1865 272 Κωνσταντίνου

159 296 191 323 in
202 303 236 323 ea
251 302 314 330 qua
327 295 471 330 geruntur.
487 292 639 320 consentire
652 299 708 319 non
729 289 875 318 creditur?
889 288 944 316 Sed
960 289 989 315 et

158 338 341 368 Constantini
359 345 477 366 uxorem
494 339 622 369 tonsam,
639 337 666 363 et
681 334 774 362 ﬁlium
790 334 852 369 ejus
866 331 987 368 Stepha-

160 393 232 412 num
247 383 382 411 virilibus
404 381 538 415 exsectis,
560 381 590 408 in
613 378 841 415 Paphlagoniam
867 378 988 405 domum

165 436 249 456 suam
265 428 307 455 ire
331 427 538 464 permiserunt.
559 424 748 462 Imperatoris
763 423 853 459 igitur
876 424 989 450 tutores

159 475 221 501 tum
247 471 414 508 patriarcha
441 479 531 506 quam
561 469 666 504 caeteri,
692 477 745 496 suo
772 467 912 496 arbitratu
944 473 990 493 res

161 519 310 554 gerentes,
339 516 432 544 multa
460 517 562 543 contra
590 522 679 550 quam
695 512 835 549 oportuit,
858 511 989 548 egerunt,

162 570 258 598 neque
273 562 486 589 consenserunt
500 559 577 588 inter
592 567 654 587 sese
672 567 679 586 ε
696 557 763 586 aliis
786 557 816 584 id
841 556 917 592 quod
941 555 991 583 alii

162 607 335 640 statuerant,
352 604 572 641 abrogantibus,
590 605 623 631 ut
638 602 794 638 imperium
817 609 874 628 non
891 600 991 644 unius,

163 650 215 679 sed
229 650 388 678 multorum
404 651 491 677 esset.
512 649 548 676 At
571 648 696 685 Symeon
721 645 878 682 Bulgarus,
893 645 993 681 opina.

168 698 218 723 tus
233 703 274 730 se,
291 694 369 730 quod
395 693 495 721 nullus
513 694 591 721 esset
614 692 782 728 imperator,
794 689 875 718 urbis
900 689 992 725 Regia;

166 738 251 767 facile
272 738 450 775 potiturum;
474 737 641 774 Byzantium
667 744 733 764 cum
743 735 879 763 maximis
902 734 993 770 copiis

167 783 347 820 aggreditur,
360 784 389 810 et
403 784 482 810 extra
494 790 594 810 muros
610 781 714 809 castris
729 780 993 816 locatis,expugna-

168 828 284 856 tionem
312 827 482 855 meditatur.
505 827 558 854 Sed
569 834 636 854 cum
659 825 827 853 ﬁrmitatem
851 824 992 852 mcenium

167 872 301 906 vidisset,
330 874 358 900 et
386 871 607 899 multitudinem
643 878 677 898 ea
706 869 933 904 defendentium,
964 870 993 896 et

168 917 333 952 frequentes
345 916 374 944 in
391 909 427 944 iis
440 915 592 943 machinas
606 924 612 942 :
624 914 710 943 veluti
722 913 864 960 vertigine
879 913 991 960 oborta,
1008 928 1031 960 Β

168 961 203 988 ad
226 961 408 988 Hebdomum
440 968 602 996 regressus,
629 967 728 996 pacem
756 959 847 986 facere
867 958 993 985 studuit.

167 1005 338 1033 Putriarcha
365 1004 456 1041 igitur
485 1008 514 1032 et
538 1004 631 1032 caeteri
647 1005 757 1031 tutores
786 1003 994 1039 imperatorem

167 1057 266 1077 secum
282 1049 312 1077 in
329 1049 529 1077 Blscherniam
546 1048 657 1085 regiam
683 1048 876 1081 adduxerunt,
893 1055 951 1084 quo
966 1048 995 1075 et

165 1095 291 1130 Symeon
315 1094 404 1130 venit,
430 1093 589 1122 obsidibus
615 1093 692 1121 datis
705 1095 732 1120 ct
755 1092 892 1129 acceptis,
921 1094 950 1120 et
977 1100 994 1120 a

165 1139 332 1175 patriarcha
348 1138 499 1166 submisso
524 1138 628 1174 capite,
647 1138 743 1166 fausta
761 1137 994 1173 comprecatione

164 1185 297 1219 accepta,
315 1191 380 1210 cum
399 1184 580 1219 imperatore
594 1182 692 1210 cibum
709 1182 793 1218 cepit.
810 1182 864 1209 Sed
886 1190 951 1209 cum
968 1181 995 1209 ei

164 1227 244 1262 pacis
260 1227 441 1254 conditiones
453 1226 789 1262 displicerent,discessit
804 1226 869 1254 sine
883 1226 994 1262 pactio-

167 1271 255 1299 nibus
274 1280 280 1299 :
314 1271 487 1299 muneribus
507 1273 535 1298 et
558 1271 620 1306 ipse
638 1273 667 1298 et
689 1271 773 1298 liberi
797 1271 861 1306 ejus
884 1269 993 1298 donati.

167 1316 234 1344 Jam
249 1315 319 1351 quia.
342 1315 500 1351 imperator
523 1318 646 1343 matrem
669 1317 806 1351 perpetuo
830 1315 993 1348 revocabat,

170 1362 199 1388 et
227 1360 292 1396 ejus
321 1359 484 1387 absentiam
509 1358 681 1395 deplorabat
696 1368 703 1387 ι
719 1368 808 1396 quam
833 1359 996 1387 Alexander

168 1403 283 1440 pridem
320 1403 399 1440 regis.
433 1404 582 1437 eduxerat,
611 1406 725 1432 tutores
757 1404 894 1432 reducere
925 1405 996 1432 sunt

170 1449 271 1478 coacti.
287 1450 413 1477 Rsversa
427 1457 528 1477 curam
554 1457 651 1476 rerum
676 1449 815 1485 suscepit,
831 1451 860 1476 et
874 1449 995 1477 cubicu-

170 1493 243 1522 lario
258 1493 461 1526 Constantino,
486 1493 660 1529 duobusque
684 1493 822 1521 fratribus
846 1493 995 1529 Gongyliis

168 1538 279 1572 ascitis,
296 1538 425 1574 primum
436 1537 632 1574 patriarcham
660 1531 739 1574 regis
763 1540 868 1566 movet.
886 1538 996 1566 Deinde

170 1583 327 1611 Alexandri
353 1582 517 1617 ministros,
548 1585 688 1611 rectorem
717 1582 889 1617 Basilitzem,
916 1582 990 1611 185

1043 288 1171 325 πενθερὸς
1195 289 1209 316 ὁ
1239 290 1387 327 μάγιστρος
1413 293 1564 328 Γρηγορᾶς,
1584 289 1630 317 καὶ
1657 288 1733 316 Λέων
1757 288 1771 315 ὁ
1796 289 1866 325 Χρι-

1043 333 1196 370 ροσφάκτης
1221 334 1272 368 τῆς
1298 336 1331 371 τῇ
1371 334 1483 372 Μεγάλῃ
1519 333 1670 370 Ἐκκλησία
1697 343 1866 371 προσπεφοι-

1042 377 1166 413 τήκασιν,
1191 377 1237 409 οὓς
1263 376 1422 410 ἐκϐαλόντες
1453 381 1502 406 τοῦ
1526 379 1599 406 Θείου
1622 377 1763 414 τεμένους,
1781 387 1866 414 μονα-

1043 421 1112 459 χοὺς
1139 422 1282 455 απέκειραν
1310 423 1334 450 οἱ
1355 423 1508 461 ἐπίτροποι,
1536 422 1561 450 ἐν
1592 425 1627 460 τῇ
1655 425 1704 450 τοῦ
1734 420 1867 449 Στουδίου

1046 467 1126 503 μονῇ,
1142 465 1264 498 ’Ἄλλους
1281 465 1304 494 δ’
1335 467 1512 504 αῑκησάμενοι
1538 464 1745 505 ἐθριάμϐευσαν,
1764 466 1868 504 ἑτέροις

1044 511 1077 538 τὰ
1103 508 1213 548 ὅμματο
1241 511 1412 549 ἔξεπήρωσαν
1432 512 1509 540 ἐνίων
1538 511 1567 539 δὶ
1589 513 1637 543 τὰς
1658 510 1780 551 κεφαλὰς
1803 511 1869 538 ἀπέ-

1044 566 1138 592 τεμον,
1163 556 1208 584 καὶ
1237 555 1340 588 ἄλλους
1363 556 1393 584 ἐκ
1416 556 1616 596 Χρυσοπόλεως
1631 558 1686 593 (19)
1712 557 1795 594 μέχρι
1818 557 1870 583 τοῦ

1047 600 1182 628 Λευκάτου
1206 601 1430 630 ἀνεσκολόπισαν.
1457 602 1506 629 Καὶ
1527 600 1609 629 ἄλλοι
1636 601 1665 628 όὶ
1685 600 1798 631 πλείους
1819 601 1872 634 τῆς

1046 647 1099 673 τῶν
1125 645 1277 683 ἐπιτρόπων
1303 646 1423 682 ἐξουσίας
1452 646 1591 684 γεγόνασιν
1617 645 1647 673 ἂν
1669 644 1870 684 παρανάλωμα,

1047 689 1072 717 εἴ
1093 691 1130 726 μή
1154 701 1225 722 τινες
1251 693 1304 718 τῶν
1331 689 1463 718 δικαστῶν
1487 694 1538 726 τῆς
1564 691 1632 728 πρὸς
1659 690 1706 722 τὰς
1734 690 1873 726 τιμωρίας

1047 734 1134 771 ῥοπῆς
1161 735 1256 766 αὐτοὺς
1293 735 1477 773 ἀνεχιιιίτισαν,Ι
1517 734 1637 766 εἰπόντες
1654 744 1661 751 ·
1693 735 1756 766 Πῶς
1782 736 1871 761 ταῦτα

1046 781 1150 806 ποιεῖτε
1186 780 1264 816 ὑμεῖς
1310 780 1460 811 κελεύσεως
1501 778 1564 818 ἄτερ
1612 777 1766 817 βασιλικῆς,
1810 778 1871 806 ὲπιὶ

1047 826 1110 855 παῖς
1152 822 1188 851 ὣν
1229 825 1243 851 ὁ
1300 824 1436 862 βασιλεὺς,
1490 827 1548 856 τοῖς
1599 823 1798 862 πραττομένοις
1836 823 1871 850 οὗ

1047 871 1173 896 συναινεῖ.
1204 869 1411 906 ’Λποκείραντες
1436 867 1465 896 δὶ
1498 869 1523 896 ol
1567 868 1720 907 ἐπίτροποι,
1747 868 1792 895 καὶ
1817 868 1870 902 τήν

1045 914 1094 940 τοῦ
1123 912 1309 940 Κωσταντίνου
1341 916 1465 951 γυναῖκα,
1495 913 1540 940 καὶ
1567 913 1613 940 τὸν
1645 912 1703 939 υἱὸν
1734 912 1870 951 Στέφανον

1047 956 1176 993 ὲκτομίαν
1203 959 1377 993 ποιήσαντες,
1408 957 1447 989 εἲς
1477 958 1524 986 τὸν
1548 956 1574 984 ἐν
1600 955 1777 996 Παφλαγονίᾳ
1794 957 1870 983 οἷκον

1048 1001 1134 1029 αὐτῶν
1162 1001 1304 1029 ὲστάλκασι
1332 1001 1501 1033 τούτους.οἱ
1527 1000 1555 1029 δὶ
1581 1003 1630 1028 τοῦ
1661 999 1796 1038 βασιλέως
1811 999 1870 1027 ἐπί-

1046 1056 1144 1083 τροποι
1161 1047 1176 1073 ὅ
1189 1057 1218 1074 τε
1232 1045 1415 1085 πατριάρχης,
1432 1046 1476 1074 καὶ
1500 1047 1526 1074 οἱ
1556 1045 1660 1081 λοιποὶ,
1681 1045 1874 1077 ιναυθεντοῦν-

1047 1101 1090 1122 τες
1104 1093 1162 1122 τοῖς
1186 1090 1335 1129 πράγμασι,
1360 1090 1453 1119 πολλὰ
1476 1093 1530 1118 τῶν
1557 1091 1587 1118 οὺ
1614 1089 1728 1117 δεόντων
1749 1089 1872 1124 ἒποίουν,

1048 1135 1092 1163 καὶ
1122 1136 1190 1172 πρὸς
1218 1135 1360 1171 ἀλλήλους
1395 1134 1424 1162 δὲ
1459 1134 1624 1174 διεφέροντο,
1648 1137 1701 1162 τῶν
1732 1134 1778 1171 μὶν
1806 1132 1872 1161 τάδε

1049 1179 1220 1217 εἰσαγόντων,
1248 1181 1301 1207 τῶν
1331 1179 1361 1207 δὲ
1388 1180 1422 1207 τὰ
1450 1180 1581 1216 ἀντίθετα,
1597 1179 1642 1207 καὶ
1665 1179 1698 1213 ἧν
1723 1180 1741 1214 ἡ
1766 1178 1871 1206 τούτων

1049 1223 1183 1259 διοίκησις
1210 1223 1368 1262 πολυαρχία
1395 1235 1445 1260 τις,
1477 1224 1540 1252 ἀλλ’
1565 1223 1595 1252 οὐ
1625 1223 1773 1262 μοναρχία.
1795 1224 1825 1252 Ὀ
1841 1221 1872 1250 δὲ

1048 1267 1208 1306 Βούλγαρος
1238 1269 1351 1306 Συμεὼν
1379 1271 1446 1306 (20),
1477 1270 1515 1300 ὡς
1541 1269 1580 1305 μή
1608 1269 1742 1307 βασιλέως
1762 1267 1871 1296 ἐπιστα-

1047 1315 1159 1344 τοῦντος
1193 1315 1251 1344 τοῖς
1286 1314 1437 1352 πράγμασι,
1467 1312 1568 1352 ῥᾳδίως
1596 1313 1709 1344 ἐλπίσας
1737 1315 1870 1350 κρατῆσαι

1048 1361 1097 1392 τῆς
1114 1356 1254 1396 βασιλίδος
1276 1360 1330 1386 τῶν
1357 1357 1466 1385 πόλεων
1490 1355 1576 1385 ἔπεισι
1604 1358 1673 1385 κατὰ
1686 1357 1789 1392 ταύτης
1805 1356 1872 1393 μετὰ

1048 1402 1179 1438 πλείστης
1205 1402 1355 1440 δύνάμεως,
1383 1403 1428 1430 καὶ
1458 1402 1508 1438 ἔξω
1540 1400 1779 1439 στρατοπεδεύεται
1816 1403 1870 1428 τῶν

1047 1447 1150 1483 ταύτης
1168 1450 1280 1485 τειχῶν,
1310 1448 1354 1475 καὶ
1378 1446 1562 1485 πολιορκῆσαι
1587 1446 1688 1482 ταύτην
1704 1445 1870 1482 διενενόητο.

1048 1490 1126 1520 Ἰδὼν
1143 1491 1172 1519 δὲ
1186 1492 1216 1519 τὸ
1230 1495 1284 1519 τῶν
1310 1492 1412 1530 τειχῶν
1438 1493 1580 1530 κρατερὸν,
1595 1492 1641 1519 καὶ
1661 1492 1693 1519 τὸ
1717 1490 1825 1526 πλῆθος
1841 1491 1873 1518 τὸ

1049 1536 1090 1564 ἐπ’
1116 1536 1214 1573 αὐτῶν,
1230 1537 1275 1564 καὶ
1300 1539 1354 1564 τῶν
1384 1536 1410 1564 ἒν
1439 1539 1498 1568 τοῖς
1527 1536 1631 1574 τείχεσι
1661 1535 1872 1574 μηχανημάτων

1048 1582 1080 1609 τὸ
1097 1580 1219 1619 δαψιλὲς,
1248 1581 1398 1619 εἷλιγιάσας
1424 1582 1564 1618 μετέπεσεν
1595 1581 1633 1612 εἷς
1660 1581 1692 1608 τὸ
1720 1578 1873 1617 Ἕϐδομον,

167 1627 416 1663 Gabrielopolum,
444 1629 472 1655 et
511 1614 630 1655 caeteros
659 1627 757 1655 etiam.
783 1614 992 1656 Constantinus

1050 1614 1142 1662 ζητῶν.
1161 1614 1329 1655 σπείσασθαί.
1358 1628 1388 1654 ‘0
1414 1614 1479 1663 γούν
1502 1625 1677 1663 πατριάρχης
1697 1625 1740 1652 καὶ
1767 1626 1793 1652 οἱ
1811 1614 1874 1652 λοιλ

170 1674 267 1699 autem
288 1672 362 1698 sacri
389 1671 515 1699 cubiculi
541 1672 715 1708 praepositus
742 1675 856 1708 poterat
883 1673 993 1700 omnia.

168 1714 311 1743 Caeterum
327 1714 470 1750 Bulgarus
497 1715 622 1750 Symeon
643 1716 797 1744 Thraciam
818 1716 995 1744 incursioni-

170 1759 225 1786 bus
256 1758 425 1795 populatus,
449 1758 524 1786 vallo
553 1759 676 1787 excitato
713 1768 744 1787 se
778 1760 994 1796 Adrianopolim

169 1804 405 1839 expugnaturum
437 1803 611 1831 conﬁdebat.
642 1804 703 1836 Quo
737 1806 842 1831 conatu
872 1812 939 1832 cum
965 1812 997 1832 se

172 1847 308 1875 frustrari
323 1847 443 1880 videret,
459 1847 515 1875 alia
540 1847 587 1875 via
611 1855 672 1874 rem
693 1848 872 1884 aggreditur,
888 1850 916 1876 et
931 1848 996 1884 qui-

171 1891 297 1919 busdam
331 1891 521 1927 praesidiariis
554 1891 679 1927 pecunia
707 1893 864 1928 corruptis,
893 1893 997 1920 urbem

173 1935 321 1971 proditam
350 1936 493 1970 vastabat,
521 1944 609 1971 quam
643 1936 840 1972 imperatricis
867 1937 998 1965 studium

173 1980 305 2008 Romano
330 1980 453 2016 imperio
482 1981 673 2016 recuperavit.
703 1981 769 2013 Quae
798 1989 864 2009 cum
882 1982 999 2009 crebras

172 2025 323 2061 Symeonis
339 2024 368 2052 in
379 2024 532 2052 Thraciam
545 2025 733 2053 excursiones
743 2034 800 2053 non
811 2026 897 2053 ferret
909 2034 916 2054 :
929 2034 1000 2062 pace

172 2077 239 2097 cum
255 2069 413 2097 Ismaelitis
425 2070 510 2105 facta,
522 2072 550 2097 et
559 2069 724 2106 legionibus
736 2072 796 2098 tam
809 2071 999 2099 orientalibus

172 2122 261 2150 quam
285 2114 518 2142 occidentalibus
543 2115 719 2150 convocatis,
746 2115 887 2151 magistro
914 2115 999 2143 Leoni

171 2159 272 2187 Phocea
293 2158 441 2196 legionum
458 2159 631 2192 domestico,
647 2159 757 2187 bellum
778 2160 807 2187 in
824 2160 998 2196 Symeonem

172 2204 303 2239 mandat,
335 2204 385 2240 qui
411 2212 508 2240 pugna
537 2204 705 2239 commissa,
731 2204 871 2240 Bulgaros
889 2205 998 2241 insigni

171 2249 291 2277 victoria
317 2251 447 2285 superat,
475 2248 577 2276 multis
607 2257 707 2276 eorum
737 2249 827 2277 caesis.
860 2250 914 2277 Sed
940 2259 997 2286 prae

1048 1670 1096 1698 ποὶ
1119 1673 1172 1698 τῶν
1201 1670 1354 1708 ἐπιτρόπων
1381 1668 1511 1703 λαϐόντες
1536 1670 1582 1698 τὸν
1610 1670 1733 1708 βασιλέα,
1747 1669 1785 1700 εἷς
1800 1670 1835 1697 τὰ
1848 1669 1875 1697 ἐν

1050 1714 1218 1752 Βλαχὲρναις
1244 1714 1332 1749 ἦλθον
1363 1714 1496 1752 βασίλεια,
1526 1714 1595 1742 ὅπου
1633 1715 1678 1742 καὶ
1713 1715 1727 1742 ὁ
1758 1715 1873 1751 Συμεὼν

1049 1759 1222 1796 παρεγένετο,
1250 1759 1374 1797 ὁμήρους
1404 1758 1467 1790 δοὺς
1493 1759 1538 1787 καὶ
1566 1756 1670 1795 λαϐὼν,
1692 1759 1737 1786 καὶ
1763 1759 1803 1795 τῷ
1819 1769 1872 1786 πα-

1050 1803 1170 1841 τριάρχῃ
1184 1803 1276 1835 κλίνας
1296 1804 1345 1838 τὴν
1368 1803 1501 1842 κεφαλὴν,
1517 1802 1662 1841 ηὖλογήθη
1678 1803 1742 1840 παρ’
1756 1802 1874 1838 ἐκείνου,

1050 1847 1096 1875 καὶ
1124 1847 1293 1883 συνειστιάθη
1322 1850 1362 1884 τῷ
1390 1847 1505 1886 βασιλεῖ.
1525 1847 1590 1877 Εἶτα
1613 1849 1650 1884 μὴ
1675 1847 1795 1886 ἀρεσθεὶς
1814 1850 1877 1879 ταῖς

1052 1892 1209 1929 συνθήκαις,
1239 1892 1388 1928 ἐπατῆλθεν
1413 1889 1580 1929 ἀσύμϐατός,
1610 1891 1711 1930 δώροις
1740 1891 1879 1928 δεξιωϐεἱς

1052 1936 1097 1964 καὶ
1122 1936 1203 1968 αὐτὸς
1230 1936 1275 1964 καὶ
1301 1937 1326 1964 οἱ
1352 1936 1447 1968 παῖδες
1470 1937 1564 1966 αὑτοῦ.
1590 1936 1825 1974 Ἀνακαλουμὲνου
1850 1935 1882 1964 δὶ

1054 1979 1148 2009 διόλου
1175 1981 1225 2015 τὴν
1256 1981 1352 2009 ἑαυτοῦ
1381 1981 1483 2020 μητέρα
1510 1983 1558 2010 τοῦ
1587 1981 1738 2016 Βασιλέως,
1763 1982 1809 2009 καὶ
1834 1981 1880 2009 ἐπὶ

1052 2026 1137 2063 ταύτῃ
1154 2024 1328 2063 δακρύοντος,
1345 2024 1423 2065 (ἔφθη
1448 2026 1500 2064 γὰρ
1523 2027 1625 2062 ταύτην
1646 2028 1699 2053 τῶν
1721 2026 1879 2064 ἀνακτόρων

1052 2073 1213 2109 καταγαγεῖν
1238 2071 1252 2098 ὁ
1268 2069 1458 2108 Ἀλέξανδρος)
1490 2071 1697 2109 ἡναγκάσθησαν
1714 2070 1798 2106 αὒτὴν
1813 2071 1879 2098 ἀνα-

1053 2118 1147 2153 γαγεῖν
1162 2116 1188 2143 οἱ
1213 2114 1366 2153 ἐπίτροποι.
1383 2116 1416 2144 Ἡ
1432 2114 1460 2143 δὲ
1476 2115 1633 2144 ἀνελθοῦσα.
1648 2119 1698 2151 τῆς
1714 2114 1880 2151 διοικήσεως

1054 2159 1156 2198 εἷ’χετο,
1184 2157 1378 2198 προσλαϐοῦσα
1398 2160 1442 2188 καὶ
1470 2159 1516 2188 τὸν
1543 2160 1796 2199 Παρακοιμώμενον
1822 2162 1882 2197 (21)

1054 2208 1265 2240 Κωνσταντῖνον,
1299 2205 1344 2232 καὶ
1381 2204 1445 2236 τοὺς
1484 2203 1669 2243 αὐταδίλφους
1704 2205 1787 2244 ἄμφω
1815 2204 1882 2237 τοὺς

1054 2249 1232 2288 Γογγυλίους,
1249 2249 1293 2277 καὶ
1319 2252 1427 2287 πρῶτον
1454 2250 1502 2287 μὲν
1528 2250 1574 2278 τὸν
1590 2248 1764 2288 πατριάρχην
1778 2249 1881 2287 ἀπάγει

173 2293 380 2329 defatigatione
412 2296 442 2321 et
479 2294 585 2320 sudore
615 2293 660 2320 vix
689 2293 735 2321 sui
765 2301 895 2330 compos,
924 2302 994 2330 equc

1053 2296 1108 2322 τῶν
1136 2293 1291 2332 βασιλείων,
1308 2295 1363 2322 εἶτα
1391 2294 1436 2322 καὶ
1463 2294 1530 2325 τοὺς
1558 2296 1606 2322 τοῦ
1629 2293 1810 2332 Ἀλεξάνδρου
1834 2295 1879 2322 θε-

174 2337 334 2372 descendit,
354 2346 443 2374 seque
467 2337 503 2365 ad
529 2338 639 2365 fontem
664 2338 821 2373 quemdam
847 2339 997 2367 recreavit.

174 2381 287 2409 Interea
301 2389 394 2417 equus
411 2382 538 2410 ministri
551 2381 688 2410 manibus
698 2382 859 2418 elapsus,in
872 2382 998 2419 planicie

173 2427 336 2453 castrorum
351 2426 415 2454 sine
436 2435 550 2455 sessore
578 2425 751 2455 exsultabat.
770 2427 823 2460 Qui
840 2436 907 2455 cum
924 2428 998 2456 iusi-

174 2469 239 2506 gnis
252 2473 329 2498 esset
348 2473 464 2499 tantum
489 2473 630 2500 terrorem
658 2471 783 2500 incussit
810 2472 996 2509 exercitibus,

172 2514 367 2543 domesticum
383 2516 524 2544 cecidisse
539 2517 621 2551 ratis,
643 2518 675 2545 ut
700 2518 727 2545 et
741 2524 842 2554 pugna
856 2520 883 2546 et
898 2526 996 2554 perse-

1053 2340 1187 2377 ράποντας
1217 2338 1320 2374 ἐξωθεῖ,
1361 2339 1407 2366 τὸν
1444 2338 1573 2378 ῥαίκτορα
1615 2339 1661 2367 τὸν
1698 2338 1879 2374 Βασιλείτζην

1052 2383 1097 2412 καὶ
1116 2383 1162 2412 τὸν
1190 2381 1437 2421 Γαϐριηλόπωλον,
1455 2383 1525 2412 ἀλκὰ
1552 2384 1643 2420 μέντοι
1668 2383 1713 2411 καὶ
1735 2383 1801 2414 τοὺς
1817 2383 1881 2412 λοι-

1052 2428 1131 2460 πούς.
1147 2431 1349 2460 Κωνσταντῖνος
1373 2427 1402 2456 δε
1424 2429 1438 2456 ὁ
1461 2429 1710 2465 παρακοιμώμενος
1734 2427 1767 2455 τὰ
1791 2428 1882 2456 πάντα

1051 2472 1180 2508 ἠδύνατο.
1195 2474 1226 2502 ‘II
1250 2473 1341 2510 μέντοι
1370 2471 1530 2511 Βούλγαρος
1559 2473 1673 2509 Συμεὼν
1701 2472 1749 2506 τὴν
1768 2472 1878 2510 Θρᾴκην

1052 2518 1198 2556 κατέτρεχὲ
1226 2528 1256 2546 τε
1280 2518 1325 2545 καὶ
1356 2517 1493 2553 ἐληῖζετο,
1521 2517 1566 2545 καὶ
1593 2516 1618 2545 ἐν
1644 2518 1679 2555 τῇ
1704 2515 1881 2555 Ἀνδριανου-

809 2581 910 2611 Variae
926 2582 1078 2614 lectiones
1093 2585 1124 2613 et
1138 2585 1234 2613 notae.

185 2630 331 2674 “(19):Ex‘
357 2629 567 2674 Χρυσοπόλεως.
598 2634 722 2674 βγωεορ
747 2632 858 2674 ίοεοιιπ,¹
884 2636 912 2661 et
931 2636 998 2671 Scy-

171 2665 265 2705 litzes,
283 2665 400 2705 ducas}
416 2665 557 2705 ᾼαμαλίου
575 2665 658 2705 μέχρι
672 2670 720 2696 τοῦ
739 2665 897 2697 Λειῖκατίου.

208 2704 265 2740 (20)
280 2703 309 2732 Ὁ
325 2701 354 2730 δὲ
378 2701 537 2740 Βούλγαρος
563 2701 688 2740 Συμῖων.
713 2705 780 2733 Vita
794 2707 821 2732 S.
839 2708 921 2740 Lucae
944 2705 996 2733 Ju-

173 2737 275 2776 niorls,
292 2749 320 2776 ρ.
335 2739 389 2776 977
404 2747 411 2768 :
425 2737 546 2776 septem
567 2737 617 2776 γαρ
642 2740 726 2776 egro-Li
748 2741 883 2768 Σκυθικοῦ
904 2739 998 2776 ἔθνους

174 2771 273 2812 ἅρχων
285 2771 301 2792 ·’
320 2771 497 2812 Βουλγάρους
518 2771 615 2805 acciti;
637 2773 749 2812 οἴδαμεν
765 2777 888 2811 συνήθως
903 2775 996 2803 καλεῖν

175 2813 230 2837 etc.
244 2811 315 2840 Vide
335 2821 398 2840 ante
414 2812 449 2840 de
464 2811 607 2840 Svmeone
623 2811 800 2840 aduotamus
813 2813 842 2840 iu
867 2813 996 2840 Familia

175 2814 230 2837 etc.
246 2814 315 2840 Vide
335 2821 398 2849 quae
414 2814 449 2840 de
464 2814 607 2847 Symeone
623 2814 800 2840 aduotamus
813 2814 842 2840 iu
867 2814 998 2840 Familia

174 2846 334 2876 Dalmaticis
358 2848 407 2876 ubi
433 2855 536 2884 regum
562 2846 705 2884 Bulgaria!
731 2849 836 2877 seriem
860 2850 889 2877 et
912 2851 995 2885 gesta

1054 2633 1292 2671 perstrinximus.

1088 2671 1142 2706 (2i)
1172 2669 1220 2697 Καὶ
1249 2669 1313 2706 τὸν.
1337 2669 1603 2706 ῌαρακοιμώμενον.
1639 2670 1816 2706 QuemﬂLeo
1850 2670 1881 2697 et

1051 2704 1216 2734 Alexandro
1231 2707 1260 2733 ot
1273 2704 1333 2732 ﬁlio
1344 2704 1536 2734 Constantino
1558 2708 1686 2734 tutorem
1710 2705 1879 2740 reliquerat.

1052 2742 1261 2778 Liutprandus,
1286 2740 1338 2768 lib.
1365 2749 1406 2774 in,
1424 2749 1487 2777 cap.
1504 2743 1542 2770 7:
1569 2742 1672 2776 Quibus
1693 2741 1729 2769 ad
1748 2741 1882 2768 tuendum

1050 2777 1416 2815 palaizum,_tulandamque
1430 2785 1489 2806 rem
1503 2779 1650 2813 privatam,
1661 2780 1700 2815 rut,
1713 2778 1776 2805 istic
1789 2778 1879 2805 mari:

1051 2813 1101 2851 est,
1112 2813 1267 2843 eunuchum
1277 2813 1368 2850 ofﬁcio
1381 2821 1637 2850 paracasmomenon
1648 2814 1736 2842 dedit.
