2005 3168
207 126 264 156 10⁸7

874 120 1040 152 JOANNIS
1061 120 1232 152 ZONAIUE

1856 120 1905 153 l08

206 189 368 225 imperator
380 188 544 217 hausturus
561 190 636 224 erat,
666 187 760 216 toxico
789 187 865 215 clam
894 187 1029 215 admisto.

1090 184 1170 216 αὐτὸς
1199 184 1224 213 δ’
1251 185 1282 213 ἂν
1308 183 1382 213 ἑάλω
1397 185 1411 212 ὁ
1425 183 1576 224 ταῦαρχος,
1590 184 1618 212 εἴ
1643 185 1682 222 μὴ
1696 186 1759 220 περὶ
1776 185 1854 214 αὐτὸν
1865 198 1906 215 συ-

207 234 263 262 Sed
292 242 336 268 eo,
361 241 428 261 cum
445 233 487 261 illi
504 233 687 261 oﬁ'erendum
702 234 791 267 esset,
808 232 868 260 sive
883 231 1034 268 divinitus,

209 279 269 307 sive
285 278 415 311 fortuito,
432 278 560 306 maxime.
574 286 608 305 ex
623 279 704 313 parte
732 277 835 311 etl‘uso,
863 277 892 304 et
920 276 1034 312 exiguo,

212 323 289 359 quod
318 323 512 358 superfuerat,
545 322 651 350 hausto
668 331 674 349 τ
693 321 845 349 doloribus
863 321 995 357 quidem,
1008 323 1038 348 et

212 367 375 396 terroribus
390 367 586 403 periculorum
602 375 659 394 non
676 366 773 402 parvis
787 368 832 394 est
840 365 1035 401 conﬂictatus,

212 412 276 440 vita
303 414 403 440 tamen
437 411 606 444 discrimen,
636 419 816 446 quamquam
842 410 919 438 196
949 418 1036 446 egre,

214 457 403 485 evasit.Anno
419 458 514 483 autem
526 455 642 491 imperii
651 455 868 491 decimoquinto
880 455 909 482 in
921 454 1036 490 Olympi

215 503 344 528 montem
361 508 498 536 egressus
513 502 570 533 est,
586 508 636 536 per
651 499 776 536 speciem
806 507 870 527 sese
899 499 1035 534 precibus

212 545 425 574 monachorum
453 547 554 572 contra
580 548 730 580 Agarenos
745 543 890 578 armandi,
907 551 973 571 cum
990 551 1034 571 re-

212 598 281 618 vera
295 590 324 617 id
340 592 439 626 ageret
454 589 497 625 (ut
521 589 627 623 ferunt)
652 591 684 617 ut
712 589 895 617 Theodorum
925 587 1035 624 Cyzice-

209 642 281 662 num
306 634 480 666 conveniret,
497 642 564 661 cum
579 641 671 669 eoque
686 633 871 667 deliberaret,
888 633 1034 668 quomodo

209 678 395 714 Polyeuctum
414 677 541 705 Ecclesia
556 677 686 714 pelleret.
715 677 785 704 Inde
812 677 887 704 male
912 676 1033 704 aﬁ'ectus

207 723 238 750 in
255 722 364 758 regiam
382 722 466 755 redit,
481 731 533 750 nec
549 722 640 750 multo
657 724 722 758 post
737 723 781 749 est
797 721 961 754 defunctus,
975 721 1035 748 sive

207 775 242 795 ex
257 766 430 802 intemperie
445 766 588 802 corporis,
604 767 664 793 sive
680 765 798 793 insidiis
814 765 864 793 ﬁlii
890 766 1032 801 repetitis.

207 811 287 839 Vixit
300 819 394 839 annos
410 811 626 847 quinquaginta
642 812 779 846 quatuor,
803 818 919 838 menses
948 810 1032 837 duos.

208 857 350 893 Regnavit
379 864 445 883 cum
471 856 555 883 Patre
584 856 687 888 Leone,
708 855 870 882 Alexandro
887 857 990 890 patruo
1005 857 1034 882 et

207 904 301 929 matre
329 909 422 928 annos
451 899 602 933 tredecim,
632 908 698 927 cum
729 899 880 935 Lacapeno
906 902 1030 935 tyranno

205 945 308 982 viginti
339 953 399 980 sex,
422 947 569 980 postremo
592 943 672 972 solus
688 943 855 979 quindecim
872 952 878 970 ι
896 946 924 971 et
940 952 1033 979 usque

207 991 242 1018 ad
261 992 384 1018 mortem
400 990 484 1017 anxie
501 989 639 1025 cogitavit
650 989 685 1016 de
694 988 865 1023 pontificatu
878 988 1032 1024 Polyeucto

206 1034 385 1070 abrogando.
402 1034 503 1061 Fertur
518 1037 626 1068 autem,
648 1032 756 1068 aliquot
771 1033 874 1060 diebus
888 1035 954 1060 ante
969 1033 1034 1068 ejus

207 1079 332 1112 obitum,
351 1080 437 1106 noctu
454 1077 563 1105 multos
578 1077 692 1114 lapides
707 1085 773 1105 cum
791 1085 897 1113 magno
909 1077 1034 1105 stridore

208 1126 310 1151 contra
325 1122 529 1158 imperatorias
544 1122 690 1150 thalamos
710 1130 774 1149 esse
802 1122 924 1150 delatos.
952 1122 1033 1153 Quod

209 1175 275 1195 cum
292 1167 426 1202 pluribus
441 1166 577 1194 noctibus
592 1166 682 1199 ﬁeret,
700 1166 905 1201 imperatorem
925 1168 1032 1200 ratum,

209 1219 259 1238 eos
275 1211 310 1238 ab
327 1210 497 1238 horninibus
510 1211 579 1246 jaci,
596 1210 705 1238 multos
721 1210 830 1237 circum
846 1210 954 1246 regiam
985 1210 1035 1237 ob-

209 1257 372 1282 servatores
403 1255 468 1289 ejus
484 1254 524 1282 rei
541 1254 699 1282 collocasse
716 1262 724 1282 :
739 1254 790 1282 sed
807 1254 953 1281 neminem
969 1262 1034 1282 esse

208 1299 304 1327 visum
320 1307 336 1327 a
352 1307 408 1334 quo
432 1298 617 1326 mitterentur
632 1307 638 1326 :
655 1298 733 1326 unde
759 1298 956 1326 existimatum
985 1299 1034 1333 sit,

210 1352 267 1371 non
284 1343 345 1371 ﬁeri
362 1342 405 1370 illi
422 1342 603 1370 humanitus.

1091 231 1197 258 στάντες
1217 231 1243 258 οἱ
1271 230 1352 258 αὐτοῦ
1379 229 1550 267 θεράποντες,
1580 229 1625 257 καὶ
1650 233 1828 267 συνασπισμῷ
1853 231 1908 263 τοὺς

1090 275 1260 313 Ἀγαρηνοὺς
1284 275 1470 311 ἀπωσάμενοι,
1486 273 1576 301 ἄδειαν
1593 272 1729 312 παρέσχον
1748 277 1791 311 τῷ
1819 286 1906 313 στρατι

1090 321 1149 357 ηγῷ
1164 317 1280 356 ἐμϐῆναι
1310 319 1347 350 εἷς
1361 319 1411 354 τὴν
1437 317 1602 356 στρατηγίδι
1631 323 1744 356 τριήρη,
1769 320 1815 347 καὶ
1844 321 1906 348 οὕτω

1090 367 1196 403 φυγεῖν.
1226 363 1305 392 Ἀλλ’
1335 363 1389 401 οὐχ
1414 362 1485 390 οὕτω
1513 363 1557 391 καὶ
1586 365 1626 399 τῷ
1655 363 1744 402 Βάρδᾳ
1767 367 1851 400 Φωκᾷ
1872 369 1906 401 τῷ

1088 411 1142 435 τῶν
1171 408 1283 446 σχολῶν
1311 407 1465 444 δομεστίκῳ
1494 409 1665 444 συνηντήκει,
1695 409 1727 436 τὰ
1756 409 1826 446 πρὸς
1852 409 1906 441 rei»:

1089 452 1174 489 ἐῴους
1190 452 1368 491 Ἀγαρηνοῦς,
1398 455 1568 489 στρακηγικῇ
1594 451 1623 480 δὲ
1646 452 1730 491 τέχνῃ
1755 453 1802 480 καὶ
1823 454 1907 490 ἐμπει-

1090 497 1134 535 ρίᾳ
1172 497 1235 529 τοὺς
1272 498 1339 535 πρὸς
1379 497 1498 528 ἐκείνους
1536 497 1677 534 πολέμους
1719 496 1907 535 διατιθέμενος,

1089 541 1169 569 ἄστεά
1197 553 1226 569 τε
1254 541 1347 569 πολλὰ
1379 541 1486 569 ἐκείνων
1516 541 1666 580 ἀφείλετο,
1695 542 1740 569 καὶ
1770 542 1805 569 τὰ
1832 553 1908 581 προσ-

1087 586 1205 624 τυχόντα
1220 586 1294 614 λείαν
1309 586 1419 614 ἐτίθετο.
1433 587 1468 615 ’Ὀ
1496 596 1526 624 γε
1557 587 1609 622 μὴν
1636 588 1684 614 τοῦ
1702 586 1841 624 βασιλέως
1860 588 1909 618 υἱὸς

1087 631 1228 668 Ῥωμανὸς
1243 630 1282 662 είς
1311 629 1406 668 ἄνδρας
1432 629 1486 666 ἤδη
1515 629 1602 658 τελεῖν
1632 629 1774 668 ἤργμὲνος
1802 630 1829 667 ἐξ
1857 632 1908 670 ἀγε-

1087 676 1184 708 νείων,
1222 676 1267 702 καὶ
1308 675 1346 707 είς
1383 676 1475 702 ἑαυτὸν
1511 675 1560 709 τήν
1590 675 1710 710 ἐξουσίαν
1739 679 1904 714 περιαγαγεῖν

1087 720 1271 756 ἱμειρόμενος,
1302 717 1473 747 ἐπιϐουλεύει
1502 721 1536 756 τῇ
1566 720 1624 755 ζωῇ
1637 722 1686 747 τοῦ
1715 721 1833 758 πατρὸς,
1849 731 1909 756 συμ-

1086 764 1258 802 πραττούσης
1287 764 1361 800 αὐτῷ
1390 764 1434 792 καὶ
1460 767 1511 798 τῆς
1539 767 1672 801 γαμετῆς,
1702 765 1747 792 καὶ
1779 765 1909 802 φαρμάκῳ

1088 807 1250 846 δηλητηρίῳ
1270 809 1318 843 τὴν
1345 806 1494 842 ἐπιϐουλὴν
1515 808 1718 843 συνεσκεύασαν,
1747 809 1761 836 ὃ
1791 808 1908 840 λαθόντες

1086 853 1260 891 καθαρτηρίῳ
1295 853 1400 889 πόματι
1435 853 1623 890 συνὲκὲρασαν,
1654 853 1721 889 ὅπερ
1751 852 1869 890 ἵμελλεν
1896 854 1908 881 ὁ

1087 897 1262 934 αὐτοκράτωρ
1277 900 1359 926 πιεῖν.
1389 898 1469 935 Ἀρτι
1483 896 1511 924 δὲ
1533 896 1646 931 δοθῆναι
1665 896 1769 933 μέλλον
1785 898 1824 929 εἰς
1838 899 1908 926 πόσιν

1086 944 1126 977 τῷ
1143 942 1261 979 βασιλεῖ,
1286 940 1335 969 εἲ¹τ’
1351 941 1380 969 ἐκ
1408 940 1547 979 προνοίας,
1565 939 1620 968 εἷ’τε
1633 941 1755 979 τυχαίως
1772 943 1805 970 τὸ
1832 941 1907 970 πλέον

1088 986 1230 1024 ἐκκέχυτο,
1255 986 1286 1014 τὸ
1310 984 1339 1014 δὲ
1371 985 1542 1024 περιλειφθὲν
1574 984 1670 1023 ὀλίγον
1697 986 1737 1021 δν,
1768 987 1814 1014 καὶ
1844 988 1909 1024 παρὰ

1087 1033 1135 1058 τοῖι
1161 1030 1296 1068 βασιλέως
1321 1031 1413 1065 ποθεν,
1443 1029 1552 1061 ὀδύναις
1583 1030 1630 1066 μὲν
1655 1031 1736 1058 αὐτὸν
1763 1031 1811 1059 καὶ
1828 1030 1909 1059 κινδύ-

1087 1087 1135 1104 νου
1160 1074 1256 1115 φόϐοις
1281 1077 1313 1104 οὐ
1343 1078 1452 1114 μικροῖς
1475 1073 1633 1113 περιέϐαλεν
1649 1097 1656 1109 ,
1684 1075 1715 1103 οὐ
1747 1077 1843 1113 μέντοι
1871 1077 1909 1104 καὶ

1088 1119 1210 1149 κίνδυνον
1226 1120 1351 1156 ἐποίησεν
1367 1120 1439 1157 αὖτῷ
1465 1121 1526 1158 περὶ
1541 1120 1590 1154 τήν
1608 1121 1692 1156 ζωήν.
1719 1121 1794 1152 Τέως
1824 1121 1847 1149 δ’
1870 1122 1908 1149 οὖν

1088 1165 1168 1192 αὐτὸν
1197 1164 1337 1204 δυσχερῶς
1366 1164 1536 1204 διαπέφευγε.
1566 1168 1609 1201 Τῳ
1633 1164 1867 1202 πεντεκαιδεκάτῳ
1889 1165 1910 1193 δ’

1089 1209 1202 1246 ἐνιαυτῷ
1228 1213 1278 1245 τῆς
1307 1209 1389 1238 αὐτοῦ
1417 1208 1556 1248 βασιλείας
1583 1209 1610 1237 ἐν
1638 1212 1679 1245 τῷ
1701 1209 1750 1237 τοῦ
1766 1210 1908 1247 Ὀλύμπου

1089 1252 1145 1291 ὅρει
1175 1253 1254 1286 οὗτος
1268 1253 1408 1290 ἐξῆ).οενὸ
1434 1252 1570 1292 βασιλεὺς,
1601 1253 1677 1292 λόγῳ
1709 1254 1755 1290 μὶν
1785 1255 1833 1282 ἳνα
1856 1258 1909 1285 ταῖς

1087 1301 1142 1326 τῶν
1167 1298 1222 1326 ἐκεῖ
1237 1299 1410 1335 ἆσκουμένων
1428 1297 1523 1336 εὐχαῖς
1538 1297 1735 1334 καθοπλισθείη
1762 1300 1834 1326 κατᾶ
1861 1302 1908 1327 τῶν

1089 1343 1257 1381 Ἀγαρηνῶν,
1283 1345 1323 1379 τῷ
1352 1341 1375 1370 δ’
1400 1340 1469 1375 ὄντι,
1498 1342 1535 1373 ὡς
1549 1341 1668 1381 λέγεται,
1681 1341 1726 1370 ’ίνα
1740 1346 1780 1379 τῷ
1798 1344 1910 1378 Κυζίκου

209 1385 342 1425 Θεοδώρῳ
378 1385 558 1424 συγγένηται,
600 1386 645 1413 καὶ
688 1384 762 1416 ὅπως
796 1386 841 1413 τὸν
879 1385 1051 1414 Πολύευκτον
1091 1386 1213 1424 ἐξωθήσῃ
1243 1390 1293 1422 τῆς
1331 1385 1513 1423 Ἐκκλησίας,
1549 1387 1679 1424 σκέψηται
1719 1388 1776 1423 μετ’
1816 1388 1904 1417 αὐτοῦ,

207 1431 291 1463 ’Ένθα
319 1429 352 1465 δὴ
384 1430 513 1468 γεγονὼς,
537 1431 627 1461 κακῶς
663 1428 735 1467 ἔχων
774 1428 922 1464 ἐπανῆλθεν
959 1429 996 1461 είς
1031 1431 1065 1458 τὰ
1094 1431 1226 1468 βασίλεια¹
1257 1430 1301 1458 καὶ
1332 1432 1390 1467 μετ’
1418 1429 1519 1468 ὀλίγων
1547 1431 1596 1465 τὴν
1626 1431 1699 1465 ζωὴν
1725 1431 1908 1470 ἐξεμὲιρησεν,

207 1475 244 1506 ὡς
276 1475 323 1512 μέν
346 1485 399 1502 τισι
435 1473 520 1510 δοκεῖ,
546 1477 575 1502 εκ
604 1473 764 1512 δυσκρασίας
784 1475 953 1511 σωματικῆς,
983 1475 1021 1506 ὡς
1049 1473 1072 1502 δ’
1101 1475 1202 1513 ἕτεροις
1226 1474 1375 1512 δοξάζεται,
1404 1474 1449 1502 καὶ
1479 1475 1555 1506 αὖθις
1586 1475 1638 1502 ὑπὸ
1653 1477 1702 1503 τοῦ
1717 1476 1778 1503 υἱοῦ
1809 1474 1912 1505 ἐπιϐουο

207 1519 323 1554 λευοείς,
341 1522 388 1548 Ἦν
412 1518 440 1547 δὲ
471 1520 484 1547 ὁ
512 1519 618 1556 σύμπας
644 1522 694 1554 τῆς
723 1519 818 1557 βιοτῆς
847 1519 930 1546 αὐτοῦ
959 1519 1060 1557 χρόνος
1087 1520 1204 1547 ἐνιαυτοὶ
1230 1520 1535 1556 πεντηκοπατέσσαρις,
1565 1520 1609 1546 καὶ
1639 1518 1687 1547 δύο
1719 1524 1816 1556 μῆνες,
1846 1532 1910 1558 συμ-

208 1563 418 1596 ϐασιλεύσαντος
450 1565 505 1602 (50)
534 1567 574 1601 τῷ
601 1564 682 1602 πατρὶ
706 1563 797 1592 Λέοντι
824 1563 868 1591 καὶ
899 1563 1071 1602 Ἀλεξάνδρῳ
1099 1567 1137 1601 τῷ
1163 1565 1226 1601 θείῳ
1250 1564 1295 1592 καὶ
1320 1567 1355 1601 τῇ
1387 1564 1469 1602 μητρὶ
1499 1561 1544 1599 ἔτη
1571 1563 1748 1601 πρισκαίδεκα
1765 1587 1772 1600 ,
1804 1566 1850 1594 καὶ
1877 1568 1911 1600 τῷ

210 1612 365 1646 Λακαπηνῷ
394 1610 527 1646 Ῥωμανῷ
555 1610 603 1644 τήν
633 1608 772 1647 βασιλείαν
800 1608 948 1645 ἁρπάσαντι
977 1608 1022 1644 ἔτη
1047 1609 1073 1644 ἓξ
1103 1609 1146 1637 ἐπὶ
1184 1609 1280 1637 εἰκοσι·
1315 1609 1538 1646 μοναρχήσαντος
1573 1607 1602 1635 δὲ
1632 1608 1788 1636 τελευταῖον
1828 1611 1910 1638 ἐνιαυ-

210 1653 272 1684 τοὺς
298 1653 496 1681 πεντεκαίδεκα.
525 1654 573 1681 Ἦν
604 1652 633 1680 δὲ
655 1653 698 1681 καὶ
725 1654 823 1692 μέχρις
851 1651 1027 1684 ἀποϐιώσεως
1055 1653 1081 1681 ὲν
1108 1653 1202 1691 πολλῇ
1229 1653 1352 1691 φροντίδι
1379 1653 1428 1687 τήν
1457 1655 1506 1681 τοῦ
1534 1652 1733 1691 ἀρχιποίμενος
1757 1655 1909 1690 καθαίρεσιν

211 1699 259 1724 τοῦ
288 1696 461 1724 Πολυεύκτου
487 1698 636 1733 τιθέμενος.
667 1697 775 1735 Λέγεται
813 1696 841 1724 δὲ
873 1698 926 1735 πρό
953 1708 1032 1725 τινων
1060 1699 1171 1736 ἡμερῶν
1200 1701 1249 1732 τῆς
1278 1698 1359 1725 αὐτοῦ
1386 1697 1515 1731 τελευτῆς
1542 1696 1634 1728 λίθους
1661 1698 1757 1729 νυκτὸς
1786 1699 1908 1736 φέρεσθαι

215 1742 282 1778 μετὰ
308 1740 400 1780 ῥοίζου
428 1740 536 1768 πολλοῦ
564 1741 634 1768 κατὰ
658 1743 711 1768 τῶν
742 1741 823 1769 αὐτοῦ
850 1741 993 1778 θαλάμων,
1021 1742 1066 1770 καὶ
1094 1744 1174 1770 τοῦτο
1204 1739 1359 1778 συμϐαίνειν
1389 1741 1433 1769 ἐπὶ
1461 1740 1574 1772 πλείους
1599 1740 1708 1778 νύκτας,
1739 1743 1784 1769 καί
1800 1744 1910 1780 νομίσαι

211 1787 258 1824 μὲν
293 1787 338 1813 τὸν
370 1785 482 1823 βασιλέα
522 1786 594 1824 παρά
630 1797 711 1813 τινων
745 1785 894 1824 ἀνθρώπιον
933 1785 1177 1822 λιθολευστεῖσθαι,
1215 1786 1261 1814 καί
1289 1785 1415 1818 πολλοὺς
1448 1789 1607 1824 περιστῆσαι
1647 1789 1706 1818 τοῖς
1751 1787 1908 1825 βασιλείοις,

207 1832 250 1862 οἷς
266 1830 446 1868 ἔπιτε-τήρητο
460 1831 492 1857 τὸ
506 1830 659 1868 γινόμενον·
678 1829 740 1858 ἀλλ’
756 1829 842 1861 οὐδεὶς
857 1830 935 1869 ὤφθη
947 1833 1001 1858 τῶν
1019 1831 1168 1868 ἀνθρώπων
1183 1831 1266 1863 λίθων
1283 1830 1417 1868 πομπεύς·
1434 1831 1494 1863 ὅθεν
1508 1829 1566 1858 οὐδ’
1580 1830 1606 1866 ἐξ
1621 1830 1770 1868 ἀνθρώπων
1786 1833 1818 1859 τὸ
1831 1830 1906 1871 ἔργον

205 1876 348 1912 νινόμιστο
361 1876 522 1913 πράττεσθαι
528 1897 534 1904 .

241 1921 337 1949 XXIII.
355 1921 545 1949 Constantino
557 1921 592 1949 ad
622 1920 702 1948 hunc
730 1921 850 1949 modum
880 1921 1064 1956 defuncto,C

205 1965 357 1994 Romanus
384 1965 461 1993 ﬁlius
485 1966 548 2001 ejus
563 1965 721 2001 imperium
737 1966 872 2001 capessit,
889 1965 939 2001 qui
957 1966 1029 1994 Puer

204 2010 368 2044 dicebatur,
384 2018 440 2037 non
457 2010 534 2046 quod
552 2009 657 2045 puerili
681 2013 764 2038 aetate
799 2018 888 2045 regno
916 2010 1028 2046 potitus

202 2057 281 2083 esset
307 2055 377 2091 (iam
404 2054 481 2082 enim
510 2055 555 2082 vir
575 2055 661 2091 erat),
677 2055 727 2083 sed
744 2055 779 2082 ad
796 2055 952 2083 discrimen
971 2055 1025 2083 Ro-

201 2099 281 2127 mani
299 2099 342 2127 avi
358 2099 494 2133 materni,
511 2099 590 2127 senis
607 2101 749 2135 provectae
769 2100 872 2128 mtatis.
902 2099 928 2127 Si
959 2100 1026 2136 quis

200 2146 299 2173 autem
329 2152 397 2173 eum
422 2152 546 2181 puerum
569 2144 679 2172 dictum
697 2146 781 2180 putet
795 2144 831 2172 ob
847 2144 935 2172 vitam
951 2152 1024 2180 pus-

199 2189 292 2218 riliter
306 2192 413 2222 actam,
428 2189 456 2217 id
474 2197 590 2225 quoque
608 2189 739 2217 moribus
755 2189 819 2224 ejus
848 2191 893 2217 est
921 2197 1024 2217 conve-

199 2234 429 2262 nientissimum.
459 2236 610 2270 Sceptrum
640 2241 741 2261 recens
770 2233 902 2269 adeptus,
929 2233 1022 2261 ﬁlium

197 2287 284 2306 suum
302 2279 442 2307 Basilium
459 2279 624 2306 diademate
639 2280 668 2305 et
688 2277 876 2314 imperatorio
905 2278 1022 2305 nomine

197 2325 291 2350 ornat.
308 2324 361 2351 Sed
378 2326 406 2352 et
420 2323 505 2351 aliter
517 2323 542 2350 ei
557 2322 636 2350 ﬁlius
652 2324 739 2350 natus
755 2324 809 2355 est,
827 2322 870 2349 cui
888 2322 932 2350 avi
947 2323 1021 2350 Con-

196 2367 318 2394 stantini
335 2376 440 2396 nomen
457 2367 572 2396 indidit.
591 2368 655 2404 Ipse
672 2366 783 2394 deliciis
807 2366 1020 2402 voluptatibus-

195 2419 251 2446 que
267 2411 394 2445 deditus,
423 2415 452 2440 et
480 2412 547 2440 luxu
577 2412 724 2446 difﬂuens,
754 2419 821 2439 cum
849 2411 1020 2440 hominibus

194 2455 339 2490 corruptis
369 2458 397 2483 et
423 2456 628 2492 pestilentibus
657 2456 746 2484 vitam
776 2456 889 2492 agebat,
920 2463 1016 2483 rerum

192 2499 448 2528 administratione
463 2502 616 2537 praeposito
650 2503 678 2528 et
717 2500 844 2528 cubiculi
882 2501 1017 2536 praefecto

192 2545 305 2580 Brinng
320 2544 447 2580 Josepho
461 2547 609 2573 mandata.
627 2545 808 2582 Nicephorus
824 2545 935 2573 Phocus
959 2554 1018 2573 ma-

190 2589 293 2626 gister,
310 2589 489 2617 domesticus
519 2590 679 2625 legionum,
709 2598 775 2618 cum
802 2590 895 2626 justis
923 2590 1015 2626 copiis

189 2635 291 2663 contra
317 2634 468 2661 Cretenses
497 2634 656 2663 Saracenos
685 2635 815 2670 missus,
845 2636 874 2662 et
902 2636 1013 2670 septem

1120 1922 1177 1950 KI".
1203 1920 1284 1949 Καὶὸ
1316 1921 1364 1958 μὶν
1393 1922 1595 1951 Κωνοταντῖνος
1621 1922 1669 1947 τοῦ
1695 1919 1907 1953 ἐπικλωσθέντκ

1082 1966 1155 2001 αὖτῷ
1186 1965 1265 2002 μίτου
1295 1965 1419 2004 ῥαγέντος
1448 1967 1496 1993 τοῦ
1525 1965 1672 2003 ὁρισθένιος
1698 1965 1774 2002 αὐτῷ
1802 1967 1903 2004 χρόνου

1081 2012 1130 2041 τῆς
1149 2011 1254 2047 βιοτῆς,
1282 2011 1319 2042 ὡς
1347 2008 1463 2048 εἴρηται,
1491 2007 1608 2038 ἆπεϐίω.
1637 2010 1667 2038 Ὁ
1697 2010 1755 2040 υίὸς
1780 2009 1810 2038 δὲ
1825 2011 1904 2039 αὐτοῦ

1081 2054 1229 2091 Ῥωμανὺς,
1255 2055 1284 2086 ὅς
1313 2055 1357 2082 καὶ
1386 2053 1498 2082 Παιδίον
1526 2053 1645 2092 ἐλέγετο,
1674 2057 1724 2089 τῆς
1753 2054 1903 2093 αὖταρχίας

1080 2098 1239 2134 ἐπείληπτο.
1255 2098 1364 2127 Παιδίον
1381 2098 1404 2127 δ’
1417 2098 1536 2137 ἆλὲγετο,
1566 2098 1620 2137 οὐχ
1647 2098 1689 2126 ὅτι
1708 2098 1840 2133 παιδικῆς
1868 2099 1903 2127 ὣν

1078 2143 1189 2179 ἡλικίας
1215 2148 1264 2180 τῆς
1295 2143 1432 2182 βασιλείας
1446 2143 1589 2181 ἐκράτησεν
1621 2142 1684 2180 (ἤδη
1715 2145 1767 2182 γὰρ
1793 2143 1902 2183 ἀνδράσι

1078 2189 1258 2224 συντέτακτο),
1275 2187 1641 2224 ἀλλ’ἀντιδιαστελλόμενος
1671 2188 1740 2225 πρὸς
1768 2189 1815 2216 τὸν
1847 2200 1901 2226 μη-

1077 2233 1232 2271 τροπάτορα
1257 2233 1420 2269 Ῥωμανὸν,
1450 2230 1514 2260 ὄντα
1542 2230 1696 2268 πρεσϐύτην
1725 2233 1771 2260 καὶ
1804 2234 1902 2271 ὑπιρή-

1078 2278 1150 2305 λικα.
1168 2278 1198 2305 Ei
1229 2277 1257 2305 δὲ
1284 2288 1326 2308 τις
1342 2277 1414 2305 εἴποι
1442 2275 1552 2304 Παιδίον
1579 2277 1659 2304 αὐτὸν
1688 2277 1832 2310 καλεῖσθαι
1860 2278 1899 2305 δτι

1075 2320 1121 2348 καί
1135 2320 1323 2359 παιδαριώδης
1339 2323 1371 2356 ἦν
1383 2322 1457 2357 αὐτῷ
1471 2322 1488 2356 ἡ
1507 2321 1576 2356 ζωὴ,
1591 2321 1727 2349 καὶτοῦτο
1742 2324 1782 2358 τῷ
1798 2322 1898 2350 ἐκείνου

1075 2365 1135 2400 ἤθει
1162 2365 1384 2404 ἁρμοδιώτατον.
1415 2367 1492 2403 ’Δρτι
1523 2365 1551 2393 δὲ
1573 2368 1626 2392 τῶν
1652 2367 1798 2404 σκήπτρων
1823 2367 1898 2404 γενό-

1076 2421 1156 2446 μενος
1172 2410 1312 2448 ἐγκρατὴς,
1327 2411 1372 2438 τὸν
1389 2410 1445 2437 υἱὸν
1462 2410 1544 2437 αὐτοῦ
1556 2410 1600 2437 τὸν
1626 2409 1765 2438 Βασίλειον
1788 2414 1896 2447 ταινιοῖ,

1073 2455 1117 2483 καὶ
1147 2454 1272 2491 κλήσεως
1304 2454 1447 2493 βασιλικῆς
1480 2455 1569 2490 ἀξιοῖ·
1600 2455 1665 2482 Εἶτα
1694 2456 1738 2482 καί
1773 2454 1895 2493 δεύτερος

1073 2500 1145 2537 αὖτῴ
1171 2500 1269 2538 ἐτέχθη
1295 2501 1352 2531 υἱὸς
1379 2499 1422 2527 ἐπὶ
1437 2501 1476 2535 τῷ
1504 2499 1608 2535 πάππῳ
1624 2500 1819 2536 Κωνσταντίνῳ
1848 2501 1894 2535 τὴν

1071 2545 1170 2580 κλῆσιν
1200 2544 1306 2582 λαχών.
1330 2544 1416 2575 Αὐτὸς
1443 2544 1490 2580 μὲν
1520 2543 1565 2571 οὖν
1586 2545 1755 2580 ὁῬωμανὸς
1782 2548 1895 2583 τρυφαῖς

1070 2590 1113 2616 καὶ
1137 2588 1313 2624 ἡδυπαθείαις
1334 2587 1459 2624 ἐξέδωκεν
1485 2588 1590 2623 ἑαυτὸν,
1614 2588 1658 2615 καὶ
1684 2587 1895 2626 ἐκδεδιῃτημένη

1070 2634 1138 2670 ζωῇ,
1158 2633 1203 2661 καὶ
1227 2631 1340 2670 ἆνδράσε
1361 2633 1442 2667 συνῆν
1467 2630 1674 2670 διεφθαρμένοις
1703 2643 1732 2660 τι
1760 2633 1806 2660 καὶ
1836 2633 1894 2661 λοι-

826 2719 926 2750 Variae
942 2719 1091 2750 lectiones
1105 2722 1137 2750 et
1151 2721 1246 2750 notae.

224 2787 279 2822 (50)
293 2783 576 2823 Συμϐασιλεύσαντος.
592 2786 788 2815 Cont‘erendus
804 2786 960 2823 Catalogus
974 2785 1029 2822 im;

1084 2787 1184 2814 torum
1200 2785 1320 2819 Codino,
1335 2785 1367 2814 de
1381 2785 1454 2814 orbis
1467 2785 1552 2821 orig.,
1569 2784 1731 2821 subjectus.
