2024 3167
104 230 182 259 “"1

786 227 994 260 ANNALIUM
1021 228 1094 259 LIB.
1116 229 1198 261 XVI.

1785 229 1844 260 H8

105 295 124 321 ὁ
144 295 325 334 Νικηφόρος
340 296 394 322 τῶν
408 297 457 329 τῆς
469 295 619 329 Θεοφανοῦς
633 293 736 322 παίδων
766 293 796 322 ἐκ
820 296 870 321 τοῦ
885 293 951 332 ἁγίοι

1018 295 1110 323 donec
1124 295 1310 332 imperatoris
1326 297 1408 331 pater
1422 295 1531 323 Bardas
1542 295 1637 323 Caesar
1647 295 1843 330 jurejurando

107 339 339 376 βαπτίσματος,
368 339 412 367 καὶ
442 339 539 376 ἀπῄτει
569 339 582 366 ὁ
611 339 795 377 πατριάρχης,
826 339 844 373 ἢ
869 337 961 373 διαζυ-

105 387 215 420 γῆναι
245 389 295 418 τῆς
326 383 496 422 βασιλίσσης,
521 384 538 418 ἢ
568 383 662 422 πόρρω
689 384 756 411 εἶναι
784 385 838 411 τῶν
867 384 959 420 ἱερῶν.

106 428 211 457 Ἀλλ’
228 428 329 460 ἐκεῖνος
353 431 403 463 τῆς
432 432 581 467 Θεοφανους
606 428 655 456 οὐκ
684 428 823 467 ἀπείχετο·
841 426 879 456 ἔτι
908 428 959 465 γὰρ

109 473 128 500 ὁ
146 473 264 509 ταύτης
278 471 346 510 ἔρως
363 472 537 511 ἐφλέγμαινε,
553 475 690 500 κοινοῦται
707 472 736 500 δὲ
757 476 815 504 τοῖς
844 475 959 510 παροῦσι

109 520 183 545 τῶν
205 518 356 556 ἀρχιερέων
385 518 428 545 καὶ
457 520 517 548 τοῖς
543 521 593 552 τῆς
612 517 754 556 γερουσίας
783 517 958 555 λογιωτὲροις

112 563 153 589 τὸ
189 564 312 599 ζήτημα.
329 563 364 590 Οἱ
390 561 419 590 δὲ
445 562 492 590 τὸν
521 563 583 600 περὶ
603 562 702 590 τούτου
714 562 814 590 κανόνα
839 564 879 598 τῷ
909 565 959 589 Ko-

112 607 275 644 πρωνύμῳ
289 606 514 646 ἐπιγραφόμενοι,
533 607 570 643 μὴ
587 605 641 634 δεῖν
660 606 752 645 ἔλεγον
778 606 884 645 ἐνεργὸν
910 605 960 634 λο-

111 652 252 690 γίζεσθαι
280 650 389 679 τοιοῦδε
425 649 522 688 ἀνδρὸς
562 652 749 688 νομοθέτημα,
778 652 822 679 καὶ
862 651 960 682 πάντες

115 696 206 732 αὐτῷ
221 695 353 735 ἔγγραφον
369 696 506 734 παρέσχον
528 697 578 731 τήν
598 696 660 733 περὶ
682 696 780 723 τούτου
810 695 958 733 συγχώρη-

116 750 184 769 σιν.
201 741 230 769 ”Ο
246 739 275 768 δὲ
290 751 322 778 γε
342 741 515 778 πατριάρχης
540 738 578 767 ἔτι
607 743 657 772 τῆς
682 740 785 772 οἰκείας
811 740 957 771 ἐντι-τάσεως

115 783 234 822 εἶ’χετο,
253 785 353 823 μέχρις
376 785 406 812 οὗ
432 785 445 812 6
471 785 513 812 τοὶ
531 785 670 816 Βασιλέως
699 786 788 822 πατὴρ
813 785 826 812 6
856 787 957 822 Καῖσαρ

115 828 237 867 Βάρδας
264 829 389 867 ἐνόρκους
419 829 493 866 αὐτῷ
534 830 638 861 πίστεις
666 830 830 868 παρέσχετο⁷
859 830 896 860 ὡς
925 828 956 856 οὐ

116 873 239 911 γεγονεν
255 874 270 901 ὁ
285 873 411 911 βασιλεὺς
434 876 487 902 τῶν
511 877 561 908 τῆς
587 877 738 913 Θεοφανοῦς
764 873 868 902 παίδων
891 873 955 900 ἀνά-

119 917 226 956 δοχος.
243 919 287 946 καὶ
305 919 318 946 ὁ
334 921 520 957 πρωτοπαπᾶς
536 917 564 946 δὲ
578 921 631 946 τῶν
649 918 796 957 βασιλείων
825 918 956 946 Στυλεια-

118 963 186 997 νὸς,
211 963 240 994 ’ὸς
269 961 375 1001 ἐλέγετο
399 965 508 999 πρῶτος
541 964 625 1000 κήρυξ
653 967 703 998 τῆς
729 964 826 1002 φήμης
853 962 955 998 ταύτης

118 1007 260 1045 γενέσθαι,
284 1006 328 1034 ἐπὶ
357 1006 468 1035 συνόδου
498 1008 560 1044 μήτ’
589 1006 654 1035 ἰδεῖν
686 1008 749 1043 μήτ’
778 1007 862 1034 εἰπεῖν
891 1007 953 1044 περὶ

123 1051 228 1079 τούτου
251 1051 320 1090 πρός
343 1062 428 1088 τινας,
460 1051 624 1088 ἐξωμόσατο.
647 1051 755 1079 Τούτων
782 1050 811 1078 ὂὶ
839 1051 952 1089 γενομὲ-

124 1107 183 1123 νων
200 1095 307 1132 ἐδέξατο
321 1096 366 1123 τὸν
391 1096 548 1134 Νικηφόρον
573 1096 587 1122 6
611 1095 796 1133 πατριάρχης.
809 1096 871 1123 Τῶν
888 1094 910 1122 δ’
926 1094 951 1122 ἐν

127 1139 243 1176 Σικελίᾳ
281 1142 445 1178 Σαρακηνῶν
481 1138 584 1176 δασμὸν
622 1139 795 1178 πραττόντων
829 1139 858 1167 ἐκ
897 1142 952 1167 τῶν

124 1185 272 1221 Ῥωμαίων
298 1184 328 1213 ἐκ
355 1183 480 1212 παλαιῶν
507 1187 657 1220 συνθηκῶν,
674 1185 688 1212 ὁ
719 1183 844 1222 βασιλεὺς
875 1184 953 1215 οὗτος

127 1229 180 1256 οὐκ
195 1230 341 1267 ἀνασχετὸν
367 1229 437 1266 ᾤετο
466 1229 549 1257 αὐτοῦ
575 1228 767 1267 βασιλεύοντος
793 1231 851 1261 τοῖς
875 1229 954 1267 Ἀγα-

127 1276 221 1311 ρηνοῖς
251 1274 404 1311 Ῥωμαίους
443 1274 662 1312 φορολογεῖσθαι.
703 1275 749 1301 Διὸ
780 1275 838 1301 κατ’
865 1273 953 1301 αὐτῶν

128 1317 260 1355 ἐκπέμπει
274 1318 406 1353 Μανουὴλ
430 1318 572 1356 πατρίκιον
589 1320 657 1354 (59),
673 1318 752 1350 νόθον
779 1319 843 1346 ὄντα
870 1317 954 1346 παῖδα

126 1365 175 1389 τοῦ
191 1361 383 1402 πατραδελφου
409 1363 493 1390 αὐτοῦ
518 1363 643 1398 Λέοντος,
666 1363 696 1394 ὃς
724 1361 884 1400 δομὲστικος
907 1373 954 1401 γε-

1017 339 1142 375 negavit,
1171 340 1396 376 Theophanonis
1420 340 1528 368 liberos
1553 341 1588 367 ab
1613 339 1662 366 illo
1687 348 1721 367 ex
1750 339 1843 375 bapti-

1016 387 1109 412 smate
1124 388 1276 420 susceptos
1291 393 1355 413 esse
1381 394 1387 412 ε
1412 388 1442 412 et
1455 384 1603 421 Stylianus
1625 384 1725 420 palatii
1741 384 1842 412 Proto-

1015 437 1101 465 papa,
1117 429 1167 465 qui
1192 438 1259 457 cum
1283 438 1430 458 rumorem
1457 430 1551 465 primo
1570 429 1707 465 vulgasse
1727 428 1842 456 fereba-

1015 476 1071 507 tur,
1104 482 1135 502 se
1163 482 1197 502 ea
1224 475 1260 502 de
1293 483 1324 501 re
1358 482 1451 510 neque
1491 474 1565 502 scire
1604 473 1756 510 quidnam,
1789 481 1841 501 nec

1014 518 1123 546 dixisse
1139 519 1174 546 ad
1190 527 1381 555 quemquam,
1400 519 1428 546 in
1451 519 1573 547 concilio
1585 518 1706 554 juravit.
1723 518 1773 546 His
1790 518 1839 545 de-

1014 572 1095 591 mum
1125 563 1210 591 factis
1234 563 1399 599 patriarcha
1421 563 1617 599 Nicephorum
1633 563 1750 598 recepit.
1767 564 1839 590 Cum

1014 610 1111 635 autem
1128 607 1296 635 Silicienses
1320 607 1449 635 saraceni
1473 615 1507 635 ex
1531 607 1660 642 antiquis
1676 607 1770 643 pactis
1785 607 1838 634 tri-

1013 651 1118 679 butum
1135 661 1152 680 a
1166 651 1305 680 Romanis
1321 651 1512 687 postularent.
1525 651 1705 686 Nicephorus
1722 659 1780 679 non
1797 651 1838 678 fe-

1012 697 1136 724 rendum
1161 705 1225 724 esse
1247 698 1338 724 ratus.
1363 696 1388 723 si
1412 704 1443 723 se
1464 696 1627 731 imperante
1643 696 1764 723 Romani
1779 695 1838 723 illis

1012 744 1109 769 essent
1125 741 1284 775 tributarii,
1296 740 1479 768 Mannuelem
1496 739 1664 775 patricium,
1682 739 1775 775 patris
1791 739 1838 766 sui

1012 785 1115 813 Leonis
1139 785 1262 813 nothum
1288 786 1394 819 ﬁlium,
1420 785 1470 820 qui
1493 788 1545 812 Leo
1568 792 1635 812 cum
1659 784 1714 811 sub
1742 782 1838 819 priore

1011 830 1142 858 Romano
1171 830 1317 865 legionum
1345 830 1525 858 domesticus
1547 830 1634 862 esset,
1661 828 1698 856 ob
1713 835 1838 864 regnum

1011 875 1176 902 affectatum
1199 877 1318 903 excatus
1348 875 1413 908 fuit,
1433 876 1535 902 contra
1550 881 1599 901 eos
1616 873 1707 900 misit.
1725 873 1752 900 ls
1769 880 1837 900 cum

1010 919 1040 946 in
1055 919 1184 947 Siciliam
1213 927 1279 947 cum
1308 919 1416 947 illustri
1443 918 1536 946 classe
1560 917 1724 954 appulisset
1745 925 1751 944 :
1777 925 1836 944 non

1011 964 1095 991 modo
1112 963 1184 990 nihil
1201 963 1391 991 memorabile
1405 963 1506 999 gessit,
1523 963 1585 994 sed,
1601 961 1688 989 etiam
1704 969 1738 988 ex
1753 960 1836 996 inpe-

1007 1008 1086 1039 ritia,
1111 1010 1139 1035 et
1168 1008 1281 1043 juvenii
1304 1008 1419 1042 ferocia,
1449 1007 1491 1034 vel
1528 1006 1625 1042 potius
1658 1005 1835 1039 temeritate,

1007 1051 1133 1088 graviter
1151 1051 1285 1088 impegit,
1297 1051 1360 1088 ipse
1382 1060 1449 1079 cum
1478 1051 1558 1079 omni
1574 1050 1703 1078 exercitu
1727 1057 1831 1078 caesus.

1007 1099 1049 1123 Ae
1068 1096 1098 1123 in
1123 1095 1223 1124 Sicilia
1245 1104 1291 1124 res
1315 1097 1355 1123 ita
1377 1098 1448 1123 actas
1473 1097 1554 1123 sunt.
1577 1096 1683 1122 Contra
1702 1094 1833 1121 Ciliciam

1007 1142 1116 1173 autem.
1142 1148 1228 1176 quam
1257 1143 1286 1168 et
1308 1140 1404 1176 ipsam
1432 1139 1555 1175 Δειλινοηὶ
1578 1139 1727 1172 tenebant,
1744 1138 1835 1174 magi-

1008 1187 1102 1212 strum
1129 1185 1272 1213 Joannem
1289 1184 1463 1212 Tzimiscem
1489 1184 1615 1212 Grientis
1640 1183 1834 1212 domesticum

1008 1230 1207 1265 designatum,
1223 1229 1377 1265 ablegavit.
1389 1229 1442 1261 Qui
1458 1237 1525 1257 cum
1540 1228 1832 1263 Adanam,venisset,

1008 1274 1043 1301 de
1057 1275 1122 1310 ejus
1149 1274 1204 1302 loci
1231 1275 1372 1311 Agarenis
1394 1273 1597 1310 triumphavit.
1623 1274 1686 1306 Qua
1713 1272 1835 1300 victoria

1008 1318 1162 1347 celebritas
1187 1319 1316 1347 nominis
1341 1319 1417 1354 ejus,
1441 1320 1472 1346 ut
1495 1318 1607 1346 strenui
1632 1317 1726 1353 ducis,
1758 1316 1837 1345 mul-

1009 1366 1073 1391 tum
1090 1367 1176 1392 aucta
1191 1367 1245 1392 est.

127 1407 218 1444 γονὼς
242 1410 296 1434 τῶν
326 1407 448 1445 σχολῶν,
465 1407 509 1435 ἐπὶ
538 1408 680 1444 Ῥωμανοῦ
709 1409 756 1434 τοῦ
782 1407 908 1445 γέροντος
935 1406 1073 1445 τυραννίδι
1102 1407 1278 1446 ἐπιχειρήσας
1309 1406 1439 1445 ἐπηρώθη
1469 1406 1535 1438 τοὺς
1559 1405 1732 1444 ὀφθαλμοὺς.
1749 1406 1836 1437 Οὗτος

125 1453 219 1479 τοίνυν
235 1452 250 1479 ’ὀ
266 1452 397 1487 Μανουήλ
424 1452 469 1479 σὺν
495 1454 613 1488 ναυτικῷ
641 1455 782 1491 περιφανεῖ
809 1454 843 1489 τῇ
874 1451 987 1488 Σικελίᾳ
1014 1452 1283 1490 προσορμισάμενος,
1309 1452 1340 1479 οὐ
1373 1451 1454 1488 μόνον
1485 1449 1560 1479 οὐδὲν
1588 1462 1615 1478 τι
1644 1451 1835 1488 κατώρθωσεν,

127 1494 201 1523 ἀλλᾶ
229 1496 274 1523 καί
301 1496 361 1524 λίαν
386 1495 489 1535 ἐσφάλη
521 1496 546 1531 ἐξ
575 1496 698 1533 ἀπειρίας
736 1497 779 1523 καὶ
810 1497 973 1534 νεωτερικῆς
1013 1496 1178 1534 ἀγερωχίας,
1207 1496 1224 1530 ἦ
1256 1495 1362 1532 μᾶλλον
1399 1495 1572 1526 ἀτασθαλίας.
1598 1494 1684 1525 Αὐτός
1721 1505 1750 1522 τε
1784 1494 1836 1532 γὰρ

131 1538 248 1568 διώλετο
263 1540 309 1568 καὶ
325 1541 393 1567 ἅπαν
407 1540 439 1567 τὸ
455 1540 501 1567 σὺν
515 1540 590 1567 αὐτῶ
604 1540 808 1577 στρατιωτικὸν,
825 1541 868 1567 καὶ
898 1540 931 1567 τὰ
956 1541 1003 1576 μὶν
1028 1541 1097 1568 κατὰ
1118 1539 1245 1568 Σικελίαν
1269 1541 1425 1578 συνέκυρσεν
1455 1540 1536 1568 οὕτω.
1553 1539 1626 1566 Κατὰ
1654 1538 1778 1569 Κιλικίας
1808 1537 1837 1566 δὲ

130 1584 186 1621 (καὶ
213 1584 315 1619 ταύτης
345 1583 374 1611 δὲ
397 1584 423 1610 οἱ
438 1584 585 1621 Ἀγαρηνοὶ
607 1583 745 1621 ἐκράτουν)
761 1584 891 1620 ἐκπέμπει
909 1584 923 1611 6
940 1583 1067 1621 βασιλεὺς
1083 1585 1210 1620 Ἰωάννην
1236 1583 1381 1622 μάγιστρον
1409 1584 1455 1611 τὸν
1484 1585 1651 1620 Τζιμισκῆν,
1676 1586 1727 1618 τῆς
1756 1583 1837 1610 Ἀνα-

128 1627 217 1663 τολῆς
234 1629 493 1666 προκεχειρισμένον
510 1627 682 1664 δομὲστικον.
696 1629 727 1657 Ὁ
742 1627 770 1655 δὲ
785 1629 852 1665 πρὸς
867 1626 984 1655 Ἀδαναν
1001 1627 1176 1667 ἀφικόμενος,
1189 1631 1248 1660 τοῖς
1273 1628 1298 1655 ἐν
1323 1628 1407 1665 ταύτῃ
1436 1638 1465 1655 τε
1493 1626 1648 1663 συνεπλάκη
1663 1628 1835 1665 ’Λγαρηνοῖς,

128 1672 174 1700 καὶ
189 1673 248 1700 κατ’
263 1673 351 1700 αὑτῶν
368 1672 498 1708 ἐστήσατο
512 1670 655 1710 τρόπαιον.
673 1673 818 1702 Κάντεῦθιν
832 1672 913 1710 μέγαν
925 1673 1006 1701 αὐτὸν
1021 1673 1039 1708 ἢ
1054 1673 1185 1711 πρότερον
1202 1674 1227 1701 ἐν
1244 1673 1418 1712 στρατηγίαις
1433 1674 1450 1700 ’λ
1467 1674 1545 1711 φήμη
1561 1672 1718 1711 ἐκήρυττεν.

162 1755 223 1782 KE.
237 1752 307 1789 Ἤδη
333 1752 362 1782 δὲ
383 1753 507 1792 δεύτερον
530 1754 650 1782 ἐνιαυτὸν
678 1753 765 1782 ἀνύων
791 1755 805 1782 ὁ
828 1753 951 1793 Νικηφό-

1040 1756 1124 1784 XXV.
1154 1756 1334 1792 Nicephorus
1371 1764 1456 1792 porro
1485 1756 1613 1784 secundo
1645 1755 1762 1792 imperii
1791 1755 1836 1783 sui

127 1808 172 1836 ρος
201 1797 226 1826 ἐν
255 1800 290 1835 τῇ
317 1798 401 1836 ἀρχῇ,
423 1799 504 1830 αὐτὸς
533 1797 612 1834 ἔξεισι
641 1799 711 1826 κατὰ
737 1798 858 1830 Κιλικίας
889 1798 955 1835 μετᾶ

128 1842 236 1880 βαρείας
259 1843 365 1881 χειρὸς,
381 1843 427 1870 καὶ
450 1844 500 1879 τὴν
522 1844 650 1881 Θεοφανὼ
676 1843 744 1880 μετὰ
767 1846 819 1871 τῶν
848 1842 952 1871 παίδων

127 1887 209 1922 αὐτῆς
231 1887 407 1925 ἐπαγόμενος,
433 1888 477 1915 καὶ
506 1889 556 1923 τὴν
589 1888 636 1925 μὲν
665 1889 720 1925 πρὸ
749 1891 800 1923 τῆς
828 1888 952 1920 Κιλικίας

126 1932 192 1959 κατὰ
216 1932 248 1960 τὸ
277 1930 416 1968 Δριζίϐιον
441 1932 584 1971 (φρούριον
625 1931 654 1960 δὲ
682 1935 771 1968 τοῦτο)
799 1931 952 1968 κατέλιπεν,

126 1975 226 2007 ἐκεῖνος
254 1975 283 2004 δὲ
307 1978 340 2013 τῇ
372 1975 483 2012 Κιλικίᾳ
510 1975 686 2015 προσϐαλὼν,
703 1978 775 2014 αἱρεῖ
800 1978 850 2012 τὴν
876 1977 953 2006 Ἀνά-

127 2017 237 2057 ϐαρζαν,
266 2021 367 2048 Ῥωσόν
395 2031 425 2048 τε
463 2021 509 2048 καὶ
538 2020 655 2049 ’Ἃδαναν
687 2021 792 2058 (πόλεις
823 2020 846 2048 δ’
875 2021 953 2049 αὗται

126 2064 255 2101 Κιλίκων)
286 2064 358 2092 ἀλλά
391 2064 482 2101 μέντοι
504 2066 548 2092 καὶ
575 2066 692 2104 φρούρια
719 2065 842 2094 πλείονα.
858 2068 898 2103 Τῇ
925 2065 954 2093 δέ

125 2119 153 2146 γε
176 2111 272 2147 Ταρσῷ
293 2109 337 2136 καὶ
362 2111 395 2146 τῇ
419 2110 589 2146 Μοψουεστίᾳ
605 2112 660 2147 (60)
681 2110 730 2138 οὐκ
755 2108 839 2148 ἔκρινε
868 2121 953 2148 προσ-

126 2150 218 2180 ϐαλεῖν
246 2153 292 2181 διὰ
318 2154 365 2181 τὸν
392 2156 528 2191 χειμῶνα,
545 2154 562 2189 ἢ
584 2157 632 2182 τοῦ
661 2152 761 2192 ἔρωτος
792 2155 872 2182 αὐτὸν
903 2158 952 2189 τῆς

126 2200 276 2236 Θεοφανοῦς
315 2199 383 2235 πρὸς
419 2198 524 2234 ἐκείνην
556 2198 758 2231 ἀνθέλκοντος’
790 2199 872 2235 ἀπῄει
900 2200 952 2236 γὰρ

126 2241 169 2269 σὺν
198 2242 266 2280 αὐτῇ
290 2243 358 2280 πρὸς
388 2241 595 2272 Καππαδοκίαν.
626 2243 749 2271 Κάκεῖθεν
785 2246 833 2271 τοῦ
873 2241 950 2281 ἔαρος

126 2287 273 2324 ἠργμίνου,
301 2286 339 2319 εἰς
378 2286 507 2315 Κιλικίαν
546 2287 771 2323 ἆνθυπενόστησε,
798 2288 842 2316 καὶ
870 2287 950 2319 αὐτὸς

129 2331 173 2366 μὲν
187 2332 237 2366 τήν
268 2331 457 2368 Μοψουειπίαν
481 2330 649 2370 ἐπολιόρκει,
664 2335 698 2369 τῇ
724 2334 824 2370 Ταρσῷ
848 2331 877 2360 δὲ
903 2333 949 2360 τὸν

127 2373 240 2414 ἀδελφὸν
262 2376 393 2411 ἐπέστησε
417 2377 531 2405 Λέοντα.
552 2378 608 2412 Τῆς
636 2376 665 2405 δὶ
687 2376 876 2414 Μοψουεστίας
904 2377 951 2414 μὲ-

128 2429 171 2446 σον
187 2422 303 2457 ποταμῷ
317 2423 356 2457 τῷ
384 2421 468 2458 Σάμῳ
493 2420 699 2460 διαιρουμένης,
715 2423 746 2450 τὸ
772 2422 819 2459 μὲν
848 2421 875 2449 ’ὲν
901 2421 948 2459 μὲ-

1009 1809 1095 1836 anno,
1122 1800 1185 1836 ipse
1210 1809 1278 1828 cum
1304 1808 1409 1837 magna
1439 1809 1527 1828 manu
1552 1800 1682 1828 Ciliciam
1711 1799 1836 1833 invadit,

1008 1845 1225 1882 Theophanone
1241 1845 1315 1873 201
1334 1853 1449 1881 quoque
1463 1853 1529 1873 cum
1545 1845 1645 1873 liberis
1661 1845 1726 1880 ejus
1741 1845 1836 1872 addu-

1008 1892 1064 1923 cta,
1081 1898 1172 1925 eaque
1187 1890 1316 1924 Drizibii,
1334 1890 1411 1925 quod
1428 1893 1472 1918 est
1493 1889 1645 1918 castellum
1671 1889 1701 1917 in
1730 1889 1836 1917 Ciliciae

1008 1934 1088 1962 aditu
1118 1933 1268 1969 collocata,
1293 1935 1484 1968 Anabarzam,
1512 1935 1622 1962 Rasum
1651 1936 1679 1962 et
1701 1934 1834 1962 Adanam

1008 1980 1072 2014 ejus
1089 1979 1243 2015 provincias
1259 1979 1345 2007 urbes
1360 1980 1449 2015 capit,
1469 1979 1585 2015 aliaque
1600 1978 1687 2015 plura
1702 1978 1832 2006 castella.

1008 2024 1132 2052 Tarsum
1147 2031 1214 2051 vero
1237 2026 1266 2051 et
1289 2023 1494 2058 Mopsvestiam
1514 2030 1683 2059 oppugnare
1697 2030 1756 2050 non
1771 2025 1832 2050 sta-

1007 2067 1075 2100 tuit,
1105 2067 1164 2095 sive
1182 2068 1219 2095 ob
1249 2067 1384 2100 hiemem,
1405 2067 1466 2095 sive
1486 2076 1584 2095 amore
1607 2066 1833 2102 Theophanonis

1008 2114 1155 2146 avocatus,
1171 2120 1238 2140 cum
1261 2120 1319 2147 qua
1343 2111 1556 2147 Cappadociam
1581 2111 1674 2147 petiit.
1692 2111 1773 2138 Unde
1787 2118 1834 2138 ve-

1008 2157 1049 2184 ris
1063 2156 1147 2184 initio
1170 2157 1200 2184 in
1224 2155 1354 2184 Ciliciam
1377 2164 1520 2189 reversus,
1546 2156 1634 2183 fratre
1650 2157 1744 2182 Leone
1766 2162 1833 2182 con-

1009 2203 1054 2228 tra
1081 2201 1204 2228 Tarsum
1235 2200 1336 2235 misso,
1367 2200 1430 2236 ipse
1464 2200 1669 2235 Mopsvestiam
1709 2198 1832 2234 obsedit,

1008 2253 1097 2280 quam
1124 2253 1190 2273 cum
1214 2245 1343 2273 medium
1369 2244 1478 2272 ﬂumen
1502 2245 1592 2272 Sarus
1609 2243 1730 2277 dividat,
1744 2243 1834 2271 altera

1008 2290 1072 2324 ejus
1098 2291 1180 2325 parte
1203 2292 1378 2325 expugnata,
1407 2289 1532 2325 Agareni
1559 2289 1624 2336 igpe
1652 2287 1771 2323 injecto,
1802 2287 1833 2315 in

1009 2334 1130 2362 alteram
1156 2342 1186 2361 se
1210 2336 1380 2369 receperunt
1405 2341 1412 2361 :
1435 2341 1494 2367 qua
1514 2335 1542 2360 et
1562 2333 1628 2368 ipsa
1646 2333 1732 2368 capta
1747 2339 1832 2359 nemo

1007 2378 1120 2414 effugit.
1145 2380 1286 2406 Tarsenes
1307 2386 1422 2414 quoque
1445 2377 1545 2406 audita
1563 2377 1726 2414 Mopsestize
1741 2384 1832 2412 expu-

1005 2423 1152 2463 gnatione,
1169 2423 1340 2459 imperatosi
1355 2422 1495 2450 accersito
1511 2422 1614 2450 urbem
1635 2421 1829 2449 tradiderunt.

762 2522 866 2554 Varias
881 2521 1032 2553 lectiones
1046 2524 1077 2553 et
1090 2524 1185 2553 notae.

125 2602 206 2639 riam,
222 2601 409 2639 igwgstumqge
422 2600 543 2639 domina:
552 2607 579 2630 ιι
592 2603 751 2631 commatris
764 2610 825 2631 suae
848 2604 945 2639 conju-

125 2637 210 2676 gium_.
231 2636 310 2676 Infra
332 2645 339 2664 :
364 2636 530 2676 Nicephorus
555 2639 680 2674 pen-furia
704 2642 784 2676 atque
811 2636 947 2668 aduliério

126 2673 201 2708 regni
215 2673 377 2709 apicm‘qu
391 2672 515 2709 adeptus.

159 2707 360 2746 (59)ᾉΜανουὴλ
393 2707 544 2746 πατρίκιον.
572 2710 689 2738 Annum
728 2710 816 2738 istius
855 2710 947 2738 cladis

126 2746 203 2772 notat
219 2744 318 2780 Lupus
337 2744 548 2781 protospatha:
567 2747 644 2774 Anna
664 2746 718 2774 965
741 2747 867 2774 introivit
895 2747 949 2774 Ma-

126 2784 187 2808 mret
200 2781 336 2814 patricius
351 2781 380 2808 in
393 2781 531 2813 Siciliam,
544 2783 569 2808 et
592 2782 632 2809 ibi
654 2787 779 2810 mortuus
804 2787 852 2811 est.
871 2782 947 2810 Lint-

127 2816 253 2851 prandus
267 2816 297 2843 in
314 2816 478 2852 Legatione,
495 2817 621 2853 triennio
646 2820 712 2853 post
734 2818 830 2846 obita:
848 2818 949 2846 Scribit

126 2852 205 2880 etiam
214 2853 351 2889 praefatus
364 2853 529 2889 Hippolytus
546 2852 653 2881 Graecos
664 2861 719 2882 non
743 2854 840 2882 debere
863 2854 948 2882 Sara-

127 2895 209 2922 cenos,
225 2887 406 2918 sed’Francoi
417 2887 566 2926 ὶοηὶσνθνρ,
582 2897 638 2926 qua
652 2889 713 2926 lege
731 2889 863 2918 Saraceni
884 2891 948 2918 ani-

1002 2603 1151 2645 matiangc
1166 2602 1319 2645 trienniirm
1328 2610 1391 2645 cum
1405 2602 1531 2645 ﬁanuele
1537 2604 1667 2644 patricio,
1683 2602 1830 2645 Nicephori

1001 2642 1108 2675 nepote,
1119 2640 1200 2675 juxta
1221 2638 1383 2680 Scyllam-et
1403 2638 1568 2675 Charybdim
1585 2641 1613 2666 in
1641 2639 1713 2666 mari
1736 2638 1828 2665 Siculo

1004 2675 1104 2703 bellum
1118 2676 1229 2710 parant,
1245 2681 1324 2709 cujus
1339 2682 1486 2702 immensas
1500 2676 1592 2710 copia:
1618 2683 1682 2703 cum
1706 2675 1828 2709 prostra-

1004 2684 1104 2703 oeuum
1118 2684 1229 2710 parant,
1245 2684 1324 2709 cujus
1339 2684 1486 2702 immensas
1500 2684 1592 2711 copias
1618 2684 1682 2703 cum
1706 2684 1828 2709 prostra-

1002 2712 1111 2745 vissent,
1124 2711 1214 2746 ipsum
1238 2710 1513 2746 comprehenderunt,
1535 2712 1676 2747 capiieque
1698 2711 1828 2736 truncum

1002 2747 1205 2782 suspenderunt.

1039 2778 1095 2818 (60)
1132 2783 1174 2818 Τῇ
1213 2780 1240 2808 δὲ
1277 2791 1309 2818 γε
1344 2780 1439 2818 Τάρσῳ
1485 2782 1528 2809 καὶ
1571 2782 1605 2817 τῇ
1631 2778 1825 2818 νΜοψοξεμστίᾳ.

1003 2815 1186 2854 Mopsuestia!
1225 2815 1468 2853 expugnationem
1501 2826 1518 2845 a
1540 2815 1701 2852 Nicephoro
1730 2815 1826 2844 Phoca

1004 2855 1067 2883 fuse
1083 2856 1183 2883 narrat
1198 2856 1252 2882 Leo
1268 2854 1424 2888 Diacouus,
1441 2854 1491 2881 lib.
1509 2861 1547 2880 IV.
