2005 3168
179 208 237 239 “9

845 208 914 240 JO'A
920 206 1010 239 NNIS
1029 207 1204 241 ZONARJE

1825 206 1890 237 120

175 275 286 303 Triduo
298 273 400 311 elapso
416 274 519 303 classis
536 274 668 311 [Egyptia
682 274 878 303 Tarsensibus
892 274 1002 302 auxilio

1077 284 1106 306 ος
1136 275 1237 311 ταύτης
1263 273 1336 302 ἑάλω
1364 272 1611 312 πολιορκούμενον,
1635 273 1661 300 οἱ
1690 271 1713 300 δ’
1735 272 1764 300 ἐν
1791 271 1891 308 τοὺτῳ

177 319 280 355 missa,
296 319 332 347 ad
354 322 463 348 terram
486 319 651 355 appellandi
680 319 847 347 facultatem
872 328 929 347 non
952 319 1004 347 ha-

177 364 243 392 buit
271 364 431 400 eademque
452 363 482 391 in
510 364 605 391 reditu
635 366 663 391 et
686 366 839 392 ventorum
859 363 1004 400 procellis,

179 409 209 438 et
224 409 423 437 Romanorum
438 408 604 436 triremium
621 408 838 436 incursionibus
854 408 957 444 majori
973 417 1006 436 ex

180 455 263 489 parte
279 453 374 489 periit.
387 453 548 489 Imperator
563 453 845 489 Constantinopolim
861 461 1005 487 reversus,

183 511 272 532 areas
300 502 383 530 Tarsi
406 504 435 530 et
458 502 621 538 Mopvestias
651 505 748 538 portas
772 502 912 539 exquisiti
935 502 1007 530 arti-

183 548 253 581 ﬁcii,
265 547 344 575 novis
359 547 540 575 ornamentis
555 547 674 580 additis,
691 548 798 583 partim
815 555 898 575 muro
923 548 1008 582 juxta

182 592 346 629 Acropolim
363 591 506 626 orientali,
523 592 629 628 partim
652 591 823 620 occidentali
843 600 1007 620 accommo—

183 637 274 671 davit,
291 639 378 673 atque
393 637 481 664 etiam
498 637 555 664 Deo
571 637 655 672 quasi
677 636 822 672 primitias
845 636 1007 672 expeditio-

182 682 231 711 nis
247 690 306 710 suis
321 681 427 709 obtulit
443 689 450 709 :
468 681 640 709 venerandis
653 681 802 716 crucibus,
817 681 924 717 quibus
939 681 1008 708 Bar-

182 726 247 755 bari
266 725 350 762 potiti
378 726 508 759 fuerant,
531 734 598 753 cum
622 726 753 762 Stypotia
781 725 926 762 legionum
955 726 1008 754 do-

182 770 334 803 mesticus,
360 770 390 797 in
414 769 566 798 obsidione
592 770 686 806 Tarsi,
710 778 740 798 re
764 778 815 806 per
837 770 1009 806 impruden-

182 816 255 844 tiam
271 814 347 842 male
364 817 455 850 gesta,
467 814 579 842 cladem
591 815 762 850 accepisset,
779 817 889 842 Sanctae
897 815 1010 851 Sophia:

183 859 293 896 templo
309 859 462 893 dedicatis,
479 860 602 895 Cyprum
619 867 736 895 quoquo
753 860 787 887 ab
806 860 945 896 Agarenis
960 868 1010 887 oc—

184 905 333 940 cupatam,
346 903 477 932 Romano
491 903 613 939 imperio
625 904 763 931 restituit.
776 904 886 932 Deinde
897 904 1010 940 Syriam

1059 320 1208 357 Ἀγαρηνοὶ
1229 319 1297 358 πρὸς
1324 319 1356 346 τὸ
1385 318 1482 346 λοιπὸν
1515 319 1776 356 μιτεχώρησαν,τῷ
1805 327 1892 344 κατα-

1061 362 1236 400 λελειμμένῳ
1272 366 1325 401 πῦρ
1357 361 1548 399 ἐμϐαλόντες·
1576 362 1634 390 εἶτα
1661 362 1706 389 καὶ
1735 361 1767 389 τὸ
1795 359 1891 398 ἕτερον

1061 407 1189 445 ἑαλώκει,
1202 408 1247 436 καὶ
1261 407 1350 439 οὐδεὶς
1365 407 1464 435 ἐκεῖθεν
1489 406 1590 446 διέδρα.
1607 407 1664 441 Τὴν
1693 405 1722 434 δὲ
1749 410 1801 441 τῆς
1826 407 1893 434 Mo-

1061 453 1203 489 ψουεστίας
1231 452 1394 490 ἐκπόρθησιν
1424 453 1449 480 οἱ
1479 452 1505 480 ἐν
1533 454 1568 484 τῇ
1603 453 1703 489 Ταρσῷ
1745 450 1893 488 μαθόντες,

1060 503 1106 529 τὸν
1138 502 1251 540 βασιλέα
1279 500 1485 536 ἐπεκαλέσαντο,
1509 501 1553 529 καὶ
1581 501 1631 536 τὴν
1659 499 1740 528 πόλιν
1769 498 1895 537 παραδι-

1062 545 1189 575 δώκασιν.
1206 547 1329 585 Ἦμερῶν
1360 545 1389 574 δὲ
1415 549 1499 584 τριῶν
1531 544 1708 580 διελθουσῶν,
1737 543 1836 574 στόλος
1865 543 1894 578 ἐξ

1061 591 1201 629 Αἰγύπτου
1226 593 1260 627 τῇ
1289 593 1385 629 Ταρσῷ
1416 591 1562 629 βοηθήσων
1598 589 1776 624 κατέπλευσε,
1803 599 1895 626 προσ-

1063 635 1168 664 οκεῖλαι
1188 635 1216 664 δὲ
1238 637 1273 673 τῇ
1288 635 1380 674 χέρσῳ
1396 635 1425 663 οὐ
1453 635 1660 673 συγκεχώρητο’
1678 634 1720 662 διὸ
1738 634 1783 661 καὶ
1815 633 1897 665 αὖθις

1062 680 1251 708 ἀπέπλευσεν·
1280 681 1388 717 ἀνεμων
1421 679 1451 707 δὲ
1491 680 1591 718 βιαίαις
1633 681 1740 709 πνοιαῖς
1777 688 1896 714 περιπε-

1063 726 1179 757 πτωκὼς
1201 726 1246 753 καί
1270 726 1393 763 τριήρεσι
1409 725 1574 761 Ῥωμαϊκαῖς
1589 724 1603 751 ὁ
1619 723 1720 751 πλείων
1750 722 1897 750 ἀπώλετο.

1063 771 1094 799 Ὀ
1116 769 1144 798 δὲ
1175 769 1301 808 βασιλεὺς
1328 770 1496 805 ἐωνέζεοξεν
1522 769 1568 800 νιίς
1597 769 1647 804 τὴν
1672 767 1896 801 Κωνσταντίνου,

1063 815 1110 845 τὰς
1136 815 1187 850 τῆς
1212 817 1322 852 Ταρσοῦ
1363 814 1451 845 πύλας
1479 814 1524 841 καὶ
1550 813 1597 844 τὰς
1625 816 1675 848 τῆς
1703 811 1898 849 Μοψουεστίας

1064 858 1243 898 ἐπαγόμενος,
1274 859 1304 886 ἐκ
1340 858 1448 897 χαλκοῦ
1485 857 1684 894 πεποιημένας,
1709 856 1758 884 καὶ
1789 856 1898 893 τέχνης

1066 903 1239 936 δεικνυούσας
1276 901 1430 940 ἀκρίϐειαν,
1460 903 1492 935 ἃς
1528 903 1652 934 κάκεῖνος
1693 900 1896 937 ἐπικοσμήσας,

185 953 303 987 invasit,
328 955 357 981 et
379 952 500 980 urbibus
526 953 561 980 ad
589 952 740 988 Libanum,
767 955 795 980 et
823 953 903 989 juxta
929 961 1011 981 mare

1073 954 1111 985 τὰς
1128 954 1175 990 μὲν
1190 956 1229 990 τῷ
1248 953 1316 981 κατὰ
1344 954 1394 988 τήν
1410 951 1589 996 ’Λκρύπολιν-
1602 951 1663 988 ἒῲῳ
1691 950 1778 996 τείχει
1805 959 1896 987 προσ-

185 998 252 1027 sitis
275 998 382 1034 partim
406 997 592 1033 expugnatis,
615 997 722 1033 partim
745 997 877 1032 vasintis,
902 997 937 1025 ad
952 998 1010 1025 An-

185 1043 329 1072 tiochium
345 1042 434 1071 venit.
450 1042 505 1070 Sed
536 1041 725 1070 Antiochenis
739 1042 836 1070 acrius
852 1041 1012 1070 resistenti-

184 1088 252 1121 bus,
271 1087 424 1116 accedente
452 1087 541 1115 etiam
557 1089 739 1116 commeatus
758 1087 890 1123 penuria,
907 1089 935 1114 et
949 1086 1011 1115 solo

184 1132 331 1161 Imbribus
360 1132 516 1166 inundate,
533 1132 630 1160 soluta
657 1132 807 1160 obsidione
844 1132 873 1160 in
907 1132 1011 1160 urbem

184 1177 348 1213 principem
374 1179 418 1204 est
435 1184 578 1210 reversus,
596 1176 686 1204 allata
711 1176 872 1204 Servatoris
906 1175 1011 1203 Christi

185 1229 270 1248 sacra
299 1220 455 1255 divinaque
477 1220 585 1256 efﬁgie,
610 1220 755 1256 Hierapoli
781 1221 868 1256 Syrias
896 1220 925 1248 in
955 1220 1013 1248 olla

185 1267 310 1301 reperta,
340 1267 369 1292 et
397 1266 480 1300 parte
517 1264 690 1300 capillorum
722 1265 844 1292 Joannis
875 1265 1012 1300 Baptista:

186 1309 332 1345 sanguine
346 1311 490 1337 concreta.
507 1309 589 1336 Acin
617 1309 704 1337 rebus
732 1308 845 1337 bellicis
864 1309 937 1336 talis
960 1309 1015 1336 fuit

185 1354 234 1383 hic
249 1354 417 1389 imperator,
443 1353 626 1389 Romanique
644 1353 760 1389 imperii
781 1353 854 1381 fines
871 1353 956 1390 longe
971 1353 1012 1381 la-

186 1401 273 1434 teque
289 1398 471 1434 propanavit.
495 1398 553 1426 Sed
578 1398 665 1426 certis
691 1399 726 1426 de
756 1398 864 1433 causis,
881 1398 1013 1426 omnium

188 1443 256 1471 odia
276 1442 416 1479 suscepit.
437 1442 481 1470 Em
509 1442 638 1476 fuerunt,
654 1443 731 1478 quod
748 1451 814 1470 cum
844 1443 864 1470 ii
894 1442 1012 1476 milites,

190 1501 264 1529 quos
289 1492 460 1520 defectionis
480 1491 574 1520 socios
604 1492 757 1525 habuerat,
782 1491 865 1519 obvia
893 1500 1015 1528 quasque

190 1539 348 1572 vastarent,
363 1544 413 1565 eos
438 1537 489 1573 qui
513 1537 621 1564 damna
645 1536 784 1570 fecerant,
801 1544 858 1565 non
881 1537 1013 1571 curabat,

187 1584 216 1611 et
245 1581 348 1610 multis
371 1581 483 1610 aedibus
512 1583 575 1609 tum
602 1581 678 1610 202
701 1581 862 1609 illustrium
876 1583 938 1609 tum
955 1581 1015 1616 ple-

187 1625 320 1654 belornm
336 1625 490 1654 hominum
507 1626 639 1661 direptis,
657 1625 698 1653 sic
713 1625 832 1653 atl‘ectus
843 1627 914 1659 erat,
932 1625 1014 1660 quasi

188 1670 262 1698 nihil
279 1669 348 1697 mali
373 1670 529 1698 accidisset
544 1679 550 1697 :
567 1670 617 1697 sed
643 1670 842 1698 delectabatur
857 1670 954 1706 potius
970 1670 1025 1697 in-‘

185 1714 286 1750 juriis,
303 1714 411 1749 quibus
427 1715 504 1741 cives
529 1715 737 1748 onerabantur,
763 1715 898 1750 quamvis
913 1723 1014 1743 eorum

189 1767 243 1794 ope
258 1758 294 1786 ad
310 1758 467 1794 imperium
484 1758 674 1794 pervenisset.
696 1761 849 1794 Prmterea,
865 1762 1015 1787 continen-

188 1803 263 1831 tium
280 1802 423 1830 bellorum
444 1804 583 1838 praetextu
609 1803 690 1830 novis
712 1803 830 1831 tributis
858 1803 1016 1830 instituen-

190 1848 248 1882 dis,
263 1849 292 1875 et
307 1847 453 1875 ceteribus
469 1846 622 1882 augendis,
640 1846 736 1874 omnis
759 1847 874 1882 generis
890 1848 1016 1875 exactio-

190 1891 279 1919 nibus
294 1890 428 1919 subditos
453 1891 612 1927 premebat,
629 1899 703 1926 quos
719 1891 827 1919 milites
843 1900 1018 1928 quocunque

189 1938 330 1963 venerant
353 1935 445 1962 nihilo
470 1935 645 1963 clementius
670 1936 835 1964 tractabant
862 1945 948 1971 quam
965 1937 1017 1964 ho-

191 1982 261 2008 stes.
279 1980 320 2008 Ad
335 1979 396 2007 1]ωο
423 1980 458 2007 ob
479 1980 646 2015 frequentes
661 1979 871 2017 expeditiones,
887 1982 1018 2017 pecuniae

191 2024 320 2060 inopiam
336 2024 484 2053 causando
500 2024 703 2061 imperatorias
717 2024 888 2062 largitiones
903 2027 1018 2054 senatui

192 2069 255 2097 dari
270 2069 383 2102 solitas,
399 2078 433 2097 ex
448 2072 530 2105 parte
546 2069 750 2106 imminuebat,
777 2073 805 2098 et
829 2079 927 2099 annua
943 2071 1019 2099 dona

192 2114 228 2142 ab
244 2114 373 2149 antiquis
387 2114 570 2150 temporibus
585 2114 704 2150 templis
728 2117 756 2143 et
771 2115 837 2143 aliis
853 2115 909 2152 piis
925 2116 1018 2143 domi-

192 2159 249 2187 bus
272 2159 415 2187 attributa
444 2158 562 2194 penitus
588 2159 718 2187 sustulit.
753 2159 874 2188 Decreto
903 2168 1019 2196 quoque

192 2203 300 2237 sanxit,
319 2211 355 2232 ne
371 2203 454 2230 fundi
471 2203 661 2231 ecclesiarum
679 2206 866 2240 augerentur,
883 2205 959 2241 quod
977 2205 1020 2241 (ut

192 2248 256 2284 ipse
262 2247 421 2283 asserebat)
428 2247 651 2275 asacerdotibus
659 2256 715 2275 non
724 2248 752 2275 in
763 2248 954 2276 ecclesiarum
963 2249 1020 2276 uti-

193 2292 308 2320 litatem
322 2300 391 2328 opes
407 2291 463 2319 illae
479 2292 691 2320 conferrentur.
703 2292 770 2319 Orta
787 2300 871 2328 porro
886 2293 961 2320 inter
969 2301 1020 2328 pa-

1065 999 1183 1036 ήρμρσε,
1198 998 1246 1029 τὰς
1276 996 1305 1025 δὲ
1331 1000 1370 1034 τῷ
1396 997 1484 1034 τείχει
1510 999 1551 1032 τῷ
1580 994 1692 1031 δυσικῷ.
1716 993 1897 1030 Καὶτῷθεῷ

1066 1041 1095 1070 δὲ
1123 1043 1248 1080 ἀπαρχὰς
1276 1043 1334 1069 οἷον
1360 1045 1411 1076 τῆς
1447 1040 1529 1068 αὐτοῦ
1557 1038 1699 1078 στρατείας
1731 1036 1896 1070 ἀποδιδοὺς,

1064 1087 1128 1119 τοὺς
1156 1087 1264 1124 τιμίους
1303 1086 1442 1124 σταυροὺς,
1473 1085 1519 1116 οὓς
1548 1085 1574 1112 οἱ
1604 1082 1743 1122 Βάρϐαροι
1775 1080 1897 1116 ἔλαϐον,

1067 1131 1184 1167 ὁπηνίκα
1199 1132 1213 1159 ὁ
1231 1131 1410 1166 ’Στυπειώτης
1433 1132 1488 1158 τῶν
1517 1129 1626 1168 σχολῶν
1654 1127 1816 1165 δομὲστικος
1845 1126 1897 1161 ὢν,

1066 1177 1111 1204 καὶ
1140 1175 1297 1213 πολιορκῶν
1327 1176 1375 1210 τὴν
1403 1175 1517 1213 Ταρσὸν,
1534 1174 1563 1202 ἐκ
1584 1170 1770 1204 κακοϐουλίας
1799 1170 1899 1199 δυο-τυ-

1067 1221 1174 1258 χήματι
1202 1220 1353 1256 περιέπεσε,
1378 1222 1418 1256 τῷ
1445 1219 1511 1256 θείῳ
1538 1218 1644 1256 τεμένει
1671 1219 1722 1252 τῆς
1747 1219 1797 1245 τοῦ
1828 1217 1898 1244 Θεοῦ

1067 1264 1156 1302 Λόγου
1186 1264 1287 1304 Σοφίας
1317 1264 1433 1296 ἀνέθετο.
1458 1264 1510 1292 Καὶ
1544 1264 1594 1298 τὴν
1628 1263 1735 1300 Κύπρον
1768 1260 1798 1289 δὲ
1825 1260 1902 1297 παρὰ

1068 1310 1226 1348 Ἀγαρηνῶν
1270 1309 1468 1346 κατεχομίνην,
1493 1307 1527 1336 δι’
1568 1307 1650 1335 αὐτοῦ
1691 1307 1708 1342 ὴ
1752 1305 1900 1342 Ῥωμαίων

1068 1354 1141 1392 ἀρχὴ
1171 1355 1385 1391 προσεκτήσατο.
1415 1353 1481 1382 Εἶτα
1591 1351 1676 1390 Συρίᾳ
1704 1350 1820 1386 ἐπῆλθε,
1849 1350 1901 1377 γαὶ

1068 1397 1162 1429 πόλεις
1190 1397 1370 1436 ἐκπορθήσας,
1394 1397 1440 1425 καὶ
1468 1397 1564 1435 χώρας
1591 1396 1661 1424 ἒλὼν
1688 1398 1757 1432 πρὸς
1784 1397 1824 1431 τῷ
1849 1398 1901 1422 Λι-

1068 1441 1143 1479 ϐάνῳ
1167 1442 1211 1470 καὶ
1234 1445 1268 1480 τῇ
1293 1441 1413 1479 παραλία
1442 1441 1579 1479 κειμένας,
1610 1441 1693 1476 ἦλθεν
1723 1439 1763 1472 εἷς
1789 1439 1900 1467 Ἀντιό-

1067 1501 1157 1529 χειαν,
1195 1493 1252 1518 Τῶν
1295 1489 1318 1518 δ’
1346 1490 1610 1526 ἀντικαθισταμένων
1653 1487 1901 1527 ἒῤῥωμενὲστερον,

1069 1534 1123 1571 ἤδη
1141 1534 1227 1563 δὲκαὶ
1243 1534 1473 1570 τῶν-ὶπιδηδείων
1504 1533 1701 1562 ἐπιλειπόντων
1727 1535 1786 1563 τοῖς
1817 1541 1900 1568 στρα-

1069 1581 1191 1616 τιώταις,
1216 1580 1260 1608 καὶ
1286 1579 1421 1616 τέλματος
1452 1578 1478 1614 ἐξ
1510 1579 1587 1606 ὑετοῦ
1612 1577 1755 1616 γεγονότος
1777 1575 1900 1610 πολλοῦ,

1070 1625 1172 1661 ἀπέστη
1197 1628 1246 1660 τῆς
1271 1623 1442 1661 πολιορκίας,
1457 1623 1503 1651 καὶ
1529 1623 1599 1661 πρὸς
1626 1623 1676 1657 τὴν
1706 1624 1759 1649 τῶν
1783 1619 1901 1648 ’πόλεων

1073 1670 1269 1707 ὑπερκειμένην
1299 1668 1511 1703 ἐπανελήλυθεν,
1533 1667 1687 1705 ὲπηγμένος
1716 1665 1761 1693 καὶ
1788 1665 1821 1693 τὸ
1849 1666 1903 1692 τοῦ

1071 1715 1200 1751 Σωτῆρος
1229 1715 1348 1750 Χριστοῦ
1372 1713 1444 1750 ἱερὸν
1473 1712 1516 1739 καὶ
1547 1713 1618 1739 θεῖον
1648 1710 1808 1746 ἐκτύπωμα,
1829 1710 1844 1737 ὃ
1873 1708 1902 1736 ἐν

1070 1758 1182 1795 κεράμῳ
1205 1758 1265 1795 εὗρε
1285 1758 1353 1785 κατὰ
1378 1758 1427 1792 τήν
1452 1757 1605 1794 Ἰεράπολιν
1629 1756 1679 1790 τήν
1709 1757 1763 1782 τῶν
1795 1753 1902 1791 Σύρων,

1070 1803 1115 1830 καὶ
1140 1802 1291 1841 βόστρυχον
1318 1804 1367 1830 τοῦ
1396 1803 1547 1829 Βαπτιστοῦ
1575 1799 1702 1830 Ἰωάννου
1728 1798 1823 1836 α’ίματι
1853 1808 1904 1826 πε-

1071 1847 1218 1886 φυρμένον,
1249 1847 1289 1875 Ἐν
1323 1847 1369 1884 μὲν
1401 1845 1445 1874 οὖν
1477 1845 1654 1884 στρατηγίαις
1688 1846 1814 1874 τοιοῦτος
1845 1842 1903 1881 ἐγε-

1071 1892 1143 1930 γόνει
1171 1892 1184 1919 ὁ
1213 1891 1400 1928 αὐτοκράτωρ,
1420 1891 1465 1919 καὶ
1494 1890 1538 1918 ἐπὶ
1567 1890 1669 1927 μακρὸν
1698 1888 1813 1924 ηὐξήκει
1835 1890 1903 1915 Ῥω-

1073 1936 1163 1974 μαίοις
1191 1936 1225 1964 τὰ
1252 1936 1323 1975 ὅρια,
1347 1936 1392 1964 καὶ
1419 1939 1470 1970 τῆς
1502 1935 1590 1963 αὐτῶν
1617 1933 1764 1973 ἡγεμονίας
1791 1933 1903 1968 ἐξέτεινε

1071 1981 1106 2008 τὰ
1133 1980 1324 2019 σχοινίσματα.
1354 1979 1444 2009 Ἀλλὰ
1473 1978 1507 2007 δι’
1536 1978 1622 2010 αἷτίας
1651 1978 1726 2010 τινὰς
1756 1979 1838 2005 πᾶσιν
1868 1976 1901 2011 ἦν

1073 2036 1215 2063 στυγητοί.
1233 2025 1268 2053 Αἱ
1284 2024 1307 2053 δ’
1333 2025 1427 2060 αἰτίαι,
1445 2024 1486 2052 δτι
1515 2026 1568 2052 τῶν
1600 2023 1646 2051 σὺν
1667 2023 1741 2059 αὐτῷ
1766 2024 1802 2060 τῇ
1831 2021 1904 2049 ἀπο-

1073 2071 1168 2106 στασία
1195 2069 1428 2108 ἐπιχειρησάντων
1457 2071 1628 2108 στρατιωτῶν
1660 2069 1749 2099 κακῶς
1787 2065 1904 2099 διατιθε-

1075 2116 1160 2152 μένων
1186 2115 1248 2146 τοὺς
1273 2116 1313 2146 οἷς
1342 2113 1371 2142 ἃν
1402 2113 1553 2152 ἐντύχοιεν,
1569 2115 1623 2141 τῶν
1647 2113 1825 2149 κακουμὲνωι
1854 2111 1904 2138 οὐκ

1074 2159 1261 2199 ἐπεστρέφετο,
1285 2159 1331 2188 καὶ
1361 2159 1456 2187 οἲκιῶν
1486 2157 1600 2186 πολλῶν
1623 2160 1784 2197 περιφανῶν
1809 2167 1838 2184 τε
1862 2155 1906 2183 διν-

1075 2203 1146 2243 δρῶν
1172 2205 1217 2232 καὶ
1246 2203 1403 2241 δημοτικῶν
1430 2202 1640 2241 διαρπαγεισῶν,
1657 2202 1694 2233 ὡς
1721 2199 1832 2232 οὐδενὸς
1859 2210 1906 2227 κα-

1074 2251 1123 2277 κοῦ
1152 2248 1308 2287 γεγονότος,
1338 2247 1463 2283 διέκειτο,
1487 2247 1593 2285 μᾶλλον
1626 2247 1672 2284 μὶν
1701 2243 1747 2274 οὗν
1777 2246 1822 2273 καί
1853 2244 1906 2272 ἐνε-

1074 2293 1162 2332 τρύφα
1188 2296 1249 2324 ταῖς
1283 2292 1321 2324 εἲς
1349 2292 1412 2324 τοὺς
1441 2292 1538 2323 ἀστοὺς
1565 2291 1729 2330 παροινίαις,
1749 2290 1795 2318 καὶ
1823 2291 1907 2317 ταῦτα

194 2336 353 2364 triarcham
377 2338 405 2364 et
419 2336 571 2372 episcopos
596 2335 632 2363 de
648 2336 796 2372 suffragiis
823 2337 1015 2372 contentione,

1077 2337 1277 2376 συναραμένους
1304 2337 1377 2374 αὖτῷ
1402 2337 1470 2375 πρὸς
1496 2340 1546 2372 τῆς
1579 2335 1716 2374 βασιλείας
1735 2333 1905 2373 τυχεῖν.ῐίαὶ

197 2392 264 2413 cum
272 2384 302 2412 bi
317 2385 491 2414 deceruendi
501 2385 649 2413 licentiam
666 2385 880 2421 etapprobandi
897 2388 1023 2421 potesta-

196 2431 256 2457 tem
272 2429 328 2457 sibi
343 2429 567 2462 vidicarent,ille
587 2429 725 2466 suffragia
742 2430 974 2466 reprehenderet,
990 2432 1023 2458 ut

199 2481 263 2509 quia
279 2481 331 2501 nec
346 2473 409 2501 sine
432 2475 596 2508 affectibus,
627 2482 678 2502 nec
707 2476 784 2502 recto
804 2474 889 2510 judio
914 2475 1023 2503 ferren-

198 2519 259 2552 tur,
275 2525 450 2553 operamque
462 2518 551 2552 darei,
564 2520 596 2546 ut
607 2519 642 2546 ab
658 2518 694 2546 iis
706 2518 852 2554 judicium
866 2519 986 2547 facturis
994 2521 1023 2548 et

199 2563 263 2600 ipse
278 2563 307 2590 in
323 2562 479 2590 consilium
503 2563 690 2592 adhiberetur
713 2572 719 2591 :
745 2564 903 2600 imperator
921 2573 955 2593 ex
969 2564 1023 2593 hoc

199 2609 321 2644 sumpta
339 2606 502 2641 occasione,
517 2611 543 2636 et
562 2608 641 2636 omni
662 2609 834 2637 auctoritate
849 2609 1022 2645 designandi

198 2653 352 2690 episcopos
379 2651 434 2680 sibi
459 2651 614 2686 vindicata,
639 2653 729 2681 edixit
753 2662 788 2682 ne
806 2654 963 2690 quisquam
978 2654 1024 2682 in-

196 2698 284 2735 jussu
300 2705 353 2726 suo
369 2696 399 2724 in
421 2696 512 2724 ullam
534 2696 696 2725 Ecclesium
722 2699 896 2727 mitteretur.
910 2700 1024 2727 Mortuo

201 2743 290 2778 igitur
305 2742 453 2779 episcopo,
471 2749 505 2769 ex
520 2741 664 2770 ministris
678 2743 740 2771 suis
755 2743 783 2771 in
799 2744 958 2772 Ecclesism
980 2752 1027 2772 va-

202 2790 316 2815 cantem
342 2787 476 2816 mittebat
500 2785 638 2822 aliquem,
654 2795 713 2822 quo
739 2790 875 2825 sumptus
891 2796 1026 2816 necessa-

203 2831 263 2859 rios
286 2839 372 2867 parce
394 2831 526 2865 faciente,
542 2831 605 2867 ipse
630 2831 744 2868 reliqua
767 2833 823 2861 sibi
848 2833 1025 2861 vindicabat.

204 2875 305 2912 Neque
327 2884 395 2905 vero
419 2884 452 2904 eo
478 2876 641 2912 imperante
655 2877 684 2905 in
702 2877 769 2907 ullis
792 2877 948 2915 provinciis
970 2885 1027 2907 un-

1077 2388 1119 2415 ὅτι
1145 2387 1278 2427 προφάσει
1306 2389 1360 2414 τῶν
1388 2389 1509 2425 συνεχῶν
1539 2385 1681 2422 πολέμων,
1710 2386 1818 2415 καιναῖς
1855 2382 1906 2410 εἶσ-

1078 2435 1174 2471 φοραῖς
1203 2431 1248 2459 καὶ
1276 2434 1328 2459 τῶν
1359 2431 1482 2470 ἀρχαίων
1512 2430 1649 2467 αὐξήσεσι,
1670 2429 1715 2457 καὶ
1745 2427 1826 2456 εἱδῶν
1856 2427 1907 2455 εἶ’σ-

1080 2470 1173 2514 πράξει
1198 2475 1376 2504 παντοδαπῶν
1401 2475 1527 2513 ἐξέτρυχε
1546 2475 1579 2502 τὸ
1604 2475 1736 2510 ὑπήκοον,
1752 2473 1799 2500 καὶ
1828 2470 1905 2500 οὖόὶν

1080 2521 1190 2558 ἄμεινον
1219 2520 1362 2558 πολεμίων
1388 2520 1420 2548 τὸ
1457 2519 1652 2557 στρατιωτικὸν
1681 2517 1812 2550 διετίθετο
1839 2517 1906 2554 πρὸς

1078 2565 1127 2598 οὓς
1142 2565 1171 2593 ἂν
1187 2568 1240 2593 τῶν
1266 2565 1395 2600 ὑπηκόων
1423 2564 1620 2602 ἐπεχωρίασεν.
1637 2563 1699 2592 Ἐπὶ
1725 2562 1836 2594 τούτοις
1865 2559 1908 2589 διὰ

1077 2611 1124 2642 τὰς
1153 2611 1255 2642 πυκνὰς
1293 2608 1463 2646 ἐκστρατείας
1504 2607 1607 2637 ἔνδειαν
1642 2607 1715 2646 ἔχειν
1750 2607 1909 2646 χρημάτων

1078 2654 1324 2694 προφασιζόμενος,
1352 2653 1400 2685 τὰς
1440 2653 1487 2691 μὲν
1523 2652 1722 2690 ὃιανεμομένας
1750 2653 1786 2689 τῇ
1813 2660 1908 2694 γερου-

1080 2700 1124 2735 σίᾳ
1141 2693 1295 2737 βασιλικὰς
1325 2696 1428 2737 δωρεὰς
1452 2697 1521 2726 κατὰ
1551 2697 1633 2736 μέρος
1646 2696 1801 2733 ἠλάττωσε,
1814 2695 1864 2727 τὰς
1884 2693 1907 2722 δ’

1081 2743 1288 2781 ἀπονεμημένας
1314 2742 1438 2775 ἀνέκαθεν
1467 2742 1605 2780 τεμένεσιν
1635 2742 1720 2780 ἱεροῖς
1746 2740 1792 2768 καὶ
1819 2739 1908 2777 εὖάγι-

1082 2799 1123 2816 σιν
1152 2787 1239 2819 οἷὸιοις
1263 2786 1399 2819 ἐπετείους
1422 2786 1517 2819 ’δόσεις
1546 2787 1682 2826 ἐσχόλασε
1710 2785 1814 2814 τὲλιον.
1845 2783 1908 2812 Εἶτα

1081 2833 1125 2861 καὶ
1153 2834 1280 2873 ψήφιςμα
1308 2832 1446 2871 βασίλειον
1473 2830 1759 2867 ἔθετονένηὼιιιήτοις
1787 2830 1836 2861 τὰς
1852 2829 1908 2873 Έκ-

1081 2871 1206 2914 κλησίαςή
1238 2878 1276 2915 μή
1317 2876 1544 2915 ἐμπλατύνισθαι,
1563 2877 1617 2906 ικαὶ
1646 2877 1664 2912 ἡ
1693 2875 1836 2915 τρόφασις,
1865 2871 1906 2901 ὅτι
