2024 3167
102 182 176 214 129

769 175 978 209 ANNALIUM
998 175 1073 207 LIB.
1095 176 1180 208 XVI.

1762 176 1821 208 130

101 251 198 287 γῆναι
215 245 348 282 ἐκέλευσε,
363 245 408 274 καὶ
424 244 529 273 δώδεκα
548 243 697 281 μεδίμνους
712 242 787 271 σίτου
800 243 940 280 νομίσμα-

1005 251 1057 271 uon
1073 243 1159 272 modo
1171 242 1244 271 nihil
1255 243 1319 279 opis
1335 243 1413 278 tulit,
1429 243 1480 271 sed
1497 245 1525 271 et
1539 242 1758 271 calamitatibus
1781 243 1826 271 in-

103 302 162 324 τος
181 291 239 322 ἐνὸς
254 290 443 319 ἀποδίδοσθαι.
460 288 538 318 Ἀλλ’
555 288 647 325 ἐκείνῳ
664 288 712 325 μὲν
727 289 745 323 ἠ
765 288 860 325 πρᾶξις
876 287 943 322 αὕτη

110 336 265 375 βασιλικὴ,
281 337 320 372 τῷ
335 333 358 362 δ’
373 333 562 372 ἱστορουμίνῳ
577 334 622 360 νῦν
639 331 747 370 βασιλεῖ
761 331 804 359 καὶ
822 331 883 360 λίαν
895 342 946 359 κα-

108 380 240 416 πηλινὴ,
268 381 297 411 ’ὸς
322 381 362 415 τῷ
388 379 463 415 λιμῷ
486 378 517 406 τὸ
543 378 665 413 ὑπήκοον
688 378 760 414 ὁρῶν
777 377 945 413 πιεζόμενον,

108 426 170 453 οὐκ
194 425 338 461 ἐπήμυνεν,
359 422 432 451 ἀλλὰ
461 421 552 459 μέντοι
578 422 623 449 καὶ
643 421 773 459 ἐνετρύφα
790 423 850 452 ταῖς
864 420 946 448 αὐτοῦ

109 472 284 509 συμφοραῖς,
300 468 416 499 καὶτοῖς
431 466 479 495 τοῦ
506 468 591 504 Λιμοῦ
615 466 795 504 τραυματίαις
818 464 946 492 ἐπικαίων

114 508 232 552 ὑπῆρχε
247 514 280 541 τὰ
293 512 444 552 τραύματα.
471 511 523 540 Καὶ
548 512 562 539 ὁ
585 513 633 538 τοῦ
661 509 796 548 βασιλέως
822 509 850 537 δὶ
869 508 948 537 ἀδελ-

114 560 171 599 φὸς
189 559 202 586 ὁ
218 558 292 586 Λέων
307 558 361 595 οὐχ
373 557 456 592 ἦττον
472 553 565 584 ἕθλιϐι
579 556 624 583 τόν
638 566 667 583 τε
678 554 765 592 δῆμον
778 558 828 589 τῆς
840 553 947 599 πόλεως

115 598 166 632 καὶ
183 603 246 634 τοὺς
261 602 410 640 οἲκήτορας
433 603 487 630 τῶν
513 603 625 638 χωρῶν,
641 599 793 635 καπηλείας
807 599 852 626 καὶ
868 598 946 629 αὐτὸς

118 648 237 686 μετιών,
254 647 302 675 Καὶ
317 648 342 674 οἱ
370 647 416 683 μὶν
432 645 503 673 οὕτω
520 644 651 672 διέκειντο
665 644 733 682 πρὸς
748 643 810 672 τοὺς
826 643 947 680 πάσχον-

113 704 181 727 τας,
198 693 224 719 oi.
240 691 268 720 δὲ
285 692 354 729 πρὸς
368 691 414 718 τὸν
441 692 591 727 κρατοῦντα
611 688 655 716 διὰ
667 691 750 716 ταῦτα
760 687 947 715 ἀπέσκωπτον.

119 738 194 766 [lore
217 737 268 774 γὰρ
295 735 453 766 νεολέκτους
483 734 649 770 στρατιώτας
675 734 793 772 ὁρῶντος
808 733 855 760 τοῦ
872 733 948 770 βασι-

117 782 206 818 λέως,
223 780 282 808 ἐπεὶ
297 780 343 808 καὶ
357 790 399 811 τις
427 781 535 810 τούτοις
563 778 751 816 συνηρίθμητο
771 777 880 812 πολιὸς,
896 776 947 814 ἔφη

118 826 192 865 πρὸς
220 826 321 854 ἐκεῖνον
351 826 366 852 ὁ
395 823 580 862 αὐτοκράτωρ,
597 825 659 855 Πῶς
680 825 737 853 τοῖς
757 822 947 859 στρατιώταις,

120 864 263 909 ἄνθρωπε,
292 870 378 908 γέρων
409 867 446 896 ὥν
475 868 680 906 συγκαταλέγεις
715 866 810 894 σαυτόν
833 876 840 902 ;
869 867 901 894 Ὁ
925 864 948 893 δ’

120 915 223 943 αὐτίκα
262 914 367 953 εὐφυῶς
414 912 608 951 ἀντεφθέγξατο
660 912 697 942 ὡς
746 910 822 939 Πολὺ
869 910 948 938 δυνα-

121 959 242 997 τώτερος
271 961 316 986 νῦν
346 958 415 995 εἶμι,
444 956 462 992 ἤ
506 957 551 984 ὅτε
579 955 714 993 ἤκμαζον,
731 954 848 983 δέσποτα
866 955 950 983 ’τότε

123 1004 178 1042 γὰρ
206 1002 264 1031 οὐδ’
289 1002 412 1039 ἡμίσεως
442 1000 471 1029 ἂν
499 1000 681 1037 ἐπωμισάμην
710 1002 783 1027 σῖτον
812 999 950 1036 νομίσμα-

121 1058 183 1083 τος,
212 1049 257 1075 νῦν
288 1045 317 1074 δὲ
346 1046 409 1084 ῥᾷον
439 1045 484 1073 καὶ
514 1043 562 1072 δύο
591 1045 768 1081 νομισμάτων
803 1046 876 1071 σῖτον
906 1043 951 1071 ἐπὶ

125 1095 182 1120 τῶν
199 1090 282 1128 ὤμων
296 1091 364 1128 ἀρῶ.
389 1093 493 1124 Συνῆκε
514 1089 562 1126 μὲν
583 1089 628 1115 οὖν
653 1089 702 1122 τὴν
719 1087 855 1126 εἷρωνείαν
872 1088 885 1115 ὁ
904 1088 952 1125 βα-

126 1136 231 1171 σιλεὺς,
259 1135 404 1173 ἀταράχως
428 1133 457 1161 δὲ
481 1133 581 1168 ταύτην
607 1133 720 1171 ἐνεγκὼν
747 1132 859 1169 μετέστη
885 1132 953 1169 πρὸς

124 1179 230 1218 ἓτερον,
245 1181 400 1217 Ἐρωτικῶς
429 1177 459 1206 δὲ
480 1176 583 1216 σφόδρα
606 1177 668 1214 πρὶν
693 1175 859 1213 διακείμενος
874 1177 888 1204 ὁ
904 1180 953 1204 Νι-

128 1225 252 1262 κηφόρος
272 1224 340 1262 πρὸς
365 1224 416 1258 τήν
440 1223 578 1262 Θεοφανὼ,
596 1222 739 1259 μετέπειτα
757 1224 807 1256 τῆς
822 1221 889 1260 πρὸς
904 1221 952 1248 αὐ-

130 1269 180 1303 τὴν
209 1269 349 1300 συνουσίας
379 1268 520 1305 ἀπείχετο,
536 1265 554 1302 ἥ
581 1267 717 1305 κορεσθεὶς
746 1265 858 1302 ταύτης,
875 1264 892 1301 ἤ
908 1266 951 1293 καὶ

130 1312 164 1341 δι’
179 1313 344 1352 ἐγκράτειαν,
369 1313 465 1349 μίξεως
489 1312 662 1349 ἀπεχόμενος
680 1322 686 1328 ·
701 1310 763 1339 οὖδὶ
777 1311 828 1348 γὰρ
842 1311 912 1338 πάνυ
926 1321 952 1338 τι

129 1359 174 1386 καὶ
202 1359 261 1389 νέος
290 1355 338 1394 ὤν,
362 1357 430 1395 πρὸς
456 1353 558 1394 ἔρωτας
587 1355 732 1394 ἐτύγχανεν
758 1355 951 1394 εὐκατάφορος.

129 1404 163 1431 Ἦ
178 1401 207 1430 δὲ
223 1404 361 1439 μισήσασα
375 1401 420 1429 τὸν
442 1400 525 1438 ἄνδρα
555 1399 599 1428 διὰ
622 1401 654 1428 τὸ
678 1399 858 1436 ἀνομίλητον,
874 1399 891 1434 ἤ
907 1399 952 1427 καὶ

130 1448 191 1485 περὶ
208 1449 266 1478 τοῖς
283 1446 351 1474 υἱέσι
376 1444 483 1477 δείσαςα
500 1445 541 1481 (ἦν
567 1444 617 1484 γάρ
643 1455 712 1472 τισιν
737 1444 952 1482 ὑποτονθορυζό-

133 1502 223 1528 μενον,
242 1490 387 1528 βούλεσθαι
402 1490 447 1517 τὸν
475 1489 632 1528 Νικηφόρον
656 1488 689 1516 τὰ
712 1487 864 1526 βασιλείδια
877 1488 952 1516 ἐκτε-

93 1529 96 1531 l
132 1538 201 1572 μεῖν,
217 1535 262 1562 καὶ
277 1537 331 1562 τῶν
359 1533 528 1572 παιδογόνων
553 1537 679 1570 στερῆσαι
706 1533 819 1569 μορίων,
844 1532 949 1560 καὶτὸν

130 1578 246 1617 ἀδελφὸν
263 1578 421 1606 κασιλεῢσαι
443 1578 489 1605 τὸν
516 1577 626 1613 Λέοντα)
654 1577 693 1608 εἰς
711 1576 810 1614 λόγους
823 1575 891 1611 ἦλθε
905 1576 952 1604 λά-

130 1629 180 1658 θρα
259 1623 408 1658 Τζιμισκῇ,
432 1621 450 1656 ἤ
475 1618 555 1659 ἔρωτι
583 1623 631 1648 τοῦ
653 1619 751 1657 ἀνδρὸς
773 1620 876 1648 ἁλοῦσα
906 1621 950 1657 (ἦν
966 1614 988 1648 C

130 1667 180 1705 γὰρ
201 1667 240 1703 τῷ
269 1666 368 1694 κάλλει
397 1665 561 1703 διαπρεπὴς,
587 1665 632 1693 καὶ
659 1667 707 1693 τοῦ
732 1663 821 1697 εἴδους
839 1665 953 1703 χάριτας

131 1711 228 1750 ἀφιεὶς)
244 1710 262 1746 ἤ
279 1711 323 1739 καὶ
347 1711 495 1748 ἀξιόχρεων
517 1712 612 1738 τοῦτον
635 1712 676 1746 τῷ
691 1709 854 1749 Νικηφόρῳ
874 1708 951 1747 λογι-

132 1756 233 1792 σαμίνη
250 1755 426 1794 ἀντίρροπον,
451 1755 488 1787 ὡς
514 1754 542 1782 δὲ
569 1755 638 1786 τινές
666 1765 740 1793 φασι,
770 1754 814 1781 καὶ
831 1753 870 1785 εἲς
891 1765 952 1782 συν-

133 1799 224 1828 ουσίαν
240 1799 359 1835 ὲλήλυθι
383 1801 423 1835 τῷ
448 1798 534 1837 ἀνδρὶ,
566 1799 609 1826 καὶ
633 1798 700 1826 κατά
725 1800 773 1826 τοῦ
794 1798 952 1837 Νικηφόρου

133 1845 251 1882 ἠρέθισε,
267 1843 312 1872 καὶ
338 1843 369 1871 τὸ
394 1847 443 1878 τῆς
469 1843 629 1882 παροιμίας,
654 1845 768 1882 σφαῖραν
784 1843 871 1882 ἀφῆκε
885 1843 953 1871 κατὰ

132 1890 249 1927 πρανοῦς
266 1889 333 1925 (69).
348 1889 398 1917 Ἦν
415 1888 467 1926 γὰρ
482 1888 528 1916 καὶ
549 1887 643 1920 ἄλλως
668 1888 682 1915 ὁ
707 1888 833 1923 Ἰωάννης
846 1890 886 1924 τῷ
903 1888 950 1926 βα-

133 1933 203 1961 σιλεῖ
219 1931 337 1970 μηνιῶν,
354 1933 395 1960 ὅτι
411 1935 450 1969 τῷ
479 1931 592 1970 ἀδελχῷ
609 1931 769 1969 πειθόμενος
785 1931 885 1964 ἐκείνος
904 1933 951 1970 βα-

132 1978 265 2006 σκαίνοντι
280 1977 381 2014 τούτῳ,
402 1976 523 2005 ὕποπτόν
546 1988 575 2005 τε
602 1977 647 2004 τὸν
673 1976 757 2015 ἄνδρα
771 1977 891 2014 ἐνόμισε,
906 1977 952 2004 καὶ

131 2025 177 2057 τῆς
202 2025 397 2060 στρατιωτικῆς
428 2022 517 2060 ἀρχῆς
544 2021 648 2054 παύσας
676 2021 767 2056 αὐτὸν,
788 2021 826 2053 εἷς
841 2021 950 2049 πολιτι-

131 2068 179 2101 κὴν
208 2066 375 2103 μιτατίθησι,
401 2065 549 2103 λογοθέτην
574 2068 622 2093 τοῦ
647 2065 752 2104 δρόμου
772 2067 951 2104 προχειρισά-

134 2121 221 2148 μενος,
238 2108 252 2137 ὅ
268 2110 318 2138 οὐκ
342 2110 379 2141 εἰς
409 2109 574 2144 δυναστείαν,
598 2111 662 2138 ἀΛΛ“
692 2111 730 2142 εἷς
753 2110 889 2149 τιμωρίαν
907 2111 951 2138 καὶ

131 2155 226 2190 ταύνην
259 2155 367 2193 βαρεῖαν
393 2155 487 2191 ἐκείνῳ
508 2154 664 2193 λελόγιστοθ
685 2156 750 2183 Ειτα
772 2157 806 2192 τῇ
835 2155 952 2182 κακώσει

133 2203 179 2228 τοῦ
207 2198 302 2238 ἀνδρὸς
332 2199 500 2237 προστιθεὶς,
530 2199 574 2227 καὶ
600 2198 671 2227 οἰ¹κοι
700 2200 788 2236 μένειν
806 2199 884 2227 αὐτὸν
899 2199 953 2227 ἐκε-

135 2244 209 2272 λευσε
222 2254 228 2261 ’
247 2243 311 2281 ᾤκει
341 2243 370 2271 δὶ
388 2244 456 2272 κατὰ
481 2244 512 2271 τὸ
538 2243 612 2280 Θέμα
627 2245 695 2281 (70).
721 2243 769 2271 Διὰ
783 2246 866 2271 ταῦτα
882 2244 952 2281 ἐμη-

1001 287 1122 315 sultavit
1135 297 1141 315 :
1159 288 1329 316 vulneribus
1345 296 1458 322 eorum,
1474 296 1548 324 quos
1563 288 1654 315 fames
1669 288 1827 322 sauciarat,

1000 332 1202 360 inhumaniter
1212 332 1393 360 divellendis.
1410 333 1464 360 Sed
1480 336 1508 361 et
1522 333 1612 360 frater
1635 333 1698 368 ejus
1714 333 1782 366 Leo,
1799 335 1828 361 et

999 376 1064 412 ipse
1078 378 1280 412 cauponaudo,
1296 377 1491 405 nihilominus
1519 380 1548 404 et
1571 377 1715 405 urbanum
1733 386 1826 413 popu-

1001 421 1062 449 lum
1079 423 1107 449 et
1122 421 1315 457 provinciales
1332 422 1491 457 premebat.
1519 422 1572 455 Qui
1598 430 1664 450 cum
1693 431 1724 450 se
1752 422 1826 450 tales

1001 474 1071 502 erga
1086 466 1210 494 alllictos
1227 467 1399 503 praeberent,
1415 466 1545 494 vicissim
1553 466 1705 494 dicteriisa
1721 467 1828 503 populo

1002 511 1232 539 incessebantur.
1260 511 1333 538 Nam
1352 520 1419 539 cum
1436 511 1591 547 aliquando
1607 511 1765 547 imperator
1777 520 1827 539 no-

1001 556 1088 583 vitios
1106 555 1212 583 milites
1228 555 1369 589 lustrans,
1385 564 1491 584 canum
1508 556 1667 591 quemdam
1682 557 1758 584 inter
1773 565 1827 585 οω-

1003 601 1079 628 teros
1095 600 1226 635 vidisset,
1250 600 1384 636 rogavit:
1415 602 1471 628 Cur
1501 600 1579 628 homo
1606 609 1691 628 senex
1718 602 1826 629 militis:

1002 653 1101 672 nomen
1113 645 1256 673 didisset?
1279 644 1321 672 lbi
1348 644 1395 672 ille
1425 644 1574 680 ingeniose
1603 646 1776 681 respondit:
1793 646 1828 674 Se

1001 698 1076 717 nunc
1090 690 1176 717 multo
1192 690 1371 718 robustiorem
1388 689 1461 718 201
1493 697 1550 717 esse
1578 698 1659 725 quam
1684 691 1713 717 in
1726 691 1828 726 juven-

1003 735 1068 762 lute.
1085 735 1149 762 Tum
1164 735 1238 762 enim
1253 742 1288 762 ne
1299 734 1414 761 dimidii
1429 734 1539 770 quidem
1559 742 1639 762 aurei
1653 735 1826 769 frumentum

1001 779 1098 806 tollere
1125 779 1261 814 potuisse:
1290 787 1366 806 nunc
1388 787 1449 806 vero
1473 778 1590 806 duorum
1614 786 1762 806 aureorum
1789 779 1830 814 fa-

1002 824 1083 851 cilius
1104 824 1136 850 in
1163 823 1290 851 humeros
1317 823 1493 851 sublaturum
1520 823 1664 851 lntellexit
1693 823 1829 851 cavillum

1003 867 1174 903 imperator,
1188 875 1280 903 eoque
1297 867 1495 900 dissimulato,
1524 867 1560 893 ad
1584 866 1674 894 alium
1699 866 1828 895 transiit.

1003 911 1141 945 Quamvis
1164 914 1261 939 autem
1277 911 1523 947 Theophanonem
1546 910 1628 946 prius
1644 911 1833 939 vehementer

1005 956 1178 992 deperisset,
1198 958 1275 992 post,
1306 956 1370 991 ejus
1399 963 1559 991 congressu
1585 955 1742 989 abstinuit,
1771 955 1832 983 sive

1005 1008 1040 1028 ex
1068 999 1212 1033 satietate,
1238 1000 1299 1027 sive
1325 1008 1359 1027 ex
1401 999 1590 1028 continentia.
1626 999 1699 1027 Nam
1728 999 1772 1027 vel
1801 1000 1831 1028 in

1005 1044 1201 1072 adolescentia
1215 1052 1317 1080 parum
1329 1044 1466 1080 proclivis
1489 1044 1525 1072 ad
1548 1044 1701 1072 libidinem
1724 1044 1830 1073 fuerat.

1006 1091 1040 1117 At
1054 1089 1105 1116 illa
1120 1088 1258 1116 maritum
1278 1089 1322 1116 vel
1346 1089 1382 1116 ob
1405 1096 1469 1116 eam
1494 1088 1700 1117 alienationem
1734 1098 1832 1124 exosa,

1005 1133 1050 1161 vel
1066 1133 1100 1161 de
1117 1133 1184 1160 ﬁliis
1200 1132 1325 1160 sollicita
1342 1132 1472 1168 (quidem
1488 1132 1566 1160 enim
1595 1133 1833 1169 murmurabant,

1006 1177 1078 1206 velle
1091 1177 1297 1213 Nicephorum,
1314 1178 1403 1214 regiis
1410 1177 1508 1213 pueris
1523 1177 1831 1215 castratisjmperium

1007 1222 1037 1250 in
1053 1223 1170 1250 fratrem
1189 1222 1314 1250 Leonem
1337 1222 1506 1258 transferre)
1533 1222 1607 1250 clam
1637 1231 1703 1250 cum
1719 1225 1831 1252 Joanne

1008 1267 1152 1295 Tzimisce
1166 1266 1353 1302 colloquitur,
1365 1266 1425 1294 sive
1454 1275 1553 1294 amore
1569 1268 1633 1302 ejus
1649 1269 1733 1304 capta
1749 1268 1829 1303 (nam

1008 1313 1107 1340 forma:
1123 1311 1333 1340 excellentiaet
1360 1314 1525 1345 venustate,
1551 1312 1703 1341 hominum
1730 1313 1831 1342 oculos

1007 1357 1037 1384 in
1063 1365 1094 1384 se
1119 1357 1315 1392 convertebat)
1355 1356 1414 1384 sive
1443 1364 1511 1384 eum
1540 1366 1639 1392 parem
1669 1357 1830 1394 Nicephoro

1007 1401 1205 1429 adversarium
1222 1403 1295 1429 rata.
1312 1401 1436 1434 Quidam
1452 1403 1540 1428 etiam
1549 1403 1670 1429 tradunt
1686 1410 1749 1430 eam
1762 1410 1830 1429 con-

1007 1446 1138 1474 suevisse
1153 1453 1220 1473 cum
1233 1445 1334 1478 illo,et
1357 1445 1476 1473 homme
1504 1448 1605 1474 contra
1632 1446 1830 1483 Nicephorum

1005 1487 1156 1525 instigato,
1174 1490 1337 1525 plaustrum
1354 1498 1404 1525 per
1433 1498 1463 1517 se
1490 1492 1608 1525 nutans,
1630 1493 1661 1517 ut
1677 1491 1830 1526 proverbio

1007 1534 1301 1570 dicitur,opportune
1324 1533 1459 1569 perculit.
1476 1536 1549 1561 Nam
1578 1534 1706 1562 Joannes
1722 1535 1831 1570 alioqui

1007 1579 1198 1606 succensebat
1214 1577 1395 1614 imperatori,
1426 1578 1476 1614 qui
1496 1587 1531 1606 ex
1558 1578 1657 1606 fratris
1679 1579 1788 1606 invidia
1803 1581 1833 1606 et

1007 1622 1165 1651 calumniis
1180 1624 1366 1658 suspectus,a
1382 1622 1501 1650 militari
1514 1625 1655 1658 potestate
1671 1623 1705 1651 ad
1716 1623 1831 1652 civilem

1007 1667 1169 1695 translatus
1185 1667 1290 1700 fuerat,
1307 1669 1335 1694 et
1350 1666 1498 1703 logotheta
1508 1675 1613 1695 cursus
1628 1667 1737 1704 publici
1754 1668 1831 1695 desi-

1007 1714 1124 1747 gnatus,
1141 1720 1231 1747 quam
1247 1711 1309 1747 ipse
1324 1719 1381 1739 non
1398 1714 1582 1747 potestatem,
1599 1712 1650 1749 sed
1661 1721 1748 1748 grave
1760 1721 1831 1748 sup-

1006 1756 1300 1793 pliciumjudicabat.
1330 1757 1501 1784 Accesserat
1534 1757 1630 1791 malis,
1658 1757 1736 1793 quod
1762 1765 1830 1785 cum

1006 1809 1108 1829 versus
1122 1801 1263 1829 Themate
1291 1800 1446 1833 habitaret.
1474 1801 1554 1829 domi
1584 1809 1702 1829 manere
1725 1802 1831 1837 jussus

1007 1849 1078 1874 erat.
1095 1845 1136 1873 0b
1148 1845 1209 1873 haec
1223 1845 1351 1873 Joannes
1365 1845 1542 1880 iratus,cum
1551 1846 1639 1873 etiam
1656 1846 1833 1874 ameretrice

1006 1890 1245 1924 illairritaretur,
1266 1898 1330 1925 qua)
1345 1890 1470 1918 reditum
1491 1891 1517 1918 ei
1541 1891 1629 1926 jussu
1647 1890 1832 1926 imperatoris

1006 1935 1181 1968 confecerat,
1211 1942 1333 1970 regnum
1376 1934 1531 1968 affectavit,
1573 1934 1624 1963 illa
1652 1935 1799 1970 adjutrice
1823 1943 1830 1963 :

1006 1979 1167 2015 eodemque
1183 1981 1312 2015 tempore
1327 1979 1390 2007 suis
1418 1979 1590 2008 necessariis
1606 1988 1744 2008 arcanum
1762 1987 1831 2016 ape~

1007 2025 1076 2057 ruit,
1092 2026 1121 2051 et
1134 2023 1249 2051 facinus
1272 2031 1439 2059 aggressus,
1470 2024 1645 2060 intempesta
1665 2027 1749 2052 nocte
1763 2032 1831 2052 cum

1007 2068 1043 2096 iis
1073 2068 1169 2096 lembo
1197 2075 1371 2103 conceusus,
1401 2067 1436 2095 ad
1467 2069 1577 2104 regiam
1607 2068 1749 2104 pervenit,
1774 2076 1833 2103 qua

1008 2113 1081 2140 mari
1098 2111 1236 2139 Austrino
1252 2111 1381 2139 alluitur.
1399 2112 1541 2140 Bucoleon
1573 2112 1598 2140 is
1613 2112 1695 2140 locus
1712 2112 1830 2144 dicitur,

1008 2158 1084 2193 quod
1101 2157 1139 2184 ibi
1156 2156 1289 2192 lapideus
1317 2155 1362 2183 leo
1378 2156 1493 2184 excisus
1509 2158 1562 2192 est,
1593 2156 1643 2192 qui
1672 2165 1740 2184 cum
1766 2155 1833 2184 bovi

1007 2201 1139 2237 ejusdem
1168 2200 1295 2228 materiae
1323 2200 1459 2234 insideat,
1489 2209 1562 2236 pene
1596 2201 1717 2229 sinistro
1741 2209 1832 2228 cornu

1007 2246 1088 2273 illius
1104 2247 1193 2280 tenet,
1203 2247 1231 2272 et
1246 2244 1355 2272 collum
1371 2244 1617 2280 distorquet.Quo
1633 2253 1700 2273 cum
1713 2247 1832 2273 ventum

134 2289 173 2316 νία
188 2289 202 2316 ὁ
218 2288 357 2324 Ἰωάννης.
374 2289 418 2320 Ὠς
444 2287 472 2316 δὶ
495 2288 541 2316 καὶ
569 2289 618 2323 τήν
645 2287 777 2326 μαχλάδα
791 2287 895 2324 ἆκείνην
912 2289 949 2316 εὕ-

1005 2292 1091 2324 esset,
1108 2291 1238 2326 sportam
1254 2289 1413 2317 demissam
1429 2290 1517 2325 videt,
1534 2290 1564 2318 in
1580 2298 1671 2326 eaque
1688 2298 1755 2318 cum
1769 2289 1831 2317 suis

136 2344 210 2371 ρηκεν
237 2333 318 2361 αὑτὸν
359 2334 580 2372 παραθήγουσαν,
619 2331 837 2370 διαπραξαμίνην
870 2332 899 2361 δέ
923 2335 949 2361 οἱ

134 2377 175 2405 καὶ
201 2376 314 2405 κάθοδον
343 2377 464 2406 κελεύσει
496 2378 636 2416 βασιλικῇ,
661 2379 696 2414 τῇ
723 2376 860 2415 τυραννίδι
887 2377 948 2406 ἐπέ-

135 2427 189 2454 θετο
211 2422 433 2460 συμπράττουςαν
464 2421 548 2458 ἔχων,
573 2423 618 2450 καὶ
634 2423 683 2458 τὴν
715 2421 887 2461 βασίλισσαν,
903 2422 947 2450 καὶ

1005 2334 1257 2371 aTheophanonis
1271 2333 1388 2362 ancillis
1403 2334 1571 2362 attrahitur.
1586 2334 1719 2362 Habebat
1734 2337 1831 2362 autem

1004 2387 1104 2416 secum
1121 2378 1293 2407 Michaelem
1315 2379 1447 2413 Burzem;
1464 2379 1633 2415 imperatori
1649 2379 1685 2407 ob
1701 2378 1831 2407 inconsi-

1004 2424 1135 2452 deratam
1150 2423 1231 2452 illam
1247 2422 1320 2451 iram
1337 2423 1497 2460 infensum,
1515 2426 1543 2452 et
1557 2426 1682 2452 Leonem
1698 2423 1830 2452 Abalan-

765 2491 866 2523 Variae
881 2491 1030 2523 lectiones
1044 2494 1074 2522 et
1093 2494 1188 2522 notae.

133 2553 363 2591 quibusiegimus
378 2553 415 2591 in
424 2553 670 2591 Constantinopoli,
692 2555 742 2582 lib.
760 2563 791 2588 ii,
809 2560 880 2582 sect.
904 2555 947 2582 10.

131 2589 167 2617 Ea
176 2590 368 2626 conflagrasse
384 2589 545 2617 Theodosio
560 2589 680 2618 Juniore
701 2590 864 2626 imperante
874 2590 946 2618 scri-

133 2625 318 2662 bitASocrates
334 2625 383 2651 lib.
400 2633 448 2657 vn,
465 2633 517 2661 cup
543 2626 588 2660 39,
617 2627 667 2654 ubi
693 2627 728 2653 τὰ
748 2625 870 2662 μέγιστα
893 2627 947 2653 τῶν

133 2660 216 2698 ὡρίων
233 2663 383 2689 vocantur.

165 2697 218 2733 (69)
248 2700 376 2735 Σφαιραν-
394 2694 494 2735 -ιὶφῆκε
522 2731 528 2735 Δ
547 2697 615 2723 κατὰ
656 2698 786 2735 πρανοῦς.
825 2697 950 2735 _Prover-

133 2731 207 2760 bium
224 2731 343 2767 (μιόὰώὶ
365 2731 459 2769 fallor,
471 2731 594 2769 omisere
611 2731 874 2769 partemiographi:
892 2741 950 2768 quo

134 2769 227 2796 referri
245 2771 365 2805 possunt
396 2768 452 2805 ista
472 2776 509 2805 ex
523 2768 628 2805 rGellio
656 2769 707 2797 lib.
735 2777 773 2801 vi.
790 2768 853 2804 cap.
871 2770 898 2800 2,
915 2769 951 2796 de

135 2803 256 2840 cylindro
272 2814 279 2833 :
296 2805 381 2837 Sicut,
397 2803 502 2840 inquit,
520 2804 640 2840 lapidem
662 2803 834 2840 cylindrum,
854 2805 880 2832 si
902 2813 952 2840 per

134 2842 218 2877 spatia
234 2846 313 2870 terra
325 2849 418 2877 prona
431 2842 511 2876 atque
533 2841 633 2870 demta
643 2841 744 2877 jacias,
761 2849 874 2870 causam
888 2842 950 2877 qui-

1001 2555 1062 2583 dem
1078 2563 1104 2582 ez
1119 2557 1144 2582 cl
1159 2554 1772 2591 initiumprxcipilantim/eccm,moxtamen
1780 2554 1830 2583 illa

1002 2599 1122 2627 praeceps
1137 2591 1325 2628 voluiturmon
1339 2591 1405 2624 quia
1415 2592 1477 2618 (uid
1485 2593 1545 2627 jam
1559 2592 1687 2628 facis,sed
1696 2592 1829 2627 quoniam

1004 2628 1042 2654 ila
1056 2635 1113 2654 sese
1128 2626 1224 2654 modus
1238 2627 1306 2660 ejus.
1321 2628 1346 2653 et
1359 2628 1457 2659 formm
1472 2626 1634 2656 volubilitas
1649 2626 1737 2655 habet.

1039 2663 1096 2698 (70)
1111 2665 1186 2700 ᾭκει
1200 2660 1227 2688 δῖ
1243 2660 1319 2700 λιατά
1346 2660 1376 2700 τὰ
1391 2661 1489 2700 λΘέμα.
1520 2665 1583 2692 Haec
1607 2664 1695 2700 verba
1722 2663 1830 2700 absunt

1005 2698 1040 2726 ab
1057 2707 1114 2726 uno
1130 2697 1145 2726 ὲ
1161 2706 1232 2725 mss.
1243 2697 1311 2733 Reg.
1328 2706 1335 2731 ;
1352 2697 1570 2728 habenturvero
1585 2700 1615 2727 in
1630 2699 1746 2727 duobus
1761 2697 1828 2724 aliis

1005 2742 1071 2762 cum
1088 2734 1218 2762 defectus
1235 2736 1313 2766 nota,
1331 2737 1357 2770 et
1374 2733 1403 2760 in
1428 2739 1541 2770 quarto.
1559 2736 1609 2764 ubi
1625 2735 1698 2769 Θέμα
1714 2733 1828 2770 videtur

1005 2779 1070 2798 esse
1084 2771 1177 2798 forum
1200 2767 1444 2804 Theodosiacum,
1457 2771 1500 2799 vel
1524 2774 1636 2800 tractus
1652 2767 1693 2797 ita
1708 2769 1742 2796 ad
1755 2767 1826 2795 illud

1006 2806 1100 2834 forum
1117 2805 1291 2841 appellatus,
1304 2805 1347 2832 uti
1363 2805 1558 2835 indicavimus
1586 2807 1616 2834 in
1632 2808 1732 2833 nostra
1743 2805 1826 2833 Com:

1007 2841 1188 2878 tantinopoli,
1204 2841 1254 2870 lib.
1266 2850 1287 2876 ι,
1303 2841 1383 2878 p.80.
