2005 3168
206 151 267 184 I35
885 141 1019 176 JOANNI

1074 140 1173 172 BONA
1177 140 1245 171 ΒΛ

206 218 432 249 Manichaeorum
448 213 675 252 Philippopolim
689 211 892 241 transtulit.“
906 209 1017 247 patriar

1088 217 1154 252 ουσα
1176 208 1221 242 ἦν,
1243 205 1533 252 ,προχειρίζεταί-τινα
1559 207 1682 245 μοναχὸν
1704 207 1861 246 Θεόδωρον,
1885 209 1915 240 ὃς

207 265 263 293 cha
279 263 460 299 Polyeuctus,
475 269 542 288 cum
569 261 636 295 post
658 257 808 286 Tzimiscaa
823 254 1032 292 proclamatio-

207 318 273 337 nem
288 309 409 343 triginta
423 305 554 342 quinque
564 304 626 331 dies
640 301 891 336 vixisset,obiit,in
907 300 1030 335 ejusque

207 355 302 382 locum
318 351 462 379 successit
473 348 598 377 Basilius
609 347 771 375 monachus
782 344 1028 373 Scamandrenus.

206 396 330 434 Agareni
347 403 413 422 vero
429 402 486 421 non
504 393 655 420 ferendum
680 398 745 418 esse
761 390 827 424 rati,
844 389 868 416 si
884 387 1030 423 ademptis

207 443 292 470 modo
309 440 432 468 urbibus
447 437 606 466 carendum
629 437 727 464 esset:
753 435 948 469 undecunque
964 441 1030 460 con-

204 489 356 519 venerunt,
373 486 516 520 pactaque
526 481 593 509 belli
604 477 1029 514 societate,Carthagisensium

207 533 296 560 ductu
309 532 337 558 et
347 528 486 564 auspiciis
500 526 683 554 Antiochiam
692 525 776 560 juxta
788 524 937 560 Daphnem
945 523 1029 550 obse-

206 578 322 605 derunt.
338 574 392 602 Sed
407 574 477 601 dum
494 572 570 600 cives
595 569 779 598 constantius
804 567 862 595 illis
876 567 1028 602 resistunt,

205 620 336 657 gentium
352 618 401 646 illa
416 615 635 653 conspiratione
651 613 769 650 cognita
783 612 952 648 imperator,
971 611 1027 639 Me-

205 655 372 701 sopotamiae
384 663 487 690 ducem
501 659 629 689 obsessis
644 666 728 694 opem
746 658 818 685 ferre
830 655 1028 691 jubet,Prseiio

205 709 373 743 commisso,
390 706 510 735 Barbari
533 705 586 733 etsi
613 711 735 731 numero
751 702 836 737 longe
851 701 1027 736 superiores,

204 763 220 783 a
236 753 374 782 Romanis
399 749 545 787 proﬂigati
569 747 763 783 dissipantur.
787 747 928 773 Caeterum
943 743 1029 773 Russi

203 798 398 833 Bulgarorum
428 795 546 822 natione
571 795 600 820 at
629 790 778 827 provincia
806 790 938 822 subacta,
969 797 1027 816 una

204 832 272 870 cum
301 840 426 868 ducibus
452 838 552 865 ltorise
580 838 609 863 et
634 835 776 868 Romano,
804 833 887 861 obliti
914 832 1025 868 patriis,

203 886 263 914 illic
277 884 390 921 imperii
407 883 506 911 sedem
522 880 701 910 constituere
715 877 880 913 voluerunt,
895 876 1023 913 Calocyri
1039 893 1063 925 B

203 930 390 967 potissimum
408 926 557 963 impulsu:
574 924 634 961 qui,
652 923 676 951 si
703 923 738 950 ab
768 923 810 950 eis
825 924 1023 950 Romanorum

200 976 360 1011 imperator
375 972 582 1009 appellaretur,
598 978 629 998 se
653 972 681 998 et
705 968 842 1004 Bulgaria
857 974 1020 999 cessurum,

200 1023 228 1049 et
243 1027 343 1057 pacem
357 1019 527 1054 perpetuam
539 1015 728 1049 facturum,et
739 1013 825 1049 longe
836 1011 920 1048 plura.
931 1018 1021 1047 quam

199 1055 346 1101 promiSSa
362 1064 460 1090 essent
476 1059 675 1097 przestiturum
700 1060 744 1086 est
759 1056 916 1094 pollicitus.
934 1055 978 1083 llli
992 1057 1021 1082 et

198 1099 415 1146 provinciarum
445 1106 574 1133 bonitate
603 1103 702 1138 illecti,
718 1105 746 1130 et
773 1101 903 1137 Calocyri
924 1099 1019 1128 verbis

197 1145 303 1185 inﬂati,
318 1160 409 1186 neque
424 1150 528 1178 litteris
552 1148 747 1184 imperatoris,
770 1146 868 1174 omnia
891 1152 954 1180 quas
969 1145 1018 1172 Ni—

198 1198 341 1233 cephorus
358 1194 541 1232 promisisset
564 1202 594 1221 se
613 1192 813 1220 coniecturum
831 1189 1016 1223 afﬁrmantis,

197 1241 411 1273 auscultarunt,
422 1242 448 1266 et
464 1238 575 1274 legatos
591 1236 764 1264 insolentius
779 1234 1018 1265 tractarunt.Qua

199 1287 234 1314 de
259 1293 348 1313 causa
364 1283 438 1311 bello
454 1291 503 1310 eos
519 1284 616 1317 petere
634 1282 762 1314 coactus,
779 1279 855 1307 210
871 1281 1017 1306 Romanas

198 1330 327 1367 legiones
343 1328 435 1356 Barda
458 1326 554 1354 Sclero
579 1325 719 1360 magistro
742 1324 825 1357 duce,
842 1323 929 1350 fratre
945 1331 1016 1350 uxo-

198 1375 238 1403 ris
253 1382 345 1410 nuper
359 1373 513 1403 defunctae,
530 1372 629 1398 contra
640 1371 750 1396 Russos
765 1368 855 1395 misit.
873 1368 934 1400 Quo
950 1369 1016 1395 Bar-

197 1420 335 1448 barorum
351 1418 410 1445 dux
431 1414 699 1452 Sphendcsthlavus
714 1412 868 1446 intellecto,
885 1411 1017 1447 Bulgaria

199 1463 319 1492 armatis
335 1465 363 1490 et
379 1460 539 1489 Patzinacis
559 1458 684 1495 Scythis,
701 1465 753 1485 nec
777 1465 834 1484 non
851 1456 950 1484 Turcis
966 1456 1017 1492 qui

198 1508 378 1536 Pannoniam
393 1507 494 1533 tenent
514 1504 549 1532 ad
574 1502 642 1531 belli
659 1502 826 1530 societatem
841 1501 952 1535 asoitis,
969 1509 1014 1528 ex-

196 1554 287 1582 ercitu
308 1552 422 1580 circiter
435 1550 487 1578 300
512 1548 636 1576 millium
658 1549 768 1581 coacto,
782 1546 937 1574 Thraciam
953 1554 1017 1573 om-

196 1607 262 1626 nem
278 1596 444 1633 populatur.
458 1593 572 1622 Sclerus
584 1593 634 1628 qui
649 1600 716 1620 cum
732 1593 814 1619 tanta
829 1590 1017 1618 multitudine

196 1642 258 1669 acie
272 1640 408 1676 congredi
438 1647 496 1666 non
525 1638 655 1669 auderet,
680 1636 789 1672 quippe
816 1635 908 1670 copiis
932 1634 1017 1670 longe

196 1685 326 1719 inferior,
344 1683 463 1711 militari
492 1682 609 1710 solertia
637 1681 780 1709 Barbaros
807 1679 922 1707 devicit.
944 1679 1015 1706 Nam

195 1730 324 1766 primum
332 1727 500 1755 Patzinacas
513 1726 589 1753 solos
598 1724 700 1752 callide
712 1725 741 1751 in
749 1723 870 1751 insidias
879 1723 1016 1759 pellectos

194 1773 301 1810 partim
327 1771 442 1803 cecidit,
468 1770 572 1805 partim
597 1769 676 1796 vivos
704 1768 791 1803 cepit.
818 1767 924 1795 Deinde
947 1775 1013 1794 cum

194 1818 306 1847 caeteris
335 1814 507 1851 aliquandiu
551 1821 632 1849 aquo
661 1815 750 1840 Marte
779 1812 928 1847 pugnavit.
958 1811 1013 1838 Sed

193 1871 261 1891 cum
290 1861 410 1897 quidam
440 1867 473 1886 ex
500 1857 614 1893 Scythis
635 1859 663 1884 et
689 1856 858 1892 proceritate
886 1855 1016 1891 corporis

193 1909 221 1935 et
236 1906 326 1935 animi
351 1905 448 1940 vigore
473 1902 610 1930 omnibus
635 1901 697 1928 suis
721 1900 910 1936 popularibus
926 1907 1014 1935 supe-

193 1952 262 1984 rior,
279 1950 409 1978 Sclerum
439 1956 510 1975 suas
533 1947 663 1982 legiones
678 1953 752 1980 equo
782 1943 970 1978 circumvehi,
986 1946 1016 1971 et

192 1996 227 2024 ad
244 2003 305 2023 rem
322 1996 439 2022 strenue
451 1991 609 2028 gerendam
632 1989 778 2017 cohortari
791 1988 928 2016 vidisset:
946 1996 1014 2015 con-

191 2041 280 2069 citato
293 2047 369 2075 equo
385 2045 484 2065 ensem
510 2035 597 2071 capiti
621 2034 676 2062 viri
701 2033 833 2069 impegit,
850 2032 899 2068 qui
915 2035 943 2060 et
957 2033 1013 2059 du-

190 2085 256 2113 ritie
271 2087 299 2112 et
314 2083 407 2111 levore
423 2081 511 2118 galeae
521 2079 657 2115 repulsus
674 2086 731 2106 non
748 2078 918 2114 penetravit.
934 2077 1013 2104 Scie-

189 2138 240 2158 rus
256 2128 383 2156 vicissim
409 2128 491 2154 tanta
515 2124 697 2152 vehementia
721 2122 851 2159 gladium
881 2122 909 2149 in
926 2124 1013 2157 caput

189 2174 284 2202 hostis
300 2172 396 2205 illisit,
414 2173 445 2198 ut
470 2170 614 2197 Barbarus
639 2168 669 2195 in
683 2168 757 2194 duas
773 2169 869 2202 partes
885 2166 1012 2193 disseca-

189 2221 279 2252 retur,
305 2217 466 2251 mediaeque
490 2215 587 2250 partes
614 2213 678 2247 ejus
705 2212 844 2246 utrinque
873 2211 908 2238 de
937 2218 1012 2246 equo

188 2264 365 2291 laberentur.
381 2261 442 2293 Quo
467 2259 596 2286 facinore
621 2256 739 2284 Barbari
765 2255 920 2291 perterriti,
937 2255 1012 2290 fugas
1028 2265 1052 2296 ο

189 2316 219 2336 se
237 2307 426 2339 mandarunt,
443 2311 517 2339 quos
535 2301 656 2330 Romani
672 2308 688 2327 a
702 2302 784 2335 tergo
799 2298 1013 2331 insecuti,mul-

188 2355 234 2379 tos
250 2351 419 2379 occiderunt
435 2347 543 2376 multos
566 2346 715 2382 ceperunt.
732 2343 930 2379 Persequendi
946 2343 1012 2370 reli-

190 2396 276 2431 quias
291 2395 497 2427 Barbarorum,
510 2399 576 2427 quae
588 2390 705 2426 quidem
719 2387 890 2415 vulneribus
905 2387 1012 2415 affecta:

190 2440 284 2471 erant,
300 2440 387 2466 ﬁnem
402 2437 495 2465 noctis
511 2436 693 2463 interventus
708 2431 815 2460 attulit.

1085 251 1159 292 αὖτῷ
1184 251 1289 290 προὲφη
1319 253 1368 284 τῆς
1395 250 1534 288 βασιλείας
1549 254 1653 290 τυγεῖν,
1669 251 1713 279 καὶ
1741 253 1777 288 μή
1800 255 1912 281 σπεῦσαι

1087 295 1149 333 μηδ’
1174 297 1290 334 ἁρπάσαι
1319 296 1402 331 αὐτὴν
1452 295 1515 323 ἀλλ’
1553 296 1601 324 ἀνα
1640 299 1651 304 “
1752 298 1760 307 ‘
1812 297 1820 306 ’
1897 300 1910 306 ”’

1407 317 1414 330 ,
1605 306 1695 332 μειναι
1729 307 1778 331 την
1810 307 1843 325 εκ
1866 309 1912 325 του

1086 341 1158 368 θείου
1178 341 1370 379 προχείρησιν.
1393 342 1493 378 Ὅσπερ
1518 341 1567 375 τήν
1593 341 1798 379 ἀρχιερωσύνην
1831 352 1912 369 κατα-

1086 384 1240 422 δεξάμενος,
1283 385 1392 421 ἀξίωσιν
1427 384 1502 412 ἔθετο
1544 385 1613 421 πρὸς
1648 386 1695 413 τὸν
1723 386 1912 425 αὐτοκράτορα

1086 431 1223 466 Ἰωάννην,
1237 429 1300 460 τοὺς
1328 430 1499 468 Μανιχαίους
1524 429 1553 457 ἐκ
1576 433 1626 465 τῆς
1649 431 1734 466 Έῴας
1761 431 1913 467 μιτοικίσαι

1084 475 1150 512 πρὸς
1165 475 1199 502 τὰ
1218 474 1358 512 Ἐσπέρια,
1385 473 1509 506 πολλοὺς
1531 476 1565 512 τῇ
1593 475 1680 502 αὐτῶν
1707 478 1816 512 μυσαρᾷ
1841 476 1913 513 αἶρέ-

1085 530 1125 547 σει
1153 518 1366 558 δίαφθείροντας.
1397 518 1436 547 Οὗ
1474 519 1524 553 τὴν
1566 518 1674 556 ἀξίωστν
1708 519 1850 557 πληρων,
1879 521 1914 551 είς

1085 563 1310 592 Φιλιππούπολιν
1341 564 1478 602 μετήγαγε
1500 564 1532 591 τὸ
1557 565 1637 601 γένος
1659 565 1713 592 τῶν
1738 565 1913 602 Μανιχαίων.

1083 609 1113 637 Ὁ
1149 607 1177 636 δὲ
1209 597 1383 646 πατριάρχης
1403 597 1591 640 ἼΪΙολύευκτος
1629 609 1664 644 τῇ
1694 611 1744 636 τοῦ
1771 597 1912 645 Τζίμισκῆ

1083 653 1225 692 ἀναῤῥήσει
1253 653 1398 690 τριάκοντα
1429 653 1474 680 καὶ
1516 653 1595 680 πέντε
1634 653 1740 690 ἡμέρας
1775 651 1910 688 ἐπιϐιοὺς,

1082 698 1127 725 τὸν
1158 698 1215 736 βίον
1247 697 1410 733 μετήλλαξε,
1438 699 1485 724 καῖ
1513 697 1679 735 ἀντεισήχθη
1696 697 1734 728 είς
1752 697 1799 724 τὸν
1816 698 1912 736 ἀρχιεη

1083 743 1190 781 ρατικὸν
1208 742 1302 780 θρόνον
1325 744 1374 775 τῆς
1401 741 1600 779 βασίλευούσ-ης
1621 743 1674 769 τῶν
1699 741 1810 769 πόλεων
1827 743 1843 769 ὁ
1862 753 1909 779 μο-

1081 788 1164 825 ναχὸς
1189 786 1331 818 Βασίλειος
1350 787 1364 813 ὁ
1381 785 1602 823 Σκαμανδρηνός.
1629 786 1663 815 Οἱ
1691 785 1715 814 δ’
1743 786 1774 814 ἐκ
1796 789 1848 819 τῆς
1864 790 1911 815 "A-

1079 842 1129 870 γαρ
1155 833 1192 867 μὴ
1219 831 1328 859 ἀνεκτὸν
1354 831 1518 868 ἡγούμενοι,
1543 831 1693 869 στερεῖσθαι
1715 833 1770 858 τῶν
1800 830 1910 859 πόλεων

1081 877 1110 907 ἃς
1146 874 1200 912 ἤδη
1238 875 1390 914 ἀφῄρηντο,
1427 874 1605 913 σάνελὲγησαν
1641 875 1828 913 πανταχόθεν,
1867 877 1910 903 καὶ

1079 922 1212 956 συνθήκας
1250 920 1315 959 πεφὶ
1357 919 1512 957 ὁμαιχμίας
1553 919 1746 955 πεποιηκότες,
1775 920 1824 947 καὶ
1853 923 1910 951 τοῖς

1077 963 1283 1003 Καρχηδονίοις
1306 964 1355 998 τὴν
1390 966 1463 1003 σφῶν
1501 964 1650 1001 ἠγεμονίαν
1679 964 1909 1002 προσνείμαντες,

1076 1009 1278 1047 ἐξεστράτευσαν
1315 1008 1383 1036 κατά
1411 1010 1460 1041 τῆς
1488 1007 1515 1035 ἐν
1538 1010 1572 1045 τῇ
1602 1008 1691 1046 Δάφνῃ
1720 1009 1904 1046 ’Δττιοχείας,

1074 1054 1118 1082 καὶ
1139 1054 1238 1089 ταύτην
1267 1051 1458 1090 ἐπολιόρκουν.
1483 1053 1544 1080 Τῶν
1576 1051 1600 1080 δ’
1627 1052 1653 1080 ἐν
1682 1055 1718 1090 τῇ
1739 1052 1823 1081 πόλει
1847 1054 1908 1081 ἀνθ-

1076 1099 1224 1136 ισταμένων
1251 1098 1343 1128 αὐτοῖς
1374 1098 1578 1135 κραταιότερον,
1605 1097 1726 1135 ἠγγέλθη
1753 1098 1795 1134 τῷ
1829 1099 1905 1135 βασι-

1074 1143 1117 1171 λέῖ
1131 1146 1184 1171 τῶν
1201 1142 1281 1170 ἐθνῶν
1308 1142 1325 1177 ἠ
1351 1141 1514 1172 συνέλευσις.
1537 1142 1568 1170 Ὁ
1591 1140 1618 1169 δὲ
1632 1140 1737 1169 κελεύει
1749 1145 1791 1178 τῷ
1808 1152 1901 1180 στρατ-

1073 1190 1135 1226 ηγῷ
1161 1186 1370 1223 Μεσοποταμίας
1408 1185 1585 1223 ἐπικουρῆσαι
1608 1188 1666 1217 τοῖς
1690 1185 1897 1224 πολιορκουμέ-

1071 1243 1127 1263 νοις
1144 1242 1151 1249 ·
1166 1232 1210 1259 καὶ
1235 1230 1360 1268 πολέμου
1384 1231 1453 1267 πρὸς
1475 1230 1538 1261 τοὺς
1561 1230 1726 1268 Ἀγαρηνοὺς
1751 1230 1896 1269 συρξαγέν-

1070 1287 1128 1311 τος,
1154 1276 1179 1303 οἱ
1210 1272 1354 1314 Βάρϐαροι,
1376 1275 1421 1303 καί
1443 1285 1487 1302 τοι
1510 1274 1716 1302 πολλαπλάσιοι
1746 1275 1817 1313 πρὸς
1833 1276 1897 1307 τοὺς

1070 1322 1222 1358 Ῥωμαίους
1248 1318 1334 1354 ὄντες,
1363 1319 1508 1357 τρέπονταί
1536 1330 1566 1347 τε
1592 1319 1637 1346 καὶ
1665 1318 1830 1348 σκίδνανται.
1866 1321 1897 1348 Οἱ

1073 1364 1101 1394 δέ
1115 1376 1145 1403 γε
1159 1365 1226 1396 Ῥὼς
1245 1364 1276 1392 τὸ
1299 1366 1352 1392 τῶν
1378 1363 1544 1402 Βουλγάρων
1567 1362 1643 1396 ἔθνος
1666 1364 1711 1391 καὶ
1731 1365 1783 1399 τὴν
1800 1364 1898 1402 χώραν

1071 1410 1159 1438 αὐτῶν
1177 1410 1221 1448 ὑφ’
1246 1408 1360 1439 ἑαυτοὺς
1385 1409 1579 1445 ποιησάμενοι,
1600 1407 1645 1436 καὶ
1669 1408 1733 1440 τοὺς
1756 1409 1898 1446 ἡγεμόνας

1070 1456 1118 1482 τοῦ
1147 1453 1237 1485 ἔθνους
1268 1453 1314 1481 τὸν
1343 1453 1459 1492 Βορίσην
1487 1453 1533 1480 καὶ
1557 1452 1603 1480 τὸν
1632 1453 1784 1489 Ῥωμανὸν,
1806 1454 1898 1481 οὐκέτι

1070 1501 1124 1527 τῶν
1141 1498 1211 1526 οἷ’κοι
1227 1498 1391 1535 ἐμέμνηντο,
1417 1496 1479 1525 ἀλλ’
1503 1495 1602 1532 ἤθελον
1629 1496 1710 1525 αὖτδῦ
1734 1507 1789 1525 που
1806 1499 1897 1534 μένειν

1071 1545 1121 1578 τήν
1135 1544 1228 1581 χώραν
1254 1543 1422 1580 κατέχοντες,
1447 1542 1515 1579 πρὸς
1537 1543 1618 1569 τοῖὶτο
1644 1540 1667 1569 δ’
1693 1542 1778 1569 αὐτοῦ
1796 1551 1804 1577 ;
1821 1543 1868 1570 χαί
1884 1543 1897 1570 ὁ

1072 1587 1229 1623 Καλοκυρὸς
1253 1587 1416 1624 ἀνηρέθιζεν.
1445 1585 1480 1614 Εἴ
1511 1586 1563 1624 γὰρ
1594 1584 1721 1624 βασιλεὺς
1750 1587 1898 1623 Ῥωμαίων

1071 1633 1294 1671 ἆναρῥηθήςομαι
1308 1631 1371 1669 παρ’
1396 1631 1484 1667 ὑμῶν,
1509 1630 1595 1668 ἔλεγε,
1618 1634 1668 1666 τῆς
1690 1641 1720 1658 τι
1737 1631 1792 1658 τῶν
1807 1631 1897 1660 Βουλ-

1071 1677 1161 1715 γάρων
1191 1678 1284 1714 χώρας
1313 1674 1508 1713 παραχωρήσει)
1539 1675 1615 1712 ὑμῖν,
1645 1674 1690 1702 καί
1726 1674 1895 1713 διαθήσομαι

1069 1722 1137 1759 πρὸς
1163 1722 1232 1757 ὑμᾶς
1258 1720 1369 1758 εἰρήνην
1396 1718 1613 1755 διαιώνίζουσαν,
1638 1719 1683 1747 καὶ
1707 1719 1742 1747 τὰ
1771 1721 1894 1758 ὑπεσχη-

1072 1766 1138 1802 μένα
1161 1764 1268 1802 παρέξω
1296 1765 1363 1791 κατὰ
1390 1764 1422 1791 τὸ
1448 1763 1666 1792 πολλαπλάσιον.
1692 1764 1725 1792 Οἱ
1751 1762 1779 1792 δὶ
1803 1766 1839 1802 τῇ
1864 1775 1895 1792 τα

1068 1812 1122 1837 τῶν
1140 1811 1239 1847 χωρῶν
1266 1809 1348 1846 ἀρετῇ
1373 1807 1542 1845 θελχθέντες,
1569 1809 1613 1835 καὶ
1643 1810 1701 1839 τοῖς
1727 1808 1823 1846 λόγοις
1847 1811 1895 1837 τοῦ

1070 1853 1231 1891 Καλοκυροῦ
1261 1853 1453 1890 χαυνωθὲντες,
1493 1852 1554 1879 οὕτε
1591 1854 1630 1888 τῷ
1669 1852 1781 1890 βασιλεῖ
1807 1855 1897 1881 πάντα

1069 1899 1193 1933 ποιήσειν
1233 1896 1345 1931 ἐπιτελῆ
1388 1896 1422 1924 τὰ
1450 1896 1523 1932 παρὰ
1546 1898 1594 1924 τοῦ
1619 1897 1778 1935 Νικηφόρου
1803 1899 1895 1937 σφίσιν

1070 1942 1245 1980 ὑπεθχημένα
1270 1941 1406 1968 ἐπείθοντο
1443 1941 1585 1978 γράφοντι,
1623 1941 1668 1968 καὶ
1696 1944 1757 1972 τοῖς
1784 1940 1898 1980 πρέσϐε.

1069 1997 1110 2014 σιν
1140 1985 1284 2023 ὡμίλησαν
1325 1985 1569 2022 ἀλαζωνικότερον.
1603 1985 1738 2013 Ἐντεῦθεν
1780 1985 1896 2024 ἄρασθαι

1068 2034 1125 2059 κατ’
1154 2030 1241 2058 αὐτῶν
1269 2029 1341 2057 ὅπλα
1373 2030 1539 2067 ἠνάγκαστο,
1568 2029 1614 2056 καὶ
1639 2031 1699 2061 ταῖς
1727 2030 1896 2067 Ῥωμαῑκαίς

1070 2075 1211 2112 δυνάμεσιν
1248 2074 1394 2109 ἐπιστήσας
1424 2073 1609 2111 στρατάρχην,
1642 2073 1672 2101 ὃν
1701 2075 1894 2111 στρατηλάτην

1068 2119 1193 2156 ὠνόμασε
1221 2117 1326 2155 Βάρδαν
1359 2117 1504 2156 μάγιστρον
1531 2118 1575 2145 τὸν
1607 2117 1746 2154 Σκληρὸν,
1771 2120 1823 2153 τῆς
1838 2119 1894 2155 ἤδη

1068 2164 1201 2199 θανούσης
1218 2163 1299 2190 αὐτοῦ
1326 2165 1448 2199 γαμετῆς
1472 2160 1639 2201 αὐτάδελφον
1668 2159 1744 2198 ὄντα,
1770 2163 1893 2200 ὁρμῆσαί

1068 2210 1094 2236 οἱ
1106 2209 1174 2236 κατὰ
1197 2210 1252 2235 τῶν
1277 2207 1343 2237 Ῥὼς
1365 2206 1517 2234 ἐνετείλατο
1536 2215 1542 2222 '
1566 2207 1611 2234 καὶ
1638 2207 1652 2234 ὁ
1683 2207 1731 2243 μὶν
1752 2207 1892 2245 ἀπῇει,οί

1069 2250 1202 2291 βάρϐαροι
1218 2251 1246 2279 δὶ
1270 2253 1350 2278 τοῦτο
1377 2250 1518 2287 μαθόντες,
1544 2251 1589 2278 καὶ
1612 2251 1625 2278 ὁ
1647 2251 1751 2279 τούτων
1778 2250 1893 2292 ἔξαρχος

1068 2298 1082 2325 ὁ
1112 2293 1345 2335 Σφενδόσθλαϐος,
1371 2295 1434 2325 τούς
1462 2305 1490 2322 τε
1517 2294 1691 2333 Βουλγάρους
1719 2296 1892 2334 ὁπλισαντες,

1067 2341 1111 2369 καὶ
1137 2341 1302 2378 συμμάχους
1324 2340 1540 2378 προσειΛηφότες
1565 2339 1680 2374 Σκύθας,
1701 2339 1732 2368 οἷ’
1755 2343 1891 2377 Πατζινά-

1067 2396 1112 2414 και
1127 2384 1334 2420 κικλήσκονται,
1357 2384 1403 2411 καὶ
1425 2384 1490 2416 τοὺς
1512 2384 1562 2418 τὴν
1583 2383 1732 2412 Παννονίαν
1749 2386 1892 2418 οἱκοῦντας

1069 2430 1219 2467 Τούρκους,
1257 2428 1302 2456 καὶ
1340 2431 1464 2466 πρατιᾶν
1501 2428 1539 2459 είς
1577 2429 1722 2466 τριάκοντα
1761 2431 1895 2468 μυριάδας

190 2486 394 2524 ἀριθμουμένην
424 2484 634 2520 συστησάμενοι,
657 2482 708 2516 τὴν
744 2479 851 2517 Θρᾴκην
879 2479 990 2524 ,άπασαν
1029 2479 1181 2524 ἐληίζοντο.
1205 2477 1404 2524 ,Τούτοις-οὗν
1434 2478 1472 2524 μὴ
1500 2476 1606 2516 θαῤῥῶν
1634 2478 1648 2505 ὁ
1672 2477 1801 2516 Σκληρδς
1830 2491 1895 2518 συμ-

191 2521 276 2568 μίξαι,
301 2521 346 2557 καὶ
379 2529 446 2556 κατὰ
475 2526 606 2562 συστάδην
635 2524 802 2563 μαχέσασθοι
828 2522 995 2568 (πολλοστὸν
1022 2523 1074 2561 γὰρ
1102 2523 1135 2556 ἤν
1163 2523 1232 2560 πρὸς
1260 2523 1291 2549 τὸ
1315 2521 1422 2556 πλῆθος
1445 2521 1554 2548 ὶκείνων
1578 2521 1610 2548 τὸ
1634 2525 1691 2558 μετ’
1711 2522 1795 2551 αὐτοῦ
1813 2535 1894 2562 στραι-

191 2553 276 2568 Γ⁹”Ὶ’⁹”¹¹Ι
303 2553 346 2557 ’⁷⁷⁷⁷
380 2553 445 2556 ⁷””““⁷“
479 2553 589 2562 ⁷““⁷⁷⁷⁷⁷Ι
635 2553 640 2562 ι
676 2553 693 2563 Ii.
830 2553 836 2560 \
1029 2553 1034 2561 ι
1060 2553 1064 2560 ι
1114 2553 1119 2556 -
1186 2553 1190 2560 ι
1368 2553 1372 2556 ,

186 2575 325 2610 τιωτικὸν)
355 2574 545 2610 στρατηγικαῖς
577 2569 703 2607 μεθόδοις
733 2568 798 2600 τοὺς
826 2566 985 2606 Βαρϐάρους
1010 2566 1227 2606 κατηγωνίσατο.
1264 2566 1318 2593 Καὶ
1345 2567 1454 2603 πρῶτον
1486 2565 1533 2601 μὲν
1561 2553 1667 2603 λόχους
1691 2566 1820 2603 καθίσας,
1847 2553 1893 2597 Ιχςιὶ

189 2623 282 2662 μόνοις
314 2625 372 2652 τοῖς
402 2620 578 2654 ΙΙατζινάκαις
607 2617 739 2652 ἐπελθὼν,
771 2618 815 2645 καὶ
855 2617 960 2656 εὐφυῶς
999 2616 1096 2647 αὐτοὺς
1134 2626 1214 2653 περια
1248 2615 1338 2652 γαγὼν
1375 2614 1414 2644 εἷς
1442 2613 1505 2644 τοὺς
1533 2613 1649 2651 λόχους,
1673 2625 1738 2646 τους
1771 2617 1822 2652 μὶν
1851 2619 1894 2646 ὲν-

187 2657 255 2705 εἷλε,
284 2667 348 2698 τοὺς
378 2665 401 2693 δ’
430 2664 487 2692 εἷλε
512 2666 612 2697 ζῶντας
631 2673 636 2679 ·
660 2663 715 2690 εἶτα
738 2661 782 2689 καί
806 2664 865 2692 τοῖς
888 2661 986 2692 ἄλλοις
1006 2661 1167 2697 συμμίξαντι
1197 2659 1279 2705 μέχρι
1306 2659 1353 2695 μὲν
1378 2669 1450 2689 τινος
1463 2657 1610 2696 ίσόρῥοπος
1625 2659 1658 2693 ἧν
1676 2660 1693 2693 ἡ
1712 2660 1792 2698 μάχη
1808 2662 1892 2699 αὐτῷ,

185 2718 231 2746 Ὧς
249 2714 277 2742 δὲ
306 2723 347 2743 τις
377 2712 430 2738 τῶν
463 2709 571 2735 Σκυθῶν
600 2707 645 2733 καὶ
676 2705 751 2745 ὄγκῳ
781 2707 920 2742 σώματος,
948 2706 992 2733 καὶ
1028 2706 1119 2742 ψυχῆς
1149 2704 1340 2741 παραστήματι
1378 2705 1501 2740 γενναῖος
1531 2703 1599 2730 εἶναι
1629 2701 1728 2740 δοκῶν,
1763 2706 1810 2733 καὶ
1840 2710 1892 2735 τῶν

188 2764 327 2800 ὁμογενῶν
350 2760 476 2789 ἁπάναων
507 2757 670 2794 ὑπερτερεῖν,
697 2756 766 2793 ὁρῶν
797 2755 843 2782 τὸν
875 2755 1000 2792 Σκληρὸν
1029 2753 1147 2792 ἔφιππον
1177 2751 1281 2780 διιόντα
1308 2752 1357 2782 τὰς
1389 2752 1431 2790 ὑφ’
1457 2751 1551 2778 ἑαυτὸν
1576 2751 1677 2786 τάξεις,
1711 2754 1758 2781 καὶ
1793 2756 1893 2788 ταύτας

188 2810 226 2842 εἵς
250 2798 337 2846 άλκὴν
367 2807 543 2847 διεγείροντα,
574 2804 685 2842 ὥρμησε
710 2805 769 2832 κατ’
798 2804 912 2839 ἐκείνου,
936 2803 980 2831 καὶ
1005 2803 1153 2840 κατήνεγκε
1177 2801 1208 2829 τὸ
1237 2800 1311 2839 ξίφος
1332 2801 1400 2828 κατά
1421 2803 1471 2835 τῆς
1493 2798 1616 2839 κεφαλῆς
1636 2799 1685 2828 τοῦ
1709 2801 1810 2842 ἀνδρός
1827 2815 1834 2821 -
1861 2807 1892 2834 τὸ

1860 0 2005 218 ιν]
