2005 3168
84 173 134 204 13⁸1
721 168 928 201 ANNALIUM

952 169 1024 199 LIB.
1047 169 1138 200 XVII.
1723 173 1781 204 138

82 239 107 268 δὲ
127 240 160 276 τῇ
185 240 235 266 τοῦ
262 238 375 275 κράνους
401 236 480 275 ἴσχύϊ
502 236 547 264 καὶ
575 238 609 273 τῇ
640 235 761 272 λειότητι
789 236 844 273 οὐχ
870 235 959 272 ἥψατο
991 233 1083 263 αὐτοῦ.
1101 235 1131 264 Ὁ
1151 234 1179 263 δὲ
1196 235 1322 273 Σκληρὸς
1351 235 1426 268 αὖθις
1441 236 1508 264 κατᾶ
1522 240 1572 272 τῆς
1591 237 1714 276 κεφαλῆς
1738 240 1783 267 τὸν

85 284 184 320 Σκύθην
214 282 374 318 ἀντέπληξε,
402 281 448 309 καὶ
476 283 493 317 ἡ
520 283 569 309 τοῦ
597 280 689 320 ξίφους
719 280 858 320 καταφορὰ
885 279 923 311 εἰς

951 282 1082 308 τοσοῦτον
1110 280 1219 318 γέγονεν
1248 279 1368 318 ἐνεργὸς,
1397 281 1434 313 ὡς
1463 280 1529 319 διχῆ
1558 283 1696 319 τμηθῆναι
1727 285 1784 321 (78)

82 331 123 357 τὸν
151 325 302 366 Βάρὸαρον,
326 327 372 354 καὶ
408 326 538 364 ἡμίτομα
572 326 606 354 τὰ
641 326 710 363 μέρη
749 326 832 353 αὐτοῦ
859 327 909 352 τοῦ
937 325 1022 352 ἱππου
1051 325 1183 354 ἐκπεσεῖν.
1213 326 1247 353 Οἱ
1276 323 1413 363 Βάρῧαροι
1436 327 1466 353 τὸ
1493 324 1569 364 ἔργον
1605 326 1786 366 ἐκπλαγέντες

84 374 117 405 εις
151 372 256 401 δειλίαν
296 372 430 407 ἐξέπεσον,
460 371 505 398 καὶ
535 371 573 401 εἷς
603 371 690 409 φυγὴν
719 369 814 397 αὐτίκα
841 369 1006 407 ἐτράπησαν,
1036 370 1077 400 οἷς
1106 371 1133 396 οἱ
1160 371 1292 406 Ῥωμαῖοι
1324 370 1436 398 κατόπιν
1466 370 1632 408 ἐλαύνοντες,
1662 372 1786 405 πολλοὺς

79 419 118 455 μὲι
155 417 284 454 ἀνῄρουν,
311 415 434 447 πολλοὺς
465 414 488 442 δ’
516 415 663 453 ἐζώγρουν.
693 415 811 442 "Emesa
850 413 878 441 δὲ
911 415 960 448 τῆς
995 412 1112 450 διώξεως
1146 414 1208 445 τοὸς
1246 414 1307 452 περὶ
1338 416 1381 442 τὸν
1420 414 1547 452 Σκληρὸν
1584 415 1734 445 ἐπελθοῦσα
1763 419 1780 454 ἡ

77 464 133 499 νῶξ·
148 461 214 493 τέως
232 460 262 489 δὲ
276 461 321 488 καὶ
337 462 370 488 ὅσ
380 471 406 488 οι
421 460 648 498 περιελείφθησαν
663 459 824 496 τραυματίαι
841 459 920 493 ἦσαν.

109 509 143 536 B'.
164 507 214 534 Καὶ
243 507 278 533 τὰ
305 506 351 542 μὲν
381 506 449 532 κατὰ
477 505 540 536 τοὺς
557 505 625 535 Ῥὼς
654 504 679 532 ἰν
701 504 809 536 τούτοις
823 504 901 538 ἦσαν.

998 504 1032 532 ΙΙ.
1051 505 1121 532 Cum
1152 505 1211 533 haec
1240 509 1340 534 contra
1370 506 1479 534 Russos
1508 509 1660 543 geruntur,
1676 507 1784 538 Bardns

81 551 177 591 Βάρδας
202 550 232 578 δὶ
257 551 272 578 ὁ
299 553 397 582 Φωκᾶς
421 550 435 577 ὁ
459 552 508 578 τοῦ
532 549 648 580 Λέοντος
673 552 748 582 παῖς,
765 549 790 584 ἐξ
815 549 903 585 Ἀμα-

80 597 143 628 σείας
157 595 248 635 φυγὼν
277 594 303 622 ἐν
319 595 520 632 ᾗπιριώριστο
549 594 598 629 τὴν
629 596 682 621 τῶν
709 591 902 621 Καππαδοκῶν

79 641 227 679 κατειλήφει
258 640 435 676 Καισάρειαν,
459 637 584 669 πολλοὺς
613 638 902 676 προσεταιρισάμενος,

79 687 116 714 καὶ
142 683 279 723 τυραννίδι
310 684 531 721 ἐπικεχείρηκεν,
555 683 643 719 ἑαυτῷ
670 683 845 719 περιθέμενος
869 683 903 709 τὰ

80 735 121 765 τῆς
143 729 284 767 βασιλείας
312 728 473 766 παράσημα.
495 727 547 755 Καὶ
571 727 584 753 ὁ
609 728 699 764 πατὴρ
722 725 751 754 δὲ
774 726 871 754 τούτου
888 727 901 753 ὁ

80 775 145 803 Λέων
173 773 219 801 σὺν
246 776 288 810 τῷ
313 773 466 811 Νικηφόρῳ
495 772 525 799 ἐκ
555 769 659 799 Λέσϐου
688 772 756 808 πρὸς
796 771 902 808 Θρᾴκην

80 817 249 847 ἐϐουλεύσατο
292 816 431 852 διαϐῆναι,
459 815 530 854 ἔχων
565 817 772 853 συμπράττοντά
801 817 827 843 οἱ
856 816 900 843 καὶ

79 865 118 892 τὸν
144 861 260 891 ’Δϐύδου
294 862 523 900 ἀρχιεπίσκοπον.
553 861 684 892 Γνωσθεῖς
713 859 751 894 δὲ,
778 860 842 891 τοὺς
873 861 901 888 ὁ-

82 909 211 948 φθαλμοὺς
251 910 420 945 πηρωθῆναι
457 904 661 940 καταδικάζεται
700 904 746 932 σὺν
783 907 824 941 τῷ
850 906 902 941 υἱῷ

82 953 229 991 Νικηφόρῳ.
247 952 362 989 Λέγεται
392 950 420 979 δὲ
447 951 492 978 τὸν
525 950 638 988 βασιλέα
653 949 720 977 κατὰ
734 950 765 977 τὸ
782 948 902 985 λεληθὸς

86 997 241 1030 ἐντείλασθαι
278 999 338 1027 τοῖς
380 996 550 1033 έπιτραπεῖσι
590 995 639 1029 τὴν
683 995 807 1032 πήρωσιν
846 996 899 1021 τῶν

85 1042 194 1081 ἄνδρων,
234 1042 273 1078 μή
300 1040 413 1079 ίγκόψαι
453 1040 560 1070 τούτοις
603 1042 636 1067 τὸ.
673 1037 799 1076 ὄμματα,
828 1038 902 1066 ἀλλᾶ

84 1085 181 1122 δόκησιν
213 1087 261 1123 μὲν
287 1087 441 1124 παρασχεῖν
475 1084 681 1123 ἐκτυφλώσεως,
711 1083 899 1122 παραφυλάξαι

85 1131 109 1160 δὲ
131 1134 185 1163 τοῖς
213 1131 371 1169 ἀνθρώποις
402 1127 547 1165 ἀλώϐητον
574 1130 605 1156 τὸ
622 1129 697 1166 ὁρᾷν.
713 1129 823 1156 Τούτων
854 1127 900 1155 οὗν

85 1176 146 1204 οὔτω
186 1175 402 1212 συνενεχθέντων
416 1197 428 1225 ἱ
451 1174 540 1225 γραφη
580 1169 783 1225 καταλαμϐάνει
800 1217 805 1225 Ι
823 1172 900 1209 βασί-
918 1193 942 1225 Β

86 1221 150 1252 λιιος
176 1221 221 1248 τόν
249 1219 389 1256 Σκληρὸν,
411 1218 470 1257 ἄρτι
498 1218 562 1249 τοὺς
591 1217 695 1250 Σκύθας
723 1217 901 1255 τρεψάμενον,

86 1265 306 1303 διαπεραιωθῆναι
332 1265 398 1299 πρὸς
425 1264 474 1298 τήν
504 1263 600 1299 Ἑῴαν,
616 1262 661 1290 καὶ
684 1264 723 1297 τῷ
751 1259 842 1299 Βάρδᾳ
863 1263 903 1296 τῷ

87 1314 161 1346 Φωκᾷ
188 1311 423 1344 ἀντικαταστῆναι.
453 1308 504 1335 Καὶ
533 1307 628 1335 αὐτίκα
664 1307 756 1343 ἀπῄει,
785 1306 830 1333 καὶ
864 1305 902 1336 εἰς

88 1355 232 1393 Καισάρειαν
262 1353 368 1392 γέγονε,
384 1353 427 1381 καὶ
459 1353 484 1380 οἱ
512 1352 574 1389 περὶ
602 1352 647 1379 τὸν
673 1354 782 1384 Φωκᾶν,
800 1350 902 1378 ἰκεῖνον

88 1399 213 1433 λιπόντες,
227 1401 268 1435 τῷ
296 1398 417 1436 Σκληρῷ
441 1396 655 1435 προσερρύησαν,
673 1395 754 1432 μόνος
780 1395 808 1422 δὶ
836 1395 903 1432 μετὰ

88 1447 132 1471 τῶν
170 1444 343 1482 θεραπόντων
376 1441 571 1480 περιλειφθεὶς,
600 1440 668 1477 πρὸς
700 1440 732 1468 τὸ
771 1440 900 1477 φρούριον

87 1488 203 1527 κατέφυγε
229 1489 261 1516 τὸ
281 1486 446 1524 Τυροποιόν.
477 1485 548 1521 ’Ήδη
587 1484 609 1512 δ’
634 1484 714 1522 ἐγγὺς
751 1482 815 1512 ὅντα
853 1486 900 1510 τοῦ

87 1533 220 1571 εἰρημένου
250 1531 394 1570 φρουρίου,
418 1527 672 1566 καταλαμϐάνουσιν
703 1528 782 1556 αὐτὸν
810 1529 902 1560 ἱππεῖς

88 1579 239 1617 πεμφθέντες
265 1577 335 1615 πρὸς
357 1578 406 1603 τοῦ
433 1573 572 1613 Σκληροῢ,
599 1574 634 1601 ὧν
663 1574 701 1604 εἷς
728 1574 900 1617 linive-wer-

87 1633 123 1653 νος
161 1621 269 1661 Χάρωο,
285 1621 449 1658 θρασύτερος
475 1621 528 1646 τῶν
549 1617 654 1652 ἄλλων,
671 1619 709 1648 ὡς
733 1615 829 1650 ἔοικεν,
852 1615 900 1652 ὢν,

87 1667 229 1706 προφθάσας
256 1665 322 1697 τοὺς
348 1665 558 1702 συστρατιώτας,
577 1663 635 1700 μεθ’
650 1663 739 1701 ὁρμῆς
767 1671 901 1688 συντονω-

86 1711 159 1749 τέρως
173 1712 311 1750 ἐπήρχετο
325 1712 364 1747 τῷ
380 1711 474 1745 Φωκᾷ,
489 1709 503 1736 ὁ
520 1707 548 1736 δὲ
568 1708 679 1746 ούραγεῖ
701 1706 746 1735 καὶ
771 1706 834 1750 τοὺς
855 1705 901 1733 σὺν

89 1757 151 1793 αὖτῷ
173 1749 306 1794 περιεῖπε,
322 1755 366 1782 καὶ
391 1755 405 1782 ὁ
433 1754 529 1792 Χάρων
557 1750 648 1791 ὕϐρεσι
676 1754 771 1780 τοῦτον
800 1749 901 1779 ἔϐαλλε

90 1802 126 1829 καὶ
140 1800 258 1829 ὀνείδεσι.
276 1799 356 1828 Καὶὸ
377 1801 487 1832 Φωκᾶς,
502 1797 559 1827 Οὐκ
588 1796 640 1825 ἔδει
670 1807 709 1832 σε,
739 1796 820 1830 εἶπεν,
852 1797 900 1823 ἇν-

89 1847 183 1883 θρωπον
222 1845 247 1873 ἰν
288 1846 443 1882 συμφοραῖς
479 1843 617 1873 τοιαύταις
656 1841 813 1879 γενόμενον,
841 1840 899 1867 ἄπι-

90 1878 216 1926 πλήσσειν.
239 1888 296 1918 Τοῦ
325 1878 364 1915 ’δέ
383 1878 529 1925 ,Χάρωνος
558 1886 584 1914 ἐν
609 1878 717 1918 τούτοις
749 1885 900 1924 ἐγγίσαντος
914 1878 935 1913 C

88 1937 121 1971 τῷ
143 1934 298 1972 Βάρδᾳ,καὶ
326 1932 418 1972 βαλεῖν
448 1931 653 1970 ἐπιχιιροῦντος
681 1931 770 1968 αὐτὸν,
799 1930 898 1962 ἐκεῖνος

88 1981 129 2013 τήν
142 1979 253 2018 κορύνην
268 1977 418 2013 ἀνατείνας,
434 1977 508 2004 παίει
531 1977 578 2004 τὸν
603 1979 802 2004 Κωνσταντῖνον
832 1975 898 2002 κατὰ

88 2027 129 2059 τῆς
154 2024 275 2062 κόρυθος,
289 2023 335 2051 καὶ
363 2021 462 2057 ταύτην
491 2021 630 2058 συνέτριψε
655 2020 722 2057 μετὰ
740 2023 789 2056 τῆς
817 2031 898 2060 κεφα-

91 2067 133 2103 λῆς
155 2071 200 2096 τοῦ
227 2067 335 2106 ἀνδρὸς,
363 2067 408 2094 καὶ
438 2065 515 2098 εὐθὺς
545 2065 602 2093 εἷλε
634 2065 679 2093 τὸν
706 2065 899 2102 πεπληγμένον

91 2114 230 2152 πορφύρεος
258 2113 382 2147 θάνατος,
406 2114 455 2148 μιᾷ
479 2111 663 2138 θανατωθέντα
688 2109 796 2148 πληγῇ.
814 2110 848 2138 Οἱ
871 2108 900 2136 δὲ

91 2158 188 2186 κατόπιν
210 2158 381 2192 ἐλαύνοντες,
405 2157 522 2194 ὁρῶντες
545 2155 591 2182 τὸν
616 2155 740 2190 πεσόντα,
757 2154 900 2193 ἀφίσταντο

91 2206 132 2237 τῆς
155 2202 278 2239 διώξεως,
293 2203 338 2230 καὶ
355 2202 369 2229 ὁ
392 2203 489 2232 Φωκᾶς
513 2198 601 2228 εῗσέδυ
623 2199 654 2227 τό
680 2199 820 2238 φρούριον.
836 2199 902 2227 Εἶτα

92 2247 128 2274 καὶ
151 2248 163 2275 ὁ
188 2247 312 2285 Σκληρὸς
354 2246 513 2284 παρεγένετο
531 2267 538 2280 ,
565 2244 610 2272 καὶ
652 2244 776 2272 πέπεικεν
820 2243 900 2271 αὐτὸν

93 2295 275 2330 προσχωρῆσαι
302 2293 341 2327 τῷ
369 2289 491 2328 βασιλεῖ·
507 2289 552 2316 καὶ
581 2288 776 2328 προσελθόντα,
801 2286 901 2326 κληρι-

94 2336 133 2362 κόν
158 2347 184 2364 τε
208 2334 368 2374 γενόμενον,
382 2334 418 2366 el:
446 2335 495 2369 τὴν
524 2333 592 2361 Χίον
609 2333 757 2371 περιορίζει
773 2334 787 2360 ὁ
803 2334 902 2369 Τζιμι-

97 2383 161 2415 σκῆς.
182 2380 227 2408 Καὶ
256 2381 270 2407 ὁ
301 2379 426 2418 Σκληρὸς
456 2379 530 2410 αὖθις
561 2378 754 2416 προστάττεται
784 2374 903 2414 μεταϐῆ-

156 2425 190 2456 ε“ς
217 2426 251 2453 τὰ
278 2424 413 2461 Ἐσπέρια.
430 2422 600 2460 Νυμφεόεται
631 2422 654 2450 δ’
678 2423 764 2458 ἑαυτῷ
792 2428 904 2460 γυναῖκα

97 2469 108 2495 ὁ
131 2469 248 2507 βασιλεὺς
277 2467 382 2506 σπουδῇ
412 2467 553 2496 Βασιλείου
581 2469 628 2494 τοῦ
656 2467 904 2505 παρακοιμωμένου

97 2513 221 2552 θεοδώραν
235 2515 285 2549 τὴν
309 2514 442 2552 θυγατέρα
461 2511 664 2540 Κωνσταντίνου
688 2515 736 2540 τοῦ
763 2515 905 2550 Πορφυροι

96 2435 131 2451 ναι

97 2560 220 2594 γεννήτου.
247 2560 321 2588 Ἔτει
351 2557 380 2586 δὲ
409 2557 525 2595 δευτέρῳ
557 2561 607 2592 τῆς
640 2557 722 2584 αὐτοῦ
755 2556 905 2594 βασιλείας,
923 2569 944 2600 λ)

99 2601 165 2641 lupo;
198 2604 416 2642 ἄναλάμψαντος,
446 2602 614 2641 ἐκστρατεύει
652 2602 720 2630 κατὰ
754 2603 808 2629 τῶν
837 2601 906 2633 Ῥὼς

959 547 1069 576 Phocus
1087 549 1190 578 Leonis
1207 550 1286 578 ﬁlius
1302 550 1402 578 relicta
1418 553 1537 580 Amasis.
1554 552 1603 580 ubi
1620 553 1782 589 exsulabat,

958 594 1118 622 Caesaream
1143 596 1332 631 Cappadociae
1362 597 1524 632 occupavit,
1541 599 1569 625 et
1594 597 1782 627 factiosorum

957 637 1112 666 hominum
1141 640 1247 675 opibus
1277 640 1378 675 fretus,
1405 641 1590 676 tyrannidem
1626 643 1781 678 aii'ectavit,

957 683 1084 719 sumptis
1101 684 1215 719 imperii
1233 684 1411 721 insignibus.
1428 686 1482 713 Sed
1498 688 1527 713 et
1549 688 1631 722 pater
1646 688 1710 723 ejus
1725 688 1782 716 Leo

957 736 1024 756 cum
1041 728 1131 756 altero
1148 729 1206 756 filio
1221 730 1382 765 Nicephoro
1399 730 1428 757 in
1452 731 1549 758 animo
1570 731 1673 759 habuit
1689 732 1781 760 Lesbo

957 773 1083 801 transire
1099 773 1129 800 in
1144 773 1308 809 Thraciam,
1326 775 1459 810 adjutore
1484 776 1621 811 Abydeno
1637 777 1781 813 archiepi-

957 825 1054 853 scopo.
1071 818 1179 846 Verum
1195 827 1228 846 eo
1256 819 1378 847 consilio
1401 820 1527 855 cognito,
1550 821 1709 849 damnatur
1724 830 1783 850 una

957 870 1024 890 cum
1042 862 1100 890 ﬁlio
1115 863 1279 898 Nicephoro
1296 866 1328 891 ut
1342 864 1368 891 ei
1383 864 1461 891 oculi
1478 864 1672 900 eﬁ‘odiantur;
1688 866 1781 903 impe-

957 909 1036 934 rator
1051 909 1149 934 tamen
1177 907 1254 935 clam
1279 908 1424 936 ministris
1454 909 1611 937 mandasse
1631 910 1733 944 fertur,
1750 914 1783 939 ut

956 950 1129 978 simularent
1143 951 1284 979 duntaxat
1308 953 1540 986 excmcationem,
1562 962 1723 990 eorumque
1738 956 1782 983 vi-

956 1003 1023 1023 sum
1039 995 1164 1023 illaesum
1191 999 1405 1024 conservarent.
1422 996 1474 1025 His
1490 997 1531 1025 ita
1545 999 1648 1034 gestis,
1665 999 1781 1036 Scythis

956 1048 1058 1068 recens
1085 1040 1170 1075 fusis,
1185 1041 1281 1068 Sclero
1310 1041 1412 1068 litterae
1443 1042 1477 1069 ab
1506 1042 1684 1077 imperatore
1711 1044 1780 1071 aﬂ'e-

957 1086 1072 1118 runtur,
1103 1087 1136 1112 ut
1165 1085 1284 1120 traiecto
1315 1085 1344 1112 in
1374 1085 1520 1113 Orientem
1549 1087 1677 1114 exercitu
1711 1087 1780 1115 Bar-

956 1129 1024 1156 dam
1041 1128 1166 1156 Phocam
1183 1129 1340 1165 opprimat.
1356 1128 1408 1161 Qui
1439 1138 1505 1157 cum
1535 1130 1696 1159 Caesaream
1712 1140 1780 1168 per-

957 1173 1093 1206 venisset,
1119 1173 1229 1201 Pbocas
1259 1182 1276 1200 ο.
1304 1182 1358 1202 sua
1387 1173 1511 1202 factione
1539 1175 1673 1204 desertus
1698 1176 1780 1212 (nam

958 1219 993 1246 ad
1023 1218 1153 1246 Sclerum
1179 1218 1367 1246 conﬂuebant
1394 1220 1508 1254 omnes)
1529 1219 1610 1248 solus
1633 1229 1701 1248 cum
1719 1221 1782 1249 suis

958 1262 1102 1290 ministris
1132 1263 1166 1290 ad
1205 1262 1356 1290 castellum
1385 1265 1554 1299 Tyropseum
1581 1267 1737 1301 properat:
1765 1274 1782 1294 θ.

958 1308 1030 1335 211
1050 1316 1107 1343 quo
1123 1315 1190 1335 cum
1207 1315 1264 1334 non
1289 1308 1416 1335 multum
1441 1309 1566 1342 abesset,
1583 1309 1697 1345 equites
1713 1318 1780 1338 eum

956 1361 973 1380 a
988 1351 1085 1380 Sclero
1110 1351 1194 1380 missi
1218 1354 1449 1388 consequuntur.
1467 1353 1594 1386 Quorum
1613 1362 1690 1382 unus
1707 1355 1780 1383 Con-

957 1397 1106 1425 stantinus
1122 1397 1246 1432 Charon,
1263 1397 1375 1425 caeteris
1405 1398 1542 1425 audacior
1562 1398 1683 1434 scilicet,
1698 1408 1779 1428 com-

956 1441 1104 1469 militones
1119 1449 1188 1469 suos
1205 1442 1367 1476 antevertit,
1384 1446 1411 1470 el
1434 1441 1545 1478 impetu
1564 1443 1779 1473 vehementiore

956 1495 988 1514 ac
998 1486 1176 1522 pertinacius
1186 1486 1216 1513 in
1229 1486 1534 1518 Phocam,extremum
1545 1497 1665 1516 suorum
1673 1497 1778 1526 agmen

955 1533 1118 1564 curantem,
1135 1530 1245 1565 illatus,
1273 1531 1423 1559 hominem
1448 1531 1611 1560 maledictis
1624 1535 1652 1560 et
1665 1533 1780 1568 probris

955 1575 1125 1603 insectatur.
1146 1574 1197 1602 Cui
1213 1574 1285 1603 ille:
1311 1575 1368 1602 Non
1392 1577 1418 1602 to
1445 1575 1526 1609 decet,
1545 1576 1647 1611 inquit,
1674 1577 1781 1605 homini

955 1620 1012 1648 tali
1025 1620 1185 1648 calamitate
1213 1620 1385 1654 conﬂictanti
1413 1620 1559 1648 insultare.
1580 1623 1652 1649 Cum
1681 1623 1779 1650 autem

955 1665 1068 1692 Charon
1084 1664 1200 1691 interim
1218 1663 1334 1700 propior
1349 1664 1455 1697 factus,
1471 1665 1562 1693 telum
1584 1666 1613 1693 in
1627 1674 1694 1694 eum
1711 1675 1780 1694 con-

951 1710 1086 1745 jscturus
1102 1711 1190 1742 esset,
1207 1708 1318 1736 clavam
1334 1708 1376 1736 sic
1392 1708 1422 1736 in
1437 1709 1551 1745 galeam
1567 1710 1631 1745 ejus
1647 1711 1780 1748 impegit,

955 1759 986 1782 ut
1001 1762 1061 1781 una
1075 1761 1141 1781 cum
1157 1753 1208 1780 illa
1223 1755 1310 1789 caput
1325 1753 1411 1782 etiam
1428 1754 1634 1791 confringeret,
1651 1764 1708 1791 quo
1721 1765 1779 1784 uno

955 1799 1014 1826 ictu
1030 1799 1207 1835 prostratus,
1223 1806 1389 1834 purpuream
1402 1800 1486 1827 vomit
1501 1799 1550 1828 ille
1564 1801 1779 1829 animam.Eum

953 1844 1098 1880 jacentem
1115 1843 1274 1879 conspicati
1290 1843 1339 1880 qui
1356 1852 1431 1880 pone
1455 1845 1664 1881 sequebantur,
1681 1854 1697 1873 ο
1713 1854 1778 1882 per-

954 1887 1104 1924 sequendo
1120 1888 1304 1921 destiterunt,
1321 1887 1423 1916 Phocea
1438 1897 1523 1925 porro
1547 1889 1700 1918 castellum
1712 1891 1777 1926 jam

952 1933 1085 1969 ingresso
1101 1933 1248 1968 persuasit
1261 1932 1377 1960 Sclerus
1394 1935 1425 1961 ut
1454 1933 1639 1970 imperatoris
1664 1935 1730 1963 fidei
1746 1943 1777 1963 se

954 1978 1167 2012 committeret;
1184 1977 1268 2013 cujus
1293 1978 1381 2013 jussu
1410 1978 1534 2006 clericus
1564 1979 1668 2013 factus,
1693 1982 1721 2008 et
1747 1980 1777 2008 in

954 2021 1059 2051 Chium
1076 2021 1223 2058 relegatus
1246 2024 1300 2054 est,
1318 2022 1434 2050 Sclerus
1449 2022 1479 2050 in
1493 2024 1681 2052 Occidentem
1697 2026 1794 2052 revo-'

954 2068 1047 2094 catus.
1065 2065 1226 2101 Imperator
1240 2065 1338 2093 studio
1368 2067 1465 2094 Basilii
1489 2067 1616 2095 cubiculi
1633 2069 1782 2104 piaapoaiti

954 2110 1106 2138 Theodore.
1136 2110 1320 2137 Constantini
1341 2111 1579 2147 Porphyrogeniti
1609 2112 1668 2139 ﬁlia
1693 2121 1782 2140 uxore

955 2155 1053 2188 ducta,
1069 2162 1145 2182 anno
1162 2155 1289 2182 secundo
1314 2154 1441 2191 imperii,
1456 2164 1546 2184 verno
1567 2158 1699 2192 tempore
1714 2165 1782 2185 cum

956 2199 1060 2227 multis
1072 2198 1247 2227 exercitibus
1264 2201 1292 2226 et
1306 2199 1399 2227 classe
1425 2199 1533 2228 illustri
1554 2201 1664 2229 bellum
1679 2201 1784 2229 Russis

956 2244 1054 2278 infert,
1071 2244 1117 2272 cui
1148 2243 1224 2271 inter
1253 2244 1421 2273 abeundum
1451 2245 1623 2282 Scytharum
1651 2246 1783 2282 specula-

957 2291 1047 2323 tores,
1064 2289 1262 2317 Romanorum
1279 2289 1353 2317 vires
1383 2290 1572 2326 exploraturi,
1588 2299 1639 2327 per
1654 2291 1782 2327 speciem

958 2333 1112 2370 legationis
1128 2336 1336 2362 occurrerunt:
1354 2343 1428 2370 quos
1450 2335 1610 2372 imperator
1632 2343 1685 2364 cur
1699 2337 1783 2364 ades-

958 2381 1024 2407 sent
1039 2387 1096 2406 non
1124 2378 1257 2415 ignarus,
1275 2387 1325 2415 per
1354 2379 1453 2407 omnia
1481 2383 1578 2408 castra
1602 2381 1784 2409 circumduci

955 2424 1056 2460 jussit,
1074 2423 1165 2458 iisque
1181 2423 1366 2460 perlustratis
1382 2425 1470 2452 abire.
1488 2425 1632 2461 Digressis
1648 2426 1707 2454 illis
1722 2426 1785 2462 ipse

960 2477 1026 2497 cum
1041 2468 1240 2504 expeditorum
1255 2469 1385 2504 quinque
1400 2471 1428 2497 et
1442 2469 1574 2506 equitum
1586 2472 1712 2507 quatuor
1723 2472 1787 2499 mil-

960 2513 1039 2541 libus
1055 2514 1185 2546 secutus,
1202 2521 1234 2540 ex
1250 2513 1408 2549 improviso
1424 2515 1460 2542 ad
1477 2522 1614 2551 magnam
1635 2517 1786 2544 Persthla-

960 2566 1026 2586 vam
1043 2558 1166 2591 accedit,
1183 2559 1212 2585 et
1237 2557 1344 2585 vallum
1369 2560 1551 2588 communit:
1567 2568 1630 2596 quae
1647 2569 1693 2589 res
1707 2562 1784 2589 Tau-

963 2602 1106 2638 roscythis
1122 2604 1262 2630 terrorem
1290 2602 1398 2630 attulit.
1424 2603 1580 2641 Calocyrus
1605 2607 1705 2634 autem
1734 2605 1785 2641 qui

714 2692 817 2725 Variae
828 2691 978 2724 lectiones
999 2695 1030 2723 et
1049 2694 1143 2722 notae.

132 2773 245 2817 €78)“:
261 2773 325 2817 ξειῆ
349 2774 588 2817 eurus-1W9
615 2775 686 2815 sum
710 2781 774 2817 φλεε
796 2773 832 2814 d9
855 2774 911 2814 G9-

103 2808 201 2837 dsl‘rido
229 2808 374 2838 Bullibned
397 2811 500 2838 dicunt
523 2810 668 2844 historici,
698 2813 788 2845 atque
814 2809 844 2836 in
875 2808 911 2837 iis

103 2845 223 2875 Albertus
241 2847 398 2883 Aquensis,
412 2847 464 2875 lib.
480 2854 524 2881 iu,
541 2854 604 2882 cap.
620 2847 656 2874 65
669 2854 676 2881 ;
693 2848 798 2874 Petrus
814 2845 909 2874 Tude-

247 2913 372 2942 Pnsoc.
398 2912 451 2942 Gs.
476 2911 618 2942 CXXXV.

965 2772 1059 2800 bodus
1073 2781 1102 2808 p.
1116 2772 1180 2807 789,
1193 2773 1222 2809 et
1236 2772 1315 2800 Will.
1338 2773 1454 2809 Tyrius,
1468 2775 1518 2802 lib.
1541 2783 1579 2807 1v,
1605 2782 1668 2809 cap.
1693 2774 1720 2806 6,
1737 2774 1787 2809 qui

965 2809 1068 2836 scilicet
1081 2816 1168 2845 unum
1184 2808 1217 2836 de
1232 2808 1529 2845 hostibus’protervius
1552 2808 1709 2844 instantem,
1723 2808 1787 2838 licet

965 2845 1051 2873 lorica
1067 2844 1195 2872 indutum
1208 2853 1256 2881 per
1271 2844 1391 2874 medium
1404 2847 1508 2881 divisit,
1524 2848 1578 2874 etc.

1603 2912 1620 2939 5
