2005 3168
228 174 287 205 139

897 169 1062 202 JOANNIS
1085 169 1256 201 ΖΟΝΑΒΑΞ.

1877 173 1936 203 MO

226 244 289 269 tum
304 239 346 268 ibi
360 241 433 276 erat,
449 239 547 268 omnis
569 239 640 268 mali
666 241 778 274 auctor,
793 237 910 275 cognito
926 237 1041 274 impera

1108 235 1155 263 σὺν
1185 235 1365 274 στρατεύμασι
1394 236 1504 264 πλείοσι
1529 236 1574 264 καὶ
1603 235 1693 274 στόλῳ
1720 240 1874 275 περιφανεῖ,
1892 238 1937 266 καὶ

225 285 298 314 toris
315 285 442 313 adventu
467 284 497 312 in
517 284 682 313 Russorum
697 286 794 312 castra
818 282 959 319 confugit,
977 289 1052 318 pras-

226 330 326 359 sentite
342 329 422 357 illius
438 329 577 357 nuntium
590 329 713 357 atterens
726 339 734 357 :
746 337 803 365 quo
820 328 873 356 etsi
889 326 1052 364 perturbati

227 377 309 409 sunt,
338 377 437 403 tamen
463 375 549 410 juxta
578 374 725 402 Romanos
753 375 850 401 castra
879 372 1050 408 posuerunt.

225 425 388 460 Imperator
410 431 477 451 vero
504 423 702 451 Persthlavam
727 423 883 458 profectus,
905 424 987 449 extra
1001 428 1052 447 ur-

226 469 292 497 bem
304 468 419 496 circiter
431 470 493 496 octo
505 467 598 495 millia
610 466 762 495 hominum
775 475 839 494 sese
854 464 1051 494 exercentium

227 513 427 549 deprehendit,
445 513 496 548 qui
524 513 635 547 impetu
665 512 729 548 ejus
758 510 907 548 paulisper
932 509 1052 537 tolerato

225 560 309 594 terga
323 557 474 585 dederunt.
492 557 637 593 Oppidani
660 555 834 592 arripientes
849 563 941 587 arma,
959 556 992 581 ut
1006 561 1052 581 res

228 602 349 637 ferebat,
366 602 402 629 ad
416 609 501 637 opem
516 600 665 628 ferendam
683 599 884 636 popularibus,
901 599 1052 633 incompo-

229 647 285 674 site
301 646 418 682 agmine
432 645 577 681 egressi,a
594 644 732 673 Romanis
746 645 852 680 partim
869 643 1052 676 occiduntur,

229 690 338 727 partim
353 690 383 718 in
408 691 512 718 urbem
529 698 560 717 se
584 690 738 725 recepturi,
756 689 875 723 obsepto
903 687 1052 723 equitibus

228 735 343 770 itinere,
359 735 388 762 in
405 742 508 770 campo
532 734 669 770 dissipati
693 736 773 767 sunt,
791 732 857 760 aliis
877 732 970 764 caesis,
987 731 1052 759 aliis

229 779 333 816 captis.
350 779 404 812 Qui
421 779 499 807 intra
515 779 617 806 urbem
633 780 725 811 erant,
743 777 851 805 clausis
866 776 958 812 portis
984 778 1053 803 sunt

229 824 352 852 obsessi.
366 823 509 851 Postridie
521 831 588 851 cum
601 823 727 850 Basilius
737 821 864 850 cubiculi
880 821 1052 857 prapositus

229 869 305 897 212
331 876 398 896 cum
426 870 488 896 toto
513 867 642 895 exercitu
669 867 854 895 advenisset:
879 866 1053 901 imperatore

228 913 476 950 Oppugnationem
485 912 689 941 vehementius
698 910 954 947 urgente,quidam
965 909 1052 938 scalis

229 966 390 987 conscenso
405 966 488 985 muro
504 958 647 985 Barbaros
666 956 780 993 aliquot
801 955 997 991 deprehensos
1012 954 1052 982 ibi

229 1003 407 1038 ceciderunt,
424 1001 591 1038 apertisque
606 1001 698 1038 portis
713 1000 853 1029 exercitui
876 999 992 1028 facilem
1008 998 1053 1026 in-

229 1055 364 1085 gressum
388 1047 598 1084 patefecerunt.
617 1046 782 1074 Perstblava
808 1045 850 1073 sic
877 1045 1051 1080 expugnata,

229 1097 345 1125 Borises
361 1104 476 1133 quoque
492 1096 685 1132 Bulgarorum
702 1103 750 1123 rex
766 1096 869 1131 captus
893 1095 946 1127 est,
964 1101 1051 1129 quem

226 1150 294 1169 cum
311 1141 449 1169 omnibus
460 1140 593 1176 Bulgaria
601 1141 761 1176 imperator
771 1139 939 1167 humaniter
947 1140 1053 1166 tracta-

226 1189 291 1214 tum
307 1185 429 1213 dimisit.
446 1185 578 1221 Negabat
605 1185 683 1212 enim
700 1193 730 1212 se
758 1183 892 1220 Bulgaria
913 1183 1050 1210 intulisse

226 1230 348 1262 bellum.
365 1229 414 1257 sed
433 1229 546 1257 Russis.
565 1229 637 1256 Cum
662 1230 760 1256 autem
790 1227 874 1255 multi
893 1227 1004 1263 Scytha
1019 1227 1049 1254 in

226 1273 422 1302 munitionem
434 1274 593 1308 quamdam
605 1272 1048 1308 confugissent,imperateream

227 1326 343 1354 quoque
353 1317 483 1345 exscindi
495 1318 596 1353 jussit.
614 1317 687 1349 Quia
702 1325 768 1344 vero
785 1316 891 1344 milites
906 1325 923 1343 a
936 1315 1049 1343 difﬁcili

226 1363 263 1390 ob
282 1362 373 1390 situm
387 1361 443 1390 loci
458 1361 676 1398 oppugnatione
689 1361 846 1389 abhorrere
856 1360 1049 1395 videbat,ipse

224 1407 339 1444 primus
355 1406 508 1434 castellum
523 1406 612 1441 pedes
629 1406 761 1440 adortus,
776 1405 870 1433 effecit
891 1407 924 1432 ut
939 1404 1048 1432 milites

224 1460 258 1479 ex
285 1451 461 1479 verecundia
489 1451 592 1485 secuti,
609 1452 693 1486 capto
719 1449 848 1483 castello,
867 1449 938 1477 alios
958 1449 1048 1476 caade-

223 1498 297 1531 rent,
314 1495 387 1524 alios
402 1498 547 1532 caperent.
565 1495 633 1523 Urbi
658 1495 832 1522 Persthlavaa
856 1493 952 1521 valido
972 1502 1047 1530 prae-

221 1541 297 1570 sidio
313 1541 461 1577 imposito,
474 1540 670 1573 Dorostolum,
681 1548 745 1575 qum
760 1541 790 1567 et
807 1539 917 1566 Dristra
927 1538 1044 1574 dicitur,

219 1585 304 1622 petit,
321 1585 370 1613 ubi
387 1585 661 1621 Sphendosthlavus
677 1584 839 1612 Russorum
865 1584 923 1611 dux
949 1586 1045 1612 castra

218 1629 355 1661 habebat,
371 1631 458 1664 atque
473 1628 567 1656 obiter
582 1628 726 1664 quasdam
743 1627 831 1655 urbes
848 1627 925 1663 capit
940 1630 968 1654 et
983 1635 1045 1655 cas-

216 1672 288 1707 tella
302 1673 447 1700 vastat.Ut
460 1673 488 1700 in
505 1672 633 1700 hostium
650 1674 839 1708 conspectum
853 1674 972 1699 ventum
985 1674 1040 1704 est,

217 1717 302 1745 ambo
317 1717 462 1745 exercitus
478 1717 578 1745 statim
590 1718 890 1753 congressi,magnam
906 1717 962 1744 diei
974 1724 1040 1751 par-

218 1764 279 1790 tem
294 1770 376 1797 iaque
401 1763 495 1789 marte
522 1763 735 1797 pugnaverunt,
764 1761 855 1788 donec
870 1761 926 1789 sub
941 1768 1040 1796 crepu-

215 1806 332 1835 sculum
361 1806 448 1834 Russi
478 1806 628 1841 defatigati
658 1806 688 1833 in
717 1805 817 1841 fugam
840 1805 1037 1847 inclinarunt:

213 1855 413 1891 Romanisque
427 1854 684 1891 persequentibus,
701 1853 785 1882 multi
800 1854 866 1882 caesi
890 1855 969 1889 sunt,
985 1862 1037 1882 nec

211 1900 364 1937 pauciores
378 1899 454 1936 capti
468 1908 473 1927 :
491 1899 586 1926 caeteri
604 1898 789 1927 Dorostolum
804 1906 836 1926 se
855 1901 1036 1935 receperunt.

210 1946 373 1981 Imperator
387 1952 454 1972 vero
480 1943 557 1971 vallo
581 1945 649 1971 ante
675 1944 778 1971 urbem
801 1943 933 1976 excitato,
950 1942 1036 1971 trire-

211 1998 274 2018 mes
289 1997 352 2025 quzc
377 1989 485 2016 Istrum
508 1990 662 2016 tuerentur
680 1988 876 2024 exspectabat,
892 1996 928 2016 ne
948 1990 1035 2023 Russi

210 2035 394 2071 aufugerent.
411 2033 684 2069 Sphendosthlavus
700 2035 797 2061 autem
814 2041 887 2069 quos
907 2033 1034 2062 habebat

207 2079 361 2116 Bulgaros,
384 2078 434 2115 qui
459 2078 494 2106 ad
520 2077 624 2114 viginti
648 2077 742 2106 millia
771 2086 835 2106 esse
850 2078 1032 2113 dicebantur,

204 2124 235 2153 in
260 2124 376 2153 vincula
406 2123 562 2160 compegit,
581 2122 692 2151 veritus
721 2131 756 2151 ne
784 2123 828 2151 vel
859 2123 1031 2151 seditionem

203 2171 362 2203 moverent,
378 2168 422 2196 vel
437 2169 473 2196 ad
488 2171 635 2196 Romanos
651 2168 816 2196 deﬁcerent.
834 2169 904 2196 Cum
927 2168 1030 2196 classis

203 2215 329 2250 adesset,
360 2214 462 2241 urbem
494 2215 647 2249 oppugnat
675 2213 847 2249 imperator,
877 2213 912 2240 ad
941 2221 1029 2249 quem

201 2259 374 2289 Constantia
403 2260 431 2286 et
460 2266 494 2285 ex
522 2258 589 2286 aliis
618 2257 744 2285 castellis
771 2257 859 2294 legati
874 2259 1026 2292 venerunt,

1107 280 1214 308 ἀπιόντι
1260 283 1426 309 συναντῶσιν
1454 280 1527 317 αὐτῷ
1557 278 1718 320 πρεσϐευταὶ
1760 280 1840 317 δῆθεν
1882 282 1936 311 τῶν

1107 328 1229 357 Σκυθῶν’
1247 326 1272 353 οἱ
1302 325 1331 353 δὲ
1358 327 1528 364 κατοπτῆρες
1557 326 1624 361 ἦσαν
1649 326 1694 354 καὶ
1716 330 1767 360 τῆς
1796 328 1850 354 τῶν
1867 328 1936 355 Ῥω-

1109 370 1194 407 μαίων
1223 371 1318 408 ἰσχύος
1348 371 1554 406 κατάσκοποι,’ὸ
1581 369 1644 398 οὐδὲ
1662 371 1707 399 τὸν
1736 370 1852 409 βασιλέα
1884 371 1937 400 διί-

1108 414 1181 443 λαθε.
1212 414 1365 453 Προστάξας
1395 414 1440 442 οὖν
1455 419 1638 454 περιαχθῆναι
1666 415 1764 447 αὐτοὺς
1790 417 1859 444 κατὰ
1885 420 1936 444 πᾶν

1106 464 1137 492 τὸ
1161 463 1356 501 στρατόπεδον,
1381 464 1427 492 καὶ
1465 466 1545 492 τοῦτο
1587 468 1765 502 καταμαθεῖν,
1793 465 1935 495 ἐκέλευσεν

1107 507 1335 541 ἀπαλλάττεσθαι,
1362 509 1488 537 Ἐκείνων
1532 508 1561 537 δὲ
1597 509 1743 544 ἂπιόντων,
1770 511 1817 538 καὶ
1858 511 1937 542 αὐτὸς

1107 553 1240 588 εὐζώνους
1265 551 1431 591 παραλαϐὠτ
1457 554 1553 588 πεζοὺς
1576 553 1603 586 ἐς
1626 553 1755 592 χιλιάδας
1783 554 1875 590 πέντε,
1893 556 1936 583 καὶ

1106 597 1223 630 ἱππότας
1274 598 1522 636 τετρακισχιλίους,
1565 599 1654 626 ὀπίσω
1695 601 1749 627 τῶν
1795 597 1935 636 πρέσϐεων

1107 643 1200 680 ἀπῄει,
1230 643 1274 670 καὶ
1303 642 1399 680 ἀθρόον
1429 643 1506 682 ἐγγὺς
1532 647 1583 679 τῆς
1608 644 1731 682 μεγάλης
1759 643 1936 682 Περσθλάόας

1106 688 1279 725 γίνεται,καὶ
1309 687 1441 726 βάλλεται
1470 690 1587 726 χάρακα,
1611 689 1626 716 ’ὁ
1655 688 1719 720 τοὺς
1745 690 1938 727 Ταυροσκύθας

1108 732 1146 764 εἷς
1170 732 1325 769 ἀμηχανίαν
1352 730 1470 761 ἐνέϐαλε.
1495 732 1658 770 Καλυκύρης
1680 732 1708 760 δὶ
1733 733 1747 760 ὁ
1763 735 1817 761 τῶν
1845 736 1936 761 κακῶν

1106 777 1294 815 πρωτουργὸς,
1312 777 1368 804 ἐκεῖ
1390 777 1452 804 τότε
1477 777 1581 814 παρὼν,
1604 777 1649 804 καὶ
1677 777 1757 815 γνοὺς
1786 778 1833 805 τὸν
1863 779 1938 816 βασι-

1107 820 1157 849 λέα
1184 821 1416 859 παραγενόμενον,
1442 821 1512 857 πρὸς
1547 822 1597 856 τὴν
1631 823 1687 849 τῶν
1724 821 1793 853 Ῥὼς
1831 823 1936 860 ἀπέδρα

1106 863 1300 904 παρεμϐολὴν,
1327 866 1371 905 ἀφ’
1401 864 1432 893 οὗ
1459 866 1509 900 τήν
1544 868 1592 894 τοῦ
1622 867 1757 903 βασιλέως
1781 868 1935 904 παρουσίαν

1067 930 1092 963 Β
1109 910 1248 963 μαθόντες,
1282 907 1488 963 ἐτεθορύϐηντοι,
1516 909 1593 947 ὅμως
1613 911 1714 963 Ἁμὲντοι
1742 921 1935 949 παραστρατο-

1107 955 1262 983 πεδεύονται
1291 958 1350 986 τοῖς
1378 955 1535 992 Ῥωμαίοις.
1552 956 1586 984 Οἳ
1611 954 1639 983 δὲ
1661 955 1724 993 περὶ
1747 957 1794 984 τὸν
1820 957 1935 994 βασιλέα

1108 999 1231 1032 ἐλθόντες
1258 999 1296 1032 εἷς
1323 1000 1354 1027 τὸ
1381 1003 1431 1034 τῆς
1461 997 1635 1038 Περσθλάϐοις
1658 998 1733 1035 ἄστυ,
1750 1002 1788 1032 ὡς
1816 1000 1932 1039 εἴρηται,

1106 1041 1361 1081 καταλαμϐάνουσιν
1389 1045 1465 1076 ἐκτὸς
1488 1044 1710 1082 γυμναζομένους
1738 1045 1777 1076 ὡς
1810 1045 1934 1074 ὀκτακισ-

1107 1089 1229 1127 χιλίους,
1268 1088 1400 1120 κάκείνοις
1444 1088 1596 1125 συνέμιξαν.
1630 1089 1663 1117 Οἱ
1706 1087 1734 1116 δὲ
1775 1090 1846 1128 πρὸς
1886 1091 1931 1127 μὶν

1109 1133 1200 1172 ὀλίγον
1230 1132 1372 1171 ἀντέσχον,
1401 1133 1458 1161 εἶτα
1494 1135 1564 1160 νῶτα
1605 1133 1765 1170 στρέψαντες
1807 1134 1931 1174 ἔφευγον.

1106 1182 1157 1210 Καὶ
1186 1183 1213 1210 οἱ
1241 1182 1324 1216 ἐντὸς,
1355 1182 1392 1213 ὡς
1429 1180 1541 1212 ἕκαστος
1580 1181 1708 1217 ἠδύνατο,
1736 1182 1931 1220 ὁπλισάμενοι,

1106 1226 1331 1264 ἐπικουρήσοντες
1356 1229 1414 1258 τοῖς
1444 1225 1598 1264 ὁμοφύλοις
1629 1226 1750 1264 ἐξῄεσαν,
1779 1229 1826 1256 καὶ
1855 1229 1933 1256 ἀσυν-

1103 1271 1209 1302 τάκτως
1251 1271 1344 1302 αὐτοῖς
1383 1273 1533 1309 χωροῦσιν,
1563 1271 1770 1306 ὑπαντιάζοντες
1808 1273 1834 1300 οἱ
1865 1275 1931 1301 Ῥω,

1106 1318 1182 1352 μαῖοι
1210 1315 1327 1353 ἀνῄρουν
1354 1314 1489 1350 πολλοὺς,
1506 1315 1535 1343 οἱ
1565 1314 1593 1343 δὲ
1618 1315 1658 1348 εἷς
1676 1317 1726 1351 τὴν
1743 1314 1827 1345 πόλιν
1854 1317 1931 1351 αὖθις

1103 1359 1323 1392 ἀνθυπενόστουν.
1350 1359 1428 1388 Ἀλλ’
1457 1360 1561 1387 ἱππέων
1595 1363 1677 1388 τινῶν
1707 1360 1930 1399 ἐξιππασαμένων

1103 1405 1257 1442 Ῥωμαίων,
1273 1405 1317 1432 καὶ
1337 1405 1386 1440 τὴν
1411 1404 1449 1436 εἰς
1474 1405 1524 1440 τὴν
1552 1404 1634 1433 πόλιν
1658 1405 1814 1444 ἐπάγουσαν
1845 1407 1930 1446 ἀτρα-

1102 1450 1152 1477 πὸν
1170 1449 1403 1488 ἐπιτειχισάντων,
1420 1449 1446 1477 ol.
1470 1446 1609 1488 Βάρὸαροι
1635 1450 1684 1478 ἀνὰ
1707 1451 1752 1479 τὸν
1777 1451 1855 1483 ἐκτὸς
1885 1452 1930 1480 τοῦ

1102 1495 1195 1526 ἄστεος
1222 1496 1315 1533 χῶρον
1345 1492 1510 1527 ἐσκλόναντοε
1528 1493 1590 1526 ἔνθα
1614 1495 1640 1521 οἱ
1670 1495 1717 1532 μὶν
1749 1495 1930 1534 ἐζωγροῢντο,

1101 1540 1127 1567 οἱ
1152 1538 1181 1567 δὲ
1208 1539 1254 1566 καὶ
1278 1538 1438 1573 ἐκτείνοντο,
1453 1539 1479 1566 οἱ
1503 1537 1527 1566 δ’
1550 1538 1576 1566 ἐν
1600 1541 1634 1577 τῇ
1659 1538 1738 1568 πόλει
1760 1541 1809 1572 τὰς
1839 1542 1930 1574 πύλας

1100 1584 1266 1620 κλείσαντες,
1299 1583 1521 1621 ἐπολιορκοῦντο.
1547 1585 1585 1621 Τῇ
1616 1583 1639 1612 δ’
1669 1584 1730 1620 ἑξῆς
1756 1587 1806 1612 τοῦ
1840 1597 1930 1623 παρα-

1060 1614 1081 1648 C
1099 1629 1276 1665 κοιμωμινου
1309 1614 1452 1656 Βασιλέίου
1490 1614 1693 1665 μετὰιπάσης.
1721 1633 1772 1665 τῆς
1802 1615 1930 1669 στρατιᾶς

1097 1673 1235 1707 ἐλθόντος,
1261 1672 1490 1711 ἐρρωμενέστερον
1514 1673 1528 1700 ὁ
1558 1672 1686 1710 βασιλεὺς
1714 1676 1749 1711 τῇ
1778 1675 1929 1714 πολιορκίᾳ

1095 1717 1295 1755 ἐπικεχείρηκε,
1323 1717 1368 1744 καί
1388 1727 1457 1748 τινες
1483 1715 1527 1745 διὰ
1549 1715 1693 1754 κλιμάκων
1719 1718 1756 1750 εἷς
1783 1721 1815 1747 τὸ
1830 1723 1926 1758 τεῖχος

1096 1760 1288 1797 ἀναϐεϐήκασι,
1305 1762 1349 1789 καὶ
1376 1762 1440 1794 τοὺς
1468 1761 1523 1789 ἐκεῖ
1548 1764 1602 1790 τῶν
1629 1761 1779 1802 Βαρϐάρων
1800 1754 1924 1802 καταλ-η-

1095 1807 1207 1846 φθέντας
1236 1807 1418 1844 συγκόψαντες
1457 1807 1542 1847 ξίφεσι
1584 1807 1631 1839 τὰς
1668 1808 1757 1840 πύλας
1795 1809 1923 1848 ἀνέῳξαν,

1093 1851 1138 1878 καὶ
1167 1853 1200 1888 τῇ
1226 1852 1366 1889 Ῥωμαϊκῇ
1395 1854 1506 1889 στρατιᾷ
1544 1850 1616 1890 πάσῃ
1658 1851 1753 1890 ῥᾳδίαν
1783 1854 1922 1893 παρέσχον

1091 1896 1141 1931 τὴν
1158 1894 1273 1925 ε’ίσοδον.
1290 1896 1341 1925 Καὶ
1363 1895 1434 1924 οὕτω
1456 1897 1502 1934 μὲν
1517 1897 1549 1924 τὸ
1570 1900 1620 1932 τῆς
1641 1895 1818 1936 Περσθλάϐας
1841 1898 1922 1928 ἄστυ-

1090 1940 1238 1978 Ῥωμαίοις
1280 1942 1394 1976 κατέστη
1436 1940 1589 1978 ἁλώσιμον,
1631 1940 1693 1974 ἔνθα
1730 1943 1775 1970 καὶ
1814 1944 1829 1971 ὁ
1866 1947 1921 1973 τῶν

1090 1984 1257 2024 Βουλγάρων
1288 1985 1416 2024 βασιλεὺς
1446 1987 1460 2014 ὁ
1490 1985 1610 2024 Βορίσης
1632 1986 1756 2023 ἐάλω,ᾦ
1776 1989 1822 2015 καὶ
1854 1992 1920 2017 πᾶσι

1088 2032 1146 2061 τοῖς
1170 2029 1337 2069 Βουλγάροις
1363 2030 1489 2062 ἐπιεικῶς
1517 2031 1530 2058 ὁ
1561 2030 1736 2069 αὐτοκράτωρ
1765 2031 1916 2071 ἐχρήσατο,

1088 2074 1198 2106 ἀνέτους
1224 2075 1322 2107 αὐτοὺς
1351 2075 1448 2114 ἀφιεὶς,
1466 2076 1497 2103 οὐ
1526 2075 1594 2103 κατᾶ
1618 2075 1797 2114 Βουλγάρων,
1816 2077 1915 2116 λέγων,

1087 2124 1199 2162 ἄρασθαι
1229 2124 1311 2159 ὅπλα,
1341 2125 1410 2152 κατὰ
1437 2123 1466 2152 δὲ
1498 2135 1529 2162 γε
1554 2124 1608 2152 τῶν
1639 2124 1716 2156 Ῥώς.
1746 2125 1866 2154 Πολλῶν
1888 2126 1916 2155 εὶ

1085 2171 1197 2201 Σκυθῶν
1228 2169 1265 2201 εἲς
1296 2168 1431 2208 όχύρωμά
1456 2179 1482 2197 τι
1509 2169 1781 2208 προσπεφευγόντων,
1811 2170 1913 2206 ἐξελεῖν

1083 2213 1127 2241 καὶ
1151 2216 1232 2241 τοῦτο
1257 2214 1270 2241 ὁ
1295 2213 1422 2252 βασιλεὺς
1456 2213 1604 2242 ἐκέλευσεν.
1631 2214 1666 2242 Οἱ
1691 2212 1721 2242 δὲ
1749 2218 1913 2252 στρατιῶται

1083 2256 1127 2285 διὰ
1157 2258 1189 2286 τὸ
1217 2260 1264 2286 τοῦ
1290 2257 1375 2285 τόπου
1404 2256 1559 2286 δυσάλωτον
1589 2257 1656 2293 ἦσαν
1687 2259 1854 2297 ἀπρόθυμοι.
1875 2262 1910 2289 ’Ὁ

199 2304 314 2332 veniam
343 2304 486 2339 petentes,
509 2310 542 2330 ac
570 2302 744 2338 semetipsos
773 2305 802 2330 et
828 2301 947 2329 castella
975 2302 1025 2329 de-

1096 2302 1162 2334 ‘vobc
1191 2304 1206 2331 ὁ
1234 2303 1374 2338 Ἰωάννης,
1403 2302 1483 2334 αὐτὸς
1519 2303 1572 2340 πρὸ
1610 2305 1664 2331 τῶν
1703 2302 1797 2331 ἄλλων
1829 2305 1911 2340 πεζὸς

199 2349 309 2376 dentes.
340 2347 453 2379 Quibus
483 2346 607 2374 Romani
644 2347 783 2382 acceptis,
817 2346 847 2373 in
880 2346 1026 2374 Dorostoli

1098 2347 1161 2384 πῄει
1183 2348 1252 2385 πρὸς
1277 2347 1308 2375 τὸ
1332 2346 1478 2385 ὀχύρωμα,
1494 2347 1539 2375 καὶ
1569 2346 1640 2376 οὕτω
1663 2347 1823 2380 καταιδᾶσας
1847 2349 1911 2381 τοὺς

198 2392 350 2421 obsidione
362 2392 425 2419 dies
436 2390 602 2427 complures
619 2394 689 2419 sunt
704 2390 1024 2424 commorati,Barbaris

1096 2393 1256 2430 τρατιώτας,
1286 2390 1365 2430 ἔσχεν
1397 2392 1546 2429 ἐπομένους
1584 2393 1667 2429 αὐτῷ,
1697 2394 1740 2420 καὶ
1773 2393 1838 2428 ἥλω
1875 2394 1906 2422 τὸ

198 2437 312 2465 fortiter
341 2444 405 2464 sese
434 2436 675 2464 defendentibus.
695 2436 766 2464 Cum
795 2438 892 2464 autem
914 2436 1023 2464 crebris

1099 2436 1218 2476 ρούριον,
1248 2437 1294 2465 καὶ
1328 2439 1383 2464 τῶν
1412 2436 1438 2464 ἐν
1466 2437 1538 2474 αὐτῷ
1568 2438 1593 2465 οἱ
1625 2438 1671 2475 μὲν
1710 2436 1906 2477 διεφθάρησαν,

197 2481 305 2518 Ριιωὶὶἰε
322 2480 409 2509 multi
425 2480 657 2516 vulnerarentur,
674 2483 703 2508 et
723 2481 786 2516 jam
803 2488 918 2508 annona
932 2480 1022 2508 desti-

195 2527 360 2561 tuerentur,
387 2527 537 2562 coeperunt
561 2525 656 2562 frangi
682 2525 807 2553 animis:
825 2533 892 2552 cum
907 2525 1019 2561 Sphen-

194 2570 366 2600 dosthlavus
382 2572 466 2598 nocte
481 2570 564 2598 illum
580 2572 609 2598 et
631 2572 843 2606 tempestuosa,
860 2578 927 2597 cum
949 2570 1020 2599 viris

194 2616 308 2645 circiter
321 2615 366 2643 bis
382 2614 462 2643 mille
477 2614 506 2642 in
523 2615 667 2643 trabarias
691 2615 836 2651 impositis
857 2615 1018 2643 frumenta-

192 2664 257 2692 tum
273 2661 355 2695 abiit,
371 2662 399 2689 et
420 2660 505 2687 rebus
528 2660 702 2688 necessariis
726 2659 912 2697 conquisitis,
928 2660 1016 2688 Doro-

1077 2479 1143 2509 ἔνιοι
1171 2481 1200 2509 δὲ
1227 2482 1272 2510 καὶ
1301 2481 1404 2510 ἀλωτοὶ
1419 2481 1565 2519 Ῥωμαίοις
1585 2481 1720 2520 ἐγένοντο.
1737 2482 1834 2520 Τούτῳ
1857 2483 1904 2521 μὶν

1076 2525 1121 2554 οὗν
1146 2529 1185 2563 τῷ
1209 2526 1282 2555 ἄστει
1307 2526 1424 2566 φρουρὰν
1453 2526 1645 2565 ἐγκατέστησεν
1667 2528 1681 2555 ὁ
1706 2526 1837 2565 βασιλεὺς
1859 2527 1903 2564 ἆξ-

1077 2571 1206 2609 ιόμαχον,
1222 2571 1323 2603 ἐκεῖνος
1339 2570 1367 2599 δὲ
1382 2571 1463 2609 ἀπῄει
1481 2572 1550 2610 πρὸς
1574 2572 1604 2599 τὸ
1627 2571 1810 2609 Δορόστολσν,
1826 2573 1840 2600 ὃ
1858 2572 1902 2600 καὶ

1074 2617 1191 2654 Δρίστρα
1212 2615 1348 2651 καλεῖται,
1374 2617 1419 2644 καί
1441 2627 1517 2648 τινας
1538 2615 1633 2649 πόλεις
1664 2617 1734 2646 ἐλὼν
1760 2617 1829 2645 κατὰ
1853 2617 1901 2645 πά-

1073 2659 1166 2698 ροδον,
1194 2660 1239 2689 καὶ
1278 2660 1394 2700 φρούρια
1427 2661 1610 2700 ἐκπορθήσας,
1640 2662 1749 2702 ἐφθάκει
1777 2663 1847 2700 πρὸς
1870 2662 1900 2690 τὸ

190 2706 301 2737 stolum
318 2705 432 2734 reddit:
448 2706 647 2732 Romanorum
664 2704 776 2741 aliquot
793 2705 948 2739 ministris,
965 2709 1017 2741 qui

1096 2705 1254 2742 ορόστολον.
1271 2707 1320 2734 Ἦν
1338 2705 1366 2733 δὲ
1381 2705 1451 2744 πρὸς
1474 2710 1524 2742 τῆς
1547 2706 1657 2739 πόλεως
1679 2707 1781 2742 ταύτης
1810 2707 1901 2746 ἐστρα-

189 2757 220 2784 in
237 2757 301 2793 ripa
315 2755 457 2789 ﬂuminis,
474 2753 542 2781 aliis
566 2756 652 2790 atque
677 2754 742 2784 aliis
757 2755 792 2783 de
813 2755 912 2783 causis
925 2762 1014 2789 vaga-

187 2801 306 2836 bantur,
323 2807 465 2828 exscensu
491 2798 567 2826 facto
596 2798 766 2828 interfectis.
797 2800 838 2828 Ea
866 2807 912 2826 res
941 2798 1012 2826 adeo

1069 2748 1238 2782 τοπεὸευκὼς
1262 2751 1276 2777 ὁ
1300 2753 1354 2778 τῶν
1371 2751 1440 2783 Ῥὼς
1468 2751 1592 2790 ἀρχηγὸς
1623 2753 1636 2780 ὁ
1666 2749 1898 2791 Σφενδόσθλαϐος.

1067 2800 1110 2831 Ὠς
1138 2798 1184 2827 οὗν
1213 2798 1284 2828 εἶδον
1321 2799 1448 2836 ἀλλήλας
1476 2801 1504 2829 αἱ
1532 2802 1666 2840 στρατιαὶ,
1696 2801 1898 2840 συνερράγησαν

186 2844 312 2873 molesta
338 2845 414 2873 218
430 2843 484 2871 l'uit
502 2843 680 2880 imperatori,
698 2847 730 2873 ut
745 2843 849 2873 classis
866 2842 1011 2879 praefectis

1096 2844 1107 2870 :‘
1133 2843 1271 2882 ἀλλήλαις
1300 2845 1387 2882 εὐθὺς,
1416 2846 1462 2873 καὶ
1487 2846 1518 2873 τὸ
1549 2846 1597 2883 μὶν
1623 2846 1696 2876 πολὺ
1733 2849 1783 2882 τῆς
1810 2846 1898 2884 ἡμέρ-
