2024 3167
193 187 252 217 H7

871 179 1034 210 JOANNIS
1057 180 1230 210 ZONAR/E

1854 180 1932 211 148

192 251 256 280 ἀλλ’
276 251 441 287 acup-moto;
458 248 521 279 τοὺς
533 246 691 287 ὀφθαλμοὺς
703 247 769 284 ἐξωρ
777 246 909 284 ύχθησαν·
923 245 967 272 καὶ
986 246 1067 272 τοῦτο
1086 243 1166 276 τέλος
1182 245 1273 278 αὐτοῖς
1287 249 1337 282 τῆς
1354 246 1480 285 εὐτυχίας
1496 247 1540 275 καὶ
1552 249 1600 275 τοῦ
1615 246 1677 285 περὶ
1692 247 1741 282 τὴν
1760 245 1845 285 βασιλ
1853 246 1928 275 ιίαν

192 295 296 334 ιγὲνετο
316 292 430 334 ἔρωτος.

228 359 263 388 V.
292 358 338 385 Sic
365 359 565 385 Romanorum
596 355 752 390 imperium
779 353 815 381 iis
852 354 1019 381 restitutum

1113 353 1150 381 E’.
1180 353 1365 388 Ἀποκατέστη
1412 354 1442 382 τὸ
1479 356 1532 382 τῶν
1577 354 1721 391 Ῥωμαίων
1764 357 1927 391 σκῆπτρον

193 403 291 432 estad
307 410 383 438 quos
406 400 591 429 hereditario
612 399 680 434 jure
709 399 885 434 pertinebat,
914 397 1020 425 Basilio

194 451 224 476 et
238 446 443 478 Constantino,
461 452 587 481 quorum
617 443 667 471 ille
692 451 738 478 xx,
765 442 813 470 hic
840 451 899 470 xvn
927 442 1021 470 tetatis

196 499 309 521 annum
325 489 497 528 agebat.Qui
515 497 581 517 cum
598 487 713 524 imperii
729 487 1020 523 insignisgestarent,

197 537 294 565 omnis
306 543 395 572 penes
410 533 553 562 Basiliam
571 533 722 568 praesidem
752 534 813 559 erat
841 532 1020 559 auctoritas:

197 580 288 617 idque
302 579 427 608 Basilius
441 578 570 606 nondum
588 577 644 605 sibi
658 577 715 612 ipsi
744 577 838 604 ﬁdens
866 576 1021 609 tolerabat,

195 624 326 655 cubiculi
343 623 498 660 praeposito
527 624 679 657 tamquam
706 621 874 657 praeceptori
902 620 1020 649 auscul~

194 673 273 703 tans,
290 676 380 704 seque
407 668 443 695 ad
464 667 545 695 illius
570 666 737 702 reipublica:
765 665 969 694 tractationem
994 666 1022 693 et

197 712 482 742 administrationem
509 711 706 745 conformans,
741 713 773 738 ut
799 712 828 737 et
851 710 923 746 ipse,
953 717 1021 737 cum

200 761 318 794 tempus
348 756 521 792 postularet,
541 756 570 783 in
601 755 776 783 militaribus
809 754 950 790 catalogis
993 755 1022 781 et

197 802 274 831 civili
294 802 433 838 aequitate
462 801 583 834 tuenda,
613 800 754 827 rationem
784 799 860 827 218
887 798 1020 826 eamdem

197 849 377 883 sequeretur.
394 847 462 874 Erat
477 846 556 873 enim
574 845 660 873 alacri
682 848 710 873 et
738 845 863 872 excitato
891 844 1021 880 ingenio,

197 901 257 921 non
268 891 442 924 dissolutus,
456 893 484 918 et
499 890 614 927 ignavia
639 889 835 926 mancipatus,
866 891 898 917 ut
921 890 1020 916 frater.

198 938 271 966 Cum
287 936 415 974 primum
432 938 530 964 autem
547 935 575 962 bi
587 943 683 963 rerum
701 934 782 970 potiti
793 936 900 966 essent,
916 941 1022 969 praeses

199 983 324 1010 matrem
341 988 441 1008 eorum
457 980 494 1008 ab
509 979 609 1007 exsilio
618 981 781 1007 revocatam
793 978 861 1006 filiis
874 977 1020 1005 restituit:

200 1028 229 1054 et
245 1026 314 1062 quia
329 1025 452 1053 Bardam
470 1024 600 1052 Sclerum
628 1024 802 1060 magistrum
827 1022 964 1055 militum,
995 1024 1062 1072 etB

200 1071 248 1100 cui
264 1079 366 1098 omnes
381 1069 540 1097 Orientales
565 1069 653 1105 copias
675 1069 826 1104 parebant,
849 1069 1020 1103 suspectum

199 1115 345 1144 habebat:
362 1123 396 1143 ea
411 1114 551 1150 dignitate
561 1115 671 1150 erepta,
687 1112 901 1149 Mesopotamiae
917 1112 1022 1139 ducem

200 1160 346 1197 designat.
364 1161 456 1193 Quam
467 1159 515 1187 ille
523 1167 583 1187 rem
600 1158 787 1194 iniquissimo
802 1157 898 1185 ferens
912 1156 1022 1192 animo,

199 1207 228 1234 et
238 1205 349 1241 alioqui
366 1204 446 1241 regni
464 1203 625 1240 cupiditate
638 1202 817 1236 aestuans,ad
831 1201 1022 1229 defectionem

196 1249 453 1277 incitatuszinitio
477 1248 649 1284 magistratu
679 1247 740 1279 illo,
764 1254 927 1281 arcanaque
955 1253 1022 1273 cum

197 1293 300 1322 multis
314 1293 511 1325 comunicato,
528 1294 646 1328 propter
657 1299 702 1319 res
717 1290 830 1318 fortiter
839 1292 936 1326 gestas
946 1290 1023 1325 apud

200 1338 309 1366 milites
325 1338 569 1374 gratiosissimus,
585 1343 687 1364 omnes
701 1336 759 1363 fere
769 1335 846 1362 dicto
871 1334 1023 1362 audientes

201 1382 315 1417 habuit,
332 1385 360 1410 et
374 1381 433 1410 h’lin
451 1384 580 1410 Romano
596 1381 645 1416 qui
656 1381 685 1407 in
702 1380 774 1407 urbe
795 1379 874 1415 regia
888 1379 1023 1414 degebat,

203 1428 279 1455 clam
295 1435 346 1462 per
356 1427 513 1462 quemdam
529 1425 680 1458 accersito,
709 1423 808 1452 statim
838 1431 958 1459 regnum
983 1423 1024 1451 af-

203 1471 331 1506 fectavit,
343 1471 508 1499 diademate
537 1472 565 1498 et
592 1469 697 1498 calceis
726 1468 857 1504 puniceis
886 1468 1023 1504 sumptis.

206 1515 368 1553 Imperator
379 1515 534 1548 salutatus,
552 1513 689 1550 pecunias
712 1513 842 1540 studiose
867 1512 1024 1548 conquirit,

203 1562 232 1588 et
247 1561 369 1596 Amidae,
385 1569 448 1596 qna:
464 1562 492 1587 et
515 1559 597 1586 Emet
625 1558 742 1593 dicitur,
770 1559 798 1585 et
825 1556 1026 1593 Martyropolis

201 1607 231 1633 et
246 1605 434 1641 Miephercim
452 1607 586 1632 Ameram
601 1605 629 1630 et
643 1602 749 1629 Arabes
779 1601 874 1630 socios
898 1601 1024 1629 asciscit.

201 1649 252 1677 His
268 1658 368 1678 secum
385 1648 550 1684 conjunctis
566 1646 844 1682 Constantinopolim
877 1647 1024 1683 properat,

200 1702 251 1730 spe
266 1695 343 1723 bona
359 1694 465 1726 elatus,
482 1691 596 1720 somnio
617 1691 773 1727 cujusdam
803 1691 940 1719 monachi
967 1691 1024 1718 vir-

1076 400 1136 428 τοῖς
1163 398 1252 434 τούτῳ
1279 399 1347 426 κατὰ
1369 398 1445 436 γένος
1474 400 1668 437 προσήκουσι,
1695 401 1735 436 τῷ
1770 399 1924 436 βασιλείῳ

1075 442 1121 469 καὶ
1149 444 1188 478 τῷ
1216 442 1407 479 Κωνσταντίνῳ
1425 464 1432 477 ,
1460 443 1532 482 φημὶ
1549 466 1558 478 ,
1587 443 1624 471 ὧν
1654 445 1668 471 6
1698 444 1745 480 μὲν
1775 443 1922 471 εἰκοστὸν

1075 485 1140 520 ἤνυε
1165 491 1214 521 τῆς
1243 487 1352 522 ἡλικίας
1380 487 1512 522 ἐνιαυτὸν,
1543 489 1556 516 6
1583 487 1612 516 δὲ
1638 499 1669 526 γε
1693 489 1922 519 Κωνσταντῖνος

1076 530 1312 560 ὶπτακαιδέκατον.
1340 531 1419 560 Ἀλλ’
1445 533 1519 560 οὗτοι
1551 533 1598 570 μὶν
1627 533 1661 560 τὰ
1686 535 1737 568 τῆς
1762 532 1919 571 βασιλιίας

1075 576 1240 613 περιέκειντο
1269 573 1406 613 σύμϐολα,
1427 578 1477 611 τήν
1492 576 1516 605 δ’
1545 577 1664 613 ἰξουσίαν
1695 578 1709 606 6
1737 577 1918 616 πρωτοπρὸ-

1076 619 1153 658 ιδρος
1192 620 1329 652 Βασίλειος
1363 621 1528 658 παριέζωστο
1574 623 1696 660 ἀτεχνῶς
1715 643 1722 651 .
1759 622 1917 660 Ἠνείχετο

1076 663 1104 692 δὲ
1132 666 1146 692 6
1176 665 1302 702 βασιλεὺς
1331 665 1473 697 Βασίλιιος
1504 667 1590 703 μήπω
1617 667 1757 697 πεποιθὼς
1785 667 1884 702 ἱαυτῷ
1908 689 1917 702 ,

1075 709 1118 736 καὶ
1147 711 1204 736 οἷον
1228 708 1392 748 παιδοτρίϐῃ
1415 712 1454 746 τῷ
1480 712 1723 749 παρακοιμωμινῳ
1756 715 1914 749 προσιῖχε,

1075 753 1120 781 καὶ
1150 754 1242 781 ἱαυτὸν
1274 753 1419 792 ἐῤῥύθμιζε
1449 755 1518 792 πρὸς
1559 757 1608 790 τήν
1639 755 1742 784 ἰκιίνου
1769 758 1823 783 τῶν
1857 754 1915 791 δη-

1077 798 1180 834 μοσίων
1216 799 1381 836 πραγμάτων
1427 799 1612 838 μιταχείρισιν
1654 800 1699 828 καὶ
1742 799 1910 836 διοίκησιν,

1076 843 1112 874 ὡς
1127 841 1169 879 ἂν,
1184 846 1280 880 καιροῦ
1307 844 1466 879 καλοῦντος⁷
1498 844 1569 872 οὕτω
1597 845 1641 872 καὶ
1672 844 1751 876 αὐτὸς
1778 845 1812 872 τὰ
1838 846 1910 883 περὶ

1075 887 1138 918 τοὺς
1166 888 1376 925 στρατιωτικοὺς
1402 888 1595 927 καταλόγους,
1626 889 1670 916 καὶ
1705 891 1739 917 τὰ
1770 893 1821 924 τῆς
1851 900 1909 917 πο-

1077 930 1184 967 λιτικῆς
1213 932 1339 969 ιύνομίας
1367 932 1601 972 μεταχειρίσηται.
1626 934 1676 962 Ἢν
1707 935 1760 972 γὰρ
1785 934 1817 962 τὸ
1832 935 1907 967 ἦθος

1077 975 1234 1015 ἐγρηγορὼς
1269 978 1314 1004 καὶ
1354 976 1541 1016 δραστήριος,
1574 977 1637 1006 ἀλλ’
1672 977 1721 1006 οὐκ
1758 978 1908 1015 ἀνειμένος

1076 1021 1143 1049 κατὰ
1169 1022 1215 1049 τὸν
1244 1021 1372 1061 ἀδελφὸν,
1401 1023 1445 1050 καὶ
1474 1024 1534 1061 περὶ
1556 1023 1601 1050 τὸν
1629 1023 1711 1061 ἀργὸν
1740 1023 1799 1062 βίον
1817 1023 1907 1061 ἰσχο-

1077 1065 1178 1098 λακώς.
1208 1069 1286 1104 Ἄρτι
1325 1069 1389 1104 γοῦν
1429 1066 1468 1099 είς
1505 1067 1570 1099 τοὺς
1605 1068 1758 1104 ὁμαίμονας
1788 1067 1907 1099 τούτους

1076 1111 1203 1148 περιέστη
1232 1111 1264 1138 τὸ
1292 1112 1400 1149 κράτος,
1429 1112 1474 1139 καὶ
1505 1112 1600 1140 αὐτίκα
1626 1112 1651 1140 ἐν
1680 1116 1731 1147 τῆς
1756 1112 1906 1151 ὑπερορίας

1077 1156 1184 1193 κατάγει
1211 1157 1260 1190 τήν
1301 1155 1414 1187 τούτους
1446 1159 1575 1184 τεκοῦσαν
1614 1157 1628 1185 ὁ
1665 1156 1800 1195 πρόεδρος
1821 1180 1828 1191 ,
1857 1157 1904 1184 καὶ

1076 1203 1134 1232 τοῖς
1151 1201 1221 1231 υἱοῖς
1237 1199 1414 1229 ἀποδίδωσιν.
1435 1201 1604 1230 Ὑποπτιύων
1628 1200 1657 1229 δὲ
1678 1202 1724 1229 τὸν
1747 1202 1901 1239 μάγιστρον

1078 1244 1181 1283 Βάρδαν
1197 1246 1241 1272 τὸν
1270 1244 1396 1283 Σκληρὸν
1411 1245 1600 1283 στρατηλάτην
1627 1245 1692 1274 ὄντα
1721 1268 1728 1281 ,
1744 1247 1789 1274 καὶ
1811 1247 1904 1277 πάσας

1078 1290 1122 1328 ὑφ’
1150 1289 1242 1317 ἑαυτὸν
1272 1288 1370 1327 ἔχοντα
1397 1291 1444 1321 τὰς
1471 1290 1540 1327 ἑῴας
1566 1289 1714 1328 δυνάμεις,
1743 1291 1900 1328 ἀφαιριῖται

1080 1334 1126 1372 μὶν
1143 1333 1224 1362 αὐτοῦ
1249 1334 1300 1369 τήν
1329 1334 1515 1372 στρατηλάτου
1543 1335 1642 1374 ἀρχὴν,
1674 1334 1757 1363 δοῦκα
1785 1334 1814 1363 δὲ
1843 1336 1905 1364 Με-

1078 1378 1248 1416 σοποταμίας
1287 1379 1365 1406 αὐτὸν
1404 1380 1630 1418 προχειρίζεται.
1667 1381 1755 1409 Τοῦτο
1798 1378 1905 1419 σφόδρα

1078 1424 1171 1459 ήνίασι
1197 1424 1242 1451 τὸν
1271 1423 1408 1461 Σκληρὸν,
1431 1425 1476 1452 καὶ
1502 1423 1596 1456 ἄλλως
1625 1425 1665 1452 ἀεὶ
1688 1425 1822 1464 τρέφοντα
1838 1425 1906 1462 παρ’

1079 1469 1166 1505 ἑαυτῷ
1192 1472 1242 1503 τῆς
1274 1467 1412 1505 βασιλείας
1437 1469 1484 1497 τὸν
1513 1467 1617 1508 ἔρωτα,
1641 1469 1708 1508 πρὸς
1738 1470 1904 1497 ἀποστασίαν

1080 1512 1208 1551 ήρὲθισε.
1239 1511 1404 1541 Καταλαϐὼν
1434 1514 1481 1542 οὖν
1508 1515 1557 1549 τὴν
1587 1514 1676 1552 ἀρχὴν
1707 1513 1745 1545 εἷς
1771 1515 1805 1549 ἢν
1834 1524 1905 1552 προ-

1081 1555 1211 1594 ϐέϐλητο,
1229 1557 1346 1590 πολλοῖς
1375 1559 1526 1596 ἀνεκάλυψε
1549 1559 1579 1586 τὸ
1608 1558 1775 1597 ἀπόρρητον.
1799 1558 1905 1587 Φιλού-

1082 1613 1162 1640 μενος
1183 1601 1211 1630 δὲ
1235 1602 1279 1630 διὰ
1306 1603 1354 1635 τὰς
1377 1603 1511 1640 ἀριστείας
1542 1603 1592 1631 ὑπὸ
1621 1604 1719 1634 παντὸς
1747 1605 1795 1632 τοῦ
1823 1613 1904 1641 στρα-

1079 1647 1212 1684 τεύματος
1229 1669 1236 1682 ,
1265 1647 1423 1683 πειθηνίους
1452 1648 1508 1686 εἶχε
1538 1647 1634 1686 σχεδὸν
1671 1649 1786 1680 ἅπαντας
1805 1670 1811 1677 .
1840 1649 1903 1677 Ὅτι

1081 1690 1104 1719 δ’
1128 1693 1161 1726 ἦν
1191 1690 1217 1718 ἐν
1241 1692 1277 1727 τῆ
1303 1691 1422 1729 βασιλίδι
1447 1694 1501 1720 τῶν
1536 1692 1643 1721 πόλεων
1679 1694 1694 1721 6
1722 1695 1786 1724 παῖς
1820 1692 1903 1720 αὐτοῦ

196 1727 270 1767 tutis
286 1738 411 1767 studiosi
428 1739 523 1770 aucta,
539 1736 589 1772 qui
605 1735 662 1763 sibi
683 1735 764 1763 visus
784 1738 849 1764 erat
871 1735 1022 1763 mulierem

1079 1736 1239 1772 Ῥωμανὸς,
1270 1735 1380 1764 ἔσπευσε
1421 1739 1498 1774 σχεῖν
1538 1737 1660 1765 κάκεῖνον
1704 1738 1768 1775 παρ’
1805 1737 1900 1773 ἐαυτῷ,

197 1784 358 1820 quamdam
374 1783 404 1810 in
419 1781 539 1810 sublimi
570 1779 690 1816 specula
714 1780 864 1808 sedentem
894 1787 1022 1814 cernere,

200 1836 264 1864 qum
279 1827 323 1855 illi
339 1826 486 1863 ﬂagellum
501 1824 722 1860 imperatorium
741 1825 912 1861 porrigeret.
942 1825 1023 1858 Quod

204 1873 351 1909 ﬂagellum
367 1880 433 1899 cum
450 1870 552 1905 utique
567 1869 641 1897 iram
657 1869 706 1898 Dei
718 1872 747 1897 et
761 1871 961 1897 Romanorum
991 1877 1025 1897 ex

200 1917 350 1946 intestinis
379 1915 463 1944 bellis
492 1913 645 1942 interitum
673 1914 869 1950 signiﬁcaret:
895 1913 1023 1949 Sclerus,

197 1971 251 1999 pro
266 1959 490 1997 imperiiomine
518 1967 572 1986 sua
599 1958 760 1995 cupiditate
787 1958 928 1986 visionem
952 1958 1026 1986 msti-

199 2003 557 2041 mans,iuterpretubatur.
571 2003 660 2031 Fama
676 2003 712 2031 de
727 2003 879 2040 tyrannide
894 2003 984 2031 Scleri
995 2003 1024 2031 in

199 2051 301 2079 urbem
317 2047 440 2084 perlata,
451 2048 644 2084 imperatores
660 2048 804 2084 quidquid
821 2048 951 2076 militum
978 2055 1009 2076 re

198 2097 294 2126 stabat
308 2092 525 2128 contrahentes,
543 2093 577 2120 ad
595 2093 793 2121 resistendum
810 2101 840 2120 se
870 2093 1024 2129 parabant,

199 2141 289 2168 misso
305 2137 424 2165 interim
437 2136 613 2166 Nicomediae
626 2137 764 2173 pontifice
794 2137 829 2165 ad
857 2136 954 2172 illum,
976 2137 1025 2173 qui

197 2183 253 2213 etsi
269 2181 379 2211 multas
394 2181 474 2218 pacis
508 2182 691 2210 conditiones
718 2182 797 2210 haud
823 2182 1026 2218 aspernandas

196 2229 381 2265 proponeret,
397 2227 471 2255 nihil
486 2229 587 2255 tamen
603 2227 782 2262 impetravit.
812 2226 886 2256 Nam
911 2226 1025 2254 Sclerus

197 2270 331 2300 coccineo
360 2270 456 2300 calceo
486 2273 616 2304 ostenso,
648 2279 705 2298 non
731 2271 793 2298 ﬁeri
820 2279 906 2306 posse
942 2270 1023 2303 dixit,

200 2318 232 2344 ut
247 2316 296 2352 qui
313 2324 380 2344 eum
396 2315 487 2344 semel
503 2315 660 2350 induisset,
677 2318 785 2343 temere
799 2315 946 2350 abjiceret.
963 2315 1024 2347 Quo

199 2371 339 2399 responso
355 2365 484 2398 accepto,
501 2361 661 2391 necessitas
678 2361 906 2397 imperatoribus
929 2361 1023 2398 impo-

1079 1781 1124 1808 καὶ
1159 1780 1265 1812 στείλας
1300 1779 1386 1818 λάθρα
1420 1781 1481 1809 τινὰ
1518 1780 1642 1818 ἠδυνήθη
1681 1781 1726 1809 καὶ
1760 1782 1806 1810 τὸν
1844 1782 1901 1809 υἱὸν

1079 1825 1198 1852 λαθόντα
1218 1825 1412 1863 ὑπαγαγέσθαι,
1438 1826 1483 1853 καὶ
1511 1826 1606 1854 αὐτίκα
1620 1829 1654 1862 τῆ
1674 1825 1813 1864 τυραννίδι
1841 1826 1901 1855 lm-

1079 1869 1247 1908 κιχείρηκε,
1276 1869 1364 1906 ταινίᾳ
1389 1881 1418 1898 τε
1449 1870 1580 1908 βασιλείῳ
1609 1872 1659 1907 τήν
1683 1871 1803 1911 κεφαλὴν
1833 1871 1902 1899 ἀνα-

1080 1913 1176 1949 δεῖται,
1193 1915 1238 1942 καὶ
1262 1918 1396 1954 φοινικοῖς
1420 1915 1544 1947 πεδίλοις
1559 1915 1622 1948 τοὺς
1649 1915 1735 1948 πόδας
1752 1915 1901 1951 ὑποδεῖται,

1079 1959 1124 1987 καὶ
1153 1959 1316 1998 εὐφημεῖται
1346 1960 1384 1990 ὡς
1416 1959 1565 1998 βασιλεὺς,
1595 1961 1640 1988 καὶ
1668 1962 1801 1999 χρήματα
1828 1961 1902 1988 συλ-

1081 2004 1154 2040 λὶεαι
1171 2006 1289 2032 ποιεῖται
1306 2002 1437 2040 σπουδὴν,
1452 2005 1498 2032 καὶ
1522 2006 1688 2044 συμμάχους
1711 2005 1899 2044 προσειλήφει,

1079 2048 1125 2076 τόν
1151 2059 1181 2076 τε
1208 2052 1257 2083 τῆς
1280 2048 1399 2085 ’Δμίδης
1424 2050 1559 2087 Ἀμηρᾶν·
1585 2050 1657 2078 οὕτω
1683 2050 1734 2089 γὰρ
1763 2050 1795 2078 τὸ
1819 2051 1900 2087 Ἐμετ

1079 2093 1216 2128 καλεῖται,
1241 2093 1287 2120 καὶ
1307 2093 1353 2121 τὸν
1376 2097 1427 2129 τῆς
1451 2095 1707 2133 Μαρτυρουπόλεως
1732 2096 1758 2130 (ἡ
1783 2094 1811 2122 δὲ
1837 2097 1899 2123 Μιε-

1080 2137 1195 2177 φερχιὶμ
1222 2137 1421 2175 ὀνομάζεται),
1452 2139 1526 2167 ἀλλὰ
1568 2139 1660 2176 μέντοι
1698 2140 1742 2167 καὶ
1775 2136 1900 2177 Ἄραϐας.

1078 2183 1179 2210 Τούτου
1196 2181 1240 2210 οὖν
1268 2181 1480 2220 συμπεριλαϐὼν
1499 2184 1628 2222 ἠπείγετο
1651 2184 1719 2221 πρὸς
1745 2184 1795 2218 τὴν
1825 2187 1900 2211 Κων-

1080 2227 1231 2262 σταντίνου,
1272 2227 1363 2256 ἐλπίσι
1400 2232 1534 2266 χρησταῖς
1572 2228 1769 2266 αἰωρούμενος,
1809 2228 1840 2260 ἃς
1856 2228 1901 2256 καὶ

1080 2271 1195 2305 ἄλλοθεν
1225 2270 1324 2301 ἔθαλπε
1343 2297 1349 2307 ,
1378 2272 1485 2310 μᾶλλον
1517 2273 1608 2309 μέντοι
1645 2272 1670 2307 ἓξ
1697 2272 1802 2309 ὀνείρου
1830 2273 1901 2305 τινὸς

1081 2319 1204 2356 μονοιχοῦ
1219 2317 1316 2356 ἀριτὴν
1343 2317 1492 2354 μετιόντος.
1518 2315 1612 2351 Ἔδοξε
1636 2316 1687 2354 γὰρ
1715 2315 1815 2343 ὶκεῖνον
1839 2316 1901 2352 ὁρᾷν

1078 2363 1124 2390 τὸν
1155 2362 1281 2400 Σκληρὸν
1318 2361 1426 2400 γυναικί
1462 2371 1514 2389 τινι
1543 2360 1583 2399 ἐφ’
1621 2359 1731 2398 ὑψηλῆς
1761 2360 1901 2399 καθημένη

201 2407 259 2435 sita
271 2410 317 2436 est
330 2407 406 2436 bello
421 2407 602 2440 decertandi,
618 2405 767 2442 copiarum
777 2407 849 2434 duce
863 2406 948 2434 Petro
958 2415 1022 2443 spa-

1080 2409 1223 2445 περιωπῆς
1251 2406 1428 2445 προσελθεῖν,
1458 2406 1521 2450 τὴν¹
1538 2403 1577 2450 δὲν
1606 2405 1741 2450 μάστιγανὲ
1758 2403 1832 2442 αὐτῷ
1863 2404 1902 2444 ἐγ.

199 2451 284 2486 done,
301 2452 401 2480 Phocis
417 2452 502 2488 cujus
518 2460 609 2487 supra
621 2458 738 2487 quoque
754 2450 830 2478 facta
845 2453 889 2479 est
905 2451 1024 2487 mentio,

199 2495 270 2524 tilio.
289 2496 470 2524 Exercitibus
484 2496 519 2525 ad
537 2496 673 2532 Liparam
702 2496 878 2532 congressis,
904 2505 968 2532 qua:
996 2499 1026 2525 et

197 2540 345 2569 Licandus
355 2539 714 2577 appellatur,imperatorii
725 2539 939 2578 aliquantisper
954 2544 1026 2570 stre-

196 2593 255 2613 nue
266 2585 446 2618 restiterunt,
456 2585 505 2613 sed
519 2585 638 2612 tandem
648 2584 841 2620 proiiigantur
858 2586 959 2614 multis
970 2594 1024 2614 em-

197 2630 239 2659 sis
250 2630 298 2659 2|
306 2630 324 2658 7
343 2629 818 2665 castriquedireptis.Tzumandus
829 2639 946 2667 quoque
955 2631 1026 2658 urbs

198 2674 438 2712 frequentissima
468 2674 565 2702 Sclero
591 2673 769 2702 deditionem
797 2675 874 2711 fecit,
915 2683 930 2703 e
967 2684 1026 2710 qua

201 2728 339 2757 magnam
355 2721 486 2756 pecuntaa
515 2718 573 2746 vim
603 2718 706 2755 coegit.
737 2719 784 2747 Sic
813 2719 1024 2756 imperatorum

202 2765 295 2801 copiis
310 2763 469 2800 superatis,
485 2763 594 2792 multos
609 2763 676 2792 inde
691 2765 726 2792 ad
743 2773 774 2793 se
789 2764 1026 2800 attraxit,opibus

203 2811 232 2836 et
247 2809 341 2838 salute
355 2808 472 2837 illorum
483 2808 545 2844 jam
574 2809 746 2845 desperatis,
772 2818 866 2845 neque
892 2809 1026 2837 obscurri

205 2853 348 2883 duntaxat
364 2853 481 2889 milites,
502 2853 553 2882 sed
576 2853 663 2882 multi
687 2854 775 2883 etiam
804 2862 838 2882 ex
860 2853 1026 2883 illustribus

1081 2453 1199 2490 χειρίσαι
1230 2451 1374 2489 βασιλικήν
1392 2473 1398 2479 .
1428 2453 1458 2478 Ἠ
1488 2448 1583 2486 μάστιξ
1611 2447 1635 2477 δ’
1662 2450 1700 2482 ὡς
1729 2448 1814 2478 ἔοικεν
1831 2471 1840 2485 ,
1868 2450 1899 2484 ἦν

1081 2494 1219 2533 σύμϐολον
1234 2499 1284 2531 τῆς
1300 2495 1372 2527 θείας
1386 2495 1480 2532 ὀργῆς,
1497 2495 1541 2522 καὶ
1567 2496 1617 2528 τῆς
1640 2493 1670 2523 ἐκ
1693 2497 1746 2523 τῶν
1762 2493 1900 2534 ὶμφυλίων

1080 2541 1210 2578 πολέμων
1247 2541 1299 2566 τῶν
1336 2539 1478 2576 Ῥωμαίων
1517 2541 1642 2578 φθορᾶς,
1669 2541 1699 2575 ἢν
1726 2540 1740 2568 6
1777 2539 1899 2576 Σκληρὸς

1081 2585 1183 2619 δηλοῦν
1210 2585 1260 2618 τὴν
1287 2583 1424 2620 βασιλείαν
1456 2584 1592 2622 ἆνόμιζε,
1621 2584 1689 2622 πρὸς
1725 2585 1774 2620 τὴν
1803 2583 1897 2612 οἶκείαν

1081 2629 1167 2668 ἔφεσιν
1195 2628 1294 2667 κρίνων
1321 2628 1353 2656 τὸ
1380 2629 1480 2667 ὅραμα.
1505 2631 1562 2665 Τῆς
1587 2628 1616 2657 δὶ
1642 2629 1704 2668 περὶ
1732 2633 1782 2665 τῆς
1809 2640 1897 2668 τυραν-

1081 2673 1152 2705 νίδος
1167 2676 1215 2701 τοῦ
1238 2672 1365 2711 Σκληροῦ
1390 2675 1486 2713 φήμης
1510 2676 1648 2714 φθασάσης
1669 2675 1737 2713 πρὸς
1762 2674 1824 2706 τοὺς
1839 2684 1896 2712 κραη

1079 2721 1215 2753 τοῦντας,
1249 2718 1413 2756 ἡτοιμάζετο
1440 2720 1471 2748 τὸ
1509 2719 1680 2759 περιλειφθὲν
1710 2719 1895 2757 στρατιωτικὸν

1081 2764 1304 2799 ἀντικαταπῆναι
1326 2766 1365 2800 τῷ
1386 2765 1532 2803 ἀποστάτῃ.
1559 2765 1602 2794 ’Ev
1626 2764 1750 2801 τοσούτῳ
1773 2763 1802 2792 δὶ
1824 2763 1896 2792 στέλ-

1081 2807 1156 2837 λεται
1185 2809 1253 2848 πρὸς
1282 2809 1380 2838 ἐκεῖνον
1406 2810 1420 2837 ὁ
1441 2808 1626 2847 Νικομηδιίας
1649 2808 1804 2848 ἀρχιερεὺς,
1821 2819 1895 2847 πρισ-

1082 2851 1209 2891 ϐεύσων,
1239 2853 1283 2882 καὶ
1312 2853 1405 2884 πολλᾶ
1446 2855 1494 2892 μὶν
1533 2853 1664 2894 ἅπαγωγὰ
1694 2855 1762 2892 πρὸς
1790 2854 1894 2892 ιῗρήνην
