2005 3168
68 186 118 216 149
706 181 910 213 ANNALIUM

933 182 1007 212 LIB.
1031 183 1123 213 XVII.
1712 187 1770 216 l50

66 249 190 287 διιλίχοη
221 246 304 284 αὐτῷ,
321 247 383 276 ἀλλ’
410 247 460 275 οὐκ
485 246 582 275 ἔπεισε.
609 247 700 282 Δείξας
726 246 776 285 γὰρ
810 247 885 283 αὐτῷ

944 248 976 276 sd
994 256 1060 276 eum
1077 249 1250 278 conﬂuxere.
1270 251 1337 283 Quae
1365 259 1430 279 cum
1461 251 1615 287 praeposito
1644 251 1760 279 cubicul

67 296 80 323 6
106 293 215 331 Σληρός
243 293 273 322 τὸ
302 289 470 332 κιμκοὸαφὶς
497 290 628 328 πέδιλον,
667 291 795 320 ἀδύνατον
831 291 888 319 εἶπα

66 340 106 367 τὸν
142 338 212 374 ἅπαξ
251 339 331 366 τοῦτο
369 336 575 374 ὑποδησάμενον
622 336 685 375 ῥᾷον
727 334 887 366 ἀποϐαλεῖν.

69 389 168 423 Ταύτην
180 388 233 422 τήν
263 384 404 424 ἀπόκρισιν
420 386 457 418 ὡς
472 385 555 424 ἔγνων
575 386 601 413 οἱ
625 386 686 423 περὶ
701 385 735 414 τὰ
751 385 886 424 βασίλεια,

68 433 91 469 ἐξ
114 432 235 471 ἀνάγκης
257 432 326 469 πρὸς
364 430 457 469 μάχην
493 430 667 469 ὡρμήκεσαν.
706 431 756 460 Ἦν
785 429 813 457 δὲ
836 433 887 465 τῆς

69 476 210 517 βασιλικῆς
251 475 393 514 δυνάμεως
431 474 672 514 στρατοπεδάρχης
710 476 724 502 6
762 475 888 512 ἐκτομίας

68 523 172 561 Πέτρος,
199 522 214 549 ὁ
244 524 292 550 τοῦ
321 522 416 555 Φωκᾶ,
445 519 476 548 οὗ
505 520 550 548 καὶ
579 521 674 558 πρώην
705 519 887 558 ἐμνήσθημεν.

68 572 106 603 Ὡς
133 569 178 598 οὖν
203 569 342 606 ἀλλήλοις
381 568 709 607 ἀντεστρατοπεδεύσαντο
746 568 779 596 τὰ
808 578 888 606 στρα-

68 615 188 652 τεύματα,
228 614 292 651 περὶ
327 613 449 652 Λίπαραν
466 635 474 648 ,
515 613 533 648 ἢ
566 613 611 641 καὶ
650 612 780 641 Λικανδὸν
817 614 887 640 ὠνο-

71 661 183 697 μάζετο,
223 659 293 697 πρὸς
339 657 452 694 ἄλληλα
497 657 696 696 συνερράγησαν
715 679 722 693 ,
760 659 806 686 καὶ
843 657 888 686 ἐπὶ

72 705 112 741 μὲν
137 714 198 732 τινα
225 703 322 742 καιρὸν
357 703 484 741 ἀντεῖχον
514 703 540 730 οἱ
571 702 707 740 βασιλικοὶ
739 702 887 740 γενναίως,

71 747 153 777 ἔπειτα
187 749 358 786 τρέπονται,
396 747 442 775 καὶ
476 747 644 785 ἀναιροῦνται
676 746 802 781 πολλοὶ,
842 747 886 774 καὶ

71 794 98 821 τὸ
131 792 312 831 στρατόπεδον
357 792 408 820 ὑπὸ
453 791 518 824 τοὺς
563 791 699 823 ἐναντίους
745 792 889 830 γενόμενον

73 837 258 876 διαρπάζεται.
297 838 363 866 Εἶτα
406 837 452 865 καὶ
496 837 546 871 τὴν
593 835 753 873 Τζαμανδὸν
801 835 888 864 πολυ-

74 883 156 919 πληθῆ
193 882 278 912 πόλιν
326 882 356 911 ἐκ
400 881 604 920 προσελεύσεως
649 883 703 910 τῶν
742 882 889 910 οἰκούντων

73 929 145 963 αὐτὴν
162 928 298 968 εἰληφὼς,
313 927 464 966 χρημάτων
489 927 571 964 ἒσμὸν
596 927 621 962 ἐξ
646 926 728 971 αὐτῆς
749 926 889 971 συνηθροί-
905 938 928 971 Β

74 984 117 1002 κει.
139 972 214 1002 Οὕτω
247 972 278 1001 δὲ
306 972 512 1011 περιγενόμενος
539 973 588 999 τοῦ
616 970 816 1009 στρατεύματος
840 969 888 998 to;

75 1017 217 1055 βασιλικοῦ,
243 1017 368 1049 πολλοὺς
393 1016 423 1044 ἐκ
445 1016 543 1044 τούτου
565 1017 633 1054 πρὸς
655 1016 748 1044 ἑαυτὸν
772 1015 888 1044 ἐπεσπά-

74 1072 137 1097 σατο,
160 1062 356 1100 ἀπεγνωκότας
380 1060 436 1097 ἤδη
460 1062 508 1093 τὰς
532 1060 672 1096 σωζούσαις
687 1059 800 1092 ἐλπίδας
816 1061 889 1097 παρὰ

71 1109 121 1138 τοῖς
153 1106 296 1145 βασιλεῦσι
313 1127 321 1141 ,
351 1107 396 1134 καὶ
432 1105 505 1142 αὐτῷ
533 1104 737 1144 προσερρύησαν
772 1105 804 1132 οὐ
834 1107 888 1132 τῶν

73 1151 208 1188 ἀνωνύμων
234 1152 319 1188 μόνον
345 1152 529 1189 στρατιωτῶν,
555 1149 629 1178 ἀλλὰ
652 1149 696 1178 καὶ
715 1152 770 1177 τῶν
787 1160 888 1187 περιω-

74 1196 155 1232 νύμων
182 1195 308 1224 πολλοί.
338 1199 380 1228 Ὠς
409 1194 438 1224 δὲ
471 1197 555 1223 ταῦτα
581 1194 621 1231 τῷ
646 1194 888 1232 παρακοιμωμὲνῳ

75 1240 245 1278 ἠγγέλθησαν,
267 1240 409 1269 στέλλεται
438 1240 514 1273 αὖθις
539 1239 614 1267 Λέων
645 1239 659 1267 6
685 1236 889 1276 πρωτοϐιστιά-

76 1295 142 1322 ριος,
179 1286 296 1324 ἄκρατον
334 1285 452 1322 ἐξουσίαν
491 1284 691 1322 ἐμπιπευθείς,
730 1283 775 1311 καὶ
804 1283 890 1311 πάντα

76 1330 188 1367 πράττειν
206 1332 255 1358 ὅσα
278 1330 326 1358 καὶ
352 1328 507 1369 βασιλεῦσιν
531 1329 632 1357 ἀνεῖται
648 1327 738 1356 ἄδειαν
753 1327 888 1366 εἰληφὼς,

77 1373 137 1402 εἴποι
163 1374 192 1403 ἃν
217 1386 262 1407 τις
291 1377 325 1412 τῇ
353 1374 472 1403 Λατίνων
511 1375 587 1413 φωνῇ
615 1374 660 1401 τὸν
688 1372 772 1410 ἄνδρα
798 1371 889 1400 δικτά-

76 1429 150 1455 τορα,
175 1419 219 1447 καὶ
249 1418 387 1448 συνελθὼν
423 1421 462 1455 τῷ
485 1416 710 1456 στρατοπεδάρχῃ
740 1418 754 1444 6
784 1427 890 1454 πρωτο-

77 1460 226 1502 ῧεστιάριος,
270 1463 400 1502 ἐπειράθη
438 1464 484 1500 μὲν
527 1462 690 1500 ὑποσχέσεσι
726 1462 772 1490 καὶ
797 1461 890 1498 τιμαῖς

76 1508 128 1540 τοὺς
152 1509 212 1546 περὶ
226 1510 275 1537 τὸν
301 1508 427 1546 Σκληρὸν
453 1507 659 1536 ἐπισπάσασθαι.
683 1509 726 1538 Ὡς
751 1506 774 1534 δ’
790 1506 890 1542 ἀνηνύ-

77 1563 123 1584 τοις
143 1551 209 1592 ἔγνω
234 1554 396 1592 ἐπιχειρεῖν,
414 1551 569 1591 παρελάσας
583 1552 678 1583 νυκτὸς
700 1551 746 1579 τὸν
768 1551 889 1589 Σληρὸν,

77 1598 173 1636 ἐχώρει.
189 1599 260 1637 Πρός
276 1600 301 1626 τ’
316 1598 433 1628 ἐντεῦθεν
448 1597 507 1630 δέος
530 1597 595 1629 τοὺς
618 1597 681 1634 περὶ
706 1597 752 1624 τὸν
770 1595 889 1634 Σληρὸν,

78 1642 125 1671 εἷλε
145 1643 205 1682 περὶ
230 1646 287 1672 τῶν
311 1643 448 1684 φιλτάτων
463 1643 562 1677 αὐτῶν,
592 1642 637 1683 καὶ
660 1644 715 1670 τῶν
737 1641 890 1676 ἀποστάτην

78 1687 337 1725 καταλιμπάνοντες,
377 1691 418 1725 τῷ
455 1684 699 1727 πρωτσϐεστιαρίῳ
728 1685 890 1725 προσῄεσαν.

82 1737 127 1764 Κᾶκ
138 1737 232 1766 τούτου
248 1738 340 1770 δείσας
354 1739 368 1766 ὁ
386 1737 522 1776 Σκληρὸς,
551 1737 597 1765 τὸν
614 1737 760 1775 μάγιστρον
774 1733 891 1773 Μιχαὴλ

80 1781 117 1808 τὸν
131 1783 264 1821 Βούρτζην
293 1782 546 1822 προσκεχωρηκότα
572 1781 656 1818 αύτῷ,
681 1781 725 1808 καὶ
750 1779 890 1817 Ῥωμανὸν

83 1827 208 1864 πατρίκιον
242 1827 290 1856 τὸν
325 1827 486 1866 Ταρωνίτην
527 1826 594 1864 μετὰ
635 1828 759 1864 στρατιᾶς
788 1824 892 1861 ἔπεμψε

82 1871 138 1898 κατὰ
161 1875 209 1900 τοῦ
235 1870 509 1911 πρωτοϐεστιαρίου,
539 1870 566 1899 ο¹ί
587 1868 773 1910 προϐαλόντες
797 1869 892 1907 ἐκείνῳ

83 1916 231 1952 ἡττήθησαν.
257 1918 302 1949 Ὡς
319 1916 341 1945 δ’
355 1917 478 1955 ἐγνώσθη
502 1918 541 1953 τῷ
564 1915 685 1954 Σκληρῷ
708 1916 725 1950 ἡ
750 1917 803 1943 τῶν
819 1925 892 1952 πεμ-

83 1960 180 1989 σθέκων
208 1962 290 1998 ἧττα,
319 1962 398 1994 αὐτὸς
422 1962 468 1989 σὺν
492 1960 573 1988 παντὶ
587 1962 628 1997 τῷ
654 1960 698 1988 ὐπ’
713 1960 791 1988 αὐτὸν
807 1970 892 1998 στρα-

81 2004 178 2041 τιύματι
214 2007 283 2035 κατὰ
319 2009 367 2035 τοῦ
404 2003 652 2043 πρωτοὸεστιαρίου
690 2007 800 2043 χωρεῖ,
845 2003 890 2032 καὶ

83 2049 243 2088 συῤῥήγνυται
270 2053 306 2089 τῇ
337 2052 396 2090 μετ’
420 2051 503 2079 αὐτοῦ
528 2060 650 2089 στρατια,
685 2050 729 2078 καὶ
751 2051 822 2085 νικᾷ,
845 2049 891 2077 καὶ

84 2093 149 2130 ὂμὶν
174 2095 414 2135 στρατοπεδάρχης
438 2096 541 2134 Πέτρος
564 2095 696 2133 ἀνῄρητο,
727 2095 740 2122 ὁ
763 2093 792 2122 δὲ
815 2104 890 2132 πρω-

85 2135 251 2179 τοεεοτιάριος
275 2141 412 2171 ἑαλώκει.
438 2140 514 2176 Αὕτη
541 2141 559 2175 ἠ
585 2140 646 2175 νίκη
675 2138 719 2167 ἐπὶ
746 2138 816 2176 μέγα
843 2138 890 2175 μὶν

85 2182 126 2220 ἦρε
137 2186 168 2212 τὰ
180 2188 227 2214 τοῦ
248 2186 390 2224 Σκληροῦ,
418 2185 452 2214 τὰ
475 2185 504 2213 δὲ
526 2187 580 2213 τῶν
606 2183 739 2223 βασιλέων
763 2183 801 2215 εἰς
823 2182 891 2211 ἀπό-

85 2237 168 2264 γνωσιν
195 2229 302 2270 ἤνεγκε,
324 2231 369 2259 καὶ
396 2229 503 2268 μᾶλλον
528 2230 568 2258 ὅτι
592 2229 637 2257 καὶ
667 2228 890 2266 ἐθαλασσοκράτει

86 2271 268 2311 ὁᾶποστάτης.
296 2275 399 2304 Στόλον
432 2275 478 2304 οὖν
505 2275 519 2303 6
545 2274 794 2312 παρακοιμώμενος
819 2273 891 2300 ἕτοι-

88 2317 168 2355 μάσας,
195 2319 326 2358 ἰκπεμπει
354 2321 423 2348 κατά
448 2321 497 2348 τοῦ
525 2318 624 2347 στόλου
652 2320 700 2346 τοῦ
726 2318 890 2352 ἀποστάτου,

86 2361 121 2388 καὶ
141 2365 287 2403 ναυμαχίας
310 2365 472 2403 γενομένης,
498 2365 512 2392 6
536 2363 634 2395 στόλος
659 2363 673 2390 ὁ
697 2365 745 2390 τοῦ
761 2362 891 2401 Σκληροῦ

88 2411 297 2447 κατιναυμαχήθη
332 2409 376 2438 καὶ
411 2407 592 2437 διεσκέδαπο.
627 2408 672 2439 Ὧς
705 2407 751 2435 οὗν
792 2407 891 2446 ἠρέμει

88 2449 115 2476 τὰ
133 2452 192 2480 κστὰ
205 2453 349 2490 θάλασσαν,
373 2454 406 2482 τὰ
428 2454 498 2483 κατά
520 2453 570 2488 τὴν
599 2451 713 2489 ἤπειρον
729 2452 742 2479 6
758 2462 891 2490 παρακοι-

91 2495 201 2531 μώμενος
224 2497 363 2536 διετίθετο,
397 2499 442 2527 καὶ
473 2498 519 2527 τὸν
544 2497 690 2536 Ἐρωτικὸν
718 2497 756 2528 εἷς
780 2497 891 2524 Νίκαιαν

91 2536 179 2578 ίπιμψι
198 2547 246 2579 τῆς
272 2544 394 2576 Βιθυνίας
426 2542 609 2581 μητρόπολιν,
638 2541 739 2578 ταύτην
772 2542 893 2581 φρουρή-

92 2592 167 2620 σοντα,
177 2586 194 2624 ᾖ
206 2586 367 2626 προσϐαλὼν
382 2589 396 2617 6
412 2588 549 2627 Σκληρὸς,
561 2586 745 2624 ἀπεκρούσθη,
757 2586 801 2614 καὶ
817 2586 893 2623 λιμῷ

91 2628 142 2662 τοὺς
154 2630 177 2659 ἒν
202 2633 266 2671 αὐτῇ
281 2633 430 2673 προδοῦναι
456 2633 557 2670 ταύτην
580 2631 707 2668 ἠλπίκει,
730 2631 773 2659 καὶ
800 2631 892 2668 μέντοι

93 2673 129 2700 καὶ
173 2676 385 2718 χρονοτριϐήσας
428 2678 493 2715 lxii,
541 2676 661 2713 σιτοδείᾳ
704 2675 768 2708 τοὺς
819 2673 894 2704 ἔνδον

93 2718 210 2754 πιέζεσθαι
247 2723 453 2762 παρεσκεύασεν.
490 2724 581 2762 Ἔγνω
612 2721 659 2750 οὖν
697 2721 711 2749 6
745 2721 893 2760 Ἐρωτικὸς

94 2765 167 2807 ἀπάτῃ
190 2778 436 2813 καταστρατηγῆσαι
459 2773 506 2803 τὸν
522 2772 666 2808 ἂναντίον,
703 2771 749 2799 καὶ
775 2770 839 2802 τοὺς
854 2781 893 2798 σι-

96 2813 170 2857 ξῶνας
201 2816 312 2856 ⁴«Ιιάμμοο
335 2818 498 2857 ἐπλήρωσε,
527 2818 571 2846 καὶ
598 2817 649 2852 τήν
683 2816 796 2854 ψάμμον
827 2815 893 2852 σίτῳ

98 2853 227 2898 ίπίκωσιν,
240 2853 278 2895 ὥς
302 2853 414 2892 ’δοδιειῖν¹
429 2863 475 2892 τὸν
491 2853 584 2902 νίίγκον
608 2853 711 2893 ἅπαντα
725 2863 798 2889 σῖτον
815 2861 891 2888 εἶναι.

943 293 1077 322 nuntiata
1096 296 1201 323 essent.
1221 295 1276 323 Leo
1305 295 1549 332 protovestiarius
1573 303 1639 323 cum
1654 303 1771 324 summo

943 337 1065 374 imperio
1090 341 1119 367 et
1156 340 1338 374 auctoritate,
1365 349 1418 369 suo
1461 341 1604 368 arbitratu
1644 340 1769 376 gerendi

943 383 1043 410 omnia
1060 392 1123 419 quis
1138 384 1306 420 imperalori
1321 385 1419 420 licent,
1437 385 1574 420 mittitur,
1601 393 1694 422 quam
1719 394 1769 421 po-

943 428 1079 455 testatem
1111 429 1206 456 Latini
1233 429 1407 457 dictaturam
1435 430 1597 457 nominant.
1637 430 1665 457 Is
1703 437 1770 457 cum

943 473 1181 507 stratopedarcha
1196 482 1381 510 congressus,
1394 474 1655 511 pollicitationibus
1670 476 1698 501 et
1720 474 1770 502 ho-

944 516 1066 543 noribus
1094 517 1202 544 frustra
1226 518 1345 545 tentatis
1372 518 1498 546 militum
1525 518 1643 552 animis,
1676 522 1764 546 noctu

944 563 1171 597 praetergressus
1185 562 1314 590 Sclerum
1332 563 1446 591 invasit.
1478 563 1572 595 Quare
1587 564 1696 592 factum
1726 565 1772 592 est

944 607 977 632 ut
992 605 1099 633 milites
1115 606 1177 634 suis
1193 606 1377 635 obarissimis
1405 608 1552 640 timentes,
1578 607 1673 636 Sclero
1702 608 1770 635 reli-

944 652 989 677 cto
1018 650 1053 678 ad
1083 650 1167 678 illum
1188 660 1220 679 se
1234 652 1401 680 conferrent
1416 661 1422 680 :
1439 654 1468 680 et
1489 652 1605 681 Sclerus
1635 652 1769 688 territus,

943 694 1113 722 Michaelem
1141 696 1261 724 Burzem
1302 697 1479 732 magistrum
1522 705 1591 725 suas
1632 699 1769 726 secutum

943 742 1052 775 partes,
1069 743 1097 767 et
1125 740 1290 768 Romanum
1320 742 1488 770 Taronitem
1522 742 1676 777 patricium
1702 750 1769 771 cum

943 783 1081 818 exercitu,
1097 787 1198 812 contra
1222 785 1476 820 protovestiarium
1488 785 1637 814 mitteret:
1661 786 1769 822 quibus

943 827 1043 864 praelia
1058 829 1214 864 superatis,
1226 829 1288 865 ipse
1317 838 1384 857 cum
1410 830 1548 858 omnibus
1568 830 1660 867 copiis
1687 838 1770 858 eum-

943 872 1009 900 dem
1026 881 1183 909 aggressus
1198 873 1276 907 vicit,
1299 874 1451 910 virumque
1473 875 1559 910 cepit,
1590 877 1675 902 Petra
1697 877 1769 903 stra-

942 917 1118 953 topedarcha
1134 917 1294 946 interfecto.
1311 921 1350 946 Ea
1363 919 1494 954 victoria,
1515 921 1549 947 ut
1577 919 1668 947 Scleri
1696 927 1767 955 opes

944 961 1071 990 multum
1087 963 1178 996 auxit,
1195 962 1237 990 sic
1252 963 1462 998 imperatorum
1478 972 1540 991 rem
1566 964 1601 991 ad
1626 964 1766 999 despera-

942 1007 1053 1034 tionem
1069 1007 1223 1043 depressit,
1247 1008 1409 1043 praasertim
1420 1016 1487 1036 cum
1514 1010 1657 1043 tyrannus
1683 1016 1765 1036 mare

944 1059 1060 1087 quoque
1089 1054 1209 1079 teneret.
1248 1052 1443 1084 Quamobrem
1472 1052 1647 1088 praepositus
1677 1052 1766 1080 cubili

943 1095 1037 1124 classe
1053 1096 1153 1128 missa,
1169 1096 1327 1124 commisso
1347 1105 1413 1124 cum
1430 1096 1766 1133 Sclerinavibusprmlio,

943 1140 1067 1168 classem
1084 1141 1148 1176 ejus
1163 1141 1268 1169 devicit
1283 1143 1311 1169 et
1336 1141 1500 1176 dissipavit,
1527 1141 1665 1177 idemque
1693 1141 1768 1169 mari

944 1187 1047 1220 pacato
1059 1185 1274 1221 provinciarum
1299 1188 1436 1222 suscepta
1450 1194 1530 1219 cura,
1555 1187 1702 1214 Eroticum
1731 1186 1769 1214 ad

943 1229 1069 1257 Nicazam
1079 1229 1219 1266 Bithyniae
1232 1230 1416 1266 metropolim
1429 1231 1570 1258 tuendam
1582 1230 1770 1266 misitzquam

944 1274 1063 1302 Sclerus
1077 1274 1103 1303 vi
1120 1283 1286 1311 expugnare
1303 1275 1411 1303 frustra
1425 1277 1558 1310 conatus,
1572 1275 1647 1303 fame
1674 1274 1772 1311 subigi

943 1327 995 1356 per
1019 1319 1213 1354 proditionem
1236 1328 1322 1355 posse
1347 1322 1441 1353 ratus,
1468 1319 1651 1348 obsidionem
1671 1319 1768 1347 traxit.

943 1368 1076 1396 Eroticus
1089 1377 1155 1396 vero
1185 1367 1252 1396 dolo
1276 1368 1487 1397 circumvenire
1508 1369 1622 1397 hostem
1652 1367 1766 1403 statuit,

943 1413 1082 1449 illataque
1096 1413 1127 1441 in
1142 1413 1279 1450 granaria
1300 1421 1388 1441 arena
1412 1415 1441 1441 et
1467 1414 1613 1442 frumento
1639 1419 1767 1449 superne

944 1458 1062 1493 injecto,
1087 1460 1119 1486 ut
1142 1460 1222 1486 totus
1251 1466 1371 1486 acervus
1396 1458 1578 1486 frumentum
1606 1457 1765 1491 videretur,

944 1502 1067 1539 captivis
1082 1503 1218 1539 granaria
1237 1503 1420 1531 demonstrat
1432 1503 1605 1539 semiplena,
1621 1504 1650 1530 et
1672 1502 1768 1530 Sclero

944 1547 1080 1575 nuntiare
1089 1547 1184 1583 jubet,
1200 1548 1335 1583 quamvis
1347 1556 1364 1575 a
1379 1548 1455 1575 fame
1469 1547 1544 1575 nihil
1571 1546 1627 1575 sibi
1647 1545 1771 1582 periculi

946 1592 1096 1626 sit,tamen
1111 1592 1135 1619 si
1152 1594 1214 1620 tuto
1226 1600 1293 1620 cum
1309 1592 1395 1620 certis
1403 1591 1573 1619 hominibus
1580 1591 1658 1619 exire
1673 1589 1770 1624 liceat,

947 1645 977 1664 se
993 1636 1064 1664 urbe
1078 1636 1185 1664 tradita
1201 1638 1298 1673 partes
1315 1637 1379 1672 ejus
1395 1638 1575 1665 secuturum.
1592 1636 1653 1668 Quo
1668 1634 1772 1663 nuntio

945 1681 1059 1709 laetatus
1070 1681 1200 1714 Sclerus,
1216 1689 1282 1709 cum
1294 1681 1383 1709 fidem
1399 1680 1538 1714 dedisset,
1555 1679 1604 1708 ille
1627 1687 1694 1708 cum
1710 1687 1773 1706 ma-

943 1726 1000 1762 jori
1012 1725 1119 1753 civium
1134 1728 1163 1754 et
1187 1725 1315 1753 militum
1341 1734 1462 1753 suorum
1492 1726 1573 1761 parte
1601 1723 1769 1752 Constanti-

946 1770 1076 1806 nopolim
1092 1770 1173 1798 abiit.
1202 1770 1317 1798 Sclerus
1341 1772 1438 1798 autem
1473 1770 1598 1797 Nicaeam
1625 1768 1701 1797 218
1730 1768 1774 1795 in-

946 1823 1076 1851 gressus,
1103 1815 1168 1843 dolo
1193 1823 1224 1842 se
1247 1814 1481 1842 circumventum
1518 1822 1582 1842 esse
1616 1812 1769 1841 intellexit.

945 1864 1077 1893 Cubiculi
1088 1872 1154 1892 vero
1170 1864 1345 1900 praepositus
1357 1863 1455 1892 Sclero
1484 1863 1553 1891 inde
1581 1863 1712 1899 digresso
1742 1863 1770 1889 et

947 1910 1013 1938 urbi
1024 1910 1290 1946 appropinquante,
1306 1910 1441 1946 quamvis
1457 1909 1547 1937 animi
1576 1907 1684 1936 dubius
1711 1907 1770 1935 bae-

946 1956 1031 1989 reret,
1047 1956 1147 1982 tamen
1163 1955 1277 1982 mutata
1304 1955 1462 1988 sententia,
1493 1954 1617 1981 Pbocam
1645 1952 1768 1980 Bardam

945 1999 982 2027 ab
997 1999 1099 2027 exsilio
1114 2001 1291 2032 revocatum,
1308 2001 1336 2026 et
1367 1998 1555 2027 sanctissimo
1576 1996 1772 2034 jurejurando

946 2044 1092 2077 adactum,
1107 2045 1141 2071 ut
1156 2051 1285 2079 unquam
1303 2052 1426 2080 regnum
1449 2043 1595 2078 affectare,
1609 2043 1661 2070 aut
1675 2041 1772 2070 consi-

945 2087 985 2116 lia
999 2090 1101 2116 contra
1127 2088 1319 2124 imperatores
1344 2088 1419 2115 inire
1451 2087 1548 2121 vellet,
1595 2086 1772 2121 magistrum

947 2132 1084 2169 appellat,
1100 2134 1128 2160 et
1143 2131 1277 2168 reliquiis
1288 2132 1438 2168 copiarum
1455 2130 1772 2167 praeficit,pecuniaque

945 2179 1106 2208 liberaliter
1121 2179 1306 2215 suppeditata
1321 2181 1424 2207 contra
1435 2179 1563 2207 Sclerum
1581 2177 1682 2206 mittit.
1711 2177 1771 2209 Quo

945 2224 994 2252 ille
1008 2224 1136 2260 cognito,
1151 2226 1214 2251 tum
1230 2224 1350 2251 demum
1377 2232 1409 2251 se
1439 2231 1539 2259 parem
1569 2221 1771 2250 adversarium

945 2269 1115 2297 habiturum
1131 2270 1224 2303 ratus,
1250 2268 1318 2296 inde
1337 2268 1508 2304 digreditur,
1534 2269 1562 2296 et
1572 2267 1659 2302 fcirca.
1683 2267 1769 2293 Amo-

946 2314 1024 2342 rium
1042 2321 1141 2350 pugna
1156 2312 1457 2349 commissasuperior
1470 2312 1576 2347 evadit,
1606 2310 1769 2347 proﬂigatis

945 2358 1130 2387 adversariis.
1146 2357 1289 2386 Postridie
1310 2358 1399 2386 duces
1413 2357 1594 2386 exercituum
1611 2355 1764 2384 decrevere

946 2402 1090 2439 singulari
1109 2402 1268 2431 certamine
1292 2403 1440 2439 congredi,
1466 2402 1559 2438 deque
1577 2408 1695 2429 summa
1718 2408 1765 2428 re-

947 2456 1012 2476 rum
1029 2448 1194 2476 decernere.
1206 2447 1322 2476 Sclerus
1339 2447 1427 2483 prior,
1455 2449 1487 2475 ut
1502 2446 1622 2483 quidam
1637 2445 1771 2479 tradunt,

947 2496 1058 2524 clavam
1073 2496 1104 2524 in
1120 2496 1221 2524 Phocea
1236 2497 1325 2530 caput
1344 2495 1484 2531 impegit:
1501 2497 1531 2523 at
1552 2494 1613 2529 alii,
1628 2502 1728 2522 ensem
1739 2493 1769 2520 in

948 2549 1015 2570 eum
1030 2541 1158 2575 libravit,
1174 2541 1223 2576 qui
1239 2549 1305 2568 cum
1321 2540 1414 2568 ictum
1427 2540 1612 2574 declinasset,
1643 2541 1773 2567 extremo

948 2595 1018 2615 ense
1033 2594 1132 2614 aurem
1153 2585 1220 2621 equi
1241 2585 1304 2620 ejus
1325 2585 1459 2613 resecuit.
1478 2586 1511 2613 At
1539 2584 1650 2612 Phocas
1670 2585 1774 2611 contra.

949 2631 1039 2660 Scleri
1054 2630 1140 2666 capiti
1155 2629 1265 2658 clavam
1282 2630 1324 2657 ita
1336 2629 1431 2664 illisit,
1448 2631 1480 2657 ut
1502 2630 1605 2658 oborta
1631 2626 1773 2662 vertigine

947 2676 978 2704 in
993 2676 1060 2712 equi
1077 2674 1183 2703 collum
1199 2673 1366 2710 prolapsum
1378 2676 1407 2702 et
1422 2676 1608 2702 cruentatum
1631 2670 1772 2700 satellites

948 2721 1105 2757 eriperent,
1117 2727 1149 2747 ac
1164 2719 1337 2747 destitutum
1355 2719 1467 2748 viribus
1490 2727 1564 2756 equo
1591 2715 1770 2752 depositum,

948 2769 1093 2806 sanguine
1107 2768 1240 2797 absterso
1256 2768 1291 2796 ad
1314 2768 1424 2797 fontem
1453 2766 1626 2797 recrearent.
1655 2763 1770 2791 Interea

948 2815 1013 2850 ejus
1027 2821 1131 2850 equus.
1149 2814 1220 2841 dum
1230 2811 1274 2841 illi
1288 2813 1342 2842 hac
1357 2822 1427 2842 cura
1441 2811 1631 2848 occupantur,
1647 2807 1767 2843 elapsus

949 2860 1013 2896 ejus
1029 2857 1166 2886 manibus
1182 2866 1199 2887 ο
1212 2865 1269 2894 quo
1280 2858 1445 2893 tenebatur,
1461 2856 1525 2886 sine
1539 2860 1652 2884 sessore
1664 2852 1694 2881 in
1719 2860 1766 2881 ca.
