2024 3167
171 147 227 176 I55

841 148 1003 180 JOANNlS
1031 149 1200 180 ZONARIE

1834 148 1928 178 156

168 221 231 247 sus,
247 213 343 240 tamen
362 219 515 247 nunquam
526 219 584 240 non
600 211 736 241 discessit
746 213 876 250 inferior,
892 214 991 250 despe-

1058 214 1157 246 ιιῶντες
1188 216 1228 250 τῷ
1267 213 1383 252 βασιλεῖ,
1416 215 1430 241 ὁ
1459 214 1506 251 μὲν
1541 215 1640 246 Φωκᾶς
1674 211 1716 240 ὅτι
1745 211 1838 249 αὐτῷ
1883 212 1925 239 αἱ

169 259 292 292 rataque
307 255 427 283 victoria
442 256 477 284 ad
492 256 640 284 Romanos
649 257 699 294 qui
709 257 737 285 in
749 258 891 286 custodiis
911 260 994 287 erant

169 301 319 337 confugit:
336 301 444 337 quibus
460 309 573 329 carcere
595 301 721 336 eductis,
746 311 813 331 cum
834 303 931 332 Sclsro
958 304 994 331 de

170 346 283 374 ratione
301 346 421 382 gerendi
435 345 503 374 belli
520 346 589 382 agit,
605 347 696 383 petita
717 348 801 376 venia
822 347 905 376 malea
933 350 993 376 tra-

171 390 320 424 ctationis,
334 391 384 427 qui
400 391 544 427 principio
560 391 634 420 bello
645 394 790 426 recusato,
807 393 924 421 tandem
943 392 993 421 illo

170 438 294 472 urgente
310 436 434 464 annuit:
456 436 506 464 sed
523 445 556 464 ea
572 437 748 471 conditione,
773 439 805 466 ut
830 438 908 467 solos
937 438 993 467 Ro-

170 488 275 509 manos
288 483 316 508 in
331 481 424 509 aciem
439 481 553 509 educat.
572 482 743 510 Carceribus
761 482 852 518 igitur
876 484 994 520 perqui-

171 525 248 560 sitis,
261 526 296 553 ad
314 526 371 554 tria
387 526 480 554 millia
494 528 692 555 Romanorum
715 529 786 555 sunt
809 528 937 562 inventa,
967 529 995 556 et

173 579 257 599 arma
273 571 315 599 eis
331 571 411 605 data,
423 571 474 607 qui
489 579 555 600 cum
577 571 667 600 Scleri
692 573 782 601 ductu
797 575 827 602 et
854 573 995 610 auspiciis

171 618 277 644 Persas
293 615 446 651 vicissent,
458 625 510 644 ncc
535 617 602 653 ipsi,
631 625 684 646 nec
708 617 757 646 ille
786 619 820 646 ad
848 618 995 647 Chosroen

173 660 356 689 redeundum
373 669 437 689 esse
451 663 626 696 statuerunt,
642 662 725 690 veriti
741 671 777 691 ne
790 663 885 691 denuo
901 671 918 691 ο
930 665 996 691 Ber-

173 705 243 734 baro
258 705 288 733 in
305 714 450 735 carcerem
461 707 730 743 compingerentur,
742 708 904 744 praesertim
915 709 996 736 tanto

171 749 289 778 virtutis
305 758 364 778 sure
381 750 541 786 specimine
556 752 643 780 edito.
661 754 697 780 At
712 752 855 781 Chosroes
876 753 947 781 dum
966 753 996 782 in

171 795 271 831 fugam
283 795 388 823 intenti
405 798 486 830 sunt,
502 804 639 832 magnam
653 797 768 825 turbam
786 798 821 826 ad
837 805 887 826 eos
903 806 999 834 perse-

173 839 306 876 quendos
323 840 433 868 mittit:
450 840 499 877 qui
512 841 566 868 etsi
583 850 705 870 numero
722 841 808 878 longe
819 843 994 879 superiores,

173 884 331 913 commisso
360 885 470 921 praelio,
501 886 655 922 pauciores
683 890 838 916 evaserunt
862 888 898 916 iis
922 896 996 924 quos

171 929 435 965 persequebantur,
453 930 568 959 caeteris
582 931 622 958 ibi
637 933 836 960 Romanorum
861 932 998 960 manibus

176 972 349 1002 interfectis.

1048 256 1156 290 ἐλπίδες
1196 258 1336 298 ὑπέρρεον,
1363 259 1408 288 καὶ
1437 258 1468 286 τὸ
1501 261 1551 294 τῆς
1580 258 1742 295 παροιμίας,
1771 256 1831 284 ἐπὶ
1874 256 1925 284 τὰ

1050 301 1249 341 Μανδραϐόλου
1274 305 1329 341 (84)
1354 303 1486 342 ἐχώρουν·
1516 304 1541 331 οἱ
1572 301 1600 330 δὶ
1625 302 1666 330 ὅτι
1698 301 1924 341 ὑπερηφάνως

1049 348 1141 379 αὐτοῖς
1167 350 1357 388 προσεφέρετο,
1385 348 1430 377 καὶ
1460 347 1508 377 οὐκ
1535 348 1673 376 ἐκοινώνει
1712 347 1788 386 σφίσι
1838 348 1919 374 τῶν

1051 391 1256 430 βουλευμάτων,
1273 393 1298 421 οἱ
1328 392 1357 421 δὲ
1384 393 1429 421 καὶ
1459 392 1494 421 δι’
1518 392 1654 431 ἓτεράττα,
1679 391 1704 419 έν
1734 391 1775 427 τῷ
1813 394 1919 428 Χαρ-

1049 440 1132 474 σιανῷ
1155 438 1385 476 συναθροίζονται,
1399 437 1443 466 καὶ
1468 440 1508 474 τῷ
1530 439 1614 473 Φωκᾷ
1637 435 1730 475 Bsiqu
1755 434 1918 472 διάδημα

1048 482 1212 521 περιέθεντο,
1235 484 1277 511 καὶ
1307 487 1357 518 τῆς
1387 482 1528 521 βασιλείας
1557 482 1686 518 ἠξίωσαν,
1710 480 1756 509 καὶ
1788 481 1806 508 ὁ
1845 480 1915 518 μὲν

1048 527 1082 555 τὰ
1108 531 1158 563 τῆς
1182 527 1355 563 ἀποστασίας,
1373 528 1409 560 ὡς
1434 527 1527 560 αὐτοῖς
1550 526 1649 561 ἐδόκει,
1666 525 1697 554 οὐ
1720 524 1911 558 διετίθεντο.

1048 573 1077 601 Ὀ
1108 571 1135 600 δέ
1176 583 1205 610 γε
1246 572 1372 611 Σκληρὸς
1410 572 1435 600 ἒν
1478 569 1622 600 Βαϐυλῶνι
1664 570 1910 609 φρουρούμενος,

1050 617 1216 656 ἀνελπίστως
1245 617 1364 656 ἐξάγεται
1401 620 1451 652 τῆς
1479 618 1607 655 φρουρᾶς.
1637 618 1692 650 Τῆς
1731 616 1786 653 γὰρ
1833 616 1907 642 ’τῶν

1051 654 1158 701 Περσῶν
1189 663 1278 701 ἀρχῆς
1296 654 1502 697 καταλυθείσης
1533 662 1583 689 ὑπὸ
1617 662 1670 688 τῶν
1712 661 1903 699 Σαρακηνῶν

1050 707 1119 745 ἀνήρ
1142 718 1184 740 τις
1210 707 1329 745 Πέρσης,
1356 707 1482 743 Ἶναργος
1511 704 1608 743 ὄνομα,
1639 704 1734 743 λόγοις
1760 714 1901 741 παρακι-

1049 754 1134 788 νήσας
1158 752 1190 780 τὸ
1225 752 1367 790 Περσικὸν,
1395 750 1481 778 πείθει
1515 751 1700 784 ἀποπατῆσαι
1737 752 1789 784 τῆς
1830 750 1899 776 τῶν

1052 798 1215 835 Σαρακηνῶν
1240 795 1374 830 δουλείας,
1395 795 1439 823 καὶ
1465 794 1538 823 ὅπλα
1559 795 1672 832 ἅρασθαι
1699 794 1758 821 κατ’
1776 793 1895 827 αὐτῶν,

1051 841 1133 869 αὐτοῦ
1159 843 1206 869 τοῦ
1228 841 1348 879 Ἰνάργου
1373 842 1588 878 στρατηγοῦντος
1611 839 1710 867 αὐτῶν.
1737 837 1897 868 Πολλάκις

1054 887 1101 924 μὶν
1131 885 1176 914 οὗν
1211 886 1225 914 ὁ
1257 885 1384 924 Χοσρόης
1415 887 1474 916 τοῖς
1510 885 1625 922 Πέρσαις
1662 882 1893 920 ἀντηγωνίσατο,

1050 931 1209 963 τοσαυτάκις
1237 929 1259 958 δ’
1286 931 1404 965 ἡττήθη,
1422 928 1514 960 ὁσάκις
1541 929 1615 968 σφίσι
1644 928 1806 964 προσέμιξε,
1828 926 1893 963 ,καὶ

1051 975 1185 1014 ἀπογνοὺς
1223 975 1290 1014 πρὸς
1321 974 1384 1006 τοὺς
1417 973 1589 1012 ἰμφρούρους
1620 972 1782 1012 καταφεύγει
1817 972 1892 1000 Ῥω-

176 1017 284 1053 μαίους,
311 1017 356 1045 καὶ
384 1017 475 1054 ἀνίησι
506 1019 553 1056 μὶν
583 1018 682 1051 αὐτοὺς
712 1023 761 1056 τῆς
792 1020 911 1057 εἱρκτῆς,
941 1019 1094 1059 διαλέγεται
1135 1018 1164 1047 δὲ
1200 1022 1239 1056 τῷ
1276 1018 1396 1056 Σκληρῷ
1430 1018 1491 1056 περὶ
1528 1019 1577 1045 τοῦ
1605 1016 1742 1053 πολέμου,
1767 1016 1814 1044 καὶ
1849 1016 1892 1052 μή

174 1066 378 1098 μνησικακῆσαι
420 1065 470 1096 τῆς
512 1065 658 1097 κακώσεως
697 1065 769 1102 αὖτῷ
813 1066 891 1101 ἀξιοῖ.
921 1066 948 1092 Ὁ
975 1064 1004 1093 δὲ
1038 1065 1169 1104 πρότερον
1213 1065 1260 1101 μὲν
1299 1065 1443 1100 παρῃτεῖτο
1483 1063 1528 1090 τὸν
1559 1061 1693 1098 πόλεμον,
1724 1061 1771 1090 εἶτ’
1798 1060 1893 1099 ἐγκει-

176 1106 257 1152 μένου
286 1109 336 1134 τοῦ
365 1105 555 1142 Βαϐυλωνίου,
585 1109 723 1138 κατανεύει
758 1109 814 1147 μὶν,
844 1109 888 1138 σὺν
918 1110 1011 1147 μόνοις
1042 1108 1070 1138 δὲ
1097 1113 1156 1142 τοῖς
1184 1108 1330 1146 Ῥωμαίοις
1359 1107 1491 1146 ὑπέσχετο
1514 1108 1560 1135 τὸν
1590 1104 1889 1152 πόλεμονγὺπελθεῖν.

186 1154 343 1188 Ηρευνῶντο
371 1152 461 1180 τοίνυν
490 1153 523 1180 τὰ
552 1152 737 1192 δεσμωτήρια,
765 1155 809 1182 καὶ
853 1155 911 1183 ὅσοι
950 1154 1063 1193 εὕρηντο

1105 1154 1131 1182 ἂν
1172 1155 1264 1185 αὐτοῖς
1294 1154 1437 1189 Ῥωμαῖοι,
1463 1151 1590 1190 ἐξήγοντο
1630 1151 1675 1179 καὶ
1715 1150 1888 1185 ὡπλίζοντο,

173 1196 217 1222 καὶ
242 1197 323 1238 ,ὡσεὶ
367 1196 520 1234 τρισχίλιοι
562 1199 806 1236 συνηθροίσθησαν,
836 1199 882 1230 οὗς
926 1198 1103 1238 παρειληφὼς
1133 1199 1147 1226 ὁ
1178 1197 1303 1235 Σκληρὸς
1345 1197 1473 1235 ἐχώρησε
1510 1197 1579 1225 κατὰ
1606 1198 1661 1224 τῶν
1691 1198 1810 1233 Περσῶν,
1839 1195 1889 1222 καὶ

176 1237 325 1277 συμϐαλὼν
354 1243 423 1277 νικᾷ·
454 1243 591 1278 ἀναζεῦξαι
622 1242 650 1270 δὲ
678 1244 747 1282 πρὸς
775 1245 820 1272 τὸν
850 1245 974 1282 Χοσρὸην
1003 1237 1089 1271 οὐκέτ’
1105 1241 1206 1282 ἔκρινεν
1230 1241 1380 1274 οὕτάὐτὸς
1395 1240 1491 1273 οὕθόὶ
1510 1252 1559 1278 μετ
1588 1241 1681 1270 αὐτοῦ.
1698 1239 1889 1270 Ἐδεδοίκεσαν

176 1286 227 1322 γὰρ
257 1286 295 1321 μὴ
321 1286 367 1313 καὶ
394 1285 469 1318 αὖθις
499 1287 596 1319 αὐτοὺς
623 1288 753 1325 καθείρξει
770 1289 784 1316 ὁ
801 1286 947 1326 βάρϐαρος,
964 1288 1009 1316 καὶ
1039 1287 1146 1325 μᾶλλον
1176 1288 1217 1316 δτι
1242 1287 1268 1315 ἒν
1292 1286 1372 1324 πείρᾳ
1386 1285 1480 1324 γέγονε
1503 1290 1553 1321 τῆς
1576 1286 1664 1314 αὐτῶν
1679 1285 1888 1324 γενναιότητος.

175 1329 295 1368 Εἴχοντο
339 1333 402 1369 γοῦν
442 1335 493 1366 τῆς
536 1336 632 1372 φυγῆς,
657 1332 702 1360 καὶ
741 1334 755 1361 ὁ
795 1334 920 1372 Χοσρόης
958 1333 1064 1368 πλῆθος
1104 1332 1141 1364 εἷς
1183 1332 1269 1360 αὐτῶν
1301 1330 1439 1367 ἐπιδίωξιν
1469 1330 1588 1365 ἔστειλε,
1618 1331 1661 1358 καὶ
1693 1330 1719 1357 οἱ
1743 1328 1887 1360 σταλέντες

175 1374 372 1414 κατειληφότες
399 1376 462 1407 τοὺς
491 1377 648 1415 φεύγοντας,
664 1377 771 1406 ἐκείνων
798 1379 966 1417 ὑπάρχοντες
984 1377 1204 1412 πολλαπλάσιοι,
1223 1376 1315 1414 μείους
1329 1387 1383 1404 των
1397 1375 1546 1416 φευγόντων
1563 1374 1710 1414 ἀποδρᾶναι
1727 1372 1884 1410 δεδύνηντο,

178 1422 232 1446 τῶν
249 1418 342 1447 ἄλλων
359 1421 415 1448 ἐκεῖ
429 1421 575 1456 πεσόντων,
591 1423 636 1450 καὶ
651 1423 816 1460 Ῥωμαϊκαῖς
831 1422 967 1460 δαμέντων
983 1422 1084 1462 χερσίν.

212 1465 272 1493 VII.
285 1465 403 1494 Sclerus
414 1466 504 1503 igitur
519 1476 586 1496 cum
603 1468 665 1497 suis
694 1469 895 1497 Romanorum
925 1470 999 1497 ﬁnes

1090 1468 1125 1495 Z'.
1141 1469 1168 1494 ‘0
1198 1467 1246 1504 μὶν
1277 1465 1322 1494 οὖν
1351 1466 1479 1504 Σγληρὸς
1505 1465 1550 1493 καὶ
1581 1465 1607 1492 οἱ
1622 1464 1668 1492 σὺν
1685 1464 1760 1500 αὐτῷ
1785 1463 1821 1496 εἰς
1847 1462 1884 1491 τὰ

179 1509 342 1546 ingressus,
375 1511 411 1538 ad
440 1511 566 1540 Phocem
594 1513 667 1542 22l
700 1522 731 1542 se
767 1515 887 1547 confert,
913 1522 1000 1550 quem

179 1562 304 1590 regnum
334 1557 467 1591 spectare
493 1565 527 1585 ac
553 1557 737 1592 tyrannidem
763 1559 826 1594 jam
850 1559 1002 1587 all‘ectasse

182 1602 330 1635 cognorat,
346 1602 375 1628 et
389 1600 457 1628 belli
473 1604 502 1629 et
520 1602 652 1638 imperiis
672 1603 769 1631 socius
793 1604 920 1632 futurus.
951 1603 1001 1632 Ille

181 1644 348 1672 societatem
365 1644 528 1681 amplexus,
541 1647 565 1673 si
581 1649 714 1675 votorum
730 1651 878 1684 compotes
889 1649 1001 1682 ﬁerent,

179 1689 235 1716 sibi
252 1689 353 1718 urbem
371 1690 589 1726 imperatoriam
606 1693 634 1719 et
650 1691 810 1728 plurimum
821 1694 952 1729 gentium
968 1702 1002 1721 ac

178 1734 397 1769 provinciarum
421 1735 577 1770 imperium
598 1736 746 1768 vindicat:
776 1738 872 1766 Sclero
901 1739 1001 1766 Antio-

178 1778 287 1812 chiam,
298 1779 495 1815 Ccelesyriam,
525 1779 715 1816 thniciam,
734 1782 928 1817 Palaestinam,
945 1785 1002 1811 Me-

180 1824 373 1859 sopotamiam
390 1826 419 1851 et
447 1824 601 1860 {Egyptum
631 1826 776 1860 attribuit,
797 1835 888 1863 eaque
917 1829 1003 1864 pacta

175 1867 368 1903 jurejurando
395 1868 500 1895 sancit.
526 1869 587 1902 Quo
615 1869 732 1899 Solerus
758 1871 861 1907 fretus,
878 1881 945 1900 cum
966 1873 1002 1901 ad

177 1912 263 1940 illum
281 1921 311 1940 se
326 1911 509 1945 contulisset,
540 1922 573 1941 ac
593 1915 655 1950 jam
686 1915 763 1944 intra
791 1925 890 1945 casses
914 1920 1002 1954 esset,

178 1957 308 1993 primum
325 1956 427 1984 habitu
440 1957 519 1992 regio
535 1958 676 1993 privatur,
692 1961 796 1989 deinde
811 1962 839 1990 in
856 1970 1003 1990 carcerem

179 2000 451 2037 conjectocustodia
467 2002 643 2032 adhibetur:
661 2007 689 2033 et
699 2005 791 2042 copiis
802 2006 882 2035 illius
890 2007 1002 2043 ascitis,

178 2047 292 2074 Phocea
307 2045 492 2080 tyrannidem
503 2055 587 2076 suam
601 2049 705 2077 firmat.
722 2051 874 2080 Enimvero
885 2052 1003 2080 Solerus

178 2091 350 2128 priusquam
378 2090 414 2117 ab
444 2090 493 2119 illo
523 2094 829 2129 comprehenderetur,
859 2099 891 2124 ut
916 2097 940 2125 si
956 2105 1003 2125 res

178 2134 254 2163 male
270 2133 416 2170 cessisset,
437 2139 587 2173 receptum
603 2138 730 2175 aliquem
746 2140 866 2169 haberet
881 2149 1003 2178 acspem

179 2178 294 2211 salutis,
307 2181 422 2208 curarat
437 2183 469 2208 ut
498 2181 578 2210 ﬁlius
594 2191 666 2212 suus
686 2186 848 2220 Romanus,
863 2186 938 2214 clam
954 2195 1001 2214 ar-

179 2225 262 2259 repta
276 2223 358 2260 fuga,
375 2225 410 2252 ad
427 2225 630 2262 imperatorem
648 2229 792 2264 deficeret,
821 2238 838 2258 ιι
861 2239 918 2266 quo
934 2239 1001 2259 cum

178 2268 286 2304 gaudio
298 2272 435 2305 exceptus
451 2273 505 2303 est,
522 2274 551 2299 et
579 2272 678 2300 statim
708 2274 850 2310 magister
864 2275 1001 2312 designa-

177 2314 240 2348 tus,
256 2313 363 2341 Phocas
380 2317 478 2343 autem
501 2315 646 2353 Delphina
673 2318 795 2354 patricio
823 2327 890 2348 cum
921 2322 1002 2356 parte

179 2357 330 2393 copiarum
345 2358 557 2396 Chrysopolim,
580 2369 643 2398 quas
667 2365 713 2391 est
745 2371 761 2392 e
786 2364 904 2400 regione
920 2366 1002 2394 urbis

179 2401 276 2437 regias,
292 2402 393 2438 misso,
410 2404 474 2439 ipse
489 2413 554 2433 cum
578 2406 688 2442 reliquo
718 2409 844 2437 exercitu
868 2410 1001 2446 Abydum

179 2447 387 2493 proﬁciscitur.
405 2449 552 2485 Imperato
566 2459 634 2479 vero
662 2452 833 2489 Delphinam
853 2455 889 2483 ad
917 2455 1004 2493 Chry-

180 2491 306 2527 sopolim
320 2494 570 2529 castrametatum,
588 2496 687 2524 subito
703 2506 769 2526 cum
785 2499 906 2528 Russico
922 2491 1002 2529 exer-

179 2536 238 2564 oitu
255 2536 375 2564 adortus
393 2537 470 2573 (nam
484 2547 550 2567 cum
569 2540 734 2570 Uladimero
763 2544 867 2572 ducem
889 2553 1001 2580 eorum,

181 2589 280 2626 sorore
301 2581 387 2626 VAnna
407 2584 506 2618 ducta,
537 2585 709 2614 affinitatem
735 2587 884 2623 junxerat,
914 2592 1003 2626 atque

179 2625 288 2654 auxilia
299 2625 366 2655 inde
382 2628 576 2665 accersierat),
594 2629 730 2660 hostibus
745 2632 830 2662 facile
844 2625 1001 2671 superatis,

1055 1513 1200 1550 Ῥωμαίων
1225 1511 1459 1548 ἐπανεληλύοεσαν
1489 1511 1560 1548 ὅρια.
1587 1509 1687 1538 Μαθὼν
1714 1507 1743 1537 δὲ
1770 1508 1814 1536 καὶ
1833 1509 1880 1537 τὸν

1057 1559 1153 1586 Φωκᾶν
1182 1555 1236 1592 ἤδη
1268 1556 1448 1594 βασιλειῶντα
1476 1556 1520 1583 καὶ
1536 1552 1694 1594 τυραννίδος
1720 1552 1878 1592 ἀρξάμενον,

1055 1601 1224 1631 ἀπονενεύκει
1252 1601 1320 1640 πρὸς
1349 1601 1396 1629 τὸν
1424 1603 1534 1635 Φωκᾶν,
1550 1599 1682 1630 κοινωνὸς
1705 1599 1784 1635 ἀξιῶν
1813 1597 1876 1625 εἶναι

1056 1647 1101 1674 καὶ
1115 1649 1163 1674 τοῦ
1179 1646 1304 1683 πολέμου
1318 1645 1363 1673 καὶ
1377 1649 1427 1680 τῆς
1446 1644 1585 1680 βασιλείας
1608 1643 1705 1678 αὐτῆς.
1721 1643 1752 1671 Ὀ
1781 1641 1808 1670 δὲ
1828 1642 1875 1676 τὴν

1055 1690 1249 1729 κοινοπραγίαν
1278 1689 1396 1725 ἐδέξατο,
1411 1689 1455 1717 καὶ
1488 1689 1513 1716 εἲ
1535 1691 1589 1716 τῶν
1619 1688 1732 1727 ἰφέσεων
1758 1686 1874 1724 τύχοιεν,

1057 1736 1143 1773 ἑαυτῷ
1169 1736 1216 1772 μὲν
1246 1735 1296 1769 τήν
1322 1733 1449 1772 βασιλίδα
1467 1735 1520 1762 τῶν
1545 1732 1654 1761 πόλεων
1684 1731 1809 1768 ἀπένειμε
1829 1731 1872 1758 καὶ

1055 1781 1109 1808 τῶν
1137 1779 1271 1808 πλειόνων
1301 1779 1382 1807 ἐθνῶν
1407 1778 1452 1806 καὶ
1478 1780 1578 1817 χωρῶν
1601 1778 1633 1806 τὸ
1657 1777 1773 1815 κράτος·
1788 1778 1825 1812 τῷ
1848 1774 1874 1803 δὲ

1058 1825 1178 1863 Σκληρῷ
1197 1823 1388 1863 προσεκλήρου
1411 1823 1461 1857 τήν
1485 1822 1664 1861 Ἀντιόχειαν,
1687 1823 1738 1858 τήν
1760 1831 1789 1849 τε
1812 1820 1873 1849 Κοί-

1058 1870 1110 1905 λην
1140 1869 1250 1908 Συρίαν,
1280 1869 1325 1896 καὶ
1362 1867 1503 1903 Φοινίκην,
1532 1867 1578 1895 καὶ
1614 1865 1804 1901 Παλαιστίνην,
1831 1864 1872 1892 καὶ

1056 1913 1280 1952 Μεσοποταμίαν,
1312 1913 1357 1941 καὶ
1395 1911 1543 1950 Δὶίγυπτον,
1576 1912 1622 1940 καὶ
1655 1911 1703 1942 τὰς
1750 1910 1873 1945 συνθήκας

1057 1959 1152 1997 ὅρκοις
1174 1961 1306 1996 καθιερῶν
1331 1956 1532 1995 ἐμπεπέδωκεν.
1561 1956 1622 1985 Ἐπὶ
1650 1955 1759 1987 τούτοις
1790 1954 1873 1993 τεθαῤ-

1058 2003 1149 2042 ῥηκὼς
1179 2004 1193 2031 ὁ
1223 2003 1362 2039 Σκληρὸς,
1377 2002 1501 2040 πρόσεισι
1526 2001 1566 2038 τῷ
1595 2002 1688 2036 Φωκᾷ.
1705 2000 1734 2027 '0
1762 1998 1784 2027 δ’
1804 1998 1872 2030 ivro:

1058 2048 1164 2086 ἀρκύων
1195 2050 1293 2076 τοῦτον
1328 2044 1432 2082 λαϐὼν,
1467 2047 1620 2086 ἀφαιρεῖται
1656 2046 1703 2082 μὶν
1740 2044 1818 2072 αὐτοῦ
1841 2042 1870 2071 τὸ

1058 2097 1154 2132 σχῆμα
1170 2091 1203 2128 δὴ
1219 2093 1250 2120 τὸ
1274 2091 1424 2131 βασίλειον,
1439 2091 1608 2130 καθείργνυσι
1635 2089 1674 2127 δὲ,
1690 2090 1733 2117 καὶ
1765 2087 1872 2128 φρουρὰν

1058 2139 1131 2175 αὐτῷ
1146 2137 1326 2176 περιίστησιν.
1341 2137 1398 2176 Ὑφ’
1413 2136 1506 2164 ἑαυτὸν
1523 2135 1552 2164 δὲ
1565 2135 1610 2163 καὶ
1633 2135 1683 2169 τήν
1710 2134 1756 2161 σὺν
1786 2131 1869 2169 ἐκείνῳ

1058 2184 1182 2222 στρατιὰν
1205 2183 1401 2220 ποιησάμενος,
1425 2183 1474 2209 τοῦ
1497 2179 1664 2219 τυραννεύειν
1699 2176 1788 2215 εἴχετο
1813 2187 1870 2214 κρα-

1055 2221 1207 2267 ταιότερον.
1221 2229 1252 2257 Ὁ
1269 2229 1359 2265 μέντοι
1375 2225 1512 2264 Σκληρὸς,
1528 2222 1772 2267 προμηθευόμενος
1789 2221 1870 2267 Δέαιιτῖξδ

1056 2273 1124 2310 πρὸς
1149 2265 1183 2301 τὸ
1211 2272 1313 2310 μέλλον
1343 2271 1369 2307 ἐξ
1398 2268 1548 2307 ἀποτυχίας
1577 2265 1713 2303 σωτηρίαν
1742 2265 1869 2301 τινᾶ,πρὸ

1056 2320 1104 2346 τοῦ
1127 2318 1328 2356 κατασχεθῆναι
1352 2314 1421 2353 πρός
1443 2314 1491 2341 τοῦ
1513 2315 1607 2349 Φωκᾶ,
1622 2310 1668 2339 τὸν
1692 2310 1750 2356 υἱὸν
1774 2312 1867 2356 Ιξ’ωμει-

1056 2363 1101 2391 νὺν
1132 2352 1234 2401 λάθρα*
1249 2352 1342 2402 φυγεῖν
1371 2357 1578 2395 παρεσκεύασεν,
1609 2356 1647 2402 ῶς
1675 2352 1867 2402 αὐτομολοῦντι)

1056 2411 1096 2445 τῷ
1123 2400 1239 2446 βασιλεῖ,
1255 2400 1285 2438 ὃς
1313 2404 1357 2433 καὶ
1385 2403 1544 2442 περιχαρῶς
1559 2400 1634 2446 παρά
1652 2401 1702 2446 ’τέοῦ
1716 2401 1866 2446 κρατοῦντος

1058 2444 1169 2492 ἰδέχθη,
1196 2452 1241 2479 καὶ
1280 2450 1426 2487 μάγιστρος
1463 2446 1581 2483 ἐτιμήθη
1603 2444 1705 2492 Δεὐβόςὶ
1728 2445 1759 2473 Ὁ
1785 2446 1867 2492 «poma;

1058 2488 1265 2534 δὴάπόμοιράν
1281 2503 1342 2522 τινα
1368 2495 1419 2527 τῆς
1446 2493 1571 2530 στρατιᾶς
1600 2489 1652 2518 ὑπὸ
1680 2489 1726 2517 τὸν
1743 2488 1865 2534 πατρίκιον

1056 2542 1135 2577 τάξας
1161 2531 1379 2575 τὸν-Δελφινᾶν,
1397 2535 1434 2568 εἷς
1462 2537 1512 2571 τὴν
1543 2534 1652 2574 ἀντικρὺ
1677 2537 1726 2569 τῆς
1743 2531 1866 2572 βασιλίδος

1058 2586 1189 2622 ἐκπέμπει
1204 2581 1389 2622 Χρυσόπολιν,
1400 2581 1479 2612 αὐτὸς
1496 2580 1526 2609 δὶ
1550 2579 1596 2608 σὺν
1620 2581 1655 2618 τῇ
1671 2578 1757 2616 λοιπῇ
1773 2577 1865 2614 δυνάμει

1057 2630 1167 2671 ἀφίκετο
1209 2629 1278 2667 πρὸς
1319 2627 1369 2663 τὴν
1398 2624 1532 2655 Ἄϐυδον.
1562 2627 1609 2662 Τῷ
1651 2624 1744 2662 μέντοι
1769 2622 1865 2662 Δελφινᾷ

808 2720 911 2753 Variae
926 2719 1076 2751 lectiones
1090 2721 1122 2750 et
1145 2720 1241 2750 notae.

216 2780 272 2817 (84)
288 2780 348 2809 Ἐπὶ
374 2782 407 2811 τὰ
433 2781 644 2822 Μανδραεολου.
663 2787 735 2817 Vide
762 2788 959 2825 Apostolium,
987 2796 999 2817 c

1058 2787 1120 2818 uria
1150 2788 1179 2823 8,
1209 2795 1239 2815 n.
1268 2785 1315 2820 95,
1344 2786 1373 2813 et
1401 2784 1591 2815 Maueeaoum
1620 2780 1656 2809 ad
1683 2778 1862 2816 Harpocratio-

183 2832 261 2861 nem,
274 2833 303 2862 p.
318 2826 380 2856 M8.
