2024 3167
219 165 278 196 163

893 161 1056 194 JOANNIS
1084 161 1253 193 ZONARzE

1902 163 1983 194 164

215 233 376 270 imperator
387 240 404 260 a
420 231 569 268 proposito
586 239 644 260 non
656 230 818 260 recedebat.
826 230 900 259 Nam
915 232 1033 266 temporl

1085 231 1155 264 ,τῶν
1184 229 1348 268 Βουλγάρων
1378 228 1580 259 ἁπώλοντο.”0
1601 229 1629 258 δὶ
1657 231 1791 268 Σαμουὴλ
1831 230 1979 270 διέδρα,

214 287 248 308 ac
264 280 307 306 tot
320 276 449 305 victoriis
464 277 571 310 elatus,
588 275 765 304 insolentem
787 283 818 304 se
847 283 916 312 erga
942 283 1045 303 omnes

214 322 353 360 prabuit:
384 329 417 349 ac
442 321 570 349 subditis
598 320 794 349 formidabilis
823 328 911 356 quam
937 319 1044 348 charus

214 375 279 397 esse
295 366 424 394 maluit:
455 373 549 401 neque
573 365 650 393 cives
682 373 776 401 neque
799 365 906 393 milites
934 372 986 401 pro
1002 372 1045 392 re-

215 414 299 448 cepta
310 410 533 444 consuetudine,
551 418 640 446 quam
664 411 692 438 et
711 409 920 446 legumlatores
950 410 1044 438 instar

215 456 287 492 legis
303 456 620 491 haberepronuntiant,
638 455 688 482 sed
706 463 759 482 suo
772 454 884 490 judicio
905 456 934 482 et
961 454 1041 482 arbi-

213 504 292 528 tratu
307 502 433 528 tractare
449 498 551 527 valuit.
570 498 691 527 Proxude
709 497 820 526 nullam
836 498 910 526 2‘25
942 499 1040 526 docto-

213 555 279 575 rum
296 546 424 573 virorum
437 544 581 572 rationem
589 543 858 580 habuit,ipsamque
874 544 1040 572 doctrinam

214 589 424 619 reminulilem
446 591 474 616 et
502 596 748 624 supervacaneam
775 588 934 624 judicans:
961 588 1040 616 viros

214 644 309 672 neque
319 641 424 671 genere
435 634 488 662 n'ec
502 633 667 661 eruditione
683 633 778 660 claros
807 635 835 660 et
850 633 885 660 ab
910 633 1040 669 epistolis

209 683 238 709 et
253 690 269 709 ο
284 679 416 708 consiliis
432 678 548 712 habuit,
574 677 682 713 quibus
712 677 825 705 litteras
854 677 1038 713 simpliciter,

208 725 347 760 nullaque
362 731 431 752 cum
447 731 520 751 cura
534 722 665 750 dictavit.
679 722 734 749 Sed
749 724 779 750 et
793 721 899 750 ﬁscum
923 722 1039 750 obstru-

206 769 262 798 ctis
279 769 393 797 foribus
408 767 533 804 pecunia
548 766 674 794 refersit.
693 768 796 794 Fertur
811 767 890 794 enim
913 767 1037 794 ducenta

209 814 303 842 millia
319 813 461 841 talentum
478 811 540 839 auri
558 811 587 838 in
611 811 758 838 thesauris
783 810 932 839 habuisse.
962 811 1035 840 Nam

207 859 329 887 alterius
345 857 474 894 pecunia
490 855 590 884 nullus
602 855 670 882 iniri
684 863 826 884 numerus
841 857 947 892 potest,
963 856 1034 885 adeo

211 905 240 930 et
256 901 443 930 conclavibus
458 900 589 948 repletis,
611 907 674 948 eam
705 901 794 948 terrae
807 900 963 948 mandarit,
982 909 1032 928 an-
1048 915 1072 948 B

207 948 351 975 fractibue
381 945 477 974 instar
491 944 726 981 fabyrinthorum
755 944 893 972 effossis:
923 945 976 972 sed
1005 947 1034 973 et

208 991 327 1020 cistellaa
343 990 435 1027 plena
450 991 533 1018 erant
544 989 668 1024 gemmis
684 996 752 1016 cum
769 988 832 1017 aliis
848 991 912 1017 tum
933 990 1032 1017 candi-

207 1036 253 1064 dis
268 1035 405 1071 illis,quaa
421 1034 560 1071 peculiari
575 1033 693 1062 nomine
702 1033 867 1070 margaritae
882 1034 1031 1063 dicuntur.

205 1080 379 1117 Nequevero
394 1079 431 1107 iis
452 1079 599 1113 utebatur,
617 1078 719 1114 paucis
748 1079 876 1114 exceptis
900 1080 936 1106 ad
961 1079 1032 1108 insi-

208 1125 278 1162 gnia
292 1133 428 1161 purpuris
443 1123 622 1157 exornanda,
639 1131 708 1159 qua,
720 1131 787 1151 cum
809 1123 953 1159 prodibat,
983 1126 1033 1152 aut

208 1169 313 1206 legatis
329 1169 537 1205 respondebat,
554 1170 605 1196 aut
619 1167 692 1196 alias
708 1168 842 1204 publicas
858 1168 1034 1196 festivitates

209 1213 384 1249 celebrabat,
400 1213 549 1245 utebatur,
567 1211 694 1248 Reliquae
711 1212 740 1239 in
757 1211 946 1240 conclavibus
970 1213 1033 1240 inu-

205 1258 256 1287 tile
272 1259 387 1294 pondus
400 1257 547 1293 jacebant,
561 1257 631 1284 Belli
648 1256 830 1293 temporibus
845 1257 962 1293 ingenio
979 1257 1034 1285 fuit

206 1303 286 1332 vario
308 1305 338 1330 et
362 1301 528 1338 multiplici,
558 1301 648 1329 rebus
671 1300 840 1336 tranquillis
864 1303 893 1329 et
920 1301 1033 1337 pacatis

203 1347 412 1376 vehementior.
430 1347 505 1375 Iram
522 1345 744 1380 dissimulabat,
777 1346 855 1381 apud
885 1353 949 1374 sese
977 1354 1032 1382 sup

207 1401 339 1429 pressam
352 1400 403 1429 per
417 1390 601 1420 occasionem
616 1391 777 1427 proferens,
792 1390 1033 1426 delinquentibus

205 1437 299 1465 vicem
315 1436 474 1464 reddebat:
491 1443 618 1470 cumque
634 1434 775 1470 pertinaci
801 1437 878 1462 esset
904 1435 1032 1471 ingenio,

205 1482 321 1510 decreta
337 1489 391 1509 sua
408 1489 465 1508 non
478 1479 562 1508 facile
578 1480 763 1513 immutabst,
776 1481 868 1512 Quare
884 1479 909 1507 si
924 1480 1032 1516 quibus

209 1527 301 1555 iratus
316 1529 389 1560 erat,
402 1525 438 1554 iis
454 1534 511 1553 non
528 1524 612 1552 facile
637 1523 818 1559 piscabatur.
847 1527 943 1560 Atque
972 1525 1032 1554 haec

207 1572 243 1599 ad
261 1571 452 1599 declarandos
467 1569 655 1606 imperatoris
666 1577 762 1596 mores
778 1568 857 1596 dicta
869 1569 935 1597 sint.
948 1570 1031 1598 Nunc

1098 275 1149 309 τῆς
1162 274 1260 302 τούτου
1276 278 1377 311 σκηνῆς
1392 274 1437 302 καὶ
1451 278 1501 310 τῆς
1516 273 1698 313 παρεμϐολῆς
1718 277 1836 311 ἁπάσης
1870 275 1977 314 διειρ-

1098 319 1240 357 παγιίσης.
1257 319 1305 348 Καὶ
1334 320 1384 355 τὴν
1414 319 1494 347 πόλιν
1526 318 1553 348 δὲ
1583 323 1636 348 τῶν
1668 320 1793 349 Σκοπίων
1826 322 1844 349 ὁ
1869 322 1975 360 βασι-

1099 362 1161 395 λεὺς
1203 363 1377 403 παρειλήφει,
1412 362 1532 392 δοθεῖσαν
1573 365 1645 401 αὐτῷ
1689 366 1761 404 παρὰ
1787 366 1973 403 Ῥωμαινοῦ

1097 411 1147 436 τοῦ
1177 409 1236 436 υἱοῦ
1261 408 1363 447 Πέτρου
1391 411 1440 437 τοῦ
1467 409 1594 447 ἄρξαντος
1619 412 1672 438 τῶν
1703 410 1912 449 Βουλγάρων,
1940 413 1968 448 ᾧ

1097 454 1114 488 ἡ
1131 453 1230 489 ταύτης
1247 453 1354 493 φυλακὴ
1373 454 1444 491 παρὰ
1470 456 1518 481 τοῦ
1549 454 1683 491 Σαμουὴλ
1713 455 1963 492 ἐμπιπίστευτο.

1096 498 1161 526 Εἶτα
1188 498 1225 529 εἷς
1251 499 1300 533 τήν
1339 498 1540 526 Κωνσταντίνου
1571 499 1738 536 ἐπανελθὼν,
1764 499 1962 538 ἐδογμάτισε

1094 543 1142 574 τὰς
1168 545 1221 570 τῶν
1251 542 1437 571 ἀπολωλότων
1466 546 1599 571 ταπεινῶν
1624 543 1778 576 συντελείας
1794 545 1957 582 εἰσπράτ-

1093 588 1183 615 τεσθαι
1212 587 1242 615 ἐκ
1257 590 1310 615 τῶν
1328 587 1457 615 δυνατῶν
1474 591 1554 616 τοῦτο
1582 587 1610 616 δὲ
1630 588 1736 624 ἐκλήθη
1769 588 1956 627 Ἀλληλέγ-

1094 642 1170 669 γυον.
1184 631 1300 661 Πολλῶν
1327 632 1355 660 δὲ
1382 633 1444 670 περὶ
1472 633 1570 661 τούτου
1595 632 1746 669 δεηθέντων
1767 634 1813 662 καὶ
1846 634 1953 662 αξιτοῦ

1092 679 1141 704 τοῦ
1183 677 1356 715 Πατριάρχου
1399 677 1523 716 Σεργίου,
1547 678 1585 709 ὡς
1623 677 1653 705 ἂν
1681 679 1698 713 ἡ
1727 677 1823 710 ἄδικος
1861 679 1946 714 αὕτη

1093 721 1217 759 σχολάσῃ
1245 722 1289 749 καὶ
1325 721 1483 760 παράλογος
1512 722 1661 760 εἴσπραξις,
1691 723 1723 757 ἦν
1751 724 1765 751 ὁ
1797 723 1951 762 βασιλεὺς

1091 765 1355 803 ἀμετάπειστος.Τῴ
1384 766 1477 804 χρόνῳ
1508 766 1560 805 γὰρ
1593 767 1635 795 καὶ
1651 770 1711 798 ταῖς
1725 767 1814 799 νίκαις
1844 768 1949 795 ἀπάν-

1090 821 1144 838 των
1172 811 1358 848 κατεπαρθείς,
1389 812 1572 849 ὑπεροπτικὸς
1612 813 1682 850 πρὸς
1715 811 1818 844 πάντας
1863 811 1946 840 ἐδεί-

1089 866 1181 890 κνυτο,
1194 855 1239 883 καὶ
1275 855 1326 883 οὐκ
1350 855 1450 883 εὐνοεῖν
1479 855 1563 892 αὐτῷ,
1588 853 1729 895 φοϐεῖσθαι
1754 856 1778 884 δ’
1794 855 1943 886 ἐϐούλετο

1088 901 1119 928 τὸ
1134 901 1265 935 ὑπήκοον,
1283 900 1333 928 καὶ
1359 901 1390 928 τό
1406 911 1434 928 τε
1449 901 1642 939 στρατιωτικὸν
1657 900 1688 929 τό
1711 912 1741 929 τι
1764 901 1937 937 πολιτικὸν,

1088 945 1119 972 οὐ
1134 945 1201 983 πρὸς
1216 946 1248 972 τὸ
1273 949 1410 983 κρατῆσαν
1439 942 1507 980 ἔθος,
1523 946 1598 974 ὃκαὶ
1627 945 1710 982 νόμον
1741 945 1832 974 δοκεῖν
1865 950 1932 979 τοῖς

1086 990 1246 1026 νομοθέταις
1286 991 1470 1025 τεθέσπισται,
1513 989 1640 1029 διεξάγειν
1683 989 1800 1026 ἤθελεν,
1847 991 1930 1019 ἀλλὰ

1086 1035 1155 1073 πρὸς
1183 1035 1232 1069 τὴν
1258 1034 1358 1062 οἰκείαν
1389 1035 1474 1073 κρίσιν
1505 1035 1549 1062 καὶ
1572 1035 1604 1062 τὸ
1619 1034 1728 1072 θέλημα
1743 1035 1853 1064 ἑαυτοῦ.
1873 1036 1925 1064 Διό

1088 1078 1150 1106 ούδὶ
1164 1081 1218 1106 τῶν
1236 1078 1338 1117 λογίων
1355 1078 1459 1118 ἀνδρῶν
1482 1079 1669 1118 ἐπεστρέφετο,
1686 1079 1759 1108 ἀλλὰ
1778 1080 1826 1108 καὶ
1850 1081 1922 1111 τοὺς

1088 1123 1188 1160 λόγους
1216 1124 1306 1162 ἦγητο
1332 1124 1456 1161 περιττόν
1481 1135 1500 1151 ιι
1515 1127 1613 1162 χρῆμα
1628 1123 1673 1151 καὶ
1689 1124 1738 1152 οὐκ
1766 1124 1903 1162 ὀνήσιμον

1088 1168 1146 1196 ὅθεν
1176 1167 1271 1205 ἄνδρας
1300 1168 1501 1206 ἀπολεξάμενος
1542 1169 1639 1205 ἑαυτῷ,
1669 1167 1732 1196 οὔτε
1759 1168 1799 1206 τῷ
1829 1170 1918 1207 γένει,

1088 1211 1150 1240 οὔτε
1179 1212 1270 1249 μέντοι
1295 1212 1320 1240 ἐν
1351 1212 1427 1251 λόγῳ
1456 1214 1487 1240 τὸ
1505 1213 1641 1250 ἐπίσημον
1657 1211 1783 1251 ἔχοντας,
1799 1213 1916 1244 ἐκείνοις

1086 1258 1134 1290 τάς
1160 1267 1190 1285 τε
1219 1257 1373 1295 βασιλείους
1406 1258 1552 1289 ἐπιστολὰς
1582 1258 1740 1296 ἐνεχείρισε,
1766 1259 1812 1286 καὶ
1841 1258 1916 1286 ἐκοι-

1086 1302 1166 1330 νώνει
1194 1301 1247 1329 τῶν
1275 1301 1480 1340 βουλευμάτων,
1496 1302 1540 1330 καὶ
1565 1302 1644 1334 αὐτὸς
1664 1302 1776 1334 ἐκείνοις
1804 1302 1915 1341 ἀφελῶς

1086 1346 1133 1378 τὰς
1153 1347 1257 1386 γραφὰς
1285 1347 1322 1378 ὦς
1349 1345 1444 1385 ἔτυχεν
1475 1347 1652 1385 ὑπηγόρευεν.
1668 1346 1755 1375 Ἀλλὰ
1782 1347 1829 1375 καὶ
1856 1351 1916 1378 τοῖς

1086 1392 1209 1429 ταμείοις
1231 1392 1386 1432 ἀποφράεας
1413 1392 1460 1423 τὰς
1490 1390 1635 1428 διεξόδους,
1650 1393 1802 1430 χρημάτων
1831 1394 1916 1420 ταῦτα

1087 1436 1182 1475 πλήρη
1199 1437 1342 1472 πεποίηκε.
1360 1436 1429 1464 Φασὶ
1456 1436 1520 1475 γοῦν
1544 1437 1570 1468 ἐς
1595 1435 1681 1464 εἴκοσι
1712 1436 1844 1475 μυριάδας
1870 1447 1916 1464 τα-

1087 1481 1191 1510 λάντων
1243 1483 1348 1519 χρυσοῦ
1394 1481 1686 1519 ὲναποτεθησαυρίσθαι
1729 1482 1821 1517 αὐτῷ.
1858 1481 1911 1510 Τὸν

1086 1527 1137 1565 γὰρ
1167 1526 1253 1554 ἄλλον
1292 1526 1489 1564 χρηματισμὸν
1517 1525 1566 1553 ούκ
1596 1526 1625 1553 ἄν
1652 1536 1694 1557 τις
1723 1526 1767 1553 ὑπ’
1795 1526 1910 1563 ἀριθμὸν

1087 1571 1195 1600 δύναιτο
1222 1571 1343 1609 ἀγαγεῖν,
1359 1571 1400 1606 ὃς,
1416 1573 1470 1598 τῶν
1497 1570 1617 1608 ταμείων
1647 1571 1721 1606 αὐτῷ
1749 1570 1909 1608 πληρωθέν-

207 1617 242 1644 ad
267 1624 312 1644 res
342 1615 398 1644 sub
424 1623 457 1643 eo
487 1600 585 1651 gestas
614 1613 716 1641 ordine
744 1613 912 1642 referendas
937 1615 1029 1643 oratio

1085 1628 1150 1651 των,
1168 1617 1219 1644 ὑπὸ
1323 1616 1358 1643 τὰ
1391 1615 1476 1643 λοιπὰ.
1499 1600 1685 1654 ἐθησαύρισεν,
1699 1613 1793 1646 ἕλικας
1811 1600 1909 1652 Ιὀρύξας

208 1662 319 1690 redeat.
1085 1659 1309 1698 λαϐυρινθώδεις.
1326 1660 1375 1687 Καὶ
1392 1658 1544 1697 ὕπερχειλῆ
1562 1660 1609 1696 μὶν
1623 1660 1691 1694 ἦσαν
1714 1659 1798 1687 λίθων
1825 1659 1909 1688 πολυ-

202 1705 303 1743 τελῶν,
318 1707 372 1732 τῶν
400 1715 430 1732 τε
455 1702 548 1731 ἄλλων
575 1703 620 1730 καὶ
649 1705 702 1730 τῶν
731 1702 846 1740 λευκῶν,
864 1704 904 1735 οἷς
935 1703 1073 1740 ἰδιάζουσαι
1087 1706 1186 1741 κλῆσις
1202 1706 1227 1732 οἱ
1243 1705 1385 1743 Μάργαροι
1402 1705 1458 1742 (89)
1474 1704 1506 1731 τὰ
1519 1701 1645 1732 κιϐώτια.
1660 1706 1703 1740 Τῷ
1718 1703 1747 1731 Si
1770 1704 1808 1736 ιίς
1835 1705 1908 1742 χρῆ-

204 1762 243 1778 σιν
279 1751 330 1778 οὐκ
357 1749 435 1784 ἦσαν,
452 1747 525 1776 ἀλλὰ
555 1748 668 1786 βραχεῖς
692 1757 761 1779 τινες
791 1747 864 1785 αὖτῷ
893 1749 943 1784 τήν
972 1751 1115 1788 πορφύραν
1141 1748 1352 1786 ἀνεκόσμουν,’ί⁷
1366 1747 1418 1786 ἔχῃ
1432 1748 1605 1785 τούπίσημον
1622 1750 1692 1786 ἤπερ
1721 1748 1748 1776 έν
1783 1747 1908 1787 προόδοις

206 1796 367 1834 ἐκέχρηντο,
383 1794 427 1822 καὶ
458 1793 497 1821 ὅτ’
512 1793 681 1832 ἐχρημάτιζε
710 1791 847 1832 πρέσϐεσι,
864 1794 908 1822 καὶ
937 1795 981 1823 ὅτε
1007 1797 1068 1823 τινὰ
1097 1794 1185 1831 ἄλλην
1216 1794 1357 1831 δημοτελῆ
1375 1794 1460 1822 ἐτέλει
1475 1795 1637 1832 πανήγυριν.
1655 1795 1688 1823 Οἱ
1707 1793 1730 1821 δ’
1745 1793 1826 1822 ἄλλοι
1848 1797 1906 1826 τοῖς

204 1841 328 1877 ταμείοις
357 1839 561 1875 ἐναποκείμενοι
587 1837 672 1877 ἄχθος
702 1839 769 1873 ἦσαν
798 1839 910 1867 ἐτώσιον
936 1841 984 1867 Ἦν
1012 1839 1035 1867 δ’
1051 1841 1077 1868 ἐν
1097 1841 1144 1878 μὲν
1173 1839 1299 1877 πολέμου
1326 1841 1432 1877 καιροῖς
1459 1838 1586 1870 ποικίλος
1610 1849 1663 1873 τις,
1691 1838 1736 1866 καὶ
1765 1839 1813 1873 τὴν
1840 1839 1907 1876 γνώ-

207 1895 260 1922 μην
292 1884 361 1922 πρὸς
393 1883 457 1914 τοὺς
490 1883 541 1911 ὑπὸ
574 1885 654 1921 χεῖρα
693 1882 844 1919 πολυειδής
863 1894 869 1900 ·
899 1883 924 1911 ἐν
972 1883 1000 1912 δὲ
1046 1885 1173 1923 ἡρεμίαις
1216 1884 1260 1912 καὶ
1293 1884 1442 1919 εῑρηνικαῖς
1483 1883 1673 1911 καταστάσεσιν
1712 1883 1902 1921 ἀρχικώτερος,

203 1932 248 1957 καὶ
291 1929 339 1959 τὰς
366 1928 449 1966 ὀργὰς
477 1927 610 1965 ἐταμίευε,
640 1927 684 1955 καὶ
712 1927 810 1958 ταύτας
836 1928 957 1966 συνέχων
998 1930 1061 1967 παρ’
1090 1930 1186 1966 ἑαυτῷ,
1217 1928 1393 1966 ἐδημοσίευιν
1434 1928 1460 1955 έν
1500 1931 1618 1967 καιροῖς,
1647 1929 1690 1955 καὶ
1735 1927 1903 1955 ἀνταπεδίδου

203 1976 262 2004 τοῖς
291 1974 489 2010 ἁμαρτήσασιν,
520 1973 566 2000 Ὧν
593 1971 622 2000 δὲ
648 1972 698 2006 τὴν
723 1973 836 2009 γνώμην
867 1971 987 2011 στεῤῥὸς,
1019 1973 1048 2001 οὗ
1078 1973 1178 2012 ῥᾳδίως
1206 1972 1324 2009 ἠλλοίου
1351 1973 1384 2000 τὰ
1413 1972 1535 2008 δόξαντα.
1563 1973 1610 2000 Διὸ
1637 1972 1682 2000 καὶ
1712 1973 1779 2010 πρὸς
1806 1971 1847 2003 οὓς
1871 1971 1900 1999 ἂν

204 2018 284 2056 ἔτυχε
315 2018 423 2055 μήνιμά
452 2028 477 2045 τι
506 2018 623 2056 τρέφων,
655 2017 686 2044 οὐ
713 2016 783 2054 ταχὺ
815 2015 986 2053 μετήλλαττε
999 2018 1030 2045 τὸ
1059 2018 1125 2053 ἦθος
1154 2019 1259 2049 αὐτοῖς.
1276 2017 1363 2046 Ἀλλὰ
1376 2020 1460 2046 ταῦτα
1490 2018 1536 2054 μὶν
1561 2017 1747 2054 παραστατικὰ
1763 2015 1810 2044 τοῦ
1823 2016 1900 2052 ἤθους

203 2062 302 2090 τούτου
315 2065 366 2090 τοῦ
382 2062 591 2100 αὐτοκράτορος,
607 2062 624 2096 ἠ
641 2060 664 2088 δ’
679 2061 787 2099 ἱστορία
802 2060 907 2098 έχέσθω
921 2064 974 2089 τῶν
996 2062 1036 2089 ἐπ’
1051 2063 1133 2091 αὐτοῦ
1148 2062 1358 2102 πεπραγμένων,
1373 2062 1418 2090 καὶ
1432 2061 1579 2100 διηγείσθω
1591 2061 1625 2089 τὰ
1637 2061 1741 2100 ἐφεξῆς.

239 2107 285 2136 ΙΧ.
301 2108 412 2144 Ᾰέεγρῐὶ
429 2108 577 2144 princeps,
595 2107 690 2135 soluto
713 2107 845 2134 Romano
866 2107 983 2142 fcedere,
1000 2110 1029 2135 et

1119 2109 1155 2136 8'.
1183 2109 1210 2136 Ὁ
1239 2110 1289 2140 τῆς
1317 2107 1458 2145 Αἰγύπτου
1483 2107 1640 2144 κατάρχων,
1662 2106 1709 2137 τὰς
1742 2106 1809 2143 πρὸς
1835 2106 1898 2132 Ῥω-

202 2153 496 2190 Hierosolymitanum
512 2152 666 2189 templum,
681 2151 710 2179 in
723 2159 780 2187 quo
796 2151 905 2179 Christi
930 2153 1027 2188 sepul-

1086 2153 1181 2190 μαίους
1199 2152 1282 2184 λύσας
1299 2151 1428 2186 σπονδὰς,
1444 2151 1490 2179 τόν
1506 2162 1534 2179 τε
1550 2152 1576 2179 ιν
1596 2150 1806 2188 Ἑεροσολύμοις
1830 2150 1896 2185 ναὸν⁹

201 2206 284 2225 crum
300 2200 353 2231 est,
369 2200 397 2226 et
415 2197 497 2225 illius
523 2197 578 2225 loci
613 2195 790 2224 monasteria
818 2196 971 2224 destruxit.
996 2197 1031 2224 At

1086 2198 1110 2225 ἰν
1136 2198 1159 2234 ᾧ
1187 2198 1218 2226 τὸ
1245 2199 1294 2225 τοῦ
1322 2197 1421 2233 Κυρίου
1449 2200 1553 2233 μνῆμα,
1582 2195 1779 2231 κατηρείπωσε,
1804 2194 1845 2223 καὶ
1867 2195 1898 2222 τὰ

200 2242 239 2270 im
246 2245 362 2278 perator
377 2242 544 2278 Bulgariam
553 2241 662 2269 crebris
674 2240 921 2277 impressionibus
931 2243 1030 2269 vasta-

205 2287 253 2316 bat
267 2290 296 2316 et
312 2288 424 2322 urebat,
441 2287 487 2315 cui
504 2295 572 2314 cum
587 2286 703 2314 Samuel
721 2285 783 2313 acie
806 2285 943 2313 resistere
972 2294 1028 2313 non

199 2335 309 2369 posset,
327 2340 447 2369 operam
463 2332 553 2359 dabat
569 2332 602 2358 ut
618 2330 715 2358 aditus
740 2329 823 2366 regni
852 2329 1029 2366 occluderet,

197 2380 226 2406 et
241 2378 393 2414 angustias
407 2377 538 2404 locorum
550 2374 680 2403 castellis
695 2376 723 2402 et
738 2373 882 2410 praesidiis
904 2383 1029 2412 occupa-

200 2425 253 2450 ret.
266 2423 430 2458 Imperator
446 2422 543 2448 autem
560 2427 706 2454 reversus,
718 2427 884 2455 magnaque
898 2420 925 2447 vi
942 2428 1030 2456 pene-

199 2473 278 2499 trare
295 2477 463 2507 aggressus,
477 2469 530 2497 etsi
547 2469 656 2496 virtute
670 2467 918 2504 praesidiariorum
937 2469 1031 2505 repul-

201 2517 387 2544 sus:tamen
404 2513 504 2550 emptis
535 2522 594 2542 non
625 2513 748 2547 destitit,
776 2513 826 2541 sed
858 2514 1028 2550 permansit,

201 2559 331 2588 subinde
347 2558 501 2586 castellum
518 2560 646 2593 tentans,
662 2566 721 2585 uno
745 2566 779 2585 ex
808 2558 933 2586 ducibus
962 2567 1028 2586 cum

199 2612 255 2632 sua
268 2603 382 2640 legione
398 2604 500 2639 misso,
517 2612 553 2631 an
569 2603 685 2639 uspiam
709 2602 779 2630 alibi
809 2611 861 2639 per
890 2603 1029 2638 ambages

198 2649 364 2681 ingressum
382 2648 493 2684 aperire
508 2648 650 2684 posset.Is
667 2656 717 2684 per
729 2649 845 2676 montes
861 2647 1029 2682 multasque

200 2693 390 2722 difﬁcultates
406 2692 542 2729 Bulgaris
558 2692 686 2728 deceptis
710 2693 874 2728 ingressus,
903 2700 920 2720 a
950 2695 1030 2727 tergo

201 2739 231 2768 in
249 2738 445 2775 presidiarios
461 2738 558 2774 irruit,
575 2737 624 2775 qui
641 2746 671 2766 re
685 2738 785 2766 subita
797 2736 955 2774 perterriti,
971 2744 1027 2763 non

1085 2242 1141 2270 ἐκεῖ
1157 2244 1333 2280 μοναστήρια.
1354 2242 1384 2269 Ὁ
1409 2240 1437 2268 δὲ
1459 2239 1599 2272 Βασιλεὺς,
1618 2241 1739 2275 συνεχῶς
1765 2241 1799 2275 τῇ
1822 2239 1899 2267 Βουλ-

1084 2287 1166 2326 γαρίᾳ
1205 2285 1399 2325 προσϐάλλων,
1429 2284 1526 2311 ἐκάκου
1565 2281 1665 2326 ταύτην
1704 2282 1748 2309 καὶ
1779 2282 1897 2320 ἐκεράϊζε.

1084 2325 1129 2367 Μὴ
1163 2331 1311 2368 δυνάμενος
1348 2329 1376 2356 δέ
1414 2339 1445 2365 γε
1477 2329 1491 2355 ὁ
1528 2325 1662 2363 Σαμουὴλ
1699 2326 1899 2364 ἀντιπαρατάξα-

1085 2383 1144 2410 σθαι
1172 2379 1212 2413 τῷ
1244 2378 1298 2403 τῶν
1327 2372 1469 2410 Ῥωμαίων
1507 2371 1698 2409 στρατεύματι,
1723 2371 1831 2410 τάφροις
1855 2372 1898 2403 τὰς

1086 2421 1206 2451 εἲσόδους
1235 2419 1394 2447 ἀποκλεῖσαι
1433 2417 1507 2453 αὐτῷ
1531 2415 1703 2454 ἰπεχείρησε,
1724 2415 1772 2448 τὰς
1800 2414 1894 2453 δυσχω-

1085 2467 1144 2504 ρίας
1166 2464 1321 2503 ἀποφράξας
1351 2460 1522 2498 οξκοδομαῖς,
1542 2461 1587 2488 καὶ
1614 2460 1735 2500 φύλακας
1764 2459 1894 2496 ἐπιστήσας

1084 2503 1186 2540 αὐταῖς.
1209 2511 1287 2536 Ἦκεν
1318 2506 1363 2534 οὖν
1398 2507 1411 2533 ὁ
1443 2505 1570 2544 βασιλεὺς
1595 2505 1682 2540 αὖθις,
1710 2504 1755 2532 καὶ
1783 2503 1892 2533 ἐϐιάσατο

1086 2555 1132 2592 μὲν
1147 2554 1197 2588 τὴν
1213 2551 1342 2590 πάροδον,
1360 2551 1530 2589 ἀπεκρούσθη
1559 2549 1588 2578 δὲ
1615 2553 1669 2578 τῶν
1695 2549 1820 2589 φυλάκων
1834 2550 1893 2581 ἀνθι-

1084 2600 1222 2635 σταμένων
1253 2595 1496 2635 ἐρρωμενέστερον,
1524 2594 1598 2630 πλὴν
1637 2594 1687 2622 ούκ
1724 2594 1821 2630 ἀπέστη
1848 2597 1890 2629 τῆς

1084 2644 1279 2682 ἐγχειρήσεως,
1296 2641 1359 2669 ἀλλ’
1376 2641 1457 2672 αὐτὸς
1485 2641 1533 2677 μὲν
1549 2640 1724 2678 προσέμενεν,
1739 2637 1778 2666 ἔτι
1803 2638 1890 2675 πτερώ-

1085 2699 1164 2726 μενος
1190 2687 1237 2714 τοῦ
1264 2686 1398 2725 ἐρύματος
1416 2696 1422 2702 ⁸
1453 2685 1610 2723 ἐκπέπομφε
1639 2683 1668 2711 δὲ
1707 2686 1761 2711 τῶν
1795 2693 1889 2720 στρατη-

1082 2736 1137 2772 γῶν
1164 2731 1210 2760 ἕνα
1241 2731 1307 2769 μετὰ
1332 2733 1380 2759 τοῦ
1407 2731 1451 2758 ὑπ’
1466 2730 1546 2758 αὐτὸν
1561 2730 1700 2768 τάγματος
1729 2727 1890 2766 ὲτερωθίπου-

838 2796 940 2830 Variee
955 2795 1105 2827 lectiones
1119 2798 1152 2826 et
1165 2795 1260 2826 notae.

238 2852 295 2888 (87)
311 2851 344 2881 Ol
362 2852 506 2889 μάργαροι.
522 2851 594 2882 Vide
610 2852 689 2882 idem
706 2851 801 2881 Gloss.
813 2851 843 2879 in
860 2850 1019 2888 Μάργαρος.
