  <div class='ocr_page' id='page_1' title='image "/cluster/home/n/w/nwhite01/storage/ocr_20150623/135/njp.32101077773107/090.png"; bbox 0 0 1977 3154; ppageno 0'>
   <div class='ocr_carea' id='block_1_1' title="bbox 81 178 138 208">
    <p class='ocr_par' dir='ltr' id='par_1_1' title="bbox 81 178 138 208">
     <span class='ocr_line' id='line_1_1' title="bbox 81 178 138 208; baseline 0 0"><span class='ocrx_word' id='word_1_1' title='bbox 81 178 138 208; x_wconf 74' lang='grc'><strong>165</strong></span> 
     </span>
    </p>
   </div>
   <div class='ocr_carea' id='block_1_2' title="bbox 727 173 1149 207">
    <p class='ocr_par' dir='ltr' id='par_1_2' title="bbox 727 173 1149 207">
     <span class='ocr_line' id='line_1_2' title="bbox 727 173 1149 207; baseline -0.005 -1"><span class='ocrx_word' id='word_1_2' title='bbox 727 175 832 206; x_wconf 83' lang='grc' dir='ltr'><strong>ΑΝΝΑ</strong></span> <span class='ocrx_word' id='word_1_3' title='bbox 839 174 935 207; x_wconf 83' lang='lat' dir='ltr'><strong>LIUM</strong></span> <span class='ocrx_word' id='word_1_4' title='bbox 957 174 1030 206; x_wconf 89' lang='lat' dir='ltr'><strong>LIB.</strong></span> <span class='ocrx_word' id='word_1_5' title='bbox 1055 173 1149 205; x_wconf 85' lang='lat' dir='ltr'><strong>XVII.</strong></span> 
     </span>
    </p>
   </div>
   <div class='ocr_carea' id='block_1_3' title="bbox 1731 178 1790 209">
    <p class='ocr_par' dir='ltr' id='par_1_3' title="bbox 1731 178 1790 209">
     <span class='ocr_line' id='line_1_3' title="bbox 1731 178 1790 209; baseline 0 0"><span class='ocrx_word' id='word_1_6' title='bbox 1731 178 1790 209; x_wconf 77' lang='grc'><strong>166</strong></span> 
     </span>
    </p>
   </div>
   <div class='ocr_carea' id='block_1_4' title="bbox 81 239 861 281">
    <p class='ocr_par' dir='ltr' id='par_1_4' title="bbox 81 239 854 281">
     <span class='ocr_line' id='line_1_4' title="bbox 81 239 854 281; baseline -0.005 -9"><span class='ocrx_word' id='word_1_7' title='bbox 81 249 134 281; x_wconf 77' lang='grc' dir='ltr'>θεν,</span> <span class='ocrx_word' id='word_1_8' title='bbox 163 243 188 271; x_wconf 75' lang='lat' dir='ltr'><strong>si.</strong></span> <span class='ocrx_word' id='word_1_9' title='bbox 220 242 329 271; x_wconf 75' lang='grc' dir='ltr'>δύναιτο</span> <span class='ocrx_word' id='word_1_10' title='bbox 354 241 529 281; x_wconf 71' lang='grc' dir='ltr'>περιελθεῖν,</span> <span class='ocrx_word' id='word_1_11' title='bbox 567 242 613 270; x_wconf 86' lang='grc' dir='ltr'><strong>καὶ</strong></span> <span class='ocrx_word' id='word_1_12' title='bbox 644 239 854 280; x_wconf 80' lang='grc' dir='ltr'>μηχανήσασθαί</span> 
     </span>
    </p>
   </div>
   <div class='ocr_carea' id='block_1_5' title="bbox 1009 239 1789 281">
    <p class='ocr_par' dir='ltr' id='par_1_5' title="bbox 1009 240 1789 276">
     <span class='ocr_line' id='line_1_5' title="bbox 1009 240 1789 276; baseline 0.005 -8"><span class='ocrx_word' id='word_1_13' title='bbox 1009 249 1025 268; x_wconf 92' lang='lat' dir='ltr'><strong>n</strong></span> <span class='ocrx_word' id='word_1_14' title='bbox 1041 241 1076 269; x_wconf 90' lang='lat' dir='ltr'><strong>de</strong></span> <span class='ocrx_word' id='word_1_15' title='bbox 1092 240 1255 270; x_wconf 79' lang='lat' dir='ltr'><strong>munitione</strong></span> <span class='ocrx_word' id='word_1_16' title='bbox 1274 242 1395 276; x_wconf 88' lang='lat' dir='ltr'><strong>tuenda,</strong></span> <span class='ocrx_word' id='word_1_17' title='bbox 1411 243 1462 271; x_wconf 83' lang='lat' dir='ltr'><strong>sed</strong></span> <span class='ocrx_word' id='word_1_18' title='bbox 1477 243 1513 271; x_wconf 89' lang='lat' dir='ltr'><strong>de</strong></span> <span class='ocrx_word' id='word_1_19' title='bbox 1529 243 1648 271; x_wconf 86' lang='lat' dir='ltr'><strong>interitu</strong></span> <span class='ocrx_word' id='word_1_20' title='bbox 1673 243 1789 273; x_wconf 84' lang='lat' dir='ltr'><strong>vitando</strong></span> 
     </span>
    </p>
   </div>
   <div class='ocr_carea' id='block_1_6' title="bbox 79 284 909 326">
    <p class='ocr_par' dir='ltr' id='par_1_6' title="bbox 79 284 909 326">
     <span class='ocr_line' id='line_1_6' title="bbox 79 284 909 326; baseline -0.004 -10"><span class='ocrx_word' id='word_1_21' title='bbox 79 287 146 326; x_wconf 79' lang='grc' dir='ltr'>πρὸς</span> <span class='ocrx_word' id='word_1_22' title='bbox 167 288 223 323; x_wconf 80' lang='grc' dir='ltr'><strong>τὴν</strong></span> <span class='ocrx_word' id='word_1_23' title='bbox 242 286 384 316; x_wconf 82' lang='grc' dir='ltr'>διιλευσιν.</span> <span class='ocrx_word' id='word_1_24' title='bbox 407 287 434 313; x_wconf 96' lang='lat'><strong>&#39;0</strong></span> <span class='ocrx_word' id='word_1_25' title='bbox 450 285 489 322; x_wconf 75' lang='grc' dir='ltr'>δὲ,</span> <span class='ocrx_word' id='word_1_26' title='bbox 515 284 559 317; x_wconf 71' lang='grc' dir='ltr'>δι’,</span> <span class='ocrx_word' id='word_1_27' title='bbox 575 287 645 325; x_wconf 82' lang='grc' dir='ltr'>ὀρῶν</span> <span class='ocrx_word' id='word_1_28' title='bbox 673 285 718 314; x_wconf 83' lang='grc' dir='ltr'><strong>καὶ</strong></span> <span class='ocrx_word' id='word_1_29' title='bbox 748 284 909 323; x_wconf 80' lang='grc' dir='ltr'><strong>δυσχωριῶν</strong></span> 
     </span>
    </p>
   </div>
   <div class='ocr_carea' id='block_1_7' title="bbox 80 330 911 369">
    <p class='ocr_par' dir='ltr' id='par_1_7' title="bbox 80 330 911 369">
     <span class='ocr_line' id='line_1_7' title="bbox 80 330 911 369; baseline -0.002 -9"><span class='ocrx_word' id='word_1_30' title='bbox 80 332 198 361; x_wconf 78' lang='grc' dir='ltr'>πολλῶν</span> <span class='ocrx_word' id='word_1_31' title='bbox 216 331 344 369; x_wconf 77' lang='grc' dir='ltr'>διελθὼν,</span> <span class='ocrx_word' id='word_1_32' title='bbox 370 332 415 359; x_wconf 80' lang='grc' dir='ltr'><strong>καὶ</strong></span> <span class='ocrx_word' id='word_1_33' title='bbox 437 330 527 364; x_wconf 80' lang='grc' dir='ltr'>λαθὼν</span> <span class='ocrx_word' id='word_1_34' title='bbox 543 331 606 362; x_wconf 81' lang='grc' dir='ltr'>τοὺς</span> <span class='ocrx_word' id='word_1_35' title='bbox 621 330 806 369; x_wconf 78' lang='grc' dir='ltr'>Βουλγάρους,</span> <span class='ocrx_word' id='word_1_36' title='bbox 830 330 911 367; x_wconf 78' lang='grc' dir='ltr'>ἐμπί-</span> 
     </span>
    </p>
   </div>
   <div class='ocr_carea' id='block_1_8' title="bbox 80 374 912 415">
    <p class='ocr_par' dir='ltr' id='par_1_8' title="bbox 80 374 912 415">
     <span class='ocr_line' id='line_1_8' title="bbox 80 374 912 415; baseline -0.004 -10"><span class='ocrx_word' id='word_1_37' title='bbox 80 389 140 406; x_wconf 73' lang='grc' dir='ltr'>πτει</span> <span class='ocrx_word' id='word_1_38' title='bbox 154 378 228 405; x_wconf 69' lang='grc' dir='ltr'>κατὰ</span> <span class='ocrx_word' id='word_1_39' title='bbox 243 377 332 405; x_wconf 82' lang='grc' dir='ltr'>νώτου</span> <span class='ocrx_word' id='word_1_40' title='bbox 357 379 415 408; x_wconf 84' lang='grc' dir='ltr'>τοῖς</span> <span class='ocrx_word' id='word_1_41' title='bbox 436 378 485 404; x_wconf 74' lang='grc' dir='ltr'>τοῖ’)</span> <span class='ocrx_word' id='word_1_42' title='bbox 503 376 637 414; x_wconf 80' lang='grc' dir='ltr'>ἐρύματος</span> <span class='ocrx_word' id='word_1_43' title='bbox 653 375 777 415; x_wconf 72' lang='grc' dir='ltr'>φύλαξιν,</span> <span class='ocrx_word' id='word_1_44' title='bbox 807 374 842 410; x_wconf 70' lang='lat' dir='ltr'><strong>o&#39;i,</strong></span> <span class='ocrx_word' id='word_1_45' title='bbox 872 378 912 412; x_wconf 81' lang='grc' dir='ltr'>τῷ</span> 
     </span>
    </p>
   </div>
   <div class='ocr_carea' id='block_1_9' title="bbox 81 419 911 461">
    <p class='ocr_par' dir='ltr' id='par_1_9' title="bbox 81 419 911 461">
     <span class='ocr_line' id='line_1_9' title="bbox 81 419 911 461; baseline -0.004 -11"><span class='ocrx_word' id='word_1_46' title='bbox 81 422 172 461; x_wconf 78' lang='grc' dir='ltr'>ἀθρόῳ</span> <span class='ocrx_word' id='word_1_47' title='bbox 188 420 314 458; x_wconf 80' lang='grc' dir='ltr'>περιδεῖς</span> <span class='ocrx_word' id='word_1_48' title='bbox 329 421 481 460; x_wconf 76' lang='grc' dir='ltr'><strong>γεγονότες,</strong></span> <span class='ocrx_word' id='word_1_49' title='bbox 497 421 587 449; x_wconf 76' lang='grc' dir='ltr'>οὐκέτι</span> <span class='ocrx_word' id='word_1_50' title='bbox 611 424 661 456; x_wconf 76' lang='grc' dir='ltr'><strong>τῆς</strong></span> <span class='ocrx_word' id='word_1_51' title='bbox 676 421 800 460; x_wconf 68' lang='grc' dir='ltr'>φυλακῇς</span> <span class='ocrx_word' id='word_1_52' title='bbox 816 419 911 459; x_wconf 76' lang='grc' dir='ltr'>ἐφρόν-</span> 
     </span>
    </p>
   </div>
   <div class='ocr_carea' id='block_1_10' title="bbox 80 463 912 506">
    <p class='ocr_par' dir='ltr' id='par_1_10' title="bbox 80 463 912 506">
     <span class='ocr_line' id='line_1_10' title="bbox 80 463 912 506; baseline -0.004 -11"><span class='ocrx_word' id='word_1_53' title='bbox 80 470 151 503; x_wconf 80' lang='grc' dir='ltr'>τιζον</span> <span class='ocrx_word' id='word_1_54' title='bbox 181 469 234 495; x_wconf 70' lang='grc' dir='ltr'><strong>τοῦ</strong></span> <span class='ocrx_word' id='word_1_55' title='bbox 265 468 404 506; x_wconf 78' lang='grc' dir='ltr'>ρφαγμοῦ,</span> <span class='ocrx_word' id='word_1_56' title='bbox 435 465 499 494; x_wconf 79' lang='grc' dir='ltr'>ἀλλ’</span> <span class='ocrx_word' id='word_1_57' title='bbox 529 466 603 497; x_wconf 73' lang='grc' dir='ltr'>ὅπως</span> <span class='ocrx_word' id='word_1_58' title='bbox 634 465 710 494; x_wconf 78' lang='grc' dir='ltr'>αὐτοὶ</span> <span class='ocrx_word' id='word_1_59' title='bbox 726 465 772 493; x_wconf 85' lang='grc' dir='ltr'>τὸν</span> <span class='ocrx_word' id='word_1_60' title='bbox 799 463 912 503; x_wconf 74' lang='grc' dir='ltr'>ὄλεθρον</span> 
     </span>
    </p>
   </div>
   <div class='ocr_carea' id='block_1_11' title="bbox 82 509 911 551">
    <p class='ocr_par' dir='ltr' id='par_1_11' title="bbox 82 509 911 551">
     <span class='ocr_line' id='line_1_11' title="bbox 82 509 911 551; baseline -0.001 -12"><span class='ocrx_word' id='word_1_61' title='bbox 82 511 258 551; x_wconf 72' lang='grc' dir='ltr'>φυλάξωνται</span> <span class='ocrx_word' id='word_1_62' title='bbox 285 511 347 549; x_wconf 79' lang='grc' dir='ltr'>περὶ</span> <span class='ocrx_word' id='word_1_63' title='bbox 377 510 509 538; x_wconf 79' lang='grc' dir='ltr'><strong>πλείστου</strong></span> <span class='ocrx_word' id='word_1_64' title='bbox 528 510 655 543; x_wconf 76' lang='grc' dir='ltr'>ἐτίθεντο,</span> <span class='ocrx_word' id='word_1_65' title='bbox 682 510 747 538; x_wconf 83' lang='grc' dir='ltr'>Τότε</span> <span class='ocrx_word' id='word_1_66' title='bbox 773 509 806 545; x_wconf 83' lang='grc' dir='ltr'><strong>δὴ</strong></span> <span class='ocrx_word' id='word_1_67' title='bbox 824 509 911 541; x_wconf 72' lang='grc' dir='ltr'>ἀδείας</span> 
     </span>
    </p>
   </div>
   <div class='ocr_carea' id='block_1_12' title="bbox 81 554 910 593">
    <p class='ocr_par' dir='ltr' id='par_1_12' title="bbox 81 554 910 593">
     <span class='ocr_line' id='line_1_12' title="bbox 81 554 910 593; baseline -0.004 -8"><span class='ocrx_word' id='word_1_68' title='bbox 81 557 111 585; x_wconf 82' lang='grc' dir='ltr'><strong>τὸ</strong></span> <span class='ocrx_word' id='word_1_69' title='bbox 160 557 321 593; x_wconf 80' lang='grc' dir='ltr'>Ῥωμαῑκὸν</span> <span class='ocrx_word' id='word_1_70' title='bbox 366 554 529 593; x_wconf 71' lang='grc' dir='ltr'><strong>δραξάμενον</strong></span> <span class='ocrx_word' id='word_1_71' title='bbox 577 555 752 593; x_wconf 82' lang='grc' dir='ltr'>στράτευμα,</span> <span class='ocrx_word' id='word_1_72' title='bbox 799 555 910 593; x_wconf 76' lang='grc' dir='ltr'>ῥήγνυσι</span> 
     </span>
    </p>
   </div>
   <div class='ocr_carea' id='block_1_13' title="bbox 81 598 910 640">
    <p class='ocr_par' dir='ltr' id='par_1_13' title="bbox 81 598 910 640">
     <span class='ocr_line' id='line_1_13' title="bbox 81 598 910 640; baseline -0.004 -11"><span class='ocrx_word' id='word_1_73' title='bbox 81 603 124 629; x_wconf 80' lang='grc' dir='ltr'><strong>τὸν</strong></span> <span class='ocrx_word' id='word_1_74' title='bbox 140 601 286 640; x_wconf 74' lang='grc' dir='ltr'>φραγμὸν,</span> <span class='ocrx_word' id='word_1_75' title='bbox 302 601 346 628; x_wconf 80' lang='grc' dir='ltr'><strong>καὶ</strong></span> <span class='ocrx_word' id='word_1_76' title='bbox 362 599 440 628; x_wconf 77' lang='grc' dir='ltr'><strong>δίεισι</strong></span> <span class='ocrx_word' id='word_1_77' title='bbox 465 600 510 628; x_wconf 83' lang='grc' dir='ltr'>καὶ</span> <span class='ocrx_word' id='word_1_78' title='bbox 527 598 630 635; x_wconf 82' lang='grc' dir='ltr'>διώκει,</span> <span class='ocrx_word' id='word_1_79' title='bbox 653 600 697 627; x_wconf 83' lang='grc' dir='ltr'><strong>καὶ</strong></span> <span class='ocrx_word' id='word_1_80' title='bbox 721 599 844 631; x_wconf 79' lang='grc' dir='ltr'>πολλοὺς</span> <span class='ocrx_word' id='word_1_81' title='bbox 863 601 910 636; x_wconf 78' lang='grc' dir='ltr'>μὶν</span> 
     </span>
    </p>
   </div>
   <div class='ocr_carea' id='block_1_14' title="bbox 82 643 912 683">
    <p class='ocr_par' dir='ltr' id='par_1_14' title="bbox 82 643 912 683">
     <span class='ocr_line' id='line_1_14' title="bbox 82 643 912 683; baseline -0.004 -9"><span class='ocrx_word' id='word_1_82' title='bbox 82 647 209 682; x_wconf 74' lang='grc' dir='ltr'>ἀναιρεῖ,</span> <span class='ocrx_word' id='word_1_83' title='bbox 241 645 370 676; x_wconf 73' lang='grc' dir='ltr'>πλείονας</span> <span class='ocrx_word' id='word_1_84' title='bbox 399 643 428 672; x_wconf 78' lang='grc' dir='ltr'>δὲ</span> <span class='ocrx_word' id='word_1_85' title='bbox 455 655 486 682; x_wconf 76' lang='grc' dir='ltr'><strong>γε</strong></span> <span class='ocrx_word' id='word_1_86' title='bbox 515 647 612 683; x_wconf 82' lang='grc' dir='ltr'>ζωγρεῖ</span> <span class='ocrx_word' id='word_1_87' title='bbox 643 644 724 681; x_wconf 79' lang='grc' dir='ltr'>μόλις</span> <span class='ocrx_word' id='word_1_88' title='bbox 753 643 912 682; x_wconf 80' lang='grc' dir='ltr'>διαδράντος</span> 
     </span>
    </p>
   </div>
   <div class='ocr_carea' id='block_1_15' title="bbox 80 687 911 727">
    <p class='ocr_par' dir='ltr' id='par_1_15' title="bbox 80 687 911 727">
     <span class='ocr_line' id='line_1_15' title="bbox 80 687 911 727; baseline -0.004 -9"><span class='ocrx_word' id='word_1_89' title='bbox 80 693 125 718; x_wconf 71' lang='grc' dir='ltr'><strong>τοῦ</strong></span> <span class='ocrx_word' id='word_1_90' title='bbox 141 689 294 727; x_wconf 71' lang='grc' dir='ltr'>Σαμουήλ.</span> <span class='ocrx_word' id='word_1_91' title='bbox 309 691 343 718; x_wconf 88' lang='grc' dir='ltr'><strong>Ὃ</strong></span> <span class='ocrx_word' id='word_1_92' title='bbox 361 700 393 727; x_wconf 88' lang='grc' dir='ltr'><strong>γε</strong></span> <span class='ocrx_word' id='word_1_93' title='bbox 408 690 461 727; x_wconf 85' lang='grc' dir='ltr'><strong>μὴν</strong></span> <span class='ocrx_word' id='word_1_94' title='bbox 492 689 617 727; x_wconf 75' lang='grc' dir='ltr'>βασιλεὺς</span> <span class='ocrx_word' id='word_1_95' title='bbox 642 691 701 720; x_wconf 81' lang='grc' dir='ltr'>τοῖς</span> <span class='ocrx_word' id='word_1_96' title='bbox 725 687 911 727; x_wconf 83' lang='grc' dir='ltr'>δορυαλώτοις</span> 
     </span>
    </p>
   </div>
   <div class='ocr_carea' id='block_1_16' title="bbox 83 732 912 772">
    <p class='ocr_par' dir='ltr' id='par_1_16' title="bbox 83 732 912 772">
     <span class='ocr_line' id='line_1_16' title="bbox 83 732 912 772; baseline -0.004 -9"><span class='ocrx_word' id='word_1_97' title='bbox 83 735 118 768; x_wconf 66' lang='grc' dir='ltr'>εἷς</span> <span class='ocrx_word' id='word_1_98' title='bbox 142 733 343 763; x_wconf 70' lang='grc' dir='ltr'>πεντεκαίδεκα</span> <span class='ocrx_word' id='word_1_99' title='bbox 382 732 513 772; x_wconf 82' lang='grc' dir='ltr'>χιλιάδας</span> <span class='ocrx_word' id='word_1_100' title='bbox 555 733 768 771; x_wconf 80' lang='grc' dir='ltr'>ἀριθμουμένοις</span> <span class='ocrx_word' id='word_1_101' title='bbox 804 733 912 771; x_wconf 67' lang='grc' dir='ltr'>ἐξέκοψε</span> 
     </span>
    </p>
   </div>
   <div class='ocr_carea' id='block_1_17' title="bbox 81 776 911 816">
    <p class='ocr_par' dir='ltr' id='par_1_17' title="bbox 81 776 911 816">
     <span class='ocr_line' id='line_1_17' title="bbox 81 776 911 816; baseline -0.002 -9"><span class='ocrx_word' id='word_1_102' title='bbox 81 783 142 807; x_wconf 72' lang='grc' dir='ltr'>πᾶσι</span> <span class='ocrx_word' id='word_1_103' title='bbox 158 779 193 806; x_wconf 76' lang='grc' dir='ltr'>τὰ</span> <span class='ocrx_word' id='word_1_104' title='bbox 208 777 336 816; x_wconf 82' lang='grc' dir='ltr'>ὄμματα,</span> <span class='ocrx_word' id='word_1_105' title='bbox 366 778 407 816; x_wconf 77' lang='grc' dir='ltr'><strong>ἐφ’</strong></span> <span class='ocrx_word' id='word_1_106' title='bbox 434 779 533 816; x_wconf 74' lang='grc' dir='ltr'>ἑκάστῃ</span> <span class='ocrx_word' id='word_1_107' title='bbox 561 778 701 806; x_wconf 74' lang='grc' dir='ltr'>ὲτατοστύῖ</span> <span class='ocrx_word' id='word_1_108' title='bbox 725 776 772 805; x_wconf 65' lang='grc' dir='ltr'>ἕνα</span> <span class='ocrx_word' id='word_1_109' title='bbox 799 777 911 806; x_wconf 87' lang='grc' dir='ltr'>καταλι-</span> 
     </span>
    </p>
   </div>
   <div class='ocr_carea' id='block_1_18' title="bbox 82 822 911 864">
    <p class='ocr_par' dir='ltr' id='par_1_18' title="bbox 82 822 911 864">
     <span class='ocr_line' id='line_1_18' title="bbox 82 822 911 864; baseline -0.001 -11"><span class='ocrx_word' id='word_1_110' title='bbox 82 825 136 853; x_wconf 89' lang='grc' dir='ltr'>πὼν</span> <span class='ocrx_word' id='word_1_111' title='bbox 152 822 417 864; x_wconf 71' lang='grc' dir='ltr'>ὶτερόφθαλμον,ἵν</span> <span class='ocrx_word' id='word_1_112' title='bbox 446 822 488 859; x_wconf 69' lang='grc' dir='ltr'><strong>εἴη</strong></span> <span class='ocrx_word' id='word_1_113' title='bbox 517 823 625 855; x_wconf 80' lang='grc' dir='ltr'><strong>τούτοις</strong></span> <span class='ocrx_word' id='word_1_114' title='bbox 654 824 837 862; x_wconf 80' lang='grc' dir='ltr'>χειραγωγὸς,</span> <span class='ocrx_word' id='word_1_115' title='bbox 866 824 911 852; x_wconf 78' lang='grc' dir='ltr'><strong>καὶ</strong></span> 
     </span>
    </p>
   </div>
   <div class='ocr_carea' id='block_1_19' title="bbox 83 866 911 908">
    <p class='ocr_par' dir='ltr' id='par_1_19' title="bbox 83 866 911 908">
     <span class='ocr_line' id='line_1_19' title="bbox 83 866 911 908; baseline 0 -11"><span class='ocrx_word' id='word_1_116' title='bbox 83 869 166 900; x_wconf 72' lang='grc' dir='ltr'>οὕτως</span> <span class='ocrx_word' id='word_1_117' title='bbox 204 868 310 900; x_wconf 73' lang='grc' dir='ltr'>αὐτοὺς</span> <span class='ocrx_word' id='word_1_118' title='bbox 343 867 449 896; x_wconf 77' lang='grc' dir='ltr'>ἀπιέναι</span> <span class='ocrx_word' id='word_1_119' title='bbox 480 866 585 896; x_wconf 72' lang='grc' dir='ltr'>κελεύει</span> <span class='ocrx_word' id='word_1_120' title='bbox 612 869 680 907; x_wconf 84' lang='grc' dir='ltr'>πρὸς</span> <span class='ocrx_word' id='word_1_121' title='bbox 708 869 754 896; x_wconf 85' lang='grc' dir='ltr'><strong>τὸν</strong></span> <span class='ocrx_word' id='word_1_122' title='bbox 785 869 911 908; x_wconf 72' lang='grc' dir='ltr'>σφέτερον</span> 
     </span>
    </p>
   </div>
   <div class='ocr_carea' id='block_1_20' title="bbox 84 911 950 965">
    <p class='ocr_par' dir='ltr' id='par_1_20' title="bbox 84 911 950 965">
     <span class='ocr_line' id='line_1_20' title="bbox 84 911 950 965; baseline 0 -24"><span class='ocrx_word' id='word_1_123' title='bbox 84 913 217 952; x_wconf 74' lang='grc' dir='ltr'>ἀρχηγόν.</span> <span class='ocrx_word' id='word_1_124' title='bbox 235 912 292 944; x_wconf 76' lang='grc' dir='ltr'>Οὕς</span> <span class='ocrx_word' id='word_1_125' title='bbox 317 912 418 944; x_wconf 77' lang='grc' dir='ltr'>ἐκεῖνος</span> <span class='ocrx_word' id='word_1_126' title='bbox 434 911 511 948; x_wconf 72' lang='grc' dir='ltr'>ἰδὼν,</span> <span class='ocrx_word' id='word_1_127' title='bbox 527 912 572 940; x_wconf 84' lang='grc' dir='ltr'>καὶ</span> <span class='ocrx_word' id='word_1_128' title='bbox 599 912 631 940; x_wconf 82' lang='grc' dir='ltr'><strong>τδ</strong></span> <span class='ocrx_word' id='word_1_129' title='bbox 660 913 744 944; x_wconf 78' lang='grc' dir='ltr'>πάθος</span> <span class='ocrx_word' id='word_1_130' title='bbox 772 914 809 950; x_wconf 87' lang='grc' dir='ltr'><strong>μὴ</strong></span> <span class='ocrx_word' id='word_1_131' title='bbox 837 913 910 952; x_wconf 72' lang='grc' dir='ltr'>ἆνεγ-</span> <span class='ocrx_word' id='word_1_132' title='bbox 927 932 950 965; x_wconf 84' lang='grc' dir='ltr'><strong>Β</strong></span> 
     </span>
    </p>
   </div>
   <div class='ocr_carea' id='block_1_21' title="bbox 88 956 911 996">
    <p class='ocr_par' dir='ltr' id='par_1_21' title="bbox 88 956 911 996">
     <span class='ocr_line' id='line_1_21' title="bbox 88 956 911 996; baseline -0.001 -10"><span class='ocrx_word' id='word_1_133' title='bbox 88 958 151 992; x_wconf 80' lang='grc' dir='ltr'>κὼν,</span> <span class='ocrx_word' id='word_1_134' title='bbox 175 957 297 996; x_wconf 76' lang='grc' dir='ltr'>ἰλλγγιᾷ</span> <span class='ocrx_word' id='word_1_135' title='bbox 321 967 350 985; x_wconf 82' lang='grc' dir='ltr'><strong>τε</strong></span> <span class='ocrx_word' id='word_1_136' title='bbox 377 957 421 985; x_wconf 86' lang='grc' dir='ltr'><strong>καὶ</strong></span> <span class='ocrx_word' id='word_1_137' title='bbox 437 957 475 989; x_wconf 72' lang='grc' dir='ltr'>εἰς</span> <span class='ocrx_word' id='word_1_138' title='bbox 499 960 550 995; x_wconf 84' lang='grc' dir='ltr'><strong>γῆν</strong></span> <span class='ocrx_word' id='word_1_139' title='bbox 573 956 748 994; x_wconf 81' lang='grc' dir='ltr'>λειποθυμῶν</span> <span class='ocrx_word' id='word_1_140' title='bbox 777 956 911 986; x_wconf 78' lang='grc' dir='ltr'>καταϐάλ-</span> 
     </span>
    </p>
   </div>
   <div class='ocr_carea' id='block_1_22' title="bbox 86 1000 910 1041">
    <p class='ocr_par' dir='ltr' id='par_1_22' title="bbox 86 1000 910 1041">
     <span class='ocr_line' id='line_1_22' title="bbox 86 1000 910 1041; baseline 0 -11"><span class='ocrx_word' id='word_1_141' title='bbox 86 1002 166 1030; x_wconf 81' lang='grc' dir='ltr'>λεται·</span> <span class='ocrx_word' id='word_1_142' title='bbox 201 1002 305 1039; x_wconf 80' lang='grc' dir='ltr'>μικρὸν</span> <span class='ocrx_word' id='word_1_143' title='bbox 332 1000 361 1029; x_wconf 67' lang='grc' dir='ltr'>δέ</span> <span class='ocrx_word' id='word_1_144' title='bbox 386 1012 413 1030; x_wconf 88' lang='grc' dir='ltr'><strong>τι</strong></span> <span class='ocrx_word' id='word_1_145' title='bbox 441 1001 601 1040; x_wconf 75' lang='grc' dir='ltr'>ἀνενεγκὼν,</span> <span class='ocrx_word' id='word_1_146' title='bbox 616 1000 786 1040; x_wconf 84' lang='grc' dir='ltr'>καρδιωγμῷ</span> <span class='ocrx_word' id='word_1_147' title='bbox 799 1002 910 1041; x_wconf 83' lang='grc' dir='ltr'>περιπί-</span> 
     </span>
    </p>
   </div>
   <div class='ocr_carea' id='block_1_23' title="bbox 88 1044 909 1085">
    <p class='ocr_par' dir='ltr' id='par_1_23' title="bbox 88 1044 909 1085">
     <span class='ocr_line' id='line_1_23' title="bbox 88 1044 909 1085; baseline -0.001 -11"><span class='ocrx_word' id='word_1_148' title='bbox 88 1057 142 1074; x_wconf 81' lang='grc' dir='ltr'>πτει</span> <span class='ocrx_word' id='word_1_149' title='bbox 165 1048 211 1074; x_wconf 84' lang='grc' dir='ltr'><strong>καὶ</strong></span> <span class='ocrx_word' id='word_1_150' title='bbox 238 1047 351 1081; x_wconf 84' lang='grc' dir='ltr'>Θνήσκει</span> <span class='ocrx_word' id='word_1_151' title='bbox 368 1047 435 1084; x_wconf 83' lang='grc'>(90),</span> <span class='ocrx_word' id='word_1_152' title='bbox 464 1046 498 1074; x_wconf 87' lang='grc' dir='ltr'><strong>Ἡ</strong></span> <span class='ocrx_word' id='word_1_153' title='bbox 526 1044 555 1073; x_wconf 65' lang='grc' dir='ltr'>δὲ</span> <span class='ocrx_word' id='word_1_154' title='bbox 581 1048 634 1074; x_wconf 77' lang='grc' dir='ltr'><strong>τῶν</strong></span> <span class='ocrx_word' id='word_1_155' title='bbox 660 1045 826 1084; x_wconf 82' lang='grc' dir='ltr'>Βουλγάρων</span> <span class='ocrx_word' id='word_1_156' title='bbox 842 1048 909 1085; x_wconf 84' lang='grc' dir='ltr'>ἡγε-</span> 
     </span>
    </p>
   </div>
   <div class='ocr_carea' id='block_1_24' title="bbox 89 1088 910 1128">
    <p class='ocr_par' dir='ltr' id='par_1_24' title="bbox 89 1088 910 1128">
     <span class='ocr_line' id='line_1_24' title="bbox 89 1088 910 1128; baseline -0.001 -9"><span class='ocrx_word' id='word_1_157' title='bbox 89 1091 162 1128; x_wconf 65' lang='grc' dir='ltr'>μονία</span> <span class='ocrx_word' id='word_1_158' title='bbox 189 1090 232 1128; x_wconf 78' lang='grc' dir='ltr'><strong>τῷ</strong></span> <span class='ocrx_word' id='word_1_159' title='bbox 269 1090 322 1127; x_wconf 80' lang='grc' dir='ltr'>υἱῷ</span> <span class='ocrx_word' id='word_1_160' title='bbox 357 1091 432 1127; x_wconf 81' lang='grc' dir='ltr'><strong>αὐτῷ</strong></span> <span class='ocrx_word' id='word_1_161' title='bbox 469 1088 592 1128; x_wconf 72' lang='grc' dir='ltr'>Γαϐριὴλ</span> <span class='ocrx_word' id='word_1_162' title='bbox 631 1093 671 1126; x_wconf 85' lang='grc' dir='ltr'>τῷ</span> <span class='ocrx_word' id='word_1_163' title='bbox 705 1091 750 1118; x_wconf 79' lang='grc' dir='ltr'><strong>καὶ</strong></span> <span class='ocrx_word' id='word_1_164' title='bbox 778 1091 910 1128; x_wconf 85' lang='grc' dir='ltr'>Ῥωμανῷ</span> 
     </span>
    </p>
   </div>
   <div class='ocr_carea' id='block_1_25' title="bbox 88 1133 910 1174">
    <p class='ocr_par' dir='ltr' id='par_1_25' title="bbox 88 1133 910 1174">
     <span class='ocr_line' id='line_1_25' title="bbox 88 1133 910 1174; baseline -0.002 -10"><span class='ocrx_word' id='word_1_165' title='bbox 88 1135 256 1174; x_wconf 77' lang='grc' dir='ltr'>παριῆλθεν,</span> <span class='ocrx_word' id='word_1_166' title='bbox 288 1136 317 1163; x_wconf 78' lang='grc' dir='ltr'><strong>δν</strong></span> <span class='ocrx_word' id='word_1_167' title='bbox 345 1135 421 1163; x_wconf 78' lang='grc' dir='ltr'>οὕπω</span> <span class='ocrx_word' id='word_1_168' title='bbox 447 1135 566 1163; x_wconf 59' lang='lat' dir='ltr'><strong>ivno-rev</strong></span> <span class='ocrx_word' id='word_1_169' title='bbox 594 1133 708 1173; x_wconf 73' lang='grc' dir='ltr'>ἄρξαντα</span> <span class='ocrx_word' id='word_1_170' title='bbox 735 1136 750 1163; x_wconf 87' lang='grc' dir='ltr'>ὁ</span> <span class='ocrx_word' id='word_1_171' title='bbox 777 1135 835 1167; x_wconf 80' lang='grc' dir='ltr'>υἱὸς</span> <span class='ocrx_word' id='word_1_172' title='bbox 863 1137 910 1163; x_wconf 80' lang='grc' dir='ltr'><strong>τοῦ</strong></span> 
     </span>
    </p>
   </div>
   <div class='ocr_carea' id='block_1_26' title="bbox 87 1177 908 1220">
    <p class='ocr_par' dir='ltr' id='par_1_26' title="bbox 87 1177 908 1220">
     <span class='ocr_line' id='line_1_26' title="bbox 87 1177 908 1220; baseline 0.001 -13"><span class='ocrx_word' id='word_1_173' title='bbox 87 1180 258 1220; x_wconf 79' lang='grc' dir='ltr'>πατραελφου</span> <span class='ocrx_word' id='word_1_174' title='bbox 289 1179 372 1208; x_wconf 75' lang='grc' dir='ltr'>αὐτοῦ</span> <span class='ocrx_word' id='word_1_175' title='bbox 397 1181 500 1218; x_wconf 85' lang='grc' dir='ltr'>’Δαρὼν</span> <span class='ocrx_word' id='word_1_176' title='bbox 519 1180 533 1207; x_wconf 76' lang='grc' dir='ltr'><strong>ὁ</strong></span> <span class='ocrx_word' id='word_1_177' title='bbox 550 1177 754 1211; x_wconf 77' lang='grc' dir='ltr'>Βλαδίσθλαϐος</span> <span class='ocrx_word' id='word_1_178' title='bbox 781 1180 908 1216; x_wconf 82' lang='grc' dir='ltr'>Ἰωάννης</span> 
     </span>
    </p>
   </div>
   <div class='ocr_carea' id='block_1_27' title="bbox 87 1223 909 1264">
    <p class='ocr_par' dir='ltr' id='par_1_27' title="bbox 87 1223 909 1264">
     <span class='ocr_line' id='line_1_27' title="bbox 87 1223 909 1264; baseline 0 -11"><span class='ocrx_word' id='word_1_179' title='bbox 87 1225 231 1263; x_wconf 80' lang='grc' dir='ltr'>(διώνυμος</span> <span class='ocrx_word' id='word_1_180' title='bbox 259 1225 314 1264; x_wconf 76' lang='grc' dir='ltr'>γὰρ</span> <span class='ocrx_word' id='word_1_181' title='bbox 341 1225 386 1252; x_wconf 69' lang='grc' dir='ltr'><strong>καὶ</strong></span> <span class='ocrx_word' id='word_1_182' title='bbox 415 1223 492 1256; x_wconf 81' lang='grc' dir='ltr'>οὗτος</span> <span class='ocrx_word' id='word_1_183' title='bbox 521 1224 564 1262; x_wconf 81' lang='grc' dir='ltr'><strong>ἥν)</strong></span> <span class='ocrx_word' id='word_1_184' title='bbox 580 1224 727 1252; x_wconf 78' lang='grc' dir='ltr'>ἀπέκτεινε.</span> <span class='ocrx_word' id='word_1_185' title='bbox 745 1224 863 1257; x_wconf 83' lang='grc' dir='ltr'>Διελθὼν</span> <span class='ocrx_word' id='word_1_186' title='bbox 880 1225 909 1253; x_wconf 73' lang='grc' dir='ltr'>δὲ</span> 
     </span>
    </p>
   </div>
   <div class='ocr_carea' id='block_1_28' title="bbox 84 1267 908 1308">
    <p class='ocr_par' dir='ltr' id='par_1_28' title="bbox 84 1267 908 1308">
     <span class='ocr_line' id='line_1_28' title="bbox 84 1267 908 1308; baseline 0.001 -11"><span class='ocrx_word' id='word_1_187' title='bbox 84 1271 112 1297; x_wconf 69' lang='grc' dir='ltr'><strong>τὸ</strong></span> <span class='ocrx_word' id='word_1_188' title='bbox 139 1269 165 1298; x_wconf 65' lang='lat' dir='ltr'><strong>iv</strong></span> <span class='ocrx_word' id='word_1_189' title='bbox 191 1273 254 1302; x_wconf 78' lang='grc' dir='ltr'>ταῖς</span> <span class='ocrx_word' id='word_1_190' title='bbox 285 1269 452 1308; x_wconf 84' lang='grc' dir='ltr'>δυσχωρίαις</span> <span class='ocrx_word' id='word_1_191' title='bbox 481 1267 568 1308; x_wconf 76' lang='grc' dir='ltr'>ἔρυμα</span> <span class='ocrx_word' id='word_1_192' title='bbox 592 1270 606 1296; x_wconf 87' lang='grc' dir='ltr'>ὁ</span> <span class='ocrx_word' id='word_1_193' title='bbox 634 1269 808 1308; x_wconf 79' lang='grc' dir='ltr'>αὐτοκράτωρ</span> <span class='ocrx_word' id='word_1_194' title='bbox 826 1291 833 1304; x_wconf 87' lang='grc'><strong>,</strong></span> <span class='ocrx_word' id='word_1_195' title='bbox 871 1271 908 1302; x_wconf 89' lang='grc' dir='ltr'><strong>ὡς</strong></span> 
     </span>
    </p>
   </div>
   <div class='ocr_carea' id='block_1_29' title="bbox 85 1313 906 1353">
    <p class='ocr_par' dir='ltr' id='par_1_29' title="bbox 85 1313 906 1353">
     <span class='ocr_line' id='line_1_29' title="bbox 85 1313 906 1353; baseline 0.001 -11"><span class='ocrx_word' id='word_1_196' title='bbox 85 1314 196 1352; x_wconf 56' lang='grc' dir='ltr'>ἔρηται,</span> <span class='ocrx_word' id='word_1_197' title='bbox 227 1314 305 1342; x_wconf 73' lang='grc' dir='ltr'>ἄλλα</span> <span class='ocrx_word' id='word_1_198' title='bbox 331 1325 361 1342; x_wconf 79' lang='grc' dir='ltr'>τι</span> <span class='ocrx_word' id='word_1_199' title='bbox 387 1313 506 1352; x_wconf 72' lang='grc' dir='ltr'>φρούρια</span> <span class='ocrx_word' id='word_1_200' title='bbox 536 1314 702 1352; x_wconf 77' lang='grc' dir='ltr'>ἐχειρώσατο</span> <span class='ocrx_word' id='word_1_201' title='bbox 733 1314 835 1353; x_wconf 71' lang='grc' dir='ltr'>ἐρυμνά</span> <span class='ocrx_word' id='word_1_202' title='bbox 862 1316 906 1343; x_wconf 82' lang='grc' dir='ltr'>καὶ</span> 
     </span>
    </p>
   </div>
   <div class='ocr_carea' id='block_1_30' title="bbox 83 1358 906 1397">
    <p class='ocr_par' dir='ltr' id='par_1_30' title="bbox 83 1358 906 1397">
     <span class='ocr_line' id='line_1_30' title="bbox 83 1358 906 1397; baseline 0.001 -11"><span class='ocrx_word' id='word_1_203' title='bbox 83 1359 139 1390; x_wconf 75' lang='grc' dir='ltr'>τοὺς</span> <span class='ocrx_word' id='word_1_204' title='bbox 154 1359 180 1387; x_wconf 71' lang='grc' dir='ltr'>ἐν</span> <span class='ocrx_word' id='word_1_205' title='bbox 203 1359 302 1390; x_wconf 82' lang='grc' dir='ltr'>αὐτοῖς</span> <span class='ocrx_word' id='word_1_206' title='bbox 332 1358 516 1397; x_wconf 79' lang='grc' dir='ltr'>Βουλγάρους,</span> <span class='ocrx_word' id='word_1_207' title='bbox 540 1358 585 1386; x_wconf 86' lang='grc' dir='ltr'><strong>καὶ</strong></span> <span class='ocrx_word' id='word_1_208' title='bbox 614 1358 678 1393; x_wconf 75' lang='grc' dir='ltr'>ἧκεν</span> <span class='ocrx_word' id='word_1_209' title='bbox 707 1358 746 1389; x_wconf 77' lang='grc' dir='ltr'>εἷς</span> <span class='ocrx_word' id='word_1_210' title='bbox 770 1360 906 1387; x_wconf 50' lang='lat' dir='ltr'><strong>Mos-ovai-</strong></span> 
     </span>
    </p>
   </div>
   <div class='ocr_carea' id='block_1_31' title="bbox 82 1402 905 1442">
    <p class='ocr_par' dir='ltr' id='par_1_31' title="bbox 82 1402 905 1442">
     <span class='ocr_line' id='line_1_31' title="bbox 82 1402 905 1442; baseline 0.001 -11"><span class='ocrx_word' id='word_1_211' title='bbox 82 1403 167 1439; x_wconf 84' lang='grc' dir='ltr'>πολιν,</span> <span class='ocrx_word' id='word_1_212' title='bbox 192 1403 264 1432; x_wconf 73' lang='grc' dir='ltr'>ὅπου</span> <span class='ocrx_word' id='word_1_213' title='bbox 281 1404 357 1439; x_wconf 84' lang='grc' dir='ltr'><strong>αὐτῷ</strong></span> <span class='ocrx_word' id='word_1_214' title='bbox 371 1404 389 1438; x_wconf 81' lang='grc' dir='ltr'><strong>ἡ</strong></span> <span class='ocrx_word' id='word_1_215' title='bbox 404 1405 452 1431; x_wconf 71' lang='grc' dir='ltr'><strong>τοῦ</strong></span> <span class='ocrx_word' id='word_1_216' title='bbox 476 1402 594 1440; x_wconf 88' lang='grc' dir='ltr'>Σαμοὴλ</span> <span class='ocrx_word' id='word_1_217' title='bbox 620 1403 734 1438; x_wconf 75' lang='grc' dir='ltr'>τελευτὴ</span> <span class='ocrx_word' id='word_1_218' title='bbox 751 1403 905 1442; x_wconf 68' lang='grc' dir='ltr'>ἀπηγγέλη,</span> 
     </span>
    </p>
   </div>
   <div class='ocr_carea' id='block_1_32' title="bbox 82 1445 904 1487">
    <p class='ocr_par' dir='ltr' id='par_1_32' title="bbox 82 1445 904 1487">
     <span class='ocr_line' id='line_1_32' title="bbox 82 1445 904 1487; baseline 0.001 -11"><span class='ocrx_word' id='word_1_219' title='bbox 82 1449 160 1485; x_wconf 81' lang='grc' dir='ltr'>’Δρας</span> <span class='ocrx_word' id='word_1_220' title='bbox 190 1448 236 1476; x_wconf 76' lang='grc' dir='ltr'><strong>οὖν</strong></span> <span class='ocrx_word' id='word_1_221' title='bbox 274 1447 372 1476; x_wconf 77' lang='grc' dir='ltr'>αὐτίκα</span> <span class='ocrx_word' id='word_1_222' title='bbox 406 1445 575 1485; x_wconf 76' lang='grc' dir='ltr'>προσϐάλλιι</span> <span class='ocrx_word' id='word_1_223' title='bbox 598 1449 633 1485; x_wconf 75' lang='grc' dir='ltr'><strong>τῇ</strong></span> <span class='ocrx_word' id='word_1_224' title='bbox 660 1447 831 1487; x_wconf 77' lang='grc' dir='ltr'>Βουλγαρίᾳ,</span> <span class='ocrx_word' id='word_1_225' title='bbox 860 1450 904 1477; x_wconf 80' lang='grc' dir='ltr'>καὶ</span> 
     </span>
    </p>
   </div>
   <div class='ocr_carea' id='block_1_33' title="bbox 84 1493 906 1533">
    <p class='ocr_par' dir='ltr' id='par_1_33' title="bbox 84 1493 906 1533">
     <span class='ocr_line' id='line_1_33' title="bbox 84 1493 906 1533; baseline 0 -12"><span class='ocrx_word' id='word_1_226' title='bbox 84 1493 172 1526; x_wconf 80' lang='grc' dir='ltr'>πόλεις</span> <span class='ocrx_word' id='word_1_227' title='bbox 199 1504 229 1522; x_wconf 82' lang='grc' dir='ltr'><strong>τε</strong></span> <span class='ocrx_word' id='word_1_228' title='bbox 258 1493 346 1528; x_wconf 72' lang='grc' dir='ltr'>αὐτῆς</span> <span class='ocrx_word' id='word_1_229' title='bbox 379 1494 450 1531; x_wconf 73' lang='grc' dir='ltr'><strong>αἳρεῖ</strong></span> <span class='ocrx_word' id='word_1_230' title='bbox 474 1493 518 1521; x_wconf 78' lang='grc' dir='ltr'><strong>καὶ</strong></span> <span class='ocrx_word' id='word_1_231' title='bbox 547 1493 673 1533; x_wconf 76' lang='grc' dir='ltr'>φρούρια.</span> <span class='ocrx_word' id='word_1_232' title='bbox 701 1497 728 1521; x_wconf 89' lang='grc' dir='ltr'>Ὁ</span> <span class='ocrx_word' id='word_1_233' title='bbox 753 1493 781 1521; x_wconf 77' lang='grc' dir='ltr'>δέ</span> <span class='ocrx_word' id='word_1_234' title='bbox 803 1505 834 1532; x_wconf 78' lang='grc' dir='ltr'><strong>γε</strong></span> <span class='ocrx_word' id='word_1_235' title='bbox 857 1497 906 1522; x_wconf 78' lang='grc' dir='ltr'><strong>τοῦ</strong></span> 
     </span>
    </p>
   </div>
   <div class='ocr_carea' id='block_1_34' title="bbox 86 1536 905 1577">
    <p class='ocr_par' dir='ltr' id='par_1_34' title="bbox 86 1536 905 1577">
     <span class='ocr_line' id='line_1_34' title="bbox 86 1536 905 1577; baseline 0 -11"><span class='ocrx_word' id='word_1_236' title='bbox 86 1538 211 1575; x_wconf 75' lang='grc' dir='ltr'>Σαμουὴλ</span> <span class='ocrx_word' id='word_1_237' title='bbox 239 1539 302 1570; x_wconf 78' lang='grc' dir='ltr'>υἱὸς</span> <span class='ocrx_word' id='word_1_238' title='bbox 331 1538 345 1565; x_wconf 82' lang='grc' dir='ltr'><strong>ὁ</strong></span> <span class='ocrx_word' id='word_1_239' title='bbox 366 1537 505 1575; x_wconf 79' lang='grc' dir='ltr'>Ῥωμανός</span> <span class='ocrx_word' id='word_1_240' title='bbox 533 1549 563 1566; x_wconf 86' lang='grc' dir='ltr'><strong>τε</strong></span> <span class='ocrx_word' id='word_1_241' title='bbox 590 1539 635 1566; x_wconf 76' lang='grc' dir='ltr'>καὶ</span> <span class='ocrx_word' id='word_1_242' title='bbox 665 1536 787 1577; x_wconf 72' lang='grc' dir='ltr'>Γαϐριὴλ</span> <span class='ocrx_word' id='word_1_243' title='bbox 817 1537 905 1574; x_wconf 72' lang='grc' dir='ltr'>(οὔπω</span> 
     </span>
    </p>
   </div>
   <div class='ocr_carea' id='block_1_35' title="bbox 84 1582 903 1621">
    <p class='ocr_par' dir='ltr' id='par_1_35' title="bbox 84 1582 903 1621">
     <span class='ocr_line' id='line_1_35' title="bbox 84 1582 903 1621; baseline -0.001 -10"><span class='ocrx_word' id='word_1_244' title='bbox 84 1583 131 1621; x_wconf 83' lang='grc' dir='ltr'><strong>γὰρ</strong></span> <span class='ocrx_word' id='word_1_245' title='bbox 149 1583 297 1621; x_wconf 76' lang='grc' dir='ltr'>ἀνῄρητο),</span> <span class='ocrx_word' id='word_1_246' title='bbox 325 1583 434 1620; x_wconf 69' lang='grc' dir='ltr'>πίμψας</span> <span class='ocrx_word' id='word_1_247' title='bbox 460 1583 529 1620; x_wconf 84' lang='grc' dir='ltr'>πρὸς</span> <span class='ocrx_word' id='word_1_248' title='bbox 556 1582 603 1610; x_wconf 82' lang='grc' dir='ltr'><strong>τὸν</strong></span> <span class='ocrx_word' id='word_1_249' title='bbox 630 1582 743 1620; x_wconf 77' lang='grc' dir='ltr'>βασιλέα</span> <span class='ocrx_word' id='word_1_250' title='bbox 769 1582 903 1611; x_wconf 76' lang='grc' dir='ltr'>δούλωσιν</span> 
     </span>
    </p>
   </div>
   <div class='ocr_carea' id='block_1_36' title="bbox 85 1618 943 1666">
    <p class='ocr_par' dir='ltr' id='par_1_36' title="bbox 85 1618 943 1666">
     <span class='ocr_line' id='line_1_36' title="bbox 85 1618 943 1666; baseline 0.001 -12"><span class='ocrx_word' id='word_1_251' title='bbox 85 1618 248 1666; x_wconf 62' lang='grc' dir='ltr'>υπισχνέέτο·</span> <span class='ocrx_word' id='word_1_252' title='bbox 275 1618 402 1664; x_wconf 17' lang='grc' dir='ltr'><strong>⁷μετεὶνδε</strong></span> <span class='ocrx_word' id='word_1_253' title='bbox 426 1618 488 1655; x_wconf 74' lang='grc' dir='ltr'>τινα</span> <span class='ocrx_word' id='word_1_254' title='bbox 513 1628 607 1666; x_wconf 76' lang='grc' dir='ltr'>καιρὸν</span> <span class='ocrx_word' id='word_1_255' title='bbox 630 1618 684 1655; x_wconf 66' lang='grc' dir='ltr'><strong>τοῦ</strong></span> <span class='ocrx_word' id='word_1_256' title='bbox 712 1629 757 1655; x_wconf 79' lang='grc' dir='ltr'><strong>τὸν</strong></span> <span class='ocrx_word' id='word_1_257' title='bbox 782 1626 905 1666; x_wconf 77' lang='grc' dir='ltr'>Γαϐριὴλ</span> <span class='ocrx_word' id='word_1_258' title='bbox 922 1618 943 1652; x_wconf 76' lang='lat' dir='ltr'>C</span> 
     </span>
    </p>
   </div>
   <div class='ocr_carea' id='block_1_37' title="bbox 85 1670 907 1712">
    <p class='ocr_par' dir='ltr' id='par_1_37' title="bbox 85 1670 907 1712">
     <span class='ocr_line' id='line_1_37' title="bbox 85 1670 907 1712; baseline 0.001 -13"><span class='ocrx_word' id='word_1_259' title='bbox 85 1671 219 1704; x_wconf 77' lang='grc' dir='ltr'>ἀνελόντος</span> <span class='ocrx_word' id='word_1_260' title='bbox 250 1673 381 1701; x_wconf 80' lang='grc' dir='ltr'>Ἰωάννου</span> <span class='ocrx_word' id='word_1_261' title='bbox 402 1675 451 1700; x_wconf 76' lang='grc' dir='ltr'>τοῦ</span> <span class='ocrx_word' id='word_1_262' title='bbox 466 1670 675 1701; x_wconf 77' lang='grc' dir='ltr'>Βλαδισθλάϐου</span> <span class='ocrx_word' id='word_1_263' title='bbox 700 1672 820 1710; x_wconf 70' lang='grc' dir='ltr'>ἐεράπων</span> <span class='ocrx_word' id='word_1_264' title='bbox 848 1672 907 1712; x_wconf 71' lang='grc' dir='ltr'><strong>ἀφί-</strong></span> 
     </span>
    </p>
   </div>
   <div class='ocr_carea' id='block_1_38' title="bbox 84 1715 907 1756">
    <p class='ocr_par' dir='ltr' id='par_1_38' title="bbox 84 1715 907 1756">
     <span class='ocr_line' id='line_1_38' title="bbox 84 1715 907 1756; baseline 0.002 -12"><span class='ocrx_word' id='word_1_265' title='bbox 84 1727 158 1752; x_wconf 81' lang='grc' dir='ltr'>κιτο,</span> <span class='ocrx_word' id='word_1_266' title='bbox 187 1715 434 1756; x_wconf 70' lang='grc' dir='ltr'>εὖαγγελιζόμενος</span> <span class='ocrx_word' id='word_1_267' title='bbox 457 1718 508 1753; x_wconf 85' lang='grc' dir='ltr'><strong>τὴν</strong></span> <span class='ocrx_word' id='word_1_268' title='bbox 538 1717 672 1754; x_wconf 81' lang='grc' dir='ltr'>ἀναίρεσιν</span> <span class='ocrx_word' id='word_1_269' title='bbox 699 1720 748 1745; x_wconf 78' lang='grc' dir='ltr'>τοῖ’)</span> <span class='ocrx_word' id='word_1_270' title='bbox 774 1718 833 1745; x_wconf 77' lang='grc' dir='ltr'>υἱοῦ</span> <span class='ocrx_word' id='word_1_271' title='bbox 859 1720 907 1746; x_wconf 82' lang='grc' dir='ltr'>τοῦ</span> 
     </span>
    </p>
   </div>
   <div class='ocr_carea' id='block_1_39' title="bbox 87 1761 907 1801">
    <p class='ocr_par' dir='ltr' id='par_1_39' title="bbox 87 1761 907 1801">
     <span class='ocr_line' id='line_1_39' title="bbox 87 1761 907 1801; baseline 0.002 -12"><span class='ocrx_word' id='word_1_272' title='bbox 87 1762 213 1798; x_wconf 79' lang='grc' dir='ltr'>Σαμουὴλ</span> <span class='ocrx_word' id='word_1_273' title='bbox 241 1763 290 1790; x_wconf 81' lang='grc' dir='ltr'><strong>καὶ</strong></span> <span class='ocrx_word' id='word_1_274' title='bbox 313 1763 461 1800; x_wconf 83' lang='grc' dir='ltr'>γράμματα</span> <span class='ocrx_word' id='word_1_275' title='bbox 475 1761 609 1799; x_wconf 81' lang='grc' dir='ltr'>κομίζων,</span> <span class='ocrx_word' id='word_1_276' title='bbox 626 1762 846 1801; x_wconf 72' lang='grc' dir='ltr'>ἐπαγγελλόμενα</span> <span class='ocrx_word' id='word_1_277' title='bbox 868 1765 907 1799; x_wconf 82' lang='grc' dir='ltr'>τῷ</span> 
     </span>
    </p>
   </div>
   <div class='ocr_carea' id='block_1_40' title="bbox 86 1806 905 1845">
    <p class='ocr_par' dir='ltr' id='par_1_40' title="bbox 86 1806 905 1845">
     <span class='ocr_line' id='line_1_40' title="bbox 86 1806 905 1845; baseline 0.002 -11"><span class='ocrx_word' id='word_1_278' title='bbox 86 1806 187 1843; x_wconf 79' lang='grc' dir='ltr'>βασιλεῖ</span> <span class='ocrx_word' id='word_1_279' title='bbox 212 1806 351 1835; x_wconf 72' lang='grc' dir='ltr'>δούλωσιν</span> <span class='ocrx_word' id='word_1_280' title='bbox 381 1807 587 1845; x_wconf 75' lang='grc' dir='ltr'>προσεῤῥύησαν</span> <span class='ocrx_word' id='word_1_281' title='bbox 613 1806 641 1834; x_wconf 76' lang='grc' dir='ltr'>δὲ</span> <span class='ocrx_word' id='word_1_282' title='bbox 661 1807 734 1844; x_wconf 75' lang='grc' dir='ltr'><strong>αὐτῷ</strong></span> <span class='ocrx_word' id='word_1_283' title='bbox 763 1808 806 1835; x_wconf 86' lang='grc' dir='ltr'><strong>καὶ</strong></span> <span class='ocrx_word' id='word_1_284' title='bbox 835 1807 905 1836; x_wconf 86' lang='grc' dir='ltr'>πολ-</span> 
     </span>
    </p>
   </div>
   <div class='ocr_carea' id='block_1_41' title="bbox 86 1849 906 1890">
    <p class='ocr_par' dir='ltr' id='par_1_41' title="bbox 86 1849 906 1890">
     <span class='ocr_line' id='line_1_41' title="bbox 86 1849 906 1890; baseline 0.004 -13"><span class='ocrx_word' id='word_1_285' title='bbox 86 1849 124 1878; x_wconf 79' lang='grc' dir='ltr'><strong>λοὶ</strong></span> <span class='ocrx_word' id='word_1_286' title='bbox 149 1854 202 1879; x_wconf 74' lang='grc' dir='ltr'><strong>τῶν</strong></span> <span class='ocrx_word' id='word_1_287' title='bbox 232 1851 379 1888; x_wconf 68' lang='grc' dir='ltr'>ἐπισήμων</span> <span class='ocrx_word' id='word_1_288' title='bbox 404 1852 478 1889; x_wconf 82' lang='grc' dir='ltr'>παρᾶ</span> <span class='ocrx_word' id='word_1_289' title='bbox 504 1853 684 1889; x_wconf 77' lang='grc' dir='ltr'>Βουλγάροις.</span> <span class='ocrx_word' id='word_1_290' title='bbox 701 1852 784 1884; x_wconf 74' lang='grc' dir='ltr'>Γνοὺς</span> <span class='ocrx_word' id='word_1_291' title='bbox 815 1853 906 1890; x_wconf 74' lang='grc' dir='ltr'>μέντοι</span> 
     </span>
    </p>
   </div>
   <div class='ocr_carea' id='block_1_42' title="bbox 84 1894 905 1936">
    <p class='ocr_par' dir='ltr' id='par_1_42' title="bbox 84 1894 905 1936">
     <span class='ocr_line' id='line_1_42' title="bbox 84 1894 905 1936; baseline 0.002 -13"><span class='ocrx_word' id='word_1_292' title='bbox 84 1895 124 1923; x_wconf 77' lang='grc' dir='ltr'><strong>τὸν</strong></span> <span class='ocrx_word' id='word_1_293' title='bbox 149 1894 358 1924; x_wconf 76' lang='grc' dir='ltr'>Βλαδίσθλαϐον</span> <span class='ocrx_word' id='word_1_294' title='bbox 383 1897 397 1924; x_wconf 79' lang='grc' dir='ltr'><strong>ὁ</strong></span> <span class='ocrx_word' id='word_1_295' title='bbox 428 1896 558 1935; x_wconf 76' lang='grc' dir='ltr'>βασιλεὺς</span> <span class='ocrx_word' id='word_1_296' title='bbox 592 1897 623 1924; x_wconf 86' lang='grc' dir='ltr'>οὖ</span> <span class='ocrx_word' id='word_1_297' title='bbox 651 1897 719 1925; x_wconf 78' lang='grc' dir='ltr'>κατὰ</span> <span class='ocrx_word' id='word_1_298' title='bbox 744 1897 791 1929; x_wconf 71' lang='grc' dir='ltr'><strong>τὰς</strong></span> <span class='ocrx_word' id='word_1_299' title='bbox 821 1897 905 1936; x_wconf 86' lang='grc' dir='ltr'>ἐπαγ-</span> 
     </span>
    </p>
   </div>
   <div class='ocr_carea' id='block_1_43' title="bbox 85 1939 907 1981">
    <p class='ocr_par' dir='ltr' id='par_1_43' title="bbox 85 1939 907 1981">
     <span class='ocr_line' id='line_1_43' title="bbox 85 1939 907 1981; baseline 0.002 -14"><span class='ocrx_word' id='word_1_300' title='bbox 85 1939 169 1976; x_wconf 72' lang='grc' dir='ltr'>γελίας</span> <span class='ocrx_word' id='word_1_301' title='bbox 195 1940 404 1978; x_wconf 74' lang='grc' dir='ltr'>διανοούμενον,</span> <span class='ocrx_word' id='word_1_302' title='bbox 433 1940 551 1975; x_wconf 75' lang='grc' dir='ltr'>ἐπῆλθεν</span> <span class='ocrx_word' id='word_1_303' title='bbox 587 1940 663 1973; x_wconf 74' lang='grc' dir='ltr'>αὖθις</span> <span class='ocrx_word' id='word_1_304' title='bbox 690 1943 725 1979; x_wconf 81' lang='grc' dir='ltr'><strong>τῇ</strong></span> <span class='ocrx_word' id='word_1_305' title='bbox 754 1941 907 1981; x_wconf 78' lang='grc' dir='ltr'>Βουλγαρίᾳ</span> 
     </span>
    </p>
   </div>
   <div class='ocr_carea' id='block_1_44' title="bbox 86 1984 907 2024">
    <p class='ocr_par' dir='ltr' id='par_1_44' title="bbox 86 1984 907 2024">
     <span class='ocr_line' id='line_1_44' title="bbox 86 1984 907 2024; baseline 0.005 -13"><span class='ocrx_word' id='word_1_306' title='bbox 86 1984 124 2011; x_wconf 71' lang='grc' dir='ltr'><strong>καὶ</strong></span> <span class='ocrx_word' id='word_1_307' title='bbox 140 1985 246 2017; x_wconf 72' lang='grc' dir='ltr'>πολλὰς</span> <span class='ocrx_word' id='word_1_308' title='bbox 265 1986 315 2022; x_wconf 73' lang='grc' dir='ltr'>μὲν</span> <span class='ocrx_word' id='word_1_309' title='bbox 330 1985 413 2021; x_wconf 73' lang='grc' dir='ltr'>αὐτῆς</span> <span class='ocrx_word' id='word_1_310' title='bbox 442 1985 571 2021; x_wconf 74' lang='grc' dir='ltr'>ὶληΐσατο</span> <span class='ocrx_word' id='word_1_311' title='bbox 600 1987 705 2024; x_wconf 74' lang='grc' dir='ltr'>χώρας,</span> <span class='ocrx_word' id='word_1_312' title='bbox 721 1988 771 2022; x_wconf 83' lang='grc' dir='ltr'><strong>τὴν</strong></span> <span class='ocrx_word' id='word_1_313' title='bbox 801 1985 829 2014; x_wconf 68' lang='grc' dir='ltr'>δὲ</span> <span class='ocrx_word' id='word_1_314' title='bbox 856 1991 907 2021; x_wconf 84' lang='grc' dir='ltr'><strong>τῆς</strong></span> 
     </span>
    </p>
   </div>
   <div class='ocr_carea' id='block_1_45' title="bbox 88 2029 907 2070">
    <p class='ocr_par' dir='ltr' id='par_1_45' title="bbox 88 2029 907 2070">
     <span class='ocr_line' id='line_1_45' title="bbox 88 2029 907 2070; baseline 0.002 -13"><span class='ocrx_word' id='word_1_315' title='bbox 88 2029 206 2067; x_wconf 75' lang='grc' dir='ltr'>Ἀχοίδος</span> <span class='ocrx_word' id='word_1_316' title='bbox 236 2030 331 2064; x_wconf 81' lang='grc' dir='ltr'>πόλιν,</span> <span class='ocrx_word' id='word_1_317' title='bbox 359 2030 377 2068; x_wconf 74' lang='grc' dir='ltr'>ᾖ</span> <span class='ocrx_word' id='word_1_318' title='bbox 401 2031 434 2058; x_wconf 82' lang='grc' dir='ltr'>τὰ</span> <span class='ocrx_word' id='word_1_319' title='bbox 460 2029 584 2068; x_wconf 79' lang='grc' dir='ltr'>βασίλεια</span> <span class='ocrx_word' id='word_1_320' title='bbox 610 2034 669 2059; x_wconf 78' lang='grc' dir='ltr'>τοῖς</span> <span class='ocrx_word' id='word_1_321' title='bbox 699 2033 751 2059; x_wconf 83' lang='grc' dir='ltr'><strong>τῶν</strong></span> <span class='ocrx_word' id='word_1_322' title='bbox 787 2031 907 2070; x_wconf 82' lang='grc' dir='ltr'>Βουλγά-</span> 
     </span>
    </p>
   </div>
   <div class='ocr_carea' id='block_1_46' title="bbox 89 2073 907 2113">
    <p class='ocr_par' dir='ltr' id='par_1_46' title="bbox 89 2073 907 2113">
     <span class='ocr_line' id='line_1_46' title="bbox 89 2073 907 2113; baseline 0.001 -11"><span class='ocrx_word' id='word_1_323' title='bbox 89 2083 136 2109; x_wconf 82' lang='grc' dir='ltr'><strong>ρων</strong></span> <span class='ocrx_word' id='word_1_324' title='bbox 161 2075 302 2113; x_wconf 80' lang='grc' dir='ltr'>ἀρχηγοῖς</span> <span class='ocrx_word' id='word_1_325' title='bbox 334 2074 526 2112; x_wconf 83' lang='grc' dir='ltr'>ᾠκοδόμηντο,</span> <span class='ocrx_word' id='word_1_326' title='bbox 553 2075 701 2112; x_wconf 72' lang='grc' dir='ltr'>πολιορκίᾳ</span> <span class='ocrx_word' id='word_1_327' title='bbox 729 2073 832 2111; x_wconf 77' lang='grc' dir='ltr'>λαϐὼν,</span> <span class='ocrx_word' id='word_1_328' title='bbox 862 2078 907 2104; x_wconf 84' lang='grc' dir='ltr'>καὶ</span> 
     </span>
    </p>
   </div>
   <div class='ocr_carea' id='block_1_47' title="bbox 87 2115 905 2158">
    <p class='ocr_par' dir='ltr' id='par_1_47' title="bbox 87 2115 905 2158">
     <span class='ocr_line' id='line_1_47' title="bbox 87 2115 905 2158; baseline 0.002 -13"><span class='ocrx_word' id='word_1_329' title='bbox 87 2115 157 2153; x_wconf 72' lang='grc' dir='ltr'>ἕτερα</span> <span class='ocrx_word' id='word_1_330' title='bbox 183 2119 305 2158; x_wconf 71' lang='grc' dir='ltr'>φρούρια</span> <span class='ocrx_word' id='word_1_331' title='bbox 334 2118 378 2147; x_wconf 78' lang='grc' dir='ltr'><strong>διὰ</strong></span> <span class='ocrx_word' id='word_1_332' title='bbox 405 2122 575 2158; x_wconf 77' lang='grc' dir='ltr'>στρατηγῶν,</span> <span class='ocrx_word' id='word_1_333' title='bbox 592 2119 760 2155; x_wconf 71' lang='grc' dir='ltr'>ίπανὲζευξεν</span> <span class='ocrx_word' id='word_1_334' title='bbox 791 2121 828 2151; x_wconf 89' lang='grc' dir='ltr'>εἷς</span> <span class='ocrx_word' id='word_1_335' title='bbox 857 2121 905 2155; x_wconf 87' lang='grc' dir='ltr'><strong>τὴν</strong></span> 
     </span>
    </p>
   </div>
   <div class='ocr_carea' id='block_1_48' title="bbox 89 2163 907 2202">
    <p class='ocr_par' dir='ltr' id='par_1_48' title="bbox 89 2163 907 2202">
     <span class='ocr_line' id='line_1_48' title="bbox 89 2163 907 2202; baseline 0.002 -13"><span class='ocrx_word' id='word_1_336' title='bbox 89 2163 291 2193; x_wconf 75' lang='grc' dir='ltr'>Κωνσταντίνου.</span> <span class='ocrx_word' id='word_1_337' title='bbox 305 2164 354 2191; x_wconf 73' lang='grc' dir='ltr'><strong>Κιῖ</strong></span> <span class='ocrx_word' id='word_1_338' title='bbox 376 2164 450 2195; x_wconf 80' lang='grc' dir='ltr'>οὖθις</span> <span class='ocrx_word' id='word_1_339' title='bbox 478 2163 507 2192; x_wconf 53' lang='lat' dir='ltr'><strong>ﬁt</strong></span> <span class='ocrx_word' id='word_1_340' title='bbox 535 2164 602 2192; x_wconf 77' lang='grc' dir='ltr'>κατὰ</span> <span class='ocrx_word' id='word_1_341' title='bbox 625 2165 791 2202; x_wconf 80' lang='grc' dir='ltr'>Βουλγάρων</span> <span class='ocrx_word' id='word_1_342' title='bbox 814 2164 907 2202; x_wconf 78' lang='grc' dir='ltr'>ἐστρά-</span> 
     </span>
    </p>
   </div>
   <div class='ocr_carea' id='block_1_49' title="bbox 87 2207 906 2248">
    <p class='ocr_par' dir='ltr' id='par_1_49' title="bbox 87 2207 906 2248">
     <span class='ocr_line' id='line_1_49' title="bbox 87 2207 906 2248; baseline 0.001 -13"><span class='ocrx_word' id='word_1_343' title='bbox 87 2216 164 2248; x_wconf 62' lang='grc' dir='ltr'><strong>⁴ξειισέ,</strong></span> <span class='ocrx_word' id='word_1_344' title='bbox 186 2209 231 2236; x_wconf 84' lang='grc' dir='ltr'><strong>καὶ</strong></span> <span class='ocrx_word' id='word_1_345' title='bbox 260 2207 339 2240; x_wconf 75' lang='grc' dir='ltr'>αὖθις</span> <span class='ocrx_word' id='word_1_346' title='bbox 368 2209 486 2248; x_wconf 74' lang='grc' dir='ltr'>φρούριά</span> <span class='ocrx_word' id='word_1_347' title='bbox 512 2219 542 2237; x_wconf 82' lang='grc' dir='ltr'>τι</span> <span class='ocrx_word' id='word_1_348' title='bbox 569 2209 613 2236; x_wconf 79' lang='grc' dir='ltr'><strong>καὶ</strong></span> <span class='ocrx_word' id='word_1_349' title='bbox 629 2208 754 2241; x_wconf 83' lang='grc' dir='ltr'>πολλοὺς</span> <span class='ocrx_word' id='word_1_350' title='bbox 768 2209 822 2236; x_wconf 88' lang='grc' dir='ltr'>τών</span> <span class='ocrx_word' id='word_1_351' title='bbox 839 2212 906 2245; x_wconf 84' lang='grc' dir='ltr'>Βαρ-</span> 
     </span>
    </p>
   </div>
   <div class='ocr_carea' id='block_1_50' title="bbox 89 2247 904 2292">
    <p class='ocr_par' dir='ltr' id='par_1_50' title="bbox 89 2247 904 2292">
     <span class='ocr_line' id='line_1_50' title="bbox 89 2247 904 2292; baseline 0.005 -15"><span class='ocrx_word' id='word_1_352' title='bbox 89 2247 169 2288; x_wconf 64' lang='grc' dir='ltr'>ϐάρων</span> <span class='ocrx_word' id='word_1_353' title='bbox 195 2252 260 2284; x_wconf 74' lang='grc' dir='ltr'>τοὺς</span> <span class='ocrx_word' id='word_1_354' title='bbox 291 2253 339 2290; x_wconf 74' lang='grc' dir='ltr'>μὲν</span> <span class='ocrx_word' id='word_1_355' title='bbox 365 2251 508 2292; x_wconf 67' lang='grc' dir='ltr'>διέφθειρε,</span> <span class='ocrx_word' id='word_1_356' title='bbox 536 2252 599 2284; x_wconf 79' lang='grc' dir='ltr'>τοὺς</span> <span class='ocrx_word' id='word_1_357' title='bbox 629 2252 657 2280; x_wconf 70' lang='grc' dir='ltr'>δὲ</span> <span class='ocrx_word' id='word_1_358' title='bbox 686 2253 798 2291; x_wconf 71' lang='grc' dir='ltr'>συνέσχε</span> <span class='ocrx_word' id='word_1_359' title='bbox 824 2253 904 2288; x_wconf 76' lang='grc' dir='ltr'>ζωού’</span> 
     </span>
    </p>
   </div>
   <div class='ocr_carea' id='block_1_51' title="bbox 966 286 1791 325">
    <p class='ocr_par' dir='ltr' id='par_1_51' title="bbox 966 286 1791 325">
     <span class='ocr_line' id='line_1_51' title="bbox 966 286 1791 325; baseline 0.005 -12"><span class='ocrx_word' id='word_1_360' title='bbox 966 286 1149 314; x_wconf 78' lang='lat' dir='ltr'><strong>laborabant.</strong></span> <span class='ocrx_word' id='word_1_361' title='bbox 1166 286 1209 314; x_wconf 88' lang='lat' dir='ltr'><strong>Ibi</strong></span> <span class='ocrx_word' id='word_1_362' title='bbox 1224 288 1375 315; x_wconf 82' lang='lat' dir='ltr'><strong>Romanus</strong></span> <span class='ocrx_word' id='word_1_363' title='bbox 1391 288 1535 316; x_wconf 86' lang='lat' dir='ltr'><strong>exercitus</strong></span> <span class='ocrx_word' id='word_1_364' title='bbox 1552 288 1670 316; x_wconf 80' lang='lat' dir='ltr'><strong>nomine</strong></span> <span class='ocrx_word' id='word_1_365' title='bbox 1692 289 1791 325; x_wconf 88' lang='lat' dir='ltr'><strong>prohi-</strong></span> 
     </span>
    </p>
   </div>
   <div class='ocr_carea' id='block_1_52' title="bbox 966 331 1791 370">
    <p class='ocr_par' dir='ltr' id='par_1_52' title="bbox 966 331 1791 370">
     <span class='ocr_line' id='line_1_52' title="bbox 966 331 1791 370; baseline 0.004 -11"><span class='ocrx_word' id='word_1_366' title='bbox 966 331 1051 360; x_wconf 86' lang='lat' dir='ltr'><strong>bente</strong></span> <span class='ocrx_word' id='word_1_367' title='bbox 1068 335 1152 368; x_wconf 82' lang='lat' dir='ltr'><strong>rupta</strong></span> <span class='ocrx_word' id='word_1_368' title='bbox 1176 332 1338 360; x_wconf 78' lang='lat' dir='ltr'><strong>munitione</strong></span> <span class='ocrx_word' id='word_1_369' title='bbox 1362 333 1479 368; x_wconf 78' lang='lat' dir='ltr'><strong>transit,</strong></span> <span class='ocrx_word' id='word_1_370' title='bbox 1509 333 1667 370; x_wconf 72' lang='lat' dir='ltr'><strong>hostesque</strong></span> <span class='ocrx_word' id='word_1_371' title='bbox 1694 342 1791 370; x_wconf 89' lang='lat' dir='ltr'><strong>perse-</strong></span> 
     </span>
    </p>
   </div>
   <div class='ocr_carea' id='block_1_53' title="bbox 967 377 1788 415">
    <p class='ocr_par' dir='ltr' id='par_1_53' title="bbox 967 377 1788 415">
     <span class='ocr_line' id='line_1_53' title="bbox 967 377 1788 415; baseline 0.004 -11"><span class='ocrx_word' id='word_1_372' title='bbox 967 385 1060 412; x_wconf 83' lang='lat' dir='ltr'><strong>quens</strong></span> <span class='ocrx_word' id='word_1_373' title='bbox 1084 377 1160 405; x_wconf 71' lang='lat'><strong>226</strong></span> <span class='ocrx_word' id='word_1_374' title='bbox 1177 377 1286 405; x_wconf 88' lang='lat' dir='ltr'><strong>multos</strong></span> <span class='ocrx_word' id='word_1_375' title='bbox 1300 378 1415 411; x_wconf 85' lang='lat' dir='ltr'><strong>occidit,</strong></span> <span class='ocrx_word' id='word_1_376' title='bbox 1431 378 1528 414; x_wconf 79' lang='lat' dir='ltr'><strong>plures</strong></span> <span class='ocrx_word' id='word_1_377' title='bbox 1549 380 1636 415; x_wconf 87' lang='lat' dir='ltr'><strong>capit,</strong></span> <span class='ocrx_word' id='word_1_378' title='bbox 1653 379 1788 408; x_wconf 82' lang='lat' dir='ltr'><strong>Samuele</strong></span> 
     </span>
    </p>
   </div>
   <div class='ocr_carea' id='block_1_54' title="bbox 965 421 1794 459">
    <p class='ocr_par' dir='ltr' id='par_1_54' title="bbox 965 421 1794 459">
     <span class='ocr_line' id='line_1_54' title="bbox 965 421 1794 459; baseline 0.005 -11"><span class='ocrx_word' id='word_1_379' title='bbox 965 421 1013 449; x_wconf 86' lang='lat' dir='ltr'><strong>vix</strong></span> <span class='ocrx_word' id='word_1_380' title='bbox 1027 421 1137 457; x_wconf 86' lang='lat' dir='ltr'><strong>elapso,</strong></span> <span class='ocrx_word' id='word_1_381' title='bbox 1153 422 1314 458; x_wconf 74' lang='lat' dir='ltr'><strong>imperator</strong></span> <span class='ocrx_word' id='word_1_382' title='bbox 1328 423 1448 459; x_wconf 80' lang='lat' dir='ltr'><strong>captivis</strong></span> <span class='ocrx_word' id='word_1_383' title='bbox 1458 424 1596 451; x_wconf 87' lang='lat' dir='ltr'><strong>omnibus</strong></span> <span class='ocrx_word' id='word_1_384' title='bbox 1610 424 1660 459; x_wconf 88' lang='lat' dir='ltr'><strong>qui</strong></span> <span class='ocrx_word' id='word_1_385' title='bbox 1676 424 1794 453; x_wconf 78' lang='lat' dir='ltr'><strong>circiter</strong></span> 
     </span>
    </p>
   </div>
   <div class='ocr_carea' id='block_1_55' title="bbox 966 465 1793 503">
    <p class='ocr_par' dir='ltr' id='par_1_55' title="bbox 966 465 1793 503">
     <span class='ocr_line' id='line_1_55' title="bbox 966 465 1793 503; baseline 0.005 -11"><span class='ocrx_word' id='word_1_386' title='bbox 966 465 1133 501; x_wconf 82' lang='lat' dir='ltr'><strong>quindecim</strong></span> <span class='ocrx_word' id='word_1_387' title='bbox 1162 466 1254 494; x_wconf 78' lang='lat' dir='ltr'><strong>millia</strong></span> <span class='ocrx_word' id='word_1_388' title='bbox 1283 469 1377 500; x_wconf 82' lang='lat' dir='ltr'><strong>erant,</strong></span> <span class='ocrx_word' id='word_1_389' title='bbox 1412 467 1512 496; x_wconf 89' lang='lat' dir='ltr'><strong>oculos</strong></span> <span class='ocrx_word' id='word_1_390' title='bbox 1531 468 1643 503; x_wconf 85' lang='lat' dir='ltr'><strong>eﬁ‘odit,</strong></span> <span class='ocrx_word' id='word_1_391' title='bbox 1667 468 1793 503; x_wconf 81' lang='lat' dir='ltr'><strong>singulis</strong></span> 
     </span>
    </p>
   </div>
   <div class='ocr_carea' id='block_1_56' title="bbox 965 510 1791 547">
    <p class='ocr_par' dir='ltr' id='par_1_56' title="bbox 965 510 1791 547">
     <span class='ocr_line' id='line_1_56' title="bbox 965 510 1791 547; baseline 0.004 -10"><span class='ocrx_word' id='word_1_392' title='bbox 965 510 1106 538; x_wconf 71' lang='lat' dir='ltr'><strong>centuriis</strong></span> <span class='ocrx_word' id='word_1_393' title='bbox 1122 519 1179 539; x_wconf 90' lang='lat' dir='ltr'><strong>uno</strong></span> <span class='ocrx_word' id='word_1_394' title='bbox 1196 511 1430 540; x_wconf 84' lang='lat' dir='ltr'><strong>monoculoduce</strong></span> <span class='ocrx_word' id='word_1_395' title='bbox 1442 512 1685 547; x_wconf 86' lang='lat' dir='ltr'><strong>redlicto,eosqus</strong></span> <span class='ocrx_word' id='word_1_396' title='bbox 1701 513 1743 541; x_wconf 83' lang='lat' dir='ltr'><strong>sic</strong></span> <span class='ocrx_word' id='word_1_397' title='bbox 1755 513 1791 540; x_wconf 87' lang='lat' dir='ltr'><strong>ad</strong></span> 
     </span>
    </p>
   </div>
   <div class='ocr_carea' id='block_1_57' title="bbox 966 556 1790 593">
    <p class='ocr_par' dir='ltr' id='par_1_57' title="bbox 966 556 1790 593">
     <span class='ocr_line' id='line_1_57' title="bbox 966 556 1790 593; baseline 0.004 -11"><span class='ocrx_word' id='word_1_398' title='bbox 966 562 1051 582; x_wconf 83' lang='lat' dir='ltr'><strong>suum</strong></span> <span class='ocrx_word' id='word_1_399' title='bbox 1068 556 1170 583; x_wconf 89' lang='lat' dir='ltr'><strong>ducem</strong></span> <span class='ocrx_word' id='word_1_400' title='bbox 1185 556 1264 584; x_wconf 80' lang='lat' dir='ltr'><strong>abire</strong></span> <span class='ocrx_word' id='word_1_401' title='bbox 1276 556 1371 592; x_wconf 83' lang='lat' dir='ltr'>jubet.</span> <span class='ocrx_word' id='word_1_402' title='bbox 1388 556 1500 590; x_wconf 84' lang='lat' dir='ltr'><strong>Quibus</strong></span> <span class='ocrx_word' id='word_1_403' title='bbox 1516 557 1563 585; x_wconf 87' lang='lat' dir='ltr'><strong>ille</strong></span> <span class='ocrx_word' id='word_1_404' title='bbox 1586 557 1667 593; x_wconf 86' lang='lat' dir='ltr'><strong>visis,</strong></span> <span class='ocrx_word' id='word_1_405' title='bbox 1684 558 1790 585; x_wconf 85' lang='lat' dir='ltr'><strong>atroci-</strong></span> 
     </span>
    </p>
   </div>
   <div class='ocr_carea' id='block_1_58' title="bbox 965 600 1793 638">
    <p class='ocr_par' dir='ltr' id='par_1_58' title="bbox 965 600 1793 638">
     <span class='ocr_line' id='line_1_58' title="bbox 965 600 1793 638; baseline 0.004 -11"><span class='ocrx_word' id='word_1_406' title='bbox 965 601 1056 628; x_wconf 82' lang='lat' dir='ltr'><strong>tatem</strong></span> <span class='ocrx_word' id='word_1_407' title='bbox 1072 600 1112 628; x_wconf 87' lang='lat' dir='ltr'><strong>rei</strong></span> <span class='ocrx_word' id='word_1_408' title='bbox 1128 609 1185 628; x_wconf 92' lang='lat' dir='ltr'><strong>non</strong></span> <span class='ocrx_word' id='word_1_409' title='bbox 1203 601 1310 635; x_wconf 83' lang='lat' dir='ltr'><strong>ferens,</strong></span> <span class='ocrx_word' id='word_1_410' title='bbox 1331 601 1433 629; x_wconf 90' lang='lat' dir='ltr'><strong>oborta</strong></span> <span class='ocrx_word' id='word_1_411' title='bbox 1449 601 1591 638; x_wconf 73' lang='lat' dir='ltr'><strong>vertigine</strong></span> <span class='ocrx_word' id='word_1_412' title='bbox 1619 602 1793 638; x_wconf 85' lang='lat' dir='ltr'><strong>viribusque</strong></span> 
     </span>
    </p>
   </div>
   <div class='ocr_carea' id='block_1_59' title="bbox 966 644 1791 682">
    <p class='ocr_par' dir='ltr' id='par_1_59' title="bbox 966 644 1791 682">
     <span class='ocr_line' id='line_1_59' title="bbox 966 644 1791 682; baseline 0.004 -10"><span class='ocrx_word' id='word_1_413' title='bbox 966 644 1125 673; x_wconf 87' lang='lat' dir='ltr'><strong>destitutus</strong></span> <span class='ocrx_word' id='word_1_414' title='bbox 1141 645 1224 673; x_wconf 88' lang='lat' dir='ltr'><strong>humi</strong></span> <span class='ocrx_word' id='word_1_415' title='bbox 1239 646 1373 681; x_wconf 80' lang='lat' dir='ltr'><strong>procidit,</strong></span> <span class='ocrx_word' id='word_1_416' title='bbox 1389 654 1423 674; x_wconf 88' lang='lat' dir='ltr'><strong>ac</strong></span> <span class='ocrx_word' id='word_1_417' title='bbox 1437 654 1542 682; x_wconf 90' lang='lat' dir='ltr'><strong>parum</strong></span> <span class='ocrx_word' id='word_1_418' title='bbox 1567 648 1727 682; x_wconf 82' lang='lat' dir='ltr'><strong>recreatus,</strong></span> <span class='ocrx_word' id='word_1_419' title='bbox 1756 655 1791 675; x_wconf 87' lang='lat' dir='ltr'><strong>ex</strong></span> 
     </span>
    </p>
   </div>
   <div class='ocr_carea' id='block_1_60' title="bbox 966 690 1789 728">
    <p class='ocr_par' dir='ltr' id='par_1_60' title="bbox 966 690 1789 728">
     <span class='ocr_line' id='line_1_60' title="bbox 966 690 1789 728; baseline 0.004 -11"><span class='ocrx_word' id='word_1_420' title='bbox 966 690 1134 726; x_wconf 85' lang='lat' dir='ltr'><strong>cardiogmo</strong></span> <span class='ocrx_word' id='word_1_421' title='bbox 1150 691 1260 726; x_wconf 85' lang='lat' dir='ltr'><strong>interit,</strong></span> <span class='ocrx_word' id='word_1_422' title='bbox 1278 692 1446 728; x_wconf 77' lang='lat' dir='ltr'><strong>principatu</strong></span> <span class='ocrx_word' id='word_1_423' title='bbox 1462 691 1655 728; x_wconf 84' lang='lat' dir='ltr'><strong>Bulgarorum</strong></span> <span class='ocrx_word' id='word_1_424' title='bbox 1679 693 1708 720; x_wconf 89' lang='lat' dir='ltr'><strong>in</strong></span> <span class='ocrx_word' id='word_1_425' title='bbox 1736 694 1789 720; x_wconf 89' lang='lat' dir='ltr'><strong>Ga-</strong></span> 
     </span>
    </p>
   </div>
   <div class='ocr_carea' id='block_1_61' title="bbox 966 734 1787 771">
    <p class='ocr_par' dir='ltr' id='par_1_61' title="bbox 966 734 1787 771">
     <span class='ocr_line' id='line_1_61' title="bbox 966 734 1787 771; baseline 0.004 -9"><span class='ocrx_word' id='word_1_426' title='bbox 966 734 1087 763; x_wconf 85' lang='lat' dir='ltr'><strong>brielem</strong></span> <span class='ocrx_word' id='word_1_427' title='bbox 1102 735 1208 770; x_wconf 88' lang='lat' dir='ltr'><strong>ﬁlium,</strong></span> <span class='ocrx_word' id='word_1_428' title='bbox 1222 735 1273 771; x_wconf 92' lang='lat' dir='ltr'><strong>qui</strong></span> <span class='ocrx_word' id='word_1_429' title='bbox 1289 738 1317 764; x_wconf 90' lang='lat' dir='ltr'><strong>et</strong></span> <span class='ocrx_word' id='word_1_430' title='bbox 1332 737 1480 764; x_wconf 79' lang='lat' dir='ltr'><strong>Romanus</strong></span> <span class='ocrx_word' id='word_1_431' title='bbox 1496 736 1787 771; x_wconf 84' lang='lat' dir='ltr'><strong>dicebatur,transla-</strong></span> 
     </span>
    </p>
   </div>
   <div class='ocr_carea' id='block_1_62' title="bbox 965 780 1788 817">
    <p class='ocr_par' dir='ltr' id='par_1_62' title="bbox 965 780 1788 817">
     <span class='ocr_line' id='line_1_62' title="bbox 965 780 1788 817; baseline 0.005 -11"><span class='ocrx_word' id='word_1_432' title='bbox 965 781 995 806; x_wconf 91' lang='lat' dir='ltr'><strong>to</strong></span> <span class='ocrx_word' id='word_1_433' title='bbox 1012 787 1019 808; x_wconf 90' lang='lat'><strong>:</strong></span> <span class='ocrx_word' id='word_1_434' title='bbox 1037 787 1122 815; x_wconf 88' lang='lat' dir='ltr'><strong>quem</strong></span> <span class='ocrx_word' id='word_1_435' title='bbox 1139 780 1268 808; x_wconf 88' lang='lat' dir='ltr'><strong>nondum</strong></span> <span class='ocrx_word' id='word_1_436' title='bbox 1285 789 1361 809; x_wconf 85' lang='lat' dir='ltr'><strong>anno</strong></span> <span class='ocrx_word' id='word_1_437' title='bbox 1392 781 1491 817; x_wconf 90' lang='lat' dir='ltr'><strong>elapso</strong></span> <span class='ocrx_word' id='word_1_438' title='bbox 1518 781 1608 809; x_wconf 77' lang='lat' dir='ltr'><strong>frater</strong></span> <span class='ocrx_word' id='word_1_439' title='bbox 1635 782 1788 817; x_wconf 79' lang='lat' dir='ltr'><strong>patruelis,</strong></span> 
     </span>
    </p>
   </div>
   <div class='ocr_carea' id='block_1_63' title="bbox 967 824 1788 861">
    <p class='ocr_par' dir='ltr' id='par_1_63' title="bbox 967 824 1788 861">
     <span class='ocr_line' id='line_1_63' title="bbox 967 824 1788 861; baseline 0.004 -10"><span class='ocrx_word' id='word_1_440' title='bbox 967 825 1090 852; x_wconf 76' lang='lat' dir='ltr'><strong>Aaronis</strong></span> <span class='ocrx_word' id='word_1_441' title='bbox 1118 824 1195 852; x_wconf 88' lang='lat' dir='ltr'><strong>ﬁlius</strong></span> <span class='ocrx_word' id='word_1_442' title='bbox 1224 825 1442 854; x_wconf 84' lang='lat' dir='ltr'><strong>Uladisthlavus</strong></span> <span class='ocrx_word' id='word_1_443' title='bbox 1466 826 1593 853; x_wconf 81' lang='lat' dir='ltr'><strong>Joannes</strong></span> <span class='ocrx_word' id='word_1_444' title='bbox 1617 826 1788 861; x_wconf 84' lang='lat' dir='ltr'><strong>(binominis</strong></span> 
     </span>
    </p>
   </div>
   <div class='ocr_carea' id='block_1_64' title="bbox 966 868 1788 906">
    <p class='ocr_par' dir='ltr' id='par_1_64' title="bbox 966 868 1788 906">
     <span class='ocr_line' id='line_1_64' title="bbox 966 868 1788 906; baseline 0.002 -10"><span class='ocrx_word' id='word_1_445' title='bbox 966 869 1045 896; x_wconf 90' lang='lat' dir='ltr'><strong>enim</strong></span> <span class='ocrx_word' id='word_1_446' title='bbox 1060 871 1089 897; x_wconf 91' lang='lat' dir='ltr'><strong>et</strong></span> <span class='ocrx_word' id='word_1_447' title='bbox 1103 868 1150 897; x_wconf 89' lang='lat' dir='ltr'><strong>hic</strong></span> <span class='ocrx_word' id='word_1_448' title='bbox 1165 870 1238 906; x_wconf 87' lang='lat' dir='ltr'><strong>erat)</strong></span> <span class='ocrx_word' id='word_1_449' title='bbox 1258 870 1375 897; x_wconf 88' lang='lat' dir='ltr'><strong>occidit.</strong></span> <span class='ocrx_word' id='word_1_450' title='bbox 1392 870 1554 906; x_wconf 87' lang='lat' dir='ltr'><strong>Imperator</strong></span> <span class='ocrx_word' id='word_1_451' title='bbox 1567 878 1634 898; x_wconf 87' lang='lat' dir='ltr'><strong>vere</strong></span> <span class='ocrx_word' id='word_1_452' title='bbox 1667 870 1788 898; x_wconf 86' lang='lat' dir='ltr'><strong>castello</strong></span> 
     </span>
    </p>
   </div>
   <div class='ocr_carea' id='block_1_65' title="bbox 966 913 1790 951">
    <p class='ocr_par' dir='ltr' id='par_1_65' title="bbox 966 913 1790 951">
     <span class='ocr_line' id='line_1_65' title="bbox 966 913 1790 951; baseline 0.001 -10"><span class='ocrx_word' id='word_1_453' title='bbox 966 913 1219 949; x_wconf 80' lang='lat' dir='ltr'><strong>angustiarum,ut</strong></span> <span class='ocrx_word' id='word_1_454' title='bbox 1227 914 1366 948; x_wconf 83' lang='lat' dir='ltr'><strong>diximus,</strong></span> <span class='ocrx_word' id='word_1_455' title='bbox 1385 917 1534 951; x_wconf 87' lang='lat' dir='ltr'><strong>superato,</strong></span> <span class='ocrx_word' id='word_1_456' title='bbox 1549 923 1616 943; x_wconf 90' lang='lat' dir='ltr'><strong>cum</strong></span> <span class='ocrx_word' id='word_1_457' title='bbox 1632 915 1689 942; x_wconf 85' lang='lat' dir='ltr'><strong>alia</strong></span> <span class='ocrx_word' id='word_1_458' title='bbox 1704 915 1790 943; x_wconf 83' lang='lat' dir='ltr'><strong>ﬁrma</strong></span> 
     </span>
    </p>
   </div>
   <div class='ocr_carea' id='block_1_66' title="bbox 967 958 1787 996">
    <p class='ocr_par' dir='ltr' id='par_1_66' title="bbox 967 958 1787 996">
     <span class='ocr_line' id='line_1_66' title="bbox 967 958 1787 996; baseline 0.002 -11"><span class='ocrx_word' id='word_1_459' title='bbox 967 958 1105 994; x_wconf 64' lang='lat' dir='ltr'><strong>praesidia</strong></span> <span class='ocrx_word' id='word_1_460' title='bbox 1128 967 1186 986; x_wconf 89' lang='lat' dir='ltr'><strong>una</strong></span> <span class='ocrx_word' id='word_1_461' title='bbox 1214 967 1282 987; x_wconf 91' lang='lat' dir='ltr'><strong>cum</strong></span> <span class='ocrx_word' id='word_1_462' title='bbox 1319 959 1522 987; x_wconf 79' lang='lat' dir='ltr'><strong>defensoribus</strong></span> <span class='ocrx_word' id='word_1_463' title='bbox 1547 959 1787 996; x_wconf 84' lang='lat' dir='ltr'><strong>cepisset,Mosy-</strong></span> 
     </span>
    </p>
   </div>
   <div class='ocr_carea' id='block_1_67' title="bbox 966 1002 1786 1039">
    <p class='ocr_par' dir='ltr' id='par_1_67' title="bbox 966 1002 1786 1039">
     <span class='ocr_line' id='line_1_67' title="bbox 966 1002 1786 1039; baseline 0.001 -9"><span class='ocrx_word' id='word_1_464' title='bbox 966 1002 1095 1038; x_wconf 88' lang='lat' dir='ltr'><strong>nopolim</strong></span> <span class='ocrx_word' id='word_1_465' title='bbox 1108 1003 1217 1039; x_wconf 79' lang='lat' dir='ltr'><strong>pergit:</strong></span> <span class='ocrx_word' id='word_1_466' title='bbox 1235 1003 1285 1031; x_wconf 91' lang='lat' dir='ltr'><strong>ubi</strong></span> <span class='ocrx_word' id='word_1_467' title='bbox 1312 1004 1415 1032; x_wconf 87' lang='lat' dir='ltr'><strong>nuntio</strong></span> <span class='ocrx_word' id='word_1_468' title='bbox 1431 1005 1467 1032; x_wconf 89' lang='lat' dir='ltr'><strong>de</strong></span> <span class='ocrx_word' id='word_1_469' title='bbox 1493 1004 1639 1032; x_wconf 79' lang='lat' dir='ltr'><strong>Samuelis</strong></span> <span class='ocrx_word' id='word_1_470' title='bbox 1667 1003 1786 1032; x_wconf 86' lang='lat' dir='ltr'><strong>interitu</strong></span> 
     </span>
    </p>
   </div>
   <div class='ocr_carea' id='block_1_68' title="bbox 966 1048 1786 1084">
    <p class='ocr_par' dir='ltr' id='par_1_68' title="bbox 966 1048 1786 1084">
     <span class='ocr_line' id='line_1_68' title="bbox 966 1048 1786 1084; baseline 0 -9"><span class='ocrx_word' id='word_1_471' title='bbox 966 1050 1094 1083; x_wconf 88' lang='lat' dir='ltr'><strong>accepto,</strong></span> <span class='ocrx_word' id='word_1_472' title='bbox 1124 1048 1277 1083; x_wconf 85' lang='lat' dir='ltr'><strong>Bulgarica</strong></span> <span class='ocrx_word' id='word_1_473' title='bbox 1306 1048 1414 1084; x_wconf 86' lang='lat' dir='ltr'><strong>oppida</strong></span> <span class='ocrx_word' id='word_1_474' title='bbox 1435 1050 1463 1076; x_wconf 89' lang='lat' dir='ltr'><strong>et</strong></span> <span class='ocrx_word' id='word_1_475' title='bbox 1477 1048 1614 1084; x_wconf 65' lang='lat' dir='ltr'><strong>praesidia</strong></span> <span class='ocrx_word' id='word_1_476' title='bbox 1629 1051 1786 1084; x_wconf 82' lang='lat' dir='ltr'><strong>expugnat.</strong></span> 
     </span>
    </p>
   </div>
   <div class='ocr_carea' id='block_1_69' title="bbox 964 1092 1787 1128">
    <p class='ocr_par' dir='ltr' id='par_1_69' title="bbox 964 1092 1787 1128">
     <span class='ocr_line' id='line_1_69' title="bbox 964 1092 1787 1128; baseline 0.001 -9"><span class='ocrx_word' id='word_1_477' title='bbox 964 1093 1000 1120; x_wconf 87' lang='lat' dir='ltr'><strong>At</strong></span> <span class='ocrx_word' id='word_1_478' title='bbox 1013 1092 1156 1120; x_wconf 81' lang='lat' dir='ltr'><strong>Samuelis</strong></span> <span class='ocrx_word' id='word_1_479' title='bbox 1172 1092 1250 1121; x_wconf 89' lang='lat' dir='ltr'><strong>ﬁlius</strong></span> <span class='ocrx_word' id='word_1_480' title='bbox 1265 1093 1415 1121; x_wconf 82' lang='lat' dir='ltr'><strong>Romanus</strong></span> <span class='ocrx_word' id='word_1_481' title='bbox 1425 1092 1540 1121; x_wconf 81' lang='lat' dir='ltr'><strong>Gabriel</strong></span> <span class='ocrx_word' id='word_1_482' title='bbox 1555 1093 1693 1128; x_wconf 87' lang='lat' dir='ltr'><strong>(necdum</strong></span> <span class='ocrx_word' id='word_1_483' title='bbox 1708 1093 1787 1121; x_wconf 79' lang='lat' dir='ltr'><strong>enim</strong></span> 
     </span>
    </p>
   </div>
   <div class='ocr_carea' id='block_1_70' title="bbox 965 1137 1786 1173">
    <p class='ocr_par' dir='ltr' id='par_1_70' title="bbox 965 1137 1786 1173">
     <span class='ocr_line' id='line_1_70' title="bbox 965 1137 1786 1173; baseline 0 -9"><span class='ocrx_word' id='word_1_484' title='bbox 965 1145 1057 1164; x_wconf 68' lang='lat' dir='ltr'><strong>caesus</strong></span> <span class='ocrx_word' id='word_1_485' title='bbox 1081 1137 1153 1173; x_wconf 87' lang='lat' dir='ltr'><strong>erat)</strong></span> <span class='ocrx_word' id='word_1_486' title='bbox 1181 1146 1232 1172; x_wconf 87' lang='lat' dir='ltr'><strong>per</strong></span> <span class='ocrx_word' id='word_1_487' title='bbox 1274 1137 1384 1173; x_wconf 84' lang='lat' dir='ltr'><strong>legatos</strong></span> <span class='ocrx_word' id='word_1_488' title='bbox 1424 1137 1593 1173; x_wconf 79' lang='lat' dir='ltr'><strong>imperatori</strong></span> <span class='ocrx_word' id='word_1_489' title='bbox 1617 1137 1786 1165; x_wconf 81' lang='lat' dir='ltr'><strong>servitutem</strong></span> 
     </span>
    </p>
   </div>
   <div class='ocr_carea' id='block_1_71' title="bbox 965 1181 1786 1218">
    <p class='ocr_par' dir='ltr' id='par_1_71' title="bbox 965 1181 1786 1218">
     <span class='ocr_line' id='line_1_71' title="bbox 965 1181 1786 1218; baseline 0.001 -10"><span class='ocrx_word' id='word_1_490' title='bbox 965 1181 1166 1217; x_wconf 78' lang='lat' dir='ltr'><strong>pollicebatur,</strong></span> <span class='ocrx_word' id='word_1_491' title='bbox 1196 1186 1224 1210; x_wconf 87' lang='lat' dir='ltr'><strong>et</strong></span> <span class='ocrx_word' id='word_1_492' title='bbox 1251 1184 1381 1218; x_wconf 84' lang='lat' dir='ltr'><strong>tempore</strong></span> <span class='ocrx_word' id='word_1_493' title='bbox 1418 1182 1566 1218; x_wconf 87' lang='lat' dir='ltr'><strong>aliquanto</strong></span> <span class='ocrx_word' id='word_1_494' title='bbox 1601 1182 1786 1218; x_wconf 88' lang='lat' dir='ltr'><strong>interposito,</strong></span> 
     </span>
    </p>
   </div>
   <div class='ocr_carea' id='block_1_72' title="bbox 965 1225 1788 1260">
    <p class='ocr_par' dir='ltr' id='par_1_72' title="bbox 965 1225 1788 1260">
     <span class='ocr_line' id='line_1_72' title="bbox 965 1225 1788 1260; baseline 0 -7"><span class='ocrx_word' id='word_1_495' title='bbox 965 1226 1088 1254; x_wconf 87' lang='lat' dir='ltr'><strong>Joannis</strong></span> <span class='ocrx_word' id='word_1_496' title='bbox 1101 1225 1433 1255; x_wconf 85' lang='lat' dir='ltr'><strong>Uladisthlaviminister</strong></span> <span class='ocrx_word' id='word_1_497' title='bbox 1441 1227 1535 1260; x_wconf 84' lang='lat' dir='ltr'><strong>adest,</strong></span> <span class='ocrx_word' id='word_1_498' title='bbox 1553 1227 1660 1254; x_wconf 71' lang='lat' dir='ltr'><strong>cwdem</strong></span> <span class='ocrx_word' id='word_1_499' title='bbox 1672 1226 1788 1254; x_wconf 89' lang='lat' dir='ltr'><strong>Gabrie-</strong></span> 
     </span>
    </p>
   </div>
   <div class='ocr_carea' id='block_1_73' title="bbox 964 1270 1789 1306">
    <p class='ocr_par' dir='ltr' id='par_1_73' title="bbox 964 1270 1789 1306">
     <span class='ocr_line' id='line_1_73' title="bbox 964 1270 1789 1306; baseline 0 -8"><span class='ocrx_word' id='word_1_500' title='bbox 964 1271 1000 1299; x_wconf 85' lang='lat' dir='ltr'><strong>lis</strong></span> <span class='ocrx_word' id='word_1_501' title='bbox 1019 1271 1055 1298; x_wconf 86' lang='lat' dir='ltr'><strong>ab</strong></span> <span class='ocrx_word' id='word_1_502' title='bbox 1072 1271 1139 1298; x_wconf 86' lang='lat' dir='ltr'><strong>hero</strong></span> <span class='ocrx_word' id='word_1_503' title='bbox 1153 1279 1206 1299; x_wconf 87' lang='lat' dir='ltr'><strong>suo</strong></span> <span class='ocrx_word' id='word_1_504' title='bbox 1220 1271 1325 1299; x_wconf 83' lang='lat' dir='ltr'><strong>factam</strong></span> <span class='ocrx_word' id='word_1_505' title='bbox 1342 1271 1494 1306; x_wconf 82' lang='lat' dir='ltr'><strong>nuntians,</strong></span> <span class='ocrx_word' id='word_1_506' title='bbox 1517 1270 1626 1306; x_wconf 85' lang='lat' dir='ltr'><strong>aliique</strong></span> <span class='ocrx_word' id='word_1_507' title='bbox 1639 1270 1725 1298; x_wconf 90' lang='lat' dir='ltr'><strong>multi</strong></span> <span class='ocrx_word' id='word_1_508' title='bbox 1754 1277 1789 1298; x_wconf 77' lang='lat' dir='ltr'><strong>ex</strong></span> 
     </span>
    </p>
   </div>
   <div class='ocr_carea' id='block_1_74' title="bbox 963 1315 1787 1352">
    <p class='ocr_par' dir='ltr' id='par_1_74' title="bbox 963 1315 1787 1352">
     <span class='ocr_line' id='line_1_74' title="bbox 963 1315 1787 1352; baseline 0 -10"><span class='ocrx_word' id='word_1_509' title='bbox 963 1315 1128 1343; x_wconf 87' lang='lat' dir='ltr'><strong>illustribus</strong></span> <span class='ocrx_word' id='word_1_510' title='bbox 1153 1315 1288 1352; x_wconf 79' lang='lat' dir='ltr'><strong>Bulgaria</strong></span> <span class='ocrx_word' id='word_1_511' title='bbox 1316 1316 1351 1344; x_wconf 87' lang='lat' dir='ltr'><strong>ad</strong></span> <span class='ocrx_word' id='word_1_512' title='bbox 1374 1315 1581 1350; x_wconf 85' lang='lat' dir='ltr'><strong>imperatorem</strong></span> <span class='ocrx_word' id='word_1_513' title='bbox 1612 1315 1787 1344; x_wconf 87' lang='lat' dir='ltr'><strong>conﬂuunt:</strong></span> 
     </span>
    </p>
   </div>
   <div class='ocr_carea' id='block_1_75' title="bbox 962 1359 1789 1396">
    <p class='ocr_par' dir='ltr' id='par_1_75' title="bbox 962 1359 1789 1396">
     <span class='ocr_line' id='line_1_75' title="bbox 962 1359 1789 1396; baseline -0.001 -8"><span class='ocrx_word' id='word_1_514' title='bbox 962 1360 1093 1395; x_wconf 89' lang='lat' dir='ltr'><strong>quicum</strong></span> <span class='ocrx_word' id='word_1_515' title='bbox 1121 1359 1312 1389; x_wconf 84' lang='lat' dir='ltr'><strong>intellexisset</strong></span> <span class='ocrx_word' id='word_1_516' title='bbox 1338 1360 1417 1388; x_wconf 87' lang='lat' dir='ltr'><strong>aliud</strong></span> <span class='ocrx_word' id='word_1_517' title='bbox 1447 1360 1558 1396; x_wconf 85' lang='lat' dir='ltr'><strong>agitare</strong></span> <span class='ocrx_word' id='word_1_518' title='bbox 1596 1360 1694 1387; x_wconf 89' lang='lat' dir='ltr'><strong>animo</strong></span> <span class='ocrx_word' id='word_1_519' title='bbox 1721 1359 1789 1388; x_wconf 87' lang='lat' dir='ltr'><strong>Ula—</strong></span> 
     </span>
    </p>
   </div>
   <div class='ocr_carea' id='block_1_76' title="bbox 962 1405 1789 1443">
    <p class='ocr_par' dir='ltr' id='par_1_76' title="bbox 962 1405 1789 1443">
     <span class='ocr_line' id='line_1_76' title="bbox 962 1405 1789 1443; baseline -0.001 -9"><span class='ocrx_word' id='word_1_520' title='bbox 962 1405 1233 1442; x_wconf 86' lang='lat' dir='ltr'><strong>disthlavumquam</strong></span> <span class='ocrx_word' id='word_1_521' title='bbox 1241 1405 1435 1443; x_wconf 83' lang='lat' dir='ltr'><strong>promisisset,</strong></span> <span class='ocrx_word' id='word_1_522' title='bbox 1445 1405 1789 1441; x_wconf 89' lang='lat' dir='ltr'><strong>iterumimpressionein</strong></span> 
     </span>
    </p>
   </div>
   <div class='ocr_carea' id='block_1_77' title="bbox 961 1450 1786 1487">
    <p class='ocr_par' dir='ltr' id='par_1_77' title="bbox 961 1450 1786 1487">
     <span class='ocr_line' id='line_1_77' title="bbox 961 1450 1786 1487; baseline -0.002 -9"><span class='ocrx_word' id='word_1_523' title='bbox 961 1450 1128 1486; x_wconf 77' lang='lat' dir='ltr'><strong>Bulgariam</strong></span> <span class='ocrx_word' id='word_1_524' title='bbox 1154 1451 1238 1485; x_wconf 83' lang='lat' dir='ltr'><strong>facta,</strong></span> <span class='ocrx_word' id='word_1_525' title='bbox 1269 1451 1355 1487; x_wconf 83' lang='lat' dir='ltr'><strong>longe</strong></span> <span class='ocrx_word' id='word_1_526' title='bbox 1373 1451 1490 1486; x_wconf 77' lang='lat' dir='ltr'><strong>lateque</strong></span> <span class='ocrx_word' id='word_1_527' title='bbox 1512 1451 1625 1486; x_wconf 69' lang='lat' dir='ltr'><strong>praedas</strong></span> <span class='ocrx_word' id='word_1_528' title='bbox 1657 1450 1727 1486; x_wconf 83' lang='lat' dir='ltr'><strong>egit,</strong></span> <span class='ocrx_word' id='word_1_529' title='bbox 1758 1451 1786 1478; x_wconf 88' lang='lat' dir='ltr'><strong>et</strong></span> 
     </span>
    </p>
   </div>
   <div class='ocr_carea' id='block_1_78' title="bbox 960 1494 1788 1531">
    <p class='ocr_par' dir='ltr' id='par_1_78' title="bbox 960 1494 1788 1531">
     <span class='ocr_line' id='line_1_78' title="bbox 960 1494 1788 1531; baseline -0.001 -8"><span class='ocrx_word' id='word_1_530' title='bbox 960 1495 1090 1523; x_wconf 83' lang='lat' dir='ltr'><strong>Achrida</strong></span> <span class='ocrx_word' id='word_1_531' title='bbox 1105 1495 1175 1523; x_wconf 86' lang='lat' dir='ltr'><strong>urbe</strong></span> <span class='ocrx_word' id='word_1_532' title='bbox 1190 1496 1270 1531; x_wconf 84' lang='lat' dir='ltr'><strong>regia</strong></span> <span class='ocrx_word' id='word_1_533' title='bbox 1286 1496 1474 1531; x_wconf 80' lang='lat' dir='ltr'><strong>Bulgarorum</strong></span> <span class='ocrx_word' id='word_1_534' title='bbox 1499 1497 1675 1530; x_wconf 82' lang='lat' dir='ltr'><strong>expugnata,</strong></span> <span class='ocrx_word' id='word_1_535' title='bbox 1706 1494 1788 1522; x_wconf 85' lang='lat' dir='ltr'><strong>aliis-</strong></span> 
     </span>
    </p>
   </div>
   <div class='ocr_carea' id='block_1_79' title="bbox 961 1538 1788 1576">
    <p class='ocr_par' dir='ltr' id='par_1_79' title="bbox 961 1538 1788 1576">
     <span class='ocr_line' id='line_1_79' title="bbox 961 1538 1788 1576; baseline -0.001 -9"><span class='ocrx_word' id='word_1_536' title='bbox 961 1548 1017 1576; x_wconf 85' lang='lat' dir='ltr'><strong>que</strong></span> <span class='ocrx_word' id='word_1_537' title='bbox 1033 1539 1161 1567; x_wconf 86' lang='lat' dir='ltr'><strong>castellis</strong></span> <span class='ocrx_word' id='word_1_538' title='bbox 1176 1547 1228 1576; x_wconf 92' lang='lat' dir='ltr'><strong>per</strong></span> <span class='ocrx_word' id='word_1_539' title='bbox 1242 1540 1331 1568; x_wconf 85' lang='lat' dir='ltr'><strong>duces</strong></span> <span class='ocrx_word' id='word_1_540' title='bbox 1347 1548 1416 1567; x_wconf 88' lang='lat' dir='ltr'><strong>suos</strong></span> <span class='ocrx_word' id='word_1_541' title='bbox 1449 1539 1552 1574; x_wconf 89' lang='lat' dir='ltr'><strong>captis,</strong></span> <span class='ocrx_word' id='word_1_542' title='bbox 1581 1538 1788 1566; x_wconf 81' lang='lat' dir='ltr'><strong>Constantino-</strong></span> 
     </span>
    </p>
   </div>
   <div class='ocr_carea' id='block_1_80' title="bbox 961 1583 1788 1621">
    <p class='ocr_par' dir='ltr' id='par_1_80' title="bbox 961 1583 1788 1621">
     <span class='ocr_line' id='line_1_80' title="bbox 961 1583 1788 1621; baseline -0.002 -9"><span class='ocrx_word' id='word_1_543' title='bbox 961 1584 1050 1621; x_wconf 88' lang='lat' dir='ltr'><strong>polim</strong></span> <span class='ocrx_word' id='word_1_544' title='bbox 1067 1584 1241 1620; x_wconf 88' lang='lat' dir='ltr'><strong>regreditur.</strong></span> <span class='ocrx_word' id='word_1_545' title='bbox 1253 1585 1307 1612; x_wconf 87' lang='lat' dir='ltr'><strong>Sed</strong></span> <span class='ocrx_word' id='word_1_546' title='bbox 1324 1593 1428 1612; x_wconf 85' lang='lat' dir='ltr'><strong>rursus</strong></span> <span class='ocrx_word' id='word_1_547' title='bbox 1451 1583 1526 1611; x_wconf 90' lang='lat' dir='ltr'><strong>bello</strong></span> <span class='ocrx_word' id='word_1_548' title='bbox 1546 1583 1626 1610; x_wconf 85' lang='lat' dir='ltr'><strong>illato</strong></span> <span class='ocrx_word' id='word_1_549' title='bbox 1651 1583 1788 1610; x_wconf 78' lang='lat' dir='ltr'><strong>Barbarie</strong></span> 
     </span>
    </p>
   </div>
   <div class='ocr_carea' id='block_1_81' title="bbox 962 1627 1787 1664">
    <p class='ocr_par' dir='ltr' id='par_1_81' title="bbox 962 1627 1787 1664">
     <span class='ocr_line' id='line_1_81' title="bbox 962 1627 1787 1664; baseline 0 -8"><span class='ocrx_word' id='word_1_550' title='bbox 962 1628 1020 1656; x_wconf 90' lang='lat' dir='ltr'><strong>illis</strong></span> <span class='ocrx_word' id='word_1_551' title='bbox 1034 1632 1062 1656; x_wconf 93' lang='lat' dir='ltr'><strong>et</strong></span> <span class='ocrx_word' id='word_1_552' title='bbox 1085 1628 1214 1657; x_wconf 86' lang='lat' dir='ltr'><strong>castellis</strong></span> <span class='ocrx_word' id='word_1_553' title='bbox 1249 1629 1410 1664; x_wconf 83' lang='lat' dir='ltr'><strong>occupatis,</strong></span> <span class='ocrx_word' id='word_1_554' title='bbox 1436 1628 1578 1664; x_wconf 76' lang='lat' dir='ltr'><strong>llulgaros</strong></span> <span class='ocrx_word' id='word_1_555' title='bbox 1620 1627 1787 1664; x_wconf 82' lang='lat' dir='ltr'><strong>complures</strong></span> 
     </span>
    </p>
   </div>
   <div class='ocr_carea' id='block_1_82' title="bbox 961 1672 1788 1710">
    <p class='ocr_par' dir='ltr' id='par_1_82' title="bbox 961 1672 1788 1710">
     <span class='ocr_line' id='line_1_82' title="bbox 961 1672 1788 1710; baseline 0 -10"><span class='ocrx_word' id='word_1_556' title='bbox 961 1673 1068 1710; x_wconf 86' lang='lat' dir='ltr'><strong>partim</strong></span> <span class='ocrx_word' id='word_1_557' title='bbox 1084 1673 1239 1707; x_wconf 80' lang='lat' dir='ltr'><strong>interfecit,</strong></span> <span class='ocrx_word' id='word_1_558' title='bbox 1252 1673 1358 1709; x_wconf 81' lang='lat' dir='ltr'><strong>partim</strong></span> <span class='ocrx_word' id='word_1_559' title='bbox 1383 1673 1470 1710; x_wconf 82' lang='lat' dir='ltr'><strong>cepit.</strong></span> <span class='ocrx_word' id='word_1_560' title='bbox 1487 1674 1615 1706; x_wconf 87' lang='lat' dir='ltr'><strong>Quorum</strong></span> <span class='ocrx_word' id='word_1_561' title='bbox 1650 1672 1788 1709; x_wconf 82' lang='lat' dir='ltr'><strong>princeps</strong></span> 
     </span>
    </p>
   </div>
   <div class='ocr_carea' id='block_1_83' title="bbox 960 1716 1788 1754">
    <p class='ocr_par' dir='ltr' id='par_1_83' title="bbox 960 1716 1788 1754">
     <span class='ocr_line' id='line_1_83' title="bbox 960 1716 1788 1754; baseline -0.002 -8"><span class='ocrx_word' id='word_1_562' title='bbox 960 1718 1087 1746; x_wconf 76' lang='lat' dir='ltr'><strong>Joannes</strong></span> <span class='ocrx_word' id='word_1_563' title='bbox 1102 1717 1328 1753; x_wconf 85' lang='lat' dir='ltr'><strong>Uladisthlavus,</strong></span> <span class='ocrx_word' id='word_1_564' title='bbox 1359 1718 1428 1746; x_wconf 87' lang='lat' dir='ltr'><strong>dum</strong></span> <span class='ocrx_word' id='word_1_565' title='bbox 1458 1717 1633 1754; x_wconf 81' lang='lat' dir='ltr'><strong>Dyrrahium</strong></span> <span class='ocrx_word' id='word_1_566' title='bbox 1663 1716 1788 1751; x_wconf 86' lang='lat' dir='ltr'><strong>obsidet,</strong></span> 
     </span>
    </p>
   </div>
   <div class='ocr_carea' id='block_1_84' title="bbox 961 1761 1790 1798">
    <p class='ocr_par' dir='ltr' id='par_1_84' title="bbox 961 1761 1790 1798">
     <span class='ocr_line' id='line_1_84' title="bbox 961 1761 1790 1798; baseline -0.001 -9"><span class='ocrx_word' id='word_1_567' title='bbox 961 1762 1119 1797; x_wconf 89' lang='lat' dir='ltr'><strong>cadit,cum</strong></span> <span class='ocrx_word' id='word_1_568' title='bbox 1136 1762 1215 1798; x_wconf 81' lang='lat' dir='ltr'><strong>genti</strong></span> <span class='ocrx_word' id='word_1_569' title='bbox 1237 1761 1388 1790; x_wconf 90' lang='lat' dir='ltr'><strong>biennium</strong></span> <span class='ocrx_word' id='word_1_570' title='bbox 1405 1764 1433 1789; x_wconf 90' lang='lat' dir='ltr'><strong>et</strong></span> <span class='ocrx_word' id='word_1_571' title='bbox 1447 1761 1578 1798; x_wconf 86' lang='lat' dir='ltr'><strong>quinque</strong></span> <span class='ocrx_word' id='word_1_572' title='bbox 1590 1769 1709 1788; x_wconf 81' lang='lat' dir='ltr'><strong>menses</strong></span> <span class='ocrx_word' id='word_1_573' title='bbox 1718 1769 1790 1796; x_wconf 71' lang='lat' dir='ltr'><strong>prea-</strong></span> 
     </span>
    </p>
   </div>
   <div class='ocr_carea' id='block_1_85' title="bbox 962 1805 1785 1843">
    <p class='ocr_par' dir='ltr' id='par_1_85' title="bbox 962 1805 1785 1843">
     <span class='ocr_line' id='line_1_85' title="bbox 962 1805 1785 1843; baseline -0.002 -9"><span class='ocrx_word' id='word_1_574' title='bbox 962 1808 1075 1835; x_wconf 84' lang='lat' dir='ltr'><strong>fuisset.</strong></span> <span class='ocrx_word' id='word_1_575' title='bbox 1093 1807 1154 1840; x_wconf 85' lang='lat' dir='ltr'><strong>Quo</strong></span> <span class='ocrx_word' id='word_1_576' title='bbox 1170 1807 1330 1843; x_wconf 85' lang='lat' dir='ltr'><strong>imperator</strong></span> <span class='ocrx_word' id='word_1_577' title='bbox 1344 1807 1492 1835; x_wconf 90' lang='lat' dir='ltr'><strong>intellecto</strong></span> <span class='ocrx_word' id='word_1_578' title='bbox 1508 1806 1607 1834; x_wconf 85' lang='lat' dir='ltr'><strong>statim</strong></span> <span class='ocrx_word' id='word_1_579' title='bbox 1625 1805 1785 1842; x_wconf 79' lang='lat' dir='ltr'><strong>egreditur,</strong></span> 
     </span>
    </p>
   </div>
   <div class='ocr_carea' id='block_1_86' title="bbox 961 1849 1789 1887">
    <p class='ocr_par' dir='ltr' id='par_1_86' title="bbox 961 1849 1789 1887">
     <span class='ocr_line' id='line_1_86' title="bbox 961 1849 1789 1887; baseline -0.004 -7"><span class='ocrx_word' id='word_1_580' title='bbox 961 1852 1009 1880; x_wconf 87' lang='lat' dir='ltr'><strong>cui</strong></span> <span class='ocrx_word' id='word_1_581' title='bbox 1024 1852 1060 1879; x_wconf 89' lang='lat' dir='ltr'><strong>ad</strong></span> <span class='ocrx_word' id='word_1_582' title='bbox 1073 1851 1292 1887; x_wconf 89' lang='lat' dir='ltr'><strong>Adrianopolim</strong></span> <span class='ocrx_word' id='word_1_583' title='bbox 1309 1852 1428 1887; x_wconf 83' lang='lat' dir='ltr'><strong>quidam</strong></span> <span class='ocrx_word' id='word_1_584' title='bbox 1454 1851 1586 1878; x_wconf 82' lang='lat' dir='ltr'><strong>illustres</strong></span> <span class='ocrx_word' id='word_1_585' title='bbox 1614 1849 1733 1886; x_wconf 86' lang='lat' dir='ltr'><strong>Bulgsri</strong></span> <span class='ocrx_word' id='word_1_586' title='bbox 1757 1858 1789 1877; x_wconf 91' lang='lat' dir='ltr'><strong>se</strong></span> 
     </span>
    </p>
   </div>
   <div class='ocr_carea' id='block_1_87' title="bbox 961 1895 1787 1932">
    <p class='ocr_par' dir='ltr' id='par_1_87' title="bbox 961 1895 1787 1932">
     <span class='ocr_line' id='line_1_87' title="bbox 961 1895 1787 1932; baseline -0.001 -8"><span class='ocrx_word' id='word_1_587' title='bbox 961 1897 1082 1931; x_wconf 87' lang='lat' dir='ltr'><strong>dedunt,</strong></span> <span class='ocrx_word' id='word_1_588' title='bbox 1098 1897 1206 1924; x_wconf 89' lang='lat' dir='ltr'><strong>tradito</strong></span> <span class='ocrx_word' id='word_1_589' title='bbox 1223 1896 1343 1924; x_wconf 86' lang='lat' dir='ltr'><strong>Pernico</strong></span> <span class='ocrx_word' id='word_1_590' title='bbox 1358 1898 1386 1924; x_wconf 89' lang='lat' dir='ltr'><strong>et</strong></span> <span class='ocrx_word' id='word_1_591' title='bbox 1411 1896 1477 1925; x_wconf 87' lang='lat' dir='ltr'><strong>aliis</strong></span> <span class='ocrx_word' id='word_1_592' title='bbox 1503 1895 1627 1932; x_wconf 85' lang='lat' dir='ltr'><strong>triginta</strong></span> <span class='ocrx_word' id='word_1_593' title='bbox 1656 1895 1787 1931; x_wconf 88' lang='lat' dir='ltr'><strong>quinque</strong></span> 
     </span>
    </p>
   </div>
   <div class='ocr_carea' id='block_1_88' title="bbox 962 1940 1788 1970">
    <p class='ocr_par' dir='ltr' id='par_1_88' title="bbox 962 1940 1788 1970">
     <span class='ocr_line' id='line_1_88' title="bbox 962 1940 1788 1970; baseline -0.001 -1"><span class='ocrx_word' id='word_1_594' title='bbox 962 1941 1103 1970; x_wconf 84' lang='lat' dir='ltr'><strong>castellis.</strong></span> <span class='ocrx_word' id='word_1_595' title='bbox 1120 1942 1175 1969; x_wconf 91' lang='lat' dir='ltr'><strong>Sed</strong></span> <span class='ocrx_word' id='word_1_596' title='bbox 1189 1943 1218 1969; x_wconf 87' lang='lat' dir='ltr'><strong>et</strong></span> <span class='ocrx_word' id='word_1_597' title='bbox 1234 1941 1282 1969; x_wconf 86' lang='lat' dir='ltr'><strong>alii</strong></span> <span class='ocrx_word' id='word_1_598' title='bbox 1296 1941 1383 1969; x_wconf 89' lang='lat' dir='ltr'><strong>multi</strong></span> <span class='ocrx_word' id='word_1_599' title='bbox 1406 1950 1440 1969; x_wconf 84' lang='lat' dir='ltr'><strong>ex</strong></span> <span class='ocrx_word' id='word_1_600' title='bbox 1454 1941 1501 1968; x_wconf 88' lang='lat' dir='ltr'><strong>his</strong></span> <span class='ocrx_word' id='word_1_601' title='bbox 1514 1940 1650 1968; x_wconf 79' lang='lat' dir='ltr'><strong>Barbarie</strong></span> <span class='ocrx_word' id='word_1_602' title='bbox 1665 1941 1700 1968; x_wconf 88' lang='lat' dir='ltr'><strong>ad</strong></span> <span class='ocrx_word' id='word_1_603' title='bbox 1721 1948 1788 1968; x_wconf 88' lang='lat' dir='ltr'><strong>eum</strong></span> 
     </span>
    </p>
   </div>
   <div class='ocr_carea' id='block_1_89' title="bbox 962 1984 1789 2022">
    <p class='ocr_par' dir='ltr' id='par_1_89' title="bbox 962 1984 1789 2022">
     <span class='ocr_line' id='line_1_89' title="bbox 962 1984 1789 2022; baseline -0.004 -8"><span class='ocrx_word' id='word_1_604' title='bbox 962 1986 1175 2014; x_wconf 81' lang='lat' dir='ltr'><strong>conﬂuxerunt.</strong></span> <span class='ocrx_word' id='word_1_605' title='bbox 1192 1986 1283 2014; x_wconf 84' lang='lat' dir='ltr'><strong>Maria</strong></span> <span class='ocrx_word' id='word_1_606' title='bbox 1307 1994 1424 2022; x_wconf 85' lang='lat' dir='ltr'><strong>quoque</strong></span> <span class='ocrx_word' id='word_1_607' title='bbox 1447 1985 1568 2014; x_wconf 85' lang='lat' dir='ltr'><strong>Joannis</strong></span> <span class='ocrx_word' id='word_1_608' title='bbox 1592 1984 1789 2013; x_wconf 85' lang='lat' dir='ltr'><strong>Uladisthlavi</strong></span> 
     </span>
    </p>
   </div>
   <div class='ocr_carea' id='block_1_90' title="bbox 962 2029 1789 2066">
    <p class='ocr_par' dir='ltr' id='par_1_90' title="bbox 962 2029 1789 2066">
     <span class='ocr_line' id='line_1_90' title="bbox 962 2029 1789 2066; baseline -0.004 -7"><span class='ocrx_word' id='word_1_609' title='bbox 962 2039 1043 2065; x_wconf 82' lang='lat' dir='ltr'><strong>uxor,</strong></span> <span class='ocrx_word' id='word_1_610' title='bbox 1058 2031 1164 2059; x_wconf 85' lang='lat' dir='ltr'><strong>Davide</strong></span> <span class='ocrx_word' id='word_1_611' title='bbox 1178 2030 1321 2066; x_wconf 72' lang='lat' dir='ltr'><strong>Bulgaria:</strong></span> <span class='ocrx_word' id='word_1_612' title='bbox 1348 2030 1568 2066; x_wconf 83' lang='lat' dir='ltr'><strong>archiepiscopo</strong></span> <span class='ocrx_word' id='word_1_613' title='bbox 1599 2038 1666 2057; x_wconf 90' lang='lat' dir='ltr'><strong>cum</strong></span> <span class='ocrx_word' id='word_1_614' title='bbox 1684 2029 1789 2057; x_wconf 88' lang='lat' dir='ltr'><strong>litteris</strong></span> 
     </span>
    </p>
   </div>
   <div class='ocr_carea' id='block_1_91' title="bbox 962 2073 1787 2109">
    <p class='ocr_par' dir='ltr' id='par_1_91' title="bbox 962 2073 1787 2109">
     <span class='ocr_line' id='line_1_91' title="bbox 962 2073 1787 2109; baseline -0.004 -7"><span class='ocrx_word' id='word_1_615' title='bbox 962 2076 997 2102; x_wconf 89' lang='lat' dir='ltr'><strong>ad</strong></span> <span class='ocrx_word' id='word_1_616' title='bbox 1014 2075 1096 2103; x_wconf 92' lang='lat' dir='ltr'><strong>illum</strong></span> <span class='ocrx_word' id='word_1_617' title='bbox 1113 2075 1213 2108; x_wconf 87' lang='lat' dir='ltr'><strong>misso,</strong></span> <span class='ocrx_word' id='word_1_618' title='bbox 1230 2082 1261 2102; x_wconf 89' lang='lat' dir='ltr'><strong>se</strong></span> <span class='ocrx_word' id='word_1_619' title='bbox 1289 2074 1332 2102; x_wconf 92' lang='lat' dir='ltr'><strong>illi</strong></span> <span class='ocrx_word' id='word_1_620' title='bbox 1361 2074 1498 2109; x_wconf 82' lang='lat' dir='ltr'><strong>Bulgaria</strong></span> <span class='ocrx_word' id='word_1_621' title='bbox 1526 2082 1675 2101; x_wconf 85' lang='lat' dir='ltr'><strong>cessuram</strong></span> <span class='ocrx_word' id='word_1_622' title='bbox 1701 2073 1787 2108; x_wconf 92' lang='lat' dir='ltr'><strong>polli-</strong></span> 
     </span>
    </p>
   </div>
   <div class='ocr_carea' id='block_1_92' title="bbox 961 2116 1788 2154">
    <p class='ocr_par' dir='ltr' id='par_1_92' title="bbox 961 2116 1788 2154">
     <span class='ocr_line' id='line_1_92' title="bbox 961 2116 1788 2154; baseline -0.005 -7"><span class='ocrx_word' id='word_1_623' title='bbox 961 2121 1029 2152; x_wconf 82' lang='lat' dir='ltr'><strong>cita,</strong></span> <span class='ocrx_word' id='word_1_624' title='bbox 1042 2119 1066 2146; x_wconf 83' lang='lat' dir='ltr'><strong>si</strong></span> <span class='ocrx_word' id='word_1_625' title='bbox 1082 2127 1115 2146; x_wconf 87' lang='lat' dir='ltr'><strong>ea</strong></span> <span class='ocrx_word' id='word_1_626' title='bbox 1130 2127 1194 2154; x_wconf 65' lang='lat' dir='ltr'><strong>qua:</strong></span> <span class='ocrx_word' id='word_1_627' title='bbox 1209 2118 1294 2146; x_wconf 88' lang='lat' dir='ltr'><strong>vellet</strong></span> <span class='ocrx_word' id='word_1_628' title='bbox 1308 2118 1504 2154; x_wconf 84' lang='lat' dir='ltr'><strong>impetrasset,</strong></span> <span class='ocrx_word' id='word_1_629' title='bbox 1521 2117 1609 2153; x_wconf 87' lang='lat' dir='ltr'><strong>paulo</strong></span> <span class='ocrx_word' id='word_1_630' title='bbox 1630 2119 1696 2153; x_wconf 91' lang='lat' dir='ltr'><strong>post</strong></span> <span class='ocrx_word' id='word_1_631' title='bbox 1724 2116 1788 2152; x_wconf 86' lang='lat' dir='ltr'><strong>ipsa</strong></span> 
     </span>
    </p>
   </div>
   <div class='ocr_carea' id='block_1_93' title="bbox 962 2161 1788 2192">
    <p class='ocr_par' dir='ltr' id='par_1_93' title="bbox 962 2161 1788 2192">
     <span class='ocr_line' id='line_1_93' title="bbox 962 2161 1788 2192; baseline -0.004 -1"><span class='ocrx_word' id='word_1_632' title='bbox 962 2172 1029 2192; x_wconf 91' lang='lat' dir='ltr'><strong>cum</strong></span> <span class='ocrx_word' id='word_1_633' title='bbox 1045 2163 1140 2191; x_wconf 81' lang='lat' dir='ltr'><strong>tribus</strong></span> <span class='ocrx_word' id='word_1_634' title='bbox 1153 2162 1223 2190; x_wconf 90' lang='lat' dir='ltr'><strong>ﬁliis</strong></span> <span class='ocrx_word' id='word_1_635' title='bbox 1237 2165 1264 2190; x_wconf 87' lang='lat' dir='ltr'><strong>et</strong></span> <span class='ocrx_word' id='word_1_636' title='bbox 1281 2170 1330 2190; x_wconf 83' lang='lat' dir='ltr'><strong>sex</strong></span> <span class='ocrx_word' id='word_1_637' title='bbox 1355 2161 1473 2190; x_wconf 87' lang='lat' dir='ltr'><strong>ﬁliabus</strong></span> <span class='ocrx_word' id='word_1_638' title='bbox 1501 2161 1627 2190; x_wconf 87' lang='lat' dir='ltr'><strong>advenit.</strong></span> <span class='ocrx_word' id='word_1_639' title='bbox 1658 2161 1733 2189; x_wconf 89' lang='lat' dir='ltr'><strong>Sunt</strong></span> <span class='ocrx_word' id='word_1_640' title='bbox 1760 2162 1788 2189; x_wconf 90' lang='lat' dir='ltr'><strong>et</strong></span> 
     </span>
    </p>
   </div>
   <div class='ocr_carea' id='block_1_94' title="bbox 961 2205 1788 2243">
    <p class='ocr_par' dir='ltr' id='par_1_94' title="bbox 961 2205 1788 2243">
     <span class='ocr_line' id='line_1_94' title="bbox 961 2205 1788 2243; baseline -0.006 -7"><span class='ocrx_word' id='word_1_641' title='bbox 961 2210 1020 2236; x_wconf 86' lang='lat' dir='ltr'><strong>tres</strong></span> <span class='ocrx_word' id='word_1_642' title='bbox 1036 2207 1101 2243; x_wconf 85' lang='lat' dir='ltr'><strong>ejus</strong></span> <span class='ocrx_word' id='word_1_643' title='bbox 1112 2207 1161 2235; x_wconf 84' lang='lat' dir='ltr'><strong>alii</strong></span> <span class='ocrx_word' id='word_1_644' title='bbox 1177 2206 1240 2242; x_wconf 88' lang='lat' dir='ltr'><strong>ﬁlii,</strong></span> <span class='ocrx_word' id='word_1_645' title='bbox 1256 2206 1418 2235; x_wconf 84' lang='lat' dir='ltr'><strong>Prusianus</strong></span> <span class='ocrx_word' id='word_1_646' title='bbox 1433 2215 1499 2235; x_wconf 91' lang='lat' dir='ltr'><strong>cum</strong></span> <span class='ocrx_word' id='word_1_647' title='bbox 1516 2206 1632 2234; x_wconf 88' lang='lat' dir='ltr'><strong>duobus</strong></span> <span class='ocrx_word' id='word_1_648' title='bbox 1648 2205 1788 2233; x_wconf 86' lang='lat' dir='ltr'><strong>fratribus</strong></span> 
     </span>
    </p>
   </div>
   <div class='ocr_carea' id='block_1_95' title="bbox 963 2250 1787 2290">
    <p class='ocr_par' dir='ltr' id='par_1_95' title="bbox 963 2250 1787 2290">
     <span class='ocr_line' id='line_1_95' title="bbox 963 2250 1787 2290; baseline -0.005 -10"><span class='ocrx_word' id='word_1_649' title='bbox 963 2252 1059 2290; x_wconf 88' lang='lat' dir='ltr'><strong>quiin</strong></span> <span class='ocrx_word' id='word_1_650' title='bbox 1091 2253 1205 2280; x_wconf 85' lang='lat' dir='ltr'><strong>montes</strong></span> <span class='ocrx_word' id='word_1_651' title='bbox 1225 2252 1415 2287; x_wconf 81' lang='lat' dir='ltr'><strong>profugerant</strong></span> <span class='ocrx_word' id='word_1_652' title='bbox 1447 2250 1590 2287; x_wconf 64' lang='lat' dir='ltr'><strong>prasidiis</strong></span> <span class='ocrx_word' id='word_1_653' title='bbox 1617 2251 1787 2285; x_wconf 86' lang='lat' dir='ltr'><strong>occupatos,</strong></span> 
     </span>
    </p>
   </div>
   <div class='ocr_carea' id='block_1_96' title="bbox 88 2294 868 2336">
    <p class='ocr_par' dir='ltr' id='par_1_96' title="bbox 88 2294 868 2336">
     <span class='ocr_line' id='line_1_96' title="bbox 88 2294 868 2336; baseline 0.005 -14"><span class='ocrx_word' id='word_1_654' title='bbox 88 2294 115 2322; x_wconf 86' lang='lat'><strong>&#39;0</strong></span> <span class='ocrx_word' id='word_1_655' title='bbox 129 2294 154 2323; x_wconf 72' lang='grc' dir='ltr'>δὲ</span> <span class='ocrx_word' id='word_1_656' title='bbox 167 2299 219 2324; x_wconf 80' lang='grc' dir='ltr'><strong>τῶν</strong></span> <span class='ocrx_word' id='word_1_657' title='bbox 237 2297 404 2335; x_wconf 85' lang='grc' dir='ltr'>Βουλγάρων</span> <span class='ocrx_word' id='word_1_658' title='bbox 420 2297 514 2336; x_wconf 74' lang='grc' dir='ltr'>ἄρχων</span> <span class='ocrx_word' id='word_1_659' title='bbox 530 2298 545 2325; x_wconf 81' lang='grc' dir='ltr'>ὁ</span> <span class='ocrx_word' id='word_1_660' title='bbox 559 2298 669 2333; x_wconf 77' lang='grc' dir='ltr'>Ἰωάνης</span> <span class='ocrx_word' id='word_1_661' title='bbox 680 2299 724 2325; x_wconf 75' lang='grc' dir='ltr'>καὶ</span> <span class='ocrx_word' id='word_1_662' title='bbox 736 2297 868 2326; x_wconf 80' lang='grc' dir='ltr'>Βλαόίσυλ</span> 
     </span>
    </p>
   </div>
   <div class='ocr_carea' id='block_1_97' title="bbox 1006 2294 1786 2336">
    <p class='ocr_par' dir='ltr' id='par_1_97' title="bbox 1006 2294 1786 2332">
     <span class='ocr_line' id='line_1_97' title="bbox 1006 2294 1786 2332; baseline -0.005 -8"><span class='ocrx_word' id='word_1_663' title='bbox 1006 2297 1047 2325; x_wconf 77' lang='lat' dir='ltr'><strong>,cti</strong></span> <span class='ocrx_word' id='word_1_664' title='bbox 1064 2297 1100 2324; x_wconf 87' lang='lat' dir='ltr'><strong>ad</strong></span> <span class='ocrx_word' id='word_1_665' title='bbox 1117 2296 1301 2332; x_wconf 86' lang='lat' dir='ltr'><strong>imperatoris</strong></span> <span class='ocrx_word' id='word_1_666' title='bbox 1318 2296 1403 2324; x_wconf 82' lang='lat' dir='ltr'><strong>ﬁdem</strong></span> <span class='ocrx_word' id='word_1_667' title='bbox 1419 2304 1449 2324; x_wconf 90' lang='lat' dir='ltr'><strong>se</strong></span> <span class='ocrx_word' id='word_1_668' title='bbox 1465 2295 1615 2323; x_wconf 81' lang='lat' dir='ltr'><strong>conferre:</strong></span> <span class='ocrx_word' id='word_1_669' title='bbox 1633 2303 1648 2322; x_wconf 91' lang='lat' dir='ltr'><strong>e</strong></span> <span class='ocrx_word' id='word_1_670' title='bbox 1679 2294 1786 2330; x_wconf 91' lang='lat' dir='ltr'><strong>quibus</strong></span> 
     </span>
    </p>
   </div>
   <div class='ocr_carea' id='block_1_98' title="bbox 91 2335 904 2381">
    <p class='ocr_par' dir='ltr' id='par_1_98' title="bbox 91 2335 904 2381">
     <span class='ocr_line' id='line_1_98' title="bbox 91 2335 904 2381; baseline 0.001 -12"><span class='ocrx_word' id='word_1_671' title='bbox 91 2335 132 2370; x_wconf 69' lang='lat' dir='ltr'><strong>50c</strong></span> <span class='ocrx_word' id='word_1_672' title='bbox 157 2343 223 2369; x_wconf 74' lang='grc' dir='ltr'>κατὰ</span> <span class='ocrx_word' id='word_1_673' title='bbox 250 2344 302 2370; x_wconf 68' lang='grc' dir='ltr'><strong>τοῦ</strong></span> <span class='ocrx_word' id='word_1_674' title='bbox 327 2335 482 2381; x_wconf 66' lang='grc' dir='ltr'>Δυρραχίου</span> <span class='ocrx_word' id='word_1_675' title='bbox 506 2342 657 2380; x_wconf 77' lang='grc' dir='ltr'>ἐξώρμησε,</span> <span class='ocrx_word' id='word_1_676' title='bbox 675 2342 719 2370; x_wconf 83' lang='grc' dir='ltr'><strong>καὶ</strong></span> <span class='ocrx_word' id='word_1_677' title='bbox 747 2341 904 2381; x_wconf 82' lang='grc' dir='ltr'>πολιορκῶν</span> 
     </span>
    </p>
   </div>
   <div class='ocr_carea' id='block_1_99' title="bbox 93 2383 904 2424">
    <p class='ocr_par' dir='ltr' id='par_1_99' title="bbox 93 2383 904 2424">
     <span class='ocr_line' id='line_1_99' title="bbox 93 2383 904 2424; baseline 0.006 -14"><span class='ocrx_word' id='word_1_678' title='bbox 93 2383 149 2410; x_wconf 70' lang='grc' dir='ltr'><strong>αὐτῆ</strong></span> <span class='ocrx_word' id='word_1_679' title='bbox 173 2387 278 2421; x_wconf 67' lang='grc' dir='ltr'>πίπτει,</span> <span class='ocrx_word' id='word_1_680' title='bbox 294 2386 373 2424; x_wconf 79' lang='grc' dir='ltr'>ἄρξας</span> <span class='ocrx_word' id='word_1_681' title='bbox 401 2386 446 2422; x_wconf 65' lang='grc' dir='ltr'>ἔτη</span> <span class='ocrx_word' id='word_1_682' title='bbox 478 2385 526 2414; x_wconf 80' lang='grc' dir='ltr'><strong>δύο</strong></span> <span class='ocrx_word' id='word_1_683' title='bbox 551 2387 596 2414; x_wconf 71' lang='grc' dir='ltr'><strong>καὶ</strong></span> <span class='ocrx_word' id='word_1_684' title='bbox 634 2390 721 2422; x_wconf 79' lang='grc' dir='ltr'>μῆνας</span> <span class='ocrx_word' id='word_1_685' title='bbox 757 2388 845 2416; x_wconf 73' lang='grc' dir='ltr'>πέντε,</span> <span class='ocrx_word' id='word_1_686' title='bbox 871 2388 904 2416; x_wconf 78' lang='lat'><strong>‘0</strong></span> 
     </span>
    </p>
   </div>
   <div class='ocr_carea' id='block_1_100' title="bbox 94 2428 905 2469">
    <p class='ocr_par' dir='ltr' id='par_1_100' title="bbox 94 2428 905 2469">
     <span class='ocr_line' id='line_1_100' title="bbox 94 2428 905 2469; baseline 0.006 -15"><span class='ocrx_word' id='word_1_687' title='bbox 94 2428 175 2462; x_wconf 72' lang='grc' dir='ltr'>μαθὼν</span> <span class='ocrx_word' id='word_1_688' title='bbox 189 2431 202 2457; x_wconf 85' lang='grc' dir='ltr'><strong>ὁ</strong></span> <span class='ocrx_word' id='word_1_689' title='bbox 218 2429 346 2467; x_wconf 79' lang='grc' dir='ltr'>βασιλιὺς</span> <span class='ocrx_word' id='word_1_690' title='bbox 361 2431 438 2462; x_wconf 72' lang='grc' dir='ltr'>εὐθὺς</span> <span class='ocrx_word' id='word_1_691' title='bbox 468 2429 556 2467; x_wconf 74' lang='grc' dir='ltr'>ἔξεισι,</span> <span class='ocrx_word' id='word_1_692' title='bbox 573 2432 617 2458; x_wconf 79' lang='grc' dir='ltr'><strong>καὶ</strong></span> <span class='ocrx_word' id='word_1_693' title='bbox 647 2431 708 2468; x_wconf 82' lang='grc' dir='ltr'>περὶ</span> <span class='ocrx_word' id='word_1_694' title='bbox 736 2433 786 2466; x_wconf 89' lang='grc' dir='ltr'><strong>τὴν</strong></span> <span class='ocrx_word' id='word_1_695' title='bbox 814 2431 905 2469; x_wconf 83' lang='grc' dir='ltr'>Ἀδρι-</span> 
     </span>
    </p>
   </div>
   <div class='ocr_carea' id='block_1_101' title="bbox 93 2473 906 2514">
    <p class='ocr_par' dir='ltr' id='par_1_101' title="bbox 93 2473 906 2514">
     <span class='ocr_line' id='line_1_101' title="bbox 93 2473 906 2514; baseline 0.006 -15"><span class='ocrx_word' id='word_1_696' title='bbox 93 2473 227 2514; x_wconf 64' lang='grc' dir='ltr'>ιινούπολιν</span> <span class='ocrx_word' id='word_1_697' title='bbox 241 2475 379 2513; x_wconf 72' lang='grc' dir='ltr'>γενομένῳ</span> <span class='ocrx_word' id='word_1_698' title='bbox 398 2476 542 2514; x_wconf 79' lang='grc' dir='ltr'>προσίασιν</span> <span class='ocrx_word' id='word_1_699' title='bbox 566 2475 640 2510; x_wconf 79' lang='grc' dir='ltr'><strong>αὖτῷ</strong></span> <span class='ocrx_word' id='word_1_700' title='bbox 663 2478 717 2503; x_wconf 82' lang='grc' dir='ltr'>τῶν</span> <span class='ocrx_word' id='word_1_701' title='bbox 744 2475 906 2514; x_wconf 82' lang='grc' dir='ltr'>Βουλγάρων</span> 
     </span>
    </p>
   </div>
   <div class='ocr_carea' id='block_1_102' title="bbox 93 2513 905 2558">
    <p class='ocr_par' dir='ltr' id='par_1_102' title="bbox 93 2513 905 2558">
     <span class='ocr_line' id='line_1_102' title="bbox 93 2513 905 2558; baseline 0.009 -17"><span class='ocrx_word' id='word_1_702' title='bbox 93 2513 217 2554; x_wconf 69' lang='grc' dir='ltr'>ἐπιφανεῖς</span> <span class='ocrx_word' id='word_1_703' title='bbox 250 2520 334 2553; x_wconf 76' lang='grc' dir='ltr'>τινὲς,</span> <span class='ocrx_word' id='word_1_704' title='bbox 372 2519 566 2557; x_wconf 78' lang='grc' dir='ltr'>παραδιδόντες</span> <span class='ocrx_word' id='word_1_705' title='bbox 591 2519 665 2557; x_wconf 82' lang='grc' dir='ltr'><strong>αὐτῷ</strong></span> <span class='ocrx_word' id='word_1_706' title='bbox 691 2521 737 2548; x_wconf 83' lang='grc' dir='ltr'>τὸν</span> <span class='ocrx_word' id='word_1_707' title='bbox 765 2521 905 2558; x_wconf 76' lang='grc' dir='ltr'>Πέρνικον,</span> 
     </span>
    </p>
   </div>
   <div class='ocr_carea' id='block_1_103' title="bbox 93 2559 906 2603">
    <p class='ocr_par' dir='ltr' id='par_1_103' title="bbox 93 2559 906 2603">
     <span class='ocr_line' id='line_1_103' title="bbox 93 2559 906 2603; baseline 0.004 -14"><span class='ocrx_word' id='word_1_708' title='bbox 93 2559 130 2603; x_wconf 44' lang='lat' dir='ltr'><strong>{tul</strong></span> <span class='ocrx_word' id='word_1_709' title='bbox 154 2561 228 2599; x_wconf 76' lang='grc' dir='ltr'>ἔτερα</span> <span class='ocrx_word' id='word_1_710' title='bbox 253 2564 369 2603; x_wconf 76' lang='grc' dir='ltr'>φρούρια</span> <span class='ocrx_word' id='word_1_711' title='bbox 396 2565 542 2602; x_wconf 75' lang='grc' dir='ltr'>τριάκοντα</span> <span class='ocrx_word' id='word_1_712' title='bbox 569 2564 613 2592; x_wconf 71' lang='grc' dir='ltr'><strong>ἐπὶ</strong></span> <span class='ocrx_word' id='word_1_713' title='bbox 642 2565 729 2592; x_wconf 70' lang='grc' dir='ltr'>πέντε·</span> <span class='ocrx_word' id='word_1_714' title='bbox 752 2565 795 2592; x_wconf 87' lang='grc' dir='ltr'><strong>καὶ</strong></span> <span class='ocrx_word' id='word_1_715' title='bbox 824 2564 906 2593; x_wconf 78' lang='grc' dir='ltr'>ἄλλοι</span> 
     </span>
    </p>
   </div>
   <div class='ocr_carea' id='block_1_104' title="bbox 95 2601 906 2648">
    <p class='ocr_par' dir='ltr' id='par_1_104' title="bbox 95 2601 906 2648">
     <span class='ocr_line' id='line_1_104' title="bbox 95 2601 906 2648; baseline 0.004 -15"><span class='ocrx_word' id='word_1_716' title='bbox 95 2601 119 2630; x_wconf 63' lang='grc' dir='ltr'>δὲ</span> <span class='ocrx_word' id='word_1_717' title='bbox 140 2608 190 2634; x_wconf 78' lang='grc' dir='ltr'><strong>τῶν</strong></span> <span class='ocrx_word' id='word_1_718' title='bbox 218 2601 362 2647; x_wconf 76' lang='grc' dir='ltr'>Βαρϐάρων</span> <span class='ocrx_word' id='word_1_719' title='bbox 388 2601 492 2637; x_wconf 80' lang='grc' dir='ltr'>τούτων</span> <span class='ocrx_word' id='word_1_720' title='bbox 521 2609 595 2646; x_wconf 82' lang='grc' dir='ltr'><strong>αὖτῷ</strong></span> <span class='ocrx_word' id='word_1_721' title='bbox 624 2609 840 2648; x_wconf 76' lang='grc' dir='ltr'>προσεῤῥύησαν.</span> <span class='ocrx_word' id='word_1_722' title='bbox 857 2610 906 2637; x_wconf 81' lang='grc' dir='ltr'><strong>Καὶ</strong></span> 
     </span>
    </p>
   </div>
   <div class='ocr_carea' id='block_1_105' title="bbox 962 2338 1787 2378">
    <p class='ocr_par' dir='ltr' id='par_1_105' title="bbox 962 2338 1787 2378">
     <span class='ocr_line' id='line_1_105' title="bbox 962 2338 1787 2378; baseline -0.005 -9"><span class='ocrx_word' id='word_1_723' title='bbox 962 2342 1135 2370; x_wconf 84' lang='lat' dir='ltr'><strong>Prusianum</strong></span> <span class='ocrx_word' id='word_1_724' title='bbox 1165 2341 1352 2378; x_wconf 77' lang='lat' dir='ltr'><strong>magistrum,</strong></span> <span class='ocrx_word' id='word_1_725' title='bbox 1391 2341 1465 2369; x_wconf 71' lang='lat'><strong>221</strong></span> <span class='ocrx_word' id='word_1_726' title='bbox 1510 2342 1628 2368; x_wconf 76' lang='lat' dir='ltr'><strong>caeteros</strong></span> <span class='ocrx_word' id='word_1_727' title='bbox 1650 2338 1787 2375; x_wconf 86' lang='lat' dir='ltr'><strong>patricios</strong></span> 
     </span>
    </p>
   </div>
   <div class='ocr_carea' id='block_1_106' title="bbox 960 2383 1786 2422">
    <p class='ocr_par' dir='ltr' id='par_1_106' title="bbox 960 2383 1786 2422">
     <span class='ocr_line' id='line_1_106' title="bbox 960 2383 1786 2422; baseline -0.005 -8"><span class='ocrx_word' id='word_1_728' title='bbox 960 2387 1036 2415; x_wconf 81' lang='lat' dir='ltr'><strong>fecit.</strong></span> <span class='ocrx_word' id='word_1_729' title='bbox 1050 2386 1191 2414; x_wconf 87' lang='lat' dir='ltr'><strong>Universa</strong></span> <span class='ocrx_word' id='word_1_730' title='bbox 1206 2385 1344 2422; x_wconf 81' lang='lat' dir='ltr'><strong>Bulgaria</strong></span> <span class='ocrx_word' id='word_1_731' title='bbox 1360 2385 1492 2418; x_wconf 87' lang='lat' dir='ltr'><strong>subacta,</strong></span> <span class='ocrx_word' id='word_1_732' title='bbox 1518 2386 1547 2412; x_wconf 90' lang='lat' dir='ltr'><strong>et</strong></span> <span class='ocrx_word' id='word_1_733' title='bbox 1564 2383 1693 2412; x_wconf 85' lang='lat' dir='ltr'><strong>castellis</strong></span> <span class='ocrx_word' id='word_1_734' title='bbox 1720 2383 1786 2411; x_wconf 89' lang='lat' dir='ltr'><strong>aliis</strong></span> 
     </span>
    </p>
   </div>
   <div class='ocr_carea' id='block_1_107' title="bbox 960 2428 1784 2466">
    <p class='ocr_par' dir='ltr' id='par_1_107' title="bbox 960 2428 1784 2466">
     <span class='ocr_line' id='line_1_107' title="bbox 960 2428 1784 2466; baseline -0.004 -7"><span class='ocrx_word' id='word_1_735' title='bbox 960 2432 1080 2464; x_wconf 84' lang='lat' dir='ltr'><strong>eversis,</strong></span> <span class='ocrx_word' id='word_1_736' title='bbox 1096 2428 1613 2466; x_wconf 62' lang='lat' dir='ltr'><strong>aliis,munitis,justisquepraesidiis</strong></span> <span class='ocrx_word' id='word_1_737' title='bbox 1623 2428 1784 2465; x_wconf 87' lang='lat' dir='ltr'><strong>impositis,</strong></span> 
     </span>
    </p>
   </div>
   <div class='ocr_carea' id='block_1_108' title="bbox 960 2474 1786 2511">
    <p class='ocr_par' dir='ltr' id='par_1_108' title="bbox 960 2474 1786 2511">
     <span class='ocr_line' id='line_1_108' title="bbox 960 2474 1786 2511; baseline -0.002 -7"><span class='ocrx_word' id='word_1_738' title='bbox 960 2477 1090 2504; x_wconf 82' lang='lat' dir='ltr'><strong>Athenas</strong></span> <span class='ocrx_word' id='word_1_739' title='bbox 1106 2476 1141 2504; x_wconf 88' lang='lat' dir='ltr'><strong>ad</strong></span> <span class='ocrx_word' id='word_1_740' title='bbox 1158 2475 1333 2504; x_wconf 83' lang='lat' dir='ltr'><strong>exsolvenda</strong></span> <span class='ocrx_word' id='word_1_741' title='bbox 1348 2474 1479 2510; x_wconf 72' lang='lat' dir='ltr'><strong>Deiparse</strong></span> <span class='ocrx_word' id='word_1_742' title='bbox 1494 2476 1560 2502; x_wconf 88' lang='lat' dir='ltr'><strong>vota</strong></span> <span class='ocrx_word' id='word_1_743' title='bbox 1570 2478 1611 2502; x_wconf 91' lang='lat' dir='ltr'><strong>esl</strong></span> <span class='ocrx_word' id='word_1_744' title='bbox 1628 2474 1786 2511; x_wconf 73' lang='lat' dir='ltr'><strong>profectus,</strong></span> 
     </span>
    </p>
   </div>
   <div class='ocr_carea' id='block_1_109' title="bbox 961 2518 1785 2555">
    <p class='ocr_par' dir='ltr' id='par_1_109' title="bbox 961 2518 1785 2555">
     <span class='ocr_line' id='line_1_109' title="bbox 961 2518 1785 2555; baseline -0.006 -5"><span class='ocrx_word' id='word_1_745' title='bbox 961 2530 994 2550; x_wconf 84' lang='lat' dir='ltr'><strong>ac</strong></span> <span class='ocrx_word' id='word_1_746' title='bbox 1010 2520 1153 2549; x_wconf 87' lang='lat' dir='ltr'><strong>dedicatis</strong></span> <span class='ocrx_word' id='word_1_747' title='bbox 1166 2521 1195 2547; x_wconf 94' lang='lat' dir='ltr'><strong>in</strong></span> <span class='ocrx_word' id='word_1_748' title='bbox 1208 2520 1268 2547; x_wconf 70' lang='lat' dir='ltr'><strong>inde</strong></span> <span class='ocrx_word' id='word_1_749' title='bbox 1282 2520 1346 2555; x_wconf 87' lang='lat' dir='ltr'><strong>ejus</strong></span> <span class='ocrx_word' id='word_1_750' title='bbox 1363 2518 1464 2547; x_wconf 82' lang='lat' dir='ltr'><strong>multis</strong></span> <span class='ocrx_word' id='word_1_751' title='bbox 1480 2519 1615 2555; x_wconf 82' lang='lat' dir='ltr'><strong>pretiosis</strong></span> <span class='ocrx_word' id='word_1_752' title='bbox 1644 2518 1785 2552; x_wconf 84' lang='lat' dir='ltr'><strong>donariis,</strong></span> 
     </span>
    </p>
   </div>
   <div class='ocr_carea' id='block_1_110' title="bbox 961 2563 1782 2602">
    <p class='ocr_par' dir='ltr' id='par_1_110' title="bbox 961 2563 1782 2602">
     <span class='ocr_line' id='line_1_110' title="bbox 961 2563 1782 2602; baseline -0.005 -8"><span class='ocrx_word' id='word_1_753' title='bbox 961 2567 992 2594; x_wconf 91' lang='lat' dir='ltr'><strong>in</strong></span> <span class='ocrx_word' id='word_1_754' title='bbox 1008 2565 1169 2602; x_wconf 86' lang='lat' dir='ltr'><strong>principem</strong></span> <span class='ocrx_word' id='word_1_755' title='bbox 1191 2564 1293 2592; x_wconf 90' lang='lat' dir='ltr'><strong>urbem</strong></span> <span class='ocrx_word' id='word_1_756' title='bbox 1313 2571 1447 2592; x_wconf 78' lang='lat' dir='ltr'><strong>reversus</strong></span> <span class='ocrx_word' id='word_1_757' title='bbox 1476 2563 1660 2600; x_wconf 85' lang='lat' dir='ltr'><strong>triumphum</strong></span> <span class='ocrx_word' id='word_1_758' title='bbox 1690 2563 1782 2596; x_wconf 84' lang='lat' dir='ltr'><strong>duxit,</strong></span> 
     </span>
    </p>
   </div>
   <div class='ocr_carea' id='block_1_111' title="bbox 962 2608 1786 2646">
    <p class='ocr_par' dir='ltr' id='par_1_111' title="bbox 962 2608 1786 2646">
     <span class='ocr_line' id='line_1_111' title="bbox 962 2608 1786 2646; baseline -0.005 -7"><span class='ocrx_word' id='word_1_759' title='bbox 962 2613 1042 2639; x_wconf 86' lang='lat' dir='ltr'><strong>recta</strong></span> <span class='ocrx_word' id='word_1_760' title='bbox 1055 2610 1130 2638; x_wconf 83' lang='lat' dir='ltr'><strong>tiara</strong></span> <span class='ocrx_word' id='word_1_761' title='bbox 1144 2611 1276 2644; x_wconf 85' lang='lat' dir='ltr'><strong>ornatus,</strong></span> <span class='ocrx_word' id='word_1_762' title='bbox 1291 2616 1377 2644; x_wconf 85' lang='lat' dir='ltr'><strong>quam</strong></span> <span class='ocrx_word' id='word_1_763' title='bbox 1392 2608 1499 2645; x_wconf 82' lang='lat' dir='ltr'><strong>vulgus</strong></span> <span class='ocrx_word' id='word_1_764' title='bbox 1514 2609 1638 2646; x_wconf 85' lang='lat' dir='ltr'><strong>tupham</strong></span> <span class='ocrx_word' id='word_1_765' title='bbox 1657 2609 1741 2636; x_wconf 84' lang='lat' dir='ltr'><strong>vocat</strong></span> <span class='ocrx_word' id='word_1_766' title='bbox 1769 2615 1786 2635; x_wconf 88' lang='lat' dir='ltr'><strong>a</strong></span> 
     </span>
    </p>
   </div>
   <div class='ocr_carea' id='block_1_112' title="bbox 719 2683 1142 2716">
    <p class='ocr_par' dir='ltr' id='par_1_112' title="bbox 719 2683 1142 2716">
     <span class='ocr_line' id='line_1_112' title="bbox 719 2683 1142 2716; baseline -0.002 -2"><span class='ocrx_word' id='word_1_767' title='bbox 719 2683 821 2715; x_wconf 78' lang='lat' dir='ltr'><strong>Variae</strong></span> <span class='ocrx_word' id='word_1_768' title='bbox 836 2683 987 2716; x_wconf 88' lang='lat' dir='ltr'><strong>lectiones</strong></span> <span class='ocrx_word' id='word_1_769' title='bbox 1003 2687 1034 2715; x_wconf 86' lang='lat' dir='ltr'><strong>et</strong></span> <span class='ocrx_word' id='word_1_770' title='bbox 1049 2686 1142 2714; x_wconf 81' lang='lat' dir='ltr'><strong>notae.</strong></span> 
     </span>
    </p>
   </div>
   <div class='ocr_carea' id='block_1_113' title="bbox 128 2741 906 2782">
    <p class='ocr_par' dir='ltr' id='par_1_113' title="bbox 128 2741 906 2782">
     <span class='ocr_line' id='line_1_113' title="bbox 128 2741 906 2782; baseline 0.008 -14"><span class='ocrx_word' id='word_1_771' title='bbox 128 2741 176 2782; x_wconf 70' lang='grc' dir='ltr'><strong>(ἓο)</strong></span> <span class='ocrx_word' id='word_1_772' title='bbox 209 2743 257 2772; x_wconf 78' lang='grc' dir='ltr'><strong>Καὶ</strong></span> <span class='ocrx_word' id='word_1_773' title='bbox 294 2745 414 2780; x_wconf 68' lang='grc' dir='ltr'>θνήσκει,</span> <span class='ocrx_word' id='word_1_774' title='bbox 453 2747 550 2782; x_wconf 89' lang='lat' dir='ltr'><strong>Lupus</strong></span> <span class='ocrx_word' id='word_1_775' title='bbox 588 2748 785 2782; x_wconf 83' lang='lat' dir='ltr'><strong>protospata:</strong></span> <span class='ocrx_word' id='word_1_776' title='bbox 829 2747 906 2774; x_wconf 82' lang='lat' dir='ltr'><strong>Anno</strong></span> 
     </span>
    </p>
   </div>
   <div class='ocr_carea' id='block_1_114' title="bbox 99 2774 529 2814">
    <p class='ocr_par' dir='ltr' id='par_1_114' title="bbox 99 2774 529 2814">
     <span class='ocr_line' id='line_1_114' title="bbox 99 2774 529 2814; baseline 0.023 -14"><span class='ocrx_word' id='word_1_777' title='bbox 99 2774 302 2814; x_wconf 59' lang='lat' dir='ltr'><strong>l0l5.&#39;apparuit</strong></span> <span class='ocrx_word' id='word_1_778' title='bbox 324 2774 429 2810; x_wconf 65' lang='lat' dir='ltr'><strong>cometa</strong></span> <span class='ocrx_word' id='word_1_779' title='bbox 437 2774 529 2810; x_wconf 56' lang='lat' dir='ltr'><strong>men}:</strong></span> 
     </span>
    </p>
   </div>
   <div class='ocr_carea' id='block_1_115' title="bbox 100 2815 903 2853">
    <p class='ocr_par' dir='ltr' id='par_1_115' title="bbox 100 2815 903 2853">
     <span class='ocr_line' id='line_1_115' title="bbox 100 2815 903 2853; baseline 0.009 -14"><span class='ocrx_word' id='word_1_780' title='bbox 100 2817 143 2853; x_wconf 61' lang='lat' dir='ltr'><strong>rei:</strong></span> <span class='ocrx_word' id='word_1_781' title='bbox 154 2815 226 2845; x_wconf 74' lang='lat' dir='ltr'><strong>obiit.</strong></span> <span class='ocrx_word' id='word_1_782' title='bbox 240 2819 264 2844; x_wconf 76' lang='lat' dir='ltr'><strong>et</strong></span> <span class='ocrx_word' id='word_1_783' title='bbox 290 2818 365 2852; x_wconf 69' lang='lat' dir='ltr'><strong>ﬁlim</strong></span> <span class='ocrx_word' id='word_1_784' title='bbox 380 2818 438 2852; x_wconf 63' lang='lat' dir='ltr'><strong>ejus</strong></span> <span class='ocrx_word' id='word_1_785' title='bbox 454 2815 588 2852; x_wconf 72' lang='lat' dir='ltr'><strong>regnavit.</strong></span> <span class='ocrx_word' id='word_1_786' title='bbox 615 2819 679 2846; x_wconf 77' lang='lat' dir='ltr'><strong>Mox</strong></span> <span class='ocrx_word' id='word_1_787' title='bbox 697 2815 707 2846; x_wconf 64' lang='grc' dir='ltr'><em>ξ</em></span> <span class='ocrx_word' id='word_1_788' title='bbox 729 2819 809 2847; x_wconf 81' lang='lat' dir='ltr'><strong>Anno</strong></span> <span class='ocrx_word' id='word_1_789' title='bbox 824 2819 903 2853; x_wconf 83' lang='grc'>1016,</span> 
     </span>
    </p>
   </div>
   <div class='ocr_carea' id='block_1_116' title="bbox 101 2847 903 2891">
    <p class='ocr_par' dir='ltr' id='par_1_116' title="bbox 101 2847 903 2891">
     <span class='ocr_line' id='line_1_116' title="bbox 101 2847 903 2891; baseline 0.011 -17"><span class='ocrx_word' id='word_1_790' title='bbox 101 2847 177 2876; x_wconf 53' lang='lat' dir='ltr'><strong>oritur</strong></span> <span class='ocrx_word' id='word_1_791' title='bbox 189 2855 225 2880; x_wconf 75' lang='lat' dir='ltr'><strong>ut</strong></span> <span class='ocrx_word' id='word_1_792' title='bbox 234 2847 308 2888; x_wconf 51' lang='lat' dir='ltr'><strong>ﬁlius</strong></span> <span class='ocrx_word' id='word_1_793' title='bbox 319 2847 448 2890; x_wconf 68' lang='lat' dir='ltr'><strong>praedicti</strong></span> <span class='ocrx_word' id='word_1_794' title='bbox 470 2847 609 2883; x_wconf 68' lang='grc' dir='ltr'>δ’ἱιτηιιθιίι</span> <span class='ocrx_word' id='word_1_795' title='bbox 624 2855 658 2883; x_wconf 80' lang='lat' dir='ltr'><strong>ab</strong></span> <span class='ocrx_word' id='word_1_796' title='bbox 671 2857 734 2891; x_wconf 72' lang='lat' dir='ltr'><strong>ejus</strong></span> <span class='ocrx_word' id='word_1_797' title='bbox 743 2847 903 2884; x_wconf 76' lang='grc' dir='ltr'><strong>εοηδοὺνίηὸ</strong></span> 
     </span>
    </p>
   </div>
   <div class='ocr_carea' id='block_1_117' title="bbox 960 2741 1784 2782">
    <p class='ocr_par' dir='ltr' id='par_1_117' title="bbox 960 2741 1784 2782">
     <span class='ocr_line' id='line_1_117' title="bbox 960 2741 1784 2782; baseline -0.006 -8"><span class='ocrx_word' id='word_1_798' title='bbox 960 2747 1020 2782; x_wconf 77' lang='lat' dir='ltr'><strong>ﬁlio</strong></span> <span class='ocrx_word' id='word_1_799' title='bbox 1030 2746 1124 2777; x_wconf 79' lang='lat' dir='ltr'><strong>Arom’,</strong></span> <span class='ocrx_word' id='word_1_800' title='bbox 1141 2746 1166 2772; x_wconf 79' lang='lat' dir='ltr'><strong>et</strong></span> <span class='ocrx_word' id='word_1_801' title='bbox 1180 2745 1305 2782; x_wconf 69' lang='lat' dir='ltr'><strong>regnavit</strong></span> <span class='ocrx_word' id='word_1_802' title='bbox 1333 2745 1401 2780; x_wconf 74' lang='lat' dir='ltr'><strong>ipse.</strong></span> <span class='ocrx_word' id='word_1_803' title='bbox 1418 2745 1474 2773; x_wconf 89' lang='lat' dir='ltr'><strong>Ubi</strong></span> <span class='ocrx_word' id='word_1_804' title='bbox 1501 2745 1566 2782; x_wconf 83' lang='lat' dir='ltr'><strong>cod.</strong></span> <span class='ocrx_word' id='word_1_805' title='bbox 1576 2744 1619 2782; x_wconf 66' lang='lat' dir='ltr'><strong>al.</strong></span> <span class='ocrx_word' id='word_1_806' title='bbox 1640 2751 1657 2782; x_wconf 65' lang='grc' dir='ltr'>ςι</span> <span class='ocrx_word' id='word_1_807' title='bbox 1666 2741 1784 2782; x_wconf 59' lang='grc' dir='ltr'><strong>[ε’ἰθνηάα</strong></span> 
     </span>
    </p>
   </div>
   <div class='ocr_carea' id='block_1_118' title="bbox 558 2778 1782 2818">
    <p class='ocr_par' dir='ltr' id='par_1_118' title="bbox 558 2778 1782 2818">
     <span class='ocr_line' id='line_1_118' title="bbox 558 2778 1782 2818; baseline -0.003 -8"><span class='ocrx_word' id='word_1_808' title='bbox 558 2778 703 2818; x_wconf 63' lang='lat' dir='ltr'><strong>febr-uarii,</strong></span> <span class='ocrx_word' id='word_1_809' title='bbox 740 2786 766 2810; x_wconf 79' lang='lat' dir='ltr'><strong>el</strong></span> <span class='ocrx_word' id='word_1_810' title='bbox 794 2783 904 2811; x_wconf 78' lang='lat' dir='ltr'><strong>Samuel</strong></span> <span class='ocrx_word' id='word_1_811' title='bbox 957 2778 1017 2817; x_wconf 62' lang='lat' dir='ltr'><strong>ejus</strong></span> <span class='ocrx_word' id='word_1_812' title='bbox 1026 2781 1187 2810; x_wconf 70' lang='lat' dir='ltr'><strong>consobrino</strong></span> <span class='ocrx_word' id='word_1_813' title='bbox 1201 2778 1259 2815; x_wconf 73' lang='lat' dir='ltr'><strong>ﬁlio</strong></span> <span class='ocrx_word' id='word_1_814' title='bbox 1284 2778 1413 2810; x_wconf 70' lang='lat' dir='ltr'><strong>Arrenii.</strong></span> <span class='ocrx_word' id='word_1_815' title='bbox 1429 2781 1557 2810; x_wconf 88' lang='lat' dir='ltr'><strong>Consule</strong></span> <span class='ocrx_word' id='word_1_816' title='bbox 1571 2778 1702 2807; x_wconf 70' lang='lat' dir='ltr'><strong>Familia:</strong></span> <span class='ocrx_word' id='word_1_817' title='bbox 1729 2785 1782 2806; x_wconf 90' lang='lat' dir='ltr'><strong>no-</strong></span> 
     </span>
    </p>
   </div>
   <div class='ocr_carea' id='block_1_119' title="bbox 959 2818 1232 2846">
    <p class='ocr_par' dir='ltr' id='par_1_119' title="bbox 959 2818 1232 2846">
     <span class='ocr_line' id='line_1_119' title="bbox 959 2818 1232 2846; baseline -0.007 0"><span class='ocrx_word' id='word_1_818' title='bbox 959 2822 1036 2846; x_wconf 83' lang='lat' dir='ltr'><strong>stras</strong></span> <span class='ocrx_word' id='word_1_819' title='bbox 1051 2818 1232 2845; x_wconf 60' lang='lat' dir='ltr'><strong>Dalmaticae.</strong></span> 
     </span>
    </p>
   </div>
  </div>
