2024 3167
121 154 187 186 173
771 147 981 180 ANNALIUM
1000 146 1076 178 LIB.
1099 147 1196 180 xvn.
1780 151 1840 183 ω

116 219 218 259 ⁶τρίχα,
243 219 289 248 καὶ
314 217 355 258 ἐφ’
370 217 463 256 ἑτέραν
479 217 553 252 ζωὴν
571 216 794 254 μεταστήσεντας.
809 215 841 244 Ἦ
862 212 902 250 δὲ,
925 213 958 242 τὸ
981 215 1236 253 σκηνουργούμινον
1258 215 1426 254 ἀγνοήσασα,
1452 214 1572 253 ἑτοίμως
1594 216 1691 251 ἑαυτὴν
1715 217 1839 255 παρέσχε

117 266 194 304 πρὸς
208 265 257 300 τὴν
272 266 320 292 τοῦ
338 263 400 302 βίου
415 261 589 299 ἀπαλλαγήν.
618 262 650 290 Ἠ
667 261 715 297 μὲν
730 260 776 288 οὖν
791 260 841 295 τὴν
857 259 948 296 κόμην
963 269 992 286 τι
1007 259 1164 296 ἀπετμήθη,
1186 260 1231 288 καὶ
1249 259 1352 297 μὲλανα
1370 260 1576 300 μετημφίαστο.
1601 261 1631 304 'Q
1658 259 1686 288 δὲ
1708 262 1835 299 μετήχθη

117 303 192 349 πρὸς
206 309 240 338 τὰ
257 308 390 348 βασιλιια,
406 308 451 335 καὶ
466 308 483 342 ἡ
501 306 611 344 δευτέρα
624 307 678 334 τῶν
693 305 846 349 θυγατέρων
860 306 908 332 τοῦ
924 304 1127 332 Κωνσταντίνου
1153 305 1328 344 συζεύγνυτιι
1355 305 1427 342 αὖτῷ
1456 306 1527 344 πρὸς
1555 303 1717 342 συμϐίωσιν⁸
1744 307 1762 341 ἡ
1786 306 1836 344 γὰρ

120 348 218 393 τρίτη,
239 353 282 382 διὰ
295 354 327 382 τὸ
341 354 391 387 τήν
407 352 509 380 ἐκείνου
535 350 682 389 εὖνέτειραν
699 349 814 378 ἄκουσαν
832 348 991 387 διαζυγῆναι
1009 349 1101 384 αὐτοῦ,
1118 351 1342 388 παραιτήσασθαι
1363 351 1412 385 τὴν
1431 352 1488 387 μετ’
1513 351 1596 378 αὐτοῦ
1624 348 1777 388 συμϐίωσιν
1793 350 1838 379 λί-

121 392 215 438 γεται.
230 398 279 426 Καὶ
296 398 310 426 ὁ
335 398 382 435 μὲν
399 399 500 433 Καῖσαρ
516 395 678 434 ἀναρρηθεὶς
694 395 867 438 συνήρμοστο
881 395 915 430 τῇ
932 394 993 430 Ζωῇ
1076 394 1106 423 Ὀ
1122 393 1149 421 δὲ
1167 394 1297 432 βασιλεὺς
1311 396 1525 429 Κωνσταντῖνος,
1540 397 1613 433 τρεῖς
1629 392 1752 427 ἐπιϐιοὺς
1767 395 1838 432 ἡμέ-

118 436 174 482 ρας
187 445 222 481 τῇ
239 443 393 478 συνοικήσει
407 441 508 476 αὐτῶν,
523 440 633 468 ἀπέτισι
646 440 678 468 τὸ
693 440 796 478 χρεὼν,
810 436 1067 476 ἑϐδομηκοντούτης
1079 439 1124 467 καὶ
1137 439 1206 478 πρὸς
1222 440 1355 478 γεγονὼς,
1372 440 1512 472 ἐνιαυτοὺς
1530 439 1558 468 δὲ
1572 443 1646 479 τρεῖς
1659 441 1717 472 ἑνὸς
1732 439 1836 468 ἐνδέον-

119 499 172 521 τος
188 488 284 525 μηνὸς,
299 489 349 522 τῆς
368 485 507 525 βασιλείας
524 484 782 524 κατορχησάμενος.

159 533 213 562 IA'.
237 532 376 569 Ῥωμανὸς
401 530 431 559 δὲ
459 529 567 565 λοιπὸν,
593 530 622 562 ὃς
645 528 860 568 Ἀργυρόπωλος
890 527 951 556 ἐκα-

1045 529 1093 557 Χῐ.
1111 532 1261 558 Romanus
1277 530 1425 567 deinceps,
1451 530 1502 567 qui
1523 531 1722 567 Argyropolus
1751 538 1836 558 voca-

120 579 211 613 λεῖτο,
232 579 286 605 τῶν
311 577 457 614 σκήπτρων
480 571 705 612 ἐπιλαμϐάνεται,
730 574 774 601 καὶ
800 572 897 601 αὐτίκα
918 572 949 600 τὸ

117 621 330 660 Ἀλληλέγγυον
350 619 532 659 φορολόγημα
556 617 659 658 ῥιζόθεν
686 618 804 655 ἰξὲκοψε,
819 618 864 645 καὶ
891 619 948 648 τοῖς

119 669 172 696 τοῦ
188 668 255 695 Θεοῦ
280 664 429 703 ὑμνῳδοῖς,
458 666 516 696 τοῖς
541 665 576 702 τῇ
605 663 720 702 Μεγάλῃ
749 662 881 698 ἐκκΛησίᾳ
904 672 949 690 κε-

120 711 328 750 κληρωμένοις,
352 710 401 745 τήν
425 709 455 737 ἐκ
477 710 529 737 τῶν
555 707 692 747 βασιλείαν
721 707 840 745 ταμείων
865 717 951 745 χορη-

119 757 262 796 γουμένην
275 758 329 784 τῶν
345 754 482 794 χρυσίνων
497 753 630 791 διανομὴν
657 754 800 791 προσθήκῃ
830 751 950 788 ἐπηύξη-

121 812 189 837 σεν,
220 800 302 833 εῗδὼς
335 799 432 832 ἰνδεῶς
459 800 553 830 αὐτοῖς
582 798 655 837 ἔχειν
681 798 716 826 τὰ
743 797 948 836 χορηγούμενα.

120 847 223 885 Γέγονε
250 847 303 885 γάρ
331 856 400 874 ποτε
426 847 476 880 τῆς
502 842 551 872 τοῦ
589 845 656 871 Θεοῦ
691 843 780 882 Λόγου
804 842 950 879 ἐπωνύμου

122 891 227 932 Σοφίας
265 890 346 930 μὲγας
383 889 542 927 οῗκονόμος,
575 888 633 917 ἐπεὶ
661 891 700 926 etp
730 887 837 927 βασιλεῖ
862 887 951 932 ἀνεῖτο

121 931 240 976 πρύσθεν
280 935 445 973 οἷκονόμους
487 935 527 972 (3)
564 937 615 970 τῆς
654 933 801 969 ἐκκλησίας
838 931 953 968 ταυτησὶ

121 980 358 1020 προχειρίζεσθαι,
389 980 435 1008 καὶ
461 978 525 1011 τοὺς
541 978 586 1007 διὰ
603 979 673 1017 χρέα
701 977 820 1015 δημόσια
846 983 955 1014 καθειρ-

123 1027 245 1064 γμένους
275 1025 293 1060 ἢ
320 1025 367 1053 καὶ
398 1024 523 1052 ἰδιωτικὰ
550 1023 730 1062 ἠλευθέρωσε,
754 1023 788 1050 τὰ
817 1023 864 1059 μὲν
891 1022 959 1049 ἀπο-

126 1070 230 1107 τιννὺς,
247 1070 281 1098 τὰ
296 1068 324 1098 δὶ
338 1067 459 1106 δημὸσια
474 1068 571 1107 ἀφιεὶς,
597 1067 642 1095 καὶ
666 1068 818 1106 χρημάτων
843 1066 959 1095 πολλῶν

129 1114 253 1143 διάδοσιν
283 1113 429 1149 ἐποιήσατο
461 1113 528 1152 ὑπὲρ
552 1115 601 1140 τοῦ
627 1111 761 1150 βασιλέως
789 1111 960 1140 Κωνσταντί-

128 1171 176 1188 νου
202 1161 251 1187 τοῦ
267 1160 398 1196 πενθεροῦ
414 1158 509 1192 αὐτοῦ,
532 1158 578 1185 καὶ
604 1157 803 1195 αἰχμαλώτους
819 1155 963 1189 πλείστους

133 1204 258 1242 ἐπρίατο,
281 1203 327 1231 καὶ
352 1202 410 1231 ὅσοι
437 1205 491 1230 τῶν
508 1202 661 1230 ἐπισκόπων
678 1201 709 1230 ἐκ
732 1204 781 1229 τοῦ
804 1200 962 1239 ’Δλληλιγ-

133 1249 202 1289 γύου
217 1248 447 1288 φορολογήματος
477 1247 515 1279 εἷς
540 1246 641 1275 ἔνδειαν
669 1246 872 1282 συνηλάθησαν,
898 1248 962 1285 παρ’

136 1294 220 1322 αὐτοῦ
245 1293 442 1329 ἀνεκτήθησαν,
477 1292 522 1320 καὶ
544 1291 608 1324 τοὺς
633 1291 801 1324 κακωθέντας
826 1291 900 1329 παρὰ
913 1293 962 1319 toi}

130 1337 348 1374 τελευτήσαντος
379 1336 516 1375 βασιλάως
543 1338 561 1372 ἢ
587 1337 613 1364 ἒν
629 1337 753 1373 πηρώσει
783 1336 885 1373 μιλῶε,
901 1335 918 1371 ἢ
934 1335 960 1364 ἐν

135 1383 298 1421 δημεύσεσιν
314 1382 422 1417 ούσιῶν,
447 1381 466 1417 ἢ
489 1381 610 1413 ἀλλοίως
633 1383 854 1420 παρεμυθήσατο,
881 1382 961 1409 Ὑπο-

132 1428 259 1459 πτευθεὶς
289 1426 319 1455 δὲ
347 1428 361 1455 ὁ
391 1427 541 1466 μάγιστρος
569 1426 737 1458 ΙΙαονσιάνος
761 1427 775 1454 ὁ
803 1426 960 1464 Βούλγαρος

133 1473 222 1511 λάθρα
236 1474 270 1510 τῇ
300 1475 349 1507 τῆς
375 1472 532 1510 Λύγούστης
548 1473 625 1506 Ζωῆς
645 1470 750 1508 ἀδελφῇ
774 1473 809 1508 τῇ
834 1469 962 1509 Θεοδώρᾳ

133 1516 368 1555 κοινολογεῖσθαι,
392 1517 438 1544 καὶ
465 1518 500 1553 τῇ
527 1515 653 1554 βασιλείᾳ
680 1514 879 1555 ἐποφθαλμεῖν,
897 1515 962 1544 συλ-

135 1559 305 1599 λαμϐάνεται
320 1561 366 1589 καὶ
382 1563 550 1599 φρουρεῖται,
578 1561 635 1588 εἶτα
660 1560 705 1588 καὶ
733 1562 871 1598 πηροῦται
897 1559 961 1591 τοὺς

137 1605 310 1645 ὀφθαλμοὺς,
326 1605 371 1633 καὶ
387 1607 404 1640 ἡ
426 1603 554 1642 Θεοδώρα
578 1604 616 1635 εἷς
640 1605 671 1631 τὸ
700 1604 811 1642 Πέτριον
838 1603 962 1642 περιορί-

139 1653 224 1685 ζεται,
246 1649 318 1678 καὶὸ
335 1649 376 1677 ἐπ’
391 1648 525 1688 ἀδελφιδῆ
551 1647 579 1677 δὲ
601 1651 650 1677 τοῦ
679 1648 814 1687 βασιλέως
837 1646 964 1687 γαμϐρὸς

140 1697 342 1726 Κωνσταντῖνος
376 1695 390 1722 ὁ
427 1693 566 1731 Διογένης,
598 1694 636 1726 ὡς
662 1693 806 1732 τυραννίδα
842 1693 962 1731 μελετῶν

140 1739 366 1777 κατηγορηθεὶς,
397 1737 552 1775 δεσμευΘεὶς
582 1738 608 1766 ἐν
645 1738 741 1776 πύργῳ
765 1738 962 1777 καθείργνυται.

138 1786 191 1811 Τοῦ
218 1784 308 1820 μίντοι
331 1787 382 1818 τῆς
414 1781 560 1822 ’Δϐασγίας
583 1783 797 1820 ἡγεμονεύοντος
826 1784 963 1822 Δεωγρίου

140 1827 277 1862 θανόντος,
311 1829 328 1863 ἡ
364 1827 462 1856 τούτου
497 1827 609 1867 σύζυγος
624 1827 741 1860 σπονδὰς
769 1828 894 1865 ἐζήτησε,
919 1828 964 1857 καὶ

138 1873 261 1901 σύνοικον
287 1875 327 1909 τῷ
357 1873 419 1910 υἱῷ.
450 1872 500 1901 Καὶ
527 1874 541 1901 ὸ
568 1872 693 1911 βασιλεὺς
716 1873 764 1905 τάς
789 1884 818 1902 τε
847 1872 964 1905 σπονδὰς

1004 573 1105 608 batur,
1136 574 1261 610 sceptris
1295 574 1416 611 potitus,
1457 575 1602 603 tributum
1640 574 1836 612 allelengyum

1007 619 1108 646 statim
1126 619 1260 647 funditus
1271 619 1460 656 exstirpavit:
1476 619 1526 647 Dei
1542 619 1711 648 cantoribus
1727 620 1837 656 Magna:

1007 663 1137 692 Ecclesiae
1153 664 1314 698 attributis,
1344 664 1562 700 imperatoriam
1592 673 1748 693 aureorum
1773 664 1835 693 lar~

1004 708 1144 745 gitionem
1160 717 1176 737 ο
1187 709 1257 737 ﬁsco
1272 709 1363 737 tribui
1392 709 1509 737 solitam
1540 709 1660 737 adauxit
1675 718 1682 737 :
1700 717 1766 737 cum
1798 718 1833 738 ex

1004 761 1037 782 eo
1053 753 1141 783 sciret
1166 754 1195 782 id
1219 754 1401 790 stipendium
1427 754 1469 782 eis
1492 762 1549 782 non
1575 754 1721 788 sufﬁcere,
1752 754 1830 789 quod

1005 798 1162 836 aliquando
1178 799 1248 827 aedis
1262 801 1373 827 Sanctae
1393 798 1509 835 Sophia;
1524 806 1694 827 mconomus
1722 797 1830 832 fuerat,

1005 843 1076 871 dum
1094 843 1123 871 id
1139 852 1248 872 munus
1265 843 1300 871 ab
1321 843 1499 880 imperatore
1522 843 1613 871 tribui
1641 842 1764 871 solebat.
1790 843 1831 871 0b

1007 897 1046 917 res
1068 888 1197 917 olienum
1219 889 1280 917 sive
1308 889 1458 925 publicum
1488 888 1548 917 sive
1566 888 1713 925 privatum
1742 896 1833 916 nexos

1007 933 1152 969 liberavit,
1167 934 1218 962 illo
1232 933 1351 970 abolito,
1367 934 1422 962 hoc
1439 933 1552 962 soluto:
1569 942 1621 970 pro
1636 932 1828 962 Constantino

1011 986 1110 1007 socero
1141 979 1301 1007 maximam
1318 979 1473 1015 pecuniam
1502 978 1678 1007 distribuit:
1709 977 1836 1014 plurimo

1011 1023 1141 1059 captivos
1154 1024 1295 1058 redemit;
1312 1024 1389 1052 230
1405 1024 1558 1060 episcopos
1575 1031 1627 1059 per
1641 1022 1835 1059 allelengyum

1015 1068 1051 1096 ad
1080 1070 1239 1104 egestatem
1272 1068 1417 1102 redactos,
1449 1067 1636 1102 refocillavit;
1660 1076 1676 1096 a
1699 1067 1836 1096 defuncto

1015 1112 1191 1148 imperatore
1202 1112 1263 1140 sive
1293 1112 1477 1141 mutilatione
1491 1112 1631 1148 corporis,
1661 1112 1721 1140 sive
1744 1112 1836 1140 bono-

1017 1166 1083 1186 rum
1097 1156 1305 1193 publicatione,
1321 1157 1381 1185 sive
1400 1157 1466 1185 aliis
1481 1158 1577 1186 modis
1593 1157 1717 1186 afﬂictos
1733 1165 1839 1186 conso-

1019 1202 1096 1230 latus
1111 1204 1165 1230 est.
1182 1202 1236 1230 Sed
1262 1202 1438 1230 Prusianum
1469 1202 1654 1238 magistrum,
1669 1202 1839 1238 Bulgarum,

1017 1249 1187 1283 suspectum
1200 1247 1283 1282 quasi
1304 1246 1487 1275 clandestina
1511 1255 1577 1275 cum
1604 1247 1757 1275 Theodore
1771 1247 1842 1275 Zoes

1017 1293 1153 1329 Augustis
1177 1299 1278 1320 sorore
1301 1291 1425 1320 consilia
1453 1293 1603 1325 tractaret,
1633 1299 1783 1328 regnoque
1798 1291 1843 1320 in-

1016 1337 1122 1370 hiaret,
1138 1336 1385 1373 comprehensum
1398 1336 1428 1364 in
1444 1336 1608 1365 custodiam
1624 1337 1713 1371 dedit,
1726 1345 1759 1365 ac
1775 1345 1843 1373 pos-

1015 1384 1063 1410 tea
1085 1381 1223 1416 caecavit;
1251 1381 1434 1409 Theodoram
1465 1381 1495 1409 in
1525 1381 1653 1409 Petrium
1677 1381 1841 1418 relegavit;

1016 1426 1243 1455 Constantinum
1258 1426 1416 1462 Diogenem
1424 1426 1521 1462 neptis
1531 1434 1566 1454 ex
1577 1433 1676 1454 sorore
1687 1425 1841 1461 maritum,

1016 1472 1053 1500 ob
1069 1471 1206 1500 affectatae
1218 1471 1383 1508 tyrannidis
1397 1471 1518 1505 crimen,
1534 1471 1665 1499 vinctum
1678 1471 1708 1499 in
1718 1473 1842 1507 turrem,

1016 1516 1271 1552 conjecit.Mortuo
1282 1516 1404 1553 Georgio
1418 1515 1562 1552 Alhasgia:
1577 1515 1842 1551 principe,viduam

1017 1562 1092 1597 ejus,
1112 1560 1329 1590 renovationem
1354 1561 1480 1595 foederis,
1511 1562 1539 1589 et
1567 1560 1628 1588 ﬁlio
1654 1568 1774 1589 uxorem
1790 1568 1842 1596 pe-

1018 1607 1138 1639 tentem,
1154 1606 1309 1641 utriusque
1323 1605 1382 1634 voti
1397 1607 1564 1641 compotem
1594 1605 1672 1638 fecit,
1704 1606 1842 1633 renovato

1018 1650 1135 1685 fcedere,
1147 1652 1176 1678 et
1188 1650 1295 1678 Helena
1310 1658 1344 1678 ex
1358 1650 1446 1678 fratre
1461 1649 1568 1678 Basilio
1581 1651 1682 1686 nepte,
1704 1650 1734 1678 in
1750 1650 1842 1678 Abas-

1018 1695 1096 1732 giam
1108 1695 1209 1728 missa,
1225 1696 1311 1730 cujus
1327 1703 1470 1731 sponsum
1487 1695 1674 1723 Pancratium
1690 1694 1843 1732 curopala-

1018 1742 1079 1768 tam
1095 1739 1266 1776 designavit.
1277 1739 1435 1776 Chslepum
1452 1740 1564 1774 urbem,
1582 1748 1646 1776 quas
1675 1742 1703 1768 et
1728 1740 1844 1769 Berrwa

1018 1785 1136 1818 dicitur,
1153 1793 1322 1820 oppugnare
1338 1785 1476 1820 instituit,
1511 1786 1546 1812 ad
1573 1793 1698 1821 eamque
1722 1793 1785 1813 rem
1813 1793 1844 1813 se

1019 1829 1141 1866 paravit.
1157 1829 1230 1857 Nam
1246 1838 1314 1857 cum
1330 1829 1511 1866 Nicephorus
1526 1832 1554 1858 et
1573 1829 1702 1857 Joannes
1717 1830 1843 1866 impera-

1019 1877 1096 1903 tores
1112 1874 1221 1902 multas
1244 1875 1331 1902 urbes
1357 1874 1509 1902 Phoeniciis
1537 1877 1566 1902 et
1589 1874 1676 1910 Syriae
1697 1874 1844 1902 Romano-

135 1917 294 1953 ἀνεκαίνισε,
313 1907 359 1945 καὶ
383 1907 432 1952 τήν
448 1916 532 1945 παῖδα
549 1907 691 1946 Βασιλείου
714 1920 763 1945 τοῦ
778 1917 897 1953 ἀδελφοῦ
913 1918 960 1946 αύ-

1019 1928 1085 1947 rum
1102 1919 1224 1954 imperio
1238 1919 1444 1955 subjecissent,
1457 1919 1581 1947 Basilius
1597 1920 1647 1956 qui
1658 1926 1776 1948 secutus
1788 1922 1842 1953 est,

135 1964 183 1990 τοῦ
208 1963 256 1998 τήν
285 1962 397 1998 Ἑλένην
426 1962 535 2002 νύμφην
572 1962 610 1995 εἷς
636 1960 779 2001 Ἀϐασγίαν
807 1962 960 1998 ἀπέστειλε,

135 2007 180 2035 τὸν
207 2007 323 2046 νυμφίον
351 2007 503 2045 Παγκράτιν
532 2007 744 2045 κουροπαλάτην
779 2009 935 2045 τετιμηκώς
952 2029 959 2036 .

137 2052 167 2080 Ὀ
197 2050 226 2079 δὲ
257 2051 385 2089 βασιλεὺς
412 2052 482 2079 κακὰ
509 2054 557 2079 τοῦ
585 2051 681 2080 Χάλεπ
707 2052 843 2090 ὁρμῆσαι,
873 2053 887 2081 ὃ
915 2053 960 2081 καὶ

137 2096 253 2135 Βὲῤῥοια
280 2095 399 2134 λέγεται,
422 2094 557 2131 ἠϐούλετό
572 2097 657 2124 τεκαὶ
685 2098 860 2134 ἡτοιμάζετο.
889 2097 962 2126 Ηολ-

138 2140 188 2172 λὰς
202 2141 252 2179 γὰρ
267 2143 322 2168 τῶν
337 2140 444 2169 πόλεων
468 2145 518 2176 τῆς
539 2152 568 2169 τε
592 2141 723 2176 Φοινίκης
739 2142 784 2170 καὶ
798 2144 849 2175 τῆς
865 2142 962 2180 Σύρίας

139 2188 187 2214 τοῦ
201 2185 365 2223 Νικηφόρου
377 2185 422 2213 καί
436 2187 485 2213 τοῦ
510 2186 637 2214 Ἰωάννου
658 2188 711 2213 τῶν
739 2186 871 2224 βασιλέων
895 2188 963 2215 ὑπα-

137 2230 273 2269 γαγόντων
288 2232 323 2267 τῇ
348 2232 401 2258 τῶν
432 2230 577 2267 Ῥωμαίων
600 2231 741 2268 ἡγεμονίᾳ,
771 2232 785 2259 ὁ
809 2233 867 2268 μετ’
895 2232 965 2260 ἐκεί-

140 2286 201 2307 νους
216 2275 368 2311 Βασίλειος,
384 2277 443 2306 ταῖς
468 2275 536 2312 μετὰ
559 2274 722 2314 Βουλγάρων
748 2275 892 2314 σχολάζων
917 2276 966 2314 μά-

140 2329 216 2358 χαις,
244 2320 337 2356 καιρὸν
358 2320 410 2347 οὐκ
436 2316 500 2357 ἔσχε
524 2319 572 2350 τὰς
595 2318 748 2352 ἑαλωκυίας
771 2320 965 2360 ἀσφαλίζεσθαι

142 2364 248 2395 πόλεις·
265 2363 318 2392 αἵδ’
343 2364 431 2401 ὅμως,
463 2364 548 2402 μέχρι
578 2364 625 2401 μὶν
652 2368 748 2402 περιῆν
778 2364 888 2402 ἐκεῖνος,
917 2366 967 2395 ούκ

149 2407 271 2445 ἐτόλμων
287 2409 325 2440 εἷς
338 2409 476 2447 προῦπτον
500 2409 548 2437 τὸν
570 2412 619 2444 τῆς
640 2408 765 2442 δουλείας
793 2411 871 2449 ζυγὸν
899 2411 967 2440 ἀπο-

145 2453 294 2482 σείσασθαι.
310 2456 364 2481 Τοῦ
388 2453 417 2482 δὲ
439 2454 638 2482 Κωνσταντίνου
652 2457 706 2483 τῶν
723 2456 868 2494 σκήπτρων
895 2456 968 2485 ἕπει-

144 2497 298 2535 λημμὲνου,
324 2498 369 2525 καὶ
398 2499 546 2536 ἀνειμένως
574 2501 624 2535 τὴν
658 2499 795 2538 βασιλείαν
820 2501 966 2536 ἱθύνοντος,

143 2543 168 2571 οἱ
181 2544 231 2576 τῆς
247 2543 334 2580 ’Ἅγαρ
351 2543 492 2581 ἀπόγονοι,
513 2546 609 2572 τοῦτον
634 2546 702 2573 εἶναι
721 2546 769 2573 τὸν
782 2547 876 2583 καιρὸν
889 2547 967 2586 γνόν-

1017 1964 1177 2001 Bulgaricis
1192 1964 1427 2000 expeditionibus
1444 1967 1616 2000 occupatus,
1630 1973 1680 1993 eas
1703 1964 1844 1993 ﬁrmandi

1016 2009 1109 2038 otium
1121 2017 1178 2036 non
1194 2009 1313 2037 habuit:
1331 2016 1424 2044 neque
1447 2011 1554 2044 tamen,
1587 2009 1684 2045 quoad
1707 2009 1731 2037 is
1760 2009 1843 2045 vixit,

1016 2053 1073 2082 illis
1089 2062 1166 2082 ausae
1177 2053 1408 2089 fueruntjugum
1420 2053 1570 2081 servitutis
1581 2056 1681 2090 aperte
1697 2056 1844 2082 excutere.

1015 2099 1158 2127 Castorum
1177 2097 1370 2126 Constantino
1386 2105 1486 2125 rerum
1511 2098 1616 2133 potito,
1647 2100 1676 2125 et
1700 2097 1846 2126 dissolute

1017 2142 1174 2179 imperium
1191 2142 1429 2177 administrante,
1444 2142 1569 2177 Agareni
1585 2144 1704 2178 tempus
1720 2142 1750 2170 id
1764 2150 1846 2170 exse-

1019 2187 1127 2224 quendi
1143 2195 1177 2215 ea
1191 2195 1253 2222 quae
1268 2186 1374 2214 animis
1394 2186 1550 2222 agitarent,
1575 2186 1765 2214 commodum
1782 2194 1848 2214 esse

1019 2231 1086 2266 rati,
1103 2231 1186 2260 cessis
1198 2231 1345 2267 praesidiis
1361 2232 1450 2260 urbes
1476 2233 1630 2267 occupant.
1647 2231 1767 2267 Chalepi
1783 2239 1848 2260 vero

1020 2278 1155 2314 princeps
1171 2276 1391 2304 continentibus
1414 2276 1641 2305 excursionibus
1671 2277 1700 2304 et
1725 2275 1850 2312 popula—

1021 2322 1152 2350 tionibus
1178 2321 1273 2357 ipsam
1310 2321 1511 2357 Antiochiam,
1545 2321 1679 2357 aliasque
1706 2320 1848 2349 ﬁnitimas

1021 2367 1108 2404 Syria
1128 2368 1230 2403 gentes
1259 2366 1399 2394 Romanae
1424 2366 1545 2394 ditionis
1574 2366 1719 2394 vexabat:
1752 2374 1769 2394 ει
1793 2374 1851 2402 quo

1022 2413 1082 2441 dux
1100 2411 1310 2446 Antiochenus,
1335 2411 1527 2440 Constantino
1559 2411 1656 2440 adhuc
1681 2411 1851 2448 superstite,

1022 2457 1148 2494 turpiter
1174 2458 1281 2490 victus,
1310 2456 1459 2493 plerisque
1486 2464 1609 2485 suorum
1652 2457 1780 2492 amissis,
1802 2455 1851 2484 vix

1023 2503 1164 2538 eﬂ‘ugerat
1188 2511 1196 2528 :
1227 2501 1274 2530 cui
1303 2501 1454 2530 Romanus
1479 2510 1651 2530 successore
1679 2501 1759 2536 dato,
1784 2501 1848 2538 ipse

1023 2555 1140 2583 quoque
1167 2547 1203 2575 ad
1219 2546 1331 2574 bellum
1370 2546 1431 2575 ivit.
1472 2547 1543 2575 Cum
1566 2548 1663 2575 autem
1691 2547 1722 2575 in
1745 2546 1850 2575 itinere

139 2598 182 2619 τες
198 2587 266 2625 πρὸς
280 2586 311 2615 τὸ
329 2587 518 2624 μελετώμενον
534 2588 626 2622 αὐτοῖς
640 2589 807 2627 ἐπιτήδειον,
830 2594 888 2624 τοῖς
912 2594 960 2620 τῶι

1021 2591 1179 2628 Ghalepitaa
1195 2590 1283 2627 legati
1298 2599 1366 2619 cum
1382 2592 1555 2621 muneribus
1571 2591 1673 2620 multis
1688 2591 1715 2620 ei
1744 2599 1849 2620 occur-

141 2632 248 2661 πύλεων
271 2634 402 2672 φρουροῖς
427 2631 601 2670 ἅπιτίθενται,
623 2634 668 2663 καὶ
689 2635 802 2668 τούτους
830 2635 966 2676 διαχειρι-

1022 2638 1138 2672 rissent,
1152 2636 1268 2665 veniam
1284 2638 1427 2673 petentes,
1441 2646 1474 2666 ac
1504 2638 1654 2666 servitutis
1684 2635 1849 2665 renovatio-

773 2704 874 2736 Varia:
894 2706 1044 2737 lectiones
1060 2708 1090 2735 et
1114 2707 1210 2735 notae.

181 2762 218 2799 (2)
242 2763 431 2804 ggﬁppono
466 2765 501 2800 τῇ
523 2765 603 2804 Ζωῇ.
633 2765 971 2804 LupusAprotospalha:

149 2799 224 2840 ,1qu
238 2800 307 2840 1029
321 2799 499 2840 mortuus_esl
515 2799 713 2840 ϐοηέιαηιὶνῂιε
737 2799 802 2840 ἰῆψ.
826 2799 974 2840 ἱνίυίθίιία

151 2835 176 2864 S.
192 2835 316 2873 Martini,
332 2839 358 2865 et
378 2844 407 2866 te
421 2837 529 2867 vivente
552 2838 684 2874 imposuit
702 2839 732 2867 in
759 2835 822 2869 εὲἀθ
848 2835 913 2870 διαί
920 2843 973 2871 Ro-

1027 2776 1152 2804 manum,
1167 2766 1315 2804 etdeditez‘
1330 2776 1444 2797 mrem
1460 2770 1532 2798 Zozm
1546 2768 1637 2804 ﬁliam
1647 2774 1734 2804 suam.

1027 2800 1297 2877 κοεζὲἰιῖἕκονόμους.
1314 2804 1387 2834 Vide
1415 2805 1498 2835 Gloss.
1530 2800 1599 2834 ηἰειι.
1618 2803 1730 2833 Crescit.
1764 2800 1854 2832 inol—
