2024 3167
198 109 257 141 1⁵15

863 112 1028 144 JOANNlS
1050 111 1225 143 ZONABA!

1866 115 1957 145 176

195 184 263 206 nem
278 177 307 205 et
321 176 492 213 pensionem
509 186 566 206 non
583 177 748 207 solutorum
756 178 947 213 tributorum,
959 185 1007 214 qua

1058 177 1199 214 _cr&psvon,
1227 177 1306 206 αὖτοί
1340 180 1395 206 τῶν
1437 179 1546 207 πόλεων
1570 179 1710 219 γεγόνασιν
1750 180 1954 220 ἐγκρατεῖς.

193 222 224 250 in
240 223 390 258 posterum
406 221 494 250 etiam
523 222 596 250 citra
623 222 892 258 tergiversationem
920 222 1018 251 daturi

193 268 302 301 essent,
319 266 507 303 pollicentes:
525 267 658 303 quamvis
670 268 946 296 multisillustribus
962 268 1018 295 du-

194 312 277 340 cibus
293 311 329 339 ab
346 311 482 340 ulteriore
500 321 657 348 progressu
675 315 813 349 tanquam
844 312 941 340 inutili
966 313 1017 340 de—

193 356 382 392 terrentibus,
400 365 559 393 pacemque
581 358 786 390 suadentibus.
802 360 901 386 tamen
917 357 1018 393 ereptis

192 410 250 429 non
266 401 388 436 destitit,
401 404 549 438 Agarenos
575 402 660 431 facile
685 411 716 430 se
744 402 891 430 victurum
915 402 1016 439 opina-

193 449 252 479 tus,
267 447 340 474 23]
360 449 388 475 et
402 455 432 474 re
448 447 520 475 bene
533 449 615 483 gesta
645 455 787 483 magnum
816 450 844 475 et
869 455 1016 475 memora-

192 491 251 520 bile
266 499 374 519 nomeu
398 495 636 520 consecuturum.
666 494 843 529 Progressus
864 492 955 529 igitur
986 491 1016 519 in

191 536 306 572 Syriam
325 536 434 564 vallum
465 537 638 565 communit.
660 538 714 565 Sed
733 538 852 571 Arabes,
882 537 1016 565 homines

193 581 319 609 audaces
329 585 417 617 atque
433 581 556 617 expediti
574 582 603 609 in
617 581 760 610 celeribus
781 582 875 618 equis,
889 584 917 610 et
933 581 1014 615 nudi,

192 626 229 653 ab
244 628 368 661 utraque
382 625 449 653 valli
466 628 548 661 parte
578 626 729 654 collocatis
755 627 882 660 insidiis,
910 626 935 654 si
964 626 1015 662 qui

190 670 363 706 pabulatum
380 673 431 698 aut
446 673 585 706 aquatum
600 671 727 705 exibant,
745 680 794 699 eos
812 672 922 708 impetu
940 671 1015 699 tacto

189 715 340 742 exedebant
354 717 406 742 aut
415 715 580 751 capiebant,
598 724 656 752 qua
672 725 701 743 re
718 717 815 749 ﬁebat,
831 719 862 744 ut
878 718 906 743 et
935 715 1014 743 mili-

189 761 234 788 tes
249 761 278 786 et
289 760 357 795 equi
379 768 435 795 prae
465 760 513 788 siti
542 760 706 788 deﬁcerent.
740 760 849 788 Deinde
870 760 1014 788 incursio-

191 803 278 832 nibus
291 803 350 831 illis
367 804 461 839 magis
476 804 644 837 assuefacti,
668 807 697 832 et
719 805 866 833 Romanos
892 804 1013 841 ignaviae

191 848 378 882 damnantes,
394 848 490 876 subito
507 857 541 877 ex
556 849 706 877 montibus
723 850 886 883 decurrere,
902 851 930 876 et
953 848 1013 876 cla-

192 901 273 921 more
288 893 440 921 barbarico
456 894 584 927 sublato,
601 894 729 930 speciem
741 893 942 921 multitudinis
968 893 1012 920 in-

190 942 333 974 gerentes,
349 938 426 974 quod
443 947 500 966 non
523 939 645 966 densata
673 939 744 972 acie,
771 939 821 966 sed
847 938 943 965 laxata
962 946 1012 965 ex-

189 985 351 1016 currerent,
373 983 504 1019 citraque
526 983 659 1011 ordinem
686 983 796 1011 vallum
827 983 1009 1017 invaderent,

189 1035 307 1055 omnem
321 1028 480 1055 exercitum
504 1028 639 1056 territum
673 1027 702 1054 in
723 1027 821 1063 fugam
849 1029 1008 1061 verterunt,

187 1074 274 1108 atque
286 1072 350 1108 ipse
367 1073 525 1108 imperator
539 1075 643 1108 captus
662 1074 750 1106 esset,
773 1081 790 1100 ο.
812 1071 932 1100 turbata
959 1080 1009 1099 cu-

184 1116 494 1145 stodiainoustoditus
510 1117 640 1152 relictus,
667 1116 856 1152 nisiquidam
880 1124 948 1144 eum
978 1116 1008 1144 in

183 1169 294 1197 equum
310 1161 459 1189 sublatum
477 1162 512 1189 ad
531 1162 630 1197 fugam
649 1161 819 1189 cohortatus
835 1163 914 1188 esset
929 1163 1007 1188 metu

184 1214 258 1243 pene
274 1206 484 1234 exanimatum.
502 1206 626 1234 Romani
642 1206 732 1241 igitur
747 1205 828 1233 nullo
852 1206 955 1233 ordine
966 1207 1007 1233 te-

181 1258 320 1287 mereque
344 1250 497 1286 fugiebant
520 1259 526 1278 :
557 1250 677 1278 Barbari
715 1259 781 1278 vero
807 1250 1008 1286 inexspectata

182 1296 250 1332 iuga
261 1295 428 1330 stupefacti,
446 1295 591 1331 fugientes
608 1303 665 1322 non
681 1297 751 1322 sunt
772 1294 930 1330 persecuti,
956 1295 1006 1322 sed

181 1340 292 1368 vallum
308 1339 445 1376 ingressi,
466 1339 569 1376 paucis
583 1339 751 1367 illustribus
771 1339 877 1374 captis,
908 1339 1005 1375 direp-

183 1387 272 1421 toque
287 1384 474 1420 imperatorio
491 1384 689 1418 tabernaculo,
706 1383 854 1411 variarum
871 1391 960 1419 opum
979 1385 1007 1412 et

185 1429 270 1466 regies
294 1429 518 1466 magnificentia
545 1429 639 1465 plene,
677 1429 850 1464 caeterisque
881 1428 1005 1464 impedi-

186 1474 293 1502 mentis
307 1474 335 1501 in
351 1482 442 1510 equos
458 1482 527 1501 suos
543 1473 689 1509 impositis
705 1475 898 1501 recesserunt.

1073 222 1104 250 Ὀ
1119 221 1148 250 δὲ
1162 224 1210 250 τοῦ
1225 222 1320 251 Χάλεπ
1342 223 1477 262 ἀρχηγὸς,
1502 224 1548 252 καὶ
1573 223 1710 264 ἐκδρομὰς
1738 227 1955 264 ποιούμενος

1073 271 1207 305 συνεχεῖς,
1233 267 1316 303 αὐτήν
1330 279 1359 296 τε
1381 270 1430 304 τήν
1454 269 1634 308 Ἀντιόχειαν,
1661 271 1705 298 καὶ
1736 271 1786 299 ὅσα
1818 273 1951 310 πρόσ-

1073 321 1134 339 οικα
1157 312 1218 348 ἔθνη
1248 315 1282 350 τῇ
1310 313 1403 351 Σύρων
1427 315 1474 352 γῇ,
1505 314 1549 342 καὶ
1576 317 1635 346 τοῖς
1660 316 1809 352 Ῥωμαίοις
1835 318 1950 352 ὑπη-

1072 366 1132 391 κοα,
1148 357 1282 392 ἐληίζετο.
1313 359 1346 396 ᾭ
1370 358 1650 396 ἀντιπαραταξάμενος
1679 361 1693 388 ὁ
1717 365 1768 396 τῆς
1793 363 1948 389 Ἀντιο-

1072 401 1148 439 χιίας
1170 401 1243 438 δοῦξ,
1280 400 1318 430 ἔτι
1353 403 1493 441 περιόντος
1521 407 1568 432 τοῦ
1597 405 1800 445 αὐτοκράτορος
1825 410 1943 435 Κων-

1071 446 1221 484 σταντίνου,
1248 447 1370 486 αἰσχρῶς
1393 449 1510 485 ἡττήθη,
1541 449 1587 476 καὶ
1611 450 1674 482 τοὺς
1708 450 1822 483 πλείους
1851 454 1941 479 τῶν

1071 491 1116 519 σὺν
1134 492 1209 529 αὐτῷ
1224 490 1433 528 ἀλοϐεϐληκὼς,
1452 493 1535 530 μόλις
1558 493 1679 530 ἠδυνήθη
1704 499 1796 534 φυγεῖν
1828 497 1939 524 ἐνιιῖ-

1070 547 1128 568 νος.
1162 539 1261 564 Τοῦτον
1289 538 1302 564 ὁ
1332 537 1471 574 Ῥωμανὸς
1506 538 1675 576 ἀφελόμενος
1716 541 1765 575 τὴν
1796 541 1932 580 ἀρχήν,

1070 581 1279 619 προεχειρίσατο
1306 579 1417 619 ἕτερον·
1449 582 1591 620 ἐξώρμησε
1621 583 1650 611 δὲ
1678 585 1825 620 κάκεῖνος,
1852 579 1931 614 οιαὶ

1069 625 1176 654 ἀπιόντι
1201 626 1328 663 προσίασι
1357 624 1482 664 πρέσϐεις
1511 638 1578 664 μετα
1594 627 1689 666 δώρων
1719 629 1922 666 πολυτελῶν,

1069 671 1136 706 πρὸς
1162 672 1211 697 τοῦ
1241 669 1396 699 Χαλεπίτου
1434 671 1606 709 ἐσταλμένοι,
1643 674 1801 711 αἰτούμενοι
1833 686 1927 714 συγ-

1068 715 1182 752 γνώμης
1208 717 1311 752 τυχεῖν,
1337 715 1381 743 καὶ
1405 717 1455 750 τήν
1479 715 1603 745 δουλιίαν
1620 718 1835 755 ἀνανεώσασθαι,
1853 728 1921 753 καὶ

1068 757 1215 787 ἀποδοῦναι
1240 760 1288 790 τὰς
1315 759 1452 798 εῒσφορὰς,
1478 760 1557 800 αἵπερ
1584 760 1682 801 ἔτυχον
1701 764 1917 800 ὑστερήσασαι,

1067 804 1111 830 καὶ
1139 804 1237 835 ταὸτας
1260 803 1375 838 ἐτησίους
1413 805 1546 843 εἷ’σφὲρειν
1584 808 1643 843 μετ’
1681 807 1915 845 εὐγνωμοσύνης

1067 847 1106 880 εἲς
1119 847 1150 875 τὸ
1166 847 1252 877 ἐπιόν.
1268 849 1298 877 Ὁ
1327 847 1366 883 δὲ,
1393 849 1482 877 καίτοι
1510 849 1625 879 πολλῶν
1647 853 1690 879 καὶ
1717 855 1913 891 στρατηγίαις

1068 892 1204 932 ἐπιφανῶν
1241 891 1448 931 ἀποτρεπόντων
1489 894 1562 931 αὐτῷ
1589 896 1639 931 τὴν
1670 897 1709 928 εἷς
1735 898 1770 924 τὰ
1797 898 1906 936 πρόσω

1068 937 1153 976 φορὰν
1177 937 1214 969 ὡς
1242 936 1411 976 ἀσύμφορον,
1439 938 1484 966 καὶ
1507 939 1665 972 σπείσασθαι
1687 939 1903 978 συμϐουλευόν-

1064 983 1128 1015 τῶν,
1145 981 1194 1009 οὐκ
1209 981 1348 1020 ἀνείργετο
1369 986 1419 1018 τῆς
1444 983 1544 1020 ὁρμῆς,
1575 983 1648 1012 ἀλλὰ
1670 985 1735 1024 ῥᾷον
1759 991 1900 1024 κρατῆσαι

1063 1025 1116 1053 τῶν
1144 1027 1304 1064 ’Δγαρηνῶν
1329 1026 1501 1062 ἐφαντάζετο,
1527 1028 1572 1056 καὶ
1594 1032 1674 1057 τοῦτο
1699 1032 1896 1068 κατωρθωκὼς

1066 1070 1135 1108 μίγα
1163 1081 1188 1098 τι
1216 1071 1259 1098 καὶ
1283 1071 1432 1109 ὑπέρογκον
1455 1071 1526 1108 ᾤετο
1556 1073 1642 1110 ἑαυτῷ
1660 1077 1896 1112 περιποιήσασθαι

1063 1115 1269 1153 σεμνολόγημα.
1298 1117 1420 1144 ’Ἀπεισιν
1443 1116 1488 1143 οὖν
1514 1116 1540 1144 ἐν
1569 1118 1654 1156 Συρίᾳ
1681 1119 1725 1147 καὶ
1760 1120 1895 1157 βάλλεται

1063 1161 1180 1198 χάρακα.
1209 1157 1322 1198 ’Ἄραϐες
1352 1159 1380 1188 δὲ
1405 1161 1564 1190 αὐτόσκευοί
1592 1173 1663 1194 τινες
1679 1162 1820 1201 ἅνθρωποι
1847 1167 1893 1194 καὶ

1059 1203 1211 1241 τολμητίαι
1234 1203 1347 1240 κέλητες
1375 1204 1416 1243 ἐφ’
1427 1205 1522 1233 ἵππων
1539 1206 1688 1235 ὠκυπόδων
1705 1209 1807 1246 γυμνοὶ
1827 1210 1894 1237 ἑκα-

1061 1249 1176 1292 τέρωθεν
1192 1248 1299 1286 ἐλόχων
1315 1251 1363 1276 τοῦ
1378 1250 1510 1287 χάρακος,
1536 1251 1580 1278 καὶ
1602 1251 1666 1284 τοὺς
1683 1252 1720 1284 εἷς
1746 1252 1893 1292 συλλογὴν

1061 1291 1188 1325 ἀπιόντας
1213 1293 1296 1331 χιλοῦ
1321 1293 1417 1326 ὕδατός
1438 1305 1468 1322 τε
1504 1294 1611 1332 ἀρδείαν
1634 1295 1790 1335 ἐκθορόντες
1820 1291 1892 1336 ἀνῄ-

1062 1338 1156 1376 ρουνῆ
1182 1338 1227 1365 καὶ
1252 1339 1433 1376 συνήρπαζον,
1457 1339 1494 1370 ὡς
1517 1339 1580 1372 τούς
1604 1351 1634 1368 τε
1650 1342 1818 1378 στρατιώτας
1845 1343 1893 1370 καὶ

1059 1381 1208 1416 τὴν’ίππον
1233 1382 1321 1410 αὐτῶν
1347 1383 1523 1420 ἀπειρακὲνιοι
1543 1387 1583 1421 τῷ
1606 1383 1688 1422 δίψει.
1715 1387 1782 1414 Εἶτα
1807 1398 1892 1423 συνη-

1061 1428 1182 1464 θέστεροι
1226 1428 1364 1466 γεγονότες
1409 1431 1469 1461 ταῖς
1515 1428 1664 1468 ἐκδφομαῖς
1711 1432 1780 1469 πρὸς
1824 1432 1892 1463 τοὺς

1060 1471 1211 1508 Ῥωμαίους
1233 1473 1259 1499 οἱ
1284 1470 1415 1510 νΑριιιϐεςι,
1438 1473 1482 1501 καὶ
1510 1474 1566 1501 οἷον
1594 1475 1769 1513 καταγνόντες
1783 1475 1891 1505 δειλίαν

183 1519 284 1552 αὐτῶν,
301 1517 398 1556 ἀθρόον
415 1518 467 1545 ἀπὸ
482 1520 534 1544 τῶν
554 1517 696 1554 μετεώρων
715 1516 913 1554 ἐξωρμηκότες,
930 1517 974 1544 καὶ
990 1514 1166 1555 βαρϐαρικὸν,
1183 1516 1377 1553 ἀλαλάξαντες,
1392 1518 1436 1545 καὶ
1452 1517 1577 1554 πλήθους
1604 1520 1746 1557 φαντασίαν
1764 1521 1893 1558 ἀπεργα-

183 1565 295 1600 σάμενοι
309 1565 349 1599 τῷ
365 1563 402 1599 μὴ
419 1562 602 1598 συνασπισμὸν
618 1564 720 1599 τηρεῖν1
738 1560 810 1589 ἀλλὰ
825 1560 1027 1598 διεσπασμένως
1043 1560 1193 1599 ἇκτρὲχειν,
1207 1561 1252 1589 καὶ
1272 1561 1374 1589 ἐπιέναι
1389 1562 1563 1594 ἀσυντάκτως
1576 1566 1616 1600 τῷ
1630 1564 1742 1602 χάρακι,
1759 1564 1893 1602 ἐκδείμα-

179 1609 269 1636 τοῦσιν
287 1609 354 1635 ἅπαν
376 1607 407 1635 τὸ
423 1606 626 1645 στρατιωτικὸν,
651 1606 696 1633 καὶ
721 1605 759 1637 είς
773 1607 862 1645 φυγὴν
876 1607 1015 1644 τρέπουσι,
1031 1606 1074 1633 καὶ
1091 1606 1121 1633 ἃν
1137 1606 1211 1634 ἑάλω
1226 1606 1271 1633 καὶ
1288 1607 1301 1634 ὁ
1325 1606 1499 1645 αὐτοκράτωρ
1523 1607 1616 1642 αὐτὰς,
1641 1612 1692 1643 τῆς
1715 1609 1776 1647 περὶ
1804 1610 1889 1638 αὐτὸν

180 1652 393 1691 ἐκταραχθείσης
409 1654 537 1689 φρουρᾶς,
551 1650 595 1678 καὶ
611 1649 771 1682 λελοιπυίας
787 1650 959 1689 ἀφρούρητον
973 1651 1019 1678 τὸν
1036 1650 1250 1689 φρουρούμενον,
1267 1650 1291 1678 εἷ’
1308 1651 1345 1688 μή
1362 1661 1403 1682 τις
1420 1651 1499 1679 αὐτὸν
1516 1651 1559 1679 ἐπὶ
1582 1652 1628 1680 τὸν
1646 1653 1731 1680 ἰππον
1759 1653 1890 1690 ἀνέλαϐε,

178 1697 224 1726 καὶ
241 1698 347 1737 φεύγειν
364 1695 514 1734 ἐπέρρωσεν
531 1695 730 1723 ἐκπεπνευκότα
743 1697 783 1731 τῷ
799 1694 851 1723 δέει
867 1697 975 1733 μικροῦ.
992 1695 1128 1732 ’Δπῂεσαν
1147 1696 1194 1732 μὶν
1209 1695 1254 1722 οῦν
1271 1696 1298 1722 οἳ
1310 1697 1441 1732 Ῥωμαῖοι
1456 1696 1588 1733 ἀτάκτως,
1603 1697 1640 1729 ὡς
1663 1695 1777 1729 ἵκοιο-τος
1806 1697 1891 1737 ἔτυχε

179 1744 294 1774 θέοντες.
311 1743 341 1769 Οἱ
357 1740 385 1769 δὶ
401 1738 536 1779 Βάρϐαροι
550 1741 581 1768 τὸ
597 1739 755 1778 παράλογον
770 1743 820 1775 τῆς
834 1742 938 1778 τροπῆς
953 1739 1113 1776 τεθηπότες,
1129 1740 1197 1768 κατὰ
1210 1743 1263 1767 τῶν
1280 1739 1535 1778 ἀποδιδρασκόντων
1559 1742 1609 1770 οὐκ
1634 1742 1780 1778 ἐπεξέθεον,
1811 1743 1889 1772 ἀλλὰ

180 1789 248 1815 κατὰ
262 1789 310 1815 τοῦ
323 1786 443 1824 χάρακος
457 1783 542 1820 ἔθεον,
559 1783 669 1822 ὀλίγους
681 1787 734 1812 τῶν
751 1784 964 1823 ἂπιφανεστέρων
982 1785 1180 1823 ζωγρήσαντες,
1195 1784 1240 1812 καὶ
1264 1786 1313 1820 τήν
1327 1796 1356 1813 τε
1371 1787 1469 1821 σκηνὴν
1486 1784 1650 1824 διηρπάκασι
1666 1788 1716 1822 τήν
1735 1787 1886 1826 βασίλειον,

184 1833 282 1869 μεστὴν
299 1832 377 1858 οὖσαν
393 1829 515 1857 πλούτου
530 1828 703 1857 παντοδαποῦ
718 1829 763 1857 καὶ
778 1828 958 1861 πολυτελείας
973 1828 1129 1868 βασιλικῆς,
1145 1829 1189 1857 καὶ
1204 1830 1254 1864 τήν
1271 1828 1359 1865 ἄλλην
1376 1829 1527 1866 ἀποσκευὴν
1544 1830 1584 1870 ἐφ’
1597 1831 1708 1863 ἑαυτοὺς
1723 1832 1887 1869 ἀναθέμενοι

181 1877 306 1912 ἰπανέζιυ
310 1876 352 1911 ξαν
358 1896 364 1904 .

217 1923 276 1950 XII.
292 1921 452 1956 Imperator
462 1927 528 1948 vero
544 1921 641 1949 studio
658 1920 785 1949 militum
798 1927 920 1947 suorum
941 1921 999 1947 An-

1091 1920 1140 1947 IB'.
1165 1919 1193 1946 '0
1219 1917 1247 1947 δὲ
1273 1918 1399 1958 βασιλεὺς
1436 1919 1474 1951 είς
1512 1920 1680 1959 Ἀντιόχειαν
1718 1920 1885 1950 διασεσωστο

179 1966 318 1995 tiochiam
330 1965 499 1999 perductus,
517 1968 605 2001 atque
620 1965 688 1993 inde
700 1973 821 2002 propere
830 1964 1000 2001 Byzantium

178 2018 340 2048 regressus,
356 2017 414 2037 non
425 2010 562 2038 eumdem
588 2010 677 2038 animi
690 2009 825 2037 habitum
846 2017 999 2037 conserva-

179 2057 228 2092 vit,
246 2055 295 2083 sed
312 2056 445 2082 mutatus
461 2055 490 2082 in
507 2055 646 2088 deterius,
666 2057 696 2083 ut
713 2054 824 2082 amissa
853 2056 1000 2090 pensaret,

178 2109 229 2137 pro
262 2099 439 2135 imperatore
472 2100 567 2128 factus
599 2102 644 2128 est
677 2102 794 2127 exactor
821 2101 849 2126 et
880 2099 1001 2126 acerbus

177 2145 298 2180 quaetor,
312 2144 445 2172 obsoleta
455 2147 574 2179 patrum
591 2145 690 2172 debita
705 2153 722 2172 a
745 2143 847 2172 liberis
871 2143 1000 2180 exigens,

177 2189 256 2224 rogis
273 2191 374 2217 contra
391 2189 527 2217 subditos
539 2189 736 2223 redaccensis,
759 2197 832 2224 quos
861 2188 1001 2224 temporis

178 2233 356 2262 diuturnitas
372 2234 415 2262 vel
429 2234 616 2269 exstinxerat,
633 2233 676 2261 vel
693 2233 841 2261 cineribus
863 2233 1002 2261 obruerat

177 2278 248 2306 Inde
263 2279 349 2307 multi
368 2279 498 2315 paternis
515 2279 625 2306 aedibus
641 2280 669 2306 et
686 2278 785 2305 fundis
807 2277 1000 2313 pellebantur,

178 2325 207 2351 et
223 2324 357 2359 pristinis
373 2324 478 2360 opibus
494 2323 610 2360 spoliati
626 2323 662 2350 ad
680 2323 826 2358 insignem
841 2324 1000 2358 egestatem

177 2368 380 2403 adigebantur.
398 2369 466 2400 Quae
489 2377 580 2404 quum
605 2369 718 2401 tierent,
742 2367 814 2395 nihil
844 2367 874 2394 in
896 2367 999 2395 ﬁscum

177 2413 329 2447 inferebat,
346 2414 395 2441 sed
410 2413 586 2441 monasterio
604 2413 760 2448 magniﬁco
775 2414 803 2440 et
818 2412 878 2440 aede
889 2412 918 2440 in
936 2421 1000 2440 ma-

175 2458 228 2486 tris
246 2458 294 2486 Dei
311 2458 451 2486 honorem
464 2459 624 2493 exstructa,
640 2466 697 2485 non
711 2465 775 2486 eam
796 2457 882 2485 modo
911 2465 1000 2493 pecu-

175 2503 265 2536 niam,
280 2510 381 2530 verum
397 2505 425 2530 et
440 2511 455 2530 e
470 2503 536 2531 ﬁsto
561 2503 767 2538 depromptam
797 2502 998 2538 consumebat,

174 2547 256 2582 dum,
273 2548 306 2575 ut
321 2546 370 2575 ille
385 2547 438 2576 ait.

1055 1962 1160 2001 σπουδῇ
1181 1966 1235 1991 τῶν
1261 1963 1322 2000 περὶ
1348 1963 1439 1999 αὐτὸν,
1464 1965 1586 1997 κάκεῖθεν
1604 1965 1712 2001 ἐπὶτὴν
1739 1967 1887 1995 Κωνσταν-

1053 2007 1212 2036 τινούπολιν
1229 2007 1387 2046 ἀνέδραμεν,
1403 2008 1491 2036 οὐκέτι
1508 2010 1558 2044 τὴν
1574 2010 1690 2048 πρόσθεν
1714 2014 1764 2046 τῆς
1788 2013 1884 2049 ψυχῆς

1057 2051 1185 2080 δεικνυων
1217 2051 1343 2086 διάθεσιν,
1371 2051 1435 2080 ἀλλ’
1462 2052 1610 2085 ἀλλιωθεῖς
1637 2056 1685 2089 τήν
1712 2055 1756 2083 ἐπὶ
1775 2056 1807 2083 τὸ
1824 2058 1887 2094 χεῖη

1056 2107 1102 2134 ρον
1117 2096 1278 2125 ἀλλοίωσιν.
1295 2098 1352 2125 Ἳνα
1375 2097 1424 2135 γὰρ
1448 2100 1502 2125 τῶν
1524 2098 1713 2127 ἀπολωλότων
1743 2100 1886 2128 ἷσοστάσια

1055 2143 1199 2178 κτήσηται,
1216 2141 1344 2179 πράκτωρ
1361 2142 1419 2169 ἀντὶ
1434 2145 1599 2180 κρατοῦντος
1620 2143 1725 2181 ἐγένετο
1742 2145 1806 2182 (3¹),
1837 2145 1883 2172 καὶ

1055 2187 1152 2225 πικρὸς
1167 2186 1308 2225 λογιστὴς,
1334 2185 1431 2218 παῖδας
1459 2188 1581 2226 πατέρων
1611 2189 1785 2226 γεγηρακότα
1814 2190 1885 2227 χρέα

1055 2232 1253 2270 πραττόμενος,
1270 2231 1315 2258 καὶ
1341 2232 1474 2269 πυρκαϊὰς
1490 2232 1613 2260 ἀνάπτων
1639 2233 1706 2260 κατὰ
1732 2235 1783 2260 τῶν
1813 2234 1885 2269 ὑπη-

1055 2276 1137 2311 κόων,
1154 2277 1237 2313 ἅσπερ
1261 2276 1275 2303 ὁ
1304 2275 1407 2314 χρόνος
1432 2275 1486 2312 ἤδη
1510 2275 1598 2308 πολὺς
1621 2274 1786 2313 πρεσϐεύσας
1803 2279 1885 2306 κατε-

1055 2319 1155 2355 σϐεσεν,
1178 2321 1196 2356 ἢ
1225 2321 1292 2352 τὲως
1322 2321 1477 2359 κατέχωσιν
1509 2321 1561 2348 ὑπὸ
1590 2319 1705 2356 σποδιᾷ.
1745 2321 1884 2355 Ἐντεῦθεν

1055 2364 1158 2394 πολλοὶ
1172 2367 1225 2393 τῶν
1240 2366 1373 2402 πατρῴων
1390 2365 1483 2393 οἰκιῶν
1499 2365 1544 2392 καὶ
1566 2365 1655 2402 ἀγρῶν
1680 2365 1882 2402 ἀπηλαύνοντο,

1055 2411 1100 2439 καὶ
1127 2411 1176 2445 τὴν
1199 2410 1263 2449 πρὶν
1289 2409 1435 2448 εὐκληρίαν
1462 2404 1696 2447 ἐκδιδυσκόμενοι,
1727 2410 1765 2442 εἰς
1792 2412 1883 2440 πενίαν

1055 2455 1183 2494 λαμπρὰν
1210 2454 1422 2490 συνηλαύνοντο.
1447 2456 1509 2484 Τῶν
1534 2453 1557 2482 δ’
1582 2453 1670 2486 οὕτως
1694 2455 1887 2494 εἰσπραττομὲ-

1053 2511 1108 2529 των
1131 2499 1207 2528 οὐδὲν
1237 2499 1275 2531 εἷς
1307 2500 1338 2527 τὸ
1365 2498 1499 2537 δημόσιον
1530 2499 1694 2539 εἲσεφὲρετο,
1721 2499 1793 2529 ἀλλὰ
1819 2511 1885 2538 σιμ-

1054 2548 1125 2573 νεῖον
1142 2543 1335 2581 οἰκοδομῆσαι,
1351 2544 1395 2572 καὶ
1420 2544 1484 2572 ναὸν
1510 2545 1545 2582 τῇ
1570 2545 1724 2582 Θεομήτορι
1748 2545 1884 2584 προθέμε-

814 2610 917 2643 Variae
934 2611 1084 2642 lectiones
1099 2613 1130 2640 et
1144 2611 1240 2640 notae.

209 2675 245 2710 (3)
277 2673 408 2711 [Ιράκτωρ
452 2671 846 2711 ἀντὶΔκριιιτοῦντοςᾼὲγὲνετο.
889 2673 998 2701 Psellus

173 2699 536 2746 in‘laudaita'lﬁplistolarad
554 2699 846 2746 ilionomachu'm;
868 2699 996 2746 Αὶιζξξιὲόξ

174 2744 386 2784 ξΑτεαραίτητόςῑ
395 2755 425 2774 τε
451 2745 482 2772 τὸ
513 2744 690 2784 ὀφειλόμενον
721 2744 945 2784 εἰσεπράττετοί.
953 2744 997 2771 καὶ

174 2780 201 2809 ἐν
215 2779 343 2815 δαπάναις
358 2781 390 2810 τὸ
419 2779 642 2820 χρεωστόύμενον
670 2779 866 2810 κατεϐάλλετο.
896 2780 996 2810 infra:

1056 2671 1192 2700 Ἐντεῦθεν
1241 2670 1347 2708 νώμαις
1376 2670 1493 2711 φαύλαις
1519 2669 1677 2708 συνομιλῶν
1697 2694 1704 2708 ,
1737 2671 1781 2699 καὶ
1821 2670 1883 2699 δια-

1056 2707 1138 2734 νοίαις
1175 2680 1404 2734 συνδιαιτώμενος
1442 2708 1599 2734 κακοήθεσι.
1638 2705 1794 2734 μετεϐλήθη
1828 2709 1880 2734 τὴν

1053 2707 1138 2738 νοίαις
1175 2705 1404 2744 συνδιαιτώμενος
1442 2705 1599 2744 κακοήθεσι,
1638 2705 1880 2744 μετεϐλήθηντὴν

1053 2744 1168 2807 ψρχῆγσί
1184 2743 1229 2771 καὶ
1257 2742 1329 2782 πρὸς
1355 2744 1464 2783 πράξεις
1491 2743 1536 2771 τὸν
1564 2742 1698 2781 λογισμὸν
1728 2742 1882 2780 ἠλλοίωσεν

1053 2790 1084 2808 ου
1100 2790 1134 2808 κα
1155 2789 1198 2811 ας.
