2032 3167
180 181 238 213 I79
852 181 1015 214 JOANNIS

1074 182 1210 214 »ΗΒΕ
1830 183 1844 211 1
1857 179 1937 210 80

214 249 293 277 XIII.
310 248 362 277 His
377 248 503 285 peractis
514 248 574 276 fata
586 248 612 276 ei
627 249 796 278 instabant:
817 257 874 285 quo
904 250 1003 277 autem

1096 250 1144 277 II".
1163 248 1232 285 Ἤδη
1250 248 1278 277 δέ
1293 250 1318 278 οἳ
1333 249 1401 286 πρὸς
1422 248 1500 280 τέλος
1525 247 1621 287 ἤγγικε
1638 248 1670 275 τὸ
1691 248 1842 286 βιώσιμον·
1868 245 1934 273 τὸ

177 296 262 331 pacto
279 293 318 322 sit
332 293 487 322 defunctus
496 294 700 330 exponendum
712 294 895 330 est.I:nperio
904 301 1005 322 recens

1077 293 1084 304 ’
1113 294 1188 327 ὅπως
1224 291 1341 329 amem,
1371 293 1527 332 διηγητέον.
1556 294 1636 331 ’Δρτι
1663 296 1714 328 τῆς
1745 291 1933 331 βασιλείας

179 339 302 376 potitus,
318 339 406 375 longa
422 339 478 367 sibi
494 339 600 367 etvitzs
624 341 653 367 et
680 340 762 375 regni
795 342 926 375 tempore
948 338 1006 375 pol-

181 384 336 417 licebatur,
357 384 491 420 quamvis
507 393 540 412 eo
562 385 624 420 jam
654 384 860 420 sexagenarius
884 383 1004 420 potitus,

180 438 276 465 neque
294 429 410 466 imperii
425 437 625 458 successorem
639 438 654 457 e
682 429 791 457 lumbis
821 429 884 457 suis
908 430 1004 456 ortum

1060 337 1208 377 ἐπιτυχὼν,
1225 340 1342 377 χρσῖνους
1359 340 1444 375 ἑαυτῷ
1459 339 1568 373 καὶτῆς
1596 341 1668 373 ζωῆς
1691 338 1736 365 καὶ
1760 341 1811 373 τῆς
1841 337 1896 373 ἀρ
1917 351 1934 357 -

1060 387 1115 421 χῆς
1135 383 1275 423 ἐπεμέτρει
1294 384 1423 422 μακροὺς,
1440 383 1507 411 κατὰ
1530 385 1613 411 ταῦτα
1635 382 1835 419 ἑξηκοντούτης
1855 381 1928 418 (7)

1061 427 1097 455 ὣν
1127 428 1172 457 ὅτι
1200 432 1253 456 τῶν
1284 431 1427 468 σκήπτρων
1452 428 1602 464 ἐπείληπτο
1618 428 1662 455 καὶ
1691 426 1825 465 διαδοχὴν

180 474 350 503 relicturum
362 474 530 502 somniabat
546 483 552 502 :
571 482 665 510 neque
672 474 827 510 reputabat
841 473 1006 510 imperatri-

180 527 244 548 cem
260 527 350 555 quam
364 519 394 546 in
409 519 597 547 matrimonio
625 519 752 547 habebat
781 519 1006 555 quinquagena-

180 564 354 598 riam,etl‘eto
370 566 453 592 utero
468 564 597 600 ineptam
608 571 672 592 esse
687 564 723 592 ad
733 572 832 592 semen
846 563 1006 600 proliﬁcem

181 609 258 638 233
282 608 505 645 excipiendum:
537 617 570 636 ac
613 608 757 646 principio
800 608 841 636 rei
879 615 1006 636 venerem

182 662 288 690 magna
308 654 493 681 contentione
512 653 701 682 incumbebat
724 653 911 681 unctionibus
939 652 1007 688 qui-

183 699 310 727 busdam
321 699 441 731 utendo,
467 700 495 726 et
520 698 638 734 conjugi
661 698 776 734 lapillos
805 698 1007 734 appendcndo,

184 752 247 780 qua:
259 745 432 780 conceptum
447 743 592 778 adjuturaa
617 743 796 779 viderentur,
819 743 870 770 illa
899 743 1009 771 ferente

187 789 295 824 omnia,
311 797 344 817 ac
355 796 391 816 ne
406 797 423 816 a
438 788 619 817 carminibus
636 788 754 824 quidem
779 790 808 816 et
835 788 1009 816 incantatio-

189 834 276 862 nibus
289 834 475 862 abhorrente.
506 833 559 861 Sed
581 841 648 862 eum
672 833 772 861 omnia
800 833 909 861 frustra
934 840 1008 867 esse,

189 887 285 915 neque
296 887 327 907 se
339 879 398 907 voti
413 881 577 915 compotem
592 887 678 914 posse
694 879 755 906 fieri
771 880 901 906 cerneret
915 887 922 906 :
952 886 1009 906 non

186 924 308 961 perinde
322 932 392 960 erga
402 932 522 952 uxorem
547 923 678 958 alfectus,
701 923 797 952 rarius
823 923 906 951 illam
939 922 1011 950 invi-

185 970 278 1004 sebat,
295 977 362 996 cum
378 972 484 997 natura
500 967 616 1004 segnior
639 969 675 996 ad
692 968 800 997 coitum
825 970 853 996 et
882 967 1007 1003 mollior,

185 1016 248 1042 tum
286 1022 354 1042 vero
392 1016 474 1042 astate
503 1013 655 1042 salacitate
684 1013 830 1042 hebetata.
859 1013 893 1042 Ut
920 1012 1009 1049 igitur

184 1058 294 1087 exactis
323 1059 437 1094 aliquos
465 1058 496 1086 in
515 1058 638 1095 imperio
667 1059 763 1094 annis,
792 1058 1008 1095 imperatricem

185 1103 387 1138 aversabatur,
403 1102 455 1130 illa
467 1104 496 1130 st
515 1102 562 1130 sui
577 1104 747 1139 contemptu
766 1104 795 1131 et
824 1102 945 1130 libidine
970 1102 1008 1130 ir-

185 1148 277 1176 ritata
285 1150 330 1176 est
344 1148 379 1175 ad
390 1147 443 1175 viri
459 1147 570 1175 odium.
587 1150 655 1176 Erat
669 1150 765 1176 autem
790 1148 919 1175 Romano
948 1147 1008 1183 pri-

185 1195 250 1221 vato
266 1192 361 1220 adhuc
378 1192 490 1228 spadio,
507 1193 592 1228 cujus
609 1192 706 1220 fratris
733 1192 881 1220 Michaelis
906 1191 1008 1220 faciem

186 1239 293 1266 natura
303 1237 339 1265 ad
354 1237 529 1273 exquisitam
550 1237 799 1274 pulchritudinem
829 1237 1006 1272 expolierat:

187 1282 306 1318 quijam
322 1282 490 1318 imperatori
514 1291 530 1309 s
559 1282 646 1310 fratre
670 1281 903 1317 commendatus,
933 1281 1009 1309 inter

189 1326 314 1355 cubiculi
331 1326 481 1354 ministros
497 1326 607 1354 ascitus
623 1325 898 1362 fuerat.Ejusigitur
911 1334 1010 1354 amore

189 1371 458 1407 eaptaimperatrix
471 1371 591 1399 ardebat
619 1370 728 1403 animo,
759 1378 846 1406 quem
875 1371 1009 1398 ardorem

188 1415 378 1452 quotidianus
404 1417 578 1451 conspectus
607 1414 838 1451 pulchritudinis
864 1414 943 1443 illius
963 1415 1011 1442 in-

189 1460 370 1488 ﬂammabat.
389 1461 460 1488 Cum
476 1461 573 1487 autem
597 1460 757 1496 spadonem
788 1459 871 1487 illum
898 1459 1010 1495 pridem

187 1505 307 1540 odisset,
324 1508 387 1533 tum
399 1505 549 1533 hominem
564 1504 742 1538 accersebat,
754 1506 783 1532 et
798 1503 874 1532 inter
887 1504 1011 1532 familia-

187 1550 250 1578 rius
257 1549 481 1586 colloquendum
492 1549 727 1585 percontationes
733 1548 768 1576 de
775 1548 915 1577 Michaele
924 1548 1012 1577 inter-

187 1595 322 1630 jiciebat.
336 1594 367 1623 Id
385 1603 453 1622 cum
470 1594 676 1630 saepiusﬁeret,
689 1593 776 1622 homo
797 1596 1013 1626 acutus,amore

1063 473 1189 511 βασιλείᾳ
1214 473 1372 502 καταλιπεῖν
1402 473 1431 501 ἐκ
1455 477 1505 508 τῆς
1535 473 1634 512 ὀσφύος
1663 472 1744 500 αὐτοῦ
1773 472 1925 509 ἐφαντά-

1063 520 1132 553 ζιτο,
1151 518 1215 556 μηδ’
1237 519 1329 556 ὅτιπερ
1354 520 1372 554 ἡ
1397 518 1504 556 βασιλὶς
1566 518 1714 554 συνῴκιστο
1739 527 1922 552 πεντηκον-

1061 563 1160 599 τούτης
1183 564 1228 599 ἦν,
1244 564 1289 592 καὶ
1321 564 1488 601 ὑπέρακμος,
1511 562 1555 590 καὶ
1585 563 1699 599 ἄνικμος
1724 566 1775 597 τὴν
1804 560 1917 597 νηδὺν

1062 609 1131 645 πρὸς
1169 608 1330 647 σπερμάτων
1372 607 1532 646 ὑποδοχὴν,
1567 606 1715 645 δυνάμενος
1758 606 1912 635 συνιδεῖν-

1064 653 1198 692 Πρότερον
1229 655 1276 691 μὶν
1306 653 1351 681 οὗν
1378 651 1538 681 ἐσπουδάκει
1576 653 1638 691 περὶ
1671 653 1705 680 τὰ
1732 650 1909 691 ἀφροδίσια,

1062 698 1106 726 καὶ
1135 699 1282 727 κατέτεινεν
1307 699 1412 733 ἑαυτὸν,
1427 699 1471 726 καὶ
1497 697 1630 736 χρίσμασί
1645 707 1714 725 τισιν
1742 696 1908 735 ἐκέχρητο,

1063 744 1108 772 καὶ
1133 746 1167 781 τῇ
1193 744 1310 780 συνοίκῳ
1335 744 1478 782 προσήρτα
1506 741 1620 779 λιθίδια,
1637 743 1674 774 ὡς
1698 741 1732 778 δή
1761 753 1786 769 τι
1816 741 1906 780 ἐνερ-

1063 790 1162 826 γοῦντα
1189 789 1251 827 περὶ
1279 789 1328 823 τὴν
1355 787 1462 824 κύησιν.
1486 788 1519 815 Ἦ
1548 786 1576 815 Si
1605 786 1649 815 καὶ
1679 787 1814 824 ἁμμάτων
1845 786 1902 814 καὶ

1065 832 1225 870 έπᾳσμάτων
1255 833 1391 871 ἠνείχετο,
1420 832 1465 860 καὶ
1502 831 1629 870 προσίετο
1665 830 1784 868 ἐπῳδάς.
1814 831 1898 860 Ἐπιῖ

1065 876 1089 905 δ’
1115 877 1227 915 ἐγνώκει
1251 877 1338 905 πάντα
1371 878 1459 914 μάτην
1496 877 1626 916 γινόμενοι
1654 877 1668 904 6
1697 878 1815 913 κρατῶν,
1847 876 1899 904 καῖ

1065 922 1216 960 ἀπεγνώκει
1241 923 1272 950 τὸ
1298 921 1525 959 σπουδαζόμενον,
1542 921 1630 954 οὐκέθ’
1644 921 1749 958 ὁμοίως
1774 920 1895 949 διέκειτο

1063 967 1125 1006 περὶ
1143 968 1191 1003 τήν
1221 967 1381 1006 ιῦνέτιιραν,
1407 966 1470 995 ἀλλ’
1492 968 1572 1001 ἦττον
1600 966 1667 1004 αὖτῇ
1695 966 1822 1004 προσῄει,
1839 967 1893 995 Ἲῖν

1063 1012 1116 1050 γὰρ
1131 1012 1176 1040 καὶ
1189 1013 1264 1050 φύσει
1281 1013 1372 1047 νωθὴς
1399 1012 1467 1049 πρὸς
1495 1011 1565 1049 μίξιν
1591 1012 1635 1039 καὶ
1666 1010 1892 1049 μαλθακώτερος.

1064 1056 1136 1093 ’Ἤδη
1167 1056 1196 1085 δὲ
1223 1057 1267 1085 καὶ
1294 1058 1307 1085 6
1336 1056 1438 1095 χρόνος
1453 1056 1526 1092 αὖτῷ
1551 1056 1600 1091 τὴν
1617 1056 1723 1092 κίνησιν
1738 1053 1893 1093 ἤμϐλυνεν.

1064 1103 1108 1135 Ὠς
1139 1101 1168 1131 δέ
1195 1113 1265 1134 τινες
1295 1102 1369 1139 αὐτῷ
1397 1101 1440 1129 ἐπὶ
1469 1103 1503 1139 τῇ
1535 1100 1660 1139 βασιλείᾳ
1674 1100 1892 1138 ἐξεμιτρήθησαν

1065 1147 1193 1183 ἐνιαυτοὶ,
1221 1147 1266 1175 καὶ
1299 1146 1478 1184 ἆποστρόφως
1505 1145 1563 1184 εἶχε
1589 1145 1657 1183 πρὸς
1685 1146 1734 1180 τήν
1766 1146 1892 1183 βασίλισ-

1067 1203 1123 1227 σαν,
1154 1193 1172 1227 ἡ
1202 1191 1231 1219 δὶ
1257 1191 1498 1230 καταφρονουμένη
1537 1190 1604 1229 πρὸς
1647 1192 1726 1227 μῖσος
1749 1190 1891 1228 ἠρέθιστο,

1065 1237 1111 1265 καί
1137 1235 1220 1264 πλέον
1249 1235 1283 1263 δι’
1310 1236 1421 1273 ὁμιλίαν
1450 1233 1557 1274 ἀνδρός,
1574 1238 1621 1263 Ἤν
1643 1233 1671 1263 δέ
1694 1246 1735 1267 τις
1763 1235 1808 1262 καὶ
1838 1236 1894 1273 πρὸ

1065 1285 1114 1316 τῆς
1131 1280 1270 1319 βασιλείας
1285 1279 1413 1317 ἐκτομίας
1437 1280 1575 1318 ὑπηρέτης
1599 1282 1638 1316 τῷ
1665 1280 1783 1318 βασιΛεῖ,
1803 1279 1896 1316 τούτῳ

1066 1325 1171 1361 δ’ἧσαν
1201 1325 1361 1363 ὁμαίμονες,
1379 1326 1414 1352 ὧν
1445 1325 1483 1356 είς
1512 1325 1545 1360 ἦν
1572 1324 1617 1352 καὶ
1647 1325 1661 1352 ὁ
1679 1323 1807 1362 Μιχαὴλ,
1825 1324 1895 1362 ἀνὴρ

1065 1371 1088 1408 ᾧ
1103 1372 1152 1406 τὴν
1169 1369 1229 1408 ὄψιν
1246 1371 1264 1405 ἡ
1281 1370 1359 1410 φύσις
1385 1370 1507 1406 ἀπέξεσεν
1532 1370 1570 1402 είς
1598 1366 1697 1407 ἀκριϐῆ
1725 1368 1896 1407 ὡραιότητα.

1066 1416 1170 1444 Τοῦτον
1197 1414 1211 1441 6
1238 1413 1354 1453 ἀδελφὸς
1383 1413 1450 1450 μετὰ
1477 1414 1526 1448 τήν
1571 1411 1709 1450 βασιλείαν
1739 1412 1898 1451 παρέστησε

1065 1462 1105 1496 τῷ
1120 1460 1252 1496 *Ρωμανῷ
1270 1458 1552 1497 προσληφοησόμενον
1577 1458 1620 1485 ὑπ’
1635 1457 1726 1485 αὐτοῦ’
1742 1458 1756 1485 ὃ
1782 1456 1811 1485 δὲ
1835 1461 1898 1488 τοῖς

1068 1503 1298 1541 θαλαμηπολοῦσι
1325 1503 1370 1530 τὸν
1413 1502 1517 1530 νεανίαν
1560 1502 1695 1538 κατέταξε.
1723 1501 1827 1530 Τούτου
1854 1505 1899 1538 τῷ

1067 1546 1148 1587 ἔρωτι
1162 1548 1292 1583 ἁλοῦσα-ἧ
1312 1547 1419 1586 βασιλὶς
1442 1546 1622 1585 ἐπυρπολεῖτο
1651 1548 1700 1582 τὴν
1728 1547 1831 1584 ψυχὴν,
1846 1547 1896 1573 καὶ

1073 1594 1105 1622 τὸ
1132 1596 1185 1631 πῦρ
1211 1594 1242 1621 τὸ
1271 1593 1373 1620 ἐκείνου
1399 1591 1503 1624 κάλλος
1530 1592 1589 1620 καθ’
1613 1592 1727 1627 ἑκάστην
1758 1592 1903 1630 ὁρώμενοι

189 1629 350 1674 intellecto,
367 1640 485 1668 fratrem
499 1629 614 1666 monuit
636 1640 671 1666 ut
690 1638 904 1675 imperatricem
918 1647 1016 1667 conve-

1076 1629 1252 1678 ὑπανέιρλεγε.
1273 1637 1444 1675 Μισούμενος
1473 1636 1496 1665 δ’
1512 1636 1581 1673 αὐτῇ
1604 1637 1700 1676 πρώην
1727 1637 1741 1664 6
1758 1629 1904 1673 ἐκτομίας,

192 1684 284 1713 niret:
301 1685 385 1720 sique
401 1684 436 1712 ab
458 1683 509 1711 illa
525 1685 699 1717 tentaretur,
716 1683 789 1710 nihil
805 1684 1018 1711 verecundatus

193 1737 258 1757 eam
277 1731 306 1757 et
321 1729 524 1760 contrectaret,
548 1729 576 1755 et
590 1726 785 1762 oscularetur,
809 1730 837 1756 et
862 1728 1020 1764 amplecte-

195 1776 286 1802 retur.
311 1773 385 1807 Quid
411 1772 532 1800 multa?
557 1780 650 1808 usque
677 1773 713 1800 ad
743 1772 852 1800 coitum
882 1772 1022 1809 processit

198 1827 291 1852 amor,
312 1826 345 1845 ac
360 1817 477 1844 tandem
495 1825 528 1844 eo
545 1825 590 1844 res
606 1817 731 1844 devenit.
748 1819 781 1845 ut
797 1816 930 1845 mulieris
954 1825 1023 1853 erga

199 1862 372 1891 Michaelem
394 1861 515 1889 affectus
544 1861 641 1897 palam
670 1864 846 1898 erumperet,
875 1870 969 1898 neque
993 1862 1023 1890 in

197 1907 279 1944 regia
292 1906 482 1939 tantum,sed
496 1907 524 1933 et
552 1905 582 1933 in
603 1906 696 1934 triviis
727 1909 940 1942 susurraretur,
969 1906 1023 1935 soli

202 1950 372 1987 imperatori
389 1949 517 1986 ignotus,
535 1950 581 1978 cui
597 1950 627 1978 in
643 1951 745 1979 eodem
757 1959 825 1978 cum
841 1951 1025 1987 imperatrice

201 1997 280 2023 lecto
308 1994 439 2030 cubanti,
463 1995 567 2023 fricare
596 1995 685 2031 pedes
706 1996 868 2031 jubebatur
890 1996 1024 2024 Michael.

199 2039 270 2072 Quis
284 2047 352 2067 vero
364 2047 431 2067 sum
447 2039 580 2068 mulieris
596 2048 712 2076 quoque
732 2041 820 2076 pedes
848 2049 906 2069 non
936 2043 1025 2070 attre-

200 2086 295 2112 ctasse
309 2084 432 2112 credat?
447 2085 489 2112 Ita
501 2085 597 2113 factus
609 2086 654 2113 est
680 2085 840 2121 imperator
872 2086 1025 2115 amborum

200 2129 287 2165 quasi
302 2129 367 2157 leno
376 2131 404 2158 et
419 2129 612 2158 concubinus.
628 2129 665 2157 Ut
681 2132 779 2158 autem
795 2139 862 2158 cum
886 2133 914 2158 et
946 2139 1028 2159 soror

200 2173 364 2209 Pulcheria,
380 2176 408 2202 et
423 2174 472 2202 alii
490 2182 554 2202 eam
575 2174 705 2202 fabulam
733 2175 879 2209 edoctum,
911 2177 943 2204 ut
971 2176 1028 2204 sibi

202 2221 316 2247 caveret
328 2220 526 2247 monuerunt:
545 2217 619 2247 nihil
635 2219 694 2256 egit
718 2219 810 2254 aliud,
836 2220 893 2248 nisi
920 2222 952 2248 ut
980 2229 1029 2248 su-

201 2266 336 2301 spectum
349 2265 473 2300 regeret,
490 2271 561 2291 num
577 2264 613 2291 ab
645 2264 831 2300 imperatrice
859 2265 1032 2294 amaretur?

1072 1684 1134 1712 τότε
1156 1683 1201 1711 καὶ
1223 1681 1429 1721 προσεκαλεῖτο,
1452 1682 1496 1710 καὶ
1523 1681 1634 1719 ὁμιλίας
1656 1681 1756 1717 ἠξίωτο
1780 1691 1906 1719 γνησιω-

1074 1729 1164 1765 τέρας,
1181 1728 1237 1755 εἶτα
1250 1727 1295 1755 καὶ
1310 1727 1372 1765 περὶ
1386 1729 1434 1755 τοῦ
1455 1726 1570 1765 Μιχαὴλ
1592 1727 1718 1764 ἠρωτᾶτο
1745 1728 1793 1754 τοῦ
1823 1724 1911 1754 ἀδελ-

1076 1775 1138 1812 φοῦ.
1156 1772 1294 1803 Πολλάκις
1310 1771 1339 1800 6‘s
1365 1771 1462 1799 τούτου
1483 1772 1641 1809 γενομένου,
1659 1770 1746 1802 δεινὸς
1774 1769 1811 1798 ὢν
1836 1769 1911 1798 ἐκεῖ·

1076 1828 1132 1852 νος,
1150 1820 1248 1852 συνῆκε
1263 1817 1309 1845 τὸν
1334 1816 1431 1855 ἔρωτα,
1447 1817 1493 1844 καὶ
1520 1818 1561 1852 τῷ
1584 1815 1695 1856 ἀδελφῷ
1724 1815 1836 1848 ὑπέθετο
1863 1815 1912 1843 καὶ

1078 1865 1218 1902 προσιέναι
1261 1862 1296 1900 τῇ
1340 1861 1497 1900 βασιλίσσῃ,
1523 1862 1567 1890 καὶ
1611 1860 1634 1889 εἰ
1675 1863 1794 1900 πειρῷτο
1818 1860 1911 1896 ἐκείνη

1079 1908 1174 1944 αὐτοῦ,
1191 1909 1229 1945 μὴ
1257 1906 1456 1944 ὑποσταλῆναι,
1474 1905 1547 1935 ἀλλὰ
1575 1906 1620 1934 καὶ
1650 1905 1766 1944 ἅψασθαι
1792 1906 1838 1933 καὶ
1864 1917 1911 1944 φι-

1080 1953 1162 1986 λῆσαι
1191 1951 1235 1980 καὶ
1265 1953 1416 1992 προσφῦναι
1443 1951 1522 1989 αὐτῇ.
1554 1951 1604 1979 Καὶ
1635 1950 1662 1979 τί
1690 1950 1731 1979 δεῖ
1755 1950 1789 1979 τὰ
1815 1949 1913 1979 πολλὰ

1080 1997 1184 2035 λέγειν;
1204 1997 1286 2036 μέχρι
1302 1996 1347 2024 καὶ
1363 1997 1564 2033 συνουσιασμοῦ
1585 1995 1618 2023 τὰ
1640 1998 1688 2023 τσῦ
1717 1995 1819 2034 ἔρωτος
1847 2005 1913 2023 κατ-

1081 2043 1241 2079 ηντήκισαν,
1257 2040 1304 2070 καί
1332 2041 1478 2080 προϊόντος
1507 2043 1555 2069 τοῦ
1570 2041 1674 2080 χρόνου
1702 2040 1740 2073 είς
1770 2040 1911 2079 προῦπτον

1083 2086 1181 2126 σχεδὸν
1206 2088 1237 2115 τὸ
1261 2086 1324 2125 περὶ
1352 2087 1398 2114 τὸν
1427 2084 1545 2125 Μιχαὴλ
1566 2084 1695 2125 ἐξεῤῥάγη
1723 2085 1849 2124 φίλτρον,
1865 2085 1913 2112 καὶ

1083 2133 1116 2168 ἦν
1145 2131 1408 2170 ὑποψιθυριζόμενον
1439 2131 1470 2159 οὐ
1492 2133 1551 2163 τοῖς
1577 2131 1639 2168 περὶ
1660 2130 1694 2158 τὰ
1711 2129 1837 2169 βασίλεια
1863 2129 1915 2167 μό-

1083 2188 1138 2214 νον,
1154 2177 1227 2206 ἀλλὰ
1238 2177 1356 2208 καὶτοῖς
1373 2176 1398 2204 ἰν
1418 2179 1478 2207 ταῖς
1502 2174 1635 2214 τριόδοις,
1653 2175 1729 2212 μόνῳ
1754 2173 1776 2203 δ’
1792 2175 1916 2213 ἠγνοιῖτο

1083 2225 1123 2259 τῷ
1147 2221 1410 2260 αὐτοκράτορι,ὅθεν
1436 2221 1482 2250 καὶ
1507 2220 1674 2259 συγκειμένῳ
1704 2221 1737 2257 τῇ
1769 2218 1915 2258 βασιλίσσῃ

1084 2267 1158 2303 αὐτῷ
1186 2267 1230 2294 ἐπὶ
1257 2270 1308 2302 τῆς
1336 2266 1417 2301 εὐνῆς
1439 2265 1589 2304 ὖΜιχαὴλ
1615 2263 1826 2301 εἷσκαλούμινος
1854 2264 1917 2291 ἀνα-

202 2317 329 2344 cumque
343 2308 562 2336 inficiantemet
577 2311 733 2345 negantem
763 2312 945 2338 sacramento
975 2310 1016 2338 ob

1081 2309 1183 2350 τρίϐειν
1209 2311 1237 2338 οἱ
1263 2311 1328 2343 τοὺς
1353 2309 1444 2343 ποδας
1474 2310 1646 2339 κικέλευστο.
1671 2309 1706 2338 Τί
1732 2310 1795 2347 γοῦν
1817 2308 1847 2336 ἂν
1873 2319 1915 2340 τις

202 2353 376 2389 stringeret:
392 2361 518 2389 cumque
533 2353 582 2381 ille
596 2353 949 2389 pejerasset,calumniam
965 2363 1029 2384 esse

203 2397 415 2434 putavitverba
426 2397 561 2427 aliorum.
579 2400 719 2426 Caeterum
736 2398 918 2434 Michaelem,
944 2400 980 2428 ob
1000 2400 1029 2428 id

203 2442 379 2479 perjurium,
393 2444 477 2471 atrox
493 2444 614 2471 morbus
645 2443 790 2470 invasisse
809 2443 919 2473 fertur:
949 2454 1029 2480 nam,

204 2489 238 2515 ut.
252 2487 371 2522 quidam
379 2488 508 2521 tradunt,
523 2487 608 2516 certis
619 2487 782 2515 intervallis
797 2490 825 2516 et
841 2491 939 2517 mente
959 2490 1030 2519 alie-

204 2531 341 2567 nubatur,
351 2532 429 2560 234
443 2534 471 2561 et
483 2532 584 2560 oculos
610 2532 822 2569 distorquebat,
852 2535 880 2562 et
903 2535 1031 2565 tremore

205 2576 427 2614 corripisbatur,
439 2579 468 2606 et
481 2577 564 2606 humi
580 2577 749 2613 procidebat
769 2586 775 2606 :
805 2578 910 2608 deinde
938 2581 974 2609 ad
1000 2590 1031 2611 se

1085 2357 1210 2394 οίτςσαιτο
1234 2355 1252 2392 ἢ
1269 2357 1310 2384 ὅτι
1339 2356 1384 2384 καὶ
1412 2358 1467 2384 τῶν
1497 2355 1605 2391 ὶκείκης
1619 2354 1720 2390 ἥπτετο
1733 2352 1847 2390 ποδῶν;
1864 2354 1915 2381 Καὶ

1085 2404 1144 2430 οἷον
1172 2401 1338 2441 προαγωγὸς
1364 2401 1467 2442 ἀμφοῖν
1499 2401 1513 2429 6
1539 2399 1667 2440 βασιλεὺς
1694 2399 1740 2428 καὶ
1765 2399 1914 2437 ὁμευνέτης

1085 2446 1198 2486 ἐγίνετο.
1227 2450 1270 2480 Ὠς
1299 2445 1328 2475 δὶ
1356 2446 1401 2475 καὶ
1430 2447 1448 2482 ἡ
1479 2444 1583 2486 ἀδελφή
1613 2443 1773 2484 Πουλχερία
1801 2445 1840 2482 (8)
1867 2444 1913 2472 καὶ

1084 2491 1171 2531 ἕτεροι
1198 2492 1261 2531 περὶ
1294 2494 1343 2520 τοῦ
1382 2490 1520 2530 δράματος
1554 2490 1634 2519 αὐτὸν
1674 2487 1839 2524 ἀνεδίδαξαν,
1867 2488 1913 2516 καὶ

1086 2536 1266 2577 φυλάττεσθαι
1295 2535 1502 2575 παρηγγύησαν,
1531 2534 1608 2564 οὐδὲν
1649 2533 1740 2573 ἕτερον
1776 2532 1912 2577 ἰποίησιν,

1086 2575 1159 2610 ἆλλᾶ
1185 2583 1232 2610 τὸν
1264 2580 1484 2619 ὑποπτευόμενον
1513 2579 1587 2618 αὐτῷ
1620 2580 1746 2616 καλέσας,
1776 2577 1799 2607 αἲ
1825 2575 1912 2616 ιρῷτο

845 2662 948 2694 Variae
964 2663 1113 2696 lectiones
1129 2667 1161 2697 et
1174 2668 1269 2697 notes.

241 2727 280 2764 (7)
308 2725 532 2766 Ἐξηκοντούτῃς.
552 2725 694 2766 “Michael
738 2728 861 2766 Psellus,
900 2730 952 2759 lib.
985 2739 1028 2765 ιιι,

205 2761 351 2808 {iistE‘ms'Z
365 2761 456 2808 Πλέον
472 2761 532 2808 γᾶρρ
547 2761 653 2808 ῇιδέκα
680 2761 749 2792 Ἐτεσι
773 2766 822 2802 τὴν
847 2761 897 2802 τῆς
920 2761 1029 2804 βασιλίξ

207 2797 254 2830 δος
269 2798 378 2835 ἡλικίαν
397 2797 639 2835 ὑπεραναόεϐήκνει.

241 2832 344 2879 (εἱκεκῖ
368 2835 385 2870 ἡ
408 2832 513 2879 “flat
543 2832 709 2879 Πέυὶχιρζαο
729 2838 828 2879 ηοω.
851 2837 953 2879 nupsit
978 2837 1030 2879 Fas:

207 2871 376 2902 lilioSclero
393 2871 583 2908 patric'io,cui
598 2871 807 2904 Gon'stantinus
821 2871 903 2911 imp:
928 2874 1029 2904 Basilii
1067 2905 1070 2908 λ

1085 2732 1174 2761 frater
1188 2732 1289 2762 oculos
1304 2733 1381 2762 eruit
1395 2733 1432 2762 ob
1443 2732 1629 2770 tyrannidem
1646 2739 1662 2770 :_
1679 2737 1787 2770 ex_quo
1807 2727 1908 2770 conju-

1083 2769 1131 2806 gio
1147 2772 1215 2798 nata
1231 2769 1291 2798 tilia
1305 2770 1391 2798 unica
1405 2764 1498 2806 nupta
1511 2764 1907 2806 ConstantipoMongmacbo

1095 2800 1272 2835 iostmodum
1286 2800 1467 2844 imperatori,
1483 2807 1516 2835 ut
1528 2803 1633 2834 scribit
1647 2801 1769 2832 Michael
1781 2800 1905 2830 Psellus.

1095 2842 1134 2872 ib.
1150 2851 1168 2872 v
1180 2843 1257 2872 Hist.
1270 2851 1327 2872 ms.
