2032 3167
131 207 191 236 181

781 202 986 234 ANNALIUM
1010 203 1084 233 LIB.
1108 204 1202 235 XVII.

1785 207 1843 237 182

130 271 205 309 πρὸς
231 273 281 305 τῆς
312 269 474 308 βασιλίσσης
490 268 594 306 ἠρώτα-
611 269 625 295 ὁ
653 267 681 295 δὲ
706 267 885 306 ἀπηγόρευσε,
915 267 962 295 καὶ

1018 269 1140 297 redibat.
1168 270 1258 306 quue
1288 270 1396 307 saepius
1428 271 1454 299 ei
1483 271 1571 300 etiam
1598 271 1775 307 imperatore
1797 271 1841 298 vi-

129 315 313 352 ἆνηνάμενος,
329 314 432 345 πίστεις
454 315 503 341 τοῦ
526 312 612 351 λόγου
635 313 680 340 καὶ
711 312 806 350 ὅρκους
831 312 960 349 ἀπῃτήθη

128 362 193 393 καθ’
210 359 390 397 ἱερῶν.³Επεὶ
422 358 445 385 δ’
470 357 570 389 ἐκεῖνος
596 357 760 396 ἰπιορκήσας
778 356 841 387 τοὺς
866 357 963 393 ὅρκους

128 404 251 441 ἐτέλεσε,
281 402 412 438 διαϐολὴν
436 403 500 434 τοὺς
532 405 585 430 τῶν
615 402 706 430 ἅλλῶν
735 400 823 439 ’ἥγητο
849 400 961 438 λόγους.

131 451 249 488 Λέγεται
277 449 366 486 μέντοι
389 447 433 475 διὰ
453 449 503 483 τὴν
528 447 666 485 ἐπιορκίαν
692 444 797 483 νὸσημὲ
819 457 845 473 τι
876 444 960 473 δεινὸν

131 495 267 531 ἐνσκῆψαι
292 495 331 530 τῷ
348 492 476 531 Μιχαήλ,
493 493 532 521 Τὸ
548 491 570 520 δ’
585 494 618 527 ἦν
642 492 709 519 κατά
730 502 804 523 τινας
818 489 961 527 περιόδους

131 539 209 575 αὐτῷ
225 538 370 576 παρακοπὴ
399 540 447 566 τοῦ
476 538 550 572 ναὸς,
579 539 633 565 τῶν
665 537 815 575 ὀφθαλμῶν
845 546 874 563 τε
902 534 962 562 δια-

129 584 249 622 στροφὴ,
274 583 319 610 καὶ
350 582 448 613 κλόνος
473 585 522 610 τοῦ
551 582 688 618 σώματος,
717 582 762 609 καὶ
790 581 961 612 κατάπτωσις

127 628 176 656 ἐπὶ
192 632 252 666 γῆς,
280 627 327 655 εἶτ’
353 627 463 664 ἐπανῄει
490 627 529 658 εἰς
545 626 650 661 ἑαυτὸν,
675 626 719 654 καὶ
748 624 960 658 ἆποκαθίστατο.

127 674 220 702 Τοῦτο
243 671 382 703 πολλάκις
404 672 449 699 καὶ
473 674 522 699 τοῦ
551 669 686 709 βασιλέως
710 670 824 699 ἐνώπιον
855 669 960 698 ἕπαθεψ

129 719 145 746 ὁ
163 717 202 753 δὲ,
217 719 266 745 τοῦ
295 716 397 749 πάθους
414 716 587 753 οἰκτειρήσας
602 716 647 744 τὸν
674 715 802 754 Μιχαὴλ,
832 713 871 743 ἔτι
889 714 962 752 μᾶλ-

129 762 182 790 λον
211 761 297 800 ψευδῆ
326 759 394 798 ᾤετο
423 761 456 789 τὰ
487 760 633 799 λεγόμενα,
664 759 708 788 καί
739 761 796 797 μετ’
818 759 879 798 ἐρᾷν
898 754 962 796 μήτ’

127 809 242 846 ἐρᾶσθαι
265 809 363 835 τοῦτον
388 806 476 839 οὕτως
503 803 603 844 ἔχοντα
626 804 707 842 ᾤετο.
734 805 795 834 Εἰσὶ
822 804 845 832 δ’
872 803 961 832 οθίλὲ-

127 863 210 891 γουσι
238 851 304 890 μηδ’
325 852 459 890 ἀγνοησαι
481 851 526 878 τὸν
556 849 669 889 βασιλέα
694 850 739 877 τὸν
753 847 851 888 ἔρωτα,
869 848 961 877 εῗδότα

127 897 154 926 δ’
180 898 222 925 ὅτι
256 899 355 936 σφριγᾷ
380 898 398 932 ἡ
431 895 584 934 βασίλισσα,
609 896 654 923 καὶ
684 895 794 932 περὶτὰ
817 893 960 934 ἀφροδίσια

129 944 249 981 μέμηνε,
277 946 328 977 τῆς
353 941 421 980 πρὸς
445 941 489 969 τὸν
520 940 638 979 Μιχαὴλ
666 941 749 975 αὑτῆς
773 939 860 978 ῥοπῆς
885 938 998 993 ὴνεί-Β

128 999 208 1027 χετο,
233 987 447 1025 ὑποκρινόμενος
476 986 597 1025 ἄγνοιαν,
623 985 668 1014 ’ἱνα
698 986 735 1023 μὴ
758 985 881 1013 πλείοσιν
898 985 959 1021 ὁμί-

137 1032 215 1068 λοίη.
232 1032 343 1061 Τούτων
371 1031 394 1059 δ’
410 1030 495 1062 οὓτως
513 1031 644 1068 ἐχόντων,
661 1031 675 1057 ὁ
704 1030 877 1068 αὐτοκράτωρ
901 1029 960 1055 ἐνό-

135 1087 214 1112 σησε,
230 1077 274 1104 καὶ
292 1077 318 1104 οἱ
347 1074 477 1112 διῳδήκει
504 1076 535 1103 τὸ
562 1076 720 1113 πρόσωπον,
741 1075 786 1102 καὶ
814 1074 846 1102 τὸ
873 1074 962 1110 ἄσθμα

136 1121 171 1156 ἦν
187 1121 309 1159 συνεχὲς,
326 1120 370 1148 καὶ
386 1122 403 1155 ἡ
425 1118 488 1157 ὄψις
511 1120 584 1156 αὖτῷ
611 1119 687 1156 ἐῴκει
716 1121 815 1156 νεκρῷ,
840 1118 885 1146 καὶ
912 1121 962 1153 τῆς

136 1165 261 1205 κεφαλῆς
289 1165 370 1192 αὐτοῦ
397 1165 428 1192 τὸ
454 1163 537 1192 πλέον
567 1163 704 1201 ὶψίλωτο·
740 1164 768 1192 αἱ
794 1164 844 1201 γὰρ
866 1163 962 1201 τρίχες

134 1211 162 1237 αἱ
181 1214 231 1245 τῆς
246 1209 430 1248 ἀπεῤῥύησαν.
446 1210 562 1247 Λέγεται
587 1211 652 1246 γοῦν
678 1209 831 1246 φαρμάκοις
855 1217 963 1245 περιερ-

137 1256 269 1292 γασθῆναι
300 1255 313 1281 ὁ
343 1252 499 1292 ἄνθρωπος.
527 1255 606 1283 Οὕτω
633 1253 655 1281 δ’
685 1253 756 1292 ἔχων
787 1253 867 1291 ἀπῄει
894 1253 963 1291 πρὸς

141 1299 285 1337 βαλανεῖον
312 1300 365 1326 τῶν
397 1299 422 1327 ὲν
447 1301 506 1330 τοῖς
537 1298 686 1336 βασιλείοις
708 1297 896 1336 λουσόμενος,
917 1297 963 1325 καὶ

139 1343 222 1381 ἀπῄει
251 1342 312 1372 οὔτε
335 1344 606 1382 χειραγωγούμενος,
637 1342 694 1371 οὔτ’
720 1343 818 1371 αὐτίκα
840 1343 965 1378 τεθνήξε-

138 1390 199 1416 σθαι
227 1387 470 1427 προσδοκώμενος.
501 1389 545 1420 Ὠς
584 1387 613 1415 δὶ
648 1388 680 1416 τὸ
713 1391 793 1425 σῶμα
822 1387 963 1425 ἐκάθηρεν,

137 1433 226 1462 είσέδυ
251 1434 300 1469 τὴν
329 1433 384 1462 ἐκεῖ
400 1431 608 1471 κολυμϐήθραν,
625 1433 686 1461 ἔνθα
701 1432 735 1468 δὴ
751 1434 781 1461 τὸ
805 1435 857 1460 πᾶν
874 1430 964 1468 ᾅδεται

141 1478 264 1517 γενέσθαι
289 1481 338 1506 τοῦ
367 1477 514 1516 δράματος·
542 1479 688 1514 συμπιὲσαι
712 1478 765 1515 γάρ
793 1488 868 1510 τινας
891 1477 965 1513 αὗτῷ

141 1525 192 1558 τὴν
219 1522 341 1561 κεφαλήν
370 1533 448 1562 φασιν
475 1522 520 1550 ἐπὶ
558 1523 588 1550 τὸ
617 1522 690 1560 ὕδωρ
717 1522 761 1556 ἀφ’
785 1523 895 1557 ἱκανὸν,
920 1521 965 1548 καὶ

1017 314 1103 342 dente
1115 314 1275 350 accidebat,
1288 315 1338 351 qui
1354 316 1448 343 vicem
1461 316 1592 344 hominis
1608 315 1721 351 dolens,
1749 316 1845 352 magis

1017 354 1103 383 etiam
1121 355 1316 391 suspicionem
1333 356 1438 384 falsam
1450 356 1606 392 judicabat
1622 366 1628 390 ;
1647 364 1742 392 neque
1767 356 1845 384 enim

1017 399 1105 428 talem
1134 401 1178 428 vel
1206 409 1303 429 amare
1323 401 1366 429 vel
1390 403 1481 430 amari
1509 410 1595 438 posse
1608 402 1740 438 putabat.
1770 401 1847 429 Sunt

1018 445 1105 472 etiam
1122 445 1171 481 qui
1188 445 1286 473 dicant
1301 455 1430 474 amorem
1445 446 1528 474 illum
1541 455 1599 474 non
1614 446 1736 475 latuisse
1752 446 1844 482 impe-

1018 491 1165 518 ratorem:
1193 491 1241 518 sed
1260 499 1327 519 cum
1357 491 1444 519 sciret
1461 491 1613 519 mulierem
1652 491 1786 519 lascivire
1811 499 1844 519 ac

1017 534 1146 562 insanire
1163 534 1294 569 libidine,
1309 535 1681 572 tolerassepropensionem
1693 536 1757 572 ejus
1773 543 1843 572 ergo.

1017 578 1201 612 Micliaelem,
1218 579 1357 608 simulata
1372 580 1548 616 ignorantia,
1565 589 1601 608 ne
1618 580 1669 609 illa
1683 589 1751 608 cum
1774 580 1844 616 plu-

1017 624 1099 652 ribus
1115 633 1176 652 rem
1188 624 1318 653 haberet.
1336 626 1403 658 Qum
1419 634 1486 653 cum
1503 626 1543 653 ita
1554 628 1662 661 essent,
1681 626 1840 662 imperatur

1016 669 1047 696 in
1076 670 1212 698 morbum
1235 670 1349 706 incidit,
1377 670 1480 698 inﬂata
1507 670 1591 704 facie,
1633 679 1697 706 quae
1722 671 1841 706 quidem

1017 715 1124 742 mortui
1137 715 1243 743 similis
1253 717 1325 748 erat,
1343 717 1371 743 et
1385 715 1487 744 crebro
1503 714 1635 743 anhelitu
1651 723 1726 751 aegre
1755 715 1843 751 spiri-

1015 761 1079 787 tum
1090 759 1233 794 trahebat,
1251 760 1379 788 maxima
1389 762 1471 796 parte
1485 759 1588 796 capitis
1601 759 1710 793 calvus,
1726 759 1840 795 capillis

1016 803 1156 840 delapsis.
1169 805 1250 838 Quod
1267 804 1377 833 malum
1389 805 1415 833 ei
1427 804 1576 832 veneficiis
1588 804 1778 832 conciliorum
1788 811 1842 840 pu-

1015 849 1143 877 tabalur.
1160 850 1208 877 Sic
1232 850 1354 878 allectus
1382 850 1412 877 in
1437 849 1585 886 quoddam
1601 849 1688 886 regias
1702 848 1841 877 balneum

1014 893 1142 922 lavatum
1157 895 1227 929 abit,
1245 903 1261 922 a
1286 895 1404 922 nemine
1432 896 1628 928 sustentatus,
1658 901 1753 930 neque
1782 893 1841 921 ullo

1015 941 1136 974 putante
1150 947 1217 967 eum
1234 939 1334 967 statim
1351 939 1538 967 moriturum.
1556 941 1589 966 Ut
1605 940 1702 966 autem
1716 940 1839 975 purgato

1014 991 1134 1019 corpore
1153 984 1183 1011 in
1200 984 1312 1012 alveum
1337 985 1497 1018 descendit,
1524 983 1563 1011 ibi
1574 985 1636 1011 tota
1651 983 1749 1011 fabula
1775 991 1841 1019 per-

1015 1031 1080 1056 acta
1095 1036 1159 1056 esse
1175 1029 1266 1057 fertur
1281 1037 1288 1056 :
1307 1038 1374 1057 nam
1391 1029 1536 1065 quosdam
1553 1031 1641 1065 caput
1653 1028 1717 1064 ejus
1741 1028 1791 1056 diu
1807 1028 1837 1056 in

1016 1081 1122 1108 aquam
1147 1073 1338 1109 depressisse,
1371 1076 1399 1102 et
1414 1074 1477 1109 jam
1493 1073 1552 1101 fere
1578 1073 1750 1101 examimem
1771 1073 1839 1101 inde

1016 1120 1190 1152 extractum,
1207 1120 1234 1145 et
1248 1118 1279 1146 in
1294 1117 1369 1146 lecto
1382 1118 1566 1146 reclinatum.
1583 1118 1644 1150 Qua
1675 1118 1711 1146 de
1735 1126 1766 1146 re
1791 1127 1840 1145 ru-

1017 1170 1098 1190 more
1113 1164 1186 1196 orto,
1215 1162 1302 1190 etiam
1327 1162 1507 1198 imperatrix,
1536 1162 1580 1196 30b
1611 1169 1713 1189 casum
1756 1161 1841 1189 illum

1017 1215 1138 1244 gemens
1154 1206 1275 1242 scilicet,
1300 1207 1425 1235 accessit
1440 1215 1446 1235 :
1478 1215 1511 1234 ac
1536 1207 1598 1242 jam
1615 1208 1694 1234 certa
1710 1207 1744 1234 de
1760 1206 1841 1234 illius

1018 1260 1088 1280 nece
1101 1252 1200 1280 statim
1216 1252 1347 1280 recessit.
1364 1252 1391 1280 Is
1406 1260 1474 1280 vero
1491 1260 1557 1279 cum
1573 1251 1723 1288 paulisper
1745 1251 1842 1279 adhuc

1019 1297 1082 1325 sine
1107 1305 1175 1325 voce
1194 1297 1350 1333 jaouisset,
1366 1297 1474 1333 rejecta
1498 1305 1548 1333 per
1571 1305 1604 1325 os
1619 1297 1703 1333 nigra
1718 1296 1846 1332 quadarn

1019 1342 1150 1376 materia,
1160 1342 1297 1378 spiritum
1312 1341 1421 1369 emisit.
1441 1341 1582 1377 Regnavit
1606 1350 1698 1369 annos
1716 1342 1845 1377 quinque

1019 1395 1086 1414 cum
1102 1386 1235 1421 dimidio,
1252 1386 1288 1414 ab
1308 1387 1427 1414 ineunte
1441 1388 1524 1414 zetale
1536 1386 1566 1414 in
1582 1385 1687 1414 litteris
1703 1386 1844 1420 eraditus,

1019 1433 1048 1460 et
1062 1431 1160 1459 Graeca
1185 1431 1318 1459 doctrina
1346 1431 1512 1465 institutus,
1538 1430 1694 1467 legumque
1716 1431 1844 1459 civilium

1021 1485 1079 1505 non
1095 1476 1226 1512 ignarus.
1243 1477 1329 1504 Plura
1343 1477 1442 1504 tamen
1459 1475 1578 1504 omnino
1605 1484 1635 1504 se
1654 1476 1731 1504 scire
1753 1484 1842 1512 quam

1021 1521 1132 1549 sciebat
1142 1523 1171 1548 et
1183 1521 1305 1556 putabat
1316 1523 1344 1549 et
1356 1520 1544 1557 gloriabatur.

140 1566 227 1598 οὕτως
252 1567 351 1599 ἐκεῖθεν
369 1561 469 1594 ἃπνοῦν
485 1566 653 1603 ἀνιμηθῆναι
680 1565 788 1604 σχεδὸν,
817 1566 862 1594 καὶ
890 1564 1069 1599 ἀνακλιθῆναι
1084 1564 1153 1602 πρὸς
1166 1565 1215 1598 τὴν
1233 1565 1390 1602 στρωμνήν.
1412 1566 1484 1602 Θροῦ
1507 1562 1530 1591 δ’
1554 1563 1597 1592 ἐπὶ
1621 1563 1709 1600 τούτῳ
1725 1561 1845 1600 συμϐάν-

138 1620 198 1645 τος,
223 1609 348 1648 παρῆλθε
372 1610 417 1638 καὶ
433 1611 450 1645 ἡ
469 1610 588 1648 βασιλὶς,
617 1611 654 1642 ὡς
684 1609 717 1646 δή
733 1621 759 1638 τι
774 1612 813 1646 τῷ
827 1609 905 1638 πάθει
919 1609 1138 1644 ἐπιστενάζουσα,
1153 1609 1197 1636 καὶ
1218 1608 1463 1647 πλήροφορηθεῖσα
1488 1610 1536 1635 τοῦ
1563 1607 1697 1646 βασιλέως
1728 1608 1777 1642 τὴν
1802 1618 1845 1635 τε-

142 1654 253 1690 λευτὴν,
270 1654 391 1690 ἀπῆλθεν
407 1655 495 1688 εὐθύς.
512 1656 542 1684 Ὁ
557 1654 595 1692 δὲ,
614 1655 704 1693 βραχύ
716 1666 742 1683 τι
758 1652 880 1686 ἐπιϐιοὺς
910 1652 1033 1688 ἄναυδος,
1064 1653 1119 1681 εἶτα
1138 1653 1182 1680 καί
1200 1652 1363 1690 μελάντερόν
1378 1664 1404 1680 τι
1419 1653 1561 1691 ἀναγαγὼν
1577 1652 1620 1680 διὰ
1634 1655 1681 1680 τοῦ
1697 1652 1844 1690 στόματος,

141 1700 229 1739 ἀφῆκε
242 1700 273 1727 τὸ
292 1702 410 1736 πνεῦμα,
435 1697 482 1735 ἔτη
515 1699 676 1738 βασιλεύσας
703 1700 780 1727 πέντε
808 1700 877 1738 πρὸς
902 1701 942 1735 τῷ
966 1697 1070 1736 ἡμίσει.
1100 1696 1193 1736 λόγοις
1218 1698 1265 1735 μὲν
1297 1698 1433 1737 ἐντραφεὶς
1459 1699 1508 1735 (9),
1537 1697 1704 1733 Ἑλληνικῆς
1728 1708 1758 1725 τε
1781 1708 1846 1725 παι-

140 1743 211 1776 δείας
240 1745 429 1783 μετεσχηκὼς,
445 1745 557 1773 καὶτῶν
585 1749 635 1781 τῆς
659 1744 799 1776 πολιτείας
811 1745 904 1782 νόμων
922 1743 972 1773 οὐκ
983 1742 1080 1778 ἀδαὴς,
1096 1742 1183 1771 πλείω
1200 1742 1222 1770 δ’
1238 1742 1344 1778 εἰδέναι,
1361 1743 1396 1770 ὧν
1412 1741 1473 1780 ᾔδει
1489 1743 1527 1774 ὡς
1541 1742 1660 1779 ἀληθῶς,
1677 1742 1802 1780 οἰόμενός
1817 1753 1846 1770 τε

139 1789 184 1817 καὶ
202 1789 410 1827 σεμνυνόμενος.

179 1835 228 1863 ῙΔ’.
242 1836 344 1863 Τοῦτον
361 1835 408 1871 μὶν
428 1833 474 1862 οὖν
496 1837 618 1863 τοιοῦτον
643 1834 802 1871 κανειλήφει
824 1835 855 1862 τὸ
880 1835 963 1872 τέρμα

1057 1834 1130 1862 XIV.
1147 1834 1208 1867 Quo
1223 1834 1301 1862 hunc
1311 1834 1374 1862 vitae
1391 1834 1502 1862 exitum
1531 1834 1645 1870 sortito,
1673 1833 1846 1870 imperatrix

140 1881 190 1914 τῆς
207 1879 311 1917 βιοτῆς.
328 1879 358 1906 Ἠ
375 1877 404 1906 δὶ
430 1879 536 1917 βασιλὶς
559 1879 611 1914 ὅλη
628 1882 676 1908 τοῦ
691 1880 736 1908 τὸν
752 1878 867 1917 Μιχαὴλ
883 1879 965 1917 ἐγκα-

142 1921 265 1960 θιδρῦσαι
289 1925 328 1959 τῷ
356 1923 444 1961 θρόνῳ
463 1927 512 1959 τῆς
540 1923 678 1962 βασιλείας
701 1924 817 1962 ἐγίνετο,
842 1923 887 1951 καὶ
908 1926 963 1951 τῶν

141 1968 203 2004 περὶ
218 1967 314 2002 αὐτὴν,
330 1969 383 1995 τῶν
400 1969 533 2006 πατρῴων
551 1967 658 2004 δηλαδὴ
676 1968 845 2006 θεραπόντων
870 1968 963 2004 αὐτῆς,

143 2009 266 2049 ἀναϐολῇ
294 2012 326 2039 τὸ
354 2015 466 2051 πρᾶγμα
494 2012 586 2041 δοῦναι
613 2013 657 2041 καὶ
673 2013 764 2051 σκέψει
794 2010 964 2050 συμϐουλευ-

143 2056 238 2092 όντων,
267 2058 285 2091 ἠ
311 2055 340 2084 δὲ
368 2058 419 2085 οὐκ
438 2057 575 2096 ἠνείχετο,
602 2059 815 2097 κατιπειγομὲνη
831 2058 899 2096 πρὸς
913 2058 963 2092 τὴν

141 2100 343 2139 τελισιουργίαν
372 2102 417 2129 καὶ
442 2103 516 2139 παρὰ
539 2105 587 2130 τοῦ
613 2102 740 2139 ἐκτομίου
764 2101 888 2130 Ἰωάννου
916 2104 964 2129 τοῦ

143 2146 274 2184 συγγόνου
289 2148 337 2174 τοῦ
367 2147 496 2185 Μιχαὴλ,
521 2146 608 2186 λάθρα
633 2148 702 2185 πρὸς
726 2147 808 2182 αὐτὴν
831 2148 963 2184 ὑποψιθυ-

143 2191 277 2229 ρίσαντος,
308 2191 346 2223 ὡς
375 2191 569 2229 ’Λπολούμεθα
597 2191 693 2220 αὒτίκα
710 2215 717 2228 ,
748 2192 770 2220 εἰ
798 2192 887 2230 βραχύ
911 2202 964 2219 τινι

142 2239 228 2274 καιρῷ
254 2236 286 2264 τὸ
324 2236 496 2274 ἀποτέλεσμα
522 2236 675 2274 Βραδυνεῖ.
714 2234 839 2265 Λαϐοὖσα
873 2236 964 2264 τοίνυν

144 2281 219 2314 εὐθὺς
244 2281 291 2309 τὸν
316 2281 454 2320 Μιχαὴλ,
491 2283 535 2310 καὶ
577 2281 677 2317 στολὴν
704 2281 776 2319 αὐτῷ
802 2282 962 2318 περιθεμένη

146 2326 292 2363 βασίλειον,
321 2326 366 2354 καὶ
381 2325 530 2365 διαδήματι
545 2328 594 2364 τὴν
620 2327 721 2356 ἐκείνου
748 2327 869 2367 κεφαλὴν
895 2327 962 2362 αὐτὴ

145 2369 306 2407 ἀναδήσασα,
337 2372 382 2400 καὶ
407 2371 450 2400 ἐπὶ
479 2373 568 2401 θώκου
599 2373 742 2412 βασιλικοῦ
772 2371 964 2411 καθιδρύσασα,

145 2414 188 2441 καὶ
214 2415 281 2450 αὖτὴ
310 2418 558 2456 παρακαθισαμένη,
585 2421 650 2446 πᾶσι
679 2421 737 2451 τοῖς
760 2417 822 2446 τότε
848 2420 965 2456 παροῦσι

146 2460 189 2488 καὶ
219 2459 349 2499 ιῦφημεῖν
378 2462 422 2490 καὶ
448 2466 609 2502 προσκυνεῖν
638 2464 818 2502 προετρέπετο
835 2484 842 2491 .
877 2465 964 2492 Ἔνιοι

145 2504 173 2532 δὲ
199 2504 244 2532 καὶ
272 2503 334 2533 τότε
361 2506 455 2534 αὐτίκα
478 2508 573 2540 νυκτὸς
610 2509 661 2543 τὴν
699 2508 877 2548 ὶιροτελετίαν
915 2509 966 2544 τὴν

145 2550 264 2588 γαμικὴν
293 2549 333 2577 ἐπ’
363 2550 455 2584 αὐτοῖς
495 2553 615 2590 γενέσθαι
652 2553 795 2591 ἱστόρησαν
831 2555 879 2582 τοῦ
914 2563 966 2581 πα-

1019 1881 1081 1907 tota
1096 1879 1126 1906 in
1142 1887 1174 1907 eo
1190 1880 1246 1907 fuit
1264 1881 1296 1908 ut
1312 1879 1481 1908 Michaelem
1497 1879 1527 1907 in
1543 1879 1622 1916 regio
1651 1878 1724 1907 solio
1752 1878 1843 1906 collo-

1019 1926 1108 1952 caret.
1122 1924 1260 1956 Quamvis
1275 1926 1374 1952 autem
1389 1924 1548 1953 familiares
1565 1924 1640 1959 ejus,
1660 1923 1775 1960 paterni
1799 1922 1842 1951 vi-

1019 1969 1123 1997 delicet
1138 1969 1277 2002 ministri,
1307 1969 1464 1998 suaderent
1493 1971 1525 1998 ut
1559 1978 1640 1997 mora
1667 1968 1842 2005 interposita

1019 2013 1193 2042 deliberaret
1209 2013 1256 2041 :id
1267 2016 1422 2050 aspernata
1437 2013 1606 2048 consilium,
1623 2022 1684 2041 rem
1701 2014 1736 2041 ad
1751 2014 1840 2041 finem

1019 2058 1177 2095 perducere
1192 2059 1360 2093 festinabat,
1375 2059 1517 2086 incitante
1531 2059 1691 2094 prasertim
1712 2059 1842 2094 spadone

1018 2103 1130 2131 Joanne
1146 2103 1234 2131 fratre
1250 2102 1410 2138 Michaelis,
1428 2103 1477 2139 qui
1494 2103 1519 2130 ei
1535 2103 1608 2131 clam
1625 2102 1839 2136 insusurrarat;

1019 2147 1082 2175 Sese
1096 2156 1188 2175 omnes
1203 2149 1299 2176 statim
1312 2149 1462 2184 perituros,
1478 2148 1504 2175 si
1528 2148 1624 2183 quain
1638 2147 1748 2181 negotio
1767 2154 1845 2174 mora

1019 2193 1251 2229 interponeretur.
1266 2193 1373 2222 Statim
1389 2193 1478 2230 igitur
1492 2192 1623 2221 Michaeli
1635 2194 1772 2220 ornatum
1800 2199 1845 2219 re-

1020 2238 1101 2274 gium
1112 2239 1321 2274 accommodat,
1351 2238 1437 2274 eique
1451 2238 1481 2265 in
1497 2238 1577 2274 regio
1590 2236 1676 2273 :solio
1705 2235 1845 2264 collocato

1020 2283 1154 2312 assidens
1183 2292 1285 2312 omnes
1310 2283 1361 2319 qui
1391 2283 1514 2311 aderant
1543 2283 1687 2316 hortatur,
1715 2283 1748 2308 ut
1776 2288 1844 2308 eum

1019 2329 1206 2357 consalutant
1233 2331 1261 2357 et
1284 2330 1414 2357 adorent.
1444 2329 1569 2361 Quidam
1594 2331 1729 2356 auctores
1761 2329 1844 2362 sunt,

1020 2374 1094 2402 235
1123 2374 1224 2402 eadem
1251 2376 1335 2403 nocte
1358 2382 1476 2403 sacrum
1505 2373 1637 2410 nuptiale
1673 2374 1840 2409 peractum,

1020 2418 1118 2447 Alexio
1135 2419 1300 2455 patriarcha
1314 2419 1344 2447 in
1360 2419 1470 2456 regiam
1483 2418 1634 2454 accersito,
1664 2417 1715 2453 qui
1737 2418 1765 2445 et
1785 2419 1841 2445 Ro-

1020 2472 1142 2492 manum
1156 2466 1317 2493 mortuum.
1334 2466 1362 2492 et
1376 2463 1547 2492 Michaelem
1572 2462 1686 2499 imperii
1711 2462 1844 2499 auspicia

1022 2509 1118 2538 adhuc
1131 2512 1318 2546 peragentem
1330 2509 1484 2537 invenerit.
1505 2509 1658 2537 Enimvero
1675 2516 1708 2536 eo
1717 2507 1845 2536 facinore

1021 2555 1110 2583 etiam
1125 2554 1195 2583 foris
1210 2554 1399 2592 vulgato,tota
1410 2554 1514 2583 civitas
1522 2553 1846 2590 novumimperatorem

780 2642 882 2674 Varia:
897 2642 1048 2673 lectiones
1063 2645 1095 2674 et
1108 2645 1203 2673 notae.

234 2704 335 2748 ᾼόγοις
356 2707 408 2748 μὲν
439 2706 467 2734 ιῦ
494 2709 627 2748 τραφείς.»
648 2710 762 2739 Psellus
792 2710 821 2739 in
847 2710 968 2748 laudata

145 2742 337 2784 Epistola'lad
354 2742 587 2784 Mopomacb‘um,
612 2746 646 2774 de
663 2749 802 2784 argyror
820 2747 909 2784 Λόγου
939 2745 967 2784 δὶ

147 2777 190 2820 κάξ
212 2777 333 2820 παιδείας
360 2779 489 2820 οὐδεμιᾷς
518 2777 633 2820 ἆμοίρος
650 2777 809 2820 Δᾕνξηοὶλλόι
835 2777 872 2820 «cf:
898 2783 966 2820 πρρς

144 2816 226 2856 ταξτα
253 2813 303 2856 ἕξει
329 2819 389 2856 τοῖς
417 2813 542 2856 πρώτοις
565 2813 967 2856 ἐῲάμ-ιλλος.1ζιί“ι“ιιζ’Ἓν’δὲ

145 2852 254 2900 πρῶτον
275 2852 352 2900 ἔργον
373 2852 476 2900 ἐκείνου
499 2852 545 2900 καὶ
561 2852 732 2900 causam”,
761 2854 834 2900 λύειν
863 2855 898 2900 τᾲ
917 2858 967 2890 τῆς

145 2889 253 2926 Γραφῆς
283 2889 382 2928 ἄπορα,
418 2889 462 2918 καὶ
501 2889 548 2918 τὸν
588 2889 775 2930 κεκρυμμένον
810 2889 966 2930 ἀνορύττειν

1021 2711 1095 2747 νοῦν,
1111 2711 1157 2737 καὶ
1170 2710 1215 2738 τὸν
1232 2709 1332 2747 σκοπὸν
1345 2708 1512 2747 ,ἀνευρίσκειν
1528 2711 1577 2737 τοῦ
1593 2707 1750 2747 αἰνίγματος
1763 2715 1769 2722 ·
1787 2705 1846 2747 ὃ-ϐεν

1023 2746 1184 2785 φιλοσόφοις
1196 2745 1293 2785 ,ὁμίλει
1307 2746 1353 2785 καὶ
1367 2744 1553 2785 ῥήτορσιλκαὶ
1568 2746 1630 2785 περὶ
1645 2744 1756 2785 τούτιιρν¹
1777 2744 1848 2778 μᾶλ-

1022 2779 1070 2810 λον
1087 2779 1244 2819 ἐσπουοάκει
1261 2783 1277 2817 ἢ
1293 2783 1327 2810 τὰ
1342 2779 1471 2819 δημόσια.
1485 2779 1568 2819 idem
1585 2779 1635 2810 lib.
1652 2789 1683 2819 ιιι
1695 2779 1845 2819 nisime.

1020 2820 1071 2847 Ἦν
1094 2819 1140 2856 μὲν
1158 2818 1202 2857 οὖν
1219 2819 1233 2846 ὁ
1244 2812 1314 2857 eis?
1329 2812 1483 2857 καί”λόγοις
1499 2815 1729 2857 ἒπμιτιθραμμενος
1744 2812 1848 2857 Ἑλλη-

1020 2849 1118 2893 νικοῖς,
1133 2856 1177 2883 καὶ
1191 2849 1312 2887 παιδείας
1330 2849 1506 2893 μετεσχὴκὼς
1527 2853 1577 2889 ὅση
1591 2849 1656 2884 τοῖς
1667 2851 1778 2880 Ἰταλῶν
1796 2849 1844 2878 λό-

1020 2879 1236 2930 ἐίὶὲἱξῖἐιέρῖηζὲζ
