1977 3154
183 193 240 224 183

849 195 916 226 JOA
924 194 1013 226 NNIS
1036 196 1205 227 ZONAliIE

1841 197 1890 227 £8!

183 258 387 295 consalutavit,
395 259 502 296 partim
517 260 585 288 huic
599 260 923 297 gratiﬁcantes,partim
935 260 963 288 1a

1108 261 1196 298 άρχου
1226 260 1350 296 Ἀλεξίου
1376 261 1542 300 ἀφικομὲνου
1583 260 1660 298 πρὸς
1689 260 1724 287 τὰ
1757 259 1888 298 βασίλεια,

184 305 234 340 qui
249 304 379 332 defuncti
395 305 462 332 odio
479 304 594 333 liberati
611 307 718 333 essent.
735 305 909 341 Imperatrix
921 314 1006 342 porro

183 356 250 376 cum
267 357 299 377 se
314 357 403 385 quam
419 350 582 378 rectissime
598 350 654 378 sibi
672 350 1007 386 prospexisse,omnique

183 395 326 429 potestate
342 394 371 421 in
387 403 418 421 se
434 394 763 429 translata,Michaelem
793 394 919 422 ministri
945 395 1006 423 vice

182 438 354 467 habiturum
370 441 496 475 putaret,
513 439 650 476 opinione
665 448 718 468 sua
733 440 854 476 decepta
865 442 919 468 est.
932 439 1006 468 Nam

184 483 219 512 ad
227 483 399 520 tempusille
408 484 527 520 quidem
535 484 692 520 pristinum
705 493 834 513 amorem
850 484 1006 517 simulans,

184 532 334 568 obsequiis
355 533 510 562 mulierem
526 533 702 567 demulcere,
723 542 815 570 eaque
831 534 925 562 facere
943 542 1006 569 qua:

182 577 226 605 illi
242 579 325 615 grata
339 580 367 605 et
378 578 513 614 jucunda
523 582 629 606 essent.
642 578 696 606 Sed
709 587 775 606 cum
792 578 1007 606 simulationem

183 622 302 658 longius
330 623 489 658 producere
513 631 571 651 non
588 625 698 659 posset,
729 623 849 651 mutatis
877 623 1008 651 moribus

185 675 249 695 eam
265 670 431 703 suspectam
449 668 688 703 haberezsibique
704 670 838 696 metuens
853 668 1008 703 primarios

185 712 266 740 illius
282 713 433 741 ministros
449 714 530 748 regia
541 713 656 748 ejicere,
684 713 799 741 ancillis
824 713 894 740 item
923 713 1008 740 fami-

184 756 306 785 liaribus
317 758 434 792 amotis,
447 758 520 785 alias
535 758 716 785 substituere
732 766 738 784 :
758 757 884 793 denique
912 765 1010 793 gynae-

185 801 344 829 conitidem
356 801 699 838 cluudere,custodiaque
709 801 850 836 adhibita,
862 810 879 830 a
894 802 1010 829 nemine

185 846 266 874 illam
283 847 356 874 adiri
373 846 481 882 pati,ni
496 846 655 874 satellitum
666 846 800 882 przefecto
816 846 1009 882 exposuisset,

187 891 264 919 unde
279 894 308 919 et
322 891 357 918 ad
365 891 435 926 quid
448 890 680 919 veniret.Namet
695 893 798 927 suopte
814 890 945 926 exemplo
954 893 1009 918 ter-

187 936 350 972 rebatur,et
365 936 464 963 fratris
481 936 602 963 Joannis
620 936 760 972 spadonis
775 935 906 972 impulsu
917 936 1010 972 potis-

188 981 297 1009 simum
312 980 342 1008 id
359 981 451 1008 facere
467 980 635 1016 putabatur.
653 981 705 1013 Qui
722 981 919 1016 spado-,homo
948 982 1011 1009 erat

187 1027 292 1053 acutus
306 1026 334 1052 et
350 1033 424 1058 acer,
448 1025 632 1061 obscuroque
659 1025 787 1061 ingenio,
817 1025 916 1054 varius
942 1033 1011 1061 erga

186 1078 235 1098 eos
247 1070 425 1105 quibuscum
441 1071 554 1106 agebat,
574 1073 738 1106 promptus,
769 1070 846 1098 mole
872 1078 1010 1098 curarum

185 1115 362 1149 indefessus,
393 1123 488 1150 neque
520 1114 614 1151 epulis
653 1123 748 1151 neque
775 1115 842 1144 vino
881 1115 1009 1143 deditus.

185 1163 311 1190 Proinde
328 1162 401 1190 nihil
431 1164 467 1190 de
489 1163 657 1198 reipublicae
680 1164 813 1200 gerendae
842 1164 940 1192 studio
965 1173 1008 1191 re-

185 1206 329 1234 mittebat.
341 1207 380 1233 Ac
396 1207 592 1241 imperaitricis
608 1207 655 1234 hic
685 1210 779 1235 status
795 1208 859 1236 fuit.
888 1208 1010 1236 Michael

185 1258 251 1277 vero
268 1251 469 1278 communium
486 1259 584 1278 rerum
600 1260 671 1278 cura
686 1255 832 1287 suscepta,
849 1260 915 1280 cum
932 1261 1009 1280 mor-

185 1293 241 1322 bus
256 1294 321 1329 ejus
336 1294 560 1330 ingravesceret,
577 1303 662 1330 quem
690 1295 739 1322 alii
767 1296 924 1324 vindictam
950 1296 1009 1324 Nu-

188 1338 279 1366 minis
294 1338 396 1366 oﬂ'ensi
413 1339 542 1375 perjurio
569 1340 849 1376 interpretabantur,
865 1349 923 1377 quo
952 1350 1010 1370 non

187 1391 272 1411 secus
288 1385 376 1420 atque
391 1383 460 1411 olim
476 1383 545 1411 Saul
560 1384 732 1420 angebatur,
742 1384 790 1412 alii
807 1385 966 1414 amentiam
983 1388 1012 1414 et

188 1427 337 1456 insaniam
358 1436 363 1455 :
381 1428 411 1456 in
426 1429 570 1457 Joannem
595 1429 756 1465 spadonem
777 1431 868 1458 totius
894 1431 1010 1467 imperii

189 1473 363 1509 gubernatio
379 1473 524 1508 incubuit,
541 1481 608 1501 cum
619 1473 739 1510 quidem
755 1474 889 1502 monachi
900 1478 1009 1503 vestem

185 1518 248 1553 jam
265 1517 334 1546 olim
351 1518 540 1554 sumpsisset,
567 1518 616 1546 sed
648 1518 750 1546 habitu
769 1519 911 1547 duntaxat
938 1520 1011 1548 illud

189 1562 255 1590 vitis
282 1571 376 1599 genus
404 1563 600 1599 proﬁteretur.
624 1563 775 1592 Enimvere
803 1566 1012 1593 Constantinus

186 1606 368 1636 Dalassenus
385 1608 537 1643 patricius,
555 1607 634 1636 domi
650 1608 769 1644 degens,
787 1617 854 1637 cum
884 1610 919 1637 de
938 1619 1011 1637 novo

187 1651 365 1686 imperatore
381 1652 549 1687 audivisret,
563 1652 773 1689 indignabatur
792 1662 940 1682 summam
964 1663 1010 1682 re-
1027 1639 1048 1672 Ο

187 1703 253 1723 rum
269 1697 305 1723 ad
320 1696 408 1724 talem
433 1697 584 1726 hominem
608 1706 673 1726 esse
701 1699 878 1727 devolutam.
904 1701 1012 1734 [Quare

187 1739 309 1768 Michael
325 1748 391 1768 cum
404 1741 465 1769 suis
492 1742 681 1770 vehementer
709 1744 897 1778 perturbatus
931 1752 1012 1772 vere-

187 1785 276 1812 batur
303 1793 339 1813 ne
358 1786 534 1813 Delassenus
563 1794 686 1822 regnum
715 1788 870 1816 affectarat.
911 1789 1012 1824 Itaque

188 1829 315 1857 Joannes
329 1830 485 1865 quemdam
503 1830 600 1864 mititt,
616 1831 868 1868 quijurejurando
884 1833 1011 1861 afﬁrma-

189 1875 235 1900 ret
250 1873 322 1900 nihil
337 1873 363 1901 ei
377 1875 568 1903 metuendum
584 1883 649 1903 esse
666 1876 744 1911 mali,
760 1877 880 1913 viroque
891 1886 1014 1914 persua-

192 1918 274 1945 deret
288 1918 538 1953 utimperatorem
564 1920 740 1949 conveniret.
771 1922 848 1950 236
863 1922 916 1954 Qui
946 1931 1013 1950 eum

190 1962 328 1998 venisset,
358 1963 394 1990 ab
423 1963 598 1999 imperatore
625 1965 750 2001 benigne
786 1969 952 2003 susceptus,
982 1976 1015 1995 ac

190 2007 364 2035 muneribus
389 2010 417 2035 et
433 2007 577 2044 dignitate
606 2011 722 2046 auctus,
751 2010 782 2039 in
810 2012 881 2039 urbe
911 2012 1015 2048 degere

187 2052 290 2088 jussus
306 2053 360 2080 est.
378 2052 493 2081 Nicetes
513 2061 580 2082 vero
610 2053 798 2091 imperatoris
826 2057 925 2092 frater,
954 2057 1014 2085 dux

191 2095 337 2133 Daphnea;
358 2097 518 2126 Antiochiae
535 2099 716 2135 designatus,
732 2110 787 2129 non
805 2103 849 2130 est
863 2101 893 2129 in
910 2102 1012 2130 urbem

189 2145 225 2173 ab
235 2146 425 2175 Antioohenis
437 2147 596 2176 admissus.
613 2148 686 2177 Nam
717 2150 901 2186 publicorum
926 2151 1012 2179 vecti-

185 2189 297 2226 galium
314 2193 456 2225 exactore,
474 2200 491 2220 a
505 2200 562 2227 quo
578 2201 608 2221 se
628 2193 731 2222 durius
757 2197 897 2223 tractatos
927 2197 1012 2231 puta-

185 2234 269 2268 bant,
285 2235 449 2270 interfecto,
477 2237 562 2264 veriti
592 2245 628 2264 ne
655 2238 720 2273 ejus
746 2239 883 2267 facinoris
911 2248 1012 2275 poenas

186 2279 299 2315 darent,
317 2282 416 2316 portas
431 2281 457 2308 ei
482 2281 666 2309 clauserant:
699 2291 751 2310 nec
768 2283 848 2319 prius
869 2284 1013 2312 admisere

1060 306 1104 333 καὶ
1127 306 1172 333 τὸν
1205 306 1252 343 μὶν
1278 306 1416 342 Ῥωμανὸν
1442 307 1579 337 τεθνεῶτα
1608 302 1827 339 καταλαϐόντος,
1849 306 1889 333 τὸν

1061 348 1090 377 δέ
1118 361 1149 388 γι
1176 349 1294 388 Μιχαὴλ
1323 348 1361 378 ἔτι
1386 350 1418 377 τὰ
1438 350 1481 377 ἐπὶ
1505 352 1539 387 τῇ
1575 348 1711 388 βασιλείᾳ
1726 349 1889 386 τελούμενον.

1061 398 1132 435 Ἤδη
1158 398 1187 427 δὲ
1211 399 1255 427 καὶ
1285 402 1344 431 τοῖς
1374 398 1424 434 ἔξω
1454 397 1634 431 διαδοθέντος
1660 400 1712 426 τοῦ
1741 399 1888 436 γεγονότος.

1061 444 1106 472 καὶ
1121 447 1193 472 πᾶσα
1207 445 1224 479 ή
1255 443 1336 476 πόλις
1358 444 1405 472 τὸν
1430 446 1489 471 νέον
1510 444 1685 482 ἀνηγόρευεν
1702 443 1890 481 αὐτοκράτορα,

1060 489 1092 517 τὸ
1123 489 1170 525 μὶν
1200 489 1274 525 αὐτῷ
1302 489 1490 526 χαριζόμενοι,
1520 489 1551 516 τὸ
1579 487 1605 515 δ’
1638 487 1684 515 δτι
1711 488 1758 515 τὸν
1790 487 1890 515 ἀπιόντα

1063 533 1275 572 ἆπεφορτίσαντο
1305 533 1459 572 χαίροντες.
1477 533 1509 561 Ἡ
1537 533 1586 570 μὶν
1620 531 1670 560 οὖν
1698 531 1808 570 βασιλὶς
1830 531 1890 568 ᾤετο

1065 577 1260 616 βουλεύσασθαι
1281 576 1386 615 ἄριστα,
1417 577 1461 605 καὶ
1477 577 1558 614 ἑαυτῇ
1573 578 1630 612 τήν
1661 580 1752 604 πᾶσαν
1782 576 1890 612 ἐξουσίαν

1062 623 1307 660 περιποιήσασθαι,
1343 622 1383 650 κνὶ
1412 623 1456 650 τὸν
1487 621 1606 660 Μιχαὴλ
1641 622 1785 659 ὑπηρέτην
1814 618 1889 657 ἕξειν·

1061 668 1092 695 τὸ
1109 666 1141 694 δά
1155 670 1182 695 τῖ
1211 667 1328 705 ἑτεροῖον
1356 664 1522 704 συμϐέϐηκε.
1551 667 1650 704 Μᾶχρι
1671 667 1721 704 μὶν
1749 667 1800 704 γάρ
1827 676 1890 697 τινος

1064 712 1263 750 ἔσχηματίζετο
1290 715 1381 750 τηρεῖν
1411 713 1460 747 τήν
1486 710 1553 750 πρὸς
1583 711 1634 739 τὸν
1663 709 1796 748 βασιλίδα
1817 709 1892 743 διάθε-

1064 767 1116 792 σιν,
1141 757 1186 784 καὶ
1214 756 1298 793 ταύτῃ
1324 756 1495 795 χαρίζεσθαι,
1524 757 1569 783 καὶ
1605 756 1643 783 τὰ
1665 755 1757 793 ἐκείνῃ
1789 756 1887 792 θυμήρη

1064 804 1161 837 ποιεῖν,
1178 801 1234 829 εἶτα
1259 802 1311 829 οὐκ
1326 801 1364 832 είς
1390 801 1493 839 μακρὰν
1519 801 1641 828 ἐκτεῖται
1669 801 1722 835 τὴε
1746 798 1889 838 προσποίη-

1065 856 1105 874 σιν
1149 846 1345 884 ἀνασχόμενος,
1385 845 1601 883 μεθαρμόττεται
1617 866 1624 880 ,
1665 845 1714 872 καὶ
1758 843 1889 872 ὑποπτεύει

1065 891 1160 925 αὐτὴν,
1187 891 1231 918 καὶ
1260 889 1349 921 δείσας
1377 890 1439 927 περὶ
1465 890 1562 926 ἑαυτῷ,
1596 889 1748 927 μεθίστησι
1776 889 1822 926 μὲν
1841 891 1887 915 τῶν

1068 934 1212 974 βασιλείων
1242 935 1306 967 τοὺς
1335 935 1461 972 ἐκτομίας
1490 945 1552 966 τους
1581 935 1673 968 αὐτῆς
1702 934 1829 971 παρῴους
1852 938 1887 965 θι-

1066 980 1210 1018 ράποντας,
1226 979 1270 1007 καὶ
1297 980 1346 1011 τὰς
1374 979 1442 1017 αὖτῇ
1463 980 1589 1015 συνήθεις
1615 979 1788 1018 θεραπαίνας
1814 977 1886 1011 αὐτῆς

1065 1024 1183 1063 διαιρεῖ,
1215 1024 1305 1063 ἐτέρας
1341 1023 1363 1052 δ’
1389 1024 1457 1061 αὐτῇ
1487 1024 1555 1062 πρὸς
1583 1024 1735 1061 θεραπείαν
1766 1020 1886 1050 ἀντικαθί-

1065 1080 1154 1105 στησι.
1171 1069 1222 1098 Καὶ
1238 1068 1281 1096 ἐπὶ
1304 1069 1413 1100 τούτοις
1436 1069 1485 1103 τήν
1513 1071 1712 1106 γυναικωνῖτιν
1744 1067 1811 1103 αὐτῇ
1834 1066 1888 1093 ἀπο-

1065 1114 1206 1153 φράγνυσι,
1231 1113 1275 1142 καὶ
1295 1113 1413 1152 φρουρὰν
1439 1113 1604 1151 περιίστησι,
1628 1113 1676 1140 καὶ
1707 1111 1798 1140 οὐδενὶ
1812 1120 1885 1148 προσ-

1065 1159 1132 1187 ιὲναι
1159 1159 1243 1196 ταύτῃ
1272 1157 1504 1196 παρακδχώρητο,
1520 1158 1543 1185 εἱ
1570 1159 1608 1195 μή
1633 1158 1681 1185 τὸν
1709 1156 1851 1194 προσιόντα
1875 1155 1885 1180 ὁ

1065 1203 1238 1243 φρούραρχος
1261 1203 1449 1239 κατεξήτασεν,
1479 1203 1540 1235 ἀθεν
1569 1203 1648 1237 ἥκοι,
1674 1202 1722 1229 καὶ
1748 1201 1818 1231 τίνος
1833 1199 1883 1226 δεό-

1066 1258 1144 1285 μενος
1169 1247 1359 1285 παραγένοιτο.
1387 1246 1501 1275 Ἐδεδίει
1531 1247 1580 1285 γὰρ
1612 1246 1724 1279 οἵκοθεν
1755 1243 1824 1283 ἔχων
1845 1244 1884 1270 τοῦ

1065 1291 1142 1324 δέους
1170 1292 1218 1323 τὰς
1245 1292 1380 1331 ἀφορμάς.
1409 1292 1456 1323 Εἰς
1470 1294 1553 1320 ταῦτα
1582 1290 1605 1319 δ’
1622 1291 1767 1329 ἐνάγεσθαι
1781 1287 1882 1316 πλέονό

1064 1336 1179 1376 Μιχαὴλ
1201 1336 1308 1374 λέγεται
1337 1337 1410 1374 παρὰ
1433 1339 1482 1364 τοῦ
1504 1337 1639 1374 συγγόνου
1660 1336 1746 1364 αὐτοῦ
1771 1334 1883 1362 Ἰωάννου

1062 1385 1112 1410 τοῦ
1141 1382 1280 1419 ἐκτομίου.
1296 1383 1349 1420 Ἠγ
1374 1382 1425 1420 γὰρ
1451 1380 1537 1413 δεινὸς
1552 1382 1566 1409 ὁ
1589 1381 1738 1420 ἅνθρωπος
1763 1379 1806 1407 καὶ
1829 1377 1882 1415 δρα·

1063 1427 1188 1465 στήριος,
1212 1427 1308 1454 καὶτὸ
1328 1427 1394 1461 ἦθος
1424 1426 1646 1462 ὑποκαθήμενος,
1672 1425 1719 1453 καὶ
1743 1433 1808 1462 προς
1829 1420 1882 1465 τοὺς

1065 1464 1277 1510 ἐντυγχάνοντας
1306 1469 1544 1506 ποικιλλόμενος,
1575 1470 1769 1509 περισπερχής
1797 1477 1824 1494 τε
1844 1464 1881 1493 καὶ

1064 1517 1134 1554 πρὸς
1158 1515 1307 1556 φροντίδων
1337 1513 1418 1552 ὄγκον
1448 1516 1597 1551 ἀκάματος,
1628 1515 1675 1542 καὶ
1702 1512 1764 1541 οὐδὲ
1792 1520 1885 1556 γασῖξξ·

1064 1552 1188 1598 τόμενοτς,
1216 1559 1279 1588 οὐδὲ
1300 1560 1363 1597 περὶ
1388 1560 1433 1587 τὸν
1456 1558 1571 1597 ἄκρατον
1588 1557 1801 1596 λιχνευόμεοος,
1829 1552 1881 1582 οὖδὶ

1067 1606 1226 1643 ἡττώμενος
1243 1604 1328 1640 οἷ’νου,
1349 1607 1400 1639 τῆς
1427 1603 1489 1641 περὶ
1514 1604 1563 1635 τὰς
1587 1602 1726 1640 δημοσίας
1749 1601 1880 1635 διοικήσεις

1067 1651 1189 1690 καθυφίει
1215 1648 1347 1684 σπουδῆς·
1362 1649 1400 1676 Τὰ
1425 1649 1472 1685 μὲν
1496 1648 1541 1676 οὗν
1568 1648 1631 1686 περί
1657 1649 1709 1683 τὴν
1739 1645 1882 1690 βασίλισσαν

1066 1689 1230 1732 ᾠκονόμητο
1260 1693 1368 1721 οὑτωσί·
1399 1694 1413 1720 ὁ
1442 1691 1470 1720 δὲ
1498 1692 1612 1730 Μιχαὴλ
1641 1696 1693 1728 τῆς
1718 1694 1771 1719 τῶν
1799 1689 1882 1716 κοινῶν

1066 1745 1235 1782 πραγμάτων
1260 1742 1419 1779 οἰκονομίας
1435 1742 1587 1780 ἀντείχετο·
1612 1743 1672 1770 εἶτα
1693 1743 1732 1777 τῷ
1750 1740 1793 1777 μὲν
1817 1737 1881 1774 ἐκρα-

1066 1791 1176 1816 ταιοῦτο
1192 1789 1210 1823 ἡ
1226 1787 1314 1822 νόσος,
1331 1788 1361 1821 ἢν
1379 1787 1404 1814 οἱ
1432 1786 1478 1823 μὲν
1496 1786 1609 1814 ἐκάλουν
1627 1785 1770 1823 δαιμόνιον
1788 1783 1879 1820 μήνιμα

1069 1832 1114 1861 διὰ
1141 1833 1191 1868 τὴν
1218 1831 1357 1870 ἐπιορκίαν
1386 1830 1520 1868 ἐνσκῆψαν
1551 1831 1645 1867 αὐτῷ,
1671 1830 1717 1858 καὶ
1747 1825 1879 1870 συμπνίγον

1067 1878 1113 1905 τὸν
1127 1876 1280 1915 ἄνθρωπον,
1308 1877 1345 1907 ὡς
1361 1875 1446 1904 πάλαι
1462 1874 1495 1910 δὴ
1511 1876 1556 1903 τὸν
1574 1875 1678 1904 Σαοὺλ.
1705 1874 1732 1902 οἱ
1754 1872 1782 1899 δὲ
1798 1868 1878 1915 μανίαν

1067 1933 1097 1950 τε
1111 1922 1156 1950 καὶ
1171 1913 1340 1959 παραφοράν·
1357 1921 1371 1948 ὸ
1395 1919 1417 1948 δ’
1443 1920 1572 1964 ἐκτομίας
1603 1919 1737 1954 Ἰωάννης
1749 1917 1797 1951 τὴν
1824 1913 1881 1964 ὅλην

1070 1966 1207 2003 ἀνεδέξατο
1246 1969 1296 2001 τῆς
1341 1964 1481 2003 βασιλείας
1523 1963 1705 2003 κυϐέρνησιν,
1748 1965 1880 2008 μοναχικξν

1071 2012 1117 2049 μὲν
1145 2009 1247 2047 ἔνδυμα
1274 2010 1359 2038 πάλαι
1389 2009 1606 2048 ἀμφιασάμενος,
1636 2012 1721 2037 τοῦτο
1750 2006 1778 2034 δὲ
1802 2006 1878 2049 "lng

1068 2044 1135 2095 όιχρι
1165 2044 1250 2092 μὸνου
1277 2055 1326 2082 τοῦ
1342 2044 1497 2093 σχήματος.
1517 2044 1734 2086 γΚων-τταντῖνος
1749 2051 1776 2079 δὲ
1797 2044 1878 2097 πατρίς

1067 2113 1127 2134 κιος
1152 2103 1165 2130 ὁ
1190 2100 1374 2135 Δαλασσηνὸς,
1399 2099 1470 2128 οἷόιοι
1498 2098 1656 2139 διατρίϐων,
1685 2099 1731 2128 καὶ
1757 2095 1814 2134 περῖ
1838 2095 1877 2139 τῗῧ

1066 2147 1127 2174 νὲου
1144 2146 1278 2185 βασιλέως
1293 2145 1457 2182 πυθόμενος,
1482 2134 1690 2182 δυσανασχετῶν
1716 2143 1759 2178 ἦν,
1788 2134 1876 2185 ὅτι-εἷς

1067 2181 1150 2229 ἄνδρα
1184 2192 1307 2218 τοιοῦτον
1349 2181 1371 2225 ἡν
1410 2189 1536 2228 βασιλεία
1571 2181 1701 2227 περιέστη
1741 2181 1874 2221 Ῥωμαίωνι

1067 2242 1156 2269 Τοῦτο
1184 2237 1301 2277 θορύϐου
1329 2238 1393 2270 τοὺς
1431 2238 1494 2275 περὶ
1528 2239 1573 2266 τὸν
1604 2237 1719 2276 βασιλέα
1747 2234 1873 2277 ὶμέστιςλσξι

1066 2271 1234 2320 πτοηθέντα-ς
1265 2284 1301 2320 μή
1334 2293 1400 2310 ποτε
1427 2283 1440 2311 ὁ
1468 2271 1646 2318 huic:QO
1671 2277 1803 2319 τυραννίδι
1828 2271 1874 2320 επί-

186 2332 274 2359 quam
288 2325 482 2360 jurejurando
498 2326 701 2354 confirmasset
722 2318 829 2355 caedem
859 2328 940 2356 illam

1091 2318 1164 2366 mit.
1200 2330 1249 2356 Καὶ
1266 2318 1387 2356 στέλλει
1416 2329 1430 2356 ὁ
1460 2329 1589 2363 Ἰωάννης
1612 2329 1657 2356 τὸν
1688 2318 1777 2365 ὁρκοις
1804 2318 1871 2366 αὐτὸν

187 2367 282 2395 fraudi
299 2378 356 2397 non
370 2371 510 2398 futuram.
528 2373 638 2398 Verum
664 2380 696 2399 eo
717 2372 911 2408 jurejurando
938 2373 1012 2401 nihil

186 2411 353 2448 deterritus,
378 2415 488 2443 multos
503 2415 618 2451 cecidit,
641 2419 669 2444 et
680 2417 859 2452 quibusdam
886 2418 1011 2454 insigni-

185 2456 242 2484 bus
271 2457 382 2486 civibus
411 2460 528 2495 vinctis,
557 2460 587 2488 in
613 2469 751 2497 magnam
773 2462 876 2490 urbem
898 2463 1010 2495 missis.

184 2500 268 2528 fratri
283 2501 389 2530 Joanni
404 2504 524 2540 scripsit
535 2513 566 2533 se
582 2506 618 2534 ab
633 2507 822 2535 Antiochenis
837 2507 873 2535 ob
888 2508 1011 2536 benevo-

182 2545 305 2574 lentiam
316 2554 420 2576 eorum
436 2557 505 2585 erga
522 2550 711 2580 Delassenum
727 2552 878 2581 exclusum
906 2553 1007 2582 fuisse.

180 2594 256 2623 Hinc
271 2595 451 2625 Dalasscnus
472 2597 500 2625 in
516 2598 644 2628 insulam
673 2602 782 2630 Platem
799 2603 954 2639 relegatur,
980 2605 1009 2631 et

179 2641 396 2668 Constantinus
420 2644 516 2670 Ducas
531 2643 596 2678 ejus
612 2653 710 2681 gener,
727 2647 762 2675 de
776 2647 886 2684 injuria
910 2648 1007 2684 queri-

178 2687 245 2714 tans
260 2688 288 2714 et
304 2686 467 2722 perjurium
497 2695 554 2715 non
585 2689 777 2719 dissimulans
795 2692 868 2720 turri
888 2693 1005 2721 cuidam

177 2729 424 2760 includitur.Post
439 2731 618 2762 Dalassenus
627 2735 715 2764 etiam
728 2744 743 2764 e
754 2736 835 2765 Plata
843 2738 1004 2766 translatus

177 2773 210 2802 in
236 2777 341 2805 turrim
371 2777 582 2814 compingitur.
605 2779 663 2808 Sub
691 2781 720 2809 id
745 2785 859 2818 tempus
881 2782 1004 2819 Agareni

178 2819 259 2864 hij/ra
273 2825 428 2859 ceperunt:
445 2822 605 2852 Patzinacze
621 2826 730 2860 passim
745 2836 760 2856 e
776 2827 913 2856 Romanis
935 2836 1003 2864 pro-

178 2863 282 2895 vinciis
311 2869 424 2904 praedas
456 2871 588 2905 egerunt.
617 2871 799 2902 Antiocheno
815 2873 888 2902 duce
903 2863 1003 2903 Niceta

1071 2361 1255 2413 βεϐαιώσοντα
1273 2373 1310 2404 ὡς
1337 2371 1444 2404 οὐδενὸς
1474 2373 1583 2410 ἀνιαροῦ
1612 2361 1872 2416 πειραθήσεταιῖιιξαξ

1066 2406 1192 2448 πείσοντα
1219 2420 1264 2446 τὸν
1295 2416 1378 2456 ἄνδρα
1406 2417 1446 2454 τῷ
1473 2417 1580 2456 βασιλεῖ
1607 2416 1776 2455 προσελθεῖν.
1803 2406 1871 2440 Kal”

1068 2465 1115 2501 μὶν
1144 2462 1295 2502 προσῆλθε,
1311 2462 1355 2490 καὶ
1371 2463 1385 2490 ὁ
1407 2461 1534 2500 βασιλεὺς
1550 2462 1635 2490 αὐτῶν
1652 2459 1788 2490 ἀσπασίως
1797 2461 1868 2507 τξξοῗ·

1065 2499 1171 2546 idm-co,-
1190 2509 1236 2536 καὶ
1260 2499 1417 2542 ἰδεξιώσατο
1448 2505 1579 2545 δωρεαῖς,
1603 2507 1648 2534 καὶ
1678 2505 1779 2543 μείζονι
1794 2499 1870 2546 ,ἄξιόν

1066 2544 1129 2591 ματι
1158 2553 1286 2590 ἐτίμησε,
1323 2552 1368 2579 καὶ
1397 2551 1423 2579 ἐν
1455 2544 1494 2589 τῇν
1518 2551 1593 2580 τόλιι
1624 2549 1723 2589 διάγειν
1752 2544 1868 2596 ἐκέλευξηζ

1064 2605 1185 2638 Νικήτας
1200 2601 1228 2630 δὲ
1244 2603 1258 2630 ὁ
1272 2603 1320 2629 τοῦ
1348 2600 1482 2639 βασιλέως
1511 2600 1650 2638 ὁμαίμων,
1681 2599 1742 2635 δοὺξ
1762 2599 1808 2641 τῆς
1833 2591 1868 2641 ἰπὶ

1063 2652 1154 2688 Δᾳφνῃ
1175 2647 1345 2685 Ἀντιοχείας
1369 2645 1579 2684 προχειρισθεὶς,
1609 2643 1708 2684 εἷ’ρχθη
1732 2640 1799 2688 ποιρᾲ
1822 2640 1866 2688 τίδ’(

1062 2683 1228 2731 ’ᾸνΙτιοχὲων
1255 2683 1304 2727 sic
1333 2690 1371 2722 εἱς
1472 2689 1554 2720 πόλιν
1584 2683 1713 2719 εἰσόδου.
1744 2683 1867 2731 Πράκτοξα

1061 2739 1113 2777 γάρ
1141 2748 1201 2766 τινα
1214 2739 1268 2765 τῶν
1291 2735 1433 2773 δημοσίων
1462 2735 1559 2773 τελῶν,
1589 2736 1626 2768 ὡς
1642 2736 1734 2766 αὐτοῖς
1749 2731 1866 2777 φορτικως

1059 2775 1323 2821 προσενηνεγμένον,
1355 2780 1496 2813 ἀνελόντες
1527 2781 1554 2809 οἱ
1579 2784 1630 2816 τῆς
1650 2775 1810 2816 ’Δντιοχείας
1822 2778 1864 2821 τίο-

1060 2813 1145 2865 λίται,
1172 2813 1397 2860 καὶμδεδοικότες
1427 2827 1465 2864 μὴ
1494 2825 1571 2858 δίκας
1650 2825 1725 2855 δουκὶ
1739 2823 1783 2867 τοῦ
1806 2813 1861 2867 τολ-

1060 2874 1187 2912 μήματος
1217 2871 1338 2908 διδῶσιν,
1369 2871 1541 2911 ιπιζύγωσαν
1571 2871 1644 2909 αὐτῷ
1668 2872 1716 2904 τὰς
1728 2865 1808 2898 πύλας
1819 2865 1861 2894 τη(
