1977 3154
70 209 125 240 185

717 207 920 239 ANNALIUM
944 208 1017 238 LIB.
1042 208 1136 239 XVII.

1721 207 1779 237 186

68 275 185 307 πόλεως.
198 277 231 304 '0
249 273 278 303 δέ
292 274 419 312 ένόρκους
441 275 535 306 αὐτοῖς
560 275 770 312 παρασχόμενος
797 275 848 302 πίση

999 277 1083 309 ιιιιυο,
1101 275 1311 303 Constantinus
1331 276 1359 302 et
1387 275 1450 310 ipse
1478 273 1662 310 imperatoris
1691 273 1779 301 frater

69 320 103 350 ὡς
118 318 198 346 οὐδὲν
215 318 265 347 διὰ
277 320 321 347 τὸν
339 318 419 358 φόνον
449 319 590 347 ὑποσταῖεν
615 319 706 353 κακὸν,
729 321 901 358 παραχωρεῖ-

69 375 109 392 ται
136 368 189 398 τῆς
223 364 346 392 ιῒσόδοιν
363 365 419 391 εἶτα
447 363 510 395 τοὺς
540 364 637 401 ὅρκους
657 362 734 391 οὐδὲν
751 363 901 402 λογισάμε-

68 419 124 442 νος,
140 407 273 440 πολλοὺς
298 409 344 445 μὶν
372 409 568 443 ἀποκτίννυσιν,
585 408 670 440 ἐνίους
701 407 730 436 δὲ
755 410 808 436 τῶν
838 409 900 446 παρ’

69 454 159 485 αὐτοῖς
187 453 337 490 δπισήμων
365 452 493 490 δεσμίους
513 452 618 481 ἔστειλε
644 454 712 492 πρὸς
739 453 787 487 τὴν
817 463 900 491 μεγα-

70 497 195 532 λόπολιν,
211 499 323 536 γράψας
349 500 390 534 τῷ
419 497 529 538 ἀδελφῷ
551 499 674 536 Ἰωάννῃ,
691 497 736 525 διὰ
756 498 804 532 τὴν
832 498 901 535 πρὸς

69 543 112 571 τὸν
126 541 306 578 Δαλασσηνὸν
333 540 438 570 εὔνοιαν
466 542 589 580 ἆπεῖρξαι
617 542 691 579 αὖτῷ
718 543 767 578 τήν
794 541 899 570 εἴσοδον

70 586 129 618 τοὺς
157 587 327 626 Ἀντιοχεῖς.
356 588 494 619 Ἐντεῦθεν
524 587 538 614 6
572 586 745 622 Δαλασσηνὸς
783 587 821 618 εἱς
849 588 898 621 τὴν

70 635 146 666 νῆσον
175 632 228 666 τὴν
262 631 373 667 Πλάτην
394 631 589 670 περιορίζεται,
604 631 649 659 καὶ
679 632 693 659 ὁ
721 631 764 659 ἐπὶ
790 631 899 669 θυγατρὶ

70 675 201 712 κηδεστὴς
231 676 320 704 αὐτοῦ
347 676 579 708 Κωνσταντῖνοςὸ
595 674 692 708 δούκας
721 676 770 710 τήν
797 674 901 703 ἀδικίαν

71 718 272 757 ἐπιϐοώμενος,
288 721 333 748 καὶ
359 721 408 755 τήν
435 720 573 758 ἐπιορκίαν
600 721 630 748 ού
656 721 777 757 σιωπῶν,
803 721 900 759 πύργῳ

70 766 118 793 τινὶ
159 765 367 794 κατακλείεται.
398 765 464 793 Εἶτα
509 766 649 803 μετάγεται
680 766 694 793 6
727 765 899 801 Δαλασσηνὸς

73 810 100 837 ἑκ
124 812 174 842 τῆς
202 809 330 846 Πλάτης,
360 810 406 837 καὶ
447 810 545 848 πύργῳ
581 810 778 848 καθιίργνυται.
811 810 900 838 Ἐάλω

73 854 98 882 δὲ
122 855 183 882 τότε
211 857 275 886 τοῖς
309 855 355 891 μὲν
386 854 416 882 έκ
442 858 492 890 τῆς
509 856 597 893 Ἀγαρ
620 854 654 883 τὰ
677 855 764 893 Μύρα,
781 855 826 883 καὶ
840 858 899 886 τοῖς

73 899 250 934 Πατζινάκαις
282 899 343 927 λεία
370 899 465 938 γέγονε
487 901 540 927 τῶν
577 902 675 927 Μυσῶν
704 901 771 937 (10).
796 902 847 928 Τοῦ
872 898 901 927 δὲ

74 943 164 975 δουκὸς
204 943 381 982 ’Δντιοχείας
422 945 526 980 Νικήτα
576 945 807 982 καταστρέψαντος
848 945 897 979 τὴν

75 990 151 1023 ζωὴν,
181 989 196 1016 6
227 991 432 1020 Κωνσταντῖνος
459 987 575 1028 ἀδελφὸς
605 988 641 1016 ὣν
668 989 712 1027 κρὶ
742 989 820 1020 οὗτος
853 991 902 1017 τοῦ

77 1032 205 1070 βασιλέως
237 1033 283 1061 ἐπὶ
315 1035 348 1070 τῇ
371 1032 526 1071 Ἀντιοχείᾳ
550 1033 596 1060 τὸν
628 1033 826 1069 τελευτήσαντα
850 1033 902 1061 διε-

75 1075 171 1111 δέξατο,
197 1078 245 1104 καὶ
278 1077 293 1104 6
324 1075 415 1114 ἕτερος
444 1077 527 1104 αὐτοῦ
555 1076 673 1116 ἀδελφὸς
697 1075 900 1115 πρωτοϐεστιά-

955 320 1107 354 successit,
1132 319 1224 348 altero
1253 321 1317 355 ejus
1347 320 1435 346 fratre
1467 318 1675 354 protovestario
1704 318 1779 345 desi-

955 367 1052 400 gnato.
1070 366 1141 392 Cum
1157 366 1255 392 autem
1271 364 1394 400 Agat-eui
1409 363 1537 391 Al'rieani
1561 366 1591 390 et
1613 362 1779 390 Sicilienses

955 408 1068 436 insulas
1084 411 1112 436 et
1127 417 1208 436 oram
1225 409 1403 436 maritimum
1432 408 1616 441 infestarent,
1648 407 1780 435 Romana

955 452 1058 481 classis
1074 453 1183 481 multas
1199 461 1300 481 eorum
1317 461 1404 480 naves
1433 461 1499 480 cum
1527 451 1599 479 viris
1628 451 1778 485 demersit,

955 498 1064 526 multos
1081 497 1160 526 vivos
1174 498 1262 534 cepit,
1287 505 1413 533 quorum
1429 497 1477 525 alii
1507 497 1542 524 ad
1571 496 1777 532 imperatorem

955 542 1039 570 missi
1055 542 1188 576 sunt,alii
1203 542 1232 570 in
1248 542 1346 570 littore
1362 542 1496 569 trabibus
1512 541 1778 569 atlixi.Pancratius

954 595 1021 615 vero
1047 587 1179 623 Abasgize
1204 587 1350 623 princeps,
1370 587 1417 615 cui
1442 588 1591 614 Romanus
1620 586 1779 621 imperator

955 641 1038 660 suam
1057 635 1173 669 neptem
1189 632 1494 669 desponderat,lcedus
1505 634 1669 659 Romanum
1682 630 1777 666 solvit,

955 679 983 705 et
997 677 1105 713 quibus
1113 678 1241 706 castellis
1253 680 1281 706 et
1292 678 1415 706 urbibus
1425 677 1494 705 olim
1504 676 1643 704 Romanis
1651 677 1779 703 cesserat

955 731 988 750 ea
1003 731 1107 750 rursus
1123 723 1177 751 sibi
1194 722 1508 756 vindicabat,l‘ortassis
1524 724 1555 749 ut
1568 723 1778 756 Romanorum,

955 767 1094 803 injuriam
1110 768 1289 804 imperatori,
1306 776 1365 795 suae
1382 767 1515 803 conjugis
1539 769 1643 802 patruo
1672 766 1778 793 factam

955 811 1156 840 ulcisceretur.
1174 812 1331 840 Patzinacae
1348 812 1420 840 Istro
1438 820 1513 847 saepe
1529 811 1648 846 trajecto
1665 809 1780 846 provin-

956 857 1015 885 cias
1022 857 1096 885 male
1106 857 1404 893 tractarunt,captivis
1413 855 1777 884 omnibusinterﬁciendis.

955 902 1065 929 Arabes
1089 902 1228 929 Edessam
1256 903 1441 934 obsederunt,
1454 909 1578 936 eamque
1614 908 1779 936 expugnas-

956 948 1031 980 sent,
1049 946 1105 974 nisi
1120 946 1279 974 Antiochiae
1295 947 1354 973 dux
1369 945 1578 974 Constantinus
1594 944 1780 981 imperatoris

957 990 1046 1018 frater
1060 999 1144 1026 opem
1158 990 1294 1018 tulisset:
1312 991 1396 1026 cujus
1410 990 1586 1017 industriam
1611 989 1654 1016 sic
1682 996 1779 1016 remu-

956 1037 1076 1063 neratus
1091 1037 1136 1063 est
1151 1035 1319 1071 imperator,
1344 1038 1376 1062 ut
1391 1043 1457 1062 eum
1474 1033 1665 1062 Orientalium
1691 1033 1780 1069 legio-

956 1087 1037 1107 mum
1053 1080 1248 1107 domesticum
1264 1081 1384 1108 crearet.

76 1132 128 1159 ριος
154 1121 382 1159 προκεχείριστο.
414 1122 455 1158 Ἐξ
485 1124 616 1161 Ἀφρικῆς
660 1123 750 1158 μέντοι
791 1123 835 1150 καὶ
878 1122 1004 1154 Σικελίας
1048 1122 1145 1154 στόλος
1188 1123 1334 1151 ἀποπλέων
1364 1123 1519 1160 ’Λγαρηνῶν
1550 1121 1649 1149 ἐκάκου
1676 1120 1724 1152 τάς
1751 1131 1780 1148 τε

75 1167 167 1200 νήσους
197 1166 244 1194 καὶ
275 1166 311 1194 τὰ
339 1165 470 1205 παράλια.
499 1165 586 1194 Ἀλλὰ
623 1166 730 1198 τούτοις
771 1167 869 1198 στόλος
911 1167 1048 1195 ἐπιπλέων
1073 1168 1226 1204 Ῥωμαϊκὸς
1260 1167 1353 1195 πολλὰ
1381 1167 1428 1204 μὲν
1456 1169 1511 1194 τῶν
1536 1168 1644 1205 σκαφῶν
1670 1164 1780 1193 κατέδυ-

79 1221 116 1238 σεν
145 1209 297 1248 αὔτανδρα,
320 1210 445 1242 πολλοὺς
472 1210 495 1238 δ’
523 1211 673 1249 ἐζώγρησε·
703 1212 747 1239 καὶ
774 1211 838 1243 τοὺς
874 1212 921 1249 μὲν
950 1213 1018 1248 πρὸς
1052 1213 1098 1240 τὸν
1140 1211 1252 1250 βασιλέα
1290 1212 1473 1251 ἐκπέπομφεν,
1497 1212 1524 1239 οἳ
1550 1210 1579 1239 δὲ
1602 1209 1779 1238 ἀνεσκολοπί-

75 1256 166 1291 σθησαν
195 1256 266 1283 κατὰ
292 1256 343 1290 τήν
374 1255 520 1293 παράλιον.
547 1257 718 1294 Ιῐαγκράτιος
748 1255 777 1284 δὲ
805 1257 819 1284 6
849 1255 943 1295 ἅρχων
970 1254 1129 1294 Ἀϐασγίας,
1145 1258 1168 1293 ᾧ
1198 1258 1247 1292 τήν
1278 1256 1380 1284 οίκείαν
1398 1257 1504 1293 ἀνεψιὰν
1522 1254 1676 1293 ὁβασιλεὺς
1692 1254 1780 1291 ἡρμό-

80 1311 138 1328 σατο
161 1301 320 1337 Ῥωμανὸς,
347 1300 394 1332 τάς
417 1311 446 1328 τε
474 1301 542 1338 πρὸς
569 1301 721 1338 Ῥωμαίους
764 1300 880 1332 σπονδὰς
917 1299 1006 1337 ἔλυσε,
1037 1302 1081 1329 καὶ
1122 1301 1158 1329 ὤν
1201 1302 1384 1340 παρεχώρησε
1422 1301 1484 1339 πρὶν
1511 1300 1656 1337 Ῥωμαίοις
1696 1310 1780 1339 φρου-

79 1346 138 1383 ρίων
167 1346 213 1374 καὶ
243 1344 369 1381 πόλεων,
397 1343 545 1374 ἐπελάϐετο
573 1346 666 1382 πάλιν,
696 1347 732 1378 ὡς
774 1347 846 1385 τάχα
884 1345 960 1378 δίκας
997 1347 1149 1383 Ῥωμαίους
1188 1348 1374 1385 πραττόμενος
1403 1347 1468 1384 ὑπὲρ
1494 1349 1542 1374 τοῦ
1576 1345 1708 1384 βασιλέως
1735 1345 1780 1372 καὶ

79 1391 144 1422 θείου
170 1394 222 1426 τῆς
267 1391 343 1427 αὐτῷ
380 1390 564 1428 ὁμευνέτιδος.
594 1390 734 1422 Πολλάκις
764 1389 786 1418 δ’
813 1392 839 1419 οἱ
866 1391 1040 1426 Πατζινάκαι,
1069 1391 1114 1419 καὶ
1143 1392 1187 1419 τὸν
1217 1393 1320 1429 Ἴστρον
1352 1389 1544 1426 διαϐαίνοντες,
1574 1390 1607 1418 τὰ
1635 1390 1778 1426 Ῥωμαίων

76 1437 158 1466 κακῶς
202 1434 364 1472 διετίθεντο,
393 1435 458 1467 τοὺς
498 1435 696 1472 ἁλισκομένους
732 1433 837 1471 ἡϐηδὸν
880 1436 1062 1473 ἀναιροῦντες.
1092 1437 1138 1463 Καὶ
1168 1434 1282 1474 ’Ἄραϐες
1320 1437 1370 1471 τὴν
1398 1435 1526 1464 ’Έδεσκαν
1565 1434 1777 1472 ἐπολιόρκησαν,

77 1480 116 1507 καὶ
143 1480 206 1514 ἥλω
235 1479 267 1508 ἂν
295 1482 314 1515 ἡ
343 1480 436 1515 πόλις,
465 1480 487 1507 εί
519 1481 556 1517 μὴ
587 1481 601 1507 ὁ
630 1479 692 1516 δοὺξ
720 1480 890 1519 Ἀντιοχείας
918 1481 1212 1511 Κωνσταντῖνοςὸτοῦ
1225 1481 1424 1518 αὐτοκράτορος
1451 1479 1567 1519 ἀδελφὸς
1581 1480 1649 1516 αὐτῇ
1666 1479 1779 1507 ἐπεκού-

79 1535 162 1563 ρησεν,
179 1525 208 1553 ὂν
227 1525 241 1553 6
261 1524 401 1563 βασιλεὺς,
415 1528 463 1560 τῆς
480 1523 602 1560 σπουδῆς
617 1523 811 1561 ἀμειϐόμενος,
825 1527 878 1553 τῶν
895 1525 970 1562 ἑῴων
986 1525 1129 1562 ταγμάτων
1146 1524 1306 1562 δομέστικον
1323 1523 1520 1564 προεϐάλλετο.

109 1572 154 1597 ΙΕ’.
170 1571 227 1598 Τοῦ
254 1569 286 1597 δὲ
312 1571 360 1604 τῆς
384 1569 525 1606 Αἰγύπτου
550 1571 714 1607 κρατοῦντος
739 1572 829 1608 ’Ἃμερ
856 1570 888 1597 θα

1000 1571 1054 1598 XV.
1072 1572 1176 1598 Amere
1191 1571 1303 1607 (Egypti
1317 1571 1446 1606 principe
1459 1569 1674 1604 mortuo,vidua
1689 1568 1780 1597 illius:

79 1613 174 1647 νόντος,
190 1615 208 1648 ἡ
235 1614 342 1642 ἐκείνου
368 1614 446 1652 γυνὴ,
463 1614 610 1651 Χριστιανὴ
641 1614 717 1648 οὖσα,
747 1613 859 1641 σπιίσασ

1000 1623 1023 1642 es
1038 1615 1199 1643 christiana
1213 1618 1285 1649 erat,
1302 1624 1362 1642 una
1376 1623 1441 1642 cum
1452 1614 1512 1642 ﬁlio
1525 1622 1625 1650 pacem
1641 1621 1707 1640 cum
1722 1612 1777 1640 Ro-

80 1657 120 1684 σὺν
149 1661 186 1694 τῷ
213 1659 267 1695 υίῷ
296 1659 364 1695 μετὰ
378 1658 518 1695 Ῥωμαίων
535 1658 660 1694 ἐζήτησε*
685 1659 730 1686 καὶ
746 1659 760 1686 6
778 1657 857 1697 βασιλ

1000 1660 1054 1688 mis
1070 1660 1163 1688 facere
1179 1660 1303 1688 studuit.
1327 1662 1420 1694 Quare
1445 1660 1519 1688 237
1548 1659 1708 1695 imperator
1733 1657 1780 1684 in-

81 1701 192 1740 ἰκύρωσε
218 1704 279 1740 μετ’
303 1703 391 1730 αὐτῶν
415 1703 630 1742 τριακοντούτεις
658 1702 785 1735 σπονδάς.
807 1702 903 1732 Ἀδελ-

81 1747 119 1785 φοὲ
145 1746 172 1775 δὲ
201 1747 250 1776 δύο
295 1748 458 1784 Σαρακηνοὶ,
482 1751 533 1783 τῆς
574 1747 702 1780 Σικελίας
731 1750 902 1786 κρατοῦντες,

81 1792 140 1829 πρὸς
162 1791 312 1828 ἀλλήλους
336 1790 416 1830 ἔσχον
442 1791 582 1832 διαφορὰς,
596 1793 632 1820 ὧν
663 1793 756 1828 ἅτερος
784 1795 824 1830 τῷ
854 1793 901 1831 βα-

82 1835 144 1864 σιλεῖ
170 1837 319 1874 Ῥωμαίων
363 1837 560 1876 προσπέφευγε,
606 1838 766 1876 συμμαχίαν
808 1837 901 1867 αἷτῶν.

83 1881 220 1909 Στιλλιται
250 1881 344 1910 τοίνυν
374 1882 388 1909 6
414 1882 556 1920 πατρίκιος
581 1881 715 1920 Γεώργιος
733 1883 747 1910 6
762 1881 902 1918 Μανιάκης

82 1925 260 1965 ἐπικουρήσων
317 1927 413 1963 αὐτῳ,
454 1924 655 1965 Λοηιὸαρδίας
697 1928 901 1965 προχειρισθεὶς

82 1971 237 2009 στρατηγός,
265 1972 362 2007 Μήπω
401 1970 430 1999 δὲ
470 1972 520 2006 τήν
548 1970 674 1999 Σικελίαν
700 1971 901 2004 καταλαὸόντος

81 2017 122 2042 τοῦ
149 2016 287 2052 Μανιάκη,
315 2017 341 2043 οἱ
379 2016 480 2052 ταύτης
522 2016 734 2054 ὴγεμονεύοντες
773 2017 900 2056 σύγγονοι

82 2060 142 2096 πρὸς
168 2060 316 2097 ἀλλήλους
345 2060 514 2096 ἐσπείσαντο,
541 2061 587 2089 καὶ
624 2059 812 2090 καταλαϐόντα
853 2062 899 2090 τὸν

81 2105 210 2141 Μανιάκην
225 2105 362 2134 ἀπελάσαι
384 2109 433 2141 τῆς
459 2107 542 2142 νήσου
568 2105 742 2143 διιμελέτων,
757 2107 802 2134 καὶ
831 2117 898 2144 συμ-

85 2150 176 2188 μαχίαν
214 2150 240 2187 ἐξ
286 2152 416 2189 ’Δφρικῆς
461 2150 678 2188 μιτεπέμψαντο.
714 2151 900 2190 Συρῥαγέντος

82 2191 108 2221 δὲ
142 2195 278 2232 πολέμου,
309 2196 340 2223 τὸ
368 2196 521 2234 Ῥωμαϊκὸν
561 2196 693 2235 ἐκράτησε
734 2197 897 2235 στράτευμα,

81 2238 119 2265 καὶ
145 2239 224 2279 φόνου
253 2239 363 2269 πολλοῦ
390 2243 444 2268 τῶν
461 2240 659 2280 Καρχηδονίων
675 2240 834 2280 γεγονότος,
850 2241 899 2269 πό-

82 2280 132 2314 λεις
168 2285 213 2321 μὶν
259 2285 394 2324 πρότερον
436 2285 598 2324 ἐξεπόρθησε
625 2286 690 2316 δέκα
714 2286 759 2314 ἰπὶ
784 2285 870 2324 τρισίν
887 2295 894 2302 ·

83 2326 132 2356 εἶτα
156 2330 222 2358 κατὰ
250 2330 348 2369 μικρὸν
375 2328 531 2369 προϐαίνων
558 2332 573 2359 6
601 2331 757 2368 Μανιάκης,
772 2330 817 2359 καὶ
844 2334 896 2359 πᾶ-

84 2381 123 2400 σαν
137 2375 184 2409 τήν
198 2375 327 2403 Σικελίαν
348 2377 382 2413 τῇ
398 2375 539 2413 Ῥωμαίων
567 2376 704 2414 ἡγεμονίᾳ
730 2377 895 2416 προσήγαγε.

84 2418 176 2459 μικροῦ
191 2418 214 2447 δ’
229 2419 260 2448 ἂν
277 2419 350 2448 ἑάλω
365 2421 381 2456 ἡ
399 2419 524 2456 Ἔδεσσα,
540 2419 617 2458 δόλῳ
639 2421 723 2456 αὖτὴν
747 2423 800 2449 τῶν
818 2422 896 2459 Ἀρά-

85 2457 130 2489 Βων
153 2463 358 2500 μελετησάντων
383 2465 578 2504 χειρώσασθαι.
595 2465 704 2494 Δώδεκα
729 2466 780 2504 γὰρ
809 2457 895 2494 αὐτῶν

85 2504 211 2546 ἄρχοντες,
246 2509 413 2546 ἐπαγόμενοι
454 2509 600 2546 καμήλους
642 2511 830 2546 πεντακοσίας,
858 2511 895 2540 ὧν

85 2549 168 2593 ipsum
193 2551 309 2582 κιϐώτια
338 2553 384 2582 δύο
414 2554 562 2593 έπήχθιτο,
593 2556 661 2591 ἧκον
690 2556 729 2588 είς
758 2555 894 2584 Ἔδεσσαν·

84 2592 181 2624 ἕκαστον
196 2596 224 2626 δὶ
237 2601 292 2626 τῶν
310 2596 446 2628 κιϐωτίων
476 2592 595 2636 όπλίτην
618 2601 690 2640 εἶχεν
713 2601 797 2633 ἐντός.
813 2600 895 2630 Ἕλε‹

86 2648 126 2676 γον
149 2639 176 2670 δὶ
202 2643 307 2672 ἀπιέναι
335 2644 404 2683 πρὸς
434 2644 549 2683 βασιλέα
573 2639 822 2684 δῶρανκομίζοντις
848 2645 894 2674 καὶ

958 1705 1062 1733 ducias
1078 1706 1201 1741 triginta
1216 1714 1356 1734 annoram
1370 1713 1436 1733 cum
1452 1713 1487 1732 ea
1501 1704 1623 1741 pepigit.
1635 1704 1707 1731 Cum
1723 1703 1781 1730 duo

957 1748 1063 1778 fratres
1078 1751 1214 1786 Agaremi
1233 1750 1337 1778 Siciliae
1352 1750 1543 1786 imperantes,
1554 1750 1631 1777 inter
1646 1756 1677 1776 se
1693 1747 1781 1776 dissi-

958 1793 1070 1828 derent,
1086 1802 1246 1831 eorumque
1261 1794 1334 1823 alter
1348 1795 1533 1831 imperatoris
1560 1801 1645 1830 opem
1673 1792 1780 1828 implo-

957 1842 1062 1874 rasset,
1097 1839 1239 1877 Georgius
1265 1840 1411 1870 Maniacss
1441 1839 1583 1876 patricius
1599 1837 1706 1866 auxilio
1737 1835 1779 1864 illi

957 1884 1067 1913 missus
1082 1888 1136 1919 est,
1154 1886 1363 1922 Longobardim
1376 1888 1481 1921 praetor
1509 1884 1691 1920 designatus.
1723 1881 1778 1914 Qui

957 1931 1116 1966 antequam
1131 1930 1160 1958 in
1177 1931 1305 1958 Siciliam
1315 1930 1454 1963 venisset,
1470 1929 1513 1957 illi
1530 1929 1606 1956 inter
1621 1936 1652 1956 se
1678 1935 1780 1955 recon-

956 1974 1056 2009 ciliati,
1068 1977 1096 2002 et
1111 1975 1272 2003 Maniacem
1287 1975 1392 2003 insulas
1403 1975 1483 2003 aditu
1502 1973 1656 2010 prohibere
1671 1971 1778 2006 conati,

955 2019 1065 2048 auxilia
1092 2019 1266 2056 Carthagine
1303 2021 1470 2047 evocarunt.
1496 2019 1551 2046 Sed
1579 2026 1677 2054 pugna
1701 2024 1779 2044 com-

955 2064 1057 2097 missa,
1074 2064 1224 2092 Romanus
1239 2064 1382 2092 exercitus
1409 2063 1489 2098 vicit,
1519 2069 1682 2098 magnaque
1701 2060 1779 2087 caede

954 2108 1227 2144 Carthaginensium
1243 2108 1330 2142 edita,
1354 2108 1495 2136 tredecim
1524 2107 1612 2133 urbes
1637 2104 1778 2140 principio

953 2151 1097 2180 vastavit:
1114 2151 1219 2179 deinde
1247 2151 1389 2187 paulatim
1409 2150 1601 2187 Progrediens
1630 2147 1778 2176 Maniaces

953 2197 1046 2225 totam
1062 2196 1192 2224 Siciliam
1207 2197 1337 2224 Romano
1353 2195 1475 2232 imperio
1500 2193 1638 2223 restituit.
1668 2192 1778 2220 Edessa

952 2249 1019 2269 vero
1035 2249 1140 2277 parum
1155 2240 1249 2269 abfuit
1264 2241 1336 2276 quin
1353 2241 1390 2269 ab
1407 2239 1552 2268 Arabibus
1563 2238 1629 2267 dolo
1658 2245 1777 2273 capere-

951 2288 1009 2314 tur.
1022 2288 1095 2314 Nam
1116 2286 1270 2314 duodecim
1291 2294 1392 2314 eorum
1420 2284 1568 2321 principes
1597 2283 1776 2319 quingentos

950 2331 1076 2360 camelos
1091 2331 1232 2359 Edessam
1247 2331 1405 2366 adduxere,
1435 2330 1519 2358 binas
1547 2327 1678 2356 cistellas
1706 2334 1775 2363 ges-

949 2378 1125 2412 tantes,qua3
1136 2376 1258 2404 totidem
1269 2378 1398 2404 armatos
1411 2372 1776 2407 claudebant,simulantes

951 2429 982 2449 se
998 2421 1168 2458 imperatori
1185 2430 1308 2450 munera
1323 2420 1474 2449 oblaturos
1486 2427 1493 2447 :
1504 2419 1556 2447 sed
1572 2418 1598 2446 si
1613 2416 1776 2445 intromissi

951 2468 1060 2500 essent,
1077 2466 1106 2494 in
1132 2466 1231 2495 animo
1261 2466 1408 2494 habebant
1436 2467 1523 2493 noctu
1548 2463 1662 2492 eductis
1685 2461 1776 2490 armis

951 2511 1054 2540 urbem
1071 2519 1185 2548 capere.
1202 2512 1309 2539 Praator
1324 2510 1472 2546 principes
1501 2510 1537 2538 ad
1567 2517 1599 2537 se
1627 2509 1776 2544 ingressos

951 2556 1111 2585 honoriﬁce
1125 2555 1249 2592 excepit,
1266 2563 1368 2583 eorum
1387 2555 1532 2583 ministris
1560 2562 1628 2583 cum
1657 2552 1777 2582 camelis

951 2602 1047 2630 adhuc
1063 2603 1144 2630 extra
1155 2601 1257 2629 urbem
1271 2600 1392 2629 retictis.
1409 2600 1465 2629 Sed
1490 2609 1556 2628 cum
1580 2599 1700 2636 quidam
1727 2600 1778 2625 Ar-

952 2647 1067 2676 menius
1083 2645 1247 2680 mendicus,
1273 2645 1526 2682 Arabicalingum
1551 2652 1671 2681 gnarus,
1699 2641 1776 2678 apud

716 2735 818 2768 Varias
833 2734 983 2766 lectiones
998 2737 1029 2766 et
1043 2736 1137 2766 notis.

120 2809 170 2853 (ig)
195 2811 326 2854 καὶτοῖς
364 2812 545 2854 Πατζινᾴκαις
577 2813 648 2854 -λιία
697 2814 794 2854 γέγονε
817 2817 891 2854 ,τῶν

991 2814 1158 2854 vella_a_pud
1183 2813 1388 2854 Balsamomsn
1411 2813 1447 2854 ad
1472 2815 1619 2854 Nomocan.
1649 2819 1678 2848 p.
1710 2811 1771 2849 140,

90 2842 191 2887 sese».
214 2842 332 2887 Notum:
347 2842 545 2886 proverbium;
569 2852 605 2880 de

91 2879 238 2913 Alexisdem
253 2879 385 2922 quedam
411 2879 624 2925 attigidiﬁsiin
637 2879 894 2919 Kiexiiﬁdomneni

655 2860 693 2889 uo
705 2847 747 2889 'riri
762 2852 840 2881 notis
856 2853 892 2889 ad
948 2852 961 2880 1
978 2851 1047 2881 edit.
1064 2847 1108 2880 Τᾶ
1119 2851 1232 2889 Φρυγῶν
1246 2849 1291 2878 καὶ
1306 2852 1417 2885 Μυσῶν,
1433 2861 1435 2865 ·

830 2861 840 2881 s
856 2853 892 2889 ad
948 2852 961 2880 1
978 2851 1047 2881 edit.
1064 2847 1108 2880 Τᾶ
1119 2851 1232 2889 Φρυγῶν
1246 2849 1291 2878 καὶ
1306 2852 1417 2885 Μυσῶν,
1433 2851 1450 2885 ἡ
1465 2847 1610 2887 παροιμία.
