  <div class='ocr_page' id='page_1' title='image "/cluster/home/n/w/nwhite01/storage/ocr_20150623/135/njp.32101077773107/101.png"; bbox 0 0 2032 3167; ppageno 0'>
   <div class='ocr_carea' id='block_1_1' title="bbox 194 174 252 205">
    <p class='ocr_par' dir='ltr' id='par_1_1' title="bbox 194 174 252 205">
     <span class='ocr_line' id='line_1_1' title="bbox 194 174 252 205; baseline 0 0"><span class='ocrx_word' id='word_1_1' title='bbox 194 174 252 205; x_wconf 71' lang='grc'>18⁵1</span> 
     </span>
    </p>
   </div>
   <div class='ocr_carea' id='block_1_2' title="bbox 192 237 1056 274">
    <p class='ocr_par' dir='ltr' id='par_1_2' title="bbox 192 237 1056 274">
     <span class='ocr_line' id='line_1_2' title="bbox 192 237 1056 274; baseline -0.006 -4"><span class='ocrx_word' id='word_1_2' title='bbox 192 241 304 270; x_wconf 80' lang='lat' dir='ltr'>Arabes</span> <span class='ocrx_word' id='word_1_3' title='bbox 315 240 385 268; x_wconf 82' lang='lat' dir='ltr'>foris</span> <span class='ocrx_word' id='word_1_4' title='bbox 395 240 578 268; x_wconf 84' lang='lat' dir='ltr'>diversantes</span> <span class='ocrx_word' id='word_1_5' title='bbox 589 237 892 272; x_wconf 80' lang='lat' dir='ltr'>mendicaret,audivit</span> <span class='ocrx_word' id='word_1_6' title='bbox 913 245 1014 274; x_wconf 88' lang='lat' dir='ltr'>quem-</span> <span class='ocrx_word' id='word_1_7' title='bbox 1031 240 1056 272; x_wconf 78' lang='grc' dir='ltr'>Α</span> 
     </span>
    </p>
   </div>
   <div class='ocr_carea' id='block_1_3' title="bbox 193 282 1021 321">
    <p class='ocr_par' dir='ltr' id='par_1_3' title="bbox 193 282 1021 321">
     <span class='ocr_line' id='line_1_3' title="bbox 193 282 1021 321; baseline -0.006 -7"><span class='ocrx_word' id='word_1_8' title='bbox 193 286 261 314; x_wconf 90' lang='lat' dir='ltr'>dam</span> <span class='ocrx_word' id='word_1_9' title='bbox 277 293 292 314; x_wconf 85' lang='grc' dir='ltr'>θ</span> <span class='ocrx_word' id='word_1_10' title='bbox 306 286 364 314; x_wconf 90' lang='lat' dir='ltr'>cita</span> <span class='ocrx_word' id='word_1_11' title='bbox 374 287 594 321; x_wconf 79' lang='lat' dir='ltr'>percontantem</span> <span class='ocrx_word' id='word_1_12' title='bbox 606 284 654 312; x_wconf 83' lang='lat' dir='ltr'>ubi</span> <span class='ocrx_word' id='word_1_13' title='bbox 666 284 765 312; x_wconf 82' lang='lat' dir='ltr'>essent</span> <span class='ocrx_word' id='word_1_14' title='bbox 781 282 795 310; x_wconf 71' lang='grc' dir='ltr'><strong>Ῥ</strong></span> <span class='ocrx_word' id='word_1_15' title='bbox 809 284 837 310; x_wconf 88' lang='lat' dir='ltr'>et</span> <span class='ocrx_word' id='word_1_16' title='bbox 853 282 954 310; x_wconf 83' lang='lat' dir='ltr'>urbem</span> <span class='ocrx_word' id='word_1_17' title='bbox 978 282 1021 310; x_wconf 89' lang='lat' dir='ltr'>in-</span> 
     </span>
    </p>
   </div>
   <div class='ocr_carea' id='block_1_4' title="bbox 193 327 1020 368">
    <p class='ocr_par' dir='ltr' id='par_1_4' title="bbox 193 327 1020 368">
     <span class='ocr_line' id='line_1_4' title="bbox 193 327 1020 368; baseline -0.007 -9"><span class='ocrx_word' id='word_1_18' title='bbox 193 339 325 368; x_wconf 82' lang='lat' dir='ltr'>gressus,</span> <span class='ocrx_word' id='word_1_19' title='bbox 341 332 540 359; x_wconf 90' lang='lat' dir='ltr'>commentum</span> <span class='ocrx_word' id='word_1_20' title='bbox 557 329 682 366; x_wconf 86' lang='lat' dir='ltr'>praetori</span> <span class='ocrx_word' id='word_1_21' title='bbox 698 327 822 364; x_wconf 84' lang='lat' dir='ltr'>aperuit.</span> <span class='ocrx_word' id='word_1_22' title='bbox 842 327 867 355; x_wconf 90' lang='lat' dir='ltr'>ls</span> <span class='ocrx_word' id='word_1_23' title='bbox 891 327 1020 355; x_wconf 78' lang='lat' dir='ltr'>Arabum</span> 
     </span>
    </p>
   </div>
   <div class='ocr_carea' id='block_1_5' title="bbox 194 372 1021 413">
    <p class='ocr_par' dir='ltr' id='par_1_5' title="bbox 194 372 1021 413">
     <span class='ocr_line' id='line_1_5' title="bbox 194 372 1021 413; baseline -0.007 -9"><span class='ocrx_word' id='word_1_24' title='bbox 194 376 342 413; x_wconf 84' lang='lat' dir='ltr'>principes</span> <span class='ocrx_word' id='word_1_25' title='bbox 358 375 386 403; x_wconf 91' lang='lat' dir='ltr'>in</span> <span class='ocrx_word' id='word_1_26' title='bbox 404 375 476 403; x_wconf 86' lang='lat' dir='ltr'>urbe</span> <span class='ocrx_word' id='word_1_27' title='bbox 491 374 680 403; x_wconf 81' lang='lat' dir='ltr'>convivantes</span> <span class='ocrx_word' id='word_1_28' title='bbox 697 373 858 409; x_wconf 83' lang='lat' dir='ltr'>reliquit,et</span> <span class='ocrx_word' id='word_1_29' title='bbox 878 380 945 399; x_wconf 88' lang='lat' dir='ltr'>cum</span> <span class='ocrx_word' id='word_1_30' title='bbox 959 372 1021 399; x_wconf 86' lang='lat' dir='ltr'>suis</span> 
     </span>
    </p>
   </div>
   <div class='ocr_carea' id='block_1_6' title="bbox 192 417 1019 458">
    <p class='ocr_par' dir='ltr' id='par_1_6' title="bbox 192 417 1019 458">
     <span class='ocr_line' id='line_1_6' title="bbox 192 417 1019 458; baseline -0.008 -8"><span class='ocrx_word' id='word_1_31' title='bbox 192 430 331 458; x_wconf 84' lang='lat' dir='ltr'>egressus</span> <span class='ocrx_word' id='word_1_32' title='bbox 351 420 459 457; x_wconf 86' lang='lat' dir='ltr'>apertis</span> <span class='ocrx_word' id='word_1_33' title='bbox 481 420 574 453; x_wconf 82' lang='lat' dir='ltr'>cistis,</span> <span class='ocrx_word' id='word_1_34' title='bbox 592 421 722 447; x_wconf 85' lang='lat' dir='ltr'>armatos</span> <span class='ocrx_word' id='word_1_35' title='bbox 742 425 844 446; x_wconf 87' lang='lat' dir='ltr'>omnes</span> <span class='ocrx_word' id='word_1_36' title='bbox 864 417 1019 449; x_wconf 80' lang='lat' dir='ltr'>interfecit,</span> 
     </span>
    </p>
   </div>
   <div class='ocr_carea' id='block_1_7' title="bbox 194 462 1022 502">
    <p class='ocr_par' dir='ltr' id='par_1_7' title="bbox 194 462 1022 502">
     <span class='ocr_line' id='line_1_7' title="bbox 194 462 1022 502; baseline -0.008 -7"><span class='ocrx_word' id='word_1_37' title='bbox 194 475 227 495; x_wconf 87' lang='lat' dir='ltr'>ac</span> <span class='ocrx_word' id='word_1_38' title='bbox 242 467 272 494; x_wconf 92' lang='lat' dir='ltr'>in</span> <span class='ocrx_word' id='word_1_39' title='bbox 301 467 404 494; x_wconf 81' lang='lat' dir='ltr'>urbem</span> <span class='ocrx_word' id='word_1_40' title='bbox 433 473 595 502; x_wconf 81' lang='lat' dir='ltr'>regressus,</span> <span class='ocrx_word' id='word_1_41' title='bbox 624 465 713 492; x_wconf 89' lang='lat' dir='ltr'>duces</span> <span class='ocrx_word' id='word_1_42' title='bbox 742 463 791 499; x_wconf 90' lang='lat' dir='ltr'>qui</span> <span class='ocrx_word' id='word_1_43' title='bbox 813 462 918 498; x_wconf 85' lang='lat' dir='ltr'>reliqui</span> <span class='ocrx_word' id='word_1_44' title='bbox 939 463 1022 489; x_wconf 87' lang='lat' dir='ltr'>erant</span> 
     </span>
    </p>
   </div>
   <div class='ocr_carea' id='block_1_8' title="bbox 198 507 1021 549">
    <p class='ocr_par' dir='ltr' id='par_1_8' title="bbox 198 507 1021 549">
     <span class='ocr_line' id='line_1_8' title="bbox 198 507 1021 549; baseline -0.009 -9"><span class='ocrx_word' id='word_1_45' title='bbox 198 512 296 549; x_wconf 81' lang='lat' dir='ltr'>gladio</span> <span class='ocrx_word' id='word_1_46' title='bbox 312 511 509 544; x_wconf 85' lang='lat' dir='ltr'>confccit,uno</span> <span class='ocrx_word' id='word_1_47' title='bbox 525 512 640 538; x_wconf 84' lang='lat' dir='ltr'>tantum</span> <span class='ocrx_word' id='word_1_48' title='bbox 656 507 1021 541; x_wconf 84' lang='lat' dir='ltr'>dimisso,ambulansma-</span> 
     </span>
    </p>
   </div>
   <div class='ocr_carea' id='block_1_9' title="bbox 194 550 1020 591">
    <p class='ocr_par' dir='ltr' id='par_1_9' title="bbox 194 550 1020 591">
     <span class='ocr_line' id='line_1_9' title="bbox 194 550 1020 591; baseline -0.01 -6"><span class='ocrx_word' id='word_1_49' title='bbox 194 557 294 591; x_wconf 88' lang='lat' dir='ltr'>nibus,</span> <span class='ocrx_word' id='word_1_50' title='bbox 322 564 394 584; x_wconf 91' lang='lat' dir='ltr'>naso</span> <span class='ocrx_word' id='word_1_51' title='bbox 409 558 438 584; x_wconf 88' lang='lat' dir='ltr'>et</span> <span class='ocrx_word' id='word_1_52' title='bbox 453 555 574 583; x_wconf 88' lang='lat' dir='ltr'>auribus</span> <span class='ocrx_word' id='word_1_53' title='bbox 587 553 803 589; x_wconf 82' lang='lat' dir='ltr'>truncatoszqui</span> <span class='ocrx_word' id='word_1_54' title='bbox 816 552 927 580; x_wconf 80' lang='lat' dir='ltr'>cladem</span> <span class='ocrx_word' id='word_1_55' title='bbox 938 550 1020 578; x_wconf 89' lang='lat' dir='ltr'>illam</span> 
     </span>
    </p>
   </div>
   <div class='ocr_carea' id='block_1_10' title="bbox 197 595 1020 635">
    <p class='ocr_par' dir='ltr' id='par_1_10' title="bbox 197 595 1020 635">
     <span class='ocr_line' id='line_1_10' title="bbox 197 595 1020 635; baseline -0.009 -5"><span class='ocrx_word' id='word_1_56' title='bbox 197 602 277 630; x_wconf 91' lang='lat' dir='ltr'>domi</span> <span class='ocrx_word' id='word_1_57' title='bbox 294 601 492 629; x_wconf 80' lang='lat' dir='ltr'>nuntiaret.At</span> <span class='ocrx_word' id='word_1_58' title='bbox 507 598 746 635; x_wconf 79' lang='lat' dir='ltr'>Carlhaginensis</span> <span class='ocrx_word' id='word_1_59' title='bbox 772 605 893 626; x_wconf 88' lang='lat' dir='ltr'>suarum</span> <span class='ocrx_word' id='word_1_60' title='bbox 922 595 1020 632; x_wconf 88' lang='lat' dir='ltr'>copia-</span> 
     </span>
    </p>
   </div>
   <div class='ocr_carea' id='block_1_11' title="bbox 193 640 1019 681">
    <p class='ocr_par' dir='ltr' id='par_1_11' title="bbox 193 640 1019 681">
     <span class='ocr_line' id='line_1_11' title="bbox 193 640 1019 681; baseline -0.008 -7"><span class='ocrx_word' id='word_1_61' title='bbox 193 655 260 674; x_wconf 84' lang='lat' dir='ltr'>rum</span> <span class='ocrx_word' id='word_1_62' title='bbox 275 645 393 674; x_wconf 89' lang='lat' dir='ltr'>interitu</span> <span class='ocrx_word' id='word_1_63' title='bbox 410 645 535 681; x_wconf 82' lang='lat' dir='ltr'>cognito,</span> <span class='ocrx_word' id='word_1_64' title='bbox 553 644 616 681; x_wconf 86' lang='lat' dir='ltr'>ipse</span> <span class='ocrx_word' id='word_1_65' title='bbox 632 652 699 673; x_wconf 87' lang='lat' dir='ltr'>cum</span> <span class='ocrx_word' id='word_1_66' title='bbox 716 644 827 678; x_wconf 79' lang='lat' dir='ltr'>majore</span> <span class='ocrx_word' id='word_1_67' title='bbox 839 640 966 670; x_wconf 83' lang='lat' dir='ltr'>exercitu</span> <span class='ocrx_word' id='word_1_68' title='bbox 989 641 1019 668; x_wconf 91' lang='lat' dir='ltr'>in</span> 
     </span>
    </p>
   </div>
   <div class='ocr_carea' id='block_1_12' title="bbox 194 687 1019 726">
    <p class='ocr_par' dir='ltr' id='par_1_12' title="bbox 194 687 1019 726">
     <span class='ocr_line' id='line_1_12' title="bbox 194 687 1019 726; baseline -0.006 -8"><span class='ocrx_word' id='word_1_69' title='bbox 194 691 323 719; x_wconf 83' lang='lat' dir='ltr'>Siciliam</span> <span class='ocrx_word' id='word_1_70' title='bbox 345 689 701 726; x_wconf 83' lang='lat' dir='ltr'>proﬁciscitur.Maniaces</span> <span class='ocrx_word' id='word_1_71' title='bbox 717 687 822 716; x_wconf 84' lang='lat' dir='ltr'>castris</span> <span class='ocrx_word' id='word_1_72' title='bbox 837 688 938 714; x_wconf 86' lang='lat' dir='ltr'>contra</span> <span class='ocrx_word' id='word_1_73' title='bbox 952 693 1019 714; x_wconf 90' lang='lat' dir='ltr'>eum</span> 
     </span>
    </p>
   </div>
   <div class='ocr_carea' id='block_1_13' title="bbox 194 730 1020 772">
    <p class='ocr_par' dir='ltr' id='par_1_13' title="bbox 194 730 1020 772">
     <span class='ocr_line' id='line_1_13' title="bbox 194 730 1020 772; baseline -0.006 -10"><span class='ocrx_word' id='word_1_74' title='bbox 194 735 307 772; x_wconf 84' lang='lat' dir='ltr'>positis,</span> <span class='ocrx_word' id='word_1_75' title='bbox 324 737 353 762; x_wconf 83' lang='lat' dir='ltr'>et</span> <span class='ocrx_word' id='word_1_76' title='bbox 365 734 469 762; x_wconf 77' lang='lat' dir='ltr'>classis</span> <span class='ocrx_word' id='word_1_77' title='bbox 486 735 622 771; x_wconf 69' lang='lat' dir='ltr'>praefecto</span> <span class='ocrx_word' id='word_1_78' title='bbox 639 733 785 768; x_wconf 86' lang='lat' dir='ltr'>Stephano</span> <span class='ocrx_word' id='word_1_79' title='bbox 807 731 930 767; x_wconf 84' lang='lat' dir='ltr'>patricio</span> <span class='ocrx_word' id='word_1_80' title='bbox 963 730 1020 758; x_wconf 88' lang='lat' dir='ltr'>im-</span> 
     </span>
    </p>
   </div>
   <div class='ocr_carea' id='block_1_14' title="bbox 192 775 1018 816">
    <p class='ocr_par' dir='ltr' id='par_1_14' title="bbox 192 775 1018 816">
     <span class='ocr_line' id='line_1_14' title="bbox 192 775 1018 816; baseline -0.006 -8"><span class='ocrx_word' id='word_1_81' title='bbox 192 781 325 816; x_wconf 80' lang='lat' dir='ltr'>peratore</span> <span class='ocrx_word' id='word_1_82' title='bbox 341 779 423 807; x_wconf 82' lang='lat' dir='ltr'>afﬁni</span> <span class='ocrx_word' id='word_1_83' title='bbox 438 780 518 815; x_wconf 88' lang='lat' dir='ltr'>(nam</span> <span class='ocrx_word' id='word_1_84' title='bbox 534 779 559 807; x_wconf 86' lang='lat' dir='ltr'>is</span> <span class='ocrx_word' id='word_1_85' title='bbox 581 786 697 814; x_wconf 88' lang='lat' dir='ltr'>quoque</span> <span class='ocrx_word' id='word_1_86' title='bbox 731 785 790 804; x_wconf 89' lang='lat' dir='ltr'>una</span> <span class='ocrx_word' id='word_1_87' title='bbox 805 776 917 804; x_wconf 82' lang='lat' dir='ltr'>missus</span> <span class='ocrx_word' id='word_1_88' title='bbox 946 775 1018 811; x_wconf 88' lang='lat' dir='ltr'>erat)</span> 
     </span>
    </p>
   </div>
   <div class='ocr_carea' id='block_1_15' title="bbox 192 821 1019 857">
    <p class='ocr_par' dir='ltr' id='par_1_15' title="bbox 192 821 1019 857">
     <span class='ocr_line' id='line_1_15' title="bbox 192 821 1019 857; baseline -0.006 -5"><span class='ocrx_word' id='word_1_89' title='bbox 192 824 314 852; x_wconf 85' lang='lat' dir='ltr'>mandat</span> <span class='ocrx_word' id='word_1_90' title='bbox 324 826 357 852; x_wconf 88' lang='lat' dir='ltr'>ut</span> <span class='ocrx_word' id='word_1_91' title='bbox 382 832 463 852; x_wconf 91' lang='lat' dir='ltr'>oram</span> <span class='ocrx_word' id='word_1_92' title='bbox 490 823 668 851; x_wconf 83' lang='lat' dir='ltr'>maritimam</span> <span class='ocrx_word' id='word_1_93' title='bbox 682 821 838 857; x_wconf 74' lang='lat' dir='ltr'>diligenter</span> <span class='ocrx_word' id='word_1_94' title='bbox 853 822 1019 854; x_wconf 86' lang='lat' dir='ltr'>tueatur,ne</span> 
     </span>
    </p>
   </div>
   <div class='ocr_carea' id='block_1_16' title="bbox 192 865 1017 904">
    <p class='ocr_par' dir='ltr' id='par_1_16' title="bbox 192 865 1017 904">
     <span class='ocr_line' id='line_1_16' title="bbox 192 865 1017 904; baseline -0.004 -8"><span class='ocrx_word' id='word_1_95' title='bbox 192 868 430 904; x_wconf 80' lang='lat' dir='ltr'>Carthaginensis</span> <span class='ocrx_word' id='word_1_96' title='bbox 444 868 539 896; x_wconf 78' lang='lat' dir='ltr'>victus</span> <span class='ocrx_word' id='word_1_97' title='bbox 551 868 677 902; x_wconf 77' lang='lat' dir='ltr'>eifugere</span> <span class='ocrx_word' id='word_1_98' title='bbox 693 868 791 902; x_wconf 81' lang='lat' dir='ltr'>queat.</span> <span class='ocrx_word' id='word_1_99' title='bbox 808 865 907 893; x_wconf 77' lang='lat' dir='ltr'>Przelio</span> <span class='ocrx_word' id='word_1_100' title='bbox 937 873 1017 893; x_wconf 89' lang='lat' dir='ltr'>com-</span> 
     </span>
    </p>
   </div>
   <div class='ocr_carea' id='block_1_17' title="bbox 192 909 1017 947">
    <p class='ocr_par' dir='ltr' id='par_1_17' title="bbox 192 909 1017 947">
     <span class='ocr_line' id='line_1_17' title="bbox 192 909 1017 947; baseline -0.004 -6"><span class='ocrx_word' id='word_1_101' title='bbox 192 914 296 947; x_wconf 88' lang='lat' dir='ltr'>misso,</span> <span class='ocrx_word' id='word_1_102' title='bbox 312 915 395 941; x_wconf 85' lang='lat' dir='ltr'>tanta</span> <span class='ocrx_word' id='word_1_103' title='bbox 411 913 569 941; x_wconf 85' lang='lat' dir='ltr'>multitudo</span> <span class='ocrx_word' id='word_1_104' title='bbox 595 911 733 939; x_wconf 77' lang='lat' dir='ltr'>Afrorum</span> <span class='ocrx_word' id='word_1_105' title='bbox 760 911 858 946; x_wconf 88' lang='lat' dir='ltr'>periit,</span> <span class='ocrx_word' id='word_1_106' title='bbox 879 912 912 938; x_wconf 87' lang='lat' dir='ltr'>ut</span> <span class='ocrx_word' id='word_1_107' title='bbox 937 909 1017 938; x_wconf 92' lang='lat' dir='ltr'>nullo</span> 
     </span>
    </p>
   </div>
   <div class='ocr_carea' id='block_1_18' title="bbox 192 955 1019 994">
    <p class='ocr_par' dir='ltr' id='par_1_18' title="bbox 192 955 1019 994">
     <span class='ocr_line' id='line_1_18' title="bbox 192 955 1019 994; baseline -0.005 -8"><span class='ocrx_word' id='word_1_108' title='bbox 192 966 282 994; x_wconf 89' lang='lat' dir='ltr'>propo</span> <span class='ocrx_word' id='word_1_109' title='bbox 308 966 429 986; x_wconf 89' lang='lat' dir='ltr'>numero</span> <span class='ocrx_word' id='word_1_110' title='bbox 463 956 671 993; x_wconf 86' lang='lat' dir='ltr'>comprehendi</span> <span class='ocrx_word' id='word_1_111' title='bbox 691 958 808 992; x_wconf 62' lang='lat' dir='ltr'>iquoat.</span> <span class='ocrx_word' id='word_1_112' title='bbox 837 955 892 983; x_wconf 85' lang='lat' dir='ltr'>Sed</span> <span class='ocrx_word' id='word_1_113' title='bbox 917 963 1019 983; x_wconf 88' lang='lat' dir='ltr'>eorum</span> 
     </span>
    </p>
   </div>
   <div class='ocr_carea' id='block_1_19' title="bbox 193 1000 1020 1039">
    <p class='ocr_par' dir='ltr' id='par_1_19' title="bbox 193 1000 1020 1039">
     <span class='ocr_line' id='line_1_19' title="bbox 193 1000 1020 1039; baseline -0.005 -8"><span class='ocrx_word' id='word_1_114' title='bbox 193 1003 330 1039; x_wconf 87' lang='lat' dir='ltr'>princeps</span> <span class='ocrx_word' id='word_1_115' title='bbox 346 1011 445 1039; x_wconf 86' lang='lat' dir='ltr'>pugna</span> <span class='ocrx_word' id='word_1_116' title='bbox 460 1002 754 1038; x_wconf 86' lang='lat' dir='ltr'>elapsus,conscensa</span> <span class='ocrx_word' id='word_1_117' title='bbox 769 1000 874 1036; x_wconf 86' lang='lat' dir='ltr'>celoce,</span> <span class='ocrx_word' id='word_1_118' title='bbox 890 1000 1020 1036; x_wconf 84' lang='lat' dir='ltr'>deceptis</span> 
     </span>
    </p>
   </div>
   <div class='ocr_carea' id='block_1_20' title="bbox 193 1044 1020 1081">
    <p class='ocr_par' dir='ltr' id='par_1_20' title="bbox 193 1044 1020 1081">
     <span class='ocr_line' id='line_1_20' title="bbox 193 1044 1020 1081; baseline -0.005 -5"><span class='ocrx_word' id='word_1_119' title='bbox 193 1047 364 1080; x_wconf 79' lang='lat' dir='ltr'>classiariis,</span> <span class='ocrx_word' id='word_1_120' title='bbox 380 1048 500 1076; x_wconf 89' lang='lat' dir='ltr'>domum</span> <span class='ocrx_word' id='word_1_121' title='bbox 526 1046 620 1074; x_wconf 86' lang='lat' dir='ltr'>rediit.</span> <span class='ocrx_word' id='word_1_122' title='bbox 647 1046 678 1073; x_wconf 90' lang='lat' dir='ltr'>Id</span> <span class='ocrx_word' id='word_1_123' title='bbox 695 1045 841 1073; x_wconf 88' lang='lat' dir='ltr'>Maniaces</span> <span class='ocrx_word' id='word_1_124' title='bbox 870 1044 1020 1081; x_wconf 70' lang='lat' dir='ltr'>aegerrime</span> 
     </span>
    </p>
   </div>
   <div class='ocr_carea' id='block_1_21' title="bbox 193 1089 1022 1128">
    <p class='ocr_par' dir='ltr' id='par_1_21' title="bbox 193 1089 1022 1128">
     <span class='ocr_line' id='line_1_21' title="bbox 193 1089 1022 1128; baseline -0.004 -8"><span class='ocrx_word' id='word_1_125' title='bbox 193 1091 302 1128; x_wconf 85' lang='lat' dir='ltr'>ferens,</span> <span class='ocrx_word' id='word_1_126' title='bbox 318 1091 424 1120; x_wconf 85' lang='lat' dir='ltr'>classis</span> <span class='ocrx_word' id='word_1_127' title='bbox 440 1091 574 1127; x_wconf 82' lang='lat' dir='ltr'>praefecto</span> <span class='ocrx_word' id='word_1_128' title='bbox 592 1090 786 1118; x_wconf 86' lang='lat' dir='ltr'>conviciatur.</span> <span class='ocrx_word' id='word_1_129' title='bbox 803 1091 830 1118; x_wconf 91' lang='lat' dir='ltr'>Is</span> <span class='ocrx_word' id='word_1_130' title='bbox 844 1097 913 1118; x_wconf 85' lang='lat' dir='ltr'>vero</span> <span class='ocrx_word' id='word_1_131' title='bbox 930 1089 1022 1125; x_wconf 89' lang='lat' dir='ltr'>impe-</span> 
     </span>
    </p>
   </div>
   <div class='ocr_carea' id='block_1_22' title="bbox 193 1134 1021 1170">
    <p class='ocr_par' dir='ltr' id='par_1_22' title="bbox 193 1134 1021 1170">
     <span class='ocr_line' id='line_1_22' title="bbox 193 1134 1021 1170; baseline -0.005 -5"><span class='ocrx_word' id='word_1_132' title='bbox 193 1137 300 1165; x_wconf 79' lang='lat' dir='ltr'>ratoris</span> <span class='ocrx_word' id='word_1_133' title='bbox 314 1136 457 1164; x_wconf 79' lang='lat' dir='ltr'>afﬁnitate</span> <span class='ocrx_word' id='word_1_134' title='bbox 475 1136 579 1169; x_wconf 82' lang='lat' dir='ltr'>fretus,</span> <span class='ocrx_word' id='word_1_135' title='bbox 591 1135 668 1164; x_wconf 72' lang='lat'>288</span> <span class='ocrx_word' id='word_1_136' title='bbox 699 1143 765 1163; x_wconf 87' lang='lat' dir='ltr'>cum</span> <span class='ocrx_word' id='word_1_137' title='bbox 795 1134 896 1170; x_wconf 89' lang='lat' dir='ltr'>iniquo</span> <span class='ocrx_word' id='word_1_138' title='bbox 923 1134 1021 1161; x_wconf 90' lang='lat' dir='ltr'>animo</span> 
     </span>
    </p>
   </div>
   <div class='ocr_carea' id='block_1_23' title="bbox 195 1178 1023 1216">
    <p class='ocr_par' dir='ltr' id='par_1_23' title="bbox 195 1178 1023 1216">
     <span class='ocr_line' id='line_1_23' title="bbox 195 1178 1023 1216; baseline -0.006 -6"><span class='ocrx_word' id='word_1_139' title='bbox 195 1181 388 1210; x_wconf 84' lang='lat' dir='ltr'>contumelias</span> <span class='ocrx_word' id='word_1_140' title='bbox 401 1180 572 1216; x_wconf 84' lang='lat' dir='ltr'>accepisset,</span> <span class='ocrx_word' id='word_1_141' title='bbox 589 1189 622 1208; x_wconf 91' lang='lat' dir='ltr'>ac</span> <span class='ocrx_word' id='word_1_142' title='bbox 648 1180 780 1208; x_wconf 84' lang='lat' dir='ltr'>vicissim</span> <span class='ocrx_word' id='word_1_143' title='bbox 807 1179 918 1214; x_wconf 86' lang='lat' dir='ltr'>aliquid</span> <span class='ocrx_word' id='word_1_144' title='bbox 936 1178 1023 1206; x_wconf 82' lang='lat' dir='ltr'>dixis-</span> 
     </span>
    </p>
   </div>
   <div class='ocr_carea' id='block_1_24' title="bbox 199 1222 1022 1261">
    <p class='ocr_par' dir='ltr' id='par_1_24' title="bbox 199 1222 1022 1261">
     <span class='ocr_line' id='line_1_24' title="bbox 199 1222 1022 1261; baseline -0.006 -7"><span class='ocrx_word' id='word_1_145' title='bbox 199 1229 254 1260; x_wconf 82' lang='lat' dir='ltr'>sot,</span> <span class='ocrx_word' id='word_1_146' title='bbox 271 1235 287 1254; x_wconf 86' lang='lat' dir='ltr'>a</span> <span class='ocrx_word' id='word_1_147' title='bbox 299 1225 427 1253; x_wconf 83' lang='lat' dir='ltr'>Maniace</span> <span class='ocrx_word' id='word_1_148' title='bbox 443 1225 487 1253; x_wconf 88' lang='lat' dir='ltr'>ira</span> <span class='ocrx_word' id='word_1_149' title='bbox 502 1225 612 1261; x_wconf 87' lang='lat' dir='ltr'>percito</span> <span class='ocrx_word' id='word_1_150' title='bbox 637 1225 818 1257; x_wconf 82' lang='lat' dir='ltr'>verberatus,</span> <span class='ocrx_word' id='word_1_151' title='bbox 843 1223 945 1251; x_wconf 81' lang='lat' dir='ltr'>statim</span> <span class='ocrx_word' id='word_1_152' title='bbox 972 1222 1022 1250; x_wconf 90' lang='lat' dir='ltr'>lit-</span> 
     </span>
    </p>
   </div>
   <div class='ocr_carea' id='block_1_25' title="bbox 198 1268 1022 1306">
    <p class='ocr_par' dir='ltr' id='par_1_25' title="bbox 198 1268 1022 1306">
     <span class='ocr_line' id='line_1_25' title="bbox 198 1268 1022 1306; baseline -0.005 -7"><span class='ocrx_word' id='word_1_153' title='bbox 198 1271 269 1299; x_wconf 81' lang='lat' dir='ltr'>teris</span> <span class='ocrx_word' id='word_1_154' title='bbox 283 1270 402 1306; x_wconf 88' lang='lat' dir='ltr'>scriptis</span> <span class='ocrx_word' id='word_1_155' title='bbox 418 1270 454 1298; x_wconf 89' lang='lat' dir='ltr'>ad</span> <span class='ocrx_word' id='word_1_156' title='bbox 478 1271 640 1306; x_wconf 80' lang='lat' dir='ltr'>spadonem</span> <span class='ocrx_word' id='word_1_157' title='bbox 664 1270 810 1298; x_wconf 84' lang='lat' dir='ltr'>Joannem</span> <span class='ocrx_word' id='word_1_158' title='bbox 839 1268 938 1296; x_wconf 80' lang='lat' dir='ltr'>uxoris</span> <span class='ocrx_word' id='word_1_159' title='bbox 963 1275 1022 1295; x_wconf 69' lang='lat' dir='ltr'>suae</span> 
     </span>
    </p>
   </div>
   <div class='ocr_carea' id='block_1_26' title="bbox 197 1312 1023 1351">
    <p class='ocr_par' dir='ltr' id='par_1_26' title="bbox 197 1312 1023 1351">
     <span class='ocr_line' id='line_1_26' title="bbox 197 1312 1023 1351; baseline -0.004 -9"><span class='ocrx_word' id='word_1_160' title='bbox 197 1315 316 1343; x_wconf 80' lang='lat' dir='ltr'>fratrem</span> <span class='ocrx_word' id='word_1_161' title='bbox 338 1315 612 1351; x_wconf 86' lang='lat' dir='ltr'>Orphanotophum,</span> <span class='ocrx_word' id='word_1_162' title='bbox 641 1315 798 1342; x_wconf 85' lang='lat' dir='ltr'>Maniacem</span> <span class='ocrx_word' id='word_1_163' title='bbox 824 1312 1023 1341; x_wconf 84' lang='lat' dir='ltr'>calumniatur</span> 
     </span>
    </p>
   </div>
   <div class='ocr_carea' id='block_1_27' title="bbox 199 1357 1021 1391">
    <p class='ocr_par' dir='ltr' id='par_1_27' title="bbox 199 1357 1021 1391">
     <span class='ocr_line' id='line_1_27' title="bbox 199 1357 1021 1391; baseline -0.004 -4"><span class='ocrx_word' id='word_1_164' title='bbox 199 1361 230 1387; x_wconf 92' lang='lat' dir='ltr'>ut</span> <span class='ocrx_word' id='word_1_165' title='bbox 245 1359 437 1388; x_wconf 83' lang='lat' dir='ltr'>defectionem</span> <span class='ocrx_word' id='word_1_166' title='bbox 452 1359 632 1388; x_wconf 88' lang='lat' dir='ltr'>molientem.</span> <span class='ocrx_word' id='word_1_167' title='bbox 651 1358 771 1391; x_wconf 83' lang='lat' dir='ltr'>Quaille</span> <span class='ocrx_word' id='word_1_168' title='bbox 786 1359 822 1386; x_wconf 89' lang='lat' dir='ltr'>de</span> <span class='ocrx_word' id='word_1_169' title='bbox 846 1366 935 1385; x_wconf 84' lang='lat' dir='ltr'>causa</span> <span class='ocrx_word' id='word_1_170' title='bbox 958 1357 1021 1384; x_wconf 89' lang='lat' dir='ltr'>vin-</span> 
     </span>
    </p>
   </div>
   <div class='ocr_carea' id='block_1_28' title="bbox 198 1401 1023 1437">
    <p class='ocr_par' dir='ltr' id='par_1_28' title="bbox 198 1401 1023 1437">
     <span class='ocr_line' id='line_1_28' title="bbox 198 1401 1023 1437; baseline -0.004 -6"><span class='ocrx_word' id='word_1_171' title='bbox 198 1406 263 1431; x_wconf 89' lang='lat' dir='ltr'>ctus</span> <span class='ocrx_word' id='word_1_172' title='bbox 275 1403 305 1431; x_wconf 87' lang='lat' dir='ltr'>in</span> <span class='ocrx_word' id='word_1_173' title='bbox 322 1405 424 1432; x_wconf 88' lang='lat' dir='ltr'>urbem</span> <span class='ocrx_word' id='word_1_174' title='bbox 455 1405 562 1432; x_wconf 89' lang='lat' dir='ltr'>ductus</span> <span class='ocrx_word' id='word_1_175' title='bbox 589 1403 729 1432; x_wconf 61' lang='lat' dir='ltr'>custodias</span> <span class='ocrx_word' id='word_1_176' title='bbox 745 1402 914 1437; x_wconf 87' lang='lat' dir='ltr'>mandatur,</span> <span class='ocrx_word' id='word_1_177' title='bbox 943 1401 1023 1429; x_wconf 89' lang='lat' dir='ltr'>omni</span> 
     </span>
    </p>
   </div>
   <div class='ocr_carea' id='block_1_29' title="bbox 199 1445 1022 1485">
    <p class='ocr_par' dir='ltr' id='par_1_29' title="bbox 199 1445 1022 1485">
     <span class='ocr_line' id='line_1_29' title="bbox 199 1445 1022 1485; baseline -0.004 -9"><span class='ocrx_word' id='word_1_178' title='bbox 199 1448 414 1476; x_wconf 80' lang='lat' dir='ltr'>auctoritatein</span> <span class='ocrx_word' id='word_1_179' title='bbox 430 1449 610 1485; x_wconf 84' lang='lat' dir='ltr'>Stephanum</span> <span class='ocrx_word' id='word_1_180' title='bbox 626 1447 788 1476; x_wconf 84' lang='lat' dir='ltr'>translata:</span> <span class='ocrx_word' id='word_1_181' title='bbox 819 1454 914 1482; x_wconf 81' lang='lat' dir='ltr'>neque</span> <span class='ocrx_word' id='word_1_182' title='bbox 929 1445 1022 1473; x_wconf 90' lang='lat' dir='ltr'>multo</span> 
     </span>
    </p>
   </div>
   <div class='ocr_carea' id='block_1_30' title="bbox 199 1489 1023 1528">
    <p class='ocr_par' dir='ltr' id='par_1_30' title="bbox 199 1489 1023 1528">
     <span class='ocr_line' id='line_1_30' title="bbox 199 1489 1023 1528; baseline -0.002 -8"><span class='ocrx_word' id='word_1_183' title='bbox 199 1495 266 1528; x_wconf 88' lang='lat' dir='ltr'>post</span> <span class='ocrx_word' id='word_1_184' title='bbox 281 1492 378 1521; x_wconf 81' lang='lat' dir='ltr'>insula</span> <span class='ocrx_word' id='word_1_185' title='bbox 393 1493 422 1520; x_wconf 86' lang='lat' dir='ltr'>in</span> <span class='ocrx_word' id='word_1_186' title='bbox 435 1495 506 1528; x_wconf 79' lang='lat' dir='ltr'>Agar</span> <span class='ocrx_word' id='word_1_187' title='bbox 514 1501 634 1520; x_wconf 81' lang='lat' dir='ltr'>enorum</span> <span class='ocrx_word' id='word_1_188' title='bbox 653 1493 829 1528; x_wconf 87' lang='lat' dir='ltr'>potestatem</span> <span class='ocrx_word' id='word_1_189' title='bbox 842 1489 1023 1525; x_wconf 79' lang='lat' dir='ltr'>rediit,ducis</span> 
     </span>
    </p>
   </div>
   <div class='ocr_carea' id='block_1_31' title="bbox 197 1533 1024 1573">
    <p class='ocr_par' dir='ltr' id='par_1_31' title="bbox 197 1533 1024 1573">
     <span class='ocr_line' id='line_1_31' title="bbox 197 1533 1024 1573; baseline -0.005 -8"><span class='ocrx_word' id='word_1_190' title='bbox 197 1537 355 1573; x_wconf 87' lang='lat' dir='ltr'>imperitia,</span> <span class='ocrx_word' id='word_1_191' title='bbox 380 1537 524 1571; x_wconf 83' lang='lat' dir='ltr'>socerdia,</span> <span class='ocrx_word' id='word_1_192' title='bbox 553 1545 586 1565; x_wconf 86' lang='lat' dir='ltr'>ac</span> <span class='ocrx_word' id='word_1_193' title='bbox 613 1537 750 1565; x_wconf 83' lang='lat' dir='ltr'>sordibus</span> <span class='ocrx_word' id='word_1_194' title='bbox 771 1535 928 1571; x_wconf 88' lang='lat' dir='ltr'>imprimis,</span> <span class='ocrx_word' id='word_1_195' title='bbox 962 1533 1024 1562; x_wconf 86' lang='lat' dir='ltr'>sola</span> 
     </span>
    </p>
   </div>
   <div class='ocr_carea' id='block_1_32' title="bbox 195 1579 1023 1617">
    <p class='ocr_par' dir='ltr' id='par_1_32' title="bbox 195 1579 1023 1617">
     <span class='ocr_line' id='line_1_32' title="bbox 195 1579 1023 1617; baseline -0.005 -7"><span class='ocrx_word' id='word_1_196' title='bbox 195 1583 329 1610; x_wconf 80' lang='lat' dir='ltr'>Messana</span> <span class='ocrx_word' id='word_1_197' title='bbox 339 1587 415 1617; x_wconf 66' lang='lat' dir='ltr'>(quae</span> <span class='ocrx_word' id='word_1_198' title='bbox 430 1584 458 1609; x_wconf 90' lang='lat' dir='ltr'>et</span> <span class='ocrx_word' id='word_1_199' title='bbox 473 1581 539 1617; x_wconf 86' lang='lat' dir='ltr'>ipsa</span> <span class='ocrx_word' id='word_1_200' title='bbox 553 1581 656 1609; x_wconf 82' lang='lat' dir='ltr'>Siciliae</span> <span class='ocrx_word' id='word_1_201' title='bbox 673 1581 745 1608; x_wconf 90' lang='lat' dir='ltr'>urbs</span> <span class='ocrx_word' id='word_1_202' title='bbox 761 1580 817 1616; x_wconf 88' lang='lat' dir='ltr'>est)</span> <span class='ocrx_word' id='word_1_203' title='bbox 829 1580 947 1617; x_wconf 87' lang='lat' dir='ltr'>|virtute</span> <span class='ocrx_word' id='word_1_204' title='bbox 970 1579 1023 1606; x_wconf 83' lang='lat' dir='ltr'>Ca-</span> 
     </span>
    </p>
   </div>
   <div class='ocr_carea' id='block_1_33' title="bbox 194 1614 1059 1662">
    <p class='ocr_par' dir='ltr' id='par_1_33' title="bbox 194 1614 1059 1662">
     <span class='ocr_line' id='line_1_33' title="bbox 194 1614 1059 1662; baseline -0.005 -8"><span class='ocrx_word' id='word_1_205' title='bbox 194 1614 494 1654; x_wconf 16' lang='lat' dir='ltr'>tacalonisiembusti—</span> <span class='ocrx_word' id='word_1_206' title='bbox 508 1625 637 1662; x_wconf 60' lang='lat' dir='ltr'>praefecti</span> <span class='ocrx_word' id='word_1_207' title='bbox 666 1614 812 1653; x_wconf 80' lang='lat' dir='ltr'>Romanis</span> <span class='ocrx_word' id='word_1_208' title='bbox 830 1614 1020 1652; x_wconf 72' lang='lat' dir='ltr'>conservata:</span> <span class='ocrx_word' id='word_1_209' title='bbox 1037 1614 1059 1648; x_wconf 80' lang='lat' dir='ltr'>C</span> 
     </span>
    </p>
   </div>
   <div class='ocr_carea' id='block_1_34' title="bbox 193 1669 1023 1707">
    <p class='ocr_par' dir='ltr' id='par_1_34' title="bbox 193 1669 1023 1707">
     <span class='ocr_line' id='line_1_34' title="bbox 193 1669 1023 1707; baseline -0.004 -8"><span class='ocrx_word' id='word_1_210' title='bbox 193 1671 243 1707; x_wconf 87' lang='lat' dir='ltr'>qui</span> <span class='ocrx_word' id='word_1_211' title='bbox 259 1671 337 1699; x_wconf 82' lang='lat' dir='ltr'>idem</span> <span class='ocrx_word' id='word_1_212' title='bbox 353 1671 447 1699; x_wconf 89' lang='lat' dir='ltr'>multa</span> <span class='ocrx_word' id='word_1_213' title='bbox 455 1671 586 1699; x_wconf 87' lang='lat' dir='ltr'>hostium</span> <span class='ocrx_word' id='word_1_214' title='bbox 599 1670 692 1698; x_wconf 82' lang='lat' dir='ltr'>millia</span> <span class='ocrx_word' id='word_1_215' title='bbox 708 1669 822 1698; x_wconf 85' lang='lat' dir='ltr'>cecinit.</span> <span class='ocrx_word' id='word_1_216' title='bbox 839 1670 877 1697; x_wconf 90' lang='lat' dir='ltr'>At</span> <span class='ocrx_word' id='word_1_217' title='bbox 898 1669 1023 1704; x_wconf 84' lang='lat' dir='ltr'>impera-</span> 
     </span>
    </p>
   </div>
   <div class='ocr_carea' id='block_1_35' title="bbox 193 1713 1022 1752">
    <p class='ocr_par' dir='ltr' id='par_1_35' title="bbox 193 1713 1022 1752">
     <span class='ocr_line' id='line_1_35' title="bbox 193 1713 1022 1752; baseline -0.005 -8"><span class='ocrx_word' id='word_1_218' title='bbox 193 1715 265 1744; x_wconf 87' lang='lat' dir='ltr'>toris</span> <span class='ocrx_word' id='word_1_219' title='bbox 281 1716 385 1744; x_wconf 83' lang='lat' dir='ltr'>fratrer</span> <span class='ocrx_word' id='word_1_220' title='bbox 400 1716 491 1752; x_wconf 86' lang='lat' dir='ltr'>spado</span> <span class='ocrx_word' id='word_1_221' title='bbox 506 1715 645 1749; x_wconf 84' lang='lat' dir='ltr'>Joannes,</span> <span class='ocrx_word' id='word_1_222' title='bbox 658 1715 846 1751; x_wconf 78' lang='lat' dir='ltr'>pontificatus</span> <span class='ocrx_word' id='word_1_223' title='bbox 862 1713 1022 1749; x_wconf 75' lang='lat' dir='ltr'>cupiditate</span> 
     </span>
    </p>
   </div>
   <div class='ocr_carea' id='block_1_36' title="bbox 195 1757 1022 1797">
    <p class='ocr_par' dir='ltr' id='par_1_36' title="bbox 195 1757 1022 1797">
     <span class='ocr_line' id='line_1_36' title="bbox 195 1757 1022 1797; baseline -0.005 -9"><span class='ocrx_word' id='word_1_224' title='bbox 195 1759 334 1796; x_wconf 84' lang='lat' dir='ltr'>ﬂagrans,</span> <span class='ocrx_word' id='word_1_225' title='bbox 351 1761 496 1797; x_wconf 85' lang='lat' dir='ltr'>quosdam</span> <span class='ocrx_word' id='word_1_226' title='bbox 511 1769 546 1789; x_wconf 78' lang='lat' dir='ltr'>ex</span> <span class='ocrx_word' id='word_1_227' title='bbox 570 1760 719 1796; x_wconf 89' lang='lat' dir='ltr'>primariis</span> <span class='ocrx_word' id='word_1_228' title='bbox 736 1759 941 1788; x_wconf 85' lang='lat' dir='ltr'>sacerdotibus</span> <span class='ocrx_word' id='word_1_229' title='bbox 966 1757 1022 1786; x_wconf 85' lang='lat' dir='ltr'>sibi</span> 
     </span>
    </p>
   </div>
   <div class='ocr_carea' id='block_1_37' title="bbox 1035 929 1058 961">
    <p class='ocr_par' dir='ltr' id='par_1_37' title="bbox 1035 929 1058 961">
     <span class='ocr_line' id='line_1_37' title="bbox 1035 929 1058 961; baseline 0 0"><span class='ocrx_word' id='word_1_230' title='bbox 1035 929 1058 961; x_wconf 93' lang='lat' dir='ltr'><strong>B</strong></span> 
     </span>
    </p>
   </div>
   <div class='ocr_carea' id='block_1_38' title="bbox 197 1804 1023 1842">
    <p class='ocr_par' dir='ltr' id='par_1_38' title="bbox 197 1804 1023 1842">
     <span class='ocr_line' id='line_1_38' title="bbox 197 1804 1023 1842; baseline -0.005 -8"><span class='ocrx_word' id='word_1_231' title='bbox 197 1806 374 1840; x_wconf 85' lang='lat' dir='ltr'>conciliavit,</span> <span class='ocrx_word' id='word_1_232' title='bbox 395 1805 445 1842; x_wconf 89' lang='lat' dir='ltr'>qui</span> <span class='ocrx_word' id='word_1_233' title='bbox 472 1805 498 1833; x_wconf 85' lang='lat' dir='ltr'>ei</span> <span class='ocrx_word' id='word_1_234' title='bbox 519 1805 735 1841; x_wconf 84' lang='lat' dir='ltr'>pollicebantur</span> <span class='ocrx_word' id='word_1_235' title='bbox 755 1812 786 1833; x_wconf 92' lang='lat' dir='ltr'>se</span> <span class='ocrx_word' id='word_1_236' title='bbox 801 1804 863 1832; x_wconf 91' lang='lat' dir='ltr'>loco</span> <span class='ocrx_word' id='word_1_237' title='bbox 892 1805 1023 1831; x_wconf 88' lang='lat' dir='ltr'>moturos</span> 
     </span>
    </p>
   </div>
   <div class='ocr_carea' id='block_1_39' title="bbox 197 1848 1023 1887">
    <p class='ocr_par' dir='ltr' id='par_1_39' title="bbox 197 1848 1023 1887">
     <span class='ocr_line' id='line_1_39' title="bbox 197 1848 1023 1887; baseline -0.002 -10"><span class='ocrx_word' id='word_1_238' title='bbox 197 1850 333 1878; x_wconf 74' lang='lat' dir='ltr'>Alexium</span> <span class='ocrx_word' id='word_1_239' title='bbox 363 1850 575 1887; x_wconf 77' lang='lat' dir='ltr'>patriarcham,</span> <span class='ocrx_word' id='word_1_240' title='bbox 599 1852 632 1878; x_wconf 91' lang='lat' dir='ltr'>ut</span> <span class='ocrx_word' id='word_1_241' title='bbox 661 1849 711 1886; x_wconf 87' lang='lat' dir='ltr'>qui</span> <span class='ocrx_word' id='word_1_242' title='bbox 733 1857 790 1877; x_wconf 90' lang='lat' dir='ltr'>non</span> <span class='ocrx_word' id='word_1_243' title='bbox 814 1848 1023 1876; x_wconf 83' lang='lat' dir='ltr'>communibus</span> 
     </span>
    </p>
   </div>
   <div class='ocr_carea' id='block_1_40' title="bbox 200 1895 1022 1932">
    <p class='ocr_par' dir='ltr' id='par_1_40' title="bbox 200 1895 1022 1932">
     <span class='ocr_line' id='line_1_40' title="bbox 200 1895 1022 1932; baseline -0.002 -10"><span class='ocrx_word' id='word_1_244' title='bbox 200 1895 412 1931; x_wconf 72' lang='lat' dir='ltr'>suifragiis,sed</span> <span class='ocrx_word' id='word_1_245' title='bbox 427 1895 615 1932; x_wconf 82' lang='lat' dir='ltr'>imperatoris</span> <span class='ocrx_word' id='word_1_246' title='bbox 627 1895 799 1923; x_wconf 83' lang='lat' dir='ltr'>auctoritate</span> <span class='ocrx_word' id='word_1_247' title='bbox 810 1895 926 1921; x_wconf 86' lang='lat' dir='ltr'>creatus</span> <span class='ocrx_word' id='word_1_248' title='bbox 936 1896 1022 1921; x_wconf 82' lang='lat' dir='ltr'>esset.</span> 
     </span>
    </p>
   </div>
   <div class='ocr_carea' id='block_1_41' title="bbox 198 1938 1025 1976">
    <p class='ocr_par' dir='ltr' id='par_1_41' title="bbox 198 1938 1025 1976">
     <span class='ocr_line' id='line_1_41' title="bbox 198 1938 1025 1976; baseline -0.004 -8"><span class='ocrx_word' id='word_1_249' title='bbox 198 1939 247 1968; x_wconf 91' lang='lat' dir='ltr'>Ille</span> <span class='ocrx_word' id='word_1_250' title='bbox 262 1948 329 1968; x_wconf 85' lang='lat' dir='ltr'>vero</span> <span class='ocrx_word' id='word_1_251' title='bbox 346 1948 353 1967; x_wconf 93' lang='lat'>:</span> <span class='ocrx_word' id='word_1_252' title='bbox 368 1941 410 1976; x_wconf 78' lang='lat' dir='ltr'>Si,</span> <span class='ocrx_word' id='word_1_253' title='bbox 427 1940 635 1976; x_wconf 82' lang='lat' dir='ltr'>inquit,contra</span> <span class='ocrx_word' id='word_1_254' title='bbox 649 1947 767 1968; x_wconf 74' lang='lat' dir='ltr'>canones</span> <span class='ocrx_word' id='word_1_255' title='bbox 780 1947 825 1967; x_wconf 76' lang='lat' dir='ltr'>me</span> <span class='ocrx_word' id='word_1_256' title='bbox 835 1938 1025 1974; x_wconf 77' lang='lat' dir='ltr'>patriarcham</span> 
     </span>
    </p>
   </div>
   <div class='ocr_carea' id='block_1_42' title="bbox 197 1983 1025 2021">
    <p class='ocr_par' dir='ltr' id='par_1_42' title="bbox 197 1983 1025 2021">
     <span class='ocr_line' id='line_1_42' title="bbox 197 1983 1025 2021; baseline -0.004 -9"><span class='ocrx_word' id='word_1_257' title='bbox 197 1992 256 2012; x_wconf 70' lang='lat' dir='ltr'>esse</span> <span class='ocrx_word' id='word_1_258' title='bbox 267 1985 371 2020; x_wconf 76' lang='lat' dir='ltr'>factum</span> <span class='ocrx_word' id='word_1_259' title='bbox 387 1986 523 2019; x_wconf 74' lang='lat' dir='ltr'>asseritis,</span> <span class='ocrx_word' id='word_1_260' title='bbox 540 1986 563 2013; x_wconf 84' lang='lat' dir='ltr'>ii</span> <span class='ocrx_word' id='word_1_261' title='bbox 586 1986 670 2013; x_wconf 75' lang='lat' dir='ltr'>etiam</span> <span class='ocrx_word' id='word_1_262' title='bbox 692 1985 741 2021; x_wconf 76' lang='lat' dir='ltr'>qui</span> <span class='ocrx_word' id='word_1_263' title='bbox 752 1992 770 2012; x_wconf 86' lang='grc' dir='ltr'>α</span> <span class='ocrx_word' id='word_1_264' title='bbox 783 1991 825 2012; x_wconf 83' lang='lat' dir='ltr'>me</span> <span class='ocrx_word' id='word_1_265' title='bbox 852 1983 931 2011; x_wconf 76' lang='lat' dir='ltr'>electi</span> <span class='ocrx_word' id='word_1_266' title='bbox 959 1983 1025 2010; x_wconf 81' lang='lat' dir='ltr'>sunt</span> 
     </span>
    </p>
   </div>
   <div class='ocr_carea' id='block_1_43' title="bbox 199 2026 1025 2066">
    <p class='ocr_par' dir='ltr' id='par_1_43' title="bbox 199 2026 1025 2066">
     <span class='ocr_line' id='line_1_43' title="bbox 199 2026 1025 2066; baseline -0.002 -9"><span class='ocrx_word' id='word_1_267' title='bbox 199 2029 256 2057; x_wconf 79' lang='lat' dir='ltr'>loco</span> <span class='ocrx_word' id='word_1_268' title='bbox 269 2031 442 2058; x_wconf 74' lang='lat' dir='ltr'>mveantur.</span> <span class='ocrx_word' id='word_1_269' title='bbox 473 2030 504 2058; x_wconf 92' lang='lat' dir='ltr'>Id</span> <span class='ocrx_word' id='word_1_270' title='bbox 536 2037 707 2066; x_wconf 85' lang='lat' dir='ltr'>responsum</span> <span class='ocrx_word' id='word_1_271' title='bbox 749 2029 844 2057; x_wconf 66' lang='lat' dir='ltr'>effecit</span> <span class='ocrx_word' id='word_1_272' title='bbox 867 2030 900 2056; x_wconf 90' lang='lat' dir='ltr'>ut</span> <span class='ocrx_word' id='word_1_273' title='bbox 929 2026 1025 2056; x_wconf 77' lang='lat' dir='ltr'>caeteri</span> 
     </span>
    </p>
   </div>
   <div class='ocr_carea' id='block_1_44' title="bbox 199 2072 1023 2111">
    <p class='ocr_par' dir='ltr' id='par_1_44' title="bbox 199 2072 1023 2111">
     <span class='ocr_line' id='line_1_44' title="bbox 199 2072 1023 2111; baseline -0.004 -8"><span class='ocrx_word' id='word_1_274' title='bbox 199 2075 364 2103; x_wconf 85' lang='lat' dir='ltr'>sacerdotes</span> <span class='ocrx_word' id='word_1_275' title='bbox 380 2084 397 2103; x_wconf 88' lang='lat' dir='ltr'>a</span> <span class='ocrx_word' id='word_1_276' title='bbox 411 2075 584 2111; x_wconf 69' lang='lat' dir='ltr'>patriarchae</span> <span class='ocrx_word' id='word_1_277' title='bbox 598 2074 820 2103; x_wconf 83' lang='lat' dir='ltr'>accusatoribus</span> <span class='ocrx_word' id='word_1_278' title='bbox 842 2072 1023 2108; x_wconf 82' lang='lat' dir='ltr'>dissidirent,</span> 
     </span>
    </p>
   </div>
   <div class='ocr_carea' id='block_1_45' title="bbox 198 2117 1024 2156">
    <p class='ocr_par' dir='ltr' id='par_1_45' title="bbox 198 2117 1024 2156">
     <span class='ocr_line' id='line_1_45' title="bbox 198 2117 1024 2156; baseline -0.001 -10"><span class='ocrx_word' id='word_1_279' title='bbox 198 2120 227 2146; x_wconf 88' lang='lat' dir='ltr'>et</span> <span class='ocrx_word' id='word_1_280' title='bbox 242 2118 505 2156; x_wconf 84' lang='lat' dir='ltr'>Orphanotrophus</span> <span class='ocrx_word' id='word_1_281' title='bbox 520 2120 617 2156; x_wconf 84' lang='lat' dir='ltr'>impos</span> <span class='ocrx_word' id='word_1_282' title='bbox 628 2120 689 2148; x_wconf 89' lang='lat' dir='ltr'>voti</span> <span class='ocrx_word' id='word_1_283' title='bbox 705 2119 892 2147; x_wconf 87' lang='lat' dir='ltr'>reddereter:</span> <span class='ocrx_word' id='word_1_284' title='bbox 910 2117 959 2153; x_wconf 85' lang='lat' dir='ltr'>qui</span> <span class='ocrx_word' id='word_1_285' title='bbox 987 2117 1024 2145; x_wconf 89' lang='lat' dir='ltr'>ad</span> 
     </span>
    </p>
   </div>
   <div class='ocr_carea' id='block_1_46' title="bbox 199 2161 1025 2201">
    <p class='ocr_par' dir='ltr' id='par_1_46' title="bbox 199 2161 1025 2201">
     <span class='ocr_line' id='line_1_46' title="bbox 199 2161 1025 2201; baseline -0.002 -10"><span class='ocrx_word' id='word_1_286' title='bbox 199 2166 330 2200; x_wconf 64' lang='lat' dir='ltr'>questus</span> <span class='ocrx_word' id='word_1_287' title='bbox 354 2165 562 2201; x_wconf 83' lang='lat' dir='ltr'>excogitandos</span> <span class='ocrx_word' id='word_1_288' title='bbox 587 2164 801 2197; x_wconf 84' lang='lat' dir='ltr'>calidissimus,</span> <span class='ocrx_word' id='word_1_289' title='bbox 829 2171 896 2190; x_wconf 90' lang='lat' dir='ltr'>eum</span> <span class='ocrx_word' id='word_1_290' title='bbox 923 2161 1025 2190; x_wconf 89' lang='lat' dir='ltr'>multis</span> 
     </span>
    </p>
   </div>
   <div class='ocr_carea' id='block_1_47' title="bbox 198 2207 1026 2242">
    <p class='ocr_par' dir='ltr' id='par_1_47' title="bbox 198 2207 1026 2242">
     <span class='ocr_line' id='line_1_47' title="bbox 198 2207 1026 2242; baseline -0.002 -6"><span class='ocrx_word' id='word_1_291' title='bbox 198 2209 327 2238; x_wconf 88' lang='lat' dir='ltr'>insolitis</span> <span class='ocrx_word' id='word_1_292' title='bbox 353 2209 558 2238; x_wconf 85' lang='lat' dir='ltr'>exactionibus</span> <span class='ocrx_word' id='word_1_293' title='bbox 587 2209 724 2238; x_wconf 87' lang='lat' dir='ltr'>subditos</span> <span class='ocrx_word' id='word_1_294' title='bbox 753 2210 879 2242; x_wconf 86' lang='lat' dir='ltr'>vexaret,</span> <span class='ocrx_word' id='word_1_295' title='bbox 920 2207 1026 2235; x_wconf 86' lang='lat' dir='ltr'>accidit</span> 
     </span>
    </p>
   </div>
   <div class='ocr_carea' id='block_1_48' title="bbox 198 2251 1028 2290">
    <p class='ocr_par' dir='ltr' id='par_1_48' title="bbox 198 2251 1028 2290">
     <span class='ocr_line' id='line_1_48' title="bbox 198 2251 1028 2290; baseline -0.001 -9"><span class='ocrx_word' id='word_1_296' title='bbox 198 2255 231 2281; x_wconf 91' lang='lat' dir='ltr'>ut</span> <span class='ocrx_word' id='word_1_297' title='bbox 245 2262 328 2282; x_wconf 85' lang='lat' dir='ltr'>soror</span> <span class='ocrx_word' id='word_1_298' title='bbox 343 2255 407 2290; x_wconf 87' lang='lat' dir='ltr'>ejus</span> <span class='ocrx_word' id='word_1_299' title='bbox 423 2254 513 2282; x_wconf 87' lang='lat' dir='ltr'>Maria</span> <span class='ocrx_word' id='word_1_300' title='bbox 532 2254 687 2283; x_wconf 84' lang='lat' dir='ltr'>Michaelis</span> <span class='ocrx_word' id='word_1_301' title='bbox 703 2252 870 2289; x_wconf 76' lang='lat' dir='ltr'>Cataphatte</span> <span class='ocrx_word' id='word_1_302' title='bbox 895 2251 944 2288; x_wconf 90' lang='lat' dir='ltr'>qui</span> <span class='ocrx_word' id='word_1_303' title='bbox 961 2253 1028 2287; x_wconf 83' lang='lat' dir='ltr'>post</span> 
     </span>
    </p>
   </div>
   <div class='ocr_carea' id='block_1_49' title="bbox 875 172 1229 203">
    <p class='ocr_par' dir='ltr' id='par_1_49' title="bbox 875 172 1229 203">
     <span class='ocr_line' id='line_1_49' title="bbox 875 172 1229 203; baseline 0 0"><span class='ocrx_word' id='word_1_304' title='bbox 875 172 1037 203; x_wconf 77' lang='lat' dir='ltr'>JOANNIS</span> <span class='ocrx_word' id='word_1_305' title='bbox 1060 172 1229 203; x_wconf 66' lang='lat' dir='ltr'>ZONARJE</span> 
     </span>
    </p>
   </div>
   <div class='ocr_carea' id='block_1_50' title="bbox 1878 171 1966 202">
    <p class='ocr_par' dir='ltr' id='par_1_50' title="bbox 1878 171 1966 202">
     <span class='ocr_line' id='line_1_50' title="bbox 1878 171 1966 202; baseline -0.011 0"><span class='ocrx_word' id='word_1_306' title='bbox 1878 171 1966 202; x_wconf 71' lang='grc'>188</span> 
     </span>
    </p>
   </div>
   <div class='ocr_carea' id='block_1_51' title="bbox 1072 234 1965 278">
    <p class='ocr_par' dir='ltr' id='par_1_51' title="bbox 1072 234 1965 278">
     <span class='ocr_line' id='line_1_51' title="bbox 1072 234 1965 278; baseline 0.003 -14"><span class='ocrx_word' id='word_1_307' title='bbox 1072 234 1229 274; x_wconf 73' lang='grc' dir='ltr'>ἐϐούλοντο,</span> <span class='ocrx_word' id='word_1_308' title='bbox 1260 238 1282 266; x_wconf 86' lang='grc' dir='ltr'>εί</span> <span class='ocrx_word' id='word_1_309' title='bbox 1313 241 1543 278; x_wconf 83' lang='grc' dir='ltr'>παραχωρηθεῖεν</span> <span class='ocrx_word' id='word_1_310' title='bbox 1572 239 1649 268; x_wconf 72' lang='grc' dir='ltr'>ἔνδον</span> <span class='ocrx_word' id='word_1_311' title='bbox 1693 240 1872 278; x_wconf 71' lang='grc' dir='ltr'>εῒσαγαγιῖν</span> <span class='ocrx_word' id='word_1_312' title='bbox 1919 237 1965 264; x_wconf 64' lang='grc' dir='ltr'>τά</span> 
     </span>
    </p>
   </div>
   <div class='ocr_carea' id='block_1_52' title="bbox 1074 279 1963 323">
    <p class='ocr_par' dir='ltr' id='par_1_52' title="bbox 1074 279 1963 323">
     <span class='ocr_line' id='line_1_52' title="bbox 1074 279 1963 323; baseline 0.006 -15"><span class='ocrx_word' id='word_1_313' title='bbox 1074 279 1198 316; x_wconf 80' lang='grc' dir='ltr'>κιϐώτία,</span> <span class='ocrx_word' id='word_1_314' title='bbox 1227 283 1323 315; x_wconf 85' lang='grc' dir='ltr'>νυκτὸς</span> <span class='ocrx_word' id='word_1_315' title='bbox 1350 284 1414 316; x_wconf 83' lang='grc' dir='ltr'>τοὺς</span> <span class='ocrx_word' id='word_1_316' title='bbox 1445 285 1471 312; x_wconf 80' lang='grc' dir='ltr'>ἐν</span> <span class='ocrx_word' id='word_1_317' title='bbox 1495 285 1587 317; x_wconf 79' lang='grc' dir='ltr'>αὐτοῖς</span> <span class='ocrx_word' id='word_1_318' title='bbox 1613 285 1730 318; x_wconf 80' lang='grc' dir='ltr'>ὁπλίτας</span> <span class='ocrx_word' id='word_1_319' title='bbox 1755 285 1963 323; x_wconf 74' lang='grc' dir='ltr'>ἐξαγαγεῖν,</span> 
     </span>
    </p>
   </div>
   <div class='ocr_carea' id='block_1_53' title="bbox 1074 326 1963 368">
    <p class='ocr_par' dir='ltr' id='par_1_53' title="bbox 1074 326 1963 368">
     <span class='ocr_line' id='line_1_53' title="bbox 1074 326 1963 368; baseline 0.002 -15"><span class='ocrx_word' id='word_1_320' title='bbox 1074 327 1118 354; x_wconf 82' lang='grc' dir='ltr'>καὶ</span> <span class='ocrx_word' id='word_1_321' title='bbox 1133 328 1182 362; x_wconf 77' lang='grc' dir='ltr'>τήν</span> <span class='ocrx_word' id='word_1_322' title='bbox 1198 326 1280 355; x_wconf 85' lang='grc' dir='ltr'>πόλιν</span> <span class='ocrx_word' id='word_1_323' title='bbox 1296 328 1377 358; x_wconf 78' lang='grc' dir='ltr'>ἑλεῖν.</span> <span class='ocrx_word' id='word_1_324' title='bbox 1398 329 1577 362; x_wconf 69' lang='grc' dir='ltr'>Εἷσελθὸντας</span> <span class='ocrx_word' id='word_1_325' title='bbox 1603 329 1649 357; x_wconf 69' lang='grc' dir='ltr'>οὖν</span> <span class='ocrx_word' id='word_1_326' title='bbox 1678 331 1748 368; x_wconf 85' lang='grc' dir='ltr'>πρὸς</span> <span class='ocrx_word' id='word_1_327' title='bbox 1779 331 1834 358; x_wconf 80' lang='grc' dir='ltr'>τὸν</span> <span class='ocrx_word' id='word_1_328' title='bbox 1886 331 1963 362; x_wconf 79' lang='grc' dir='ltr'>τῆς</span> 
     </span>
    </p>
   </div>
   <div class='ocr_carea' id='block_1_54' title="bbox 1074 371 1962 414">
    <p class='ocr_par' dir='ltr' id='par_1_54' title="bbox 1074 371 1962 414">
     <span class='ocr_line' id='line_1_54' title="bbox 1074 371 1962 414; baseline -0.001 -11"><span class='ocrx_word' id='word_1_329' title='bbox 1074 371 1182 403; x_wconf 73' lang='grc' dir='ltr'>πόλεως</span> <span class='ocrx_word' id='word_1_330' title='bbox 1199 374 1352 411; x_wconf 82' lang='grc' dir='ltr'>στρατηγὸν</span> <span class='ocrx_word' id='word_1_331' title='bbox 1376 373 1439 406; x_wconf 66' lang='grc' dir='ltr'>τοὺς</span> <span class='ocrx_word' id='word_1_332' title='bbox 1462 374 1596 413; x_wconf 75' lang='grc' dir='ltr'>ἄρχοντας</span> <span class='ocrx_word' id='word_1_333' title='bbox 1622 375 1777 414; x_wconf 75' lang='grc' dir='ltr'>φιλοτίμως</span> <span class='ocrx_word' id='word_1_334' title='bbox 1802 375 1962 402; x_wconf 55' lang='grc' dir='ltr'>ἐκεῖνος</span> 
     </span>
    </p>
   </div>
   <div class='ocr_carea' id='block_1_55' title="bbox 1075 415 1965 457">
    <p class='ocr_par' dir='ltr' id='par_1_55' title="bbox 1075 415 1965 457">
     <span class='ocr_line' id='line_1_55' title="bbox 1075 415 1965 457; baseline 0.003 -14"><span class='ocrx_word' id='word_1_335' title='bbox 1075 415 1192 451; x_wconf 76' lang='grc' dir='ltr'>ἐδέξατο.</span> <span class='ocrx_word' id='word_1_336' title='bbox 1211 418 1243 446; x_wconf 85' lang='lat' dir='ltr'>Ol</span> <span class='ocrx_word' id='word_1_337' title='bbox 1273 417 1296 445; x_wconf 83' lang='grc' dir='ltr'>δ’</span> <span class='ocrx_word' id='word_1_338' title='bbox 1317 418 1427 450; x_wconf 68' lang='grc' dir='ltr'>ἐκείνοις</span> <span class='ocrx_word' id='word_1_339' title='bbox 1457 420 1652 457; x_wconf 75' lang='grc' dir='ltr'>ὑπηρετοῦντες</span> <span class='ocrx_word' id='word_1_340' title='bbox 1683 420 1750 456; x_wconf 80' lang='grc' dir='ltr'>μετὰ</span> <span class='ocrx_word' id='word_1_341' title='bbox 1777 422 1839 447; x_wconf 75' lang='grc' dir='ltr'>τῶν</span> <span class='ocrx_word' id='word_1_342' title='bbox 1894 427 1965 446; x_wconf 78' lang='grc' dir='ltr'>κα-</span> 
     </span>
    </p>
   </div>
   <div class='ocr_carea' id='block_1_56' title="bbox 1077 460 1960 503">
    <p class='ocr_par' dir='ltr' id='par_1_56' title="bbox 1077 460 1960 503">
     <span class='ocr_line' id='line_1_56' title="bbox 1077 460 1960 503; baseline 0.001 -15"><span class='ocrx_word' id='word_1_343' title='bbox 1077 461 1174 498; x_wconf 70' lang='grc' dir='ltr'>μήλων</span> <span class='ocrx_word' id='word_1_344' title='bbox 1200 460 1238 490; x_wconf 77' lang='grc' dir='ltr'>ἔτι</span> <span class='ocrx_word' id='word_1_345' title='bbox 1263 466 1312 498; x_wconf 77' lang='grc' dir='ltr'>τῆς</span> <span class='ocrx_word' id='word_1_346' title='bbox 1337 463 1445 495; x_wconf 83' lang='grc' dir='ltr'>πόλεως</span> <span class='ocrx_word' id='word_1_347' title='bbox 1461 464 1529 499; x_wconf 75' lang='grc' dir='ltr'>ἦσαν</span> <span class='ocrx_word' id='word_1_348' title='bbox 1549 464 1609 500; x_wconf 78' lang='grc' dir='ltr'>ἔξω.</span> <span class='ocrx_word' id='word_1_349' title='bbox 1627 466 1779 503; x_wconf 84' lang='grc' dir='ltr'>Προσαίτης</span> <span class='ocrx_word' id='word_1_350' title='bbox 1808 463 1848 491; x_wconf 76' lang='grc' dir='ltr'>δὲ</span> <span class='ocrx_word' id='word_1_351' title='bbox 1897 473 1960 493; x_wconf 73' lang='grc' dir='ltr'>τις</span> 
     </span>
    </p>
   </div>
   <div class='ocr_carea' id='block_1_57' title="bbox 1075 507 1959 547">
    <p class='ocr_par' dir='ltr' id='par_1_57' title="bbox 1075 507 1959 547">
     <span class='ocr_line' id='line_1_57' title="bbox 1075 507 1959 547; baseline 0.002 -13"><span class='ocrx_word' id='word_1_352' title='bbox 1075 507 1217 544; x_wconf 72' lang='grc' dir='ltr'>Ἀρμένιος</span> <span class='ocrx_word' id='word_1_353' title='bbox 1240 507 1319 540; x_wconf 73' lang='grc' dir='ltr'>εἰδὼς</span> <span class='ocrx_word' id='word_1_354' title='bbox 1342 509 1387 536; x_wconf 74' lang='grc' dir='ltr'>καὶ</span> <span class='ocrx_word' id='word_1_355' title='bbox 1416 510 1465 543; x_wconf 76' lang='grc' dir='ltr'>τὴν</span> <span class='ocrx_word' id='word_1_356' title='bbox 1498 507 1621 547; x_wconf 79' lang='grc' dir='ltr'>Ἀράϐων</span> <span class='ocrx_word' id='word_1_357' title='bbox 1647 508 1790 537; x_wconf 83' lang='grc' dir='ltr'>διάλεκτον</span> <span class='ocrx_word' id='word_1_358' title='bbox 1819 517 1959 547; x_wconf 71' lang='grc' dir='ltr'>προς-</span> 
     </span>
    </p>
   </div>
   <div class='ocr_carea' id='block_1_58' title="bbox 1074 551 1954 593">
    <p class='ocr_par' dir='ltr' id='par_1_58' title="bbox 1074 551 1954 593">
     <span class='ocr_line' id='line_1_58' title="bbox 1074 551 1954 593; baseline 0 -14"><span class='ocrx_word' id='word_1_359' title='bbox 1074 551 1144 586; x_wconf 75' lang='grc' dir='ltr'>ῆλθι</span> <span class='ocrx_word' id='word_1_360' title='bbox 1170 555 1228 584; x_wconf 82' lang='grc' dir='ltr'>τοῖς</span> <span class='ocrx_word' id='word_1_361' title='bbox 1257 552 1332 584; x_wconf 82' lang='grc' dir='ltr'>ἐκτὸς</span> <span class='ocrx_word' id='word_1_362' title='bbox 1362 553 1556 590; x_wconf 78' lang='grc' dir='ltr'>αὐλιζομένοις</span> <span class='ocrx_word' id='word_1_363' title='bbox 1587 555 1690 593; x_wconf 81' lang='grc' dir='ltr'>’Λραψι</span> <span class='ocrx_word' id='word_1_364' title='bbox 1721 555 1954 591; x_wconf 65' lang='grc' dir='ltr'>μειιιαιτήσωπισ⁸</span> 
     </span>
    </p>
   </div>
   <div class='ocr_carea' id='block_1_59' title="bbox 1074 595 1950 637">
    <p class='ocr_par' dir='ltr' id='par_1_59' title="bbox 1074 595 1950 637">
     <span class='ocr_line' id='line_1_59' title="bbox 1074 595 1950 637; baseline 0.001 -13"><span class='ocrx_word' id='word_1_365' title='bbox 1074 595 1175 631; x_wconf 74' lang='grc' dir='ltr'>ἤκουσε</span> <span class='ocrx_word' id='word_1_366' title='bbox 1190 596 1219 624; x_wconf 75' lang='grc' dir='ltr'>δὶ</span> <span class='ocrx_word' id='word_1_367' title='bbox 1247 597 1277 625; x_wconf 73' lang='grc' dir='ltr'>ἐκ</span> <span class='ocrx_word' id='word_1_368' title='bbox 1305 595 1436 626; x_wconf 90' lang='grc' dir='ltr'>κιϐωτίου</span> <span class='ocrx_word' id='word_1_369' title='bbox 1464 599 1538 630; x_wconf 82' lang='grc' dir='ltr'>τινὸς</span> <span class='ocrx_word' id='word_1_370' title='bbox 1567 598 1736 637; x_wconf 78' lang='grc' dir='ltr'>ἐρωτῶντος,</span> <span class='ocrx_word' id='word_1_371' title='bbox 1753 597 1807 634; x_wconf 78' lang='grc' dir='ltr'>ὅπη</span> <span class='ocrx_word' id='word_1_372' title='bbox 1847 597 1950 626; x_wconf 62' lang='lat' dir='ltr'>ciae&quot;</span> 
     </span>
    </p>
   </div>
   <div class='ocr_carea' id='block_1_60' title="bbox 1074 641 1951 682">
    <p class='ocr_par' dir='ltr' id='par_1_60' title="bbox 1074 641 1951 682">
     <span class='ocr_line' id='line_1_60' title="bbox 1074 641 1951 682; baseline 0.001 -13"><span class='ocrx_word' id='word_1_373' title='bbox 1074 641 1119 669; x_wconf 78' lang='grc' dir='ltr'>καὶ</span> <span class='ocrx_word' id='word_1_374' title='bbox 1148 641 1186 673; x_wconf 81' lang='grc' dir='ltr'>εἷς</span> <span class='ocrx_word' id='word_1_375' title='bbox 1201 643 1250 677; x_wconf 78' lang='grc' dir='ltr'>τήν</span> <span class='ocrx_word' id='word_1_376' title='bbox 1277 642 1358 670; x_wconf 89' lang='grc' dir='ltr'>πόλιν</span> <span class='ocrx_word' id='word_1_377' title='bbox 1389 643 1476 671; x_wconf 66' lang='grc' dir='ltr'>ἐλθὼν</span> <span class='ocrx_word' id='word_1_378' title='bbox 1505 644 1659 682; x_wconf 77' lang='grc' dir='ltr'>ἀπήγγειλε</span> <span class='ocrx_word' id='word_1_379' title='bbox 1686 645 1717 672; x_wconf 86' lang='grc' dir='ltr'>τὸ</span> <span class='ocrx_word' id='word_1_380' title='bbox 1748 643 1844 682; x_wconf 74' lang='grc' dir='ltr'>δρᾶμα</span> <span class='ocrx_word' id='word_1_381' title='bbox 1886 645 1951 678; x_wconf 76' lang='grc' dir='ltr'>τῷ</span> 
     </span>
    </p>
   </div>
   <div class='ocr_carea' id='block_1_61' title="bbox 1074 685 1948 727">
    <p class='ocr_par' dir='ltr' id='par_1_61' title="bbox 1074 685 1948 727">
     <span class='ocr_line' id='line_1_61' title="bbox 1074 685 1948 727; baseline 0 -13"><span class='ocrx_word' id='word_1_382' title='bbox 1074 689 1229 724; x_wconf 79' lang='grc' dir='ltr'>στρατηγῷ.</span> <span class='ocrx_word' id='word_1_383' title='bbox 1252 687 1283 716; x_wconf 89' lang='grc' dir='ltr'><strong>Ὀ</strong></span> <span class='ocrx_word' id='word_1_384' title='bbox 1313 686 1342 715; x_wconf 63' lang='grc' dir='ltr'>δὲ</span> <span class='ocrx_word' id='word_1_385' title='bbox 1369 687 1432 719; x_wconf 77' lang='grc' dir='ltr'>τοὺς</span> <span class='ocrx_word' id='word_1_386' title='bbox 1463 689 1510 725; x_wconf 79' lang='grc' dir='ltr'>μὶν</span> <span class='ocrx_word' id='word_1_387' title='bbox 1539 688 1673 727; x_wconf 71' lang='grc' dir='ltr'>ἄρχοντας</span> <span class='ocrx_word' id='word_1_388' title='bbox 1700 691 1755 716; x_wconf 81' lang='grc' dir='ltr'>τῶν</span> <span class='ocrx_word' id='word_1_389' title='bbox 1778 685 1948 726; x_wconf 66' lang='grc' dir='ltr'>Ἀράϐων</span> 
     </span>
    </p>
   </div>
   <div class='ocr_carea' id='block_1_62' title="bbox 1075 731 1943 770">
    <p class='ocr_par' dir='ltr' id='par_1_62' title="bbox 1075 731 1943 770">
     <span class='ocr_line' id='line_1_62' title="bbox 1075 731 1943 770; baseline 0.002 -12"><span class='ocrx_word' id='word_1_390' title='bbox 1075 731 1284 769; x_wconf 73' lang='grc' dir='ltr'>εὐωχουμένους</span> <span class='ocrx_word' id='word_1_391' title='bbox 1300 731 1325 760; x_wconf 85' lang='grc' dir='ltr'>ἐν</span> <span class='ocrx_word' id='word_1_392' title='bbox 1353 735 1387 770; x_wconf 79' lang='grc' dir='ltr'>τῇ</span> <span class='ocrx_word' id='word_1_393' title='bbox 1416 732 1497 760; x_wconf 70' lang='grc' dir='ltr'>πόλει</span> <span class='ocrx_word' id='word_1_394' title='bbox 1512 733 1669 768; x_wconf 81' lang='grc' dir='ltr'>κατέλιπεν,</span> <span class='ocrx_word' id='word_1_395' title='bbox 1685 733 1764 764; x_wconf 73' lang='grc' dir='ltr'>αὐτὸς</span> <span class='ocrx_word' id='word_1_396' title='bbox 1780 732 1810 760; x_wconf 71' lang='grc' dir='ltr'>δὲ</span> <span class='ocrx_word' id='word_1_397' title='bbox 1836 733 1943 770; x_wconf 69' lang='grc' dir='ltr'>μετὰ</span> 
     </span>
    </p>
   </div>
   <div class='ocr_carea' id='block_1_63' title="bbox 1074 777 1939 817">
    <p class='ocr_par' dir='ltr' id='par_1_63' title="bbox 1074 777 1939 817">
     <span class='ocr_line' id='line_1_63' title="bbox 1074 777 1939 817; baseline 0.001 -13"><span class='ocrx_word' id='word_1_398' title='bbox 1074 779 1128 805; x_wconf 83' lang='grc' dir='ltr'>τῶν</span> <span class='ocrx_word' id='word_1_399' title='bbox 1153 777 1215 816; x_wconf 87' lang='grc' dir='ltr'>περὶ</span> <span class='ocrx_word' id='word_1_400' title='bbox 1241 777 1319 806; x_wconf 81' lang='grc' dir='ltr'>αὐτὸν</span> <span class='ocrx_word' id='word_1_401' title='bbox 1340 777 1466 814; x_wconf 79' lang='grc' dir='ltr'>ἐξελθὼν,</span> <span class='ocrx_word' id='word_1_402' title='bbox 1482 779 1527 806; x_wconf 86' lang='grc' dir='ltr'>κιιὶ</span> <span class='ocrx_word' id='word_1_403' title='bbox 1541 779 1575 806; x_wconf 83' lang='grc' dir='ltr'>τὰ</span> <span class='ocrx_word' id='word_1_404' title='bbox 1601 777 1717 807; x_wconf 82' lang='grc' dir='ltr'>κιϐώτια</span> <span class='ocrx_word' id='word_1_405' title='bbox 1745 777 1939 817; x_wconf 70' lang='grc' dir='ltr'>διαρῥήξας,</span> 
     </span>
    </p>
   </div>
   <div class='ocr_carea' id='block_1_64' title="bbox 1074 822 1940 859">
    <p class='ocr_par' dir='ltr' id='par_1_64' title="bbox 1074 822 1940 859">
     <span class='ocr_line' id='line_1_64' title="bbox 1074 822 1940 859; baseline 0 -9"><span class='ocrx_word' id='word_1_406' title='bbox 1074 822 1137 854; x_wconf 79' lang='grc' dir='ltr'>τοὺς</span> <span class='ocrx_word' id='word_1_407' title='bbox 1166 822 1192 850; x_wconf 91' lang='grc' dir='ltr'>ἐν</span> <span class='ocrx_word' id='word_1_408' title='bbox 1223 822 1314 854; x_wconf 85' lang='grc' dir='ltr'>αὐτοῖς</span> <span class='ocrx_word' id='word_1_409' title='bbox 1343 823 1456 855; x_wconf 83' lang='grc' dir='ltr'>ὁπλίτας</span> <span class='ocrx_word' id='word_1_410' title='bbox 1473 823 1625 857; x_wconf 77' lang='grc' dir='ltr'>ἀπέκτεινεν</span> <span class='ocrx_word' id='word_1_411' title='bbox 1651 824 1841 859; x_wconf 72' lang='grc' dir='ltr'>ἅπαντας,Μί</span> <span class='ocrx_word' id='word_1_412' title='bbox 1879 823 1940 854; x_wconf 78' lang='grc' dir='ltr'>εἷς</span> 
     </span>
    </p>
   </div>
   <div class='ocr_carea' id='block_1_65' title="bbox 1074 867 1926 906">
    <p class='ocr_par' dir='ltr' id='par_1_65' title="bbox 1074 867 1926 906">
     <span class='ocr_line' id='line_1_65' title="bbox 1074 867 1926 906; baseline 0 -12"><span class='ocrx_word' id='word_1_413' title='bbox 1074 868 1123 902; x_wconf 81' lang='grc' dir='ltr'>τὴν</span> <span class='ocrx_word' id='word_1_414' title='bbox 1140 867 1220 895; x_wconf 85' lang='grc' dir='ltr'>πόλιν</span> <span class='ocrx_word' id='word_1_415' title='bbox 1237 867 1312 900; x_wconf 77' lang='grc' dir='ltr'>αὖθις</span> <span class='ocrx_word' id='word_1_416' title='bbox 1328 868 1526 904; x_wconf 73' lang='grc' dir='ltr'>ὑπονοστήσας,</span> <span class='ocrx_word' id='word_1_417' title='bbox 1546 868 1610 900; x_wconf 79' lang='grc' dir='ltr'>τοὺς</span> <span class='ocrx_word' id='word_1_418' title='bbox 1639 869 1685 906; x_wconf 73' lang='grc' dir='ltr'>μὲν</span> <span class='ocrx_word' id='word_1_419' title='bbox 1708 868 1824 899; x_wconf 71' lang='grc' dir='ltr'>λοιποὺς</span> <span class='ocrx_word' id='word_1_420' title='bbox 1846 870 1926 895; x_wconf 76' lang='grc' dir='ltr'>τῶν</span> 
     </span>
    </p>
   </div>
   <div class='ocr_carea' id='block_1_66' title="bbox 1074 912 1927 952">
    <p class='ocr_par' dir='ltr' id='par_1_66' title="bbox 1074 912 1927 952">
     <span class='ocr_line' id='line_1_66' title="bbox 1074 912 1927 952; baseline 0 -12"><span class='ocrx_word' id='word_1_421' title='bbox 1074 912 1212 950; x_wconf 75' lang='grc' dir='ltr'>ἀρχόντων</span> <span class='ocrx_word' id='word_1_422' title='bbox 1241 913 1329 940; x_wconf 78' lang='grc' dir='ltr'>αὐτῶν</span> <span class='ocrx_word' id='word_1_423' title='bbox 1361 913 1498 951; x_wconf 84' lang='grc' dir='ltr'>μαχαίρας</span> <span class='ocrx_word' id='word_1_424' title='bbox 1523 913 1596 941; x_wconf 81' lang='grc' dir='ltr'>ἔθετο</span> <span class='ocrx_word' id='word_1_425' title='bbox 1625 912 1714 952; x_wconf 58' lang='grc' dir='ltr'>ἔργον</span> <span class='ocrx_word' id='word_1_426' title='bbox 1731 914 1790 945; x_wconf 77' lang='grc' dir='ltr'>ἒνὸς</span> <span class='ocrx_word' id='word_1_427' title='bbox 1813 912 1842 940; x_wconf 68' lang='grc' dir='ltr'>δὲ</span> <span class='ocrx_word' id='word_1_428' title='bbox 1857 913 1927 944; x_wconf 73' lang='grc' dir='ltr'>τὰς</span> 
     </span>
    </p>
   </div>
   <div class='ocr_carea' id='block_1_67' title="bbox 1073 956 1924 996">
    <p class='ocr_par' dir='ltr' id='par_1_67' title="bbox 1073 956 1924 996">
     <span class='ocr_line' id='line_1_67' title="bbox 1073 956 1924 996; baseline 0 -13"><span class='ocrx_word' id='word_1_429' title='bbox 1073 959 1168 994; x_wconf 70' lang='grc' dir='ltr'>χεῖρας</span> <span class='ocrx_word' id='word_1_430' title='bbox 1197 956 1398 993; x_wconf 79' lang='grc' dir='ltr'>ἀποτεμὼν,τὰ</span> <span class='ocrx_word' id='word_1_431' title='bbox 1426 958 1482 984; x_wconf 83' lang='grc' dir='ltr'>ὦτά</span> <span class='ocrx_word' id='word_1_432' title='bbox 1510 968 1540 984; x_wconf 85' lang='grc' dir='ltr'>τε</span> <span class='ocrx_word' id='word_1_433' title='bbox 1566 958 1611 985; x_wconf 76' lang='grc' dir='ltr'>καὶ</span> <span class='ocrx_word' id='word_1_434' title='bbox 1635 958 1685 992; x_wconf 76' lang='grc' dir='ltr'>τήν</span> <span class='ocrx_word' id='word_1_435' title='bbox 1701 957 1761 996; x_wconf 71' lang='grc' dir='ltr'>ῥῖνα</span> <span class='ocrx_word' id='word_1_436' title='bbox 1787 958 1924 996; x_wconf 70' lang='grc' dir='ltr'>ἀφῆκεν,</span> 
     </span>
    </p>
   </div>
   <div class='ocr_carea' id='block_1_68' title="bbox 1070 1000 1919 1040">
    <p class='ocr_par' dir='ltr' id='par_1_68' title="bbox 1070 1000 1919 1040">
     <span class='ocr_line' id='line_1_68' title="bbox 1070 1000 1919 1040; baseline 0 -12"><span class='ocrx_word' id='word_1_437' title='bbox 1070 1000 1117 1029; x_wconf 71' lang='grc' dir='ltr'>’ίνα</span> <span class='ocrx_word' id='word_1_438' title='bbox 1132 1004 1189 1032; x_wconf 84' lang='grc' dir='ltr'>τοῖς</span> <span class='ocrx_word' id='word_1_439' title='bbox 1205 1001 1275 1029; x_wconf 60' lang='grc' dir='ltr'>οἶκοι</span> <span class='ocrx_word' id='word_1_440' title='bbox 1290 1002 1322 1029; x_wconf 84' lang='grc' dir='ltr'>τὸ</span> <span class='ocrx_word' id='word_1_441' title='bbox 1338 1004 1417 1038; x_wconf 79' lang='grc' dir='ltr'>σῶμα</span> <span class='ocrx_word' id='word_1_442' title='bbox 1431 1002 1481 1036; x_wconf 84' lang='grc' dir='ltr'>τήν</span> <span class='ocrx_word' id='word_1_443' title='bbox 1503 1003 1644 1040; x_wconf 73' lang='grc' dir='ltr'>συμφορὰν</span> <span class='ocrx_word' id='word_1_444' title='bbox 1673 1001 1919 1040; x_wconf 73' lang='grc' dir='ltr'>καταγγέλλοιεν.</span> 
     </span>
    </p>
   </div>
   <div class='ocr_carea' id='block_1_69' title="bbox 1074 1044 1919 1085">
    <p class='ocr_par' dir='ltr' id='par_1_69' title="bbox 1074 1044 1919 1085">
     <span class='ocr_line' id='line_1_69' title="bbox 1074 1044 1919 1085; baseline 0.001 -12"><span class='ocrx_word' id='word_1_445' title='bbox 1074 1047 1106 1075; x_wconf 85' lang='grc' dir='ltr'><strong>Ὀ</strong></span> <span class='ocrx_word' id='word_1_446' title='bbox 1119 1045 1147 1073; x_wconf 76' lang='grc' dir='ltr'>δὲ</span> <span class='ocrx_word' id='word_1_447' title='bbox 1163 1044 1365 1084; x_wconf 76' lang='grc' dir='ltr'>Καρχηδόνιος,</span> <span class='ocrx_word' id='word_1_448' title='bbox 1381 1047 1427 1074; x_wconf 84' lang='grc' dir='ltr'>τὸν</span> <span class='ocrx_word' id='word_1_449' title='bbox 1443 1045 1555 1085; x_wconf 73' lang='grc' dir='ltr'>ὄλεθρον</span> <span class='ocrx_word' id='word_1_450' title='bbox 1582 1049 1637 1074; x_wconf 82' lang='grc' dir='ltr'>τῶν</span> <span class='ocrx_word' id='word_1_451' title='bbox 1661 1048 1705 1074; x_wconf 84' lang='grc' dir='ltr'>ὑπ’</span> <span class='ocrx_word' id='word_1_452' title='bbox 1719 1047 1802 1074; x_wconf 79' lang='grc' dir='ltr'>αὐτοῦ</span> <span class='ocrx_word' id='word_1_453' title='bbox 1833 1057 1919 1082; x_wconf 80' lang='grc' dir='ltr'>πεμ-</span> 
     </span>
    </p>
   </div>
   <div class='ocr_carea' id='block_1_70' title="bbox 1075 1090 1919 1128">
    <p class='ocr_par' dir='ltr' id='par_1_70' title="bbox 1075 1090 1919 1128">
     <span class='ocr_line' id='line_1_70' title="bbox 1075 1090 1919 1128; baseline -0.001 -9"><span class='ocrx_word' id='word_1_454' title='bbox 1075 1091 1194 1123; x_wconf 74' lang='grc' dir='ltr'>φθέντων</span> <span class='ocrx_word' id='word_1_455' title='bbox 1223 1091 1262 1122; x_wconf 72' lang='grc' dir='ltr'>εἷς</span> <span class='ocrx_word' id='word_1_456' title='bbox 1286 1090 1411 1119; x_wconf 79' lang='grc' dir='ltr'>Σικελίαν</span> <span class='ocrx_word' id='word_1_457' title='bbox 1443 1092 1546 1128; x_wconf 87' lang='grc' dir='ltr'>μαθὼν,</span> <span class='ocrx_word' id='word_1_458' title='bbox 1570 1091 1649 1123; x_wconf 82' lang='grc' dir='ltr'>αὐτὸς</span> <span class='ocrx_word' id='word_1_459' title='bbox 1681 1091 1719 1123; x_wconf 68' lang='lat' dir='ltr'>Il:</span> <span class='ocrx_word' id='word_1_460' title='bbox 1746 1093 1794 1127; x_wconf 80' lang='grc' dir='ltr'>τήν</span> <span class='ocrx_word' id='word_1_461' title='bbox 1822 1095 1919 1126; x_wconf 79' lang='grc' dir='ltr'>νῆσον</span> 
     </span>
    </p>
   </div>
   <div class='ocr_carea' id='block_1_71' title="bbox 1075 1135 1911 1175">
    <p class='ocr_par' dir='ltr' id='par_1_71' title="bbox 1075 1135 1911 1175">
     <span class='ocr_line' id='line_1_71' title="bbox 1075 1135 1911 1175; baseline -0.001 -12"><span class='ocrx_word' id='word_1_462' title='bbox 1075 1136 1232 1175; x_wconf 76' lang='grc' dir='ltr'>ἐστράτευσε</span> <span class='ocrx_word' id='word_1_463' title='bbox 1262 1137 1330 1173; x_wconf 76' lang='grc' dir='ltr'>μετὰ</span> <span class='ocrx_word' id='word_1_464' title='bbox 1359 1135 1500 1173; x_wconf 81' lang='grc' dir='ltr'>δυνάμεως</span> <span class='ocrx_word' id='word_1_465' title='bbox 1526 1135 1661 1167; x_wconf 80' lang='grc' dir='ltr'>πλείονος.</span> <span class='ocrx_word' id='word_1_466' title='bbox 1678 1136 1728 1164; x_wconf 76' lang='grc' dir='ltr'>Καὶ</span> <span class='ocrx_word' id='word_1_467' title='bbox 1757 1137 1771 1164; x_wconf 86' lang='grc' dir='ltr'>ὁ</span> <span class='ocrx_word' id='word_1_468' title='bbox 1798 1138 1911 1164; x_wconf 68' lang='grc' dir='ltr'>Μανιά-</span> 
     </span>
    </p>
   </div>
   <div class='ocr_carea' id='block_1_72' title="bbox 1075 1179 1915 1218">
    <p class='ocr_par' dir='ltr' id='par_1_72' title="bbox 1075 1179 1915 1218">
     <span class='ocr_line' id='line_1_72' title="bbox 1075 1179 1915 1218; baseline 0 -11"><span class='ocrx_word' id='word_1_469' title='bbox 1075 1191 1127 1215; x_wconf 83' lang='grc' dir='ltr'>κης</span> <span class='ocrx_word' id='word_1_470' title='bbox 1168 1179 1465 1217; x_wconf 76' lang='grc' dir='ltr'>ἀντιπρατοπεδιῦεται</span> <span class='ocrx_word' id='word_1_471' title='bbox 1509 1183 1566 1212; x_wconf 85' lang='grc' dir='ltr'>τοῖς</span> <span class='ocrx_word' id='word_1_472' title='bbox 1594 1181 1765 1218; x_wconf 85' lang='grc' dir='ltr'>Ἀγαρηνοῖς,</span> <span class='ocrx_word' id='word_1_473' title='bbox 1785 1180 1831 1207; x_wconf 78' lang='grc' dir='ltr'>καὶ</span> <span class='ocrx_word' id='word_1_474' title='bbox 1867 1179 1915 1216; x_wconf 78' lang='grc' dir='ltr'>τῷ</span> 
     </span>
    </p>
   </div>
   <div class='ocr_carea' id='block_1_73' title="bbox 1075 1224 1914 1263">
    <p class='ocr_par' dir='ltr' id='par_1_73' title="bbox 1075 1224 1914 1263">
     <span class='ocr_line' id='line_1_73' title="bbox 1075 1224 1914 1263; baseline -0.001 -11"><span class='ocrx_word' id='word_1_475' title='bbox 1075 1227 1123 1252; x_wconf 73' lang='grc' dir='ltr'>τοῦ</span> <span class='ocrx_word' id='word_1_476' title='bbox 1152 1224 1250 1252; x_wconf 83' lang='grc' dir='ltr'>στόλου</span> <span class='ocrx_word' id='word_1_477' title='bbox 1278 1224 1441 1263; x_wconf 81' lang='grc' dir='ltr'>κατάρχοντι</span> <span class='ocrx_word' id='word_1_478' title='bbox 1474 1228 1514 1262; x_wconf 83' lang='grc' dir='ltr'>τῷ</span> <span class='ocrx_word' id='word_1_479' title='bbox 1543 1225 1677 1263; x_wconf 84' lang='grc' dir='ltr'>πατρικίῳ</span> <span class='ocrx_word' id='word_1_480' title='bbox 1706 1227 1838 1263; x_wconf 71' lang='grc' dir='ltr'>Στεφάνῳ</span> <span class='ocrx_word' id='word_1_481' title='bbox 1867 1226 1914 1260; x_wconf 79' lang='grc' dir='ltr'>τῷ</span> 
     </span>
    </p>
   </div>
   <div class='ocr_carea' id='block_1_74' title="bbox 1075 1267 1914 1308">
    <p class='ocr_par' dir='ltr' id='par_1_74' title="bbox 1075 1267 1914 1308">
     <span class='ocr_line' id='line_1_74' title="bbox 1075 1267 1914 1308; baseline -0.001 -11"><span class='ocrx_word' id='word_1_482' title='bbox 1075 1272 1124 1297; x_wconf 80' lang='grc' dir='ltr'>τοῦ</span> <span class='ocrx_word' id='word_1_483' title='bbox 1156 1269 1290 1307; x_wconf 78' lang='grc' dir='ltr'>βασιλέως</span> <span class='ocrx_word' id='word_1_484' title='bbox 1324 1267 1441 1308; x_wconf 81' lang='grc' dir='ltr'>γαμϐρῷ</span> <span class='ocrx_word' id='word_1_485' title='bbox 1467 1270 1642 1307; x_wconf 83' lang='grc' dir='ltr'>(συνέσταλτο</span> <span class='ocrx_word' id='word_1_486' title='bbox 1671 1270 1722 1308; x_wconf 82' lang='grc' dir='ltr'>γὰρ</span> <span class='ocrx_word' id='word_1_487' title='bbox 1750 1269 1795 1297; x_wconf 86' lang='grc' dir='ltr'>καὶ</span> <span class='ocrx_word' id='word_1_488' title='bbox 1823 1269 1914 1300; x_wconf 73' lang='grc' dir='ltr'>οὗτος</span> 
     </span>
    </p>
   </div>
   <div class='ocr_carea' id='block_1_75' title="bbox 1077 1313 1911 1354">
    <p class='ocr_par' dir='ltr' id='par_1_75' title="bbox 1077 1313 1911 1354">
     <span class='ocr_line' id='line_1_75' title="bbox 1077 1313 1911 1354; baseline -0.001 -13"><span class='ocrx_word' id='word_1_489' title='bbox 1077 1314 1149 1350; x_wconf 80' lang='grc' dir='ltr'>αὐτῷ</span> <span class='ocrx_word' id='word_1_490' title='bbox 1181 1314 1248 1349; x_wconf 81' lang='grc' dir='ltr'>μετὰ</span> <span class='ocrx_word' id='word_1_491' title='bbox 1274 1317 1323 1342; x_wconf 83' lang='grc' dir='ltr'>τοῦ</span> <span class='ocrx_word' id='word_1_492' title='bbox 1352 1314 1463 1351; x_wconf 79' lang='grc' dir='ltr'>στόλου)</span> <span class='ocrx_word' id='word_1_493' title='bbox 1478 1315 1606 1354; x_wconf 81' lang='grc' dir='ltr'>ἀσφαλῶς</span> <span class='ocrx_word' id='word_1_494' title='bbox 1635 1318 1728 1352; x_wconf 76' lang='grc' dir='ltr'>τηρεῖν</span> <span class='ocrx_word' id='word_1_495' title='bbox 1752 1313 1911 1341; x_wconf 78' lang='grc' dir='ltr'>ἐνετείλατο</span> 
     </span>
    </p>
   </div>
   <div class='ocr_carea' id='block_1_76' title="bbox 1075 1357 1915 1397">
    <p class='ocr_par' dir='ltr' id='par_1_76' title="bbox 1075 1357 1915 1397">
     <span class='ocr_line' id='line_1_76' title="bbox 1075 1357 1915 1397; baseline -0.001 -11"><span class='ocrx_word' id='word_1_496' title='bbox 1075 1360 1125 1394; x_wconf 80' lang='grc' dir='ltr'>τήν</span> <span class='ocrx_word' id='word_1_497' title='bbox 1153 1358 1299 1397; x_wconf 84' lang='grc' dir='ltr'>παράλιον,</span> <span class='ocrx_word' id='word_1_498' title='bbox 1313 1358 1359 1387; x_wconf 76' lang='grc' dir='ltr'>’ίνα</span> <span class='ocrx_word' id='word_1_499' title='bbox 1389 1360 1426 1396; x_wconf 84' lang='grc' dir='ltr'>μή</span> <span class='ocrx_word' id='word_1_500' title='bbox 1452 1359 1579 1395; x_wconf 84' lang='grc' dir='ltr'>ἡττηθεὶς</span> <span class='ocrx_word' id='word_1_501' title='bbox 1604 1358 1670 1391; x_wconf 72' lang='grc' dir='ltr'>ἴσως</span> <span class='ocrx_word' id='word_1_502' title='bbox 1687 1358 1701 1386; x_wconf 85' lang='grc' dir='ltr'><strong>ό</strong></span> <span class='ocrx_word' id='word_1_503' title='bbox 1718 1357 1915 1397; x_wconf 77' lang='grc' dir='ltr'>Καρχηδόνιος</span> 
     </span>
    </p>
   </div>
   <div class='ocr_carea' id='block_1_77' title="bbox 1077 1402 1912 1443">
    <p class='ocr_par' dir='ltr' id='par_1_77' title="bbox 1077 1402 1912 1443">
     <span class='ocr_line' id='line_1_77' title="bbox 1077 1402 1912 1443; baseline -0.001 -12"><span class='ocrx_word' id='word_1_504' title='bbox 1077 1403 1226 1443; x_wconf 76' lang='grc' dir='ltr'>ἀποδρᾶναι</span> <span class='ocrx_word' id='word_1_505' title='bbox 1241 1403 1394 1439; x_wconf 82' lang='grc' dir='ltr'>δυνήσεται.</span> <span class='ocrx_word' id='word_1_506' title='bbox 1411 1405 1510 1442; x_wconf 82' lang='grc' dir='ltr'>Μάχης</span> <span class='ocrx_word' id='word_1_507' title='bbox 1539 1403 1629 1431; x_wconf 83' lang='grc' dir='ltr'>τοίνυν</span> <span class='ocrx_word' id='word_1_508' title='bbox 1660 1403 1804 1439; x_wconf 76' lang='grc' dir='ltr'>συστάσης,</span> <span class='ocrx_word' id='word_1_509' title='bbox 1833 1402 1912 1437; x_wconf 84' lang='grc' dir='ltr'>πλῆ-</span> 
     </span>
    </p>
   </div>
   <div class='ocr_carea' id='block_1_78' title="bbox 1078 1447 1910 1488">
    <p class='ocr_par' dir='ltr' id='par_1_78' title="bbox 1078 1447 1910 1488">
     <span class='ocr_line' id='line_1_78' title="bbox 1078 1447 1910 1488; baseline -0.001 -12"><span class='ocrx_word' id='word_1_510' title='bbox 1078 1455 1123 1482; x_wconf 83' lang='grc' dir='ltr'>θος</span> <span class='ocrx_word' id='word_1_511' title='bbox 1154 1449 1201 1486; x_wconf 74' lang='grc' dir='ltr'>μὲν</span> <span class='ocrx_word' id='word_1_512' title='bbox 1228 1451 1281 1476; x_wconf 80' lang='grc' dir='ltr'>τῶν</span> <span class='ocrx_word' id='word_1_513' title='bbox 1311 1449 1420 1488; x_wconf 78' lang='grc' dir='ltr'>Ἄφρων</span> <span class='ocrx_word' id='word_1_514' title='bbox 1449 1449 1581 1486; x_wconf 79' lang='grc' dir='ltr'>ἀνῄρητο,</span> <span class='ocrx_word' id='word_1_515' title='bbox 1605 1447 1702 1487; x_wconf 74' lang='grc' dir='ltr'>σχεδόν</span> <span class='ocrx_word' id='word_1_516' title='bbox 1729 1459 1756 1476; x_wconf 87' lang='grc' dir='ltr'>τι</span> <span class='ocrx_word' id='word_1_517' title='bbox 1781 1451 1910 1486; x_wconf 82' lang='grc' dir='ltr'>κρεῖττον</span> 
     </span>
    </p>
   </div>
   <div class='ocr_carea' id='block_1_79' title="bbox 1077 1492 1913 1532">
    <p class='ocr_par' dir='ltr' id='par_1_79' title="bbox 1077 1492 1913 1532">
     <span class='ocr_line' id='line_1_79' title="bbox 1077 1492 1913 1532; baseline -0.002 -10"><span class='ocrx_word' id='word_1_518' title='bbox 1077 1495 1121 1522; x_wconf 77' lang='grc' dir='ltr'>καὶ</span> <span class='ocrx_word' id='word_1_519' title='bbox 1150 1494 1279 1531; x_wconf 81' lang='grc' dir='ltr'>ἀριθμοῦ,</span> <span class='ocrx_word' id='word_1_520' title='bbox 1297 1494 1310 1521; x_wconf 80' lang='grc' dir='ltr'>ὁ</span> <span class='ocrx_word' id='word_1_521' title='bbox 1339 1492 1368 1521; x_wconf 67' lang='grc' dir='ltr'>δὲ</span> <span class='ocrx_word' id='word_1_522' title='bbox 1395 1493 1482 1521; x_wconf 75' lang='grc' dir='ltr'>αὐτῶν</span> <span class='ocrx_word' id='word_1_523' title='bbox 1513 1493 1635 1532; x_wconf 78' lang='grc' dir='ltr'>ἀρχηγὸς</span> <span class='ocrx_word' id='word_1_524' title='bbox 1660 1492 1770 1531; x_wconf 83' lang='grc' dir='ltr'>διαδρὰς</span> <span class='ocrx_word' id='word_1_525' title='bbox 1802 1493 1831 1520; x_wconf 80' lang='grc' dir='ltr'>ἐκ</span> <span class='ocrx_word' id='word_1_526' title='bbox 1859 1494 1913 1527; x_wconf 70' lang='grc' dir='ltr'>τῆς</span> 
     </span>
    </p>
   </div>
   <div class='ocr_carea' id='block_1_80' title="bbox 1080 1536 1912 1577">
    <p class='ocr_par' dir='ltr' id='par_1_80' title="bbox 1080 1536 1912 1577">
     <span class='ocr_line' id='line_1_80' title="bbox 1080 1536 1912 1577; baseline -0.002 -10"><span class='ocrx_word' id='word_1_527' title='bbox 1080 1538 1185 1577; x_wconf 84' lang='grc' dir='ltr'>μάχης,</span> <span class='ocrx_word' id='word_1_528' title='bbox 1201 1539 1245 1566; x_wconf 75' lang='grc' dir='ltr'>καὶ</span> <span class='ocrx_word' id='word_1_529' title='bbox 1261 1537 1383 1574; x_wconf 81' lang='grc' dir='ltr'>κελητίῳ</span> <span class='ocrx_word' id='word_1_530' title='bbox 1409 1536 1572 1575; x_wconf 80' lang='grc' dir='ltr'>ἐμϐεϐηκὼς</span> <span class='ocrx_word' id='word_1_531' title='bbox 1597 1537 1687 1565; x_wconf 88' lang='grc' dir='ltr'>λαθών</span> <span class='ocrx_word' id='word_1_532' title='bbox 1704 1548 1734 1566; x_wconf 77' lang='grc' dir='ltr'>τε</span> <span class='ocrx_word' id='word_1_533' title='bbox 1748 1538 1812 1568; x_wconf 84' lang='grc' dir='ltr'>τοὸς</span> <span class='ocrx_word' id='word_1_534' title='bbox 1825 1536 1852 1565; x_wconf 79' lang='grc' dir='ltr'>ἐν</span> <span class='ocrx_word' id='word_1_535' title='bbox 1869 1539 1912 1573; x_wconf 80' lang='grc' dir='ltr'>τῷ</span> 
     </span>
    </p>
   </div>
   <div class='ocr_carea' id='block_1_81' title="bbox 1078 1582 1908 1621">
    <p class='ocr_par' dir='ltr' id='par_1_81' title="bbox 1078 1582 1908 1621">
     <span class='ocr_line' id='line_1_81' title="bbox 1078 1582 1908 1621; baseline -0.004 -9"><span class='ocrx_word' id='word_1_536' title='bbox 1078 1583 1169 1621; x_wconf 87' lang='grc' dir='ltr'>στόλῳ</span> <span class='ocrx_word' id='word_1_537' title='bbox 1198 1582 1290 1611; x_wconf 64' lang='grc' dir='ltr'>οἷϐιαδε</span> <span class='ocrx_word' id='word_1_538' title='bbox 1332 1582 1496 1611; x_wconf 76' lang='grc' dir='ltr'>διασέσωιπο</span> <span class='ocrx_word' id='word_1_539' title='bbox 1521 1585 1609 1612; x_wconf 80' lang='grc' dir='ltr'>Τοῦτο</span> <span class='ocrx_word' id='word_1_540' title='bbox 1642 1585 1681 1620; x_wconf 79' lang='grc' dir='ltr'>τῷ</span> <span class='ocrx_word' id='word_1_541' title='bbox 1723 1584 1849 1620; x_wconf 84' lang='grc' dir='ltr'>Μανιάκῃ</span> <span class='ocrx_word' id='word_1_542' title='bbox 1879 1582 1908 1610; x_wconf 83' lang='grc' dir='ltr'>ἐν</span> 
     </span>
    </p>
   </div>
   <div class='ocr_carea' id='block_1_82' title="bbox 1078 1627 1908 1668">
    <p class='ocr_par' dir='ltr' id='par_1_82' title="bbox 1078 1627 1908 1668">
     <span class='ocr_line' id='line_1_82' title="bbox 1078 1627 1908 1668; baseline -0.004 -11"><span class='ocrx_word' id='word_1_543' title='bbox 1078 1629 1219 1668; x_wconf 75' lang='grc' dir='ltr'>συμφορὰς</span> <span class='ocrx_word' id='word_1_544' title='bbox 1245 1628 1334 1665; x_wconf 79' lang='grc' dir='ltr'>ἧγητο</span> <span class='ocrx_word' id='word_1_545' title='bbox 1365 1628 1450 1666; x_wconf 87' lang='grc' dir='ltr'>μέρει,</span> <span class='ocrx_word' id='word_1_546' title='bbox 1467 1628 1511 1656; x_wconf 87' lang='grc' dir='ltr'>καὶ</span> <span class='ocrx_word' id='word_1_547' title='bbox 1536 1630 1574 1664; x_wconf 83' lang='grc' dir='ltr'>τῷ</span> <span class='ocrx_word' id='word_1_548' title='bbox 1589 1630 1637 1656; x_wconf 80' lang='grc' dir='ltr'>τοῦ</span> <span class='ocrx_word' id='word_1_549' title='bbox 1660 1627 1760 1655; x_wconf 88' lang='grc' dir='ltr'>στόλου</span> <span class='ocrx_word' id='word_1_550' title='bbox 1789 1628 1908 1665; x_wconf 80' lang='grc' dir='ltr'>ἄρχοντι</span> 
     </span>
    </p>
   </div>
   <div class='ocr_carea' id='block_1_83' title="bbox 1076 1672 1908 1711">
    <p class='ocr_par' dir='ltr' id='par_1_83' title="bbox 1076 1672 1908 1711">
     <span class='ocr_line' id='line_1_83' title="bbox 1076 1672 1908 1711; baseline -0.004 -9"><span class='ocrx_word' id='word_1_551' title='bbox 1076 1673 1254 1711; x_wconf 73' lang='grc' dir='ltr'>ἐλοιδορεῖτο.</span> <span class='ocrx_word' id='word_1_552' title='bbox 1267 1675 1320 1700; x_wconf 80' lang='grc' dir='ltr'>Τοῦ</span> <span class='ocrx_word' id='word_1_553' title='bbox 1352 1672 1380 1700; x_wconf 75' lang='grc' dir='ltr'>δὲ</span> <span class='ocrx_word' id='word_1_554' title='bbox 1400 1675 1434 1710; x_wconf 82' lang='grc' dir='ltr'>τῇ</span> <span class='ocrx_word' id='word_1_555' title='bbox 1451 1672 1589 1711; x_wconf 78' lang='grc' dir='ltr'>συγγενείᾳ</span> <span class='ocrx_word' id='word_1_556' title='bbox 1601 1675 1634 1709; x_wconf 80' lang='grc' dir='ltr'>τῇ</span> <span class='ocrx_word' id='word_1_557' title='bbox 1653 1673 1783 1711; x_wconf 75' lang='grc' dir='ltr'>βασιλικῇ</span> <span class='ocrx_word' id='word_1_558' title='bbox 1807 1682 1908 1700; x_wconf 77' lang='grc' dir='ltr'>πεποιο</span> 
     </span>
    </p>
   </div>
   <div class='ocr_carea' id='block_1_84' title="bbox 1077 1715 1908 1755">
    <p class='ocr_par' dir='ltr' id='par_1_84' title="bbox 1077 1715 1908 1755">
     <span class='ocr_line' id='line_1_84' title="bbox 1077 1715 1908 1755; baseline -0.002 -9"><span class='ocrx_word' id='word_1_559' title='bbox 1077 1719 1166 1754; x_wconf 82' lang='grc' dir='ltr'>θότος,</span> <span class='ocrx_word' id='word_1_560' title='bbox 1191 1718 1236 1745; x_wconf 83' lang='grc' dir='ltr'>καὶ</span> <span class='ocrx_word' id='word_1_561' title='bbox 1267 1716 1482 1755; x_wconf 75' lang='grc' dir='ltr'>δυσχεράναντος</span> <span class='ocrx_word' id='word_1_562' title='bbox 1509 1718 1577 1755; x_wconf 86' lang='grc' dir='ltr'>πρὸς</span> <span class='ocrx_word' id='word_1_563' title='bbox 1601 1718 1649 1748; x_wconf 79' lang='grc' dir='ltr'>τὰς</span> <span class='ocrx_word' id='word_1_564' title='bbox 1679 1715 1780 1754; x_wconf 77' lang='grc' dir='ltr'>ὕϐρεις,</span> <span class='ocrx_word' id='word_1_565' title='bbox 1806 1717 1852 1744; x_wconf 76' lang='grc' dir='ltr'>καί</span> <span class='ocrx_word' id='word_1_566' title='bbox 1882 1727 1908 1744; x_wconf 89' lang='grc' dir='ltr'>τι</span> 
     </span>
    </p>
   </div>
   <div class='ocr_carea' id='block_1_85' title="bbox 1077 1762 1908 1800">
    <p class='ocr_par' dir='ltr' id='par_1_85' title="bbox 1077 1762 1908 1800">
     <span class='ocr_line' id='line_1_85' title="bbox 1077 1762 1908 1800; baseline -0.002 -9"><span class='ocrx_word' id='word_1_567' title='bbox 1077 1762 1327 1800; x_wconf 77' lang='grc' dir='ltr'>ἀνθυπενεγκόντος,</span> <span class='ocrx_word' id='word_1_568' title='bbox 1358 1763 1437 1799; x_wconf 83' lang='grc' dir='ltr'>θυμῷ</span> <span class='ocrx_word' id='word_1_569' title='bbox 1474 1762 1589 1798; x_wconf 73' lang='grc' dir='ltr'>ληφθεὶς</span> <span class='ocrx_word' id='word_1_570' title='bbox 1627 1762 1642 1789; x_wconf 78' lang='grc' dir='ltr'><strong>ὁ</strong></span> <span class='ocrx_word' id='word_1_571' title='bbox 1672 1763 1827 1797; x_wconf 84' lang='grc' dir='ltr'>Μανιάκης,</span> <span class='ocrx_word' id='word_1_572' title='bbox 1859 1762 1908 1789; x_wconf 77' lang='grc' dir='ltr'>καὶ</span> 
     </span>
    </p>
   </div>
   <div class='ocr_carea' id='block_1_86' title="bbox 1077 1806 1909 1846">
    <p class='ocr_par' dir='ltr' id='par_1_86' title="bbox 1077 1806 1909 1846">
     <span class='ocr_line' id='line_1_86' title="bbox 1077 1806 1909 1846; baseline -0.002 -10"><span class='ocrx_word' id='word_1_573' title='bbox 1077 1808 1187 1846; x_wconf 79' lang='grc' dir='ltr'>πληγὰς</span> <span class='ocrx_word' id='word_1_574' title='bbox 1217 1807 1325 1835; x_wconf 80' lang='grc' dir='ltr'>ἐντείνιι</span> <span class='ocrx_word' id='word_1_575' title='bbox 1354 1807 1480 1844; x_wconf 79' lang='grc' dir='ltr'>αὐτῷ.Ὁ</span> <span class='ocrx_word' id='word_1_576' title='bbox 1495 1806 1524 1834; x_wconf 68' lang='grc' dir='ltr'>δὶ</span> <span class='ocrx_word' id='word_1_577' title='bbox 1545 1806 1640 1835; x_wconf 84' lang='grc' dir='ltr'>αὐτίκα</span> <span class='ocrx_word' id='word_1_578' title='bbox 1663 1807 1761 1846; x_wconf 71' lang='grc' dir='ltr'>γράφει</span> <span class='ocrx_word' id='word_1_579' title='bbox 1789 1809 1830 1842; x_wconf 79' lang='grc' dir='ltr'>τῷ</span> <span class='ocrx_word' id='word_1_580' title='bbox 1858 1817 1909 1844; x_wconf 87' lang='grc' dir='ltr'>γυ-</span> 
     </span>
    </p>
   </div>
   <div class='ocr_carea' id='block_1_87' title="bbox 1077 1851 1909 1890">
    <p class='ocr_par' dir='ltr' id='par_1_87' title="bbox 1077 1851 1909 1890">
     <span class='ocr_line' id='line_1_87' title="bbox 1077 1851 1909 1890; baseline -0.004 -9"><span class='ocrx_word' id='word_1_581' title='bbox 1077 1851 1249 1890; x_wconf 83' lang='grc' dir='ltr'>ναικαδέλφῳ</span> <span class='ocrx_word' id='word_1_582' title='bbox 1284 1853 1340 1888; x_wconf 84' lang='grc'>(11)</span> <span class='ocrx_word' id='word_1_583' title='bbox 1378 1853 1487 1889; x_wconf 78' lang='grc' dir='ltr'>Ἰωάννῃ</span> <span class='ocrx_word' id='word_1_584' title='bbox 1524 1854 1563 1888; x_wconf 88' lang='grc' dir='ltr'>τῷ</span> <span class='ocrx_word' id='word_1_585' title='bbox 1613 1851 1737 1888; x_wconf 79' lang='grc' dir='ltr'>ἐκτομίᾳ,</span> <span class='ocrx_word' id='word_1_586' title='bbox 1777 1852 1909 1889; x_wconf 77' lang='grc' dir='ltr'>Ὀρφανο-</span> 
     </span>
    </p>
   </div>
   <div class='ocr_carea' id='block_1_88' title="bbox 1077 1896 1909 1936">
    <p class='ocr_par' dir='ltr' id='par_1_88' title="bbox 1077 1896 1909 1936">
     <span class='ocr_line' id='line_1_88' title="bbox 1077 1896 1909 1936; baseline -0.002 -11"><span class='ocrx_word' id='word_1_587' title='bbox 1077 1897 1170 1936; x_wconf 73' lang='grc' dir='ltr'>τρόφῳ</span> <span class='ocrx_word' id='word_1_588' title='bbox 1205 1896 1391 1933; x_wconf 74' lang='grc' dir='ltr'>ὀνομασθέντι,</span> <span class='ocrx_word' id='word_1_589' title='bbox 1417 1896 1566 1931; x_wconf 75' lang='grc' dir='ltr'>ἀποστασία</span> <span class='ocrx_word' id='word_1_590' title='bbox 1598 1896 1748 1934; x_wconf 72' lang='grc' dir='ltr'>ἐπιχειρεῖν</span> <span class='ocrx_word' id='word_1_591' title='bbox 1776 1896 1821 1923; x_wconf 83' lang='grc' dir='ltr'>τὸν</span> <span class='ocrx_word' id='word_1_592' title='bbox 1850 1899 1909 1924; x_wconf 85' lang='grc' dir='ltr'>Μα-</span> 
     </span>
    </p>
   </div>
   <div class='ocr_carea' id='block_1_89' title="bbox 1077 1939 1910 1978">
    <p class='ocr_par' dir='ltr' id='par_1_89' title="bbox 1077 1939 1910 1978">
     <span class='ocr_line' id='line_1_89' title="bbox 1077 1939 1910 1978; baseline -0.001 -9"><span class='ocrx_word' id='word_1_593' title='bbox 1077 1941 1182 1977; x_wconf 88' lang='grc' dir='ltr'>νιάκην.</span> <span class='ocrx_word' id='word_1_594' title='bbox 1209 1942 1341 1969; x_wconf 79' lang='grc' dir='ltr'>Ἐντεῦθεν</span> <span class='ocrx_word' id='word_1_595' title='bbox 1371 1941 1385 1968; x_wconf 87' lang='grc' dir='ltr'>ὁ</span> <span class='ocrx_word' id='word_1_596' title='bbox 1415 1941 1462 1978; x_wconf 71' lang='grc' dir='ltr'>μὲν</span> <span class='ocrx_word' id='word_1_597' title='bbox 1493 1940 1648 1977; x_wconf 83' lang='grc' dir='ltr'>Μανιάκης,</span> <span class='ocrx_word' id='word_1_598' title='bbox 1671 1939 1782 1977; x_wconf 72' lang='grc' dir='ltr'>δέσμιος</span> <span class='ocrx_word' id='word_1_599' title='bbox 1808 1941 1910 1973; x_wconf 78' lang='grc' dir='ltr'>ἐκεῖθεν</span> 
     </span>
    </p>
   </div>
   <div class='ocr_carea' id='block_1_90' title="bbox 1078 1984 1910 2025">
    <p class='ocr_par' dir='ltr' id='par_1_90' title="bbox 1078 1984 1910 2025">
     <span class='ocr_line' id='line_1_90' title="bbox 1078 1984 1910 2025; baseline -0.002 -10"><span class='ocrx_word' id='word_1_600' title='bbox 1078 1987 1217 2025; x_wconf 79' lang='grc' dir='ltr'>ἀναχθεὶς,</span> <span class='ocrx_word' id='word_1_601' title='bbox 1234 1985 1342 2025; x_wconf 80' lang='grc' dir='ltr'>φυλακῇ</span> <span class='ocrx_word' id='word_1_602' title='bbox 1365 1985 1515 2023; x_wconf 78' lang='grc' dir='ltr'>παρεδόθη,</span> <span class='ocrx_word' id='word_1_603' title='bbox 1531 1987 1548 2021; x_wconf 81' lang='grc' dir='ltr'>ἡ</span> <span class='ocrx_word' id='word_1_604' title='bbox 1577 1985 1704 2023; x_wconf 79' lang='grc' dir='ltr'>σύμπασα</span> <span class='ocrx_word' id='word_1_605' title='bbox 1726 1984 1749 2013; x_wconf 81' lang='grc' dir='ltr'>δ’</span> <span class='ocrx_word' id='word_1_606' title='bbox 1764 1986 1839 2023; x_wconf 82' lang='grc' dir='ltr'>ἀρχὴ</span> <span class='ocrx_word' id='word_1_607' title='bbox 1867 1988 1910 2022; x_wconf 79' lang='grc' dir='ltr'>τῷ</span> 
     </span>
    </p>
   </div>
   <div class='ocr_carea' id='block_1_91' title="bbox 1079 2030 1910 2070">
    <p class='ocr_par' dir='ltr' id='par_1_91' title="bbox 1079 2030 1910 2070">
     <span class='ocr_line' id='line_1_91' title="bbox 1079 2030 1910 2070; baseline -0.004 -10"><span class='ocrx_word' id='word_1_608' title='bbox 1079 2031 1206 2070; x_wconf 80' lang='grc' dir='ltr'>Στεφάνῳ</span> <span class='ocrx_word' id='word_1_609' title='bbox 1234 2031 1428 2069; x_wconf 78' lang='grc' dir='ltr'>περιελήλυθε.</span> <span class='ocrx_word' id='word_1_610' title='bbox 1446 2031 1495 2058; x_wconf 80' lang='grc' dir='ltr'>Καὶ</span> <span class='ocrx_word' id='word_1_611' title='bbox 1523 2032 1541 2066; x_wconf 82' lang='grc' dir='ltr'><strong>ἡ</strong></span> <span class='ocrx_word' id='word_1_612' title='bbox 1570 2034 1652 2066; x_wconf 85' lang='grc' dir='ltr'>νῆσος</span> <span class='ocrx_word' id='word_1_613' title='bbox 1674 2031 1726 2058; x_wconf 84' lang='grc' dir='ltr'>οὐκ</span> <span class='ocrx_word' id='word_1_614' title='bbox 1740 2030 1779 2062; x_wconf 77' lang='grc' dir='ltr'>εἷς</span> <span class='ocrx_word' id='word_1_615' title='bbox 1805 2031 1910 2069; x_wconf 75' lang='grc' dir='ltr'>μακρὰν</span> 
     </span>
    </p>
   </div>
   <div class='ocr_carea' id='block_1_92' title="bbox 1081 2074 1911 2115">
    <p class='ocr_par' dir='ltr' id='par_1_92' title="bbox 1081 2074 1911 2115">
     <span class='ocr_line' id='line_1_92' title="bbox 1081 2074 1911 2115; baseline -0.004 -10"><span class='ocrx_word' id='word_1_616' title='bbox 1081 2077 1133 2105; x_wconf 82' lang='grc' dir='ltr'>ὑπὸ</span> <span class='ocrx_word' id='word_1_617' title='bbox 1172 2076 1235 2108; x_wconf 82' lang='grc' dir='ltr'>τοὺς</span> <span class='ocrx_word' id='word_1_618' title='bbox 1266 2076 1434 2115; x_wconf 82' lang='grc' dir='ltr'>Ἀγαρηνοὺς</span> <span class='ocrx_word' id='word_1_619' title='bbox 1473 2076 1518 2104; x_wconf 81' lang='grc' dir='ltr'>καὶ</span> <span class='ocrx_word' id='word_1_620' title='bbox 1561 2074 1636 2108; x_wconf 79' lang='grc' dir='ltr'>αὖθις</span> <span class='ocrx_word' id='word_1_621' title='bbox 1665 2075 1768 2113; x_wconf 85' lang='grc' dir='ltr'>ἐγένετο</span> <span class='ocrx_word' id='word_1_622' title='bbox 1798 2075 1911 2113; x_wconf 78' lang='grc' dir='ltr'>ἀπειρίᾳ</span> 
     </span>
    </p>
   </div>
   <div class='ocr_carea' id='block_1_93' title="bbox 1078 2119 1909 2160">
    <p class='ocr_par' dir='ltr' id='par_1_93' title="bbox 1078 2119 1909 2160">
     <span class='ocr_line' id='line_1_93' title="bbox 1078 2119 1909 2160; baseline -0.004 -10"><span class='ocrx_word' id='word_1_623' title='bbox 1078 2122 1123 2150; x_wconf 85' lang='grc' dir='ltr'>καὶ</span> <span class='ocrx_word' id='word_1_624' title='bbox 1141 2121 1260 2160; x_wconf 79' lang='grc' dir='ltr'>ῥᾳθυμίᾳ</span> <span class='ocrx_word' id='word_1_625' title='bbox 1273 2123 1322 2149; x_wconf 74' lang='grc' dir='ltr'>τοῦ</span> <span class='ocrx_word' id='word_1_626' title='bbox 1344 2120 1489 2160; x_wconf 70' lang='grc' dir='ltr'>ἄρχοντος,</span> <span class='ocrx_word' id='word_1_627' title='bbox 1505 2120 1550 2148; x_wconf 87' lang='grc' dir='ltr'>καὶ</span> <span class='ocrx_word' id='word_1_628' title='bbox 1579 2120 1632 2158; x_wconf 84' lang='grc' dir='ltr'>πρὸ</span> <span class='ocrx_word' id='word_1_629' title='bbox 1659 2120 1763 2148; x_wconf 72' lang='grc' dir='ltr'>τούτων</span> <span class='ocrx_word' id='word_1_630' title='bbox 1792 2119 1909 2158; x_wconf 75' lang='grc' dir='ltr'>αἰσχρο-</span> 
     </span>
    </p>
   </div>
   <div class='ocr_carea' id='block_1_94' title="bbox 1079 2163 1908 2204">
    <p class='ocr_par' dir='ltr' id='par_1_94' title="bbox 1079 2163 1908 2204">
     <span class='ocr_line' id='line_1_94' title="bbox 1079 2163 1908 2204; baseline -0.004 -10"><span class='ocrx_word' id='word_1_631' title='bbox 1079 2166 1225 2204; x_wconf 81' lang='grc' dir='ltr'>κερδείαις,</span> <span class='ocrx_word' id='word_1_632' title='bbox 1245 2166 1330 2203; x_wconf 85' lang='grc' dir='ltr'>μόνης</span> <span class='ocrx_word' id='word_1_633' title='bbox 1345 2169 1395 2201; x_wconf 84' lang='grc' dir='ltr'>τῆς</span> <span class='ocrx_word' id='word_1_634' title='bbox 1417 2166 1561 2201; x_wconf 74' lang='grc' dir='ltr'>Μεσσήνης</span> <span class='ocrx_word' id='word_1_635' title='bbox 1577 2164 1670 2202; x_wconf 84' lang='grc' dir='ltr'>(πόλις</span> <span class='ocrx_word' id='word_1_636' title='bbox 1698 2163 1728 2192; x_wconf 70' lang='grc' dir='ltr'>δὲ</span> <span class='ocrx_word' id='word_1_637' title='bbox 1756 2163 1823 2199; x_wconf 72' lang='grc' dir='ltr'>αὕτη</span> <span class='ocrx_word' id='word_1_638' title='bbox 1852 2166 1908 2192; x_wconf 79' lang='grc' dir='ltr'>τῶν</span> 
     </span>
    </p>
   </div>
   <div class='ocr_carea' id='block_1_95' title="bbox 1082 2209 1909 2250">
    <p class='ocr_par' dir='ltr' id='par_1_95' title="bbox 1082 2209 1909 2250">
     <span class='ocr_line' id='line_1_95' title="bbox 1082 2209 1909 2250; baseline -0.005 -10"><span class='ocrx_word' id='word_1_639' title='bbox 1082 2211 1244 2248; x_wconf 82' lang='grc' dir='ltr'>Σικελικῶν)</span> <span class='ocrx_word' id='word_1_640' title='bbox 1281 2210 1500 2250; x_wconf 67' lang='grc' dir='ltr'>περιληφθείσης</span> <span class='ocrx_word' id='word_1_641' title='bbox 1538 2209 1696 2246; x_wconf 76' lang='grc' dir='ltr'>Ῥωμαίοις,</span> <span class='ocrx_word' id='word_1_642' title='bbox 1724 2209 1768 2237; x_wconf 86' lang='grc' dir='ltr'>καὶ</span> <span class='ocrx_word' id='word_1_643' title='bbox 1808 2209 1909 2244; x_wconf 79' lang='grc' dir='ltr'>ταύτης</span> 
     </span>
    </p>
   </div>
   <div class='ocr_carea' id='block_1_96' title="bbox 1080 2251 1910 2293">
    <p class='ocr_par' dir='ltr' id='par_1_96' title="bbox 1080 2251 1910 2293">
     <span class='ocr_line' id='line_1_96' title="bbox 1080 2251 1910 2293; baseline -0.004 -9"><span class='ocrx_word' id='word_1_644' title='bbox 1080 2259 1128 2284; x_wconf 78' lang='grc' dir='ltr'>τοῦ</span> <span class='ocrx_word' id='word_1_645' title='bbox 1159 2256 1185 2284; x_wconf 80' lang='grc' dir='ltr'>ἐν</span> <span class='ocrx_word' id='word_1_646' title='bbox 1216 2256 1283 2293; x_wconf 81' lang='grc' dir='ltr'>αὐτῇ</span> <span class='ocrx_word' id='word_1_647' title='bbox 1323 2257 1541 2293; x_wconf 80' lang='grc' dir='ltr'>στραγηγοῦντος</span> <span class='ocrx_word' id='word_1_648' title='bbox 1565 2253 1743 2293; x_wconf 74' lang='grc' dir='ltr'>ἀνδραγαθίᾳ,</span> <span class='ocrx_word' id='word_1_649' title='bbox 1773 2254 1853 2286; x_wconf 85' lang='grc' dir='ltr'>οὗτος</span> <span class='ocrx_word' id='word_1_650' title='bbox 1885 2251 1910 2280; x_wconf 84' lang='grc' dir='ltr'>δ’</span> 
     </span>
    </p>
   </div>
   <div class='ocr_carea' id='block_1_97' title="bbox 198 2297 1022 2338">
    <p class='ocr_par' dir='ltr' id='par_1_97' title="bbox 198 2297 1022 2334">
     <span class='ocr_line' id='line_1_97' title="bbox 198 2297 1022 2334; baseline -0.001 -9"><span class='ocrx_word' id='word_1_651' title='bbox 198 2297 354 2334; x_wconf 87' lang='lat' dir='ltr'>imperavit</span> <span class='ocrx_word' id='word_1_652' title='bbox 369 2301 472 2334; x_wconf 86' lang='lat' dir='ltr'>mater,</span> <span class='ocrx_word' id='word_1_653' title='bbox 501 2299 578 2328; x_wconf 91' lang='lat' dir='ltr'>votis</span> <span class='ocrx_word' id='word_1_654' title='bbox 600 2298 752 2327; x_wconf 84' lang='lat' dir='ltr'>exsolutis.</span> <span class='ocrx_word' id='word_1_655' title='bbox 770 2297 884 2333; x_wconf 86' lang='lat' dir='ltr'>Epheso</span> <span class='ocrx_word' id='word_1_656' title='bbox 913 2305 1022 2325; x_wconf 83' lang='lat' dir='ltr'>reversa</span> 
     </span>
    </p>
   </div>
   <div class='ocr_carea' id='block_1_98' title="bbox 1078 2297 1909 2338">
    <p class='ocr_par' dir='ltr' id='par_1_98' title="bbox 1081 2298 1909 2338">
     <span class='ocr_line' id='line_1_98' title="bbox 1081 2298 1909 2338; baseline -0.005 -8"><span class='ocrx_word' id='word_1_657' title='bbox 1081 2302 1114 2337; x_wconf 83' lang='grc' dir='ltr'>ἧν</span> <span class='ocrx_word' id='word_1_658' title='bbox 1144 2302 1158 2329; x_wconf 79' lang='grc' dir='ltr'>ὁ</span> <span class='ocrx_word' id='word_1_659' title='bbox 1188 2300 1358 2338; x_wconf 83' lang='grc' dir='ltr'>Κεκαυμένος</span> <span class='ocrx_word' id='word_1_660' title='bbox 1396 2299 1563 2327; x_wconf 83' lang='grc' dir='ltr'>Κατακαλών</span> <span class='ocrx_word' id='word_1_661' title='bbox 1579 2309 1585 2315; x_wconf 94' lang='grc'><strong>·</strong></span> <span class='ocrx_word' id='word_1_662' title='bbox 1617 2299 1648 2327; x_wconf 79' lang='grc' dir='ltr'>οὖ</span> <span class='ocrx_word' id='word_1_663' title='bbox 1674 2299 1725 2337; x_wconf 75' lang='grc' dir='ltr'>γὰρ</span> <span class='ocrx_word' id='word_1_664' title='bbox 1753 2299 1803 2333; x_wconf 82' lang='grc' dir='ltr'>τὴν</span> <span class='ocrx_word' id='word_1_665' title='bbox 1827 2298 1909 2326; x_wconf 81' lang='grc' dir='ltr'>πόλιν</span> 
     </span>
    </p>
   </div>
   <div class='ocr_carea' id='block_1_99' title="bbox 198 2341 1025 2379">
    <p class='ocr_par' dir='ltr' id='par_1_99' title="bbox 198 2341 1025 2379">
     <span class='ocr_line' id='line_1_99' title="bbox 198 2341 1025 2379; baseline 0.001 -9"><span class='ocrx_word' id='word_1_666' title='bbox 198 2345 331 2371; x_wconf 85' lang='lat' dir='ltr'>narraret</span> <span class='ocrx_word' id='word_1_667' title='bbox 344 2351 430 2379; x_wconf 83' lang='lat' dir='ltr'>quam</span> <span class='ocrx_word' id='word_1_668' title='bbox 447 2344 552 2373; x_wconf 84' lang='lat' dir='ltr'>misere</span> <span class='ocrx_word' id='word_1_669' title='bbox 576 2343 689 2372; x_wconf 84' lang='lat' dir='ltr'>subditi</span> <span class='ocrx_word' id='word_1_670' title='bbox 704 2341 786 2370; x_wconf 81' lang='lat' dir='ltr'>novis</span> <span class='ocrx_word' id='word_1_671' title='bbox 811 2341 870 2369; x_wconf 85' lang='lat' dir='ltr'>illis</span> <span class='ocrx_word' id='word_1_672' title='bbox 900 2341 1025 2371; x_wconf 84' lang='lat' dir='ltr'>exactio—</span> 
     </span>
    </p>
   </div>
   <div class='ocr_carea' id='block_1_100' title="bbox 199 2386 1027 2426">
    <p class='ocr_par' dir='ltr' id='par_1_100' title="bbox 199 2386 1027 2426">
     <span class='ocr_line' id='line_1_100' title="bbox 199 2386 1027 2426; baseline 0.002 -12"><span class='ocrx_word' id='word_1_673' title='bbox 199 2387 287 2415; x_wconf 88' lang='lat' dir='ltr'>nibus</span> <span class='ocrx_word' id='word_1_674' title='bbox 297 2390 502 2425; x_wconf 83' lang='lat' dir='ltr'>tractarentur,</span> <span class='ocrx_word' id='word_1_675' title='bbox 521 2398 554 2418; x_wconf 81' lang='lat' dir='ltr'>ac</span> <span class='ocrx_word' id='word_1_676' title='bbox 569 2390 681 2426; x_wconf 86' lang='lat' dir='ltr'>peteret</span> <span class='ocrx_word' id='word_1_677' title='bbox 697 2389 729 2416; x_wconf 88' lang='lat' dir='ltr'>ut</span> <span class='ocrx_word' id='word_1_678' title='bbox 744 2395 819 2416; x_wconf 89' lang='lat' dir='ltr'>onus</span> <span class='ocrx_word' id='word_1_679' title='bbox 845 2386 918 2415; x_wconf 90' lang='lat' dir='ltr'>illud</span> <span class='ocrx_word' id='word_1_680' title='bbox 945 2387 1027 2416; x_wconf 84' lang='lat' dir='ltr'>laxa-</span> 
     </span>
    </p>
   </div>
   <div class='ocr_carea' id='block_1_101' title="bbox 199 2432 1025 2469">
    <p class='ocr_par' dir='ltr' id='par_1_101' title="bbox 199 2432 1025 2469">
     <span class='ocr_line' id='line_1_101' title="bbox 199 2432 1025 2469; baseline 0 -9"><span class='ocrx_word' id='word_1_681' title='bbox 199 2433 343 2461; x_wconf 86' lang='lat' dir='ltr'>retur.Cui</span> <span class='ocrx_word' id='word_1_682' title='bbox 356 2442 423 2462; x_wconf 85' lang='lat' dir='ltr'>eum</span> <span class='ocrx_word' id='word_1_683' title='bbox 434 2434 578 2463; x_wconf 86' lang='lat' dir='ltr'>cachinno</span> <span class='ocrx_word' id='word_1_684' title='bbox 590 2432 742 2469; x_wconf 81' lang='lat' dir='ltr'>respondit</span> <span class='ocrx_word' id='word_1_685' title='bbox 752 2432 1025 2469; x_wconf 84' lang='lat' dir='ltr'>Orphanotrophus,</span> 
     </span>
    </p>
   </div>
   <div class='ocr_carea' id='block_1_102' title="bbox 199 2478 1026 2514">
    <p class='ocr_par' dir='ltr' id='par_1_102' title="bbox 199 2478 1026 2514">
     <span class='ocr_line' id='line_1_102' title="bbox 199 2478 1026 2514; baseline 0 -8"><span class='ocrx_word' id='word_1_686' title='bbox 199 2485 264 2506; x_wconf 86' lang='lat' dir='ltr'>eam</span> <span class='ocrx_word' id='word_1_687' title='bbox 275 2479 382 2508; x_wconf 87' lang='lat' dir='ltr'>sentire</span> <span class='ocrx_word' id='word_1_688' title='bbox 396 2481 429 2507; x_wconf 90' lang='lat' dir='ltr'>ut</span> <span class='ocrx_word' id='word_1_689' title='bbox 443 2479 609 2514; x_wconf 88' lang='lat' dir='ltr'>mulierem,</span> <span class='ocrx_word' id='word_1_690' title='bbox 625 2486 690 2514; x_wconf 62' lang='lat' dir='ltr'>quae</span> <span class='ocrx_word' id='word_1_691' title='bbox 711 2478 860 2514; x_wconf 83' lang='lat' dir='ltr'>ignoraret</span> <span class='ocrx_word' id='word_1_692' title='bbox 887 2480 1026 2514; x_wconf 84' lang='lat' dir='ltr'>quantam</span> 
     </span>
    </p>
   </div>
   <div class='ocr_carea' id='block_1_103' title="bbox 199 2522 1028 2561">
    <p class='ocr_par' dir='ltr' id='par_1_103' title="bbox 199 2522 1028 2561">
     <span class='ocr_line' id='line_1_103' title="bbox 199 2522 1028 2561; baseline 0 -10"><span class='ocrx_word' id='word_1_693' title='bbox 199 2523 354 2559; x_wconf 87' lang='lat' dir='ltr'>pecuniam</span> <span class='ocrx_word' id='word_1_694' title='bbox 370 2525 500 2561; x_wconf 87' lang='lat' dir='ltr'>postulet</span> <span class='ocrx_word' id='word_1_695' title='bbox 515 2523 685 2560; x_wconf 87' lang='lat' dir='ltr'>imperium.</span> <span class='ocrx_word' id='word_1_696' title='bbox 696 2523 750 2552; x_wconf 88' lang='lat' dir='ltr'>Zoe</span> <span class='ocrx_word' id='word_1_697' title='bbox 765 2531 832 2551; x_wconf 89' lang='lat' dir='ltr'>vero</span> <span class='ocrx_word' id='word_1_698' title='bbox 856 2522 1028 2559; x_wconf 88' lang='lat' dir='ltr'>imperatrix</span> 
     </span>
    </p>
   </div>
   <div class='ocr_carea' id='block_1_104' title="bbox 197 2567 1026 2604">
    <p class='ocr_par' dir='ltr' id='par_1_104' title="bbox 197 2567 1026 2604">
     <span class='ocr_line' id='line_1_104' title="bbox 197 2567 1026 2604; baseline 0.002 -9"><span class='ocrx_word' id='word_1_699' title='bbox 197 2567 241 2596; x_wconf 88' lang='lat' dir='ltr'>illi</span> <span class='ocrx_word' id='word_1_700' title='bbox 252 2569 466 2598; x_wconf 86' lang='lat' dir='ltr'>insidiataesse</span> <span class='ocrx_word' id='word_1_701' title='bbox 482 2570 598 2597; x_wconf 85' lang='lat' dir='ltr'>fertur:</span> <span class='ocrx_word' id='word_1_702' title='bbox 625 2568 738 2596; x_wconf 87' lang='lat' dir='ltr'>medico</span> <span class='ocrx_word' id='word_1_703' title='bbox 767 2568 847 2596; x_wconf 90' lang='lat' dir='ltr'>enim</span> <span class='ocrx_word' id='word_1_704' title='bbox 877 2568 1026 2604; x_wconf 82' lang='lat' dir='ltr'>potionem</span> 
     </span>
    </p>
   </div>
   <div class='ocr_carea' id='block_1_105' title="bbox 198 2613 1027 2650">
    <p class='ocr_par' dir='ltr' id='par_1_105' title="bbox 198 2613 1027 2650">
     <span class='ocr_line' id='line_1_105' title="bbox 198 2613 1027 2650; baseline -0.001 -7"><span class='ocrx_word' id='word_1_705' title='bbox 198 2617 371 2650; x_wconf 80' lang='lat' dir='ltr'>purgantem</span> <span class='ocrx_word' id='word_1_706' title='bbox 382 2615 408 2642; x_wconf 91' lang='lat' dir='ltr'>ei</span> <span class='ocrx_word' id='word_1_707' title='bbox 423 2614 614 2650; x_wconf 88' lang='lat' dir='ltr'>propinaturo</span> <span class='ocrx_word' id='word_1_708' title='bbox 633 2613 806 2641; x_wconf 87' lang='lat' dir='ltr'>muneribus</span> <span class='ocrx_word' id='word_1_709' title='bbox 831 2615 860 2642; x_wconf 90' lang='lat' dir='ltr'>et</span> <span class='ocrx_word' id='word_1_710' title='bbox 884 2613 1027 2650; x_wconf 86' lang='lat' dir='ltr'>pollicita-</span> 
     </span>
    </p>
   </div>
   <div class='ocr_carea' id='block_1_106' title="bbox 197 2662 1028 2700">
    <p class='ocr_par' dir='ltr' id='par_1_106' title="bbox 197 2662 1028 2700">
     <span class='ocr_line' id='line_1_106' title="bbox 197 2662 1028 2700; baseline 0 -9"><span class='ocrx_word' id='word_1_711' title='bbox 197 2662 328 2692; x_wconf 86' lang='lat' dir='ltr'>tionibus</span> <span class='ocrx_word' id='word_1_712' title='bbox 343 2663 492 2700; x_wconf 87' lang='lat' dir='ltr'>persuasit</span> <span class='ocrx_word' id='word_1_713' title='bbox 507 2665 540 2690; x_wconf 90' lang='lat' dir='ltr'>ut</span> <span class='ocrx_word' id='word_1_714' title='bbox 553 2662 684 2691; x_wconf 85' lang='lat' dir='ltr'>toxicum</span> <span class='ocrx_word' id='word_1_715' title='bbox 699 2670 752 2698; x_wconf 90' lang='lat' dir='ltr'>pro</span> <span class='ocrx_word' id='word_1_716' title='bbox 782 2662 904 2692; x_wconf 86' lang='lat' dir='ltr'>salutari</span> <span class='ocrx_word' id='word_1_717' title='bbox 933 2662 1028 2691; x_wconf 88' lang='lat' dir='ltr'>medi-</span> 
     </span>
    </p>
   </div>
   <div class='ocr_carea' id='block_1_107' title="bbox 199 2707 1029 2744">
    <p class='ocr_par' dir='ltr' id='par_1_107' title="bbox 199 2707 1029 2744">
     <span class='ocr_line' id='line_1_107' title="bbox 199 2707 1029 2744; baseline 0 -8"><span class='ocrx_word' id='word_1_718' title='bbox 199 2708 266 2737; x_wconf 91' lang='lat' dir='ltr'>cina</span> <span class='ocrx_word' id='word_1_719' title='bbox 275 2709 409 2738; x_wconf 79' lang='lat' dir='ltr'>oll’erret:</span> <span class='ocrx_word' id='word_1_720' title='bbox 425 2708 476 2736; x_wconf 85' lang='lat' dir='ltr'>sed</span> <span class='ocrx_word' id='word_1_721' title='bbox 493 2707 542 2736; x_wconf 87' lang='lat' dir='ltr'>ille</span> <span class='ocrx_word' id='word_1_722' title='bbox 559 2707 773 2737; x_wconf 87' lang='lat' dir='ltr'>adimadversis</span> <span class='ocrx_word' id='word_1_723' title='bbox 801 2708 920 2736; x_wconf 85' lang='lat' dir='ltr'>insidiis</span> <span class='ocrx_word' id='word_1_724' title='bbox 949 2708 1029 2744; x_wconf 89' lang='lat' dir='ltr'>peri-</span> 
     </span>
    </p>
   </div>
   <div class='ocr_carea' id='block_1_108' title="bbox 1083 2342 1910 2385">
    <p class='ocr_par' dir='ltr' id='par_1_108' title="bbox 1083 2342 1910 2385">
     <span class='ocr_line' id='line_1_108' title="bbox 1083 2342 1910 2385; baseline -0.005 -10"><span class='ocrx_word' id='word_1_725' title='bbox 1083 2347 1164 2385; x_wconf 87' lang='grc' dir='ltr'>μόνον</span> <span class='ocrx_word' id='word_1_726' title='bbox 1193 2345 1399 2385; x_wconf 65' lang='grc' dir='ltr'>περιεφύλαξιν,</span> <span class='ocrx_word' id='word_1_727' title='bbox 1414 2343 1488 2373; x_wconf 74' lang='grc' dir='ltr'>ἀλλὰ</span> <span class='ocrx_word' id='word_1_728' title='bbox 1514 2344 1559 2373; x_wconf 81' lang='grc' dir='ltr'>καὶ</span> <span class='ocrx_word' id='word_1_729' title='bbox 1585 2343 1715 2382; x_wconf 80' lang='grc' dir='ltr'>χιλιάδας</span> <span class='ocrx_word' id='word_1_730' title='bbox 1743 2342 1834 2372; x_wconf 73' lang='grc' dir='ltr'>ἀνεῖλε</span> <span class='ocrx_word' id='word_1_731' title='bbox 1856 2345 1910 2371; x_wconf 80' lang='grc' dir='ltr'>τῶν</span> 
     </span>
    </p>
   </div>
   <div class='ocr_carea' id='block_1_109' title="bbox 1081 2387 1910 2428">
    <p class='ocr_par' dir='ltr' id='par_1_109' title="bbox 1081 2387 1910 2428">
     <span class='ocr_line' id='line_1_109' title="bbox 1081 2387 1910 2428; baseline -0.006 -8"><span class='ocrx_word' id='word_1_732' title='bbox 1081 2391 1218 2420; x_wconf 75' lang='grc' dir='ltr'>ἐναντίων.</span> <span class='ocrx_word' id='word_1_733' title='bbox 1234 2391 1265 2420; x_wconf 88' lang='grc' dir='ltr'>Ὁ</span> <span class='ocrx_word' id='word_1_734' title='bbox 1292 2389 1321 2418; x_wconf 77' lang='grc' dir='ltr'>δὲ</span> <span class='ocrx_word' id='word_1_735' title='bbox 1352 2392 1401 2418; x_wconf 78' lang='grc' dir='ltr'>τοῦ</span> <span class='ocrx_word' id='word_1_736' title='bbox 1430 2389 1565 2428; x_wconf 77' lang='grc' dir='ltr'>βασιλέως</span> <span class='ocrx_word' id='word_1_737' title='bbox 1592 2388 1721 2428; x_wconf 77' lang='grc' dir='ltr'>ἀδελφὸς,</span> <span class='ocrx_word' id='word_1_738' title='bbox 1738 2389 1752 2416; x_wconf 77' lang='grc' dir='ltr'><strong>ὁ</strong></span> <span class='ocrx_word' id='word_1_739' title='bbox 1782 2387 1910 2426; x_wconf 74' lang='grc' dir='ltr'>ἐκτομίας</span> 
     </span>
    </p>
   </div>
   <div class='ocr_carea' id='block_1_110' title="bbox 1080 2433 1911 2475">
    <p class='ocr_par' dir='ltr' id='par_1_110' title="bbox 1080 2433 1911 2475">
     <span class='ocr_line' id='line_1_110' title="bbox 1080 2433 1911 2475; baseline -0.005 -10"><span class='ocrx_word' id='word_1_740' title='bbox 1080 2437 1223 2472; x_wconf 84' lang='grc' dir='ltr'>Ἰωάννης,</span> <span class='ocrx_word' id='word_1_741' title='bbox 1239 2435 1402 2475; x_wconf 84' lang='grc' dir='ltr'>δριμύνατον</span> <span class='ocrx_word' id='word_1_742' title='bbox 1432 2435 1539 2475; x_wconf 81' lang='grc' dir='ltr'>τρέφων</span> <span class='ocrx_word' id='word_1_743' title='bbox 1567 2433 1655 2473; x_wconf 76' lang='grc' dir='ltr'>ἔρωτα</span> <span class='ocrx_word' id='word_1_744' title='bbox 1683 2436 1732 2463; x_wconf 76' lang='grc' dir='ltr'>τοῦ</span> <span class='ocrx_word' id='word_1_745' title='bbox 1760 2437 1911 2473; x_wconf 81' lang='grc' dir='ltr'>προστῆναι</span> 
     </span>
    </p>
   </div>
   <div class='ocr_carea' id='block_1_111' title="bbox 1080 2477 1912 2519">
    <p class='ocr_par' dir='ltr' id='par_1_111' title="bbox 1080 2477 1912 2519">
     <span class='ocr_line' id='line_1_111' title="bbox 1080 2477 1912 2519; baseline -0.002 -10"><span class='ocrx_word' id='word_1_746' title='bbox 1080 2485 1130 2517; x_wconf 85' lang='grc' dir='ltr'>τῆς</span> <span class='ocrx_word' id='word_1_747' title='bbox 1159 2479 1333 2517; x_wconf 68' lang='grc' dir='ltr'>Ἐκιλησίας,</span> <span class='ocrx_word' id='word_1_748' title='bbox 1356 2479 1442 2512; x_wconf 74' lang='grc' dir='ltr'>ένίους</span> <span class='ocrx_word' id='word_1_749' title='bbox 1470 2483 1524 2508; x_wconf 82' lang='grc' dir='ltr'>τῶν</span> <span class='ocrx_word' id='word_1_750' title='bbox 1552 2478 1704 2519; x_wconf 81' lang='grc' dir='ltr'>ἀρχιερέων</span> <span class='ocrx_word' id='word_1_751' title='bbox 1733 2477 1912 2517; x_wconf 83' lang='grc' dir='ltr'>προσηταιρί-</span> 
     </span>
    </p>
   </div>
   <div class='ocr_carea' id='block_1_112' title="bbox 1082 2523 1912 2564">
    <p class='ocr_par' dir='ltr' id='par_1_112' title="bbox 1082 2523 1912 2564">
     <span class='ocr_line' id='line_1_112' title="bbox 1082 2523 1912 2564; baseline -0.004 -10"><span class='ocrx_word' id='word_1_752' title='bbox 1082 2536 1157 2563; x_wconf 87' lang='grc' dir='ltr'>σατο,</span> <span class='ocrx_word' id='word_1_753' title='bbox 1187 2526 1213 2553; x_wconf 82' lang='grc' dir='ltr'>οἳ</span> <span class='ocrx_word' id='word_1_754' title='bbox 1240 2525 1314 2562; x_wconf 71' lang='grc' dir='ltr'>αὐτῷ</span> <span class='ocrx_word' id='word_1_755' title='bbox 1343 2523 1548 2564; x_wconf 81' lang='grc' dir='ltr'>ἐπηγγέλλοντο</span> <span class='ocrx_word' id='word_1_756' title='bbox 1577 2528 1741 2561; x_wconf 82' lang='grc' dir='ltr'>καθαιρῆσᾳι</span> <span class='ocrx_word' id='word_1_757' title='bbox 1778 2524 1825 2552; x_wconf 82' lang='grc' dir='ltr'>τὸν</span> <span class='ocrx_word' id='word_1_758' title='bbox 1859 2534 1912 2551; x_wconf 85' lang='grc' dir='ltr'>πα-</span> 
     </span>
    </p>
   </div>
   <div class='ocr_carea' id='block_1_113' title="bbox 1080 2570 1914 2610">
    <p class='ocr_par' dir='ltr' id='par_1_113' title="bbox 1080 2570 1914 2610">
     <span class='ocr_line' id='line_1_113' title="bbox 1080 2570 1914 2610; baseline -0.004 -10"><span class='ocrx_word' id='word_1_759' title='bbox 1080 2572 1216 2610; x_wconf 84' lang='grc' dir='ltr'>τριάρχην</span> <span class='ocrx_word' id='word_1_760' title='bbox 1247 2570 1382 2607; x_wconf 73' lang='grc' dir='ltr'>Ἀλέξιον,</span> <span class='ocrx_word' id='word_1_761' title='bbox 1409 2570 1446 2602; x_wconf 90' lang='grc' dir='ltr'>ὡς</span> <span class='ocrx_word' id='word_1_762' title='bbox 1486 2570 1517 2599; x_wconf 75' lang='grc' dir='ltr'>οὗ</span> <span class='ocrx_word' id='word_1_763' title='bbox 1546 2571 1631 2610; x_wconf 83' lang='grc' dir='ltr'>ψήφῳ</span> <span class='ocrx_word' id='word_1_764' title='bbox 1659 2571 1744 2607; x_wconf 81' lang='grc' dir='ltr'>κοινῷ</span> <span class='ocrx_word' id='word_1_765' title='bbox 1769 2578 1914 2608; x_wconf 78' lang='grc' dir='ltr'>προχειρι-</span> 
     </span>
    </p>
   </div>
   <div class='ocr_carea' id='block_1_114' title="bbox 1083 2613 1911 2654">
    <p class='ocr_par' dir='ltr' id='par_1_114' title="bbox 1083 2613 1911 2654">
     <span class='ocr_line' id='line_1_114' title="bbox 1083 2613 1911 2654; baseline -0.002 -10"><span class='ocrx_word' id='word_1_766' title='bbox 1083 2617 1186 2653; x_wconf 78' lang='grc' dir='ltr'>σθέντα,</span> <span class='ocrx_word' id='word_1_767' title='bbox 1202 2614 1265 2644; x_wconf 83' lang='grc' dir='ltr'>ἀλλ’</span> <span class='ocrx_word' id='word_1_768' title='bbox 1280 2615 1386 2652; x_wconf 81' lang='grc' dir='ltr'>ἐξουσίᾳ</span> <span class='ocrx_word' id='word_1_769' title='bbox 1411 2615 1551 2654; x_wconf 82' lang='grc' dir='ltr'>βασιλικῇ.</span> <span class='ocrx_word' id='word_1_770' title='bbox 1567 2616 1599 2644; x_wconf 93' lang='grc' dir='ltr'>Ὁ</span> <span class='ocrx_word' id='word_1_771' title='bbox 1624 2613 1663 2650; x_wconf 71' lang='grc' dir='ltr'>δὲ,</span> <span class='ocrx_word' id='word_1_772' title='bbox 1681 2613 1716 2644; x_wconf 73' lang='grc' dir='ltr'>Εἴ</span> <span class='ocrx_word' id='word_1_773' title='bbox 1742 2613 1775 2642; x_wconf 77' lang='grc' dir='ltr'>οὐ</span> <span class='ocrx_word' id='word_1_774' title='bbox 1802 2625 1911 2642; x_wconf 83' lang='grc' dir='ltr'>κανονι-</span> 
     </span>
    </p>
   </div>
   <div class='ocr_carea' id='block_1_115' title="bbox 1082 2658 1911 2701">
    <p class='ocr_par' dir='ltr' id='par_1_115' title="bbox 1082 2658 1911 2701">
     <span class='ocr_line' id='line_1_115' title="bbox 1082 2658 1911 2701; baseline -0.004 -12"><span class='ocrx_word' id='word_1_775' title='bbox 1082 2663 1147 2697; x_wconf 83' lang='grc' dir='ltr'>κῶς,</span> <span class='ocrx_word' id='word_1_776' title='bbox 1173 2659 1210 2692; x_wconf 79' lang='grc' dir='ltr'>ὥς</span> <span class='ocrx_word' id='word_1_777' title='bbox 1246 2671 1323 2701; x_wconf 79' lang='grc' dir='ltr'>φατε,</span> <span class='ocrx_word' id='word_1_778' title='bbox 1353 2660 1452 2699; x_wconf 86' lang='grc' dir='ltr'>γέγονα</span> <span class='ocrx_word' id='word_1_779' title='bbox 1488 2660 1674 2699; x_wconf 86' lang='grc' dir='ltr'>πατριάρχης,</span> <span class='ocrx_word' id='word_1_780' title='bbox 1704 2660 1838 2695; x_wconf 77' lang='grc' dir='ltr'>ἀντέθετο,</span> <span class='ocrx_word' id='word_1_781' title='bbox 1867 2658 1911 2687; x_wconf 82' lang='grc' dir='ltr'>καὶ</span> 
     </span>
    </p>
   </div>
   <div class='ocr_carea' id='block_1_116' title="bbox 1084 2705 1913 2744">
    <p class='ocr_par' dir='ltr' id='par_1_116' title="bbox 1084 2705 1913 2744">
     <span class='ocr_line' id='line_1_116' title="bbox 1084 2705 1913 2744; baseline -0.002 -10"><span class='ocrx_word' id='word_1_782' title='bbox 1084 2707 1143 2735; x_wconf 80' lang='grc' dir='ltr'>ὅσοι</span> <span class='ocrx_word' id='word_1_783' title='bbox 1187 2707 1252 2743; x_wconf 87' lang='grc' dir='ltr'>παρ’</span> <span class='ocrx_word' id='word_1_784' title='bbox 1289 2705 1358 2744; x_wconf 76' lang='grc' dir='ltr'>ἐμοῦ</span> <span class='ocrx_word' id='word_1_785' title='bbox 1405 2706 1672 2744; x_wconf 72' lang='grc' dir='ltr'>ἐχειροτονήθησαν,</span> <span class='ocrx_word' id='word_1_786' title='bbox 1710 2705 1913 2743; x_wconf 77' lang='grc' dir='ltr'>καθαιρεθήτω-</span> 
     </span>
    </p>
   </div>
   <div class='ocr_carea' id='block_1_117' title="bbox 833 2770 1281 2802">
    <p class='ocr_par' dir='ltr' id='par_1_117' title="bbox 833 2770 1281 2802">
     <span class='ocr_line' id='line_1_117' title="bbox 833 2770 1281 2802; baseline -0.002 0"><span class='ocrx_word' id='word_1_787' title='bbox 833 2770 936 2802; x_wconf 79' lang='lat' dir='ltr'>Variae</span> <span class='ocrx_word' id='word_1_788' title='bbox 959 2770 1108 2802; x_wconf 84' lang='lat' dir='ltr'>lectiones</span> <span class='ocrx_word' id='word_1_789' title='bbox 1132 2771 1163 2801; x_wconf 88' lang='lat' dir='ltr'>et</span> <span class='ocrx_word' id='word_1_790' title='bbox 1185 2771 1281 2801; x_wconf 59' lang='lat' dir='ltr'>nota.</span> 
     </span>
    </p>
   </div>
   <div class='ocr_carea' id='block_1_118' title="bbox 236 2823 1022 2869">
    <p class='ocr_par' dir='ltr' id='par_1_118' title="bbox 236 2826 1022 2869">
     <span class='ocr_line' id='line_1_118' title="bbox 236 2826 1022 2869; baseline 0 -12"><span class='ocrx_word' id='word_1_791' title='bbox 236 2829 351 2869; x_wconf 51' lang='lat' dir='ltr'>(iiLTfp</span> <span class='ocrx_word' id='word_1_792' title='bbox 366 2827 473 2869; x_wconf 83' lang='grc' dir='ltr'>γυναικῖ</span> <span class='ocrx_word' id='word_1_793' title='bbox 489 2826 610 2869; x_wconf 57' lang='grc' dir='ltr'>ἀδελφῷ,</span> <span class='ocrx_word' id='word_1_794' title='bbox 627 2831 672 2859; x_wconf 81' lang='lat' dir='ltr'>An</span> <span class='ocrx_word' id='word_1_795' title='bbox 687 2826 905 2868; x_wconf 75' lang='grc' dir='ltr'>γυναικαὸέλφῳ,</span> <span class='ocrx_word' id='word_1_796' title='bbox 935 2828 1022 2859; x_wconf 61' lang='lat' dir='ltr'>uxori;</span> 
     </span>
    </p>
   </div>
   <div class='ocr_carea' id='block_1_119' title="bbox 1078 2823 1912 2869">
    <p class='ocr_par' dir='ltr' id='par_1_119' title="bbox 1078 2823 1912 2866">
     <span class='ocr_line' id='line_1_119' title="bbox 1078 2823 1912 2866; baseline -0.007 -8"><span class='ocrx_word' id='word_1_797' title='bbox 1078 2827 1166 2858; x_wconf 75' lang='lat' dir='ltr'>ratri?</span> <span class='ocrx_word' id='word_1_798' title='bbox 1191 2830 1261 2858; x_wconf 79' lang='lat' dir='ltr'>Mss.</span> <span class='ocrx_word' id='word_1_799' title='bbox 1291 2827 1374 2866; x_wconf 79' lang='lat' dir='ltr'>Regii</span> <span class='ocrx_word' id='word_1_800' title='bbox 1399 2835 1513 2863; x_wconf 86' lang='lat' dir='ltr'>omnes,</span> <span class='ocrx_word' id='word_1_801' title='bbox 1527 2825 1559 2855; x_wconf 78' lang='grc' dir='ltr'><strong>Ὀ</strong></span> <span class='ocrx_word' id='word_1_802' title='bbox 1586 2823 1615 2854; x_wconf 64' lang='grc' dir='ltr'>δὲ</span> <span class='ocrx_word' id='word_1_803' title='bbox 1627 2823 1724 2854; x_wconf 73' lang='grc' dir='ltr'>αὐτίκα</span> <span class='ocrx_word' id='word_1_804' title='bbox 1747 2825 1844 2864; x_wconf 79' lang='grc' dir='ltr'>γράφει</span> <span class='ocrx_word' id='word_1_805' title='bbox 1873 2826 1912 2861; x_wconf 86' lang='grc' dir='ltr'>τῷ</span> 
     </span>
    </p>
   </div>
   <div class='ocr_carea' id='block_1_120' title="bbox 201 2862 452 2904">
    <p class='ocr_par' dir='ltr' id='par_1_120' title="bbox 201 2862 452 2904">
     <span class='ocr_line' id='line_1_120' title="bbox 201 2862 452 2904; baseline 0.012 -13"><span class='ocrx_word' id='word_1_806' title='bbox 201 2862 312 2904; x_wconf 72' lang='grc' dir='ltr'>ἀδελῴῷ</span> <span class='ocrx_word' id='word_1_807' title='bbox 328 2862 452 2904; x_wconf 77' lang='grc' dir='ltr'>Ἰωάννῃ.</span> 
     </span>
    </p>
   </div>
  </div>
