2032 3167
153 171 208 202 2H
827 167 993 200 JOANNIS
1014 168 1117 199 ZONA
1125 169 1189 199 RE
1802 171 1868 200 212

155 238 222 274 ejus
236 237 406 266 vincuntur.
423 237 497 265 Nam
513 237 582 265 dum
601 236 692 265 aciem
709 236 884 272 obequitans
907 236 980 272 pha-

1045 235 1112 263 ιῦτα·
1143 234 1206 263 ἀλλ’
1229 235 1357 273 ἰκτομίαν
1379 238 1433 263 τῶν
1457 234 1745 273 θαλαμηπολουντων,
1765 236 1867 264 πιστὸν

154 282 257 319 langes
271 282 406 318 dissipat,
420 283 449 309 et
464 281 482 308 ii
499 290 573 317 quos
589 281 740 315 inclamat,
764 281 862 308 statim
887 280 980 308 disso-

155 327 220 356 luta
236 327 371 355 estudine
387 326 506 361 cedunt,
533 325 641 354 lcthale
668 326 777 353 vulnus
806 325 921 361 accipit,
950 333 983 353 ac

156 372 242 400 multi
265 371 419 408 sanguinis
445 371 587 408 proﬂuvio
610 370 732 406 caligine
754 370 846 398 oculis
871 370 982 405 oborta,

156 416 282 445 habenis
299 425 387 445 manu
405 416 514 452 elapsis
534 415 606 444 sella
626 415 797 450 devolvitur,
823 415 982 450 statimque

156 464 293 490 mortuus
303 461 501 495 concidit,non
509 460 595 497 longe
607 469 623 488 a
633 468 735 496 campo
746 460 773 487 in
783 468 839 496 quo
852 459 982 495 praelium

155 506 404 534 committebatur.
419 505 602 542 Imperatorii
620 507 718 533 tamen
737 513 792 532 non
810 504 894 541 prius
915 511 982 532 eum

159 550 279 587 aggredi
295 550 370 585 ausi,
387 559 474 586 quam
491 551 554 586 ejus
570 549 679 577 milites
695 549 778 578 ducis
793 548 912 577 interitu
935 556 983 576 co-

160 594 240 630 gnito
257 594 403 631 perterriti
428 602 460 622 ac
489 594 624 630 dissipati
653 595 741 621 sunt:
771 595 834 621 tum
865 593 984 620 demum

160 639 261 667 miseri
277 641 366 676 caput
374 641 558 676 amputatum
571 647 623 666 suo
635 638 702 666 duci
714 638 888 671 attulerunt,
905 637 983 673 quod
993 661 1000 667 .

160 683 210 712 ille
227 684 328 712 statim
344 684 379 711 ad
397 684 601 720 imperatorem
617 683 707 717 misit,
725 683 774 719 qui
788 682 853 710 idin
865 681 985 710 sublimi

163 728 277 757 theatro
294 729 460 765 suspendit,
477 731 506 756 et
521 728 645 764 spadoni
657 736 724 756 cum
736 726 862 755 exercitu
875 726 984 760 reduci,

163 775 197 800 ut
212 781 241 800 rc
257 773 331 801 bene
351 775 444 809 gesta,
474 773 656 808 triumphum
686 771 832 799 decernit:
864 771 927 807 ipse
955 770 985 798 in

164 817 311 845 vestibulo
327 818 398 845 aedis
413 818 574 845 Servatoris
592 817 620 845 in
651 817 765 852 Chalce,
796 817 890 844 forum
918 824 987 852 spe-

164 864 260 890 ctante
277 862 391 890 medius
407 862 483 889 inter
499 862 698 898 imperatrices
714 870 780 889 cum
799 869 907 897 magna
923 869 987 888 ma-

158 905 268 941 jestate
297 906 467 941 praesidens.
497 907 536 934 Ac
559 906 699 934 Maniacis
727 906 774 934 hic
802 906 856 934 fuit
881 905 985 934 exitus.

163 949 269 977 Verum
281 949 339 977 alia
348 950 479 986 tyrannis
494 953 538 978 est
549 952 657 982 exorta,
675 953 794 978 auctore
812 950 986 986 Theophilo,

162 994 287 1023 Erotico.
299 995 326 1022 Is
336 1003 402 1022 cum
413 995 534 1023 secundi
546 995 708 1031 Michaelis,
725 995 776 1031 qui
793 995 879 1032 primi
897 1004 987 1031 nepos

161 1041 234 1073 erat,
251 1039 372 1072 exitum,
390 1041 417 1067 et
444 1039 602 1067 mulierum
620 1039 775 1075 imperium
792 1040 987 1076 cognovisset,

161 1083 274 1120 Cypriis
290 1092 415 1120 quorum
431 1086 495 1112 tum
513 1086 618 1120 praetor
633 1087 705 1120 erat,
720 1088 780 1112 arte
808 1085 864 1112 sibi
894 1085 989 1112 conci-

160 1127 251 1162 liatis,
269 1128 377 1156 deficit.
394 1129 448 1156 Sed
466 1131 563 1156 motus
582 1129 640 1163 ille,
657 1130 731 1157 citra
755 1137 866 1157 moram
895 1130 987 1158 classe

163 1172 266 1203 missa.
282 1175 327 1200 est
339 1181 529 1209 suppressus,
544 1173 619 1201 victo
636 1173 759 1207 Erotico,
785 1176 812 1201 et
836 1173 932 1201 insula
956 1174 986 1201 in

163 1216 334 1244 servitutem
351 1218 477 1245 redacta.
493 1217 592 1245 Alexio
607 1217 773 1253 patriarcha
783 1220 908 1252 mortuo,
921 1226 988 1245 cum

165 1261 264 1288 sedem
279 1260 361 1289 illam
377 1270 469 1289 annos
481 1262 514 1289 18
529 1261 626 1297 quiete
642 1262 794 1295 tenuisset,
809 1261 931 1289 Michael
941 1270 988 1289 co-

165 1307 324 1341 gnomento
339 1305 517 1340 Cerularius,
534 1306 562 1333 in
579 1308 643 1341 ejus
659 1305 755 1334 locum
772 1308 817 1334 est
836 1306 987 1334 suffectus.

166 1349 378 1378 Monomachus
395 1358 459 1378 vere
475 1350 537 1377 auri
552 1349 733 1378 centenarias
760 1351 796 1377 25
809 1358 824 1378 e
840 1352 989 1378 monaste-

168 1393 210 1421 rio
227 1393 306 1422 Aloxi
322 1394 358 1421 ab
386 1394 437 1422 illo
466 1393 496 1422 in
525 1394 680 1422 thesauros
709 1393 828 1429 relatos,
856 1394 988 1422 abstulit.

164 1437 293 1466 Joannes
310 1439 382 1467 251
403 1447 488 1474 porro
508 1438 610 1474 spado,
634 1438 907 1474 Orphanotrophus,
936 1439 990 1466 im-

163 1483 307 1518 peratoris
318 1482 469 1510 Michaelis
481 1482 677 1518 Paphlagonis
689 1483 786 1515 frater,
799 1483 990 1512 Monomacho

1039 280 1132 316 μὲντοι
1157 281 1242 317 αὐτῷ.
1265 281 1294 309 '0
1317 279 1344 308 δὲ
1367 281 1414 311 τὰς
1443 279 1570 317 δυνάμεις
1598 278 1743 308 ἀναλαϐὼν
1768 280 1868 317 ἀπῄει,

1037 325 1080 351 καὶ
1111 325 1125 352 ὁ
1154 325 1294 361 Μανιάκης
1319 323 1442 353 ἔσπευδεν
1482 325 1662 357 ἀσυντάκτους
1704 325 1767 356 τοὺς
1800 325 1867 363 περῖ

1036 369 1082 396 τὸν
1121 369 1247 407 ἐκτομίαν
1290 368 1452 398 καταλαϐεῖν
1471 391 1478 398 .
1503 371 1577 398 Ἐπεὶ
1619 369 1648 398 δὲ
1690 367 1868 408 προσέϐαλον

1037 413 1176 450 ἀλλήλαις
1192 415 1218 442 αἱ
1235 415 1367 453 στρατιαὶ,
1383 415 1413 442 τὸ
1436 415 1483 451 μὲν
1509 414 1553 442 ἐπὶ
1567 417 1606 451 τῷ
1634 416 1867 452 πρωταγωνιστῇ,

1037 461 1076 495 τῷ
1106 458 1253 496 Μανιάκῃ,
1282 459 1378 498 φημὶ,
1406 461 1554 497 τροποῦται
1591 459 1620 486 τὸ
1645 461 1699 486 τῶν
1735 458 1866 486 ἐναντίων

1038 502 1230 541 στρατόπεδον·
1260 504 1291 532 τὸ
1319 503 1400 531 δ’ἐπῖ
1427 506 1461 541 τῇ
1490 504 1524 531 τὰ
1552 503 1672 541 ἡμέτερα
1699 502 1867 541 διεξαγοῦσῃ

1040 548 1157 585 Προνοίᾳ
1185 548 1283 587 ἀθρόον
1313 548 1494 585 ἀντέστραπτο
1521 549 1555 576 τά
1582 550 1631 581 τῆς
1669 547 1764 586 μάχης
1781 570 1788 583 ,
1818 549 1866 575 καί

1039 591 1156 628 ἥττηντο
1185 593 1211 620 οἱ
1238 592 1298 630 περῖ
1326 593 1372 621 τὸν
1403 593 1543 628 Μανιάκην
1561 615 1567 622 ,
1597 593 1640 624 Ὡς
1679 593 1729 631 γὰρ
1758 592 1864 625 ἐκεῖνος

1040 636 1123 664 ἐπιὼν
1148 637 1196 668 τὰς
1224 637 1321 674 τάξεις,
1351 636 1548 669 διεκλόνειτάς
1566 637 1720 677 φάλαγγαςΙ
1749 637 1795 664 καὶ
1825 638 1867 669 οἷς

1040 679 1199 718 ἔμϐοήσειεν
1229 681 1308 714 εὐθὺς
1337 681 1509 720 ἀνειχάζοντο
1527 705 1534 718 ,
1561 681 1605 710 καὶ
1635 682 1649 709 ὁ
1678 682 1864 718 συνασπισμὸς

1041 725 1173 763 διελύετο,
1205 726 1302 766 αἴφνης
1331 726 1526 764 πεπληγμίνος
1554 726 1648 764 εὑρέθη
1678 727 1721 754 καὶ
1752 726 1864 764 πληγὴν

1040 771 1169 809 καιρίαν,
1197 771 1223 806 ἐξ
1251 773 1283 806 ἧς
1322 771 1353 799 τὸ
1384 773 1452 809 αἷμα
1489 771 1635 810 καταρρέον
1673 771 1746 798 πολὺ
1777 770 1865 809 ἀχλὺν

1043 815 1124 843 αὐτοῦ
1152 815 1339 852 κατεσκέδασε,
1369 816 1414 844 καὶ
1443 817 1554 854 πάρεσιν
1583 818 1641 848 τοῖς
1673 815 1783 853 μέλεσιν
1811 815 1868 843 ἑνε-

1041 859 1166 896 ποίησεν,
1193 861 1261 888 ὥστε
1285 860 1329 888 καὶ
1353 861 1400 888 τὸν
1427 860 1542 899 χαλινὸν
1568 859 1717 888 διεκπεσεῖν
1741 863 1791 895 τῆς
1807 870 1868 898 χει-

1043 905 1090 943 ρὸς
1116 905 1210 940 αὐτοῦ,
1238 905 1360 933 κάκεῖνον
1386 903 1594 941 καταϐληθῆναι
1620 905 1658 936 εἷς
1687 907 1738 942 γῆν
1765 904 1795 932 ix
1819 907 1869 932 τοῦ

1040 949 1138 986 ἵππου,
1167 953 1216 984 τῆς
1245 948 1325 987 ἕδρας
1359 948 1604 985 ἄπολισθήσαντα.
1635 950 1742 978 Ἐκειτο
1776 949 1866 977 τοίνυν

1043 993 1138 1021 αὐτίκα
1165 994 1276 1029 θανὼν,
1306 991 1356 1029 ἔξω
1392 1005 1418 1021 τι
1455 996 1503 1021 τοῦ
1535 994 1703 1032 μιταιχμίου
1721 1017 1728 1029 ,
1757 994 1803 1021 καὶ
1841 993 1869 1020 οἱ

1046 1037 1183 1076 βασιλικοῖ
1210 1037 1332 1070 ἐπελθεῖν
1357 1037 1425 1071 τὲως
1453 1039 1526 1075 αὐτῷ
1554 1037 1698 1068 ἐδεδίεσαν.
1727 1039 1771 1069 Ὠς
1794 1036 1819 1077 δ’
1843 1038 1869 1065 οἱ

1044 1081 1147 1110 ἐκείνου
1172 1082 1217 1110 τὸν
1243 1083 1368 1121 σφέτερον
1398 1081 1480 1121 ἔγνων
1512 1083 1636 1120 ἀρχηγὸν
1666 1082 1793 1116 πεσόντα,
1823 1082 1869 1109 καὶ

1043 1127 1126 1162 πτοίᾳ
1155 1125 1301 1165 ληφθέντες
1333 1126 1569 1163 διεσκεδάσθησαν,
1598 1126 1660 1154 τότε
1686 1129 1727 1163 τῷ
1755 1126 1873 1163 κειμένῳ

1044 1170 1196 1208 ἐπέδραμον
1224 1171 1249 1198 οἱ
1277 1174 1327 1206 τῆς
1346 1171 1438 1205 ἑτέρας
1464 1172 1574 1209 μοίρας,
1597 1171 1642 1198 καὶ
1665 1172 1714 1206 τὴν
1741 1173 1789 1198 τοῦ
1815 1169 1871 1198 δει-

1043 1213 1122 1242 λαίου
1153 1214 1273 1253 κεταλὴν
1304 1214 1462 1252 ἐκτεμόντες
1480 1236 1487 1249 ,
1516 1218 1556 1251 τῷ
1592 1218 1666 1255 σφῶν
1695 1216 1872 1253 προσήγαγον

1043 1261 1211 1297 στρατηγῷ.
1241 1260 1272 1287 Ὀ
1301 1258 1330 1286 δὲ
1364 1259 1464 1295 ταύτην
1495 1259 1592 1287 αὐτίκα
1618 1262 1659 1296 τῷ
1687 1259 1869 1296 αὐτοκράτορι

1043 1303 1172 1342 πέπομφε
1188 1326 1195 1338 ,
1222 1303 1342 1335 κάκεῖνος
1373 1304 1509 1342 μετέωρον
1535 1304 1636 1340 ταύτην
1664 1304 1714 1341 ἦρε
1741 1303 1809 1331 κατᾶ
1836 1304 1870 1331 τὸ

1045 1349 1166 1386 θέατρον²
1202 1349 1258 1376 εἶτα
1286 1348 1330 1376 καὶ
1359 1351 1407 1376 τοῦ
1430 1350 1476 1376 τὸν
1506 1348 1630 1386 πόλεμον
1660 1349 1870 1386 κατωρθωκέναι

1046 1392 1171 1428 δόξαντος
1200 1393 1337 1429 ἐκτομίου,
1367 1393 1560 1425 ἐπανελθόντος
1580 1393 1647 1429 μετᾶ
1660 1396 1710 1428 τῆς
1731 1396 1871 1430 στρατιᾶς,

1045 1435 1179 1476 θρίαμϐος
1204 1438 1318 1476 γίνεται,
1347 1437 1395 1465 τοῦ
1436 1437 1571 1475 βασιλέως
1601 1438 1627 1466 ἐν
1655 1440 1694 1474 τῷ
1722 1438 1791 1476 πρὸς
1819 1439 1873 1473 τὴν

1045 1482 1144 1520 ἀγορὰν
1183 1482 1397 1521 ἐπεστραμμένα)
1434 1482 1663 1520 προτεμενίσματι
1698 1484 1749 1510 τοῦ
1778 1482 1805 1509 ἐν
1835 1484 1871 1520 τῇ

163 1527 339 1562 imperante,
365 1527 531 1563 Mitylenem
559 1527 731 1562 translatus,
760 1529 894 1561 cazcatur,
931 1528 988 1556 sive

1045 1526 1142 1564 Χαλκῇ
1173 1525 1323 1564 λεγομένου
1345 1529 1393 1554 τοῦ
1419 1529 1549 1565 Σωτῆρος
1564 1529 1630 1554 ναοῦ
1658 1527 1872 1564 προκαθημένου

164 1570 322 1599 Theodore
335 1572 433 1607 jussu,
449 1572 605 1608 ignorante
633 1571 829 1608 imperatore;
854 1572 915 1600 sive
936 1573 988 1601 im-

1049 1572 1115 1609 μετὰ
1143 1571 1253 1606 πολλῆς
1281 1575 1332 1606 τῆς
1360 1571 1568 1609 λαμπρότητος,
1597 1572 1761 1609 ἑκατέρωθεν
1790 1572 1872 1599 αὐτοῦ

165 1616 309 1651 peratoris
325 1606 475 1650 mandato,
492 1616 516 1643 ei
531 1618 650 1652 propter
663 1606 845 1644 immeritum
871 1618 914 1644 tot
938 1625 988 1645 an-

1046 1606 1091 1644 καὶ
1119 1618 1174 1643 τῶν
1205 1614 1352 1653 βασιλίδων
1384 1606 1612 1653 συγκαθημένων.
1641 1606 1734 1644 Ἀλλὰ
1759 1617 1794 1643 τὰ
1822 1616 1872 1652 μὶν

168 1667 273 1686 norum
289 1660 423 1687 exsilium
440 1660 513 1688 irato
529 1660 578 1696 qui
594 1659 670 1688 cladi
702 1660 854 1689 oculorum
881 1669 988 1698 paucos

1047 1661 1115 1688 κατὰ
1155 1660 1201 1687 τὸν
1243 1660 1383 1695 Μανιάκην
1426 1660 1452 1687 ἐν
1495 1660 1601 1691 τούτοις
1638 1659 1875 1695 τετελευτήκασιν.

170 1703 233 1730 dies
245 1703 416 1740 supervixit.

1047 1704 1138 1739 Ἀλλη
1169 1703 1193 1731 δ’
1220 1703 1296 1736 αὖθις
1325 1704 1449 1737 χεκίνητο
1476 1704 1612 1742 τυραννὶς,
1641 1704 1677 1739 ἧς
1700 1706 1733 1739 ἦν
1757 1703 1877 1742 ιργάτης

171 1746 302 1785 Θεόφιλος
332 1747 346 1775 ὁ
374 1746 531 1786 Ἐρωτικός.
561 1749 609 1779 ’⁷ος
637 1748 671 1776 τὰ
698 1749 766 1776 κατὰ
792 1750 840 1777 τὸν
870 1747 992 1788 δεύτερον
1023 1749 1148 1787 Μιχαὴλ,
1177 1749 1222 1776 τὸν
1250 1750 1299 1776 τοῦ
1328 1749 1437 1786 πρώτου
1451 1747 1624 1788 ἀδελφιδοῦν,
1643 1749 1745 1786 μαθὼν,
1762 1749 1807 1777 καὶ
1834 1750 1874 1781 ὡς

167 1792 286 1828 γυναιξὶν
314 1793 332 1827 ὴ
364 1792 489 1830 βασιλεία
516 1793 711 1828 πεπίστευται,
740 1793 803 1825 τοὺς
843 1793 980 1831 Κυπρίους
1016 1793 1139 1825 ὑπελθὼν
1177 1792 1289 1830 (τούτων
1317 1793 1369 1831 γὰρ
1398 1791 1492 1832 ἔτυχεν
1521 1792 1614 1832 ἅρχων
1644 1793 1728 1831 τότε),
1754 1794 1876 1822 ἀποστα-

169 1835 215 1871 σίᾳ
241 1836 386 1874 ἐπιχειρεῖ.
414 1837 454 1865 Οὐ
485 1838 576 1874 μέντοι
607 1838 662 1874 (33)
690 1835 789 1875 τριϐῆς
816 1839 854 1874 τῷ
883 1838 1047 1876 Μονομάχῳ
1075 1836 1168 1873 ἐδέησε
1195 1838 1263 1875 πρὸς
1290 1839 1340 1872 τὴν
1369 1838 1466 1866 τούτου
1494 1839 1657 1877 καθαίρεσιν.
1691 1839 1793 1867 Στόλον
1822 1839 1876 1877 γὰρ

169 1879 288 1915 στείλας,
319 1879 355 1907 δι’
383 1880 467 1907 αὐτοῦ
494 1881 540 1908 τὸν
570 1881 719 1918 Ἐρωτικὸν
749 1881 927 1920 ἐχειρώσατο,
958 1882 1003 1910 καὶ
1031 1883 1080 1917 τὴν
1110 1885 1191 1917 νῆσον
1221 1881 1285 1920 ῥᾷον
1316 1881 1354 1914 είς
1370 1880 1495 1910 δουλείαν
1526 1883 1690 1921 ὑπηγάγετο.
1718 1885 1831 1919 Θνήσκει
1848 1882 1878 1911 δὲ

170 1922 184 1949 ὁ
213 1923 387 1961 πατριάρχης
416 1923 535 1959 Ἀλὲξιος
564 1923 605 1951 ἐπ’
632 1923 678 1959 ἔτη
709 1923 773 1952 δέκα
801 1925 869 1963 πρὸς
897 1928 956 1958 τοῖς
984 1926 1056 1954 ὀκτὼ
1085 1925 1292 1957 καταπολαύσας
1321 1928 1369 1953 τοῦ
1399 1925 1496 1964 θρόνου
1521 1929 1569 1954 τοῦ
1597 1929 1810 1965 πατριαρχικοῦ,
1832 1928 1878 1955 καὶ

170 1966 289 2005 Μιχαὴλ
319 1968 333 1995 ὁ
358 1967 506 2005 λεγόμενος
535 1967 726 2007 Κηρουλάριος
755 1970 810 2007 (34)
835 1971 903 2008 πρὸς
931 1971 1011 1998 αὐτὸν
1042 1969 1224 2008 ἀνθιδρύεται.
1258 1970 1378 2009 Χρυσίου
1409 1970 1437 1998 δὲ
1465 1972 1626 2009 κεντηνάρια
1654 1971 1733 1999 πέντε
1757 1972 1801 2000 καὶ
1826 1970 1880 1999 εἶ’-

169 2021 230 2038 κοσι
255 2011 286 2039 ἇκ
312 2015 362 2047 τῆς
388 2014 437 2039 τοῦ
465 2013 638 2051 πατριάρχου
677 2011 800 2049 ’Δλεξίου
839 2018 926 2051 μονῆς
951 2015 965 2042 ὁ
993 2016 1166 2052 Μονομάχος
1203 2013 1329 2054 ἀφείλετο
1347 2037 1354 2049 ,
1383 2016 1447 2052 παρ’
1484 2015 1587 2043 ἐκείνου
1622 2018 1671 2043 τοῦ
1704 2015 1877 2055 πατριάρχου

170 2057 383 2094 θησαυρισθὶντα
412 2056 490 2085 ἐκεῖ.
518 2059 553 2086 "0
579 2068 610 2095 γε
639 2058 693 2094 μὴν
722 2057 850 2095 ἐκτομίας
875 2059 1027 2095 Ἰωάννης,
1056 2060 1070 2087 ὁ
1101 2059 1221 2098 γεγονὼς
1248 2059 1466 2099 Ὀρφανοτρόφος
1485 2083 1492 2096 ,
1522 2061 1536 2088 ὁ
1575 2062 1623 2088 τοῦ
1667 2060 1879 2099 βασιλεύσαντος

169 2100 286 2139 Μιχαὴλ
313 2103 362 2130 τοῦ
392 2102 568 2141 Παφλαγόνος
597 2101 775 2142 αὐτάδελφος,
806 2104 844 2135 εἷς
872 2104 1044 2140 Μιτυλήνην,
1069 2106 1118 2132 τοῦ
1143 2103 1315 2142 Μονομάχου
1340 2106 1537 2142 κρατήσαντος,
1569 2105 1723 2143 μεταχθεὲς,
1740 2105 1796 2133 ἐκεῖ
1821 2116 1878 2140 πη-

172 2148 264 2184 ροῦται
292 2147 356 2178 τοὺς
383 2146 554 2186 ὀφθαλμοὺς,
582 2147 620 2179 ὡς
651 2148 698 2184 μὲν
726 2158 780 2175 τισι
811 2147 896 2183 δοκεῖ,
925 2151 999 2187 παρά
1026 2152 1075 2184 τῆς
1109 2147 1251 2187 βασιλίδος
1281 2148 1421 2187 Θεοδώρας
1449 2151 1564 2188 γνώμης
1581 2149 1643 2186 ἄτερ
1670 2152 1719 2177 τοῦ
1749 2149 1882 2188 αὐτοκρά-

170 2200 261 2228 τορος,
291 2191 329 2223 ὡς
356 2189 380 2219 δ’
407 2191 503 2230 ἐνίοιςζ
533 2191 614 2220 αὐτου
643 2194 691 2219 τοῦ
719 2195 884 2230 κρατοῦντος
910 2196 991 2221 τοῦτο
1020 2193 1207 2230 κελεύσαντος,
1239 2196 1393 2230 μηνιῶντος
1423 2194 1497 2229 αὐτῷ
1525 2192 1570 2221 διὰ
1597 2193 1629 2220 τὸ
1658 2197 1708 2228 τῆς
1734 2193 1881 2232 ὑπερορίας

171 2234 303 2267 πολυετὶς
329 2235 374 2263 καὶ
393 2235 526 2264 ἀναίτιον.
542 2237 603 2273 Ὃς,
621 2237 752 2274 βραχείας
768 2237 873 2274 ἡμέρας
886 2239 920 2275 τῇ
936 2237 1059 2276 πηρώσει
1076 2236 1234 2272 ἐπιϐιώσας,
1248 2238 1298 2271 τὴν
1314 2238 1386 2272 ζωὴν
1402 2236 1588 2274 ἒξεμέτρησεν.

207 2281 307 2309 XXIII.
319 2281 460 2309 Ceterum
478 2281 537 2309 alia
553 2282 684 2318 tyrannis
701 2282 826 2309 atrocior
840 2284 885 2310 est
893 2285 996 2310 contra

170 2325 396 2353 Monomachum
407 2328 517 2359 exorta,
533 2325 622 2353 Leone
634 2325 767 2353 Ternicio
787 2327 915 2361 auctore,
932 2334 995 2353 ma-

173 2371 257 2396 terno
273 2370 337 2404 ejus
358 2371 492 2406 cognato.
510 2369 564 2401 Qui
580 2377 646 2398 cum
678 2369 861 2397 Orestiadem
880 2369 996 2398 habita-

171 2414 216 2439 ret
230 2412 284 2448 (sic
299 2413 377 2441 enim
394 2413 463 2441 olim
483 2413 691 2449 Adrianopolis
715 2413 863 2449 appellata
889 2415 934 2441 est
961 2413 996 2440 ab

173 2456 274 2485 Oreste
283 2458 514 2493 Agamemnonis
525 2457 782 2494 ﬁlio),Macedones
789 2457 996 2486 habebatdieto

1087 2282 1146 2309 Kl".
1175 2281 1265 2315 ’Ἄλλη
1283 2279 1308 2308 δ’
1321 2280 1398 2312 αὖθις
1411 2280 1536 2316 τυραννὶς
1551 2282 1591 2316 τῷ
1610 2281 1772 2317 Μονομάχῳ
1789 2280 1881 2308 δεινο-

1051 2326 1113 2363 νέρα
1139 2324 1300 2359 ἐξυπανέστη
1318 2345 1325 2352 .
1355 2325 1386 2351 Ἣ
1422 2326 1473 2350 τοῦ
1510 2323 1651 2361 Τορνικίου
1689 2322 1713 2350 δ’
1746 2325 1778 2359 ἦν
1808 2324 1877 2362 αὕτη

1052 2368 1181 2403 Λέοντος,
1206 2368 1235 2399 ὃς
1262 2367 1397 2406 μητρόθεν
1420 2367 1489 2395 κατὰ
1511 2368 1587 2406 γένος
1606 2371 1730 2405 προσῆκε
1757 2371 1797 2406 τῷ
1827 2370 1879 2397 αὐ-

1053 2412 1210 2450 τοκράτορι.
1253 2412 1340 2444 Οὗτος
1380 2410 1471 2440 τοίνυν
1510 2413 1559 2447 τὴν
1596 2412 1756 2450 Ὀρεστιάδα
1794 2413 1877 2441 οἷκῶν

1053 2455 1140 2492 (οὕτω
1178 2455 1206 2484 δὲ
1243 2455 1329 2484 πάλαι
1357 2457 1375 2491 ἡ
1404 2455 1486 2488 πόλις
1515 2455 1639 2485 ἐκαλεῖτο
1668 2459 1717 2486 τοῦ
1746 2457 1878 2496 βασιλέως

811 2544 915 2576 Variae
930 2544 1082 2576 lectiones
1095 2547 1126 2575 et
1140 2546 1233 2576 notes.

221 2616 265 2653 33)
281 2615 318 2643 Οὐ
333 2616 388 2653 [.1th
396 2625 453 2653 aut,
464 2615 545 2644 Alter
559 2625 593 2653 ex
609 2616 679 2653 Reg.
692 2615 737 2653 καί
755 2615 871 2653 μέντοι.

221 2617 265 2653 33)
281 2617 318 2643 Οὐ
333 2617 381 2652 μὲν
396 2625 449 2644 ιοι.
464 2617 545 2644 Alter
559 2625 593 2644 ex
609 2617 679 2652 Reg.
692 2617 737 2643 καὶ
755 2617 801 2652 μέν
817 2625 871 2644 τοι.

210 2617 278 2690 ί34λ
297 2651 415 2690 Μιχαὴλ
437 2652 457 2690 ’ὁ
483 2651 684 2690 Κηρουλάριος-
716 2651 769 2690 Hic
796 2652 846 2681 ille
860 2655 914 2690 rest
947 2652 996 2690 qui

172 2688 420 2718 virus'haersaens
435 2688 464 2716 in
481 2688 674 2725 apostolicam
690 2689 789 2725 sedem
806 2689 903 2717 aerius
931 2688 997 2717 evo-

174 2726 250 2754 muit
261 2728 326 2758 post
336 2725 484 2758 Photium,
498 2733 566 2752 cum
575 2725 609 2753 ad
620 2724 831 2754 conciliandam
837 2725 997 2753 Ecclesiam

173 2763 228 2790 Leo
244 2761 280 2790 IX
295 2761 424 2798 pontifea
444 2761 652 2789 cancellarium
681 2769 769 2798 suum
798 2761 995 2789 Humbertum

174 2797 346 2834 episcopum
375 2797 456 2834 Silus
485 2798 617 2834 Candidas
646 2799 675 2825 et
701 2797 820 2825 Petrum
849 2797 994 2834 archiepi~

174 2833 296 2872 scopum
316 2833 558 2871 Amalphitanum
579 2833 689 2870 legatos
703 2833 739 2861 ad
767 2833 993 2863 Monomaohum

1053 2616 1135 2645 misit
1149 2625 1226 2645 anno
1242 2617 1321 2645 1034.
1337 2616 1496 2646 Historiam
1513 2620 1634 2646 narrant
1653 2619 1708 2646 Leo
1724 2617 1878 2650 Ostiensis.

1054 2653 1104 2681 lib.
1114 2661 1145 2687 u,
1158 2653 1258 2681 Chron.
1270 2655 1365 2682 δαείη.
1378 2662 1442 2689 cap.
1453 2654 1497 2687 89,
1510 2657 1538 2681 et
1554 2654 1603 2681 alii
1614 2654 1772 2689 scriptores
1779 2662 1876 2682 rerum

1053 2689 1335 2726 ecclesiasticarum,
1350 2698 1384 2718 ac
1398 2698 1457 2726 pres
1481 2690 1594 2718 ceteris
1616 2689 1774 2719 cardinalis
1795 2690 1878 2718 Baro—

1052 2725 1130 2759 nius,
1145 2728 1173 2753 et
1188 2728 1243 2753 Leo
1272 2725 1408 2762 Allatius,
1429 2726 1469 2762 in,
1490 2726 1638 2754 dissertet.
1669 2734 1700 2754 ιι.
1729 2726 1767 2754 De
1794 2726 1876 2762 libris

1049 2762 1200 2790 ecclesia“.
1213 2763 1347 2798 σνκοονη
1360 2765 1389 2790 et
1404 2762 1435 2790 in
1451 2761 1526 2790 libro
1537 2762 1576 2790 De
1589 2763 1731 2798 utriusque
1745 2761 1875 2790 Ecclesia

1049 2805 1190 2826 consensu.

2030 572 2032 619 Ι
