  <div class='ocr_page' id='page_1' title='image "/cluster/home/n/w/nwhite01/storage/ocr_20150623/135/njp.32101077773107/114.png"; bbox 0 0 1977 3154; ppageno 0'>
   <div class='ocr_carea' id='block_1_1' title="bbox 78 158 140 188">
    <p class='ocr_par' dir='ltr' id='par_1_1' title="bbox 78 158 140 188">
     <span class='ocr_line' id='line_1_1' title="bbox 78 158 140 188; baseline -0.032 0"><span class='ocrx_word' id='word_1_1' title='bbox 78 158 140 188; x_wconf 78' lang='grc'>213</span> 
     </span>
    </p>
   </div>
   <div class='ocr_carea' id='block_1_2' title="bbox 732 157 1150 189">
    <p class='ocr_par' dir='ltr' id='par_1_2' title="bbox 732 157 1150 189">
     <span class='ocr_line' id='line_1_2' title="bbox 732 157 1150 189; baseline 0.007 -3"><span class='ocrx_word' id='word_1_2' title='bbox 732 157 936 188; x_wconf 82' lang='lat' dir='ltr'>ANNALIUM</span> <span class='ocrx_word' id='word_1_3' title='bbox 961 158 1033 189; x_wconf 89' lang='lat' dir='ltr'><strong>LIB.</strong></span> <span class='ocrx_word' id='word_1_4' title='bbox 1057 159 1150 189; x_wconf 84' lang='lat' dir='ltr'>XVII.</span> 
     </span>
    </p>
   </div>
   <div class='ocr_carea' id='block_1_3' title="bbox 1734 157 1792 187">
    <p class='ocr_par' dir='ltr' id='par_1_3' title="bbox 1734 157 1792 187">
     <span class='ocr_line' id='line_1_3' title="bbox 1734 157 1792 187; baseline 0 0"><span class='ocrx_word' id='word_1_5' title='bbox 1734 157 1792 187; x_wconf 79' lang='lat' dir='ltr'>2M</span> 
     </span>
    </p>
   </div>
   <div class='ocr_carea' id='block_1_4' title="bbox 76 221 897 260">
    <p class='ocr_par' dir='ltr' id='par_1_4' title="bbox 76 221 897 260">
     <span class='ocr_line' id='line_1_4' title="bbox 76 221 897 260; baseline 0 -10"><span class='ocrx_word' id='word_1_6' title='bbox 76 221 142 260; x_wconf 81' lang='grc' dir='ltr'>Ἀδρ</span> <span class='ocrx_word' id='word_1_7' title='bbox 158 224 229 249; x_wconf 81' lang='grc' dir='ltr'>ανοῦ</span> <span class='ocrx_word' id='word_1_8' title='bbox 257 221 282 257; x_wconf 82' lang='grc' dir='ltr'>ἐξ</span> <span class='ocrx_word' id='word_1_9' title='bbox 296 222 424 259; x_wconf 74' lang='grc' dir='ltr'>Ὀρέστου</span> <span class='ocrx_word' id='word_1_10' title='bbox 447 224 496 250; x_wconf 81' lang='grc' dir='ltr'>τοῦ</span> <span class='ocrx_word' id='word_1_11' title='bbox 511 222 729 260; x_wconf 72' lang='grc' dir='ltr'>Ἀγαμὲμνονος)</span> <span class='ocrx_word' id='word_1_12' title='bbox 744 222 808 254; x_wconf 75' lang='grc' dir='ltr'>τοὺς</span> <span class='ocrx_word' id='word_1_13' title='bbox 823 225 897 251; x_wconf 83' lang='grc' dir='ltr'>Μακε</span> 
     </span>
    </p>
   </div>
   <div class='ocr_carea' id='block_1_5' title="bbox 954 221 1792 260">
    <p class='ocr_par' dir='ltr' id='par_1_5' title="bbox 954 222 1792 260">
     <span class='ocr_line' id='line_1_5' title="bbox 954 222 1792 260; baseline -0.004 -6"><span class='ocrx_word' id='word_1_14' title='bbox 954 254 957 259; x_wconf 86' lang='grc'>,</span> <span class='ocrx_word' id='word_1_15' title='bbox 974 225 1137 259; x_wconf 80' lang='lat' dir='ltr'>audientes,</span> <span class='ocrx_word' id='word_1_16' title='bbox 1153 227 1295 260; x_wconf 86' lang='lat' dir='ltr'>tanquam</span> <span class='ocrx_word' id='word_1_17' title='bbox 1311 223 1355 252; x_wconf 90' lang='lat' dir='ltr'>vir</span> <span class='ocrx_word' id='word_1_18' title='bbox 1370 223 1554 260; x_wconf 61' lang='lat' dir='ltr'>praestantior</span> <span class='ocrx_word' id='word_1_19' title='bbox 1569 222 1692 257; x_wconf 63' lang='lat' dir='ltr'>caeteris,</span> <span class='ocrx_word' id='word_1_20' title='bbox 1719 223 1792 251; x_wconf 84' lang='lat' dir='ltr'>Nam</span> 
     </span>
    </p>
   </div>
   <div class='ocr_carea' id='block_1_6' title="bbox 79 266 911 305">
    <p class='ocr_par' dir='ltr' id='par_1_6' title="bbox 79 266 911 305">
     <span class='ocr_line' id='line_1_6' title="bbox 79 266 911 305; baseline 0.001 -11"><span class='ocrx_word' id='word_1_21' title='bbox 79 267 156 297; x_wconf 80' lang='grc' dir='ltr'>δόνας</span> <span class='ocrx_word' id='word_1_22' title='bbox 182 267 245 304; x_wconf 75' lang='grc' dir='ltr'>εἶχε</span> <span class='ocrx_word' id='word_1_23' title='bbox 268 266 455 305; x_wconf 70' lang='grc' dir='ltr'>προσέχοντας</span> <span class='ocrx_word' id='word_1_24' title='bbox 480 267 564 303; x_wconf 78' lang='grc' dir='ltr'>αὐτῷ,</span> <span class='ocrx_word' id='word_1_25' title='bbox 581 268 618 298; x_wconf 82' lang='grc' dir='ltr'>ὡς</span> <span class='ocrx_word' id='word_1_26' title='bbox 642 266 675 303; x_wconf 82' lang='grc' dir='ltr'>δή</span> <span class='ocrx_word' id='word_1_27' title='bbox 699 278 750 294; x_wconf 87' lang='grc' dir='ltr'>τινι</span> <span class='ocrx_word' id='word_1_28' title='bbox 765 267 911 305; x_wconf 77' lang='grc' dir='ltr'>κρείττονι.</span> 
     </span>
    </p>
   </div>
   <div class='ocr_carea' id='block_1_7' title="bbox 78 310 910 351">
    <p class='ocr_par' dir='ltr' id='par_1_7' title="bbox 78 310 910 351">
     <span class='ocr_line' id='line_1_7' title="bbox 78 310 910 351; baseline -0.001 -11"><span class='ocrx_word' id='word_1_29' title='bbox 78 313 124 340; x_wconf 80' lang='grc' dir='ltr'>Ἢν</span> <span class='ocrx_word' id='word_1_30' title='bbox 147 312 200 349; x_wconf 76' lang='grc' dir='ltr'>γὰρ</span> <span class='ocrx_word' id='word_1_31' title='bbox 228 312 242 338; x_wconf 83' lang='grc' dir='ltr'>ὁ</span> <span class='ocrx_word' id='word_1_32' title='bbox 269 312 336 348; x_wconf 74' lang='grc' dir='ltr'>ἀνὴρ</span> <span class='ocrx_word' id='word_1_33' title='bbox 367 310 428 339; x_wconf 71' lang='grc' dir='ltr'>οὕτε</span> <span class='ocrx_word' id='word_1_34' title='bbox 441 312 472 339; x_wconf 85' lang='grc' dir='ltr'>τὸ</span> <span class='ocrx_word' id='word_1_35' title='bbox 488 311 560 343; x_wconf 72' lang='grc' dir='ltr'>εἶδος</span> <span class='ocrx_word' id='word_1_36' title='bbox 575 312 678 351; x_wconf 64' lang='grc' dir='ltr'>φαὲλος</span> <span class='ocrx_word' id='word_1_37' title='bbox 694 310 756 339; x_wconf 66' lang='grc' dir='ltr'>οὔτε</span> <span class='ocrx_word' id='word_1_38' title='bbox 785 313 816 340; x_wconf 85' lang='grc' dir='ltr'>τὸ</span> <span class='ocrx_word' id='word_1_39' title='bbox 845 312 910 351; x_wconf 77' lang='grc' dir='ltr'>φρό-</span> 
     </span>
    </p>
   </div>
   <div class='ocr_carea' id='block_1_8' title="bbox 79 355 915 394">
    <p class='ocr_par' dir='ltr' id='par_1_8' title="bbox 79 355 915 394">
     <span class='ocr_line' id='line_1_8' title="bbox 79 355 915 394; baseline 0 -10"><span class='ocrx_word' id='word_1_40' title='bbox 79 367 160 392; x_wconf 88' lang='grc' dir='ltr'>νημα.</span> <span class='ocrx_word' id='word_1_41' title='bbox 188 357 261 394; x_wconf 75' lang='grc' dir='ltr'>Εἶχε</span> <span class='ocrx_word' id='word_1_42' title='bbox 288 355 316 383; x_wconf 78' lang='grc' dir='ltr'>δὲ</span> <span class='ocrx_word' id='word_1_43' title='bbox 341 366 366 383; x_wconf 92' lang='grc' dir='ltr'>τι</span> <span class='ocrx_word' id='word_1_44' title='bbox 396 357 441 384; x_wconf 85' lang='grc' dir='ltr'>καὶ</span> <span class='ocrx_word' id='word_1_45' title='bbox 466 356 556 394; x_wconf 69' lang='grc' dir='ltr'>ἕτερον</span> <span class='ocrx_word' id='word_1_46' title='bbox 587 358 610 393; x_wconf 86' lang='grc' dir='ltr'>ᾦ</span> <span class='ocrx_word' id='word_1_47' title='bbox 639 357 706 394; x_wconf 85' lang='grc' dir='ltr'>πρὸς</span> <span class='ocrx_word' id='word_1_48' title='bbox 732 357 824 385; x_wconf 66' lang='grc' dir='ltr'>ἑαυτὸν</span> <span class='ocrx_word' id='word_1_49' title='bbox 848 357 915 388; x_wconf 57' lang='grc' dir='ltr'>τοὺς,</span> 
     </span>
    </p>
   </div>
   <div class='ocr_carea' id='block_1_9' title="bbox 79 400 909 441">
    <p class='ocr_par' dir='ltr' id='par_1_9' title="bbox 79 400 909 441">
     <span class='ocr_line' id='line_1_9' title="bbox 79 400 909 441; baseline 0.001 -13"><span class='ocrx_word' id='word_1_50' title='bbox 79 400 224 432; x_wconf 79' lang='grc' dir='ltr'>πλείστους</span> <span class='ocrx_word' id='word_1_51' title='bbox 258 400 407 438; x_wconf 81' lang='grc' dir='ltr'>ἐφείΛκετο.</span> <span class='ocrx_word' id='word_1_52' title='bbox 436 401 657 439; x_wconf 80' lang='grc' dir='ltr'>ἘχρησμοΛόγει</span> <span class='ocrx_word' id='word_1_53' title='bbox 697 402 748 440; x_wconf 76' lang='grc' dir='ltr'>γὰρ</span> <span class='ocrx_word' id='word_1_54' title='bbox 777 403 793 437; x_wconf 81' lang='grc' dir='ltr'>ἡ</span> <span class='ocrx_word' id='word_1_55' title='bbox 828 403 909 441; x_wconf 76' lang='grc' dir='ltr'>φήμη</span> 
     </span>
    </p>
   </div>
   <div class='ocr_carea' id='block_1_10' title="bbox 77 444 910 483">
    <p class='ocr_par' dir='ltr' id='par_1_10' title="bbox 77 444 910 483">
     <span class='ocr_line' id='line_1_10' title="bbox 77 444 910 483; baseline 0.001 -11"><span class='ocrx_word' id='word_1_56' title='bbox 77 447 137 482; x_wconf 73' lang='grc' dir='ltr'>περί</span> <span class='ocrx_word' id='word_1_57' title='bbox 166 445 266 479; x_wconf 80' lang='grc' dir='ltr'>αὑτοῦ,</span> <span class='ocrx_word' id='word_1_58' title='bbox 283 446 328 472; x_wconf 82' lang='grc' dir='ltr'>οἷα</span> <span class='ocrx_word' id='word_1_59' title='bbox 354 444 383 472; x_wconf 75' lang='grc' dir='ltr'>δὲ</span> <span class='ocrx_word' id='word_1_60' title='bbox 411 446 472 483; x_wconf 84' lang='grc' dir='ltr'>περὶ</span> <span class='ocrx_word' id='word_1_61' title='bbox 502 444 595 474; x_wconf 74' lang='grc' dir='ltr'>ἄλλων</span> <span class='ocrx_word' id='word_1_62' title='bbox 620 445 727 483; x_wconf 74' lang='grc' dir='ltr'>λέγεται</span> <span class='ocrx_word' id='word_1_63' title='bbox 759 446 857 483; x_wconf 86' lang='grc' dir='ltr'>μάτην,</span> <span class='ocrx_word' id='word_1_64' title='bbox 872 446 910 477; x_wconf 88' lang='grc' dir='ltr'>ὡς</span> 
     </span>
    </p>
   </div>
   <div class='ocr_carea' id='block_1_11' title="bbox 77 489 909 528">
    <p class='ocr_par' dir='ltr' id='par_1_11' title="bbox 77 489 909 528">
     <span class='ocr_line' id='line_1_11' title="bbox 77 489 909 528; baseline 0.001 -11"><span class='ocrx_word' id='word_1_65' title='bbox 77 492 128 517; x_wconf 81' lang='grc' dir='ltr'>τῶν</span> <span class='ocrx_word' id='word_1_66' title='bbox 156 490 323 526; x_wconf 77' lang='grc' dir='ltr'>Ῥωμαϊκῶν</span> <span class='ocrx_word' id='word_1_67' title='bbox 370 490 515 527; x_wconf 77' lang='grc' dir='ltr'>σκήπτρων</span> <span class='ocrx_word' id='word_1_68' title='bbox 552 489 641 517; x_wconf 64' lang='grc' dir='ltr'>ἶσοιτό</span> <span class='ocrx_word' id='word_1_69' title='bbox 671 501 739 518; x_wconf 84' lang='grc' dir='ltr'>ποτε</span> <span class='ocrx_word' id='word_1_70' title='bbox 767 490 909 528; x_wconf 71' lang='grc' dir='ltr'>ἐγκρατής.</span> 
     </span>
    </p>
   </div>
   <div class='ocr_carea' id='block_1_12' title="bbox 77 533 909 574">
    <p class='ocr_par' dir='ltr' id='par_1_12' title="bbox 77 533 909 574">
     <span class='ocr_line' id='line_1_12' title="bbox 77 533 909 574; baseline 0 -12"><span class='ocrx_word' id='word_1_71' title='bbox 77 535 146 573; x_wconf 82' lang='grc' dir='ltr'>Πρὸς</span> <span class='ocrx_word' id='word_1_72' title='bbox 166 534 196 561; x_wconf 84' lang='grc' dir='ltr'>ὂν</span> <span class='ocrx_word' id='word_1_73' title='bbox 224 534 240 561; x_wconf 86' lang='grc' dir='ltr'>ὁ</span> <span class='ocrx_word' id='word_1_74' title='bbox 269 534 396 572; x_wconf 87' lang='grc' dir='ltr'>βασιλευς</span> <span class='ocrx_word' id='word_1_75' title='bbox 420 533 482 562; x_wconf 77' lang='grc' dir='ltr'>οὔτε</span> <span class='ocrx_word' id='word_1_76' title='bbox 506 534 542 566; x_wconf 84' lang='grc' dir='ltr'>ὡς</span> <span class='ocrx_word' id='word_1_77' title='bbox 565 535 638 571; x_wconf 82' lang='grc' dir='ltr'>αύτῷ</span> <span class='ocrx_word' id='word_1_78' title='bbox 659 536 833 574; x_wconf 76' lang='grc' dir='ltr'>προσήκοντα</span> <span class='ocrx_word' id='word_1_79' title='bbox 854 533 909 562; x_wconf 80' lang='grc' dir='ltr'>διε-</span> 
     </span>
    </p>
   </div>
   <div class='ocr_carea' id='block_1_13' title="bbox 77 578 908 618">
    <p class='ocr_par' dir='ltr' id='par_1_13' title="bbox 77 578 908 618">
     <span class='ocr_line' id='line_1_13' title="bbox 77 578 908 618; baseline 0.002 -12"><span class='ocrx_word' id='word_1_80' title='bbox 77 579 188 613; x_wconf 76' lang='grc' dir='ltr'>τέθειτο,</span> <span class='ocrx_word' id='word_1_81' title='bbox 214 578 291 607; x_wconf 74' lang='grc' dir='ltr'>ἀλλὰ</span> <span class='ocrx_word' id='word_1_82' title='bbox 316 579 406 616; x_wconf 74' lang='grc' dir='ltr'>μέντοι</span> <span class='ocrx_word' id='word_1_83' title='bbox 434 580 479 607; x_wconf 85' lang='grc' dir='ltr'>καὶ</span> <span class='ocrx_word' id='word_1_84' title='bbox 506 579 682 618; x_wconf 80' lang='grc' dir='ltr'>ἀπηχθάνετο</span> <span class='ocrx_word' id='word_1_85' title='bbox 707 582 747 616; x_wconf 86' lang='grc' dir='ltr'>τῷ</span> <span class='ocrx_word' id='word_1_86' title='bbox 776 579 861 618; x_wconf 80' lang='grc' dir='ltr'>ἀνδρί.</span> <span class='ocrx_word' id='word_1_87' title='bbox 878 580 908 609; x_wconf 89' lang='grc' dir='ltr'>Ἡ</span> 
     </span>
    </p>
   </div>
   <div class='ocr_carea' id='block_1_14' title="bbox 78 623 908 662">
    <p class='ocr_par' dir='ltr' id='par_1_14' title="bbox 78 623 908 662">
     <span class='ocr_line' id='line_1_14' title="bbox 78 623 908 662; baseline 0.001 -11"><span class='ocrx_word' id='word_1_88' title='bbox 78 623 103 651; x_wconf 68' lang='grc' dir='ltr'>δὲ</span> <span class='ocrx_word' id='word_1_89' title='bbox 130 626 179 651; x_wconf 80' lang='grc' dir='ltr'>τοῦ</span> <span class='ocrx_word' id='word_1_90' title='bbox 208 626 377 660; x_wconf 77' lang='grc' dir='ltr'>κρατοῦντος</span> <span class='ocrx_word' id='word_1_91' title='bbox 400 624 528 661; x_wconf 81' lang='grc' dir='ltr'>ὁμαίμων</span> <span class='ocrx_word' id='word_1_92' title='bbox 558 626 575 659; x_wconf 87' lang='grc' dir='ltr'>ἠ</span> <span class='ocrx_word' id='word_1_93' title='bbox 609 625 750 662; x_wconf 79' lang='grc' dir='ltr'>Εύπριπία</span> <span class='ocrx_word' id='word_1_94' title='bbox 778 625 908 661; x_wconf 82' lang='grc' dir='ltr'>ᾠκειοῦτό</span> 
     </span>
    </p>
   </div>
   <div class='ocr_carea' id='block_1_15' title="bbox 76 667 909 707">
    <p class='ocr_par' dir='ltr' id='par_1_15' title="bbox 76 667 909 707">
     <span class='ocr_line' id='line_1_15' title="bbox 76 667 909 707; baseline 0.002 -12"><span class='ocrx_word' id='word_1_95' title='bbox 76 679 102 695; x_wconf 80' lang='grc' dir='ltr'>τε</span> <span class='ocrx_word' id='word_1_96' title='bbox 114 668 158 695; x_wconf 69' lang='grc' dir='ltr'>καὶ</span> <span class='ocrx_word' id='word_1_97' title='bbox 176 667 315 704; x_wconf 71' lang='grc' dir='ltr'>ἐδεξιοῦτο</span> <span class='ocrx_word' id='word_1_98' title='bbox 344 668 435 705; x_wconf 79' lang='grc' dir='ltr'>αὐτὸν,</span> <span class='ocrx_word' id='word_1_99' title='bbox 453 669 522 706; x_wconf 85' lang='grc' dir='ltr'>γυνὴ</span> <span class='ocrx_word' id='word_1_100' title='bbox 549 670 659 707; x_wconf 85' lang='grc' dir='ltr'>γενναία</span> <span class='ocrx_word' id='word_1_101' title='bbox 685 680 716 697; x_wconf 89' lang='grc' dir='ltr'>τε</span> <span class='ocrx_word' id='word_1_102' title='bbox 736 669 780 697; x_wconf 85' lang='grc' dir='ltr'>καὶ</span> <span class='ocrx_word' id='word_1_103' title='bbox 810 676 909 705; x_wconf 76' lang='grc' dir='ltr'>σταθη-</span> 
     </span>
    </p>
   </div>
   <div class='ocr_carea' id='block_1_16' title="bbox 78 713 908 752">
    <p class='ocr_par' dir='ltr' id='par_1_16' title="bbox 78 713 908 752">
     <span class='ocr_line' id='line_1_16' title="bbox 78 713 908 752; baseline 0.001 -12"><span class='ocrx_word' id='word_1_104' title='bbox 78 715 172 750; x_wconf 70' lang='grc' dir='ltr'>ροτάτη</span> <span class='ocrx_word' id='word_1_105' title='bbox 203 713 236 740; x_wconf 80' lang='grc' dir='ltr'>τὸ</span> <span class='ocrx_word' id='word_1_106' title='bbox 268 713 408 752; x_wconf 75' lang='grc' dir='ltr'>φρόνημα,</span> <span class='ocrx_word' id='word_1_107' title='bbox 428 713 474 740; x_wconf 82' lang='grc' dir='ltr'>καὶ</span> <span class='ocrx_word' id='word_1_108' title='bbox 504 713 543 746; x_wconf 83' lang='grc' dir='ltr'>εἰς</span> <span class='ocrx_word' id='word_1_109' title='bbox 569 714 660 752; x_wconf 76' lang='grc' dir='ltr'>τύχης</span> <span class='ocrx_word' id='word_1_110' title='bbox 687 713 804 742; x_wconf 73' lang='grc' dir='ltr'>ἰλάσασα</span> <span class='ocrx_word' id='word_1_111' title='bbox 833 725 908 752; x_wconf 80' lang='grc' dir='ltr'>περι-</span> 
     </span>
    </p>
   </div>
   <div class='ocr_carea' id='block_1_17' title="bbox 79 756 909 798">
    <p class='ocr_par' dir='ltr' id='par_1_17' title="bbox 79 756 909 798">
     <span class='ocr_line' id='line_1_17' title="bbox 79 756 909 798; baseline 0.002 -14"><span class='ocrx_word' id='word_1_112' title='bbox 79 758 183 797; x_wconf 62' lang='grc' dir='ltr'>φάνειαν</span> <span class='ocrx_word' id='word_1_113' title='bbox 215 757 263 784; x_wconf 81' lang='grc' dir='ltr'>καὶ</span> <span class='ocrx_word' id='word_1_114' title='bbox 290 757 327 789; x_wconf 84' lang='grc' dir='ltr'>εἷς</span> <span class='ocrx_word' id='word_1_115' title='bbox 352 756 474 785; x_wconf 73' lang='grc' dir='ltr'>πλούτου</span> <span class='ocrx_word' id='word_1_116' title='bbox 499 756 650 795; x_wconf 70' lang='grc' dir='ltr'>δαψίλειαν.</span> <span class='ocrx_word' id='word_1_117' title='bbox 668 760 703 787; x_wconf 88' lang='grc' dir='ltr'><em>Ἢ</em></span> <span class='ocrx_word' id='word_1_118' title='bbox 730 761 769 795; x_wconf 83' lang='grc' dir='ltr'>τῷ</span> <span class='ocrx_word' id='word_1_119' title='bbox 799 758 909 798; x_wconf 79' lang='grc' dir='ltr'>ἀδελφῷ</span> 
     </span>
    </p>
   </div>
   <div class='ocr_carea' id='block_1_18' title="bbox 79 799 906 842">
    <p class='ocr_par' dir='ltr' id='par_1_18' title="bbox 79 799 906 842">
     <span class='ocr_line' id='line_1_18' title="bbox 79 799 906 842; baseline 0.002 -13"><span class='ocrx_word' id='word_1_120' title='bbox 79 801 200 839; x_wconf 61' lang='lat' dir='ltr'>crepa-tta</span> <span class='ocrx_word' id='word_1_121' title='bbox 226 801 279 829; x_wconf 72' lang='grc' dir='ltr'>οὐκ</span> <span class='ocrx_word' id='word_1_122' title='bbox 300 802 344 838; x_wconf 79' lang='grc' dir='ltr'>ἦν,</span> <span class='ocrx_word' id='word_1_123' title='bbox 360 799 507 838; x_wconf 72' lang='grc' dir='ltr'>ηὐλαϐεἴτο</span> <span class='ocrx_word' id='word_1_124' title='bbox 533 803 557 830; x_wconf 85' lang='grc' dir='ltr'>δ’</span> <span class='ocrx_word' id='word_1_125' title='bbox 581 803 665 838; x_wconf 78' lang='grc' dir='ltr'>αὐτὴν</span> <span class='ocrx_word' id='word_1_126' title='bbox 689 802 735 831; x_wconf 82' lang='grc' dir='ltr'>διὰ</span> <span class='ocrx_word' id='word_1_127' title='bbox 757 803 788 831; x_wconf 75' lang='grc' dir='ltr'>τὰ</span> <span class='ocrx_word' id='word_1_128' title='bbox 813 804 906 842; x_wconf 82' lang='grc' dir='ltr'>περιὸν</span> 
     </span>
    </p>
   </div>
   <div class='ocr_carea' id='block_1_19' title="bbox 78 846 906 886">
    <p class='ocr_par' dir='ltr' id='par_1_19' title="bbox 78 846 906 886">
     <span class='ocr_line' id='line_1_19' title="bbox 78 846 906 886; baseline 0.001 -12"><span class='ocrx_word' id='word_1_129' title='bbox 78 850 122 881; x_wconf 78' lang='grc' dir='ltr'>τῆς</span> <span class='ocrx_word' id='word_1_130' title='bbox 151 848 326 885; x_wconf 73' lang='grc' dir='ltr'>φρονήσεως.</span> <span class='ocrx_word' id='word_1_131' title='bbox 342 847 374 874; x_wconf 76' lang='grc' dir='ltr'><em>Ἠ</em></span> <span class='ocrx_word' id='word_1_132' title='bbox 398 846 427 874; x_wconf 77' lang='grc' dir='ltr'>δὶ</span> <span class='ocrx_word' id='word_1_133' title='bbox 453 848 490 884; x_wconf 80' lang='grc' dir='ltr'>μή</span> <span class='ocrx_word' id='word_1_134' title='bbox 519 858 594 879; x_wconf 90' lang='grc' dir='ltr'>τινος</span> <span class='ocrx_word' id='word_1_135' title='bbox 617 847 643 884; x_wconf 76' lang='grc' dir='ltr'>ἐξ</span> <span class='ocrx_word' id='word_1_136' title='bbox 668 848 774 875; x_wconf 77' lang='grc' dir='ltr'>ἐκείνου</span> <span class='ocrx_word' id='word_1_137' title='bbox 802 849 906 886; x_wconf 79' lang='grc' dir='ltr'>τυγχά-</span> 
     </span>
    </p>
   </div>
   <div class='ocr_carea' id='block_1_20' title="bbox 76 890 905 930">
    <p class='ocr_par' dir='ltr' id='par_1_20' title="bbox 76 890 905 930">
     <span class='ocr_line' id='line_1_20' title="bbox 76 890 905 930; baseline 0.002 -12"><span class='ocrx_word' id='word_1_138' title='bbox 76 901 153 918; x_wconf 80' lang='grc' dir='ltr'>νουσα</span> <span class='ocrx_word' id='word_1_139' title='bbox 180 893 237 918; x_wconf 83' lang='grc' dir='ltr'>τῶν</span> <span class='ocrx_word' id='word_1_140' title='bbox 267 891 412 928; x_wconf 78' lang='grc' dir='ltr'>μειζόνων,</span> <span class='ocrx_word' id='word_1_141' title='bbox 429 890 492 919; x_wconf 74' lang='grc' dir='ltr'>οὔτε.</span> <span class='ocrx_word' id='word_1_142' title='bbox 518 893 648 930; x_wconf 82' lang='grc' dir='ltr'>συχνάκις</span> <span class='ocrx_word' id='word_1_143' title='bbox 676 893 752 929; x_wconf 85' lang='grc' dir='ltr'>αὐτῷ</span> <span class='ocrx_word' id='word_1_144' title='bbox 779 894 905 930; x_wconf 76' lang='grc' dir='ltr'>προσῄει,</span> 
     </span>
    </p>
   </div>
   <div class='ocr_carea' id='block_1_21' title="bbox 76 935 899 977">
    <p class='ocr_par' dir='ltr' id='par_1_21' title="bbox 76 935 899 977">
     <span class='ocr_line' id='line_1_21' title="bbox 76 935 899 977; baseline 0.004 -15"><span class='ocrx_word' id='word_1_145' title='bbox 76 936 114 963; x_wconf 71' lang='grc' dir='ltr'>καὶ</span> <span class='ocrx_word' id='word_1_146' title='bbox 155 935 353 973; x_wconf 74' lang='grc' dir='ltr'>ὑπερηφάνως,</span> <span class='ocrx_word' id='word_1_147' title='bbox 383 936 428 963; x_wconf 77' lang='grc' dir='ltr'>ὅτε</span> <span class='ocrx_word' id='word_1_148' title='bbox 468 936 670 974; x_wconf 77' lang='grc' dir='ltr'>προσελήλυθε,</span> <span class='ocrx_word' id='word_1_149' title='bbox 709 937 899 977; x_wconf 76' lang='grc' dir='ltr'>προσεφέρετο,</span> 
     </span>
    </p>
   </div>
   <div class='ocr_carea' id='block_1_22' title="bbox 77 979 901 1017">
    <p class='ocr_par' dir='ltr' id='par_1_22' title="bbox 77 979 901 1017">
     <span class='ocr_line' id='line_1_22' title="bbox 77 979 901 1017; baseline 0.002 -10"><span class='ocrx_word' id='word_1_150' title='bbox 77 979 253 1017; x_wconf 69' lang='grc' dir='ltr'>διελέγχουσά</span> <span class='ocrx_word' id='word_1_151' title='bbox 281 991 311 1007; x_wconf 80' lang='grc' dir='ltr'>τε</span> <span class='ocrx_word' id='word_1_152' title='bbox 339 980 383 1008; x_wconf 88' lang='grc' dir='ltr'>καὶ</span> <span class='ocrx_word' id='word_1_153' title='bbox 410 979 589 1016; x_wconf 80' lang='grc' dir='ltr'>ἀνειδίζουσα.</span> <span class='ocrx_word' id='word_1_154' title='bbox 615 981 646 1010; x_wconf 77' lang='grc' dir='ltr'><strong>Εἰ</strong></span> <span class='ocrx_word' id='word_1_155' title='bbox 672 980 695 1008; x_wconf 83' lang='grc' dir='ltr'>δ’</span> <span class='ocrx_word' id='word_1_156' title='bbox 724 981 765 1009; x_wconf 76' lang='grc' dir='ltr'>ἐπὶ</span> <span class='ocrx_word' id='word_1_157' title='bbox 793 982 901 1014; x_wconf 80' lang='grc' dir='ltr'>τούτοις</span> 
     </span>
    </p>
   </div>
   <div class='ocr_carea' id='block_1_23' title="bbox 77 1024 900 1064">
    <p class='ocr_par' dir='ltr' id='par_1_23' title="bbox 77 1024 900 1064">
     <span class='ocr_line' id='line_1_23' title="bbox 77 1024 900 1064; baseline 0.004 -13"><span class='ocrx_word' id='word_1_158' title='bbox 77 1024 182 1062; x_wconf 68' lang='grc' dir='ltr'>ὶωρίὶκιι</span> <span class='ocrx_word' id='word_1_159' title='bbox 205 1025 254 1052; x_wconf 80' lang='grc' dir='ltr'>τὸν</span> <span class='ocrx_word' id='word_1_160' title='bbox 286 1024 403 1064; x_wconf 78' lang='grc' dir='ltr'>ἀδελφὸν</span> <span class='ocrx_word' id='word_1_161' title='bbox 435 1025 625 1063; x_wconf 79' lang='grc' dir='ltr'>ὀργιζόμενον,</span> <span class='ocrx_word' id='word_1_162' title='bbox 654 1025 828 1054; x_wconf 76' lang='grc' dir='ltr'>ἀπεδοσπέτει</span> <span class='ocrx_word' id='word_1_163' title='bbox 852 1037 900 1054; x_wconf 77' lang='grc' dir='ltr'>κα-</span> 
     </span>
    </p>
   </div>
   <div class='ocr_carea' id='block_1_24' title="bbox 77 1069 899 1108">
    <p class='ocr_par' dir='ltr' id='par_1_24' title="bbox 77 1069 899 1108">
     <span class='ocr_line' id='line_1_24' title="bbox 77 1069 899 1108; baseline 0.002 -12"><span class='ocrx_word' id='word_1_164' title='bbox 77 1072 289 1108; x_wconf 49' lang='grc' dir='ltr'>τιρρονητικῶς.</span> <span class='ocrx_word' id='word_1_165' title='bbox 319 1070 406 1108; x_wconf 78' lang='grc' dir='ltr'>Ὁρῶν</span> <span class='ocrx_word' id='word_1_166' title='bbox 441 1069 486 1098; x_wconf 73' lang='grc' dir='ltr'>οὖν</span> <span class='ocrx_word' id='word_1_167' title='bbox 515 1071 565 1106; x_wconf 80' lang='grc' dir='ltr'>τὴν</span> <span class='ocrx_word' id='word_1_168' title='bbox 593 1070 662 1107; x_wconf 83' lang='grc' dir='ltr'>πρὸς</span> <span class='ocrx_word' id='word_1_169' title='bbox 688 1071 733 1098; x_wconf 84' lang='grc' dir='ltr'>τὸν</span> <span class='ocrx_word' id='word_1_170' title='bbox 760 1071 899 1108; x_wconf 68' lang='grc' dir='ltr'>Τορνίκιοι</span> 
     </span>
    </p>
   </div>
   <div class='ocr_carea' id='block_1_25' title="bbox 78 1113 902 1153">
    <p class='ocr_par' dir='ltr' id='par_1_25' title="bbox 78 1113 902 1153">
     <span class='ocr_line' id='line_1_25' title="bbox 78 1113 902 1153; baseline 0.004 -12"><span class='ocrx_word' id='word_1_171' title='bbox 78 1117 122 1149; x_wconf 81' lang='grc' dir='ltr'>τῆς</span> <span class='ocrx_word' id='word_1_172' title='bbox 143 1113 265 1153; x_wconf 75' lang='grc' dir='ltr'>ἀδελφῆς</span> <span class='ocrx_word' id='word_1_173' title='bbox 296 1115 310 1142; x_wconf 82' lang='grc' dir='ltr'>ό</span> <span class='ocrx_word' id='word_1_174' title='bbox 337 1114 464 1152; x_wconf 81' lang='grc' dir='ltr'>βασιλεὺς</span> <span class='ocrx_word' id='word_1_175' title='bbox 494 1115 672 1152; x_wconf 80' lang='grc' dir='ltr'>γνησιότητα,</span> <span class='ocrx_word' id='word_1_176' title='bbox 698 1116 840 1144; x_wconf 83' lang='grc' dir='ltr'>ὑπώπτευὲ</span> <span class='ocrx_word' id='word_1_177' title='bbox 872 1126 902 1144; x_wconf 85' lang='grc' dir='ltr'>τε</span> 
     </span>
    </p>
   </div>
   <div class='ocr_carea' id='block_1_26' title="bbox 78 1157 900 1198">
    <p class='ocr_par' dir='ltr' id='par_1_26' title="bbox 78 1157 900 1198">
     <span class='ocr_line' id='line_1_26' title="bbox 78 1157 900 1198; baseline 0.005 -14"><span class='ocrx_word' id='word_1_178' title='bbox 78 1157 118 1185; x_wconf 71' lang='grc' dir='ltr'>καί</span> <span class='ocrx_word' id='word_1_179' title='bbox 144 1158 255 1194; x_wconf 78' lang='grc' dir='ltr'>ἐμηνία,</span> <span class='ocrx_word' id='word_1_180' title='bbox 273 1159 320 1186; x_wconf 79' lang='grc' dir='ltr'>καὶ</span> <span class='ocrx_word' id='word_1_181' title='bbox 347 1158 392 1186; x_wconf 74' lang='grc' dir='ltr'>’ίνοι</span> <span class='ocrx_word' id='word_1_182' title='bbox 418 1159 513 1198; x_wconf 70' lang='grc' dir='ltr'>πόρρω</span> <span class='ocrx_word' id='word_1_183' title='bbox 539 1159 673 1195; x_wconf 81' lang='grc' dir='ltr'>ἀλλήλων</span> <span class='ocrx_word' id='word_1_184' title='bbox 690 1163 762 1192; x_wconf 79' lang='grc' dir='ltr'>θεῖτο</span> <span class='ocrx_word' id='word_1_185' title='bbox 791 1160 900 1196; x_wconf 80' lang='grc' dir='ltr'>αὐτοὺς,</span> 
     </span>
    </p>
   </div>
   <div class='ocr_carea' id='block_1_27' title="bbox 78 1201 899 1244">
    <p class='ocr_par' dir='ltr' id='par_1_27' title="bbox 78 1201 899 1244">
     <span class='ocr_line' id='line_1_27' title="bbox 78 1201 899 1244; baseline 0.004 -15"><span class='ocrx_word' id='word_1_186' title='bbox 78 1205 123 1229; x_wconf 81' lang='grc' dir='ltr'>τῶν</span> <span class='ocrx_word' id='word_1_187' title='bbox 148 1202 173 1230; x_wconf 80' lang='grc' dir='ltr'>ἒν</span> <span class='ocrx_word' id='word_1_188' title='bbox 202 1201 316 1241; x_wconf 76' lang='grc' dir='ltr'>Ἴϐηρσι</span> <span class='ocrx_word' id='word_1_189' title='bbox 339 1205 373 1240; x_wconf 79' lang='grc' dir='ltr'>τῇ</span> <span class='ocrx_word' id='word_1_190' title='bbox 388 1203 531 1241; x_wconf 84' lang='grc' dir='ltr'>Ῥωμαίων</span> <span class='ocrx_word' id='word_1_191' title='bbox 559 1204 692 1242; x_wconf 69' lang='grc' dir='ltr'>ἡγεμονίᾳ</span> <span class='ocrx_word' id='word_1_192' title='bbox 717 1203 899 1244; x_wconf 79' lang='grc' dir='ltr'>διαφερόντων</span> 
     </span>
    </p>
   </div>
   <div class='ocr_carea' id='block_1_28' title="bbox 76 1246 900 1287">
    <p class='ocr_par' dir='ltr' id='par_1_28' title="bbox 76 1246 900 1287">
     <span class='ocr_line' id='line_1_28' title="bbox 76 1246 900 1287; baseline 0.004 -13"><span class='ocrx_word' id='word_1_193' title='bbox 76 1246 141 1283; x_wconf 82' lang='grc' dir='ltr'>αὐτῷ</span> <span class='ocrx_word' id='word_1_194' title='bbox 181 1248 232 1282; x_wconf 83' lang='grc' dir='ltr'>τήν</span> <span class='ocrx_word' id='word_1_195' title='bbox 278 1248 370 1286; x_wconf 76' lang='grc' dir='ltr'>ἀρχὴν</span> <span class='ocrx_word' id='word_1_196' title='bbox 413 1249 566 1284; x_wconf 80' lang='grc' dir='ltr'>ἀνατίθησι,</span> <span class='ocrx_word' id='word_1_197' title='bbox 608 1249 900 1287; x_wconf 76' lang='grc' dir='ltr'>κατεσχηματισμένην</span> 
     </span>
    </p>
   </div>
   <div class='ocr_carea' id='block_1_29' title="bbox 77 1291 899 1333">
    <p class='ocr_par' dir='ltr' id='par_1_29' title="bbox 77 1291 899 1333">
     <span class='ocr_line' id='line_1_29' title="bbox 77 1291 899 1333; baseline 0.004 -15"><span class='ocrx_word' id='word_1_198' title='bbox 77 1291 257 1330; x_wconf 74' lang='grc' dir='ltr'>εὖπροσώπως</span> <span class='ocrx_word' id='word_1_199' title='bbox 303 1292 448 1331; x_wconf 77' lang='grc' dir='ltr'>ὑπερορίαν</span> <span class='ocrx_word' id='word_1_200' title='bbox 498 1293 580 1321; x_wconf 80' lang='grc' dir='ltr'>αὑτοῦ</span> <span class='ocrx_word' id='word_1_201' title='bbox 629 1294 899 1333; x_wconf 78' lang='grc' dir='ltr'>καταψηφισάμενος.</span> 
     </span>
    </p>
   </div>
   <div class='ocr_carea' id='block_1_30' title="bbox 78 1335 900 1377">
    <p class='ocr_par' dir='ltr' id='par_1_30' title="bbox 78 1335 900 1377">
     <span class='ocr_line' id='line_1_30' title="bbox 78 1335 900 1377; baseline 0.005 -15"><span class='ocrx_word' id='word_1_202' title='bbox 78 1335 120 1362; x_wconf 78' lang='grc' dir='ltr'>Καὶ</span> <span class='ocrx_word' id='word_1_203' title='bbox 148 1337 162 1364; x_wconf 87' lang='grc' dir='ltr'>ὁ</span> <span class='ocrx_word' id='word_1_204' title='bbox 192 1336 241 1373; x_wconf 77' lang='grc' dir='ltr'>μὶν</span> <span class='ocrx_word' id='word_1_205' title='bbox 271 1335 406 1372; x_wconf 65' lang='grc' dir='ltr'>ἀπῆλθον’</span> <span class='ocrx_word' id='word_1_206' title='bbox 423 1339 440 1372; x_wconf 84' lang='grc' dir='ltr'>ἠ</span> <span class='ocrx_word' id='word_1_207' title='bbox 471 1336 499 1365; x_wconf 66' lang='grc' dir='ltr'>δά</span> <span class='ocrx_word' id='word_1_208' title='bbox 526 1349 557 1376; x_wconf 84' lang='grc' dir='ltr'>γε</span> <span class='ocrx_word' id='word_1_209' title='bbox 585 1339 665 1377; x_wconf 74' lang='grc' dir='ltr'>φήμη</span> <span class='ocrx_word' id='word_1_210' title='bbox 690 1339 708 1374; x_wconf 75' lang='grc' dir='ltr'><strong>ἢ</strong></span> <span class='ocrx_word' id='word_1_211' title='bbox 733 1338 801 1376; x_wconf 83' lang='grc' dir='ltr'>πρὸς</span> <span class='ocrx_word' id='word_1_212' title='bbox 832 1339 900 1376; x_wconf 75' lang='grc' dir='ltr'>μέγα</span> 
     </span>
    </p>
   </div>
   <div class='ocr_carea' id='block_1_31' title="bbox 76 1380 898 1421">
    <p class='ocr_par' dir='ltr' id='par_1_31' title="bbox 76 1380 898 1421">
     <span class='ocr_line' id='line_1_31' title="bbox 76 1380 898 1421; baseline 0.005 -14"><span class='ocrx_word' id='word_1_213' title='bbox 76 1380 156 1418; x_wconf 67' lang='grc' dir='ltr'>τύχης</span> <span class='ocrx_word' id='word_1_214' title='bbox 173 1381 253 1408; x_wconf 69' lang='grc' dir='ltr'>αὐτὸν</span> <span class='ocrx_word' id='word_1_215' title='bbox 281 1381 373 1419; x_wconf 71' lang='grc' dir='ltr'>ὲξῆρεν</span> <span class='ocrx_word' id='word_1_216' title='bbox 395 1381 420 1410; x_wconf 84' lang='grc' dir='ltr'>ἐν</span> <span class='ocrx_word' id='word_1_217' title='bbox 444 1381 549 1410; x_wconf 77' lang='grc' dir='ltr'>ἐλπίσιν</span> <span class='ocrx_word' id='word_1_218' title='bbox 575 1382 624 1410; x_wconf 79' lang='grc' dir='ltr'>οὐκ</span> <span class='ocrx_word' id='word_1_219' title='bbox 645 1380 739 1421; x_wconf 78' lang='grc' dir='ltr'>ἔληγε.</span> <span class='ocrx_word' id='word_1_220' title='bbox 755 1383 805 1411; x_wconf 87' lang='grc' dir='ltr'>Καί</span> <span class='ocrx_word' id='word_1_221' title='bbox 827 1394 898 1415; x_wconf 84' lang='grc' dir='ltr'>τινες</span> 
     </span>
    </p>
   </div>
   <div class='ocr_carea' id='block_1_32' title="bbox 77 1424 897 1465">
    <p class='ocr_par' dir='ltr' id='par_1_32' title="bbox 77 1424 897 1465">
     <span class='ocr_line' id='line_1_32' title="bbox 77 1424 897 1465; baseline 0.005 -13"><span class='ocrx_word' id='word_1_222' title='bbox 77 1424 102 1452; x_wconf 69' lang='grc' dir='ltr'>ἐκ</span> <span class='ocrx_word' id='word_1_223' title='bbox 125 1425 220 1453; x_wconf 83' lang='grc' dir='ltr'>τούτου</span> <span class='ocrx_word' id='word_1_224' title='bbox 245 1426 295 1453; x_wconf 86' lang='grc' dir='ltr'>τὸν</span> <span class='ocrx_word' id='word_1_225' title='bbox 325 1424 408 1464; x_wconf 73' lang='grc' dir='ltr'>ἄνδρα</span> <span class='ocrx_word' id='word_1_226' title='bbox 433 1427 501 1465; x_wconf 87' lang='grc' dir='ltr'>πρὸς</span> <span class='ocrx_word' id='word_1_227' title='bbox 524 1427 570 1455; x_wconf 82' lang='grc' dir='ltr'>τὸν</span> <span class='ocrx_word' id='word_1_228' title='bbox 599 1426 710 1464; x_wconf 83' lang='grc' dir='ltr'>βασιλέα</span> <span class='ocrx_word' id='word_1_229' title='bbox 740 1426 897 1457; x_wconf 72' lang='grc' dir='ltr'>διέϐαλλον.</span> 
     </span>
    </p>
   </div>
   <div class='ocr_carea' id='block_1_33' title="bbox 76 1468 897 1509">
    <p class='ocr_par' dir='ltr' id='par_1_33' title="bbox 76 1468 897 1509">
     <span class='ocr_line' id='line_1_33' title="bbox 76 1468 897 1509; baseline 0.004 -12"><span class='ocrx_word' id='word_1_230' title='bbox 76 1469 101 1498; x_wconf 88' lang='lat'>&#39;0</span> <span class='ocrx_word' id='word_1_231' title='bbox 128 1468 155 1497; x_wconf 71' lang='grc' dir='ltr'>δὲ</span> <span class='ocrx_word' id='word_1_232' title='bbox 181 1473 241 1502; x_wconf 81' lang='grc' dir='ltr'>τοῖς</span> <span class='ocrx_word' id='word_1_233' title='bbox 273 1469 368 1508; x_wconf 84' lang='grc' dir='ltr'>λόγοις</span> <span class='ocrx_word' id='word_1_234' title='bbox 393 1471 500 1503; x_wconf 80' lang='grc' dir='ltr'>τούτοις</span> <span class='ocrx_word' id='word_1_235' title='bbox 521 1472 572 1507; x_wconf 86' lang='grc' dir='ltr'>τήν</span> <span class='ocrx_word' id='word_1_236' title='bbox 593 1472 706 1509; x_wconf 83' lang='grc' dir='ltr'>γνώμην</span> <span class='ocrx_word' id='word_1_237' title='bbox 737 1471 897 1505; x_wconf 77' lang='grc' dir='ltr'>διασεισθεὶς</span> 
     </span>
    </p>
   </div>
   <div class='ocr_carea' id='block_1_34' title="bbox 79 1513 896 1555">
    <p class='ocr_par' dir='ltr' id='par_1_34' title="bbox 79 1513 896 1555">
     <span class='ocr_line' id='line_1_34' title="bbox 79 1513 896 1555; baseline 0.004 -14"><span class='ocrx_word' id='word_1_238' title='bbox 79 1513 177 1542; x_wconf 71' lang='grc' dir='ltr'>στὲλλιι</span> <span class='ocrx_word' id='word_1_239' title='bbox 204 1515 250 1543; x_wconf 85' lang='grc' dir='ltr'>καὶ</span> <span class='ocrx_word' id='word_1_240' title='bbox 282 1514 366 1553; x_wconf 80' lang='grc' dir='ltr'>κείρει</span> <span class='ocrx_word' id='word_1_241' title='bbox 393 1516 440 1552; x_wconf 69' lang='grc' dir='ltr'>μὲν</span> <span class='ocrx_word' id='word_1_242' title='bbox 468 1517 518 1551; x_wconf 70' lang='grc' dir='ltr'>τὴν</span> <span class='ocrx_word' id='word_1_243' title='bbox 542 1517 633 1553; x_wconf 81' lang='grc' dir='ltr'>κόμην</span> <span class='ocrx_word' id='word_1_244' title='bbox 668 1519 708 1553; x_wconf 83' lang='grc' dir='ltr'>τῷ</span> <span class='ocrx_word' id='word_1_245' title='bbox 746 1517 896 1555; x_wconf 80' lang='grc' dir='ltr'>Τορνικίῳ,</span> 
     </span>
    </p>
   </div>
   <div class='ocr_carea' id='block_1_35' title="bbox 79 1559 896 1599">
    <p class='ocr_par' dir='ltr' id='par_1_35' title="bbox 79 1559 896 1599">
     <span class='ocr_line' id='line_1_35' title="bbox 79 1559 896 1599; baseline 0.005 -14"><span class='ocrx_word' id='word_1_246' title='bbox 79 1559 214 1598; x_wconf 79' lang='grc' dir='ltr'>συγκείρειν</span> <span class='ocrx_word' id='word_1_247' title='bbox 250 1560 326 1596; x_wconf 79' lang='grc' dir='ltr'>αὖτῷ</span> <span class='ocrx_word' id='word_1_248' title='bbox 353 1563 412 1592; x_wconf 88' lang='grc' dir='ltr'>ταῖς</span> <span class='ocrx_word' id='word_1_249' title='bbox 441 1561 510 1599; x_wconf 82' lang='grc' dir='ltr'>θριξὶ</span> <span class='ocrx_word' id='word_1_250' title='bbox 539 1561 583 1588; x_wconf 83' lang='grc' dir='ltr'>καὶ</span> <span class='ocrx_word' id='word_1_251' title='bbox 609 1561 656 1593; x_wconf 82' lang='grc' dir='ltr'>τὰς</span> <span class='ocrx_word' id='word_1_252' title='bbox 673 1560 785 1593; x_wconf 71' lang='grc' dir='ltr'>ιλπίδας</span> <span class='ocrx_word' id='word_1_253' title='bbox 801 1562 896 1599; x_wconf 78' lang='grc' dir='ltr'>οἰόμε-</span> 
     </span>
    </p>
   </div>
   <div class='ocr_carea' id='block_1_36' title="bbox 77 1599 934 1645">
    <p class='ocr_par' dir='ltr' id='par_1_36' title="bbox 77 1599 934 1645">
     <span class='ocr_line' id='line_1_36' title="bbox 77 1599 934 1645; baseline 0.005 -15"><span class='ocrx_word' id='word_1_254' title='bbox 77 1613 124 1637; x_wconf 87' lang='grc' dir='ltr'>νος,</span> <span class='ocrx_word' id='word_1_255' title='bbox 141 1603 221 1642; x_wconf 71' lang='grc' dir='ltr'>ῥάκος</span> <span class='ocrx_word' id='word_1_256' title='bbox 253 1603 285 1632; x_wconf 81' lang='grc' dir='ltr'>δὶ</span> <span class='ocrx_word' id='word_1_257' title='bbox 316 1603 400 1641; x_wconf 74' lang='grc' dir='ltr'>μέλαν</span> <span class='ocrx_word' id='word_1_258' title='bbox 426 1605 505 1633; x_wconf 80' lang='grc' dir='ltr'>αὑτὸν</span> <span class='ocrx_word' id='word_1_259' title='bbox 523 1605 693 1644; x_wconf 63' lang='grc' dir='ltr'>ἀμφιέννυσι,</span> <span class='ocrx_word' id='word_1_260' title='bbox 712 1608 808 1645; x_wconf 77' lang='grc' dir='ltr'>ζοφοῦν</span> <span class='ocrx_word' id='word_1_261' title='bbox 824 1606 898 1643; x_wconf 80' lang='grc' dir='ltr'>αὐτῷ</span> <span class='ocrx_word' id='word_1_262' title='bbox 913 1599 934 1633; x_wconf 78' lang='lat' dir='ltr'>C</span> 
     </span>
    </p>
   </div>
   <div class='ocr_carea' id='block_1_37' title="bbox 79 1648 898 1689">
    <p class='ocr_par' dir='ltr' id='par_1_37' title="bbox 79 1648 898 1689">
     <span class='ocr_line' id='line_1_37' title="bbox 79 1648 898 1689; baseline 0.005 -15"><span class='ocrx_word' id='word_1_263' title='bbox 79 1648 188 1684; x_wconf 82' lang='grc' dir='ltr'>νομίζων</span> <span class='ocrx_word' id='word_1_264' title='bbox 214 1648 337 1681; x_wconf 65' lang='grc' dir='ltr'>ἐντεῦθεν</span> <span class='ocrx_word' id='word_1_265' title='bbox 364 1650 414 1684; x_wconf 74' lang='grc' dir='ltr'>τὴν</span> <span class='ocrx_word' id='word_1_266' title='bbox 449 1648 681 1687; x_wconf 67' lang='grc' dir='ltr'>προσδοκωμένην</span> <span class='ocrx_word' id='word_1_267' title='bbox 722 1654 772 1686; x_wconf 84' lang='grc' dir='ltr'>τῆς</span> <span class='ocrx_word' id='word_1_268' title='bbox 808 1650 898 1689; x_wconf 83' lang='grc' dir='ltr'>τύχης</span> 
     </span>
    </p>
   </div>
   <div class='ocr_carea' id='block_1_38' title="bbox 80 1690 897 1733">
    <p class='ocr_par' dir='ltr' id='par_1_38' title="bbox 80 1690 897 1733">
     <span class='ocr_line' id='line_1_38' title="bbox 80 1690 897 1733; baseline 0.005 -14"><span class='ocrx_word' id='word_1_269' title='bbox 80 1690 263 1730; x_wconf 81' lang='grc' dir='ltr'>λαμπρότητα,</span> <span class='ocrx_word' id='word_1_270' title='bbox 297 1693 369 1721; x_wconf 80' lang='grc' dir='ltr'>οὕτω</span> <span class='ocrx_word' id='word_1_271' title='bbox 405 1692 426 1721; x_wconf 82' lang='grc' dir='ltr'>δ’</span> <span class='ocrx_word' id='word_1_272' title='bbox 454 1693 633 1723; x_wconf 80' lang='grc' dir='ltr'>ἐπανελθόντα</span> <span class='ocrx_word' id='word_1_273' title='bbox 662 1696 726 1732; x_wconf 86' lang='grc' dir='ltr'>μήτ’</span> <span class='ocrx_word' id='word_1_274' title='bbox 754 1695 897 1733; x_wconf 80' lang='grc' dir='ltr'>οἰκτείρας,</span> 
     </span>
    </p>
   </div>
   <div class='ocr_carea' id='block_1_39' title="bbox 81 1735 897 1778">
    <p class='ocr_par' dir='ltr' id='par_1_39' title="bbox 81 1735 897 1778">
     <span class='ocr_line' id='line_1_39' title="bbox 81 1735 897 1778; baseline 0.006 -15"><span class='ocrx_word' id='word_1_275' title='bbox 81 1735 144 1764; x_wconf 67' lang='grc' dir='ltr'>ἀλλὰ</span> <span class='ocrx_word' id='word_1_276' title='bbox 170 1737 216 1765; x_wconf 86' lang='grc' dir='ltr'>καί</span> <span class='ocrx_word' id='word_1_277' title='bbox 244 1737 431 1776; x_wconf 74' lang='grc' dir='ltr'>ἐπικαγχάσας</span> <span class='ocrx_word' id='word_1_278' title='bbox 459 1739 571 1778; x_wconf 78' lang='grc' dir='ltr'>ἀφῆκεν.</span> <span class='ocrx_word' id='word_1_279' title='bbox 589 1740 622 1768; x_wconf 82' lang='grc' dir='ltr'>Οἱ</span> <span class='ocrx_word' id='word_1_280' title='bbox 648 1739 675 1767; x_wconf 70' lang='grc' dir='ltr'>δέ</span> <span class='ocrx_word' id='word_1_281' title='bbox 702 1750 733 1778; x_wconf 81' lang='grc' dir='ltr'>γε</span> <span class='ocrx_word' id='word_1_282' title='bbox 747 1739 897 1772; x_wconf 75' lang='grc' dir='ltr'>Μακεδόνες</span> 
     </span>
    </p>
   </div>
   <div class='ocr_carea' id='block_1_40' title="bbox 81 1782 898 1821">
    <p class='ocr_par' dir='ltr' id='par_1_40' title="bbox 81 1782 898 1821">
     <span class='ocr_line' id='line_1_40' title="bbox 81 1782 898 1821; baseline 0.004 -12"><span class='ocrx_word' id='word_1_283' title='bbox 81 1782 142 1818; x_wconf 60' lang='lat'>(35&#39;)</span> <span class='ocrx_word' id='word_1_284' title='bbox 170 1782 215 1810; x_wconf 83' lang='grc' dir='ltr'>καὶ</span> <span class='ocrx_word' id='word_1_285' title='bbox 242 1782 354 1821; x_wconf 82' lang='grc' dir='ltr'>πρώην,</span> <span class='ocrx_word' id='word_1_286' title='bbox 371 1783 408 1815; x_wconf 83' lang='grc' dir='ltr'>ὡς</span> <span class='ocrx_word' id='word_1_287' title='bbox 437 1782 553 1821; x_wconf 76' lang='grc' dir='ltr'>εἴρηται,</span> <span class='ocrx_word' id='word_1_288' title='bbox 568 1784 759 1821; x_wconf 76' lang='grc' dir='ltr'>προσκείμενοι</span> <span class='ocrx_word' id='word_1_289' title='bbox 785 1788 824 1821; x_wconf 87' lang='grc' dir='ltr'>τῷ</span> <span class='ocrx_word' id='word_1_290' title='bbox 853 1785 898 1812; x_wconf 76' lang='grc' dir='ltr'>ἀν-</span> 
     </span>
    </p>
   </div>
   <div class='ocr_carea' id='block_1_41' title="bbox 82 1823 898 1865">
    <p class='ocr_par' dir='ltr' id='par_1_41' title="bbox 82 1823 898 1865">
     <span class='ocr_line' id='line_1_41' title="bbox 82 1823 898 1865; baseline 0.007 -14"><span class='ocrx_word' id='word_1_291' title='bbox 82 1823 185 1861; x_wconf 77' lang='grc' dir='ltr'>δρὶ,κ,αὶ</span> <span class='ocrx_word' id='word_1_292' title='bbox 214 1828 341 1865; x_wconf 78' lang='grc' dir='ltr'>χρηστὰς</span> <span class='ocrx_word' id='word_1_293' title='bbox 367 1827 482 1859; x_wconf 82' lang='grc' dir='ltr'>ἐλπίδας</span> <span class='ocrx_word' id='word_1_294' title='bbox 512 1827 553 1856; x_wconf 79' lang='grc' dir='ltr'>ἐπ’</span> <span class='ocrx_word' id='word_1_295' title='bbox 577 1828 650 1865; x_wconf 81' lang='grc' dir='ltr'>αὑτῷ</span> <span class='ocrx_word' id='word_1_296' title='bbox 674 1828 835 1864; x_wconf 75' lang='grc' dir='ltr'>θάλποντες,</span> <span class='ocrx_word' id='word_1_297' title='bbox 850 1840 898 1857; x_wconf 90' lang='grc' dir='ltr'>νυ-</span> 
     </span>
    </p>
   </div>
   <div class='ocr_carea' id='block_1_42' title="bbox 82 1871 897 1912">
    <p class='ocr_par' dir='ltr' id='par_1_42' title="bbox 82 1871 897 1912">
     <span class='ocr_line' id='line_1_42' title="bbox 82 1871 897 1912; baseline 0.006 -15"><span class='ocrx_word' id='word_1_298' title='bbox 82 1871 135 1902; x_wconf 78' lang='grc' dir='ltr'>κτὸς</span> <span class='ocrx_word' id='word_1_299' title='bbox 149 1871 226 1900; x_wconf 80' lang='grc' dir='ltr'>αὐτὸν</span> <span class='ocrx_word' id='word_1_300' title='bbox 242 1872 454 1910; x_wconf 76' lang='grc' dir='ltr'>ὑπεξαγαγόντες</span> <span class='ocrx_word' id='word_1_301' title='bbox 467 1876 518 1908; x_wconf 85' lang='grc' dir='ltr'>τῆς</span> <span class='ocrx_word' id='word_1_302' title='bbox 540 1872 681 1912; x_wconf 82' lang='grc' dir='ltr'>βασιλίδος</span> <span class='ocrx_word' id='word_1_303' title='bbox 703 1877 757 1902; x_wconf 83' lang='grc' dir='ltr'>τῶν</span> <span class='ocrx_word' id='word_1_304' title='bbox 779 1872 897 1912; x_wconf 81' lang='grc' dir='ltr'>πόλιων,</span> 
     </span>
    </p>
   </div>
   <div class='ocr_carea' id='block_1_43' title="bbox 84 1912 898 1957">
    <p class='ocr_par' dir='ltr' id='par_1_43' title="bbox 84 1912 898 1957">
     <span class='ocr_line' id='line_1_43' title="bbox 84 1912 898 1957; baseline 0.004 -13"><span class='ocrx_word' id='word_1_305' title='bbox 84 1912 105 1944; x_wconf 59' lang='grc' dir='ltr'>ξς</span> <span class='ocrx_word' id='word_1_306' title='bbox 117 1916 164 1950; x_wconf 79' lang='grc' dir='ltr'>τήν</span> <span class='ocrx_word' id='word_1_307' title='bbox 179 1916 269 1944; x_wconf 77' lang='grc' dir='ltr'>αὐτῶν</span> <span class='ocrx_word' id='word_1_308' title='bbox 290 1916 461 1955; x_wconf 82' lang='grc' dir='ltr'>μητρόπολιν</span> <span class='ocrx_word' id='word_1_309' title='bbox 484 1918 592 1956; x_wconf 82' lang='grc' dir='ltr'>ἀγουσιν</span> <span class='ocrx_word' id='word_1_310' title='bbox 616 1918 695 1946; x_wconf 79' lang='grc' dir='ltr'>αὐτὸν</span> <span class='ocrx_word' id='word_1_311' title='bbox 723 1919 772 1953; x_wconf 78' lang='grc' dir='ltr'>τὴν</span> <span class='ocrx_word' id='word_1_312' title='bbox 788 1918 898 1957; x_wconf 83' lang='grc' dir='ltr'>Ἀδρια-</span> 
     </span>
    </p>
   </div>
   <div class='ocr_carea' id='block_1_44' title="bbox 83 1959 898 2000">
    <p class='ocr_par' dir='ltr' id='par_1_44' title="bbox 83 1959 898 2000">
     <span class='ocr_line' id='line_1_44' title="bbox 83 1959 898 2000; baseline 0.006 -14"><span class='ocrx_word' id='word_1_313' title='bbox 83 1959 214 1996; x_wconf 73' lang='grc' dir='ltr'>νούπολιν,</span> <span class='ocrx_word' id='word_1_314' title='bbox 230 1962 278 1989; x_wconf 82' lang='grc' dir='ltr'>καὶ</span> <span class='ocrx_word' id='word_1_315' title='bbox 307 1961 325 1996; x_wconf 76' lang='grc' dir='ltr'><strong>ἢ</strong></span> <span class='ocrx_word' id='word_1_316' title='bbox 347 1961 452 1999; x_wconf 75' lang='grc' dir='ltr'>σπουδῇ</span> <span class='ocrx_word' id='word_1_317' title='bbox 480 1965 534 1990; x_wconf 85' lang='grc' dir='ltr'>τῶν</span> <span class='ocrx_word' id='word_1_318' title='bbox 564 1964 795 2000; x_wconf 79' lang='grc' dir='ltr'>προστιθειμένων</span> <span class='ocrx_word' id='word_1_319' title='bbox 825 1964 898 2000; x_wconf 80' lang='grc' dir='ltr'>αὐτῷ</span> 
     </span>
    </p>
   </div>
   <div class='ocr_carea' id='block_1_45' title="bbox 83 2004 898 2047">
    <p class='ocr_par' dir='ltr' id='par_1_45' title="bbox 83 2004 898 2047">
     <span class='ocr_line' id='line_1_45' title="bbox 83 2004 898 2047; baseline 0.007 -17"><span class='ocrx_word' id='word_1_320' title='bbox 83 2004 144 2042; x_wconf 71' lang='grc' dir='ltr'>ταχὺ</span> <span class='ocrx_word' id='word_1_321' title='bbox 168 2005 201 2033; x_wconf 78' lang='grc' dir='ltr'>τὰ</span> <span class='ocrx_word' id='word_1_322' title='bbox 227 2005 319 2034; x_wconf 83' lang='grc' dir='ltr'>πλείω</span> <span class='ocrx_word' id='word_1_323' title='bbox 345 2009 398 2034; x_wconf 81' lang='grc' dir='ltr'>τῶν</span> <span class='ocrx_word' id='word_1_324' title='bbox 425 2007 632 2045; x_wconf 78' lang='grc' dir='ltr'>στρατευμάτων</span> <span class='ocrx_word' id='word_1_325' title='bbox 668 2007 723 2035; x_wconf 80' lang='grc' dir='ltr'>ἐκεῖ</span> <span class='ocrx_word' id='word_1_326' title='bbox 753 2008 898 2047; x_wconf 88' lang='grc' dir='ltr'>συνηθροί-</span> 
     </span>
    </p>
   </div>
   <div class='ocr_carea' id='block_1_46' title="bbox 86 2049 899 2090">
    <p class='ocr_par' dir='ltr' id='par_1_46' title="bbox 86 2049 899 2090">
     <span class='ocr_line' id='line_1_46' title="bbox 86 2049 899 2090; baseline 0.006 -15"><span class='ocrx_word' id='word_1_327' title='bbox 86 2054 185 2086; x_wconf 75' lang='grc' dir='ltr'>σθησαν,</span> <span class='ocrx_word' id='word_1_328' title='bbox 201 2049 217 2085; x_wconf 74' lang='grc' dir='ltr'><strong>ἢ</strong></span> <span class='ocrx_word' id='word_1_329' title='bbox 233 2050 281 2078; x_wconf 81' lang='grc' dir='ltr'>καὶ</span> <span class='ocrx_word' id='word_1_330' title='bbox 313 2050 383 2088; x_wconf 85' lang='grc' dir='ltr'>μίσει</span> <span class='ocrx_word' id='word_1_331' title='bbox 411 2054 452 2088; x_wconf 83' lang='grc' dir='ltr'>τῷ</span> <span class='ocrx_word' id='word_1_332' title='bbox 476 2052 545 2089; x_wconf 88' lang='grc' dir='ltr'>πρὸς</span> <span class='ocrx_word' id='word_1_333' title='bbox 573 2052 618 2079; x_wconf 84' lang='grc' dir='ltr'>τὸν</span> <span class='ocrx_word' id='word_1_334' title='bbox 639 2052 835 2090; x_wconf 75' lang='grc' dir='ltr'>αὐτοκράτορα.</span> <span class='ocrx_word' id='word_1_335' title='bbox 851 2053 899 2080; x_wconf 73' lang='lat' dir='ltr'>Atei.</span> 
     </span>
    </p>
   </div>
   <div class='ocr_carea' id='block_1_47' title="bbox 83 2095 899 2135">
    <p class='ocr_par' dir='ltr' id='par_1_47' title="bbox 83 2095 899 2135">
     <span class='ocr_line' id='line_1_47' title="bbox 83 2095 899 2135; baseline 0.006 -16"><span class='ocrx_word' id='word_1_336' title='bbox 83 2102 149 2125; x_wconf 78' lang='grc' dir='ltr'>τινας</span> <span class='ocrx_word' id='word_1_337' title='bbox 174 2095 224 2133; x_wconf 77' lang='grc' dir='ltr'>γὰρ</span> <span class='ocrx_word' id='word_1_338' title='bbox 253 2095 343 2127; x_wconf 81' lang='grc' dir='ltr'>αἰτίας</span> <span class='ocrx_word' id='word_1_339' title='bbox 371 2095 427 2124; x_wconf 77' lang='grc' dir='ltr'>οὔτ’</span> <span class='ocrx_word' id='word_1_340' title='bbox 451 2096 551 2128; x_wconf 66' lang='grc' dir='ltr'>ἐκεῖνος</span> <span class='ocrx_word' id='word_1_341' title='bbox 580 2095 673 2129; x_wconf 85' lang='grc' dir='ltr'>καλῶς</span> <span class='ocrx_word' id='word_1_342' title='bbox 686 2100 745 2128; x_wconf 86' lang='grc' dir='ltr'>τοῖς</span> <span class='ocrx_word' id='word_1_343' title='bbox 770 2097 899 2135; x_wconf 85' lang='grc' dir='ltr'>στρατιώ-</span> 
     </span>
    </p>
   </div>
   <div class='ocr_carea' id='block_1_48' title="bbox 85 2138 898 2180">
    <p class='ocr_par' dir='ltr' id='par_1_48' title="bbox 85 2138 898 2180">
     <span class='ocr_line' id='line_1_48' title="bbox 85 2138 898 2180; baseline 0.007 -17"><span class='ocrx_word' id='word_1_344' title='bbox 85 2147 135 2168; x_wconf 81' lang='grc' dir='ltr'>ταις</span> <span class='ocrx_word' id='word_1_345' title='bbox 162 2138 307 2177; x_wconf 74' lang='grc' dir='ltr'>ἐκέχρητο,</span> <span class='ocrx_word' id='word_1_346' title='bbox 337 2139 410 2168; x_wconf 75' lang='grc' dir='ltr'>ἀλλὰ</span> <span class='ocrx_word' id='word_1_347' title='bbox 446 2141 491 2169; x_wconf 86' lang='grc' dir='ltr'>καὶ</span> <span class='ocrx_word' id='word_1_348' title='bbox 528 2141 643 2179; x_wconf 81' lang='grc' dir='ltr'>ὑποψίας</span> <span class='ocrx_word' id='word_1_349' title='bbox 684 2142 813 2180; x_wconf 75' lang='grc' dir='ltr'>ὑπέτρεφε</span> <span class='ocrx_word' id='word_1_350' title='bbox 840 2143 898 2169; x_wconf 87' lang='grc' dir='ltr'>κατ’</span> 
     </span>
    </p>
   </div>
   <div class='ocr_carea' id='block_1_49' title="bbox 86 2181 898 2224">
    <p class='ocr_par' dir='ltr' id='par_1_49' title="bbox 86 2181 898 2224">
     <span class='ocr_line' id='line_1_49' title="bbox 86 2181 898 2224; baseline 0.007 -16"><span class='ocrx_word' id='word_1_351' title='bbox 86 2181 173 2217; x_wconf 78' lang='grc' dir='ltr'>αὐτῶν,</span> <span class='ocrx_word' id='word_1_352' title='bbox 195 2184 316 2212; x_wconf 77' lang='grc' dir='ltr'>κάκεῖνοι</span> <span class='ocrx_word' id='word_1_353' title='bbox 345 2183 389 2213; x_wconf 78' lang='grc' dir='ltr'>διὰ</span> <span class='ocrx_word' id='word_1_354' title='bbox 415 2187 500 2213; x_wconf 81' lang='grc' dir='ltr'>ταῦτα</span> <span class='ocrx_word' id='word_1_355' title='bbox 522 2186 589 2224; x_wconf 86' lang='grc' dir='ltr'>πρὸς</span> <span class='ocrx_word' id='word_1_356' title='bbox 619 2185 700 2224; x_wconf 78' lang='grc' dir='ltr'>ἔχθος</span> <span class='ocrx_word' id='word_1_357' title='bbox 728 2187 786 2214; x_wconf 88' lang='grc' dir='ltr'>κατ’</span> <span class='ocrx_word' id='word_1_358' title='bbox 815 2187 898 2214; x_wconf 76' lang='grc' dir='ltr'>αὐτοῦ</span> 
     </span>
    </p>
   </div>
   <div class='ocr_carea' id='block_1_50' title="bbox 85 2225 899 2270">
    <p class='ocr_par' dir='ltr' id='par_1_50' title="bbox 85 2225 899 2270">
     <span class='ocr_line' id='line_1_50' title="bbox 85 2225 899 2270; baseline 0.006 -17"><span class='ocrx_word' id='word_1_359' title='bbox 85 2225 242 2262; x_wconf 79' lang='grc' dir='ltr'>ἠρεθίζοντο.</span> <span class='ocrx_word' id='word_1_360' title='bbox 269 2229 315 2261; x_wconf 87' lang='grc' dir='ltr'>Ὧς</span> <span class='ocrx_word' id='word_1_361' title='bbox 341 2228 362 2257; x_wconf 83' lang='grc' dir='ltr'>δ’</span> <span class='ocrx_word' id='word_1_362' title='bbox 387 2229 432 2257; x_wconf 69' lang='grc' dir='ltr'>οὖν</span> <span class='ocrx_word' id='word_1_363' title='bbox 469 2229 660 2268; x_wconf 70' lang='grc' dir='ltr'>συνελέγησαν,</span> <span class='ocrx_word' id='word_1_364' title='bbox 686 2230 823 2270; x_wconf 67' lang='grc' dir='ltr'>εὐφημίας</span> <span class='ocrx_word' id='word_1_365' title='bbox 850 2231 899 2258; x_wconf 78' lang='grc' dir='ltr'>αὖ-</span> 
     </span>
    </p>
   </div>
   <div class='ocr_carea' id='block_1_51' title="bbox 85 2270 936 2316">
    <p class='ocr_par' dir='ltr' id='par_1_51' title="bbox 85 2270 936 2316">
     <span class='ocr_line' id='line_1_51' title="bbox 85 2270 936 2316; baseline 0.007 -19"><span class='ocrx_word' id='word_1_366' title='bbox 85 2270 138 2316; x_wconf 75' lang='grc' dir='ltr'>τίκα</span> <span class='ocrx_word' id='word_1_367' title='bbox 161 2273 303 2310; x_wconf 80' lang='grc' dir='ltr'>βασιλικῆς</span> <span class='ocrx_word' id='word_1_368' title='bbox 327 2274 372 2302; x_wconf 88' lang='grc' dir='ltr'>καὶ</span> <span class='ocrx_word' id='word_1_369' title='bbox 401 2274 575 2314; x_wconf 71' lang='grc' dir='ltr'>ἀναῤῥήσεως</span> <span class='ocrx_word' id='word_1_370' title='bbox 605 2275 785 2311; x_wconf 77' lang='grc' dir='ltr'>κατηξίωσαν.</span> <span class='ocrx_word' id='word_1_371' title='bbox 817 2276 844 2303; x_wconf 75' lang='lat'>&#39;0</span> <span class='ocrx_word' id='word_1_372' title='bbox 870 2274 936 2316; x_wconf 69' lang='grc' dir='ltr'>δὲυ</span> 
     </span>
    </p>
   </div>
   <div class='ocr_carea' id='block_1_52' title="bbox 88 2314 896 2358">
    <p class='ocr_par' dir='ltr' id='par_1_52' title="bbox 88 2314 896 2358">
     <span class='ocr_line' id='line_1_52' title="bbox 88 2314 896 2358; baseline 0.009 -17"><span class='ocrx_word' id='word_1_373' title='bbox 88 2314 127 2341; x_wconf 70' lang='grc' dir='ltr'>σὺν</span> <span class='ocrx_word' id='word_1_374' title='bbox 149 2317 236 2350; x_wconf 74' lang='grc' dir='ltr'>αὐτοῖς</span> <span class='ocrx_word' id='word_1_375' title='bbox 263 2318 341 2350; x_wconf 79' lang='grc' dir='ltr'>εὐθὺς</span> <span class='ocrx_word' id='word_1_376' title='bbox 369 2318 449 2357; x_wconf 79' lang='grc' dir='ltr'>ἔργου</span> <span class='ocrx_word' id='word_1_377' title='bbox 477 2318 578 2357; x_wconf 72' lang='grc' dir='ltr'>εἴχετο,</span> <span class='ocrx_word' id='word_1_378' title='bbox 591 2319 636 2347; x_wconf 75' lang='grc' dir='ltr'><strong>καί</strong></span> <span class='ocrx_word' id='word_1_379' title='bbox 659 2319 757 2358; x_wconf 78' lang='grc' dir='ltr'>ἀθρόον</span> <span class='ocrx_word' id='word_1_380' title='bbox 784 2322 818 2357; x_wconf 81' lang='grc' dir='ltr'>τῇ</span> <span class='ocrx_word' id='word_1_381' title='bbox 845 2321 896 2358; x_wconf 86' lang='grc' dir='ltr'>βα-</span> 
     </span>
    </p>
   </div>
   <div class='ocr_carea' id='block_1_53' title="bbox 89 2359 896 2404">
    <p class='ocr_par' dir='ltr' id='par_1_53' title="bbox 89 2359 896 2404">
     <span class='ocr_line' id='line_1_53' title="bbox 89 2359 896 2404; baseline 0.007 -17"><span class='ocrx_word' id='word_1_382' title='bbox 89 2359 217 2399; x_wconf 76' lang='grc' dir='ltr'>σιλευούσῃ</span> <span class='ocrx_word' id='word_1_383' title='bbox 244 2363 382 2403; x_wconf 78' lang='grc' dir='ltr'>ἐπιφοιτᾷ,</span> <span class='ocrx_word' id='word_1_384' title='bbox 409 2364 454 2391; x_wconf 88' lang='grc' dir='ltr'>καί</span> <span class='ocrx_word' id='word_1_385' title='bbox 482 2364 508 2392; x_wconf 80' lang='grc' dir='ltr'>οἱ</span> <span class='ocrx_word' id='word_1_386' title='bbox 534 2364 672 2402; x_wconf 82' lang='grc' dir='ltr'>προσιόντι</span> <span class='ocrx_word' id='word_1_387' title='bbox 708 2365 896 2404; x_wconf 76' lang='grc' dir='ltr'>προσεφοίτων</span> 
     </span>
    </p>
   </div>
   <div class='ocr_carea' id='block_1_54' title="bbox 88 2404 898 2446">
    <p class='ocr_par' dir='ltr' id='par_1_54' title="bbox 88 2404 898 2446">
     <span class='ocr_line' id='line_1_54' title="bbox 88 2404 898 2446; baseline 0.009 -16"><span class='ocrx_word' id='word_1_388' title='bbox 88 2404 177 2432; x_wconf 84' lang='grc' dir='ltr'>πολλοὶ</span> <span class='ocrx_word' id='word_1_389' title='bbox 201 2408 246 2434; x_wconf 78' lang='grc' dir='ltr'>καὶ</span> <span class='ocrx_word' id='word_1_390' title='bbox 273 2411 435 2446; x_wconf 86' lang='grc' dir='ltr'>στρατιῶται</span> <span class='ocrx_word' id='word_1_391' title='bbox 459 2408 503 2436; x_wconf 79' lang='grc' dir='ltr'>καί</span> <span class='ocrx_word' id='word_1_392' title='bbox 532 2409 653 2445; x_wconf 81' lang='grc' dir='ltr'>ἀστυκοὶ,</span> <span class='ocrx_word' id='word_1_393' title='bbox 679 2408 802 2441; x_wconf 79' lang='grc' dir='ltr'>κᾶκεῖνος</span> <span class='ocrx_word' id='word_1_394' title='bbox 837 2412 898 2442; x_wconf 88' lang='grc' dir='ltr'>ταῖς</span> 
     </span>
    </p>
   </div>
   <div class='ocr_carea' id='block_1_55' title="bbox 90 2446 895 2492">
    <p class='ocr_par' dir='ltr' id='par_1_55' title="bbox 90 2446 895 2492">
     <span class='ocr_line' id='line_1_55' title="bbox 90 2446 895 2492; baseline 0.01 -17"><span class='ocrx_word' id='word_1_395' title='bbox 90 2446 181 2492; x_wconf 57' lang='grc' dir='ltr'>ᾇλπίσιν</span> <span class='ocrx_word' id='word_1_396' title='bbox 205 2451 331 2489; x_wconf 74' lang='grc' dir='ltr'>ᾐώρητο,</span> <span class='ocrx_word' id='word_1_397' title='bbox 346 2453 383 2484; x_wconf 83' lang='grc' dir='ltr'>ὡς</span> <span class='ocrx_word' id='word_1_398' title='bbox 413 2451 444 2480; x_wconf 77' lang='grc' dir='ltr'>οὕ</span> <span class='ocrx_word' id='word_1_399' title='bbox 468 2463 543 2485; x_wconf 84' lang='grc' dir='ltr'>τινος</span> <span class='ocrx_word' id='word_1_400' title='bbox 567 2453 641 2490; x_wconf 84' lang='grc' dir='ltr'>αὐτῷ</span> <span class='ocrx_word' id='word_1_401' title='bbox 657 2454 895 2492; x_wconf 74' lang='grc' dir='ltr'>ἀντιστησομίνου,</span> 
     </span>
    </p>
   </div>
   <div class='ocr_carea' id='block_1_56' title="bbox 92 2491 897 2535">
    <p class='ocr_par' dir='ltr' id='par_1_56' title="bbox 92 2491 897 2535">
     <span class='ocr_line' id='line_1_56' title="bbox 92 2491 897 2535; baseline 0.011 -16"><span class='ocrx_word' id='word_1_402' title='bbox 92 2491 152 2520; x_wconf 70' lang='grc' dir='ltr'>ἀλλὰ</span> <span class='ocrx_word' id='word_1_403' title='bbox 179 2495 282 2531; x_wconf 69' lang='grc' dir='ltr'>μᾶλλον</span> <span class='ocrx_word' id='word_1_404' title='bbox 319 2498 538 2526; x_wconf 65' lang='grc' dir='ltr'>ἂναπετασόντων</span> <span class='ocrx_word' id='word_1_405' title='bbox 578 2498 650 2535; x_wconf 83' lang='grc' dir='ltr'>αὐτῷ</span> <span class='ocrx_word' id='word_1_406' title='bbox 688 2499 805 2531; x_wconf 77' lang='grc' dir='ltr'>εὐπετῶς</span> <span class='ocrx_word' id='word_1_407' title='bbox 844 2502 897 2528; x_wconf 84' lang='grc' dir='ltr'>τῶν</span> 
     </span>
    </p>
   </div>
   <div class='ocr_carea' id='block_1_57' title="bbox 93 2535 898 2581">
    <p class='ocr_par' dir='ltr' id='par_1_57' title="bbox 93 2535 898 2581">
     <span class='ocr_line' id='line_1_57' title="bbox 93 2535 898 2581; baseline 0.009 -16"><span class='ocrx_word' id='word_1_408' title='bbox 93 2535 176 2575; x_wconf 70' lang='grc' dir='ltr'>ἀστῶν,</span> <span class='ocrx_word' id='word_1_409' title='bbox 190 2540 232 2568; x_wconf 80' lang='grc' dir='ltr'>καὶ</span> <span class='ocrx_word' id='word_1_410' title='bbox 257 2542 306 2573; x_wconf 80' lang='grc' dir='ltr'>τὰς</span> <span class='ocrx_word' id='word_1_411' title='bbox 331 2541 420 2574; x_wconf 82' lang='grc' dir='ltr'>πύλας</span> <span class='ocrx_word' id='word_1_412' title='bbox 443 2546 494 2578; x_wconf 80' lang='grc' dir='ltr'>τῆς</span> <span class='ocrx_word' id='word_1_413' title='bbox 518 2542 635 2580; x_wconf 81' lang='grc' dir='ltr'>πόλεως,</span> <span class='ocrx_word' id='word_1_414' title='bbox 660 2543 701 2572; x_wconf 73' lang='grc' dir='ltr'>ὅτι</span> <span class='ocrx_word' id='word_1_415' title='bbox 726 2555 756 2572; x_wconf 85' lang='grc' dir='ltr'>τε</span> <span class='ocrx_word' id='word_1_416' title='bbox 778 2545 812 2572; x_wconf 82' lang='grc' dir='ltr'>τὰ</span> <span class='ocrx_word' id='word_1_417' title='bbox 825 2545 898 2581; x_wconf 84' lang='grc' dir='ltr'>Ἑῷα</span> 
     </span>
    </p>
   </div>
   <div class='ocr_carea' id='block_1_58' title="bbox 92 2583 897 2626">
    <p class='ocr_par' dir='ltr' id='par_1_58' title="bbox 92 2583 897 2626">
     <span class='ocr_line' id='line_1_58' title="bbox 92 2583 897 2626; baseline 0.014 -19"><span class='ocrx_word' id='word_1_418' title='bbox 92 2583 261 2620; x_wconf 71' lang='grc' dir='ltr'>στρατεύματα</span> <span class='ocrx_word' id='word_1_419' title='bbox 283 2586 418 2624; x_wconf 75' lang='grc' dir='ltr'>πολέμοις</span> <span class='ocrx_word' id='word_1_420' title='bbox 447 2587 503 2616; x_wconf 68' lang='grc' dir='ltr'>ἐκεῖ</span> <span class='ocrx_word' id='word_1_421' title='bbox 530 2588 757 2626; x_wconf 79' lang='grc' dir='ltr'>προσησχόλητο,</span> <span class='ocrx_word' id='word_1_422' title='bbox 782 2589 827 2617; x_wconf 75' lang='grc' dir='ltr'>καὶ</span> <span class='ocrx_word' id='word_1_423' title='bbox 856 2590 897 2618; x_wconf 70' lang='grc' dir='ltr'>ὅτι</span> 
     </span>
    </p>
   </div>
   <div class='ocr_carea' id='block_1_59' title="bbox 967 267 1793 305">
    <p class='ocr_par' dir='ltr' id='par_1_59' title="bbox 967 267 1793 305">
     <span class='ocr_line' id='line_1_59' title="bbox 967 267 1793 305; baseline -0.004 -8"><span class='ocrx_word' id='word_1_424' title='bbox 967 278 1060 305; x_wconf 87' lang='lat' dir='ltr'>usque</span> <span class='ocrx_word' id='word_1_425' title='bbox 1076 269 1148 297; x_wconf 86' lang='lat' dir='ltr'>facie</span> <span class='ocrx_word' id='word_1_426' title='bbox 1164 278 1258 305; x_wconf 86' lang='lat' dir='ltr'>neque</span> <span class='ocrx_word' id='word_1_427' title='bbox 1273 268 1390 305; x_wconf 88' lang='lat' dir='ltr'>ingenio</span> <span class='ocrx_word' id='word_1_428' title='bbox 1407 270 1469 296; x_wconf 82' lang='lat' dir='ltr'>erat</span> <span class='ocrx_word' id='word_1_429' title='bbox 1493 267 1705 295; x_wconf 82' lang='lat' dir='ltr'>contemnendo</span> <span class='ocrx_word' id='word_1_430' title='bbox 1721 275 1727 294; x_wconf 92' lang='lat'>:</span> <span class='ocrx_word' id='word_1_431' title='bbox 1752 267 1793 294; x_wconf 89' lang='lat' dir='ltr'>in-</span> 
     </span>
    </p>
   </div>
   <div class='ocr_carea' id='block_1_60' title="bbox 966 311 1793 350">
    <p class='ocr_par' dir='ltr' id='par_1_60' title="bbox 966 311 1793 350">
     <span class='ocr_line' id='line_1_60' title="bbox 966 311 1793 350; baseline -0.005 -7"><span class='ocrx_word' id='word_1_432' title='bbox 966 319 1028 343; x_wconf 84' lang='lat' dir='ltr'>erat</span> <span class='ocrx_word' id='word_1_433' title='bbox 1042 315 1067 343; x_wconf 92' lang='lat' dir='ltr'>ei</span> <span class='ocrx_word' id='word_1_434' title='bbox 1083 315 1172 343; x_wconf 82' lang='lat' dir='ltr'>etiam</span> <span class='ocrx_word' id='word_1_435' title='bbox 1189 314 1267 343; x_wconf 80' lang='lat' dir='ltr'>aliud</span> <span class='ocrx_word' id='word_1_436' title='bbox 1285 314 1518 350; x_wconf 82' lang='lat' dir='ltr'>quiddam,quod</span> <span class='ocrx_word' id='word_1_437' title='bbox 1534 313 1669 340; x_wconf 86' lang='lat' dir='ltr'>homines</span> <span class='ocrx_word' id='word_1_438' title='bbox 1685 311 1793 340; x_wconf 87' lang='lat' dir='ltr'>allicie-</span> 
     </span>
    </p>
   </div>
   <div class='ocr_carea' id='block_1_61' title="bbox 966 357 1792 393">
    <p class='ocr_par' dir='ltr' id='par_1_61' title="bbox 966 357 1792 393">
     <span class='ocr_line' id='line_1_61' title="bbox 966 357 1792 393; baseline -0.006 -5"><span class='ocrx_word' id='word_1_439' title='bbox 966 360 1024 388; x_wconf 88' lang='lat' dir='ltr'>bat.</span> <span class='ocrx_word' id='word_1_440' title='bbox 1041 363 1127 388; x_wconf 82' lang='lat' dir='ltr'>Fama</span> <span class='ocrx_word' id='word_1_441' title='bbox 1138 361 1217 388; x_wconf 89' lang='lat' dir='ltr'>enim</span> <span class='ocrx_word' id='word_1_442' title='bbox 1234 362 1342 387; x_wconf 78' lang='lat' dir='ltr'>temere</span> <span class='ocrx_word' id='word_1_443' title='bbox 1352 359 1386 386; x_wconf 86' lang='lat' dir='ltr'>de</span> <span class='ocrx_word' id='word_1_444' title='bbox 1398 359 1497 392; x_wconf 86' lang='lat' dir='ltr'>illo,ut</span> <span class='ocrx_word' id='word_1_445' title='bbox 1509 359 1545 386; x_wconf 87' lang='lat' dir='ltr'>de</span> <span class='ocrx_word' id='word_1_446' title='bbox 1560 358 1636 393; x_wconf 88' lang='lat' dir='ltr'>aliis,</span> <span class='ocrx_word' id='word_1_447' title='bbox 1653 357 1792 385; x_wconf 78' lang='lat' dir='ltr'>vaticina-</span> 
     </span>
    </p>
   </div>
   <div class='ocr_carea' id='block_1_62' title="bbox 965 402 1793 439">
    <p class='ocr_par' dir='ltr' id='par_1_62' title="bbox 965 402 1793 439">
     <span class='ocr_line' id='line_1_62' title="bbox 965 402 1793 439; baseline -0.006 -6"><span class='ocrx_word' id='word_1_448' title='bbox 965 405 1126 438; x_wconf 85' lang='lat' dir='ltr'>batur,fore</span> <span class='ocrx_word' id='word_1_449' title='bbox 1143 407 1174 432; x_wconf 92' lang='lat' dir='ltr'>ut</span> <span class='ocrx_word' id='word_1_450' title='bbox 1187 404 1327 431; x_wconf 81' lang='lat' dir='ltr'>Romanis</span> <span class='ocrx_word' id='word_1_451' title='bbox 1343 402 1793 439; x_wconf 85' lang='lat' dir='ltr'>sceptrispotiretur.lmperator</span> 
     </span>
    </p>
   </div>
   <div class='ocr_carea' id='block_1_63' title="bbox 965 445 1834 485">
    <p class='ocr_par' dir='ltr' id='par_1_63' title="bbox 965 445 1834 485">
     <span class='ocr_line' id='line_1_63' title="bbox 965 445 1834 485; baseline -0.005 -9"><span class='ocrx_word' id='word_1_452' title='bbox 965 456 1033 476; x_wconf 90' lang='lat' dir='ltr'>vero</span> <span class='ocrx_word' id='word_1_453' title='bbox 1051 457 1107 476; x_wconf 86' lang='lat' dir='ltr'>non</span> <span class='ocrx_word' id='word_1_454' title='bbox 1125 448 1211 476; x_wconf 92' lang='lat' dir='ltr'>modo</span> <span class='ocrx_word' id='word_1_455' title='bbox 1228 456 1286 475; x_wconf 89' lang='lat' dir='ltr'>non</span> <span class='ocrx_word' id='word_1_456' title='bbox 1301 455 1370 483; x_wconf 84' lang='lat' dir='ltr'>erga</span> <span class='ocrx_word' id='word_1_457' title='bbox 1384 445 1790 482; x_wconf 77' lang='lat' dir='ltr'>eum,utcognatumail&#39;ectus</span> <span class='ocrx_word' id='word_1_458' title='bbox 1830 480 1834 485; x_wconf 40' lang='grc' dir='ltr'><strong>Ι</strong></span> 
     </span>
    </p>
   </div>
   <div class='ocr_carea' id='block_1_64' title="bbox 965 490 1791 528">
    <p class='ocr_par' dir='ltr' id='par_1_64' title="bbox 965 490 1791 528">
     <span class='ocr_line' id='line_1_64' title="bbox 965 490 1791 528; baseline -0.002 -9"><span class='ocrx_word' id='word_1_459' title='bbox 965 492 1031 526; x_wconf 88' lang='lat' dir='ltr'>fuit,</span> <span class='ocrx_word' id='word_1_460' title='bbox 1047 493 1097 521; x_wconf 88' lang='lat' dir='ltr'>sed</span> <span class='ocrx_word' id='word_1_461' title='bbox 1113 496 1142 520; x_wconf 88' lang='lat' dir='ltr'>et</span> <span class='ocrx_word' id='word_1_462' title='bbox 1158 492 1224 520; x_wconf 91' lang='lat' dir='ltr'>odio</span> <span class='ocrx_word' id='word_1_463' title='bbox 1240 500 1307 520; x_wconf 90' lang='lat' dir='ltr'>eum</span> <span class='ocrx_word' id='word_1_464' title='bbox 1332 494 1503 528; x_wconf 86' lang='lat' dir='ltr'>persecutus</span> <span class='ocrx_word' id='word_1_465' title='bbox 1519 493 1574 519; x_wconf 89' lang='lat' dir='ltr'>est.</span> <span class='ocrx_word' id='word_1_466' title='bbox 1587 490 1694 518; x_wconf 78' lang='lat' dir='ltr'>Contra</span> <span class='ocrx_word' id='word_1_467' title='bbox 1708 498 1791 517; x_wconf 87' lang='lat' dir='ltr'>soror</span> 
     </span>
    </p>
   </div>
   <div class='ocr_carea' id='block_1_65' title="bbox 964 533 1791 574">
    <p class='ocr_par' dir='ltr' id='par_1_65' title="bbox 964 533 1791 574">
     <span class='ocr_line' id='line_1_65' title="bbox 964 533 1791 574; baseline -0.004 -10"><span class='ocrx_word' id='word_1_468' title='bbox 964 537 1044 565; x_wconf 84' lang='lat' dir='ltr'>illius</span> <span class='ocrx_word' id='word_1_469' title='bbox 1061 537 1206 574; x_wconf 85' lang='lat' dir='ltr'>Euprepia</span> <span class='ocrx_word' id='word_1_470' title='bbox 1221 537 1315 565; x_wconf 88' lang='lat' dir='ltr'>virum</span> <span class='ocrx_word' id='word_1_471' title='bbox 1331 536 1387 564; x_wconf 88' lang='lat' dir='ltr'>sibi</span> <span class='ocrx_word' id='word_1_472' title='bbox 1403 538 1432 564; x_wconf 87' lang='lat' dir='ltr'>et</span> <span class='ocrx_word' id='word_1_473' title='bbox 1447 535 1622 564; x_wconf 77' lang='lat' dir='ltr'>conciliabat</span> <span class='ocrx_word' id='word_1_474' title='bbox 1638 537 1665 562; x_wconf 86' lang='lat' dir='ltr'>et</span> <span class='ocrx_word' id='word_1_475' title='bbox 1682 533 1791 570; x_wconf 86' lang='lat' dir='ltr'>ample-</span> 
     </span>
    </p>
   </div>
   <div class='ocr_carea' id='block_1_66' title="bbox 962 578 1786 618">
    <p class='ocr_par' dir='ltr' id='par_1_66' title="bbox 962 578 1786 618">
     <span class='ocr_line' id='line_1_66' title="bbox 962 578 1786 618; baseline -0.005 -8"><span class='ocrx_word' id='word_1_476' title='bbox 962 582 1108 615; x_wconf 82' lang='lat' dir='ltr'>ctebatur,</span> <span class='ocrx_word' id='word_1_477' title='bbox 1123 590 1265 618; x_wconf 84' lang='lat' dir='ltr'>generosa</span> <span class='ocrx_word' id='word_1_478' title='bbox 1287 583 1422 609; x_wconf 77' lang='lat' dir='ltr'>matrona</span> <span class='ocrx_word' id='word_1_479' title='bbox 1446 580 1650 615; x_wconf 86' lang='lat' dir='ltr'>constantique</span> <span class='ocrx_word' id='word_1_480' title='bbox 1679 578 1786 614; x_wconf 86' lang='lat' dir='ltr'>animo,</span> 
     </span>
    </p>
   </div>
   <div class='ocr_carea' id='block_1_67' title="bbox 963 624 1787 662">
    <p class='ocr_par' dir='ltr' id='par_1_67' title="bbox 963 624 1787 662">
     <span class='ocr_line' id='line_1_67' title="bbox 963 624 1787 662; baseline -0.006 -7"><span class='ocrx_word' id='word_1_481' title='bbox 963 627 1000 655; x_wconf 87' lang='lat' dir='ltr'>ad</span> <span class='ocrx_word' id='word_1_482' title='bbox 1014 626 1159 655; x_wconf 78' lang='lat' dir='ltr'>illustrem</span> <span class='ocrx_word' id='word_1_483' title='bbox 1176 627 1323 655; x_wconf 80' lang='lat' dir='ltr'>fortunam</span> <span class='ocrx_word' id='word_1_484' title='bbox 1339 628 1368 653; x_wconf 87' lang='lat' dir='ltr'>et</span> <span class='ocrx_word' id='word_1_485' title='bbox 1382 634 1470 662; x_wconf 89' lang='lat' dir='ltr'>opum</span> <span class='ocrx_word' id='word_1_486' title='bbox 1487 624 1666 652; x_wconf 88' lang='lat' dir='ltr'>afﬂuentiam</span> <span class='ocrx_word' id='word_1_487' title='bbox 1677 625 1787 659; x_wconf 83' lang='lat' dir='ltr'>evecta,</span> 
     </span>
    </p>
   </div>
   <div class='ocr_carea' id='block_1_68' title="bbox 964 667 1787 708">
    <p class='ocr_par' dir='ltr' id='par_1_68' title="bbox 964 667 1787 708">
     <span class='ocr_line' id='line_1_68' title="bbox 964 667 1787 708; baseline -0.005 -9"><span class='ocrx_word' id='word_1_488' title='bbox 964 680 999 699; x_wconf 87' lang='lat' dir='ltr'>ne</span> <span class='ocrx_word' id='word_1_489' title='bbox 1016 672 1080 708; x_wconf 86' lang='lat' dir='ltr'>ipsa</span> <span class='ocrx_word' id='word_1_490' title='bbox 1096 672 1214 707; x_wconf 85' lang='lat' dir='ltr'>quidem</span> <span class='ocrx_word' id='word_1_491' title='bbox 1230 672 1310 699; x_wconf 79' lang='lat' dir='ltr'>fratri</span> <span class='ocrx_word' id='word_1_492' title='bbox 1324 670 1422 705; x_wconf 85' lang='lat' dir='ltr'>chara,</span> <span class='ocrx_word' id='word_1_493' title='bbox 1446 669 1522 706; x_wconf 87' lang='lat' dir='ltr'>quod</span> <span class='ocrx_word' id='word_1_494' title='bbox 1553 677 1616 697; x_wconf 90' lang='lat' dir='ltr'>eam</span> <span class='ocrx_word' id='word_1_495' title='bbox 1647 669 1682 696; x_wconf 89' lang='lat' dir='ltr'>ob</span> <span class='ocrx_word' id='word_1_496' title='bbox 1717 667 1787 696; x_wconf 84' lang='lat' dir='ltr'>insi-</span> 
     </span>
    </p>
   </div>
   <div class='ocr_carea' id='block_1_69' title="bbox 963 712 1784 752">
    <p class='ocr_par' dir='ltr' id='par_1_69' title="bbox 963 712 1784 752">
     <span class='ocr_line' id='line_1_69' title="bbox 963 712 1784 752; baseline -0.006 -8"><span class='ocrx_word' id='word_1_497' title='bbox 963 724 1050 752; x_wconf 85' lang='lat' dir='ltr'>gnem</span> <span class='ocrx_word' id='word_1_498' title='bbox 1067 716 1252 752; x_wconf 89' lang='lat' dir='ltr'>prudentiam</span> <span class='ocrx_word' id='word_1_499' title='bbox 1266 715 1430 743; x_wconf 84' lang='lat' dir='ltr'>verebatur.</span> <span class='ocrx_word' id='word_1_500' title='bbox 1459 715 1526 746; x_wconf 62' lang='lat' dir='ltr'>Quae</span> <span class='ocrx_word' id='word_1_501' title='bbox 1551 722 1618 741; x_wconf 89' lang='lat' dir='ltr'>cum</span> <span class='ocrx_word' id='word_1_502' title='bbox 1644 712 1718 740; x_wconf 89' lang='lat' dir='ltr'>nihil</span> <span class='ocrx_word' id='word_1_503' title='bbox 1749 713 1784 740; x_wconf 92' lang='lat' dir='ltr'>ab</span> 
     </span>
    </p>
   </div>
   <div class='ocr_carea' id='block_1_70' title="bbox 963 758 1784 798">
    <p class='ocr_par' dir='ltr' id='par_1_70' title="bbox 963 758 1784 798">
     <span class='ocr_line' id='line_1_70' title="bbox 963 758 1784 798; baseline -0.006 -9"><span class='ocrx_word' id='word_1_504' title='bbox 963 761 1013 789; x_wconf 90' lang='lat' dir='ltr'>illo</span> <span class='ocrx_word' id='word_1_505' title='bbox 1030 761 1220 798; x_wconf 83' lang='lat' dir='ltr'>magniﬁcum</span> <span class='ocrx_word' id='word_1_506' title='bbox 1237 762 1476 795; x_wconf 78' lang='lat' dir='ltr'>consequeretur,</span> <span class='ocrx_word' id='word_1_507' title='bbox 1493 767 1587 795; x_wconf 89' lang='lat' dir='ltr'>neque</span> <span class='ocrx_word' id='word_1_508' title='bbox 1618 758 1784 794; x_wconf 84' lang='lat' dir='ltr'>frequenta-</span> 
     </span>
    </p>
   </div>
   <div class='ocr_carea' id='block_1_71' title="bbox 963 802 1783 842">
    <p class='ocr_par' dir='ltr' id='par_1_71' title="bbox 963 802 1783 842">
     <span class='ocr_line' id='line_1_71' title="bbox 963 802 1783 842; baseline -0.006 -8"><span class='ocrx_word' id='word_1_509' title='bbox 963 806 1014 834; x_wconf 85' lang='lat' dir='ltr'>bat</span> <span class='ocrx_word' id='word_1_510' title='bbox 1028 806 1150 842; x_wconf 85' lang='lat' dir='ltr'>regiam,</span> <span class='ocrx_word' id='word_1_511' title='bbox 1167 805 1348 842; x_wconf 85' lang='lat' dir='ltr'>superbeque</span> <span class='ocrx_word' id='word_1_512' title='bbox 1359 813 1425 832; x_wconf 90' lang='lat' dir='ltr'>cum</span> <span class='ocrx_word' id='word_1_513' title='bbox 1441 812 1473 832; x_wconf 87' lang='lat' dir='ltr'>eo</span> <span class='ocrx_word' id='word_1_514' title='bbox 1485 804 1599 839; x_wconf 79' lang='lat' dir='ltr'>agebat,</span> <span class='ocrx_word' id='word_1_515' title='bbox 1621 802 1644 831; x_wconf 85' lang='lat' dir='ltr'>si</span> <span class='ocrx_word' id='word_1_516' title='bbox 1666 802 1783 838; x_wconf 78' lang='lat' dir='ltr'>quando</span> 
     </span>
    </p>
   </div>
   <div class='ocr_carea' id='block_1_72' title="bbox 963 846 1785 885">
    <p class='ocr_par' dir='ltr' id='par_1_72' title="bbox 963 846 1785 885">
     <span class='ocr_line' id='line_1_72' title="bbox 963 846 1785 885; baseline -0.006 -6"><span class='ocrx_word' id='word_1_517' title='bbox 963 853 1136 885; x_wconf 82' lang='lat' dir='ltr'>accesserat,</span> <span class='ocrx_word' id='word_1_518' title='bbox 1151 859 1218 878; x_wconf 90' lang='lat' dir='ltr'>eum</span> <span class='ocrx_word' id='word_1_519' title='bbox 1233 858 1359 885; x_wconf 83' lang='lat' dir='ltr'>arguens</span> <span class='ocrx_word' id='word_1_520' title='bbox 1381 852 1409 877; x_wconf 90' lang='lat' dir='ltr'>et</span> <span class='ocrx_word' id='word_1_521' title='bbox 1434 849 1606 884; x_wconf 84' lang='lat' dir='ltr'>objurgans,</span> <span class='ocrx_word' id='word_1_522' title='bbox 1621 849 1649 875; x_wconf 89' lang='lat' dir='ltr'>et</span> <span class='ocrx_word' id='word_1_523' title='bbox 1662 847 1724 883; x_wconf 86' lang='lat' dir='ltr'>ejus</span> <span class='ocrx_word' id='word_1_524' title='bbox 1749 846 1785 874; x_wconf 92' lang='lat' dir='ltr'>ob</span> 
     </span>
    </p>
   </div>
   <div class='ocr_carea' id='block_1_73' title="bbox 963 891 1785 931">
    <p class='ocr_par' dir='ltr' id='par_1_73' title="bbox 963 891 1785 931">
     <span class='ocr_line' id='line_1_73' title="bbox 963 891 1785 931; baseline -0.007 -7"><span class='ocrx_word' id='word_1_525' title='bbox 963 895 1013 924; x_wconf 84' lang='lat' dir='ltr'>illa</span> <span class='ocrx_word' id='word_1_526' title='bbox 1026 896 1209 924; x_wconf 77' lang='lat' dir='ltr'>iracundiam</span> <span class='ocrx_word' id='word_1_527' title='bbox 1226 903 1276 931; x_wconf 86' lang='lat' dir='ltr'>per</span> <span class='ocrx_word' id='word_1_528' title='bbox 1291 896 1492 929; x_wconf 85' lang='lat' dir='ltr'>contemptum</span> <span class='ocrx_word' id='word_1_529' title='bbox 1508 892 1625 921; x_wconf 85' lang='lat' dir='ltr'>silentio</span> <span class='ocrx_word' id='word_1_530' title='bbox 1643 891 1785 920; x_wconf 85' lang='lat' dir='ltr'>dissimu-</span> 
     </span>
    </p>
   </div>
   <div class='ocr_carea' id='block_1_74' title="bbox 960 937 1785 976">
    <p class='ocr_par' dir='ltr' id='par_1_74' title="bbox 960 937 1785 976">
     <span class='ocr_line' id='line_1_74' title="bbox 960 937 1785 976; baseline -0.006 -8"><span class='ocrx_word' id='word_1_531' title='bbox 960 939 1038 969; x_wconf 90' lang='lat' dir='ltr'>lans.</span> <span class='ocrx_word' id='word_1_532' title='bbox 1058 941 1219 976; x_wconf 85' lang='lat' dir='ltr'>Imperator</span> <span class='ocrx_word' id='word_1_533' title='bbox 1229 948 1294 967; x_wconf 91' lang='lat' dir='ltr'>vero</span> <span class='ocrx_word' id='word_1_534' title='bbox 1305 939 1452 966; x_wconf 86' lang='lat' dir='ltr'>sincerum</span> <span class='ocrx_word' id='word_1_535' title='bbox 1469 937 1552 965; x_wconf 88' lang='lat' dir='ltr'>illum</span> <span class='ocrx_word' id='word_1_536' title='bbox 1582 937 1691 965; x_wconf 83' lang='lat' dir='ltr'>sororis</span> <span class='ocrx_word' id='word_1_537' title='bbox 1717 944 1785 972; x_wconf 85' lang='lat' dir='ltr'>erga</span> 
     </span>
    </p>
   </div>
   <div class='ocr_carea' id='block_1_75' title="bbox 955 982 1784 1020">
    <p class='ocr_par' dir='ltr' id='par_1_75' title="bbox 955 982 1784 1020">
     <span class='ocr_line' id='line_1_75' title="bbox 955 982 1784 1020; baseline -0.006 -7"><span class='ocrx_word' id='word_1_538' title='bbox 955 985 1124 1013; x_wconf 89' lang='lat' dir='ltr'>Tornicium</span> <span class='ocrx_word' id='word_1_539' title='bbox 1145 983 1414 1020; x_wconf 81' lang='lat' dir='ltr'>at‘fectumgraviter</span> <span class='ocrx_word' id='word_1_540' title='bbox 1436 983 1616 1018; x_wconf 80' lang='lat' dir='ltr'>molesteque</span> <span class='ocrx_word' id='word_1_541' title='bbox 1627 982 1733 1014; x_wconf 83' lang='lat' dir='ltr'>ferens,</span> <span class='ocrx_word' id='word_1_542' title='bbox 1751 983 1784 1008; x_wconf 92' lang='lat' dir='ltr'>ut</span> 
     </span>
    </p>
   </div>
   <div class='ocr_carea' id='block_1_76' title="bbox 953 1026 1778 1066">
    <p class='ocr_par' dir='ltr' id='par_1_76' title="bbox 953 1026 1778 1066">
     <span class='ocr_line' id='line_1_76' title="bbox 953 1026 1778 1066; baseline -0.005 -9"><span class='ocrx_word' id='word_1_543' title='bbox 953 1038 1003 1058; x_wconf 88' lang='lat' dir='ltr'>eos</span> <span class='ocrx_word' id='word_1_544' title='bbox 1018 1029 1104 1066; x_wconf 83' lang='lat' dir='ltr'>longe</span> <span class='ocrx_word' id='word_1_545' title='bbox 1119 1030 1295 1065; x_wconf 84' lang='lat' dir='ltr'>sejungeret,</span> <span class='ocrx_word' id='word_1_546' title='bbox 1307 1027 1476 1056; x_wconf 89' lang='lat' dir='ltr'>Tornicium</span> <span class='ocrx_word' id='word_1_547' title='bbox 1492 1027 1625 1055; x_wconf 89' lang='lat' dir='ltr'>Iberibus</span> <span class='ocrx_word' id='word_1_548' title='bbox 1641 1026 1778 1053; x_wconf 68' lang='lat' dir='ltr'>Romanas</span> 
     </span>
    </p>
   </div>
   <div class='ocr_carea' id='block_1_77' title="bbox 955 1070 1775 1111">
    <p class='ocr_par' dir='ltr' id='par_1_77' title="bbox 955 1070 1775 1111">
     <span class='ocr_line' id='line_1_77' title="bbox 955 1070 1775 1111; baseline -0.005 -9"><span class='ocrx_word' id='word_1_549' title='bbox 955 1074 1075 1102; x_wconf 82' lang='lat' dir='ltr'>ditionis</span> <span class='ocrx_word' id='word_1_550' title='bbox 1092 1074 1228 1111; x_wconf 77' lang='lat' dir='ltr'>preat&#39;ecit,</span> <span class='ocrx_word' id='word_1_551' title='bbox 1244 1072 1419 1108; x_wconf 75' lang='lat' dir='ltr'>relegatione</span> <span class='ocrx_word' id='word_1_552' title='bbox 1429 1071 1560 1108; x_wconf 87' lang='lat' dir='ltr'>specioso</span> <span class='ocrx_word' id='word_1_553' title='bbox 1576 1070 1660 1099; x_wconf 86' lang='lat' dir='ltr'>titulo</span> <span class='ocrx_word' id='word_1_554' title='bbox 1672 1071 1775 1098; x_wconf 88' lang='lat' dir='ltr'>obum-</span> 
     </span>
    </p>
   </div>
   <div class='ocr_carea' id='block_1_78' title="bbox 954 1117 1772 1155">
    <p class='ocr_par' dir='ltr' id='par_1_78' title="bbox 954 1117 1772 1155">
     <span class='ocr_line' id='line_1_78' title="bbox 954 1117 1772 1155; baseline -0.007 -7"><span class='ocrx_word' id='word_1_555' title='bbox 954 1119 1048 1147; x_wconf 88' lang='lat' dir='ltr'>brata.</span> <span class='ocrx_word' id='word_1_556' title='bbox 1076 1120 1149 1148; x_wconf 83' lang='lat' dir='ltr'>Cum</span> <span class='ocrx_word' id='word_1_557' title='bbox 1176 1119 1266 1155; x_wconf 83' lang='lat' dir='ltr'>igitur</span> <span class='ocrx_word' id='word_1_558' title='bbox 1288 1117 1338 1146; x_wconf 87' lang='lat' dir='ltr'>ille</span> <span class='ocrx_word' id='word_1_559' title='bbox 1365 1118 1471 1152; x_wconf 85' lang='lat' dir='ltr'>abiret,</span> <span class='ocrx_word' id='word_1_560' title='bbox 1501 1119 1530 1145; x_wconf 88' lang='lat' dir='ltr'>et</span> <span class='ocrx_word' id='word_1_561' title='bbox 1545 1117 1622 1144; x_wconf 87' lang='lat' dir='ltr'>fama</span> <span class='ocrx_word' id='word_1_562' title='bbox 1637 1123 1705 1143; x_wconf 88' lang='lat' dir='ltr'>eum</span> <span class='ocrx_word' id='word_1_563' title='bbox 1721 1123 1772 1151; x_wconf 81' lang='lat' dir='ltr'>spe</span> 
     </span>
    </p>
   </div>
   <div class='ocr_carea' id='block_1_79' title="bbox 954 1159 1776 1200">
    <p class='ocr_par' dir='ltr' id='par_1_79' title="bbox 954 1159 1776 1200">
     <span class='ocr_line' id='line_1_79' title="bbox 954 1159 1776 1200; baseline -0.006 -8"><span class='ocrx_word' id='word_1_564' title='bbox 954 1173 1069 1200; x_wconf 59' lang='lat' dir='ltr'>magna;</span> <span class='ocrx_word' id='word_1_565' title='bbox 1083 1165 1205 1192; x_wconf 68' lang='lat' dir='ltr'>fortunae</span> <span class='ocrx_word' id='word_1_566' title='bbox 1221 1163 1358 1199; x_wconf 84' lang='lat' dir='ltr'>prosequi</span> <span class='ocrx_word' id='word_1_567' title='bbox 1376 1171 1433 1191; x_wconf 84' lang='lat' dir='ltr'>non</span> <span class='ocrx_word' id='word_1_568' title='bbox 1448 1161 1602 1190; x_wconf 83' lang='lat' dir='ltr'>desisteret</span> <span class='ocrx_word' id='word_1_569' title='bbox 1619 1169 1626 1189; x_wconf 92' lang='lat'><strong>:</strong></span> <span class='ocrx_word' id='word_1_570' title='bbox 1656 1159 1776 1195; x_wconf 87' lang='lat' dir='ltr'>quidam</span> 
     </span>
    </p>
   </div>
   <div class='ocr_carea' id='block_1_80' title="bbox 954 1205 1777 1244">
    <p class='ocr_par' dir='ltr' id='par_1_80' title="bbox 954 1205 1777 1244">
     <span class='ocr_line' id='line_1_80' title="bbox 954 1205 1777 1244; baseline -0.007 -7"><span class='ocrx_word' id='word_1_571' title='bbox 954 1209 1023 1237; x_wconf 85' lang='lat' dir='ltr'>inde</span> <span class='ocrx_word' id='word_1_572' title='bbox 1038 1217 1141 1237; x_wconf 84' lang='lat' dir='ltr'>ansam</span> <span class='ocrx_word' id='word_1_573' title='bbox 1165 1208 1351 1244; x_wconf 83' lang='lat' dir='ltr'>arripuerunt</span> <span class='ocrx_word' id='word_1_574' title='bbox 1375 1209 1439 1243; x_wconf 87' lang='lat' dir='ltr'>ejus</span> <span class='ocrx_word' id='word_1_575' title='bbox 1464 1206 1542 1242; x_wconf 91' lang='lat' dir='ltr'>apud</span> <span class='ocrx_word' id='word_1_576' title='bbox 1570 1205 1777 1240; x_wconf 85' lang='lat' dir='ltr'>imperatorem</span> 
     </span>
    </p>
   </div>
   <div class='ocr_carea' id='block_1_81' title="bbox 954 1249 1778 1285">
    <p class='ocr_par' dir='ltr' id='par_1_81' title="bbox 954 1249 1778 1285">
     <span class='ocr_line' id='line_1_81' title="bbox 954 1249 1778 1285; baseline -0.008 -3"><span class='ocrx_word' id='word_1_577' title='bbox 954 1253 1166 1282; x_wconf 81' lang='lat' dir='ltr'>calumniandi.</span> <span class='ocrx_word' id='word_1_578' title='bbox 1182 1253 1312 1285; x_wconf 85' lang='lat' dir='ltr'>Quorum</span> <span class='ocrx_word' id='word_1_579' title='bbox 1327 1252 1424 1280; x_wconf 85' lang='lat' dir='ltr'>verbis</span> <span class='ocrx_word' id='word_1_580' title='bbox 1440 1252 1605 1279; x_wconf 86' lang='lat' dir='ltr'>commotus</span> <span class='ocrx_word' id='word_1_581' title='bbox 1630 1249 1678 1277; x_wconf 89' lang='lat' dir='ltr'>ille</span> <span class='ocrx_word' id='word_1_582' title='bbox 1710 1249 1778 1276; x_wconf 90' lang='lat' dir='ltr'>Tor-</span> 
     </span>
    </p>
   </div>
   <div class='ocr_carea' id='block_1_82' title="bbox 954 1294 1776 1332">
    <p class='ocr_par' dir='ltr' id='par_1_82' title="bbox 954 1294 1776 1332">
     <span class='ocr_line' id='line_1_82' title="bbox 954 1294 1776 1332; baseline -0.007 -6"><span class='ocrx_word' id='word_1_583' title='bbox 954 1299 1030 1326; x_wconf 87' lang='lat' dir='ltr'>nicio</span> <span class='ocrx_word' id='word_1_584' title='bbox 1045 1306 1159 1326; x_wconf 87' lang='lat' dir='ltr'>comam</span> <span class='ocrx_word' id='word_1_585' title='bbox 1175 1298 1287 1332; x_wconf 81' lang='lat' dir='ltr'>tondet,</span> <span class='ocrx_word' id='word_1_586' title='bbox 1312 1305 1344 1325; x_wconf 88' lang='lat' dir='ltr'>se</span> <span class='ocrx_word' id='word_1_587' title='bbox 1363 1304 1445 1332; x_wconf 88' lang='lat' dir='ltr'>spem</span> <span class='ocrx_word' id='word_1_588' title='bbox 1484 1296 1547 1331; x_wconf 83' lang='lat' dir='ltr'>ejus</span> <span class='ocrx_word' id='word_1_589' title='bbox 1579 1303 1638 1322; x_wconf 89' lang='lat' dir='ltr'>una</span> <span class='ocrx_word' id='word_1_590' title='bbox 1674 1294 1776 1321; x_wconf 89' lang='lat' dir='ltr'>deton-</span> 
     </span>
    </p>
   </div>
   <div class='ocr_carea' id='block_1_83' title="bbox 953 1337 1777 1378">
    <p class='ocr_par' dir='ltr' id='par_1_83' title="bbox 953 1337 1777 1378">
     <span class='ocr_line' id='line_1_83' title="bbox 953 1337 1777 1378; baseline -0.008 -7"><span class='ocrx_word' id='word_1_591' title='bbox 953 1352 1056 1372; x_wconf 89' lang='lat' dir='ltr'>surum</span> <span class='ocrx_word' id='word_1_592' title='bbox 1073 1346 1165 1378; x_wconf 86' lang='lat' dir='ltr'>ratus,</span> <span class='ocrx_word' id='word_1_593' title='bbox 1182 1342 1356 1378; x_wconf 84' lang='lat' dir='ltr'>nigramque</span> <span class='ocrx_word' id='word_1_594' title='bbox 1380 1341 1526 1369; x_wconf 75' lang='lat' dir='ltr'>lucernam</span> <span class='ocrx_word' id='word_1_595' title='bbox 1556 1338 1663 1371; x_wconf 84' lang='lat' dir='ltr'>induit,</span> <span class='ocrx_word' id='word_1_596' title='bbox 1693 1337 1777 1374; x_wconf 84' lang='lat' dir='ltr'>quasi</span> 
     </span>
    </p>
   </div>
   <div class='ocr_carea' id='block_1_84' title="bbox 953 1382 1777 1423">
    <p class='ocr_par' dir='ltr' id='par_1_84' title="bbox 953 1382 1777 1423">
     <span class='ocr_line' id='line_1_84' title="bbox 953 1382 1777 1423; baseline -0.008 -7"><span class='ocrx_word' id='word_1_597' title='bbox 953 1395 986 1416; x_wconf 87' lang='lat' dir='ltr'>eo</span> <span class='ocrx_word' id='word_1_598' title='bbox 997 1387 1091 1416; x_wconf 88' lang='lat' dir='ltr'>colore</span> <span class='ocrx_word' id='word_1_599' title='bbox 1113 1389 1280 1423; x_wconf 83' lang='lat' dir='ltr'>exspectato</span> <span class='ocrx_word' id='word_1_600' title='bbox 1300 1386 1343 1414; x_wconf 91' lang='lat' dir='ltr'>illi</span> <span class='ocrx_word' id='word_1_601' title='bbox 1367 1386 1489 1414; x_wconf 55' lang='lat' dir='ltr'>fortunas</span> <span class='ocrx_word' id='word_1_602' title='bbox 1514 1382 1666 1420; x_wconf 85' lang='lat' dir='ltr'>splendori</span> <span class='ocrx_word' id='word_1_603' title='bbox 1695 1384 1777 1410; x_wconf 87' lang='lat' dir='ltr'>tene-</span> 
     </span>
    </p>
   </div>
   <div class='ocr_carea' id='block_1_85' title="bbox 952 1427 1776 1461">
    <p class='ocr_par' dir='ltr' id='par_1_85' title="bbox 952 1427 1776 1461">
     <span class='ocr_line' id='line_1_85' title="bbox 952 1427 1776 1461; baseline -0.01 0"><span class='ocrx_word' id='word_1_604' title='bbox 952 1433 1021 1461; x_wconf 89' lang='lat' dir='ltr'>bras</span> <span class='ocrx_word' id='word_1_605' title='bbox 1036 1432 1246 1460; x_wconf 85' lang='lat' dir='ltr'>ot‘fusurus.lta</span> <span class='ocrx_word' id='word_1_606' title='bbox 1253 1439 1399 1459; x_wconf 87' lang='lat' dir='ltr'>reversum</span> <span class='ocrx_word' id='word_1_607' title='bbox 1411 1430 1482 1457; x_wconf 91' lang='lat' dir='ltr'>adeo</span> <span class='ocrx_word' id='word_1_608' title='bbox 1491 1430 1599 1457; x_wconf 87' lang='lat' dir='ltr'>nonest</span> <span class='ocrx_word' id='word_1_609' title='bbox 1610 1427 1776 1459; x_wconf 85' lang='lat' dir='ltr'>miseratus,</span> 
     </span>
    </p>
   </div>
   <div class='ocr_carea' id='block_1_86' title="bbox 953 1471 1777 1511">
    <p class='ocr_par' dir='ltr' id='par_1_86' title="bbox 953 1471 1777 1511">
     <span class='ocr_line' id='line_1_86' title="bbox 953 1471 1777 1511; baseline -0.008 -6"><span class='ocrx_word' id='word_1_610' title='bbox 953 1479 986 1505; x_wconf 90' lang='lat' dir='ltr'>ut</span> <span class='ocrx_word' id='word_1_611' title='bbox 1001 1477 1142 1505; x_wconf 87' lang='lat' dir='ltr'>cachinno</span> <span class='ocrx_word' id='word_1_612' title='bbox 1159 1476 1247 1504; x_wconf 82' lang='lat' dir='ltr'>etiam</span> <span class='ocrx_word' id='word_1_613' title='bbox 1263 1477 1436 1511; x_wconf 88' lang='lat' dir='ltr'>prosecutus</span> <span class='ocrx_word' id='word_1_614' title='bbox 1452 1474 1492 1502; x_wconf 87' lang='lat' dir='ltr'>sit</span> <span class='ocrx_word' id='word_1_615' title='bbox 1506 1471 1777 1501; x_wconf 89' lang='lat' dir='ltr'>abeuntem.Enim-</span> 
     </span>
    </p>
   </div>
   <div class='ocr_carea' id='block_1_87' title="bbox 951 1514 1777 1556">
    <p class='ocr_par' dir='ltr' id='par_1_87' title="bbox 951 1514 1777 1556">
     <span class='ocr_line' id='line_1_87' title="bbox 951 1514 1777 1556; baseline -0.011 -6"><span class='ocrx_word' id='word_1_616' title='bbox 951 1530 1018 1550; x_wconf 90' lang='lat' dir='ltr'>vero</span> <span class='ocrx_word' id='word_1_617' title='bbox 1032 1521 1204 1549; x_wconf 74' lang='lat' dir='ltr'>Macedones</span> <span class='ocrx_word' id='word_1_618' title='bbox 1219 1521 1300 1556; x_wconf 86' lang='lat' dir='ltr'>prius</span> <span class='ocrx_word' id='word_1_619' title='bbox 1317 1519 1416 1553; x_wconf 89' lang='lat' dir='ltr'>etiam,</span> <span class='ocrx_word' id='word_1_620' title='bbox 1438 1521 1470 1546; x_wconf 89' lang='lat' dir='ltr'>ut</span> <span class='ocrx_word' id='word_1_621' title='bbox 1499 1518 1611 1545; x_wconf 90' lang='lat' dir='ltr'>dictum</span> <span class='ocrx_word' id='word_1_622' title='bbox 1650 1517 1706 1548; x_wconf 87' lang='lat' dir='ltr'>est,</span> <span class='ocrx_word' id='word_1_623' title='bbox 1735 1514 1777 1542; x_wconf 89' lang='lat' dir='ltr'>illi</span> 
     </span>
    </p>
   </div>
   <div class='ocr_carea' id='block_1_88' title="bbox 953 1561 1778 1600">
    <p class='ocr_par' dir='ltr' id='par_1_88' title="bbox 953 1561 1778 1600">
     <span class='ocr_line' id='line_1_88' title="bbox 953 1561 1778 1600; baseline -0.008 -7"><span class='ocrx_word' id='word_1_624' title='bbox 953 1566 1071 1600; x_wconf 85' lang='lat' dir='ltr'>addicti,</span> <span class='ocrx_word' id='word_1_625' title='bbox 1084 1573 1117 1593; x_wconf 85' lang='lat' dir='ltr'>ac</span> <span class='ocrx_word' id='word_1_626' title='bbox 1131 1565 1205 1593; x_wconf 89' lang='lat' dir='ltr'>bene</span> <span class='ocrx_word' id='word_1_627' title='bbox 1216 1565 1250 1592; x_wconf 87' lang='lat' dir='ltr'>de</span> <span class='ocrx_word' id='word_1_628' title='bbox 1266 1572 1300 1592; x_wconf 89' lang='lat' dir='ltr'>eo</span> <span class='ocrx_word' id='word_1_629' title='bbox 1315 1564 1478 1599; x_wconf 48' lang='lat' dir='ltr'>{sperantes</span> <span class='ocrx_word' id='word_1_630' title='bbox 1500 1570 1568 1589; x_wconf 87' lang='lat' dir='ltr'>eum</span> <span class='ocrx_word' id='word_1_631' title='bbox 1592 1561 1669 1589; x_wconf 70' lang='lat'><strong>252</strong></span> <span class='ocrx_word' id='word_1_632' title='bbox 1690 1561 1778 1587; x_wconf 86' lang='lat' dir='ltr'>noctu</span> 
     </span>
    </p>
   </div>
   <div class='ocr_carea' id='block_1_89' title="bbox 953 1604 1777 1645">
    <p class='ocr_par' dir='ltr' id='par_1_89' title="bbox 953 1604 1777 1645">
     <span class='ocr_line' id='line_1_89' title="bbox 953 1604 1777 1645; baseline -0.008 -7"><span class='ocrx_word' id='word_1_633' title='bbox 953 1618 987 1638; x_wconf 85' lang='lat' dir='ltr'>ex</span> <span class='ocrx_word' id='word_1_634' title='bbox 1001 1609 1268 1645; x_wconf 85' lang='lat' dir='ltr'>urbeimperatrice</span> <span class='ocrx_word' id='word_1_635' title='bbox 1279 1608 1309 1636; x_wconf 90' lang='lat' dir='ltr'>in</span> <span class='ocrx_word' id='word_1_636' title='bbox 1324 1606 1507 1643; x_wconf 87' lang='lat' dir='ltr'>metropolim</span> <span class='ocrx_word' id='word_1_637' title='bbox 1524 1613 1608 1634; x_wconf 87' lang='lat' dir='ltr'>suam</span> <span class='ocrx_word' id='word_1_638' title='bbox 1633 1604 1777 1632; x_wconf 87' lang='lat' dir='ltr'>Adriano-</span> 
     </span>
    </p>
   </div>
   <div class='ocr_carea' id='block_1_90' title="bbox 954 1648 1778 1691">
    <p class='ocr_par' dir='ltr' id='par_1_90' title="bbox 954 1648 1778 1691">
     <span class='ocr_line' id='line_1_90' title="bbox 954 1648 1778 1691; baseline -0.01 -8"><span class='ocrx_word' id='word_1_639' title='bbox 954 1655 1044 1691; x_wconf 88' lang='lat' dir='ltr'>polim</span> <span class='ocrx_word' id='word_1_640' title='bbox 1065 1654 1225 1686; x_wconf 85' lang='lat' dir='ltr'>abducunt,</span> <span class='ocrx_word' id='word_1_641' title='bbox 1252 1653 1301 1680; x_wconf 92' lang='lat' dir='ltr'>ubi</span> <span class='ocrx_word' id='word_1_642' title='bbox 1324 1660 1376 1680; x_wconf 84' lang='lat' dir='ltr'>seu</span> <span class='ocrx_word' id='word_1_643' title='bbox 1402 1651 1550 1679; x_wconf 89' lang='lat' dir='ltr'>fautorum</span> <span class='ocrx_word' id='word_1_644' title='bbox 1579 1650 1643 1685; x_wconf 88' lang='lat' dir='ltr'>ejus</span> <span class='ocrx_word' id='word_1_645' title='bbox 1668 1648 1778 1682; x_wconf 90' lang='lat' dir='ltr'>studio,</span> 
     </span>
    </p>
   </div>
   <div class='ocr_carea' id='block_1_91' title="bbox 954 1692 1778 1734">
    <p class='ocr_par' dir='ltr' id='par_1_91' title="bbox 954 1692 1778 1734">
     <span class='ocr_line' id='line_1_91' title="bbox 954 1692 1778 1734; baseline -0.008 -7"><span class='ocrx_word' id='word_1_646' title='bbox 954 1699 1082 1727; x_wconf 88' lang='lat' dir='ltr'>maxima</span> <span class='ocrx_word' id='word_1_647' title='bbox 1097 1707 1165 1734; x_wconf 89' lang='lat' dir='ltr'>pars</span> <span class='ocrx_word' id='word_1_648' title='bbox 1180 1697 1361 1726; x_wconf 85' lang='lat' dir='ltr'>exercituum</span> <span class='ocrx_word' id='word_1_649' title='bbox 1376 1695 1576 1724; x_wconf 69' lang='lat' dir='ltr'>convenit-seu</span> <span class='ocrx_word' id='word_1_650' title='bbox 1592 1692 1778 1729; x_wconf 85' lang='lat' dir='ltr'>imperatoris</span> 
     </span>
    </p>
   </div>
   <div class='ocr_carea' id='block_1_92' title="bbox 954 1737 1778 1779">
    <p class='ocr_par' dir='ltr' id='par_1_92' title="bbox 954 1737 1778 1779">
     <span class='ocr_line' id='line_1_92' title="bbox 954 1737 1778 1779; baseline -0.01 -7"><span class='ocrx_word' id='word_1_651' title='bbox 954 1744 1031 1779; x_wconf 85' lang='lat' dir='ltr'>odio,</span> <span class='ocrx_word' id='word_1_652' title='bbox 1061 1743 1110 1779; x_wconf 87' lang='lat' dir='ltr'>qui</span> <span class='ocrx_word' id='word_1_653' title='bbox 1139 1743 1175 1771; x_wconf 91' lang='lat' dir='ltr'>ob</span> <span class='ocrx_word' id='word_1_654' title='bbox 1199 1750 1304 1771; x_wconf 83' lang='lat' dir='ltr'>causas</span> <span class='ocrx_word' id='word_1_655' title='bbox 1327 1742 1471 1777; x_wconf 85' lang='lat' dir='ltr'>quasdam</span> <span class='ocrx_word' id='word_1_656' title='bbox 1486 1739 1595 1767; x_wconf 87' lang='lat' dir='ltr'>milites</span> <span class='ocrx_word' id='word_1_657' title='bbox 1624 1747 1683 1766; x_wconf 89' lang='lat' dir='ltr'>non</span> <span class='ocrx_word' id='word_1_658' title='bbox 1703 1737 1778 1765; x_wconf 84' lang='lat' dir='ltr'>bene</span> 
     </span>
    </p>
   </div>
   <div class='ocr_carea' id='block_1_93' title="bbox 952 1782 1776 1822">
    <p class='ocr_par' dir='ltr' id='par_1_93' title="bbox 952 1782 1776 1822">
     <span class='ocr_line' id='line_1_93' title="bbox 952 1782 1776 1822; baseline -0.008 -6"><span class='ocrx_word' id='word_1_659' title='bbox 952 1790 1102 1821; x_wconf 83' lang='lat' dir='ltr'>tractarat,</span> <span class='ocrx_word' id='word_1_660' title='bbox 1119 1789 1148 1815; x_wconf 89' lang='lat' dir='ltr'>et</span> <span class='ocrx_word' id='word_1_661' title='bbox 1163 1789 1314 1822; x_wconf 86' lang='lat' dir='ltr'>suspectos</span> <span class='ocrx_word' id='word_1_662' title='bbox 1330 1785 1468 1818; x_wconf 89' lang='lat' dir='ltr'>habebat,</span> <span class='ocrx_word' id='word_1_663' title='bbox 1484 1785 1562 1812; x_wconf 90' lang='lat' dir='ltr'>unde</span> <span class='ocrx_word' id='word_1_664' title='bbox 1585 1783 1645 1811; x_wconf 90' lang='lat' dir='ltr'>illis</span> <span class='ocrx_word' id='word_1_665' title='bbox 1664 1782 1776 1810; x_wconf 85' lang='lat' dir='ltr'>invisus</span> 
     </span>
    </p>
   </div>
   <div class='ocr_carea' id='block_1_94' title="bbox 953 1826 1777 1869">
    <p class='ocr_par' dir='ltr' id='par_1_94' title="bbox 953 1826 1777 1869">
     <span class='ocr_line' id='line_1_94' title="bbox 953 1826 1777 1869; baseline -0.01 -8"><span class='ocrx_word' id='word_1_666' title='bbox 953 1842 1018 1862; x_wconf 81' lang='lat' dir='ltr'>esse</span> <span class='ocrx_word' id='word_1_667' title='bbox 1034 1833 1169 1869; x_wconf 69' lang='lat' dir='ltr'>coeperat.</span> <span class='ocrx_word' id='word_1_668' title='bbox 1187 1831 1292 1859; x_wconf 83' lang='lat' dir='ltr'>Statim</span> <span class='ocrx_word' id='word_1_669' title='bbox 1309 1830 1401 1866; x_wconf 83' lang='lat' dir='ltr'>igitur</span> <span class='ocrx_word' id='word_1_670' title='bbox 1415 1829 1475 1857; x_wconf 86' lang='lat' dir='ltr'>illic</span> <span class='ocrx_word' id='word_1_671' title='bbox 1490 1827 1651 1864; x_wconf 81' lang='lat' dir='ltr'>congressi,</span> <span class='ocrx_word' id='word_1_672' title='bbox 1677 1826 1777 1854; x_wconf 87' lang='lat' dir='ltr'>Torni-</span> 
     </span>
    </p>
   </div>
   <div class='ocr_carea' id='block_1_95' title="bbox 953 1872 1776 1910">
    <p class='ocr_par' dir='ltr' id='par_1_95' title="bbox 953 1872 1776 1910">
     <span class='ocr_line' id='line_1_95' title="bbox 953 1872 1776 1910; baseline -0.01 -4"><span class='ocrx_word' id='word_1_673' title='bbox 953 1878 1032 1906; x_wconf 86' lang='lat' dir='ltr'>cium</span> <span class='ocrx_word' id='word_1_674' title='bbox 1047 1877 1153 1905; x_wconf 77' lang='lat' dir='ltr'>faustis</span> <span class='ocrx_word' id='word_1_675' title='bbox 1167 1875 1430 1904; x_wconf 85' lang='lat' dir='ltr'>acclamationibus</span> <span class='ocrx_word' id='word_1_676' title='bbox 1446 1873 1603 1910; x_wconf 83' lang='lat' dir='ltr'>prosecuti,</span> <span class='ocrx_word' id='word_1_677' title='bbox 1618 1872 1776 1908; x_wconf 84' lang='lat' dir='ltr'>imperato-</span> 
     </span>
    </p>
   </div>
   <div class='ocr_carea' id='block_1_96' title="bbox 953 1919 1777 1955">
    <p class='ocr_par' dir='ltr' id='par_1_96' title="bbox 953 1919 1777 1955">
     <span class='ocr_line' id='line_1_96' title="bbox 953 1919 1777 1955; baseline -0.008 -5"><span class='ocrx_word' id='word_1_678' title='bbox 953 1931 1015 1951; x_wconf 86' lang='lat' dir='ltr'>rem</span> <span class='ocrx_word' id='word_1_679' title='bbox 1031 1921 1263 1950; x_wconf 86' lang='lat' dir='ltr'>consalutarunt.</span> <span class='ocrx_word' id='word_1_680' title='bbox 1273 1921 1326 1948; x_wconf 86' lang='lat' dir='ltr'>Hic</span> <span class='ocrx_word' id='word_1_681' title='bbox 1335 1919 1492 1955; x_wconf 88' lang='lat' dir='ltr'>vero,citra</span> <span class='ocrx_word' id='word_1_682' title='bbox 1506 1926 1618 1946; x_wconf 86' lang='lat' dir='ltr'>moram</span> <span class='ocrx_word' id='word_1_683' title='bbox 1633 1925 1693 1945; x_wconf 89' lang='lat' dir='ltr'>rem</span> <span class='ocrx_word' id='word_1_684' title='bbox 1710 1924 1777 1944; x_wconf 87' lang='lat' dir='ltr'>cum</span> 
     </span>
    </p>
   </div>
   <div class='ocr_carea' id='block_1_97' title="bbox 953 1961 1778 2002">
    <p class='ocr_par' dir='ltr' id='par_1_97' title="bbox 953 1961 1778 2002">
     <span class='ocr_line' id='line_1_97' title="bbox 953 1961 1778 2002; baseline -0.008 -7"><span class='ocrx_word' id='word_1_685' title='bbox 953 1976 1008 1996; x_wconf 89' lang='lat' dir='ltr'>sua</span> <span class='ocrx_word' id='word_1_686' title='bbox 1024 1968 1150 1995; x_wconf 84' lang='lat' dir='ltr'>factione</span> <span class='ocrx_word' id='word_1_687' title='bbox 1173 1974 1342 2002; x_wconf 77' lang='lat' dir='ltr'>aggressus,</span> <span class='ocrx_word' id='word_1_688' title='bbox 1366 1964 1465 1992; x_wconf 84' lang='lat' dir='ltr'>subito</span> <span class='ocrx_word' id='word_1_689' title='bbox 1493 1961 1778 1998; x_wconf 86' lang='lat' dir='ltr'>Constantinopolim</span> 
     </span>
    </p>
   </div>
   <div class='ocr_carea' id='block_1_98' title="bbox 952 2007 1779 2046">
    <p class='ocr_par' dir='ltr' id='par_1_98' title="bbox 952 2007 1779 2046">
     <span class='ocr_line' id='line_1_98' title="bbox 952 2007 1779 2046; baseline -0.008 -6"><span class='ocrx_word' id='word_1_690' title='bbox 952 2011 1073 2045; x_wconf 89' lang='lat' dir='ltr'>invadit,</span> <span class='ocrx_word' id='word_1_691' title='bbox 1085 2019 1212 2046; x_wconf 90' lang='lat' dir='ltr'>cumque</span> <span class='ocrx_word' id='word_1_692' title='bbox 1244 2010 1331 2038; x_wconf 89' lang='lat' dir='ltr'>multi</span> <span class='ocrx_word' id='word_1_693' title='bbox 1346 2009 1382 2037; x_wconf 88' lang='lat' dir='ltr'>ad</span> <span class='ocrx_word' id='word_1_694' title='bbox 1409 2017 1477 2036; x_wconf 87' lang='lat' dir='ltr'>eum</span> <span class='ocrx_word' id='word_1_695' title='bbox 1510 2011 1570 2036; x_wconf 90' lang='lat' dir='ltr'>tam</span> <span class='ocrx_word' id='word_1_696' title='bbox 1595 2007 1671 2035; x_wconf 86' lang='lat' dir='ltr'>cives</span> <span class='ocrx_word' id='word_1_697' title='bbox 1689 2014 1779 2042; x_wconf 89' lang='lat' dir='ltr'>quam</span> 
     </span>
    </p>
   </div>
   <div class='ocr_carea' id='block_1_99' title="bbox 953 2050 1780 2090">
    <p class='ocr_par' dir='ltr' id='par_1_99' title="bbox 953 2050 1780 2090">
     <span class='ocr_line' id='line_1_99' title="bbox 953 2050 1780 2090; baseline -0.008 -6"><span class='ocrx_word' id='word_1_698' title='bbox 953 2056 1061 2084; x_wconf 87' lang='lat' dir='ltr'>milites</span> <span class='ocrx_word' id='word_1_699' title='bbox 1073 2055 1260 2088; x_wconf 78' lang='lat' dir='ltr'>conﬂuerent,</span> <span class='ocrx_word' id='word_1_700' title='bbox 1273 2055 1303 2082; x_wconf 92' lang='lat' dir='ltr'>in</span> <span class='ocrx_word' id='word_1_701' title='bbox 1319 2062 1400 2090; x_wconf 87' lang='lat' dir='ltr'>spem</span> <span class='ocrx_word' id='word_1_702' title='bbox 1415 2053 1600 2088; x_wconf 65' lang='lat' dir='ltr'>{erigebatun</span> <span class='ocrx_word' id='word_1_703' title='bbox 1630 2050 1780 2079; x_wconf 88' lang='lat' dir='ltr'>neminem</span> 
     </span>
    </p>
   </div>
   <div class='ocr_carea' id='block_1_100' title="bbox 954 2095 1779 2135">
    <p class='ocr_par' dir='ltr' id='par_1_100' title="bbox 954 2095 1779 2135">
     <span class='ocr_line' id='line_1_100' title="bbox 954 2095 1779 2135; baseline -0.01 -7"><span class='ocrx_word' id='word_1_704' title='bbox 954 2101 1014 2128; x_wconf 88' lang='lat' dir='ltr'>fore</span> <span class='ocrx_word' id='word_1_705' title='bbox 1039 2099 1089 2135; x_wconf 91' lang='lat' dir='ltr'>qui</span> <span class='ocrx_word' id='word_1_706' title='bbox 1112 2099 1168 2127; x_wconf 87' lang='lat' dir='ltr'>sibi</span> <span class='ocrx_word' id='word_1_707' title='bbox 1185 2099 1321 2126; x_wconf 88' lang='lat' dir='ltr'>resistere</span> <span class='ocrx_word' id='word_1_708' title='bbox 1345 2098 1477 2132; x_wconf 85' lang='lat' dir='ltr'>auderet,</span> <span class='ocrx_word' id='word_1_709' title='bbox 1500 2096 1550 2124; x_wconf 87' lang='lat' dir='ltr'>sed</span> <span class='ocrx_word' id='word_1_710' title='bbox 1576 2095 1652 2123; x_wconf 87' lang='lat' dir='ltr'>cives</span> <span class='ocrx_word' id='word_1_711' title='bbox 1679 2096 1779 2130; x_wconf 87' lang='lat' dir='ltr'>portas</span> 
     </span>
    </p>
   </div>
   <div class='ocr_carea' id='block_1_101' title="bbox 953 2138 1779 2180">
    <p class='ocr_par' dir='ltr' id='par_1_101' title="bbox 953 2138 1779 2180">
     <span class='ocr_line' id='line_1_101' title="bbox 953 2138 1779 2180; baseline -0.008 -8"><span class='ocrx_word' id='word_1_712' title='bbox 953 2144 1035 2172; x_wconf 89' lang='lat' dir='ltr'>urbis</span> <span class='ocrx_word' id='word_1_713' title='bbox 1050 2143 1148 2180; x_wconf 87' lang='lat' dir='ltr'>potius</span> <span class='ocrx_word' id='word_1_714' title='bbox 1163 2151 1220 2170; x_wconf 86' lang='lat' dir='ltr'>non</span> <span class='ocrx_word' id='word_1_715' title='bbox 1243 2142 1386 2178; x_wconf 85' lang='lat' dir='ltr'>gravatim</span> <span class='ocrx_word' id='word_1_716' title='bbox 1416 2142 1579 2177; x_wconf 86' lang='lat' dir='ltr'>aperturos,</span> <span class='ocrx_word' id='word_1_717' title='bbox 1607 2141 1671 2167; x_wconf 90' lang='lat' dir='ltr'>tum</span> <span class='ocrx_word' id='word_1_718' title='bbox 1700 2138 1779 2174; x_wconf 86' lang='lat' dir='ltr'>quod</span> 
     </span>
    </p>
   </div>
   <div class='ocr_carea' id='block_1_102' title="bbox 953 2181 1779 2221">
    <p class='ocr_par' dir='ltr' id='par_1_102' title="bbox 953 2181 1779 2221">
     <span class='ocr_line' id='line_1_102' title="bbox 953 2181 1779 2221; baseline -0.008 -5"><span class='ocrx_word' id='word_1_719' title='bbox 953 2187 1115 2217; x_wconf 82' lang='lat' dir='ltr'>Orientales</span> <span class='ocrx_word' id='word_1_720' title='bbox 1140 2186 1286 2214; x_wconf 85' lang='lat' dir='ltr'>exercitus</span> <span class='ocrx_word' id='word_1_721' title='bbox 1316 2185 1401 2214; x_wconf 89' lang='lat' dir='ltr'>bellis</span> <span class='ocrx_word' id='word_1_722' title='bbox 1424 2185 1465 2213; x_wconf 87' lang='lat' dir='ltr'>ibi</span> <span class='ocrx_word' id='word_1_723' title='bbox 1489 2183 1624 2221; x_wconf 86' lang='lat' dir='ltr'>gerendis</span> <span class='ocrx_word' id='word_1_724' title='bbox 1635 2181 1779 2218; x_wconf 84' lang='lat' dir='ltr'>occupati,</span> 
     </span>
    </p>
   </div>
   <div class='ocr_carea' id='block_1_103' title="bbox 953 2229 1779 2268">
    <p class='ocr_par' dir='ltr' id='par_1_103' title="bbox 953 2229 1779 2268">
     <span class='ocr_line' id='line_1_103' title="bbox 953 2229 1779 2268; baseline -0.008 -8"><span class='ocrx_word' id='word_1_725' title='bbox 953 2235 1018 2261; x_wconf 87' lang='lat' dir='ltr'>tum</span> <span class='ocrx_word' id='word_1_726' title='bbox 1046 2231 1122 2268; x_wconf 93' lang='lat' dir='ltr'>quod</span> <span class='ocrx_word' id='word_1_727' title='bbox 1145 2231 1222 2259; x_wconf 87' lang='lat' dir='ltr'>cives</span> <span class='ocrx_word' id='word_1_728' title='bbox 1248 2230 1416 2267; x_wconf 86' lang='lat' dir='ltr'>imperatori</span> <span class='ocrx_word' id='word_1_729' title='bbox 1442 2229 1509 2257; x_wconf 85' lang='lat' dir='ltr'>irati</span> <span class='ocrx_word' id='word_1_730' title='bbox 1538 2229 1648 2262; x_wconf 82' lang='lat' dir='ltr'>essent,</span> <span class='ocrx_word' id='word_1_731' title='bbox 1673 2235 1705 2255; x_wconf 84' lang='lat' dir='ltr'>a-</span> <span class='ocrx_word' id='word_1_732' title='bbox 1722 2234 1779 2262; x_wconf 89' lang='lat' dir='ltr'>quo</span> 
     </span>
    </p>
   </div>
   <div class='ocr_carea' id='block_1_104' title="bbox 953 2272 1780 2312">
    <p class='ocr_par' dir='ltr' id='par_1_104' title="bbox 953 2272 1780 2312">
     <span class='ocr_line' id='line_1_104' title="bbox 953 2272 1780 2312; baseline -0.008 -7"><span class='ocrx_word' id='word_1_733' title='bbox 953 2277 1036 2305; x_wconf 79' lang='lat' dir='ltr'>aliter</span> <span class='ocrx_word' id='word_1_734' title='bbox 1061 2284 1150 2312; x_wconf 90' lang='lat' dir='ltr'>quam</span> <span class='ocrx_word' id='word_1_735' title='bbox 1175 2275 1283 2304; x_wconf 84' lang='lat' dir='ltr'>vellent</span> <span class='ocrx_word' id='word_1_736' title='bbox 1306 2275 1494 2303; x_wconf 84' lang='lat' dir='ltr'>haberentur.</span> <span class='ocrx_word' id='word_1_737' title='bbox 1524 2272 1700 2309; x_wconf 79' lang='lat' dir='ltr'>Hujusmodi</span> <span class='ocrx_word' id='word_1_738' title='bbox 1729 2279 1780 2306; x_wconf 92' lang='lat' dir='ltr'>spe</span> 
     </span>
    </p>
   </div>
   <div class='ocr_carea' id='block_1_105' title="bbox 951 2318 1780 2356">
    <p class='ocr_par' dir='ltr' id='par_1_105' title="bbox 951 2318 1780 2356">
     <span class='ocr_line' id='line_1_105' title="bbox 951 2318 1780 2356; baseline -0.008 -6"><span class='ocrx_word' id='word_1_739' title='bbox 951 2322 1192 2355; x_wconf 79' lang='lat' dir='ltr'>inﬂatus,castra</span> <span class='ocrx_word' id='word_1_740' title='bbox 1214 2323 1281 2349; x_wconf 88' lang='lat' dir='ltr'>ante</span> <span class='ocrx_word' id='word_1_741' title='bbox 1310 2320 1412 2348; x_wconf 89' lang='lat' dir='ltr'>urbem</span> <span class='ocrx_word' id='word_1_742' title='bbox 1440 2318 1533 2356; x_wconf 86' lang='lat' dir='ltr'>ponit,</span> <span class='ocrx_word' id='word_1_743' title='bbox 1556 2319 1780 2353; x_wconf 80' lang='lat' dir='ltr'>oppugnaturus</span> 
     </span>
    </p>
   </div>
   <div class='ocr_carea' id='block_1_106' title="bbox 952 2361 1782 2403">
    <p class='ocr_par' dir='ltr' id='par_1_106' title="bbox 952 2361 1782 2403">
     <span class='ocr_line' id='line_1_106' title="bbox 952 2361 1782 2403; baseline -0.007 -9"><span class='ocrx_word' id='word_1_744' title='bbox 952 2366 1087 2403; x_wconf 83' lang='lat' dir='ltr'>eam,nisi</span> <span class='ocrx_word' id='word_1_745' title='bbox 1102 2366 1237 2394; x_wconf 87' lang='lat' dir='ltr'>alacriter</span> <span class='ocrx_word' id='word_1_746' title='bbox 1252 2364 1527 2401; x_wconf 84' lang='lat' dir='ltr'>reciperetur.Mane</span> <span class='ocrx_word' id='word_1_747' title='bbox 1539 2362 1629 2398; x_wconf 86' lang='lat' dir='ltr'>igitur</span> <span class='ocrx_word' id='word_1_748' title='bbox 1637 2361 1782 2389; x_wconf 84' lang='lat' dir='ltr'>instructa</span> 
     </span>
    </p>
   </div>
   <div class='ocr_carea' id='block_1_107' title="bbox 952 2408 1779 2443">
    <p class='ocr_par' dir='ltr' id='par_1_107' title="bbox 952 2408 1779 2443">
     <span class='ocr_line' id='line_1_107' title="bbox 952 2408 1779 2443; baseline -0.008 -3"><span class='ocrx_word' id='word_1_749' title='bbox 952 2412 1013 2441; x_wconf 86' lang='lat' dir='ltr'>acie</span> <span class='ocrx_word' id='word_1_750' title='bbox 1028 2412 1062 2439; x_wconf 86' lang='lat' dir='ltr'>ad</span> <span class='ocrx_word' id='word_1_751' title='bbox 1078 2412 1185 2439; x_wconf 83' lang='lat' dir='ltr'>mcenia</span> <span class='ocrx_word' id='word_1_752' title='bbox 1201 2411 1282 2438; x_wconf 88' lang='lat' dir='ltr'>urbis</span> <span class='ocrx_word' id='word_1_753' title='bbox 1298 2410 1376 2438; x_wconf 88' lang='lat' dir='ltr'>circa</span> <span class='ocrx_word' id='word_1_754' title='bbox 1391 2408 1568 2436; x_wconf 87' lang='lat' dir='ltr'>Blachernas</span> <span class='ocrx_word' id='word_1_755' title='bbox 1593 2414 1779 2443; x_wconf 83' lang='lat' dir='ltr'>progressus,</span> 
     </span>
    </p>
   </div>
   <div class='ocr_carea' id='block_1_108' title="bbox 950 2451 1781 2493">
    <p class='ocr_par' dir='ltr' id='par_1_108' title="bbox 950 2451 1781 2493">
     <span class='ocr_line' id='line_1_108' title="bbox 950 2451 1781 2493; baseline -0.008 -8"><span class='ocrx_word' id='word_1_756' title='bbox 950 2459 1051 2493; x_wconf 87' lang='lat' dir='ltr'>portas</span> <span class='ocrx_word' id='word_1_757' title='bbox 1068 2456 1174 2492; x_wconf 86' lang='lat' dir='ltr'>aperiri</span> <span class='ocrx_word' id='word_1_758' title='bbox 1199 2455 1254 2483; x_wconf 90' lang='lat' dir='ltr'>sibi</span> <span class='ocrx_word' id='word_1_759' title='bbox 1271 2454 1351 2491; x_wconf 89' lang='lat' dir='ltr'>petit,</span> <span class='ocrx_word' id='word_1_760' title='bbox 1378 2453 1516 2481; x_wconf 82' lang='lat' dir='ltr'>custodes</span> <span class='ocrx_word' id='word_1_761' title='bbox 1542 2452 1578 2480; x_wconf 89' lang='lat' dir='ltr'>ad</span> <span class='ocrx_word' id='word_1_762' title='bbox 1608 2452 1636 2479; x_wconf 90' lang='lat' dir='ltr'>id</span> <span class='ocrx_word' id='word_1_763' title='bbox 1667 2451 1781 2479; x_wconf 85' lang='lat' dir='ltr'>facinus</span> 
     </span>
    </p>
   </div>
   <div class='ocr_carea' id='block_1_109' title="bbox 952 2497 1783 2537">
    <p class='ocr_par' dir='ltr' id='par_1_109' title="bbox 952 2497 1783 2537">
     <span class='ocr_line' id='line_1_109' title="bbox 952 2497 1783 2537; baseline -0.006 -8"><span class='ocrx_word' id='word_1_764' title='bbox 952 2501 1066 2537; x_wconf 80' lang='lat' dir='ltr'>magnis</span> <span class='ocrx_word' id='word_1_765' title='bbox 1081 2499 1342 2537; x_wconf 88' lang='lat' dir='ltr'>pollicitationibus</span> <span class='ocrx_word' id='word_1_766' title='bbox 1360 2498 1496 2526; x_wconf 89' lang='lat' dir='ltr'>invitans.</span> <span class='ocrx_word' id='word_1_767' title='bbox 1515 2497 1567 2530; x_wconf 86' lang='lat' dir='ltr'>Qui</span> <span class='ocrx_word' id='word_1_768' title='bbox 1582 2505 1648 2525; x_wconf 87' lang='lat' dir='ltr'>cum</span> <span class='ocrx_word' id='word_1_769' title='bbox 1662 2504 1730 2525; x_wconf 89' lang='lat' dir='ltr'>eum</span> <span class='ocrx_word' id='word_1_770' title='bbox 1754 2498 1783 2524; x_wconf 87' lang='lat' dir='ltr'>et</span> 
     </span>
    </p>
   </div>
   <div class='ocr_carea' id='block_1_110' title="bbox 951 2541 1782 2583">
    <p class='ocr_par' dir='ltr' id='par_1_110' title="bbox 951 2541 1782 2583">
     <span class='ocr_line' id='line_1_110' title="bbox 951 2541 1782 2583; baseline -0.006 -9"><span class='ocrx_word' id='word_1_771' title='bbox 951 2546 1134 2583; x_wconf 85' lang='lat' dir='ltr'>negligerent</span> <span class='ocrx_word' id='word_1_772' title='bbox 1173 2545 1293 2582; x_wconf 87' lang='lat' dir='ltr'>penitus</span> <span class='ocrx_word' id='word_1_773' title='bbox 1329 2547 1357 2572; x_wconf 91' lang='lat' dir='ltr'>et</span> <span class='ocrx_word' id='word_1_774' title='bbox 1398 2543 1569 2571; x_wconf 88' lang='lat' dir='ltr'>deriderunt</span> <span class='ocrx_word' id='word_1_775' title='bbox 1597 2544 1624 2571; x_wconf 88' lang='lat' dir='ltr'>et</span> <span class='ocrx_word' id='word_1_776' title='bbox 1652 2541 1782 2571; x_wconf 85' lang='lat' dir='ltr'>dicteriis</span> 
     </span>
    </p>
   </div>
   <div class='ocr_carea' id='block_1_111' title="bbox 953 2587 1785 2626">
    <p class='ocr_par' dir='ltr' id='par_1_111' title="bbox 953 2587 1785 2626">
     <span class='ocr_line' id='line_1_111' title="bbox 953 2587 1785 2626; baseline -0.006 -7"><span class='ocrx_word' id='word_1_777' title='bbox 953 2591 1146 2625; x_wconf 85' lang='lat' dir='ltr'>incesserent,</span> <span class='ocrx_word' id='word_1_778' title='bbox 1178 2589 1434 2626; x_wconf 64' lang='lat' dir='ltr'>;oppugnationem</span> <span class='ocrx_word' id='word_1_779' title='bbox 1459 2588 1587 2616; x_wconf 87' lang='lat' dir='ltr'>inchoat.</span> <span class='ocrx_word' id='word_1_780' title='bbox 1623 2587 1785 2623; x_wconf 87' lang='lat' dir='ltr'>Imperator</span> 
     </span>
    </p>
   </div>
   <div class='ocr_carea' id='block_1_112' title="bbox 720 2658 1139 2690">
    <p class='ocr_par' dir='ltr' id='par_1_112' title="bbox 720 2658 1139 2690">
     <span class='ocr_line' id='line_1_112' title="bbox 720 2658 1139 2690; baseline 0 -2"><span class='ocrx_word' id='word_1_781' title='bbox 720 2658 821 2689; x_wconf 72' lang='lat' dir='ltr'>Varias</span> <span class='ocrx_word' id='word_1_782' title='bbox 836 2658 988 2690; x_wconf 81' lang='lat' dir='ltr'>lectiones</span> <span class='ocrx_word' id='word_1_783' title='bbox 999 2662 1030 2689; x_wconf 89' lang='lat' dir='ltr'>et</span> <span class='ocrx_word' id='word_1_784' title='bbox 1044 2661 1139 2689; x_wconf 72' lang='lat' dir='ltr'>notas.</span> 
     </span>
    </p>
   </div>
   <div class='ocr_carea' id='block_1_113' title="bbox 97 2715 899 2775">
    <p class='ocr_par' dir='ltr' id='par_1_113' title="bbox 97 2715 899 2775">
     <span class='ocr_line' id='line_1_113' title="bbox 97 2715 899 2775; baseline 0.011 -30"><span class='ocrx_word' id='word_1_785' title='bbox 97 2715 201 2775; x_wconf 41' lang='lat' dir='ltr'>“(ﬁll</span> <span class='ocrx_word' id='word_1_786' title='bbox 211 2719 292 2775; x_wconf 47' lang='lat'>01.8}</span> <span class='ocrx_word' id='word_1_787' title='bbox 313 2720 531 2775; x_wconf 48' lang='grc' dir='ltr'>γεηξέἒκεδόνές.</span> <span class='ocrx_word' id='word_1_788' title='bbox 545 2723 744 2775; x_wconf 39' lang='lat' dir='ltr'>‘Anouymus.</span> <span class='ocrx_word' id='word_1_789' title='bbox 763 2725 899 2754; x_wconf 80' lang='lat' dir='ltr'>Bai-ensis</span> 
     </span>
     <span class='ocr_line' id='line_1_114' title="bbox 145 2760 899 2775; baseline 0 0"><span class='ocrx_word' id='word_1_790' title='bbox 145 2768 152 2775; x_wconf 70' lang='grc' dir='ltr'><strong><em>Α</em></strong></span> <span class='ocrx_word' id='word_1_791' title='bbox 203 2763 219 2775; x_wconf 87' lang='lat' dir='ltr'>n</span> <span class='ocrx_word' id='word_1_792' title='bbox 292 2766 309 2775; x_wconf 77' lang='grc' dir='ltr'>ιι</span> <span class='ocrx_word' id='word_1_793' title='bbox 459 2767 488 2775; x_wconf 69' lang='grc' dir='ltr'>ιρι</span> <span class='ocrx_word' id='word_1_794' title='bbox 611 2760 754 2775; x_wconf 60' lang='grc' dir='ltr'>-Α-λ.11,....ι</span> <span class='ocrx_word' id='word_1_795' title='bbox 788 2762 899 2775; x_wconf 51' lang='grc' dir='ltr'>σιω-ιω</span> 
     </span>
    </p>
   </div>
   <div class='ocr_carea' id='block_1_114' title="bbox 108 2751 901 2800">
    <p class='ocr_par' dir='ltr' id='par_1_114' title="bbox 108 2751 901 2800">
     <span class='ocr_line' id='line_1_115' title="bbox 108 2751 901 2800; baseline 0.011 -19"><span class='ocrx_word' id='word_1_796' title='bbox 108 2751 231 2800; x_wconf 48' lang='lat' dir='ltr'>agam.</span> <span class='ocrx_word' id='word_1_797' title='bbox 248 2764 257 2800; x_wconf 54' lang='grc' dir='ltr'><strong>ε</strong></span> <span class='ocrx_word' id='word_1_798' title='bbox 269 2751 327 2800; x_wconf 56' lang='lat' dir='ltr'>Aa:</span> <span class='ocrx_word' id='word_1_799' title='bbox 351 2759 430 2800; x_wconf 64' lang='lat' dir='ltr'>isse,</span> <span class='ocrx_word' id='word_1_800' title='bbox 457 2751 518 2800; x_wconf 57' lang='grc' dir='ltr'>ιηάζ</span> <span class='ocrx_word' id='word_1_801' title='bbox 545 2759 571 2792; x_wconf 82' lang='grc'>1,</span> <span class='ocrx_word' id='word_1_802' title='bbox 606 2751 901 2800; x_wconf 54' lang='grc' dir='ltr'>⁷νεᾌεῐίὲιὶιίιᾝοῑ-ῐιὶιᾶ</span> 
     </span>
    </p>
   </div>
   <div class='ocr_carea' id='block_1_115' title="bbox 98 2789 901 2834">
    <p class='ocr_par' dir='ltr' id='par_1_115' title="bbox 98 2789 901 2834">
     <span class='ocr_line' id='line_1_116' title="bbox 98 2789 901 2834; baseline 0.005 -12"><span class='ocrx_word' id='word_1_803' title='bbox 98 2789 318 2834; x_wconf 30' lang='grc' dir='ltr'>ᾖίξνζιμμιιίςεᾰοηξξ</span> <span class='ocrx_word' id='word_1_804' title='bbox 340 2799 365 2823; x_wconf 75' lang='lat' dir='ltr'>et</span> <span class='ocrx_word' id='word_1_805' title='bbox 379 2789 494 2834; x_wconf 59' lang='lat' dir='ltr'>Baianae</span> <span class='ocrx_word' id='word_1_806' title='bbox 506 2789 686 2834; x_wconf 58' lang='lat' dir='ltr'>coniqcraneo</span> <span class='ocrx_word' id='word_1_807' title='bbox 704 2805 763 2831; x_wconf 70' lang='lat' dir='ltr'>suo,</span> <span class='ocrx_word' id='word_1_808' title='bbox 775 2789 901 2834; x_wconf 70' lang='lat' dir='ltr'>perrexit</span> 
     </span>
    </p>
   </div>
   <div class='ocr_carea' id='block_1_116' title="bbox 101 2820 901 2870">
    <p class='ocr_par' dir='ltr' id='par_1_116' title="bbox 101 2820 901 2870">
     <span class='ocr_line' id='line_1_117' title="bbox 101 2820 901 2870; baseline 0.018 -22"><span class='ocrx_word' id='word_1_809' title='bbox 101 2820 398 2866; x_wconf 42' lang='lat' dir='ltr'>Constantinopolim-{ui</span> <span class='ocrx_word' id='word_1_810' title='bbox 404 2820 517 2867; x_wconf 62' lang='lat' dir='ltr'>&#39;ch&#39;é&#39;r&#39;ei</span> <span class='ocrx_word' id='word_1_811' title='bbox 523 2820 567 2860; x_wconf 57' lang='lat'>&#39;32</span> 
     </span>
    </p>
   </div>
   <div class='ocr_carea' id='block_1_117' title="bbox 954 2719 1784 2760">
    <p class='ocr_par' dir='ltr' id='par_1_117' title="bbox 954 2719 1784 2760">
     <span class='ocr_line' id='line_1_118' title="bbox 954 2719 1784 2760; baseline -0.011 -6"><span class='ocrx_word' id='word_1_812' title='bbox 954 2726 1090 2760; x_wconf 77' lang='lat' dir='ltr'>magistro</span> <span class='ocrx_word' id='word_1_813' title='bbox 1104 2726 1192 2754; x_wconf 68' lang='lat' dir='ltr'>exivit</span> <span class='ocrx_word' id='word_1_814' title='bbox 1204 2725 1253 2753; x_wconf 78' lang='lat' dir='ltr'>sub</span> <span class='ocrx_word' id='word_1_815' title='bbox 1269 2728 1345 2753; x_wconf 76' lang='lat' dir='ltr'>nocte</span> <span class='ocrx_word' id='word_1_816' title='bbox 1361 2732 1424 2752; x_wconf 84' lang='lat' dir='ltr'>cum</span> <span class='ocrx_word' id='word_1_817' title='bbox 1438 2723 1591 2760; x_wconf 72' lang='lat' dir='ltr'>aliquantis</span> <span class='ocrx_word' id='word_1_818' title='bbox 1613 2719 1729 2760; x_wconf 61' lang='lat' dir='ltr'>Franfz&#39;s</span> <span class='ocrx_word' id='word_1_819' title='bbox 1743 2722 1784 2760; x_wconf 81' lang='lat' dir='ltr'>_ct</span> 
     </span>
    </p>
   </div>
   <div class='ocr_carea' id='block_1_118' title="bbox 955 2755 1784 2797">
    <p class='ocr_par' dir='ltr' id='par_1_118' title="bbox 955 2755 1784 2797">
     <span class='ocr_line' id='line_1_119' title="bbox 955 2755 1784 2797; baseline -0.011 -7"><span class='ocrx_word' id='word_1_820' title='bbox 955 2755 1067 2796; x_wconf 75' lang='grc' dir='ltr'>ϐνεὲσίε,</span> <span class='ocrx_word' id='word_1_821' title='bbox 1083 2766 1111 2789; x_wconf 78' lang='grc' dir='ltr'>ει</span> <span class='ocrx_word' id='word_1_822' title='bbox 1123 2764 1251 2797; x_wconf 76' lang='lat' dir='ltr'>fecerunt</span> <span class='ocrx_word' id='word_1_823' title='bbox 1275 2762 1302 2789; x_wconf 76' lang='lat' dir='ltr'>ei</span> <span class='ocrx_word' id='word_1_824' title='bbox 1326 2760 1458 2797; x_wconf 60' lang='lat' dir='ltr'>damnum</span> <span class='ocrx_word' id='word_1_825' title='bbox 1479 2755 1654 2797; x_wconf 43' lang='grc' dir='ltr'>ᾗηααείτηαῃι.</span> <span class='ocrx_word' id='word_1_826' title='bbox 1681 2755 1784 2797; x_wconf 57' lang='lat' dir='ltr'>Postea</span> 
     </span>
    </p>
   </div>
   <div class='ocr_carea' id='block_1_119' title="bbox 954 2793 1784 2834">
    <p class='ocr_par' dir='ltr' id='par_1_119' title="bbox 954 2793 1784 2834">
     <span class='ocr_line' id='line_1_120' title="bbox 954 2793 1784 2834; baseline -0.01 -8"><span class='ocrx_word' id='word_1_827' title='bbox 954 2793 1166 2834; x_wconf 64' lang='lat' dir='ltr'>comprehensus</span> <span class='ocrx_word' id='word_1_828' title='bbox 1180 2800 1219 2826; x_wconf 76' lang='lat' dir='ltr'>est</span> <span class='ocrx_word' id='word_1_829' title='bbox 1233 2798 1291 2833; x_wconf 78' lang='lat' dir='ltr'>ipse</span> <span class='ocrx_word' id='word_1_830' title='bbox 1306 2795 1437 2834; x_wconf 63' lang='lat' dir='ltr'>Tomi/cici</span> <span class='ocrx_word' id='word_1_831' title='bbox 1446 2803 1463 2822; x_wconf 89' lang='grc' dir='ltr'>ιι</span> <span class='ocrx_word' id='word_1_832' title='bbox 1475 2793 1687 2834; x_wconf 59' lang='grc' dir='ltr'>Μοποηςαεὴοβι</span> <span class='ocrx_word' id='word_1_833' title='bbox 1698 2793 1784 2828; x_wconf 75' lang='lat' dir='ltr'>jussit</span> 
     </span>
    </p>
   </div>
   <div class='ocr_carea' id='block_1_120' title="bbox 955 2828 1605 2870">
    <p class='ocr_par' dir='ltr' id='par_1_120' title="bbox 955 2828 1605 2870">
     <span class='ocr_line' id='line_1_121' title="bbox 955 2828 1605 2870; baseline -0.011 -7"><span class='ocrx_word' id='word_1_834' title='bbox 955 2828 1024 2863; x_wconf 42' lang='lat' dir='ltr'>eum.</span> <span class='ocrx_word' id='word_1_835' title='bbox 1033 2841 1148 2870; x_wconf 55' lang='lat' dir='ltr'>cacare,</span> <span class='ocrx_word' id='word_1_836' title='bbox 1163 2838 1191 2863; x_wconf 81' lang='grc' dir='ltr'>ει</span> <span class='ocrx_word' id='word_1_837' title='bbox 1204 2828 1319 2863; x_wconf 65' lang='grc' dir='ltr'>Βάιαικί</span> <span class='ocrx_word' id='word_1_838' title='bbox 1333 2832 1429 2863; x_wconf 66' lang='lat' dir='ltr'>amati</span> <span class='ocrx_word' id='word_1_839' title='bbox 1438 2834 1501 2859; x_wconf 74' lang='lat' dir='ltr'>sunt</span> <span class='ocrx_word' id='word_1_840' title='bbox 1516 2828 1605 2858; x_wconf 87' lang='lat' dir='ltr'>ambo.</span> 
     </span>
    </p>
   </div>
  </div>
