2032 3167
185 195 245 225 215

858 196 1020 228 JOANNIS
1043 197 1214 228 ZONAR/E

1837 199 1898 227 216

185 268 253 289 vero
269 268 336 288 cum
345 261 447 297 paucis
460 260 607 289 militibus
622 261 791 298 urbaneque
807 262 1007 298 multitudine,

1066 262 1108 290 καὶ
1124 264 1150 290 οὶ
1165 264 1215 298 τῆς
1238 264 1345 295 πόλεως
1361 263 1396 292 δι’
1411 263 1497 302 ὀργῆς
1523 264 1664 292 ἐποιοῦντο
1689 264 1734 291 τὸν
1762 263 1900 300 αὗτοκρά-

185 307 213 333 et
223 304 290 333 aliis
305 305 483 342 quibusdam
505 306 575 334 viris
590 309 747 335 senaturus
774 307 928 341 ministris,
958 307 1007 343 qui

185 358 288 378 omnes
297 350 345 377 vix
361 350 560 378 millenarium
577 359 731 379 numerum
743 352 908 388 explebant,
931 360 961 380 se
973 352 1008 380 ad

185 395 386 423 defensionem
404 398 575 432 paratzquos
586 405 651 424 eum
665 405 715 432 pro
731 397 877 425 moenibus
893 397 1009 433 tyranni

138 472 142 476 _
178 439 332 468 militibus
343 441 540 477 opposuisset,
557 441 682 477 putabat
697 449 727 469 se
745 443 884 470 terrorem
908 442 1009 469 adver-

185 484 494 514 sariisincussurum:
511 488 598 522 atque
614 486 676 522 ipse
689 485 717 513 in
739 487 864 522 quodam
887 487 1011 522 impera~

184 530 259 557 torio
280 529 408 558 conclavi
425 530 609 567 prominente
638 533 704 559 ante
731 534 845 566 caetera,
873 540 924 568 pro
953 540 1012 559 ma-

180 573 290 609 jestate
301 575 443 608 consedit,
466 578 498 603 ut
514 575 611 603 hostes
627 577 656 603 et
680 576 800 608 videret,
826 578 855 603 et
879 576 1009 603 vicissim

184 619 221 646 ab
233 619 269 647 iis
284 619 617 648 videretur.Macedoues
629 629 695 648 vero
709 620 879 648 scurrilitati
888 620 1010 654 assueti,

183 671 374 704 conspectum
387 668 594 704 imperatorem
604 670 710 705 partim
718 669 814 706 palam
822 669 1010 698 contumeliis

182 712 317 741 insectati
342 715 411 741 sunt
435 714 542 749 partim
568 715 693 742 cmtibus
713 714 860 742 institutis
883 715 1010 742 comicas

182 758 327 793 quaedam
348 758 509 787 cantilenas
547 767 581 786 ex
615 762 746 796 tempore
772 759 952 793 cecinerunt,
983 761 1012 787 et

182 801 345 838 saltaruut,
362 803 487 838 pedibus
504 805 611 831 terram
627 804 790 840 pulsantes,
818 804 1011 840 immissaque

182 846 303 874 cohorte
315 847 345 874 in
373 855 422 875 eos
439 847 489 882 qui
514 850 594 875 extra
619 848 726 876 mwuia
749 848 855 884 objecti
880 849 1009 882 fuerunt,

183 891 319 919 homines
334 892 440 927 partim
470 893 504 919 ad
523 894 632 928 portas,
645 892 751 928 partim
768 894 801 920 ad
818 893 912 921 fossas
929 901 1008 920 com-

183 935 334 971 pulerunt,
350 935 380 964 in
393 945 466 972 quas
482 937 653 973 praecipitati
681 937 840 972 perierunt,
869 940 1010 974 tantaque

181 981 308 1009 formido
325 980 446 1009 incessit
461 981 600 1009 omnibus
613 984 644 1010 ut
658 982 676 1009 ii
694 982 781 1010 etiam
794 983 844 1019 qui
861 983 889 1010 in
907 983 1009 1010 mmni-

181 1025 236 1052 hus
251 1025 553 1058 stabant,desilientes
566 1026 739 1062 fugerent,et
751 1027 799 1063 qui
814 1027 913 1055 aditus
929 1027 1011 1055 urbis

180 1070 442 1104 custodiebant,ne
459 1071 550 1106 portis
567 1071 686 1107 quidem
698 1071 807 1100 clausis
823 1080 854 1100 se
866 1073 1010 1100 subduce-

180 1117 254 1143 rent.
270 1115 351 1147 Quod
375 1115 398 1142 si
418 1115 527 1143 bellum
549 1115 622 1143 illud
637 1116 733 1144 virum
754 1117 830 1145 258
846 1116 1010 1151 habuisset,

183 1159 234 1195 qui
250 1160 291 1186 uti
308 1159 430 1187 victoria
445 1160 561 1196 scisset,
582 1160 654 1188 nihil
672 1161 842 1189 Tornieium
863 1161 899 1189 ad
931 1161 1012 1189 urbis

181 1203 316 1239 ingressu
331 1203 376 1231 vel
393 1205 578 1232 exsecutione
597 1208 720 1233 conatus
736 1205 781 1232 sui
801 1205 1011 1241 prohibuisset.

185 1252 240 1280 Sed
258 1260 322 1280 eam
338 1252 532 1288 occasionem,
550 1262 616 1281 cum
631 1253 689 1281 Deo
715 1253 798 1281 aliter
813 1255 907 1281 visum
924 1256 1012 1287 esset,

182 1299 328 1331 tyrannus
343 1297 453 1325 amisit.
479 1297 642 1334 Imperator
665 1300 763 1326 tamen
793 1298 922 1334 periculo
944 1307 1012 1334 pro-

184 1341 282 1369 ximus
293 1341 348 1369 fuit
363 1350 370 1369 :
384 1350 452 1370 nam
468 1342 600 1378 quidam,
616 1342 725 1370 emissa
739 1346 843 1371 contra
866 1342 950 1370 illum
965 1351 1012 1370 sa-

181 1385 366 1422 gitta,ipsum
382 1387 501 1423 quidem
517 1394 575 1415 non
593 1387 717 1423 percutit
732 1388 782 1415 sed
795 1387 1012 1416 adolescentem

183 1430 313 1458 cubiculi
333 1431 513 1465 ministrum,
526 1440 559 1460 ac
570 1440 606 1460 ne
620 1439 686 1460 eum
718 1432 837 1468 quidem
866 1432 1014 1461 lethaliter

183 1474 347 1503 vulneravit
373 1476 485 1504 Tamen
503 1476 646 1504 satellites
661 1477 871 1513 territi,statim
888 1486 1013 1505 recesse-

185 1522 264 1555 runt,
280 1522 308 1548 et
322 1520 385 1556 ipse
401 1521 564 1557 imperator
577 1529 644 1549 cum
673 1521 745 1550 sella
775 1521 830 1550 alio
851 1522 1014 1550 translatus

182 1566 236 1592 est.
253 1564 401 1598 Tornicio,
416 1567 498 1593 tanta
510 1565 646 1594 felicitate
653 1565 843 1601 neglecta,res
857 1566 884 1594 in
901 1569 1014 1594 contra-

183 1609 262 1637 rium
277 1609 373 1637 vertit.
397 1610 471 1638 Nam
501 1610 572 1638 urbe
598 1611 693 1638 denuo
718 1611 860 1639 custodiis
887 1611 1011 1644 munita,

182 1654 325 1689 tyrannus
341 1662 426 1682 mane
446 1663 549 1683 rursus
567 1655 678 1691 impetu
696 1655 724 1682 in
742 1656 850 1683 mcenia
866 1656 953 1689 facto,
969 1665 1012 1683 re-

183 1697 287 1732 pulsus
301 1702 357 1734 est,
375 1707 426 1726 nec
443 1699 571 1727 multum
587 1700 693 1735 abfuit,
709 1700 781 1736 quin
808 1701 870 1737 ipse
894 1700 1012 1736 periret.

185 1746 259 1774 Nam
274 1755 339 1774 cum
349 1755 383 1774 ex
400 1747 537 1776 machina
547 1757 618 1776 saxa
629 1748 731 1777 talenti
741 1749 868 1785 pondere
877 1748 906 1776 in
913 1749 1014 1777 hostes

185 1793 406 1825 excuterentur,
424 1801 517 1820 unum
533 1795 561 1821 et
575 1793 672 1829 ipsum
689 1793 846 1828 directum,
871 1794 1015 1822 aberravit

191 1835 265 1863 illud
281 1836 411 1872 quidem,
423 1837 474 1865 sed
488 1839 516 1865 et
532 1837 588 1873 ipsi
603 1840 630 1866 et
645 1837 822 1866 satellitibus
837 1838 902 1874 ejus
926 1841 1014 1866 terro-

192 1887 254 1908 rem
270 1881 406 1914 incussit,
423 1884 455 1909 ut
470 1881 613 1918 dissipata
628 1883 702 1916 acie,
721 1883 750 1910 in
772 1885 868 1910 castra
896 1882 1014 1916 reversi,

192 1925 228 1951 ab
245 1925 461 1961 oppugnatione
476 1926 659 1954 desisterent.
676 1927 781 1954 Paucis
792 1927 883 1963 igitur
911 1927 1014 1955 diebus

190 1968 231 1996 ibi
249 1972 460 2005 commoratus,
476 1979 544 1998 cum
559 1979 575 1999 e
591 1971 654 1999 suis
671 1971 744 2000 alios
755 1971 791 1999 ad
808 1972 1014 2008 imperatorem

189 2012 322 2047 deﬁcere,
340 2013 412 2041 alios
442 2015 569 2051 dispergi
584 2017 612 2043 et
627 2015 765 2051 aufugere
783 2016 902 2044 videret-
914 2016 1015 2044 relicta

187 2056 269 2086 urbis
284 2057 446 2094 obsidione,
463 2059 583 2088 castella
599 2060 729 2088 Thracis:
746 2069 777 2089 se
794 2061 876 2089 facile
892 2069 1015 2097 occupa-

186 2104 288 2130 turum
309 2105 400 2139 ratus,
417 2104 452 2132 ab
469 2103 528 2132 illis
542 2113 657 2141 quoque
673 2105 809 2141 repulsus
826 2108 880 2134 est.
901 2106 1014 2133 Interea

188 2147 276 2183 copias
292 2147 454 2177 Orientales
469 2151 607 2178 revocatis
623 2150 740 2184 adsunt,
758 2152 786 2178 et
799 2153 900 2178 contra
914 2153 1012 2186 tyran-

187 2200 258 2219 num
266 2192 499 2227 mittuntur.0uo
507 2194 679 2222 defectionis
685 2194 757 2222 socii
765 2194 950 2230 cognito,sibi
958 2202 1015 2221 me-

184 2239 382 2272 tuentes,cum
393 2237 584 2267 Orientalium
595 2247 712 2275 quoque
728 2240 786 2266 dux
801 2242 898 2266 castra
923 2247 1013 2274 prope

184 2280 251 2309 illos
267 2283 420 2317 potuisset,
437 2285 465 2311 et
479 2283 553 2311 alios
569 2283 735 2319 colloquiis,
748 2283 821 2311 alios
834 2282 940 2310 litteris
956 2283 1012 2310 ἰω-

184 2325 319 2361 pulisset,
341 2329 373 2354 ut
393 2327 429 2355 ad
458 2327 666 2363 imperatorem
692 2327 921 2362 transfugerent,
952 2326 1011 2353 fere
1026 2321 1049 2351 D

185 2378 287 2398 omnes
303 2371 428 2406 deserto,
446 2374 570 2408 tyranno
584 2380 651 2399 cum
666 2371 863 2406 imperatoriis
878 2379 910 2398 se
939 2379 1010 2398 con-

181 2414 343 2450 junxerunt
355 2425 362 2444 :
376 2425 472 2452 neque
489 2416 507 2443 ii
523 2415 647 2452 gregarii
665 2418 780 2443 tantum
810 2415 929 2448 milites,
960 2414 1009 2442 sed

185 2459 274 2488 etiam
291 2460 346 2488 viri
362 2460 503 2495 illustres,
521 2460 611 2488 duces
635 2461 664 2487 et
692 2459 897 2495 magistratus.
928 2460 1010 2486 Unus

187 2505 330 2532 duntaxat
358 2513 393 2532 ex
423 2504 637 2542 insignioribns
664 2506 798 2531 Batalzes
827 2503 904 2539 apud
925 2502 1010 2530 illum

187 2548 307 2576 mansit.
325 2548 478 2577 Tornicius
503 2549 594 2585 igitur
618 2548 778 2576 destitutus
800 2548 836 2575 ab
859 2547 1010 2581 omnibus,

187 2595 270 2624 nulla
285 2604 336 2632 spe
351 2597 491 2624 evadendi
508 2597 689 2631 relicta,cum
702 2597 851 2624 Batatzein
867 2595 1009 2632 templum

186 2641 332 2678 quoddam
346 2641 486 2677 confugit.
503 2641 585 2669 Unde
601 2642 630 2669 in
647 2640 838 2676 compedibus
854 2641 889 2668 ad
907 2641 1008 2669 Mono—

186 2686 326 2714 maehum
338 2686 472 2722 perducti
487 2688 575 2721 atque
591 2684 796 2719 etl‘osis,oculis
811 2685 908 2714 caecati
928 2687 1008 2722 sunt,

185 2730 329 2760 seditione
345 2730 460 2768 penitus
476 2739 653 2767 compressa.

1063 318 1139 346 τορα,
1156 309 1192 339 ὡς
1221 307 1254 344 δή
1283 319 1309 336 τι
1338 309 1376 345 μὴ
1404 309 1473 336 κατὰ
1497 309 1611 347 γνώμην
1633 308 1724 340 αὐτοῖς
1738 307 1899 347 προσφερό-

1065 362 1156 389 μενον.
1190 354 1335 385 Τοιαύταις
1379 353 1424 381 οὖν
1459 353 1647 390 αἰωρούμενος
1686 356 1746 385 ταῖς
1787 352 1897 386 ἐλπίσι,

1064 401 1300 439 στρατοπεδεύεται
1340 403 1391 440 πρὸ
1434 406 1484 437 τῆς
1528 401 1660 437 πόλεως,
1695 401 1898 439 πολιορκήσων

1065 445 1159 482 αὒτήν,
1176 447 1198 474 εί
1224 447 1261 484 μή
1288 445 1398 484 δέχοιτο
1423 447 1504 474 αὐτὸν
1528 446 1700 483 δτοιμότατα.
1717 447 1820 474 Ἒωθεν
1846 445 1898 472 οὖν

1065 491 1292 528 παραταξάμενος,
1317 491 1361 518 καὶ
1390 492 1478 529 ἀγχοῦ
1509 489 1558 518 τοῦ
1585 488 1734 528 περιϐόλου
1760 494 1812 525 τῆς
1842 489 1898 517 τιό-

1065 534 1136 566 λεως
1156 536 1276 574 γεγονὼς
1300 536 1361 574 περὶ
1385 535 1432 566 τὰς
1459 536 1627 574 Βλαγὲρνας,
1658 535 1760 571 ἀνοῖξαί
1790 535 1817 563 οἱ
1844 534 1900 566 τὶς

1065 579 1153 612 πύλας
1169 580 1246 616 ἠξίου
1259 580 1324 612 τοὺς
1339 579 1426 615 ἔνδον,
1445 580 1606 618 ὑποσχέσεσι
1621 580 1734 612 τούτους
1748 580 1817 618 πρὸς
1841 579 1898 614 τήν

1065 625 1159 662 πρᾶξιν
1199 625 1411 663 παραθαρρύνων
1457 624 1610 663 λαμπραῖς.
1649 626 1711 654 Τῶν
1753 623 1782 652 δὶ
1826 623 1899 661 μηδ’

1065 669 1300 709 ἐπιστρεφομένων
1331 669 1423 706 αὐτοῦ,
1451 670 1523 698 ἀλλὰ
1546 670 1589 697 καὶ
1621 669 1822 707 χλευαζόντων,
1848 669 1901 696 καὶ

1064 714 1132 751 πρὸς
1168 713 1268 742 ἐκεῖνον
1306 714 1553 750 ἆποσκωπτόντων,
1579 713 1714 752 ἀπεχείρει
1742 715 1776 751 τῇ
1806 723 1900 751 προσ-

1065 756 1147 796 ϐολῇ.
1172 759 1427 796 Ἀντιπαρετάττετο
1452 758 1480 786 δὶ
1497 759 1542 786 καὶ
1562 759 1576 787 ὁ
1604 758 1741 797 βασιλεὺς,
1758 758 1897 797 στρατιώ-

1064 813 1121 834 ταις
1145 802 1250 841 ὀλίγοις
1272 803 1316 831 καὶ
1345 801 1425 842 ὄχλῳ
1458 802 1603 840 δημοτικῷ
1626 802 1670 830 καί
1697 813 1766 830 τισιν
1795 801 1899 833 ἄλλοις
1937 808 1940 811 ’

1064 846 1189 884 ἀνδράσιν
1212 848 1286 876 ὶνίων
1315 850 1369 876 τῶν
1399 851 1449 883 τῆς
1478 848 1620 886 γερουσίας
1648 846 1805 886 θεράπουσι,
1835 849 1894 874 τῶν

1063 893 1171 920 πάντων
1210 891 1267 920 οὐδ’
1296 893 1334 924 εἰς
1371 890 1470 929 ἀκριϐῆ
1511 893 1769 929 συναριθμουμένων
1801 891 1897 930 χιλιο-

1063 936 1136 964 στύν·
1158 936 1202 964 καὶ
1229 936 1342 968 τούτους
1372 937 1425 975 πρὸ
1458 939 1506 964 τοῦ
1534 934 1684 974 περιϐόλου
1713 937 1812 972 στήσας
1842 940 1895 971 τῆς

1065 981 1172 1013 πόλεως
1200 982 1405 1018 ἀντιμετώπους
1425 984 1482 1013 τοῖς
1506 983 1554 1009 τοῦ
1579 982 1721 1020 τυράννου,
1746 980 1814 1017 ᾤετο
1844 992 1892 1008 κα-

1065 1025 1211 1062 ταπλήξειν
1238 1026 1330 1058 αὐτοῖς
1358 1026 1405 1054 τὸν
1447 1024 1606 1054 ἀντίπαλον.
1632 1025 1681 1053 Καὶ
1711 1026 1793 1057 αὐτὸς
1821 1024 1851 1052 δὲ
1879 1025 1892 1052 ὸ

1065 1071 1240 1108 αὐτοκράτωρ
1270 1069 1297 1098 ἕν
1326 1081 1379 1098 τινι
1407 1073 1460 1098 τῶν
1487 1069 1636 1108 βασιλικῶν
1661 1069 1794 1107 θαλάμων
1823 1080 1891 1108 προ-

1066 1112 1230 1152 ϐεϐλημινῳ
1244 1117 1297 1142 τῶν
1314 1114 1408 1143 ἄλλων
1437 1115 1482 1142 καὶ
1506 1114 1549 1142 ἰπὶ
1579 1115 1610 1142 τὸ
1639 1115 1692 1151 πρὸ
1717 1118 1767 1149 τῆς
1783 1114 1892 1144 πόλεως

1066 1159 1245 1197 ὲῖτλταμμίνῳ
1282 1158 1374 1187 πεδίον
1415 1161 1534 1194 καθῆστο
1565 1159 1725 1197 βασιλικῶς,
1752 1158 1789 1186 ἵν’
1816 1159 1892 1196 ὁρῴη

1065 1204 1129 1236 τοὺς
1158 1204 1294 1235 ἆναντίους
1323 1203 1368 1232 καὶ
1393 1205 1480 1241 ὁρῷτο
1505 1204 1605 1236 αὐτοῖς.
1622 1204 1656 1233 Οἱ
1687 1202 1716 1231 δὲ
1744 1202 1897 1233 Μακεδένες

1069 1253 1250 1292 βωμολοχίας
1275 1252 1350 1285 ὄντες
1380 1253 1484 1288 ἐθάδες,
1514 1253 1619 1286 ίόόντες
1645 1254 1691 1282 τὸν
1719 1254 1844 1292 βασιλέα,
1870 1254 1896 1281 οἱ

1069 1299 1115 1336 μὶν
1145 1299 1270 1336 ἄντικρυς
1297 1296 1435 1336 ἐξύϐριζον
1461 1299 1499 1330 εἱς
1515 1299 1608 1333 αὐτὸν,
1623 1299 1650 1326 οἱ
1665 1297 1762 1334 δὶ,κιιί
1790 1297 1897 1336 χοροὺς

1066 1345 1240 1374 συνιστῶντες
1268 1343 1338 1380 μέλη
1368 1344 1397 1370 τέ
1423 1354 1485 1370 τινα
1522 1342 1710 1381 σχιδιάζοντες
1751 1341 1896 1379 κυμῳδίας

1067 1388 1221 1426 ὠρχοῦντο,
1236 1388 1280 1416 καὶ
1296 1386 1364 1425 ᾖδον
1388 1390 1481 1422 ταῦτα,
1497 1391 1554 1418 τοῖς
1579 1389 1658 1415 ποσὶν
1688 1387 1896 1424 ἐπικροτοῠντες

1066 1433 1116 1468 τὴν
1128 1433 1267 1470 γῆν.Εἷτκ
1294 1435 1354 1464 τοῖς
1383 1430 1433 1467 ἔξω
1448 1434 1496 1460 τοῦ
1518 1431 1627 1470 τείχους
1656 1429 1898 1470 προϐεϐλημένοις

1070 1476 1224 1515 βασιλικοῖς
1248 1477 1343 1514 μοίρας
1371 1477 1444 1508 τινὸς
1475 1475 1642 1512 ἐπελθούσης
1669 1480 1723 1504 τῶν
1754 1476 1896 1511 ἐναντίων,

1068 1523 1094 1550 οἱ
1112 1521 1158 1558 μὲν
1175 1521 1219 1549 ἐπὶ
1231 1521 1279 1552 τὰς
1294 1520 1383 1552 πύλας
1400 1521 1543 1559 ὥρμησαν,
1560 1522 1586 1548 οἱ
1615 1520 1637 1549 δ’
1653 1521 1696 1549 ἐπὶ
1721 1522 1769 1556 τὴν
1795 1521 1899 1560 τάφρον

1068 1566 1209 1594 ἐνέπιπτον
1247 1566 1293 1593 καὶ
1332 1565 1507 1601 ἀπώλλυντο,
1534 1568 1663 1594 τοσοῦτον
1696 1565 1719 1594 δ’
1749 1567 1831 1594 ἅπασι
1863 1566 1899 1593 τὸ

1070 1610 1128 1642 δέος
1154 1611 1269 1649 ἐγένετο,
1285 1610 1354 1638 ὥστε
1381 1610 1445 1642 τούς
1474 1621 1503 1638 τε
1528 1613 1586 1642 τοῖς
1608 1610 1726 1648 τείχεσιν
1745 1611 1899 1644 ἐφεστῶτας

1070 1655 1180 1687 ὶαυτοὺς
1195 1655 1225 1683 ix
1247 1655 1346 1683 τούτου
1375 1652 1598 1686 καταϐάλλοντας
1625 1656 1743 1694 φεύγειν,
1759 1655 1804 1683 καὶ
1832 1655 1899 1687 τοὺς

1067 1701 1115 1732 τὰς
1151 1698 1271 1731 είςόδους
1310 1702 1493 1738 φρουροῦντας
1524 1703 1575 1735 τῆς
1615 1698 1725 1727 πόλεων
1759 1699 1898 1738 φρούδους

1068 1744 1164 1772 αὐτίκα
1192 1745 1325 1782 γενέσθαι,
1357 1743 1428 1781 μηδὶ
1461 1744 1508 1775 τὰς
1549 1743 1638 1776 πύλας
1667 1743 1897 1781 ἐπιζυγώσαντας.

1068 1793 1100 1822 Et
1128 1795 1191 1832 γοῦν
1222 1794 1294 1831 εἶχεν
1324 1794 1338 1821 ὸ
1370 1791 1432 1821 τότε
1457 1792 1580 1829 πόλεμος
1608 1794 1653 1821 τὸν
1683 1792 1774 1821 εἰδότα
1806 1796 1896 1829 νικᾷν,

1069 1837 1146 1866 οὐδὲν
1171 1837 1204 1873 ἧν
1217 1838 1249 1866 τὸ
1273 1837 1380 1866 κωλύον
1397 1837 1475 1870 εὐθὺς
1504 1838 1550 1865 τόν
1575 1838 1717 1876 Τορνίκιον
1747 1837 1823 1870 ἐντὸς
1852 1849 1898 1876 γε-

1068 1884 1158 1915 νέσθαι
1173 1885 1222 1910 τοῦ
1246 1882 1409 1918 (incogitat
1432 1881 1511 1914 τέλος
1534 1881 1666 1910 ἐπιθεῖναι
1693 1885 1734 1919 τῷ
1763 1882 1897 1920 ὶγχειρή-

1070 1939 1145 1964 ματι.
1162 1927 1252 1955 ’Λλλὰ
1266 1929 1346 1955 τοῦτο
1363 1927 1422 1964 μὲν,
1439 1925 1496 1953 ἐπεὶ
1519 1927 1556 1963 μὴ
1585 1926 1620 1964 τῇ
1647 1926 1746 1959 ἄνωθεν
1771 1925 1897 1955 ἐδέδοκτο

1069 1971 1213 2006 διοικήσει,
1238 1971 1283 1998 τὸν
1311 1973 1492 2008 τυραννοῦντα
1526 1969 1658 2010 διέφυγεν.
1683 1972 1714 2000 ’0
1740 1970 1769 1999 δέ
1788 1982 1820 2009 γε
1847 1972 1897 2009 βα-

1069 2016 1160 2048 σιλεὺς
1187 2018 1286 2053 μικροῦ
1302 2015 1332 2043 ἃν
1348 2015 1524 2043 ἐκινδύνευσε·
1543 2019 1596 2043 τῶν
1626 2016 1678 2054 γάρ
1700 2027 1741 2048 τις
1770 2016 1894 2044 ἐναντίων

1067 2060 1140 2089 τόνδ’
1169 2060 1364 2096 ὶπιτοξάζεται,
1394 2060 1439 2088 καί
1471 2059 1553 2099 βέλος
1587 2059 1683 2100 ἀφίησι
1712 2062 1771 2088 κατ’
1798 2061 1892 2088 αὑτοῦ·

1066 2106 1097 2134 τὸ
1127 2105 1341 2141 δ’,ἀτευκτῆσαν
1369 2107 1418 2133 τοῦ
1449 2104 1592 2144 βασιλέως,
1622 2104 1720 2143 βάλλει
1751 2103 1891 2144 μειράκιόν

1067 2161 1093 2178 τι
1120 2153 1173 2178 τῶν
1205 2149 1488 2187 θαλαμηπολούντων.
1505 2150 1582 2178 Ἀλλ’
1597 2149 1656 2178 οὐδ’
1684 2149 1775 2187 ἐκείνῳ
1801 2149 1894 2188 καιρία

1067 2195 1178 2232 γέγονεν
1194 2196 1211 2229 ἡ
1228 2194 1258 2222 ἐκ
1273 2197 1322 2222 τοῦ
1349 2194 1446 2233 βὲλους
1470 2193 1578 2231 πληγή.
1595 2195 1629 2223 Οἱ
1653 2193 1682 2221 δέ
1705 2205 1734 2230 γε
1755 2194 1817 2231 περὶ
1846 2195 1895 2222 τὸν

1069 2238 1193 2276 βασιλέα,
1225 2237 1367 2272 δείσαντες,
1409 2237 1505 2264 αὐτίκα
1550 2237 1725 2272 μετέστησαν,
1768 2237 1894 2268 κάκεῖνος

1067 2282 1147 2313 αὐτὸς
1176 2280 1278 2309 ἅλλοσέ
1307 2292 1345 2316 πη
1376 2280 1421 2308 σὺν
1450 2283 1490 2316 τῷ
1520 2280 1600 2315 θώκῳ
1625 2280 1844 2314 μετήνεκτο.“ον
1870 2280 1895 2309 δ’

1065 2324 1171 2363 εἶ’ρηται
1186 2325 1288 2361 τρόπον
1304 2325 1349 2352 τὸν
1366 2323 1512 2361 Τορνίκιον
1528 2321 1656 2361 διαφυγὸν
1680 2323 1710 2350 τὸ
1735 2322 1894 2361 εὐτύχημα,

1065 2375 1104 2406 εἲς
1128 2373 1284 2401 τούναντίον
1314 2372 1387 2408 αὖτῷ
1412 2372 1446 2400 τὰ
1463 2371 1610 2409 πράγματα
1642 2371 1826 2410 περιέτρεψεν.
1855 2375 1892 2403 Ἦ

1064 2428 1094 2445 τε
1119 2419 1171 2455 γὰρ
1199 2416 1282 2448 πόλις
1310 2417 1388 2448 αὖθις
1413 2416 1466 2444 ὑπὸ
1501 2416 1618 2455 φρουρὰν
1647 2415 1776 2455 ἐγεγόνει,
1801 2418 1847 2446 καὶ
1875 2419 1890 2446 ὁ

1063 2462 1193 2499 τύραννος
1218 2461 1298 2489 πάλιν
1325 2460 1407 2493 ῗωθεν
1436 2458 1600 2499 προσϐαλὼν
1624 2461 1670 2489 καὶ
1695 2462 1889 2500 ἀποκρουσθεὶς

1064 2507 1137 2543 παρὰ
1154 2506 1244 2544 βραχὺ
1258 2505 1303 2533 καὶ
1325 2505 1452 2534 ἀπώλετο
1481 2505 1523 2535 ἂν.
1540 2505 1629 2538 Λίθων
1658 2506 1708 2546 γὰρ
1738 2506 1768 2534 lx
1797 2517 1889 2545 μηχα-

1063 2554 1114 2585 νῆς
1126 2550 1304 2578 ταλαντιαίων
1322 2549 1558 2590 σφενδονουμὲνων
1574 2551 1643 2579 κατὰ
1662 2553 1720 2579 ’τῶν
1750 2551 1888 2587 ἐναντίων,

1064 2596 1102 2627 εἷς
1119 2594 1162 2622 ἐπὶ
1180 2595 1225 2623 τὸν
1251 2595 1381 2633 τύραννον
1404 2594 1472 2631 ἵετο,
1490 2596 1534 2624 καὶ
1559 2594 1607 2623 τοῦ
1629 2596 1677 2633 μὶν
1700 2595 1731 2624 οὗ
1752 2596 1887 2631 καθίκετο,

1065 2639 1166 2668 δειλίαν
1196 2639 1224 2668 δὶ
1252 2639 1369 2677 κάκείνῳ
1390 2641 1434 2668 καὶ
1458 2643 1516 2672 τοῖς
1543 2640 1605 2679 περὶ
1630 2640 1708 2668 αὐτὸν
1739 2640 1886 2677 ἱνεποίησε,

1063 2684 1109 2712 καὶ
1139 2684 1266 2716 λύσαντες
1293 2685 1343 2720 τὴν
1378 2686 1524 2724 παράταξιν
1563 2685 1745 2721 ὑπενόστησαν
1775 2685 1812 2717 εἷς
1837 2687 1886 2721 τήν

1064 2729 1191 2768 σφετέραν
1220 2727 1410 2768 παρεμϐολὴν,
1443 2731 1489 2759 καὶ
1536 2729 1624 2758 οὖκέτι
1670 2732 1704 2768 τῇ
1739 2728 1888 2769 πολιορκίᾳ

186 2778 433 2818 ιπικεχειρήκασιν,
463 2777 551 2806 Ἀλλά
592 2788 665 2810 τινας
705 2777 836 2817 βραχείας
872 2779 978 2816 ἡμέρας
1015 2778 1179 2818 προσμείνας
1219 2779 1233 2807 ὁ
1267 2779 1410 2815 τύραννος,
1448 2779 1505 2808 ἐπεὶ
1541 2779 1613 2818 ἑώρα
1647 2778 1712 2811 τοὺς
1751 2779 1798 2817 μὶν
1834 2781 1886 2807 τῶν

187 2823 294 2853 οἰκείων
330 2825 560 2863 προσχωροῦντας
596 2825 635 2860 τῷ
674 2824 791 2862 βασιΛεῖ,
815 2823 879 2856 τοὺς
913 2822 942 2852 δὲ
978 2822 1173 2862 σκιδναμένους
1203 2823 1249 2852 καὶ
1287 2823 1524 2864 ἰκδιδράσκοντας,
1545 2820 1720 2852 ’ἀπανίσταται
1755 2824 1804 2861 μὶν
1839 2827 1889 2860 τῆς

187 2868 248 2908 περὶ
277 2870 308 2898 τὸ
337 2868 402 2898 ἄστυ
426 2867 600 2908 προσεδρίας,
628 2869 709 2906 ἀπῄει
738 2867 767 2897 δὶ
794 2868 830 2901 ὡς
859 2868 978 2901 εὐπετῶς
1005 2871 1059 2898 τῶν
1101 2869 1237 2908 Θρᾳκῴων
1273 2871 1416 2908 κρατήσων
1446 2868 1594 2910 φρουρίων,
1623 2867 1688 2898 ἀλλ’
1714 2868 1886 2908 ἀπεκρούσθη
