2032 3167
100 166 174 197 221

758 169 965 200 ANNALIUM
986 170 1060 201 LIB.
1084 170 1179 201 XVII.

1760 172 1819 202 222

99 231 159 259 καὶ
183 231 326 270 ἂρποιγαις,
351 232 528 269 ποΛυπληθὶς
552 232 675 271 ἐγένοντο
704 234 865 271 στράτευμα,
895 235 937 262 καί

1000 236 1034 263 ad
1051 243 1118 264 eum
1133 245 1165 265 se
1193 237 1328 265 contulit.
1357 237 1403 265 Sic
1427 237 1544 273 magnis
1571 237 1663 272 copiis
1687 236 1819 265 Turcicis

98 278 151 312 τῷ
184 276 352 314 Μουχο-Ξμετ
379 277 440 316 περῖ
455 278 486 305 τὸ
515 277 652 316 Ἀπασχὰν
743 278 938 316 συρῤήγνυνται

100 320 159 348 καιί
191 320 304 349 πολλῶν
333 320 468 349 πεσόντων
483 322 526 350 καὶ
552 325 725 360 Σαραχηνῶν,
751 324 794 351 καὶ
821 323 900 354 αὐτὸς
925 325 938 351 6

102 366 284 403 Μουχοΰμιτ
326 364 488 404 διέφθαρτο.
529 367 752 404 Ὀμονοησάντων
797 367 842 395 οὖν
884 371 938 396 τῶν

105 410 335 447 στρατευμάτων,
366 412 438 449 παρὰ
473 411 579 439 πάντων
614 412 628 439 6
667 411 852 450 Ταγκρολίπιξ
888 413 938 447 τὴν

105 455 208 493 ἀρχήν
224 457 277 482 τῶν
296 455 347 483 ὑπὸ
370 455 415 483 τὸν
446 456 611 494 Μουχοῦμετ
640 457 808 495 ἐνεχειρίσθη
825 459 937 496 χωρῶν.

104 499 240 536 Αἱρεθεὶς
256 499 279 527 δ’
294 499 332 531 εἷς
347 500 507 537 ἡγεμονίαν,
524 501 633 538 πέμψας
652 501 716 533 τοὺς
730 501 756 529 ἐν
777 503 811 538 τῇ
836 501 940 540 γεφῦρᾳ

104 545 163 571 τοῦ
176 542 317 581 Ἀράξιδος
330 543 450 582 πύργους
463 542 622 574 κατέϐαλεν.
652 545 731 574 Οὕτω
756 544 779 573 δ’
801 546 939 580 ἀνεθείσης

104 590 174 619 τοῖς
199 588 330 627 Τούρκοις
356 592 406 624 τῆς
431 588 524 617 διόδου
547 592 596 617 τοῦ
619 593 755 627 ποταμοῦ,
785 589 857 617 πολὺ
884 593 938 617 τῶν

107 630 266 671 Βαρϐάρων
293 634 397 661 τοῦτων
424 634 531 669 πλῆθος
562 635 715 674 προσεῤῥόη
744 637 784 671 τῷ
819 635 939 673 Τάγκρο-

109 677 219 714 λίπικι,
235 677 279 705 καὶ
295 681 376 716 χεῖρα
400 679 507 717 βαρεῖαν
521 680 552 707 ἔκ
569 680 673 708 τούτων
696 680 710 707 ὁ
733 682 788 707 τῶν
810 679 938 717 Τούρκων

108 721 287 760 κτησάμενος
303 724 438 761 ἀρχηγὸς,
463 724 615 762 ἀφαιρεῖται
646 725 693 761 μὶν
721 724 848 760 πάντοθεν
875 725 939 756 τοὺς

111 767 294 805 Σαραχηνοὺς
309 768 358 802 τὴν
374 768 476 807 ἀρχὴν,
486 769 572 804 ἑαυτῷ
587 768 616 796 δὲ
629 769 728 805 ταύτην
744 769 789 796 καὶ
800 771 857 801 τοῖς
871 769 939 805 ὁμο-

107 812 202 849 γενέσι
219 811 358 849 ἀπένειμε,
373 813 417 840 καὶ
431 813 468 844 είς
485 813 622 848 ὑπηκόους
644 813 708 845 τοὺς
731 813 760 841 ἐκ
780 817 830 849 τῆς
855 815 939 851 Ἅγαρ

108 855 289 892 κατέστησεν.
317 858 380 885 Εἶτα
405 857 485 890 αὐτὸς
511 858 557 894 μὶν
580 858 656 896 μάχῃ
672 858 735 890 τοὺς
750 856 940 889 Βαϐυλωνίους

110 902 332 937 προσεκτήσατο,
347 901 394 929 τὸν
410 900 439 929 δὲ
461 901 646 941 ἁδιλφόπαιδα
675 902 868 940 Κουτλουμους
893 902 938 930 σὺν

111 948 230 983 στρατιᾷ
244 946 311 973 κατὰ
324 948 377 973 τῶν
393 943 515 984 Ἀράϐων
529 946 687 984 ἐξὲπεμψεψ
717 948 731 975 6
756 946 784 974 δὶ
811 947 939 983 ἡττηθεὶς

113 989 276 1028 ὑπέστρεφε,
305 990 349 1017 καὶ
365 988 583 1028 διαπρεσϐεύεται
597 991 665 1029 πρὸς
685 991 730 1018 τὸν
754 995 804 1026 τῆς
833 991 940 1027 Μηδίας

113 1033 239 1072 ἄρχοντα
254 1033 336 1071 (οὕτω
352 1033 374 1062 δ’
389 1035 512 1063 ἐκαλεῖτο
528 1035 612 1062 πάλαι
627 1036 658 1063 τὸ
682 1037 868 1074 Βαασπρακᾶν)
897 1037 940 1063 αἱ-

111 1081 170 1106 τῶν
193 1080 430 1117 παραχωρηθῆναι
454 1078 500 1107 διὰ
523 1081 574 1112 τῆς
597 1080 690 1118 χώρας
714 1080 796 1108 αὐτοῦ
812 1079 939 1112 διελθεῖν.

111 1124 147 1152 Ὁ
177 1122 206 1150 δὲ
235 1127 285 1158 τῆς
311 1124 405 1162 χώρας
431 1123 533 1160 ταύτης
561 1124 591 1152 ἐκ
608 1124 741 1162 βασιλέως
758 1126 850 1163 ἄρχειν
873 1135 941 1162 προ-

113 1168 277 1205 χειρισθεὶς,
302 1168 332 1196 οὐ
358 1168 442 1205 μόνον
465 1168 514 1196 οὐκ
538 1169 621 1204 ἀνῆκε
643 1169 733 1206 τούτῳ
760 1170 808 1204 τὴν
838 1168 940 1206 δίοδον,

114 1211 192 1240 ἀλλὰ
223 1213 267 1239 καὶ
296 1212 456 1248 ἀντετάξατο
494 1214 552 1241 κατ’
579 1214 682 1248 αὐτοῦ,
721 1213 765 1242 καί
791 1212 939 1250 συμϐαλὼν

115 1257 242 1291 ἡττᾶται,
272 1257 316 1284 καὶ
344 1257 468 1289 πολλοὺς
498 1258 544 1294 μὲν
575 1260 629 1286 τῶν
658 1258 764 1286 οἰκείων
793 1257 940 1295 ἀπέϐαλεν,

115 1300 182 1335 ⁴ἥλω
211 1299 235 1328 δ’
263 1301 352 1334 αὐτός,
381 1303 411 1331 Ὁ
439 1304 503 1340 γοῦν
521 1302 714 1339 Κουτλουμοὺς
729 1303 796 1342 πρὸς
811 1305 857 1332 τὸν
872 1307 939 1342 Ταγ-

115 1345 266 1383 κρολίπικα
293 1345 447 1374 ἐπανελθὼν
462 1347 496 1375 τὰ
510 1349 570 1385 περὶ
585 1350 634 1375 τοῦ
662 1349 731 1376 κατὰ
757 1349 806 1383 τήν
832 1348 939 1384 Μηδίαν

117 1388 245 1428 διηγεῖτα
271 1391 406 1428 πολέμου,
439 1392 483 1419 καὶ
513 1395 564 1427 τῆς
590 1393 683 1430 χώρας
699 1393 807 1430 ἐξυμνιῖ
820 1394 851 1421 τὸ
866 1395 940 1431 πάμ-

117 1446 213 1474 φορον,
237 1436 281 1463 καὶ
306 1437 469 1474 προσετίθει,
495 1437 630 1465 εὐάλωτον
656 1439 722 1465 εἶναι
735 1439 844 1474 ταύτην,
869 1441 942 1477 παρὰ

116 1482 252 1516 γυναικῶν
284 1482 485 1518 καρπουμένην,
515 1481 586 1510 οὕτω
610 1481 701 1509 χαλῶν
730 1482 794 1514 τοὺς
820 1494 940 1522 μαχεσα-

121 1524 217 1560 μένους
250 1524 334 1561 αὐτῷ.
362 1526 393 1554 Ὁ
422 1524 450 1552 δὶ
478 1525 664 1563 Ταγχρολίπιζ
677 1526 750 1563 αὐτῷ
768 1528 814 1564 μὶν
832 1526 876 1556 διὰ
893 1530 943 1563 τήν

118 1569 202 1603 ἧτταν
229 1567 339 1605 ἐμηνία,
365 1569 465 1600 ἐκεῖνος
481 1568 510 1597 δὲ
523 1571 591 1598 κατᾶ
604 1573 658 1598 τῶν
686 1569 809 1609 ’Δράϐων
831 1572 941 1611 ἐχώρει.

120 1611 170 1639 Καὶ
187 1612 202 1639 6
225 1612 416 1649 Κουτλουμοὺς
432 1612 519 1645 δείσας
533 1613 635 1652 ἀπέδρα
651 1616 718 1652 μετὰ
730 1618 784 1644 τῶν
797 1617 842 1644 σὺν
858 1617 942 1654 αὐτῷ,

119 1655 164 1683 καὶ
193 1656 225 1684 τὸ
251 1656 341 1695 Πάσαρ
354 1657 448 1692 (πόλις
477 1657 500 1686 δ’
524 1657 580 1686 ἔστι
602 1661 656 1687 τῶν
670 1660 853 1698 Χωρασμίων)
866 1663 942 1690 τουτὶ

117 1701 274 1738 κατασχὼν,
303 1701 446 1741 ἀφίσταται
462 1705 510 1730 τοῦ
535 1703 651 1731 σουλτὰν
680 1703 763 1741 (οὕτω
779 1705 829 1743 γὰρ
843 1706 857 1733 6
871 1709 940 1743 Ταγ-

117 1743 244 1782 κρολίπιξ
273 1745 427 1783 ὠνόμοστο)
459 1747 504 1774 καὶ
530 1747 574 1775 ἐπὶ
602 1747 674 1776 πολὺ
703 1749 770 1787 πρὸς
798 1751 843 1777 τὸν
870 1751 940 1779 Θεῖον

115 1787 328 1824 ἀντικαθίστατο,
357 1790 558 1828 πολιορκοῦντα
584 1792 675 1828 αὐτὸν,
701 1791 746 1821 διὰ
774 1792 802 1821 δὲ
817 1795 866 1830 τήν
890 1797 939 1830 τῆς

115 1832 221 1865 πόλεως
250 1834 407 1872 ὀχυρότητα
435 1835 519 1872 μηδὲν
547 1837 643 1864 ἀνύσαι
671 1836 833 1875 δυνάμενον.
853 1839 903 1867 Καὶ
925 1841 939 1868 6

119 1878 167 1922 μὶν
178 1878 293 1922 σουλτάν
304 1881 338 1916 τῇ
356 1880 504 1918 πολιορκία
517 1883 565 1908 τοῦ
590 1882 680 1919 Πάσαρ
710 1883 936 1922 προσησχόλητο·

117 1921 223 1950 στέλλει
239 1922 268 1951 δὲ
282 1924 349 1951 κατὰ
376 1923 484 1960 Μηδίας
510 1925 587 1954 ’Δσὰν
615 1926 661 1954 σὺν
690 1921 837 1965 ἄξιομάχῳν
857 1927 937 1956 ’δυνά-

120 1977 170 2003 μει.
199 1968 230 1996 Ὀ
259 1967 287 1996 δὲ
302 1967 466 2007 προσϐαλὼν
488 1971 522 2007 τῇ
549 1970 639 2008 χώρᾳ,
654 1972 698 1999 καὶ
719 1971 856 2009 συμμίξας
871 1974 937 2001 Ῥω-

120 2011 217 2048 μαίοις,
247 2012 339 2041 πίπτει
370 2014 417 2050 μὲν
446 2014 537 2050 αὐτὸς,
558 2016 670 2051 ἡττᾶται
687 2014 716 2043 8‘:
730 2017 762 2044 τὸ
789 2016 834 2044 σὺν
861 2018 937 2054 αὐτῷ

117 2057 318 2094 στρατιωτικὸν,
342 2058 386 2086 καὶ
413 2058 567 2097 βραχίστων
598 2058 671 2099 ἄτερ,
686 2062 717 2088 τὸ
733 2063 784 2089 πᾶν
813 2061 936 2090 ἀπόλλυ-

116 2111 166 2130 ται.
192 2102 226 2130 "0
254 2102 344 2138 μαθὼν
371 2103 384 2130 6
399 2102 516 2132 σουλτᾶν
533 2103 659 2141 ἠθύμησε
674 2106 732 2142 μὲν,
757 2104 935 2134 ἐπαναλαϐεῖν

116 2144 139 2173 δ’
164 2145 238 2178 αὖθις
255 2143 366 2175 ἔσπευδε
380 2148 410 2175 τὸ
427 2146 601 2187 δυστύχημα,
617 2149 662 2177 καὶ
684 2149 770 2187 Ἀλίμ
793 2148 936 2189 Ἀϐροιμίῳ

116 2189 265 2228 ἔτεροθπιλεῖ
290 2192 386 2220 ἑαυτοῦ
413 2191 524 2232 ἀδελφῷ
563 2195 687 2232 στρατιὰν
715 2194 867 2233 ἐγχειρίσας
896 2195 935 2228 εἲς

116 2234 204 2263 ἑκατὸν
242 2235 445 2274 ἀριθμουμένην
485 2237 658 2275 χιλιοστύας,
689 2239 758 2267 κατὰ
791 2239 933 2277 Ῥωμαίων

117 2279 264 2317 ἐξέπεμψεν.

122 2324 221 2360 βασιλεῖ
247 2326 307 2363 περί
337 2326 439 2353 τούτων
457 2325 502 2354 διὰ
515 2327 684 2366 γραμμάτων
715 2327 848 2364 ἐδήλωσε,
866 2340 934 2366 συμ-

123 2369 235 2412 μαχίανᾼ
249 2369 342 2397 αίτῶψ
366 2370 414 2398 Καὶ
443 2371 472 2402 ὃς
496 2374 536 2408 τῷ
563 2372 695 2410 Λιπαρίτῃ
711 2372 825 2411 δυνάστῃ
840 2373 936 2412 μοίρας

121 2414 168 2439 τῶν
200 2410 313 2451 Ἰϐηρων
344 2415 506 2453 τυγχάνοντι
535 2416 672 2445 ἐπέστειλε
707 2416 843 2445 συνελθεῖν
873 2410 933 2450 τοῖς

121 2457 274 2494 Ῥωμαίοις,
300 2458 344 2486 καὶ
372 2459 502 2497 ἐπαρῆξαι
525 2461 593 2490 κατὰ
617 2464 671 2490 τῶν
701 2462 838 2500 Τοῦρκων.
875 2464 934 2492 Τῶν

121 2501 238 2540 Τούρχων
256 2501 284 2530 St
301 2502 475 2545 Δὲτειιι-τάνιιτιυν
487 2504 553 2542 ἤδη,
578 2507 604 2534 οἱ
631 2509 761 2544 Ῥωμαῖοι
776 2507 934 2545 πολεμῆσαί

120 2558 200 2587 σφισιν
213 2547 263 2575 οὐκ
291 2543 410 2585 ἔκριναν,
439 2549 461 2577 si
487 2551 524 2586 μὴ
553 2550 674 2580 ἑνωθεῖεν
687 2543 768 2580 νκατᾶ.
780 2553 830 2588 τὴν
849 2543 933 2591 Ἰβασι-

121 2591 193 2628 λικήν
218 2591 333 2627 ἐντολὴν
357 2592 402 2620 καὶ
425 2596 484 2625 τοῖς
510 2592 644 2633 Ἴϐηρσιν.
675 2597 879 2634 Ἀτρεμούντων
905 2596 934 2626 δὲ

120 2639 181 2680 τῶν,
204 2640 390 2676 στρατιωτῶν,
431 2639 470 2675 μὴ
508 2637 656 2677 δυνάμενος
688 2641 780 2675 αὐτοῖς
808 2643 823 2670 6
849 2642 934 2680 Ἀλὶμ

121 2679 271 2720 συμϐαλεῖν,
298 2682 336 2715 είς
365 2682 502 2722 ὀχύρωμά
515 2693 540 2712 τι
569 2686 818 2725 προσ-καθημένοις,
846 2679 930 2716 ἔπεισι

994 281 1285 314 suifultus,omnibus
1293 282 1461 310 Sarracenis
1470 282 1639 318 ademptum
1654 281 1818 317 imperium,

994 324 1023 352 in
1041 333 1071 353 se
1086 328 1114 353 et
1131 326 1286 362 populares
1303 335 1373 354 suos
1390 326 1582 360 trunstulit,et
1597 328 1746 361 Agarenos
1762 325 1819 353 sibi

994 378 1095 406 parere
1111 371 1213 406 coegit.
1241 371 1348 399 Deinde
1374 370 1538 407 Babyloniis
1567 370 1642 398 bello
1673 369 1814 404 subactis,

994 414 1092 442 fratris
1109 414 1448 443 ﬁliumCutlumumcum
1460 415 1586 443 exercitu
1599 417 1701 442 contra
1710 415 1817 442 Arabes

995 459 1086 491 misit,
1102 469 1118 486 a
1133 459 1240 494 quibus
1263 462 1419 495 superatus
1439 468 1488 495 per
1509 459 1619 495 legatos
1634 468 1650 487 a
1676 459 1817 494 principe,

993 512 1080 539 quem
1096 503 1255 539 imperator
1279 504 1379 532 Media
1401 504 1454 540 (sic
1469 504 1546 531 enim
1563 503 1633 531 olim
1659 504 1818 531 vocabatur

994 548 1188 584 Blaspracan)
1201 549 1378 584 praefecerat,
1395 550 1551 576 transitum
1569 548 1710 584 postulat:
1728 556 1815 584 quem

994 592 1019 620 is
1030 593 1102 620 adeo
1117 601 1174 620 non
1192 593 1345 621 concessit.
1369 595 1400 620 ut
1424 595 1555 620 armatus
1579 592 1621 619 illi
1643 594 1815 620 occurreret.

994 637 1050 665 Sed
1065 637 1167 665 multis
1194 646 1314 666 suorum
1329 637 1458 671 amissis,
1471 638 1564 664 victus
1585 639 1613 664 et
1640 640 1743 673 captus
1772 639 1818 665 est

994 681 1149 710 Cutlumus
1164 685 1262 710 autem
1279 683 1312 710 ad
1326 681 1598 718 Tangropolipicem
1611 683 1818 716 reversus,Me-

995 726 1092 754 dicum
1105 726 1236 762 przelium
1253 727 1393 759 referens,
1409 727 1473 761 ejus
1490 726 1624 762 regionis
1638 725 1818 753 fertilitatem

995 771 1132 804 celebrat,
1145 780 1208 799 eam
1224 774 1391 807 expugnatu
1408 770 1522 799 facilem
1542 779 1606 799 esse
1624 778 1769 803 asserens,
1787 772 1820 797 ut

996 823 1054 852 qua
1069 815 1206 843 mulieres
1219 815 1401 844 fruerentur:
1417 816 1459 843 sic
1474 815 1551 844 enim
1569 815 1737 854 appellabat
1758 822 1818 848 eos,

996 867 1061 887 eum
1074 860 1182 895 quibus
1194 862 1348 896 pugnaret.
1365 859 1507 888 (laterum
1523 859 1714 895 Tangrolipix
1724 858 1767 886 illi
1783 859 1820 886 ob

996 904 1109 931 cladem
1122 907 1270 939 acceptam
1282 904 1386 939 iratus,
1403 904 1465 939 ipse
1482 906 1584 931 contra
1598 903 1708 930 Arabes
1730 902 1818 938 profl-

995 948 1124 977 ciscitur.
1149 948 1304 976 Cutlumus
1326 951 1423 976 autem
1448 957 1515 976 cum
1538 948 1601 975 suis
1625 956 1715 984 paenae
1739 948 1820 975 metu

995 993 1120 1027 aufugit,
1136 995 1164 1020 et
1180 994 1285 1020 Pnsare
1300 992 1537 1020 Chorasmiorum
1548 992 1619 1019 urbe
1634 993 1786 1028 occupata,
1803 1000 1820 1019 a

995 1037 1111 1064 sultano
1139 1036 1193 1072 (sic
1217 1037 1296 1064 enim
1316 1037 1501 1073 Tangrolipix
1526 1036 1740 1072 appellabatur)
1771 1038 1820 1064 de-

996 1081 1104 1115 ﬁcit,et
1115 1084 1220 1117 patruo
1236 1090 1252 1109 a
1265 1090 1322 1117 quo
1343 1081 1542 1114 obsidebatur,
1573 1081 1623 1108 diu
1649 1080 1765 1116 restitit,
1781 1080 1818 1108 ob

994 1125 1051 1153 loci
1065 1126 1257 1154 munitionem
1274 1127 1382 1154 frustra
1405 1125 1560 1153 laboranti.
1594 1125 1647 1158 Qui
1680 1133 1714 1154 ea
1739 1125 1818 1153 obsi-

996 1169 1081 1197 dione
1096 1172 1267 1206 occupatus,
1278 1172 1403 1198 Asanem
1421 1179 1488 1198 eum
1500 1170 1591 1206 justis
1607 1170 1699 1206 copiis
1715 1172 1818 1198 contra

994 1213 1117 1241 Mediam
1132 1213 1232 1241 mittit.
1251 1215 1278 1241 ls
1294 1214 1405 1250 impetu
1424 1214 1452 1242 in
1478 1214 1656 1250 provinciam
1680 1214 1766 1247 facto,
1789 1215 1818 1241 et

996 1258 1093 1295 praelio
1104 1267 1172 1286 cum
1189 1258 1329 1286 Romanis
1344 1259 1511 1292 commisso,
1528 1258 1589 1295 ipse
1604 1258 1816 1293 cndit,amisso,

996 1302 1183 1339 paucissimis
1199 1303 1338 1339 exceptis,
1351 1306 1410 1331 toto
1425 1303 1562 1331 exercitu.
1588 1305 1649 1336 Quo
1679 1303 1816 1331 sultanus

995 1348 1122 1384 cognito,
1139 1356 1210 1375 sane
1220 1347 1323 1382 doluit,
1336 1348 1386 1376 sed
1403 1349 1551 1383 jacturam
1567 1347 1648 1375 illam
1676 1348 1817 1376 resarcire

995 1393 1128 1428 cupiens,
1147 1392 1241 1420 Alimo
1263 1392 1401 1420 Abramio
1428 1392 1507 1419 fratri
1529 1400 1564 1419 ex
1579 1391 1668 1419 altero
1698 1395 1817 1427 parente

995 1437 1152 1464 exercitum
1162 1439 1275 1465 centum
1288 1436 1412 1464 millium
1429 1435 1544 1464 circiter
1559 1439 1660 1464 contra
1670 1436 1818 1464 Romanos

996 1482 1163 1509 ducendum
1180 1482 1346 1509 committit.
1375 1481 1429 1508 Sed
1454 1481 1684 1517 Baasparacanis
1713 1483 1818 1516 praetor

996 1525 1095 1562 petitis
1109 1526 1146 1553 ab
1176 1526 1349 1562 imperatore
1377 1525 1504 1559 auxiliis,
1532 1525 1699 1561 Liparitam,
1726 1525 1819 1560 partis

999 1571 1098 1599 lberite
1114 1571 1267 1606 dynastam
1283 1571 1479 1606 exspectabat,
1499 1578 1594 1606 neque
1617 1578 1685 1598 cum
1715 1569 1820 1598 Turcis

999 1615 1201 1642 dimicandum
1218 1615 1274 1643 sibi
1298 1615 1446 1649 censebat,
1473 1616 1646 1651 priusquam
1675 1623 1710 1642 ex
1740 1622 1821 1642 man-

996 1660 1064 1688 dato
1080 1659 1266 1695 imperatoris
1281 1660 1397 1688 Iberum
1409 1659 1566 1688 auxiliores
1582 1659 1670 1696 copia:
1686 1658 1818 1687 advenis-

995 1706 1071 1732 sent.
1088 1704 1227 1733 Romanis
1249 1704 1338 1741 igitur
1362 1705 1439 1732 intrs
1467 1704 1643 1733 munitiones
1669 1712 1700 1732 se
1725 1703 1817 1732 conti-

995 1748 1144 1782 nentibus,
1160 1748 1273 1776 Alimus
1291 1750 1396 1784 negata
1421 1748 1571 1784 pugnandi
1596 1747 1690 1784 copia.
1713 1748 1817 1775 Arzem

995 1793 1226 1829 oppidumnullo
1242 1802 1326 1821 muro
1345 1793 1570 1827 cireumdatum,
1597 1793 1673 1828 quod
1703 1800 1817 1819 merca-

993 1840 1071 1865 tores
1088 1846 1161 1874 pene
1176 1838 1416 1872 innumerabiles,
1434 1838 1567 1866 homines
1583 1837 1720 1865 ditissimi
1737 1836 1816 1864 inco-

992 1882 1101 1916 lebant,
1118 1891 1149 1910 se
1164 1882 1375 1919 primoimpetu
1392 1885 1547 1918 capturum
1574 1884 1666 1916 ratus,
1683 1890 1735 1918 spe
1763 1889 1818 1909 sua

993 1927 1152 1955 frustratus
1165 1929 1220 1961 est,
1232 1935 1298 1955 cum
1317 1927 1390 1955 illud
1407 1927 1589 1955 invassisset.
1611 1929 1684 1954 Nam
1715 1925 1816 1953 incola

993 1972 1091 2000 aditus
1106 1972 1193 2007 lignis
1212 1972 1429 2006 obstruxerunt,
1446 1974 1475 2000 et
1489 1972 1555 1999 telis
1571 1980 1605 1999 ex
1618 1971 1731 1999 aedibus
1746 1978 1815 1998 con-

987 2017 1126 2052 jiciendis
1143 2016 1252 2045 multos
1262 2016 1456 2044 sustulerunt.
1466 2017 1505 2044 Eo
1516 2025 1567 2052 per
1581 2024 1631 2044 sex
1646 2016 1708 2043 dies
1729 2015 1816 2048 iacto,

992 2068 1059 2088 cum
1073 2061 1234 2088 Turcorum
1250 2061 1310 2088 dux
1333 2063 1460 2088 Arzenos
1484 2060 1643 2088 fortissime
1663 2068 1694 2087 se
1717 2059 1815 2086 defen-

992 2106 1157 2139 dere,257
1189 2113 1242 2133 nec
1271 2105 1423 2133 obsidione
1452 2104 1536 2133 facile
1561 2104 1626 2141 capi
1653 2111 1738 2140 posse
1754 2110 1815 2131 cer-

991 2157 1083 2186 neret,
1100 2150 1160 2187 igni
1176 2159 1226 2178 eos
1241 2159 1379 2186 superare
1394 2150 1542 2178 instituit:
1555 2158 1612 2186 quo
1631 2149 1742 2176 aedibus
1771 2147 1814 2174 in-

986 2195 1077 2230 jecto,
1093 2203 1160 2222 cum
1174 2194 1343 2223 incendium
1361 2194 1487 2230 undique
1504 2194 1628 2228 saeviret,
1653 2192 1765 2221 civibus
1785 2190 1816 2219 in

989 2239 1090 2275 fugam
1100 2238 1202 2272 versis,
1219 2239 1338 2267 Barbari
1354 2239 1461 2276 oppido
1487 2238 1582 2276 potiti,
1600 2238 1728 2266 multum
1752 2236 1816 2264 auri

303 2281 335 2310 Ὁ
368 2280 476 2309 δὶ-τοῦ
511 2285 671 2320 Βασπρακᾶν
711 2284 863 2322 στρατηγὸς
895 2286 935 2321 τῷ

993 2286 1018 2311 et
1032 2283 1157 2312 aliarum
1168 2292 1257 2320 opum
1273 2284 1458 2319 invenerunt,
1475 2292 1548 2320 quas
1563 2284 1684 2311 ﬂamma
1697 2289 1755 2310 non
1766 2280 1816 2308 ab-

990 2331 1167 2364 sumpserat.
1184 2328 1255 2356 lnde
1270 2328 1376 2356 iterum
1392 2331 1494 2357 contra
1518 2328 1683 2357 Romanum
1708 2325 1817 2355 exerci-

989 2376 1054 2402 tum
1069 2374 1271 2409 properarunt.
1288 2375 1358 2401 Cum
1374 2373 1514 2410 Liparites
1525 2381 1592 2401 cum
1608 2371 1740 2400 lberibus
1752 2371 1816 2406 jam

989 2419 1116 2453 adesset,
1145 2419 1200 2446 sub
1224 2426 1374 2454 vesperam
1417 2418 1577 2446 commisso
1601 2417 1636 2445 ad
1678 2415 1816 2453 Bulytum

988 2462 1088 2499 praelia
1105 2463 1220 2490 Alimus
1236 2465 1264 2490 et
1274 2463 1437 2491 Chrosanes
1450 2463 1524 2490 alter
1535 2463 1729 2490 Barbarorum
1745 2461 1815 2495 dux,

988 2516 1055 2536 cum
1071 2507 1133 2536 suis
1149 2507 1280 2536 conversi
1296 2507 1446 2544 fugerunt,
1462 2507 1601 2536 Romanis
1610 2507 1668 2541 leos
1687 2506 1717 2534 in
1738 2504 1814 2534 mul-

987 2555 1048 2581 tam
1064 2554 1178 2581 noctem
1214 2552 1386 2589 persecutis.
1405 2552 1546 2589 Liparites
1585 2560 1653 2580 vero
1691 2551 1720 2579 in
1755 2550 1815 2578 alio

988 2606 1078 2626 cornu
1091 2605 1227 2634 pugnans
1251 2597 1287 2625 ab
1311 2597 1446 2625 hostibus
1469 2600 1574 2634 captus
1597 2597 1702 2631 fuerat,
1728 2603 1815 2632 quem

988 2643 1058 2671 dum
1072 2642 1193 2671 Romani
1220 2642 1250 2670 in
1273 2644 1369 2670 castra
1408 2643 1515 2670 reversi
1550 2642 1600 2670 diu
1633 2642 1816 2678 exspectant,

987 2696 1074 2717 casus
1104 2687 1185 2716 illius
1213 2686 1319 2724 ignari,
1336 2686 1457 2723 quidam
1487 2687 1614 2724 nuntiet,
1635 2688 1754 2722 captum
1779 2684 1816 2712 ab

747 2764 850 2797 Varias
872 2765 1022 2797 lectiones
1037 2767 1068 2796 et
1082 2766 1176 2795 notae.

158 2841 209 2880 (39)
229 2841 380 2880 Ἀσπαχάν.
410 2842 490 2873 Alter
503 2851 519 2872 6
533 2843 602 2882 Reg.
619 2844 768 2885 Ἀπασχάν.
