2032 3167
217 170 276 200 223
888 170 1042 201 ,ιοΑΝΝιε

1097 170 1248 200 ΖΟΝΑΒᾹΞ
1872 167 1959 197 224

215 233 351 263 hostibus
375 234 549 264 festinanter
575 235 691 264 abduci.
719 236 780 270 Quo
806 235 921 272 cognito
945 235 988 264 illi
1009 235 1038 263 in

1097 236 1135 271 τῷ
1164 235 1265 273 ’Δρτζε
1291 233 1465 271 (κωμότιολις
1479 231 1503 261 δ’
1517 233 1552 270 ἦν
1565 234 1670 270 τοῦτο)·
1686 232 1794 269 πληθὺς
1815 231 1841 260 δ’
1860 231 1956 267 ἒνῲ-

217 287 339 307 mcerore
354 282 447 315 erant,
464 280 583 308 Barbari
595 289 660 308 vero
678 280 824 317 Lipariten
835 281 872 308 ad
888 280 1039 309 sultanum

1097 290 1134 306 κει
1164 279 1248 315 αὐτῷ,
1275 277 1312 306 ἵν’
1341 279 1428 309 οὕτως
1445 276 1562 315 εἷ’ποιμι,
1592 278 1636 305 καὶ
1651 278 1767 316 ἀριθμὸν
1794 274 1959 315 ὑπερϐαί-

1095 335 1185 360 νουσα,
1215 323 1332 361 ἔμποροι
1350 322 1372 350 δ’
1389 324 1457 358 ἦσαν
1473 323 1500 350 οἱ
1516 323 1667 361 ἂνθρωποι,
1691 323 1737 350 καὶ
1752 321 1886 352 πλοῦτος
1910 321 1958 355 ἧν

1094 369 1187 400 αὐτοῖς
1216 368 1351 407 περιττός,
1381 369 1425 400 Ὠς
1451 368 1496 396 οὖν
1513 367 1665 405 ἀτείχιστον
1690 368 1740 402 τήν
1756 366 1954 403 κωμόπολιν

1094 413 1120 450 ιε
1144 412 1243 452 ἐφόδου
1271 413 1356 448 αύτήν
1383 412 1454 440 ἑλεῖν
1483 413 1509 440 οἱ
1539 410 1678 450 Βάρϐαροι
1701 410 1834 447 ἤλπιζον,
1863 410 1955 439 ἄλλ’

1094 457 1225 496 ἔγνωσαν,
1254 455 1546 496 παραϐουκολούμενοι
1575 460 1635 489 ταῖς
1661 455 1779 492 ἐλπίσιν,
1811 455 1950 493 ἐπείπερ

1094 503 1178 540 ταύτῃ
1217 500 1402 541 προσέϐαλον.
1438 503 1506 533 Ταῖς
1539 501 1591 540 γὰρ
1621 500 1723 533 διόδοις
1757 500 1828 532 ὕλας
1859 501 1950 528 ἐπα-

1093 548 1217 586 γαγόντες
1251 548 1278 575 οἱ
1311 547 1413 583 ταύτης
1448 547 1583 582 κάτοικοι,
1619 546 1664 574 καὶ
1699 546 1812 577 ταύταις
1842 545 1951 577 αὐτὰς

1095 593 1315 632 ἀποφράξαντες,
1359 592 1389 620 bi
1431 594 1486 620 τῶν
1530 590 1664 628 δωμάτων
1700 588 1821 619 ἔϐαλλον
1861 590 1948 621 τοὺς

1095 637 1229 668 ἐναντίους
1247 660 1254 672 ,
1292 637 1337 665 καὶ
1372 637 1489 676 ἀνῄρουν
1528 636 1672 671 πολλοὺς,
1701 636 1745 664 καὶ
1774 639 1858 664 τοῦτο
1888 635 1947 674 ἐφ’

1095 683 1212 720 ἡμέραις
1237 682 1337 720 ἐγίνετο
1440 685 1482 713 Ὠς
1513 681 1536 709 δ’
1571 679 1639 720 ἔγνω
1667 682 1681 709 ὁ
1709 684 1764 708 τῶν
1791 681 1943 719 Τούρκων

1096 727 1218 765 ἀρχηγὸς
1247 727 1260 754 ὁ
1287 726 1376 764 ’Δλίμ
1413 727 1634 765 ἐρρωμενέστατα
1661 726 1725 757 τοὺς
1753 726 1942 764 Ἀρτζηνοὺς

1096 772 1314 810 ἀντεχομένους,
1347 771 1392 799 καὶ
1421 771 1570 810 πολιορκίᾳ
1601 771 1684 809 ῥᾷστα
1715 771 1753 807 μὴ
1784 770 1938 804 ἀλωτοίις,

1095 817 1160 853 πυρὶ
1199 819 1253 844 τῶν
1288 814 1394 854 ἀνδρῶν
1427 817 1610 854 περιγενέσθαι
1642 815 1796 853 διέγνωκενη
1826 814 1937 842 αὐτίκα

1094 861 1184 889 τοίνυν
1212 862 1315 894 ἀνῆπτο
1342 863 1434 896 τοῦτο,
1464 861 1508 888 καὶ
1536 863 1595 893 τοῖς
1621 860 1768 897 οἰκήμασιν
1801 857 1933 888 ὑπεϐάλ-

1095 905 1170 934 λιτο.
1200 907 1243 937 Ὠς
1282 904 1305 934 δ’
1344 905 1445 945 ἐξήφθη
1484 905 1654 944 πανταχόθεν
1693 905 1824 942 πυρκαϊὰ,
1860 905 1928 942 τρὶ-

1093 961 1188 978 πονται
1221 950 1268 986 μὶν
1298 950 1325 977 οἱ
1349 950 1492 988 ἰγχώριοι,
1519 950 1546 977 οἱ
1575 948 1604 977 δὲ
1632 946 1770 988 Βάρϐαροι
1789 950 1923 987 κρατοῦσι

1093 999 1143 1030 τῆς
1172 995 1371 1032 κωμοπόλεως,
1400 995 1444 1022 καὶ
1471 993 1559 1022 πολὺν
1589 993 1614 1022 έν
1644 994 1712 1031 αὐτῇ
1742 993 1846 1032 χρυσὸν
1875 993 1919 1020 καὶ

1094 1039 1180 1067 ἄλλον
1213 1039 1332 1068 πλοῦνον
1366 1040 1534 1076 εὑρήκασιν,
1571 1039 1634 1071 ὃσος
1666 1039 1704 1075 μὴ
1742 1037 1918 1066 κατανάλωτο

1094 1085 1169 1123 πυρί.
1208 1085 1344 1117 Ἐντεῦθεν
1385 1083 1462 1116 αὖθις
1499 1084 1566 1112 κατὰ
1597 1087 1647 1118 τῆς
1677 1084 1837 1120 Ῥωμαϊκῆς
1865 1082 1916 1119 ὡρ-

1096 1130 1212 1166 μήκασιν
1230 1132 1366 1168 στρατιᾶς.
1391 1127 1460 1164 Ἤδη
1492 1127 1521 1156 δὲ
1547 1128 1592 1156 καὶ
1620 1130 1669 1156 τοῦ
1694 1127 1848 1166 Λιπαρίτου
1877 1127 1922 1154 σὺν

215 325 423 360 perduxerunt.
443 328 604 362 Imperator
617 328 716 353 autem
733 325 875 354 liberandi
899 325 977 353 illius
993 333 1040 353 eu-

215 369 313 404 pidus,
329 377 465 405 magnam
483 370 638 406 pecuniam
654 372 718 405 ejus
740 370 894 398 redimenti
917 378 987 406 ergo
1013 373 1040 398 et

215 421 339 442 munera
354 415 471 443 sultano
487 415 579 449 misit,
596 417 710 451 petens,
727 418 760 442 ut
778 415 867 442 Turci
889 423 956 442 cum
981 417 1038 442 Ro-

215 458 311 486 manis
326 459 419 488 fcedus
435 460 563 488 ferirent.
581 460 632 488 Cui
649 461 785 488 sultanus
801 459 957 496 Liparitsm
974 467 1039 496 gra-

214 502 254 530 tis
269 504 408 538 restituit,
433 504 513 532 omni
542 505 666 541 pecunia
689 504 731 532 illi
764 505 883 538 tradita,
905 513 958 540 pro
982 512 1040 541 quo

214 547 307 575 missa
320 551 382 576 erat
397 557 404 576 :
422 549 566 583 hortatus,
584 557 620 577 ne
632 549 663 577 in
678 551 829 585 posterum
841 558 923 577 arma
939 551 1041 577 contra

215 592 326 621 Turcos
337 595 484 622 sumeret:
501 596 589 630 atque
604 594 667 630 ipse
677 594 765 622 etiam
782 594 912 631 legatum
929 594 965 622 ad
982 594 1041 622 im-

213 639 375 672 peratorem
394 638 482 671 misit,
495 646 583 674 quem
600 637 641 666 illi
651 639 804 675 Seriphem
820 641 933 673 vocant,
955 638 1041 674 cujus

215 682 317 709 eadem
333 682 392 709 fere
407 683 536 711 conditio
552 683 618 716 fuit,
631 692 695 720 qua:
710 684 779 712 olirn
791 684 870 720 apud
890 693 943 712 nos
972 693 1040 720 syn-

211 725 288 753 celli.
304 725 376 754 Nam
393 729 425 754 ut
442 726 466 755 is
496 728 668 764 patriarcha
694 729 801 757 mortui
832 729 929 757 locum
955 737 1041 757 occu-

210 770 309 806 pabat,
326 771 368 799 sic
384 772 472 800 etiam
487 772 624 808 Scriphes
639 773 776 809 chalipba
788 773 924 801 defuncto
939 782 1040 802 succe-

209 815 306 843 debat.
324 815 350 844 Is
376 816 467 852 igitur
502 825 640 853 magnam
675 818 777 846 urbem
814 818 978 855 ingressus,
1013 821 1041 847 et

213 860 340 896 superbe
360 869 426 889 cum
448 861 624 897 imperatore
651 861 824 896 collocutus,
845 871 911 890 cum
941 864 977 891 ab
1006 872 1039 892 eo

210 904 397 940 postulasset,
415 907 447 933 ut
458 905 568 933 tributa
583 906 699 934 sultano
715 908 863 943 penderet,
881 908 990 935 infecta
1010 916 1040 936 re

211 949 420 978 estdimissus.
439 950 500 982 Qua
523 951 558 978 de
571 959 659 979 causa
685 951 777 979 iratus
801 951 946 986 sultanus,
976 952 1040 988 ipse

210 995 360 1022 Romanos
387 1003 544 1031 aggressus
571 998 625 1031 est,
651 1004 744 1031 eoque
765 998 896 1032 tempore
918 997 1040 1026 Turcioa

211 1045 284 1074 gens
299 1038 415 1075 longius
431 1048 595 1076 progressa,
620 1042 714 1068 totum
735 1040 881 1068 Orientem
911 1042 1039 1078 subegit,

212 1086 242 1111 et
258 1091 349 1119 usque
367 1084 403 1111 ad
423 1085 621 1113 continentem
639 1085 949 1121 Byzantiombversam
973 1095 1039 1122 pro-

213 1127 313 1155 cessit.
326 1129 364 1155 Ac
380 1128 421 1156 ita
433 1137 464 1156 se
477 1137 522 1157 res
537 1129 664 1157 Turcicm
681 1129 859 1158 habuerunt.

212 1178 271 1207 τοῖς
314 1173 422 1213 Ἴϐηρσι
458 1178 695 1215 παραγεγονότος,
739 1176 866 1215 συμϐολή
909 1181 962 1206 τῶν
1008 1179 1218 1217 στρατευμάτων
1263 1178 1370 1216 ἐγένετο
1411 1178 1472 1216 περὶ
1518 1176 1674 1206 Βουλυτον.
1714 1178 1746 1206 Ὀ
1789 1177 1838 1213 μὶν
1879 1175 1925 1203 οὖν

215 1219 304 1257 Ἀλὶμ
330 1221 375 1248 καὶ
407 1222 421 1248 ὁ
447 1222 603 1260 Χοροσάνης
632 1222 732 1260 (ἓτερος
763 1222 786 1250 δ’
815 1222 894 1255 οὗτος
917 1223 951 1258 ἦν
978 1225 1126 1261 στρατηγὸς
1163 1226 1218 1251 τῶν
1257 1221 1419 1261 Βαρϐάρων)
1450 1224 1518 1260 μετά
1551 1225 1604 1250 τῶν
1644 1222 1688 1250 ὑπ’
1725 1221 1823 1252 αὐτοὺς
1860 1231 1929 1258 τρα-

216 1265 332 1301 πέντες,
374 1265 506 1294 ἐνέκλιναν
552 1267 589 1298 εἰς
625 1268 735 1304 φυγήν,
774 1268 818 1295 καὶ
858 1271 924 1307 σφᾶς
970 1269 996 1296 οἱ
1034 1267 1252 1306 ἀντιτεταγμένοι
1294 1271 1427 1305 Ῥωμαῖοι
1467 1267 1549 1306 μέχρι
1588 1267 1684 1306 πόρῥω
1721 1269 1826 1294 νυκτῶν
1865 1276 1932 1292 κατ-

219 1308 344 1337 εδίωκον.
383 1311 414 1339 Ὀ
452 1310 480 1339 δὶ
518 1312 671 1350 Λιπαρίτης
708 1313 766 1340 κατ’
809 1311 879 1340 ἰίλλο
921 1313 1001 1351 κέρας
1049 1314 1208 1351 μαχόμενος
1246 1312 1320 1341 έάλω
1356 1316 1414 1344 τοῖς
1452 1313 1594 1345 ἐναντίοις.
1632 1313 1676 1344 Ὦς
1715 1311 1738 1339 δ’
1776 1310 1931 1339 ἐπαύσαντο

219 1358 270 1390 τῆς
298 1354 417 1390 διώξεως
446 1357 471 1383 oi.
499 1359 641 1394 Ῥωμαῖοι,
670 1358 715 1385 τὸν
746 1358 899 1396 Λιπαρίτην
927 1359 1104 1396 προσέμενον,
1123 1361 1160 1396 μὴ
1184 1358 1296 1394 εἷ’ὂότες,
1318 1359 1331 1386 ὃ
1346 1360 1408 1396 περὶ
1426 1359 1526 1387 ἐκεῖνον
1543 1356 1725 1395 συμϐέϐηκεν.
1743 1358 1787 1387 Ἑν
1803 1358 1930 1393 τοσούτῳ

220 1397 250 1426 δέ
283 1410 324 1432 τις
349 1400 441 1432 αὐτοῖς
466 1400 593 1440 ἀγγέλλει
616 1404 665 1430 τοῦ
692 1403 842 1441 Λιπαρίτου
864 1404 914 1438 τήν
941 1403 1056 1439 ἅλωσιν,
1081 1404 1126 1431 καὶ
1151 1403 1192 1431 ὅτι
1217 1401 1346 1435 λαϐόντες
1371 1404 1450 1432 αὐτὸν
1467 1404 1492 1432 οἱ
1508 1403 1616 1436 έλόντες
1634 1403 1729 1431 ἀπίασι
1745 1402 1791 1430 σὺν
1808 1400 1930 1438 σπουδῇ.

218 1443 252 1472 Οἱ
280 1444 328 1481 μὲν
360 1444 405 1472 οὖν
439 1446 570 1482 Ῥωμαῖοι
603 1449 687 1474 ταῦτα
723 1447 864 1484 μαθόντες,
899 1448 925 1476 ἐν
959 1448 1086 1485 ἀθυμίαις
1113 1450 1192 1484 ἦσαν,
1219 1450 1244 1476 οἱ
1271 1446 1407 1487 Βάρϐαροι
1437 1447 1466 1476 δὲ
1486 1451 1526 1485 τῷ
1555 1447 1671 1476 σουλτὰν
1699 1448 1745 1475 τὸν
1774 1446 1931 1483 Λιπαρίτην

221 1488 362 1526 ἐκόμισαν.
389 1490 420 1519 ⁸ο
447 1491 539 1527 μέντοι
566 1491 693 1529 βασιλεὺς
717 1495 765 1520 τοῦ
795 1493 948 1531 Λιπαρίτου
983 1494 1076 1531 μαθὼν
1104 1494 1154 1528 τήν
1184 1493 1296 1528 ἅλωσιν,
1323 1493 1424 1531 πέμπει
1448 1493 1517 1532 πρὸς
1546 1493 1592 1521 τὸν
1614 1492 1743 1527 σουλτὰν,
1772 1491 1930 1528 ἰλευθερίας

218 1533 330 1568 ἀξιῶσαι
368 1535 414 1562 τὸν
453 1535 604 1573 Λιπαρίτην
644 1539 741 1573 ζητῶν,
778 1537 821 1565 καὶ
858 1537 944 1577 λύτρα
978 1538 1077 1566 τούτου
1110 1539 1219 1576 πέμψας
1255 1537 1359 1574 πολλὰ,
1394 1538 1439 1566 καῖ
1475 1537 1548 1574 δῶρα
1591 1536 1619 1566 δὲ
1648 1540 1688 1573 τῷ
1715 1535 1850 1572 Σουλτάν,
1882 1536 1930 1563 καὶ

217 1577 334 1610 σπονδάς
371 1579 451 1616 μέσον
487 1581 629 1617 Ῥωμαίων
667 1582 712 1608 καὶ
752 1581 879 1619 Τούρκων
907 1584 1030 1621 γενέσθαι
1067 1585 1166 1612 αυτῶν.
1200 1584 1230 1612 '0
1267 1582 1296 1611 δὲ
1333 1582 1448 1611 σουλτὰν
1491 1582 1535 1610 τὸν
1567 1583 1614 1619 μὶν
1639 1581 1793 1620 Λιπαρίτην
1823 1579 1931 1618 δωρεά-

217 1622 326 1650 στέλλει
353 1623 437 1660 αὐτῷ,
466 1625 500 1652 τὰ
536 1623 564 1652 δέ
597 1636 628 1664 γε
664 1624 750 1664 λύτρα
783 1626 870 1654 πάντα
905 1629 956 1664 τῷ,
990 1627 1056 1665 ὑπὲρ
1095 1626 1126 1654 οὗ
1163 1627 1376 1666 έπεπόμφεισαν,
1414 1625 1525 1661 δέδωκε,
1557 1626 1602 1654 καὶ
1631 1626 1729 1663 μηκέτι
1758 1624 1833 1652 ὅπλα
1859 1623 1931 1651 κατᾶ

217 1666 345 1712 Τοέρκων
383 1667 496 1712 ἅρασθαι
533 1669 737 1709 παρηγγύησεν,
772 1672 948 1712 Ἐκπέπομφε
986 1671 1015 1700 δὲ
1053 1672 1176 1704 κάκεῖνος
1213 1670 1330 1710 πρέσϐυν
1370 1672 1439 1709 πρὸς
1470 1671 1591 1710 βασιλέα,
1621 1671 1650 1698 ’ὃν
1680 1670 1796 1698 ἐκάλουν
1826 1669 1930 1697 ἂκεῖνοι

219 1711 343 1749 σερίφην.
386 1711 472 1744 Οὗτος
515 1712 538 1741 δ’
574 1713 629 1742 ἔστι
670 1719 733 1752 παρ’
770 1716 862 1749 αὐτοῖς
899 1715 965 1755 ὅπερ
1007 1715 1092 1745 πάλαι
1127 1717 1159 1752 ἧν
1198 1717 1261 1755 παρ’
1294 1718 1361 1754 ἡμῖν
1391 1717 1405 1744 ὁ
1435 1716 1580 1754 λεγόμενος
1614 1713 1776 1753 σύγκελλος·
1811 1714 1849 1746 ὡς
1876 1713 1929 1751 γὰρ

220 1755 235 1782 ὂ
272 1755 424 1792 σύγκελλος
460 1759 510 1784 τοῦ
548 1760 719 1797 πατριάρχου
756 1761 879 1793 θανόντες
919 1761 957 1792 εἷς
995 1762 1040 1789 τὸν
1077 1761 1181 1789 έκείνου
1220 1759 1303 1788 τὸπον
1337 1760 1552 1796 ἀντικαθίστατο,
1581 1759 1654 1788 οὕτω
1683 1759 1728 1787 καὶ
1757 1760 1771 1785 ὁ
1801 1758 1928 1796 σερίφης,

215 1801 264 1827 τοῦ
288 1799 391 1840 καλιφᾶ
419 1800 555 1838 θανόντος,
584 1803 630 1831 τὸν
657 1804 854 1842 τελευτήσαντα
892 1805 1041 1844 διεδέχετο.
1078 1805 1215 1834 Εἰσελθὼν
1256 1808 1302 1833 οὖν
1338 1806 1376 1837 εἷς
1413 1807 1462 1841 τήν
1497 1804 1618 1843 μεγάλην
1645 1804 1727 1832 πόλιν
1758 1804 1773 1832 ὁ
1801 1803 1929 1842 σερίφης,

216 1845 261 1872 καὶ
277 1844 315 1876 εἷς
332 1844 443 1882 ὁμιλίαν
459 1847 499 1883 τῷ
512 1850 653 1885 κρατοῦντι
665 1848 762 1885 ἆλθὼν,
779 1851 823 1878 καὶ
839 1851 977 1887 ὁμιλήσας
994 1851 1173 1890 ὑπερηφάνως
1189 1850 1289 1890 φόρους
1304 1861 1333 1878 τε
1345 1850 1433 1878 τελεῖν
1447 1851 1569 1878 ἀπαιτῶν
1585 1852 1625 1886 τῷ
1639 1848 1766 1884 σουλτὰν,
1783 1848 1930 1886 ἀπεπέμφ-

219 1889 264 1923 θη.
279 1889 414 1918 Ἐντεῦθεν
433 1891 627 1929 βαρυθυμήσας
647 1894 660 1920 ὁ
676 1893 803 1932 σουλτᾶν,
819 1895 900 1925 αὐτὸς
915 1895 983 1922 κατὰ
996 1889 1139 1931 Ῥωμαίων
1156 1889 1293 1934 ἐχώρησε,
1310 1895 1356 1922 καὶ
1372 1894 1463 1923 ἔκτοτε
1481 1893 1646 1933 προχωροῦν
1665 1894 1697 1921 τὸ
1720 1895 1774 1920 τῶν
1800 1892 1929 1929 Τούρκων

217 1934 306 1971 γένος.
335 1939 386 1970 τῆς
401 1937 488 1973 Ἐῲας
505 1937 609 1974 ἀπάσης
627 1938 768 1977 ἐκράτησε,
783 1940 828 1967 καὶ
847 1939 929 1978 μέχρι
946 1943 996 1975 τῆς
1013 1939 1201 1978 ἁντιπύρθμου
1216 1942 1250 1977 τῇ
1267 1939 1410 1975 Βυζαντίδι
1427 1940 1543 1978 ἠπείρου
1558 1940 1720 1975 κατήντησε.
1743 1938 1781 1965 Τὸ.
1805 1937 1854 1975 μὶν
1879 1936 1926 1965 οὖν

218 1981 271 2006 τῶν
288 1979 416 2017 Τούρκων
432 1984 528 2010 τοῦτον
542 1981 605 2021 ἔσχε
619 1984 664 2011 τὸν
678 1985 790 2022 τρόπον,

253 2043 349 2072 XXVI.
362 2045 521 2074 Patzinacze
545 2055 612 2075 vero
642 2048 672 2075 in
688 2048 803 2084 Europa
818 2049 1042 2084 grassabantur,

1133 2048 1190 2082 Κζ’.
1220 2048 1255 2075 Τὸ
1293 2046 1322 2075 δὲ
1357 2049 1411 2075 τῶν
1451 2046 1624 2082 Πατζινάκων
1662 2045 1736 2077 ἔθνος
1775 2045 1844 2072 κατὰ
1874 2045 1928 2079 τὴν

222 2095 295 2124 gens
323 2088 459 2125 Scythica
486 2094 515 2119 et
530 2092 682 2127 populosa,
699 2092 1044 2127 ultralstrumincolens,

218 2132 265 2160 eui
281 2135 344 2161 tum
355 2134 505 2170 Tyrachus
522 2135 697 2172 imperabat,
710 2137 753 2164 vir
769 2137 875 2165 nobilis
905 2139 954 2166 ille
978 2139 1043 2174 qui-

219 2177 296 2210 dem,
313 2178 364 2205 sed
381 2178 513 2214 ignavus.
530 2181 613 2208 Alius
629 2189 696 2208 vero
711 2181 832 2217 quidam
850 2183 987 2218 Cegenes,
1013 2185 1045 2210 ut

217 2228 323 2257 genere
339 2222 462 2250 obscuro
473 2224 611 2258 ortus,ita
627 2224 713 2252 homo
728 2234 794 2253 acer
805 2228 834 2254 et
848 2228 1044 2260 strenuus,ob

217 2266 312 2293 multa
327 2267 444 2302 egregia
460 2268 588 2296 facinora
599 2269 629 2295 in
642 2269 811 2298 bellisedita
819 2271 926 2306 populo
937 2272 1045 2299 charus

217 2312 289 2337 erat.
320 2311 381 2342 Qua
406 2311 440 2338 de
461 2320 551 2340 causa
579 2312 731 2348 Tyracbus
755 2322 822 2342 eum
840 2323 892 2349 per
921 2315 1045 2342 insidias

216 2353 318 2381 tollere
337 2355 484 2383 studebat.
512 2356 573 2388 Quo
592 2357 644 2384 ille
667 2357 884 2392 animadverso,
901 2359 1015 2387 duabus
1029 2367 1045 2386 e

216 2397 357 2425 tredecim
385 2400 524 2428 tribubus
540 2400 596 2428 sibi
622 2401 795 2436 conciliatis,
819 2403 940 2438 trajecta
970 2405 1044 2431 Istro

217 2441 293 2469 258
310 2442 339 2469 in
357 2442 554 2472 Romanorum
577 2445 651 2473 ﬁnes
673 2446 761 2478 venit,
792 2454 824 2474 se
851 2447 1045 2483 transfugisse

216 2484 252 2511 ad
268 2485 572 2524 imperatorem,eique
588 2497 645 2516 non
661 2489 795 2517 inutilem
803 2490 872 2524 fore,
883 2491 1043 2526 professus.

203 2529 257 2556 'Ea
286 2537 317 2556 ro
345 2529 485 2567 indicata,
515 2534 725 2561 Monomachus
754 2534 906 2570 praesidem
924 2535 1045 2572 Scythas

217 2573 469 2610 susciperejubet.
479 2580 606 2612 chenes
622 2586 688 2605 vero
700 2578 870 2613 Byzantium
887 2580 1044 2615 profectus,

215 2617 246 2646 in
262 2622 450 2654 conspectum
470 2621 657 2657 imperatoris
682 2622 770 2655 venit,
794 2625 823 2649 et
846 2623 968 2651 salutari
994 2625 1044 2652 ba-

216 2664 356 2699 ptismate
374 2664 518 2699 initiatus,
535 2666 678 2701 patricius
689 2668 730 2693 est
748 2666 1046 2705 appollatus,suisque

216 2708 331 2744 Scythis
351 2709 510 2746 persuasit,
541 2712 572 2738 ut
595 2712 623 2738 et
650 2709 708 2746 ipsi
737 2710 834 2739 divino
860 2711 909 2740 illo
930 2713 1045 2742 lavacro

216 2753 415 2782 abluerentur.
441 2756 513 2783 Cum
536 2763 602 2784 vero
632 2754 663 2783 in
675 2755 746 2791 ripis
774 2756 965 2786 Istristativa
992 2758 1045 2787 ha-

216 2797 306 2832 beret,
322 2802 350 2828 et
369 2799 493 2829 ﬂumine
522 2800 620 2829 subito
649 2800 784 2836 traiecto,
805 2801 963 2838 Tyracbios
991 2811 1046 2832 cae-

217 2842 305 2872 dibus
320 2847 349 2872 et
376 2845 487 2882 rapinis
501 2845 667 2875 infestaret:
682 2845 833 2882 Tyrachus
857 2855 910 2883 per
931 2847 1044 2884 legatos

1099 2092 1260 2130 Εὕρωπαίαν
1293 2095 1392 2130 μοῖραν
1416 2091 1554 2127 κεκίνητο·
1585 2091 1718 2119 Σκυθικὸν
1748 2088 1777 2117 δὲ
1801 2091 1832 2117 τὸ
1849 2088 1927 2120 ἔθνος

1098 2137 1143 2165 καὶ
1167 2136 1395 2174 πολυάνθρωπον,
1424 2136 1507 2175 πέραν
1537 2137 1645 2174 Ἴστρου
1674 2135 1844 2172 νεμόμενον.
1877 2136 1927 2162 Ἦν

1099 2180 1129 2210 δὲ
1155 2182 1217 2210 τότε
1241 2183 1290 2209 τοῦ
1327 2180 1419 2214 ἔθνους
1449 2182 1542 2219 ἄρχων
1580 2181 1684 2218 Τυρᾶχ,
1721 2180 1789 2217 ἀνήρ
1817 2179 1850 2206 τὸ
1880 2179 1929 2215 μὶν

1099 2226 1174 2260 γένος
1204 2227 1278 2263 παρὰ
1301 2229 1341 2263 τῷ
1370 2225 1437 2257 ἔθνει
1452 2224 1592 2262 λαμπρὸς,
1621 2224 1652 2251 τὸ
1681 2222 1710 2250 δὲ
1736 2223 1804 2257 ἦθος
1824 2223 1927 2258 νωθής.

1098 2271 1209 2307 ’Έτερος
1238 2268 1266 2297 δέ
1294 2280 1335 2300 τις
1363 2269 1478 2306 Κεγένης
1510 2267 1702 2304 καλούμενος,
1740 2267 1846 2302 ἄσημος
1880 2267 1926 2304 μὶν

1099 2314 1162 2341 ὅσον
1193 2313 1231 2344 είς
1260 2313 1355 2351 γένους
1370 2311 1517 2350 ἀναφορὰν,
1544 2311 1610 2348 ἀνὴρ
1640 2309 1669 2338 δέ
1695 2309 1792 2348 ῥέκτης
1821 2320 1851 2337 τε
1882 2311 1924 2339 καὶ

1100 2356 1275 2395 δραστήριος,
1311 2357 1356 2384 καὶ
1393 2355 1531 2386 πολλάκις
1569 2354 1596 2382 έν
1624 2353 1760 2391 πολέμοις
1790 2353 1924 2394 ἀνδραγα-

1099 2402 1192 2438 θήσας,
1222 2401 1294 2439 παρά
1321 2402 1369 2428 τοῦ
1399 2397 1492 2432 ἔθνους
1519 2398 1675 2439 πεφίλητο.
1705 2399 1752 2426 Διὸ
1780 2399 1825 2427 καὶ
1851 2400 1924 2437 παρὰ

1098 2448 1147 2473 τοῦ
1175 2445 1269 2483 Τυρὰχ
1303 2444 1433 2483 έλοχᾶτο,
1463 2447 1609 2480 ζητοῦντος
1640 2443 1720 2472 αὐτὸν
1749 2443 1863 2473 ἀνελεῖν.
1891 2446 1923 2471 ’Ό

1098 2490 1178 2529 γνοὺς
1216 2489 1329 2524 ἐκεῖνος,
1366 2489 1411 2524 καὶ
1440 2488 1487 2516 δύο
1515 2491 1569 2516 τῶν
1599 2488 1692 2528 φυλῶν
1717 2489 1923 2527 προσεταιρισά-

1102 2544 1192 2571 μενος,
1222 2534 1309 2562 οὐσῶν
1338 2536 1431 2562 πασῶν
1466 2532 1528 2561 δέκα
1557 2532 1600 2561 ἐπὶ
1629 2533 1718 2570 τρισὶ,
1756 2533 1801 2561 σὺν
1832 2533 1923 2564 αὐταῖς

1101 2576 1178 2615 διέϐη
1215 2578 1262 2607 τὸν
1300 2580 1416 2616 Ἴστρον,
1455 2578 1501 2606 καὶ
1541 2577 1584 2606 ἐπὶ
1616 2577 1650 2605 τὰ
1688 2578 1831 2615 Ῥωμαίων
1864 2578 1923 2615 ὅρια

1097 2624 1217 2661 γέγονεν,
1246 2623 1403 2660 αὐτόμολος
1432 2623 1508 2658 ἥκειν
1539 2622 1626 2660 λέγων
1655 2625 1694 2658 τῷ
1722 2622 1848 2660 βασιλεῖ,
1878 2622 1922 2649 καὶ

1100 2667 1150 2695 οὐκ
1186 2667 1290 2696 ἔσεσθαί
1327 2669 1353 2695 οἱ
1394 2667 1556 2703 ἀσυντελής.
1596 2667 1736 2703 Ἐμηνύθη
1774 2669 1856 2694 ταῦτα
1884 2669 1923 2703 τῷ

1100 2713 1280 2751 Μονομάχῳ,
1316 2713 1361 2740 καὶ
1398 2712 1412 2739 ὁ
1446 2715 1496 2748 τῆς
1532 2712 1627 2750 χώρας
1660 2710 1753 2749 ἄρχων
1786 2711 1921 2739 κελεύεται

1101 2757 1223 2796 δέξασθαι
1248 2757 1313 2790 τοὺς
1343 2757 1458 2790 Σκύθας.
1489 2757 1520 2785 Ὁ
1540 2755 1569 2783 δὲ
1597 2756 1715 2795 Κεγένης
1742 2756 1786 2784 καὶ
1811 2756 1850 2787 εἱς
1871 2756 1920 2791 τὴν

1103 2801 1230 2841 βασιλίδα
1255 2804 1308 2830 τῶν
1336 2802 1445 2831 πόλεων
1473 2801 1616 2840 φοιτῆσας,
1644 2800 1671 2831 ἐς
1695 2799 1759 2838 ὅψιν
1786 2800 1856 2836 ἦλθε
1882 2803 1919 2838 τῷ

1103 2846 1231 2886 βασιλεῖ,
1268 2847 1314 2881 καὶ
1356 2847 1388 2876 τὸ
1425 2846 1560 2885 σωτήριον
1598 2843 1743 2883 δεξάμενος
1780 2846 1918 2884 βάπτισμα
