2032 3167
96 187 175 217 225

759 180 963 212 ANNALIUM
985 180 1060 210 LIB.
1082 181 1177 212 XVII.

1761 185 1822 216 226

95 251 233 289 ἐτιμήθη
268 248 421 288 πατρίκιος.
461 249 572 278 "Emtae
611 246 700 285 μέντοι
727 247 770 274 καὶ
799 245 864 278 τοὺς
892 245 939 273 σὺν

1002 253 1064 274 cum
1084 247 1258 284 imperatam
1283 249 1320 277 ob
1343 249 1527 286 transfugam
1547 251 1719 286 susceptum
1730 259 1820 287 expo-

95 296 188 332 αὐτῷ
219 295 334 328 Σκύθας,
361 296 410 322 τοῦ
440 293 512 326 θείου
531 292 629 320 τούτου
642 291 760 329 λουτροῦ
777 293 933 329 μετασχεῖν.

97 344 284 382 Ποιούμενος
314 342 342 371 δὶ
380 343 428 375 τὰς
460 340 598 380 διατριϐὰς
626 341 694 369 κατὰ
721 341 755 368 τὰ
782 341 940 379 παρίστρια,

99 392 156 418 καί
189 387 335 417 διαϐαίνων
375 388 419 415 τὸν
459 387 582 424 ποταμὸν
614 386 724 424 ἀθρόον,
755 385 852 413 ἆκάκου
877 384 941 415 τοὺς

99 437 162 463 τοῦ
192 434 297 472 Τυρᾶχ,
321 433 437 470 ἀναιρῶν
461 442 491 459 τε
513 431 558 458 καὶ
589 429 765 467 ληϊζόμενος.
796 427 941 468 Πρεσϐείαν

102 480 207 508 τοίνυν
250 479 263 506 6
301 478 399 515 Τυρὰχ
435 477 502 515 πρὸς
537 477 583 504 τὸν
616 475 729 513 βασιλὲα
755 474 942 509 ἀπεσταλκὼς,

104 525 214 562 ᾐτιᾶτο
244 522 285 550 ὅτι
312 523 358 550 τὸν
389 521 542 556 ἀποστάτην
570 522 619 548 τοῦ
646 518 737 551 ἔθνους
766 519 883 555 ἐδέξατο,
899 519 944 546 καὶ

107 569 135 597 εἰ
179 569 219 606 μὴ
256 567 367 604 κωλύσῃ
405 569 503 594 κακοῦν
544 566 575 594 τὸ
615 565 689 597 ἔθνος
715 565 762 593 τὸν
790 562 944 604 πρόσφυγα,

107 613 229 650 ἠπείλει
257 613 288 641 τὸ
314 611 388 644 ἔθνος
417 611 481 639 ὅλον
510 610 576 648 ἕξειν
604 609 751 648 πολέμιον.
767 609 839 648 Πρὸς
861 611 946 636 ταῦτα

109 658 136 686 δ’
170 659 185 686 ό
224 657 398 695 αὐτοκράτωρ
427 654 489 684 οὔτε
526 654 663 694 προδότης
702 654 752 694 ἔφη
780 656 829 682 τοῦ
857 664 944 692 προσ-

111 703 248 733 ελθόντος
284 702 453 739 γενήσεσθαι,
490 699 551 728 οὔτε
588 700 724 734 κωλῦσαι,
763 699 801 736 μὴ
842 698 945 735 ἀμύνα-

109 753 177 779 σθαι
207 747 272 778 τοὺς
300 744 564 776 ἰπιῦουλεύσαντας.
603 744 710 772 Τούτων
733 746 787 771 τῶν
819 743 945 780 μηνυμά-

108 801 171 820 των
199 793 239 828 τῷ
267 791 362 828 Τυρὰχ
377 789 560 827 κομισθέντων
578 812 586 822 ,
614 788 670 816 ἐπιί
698 788 805 826 ’χειμὼν
835 787 944 823 ἐπέστη,

110 841 160 869 καὶ
196 841 210 868 6
237 841 342 876 Ἴστρος
369 838 395 874 ἐξ
420 837 508 876 ὄχθης
538 837 576 869 εἷς
605 839 654 873 τὴν
682 837 774 875 ἑτέραν
803 839 842 873 τῷ
870 835 944 874 κρύει

112 883 292 924 πηγνύμενος
319 882 558 921 κεκρυστάλλωτο,
589 883 660 918 πεζῇ
696 879 773 917 διέϐη
811 881 857 909 τὸν
895 891 945 908 τιο-

114 929 208 966 ταμὸν
245 928 292 956 σὺν
328 930 367 964 τῷ
405 927 472 960 ἴθνιι
509 928 600 961 παντὶ,
633 926 678 954 καὶ
720 927 770 960 τὴν
808 924 946 962 Ῥωμαΐδα

997 291 1100 326 stulat,
1139 301 1226 328 quem
1276 294 1332 322 nisi
1373 297 1527 328 coerceret,
1571 296 1660 323 totam
1703 297 1820 331 gentem

996 342 1111 370 hostem
1127 342 1169 370 illi
1183 344 1252 372 fere.
1279 345 1320 372 Ad
1346 353 1379 372 ea
1408 346 1566 381 respondet
1594 345 1764 381 imperator,
1789 353 1821 373 se

998 395 1091 422 neque
1101 387 1265 416 dedititium
1282 389 1478 425 proditurum,
1487 398 1582 425 neque
1589 389 1820 426 prohibiturum,

998 431 1157 466 quominus
1194 433 1380 462 insidiatores
1407 434 1590 462 ulciseretur.
1622 434 1680 462 Hoc
1718 435 1822 462 nuntio

999 479 1127 512 accepto,
1143 477 1305 513 Tyrachus,
1335 487 1401 506 cum
1435 479 1508 506 13ler
1540 479 1663 507 hiberno
1692 481 1824 515 tempore

998 522 1077 548 totus
1093 521 1384 558 conglaciasset,cum
1401 525 1462 551 tota
1478 526 1563 560 gente
1573 524 1697 560 pedibus
1713 523 1822 552 ﬂumen

999 566 1128 599 transiit,
1154 568 1343 603 Romanaque
1382 568 1530 603 provincia
1558 571 1711 604 occupata,
1739 568 1824 596 obvia

1000 618 1123 646 quaeque
1147 611 1279 639 vastavit.
1297 611 1352 639 Sed
1382 611 1542 648 imperator
1567 613 1726 640 exercitum
1756 621 1822 649 pro-

999 655 1101 683 vincim
1121 656 1237 692 prasidi
1261 658 1290 684 et
1319 656 1421 693 Cegeni
1446 657 1546 684 statim
1576 657 1709 686 subsidio
1730 658 1823 686 misit.

999 699 1161 727 Patzinacas
1178 708 1245 728 vero
1265 709 1332 728 cum
1363 709 1484 728 annonas
1506 703 1534 728 et
1558 700 1616 728 vini
1641 701 1826 738 aliarumque

1000 744 1151 780 potionum
1166 753 1229 780 quas
1243 753 1276 772 ex
1301 745 1387 773 melle
1401 745 1607 780 conficiuntur,
1636 746 1750 781 copiam
1779 746 1822 773 in-

999 788 1159 823 venissent,
1177 792 1205 817 et
1221 790 1256 818 iis
1268 790 1351 818 avide
1367 798 1397 818 se
1408 790 1649 826 ingurgitassent,
1679 790 1708 817 in
1724 790 1825 818 coelia-

1000 846 1066 866 cum
1084 839 1219 867 morbum
1231 839 1407 868 inciderunt.
1420 840 1482 872 Quo
1497 840 1624 875 Cegenes
1641 847 1656 867 ο
1672 839 1827 874 transfuga

1000 883 1127 919 cognito,
1143 884 1283 912 Romanis
1312 884 1404 920 copiis
1436 884 1468 911 fit
1493 886 1594 912 auctor
1616 884 1715 911 hostes
1741 884 1824 911 invu-

1001 926 1099 954 dcndi.
1124 927 1180 955 Eas
1210 936 1276 954 cum
1303 927 1423 955 Barbari
1448 928 1549 955 morbo
1577 927 1699 955 confecti
1724 929 1826 955 contra

117 973 218 1012 χώραν
246 972 431 1012 κατειληφὼς,
460 973 493 1000 τὰ
519 971 546 999 ἐν
575 972 655 999 ποσὶν
686 971 831 1008 ἑκεράϊζεν.
861 971 891 999 Ὀ
920 969 947 997 δὲ

1003 978 1033 998 se
1050 971 1091 998 ire
1115 971 1268 1006 vidissent,
1289 974 1459 1006 metuentes,
1489 974 1517 999 et
1547 971 1655 999 animis
1677 971 1827 1007 armisque

116 1027 150 1054 γε
182 1015 310 1054 βασιλεὺς
336 1018 417 1043 τοῦτο
443 1016 535 1052 μαθὼν
563 1015 688 1054 στρατιὰν
718 1015 816 1042 αὐτίκα
842 1016 882 1050 τῷ
896 1018 946 1048 τῆς

118 1061 218 1099 χώρας
243 1060 354 1098 ἄρχοντι
377 1059 422 1088 καὶ
446 1063 486 1097 τῷ
513 1060 615 1097 Κεγὲνῃ
644 1059 788 1096 ἐπίκουρον
818 1058 946 1095 ἔπεμψεν.

118 1110 155 1140 Ol.
200 1110 290 1146 μὲντοι
326 1109 490 1144 Πατζινάκαι
519 1111 627 1147 τροφῶν
658 1108 784 1145 ἀφθονίαν
812 1107 947 1143 εὑρόντες,

119 1154 168 1183 καὶ
205 1153 280 1182 οἱίιου
317 1155 362 1181 καὶ
401 1153 493 1181 ἄλλων
533 1153 656 1189 ποτίμων
692 1151 891 1189 ἐσκευασμένων
919 1151 949 1178 ἆκ

123 1198 249 1236 μέλιτος,
277 1199 321 1226 καὶ
351 1198 413 1235 περὶ
451 1200 535 1225 ταῦτα
573 1196 839 1234 ὰπληστιυσάμενοι,
865 1197 947 1230 νοσή-

121 1254 189 1280 ματι
219 1242 355 1279 κοιλιακῷ
379 1241 548 1280 περιέπεσον.
575 1242 625 1270 Καὶ
648 1244 728 1269 τοῦτο
749 1241 773 1278 ἐξ
789 1241 949 1277 αὐτομόλου

121 1287 206 1326 γνοὺς
245 1288 259 1315 ὁ
299 1287 429 1324 Κεγένης,
469 1286 604 1318 ἀναπείθει
640 1286 685 1314 καὶ
719 1287 766 1317 τὰς
794 1285 948 1322 Ῥωμαϊκὰς

124 1331 256 1369 δυνάμεις
292 1331 426 1360 ἐπιθέσθαι
463 1334 521 1363 τοῖς
559 1331 701 1362 ἐναντίοις.
728 1331 771 1362 Ὠς
801 1330 847 1358 οὖν
878 1329 948 1358 εἶδον

125 1377 152 1405 οἱ
179 1374 317 1414 Βάρϐαροι
352 1376 401 1411 τήν
430 1377 486 1404 κατ’
521 1375 608 1403 αὐτῶν
633 1378 686 1404 τῶν
715 1375 855 1412 Ῥωμαίων
886 1374 949 1402 ἐπέ.-

123 1422 229 1457 λευσιν,
258 1421 479 1460 κατειργασμένοι
504 1423 539 1458 τῇ
567 1421 639 1458 νόσῳ
658 1421 851 1458 τυγχάνοντες,
878 1419 950 1457 ἰλιγ-

124 1466 238 1503 γίασαν,
280 1466 324 1493 καὶ
363 1464 602 1496 ἀποδειλιάσαντες
644 1466 763 1502 μεθῆκαν
805 1465 838 1492 τὰ
877 1464 950 1492 ὅπλα

125 1514 170 1543 καὶ
209 1515 294 1542 ἱκέται
327 1514 465 1551 γεγόνασι,
492 1513 538 1540 καὶ
565 1515 624 1544 τοῖς
653 1513 763 1551 ἰχθροῖς
790 1511 948 1550 παρέδωκαν

125 1558 247 1590 ἑαυτούς.
285 1559 397 1587 Τούτων
435 1556 458 1585 δ’
496 1557 554 1584 ὅσοι
592 1557 638 1593 μὲν
678 1557 729 1585 ὑπὸ
765 1557 809 1584 τὸν
834 1556 948 1594 Κεγένην

127 1603 279 1639 γεγόνασιν,
309 1602 334 1629 οἱ
366 1602 413 1638 μὶν
443 1601 527 1640 ξίφεσι
555 1600 754 1639 παρεδόθησαν,
784 1601 810 1628 οἳ
831 1600 859 1628 δὶ
882 1601 949 1639 πρὸς

1003 1015 1136 1050 objectis,
1154 1016 1221 1043 facti
1233 1016 1391 1052 supplices,
1415 1016 1551 1044 hostibus
1580 1024 1611 1044 se
1639 1015 1824 1043 dediderunt.

1002 1064 1174 1100 Quicunque
1202 1072 1267 1092 vero
1288 1065 1317 1092 in
1347 1065 1490 1100 Cegenem
1516 1064 1693 1097 inciderunt,
1718 1065 1825 1100 partim

1003 1108 1108 1144 gladiis
1123 1111 1194 1136 sunt
1213 1109 1360 1143 trucidati,
1373 1108 1480 1144 partim
1496 1117 1567 1136 auro
1598 1109 1632 1135 ad
1655 1109 1825 1136 servitutem

1003 1153 1122 1180 venditi.
1139 1153 1261 1189 Reliqua
1278 1153 1435 1180 multitudo
1451 1153 1589 1180 Romanis
1606 1153 1671 1180 usui
1689 1153 1748 1181 fore
1763 1153 1826 1181 visa

1003 1197 1096 1230 est,si
1113 1198 1203 1225 armis
1232 1197 1376 1234 ademptis
1404 1197 1433 1225 in
1462 1197 1606 1232 Bulgaria,
1637 1197 1765 1226 maxima
1792 1206 1826 1226 ex

1003 1244 1086 1278 parte
1104 1242 1230 1275 deserta,
1246 1242 1283 1270 ob
1303 1244 1420 1278 gentem
1450 1242 1530 1269 illam
1562 1250 1619 1269 non
1644 1243 1685 1270 ita
1712 1243 1825 1278 pridem

1004 1294 1145 1321 eversam,
1172 1286 1382 1314 collocaretur:
1412 1286 1499 1322 idque
1527 1287 1612 1322 jussu
1638 1286 1827 1323 imperatoris

1005 1331 1115 1359 factum
1131 1333 1185 1359 est.
1202 1331 1351 1367 Tyrachus
1371 1338 1440 1358 vero
1469 1333 1497 1358 et
1526 1339 1658 1366 proceres
1686 1331 1760 1366 ejus,
1789 1332 1826 1359 ad

1005 1375 1088 1403 illum
1103 1376 1246 1411 perducti,
1268 1375 1417 1411 baptizati,
1443 1375 1616 1411 magnisque
1632 1375 1825 1411 dignitatibus

1005 1425 1098 1452 ornati
1114 1426 1193 1452 sunt.
1207 1424 1241 1452 Ut
1256 1426 1353 1452 autem
1377 1432 1410 1451 eo
1436 1426 1566 1459 tempore
1595 1425 1734 1452 Romanis
1759 1432 1826 1452 cum

1003 1469 1107 1497 Turcis
1123 1469 1198 1497 bella
1212 1471 1295 1497 erant
1309 1469 1338 1496 in
1363 1468 1488 1503 Oriente,
1520 1468 1689 1504 imperator,
1713 1468 1826 1496 delectu

1005 1516 1068 1541 acto
1083 1522 1118 1541 xv
1135 1513 1226 1541 millia
1244 1513 1464 1541 Patzinacarum
1480 1513 1581 1547 armis,
1597 1513 1691 1548 equis,
1715 1515 1743 1540 et
1767 1522 1828 1541 sua;

1004 1558 1099 1593 gentis
1114 1558 1238 1585 ducibus
1254 1558 1343 1593 datis,
1372 1557 1575 1593 Chrysopolim
1602 1559 1782 1585 transvectos
1798 1558 1827 1585 in

1005 1603 1130 1629 lberiam
1146 1602 1284 1637 irejussit
1296 1612 1301 1630 :
1314 1602 1364 1629 vim
1376 1610 1493 1638 quoque
1510 1604 1705 1630 monstratore
1717 1601 1827 1630 addito.

127 1645 252 1674 δουλείαν
288 1648 392 1684 χρυσοῦ
428 1644 609 1681 ἀπεδόθησαν.
647 1645 682 1673 Τὸ
719 1645 827 1680 πλῆθος
862 1644 890 1672 δὶ
916 1646 947 1672 τὸ

1007 1651 1058 1684 Qui
1077 1659 1143 1678 cum
1159 1651 1195 1678 ad
1221 1651 1380 1678 Damatrim
1404 1651 1616 1686 pervenissent,
1646 1652 1826 1684 restiterunt,

127 1690 226 1718 λοιπὸν
263 1692 401 1728 χρήσιμον
445 1690 576 1727 ἐνομίσθη
618 1689 739 1729 γενέσθαι
781 1689 950 1726 Ῥωμαίοις,

129 1734 151 1762 εἰ
187 1735 220 1762 τά
259 1734 332 1762 ὅπλα
369 1735 522 1773 ἀφαιρεθὲν,
559 1734 597 1766 είς
623 1735 673 1769 τὴν
699 1735 753 1762 τῶν
784 1733 950 1772 Βουλγάρων

129 1780 222 1818 χώραν
261 1779 455 1815 κατοικισθείη,
492 1778 597 1817 ἔρημον
638 1779 720 1806 οὖσαν
748 1780 797 1814 τήν
826 1779 951 1813 πλείονα,

131 1828 183 1866 πρὸ
213 1830 311 1866 μικροῦ
339 1830 387 1855 τοῦ
418 1827 510 1859 ἔθνους
542 1827 646 1855 ἐκείνου
683 1827 888 1860 καταλυθέντος.
918 1828 952 1856 ’Ὀ

131 1872 175 1900 καὶ
202 1873 303 1911 γέγονε,
331 1874 380 1900 τοῦ
411 1871 544 1910 βασιλέως
581 1871 769 1903 κελεύσαντος.
805 1874 832 1899 ‘0
868 1871 897 1899 δέ
923 1882 953 1909 γε

131 1917 223 1955 Τυρὰχ
246 1917 291 1944 σὺν
316 1920 374 1948 τοῖς
403 1916 511 1954 ὶξόχοις
537 1919 585 1944 τοῦ
609 1915 701 1949 ἔθνους
717 1916 792 1954 ἤχθη
822 1917 891 1954 πρὸς
906 1917 950 1944 τὸν

131 1963 294 1999 κρατοῦντα,
324 1961 369 1988 καὶ
403 1963 451 1988 τοῦ
489 1961 561 1988 θείου
600 1961 809 1996 καταξιωθέντες
855 1961 952 1998 βαπτί-

131 2016 240 2042 σματος,
280 2005 413 2041 ἀξίωμασι
453 2005 592 2043 λαμπροῖς
627 2005 807 2042 ἐτιμήθησαν.
846 2006 891 2037 Ὠς
924 2004 953 2033 δὶ

134 2050 217 2088 μάχαι
246 2050 308 2078 τότε
337 2050 484 2086 Ῥωμαίοις
509 2051 578 2077 κατὰ
607 2051 656 2085 τὴν
688 2050 774 2086 Ἑῲαν
806 2049 872 2086 μετὰ
898 2051 951 2078 τῶν

130 2099 255 2138 Τούρκων
281 2101 348 2134 ἦσαν
364 2122 372 2136 ,
401 2098 592 2127 πεντεκαίδεκα
621 2098 751 2136 χιλιάδας
779 2099 952 2134 Πατζινάκων

132 2143 145 2171 6
178 2143 351 2181 αὐτοκράτωρ
385 2143 588 2180 ὶπιλιξάμινος,
624 2144 670 2171 καὶ
709 2142 876 2175 καθοπλίσας
905 2143 952 2171 αὐ-

131 2187 199 2222 τοὺς,
225 2187 329 2218 θίππους
356 2198 387 2216 τι
401 2188 622 2226 παρασχόμενος,
644 2188 689 2215 καὶ
714 2187 860 2223 ἐπιστήσας
872 2198 953 2225 στρα-

1007 1703 1060 1722 nec
1082 1694 1159 1722 ultra
1175 1695 1309 1731 progredi
1327 1695 1493 1728 voluerunt,
1511 1695 1560 1723 sed
1589 1695 1712 1730 regressi
1733 1703 1828 1732 usque

1007 1740 1042 1766 ad
1072 1739 1190 1775 fretum,
1219 1739 1389 1775 marijuxta
1416 1740 1446 1767 D.
1471 1739 1583 1767 Tarasii
1613 1740 1826 1768 monasterium

1008 1784 1083 1813 259
1100 1784 1184 1820 equis
1199 1784 1385 1819 transmisso,
1413 1784 1596 1812 continenter
1610 1785 1731 1820 profecti
1747 1787 1827 1818 sunt,

1008 1829 1098 1856 donec
1114 1837 1145 1856 se
1161 1837 1226 1856 cum
1245 1827 1436 1864 popularibus
1453 1829 1514 1856 suis
1528 1829 1827 1865 conjunxissent,quo

1009 1874 1082 1900 facto
1098 1872 1295 1900 tabernaculis
1311 1873 1339 1900 in
1357 1873 1469 1909 campis
1486 1874 1520 1900 ad
1552 1873 1631 1909 ripas
1657 1874 1723 1901 Istri
1753 1874 1828 1909 ﬁxis,

1007 1922 1161 1950 Thraciam
1177 1922 1376 1955 incursarunt,
1394 1922 1485 1958 copiis
1503 1922 1699 1958 imperatoriis
1728 1925 1829 1951 contra

1007 1975 1039 1995 se
1055 1967 1155 1994 missis
1171 1967 1296 1994 subinde
1312 1966 1486 2002 superiores,
1502 1966 1662 2002 utimpune
1674 1975 1725 2003 per
1737 1969 1829 1995 totam

1007 2011 1158 2038 Thraciam
1175 2013 1204 2038 et
1218 2011 1430 2039 Marcedoniam
1447 2014 1623 2047 vagarentur
1640 2024 1646 2045 ς
1677 2014 1705 2039 et
1731 2011 1832 2039 omnia

1007 2056 1217 2092 przedarentur,
1243 2064 1299 2083 non
1325 2056 1598 2091 remotaduntaxat,
1629 2056 1678 2083 scd
1709 2058 1737 2082 et
1765 2055 1831 2082 urbi

1008 2100 1144 2128 ﬁnitima.
1159 2100 1289 2128 Tandem
1305 2108 1374 2127 vero
1385 2108 1441 2127 xxx
1456 2108 1600 2127 annorum
1619 2099 1752 2126 inducias
1763 2107 1831 2126 cum

1008 2144 1147 2172 Romanis
1164 2145 1361 2181 paciscuntur.
1381 2144 1414 2172 Et
1439 2144 1486 2171 hic
1517 2143 1582 2171 belli
1610 2143 1831 2170 Patzinacarum

1008 2190 1063 2217 fuit
1079 2188 1183 2217 exitus.

132 2237 231 2275 τάρχας
261 2237 355 2269 αὐτοῖς
384 2237 414 2264 ἐκ
425 2248 478 2264 των
496 2238 645 2275 ὁμογενῶν,
662 2236 692 2264 ἒα
707 2236 879 2275 Χρυσοπόλει
894 2235 1096 2276 διιπεραίωσεν,
1131 2236 1168 2269 εἱς
1183 2234 1302 2274 Ἰϐηρίαν
1319 2235 1448 2267 κελεύσας
1473 2235 1612 2272 ἀπελθεῖν,
1636 2235 1715 2270 τάξας
1739 2234 1831 2266 αὐτοῖς

134 2281 174 2308 καὶ
198 2283 379 2320 προηγήτορα
405 2285 456 2316 τῆς
485 2280 560 2310 ὁδοῦ.
576 2285 619 2313 Ὡς
649 2280 671 2309 δ’
702 2282 747 2309 οὖν
776 2282 838 2318 πιρὶ
861 2282 907 2309 τὸν
938 2281 1080 2320 Δαμαρτὺν
1094 2281 1201 2317 ἧκασιν,
1216 2280 1342 2316 ἔστησαν,
1357 2281 1401 2308 καὶ
1416 2281 1510 2319 πρόσω
1527 2281 1628 2318 βαίνειν
1655 2279 1706 2306 οὐκ
1720 2277 1830 2314 ἤθελον·

133 2329 167 2360 είς
181 2329 301 2357 τούπίσω
329 2329 358 2358 δὲ
387 2331 572 2368 χωρήσαντες,
600 2330 645 2358 καὶ
673 2329 738 2369 ἄχρι
767 2333 815 2358 τοῦ
843 2334 971 2368 πορθμοῦ
1000 2328 1164 2371 ἱφθακότες,
1195 2330 1241 2358 σὺν
1270 2333 1327 2362 τοῖς
1353 2329 1451 2362 ’ἵπποις
1476 2331 1525 2365 τήν
1553 2328 1687 2362 θάλασσαν
1718 2327 1833 2364 διαπορ-

136 2373 307 2409 θμευσάμενοι
337 2374 403 2402 κατὰ
431 2375 480 2408 τήν
510 2377 558 2402 τοῦ
586 2375 665 2413 ἁγίου
689 2374 825 2412 Ταρασίου
864 2376 961 2412 μονὴν,
995 2375 1090 2403 αὐτίκα
1124 2375 1336 2412 συντεταγμένην
1373 2374 1552 2411 ποιησάμινοι
1579 2375 1628 2410 τήν
1659 2375 1831 2413 ὁδοιπορίαν,

135 2425 186 2453 τοῖς
214 2422 355 2460 ὁμογενὲσι
384 2425 570 2462 προσήνωντο,
606 2424 652 2451 καὶ
688 2423 745 2451 ἐπεὶ
784 2424 855 2460 ὁμοῦ
893 2424 1135 2462 συνηθροίσθησαν,
1165 2422 1288 2458 ἀπῆλθον
1316 2424 1360 2451 καὶ
1388 2423 1414 2451 ὲν
1440 2426 1499 2454 τοῖς
1526 2425 1696 2462 παριστρίοις
1725 2424 1830 2456 πεδίοις

136 2466 261 2503 ἐπήξαντο
288 2467 336 2498 τὰς
363 2468 473 2504 σκηνὰς,
501 2469 600 2496 ἐκεῖθεν
643 2467 665 2496 δ’
705 2468 875 2506 ὁρμώμενοι,
910 2469 943 2497 τὰ
978 2471 1093 2507 Θρᾳκῷα
1118 2469 1293 2506 κατέτρεχον.
1323 2467 1460 2498 Πολλάκις
1487 2467 1516 2495 δὲ
1542 2471 1590 2495 τοῦ
1616 2470 1749 2507 βασιλέως
1773 2477 1831 2497 κατ’

136 2516 218 2544 αὐτῶν
243 2517 396 2554 στράτευμα
424 2516 591 2554 πέμψαντος,
622 2517 840 2556 ἐπικρατέστεροι
868 2519 935 2553 ἦσαν
961 2518 986 2545 οἱ
1015 2516 1161 2556 Βάρϐαροι,
1192 2517 1260 2545 ὥστε
1288 2517 1333 2545 καὶ
1357 2516 1441 2547 ἀδεῶς
1468 2517 1536 2545 κατὰ
1564 2519 1652 2554 πάσης
1680 2522 1730 2554 τῆς
1758 2518 1830 2555 Θρᾴ-

136 2572 181 2597 κης
206 2561 251 2589 καὶ
280 2565 329 2596 τῆς
358 2560 523 2592 Μακεδονίας
553 2561 752 2597 σκεδάννυσθαι,
777 2563 821 2590 καὶ
851 2563 927 2591 λείαν
952 2565 1056 2591 ἅπαντα
1081 2563 1211 2599 τίθεσθαι,
1240 2564 1285 2590 καί
1314 2563 1345 2590 οὗ
1373 2563 1406 2590 τὰ
1432 2562 1527 2601 πόρῥω
1558 2564 1650 2600 μόνον,
1680 2563 1751 2592 ἀλλὰ
1769 2564 1832 2600 μὲν-

136 2617 172 2635 τοι
187 2607 230 2635 καὶ
244 2606 279 2635 τὰ
291 2608 326 2644 τῇ
341 2606 421 2634 πόλει
437 2607 578 2645 ἀγχίθυρα.
594 2607 678 2640 Ϊὲλος
692 2607 721 2636 δὲ
736 2607 893 2636 σπένδονται
909 2608 1050 2646 Ρωμαίοις
1065 2607 1280 2647 τριακοντούτεις
1300 2607 1429 2646 σπονδὰς,
1443 2608 1489 2636 καὶ
1503 2618 1588 2640 οττως
1602 2609 1616 2636 6
1630 2611 1684 2637 τῶν
1700 2608 1832 2644 Πατξινά-

136 2663 183 2680 κων
197 2651 278 2688 ἔληξε
292 2651 427 2689 πόλεμος.

166 2716 222 2743 ΚΖ’.
248 2710 279 2744 ’0
296 2714 324 2743 δὲ
335 2713 451 2743 σουλτὰν
468 2715 519 2742 οὐκ
533 2712 630 2752 ἔληγεν
648 2715 730 2743 ἐπιὼν
746 2715 793 2747 τὰς
812 2716 864 2744 ὑπὸ
884 2717 947 2744 Ῥω-

1044 2717 1156 2745 XXVII.
1172 2716 1312 2744 Sultanus
1322 2725 1389 2745 vem
1405 2717 1553 2745 Romanas
1565 2718 1652 2745 urbes
1670 2718 1698 2744 et
1712 2714 1830 2751 provin-

140 2761 225 2796 μαίους
239 2760 332 2798 χώρας
359 2760 404 2787 καὶ
429 2759 536 2795 πόλεις,
561 2759 604 2786 καὶ
630 2760 677 2790 τὰς
705 2760 752 2796 μὶν
777 2759 947 2797 ληϊζόμενος,

1010 2761 1071 2790 cias
1089 2761 1229 2789 infestare
1253 2769 1309 2789 non
1324 2761 1446 2797 destitit,
1472 2762 1538 2790 aliis
1550 2761 1683 2796 direptis,
1700 2759 1766 2787 aliis
1780 2767 1831 2786 va-

137 2805 177 2835 τᾶς
190 2803 211 2832 δ’
235 2803 376 2841 ἐκπορθῶν
400 2815 430 2832 τι
452 2804 497 2831 καὶ
523 2803 720 2841 οἷ’κειούμενος.
739 2805 811 2832 Κατὰ
838 2805 947 2837 τούτους

1008 2807 1104 2841 statis,
1120 2805 1185 2833 aliis
1213 2815 1266 2834 suo
1296 2814 1385 2843 regno
1415 2807 1547 2842 adjectis.
1565 2805 1623 2833 Sub
1653 2804 1682 2832 id
1711 2805 1830 2838 tempus

139 2849 191 2882 τοὺς
219 2848 336 2888 χρόνους
364 2849 409 2878 καὶ
434 2847 587 2885 ἐπιϐουλὴν
616 2849 675 2877 καθ’
706 2849 800 2878 ἑαυτοῦ
829 2850 843 2878 ὁ
871 2849 947 2879 αὐτο·

1007 2851 1167 2888 imperator
1182 2850 1306 2880 insidias
1331 2851 1386 2881 sibi
1404 2851 1495 2880 factas
1519 2848 1721 2886 deprehendit,
1738 2856 1755 2876 ιι
1769 2849 1827 2876 Ro-
