2032 3167
120 173 181 203 929
769 159 973 200 ANNALIUM
994 169 1069 200 LIB.
1092 169 1189 202 xm.
1767 172 1829 202 230

119 239 202 277 φοισᾷ
231 238 364 275 συνεχῶς,
380 235 407 264 ἐν
438 238 478 272 τῷ
511 235 580 272 οἷ’κῳ
611 236 663 262 τοῦ
695 234 865 272 Κυνηγεσίου
898 233 1001 272 ἐχούσῃ
1016 233 1078 262 τότε
1097 233 1132 269 δὴ
1164 235 1214 270 τὴν
1242 236 1412 273 κατοίκησιν)
1440 235 1574 275 πρόφασιν
1603 234 1676 273 ἔχων
1703 237 1752 263 τοῦ
1779 246 1827 263 σι·-

123 282 216 319 μνείου
241 282 291 316 τήν
315 280 446 318 δόμησιν,
475 279 624 316 ἐξήντλησε
650 280 714 310 τοὺς
747 277 903 317 βασιλείους
931 277 950 313 ἢ
978 278 1087 310 κοινοὺς
1118 280 1270 318 θησαυροὺς
1307 279 1368 312 ὅθεν
1406 279 1558 319 χρημάτων
1598 279 1735 317 δεόμενος,
1765 280 1828 308 οὐδὲ

120 329 175 354 τῶν
206 326 395 364 ἀπειρημένων
437 326 614 364 πορισμάτων
658 324 797 362 ἀπείχετο.
827 322 912 351 Ἀλλᾶ
947 322 992 350 καὶ
1036 326 1136 360 χωρῶν
1179 324 1320 359 minandi
1355 325 1424 363 πρὸς
1465 325 1496 352 τὸ
1527 324 1660 361 δημόσιον
1689 327 1747 356 τοῖς
1779 326 1827 362 βα-

123 371 243 399 σιλεῦσιν
294 371 325 398 οὐ
377 370 498 407 δασμοὺς
549 369 747 408 συνεισέφερον,
797 367 860 396 ἀλλ’
898 367 957 395 ἀντὶ
1008 368 1099 403 πάσης
1146 367 1342 408 δασμοφορίας,
1382 368 1538 408 δυσχωρίας
1584 369 1744 408 ἐφρούρουν,
1782 369 1827 397 καὶ

122 419 181 448 τοῖς
215 413 366 453 Βαρϐάροις
399 415 447 449 τὴν
487 414 527 445 εἲς
561 414 609 445 τὰς
642 413 788 449 Ῥωμαίοις
827 411 1003 449 ὑποκειμένας
1041 413 1136 450 χώρας
1174 413 1344 452 ἀπετείχιζον
1383 413 1512 453 πάροδον,
1530 413 1629 445 ἐκεῖνος
1649 414 1748 453 φόρους
1767 417 1828 446 ταῖς

124 461 230 499 χώραις
260 460 397 495 ἐπιτάξας,
426 458 560 497 ὲσχόλασε
591 459 638 489 τὰς
682 457 809 497 φρουράς.
833 457 981 489 Κάντεῦθεν
1012 458 1029 492 ἡ
1059 457 1126 495 πρὸς
1155 457 1202 489 τὰς
1229 458 1366 495 Ῥωμαίας
1394 459 1488 496 χώρας
1531 459 1613 497 ῥᾴστη
1657 461 1716 490 τοῖς
1753 460 1826 496 Βαρ-

125 503 221 543 ϐάροις
237 504 341 542 ἐγένετο
357 502 485 542 πάροδος.
502 504 621 534 Ἐκεῖνος
636 502 725 530 τοίνυν
740 502 754 530 ὁ
779 502 846 540 ἀνὴρ
872 499 959 533 αἷίτιος
987 504 1045 532 τοῖς
1068 501 1178 534 ἀπαθῶς
1201 501 1391 540 λογιζομένοις
1416 504 1582 541 κριθήσεται,
1595 505 1643 531 τοῦ
1667 504 1716 539 τὴν
1741 504 1827 540 Ἕῲαν

127 552 225 587 μοῖραν
240 548 316 586 δουρὶ
331 549 506 586 κυριευθῆναι
523 545 693 585 βαρϐαρικῷ.

161 595 228 623 KH'.
247 597 301 628 Τῆς
326 592 355 621 δὲ
376 591 516 630 βασιλίδος
540 595 617 626 Ζωῆς
644 593 699 627 (41)
723 590 749 618 ἐν
773 591 845 629 γήρᾳ
868 591 945 628 βαθεῖ

1036 591 1157 620 XXVIII.
1175 593 1361 628 Imperatrics
1375 593 1430 620 Zoe
1451 595 1587 628 provecta
1606 595 1688 621 aetate
1712 596 1828 623 mortua

125 639 203 676 (ὑπὲρ
225 638 276 675 γὰρ
303 637 337 665 τὰ
360 635 550 673 ιϐδομήκοντα
567 635 613 671 ἔτη
639 635 804 674 παρεξετάθη
821 635 890 671 αὐτῇ
919 635 950 662 τὸ

126 683 272 720 βιώσιμον)
306 681 496 716 καταλυσάσης
526 681 576 715 τὴν
614 681 698 715 ζωὴν,
731 680 782 708 οὐκ
817 678 950 716 ἀνδρικῶς

124 726 226 758 ἐκεῖνος
254 726 411 763 ἐθρήνησεν,
443 725 515 753 ἀλλᾶ
553 725 645 762 μέντοι
685 735 718 762 γε
751 723 951 762 μειρακιωδῶς.

125 773 239 809 Λέγεται
269 769 298 798 δὲ
324 771 369 798 καὶ
402 769 527 809 ἀγγέλοις
559 770 643 804 αὐτὴν
684 769 854 806 παρεξισοῦν,
880 768 952 796 έπει-

126 815 159 851 δή
177 826 230 843 που
244 817 292 842 τοῦ
315 815 457 852 μνήματος
476 814 582 849 ἐκείνης
606 814 695 851 μύκης
721 813 751 841 ἔκ
768 824 842 844 τινος
871 813 951 852 ὑγρό-

125 871 208 895 τητος
223 857 419 895 ἀνεϐλάστησε,
435 859 479 886 καὶ
497 861 578 886 τοῦτο
594 857 686 886 καλεῖν
713 860 826 894 σημεῖον
850 856 950 890 ἄνωθεν

127 903 377 941 οἷκονομηθὶν,’ίνα
394 904 432 940 μὴ
447 904 575 941 ἀγνοῆται
599 904 617 937 ἡ
635 902 744 940 βασιλὶς
765 905 825 934 ταῖς
846 905 952 940 νοεραῖς

127 949 325 986 συντεταγμένη
354 947 491 984 δυνάμεσι.
518 949 575 982 Τῆς
604 946 627 974 δ’
656 948 693 979 ὡς
721 946 826 984 ετ¹ρηται
854 947 952 978 θανού-

126 994 217 1029 σης,ὁ
248 992 374 1030 βασιλεὺς
396 991 435 1020 ἔτι
464 991 641 1031 φλεγμαίνων
668 991 730 1028 περὶ
758 991 821 1022 τοὺς
849 988 952 1028 ἔρωτας

127 1037 263 1075 ἂπεισάγει
288 1039 349 1068 τοῖς
378 1035 527 1074 βασιλείοις
549 1036 662 1073 μείρακά
689 1045 749 1063 τινα
773 1035 880 1071 ὅμηρον
908 1033 953 1061 δο-

127 1084 217 1114 θεῖσαν
238 1081 384 1117 Ῥωμαίοις
408 1080 433 1116 ἰξ
459 1079 593 1115 ’Δλανῶν,
608 1079 692 1107 παῖδά
709 1090 783 1110 τινος
806 1081 860 1106 τῶν
889 1079 952 1116 παρ’

125 1125 238 1156 ἆκείνοις
267 1125 505 1163 ἀρχηγετοῦντων,
534 1124 579 1152 καὶ
608 1123 708 1158 ταύτην
732 1121 862 1158 σεϐαστὴν
893 1123 952 1150 ὀνο-

128 1171 224 1206 μάσας,
253 1170 388 1208 βασίλειον
416 1169 484 1206 αὐτῇ
513 1170 563 1203 τὴν
595 1168 736 1207 θεραπείαν
767 1168 880 1203 ἀπέταξε
907 1167 952 1195 καὶ

126 1214 248 1242 πλούτου
262 1214 397 1256 χορηγίον
413 1212 623 1250 δαψιλεστάτην.
641 1214 687 1240 Καὶ
717 1212 743 1240 εἴ
759 1213 796 1249 μὴ
811 1213 860 1247 τὴν
879 1213 953 1256 βασι-

127 1257 201 1293 λίδα,
215 1259 264 1293 τήν
281 1257 420 1295 Θεοδώραν
435 1257 520 1295 λέγω,
535 1257 668 1292 πεποίητο
684 1256 718 1284 δι’
735 1255 866 1292 αἰδοῦς,ζῆ
882 1255 952 1292 μᾶλ-

127 1281 480 1340 λον-τὸ.
488 1281 638 1339 κήσχύνετό
664 1302 791 1338 ἄθεσμον,
861 1281 865 1291 Ι
877 1281 951 1338 βασί-
968 1281 992 1314 Β

128 1347 210 1375 λισσα
222 1347 252 1375 ἂν
266 1348 317 1382 τὴν
332 1346 470 1384 ἐρωμένην
494 1346 594 1381 ταύτην
618 1346 720 1379 ἀνεῖπε,
734 1345 779 1372 καὶ
804 1344 952 1381 διαδήματι

126 1393 326 1428 κατεκόσμησεν
343 1392 384 1419 ἂν.
401 1391 521 1418 Ἐκείνου
538 1390 566 1418 δὲ
595 1389 732 1424 θανόντος,
749 1389 780 1417 οὐ
809 1389 954 1427 παρέμεινε

125 1438 161 1474 τῇ
178 1434 293 1473 σεϐαστῇ
308 1436 340 1463 τὸ
360 1435 517 1473 εὐτύχημα.
533 1434 596 1463 ἀλλ’
612 1434 651 1465 εἱς
672 1435 721 1468 τὴν
749 1434 882 1472 προτέραν
904 1437 954 1468 τῆς

127 1481 246 1519 ὁμηρίας
257 1480 346 1518 τύχην
363 1479 574 1515 ἐπανελήλυθεν.
588 1480 668 1515 ’Ἄρτι
693 1478 722 1506 δὲ
745 1479 790 1506 καὶ
815 1479 876 1516 περῖ
905 1481 953 1506 τοῦ

124 1525 222 1556 τέλους
236 1524 395 1562 ἱστορητέον
421 1524 520 1551 τούτου
542 1526 591 1551 τοῦ
613 1523 822 1560 αὐτοκράτορος.
837 1523 876 1551 Οὐ
905 1533 955 1559 μα-

125 1570 193 1607 κρὸς
219 1569 382 1606 ὲξεμετρήθη
409 1567 521 1605 χρόνος,
538 1567 629 1602 ἐξότου
650 1571 701 1601 τῆς
728 1567 876 1604 ἡγεμονίας
901 1569 955 1594 τῶν

129 1613 272 1648 Ῥωμαίων
301 1613 411 1650 γέγονεν
441 1613 586 1649 ιγκρατὴς,
602 1611 647 1639 καί
675 1612 701 1638 οἱ
728 1609 808 1642 νόσος
834 1611 954 1648 ἀρθρῖτις

131 1657 286 1694 ἐνέσκηψεν,
302 1656 319 1691 ἢ
349 1656 480 1694 πρότερον
503 1659 562 1687 τοῖς
586 1655 665 1683 ποσὶν
689 1654 792 1682 ἐκείνου
817 1657 865 1682 τοῦ
895 1654 955 1692 ῥεύ-

131 1712 215 1738 ματος
241 1700 372 1738 ἐπήνεγκε
395 1700 444 1734 τήν
469 1700 565 1738 φορὲιν,
584 1699 653 1727 ὥστε
675 1700 724 1730 τὰς
755 1700 845 1737 βάσεις
874 1698 955 1726 αὐτοῦ

128 1745 197 1783 πρὸς
227 1744 337 1783 πορείαν
366 1744 410 1772 καὶ
440 1744 531 1771 στάσιν
546 1743 696 1771 ἀδυνατεῖν.
713 1744 745 1771 El.
761 1742 789 1771 δά
817 1754 883 1771 ποτε
911 1744 954 1771 καὶ

128 1790 262 1825 κινήσεως
286 1789 406 1826 ἀνάγκην
431 1786 558 1826 ἔσχηκεν,
574 1789 591 1823 ἢ
608 1788 676 1826 πρός
699 1799 781 1815 τινων
807 1789 956 1826 ὑποστηρι-

131 1835 243 1870 ζόμενος
267 1831 412 1871 προέϐαινε
435 1832 586 1871 δυσχερῶς,
614 1832 631 1868 ἢ
656 1833 700 1860 καὶ
724 1833 836 1869 πάμπαν
866 1833 956 1870 ἑτερο-

127 1879 240 1914 κίνητος
265 1878 310 1912 ἦν.
327 1880 382 1907 Τοῦ
408 1877 511 1916 χρόνου
536 1877 564 1905 δὶ
579 1877 735 1915 προϊόντος,
750 1878 794 1905 καὶ
809 1880 870 1909 ταῖς
893 1888 957 1916 χερι

128 1923 170 1950 σὶν
199 1922 348 1961 ἓπεῤῥύητο
377 1921 474 1950 αἶ’τιον·
492 1923 548 1950 εἶτα
575 1922 620 1949 καὶ
635 1924 693 1953 τοῖς
711 1919 799 1958 ὤμοις
814 1922 956 1957 ἑπήνεκτο,

1006 637 1268 673 (septuagesimum
1285 637 1362 664 enim
1379 645 1489 665 annum
1514 638 1688 673 excesserat)
1714 635 1828 666 obitum

1006 682 1071 716 ejus
1082 690 1137 709 non
1150 684 1182 709 ut
1192 690 1258 709 vero
1271 682 1394 717 dignum
1407 684 1464 713 est.
1475 681 1555 714 tulit,
1576 682 1627 709 sed
1648 682 1829 710 muliebriter

1007 726 1090 758 luxit,
1107 734 1230 761 eamque
1240 726 1352 762 angelis
1362 726 1562 762 aequiparasse
1585 726 1694 754 fertur:
1712 734 1777 754 cum
1792 727 1829 754 ob

1007 769 1061 797 loci
1077 771 1283 798 humiditatem
1301 779 1334 798 ex
1349 772 1414 805 ejus
1430 773 1621 798 monumento
1637 771 1744 806 fungus
1763 779 1830 807 ger-

1009 815 1161 848 minasset,
1179 823 1266 850 quem
1282 816 1378 851 sigum
1396 815 1495 843 divina
1510 815 1689 850 providentia
1719 815 1830 844 editum

1005 860 1129 892 vocavit,
1144 862 1176 887 ut
1193 867 1228 887 ne
1244 860 1430 894 ignoraretur
1445 859 1662 896 imperatricem
1679 860 1709 887 in
1722 862 1830 888 coetum

1005 903 1230 939 intelligentiam
1248 906 1425 932 Potestatem
1455 912 1519 932 esse
1536 907 1693 940 receptam.
1724 904 1830 932 Verum

1006 948 1103 976 adhuc
1118 948 1227 976 amoris
1250 948 1385 976 incendio
1414 948 1551 984 ﬂagrans,
1581 948 1830 977 adolescentulam

1007 991 1165 1027 quamdam
1182 992 1265 1019 Alani
1284 991 1426 1027 principis
1438 991 1538 1024 tiliam,
1550 992 1682 1019 obsidem
1692 992 1831 1020 Romanis

1007 1036 1116 1068 datam,
1133 1035 1163 1063 in
1179 1036 1287 1070 regiam
1304 1035 1499 1063 introductam
1516 1038 1678 1072 Augustam
1692 1036 1830 1072 appellat,

1006 1081 1105 1107 addita
1120 1080 1254 1108 custodia
1269 1080 1348 1115 regia
1363 1083 1391 1107 et
1406 1079 1575 1116 sumptibus
1600 1080 1829 1110 liberalissimis.

1007 1125 1087 1156 Quod
1106 1125 1135 1152 ni
1147 1124 1328 1152 Theodoram
1345 1124 1559 1160 imperatricem
1577 1125 1717 1153 reveritus
1741 1129 1830 1160 esset,

1010 1177 1042 1197 ac
1060 1170 1156 1205 potius
1173 1170 1268 1205 quarti
1286 1170 1417 1206 conjugii
1438 1171 1566 1198 dedecus
1589 1175 1618 1198 et
1642 1171 1736 1206 nefas,
1756 1172 1830 1200 ami-

1007 1222 1070 1242 cam
1087 1222 1172 1242 suam
1188 1214 1277 1242 etiam
1292 1214 1508 1250 imperatrioem
1524 1215 1710 1250 appellasset,
1728 1218 1755 1243 et
1771 1217 1831 1244 dia-

1007 1258 1122 1286 demate
1137 1262 1314 1286 exornasset.
1330 1259 1471 1286 Caeterum
1487 1259 1538 1286 illa
1552 1263 1690 1296 Augustae
1708 1260 1830 1289 felicitas

1009 1311 1066 1330 non
1081 1303 1132 1330 diu
1149 1304 1284 1331 duravit:
1300 1312 1368 1331 nam
1385 1306 1451 1339 post
1468 1304 1653 1339 imperatoris
1668 1306 1781 1333 obitum
1793 1306 1829 1333 ad

1009 1347 1162 1383 pristinam
1179 1348 1376 1375 conditionem
1394 1350 1438 1376 est
1449 1356 1574 1376 reversa.
1592 1349 1675 1377 Nunc
1691 1350 1727 1377 de
1750 1350 1829 1378 exitu

1008 1391 1195 1428 imperatoris
1210 1395 1255 1420 est
1270 1392 1436 1420 dicendum.
1456 1393 1518 1420 Non
1535 1393 1627 1420 multo
1653 1396 1719 1429 post
1739 1402 1829 1430 quam

1008 1438 1124 1472 sceptro
1152 1436 1263 1471 politus
1291 1439 1380 1471 esset,
1409 1437 1530 1465 morbus
1558 1445 1625 1465 eum
1665 1439 1830 1466 articularis

1009 1482 1080 1508 26]
1101 1481 1218 1515 invasit,
1234 1481 1408 1509 humoribus
1424 1481 1568 1517 principio
1584 1483 1619 1509 ad
1631 1483 1718 1517 pedes
1727 1483 1831 1511 decur-

1009 1525 1151 1558 rentibus,
1170 1528 1200 1552 ut
1216 1533 1310 1561 neque
1340 1529 1427 1558 stare,
1459 1534 1552 1561 neque
1581 1526 1693 1561 ingredi
1722 1529 1832 1562 posset.

1009 1569 1129 1600 Quando
1145 1573 1243 1596 autem
1260 1578 1328 1597 eum
1352 1570 1460 1597 moveri
1484 1578 1602 1598 necesse
1625 1573 1696 1602 erat,
1723 1574 1773 1598 aut
1797 1571 1834 1599 ab

1010 1613 1075 1640 aliis
1091 1613 1230 1641 suﬂ‘ultus
1246 1622 1320 1649 aegre
1335 1614 1566 1650 ingrediebatur,
1582 1619 1634 1642 aut
1649 1616 1833 1651 gestabatur.

1010 1659 1118 1686 Verum
1146 1667 1302 1693 progressu
1328 1659 1480 1694 temporis,
1504 1659 1647 1687 ﬂuxiones
1672 1661 1701 1687 in
1725 1669 1833 1689 manus

1010 1703 1098 1730 etiam
1128 1703 1346 1736 incumbebant,
1380 1703 1484 1730 deinde
1509 1704 1648 1732 humeros
1679 1705 1832 1739 vexabant,

1010 1747 1135 1781 denique
1149 1748 1243 1774 totum
1258 1755 1363 1782 corpus
1379 1747 1556 1775 infestabant
1580 1750 1609 1776 et
1623 1748 1770 1784 laxabant,
1786 1758 1834 1777 ca-

1011 1791 1151 1819 vitatibus
1166 1790 1355 1819 articulorum
1371 1799 1402 1819 se
1417 1791 1612 1820 insinuantes.
1626 1793 1667 1820 Ad
1681 1792 1742 1819 haec
1754 1792 1833 1820 aliud

1012 1836 1137 1863 accessit
1152 1835 1274 1869 malum,
1292 1835 1433 1863 vellicatio
1451 1835 1550 1864 lateris
1566 1845 1599 1864 ex
1615 1836 1758 1870 anhelitu,
1775 1845 1833 1872 qua

1012 1881 1111 1913 ﬁebat,
1127 1883 1159 1908 ut
1170 1888 1221 1907 nec
1232 1880 1294 1916 ipse
1305 1881 1369 1908 vita
1385 1881 1579 1909 diuturnioris
1599 1890 1682 1917 spem
1704 1881 1835 1918 haberet,

1013 1933 1065 1952 nec
1080 1925 1143 1960 ejus
1159 1933 1302 1960 proceres,
1333 1934 1457 1960 quorum
1482 1925 1640 1961 primarius
1666 1929 1727 1954 erat
1753 1926 1833 1963 logo-

128 1968 174 1995 καὶ
203 1967 282 1999 τέλος
309 1966 375 1994 ὅλον
405 1967 477 2003 αὐτῷ
503 1967 535 1994 τὸ
550 1969 629 2003 σῶμα
643 1969 683 2002 τῷ
699 1967 811 2004 ῥεύματι
826 1966 955 1994 κατεκλύ-

1011 1970 1091 1997 theta
1111 1969 1250 2002 Joannes,
1280 1972 1423 1996 castratus
1450 1970 1618 2004 homuncio,
1652 1962 1834 1999 obscuroiet

131 2015 201 2047 ζετο,
217 2012 262 2039 καὶ
291 2014 415 2047 παρεῖτο,
430 2011 474 2039 καὶ
504 2011 675 2048 έξηρθροῢτο,
691 2014 748 2042 τοῖς
771 2014 824 2039 τῶν
850 2010 955 2049 ἄρθρων

130 2056 301 2092 κοιλώμασιν
331 2055 523 2094 ἐγκλειομένου
562 2057 610 2083 τοῦ
649 2055 791 2092 ῥεύματος.
821 2056 954 2092 Ἐκαμνεν

132 2100 178 2128 οὖν
196 2101 267 2128 οὕτω
283 2101 336 2138 πρὸ
354 2102 459 2138 μακροῦ
473 2101 504 2127 τὸ
520 2102 601 2136 σῶμα
623 2102 661 2136 τῷ
687 2100 802 2137 βασιλεῖ.
820 2101 885 2127 Εἴτα
910 2101 955 2128 καί

130 2156 156 2173 τι
185 2144 276 2183 ἓτερον
304 2142 525 2181 ἐπισυμϐεϐηκὸς
551 2145 593 2181 (τὸ
623 2143 648 2172 δ’
674 2145 708 2179 ἦν
747 2144 776 2172 ἐκ
805 2144 957 2181 πνεύματος

130 2191 232 2228 νυγμὸς
261 2190 323 2227 περὶ
356 2190 406 2224 τὴν
444 2189 575 2226 πλευρὰν)
602 2187 826 2226 προσδοκήσιμον
862 2189 957 2226 ἐκείνῳ

130 2235 176 2262 καὶ
202 2237 260 2266 τοῖς
294 2234 368 2270 αὐτῷ
404 2232 683 2270 παραδυναστεύουσιν
720 2232 794 2265 ἔθετο
820 2235 851 2261 τὸ
878 2233 957 2265 τέλος

130 2281 181 2311 τῆς
205 2279 309 2315 βιοτῆς,
326 2279 362 2305 ὧν
386 2279 419 2306 τὰ
441 2281 537 2316 πρῶτα
561 2279 575 2305 ὁ
596 2277 746 2316 λογοθέτης
769 2278 802 2313 ἦν
819 2279 957 2314 Ἰωάννης,

132 2322 331 2358 ἐκτετμημένον
357 2322 510 2361 ἆνδράριον,
532 2323 637 2359 ἄσημον
665 2323 712 2359 μὲν
741 2322 770 2350 ἐκ
794 2323 887 2361 γένους
913 2323 957 2351 καὶ

135 2365 352 2402 δυσ-(ίτέστατον,
389 2367 458 2403 πρὸς
500 2366 529 2394 δὲ
567 2367 736 2404 πραγμάτιον
775 2368 958 2405 μεταχείρισιν

134 2410 311 2448 ἀφυέστατον,
340 2415 535 2448 γραμματικῆς
578 2410 607 2438 δὲ
641 2412 742 2449 τέχνης
771 2414 883 2439 τοσοῦτο
910 2423 958 2449 με·

133 2454 281 2492 τεσχηκὸς,
312 2454 380 2482 ὥστε
410 2457 472 2491 μήτ’
498 2456 638 2493 ὀρθοεπεῖν
668 2454 788 2494 ἀκριϐῶς
814 2456 959 2491 ἀττικίζον,

137 2500 202 2536 μήτ’
226 2498 377 2530 ἀπττίστως
413 2500 601 2539 ὀρθογραφεῖν.
628 2502 686 2540 Ἐφ’
715 2500 737 2537 ᾦ
766 2500 800 2536 δὴ
829 2502 878 2536 τὴν
906 2503 960 2529 τῶν

1009 2013 1225 2050 ignobilissimo
1240 2021 1344 2049 genere
1369 2016 1461 2048 ortus,
1491 2017 1520 2042 et
1550 2015 1585 2041 ad
1615 2023 1661 2042 res
1690 2016 1834 2051 gerendas

1009 2058 1225 2094 ineptissimus,
1242 2058 1442 2094 grammaticae
1463 2059 1534 2086 artis
1558 2059 1629 2086 adeo
1654 2059 1778 2094 peritus,
1803 2062 1836 2087 ut

1011 2102 1040 2129 in
1057 2102 1238 2130 affectatione
1252 2102 1408 2134 Alticismi,
1426 2110 1520 2138 neque
1537 2105 1613 2130 recte
1629 2102 1720 2138 quui,
1741 2111 1836 2138 neque

1011 2146 1084 2174 citra
1098 2154 1225 2174 errorem
1243 2146 1373 2174 scribere
1389 2149 1498 2182 posset.
1516 2146 1547 2174 Ei
1564 2155 1712 2174 summam
1738 2155 1836 2175 rerum

1011 2190 1171 2227 imperator
1186 2190 1354 2218 commisit:
1372 2191 1508 2218 eumdem
1527 2190 1689 2226 principem
1716 2193 1837 2219 senatus

1012 2235 1184 2271 designavit.
1207 2235 1281 2263 Nam
1313 2235 1394 2271 prius
1424 2235 1592 2270 reipublicae
1619 2235 1836 2263 administratio

1012 2289 1099 2316 penes
1114 2280 1220 2316 virum,
1236 2279 1304 2307 huic
1319 2279 1440 2308 omnino
1454 2282 1482 2307 et
1496 2288 1601 2315 genere
1617 2282 1645 2307 et
1661 2280 1796 2308 facundia
1808 2282 1837 2308 et

1013 2324 1135 2353 scientia
1151 2325 1283 2361 regenda:
1298 2324 1424 2352 civitatis
1446 2323 1622 2352 dissimilem
1653 2324 1763 2352 fuerat:
1786 2325 1839 2360 qui

1013 2377 1080 2397 cum
1096 2370 1255 2405 imperator
1275 2369 1384 2405 aliquid
1412 2377 1497 2397 secus
1520 2377 1607 2404 quam
1638 2369 1837 2404 conveniebat,

1010 2414 1137 2449 juberet,
1154 2422 1211 2441 non
1228 2414 1326 2441 statim
1344 2414 1378 2441 ad
1397 2413 1578 2441 voluntatem
1595 2413 1659 2448 ejus
1681 2414 1840 2450 propende-

1013 2459 1075 2491 bat,
1087 2459 1138 2485 sed
1168 2458 1371 2494 refragabatur
1399 2460 1427 2485 et
1458 2457 1631 2485 deterrebat.
1661 2457 1741 2489 Quod
1772 2466 1839 2486 cum

1015 2503 1124 2539 saepius
1140 2503 1232 2537 ﬁeret,
1249 2502 1298 2530 ille
1314 2502 1441 2538 graviter
1455 2504 1482 2530 et
1503 2502 1604 2538 iniquo
1629 2501 1727 2530 animo
1750 2501 1840 2530 liber-

776 2596 879 2627 Variae
893 2582 1044 2627 lectiones
1059 2598 1091 2627 et
1106 2598 1200 2627 notae.

173 2683 230 2721 (41)
244 2683 297 2721 Τῆς
313 2681 342 2710 δὲ
358 2681 501 2721 βασιλίδος
524 2685 611 2721 Ζῳῆς.
637 2685 753 2712 Annum
774 2685 872 2713 obitus
891 2686 962 2714 Zoes

137 2720 249 2747 indicat
264 2720 364 2755 Lupus
379 2720 609 2757 Prostospatba:
637 2722 687 2748 An.
715 2721 793 2754 1050,
819 2721 916 2749 indici.
933 2723 961 2757 3,

139 2757 348 2791 obiitZoezmp.
378 2764 455 2784 soror
482 2756 638 2788 Theodore,
666 2765 727 2792 quae
751 2758 866 2792 fuerunt
893 2758 963 2792 ﬁliae

138 2792 314 2820 Constantini
328 2793 396 2824 imp.
413 2792 464 2819 Zoe
477 2792 553 2819 enim
567 2792 662 2819 habuit
676 2793 750 2820 viros
764 2797 830 2825 ινεε,
839 2794 963 2828 primum

138 2829 300 2862 Romanum,
315 2828 466 2856 secundum
494 2828 667 2862 Michaelem,
692 2829 804 2856 tertium
828 2831 962 2858 Conslan-

1016 2687 1107 2714 tz'num
1123 2687 1331 2714 Monomachum
1351 2686 1480 2721 Regnavit
1501 2694 1565 2714 cum
1589 2686 1632 2714 his
1657 2686 1746 2713 tribus
1771 2684 1840 2712 viris

1016 2725 1141 2755 (17111.22,
1156 2724 1216 2758 post
1235 2727 1351 2749 mortem
1380 2729 1442 2749 vero
1469 2723 1608 2757 praedicta
1631 2721 1842 2758 Zoesrregnavit

1018 2759 1074 2794 ipse
1104 2757 1297 2786 Constantinus
1333 2759 1481 2793 imperator
1520 2767 1584 2786 cum
1619 2757 1759 2785 Theodoro
1789 2764 1839 2784 sua

1017 2797 1131 2830 cognata
1136 2795 1198 2829 jam
1212 2801 1307 2821 novem
1322 2794 1415 2822 annis.
