1977 3154
156 148 217 178 235
828 145 993 178 JOANNIS
1017 145 1191 175 ZONARE
1808 149 1868 179 236

154 214 197 242 Ea
212 221 258 242 res
273 212 399 242 militum
416 213 530 242 animos
551 214 668 250 dejecit,
683 215 734 250 qui
761 213 931 242 Michaelem
947 212 977 239 in

1068 209 1186 246 νόμενον,
1210 209 1254 237 καὶ
1283 209 1435 246 έπέλπηξεν
1461 210 1641 250 ἲταμώτερον,
1662 212 1709 240 καὶ
1738 212 1870 242 όνιιδισιν

157 258 231 286 alios
247 258 500 293 liberalissimum,
517 267 548 287 se
572 267 606 286 ne
623 259 778 287 verborum
796 259 916 294 quidem
936 259 987 284 Be-

1068 252 1135 290 ἰαλε,
1162 254 1206 282 καὶ
1234 253 1292 282 οὐδ’
1310 253 1432 293 ἐφείσατο
1458 253 1562 294 ὕϐρεων
1578 278 1585 286 ,
1613 255 1701 284 Ἀλλὰ
1738 259 1783 285 καὶ
1818 254 1875 286 τῶν

159 303 302 339 nignitate
316 302 431 338 dignari
460 303 610 331 viderent:
637 311 731 338 neque
757 306 854 330 tamen
884 302 920 328 ad
943 309 987 328 res

1068 298 1137 327 κλων
1162 298 1361 336 λαμπροτάτων
1387 299 1503 337 ἀνδρῶν,
1527 300 1572 328 καὶ
1593 303 1872 340 συνταγματαρχούν-

161 348 311 376 novandas
325 347 463 375 concitati
479 349 557 381 sunt,
575 347 748 383 priusquam
766 347 861 374 denuo
874 345 987 382 pericu-

1068 354 1096 370 uv
1122 343 1234 380 ἐκείνῳ,
1259 343 1550 381 ὑπεραπολογήσασθαι
1573 348 1621 373 τοῦ
1644 345 1740 383 ἀνδρὸς
1772 347 1872 385 ὡρμη-

163 392 225 420 lum
241 392 306 427 ejus
319 391 466 419 fecissent.
492 392 546 419 Sed
567 394 726 428 antequam
749 392 784 420 ad
810 391 927 419 illorum
944 398 987 418 se-

1068 388 1142 423 itwv,
1160 387 1217 415 οὐδ’
1232 387 1274 415 ἐπ’
1289 388 1408 420 ἐκείνους
1421 392 1471 424 τῆς
1494 388 1619 427 γλώττης
1647 390 1784 429 ἐφείσατο,
1811 390 1874 419 οὕτε

163 437 305 465 ditionem
334 435 460 469 veniam,
490 435 565 464 alius
595 439 692 464 motus
716 438 760 464 est
788 435 987 471 exponendus.

1068 434 1099 468 ἠν
1117 433 1197 460 αὐτὸν
1221 431 1323 470 ᾐδέσθη
1352 433 1397 460 τὸν
1422 434 1573 470 Κομνηνόν.
1597 437 1686 463 Ταῦτα
1710 435 1774 467 τοὺς
1790 446 1874 474 στρα-

163 480 348 509 Constantiui
364 480 546 508 Menemachi
560 480 710 516 patruelis.
725 479 908 508 Theodosius
919 487 987 515 pras-

1073 477 1143 508 ώτας
1169 476 1209 508 εἲς
1232 477 1346 514 ἀθυμίαν
1373 475 1494 514 ἐνέϐαλε,
1518 481 1577 509 τοῖς
1606 479 1653 515 μὶν
1667 479 1767 511 ἄλλοις
1788 480 1875 519 φιλο-

163 533 221 559 ses,
237 524 385 552 Michaelis
407 525 640 561 designationem
665 533 737 560 aegre
764 525 871 557 ferens,
888 523 987 551 statim

1074 521 1189 558 μότατον
1216 522 1336 560 ὁρῶντας
1363 522 1409 550 τὸν
1438 522 1578 561 Μιχαὴλ,
1607 524 1714 556 ἑαυτοῖς
1744 524 1774 552 δὶ
1805 525 1874 562 μηδ’

163 569 307 597 ministris
320 569 382 597 suis
398 569 571 605 assumptis,
587 572 616 597 et
639 569 788 597 nonnullis
808 568 873 596 aliis
889 568 987 596 eadem

1068 578 1070 588 ι
1097 565 1192 604 λόγοις
1228 567 1259 594 τὸ
1288 566 1397 603 εὖμενὶς
1426 566 1640 604 ἐνδεικνύμενον,
1669 569 1747 605 ὅμως
1780 569 1875 606 μέντοι

162 613 253 642 animi
269 614 385 642 levitate
403 613 605 642 laborantibus
628 614 739 648 sscitis,
766 612 938 650 crepusculo
954 612 987 640 iis

1068 610 1160 648 τέσχον
1191 609 1274 646 μηδὲν
1302 621 1329 638 τι
1356 611 1535 648 νεωτερίσαι,
1563 611 1637 640 ἀλλὰ
1660 613 1706 640 καὶ
1746 612 1876 650 δευτέραν

162 658 340 688 satellitibus
355 658 568 691 circumdatus,
581 667 632 695 per
648 659 778 686 medium
792 659 886 686 forum
900 658 987 685 inces-

1068 657 1140 693 εῖραν
1157 655 1301 692 ἐπαγαγεῖν
1317 652 1523 684 ἐϐουλεύσαντο.
1551 657 1687 694 Προτέραν
1711 656 1735 685 δ’
1755 658 1770 685 ὁ
1787 657 1874 696 λόγος

162 704 209 738 sit,
226 703 381 738 imperium
408 704 444 730 ob
470 703 655 731 Monomachi
680 703 884 739 cognationem
909 702 943 729 ad
961 710 987 729 se

1068 700 1136 737 πέραν
1163 700 1231 727 κατὰ
1254 702 1302 727 τοῦ
1327 699 1459 737 βασιλίως
1491 699 1667 738 διηγησάσθω
1696 704 1742 729 νῦν
1774 702 1876 730 ἐπανέ-

162 747 309 784 psrtiuere
325 748 436 782 dicens,
460 750 548 782 atque
572 747 711 783 injuriam
734 747 790 775 sibi
813 747 874 774 fieri
891 746 992 774 clami-

161 794 240 820 tans.
258 792 329 820 Cum
346 800 413 819 vero
428 793 463 819 ad
481 792 631 828 publicum
648 800 806 824 carcerem,
824 791 901 827 quod
918 791 992 818 Prsa-

163 836 272 864 torium
289 836 367 864 204
383 835 499 871 dicitur,
521 836 658 872 venisset,
679 835 816 864 claustris
833 835 992 871 perruptis,

164 881 275 909 exitum
292 880 401 908 clausis
418 880 564 916 patefacit.
582 881 661 908 Idem
677 881 706 908 in
717 889 751 908 ea
767 888 884 916 quoque
898 882 992 907 custo-

164 924 214 954 dia
226 925 305 960 fecit,
322 933 385 961 quae
401 925 437 952 ad
453 925 579 953 Chalcen
595 927 652 960 est,
662 933 764 952 eorum
781 933 868 960 opera
890 932 920 952 se
935 923 992 951 voti

163 971 210 999 sui
227 971 287 998 fore
302 972 468 1006 compotem
493 979 626 1006 sperans.
651 970 760 998 Verum
787 970 836 997 ubi
859 969 994 1006 cognovit

163 1015 304 1043 militares
320 1015 420 1049 copias
446 1015 524 1043 circa
548 1015 657 1052 regiam
687 1017 790 1043 contra
810 1023 841 1042 se
856 1013 992 1042 collectas

160 1060 284 1096 jamjam
301 1060 399 1093 affore,
421 1059 457 1087 ad
473 1059 610 1096 Magnam
627 1059 779 1087 ecclesiam
803 1058 991 1093 convertitur,

162 1112 196 1132 ex
210 1112 303 1140 eaque
317 1103 398 1132 solus
413 1112 479 1131 cum
503 1104 564 1132 filio
589 1104 719 1136 relictus,
744 1103 914 1140 gregalibus
930 1103 993 1131 suis

162 1147 296 1184 dilapsis,
310 1148 456 1181 educitur,
472 1150 501 1176 et
517 1148 674 1184 relegatur.
692 1150 751 1176 Hoc
775 1149 879 1176 eventu
904 1155 992 1175 cona-

163 1194 225 1220 tum
250 1193 315 1228 ejus
341 1194 509 1227 cousecuto,
531 1192 633 1228 plebes
662 1192 820 1220 multitudo
844 1200 895 1227 per
918 1191 993 1218 ludi-

163 1236 263 1264 brium
278 1237 353 1264 hauc
369 1237 546 1264 cantilenam
562 1236 590 1264 iu
607 1245 674 1264 eum
691 1236 814 1264 cecinit:

246 1295 352 1324 Factus
367 1294 577 1329 Monomachus,
593 1294 667 1330 quod
680 1294 822 1330 cogitavit,
839 1294 902 1329 egit.

1046 754 1150 779 υτασιν,
1179 743 1224 771 καὶ
1260 743 1332 771 οὕτω
1367 745 1436 782 πρὸς
1464 745 1513 779 τήν
1541 744 1595 773 τῶν
1635 745 1740 785 ἀνδρῶν
1770 747 1877 775 τούτων

1046 787 1249 819 ἐπανελεύσεται
1267 809 1274 816 .
1303 789 1333 817 Ὁ
1361 790 1412 827 γὰρ
1440 791 1489 816 τοῦ
1520 789 1654 827 βασιλέως
1684 792 1876 831 Κωσταντίνου

1046 835 1094 860 τοῦ
1123 833 1294 871 Μονομάχου
1322 832 1479 872 ἐξάδελφος,
1509 834 1524 861 ὁ
1553 833 1685 873 πρόεδρος
1715 835 1876 872 Θεοδόσιος,

1048 878 1107 915 ἄρτι
1135 880 1183 905 τοῦ
1199 878 1316 915 Μιχαὴλ
1342 878 1550 916 ἀναρρηθέντος,
1575 878 1602 907 ὶν
1625 879 1705 917 δεινῷ
1719 881 1877 918 ποιησάμε-

1048 932 1089 949 νοι
1105 922 1154 956 τὴν
1170 921 1274 949 ἐκείνου
1301 922 1459 960 ἆνάρρησιν,
1479 923 1544 954 τοὺς
1568 923 1686 955 οἴκείους
1708 926 1875 962 θεράποντας

1048 964 1284 1004 προσλαϐόμενος,
1308 967 1353 994 καί
1382 977 1457 996 τινας
1486 967 1589 1000 ἄλλους
1617 968 1675 996 ὅσοι
1691 970 1751 997 κατ’
1773 970 1873 998 ἐκεῖνον

1048 1011 1175 1049 ἐλαφρίαν
1206 1010 1313 1039 ἐνόσουν
1343 1013 1465 1050 φρενῶν,
1495 1012 1556 1050 περὶ
1586 1011 1680 1048 δείλην
1717 1013 1798 1051 ὀψίαν
1828 1013 1871 1042 διὰ

1046 1059 1095 1090 τῆς
1124 1055 1226 1093 ἀγορᾶς
1253 1055 1346 1090 άπήει,
1370 1054 1479 1094 τούροις
1505 1054 1757 1095 δορυφορούμενος,
1787 1059 1873 1095 ἑαυτῷ

1047 1101 1195 1137 προσήκειν
1209 1100 1240 1127 τὸ
1252 1100 1351 1137 κράτος
1375 1099 1474 1138 λέγων,
1500 1099 1543 1128 διὰ
1557 1102 1607 1136 τὴν
1632 1102 1702 1140 πρὸς
1713 1103 1761 1130 τὸν
1782 1104 1874 1132 Μονο-

1049 1145 1138 1182 μάχον
1177 1144 1328 1181 συγγένειαν
1346 1167 1353 1180 ,
1387 1144 1431 1172 καὶ
1472 1143 1620 1177 ἀδικεῖσθαι
1659 1144 1850 1184 ἐπιϐοώμενος
1867 1169 1874 1176 .

1047 1188 1194 1225 Γενόμενος
1212 1187 1240 1216 δὶ
1254 1189 1321 1216 κατὰ
1344 1189 1393 1223 τὴν
1415 1187 1549 1225 δημοσίαν
1570 1190 1689 1228 εἱρκτὴν,
1708 1191 1727 1226 ἢ
1747 1193 1874 1229 Ηραιτώ-

1046 1243 1105 1270 ριον
1132 1233 1187 1269 (48)
1213 1232 1356 1268 κέκληται,
1381 1233 1416 1260 τὰ
1439 1232 1551 1271 κλεῖθρα
1576 1232 1734 1273 διαρρήξας,
1759 1239 1819 1267 τοῖς
1847 1236 1872 1264 ἐν

1046 1277 1116 1312 αὐτῇ
1138 1276 1343 1315 καθειργμένοις
1368 1276 1460 1305 ἄνετον
1481 1278 1603 1316 παρέσχε
1629 1279 1679 1314 τήν
1710 1279 1816 1316 ἔξοδον,
1839 1282 1875 1309 Τὸ

1047 1320 1069 1349 δ’
1085 1321 1151 1364 αὐτὸ
1179 1322 1225 1349 καὶ
1253 1321 1279 1349 ἐν
1308 1324 1342 1359 τῇ
1369 1325 1420 1357 τῆς
1449 1321 1561 1357 Χαλκῆς
1584 1323 1725 1361 εἰργάσατο
1751 1325 1873 1364 φυλακῇ,

167 1366 281 1400 ἐλπίσας
296 1367 341 1395 διὰ
351 1367 455 1396 τούτων
470 1369 519 1395 τοῦ
535 1367 603 1394 κατά
618 1367 718 1395 σκοπὸν
738 1366 934 1403 ἐπιτιύξασθαι.
950 1367 995 1397 Ὧς
1024 1364 1048 1393 δ’
1075 1362 1158 1402 ἔμαθε
1182 1367 1378 1404 στρατιωτικὴν
1399 1366 1568 1404 ἀθροίζεσθαι
1596 1368 1657 1405 περὶ
1683 1369 1719 1395 τὰ
1749 1362 1875 1407 βασίλεια

166 1411 291 1450 δύναμιν,
308 1411 467 1444 στέλλεσθαι
483 1413 542 1439 κατ’
556 1412 648 1447 αὐτοῦ,
663 1412 732 1450 πρὸς
747 1413 795 1447 τὴν
812 1411 943 1449 Μεγάλην
958 1410 1084 1450 τρέπεται
1100 1409 1258 1446 ἆκκλησίαν,
1271 1410 1316 1438 καὶ
1334 1411 1415 1447 μόνος
1432 1410 1478 1438 σὺν
1493 1413 1533 1447 τῷ
1548 1411 1599 1448 υἱῷ
1611 1411 1805 1452 περιληφθεὶς,
1819 1417 1873 1441 τῶν

165 1456 306 1493 ἑπομένων
323 1456 396 1492 αὐτῷ
411 1454 656 1483 διασκεδασθέντων
671 1456 790 1493 ἐξάγεται
805 1459 855 1490 τῆς
869 1453 1024 1490 ἐκκλησίας,
1040 1454 1085 1481 καὶ
1103 1453 1247 1492 ὑπερορίαν
1263 1453 1479 1490 καταδικάζεται.
1509 1455 1556 1487 Εἷς
1581 1458 1661 1484 τοῦτο
1677 1455 1706 1484 δὲ
1730 1457 1811 1489 τέλος
1824 1460 1872 1486 τοῦ

162 1501 380 1540 ἐπιχειρήματος
397 1501 471 1538 αὐτῷ
485 1501 711 1536 καταντήσαντος,
725 1500 739 1528 ὁ
756 1499 889 1537 δημώδης
900 1498 986 1537 ὄχλος
1002 1498 1181 1537 ἐπιγελῶντες
1196 1498 1282 1535 αὐτῷ,
1298 1499 1409 1538 ῥήματά
1428 1510 1487 1527 τινα
1503 1500 1650 1536 συνθέντες,
1665 1500 1768 1538 ἐπῇδον
1786 1503 1870 1539 αὐτῷ·

160 1545 194 1574 τὰ
210 1544 233 1573 δ’
248 1545 329 1581 ἦσαν.

659 1599 689 1628 Ὁ
711 1598 803 1638 μωρὸς
818 1599 832 1627 ὁ
844 1598 1026 1636 Μονομάχος,
1043 1596 1070 1625 εἴ
1081 1608 1106 1625 τι
1121 1596 1238 1636 ἐφρόνει,
1254 1595 1376 1632 ἐποίησε.

162 1674 218 1701 Res
233 1674 352 1709 quidem
367 1674 408 1702 ita
423 1682 454 1702 se
469 1674 644 1703 habuerunt.

199 1717 233 1744 ΙΙ.
260 1717 402 1745 Caeterum
433 1718 594 1747 Orientales
618 1720 708 1747 duces
736 1718 853 1755 injuriis
882 1719 987 1753 affecti,

164 1761 260 1789 denuo
283 1762 431 1789 fortunam
457 1763 662 1798 periclitaturi,
688 1765 811 1791 Leonem
836 1765 988 1798 protosyn-

163 1806 269 1834 cellum
285 1805 452 1834 communia
467 1807 583 1842 negotia
598 1810 803 1842 procurantem
820 1807 939 1841 adeunt,
954 1814 988 1834 eo

164 1850 358 1878 intercessore
371 1850 577 1886 imperatorem
594 1851 751 1886 precaturi,
767 1858 803 1878 ne
827 1850 881 1878 soli
897 1850 987 1885 negli-

164 1896 313 1930 gerentur,
327 1902 393 1921 cum
411 1893 505 1921 caeteri
520 1902 622 1921 omnes
639 1893 823 1922 liberalitatis
847 1895 911 1930 ejus
926 1895 986 1922 fru-

162 1941 243 1966 ctum
257 1937 384 1974 aliquem
402 1939 618 1974 percepissent;
635 1938 701 1966 aliis
717 1939 877 1974 praesertim
894 1939 987 1967 suavi-

159 1984 206 2010 ter
219 1983 395 2016 viventibus,
411 1991 441 2010 se
465 1990 531 2010 vero
556 1983 584 2010 in
610 1983 671 2011 acie
701 1984 860 2018 stantibus,
884 1980 987 2012 Rema-

160 2034 292 2063 numque
311 2027 468 2063 imperium
486 2028 752 2064 propugnantibus.
768 2029 804 2056 At
828 2028 877 2056 ille
893 2028 984 2057 nihilo

157 2071 305 2099 dexterior
321 2071 507 2107 imperatore,
519 2071 554 2099 ad
566 2073 733 2100 tractandos
747 2072 824 2100 viros
840 2073 982 2108 dolentes,

156 2118 185 2144 et
198 2118 345 2144 tumorem
362 2124 395 2144 ex
406 2115 505 2144 dolore
516 2118 612 2144 ortum
630 2117 858 2152 reprimendum,
875 2118 984 2154 asperi-

154 2162 243 2188 tatem
261 2168 362 2188 eorum
385 2161 457 2188 adeo
473 2168 531 2188 non
561 2160 653 2194 leniit,
684 2163 716 2189 ut
740 2161 829 2190 etiam
857 2162 981 2196 auxerit,

153 2205 337 2241 singulorum
353 2204 491 2232 virtutem
508 2205 658 2240 elevando,
675 2208 703 2233 et
726 2215 829 2234 omnes
850 2207 913 2234 sine
928 2207 980 2234 ho-

153 2257 223 2277 nore
240 2249 428 2277 dimittendo.
443 2249 500 2276 Hac
517 2250 646 2277 secunda
657 2250 775 2286 repulsa
791 2251 908 2284 irritati,
922 2259 979 2279 non

151 2294 262 2322 diutius
277 2294 333 2322 sibi
347 2293 545 2321 cunctandum
562 2302 627 2321 esse
637 2296 879 2328 ceusuerunl,sed
898 2295 979 2331 quis-

151 2347 207 2374 que
223 2339 386 2373 proximum
404 2338 584 2371 cohortatus,
601 2338 699 2366 animo
716 2341 889 2375 conceptum
906 2340 976 2367 faci-

149 2390 206 2409 nus
221 2383 257 2409 ad
272 2383 381 2410 exitum
402 2383 559 2418 perducere
575 2383 775 2410 decreverunt.
804 2384 906 2411 Visum
923 2394 973 2412 au-

147 2428 207 2453 tem
223 2426 265 2453 eis
294 2429 339 2454 est
368 2427 522 2462 Bryenium
552 2435 668 2462 quoque
696 2428 792 2455 virum
817 2428 973 2465 illustrem,

147 2469 401 2497 Macedonicarum
417 2471 567 2506 copiarum
595 2472 710 2507 ducem,
735 2474 763 2499 et
785 2473 973 2509 Cappadocia:

145 2513 316 2550 praefectum
332 2514 361 2540 in
380 2514 534 2543 consilium
549 2517 577 2543 et
592 2515 735 2543 auxilium
757 2517 906 2549 adhibere,
923 2518 973 2553 qui

143 2565 249 2585 causas
264 2560 292 2585 et
305 2557 368 2593 ipse
378 2558 538 2586 simultatis
549 2561 652 2588 contra
663 2560 872 2596 imperatorem
887 2561 974 2591 habe-

997 1674 1019 1708 ο
1038 1672 1088 1700 Καὶ
1102 1672 1185 1699 ταῦτα
1196 1672 1243 1708 μὶν
1256 1669 1336 1709 ἔσχον
1352 1670 1450 1703 οὕτως.

1081 1717 1118 1745 B'.
1139 1715 1211 1745 018’
1237 1715 1481 1753 έμπαροινηθέντες
1505 1719 1558 1744 τῶν
1588 1717 1682 1754 Ἑῲων
1712 1719 1868 1758 ἀρχόντων,

1041 1761 1086 1788 καὶ
1120 1759 1195 1791 αὖθις
1218 1763 1312 1798 πεῖραν
1338 1761 1517 1799 προσάγουσι,
1540 1762 1585 1789 καὶ
1612 1762 1738 1799 προσίασι
1767 1766 1807 1799 τῷ
1835 1765 1868 1792 τὰ

1041 1804 1120 1832 κοινᾶ
1148 1803 1297 1832 διοικοῦντι
1325 1807 1364 1841 τῷ
1392 1805 1632 1844 πρωτοτυγκὲλλῳ
1661 1808 1718 1844 (49)
1745 1808 1842 1837 Λέοντι
1859 1833 1866 1845 ,

1040 1849 1086 1876 καὶ
1101 1849 1227 1877 ἱκετεύειν
1243 1848 1277 1877 δι’
1301 1849 1403 1877 έκείνου
1428 1850 1587 1888 ἐπεχείρουν
1611 1851 1656 1878 τὸν
1685 1852 1809 1889 βασιλέα,
1827 1855 1864 1890 μὴ

1042 1894 1122 1930 μόνοι
1146 1894 1224 1921 αὐτοὶ
1245 1893 1457 1933 καταλειφθῆναι
1484 1894 1628 1933 ἀγέραστοι
1645 1919 1652 1932 ,
1677 1897 1787 1925 πάντων
1817 1898 1864 1926 τοῦ

1040 1937 1189 1977 φιλοτίμου
1215 1939 1477 1967 καταπολαυσάντων
1506 1942 1555 1967 τοῦ
1582 1939 1795 1980 αὐτοκράτορος,
1821 1943 1864 1970 καὶ

1038 1985 1122 2010 ταῦτα
1148 1985 1202 2010 τῶν
1241 1982 1334 2010 ἄλλων
1373 1983 1558 2011 εὐπαθούντων
1578 2005 1585 2018 ,
1612 1984 1689 2012 αὐτοὶ
1718 1986 1764 2014 καὶ
1801 1989 1864 2026 παρ’

1039 2026 1139 2055 ἀσπίδα
1154 2027 1302 2064 ἱστάμενοι,
1317 2027 1362 2054 καὶ
1387 2027 1625 2065 προπολεμοῦντες
1653 2033 1705 2065 τῆς
1719 2031 1863 2068 Ῥωμαίων

1037 2072 1138 2111 ἀρχῆς.
1154 2075 1183 2101 Ὁ
1205 2071 1233 2100 Si
1255 2071 1333 2100 οὐδὲν
1358 2072 1443 2106 ἦττον
1471 2072 1519 2100 τοῦ
1549 2073 1685 2111 βασιλέως
1706 2074 1811 2111 ἀδέξιος
1827 2077 1862 2104 ὢν

1039 2117 1274 2156 μεταχειρίσασθαι
1318 2116 1504 2154 λυπουμένους
1541 2116 1660 2156 ἄνδρας,
1697 2120 1742 2147 καί
1781 2131 1861 2149 κατα-

1036 2161 1140 2190 στεῖλαι
1164 2161 1196 2190 τὸ
1221 2160 1251 2189 bc
1273 2164 1322 2196 τῆς
1346 2161 1436 2197 λύπης
1457 2162 1550 2194 αὐτοῖς
1574 2163 1721 2200 γενόμενον
1746 2163 1859 2202 οἷ’δημα,

1036 2205 1066 2233 οὐ
1099 2206 1178 2243 μόνον
1210 2206 1260 2233 οὐκ
1290 2205 1397 2233 ἑλέανιν
1426 2205 1453 2233 έν
1481 2206 1577 2244 λόγοις
1606 2209 1662 2235 τῶν
1691 2207 1797 2246 ἀνδρῶν
1810 2211 1858 2244 τὴν

1033 2251 1202 2288 τραχύτητα,
1232 2249 1305 2277 ἀλλὰ
1331 2249 1374 2277 καὶ
1410 2250 1518 2287 μᾶλλον
1546 2251 1646 2283 αὐτοὺς
1674 2252 1858 2292 ἰεενράχυνεν,

1034 2294 1197 2334 ἐκφαυλίσας
1221 2293 1344 2328 ἕκαστον,
1368 2295 1413 2322 καὶ
1442 2295 1547 2332 ἀτίμως
1575 2297 1676 2328 πάντας
1699 2297 1858 2336 ἀποπεμψά-

1034 2349 1138 2375 μενος.
1173 2338 1266 2370 Οὕτως
1297 2337 1341 2366 οὖν
1378 2339 1423 2366 καὶ
1451 2343 1501 2374 τῆς
1532 2338 1657 2378 δευτέρας
1685 2343 1855 2378 πειραθέντες

1029 2383 1135 2421 πείρας,
1162 2383 1249 2411 οὐκέτι
1281 2382 1391 2420 μέλλειν
1420 2383 1548 2422 ἔκριναν,
1577 2385 1642 2413 ἀλλ’
1670 2385 1782 2418 ἕκαστος
1811 2388 1853 2415 τὸν

1028 2427 1148 2464 πλησίον
1177 2429 1456 2466 παρακροτήσαντες,
1485 2427 1613 2457 ἔσπευδον
1653 2430 1692 2463 εἷς
1716 2434 1852 2469 προῦπτον

1029 2472 1142 2512 ἐκφῆναι
1169 2473 1200 2500 τὸ
1232 2472 1441 2510 μελετώμενον.
1470 2472 1580 2509 Ἔδοξεν
1609 2473 1654 2502 οὖν
1688 2475 1781 2507 αὐτοῖς
1810 2477 1852 2504 καὶ

1027 2517 1073 2545 τὸν
1103 2518 1230 2555 Βρυένιον
1259 2520 1334 2555 σχεῖν
1360 2517 1503 2555 συνίστορα
1530 2517 1782 2559 καὶ-συλλήπτορα
1807 2523 1852 2548 τοῦ

1028 2561 1256 2600 ἐπιχειρήματος,
1285 2559 1349 2589 ὅντα
1377 2572 1406 2589 τι
1431 2565 1485 2590 τῶν
1516 2562 1667 2602 ἐπιφανῶν,
1697 2565 1743 2592 καὶ
1774 2575 1851 2603 στρα-

782 2635 884 2665 Variaa
895 2635 1044 2666 lectiones
1060 2638 1090 2666 et
1105 2639 1200 2666 notae.

176 2700 232 2736 (48)
246 2735 249 2736 ν
270 2697 454 2736 ΙΙραιτώριο-θ,
468 2734 477 2736 _
492 2699 532 2727 De

138 2734 262 2772 prietorii
271 2734 396 2774 egimus
412 2735 441 2762 in
460 2734 708 2774 qustqﬁtinopoli,
729 2738 779 2766 lib.
797 2747 827 2774 Il,
851 2743 921 2768 sect.
938 2741 965 2774 9,

137 2771 169 2804 ii,
184 2774 211 2806 6,
228 2772 336 2808 quibus
351 2772 413 2799 haec
438 2771 608 2808 addiAvelim
631 2771 665 2801 ex
692 2774 760 2802 Vita
774 2771 830 2803 ms'.
856 2776 885 2804 S.
902 2771 965 2804 Sta;

135 2807 226 2844 phani
238 2807 377 2844 ’junioris
400 2817 407 2837 :

569 2702 703 2736 praetorio
741 2704 769 2730 et
802 2704 967 2732 carceribus

569 2738 708 2768 τιίίηονοιὶ,
729 2738 779 2766 lib.
797 2747 827 2768 Il.
851 2743 921 2768 sect.
938 2741 965 2768 9.

1068 2704 1134 2768 ἰ»τηῖ
1155 2703 1246 2740 πύλην
1274 2706 1323 2732 τοῦ
1348 2705 1425 2742 ἁγίου
1458 2705 1704 2744 μεγαλομάρτύρος
1731 2707 1822 2735 Θεοδώ
1837 2723 1848 2729 -

1068 2752 1082 2768 ι.
1100 2749 1115 2768 e
1131 2749 1155 2768 ο.

1022 2749 1082 2776 pou,
1100 2749 1155 2768 etc.

1055 2776 1112 2817 (39)
1139 2775 1400 2817 Πρωτρσύγκελλος.
1430 2778 1523 2811 Quem
1553 2787 1643 2815 supra
1670 2780 1751 2808 nuds
1780 2779 1844 2817 σύγ-

436 2807 481 2838 Ὡς
511 2804 541 2834 δὶ
568 2806 631 2843 ἐξίει
661 2810 810 2847 συρόμενος
837 2810 875 2843 εἷς
912 2811 962 2846 τήν
1018 2804 1118 2840 κιλλον
1132 2804 1298 2849 appellavit.

1958 1626 1977 1754 γ

1965 2048 1972 2190 !

1964 2195 1975 2325 ὶ
