1977 3154
84 159 142 190 337

713 158 923 191 ANNALIUM
944 159 1019 190 LIB.
1040 160 1150 192 XVIII.

1726 167 1789 199 238

81 235 205 263 τηγουντε
229 226 286 253 τῶν
311 224 341 252 ἐκ
354 224 527 257 Μακεδονίας
542 224 693 263 δυνάμεων,
708 226 753 254 καὶ
780 227 832 261 τήν
852 237 861 253 ιι

1007 248 1015 255 .
1032 227 1086 261 Qui
1101 236 1169 256 cum
1184 236 1304 264 operam
1320 230 1515 267 promisisset,
1532 231 1562 259 in
1575 232 1786 262 deliberatione

84 268 273 301 Καππαδοκίας
295 270 514 307 περιεζωσμένον
540 270 641 309 ἀρχὴν,
668 270 759 306 λύπης
781 271 805 299 τ’
820 270 908 309 αἰτίας

85 314 203 342 κάκεῖνον
234 313 373 352 ἐσχηκότα
401 315 469 342 κατὰ
496 307 788 353 τοῦήαύτοκράτορος.
817 316 862 347 Ὠς
886 307 910 343 δ¹

84 358 125 386 οὖν
147 358 275 386 κάκεῖνον
296 357 407 396 ἕτοιμον
431 360 508 398 εὗρον
538 360 607 397 πρὸς
634 360 666 388 τὸ
689 360 815 399 σφέτερον
847 360 909 397 βού-

84 403 186 440 λευμα,
216 403 330 439 ἐζήτουν
363 403 409 432 τὸν
440 403 467 439 ἐξ
497 404 585 432 αὐτῶν
624 404 829 443 βασιλεύσοντα,
864 404 908 432 καὶ

84 451 157 476 πᾶσιν
184 449 199 476 ὁ
223 449 367 485 Κομνηνὸς
400 449 524 477 ἁπάντων
559 450 751 486 προύκέκριτο.
778 450 853 479 Ἐπεὶ
879 448 909 477 δὲ

83 496 161 521 ταῦτα
187 494 340 530 συνέθεντο,
365 493 406 521 ἐπ’
433 493 511 522 οἷ’κου
540 494 690 530 ξύμπαντες
718 494 908 533 ἀνεχώρησαν,

82 545 118 579 τῷ
144 541 255 580 βασιλεῖ
296 542 488 581 προσειπόντες
523 544 557 570 τὰ
594 543 725 581 ἐξιτήρια.
756 543 851 580 Ἀπῄει
880 542 909 571 8t

83 587 123 615 καὶ
154 588 169 615 ὁ
203 588 345 625 Βρυὲννιος
381 587 448 625 μετᾶ
479 590 533 615 τῶν
570 588 613 616 ὑπ’
638 588 718 616 αὐτὸν
748 589 907 626 ταγμάτων,

83 632 122 660 καὶ
149 631 174 659 εν
205 634 247 668 τῷ
278 633 374 669 θεματι
411 634 465 660 τῶν
494 632 676 661 Ἀνατολικῶν
701 633 828 670 γεγονὼς,
857 634 907 667 τὴν

81 679 129 703 τῶν
154 679 363 714 στρατιωτικῶν
389 676 515 714 ὀψωνίων
542 676 676 714 διανομὴν
696 677 751 705 ἐκεῖ
766 676 908 709 διετίθετο·

89 724 164 756 συνῆν
189 721 241 759 γὰρ
267 721 341 757 αὐτῷ
364 721 410 749 καὶ
432 722 446 748 ὸ
471 721 614 759 πατρίκιος
638 721 766 757 Ἰωάννης
790 723 804 749 ὸ
829 723 909 759 Ὀψα-

83 769 125 804 ρᾶς
149 765 263 804 χροσίον
290 765 496 805 ἐπιφερόμενον.
522 765 593 802 Ἤδη
631 765 660 794 δὶ
692 768 742 801 τῆς
778 765 910 803 διανομῆς

88 810 234 848 ῄργμένης,
261 811 277 838 ὁ
302 811 441 847 Βρυὲννιος
469 810 624 850 προσετίθει
647 814 707 842 τοῖς
735 812 912 849 στρατιώταις

82 855 112 888 τὰ
137 855 291 893 σιτηρέσια,
320 855 366 882 καὶ
406 854 480 891 ηὕξει
521 855 552 883 τὸ
587 855 691 892 ἑκάστῳ
726 856 911 893 νενεμημένον

84 900 175 928 ποσόν,
191 900 220 927 '0
237 899 268 927 δὲ
283 901 331 927 τοῦ
346 902 453 937 χρυσοῦ
467 900 566 936 ταμίας
581 899 595 927 ό
611 900 755 938 εἰρημένος
772 901 840 938 ἀνὴρ
870 902 908 937 μή

81 946 152 972 τοῦτο
180 942 275 982 ἔλεγεν
304 943 460 972 ἐντετάλθαι
490 945 516 972 οἱ
544 945 612 982 πρὸς
631 946 679 972 τοῦ
695 944 906 983 αὐτοκράτορος.

83 993 126 1021 Καὶ
139 994 153 1021 ὁ
168 994 313 1031 Βρυὲννιος
331 996 435 1029 σιωπᾷν
459 994 545 1030 αὐτῷ,
561 993 606 1021 καὶ
629 996 718 1021 ποιεῖν
739 994 771 1021 τὸ
796 994 907 1022 ἐπιτασ-

83 1038 186 1074 σόμενον
211 1037 384 1066 ἐνεκελεύετο
408 1038 589 1076 ἰταμώτερον.
605 1039 650 1071 Ὦς
674 1037 697 1065 δ’
722 1037 763 1066 ἔτι
787 1039 801 1066 ὁ
823 1039 907 1075 Ὀψα-

84 1085 124 1119 ρᾶς
162 1083 212 1110 οὐκ
245 1083 378 1118 ἐπείθετο,
409 1082 482 1110 ἀλλὰ
520 1084 565 1110 καὶ
608 1083 770 1121 θρασύτερον
813 1082 907 1120 ἐκείνῳ

84 1125 223 1165 ἀντέλεγεν,
241 1128 255 1155 ὁ
289 1126 445 1164 Βρυὲννιος,
475 1128 555 1163 θυμῷ
585 1126 710 1166 ληιρθεῖς⁷
739 1127 850 1165 ἀνέθορὲ
877 1137 908 1155 τε

82 1173 125 1204 τῆς
145 1171 290 1210 καθέδρας,
305 1173 350 1200 καὶ
369 1174 425 1200 τῶν
446 1175 496 1207 τῆς
522 1171 644 1211 κεφαλῆς
670 1174 786 1210 τριχῶν,
804 1175 853 1207 τῆς
879 1182 908 1199 τε

86 1217 185 1252 ὑπήνης
200 1215 361 1253 λαϐόμενος
377 1219 427 1244 τοῦ
452 1215 549 1254 ἀνδρὸς
573 1216 773 1255 προσαρῥάσσει
799 1218 833 1253 τῇ
859 1218 906 1254 γῇ,

84 1262 122 1288 καὶ
149 1259 317 1299 περιϐάλλει
344 1260 466 1298 δεσμοῖς.
492 1261 591 1299 Ἐγγὺς
621 1260 650 1288 δέ
676 1271 729 1289 που
758 1271 906 1299 στρατοπε-

85 1304 159 1333 δεύων
175 1306 189 1333 ὁ
203 1308 260 1334 τῶν
279 1305 400 1334 Πισιδῶν
414 1305 458 1333 καὶ
473 1308 527 1333 τῶν
553 1305 700 1334 Λυκαόνων
723 1305 906 1343 στρατάρχης,

80 1350 118 1377 καὶ
141 1350 174 1378 τὰ
199 1351 263 1389 περὶ
305 1353 354 1378 τοῦ
382 1351 487 1388 Ὀψαρᾶ
526 1351 639 1387 μαθὼν,
670 1350 716 1378 καὶ
750 1349 909 1388 τυραννίδος

81 1396 155 1422 ταῦτα
188 1395 290 1433 κρίνας
317 1395 419 1433 ἀρχὴν,
447 1395 545 1432 ἀθρόον
575 1392 661 1423 ἔπεισι
691 1394 758 1431 μετὰ
783 1397 837 1422 τῶν
863 1395 908 1422 ὑπ’

82 1439 153 1466 αὐτὸν
170 1441 321 1477 ταγμάτων
336 1442 371 1476 τῇ
394 1441 442 1466 τοῦ
463 1439 607 1477 Βρυεννίου
623 1441 721 1476 σκηνῇ.
737 1439 787 1468 Καὶ
814 1437 908 1475 δεσμεῖ

84 1483 123 1519 μὶν
147 1483 260 1518 ἐκεῖνον,
293 1483 353 1512 λύει
378 1483 407 1512 δὲ
435 1484 481 1511 τὸν
497 1484 615 1521 Ὀψαρᾶν
644 1486 697 1511 τῶν
725 1482 842 1520 δεσμῶν,
862 1480 907 1510 καὶ

83 1527 146 1564 αὐτῴ
166 1529 209 1556 τὸν
240 1528 390 1566 Βρυέννιον
411 1527 636 1567 παραδίδωσιν-ὁ
665 1526 695 1555 δὲ
720 1528 816 1556 αὐτίκα
842 1526 908 1559 τοὺς

82 1571 229 1610 ὀφθαλμοὺς
244 1573 372 1601 ἐκκόπτει
389 1572 505 1606 ικείνου,
523 1573 569 1600 καὶ
591 1573 664 1600 οὕτω
681 1572 727 1600 τὸν
754 1570 837 1610 ἄνδρα
864 1573 905 1608 τῷ

85 1616 181 1654 βασιλεῖ
219 1616 427 1653 ἐξαπέστειλεν,
461 1616 616 1648 ἐπιστείλας
655 1616 729 1652 αὐτῷ
765 1617 809 1644 καὶ
855 1617 905 1643 ὅσα

83 1660 235 1698 τετόλμηκε.
266 1662 320 1690 Καὶ
358 1664 442 1689 ταῦτα
477 1662 524 1698 μὶν
567 1661 745 1699 συνεκύρησεν
786 1659 906 1688 οὐτωσί⁴

85 1708 174 1747 ὸδὲγε
189 1711 338 1747 Κομνηνὸς
360 1711 405 1738 καὶ
430 1711 457 1738 οἱ
483 1710 578 1747 ἐκείνῳ
600 1710 818 1747 συνομοσάμενοι
845 1720 906 1736 συν-

85 1753 208 1789 ελθόντες,
235 1753 318 1792 ἔργου
345 1754 477 1789 ἥπτοντο,
501 1757 556 1782 τῶν
593 1756 794 1792 στρατιωτικῶν
823 1764 906 1782 κατα-

964 271 1112 308 deligendi
1123 272 1321 309 imperatoris,
1337 275 1470 302 omnium
1499 276 1647 312 suil‘ragiis
1663 277 1789 306 Comoe-

965 324 1020 344 nns
1037 317 1150 345 caeteris
1165 320 1210 345 est
1225 318 1374 353 praelatus.
1399 319 1449 347 His
1465 320 1648 356 compositis,
1665 321 1789 350 domum

964 368 1066 388 omnes
1081 361 1241 396 redierunt,
1258 362 1391 390 discessu
1408 371 1461 391 suo
1488 364 1658 401 imperatori
1674 366 1788 394 denun-

963 405 1044 433 tiato.
1060 406 1138 434 Abiit
1151 408 1180 434 et
1209 407 1374 442 Bryenuius
1404 415 1472 436 cum
1501 409 1565 437 suis
1594 409 1786 446 legionibus:

963 455 1130 490 cumquein
1146 455 1514 492 Orientalemprovinciam
1530 466 1660 487 unacum
1675 459 1789 488 Joanne

963 498 1074 534 Opsara
1084 500 1216 534 patricio,
1234 501 1288 536 qui
1305 510 1409 529 aurum
1426 502 1559 537 vehebat,
1572 503 1789 538 venisset,mili-

963 543 1070 570 tarium
1077 543 1294 579 stipendiorum
1304 545 1541 574 distributionem
1551 547 1788 577 administrabat:

964 595 1023 623 qua
1033 588 1094 623 jam
1112 588 1259 624 inchoata,
1276 589 1402 626 singulis
1432 591 1576 619 militibus
1605 593 1788 621 frumentum

964 631 1187 666 admetiebatur,
1199 635 1227 660 et
1238 634 1368 669 pecunias
1382 643 1530 663 summam
1537 637 1790 673 augebat.0psara

963 684 1030 704 vero
1046 679 1190 711 quaestore
1211 680 1345 714 negante,
1376 687 1407 706 se
1436 679 1463 706 id
1491 679 1527 707 ab
1556 680 1731 716 imperatore
1755 683 1786 710 in

965 720 1193 750 mandatis265
1204 721 1328 751 habere:
1345 723 1508 759 Bryeunius
1523 733 1591 752 eum
1607 726 1787 755 insolentius

964 766 1071 798 tacere,
1096 767 1125 793 et
1148 766 1223 801 quod
1248 767 1411 802 juberetur,
1437 768 1531 796 facere
1555 769 1656 804 jussit.
1683 770 1787 799 Adhuc

966 808 1177 837 detrectantem
1194 813 1222 837 et
1250 811 1392 839 audacius
1411 812 1618 848 refragantem,
1635 814 1678 842 ira
1693 816 1788 851 perci-

966 855 1026 886 tus,
1042 856 1158 890 arrepta
1173 863 1256 882 coma
1271 857 1299 882 et
1314 856 1404 883 barba
1425 857 1499 892 ejus,
1530 857 1592 885 solo
1616 858 1739 893 illisum,
1756 860 1787 887 in

966 897 1081 925 vincula
1095 899 1229 935 coniecit.
1241 900 1302 932 Quo
1313 901 1373 928 dux
1386 901 1551 929 Pisidarum
1565 904 1593 930 et
1609 903 1786 939 Lycaonum,

964 942 1014 977 qui
1029 945 1125 970 castra
1140 943 1341 980 inpropinquo
1351 945 1487 980 habebat,
1497 947 1624 983 cognito,
1633 947 1661 975 id
1672 948 1786 977 facinus

962 987 1125 1021 tyrannidis
1140 988 1318 1024 principium
1329 990 1479 1026 judicans,
1496 991 1634 1026 Bryenuii
1649 992 1787 1020 taberna-

962 1030 1061 1059 culum
1077 1040 1144 1059 cum
1161 1032 1224 1060 suis
1242 1033 1407 1068 legionibus
1423 1042 1457 1062 ex
1485 1035 1643 1070 improviso
1663 1036 1786 1070 invadit,

962 1075 1117 1111 solutoqus
1132 1076 1248 1112 Opsaree
1264 1077 1347 1105 illum
1362 1078 1461 1113 tradit,
1489 1080 1539 1114 qui
1561 1079 1712 1108 hominem
1728 1083 1787 1109 sta-

962 1119 1014 1147 tim
1028 1121 1142 1149 effossis
1157 1121 1250 1149 oculis
1269 1122 1304 1149 ad
1323 1122 1528 1159 imperatorem
1544 1132 1610 1151 cum
1621 1125 1785 1153 facinorum

962 1164 1026 1199 ejus
1041 1166 1320 1195 commemoratione
1337 1167 1428 1195 misit.
1442 1168 1501 1195 Hoc
1518 1168 1558 1196 ita
1573 1171 1666 1204 gesto,
1683 1169 1786 1205 conju-

961 1209 1016 1236 rati
1031 1210 1179 1246 congressi
1190 1211 1220 1238 in
1232 1220 1335 1246 unum,
1351 1220 1413 1239 rem
1426 1211 1620 1240 nihilominus
1632 1213 1785 1249 urgebant,

961 1266 996 1286 ex
1010 1258 1188 1287 militaribus
1205 1260 1345 1296 catalogis
1359 1260 1479 1289 aliunde
1496 1261 1551 1289 alio
1567 1262 1602 1289 ad
1619 1262 1700 1298 ipsos
1717 1271 1786 1290 con-

962 1302 1079 1330 ﬂuente.
1095 1303 1238 1332 Omnibus
1253 1304 1332 1332 enim
1348 1305 1491 1333 militibus
1515 1306 1544 1333 in
1569 1306 1646 1335 votis
1661 1309 1733 1343 erat,
1755 1309 1788 1335 ut

963 1347 1181 1384 milesimperio
1195 1348 1347 1384 potiretur.
1364 1351 1437 1377 Nam
1466 1350 1577 1387 iniquis
1606 1351 1716 1379 animis
1744 1353 1788 1380 to-

961 1395 1029 1428 gato
1041 1393 1192 1428 parebant,
1210 1401 1303 1429 neque
1319 1396 1418 1422 tamen
1429 1394 1597 1423 desiderum
1613 1404 1701 1423 suum
1718 1404 1785 1432 pro-

961 1437 1030 1464 dere
1044 1436 1120 1472 ausi,
1136 1438 1328 1473 cupiditatem
1345 1438 1436 1473 illam,
1465 1439 1535 1466 dum
1561 1448 1592 1468 se
1613 1441 1783 1469 maturandi

960 1481 1099 1509 facinoris
1120 1482 1235 1509 offerret
1264 1483 1388 1516 occasio,
1422 1484 1569 1519 tegebant.
1601 1484 1709 1512 Verum
1730 1485 1780 1513 ubi

961 1525 1144 1553 Comnenum
1159 1526 1310 1554 aifectasse
1327 1535 1450 1563 regnum
1467 1534 1681 1564 compererunt,
1693 1532 1783 1565 atque

961 1570 1058 1606 ipsum
1074 1574 1163 1606 caput
1178 1579 1242 1599 esse
1258 1571 1377 1607 negotii,
1394 1574 1422 1599 et
1436 1580 1453 1599 a
1482 1572 1654 1601 fortioribus
1666 1574 1783 1609 provin-

961 1614 1015 1642 ciis
1028 1615 1172 1650 adjutari:
1189 1615 1218 1642 id
1235 1616 1353 1643 demum
1370 1624 1434 1643 esse
1449 1616 1601 1652 rati,quod
1617 1617 1667 1645 diu
1677 1618 1784 1647 animis

961 1659 1130 1694 agitassent,
1141 1664 1257 1696 arrepta
1276 1660 1495 1696 opportunitate
1518 1661 1567 1689 alii
1597 1662 1670 1690 alios
1699 1665 1782 1691 aute-

960 1706 1070 1733 vertere
1085 1708 1289 1741 properarunt.
1306 1706 1386 1734 Unde
1397 1706 1563 1734 Gomnenus
1580 1707 1716 1736 maximis
1732 1716 1785 1736 co-

959 1749 1017 1785 piis
1042 1750 1228 1786 comparatis,
1249 1750 1359 1778 tributa
1374 1759 1424 1786 per
1439 1753 1533 1779 totum
1550 1751 1698 1780 Orientem
1713 1761 1780 1781 exe-

86 1796 164 1837 λόγων
186 1799 306 1828 ἄλΛοθιν
331 1798 420 1828 ἄλλου
443 1799 702 1837 προσρυ”ίσκου.ἑνων
727 1799 830 1830 αὐτοῖς.
855 1799 865 1809 ⁷

1001 1814 1011 1827 η,
1027 1795 1256 1829 quaastoribuset
1266 1795 1491 1830 inscriptoribus
1500 1804 1601 1824 eorum
1618 1805 1681 1832 qua:
1692 1797 1781 1826 allata

86 1843 126 1878 μὶν
152 1845 201 1882 γὰρ
220 1846 261 1880 τῷ
284 1846 472 1882 στρατιωτικῷ
504 1845 584 1871 παντί
617 1842 706 1883 ἔφεσις
735 1853 866 1880 στρατιωτ

1002 1841 1067 1872 sent,
1084 1839 1263 1867 constitutis.
1277 1839 1387 1867 Deinde
1409 1848 1514 1868 versus
1540 1841 1665 1869 Nicteam
1681 1841 1782 1876 movit,

84 1888 126 1922 τὴν
158 1888 298 1926 βασίλειον
335 1889 424 1927 ἀρχὴν
465 1888 677 1926 πιριζώσασθαι.
707 1888 828 1925 ’Ήχθιτο
853 1899 864 1926 γ

1005 1896 1017 1915 1
1033 1887 1191 1924 imperator
1206 1889 1242 1916 ab
1258 1889 1400 1917 omnibus
1417 1889 1479 1917 suis
1496 1889 1640 1918 militibus
1655 1890 1785 1926 appella-

87 1931 129 1959 ὑπὸ
141 1935 187 1960 τοῦ
202 1932 351 1961 πολιτικοῦ
369 1934 469 1971 μέρους
494 1933 660 1970 ἀρχόμενον,
673 1931 737 1960 ἀλλ’
757 1931 806 1959 οὐκ
829 1932 867 1964 tet

1004 1942 1017 1964 ι,
1031 1940 1065 1960 ea
1078 1933 1163 1968 potiri
1180 1933 1312 1969 cupiens,
1331 1936 1365 1961 ut
1381 1933 1502 1961 haberet
1514 1934 1616 1962 urbem
1634 1935 1784 1970 undepro-

84 1975 116 2012 ῥει
140 1978 183 2005 τὸν
210 1979 300 2010 πόθον
329 1977 367 2009 εἴς
394 1979 534 2015 προῦπτον
566 1976 705 2014 ἐξενεγκεῖ,
733 1975 847 2013 ἔκρυπτε

1004 1976 1050 2010 edi,
1067 1978 1346 2013 quoquecout'ugere
1357 1979 1420 2005 tuto
1431 1977 1549 2005 velutin
1563 1978 1675 2014 asylum
1688 1979 1784 2015 quod-

82 2020 121 2047 τὸν
144 2019 239 2059 ἔρωτα,
255 2022 303 2050 καὶ
327 2020 406 2049 ὤδινε
428 2022 474 2049 τὸν
498 2020 560 2056 περῖ
588 2021 686 2048 τούτου
702 2021 813 2050 σκοπόν.
831 2022 862 2048 Ἐ·

1004 2029 1026 2048 n
1051 2021 1154 2056 quovis
1178 2024 1282 2049 eventu
1313 2024 1423 2057 posset,
1452 2030 1544 2058 eaque
1573 2026 1722 2059 occupata,
1756 2025 1784 2051 et

85 2063 108 2092 δὲ
127 2066 169 2093 τὸν
193 2067 337 2103 Κυμνηνὸν
359 2065 502 2104 τυραννίδι
531 2066 747 2104 ἐπιχειρήσαντα
782 2066 905 2102 μεμαθή-

82 2119 164 2146 κεσαν,
177 2111 221 2138 καὶ
236 2111 319 2139 αὐτὸν
338 2111 384 2148 μὲν
409 2113 558 2150 κορυφαῖον
587 2110 654 2138 εἶναι
680 2112 728 2138 τοῦ
753 2108 904 2147 δράματος,

82 2158 109 2184 τὰ
127 2157 153 2186 Si
173 2160 304 2197 κράτιστα
327 2162 379 2187 τῶν
409 2162 499 2198 γενῶν
530 2163 580 2195 τῆς
603 2159 801 2197 ἰπιχειρήσεως
830 2157 904 2194 αὗτῷ

83 2202 318 2240 συλλαμϐάνεσθαι⁸
337 2205 411 2233 τοῦτ’
434 2205 501 2232 εἶναι
530 2204 562 2232 τὸ
594 2204 639 2232 ὑπ’
664 2204 752 2231 αὐτῶν
780 2203 903 2240 μελετώ-

955 2065 1036 2100 justo
1053 2065 1188 2100 praesidio
1218 2066 1368 2101 imposito,
1398 2066 1552 2094 duodecim
1582 2067 1650 2094 inde
1679 2067 1785 2095 stadiis

959 2111 1191 2137 castrametatur.
1208 2109 1327 2137 Michael
1355 2117 1423 2137 vero
1448 2111 1615 2146 imperator,
1644 2111 1785 2138 Occiden-

959 2153 1069 2181 talibus
1086 2153 1251 2190 legionibus
1267 2154 1445 2189 convocatis,
1462 2157 1491 2182 et
1506 2154 1529 2182 si
1546 2163 1609 2190 qua:
1636 2163 1670 2183 ex
1685 2155 1785 2183 Orien-

957 2197 1065 2226 talibus
1081 2206 1097 2225 ιι
1112 2198 1169 2225 ﬁde
1184 2206 1241 2225 non
1257 2198 1474 2226 discesserant:
1487 2199 1592 2227 ducem
1614 2207 1680 2227 eum
1691 2199 1785 2236 impe-

86 2257 153 2282 μενον
179 2247 314 2286 δόξαντες,
342 2250 490 2287 ἁρπάζουσι
521 2249 566 2276 τὸν
597 2249 702 2286 καιρὸν,
719 2248 764 2276 καὶ
789 2246 866 2275 Eme-1

1017 2242 1143 2278 praefecit
1157 2242 1283 2270 Orientis
1299 2243 1492 2271 domesticum
1508 2242 1692 2271 Theodorum
1716 2252 1783 2279 spa-

83 2291 122 2319 τὸν
145 2283 225 2324 πέλας
252 2283 577 2332 προφθάσαιγήπείγετο.
613 2283 749 2326 Ἐντεῦθεν
778 2295 818 2328 τῷ
846 2293 863 2320 Ε

1003 2287 1274 2323 aem,imperatricis
1285 2287 1444 2315 Theodoras
1460 2287 1783 2323 miuistrum,adjuncto

87 2339 167 2372 μνηνῷ
217 2338 313 2376 βαρεῖα
354 2339 499 2373 συνέστηκε
542 2337 676 2375 δύναμις·
712 2337 820 2368 στείλας
859 2337 905 2364 οὗν

86 2380 142 2407 κατὰ
165 2377 303 2419 ξύμπασαν
330 2383 379 2416 τὴν
404 2383 501 2419 ’Σῲαν,
525 2382 588 2414 τοὺς
617 2383 718 2420 φόρους
747 2381 904 2419 ἐπράττετο,

88 2421 267 2464 ἀποδεκτῆρας
296 2427 398 2454 τούτων
428 2427 520 2464 τάξας,
545 2427 591 2455 καὶ
618 2429 672 2454 τῶν
695 2426 905 2463 προσαγομένων

87 2467 254 2506 ἀπογραφάς.
283 2472 348 2499 Εἶτα
389 2471 455 2509 ἄρας
486 2471 568 2508 ἀπῄει
597 2472 666 2509 πρὸς
695 2470 819 2506 Νίκαιαν,
848 2468 903 2505 ἤδη

90 2511 205 2547 βασιλεὺς
222 2516 291 2551 πρὸς
305 2516 410 2543 πάντων
433 2518 489 2543 τῶν
514 2515 560 2543 σὺν
587 2516 661 2551 αὐτῷ
685 2513 904 2553 στρατευομένων

94 2554 248 2598 ἀναῤῥηθεὶς,
274 2559 376 2594 ταύτης
404 2559 535 2598 ἆγκρατής
571 2559 693 2596 γενέσθαι
725 2557 902 2596 βουλόμενος,

91 2597 122 2625 ’ἶν’
138 2599 184 2639 ἶχῃ
209 2604 256 2638 τήν
282 2603 364 2631 πόλιν
390 2604 562 2642 ὁρμητήριον
587 2604 604 2638 ἢ
620 2603 818 2642 κρησφύγετον,
835 2603 902 2630 ὁπο-

91 2644 165 2680 τὶρως
193 2646 221 2674 ἂν
250 2648 318 2686 ῥέψῃ
344 2648 378 2676 τὰ
404 2651 454 2683 τῆς
483 2648 571 2686 τύχης
600 2649 684 2684 αὐτῷ,
705 2648 748 2675 καὶ
776 2647 826 2681 τὴν
855 2647 901 2683 μὶν

92 2686 217 2725 λαμϐάνει,
241 2692 321 2723 αὐτὸς
353 2692 382 2720 δε
415 2693 533 2732 φρουρὰν
568 2693 700 2730 ἀρκοῦσαν
738 2692 903 2729 ὶγκαταστή-

94 2741 132 2775 φας
157 2734 230 2773 αὐτῇ,
253 2738 306 2775 πρὸ
339 2736 445 2765 δώδεκα
474 2736 590 2765 σταδίων
618 2738 721 2773 ταύτης
755 2746 902 2774 στρατοπε-

95 2774 192 2821 tuitui.
221 2774 279 2810 Καὶν
297 2783 311 2810 ὸ
342 2783 469 2821 βασιλεὺς
505 2781 534 2811 Si
570 2781 688 2821 Μιχαὴλ
715 2781 762 2813 τὰς
789 2780 902 2813 Δυτικὰς

95 2819 189 2859 ἀγιίρας
215 2819 350 2864 δυνάμεις,
376 2827 422 2855 καὶ
457 2826 484 2856 εἴ
520 2827 590 2859 τινες
613 2819 685 2855 Ἶπου
719 2828 773 2854 τῶν
808 2826 900 2862 Ἑῲων

962 2331 1072 2367 collega
1087 2333 1229 2368 magistro
1245 2334 1356 2360 Aarone
1376 2333 1462 2360 fratre
1482 2332 1617 2368 conjugis
1632 2332 1784 2361 Comneni.

961 2380 1014 2413 Qui
1030 2381 1134 2408 castris
1154 2384 1255 2408 contra
1271 2381 1371 2408 hostes
1384 2380 1498 2416 positis,
1515 2380 1648 2416 praalium
1665 2382 1785 2410 commi-

960 2433 1024 2452 sere
1039 2424 1067 2452 in
1084 2424 1146 2453 loco
1162 2425 1211 2461 qui
1228 2425 1264 2453 ab
1279 2425 1383 2452 incolis
1398 2425 1488 2452 Orcus
1504 2425 1678 2461 appellatur.
1696 2426 1751 2454 Ubi
1767 2435 1784 2455 a

959 2469 1078 2497 sinistro
1090 2468 1592 2505 cornuimperatoriorum,dextrum
1608 2470 1783 2499 Comnenio-

960 2521 1025 2540 rum
1048 2514 1235 2549 proﬂigatum
1265 2516 1319 2546 est,
1340 2515 1368 2540 et
1383 2513 1432 2548 qui
1461 2513 1491 2540 in
1520 2522 1554 2542 eo
1579 2516 1710 2549 curabat,
1726 2516 1783 2544 Ro-

959 2566 1065 2585 manus
1079 2558 1196 2586 Selerus
1205 2558 1286 2585 vivus
1298 2558 1471 2593 captus.Sed
1483 2558 1611 2587 hostium
1627 2560 1782 2588 sinistrum

958 2602 1004 2629 cui
1032 2602 1194 2630 Ambustus
1236 2604 1369 2638 prmerat,
1399 2602 1499 2630 dextro
1527 2603 1782 2639 imperatoriorum

958 2647 1035 2674 260
1051 2655 1141 2674 cornu
1157 2647 1186 2674 in
1204 2647 1302 2682 fugam
1315 2655 1408 2680 verso,
1425 2647 1455 2674 in
1471 2650 1569 2676 castra
1585 2657 1678 2684 usque
1694 2656 1781 2683 pene-

956 2691 1055 2725 travit,
1072 2694 1100 2719 et
1116 2692 1241 2718 tentoria
1270 2691 1417 2726 discerpta
1441 2692 1594 2720 subvertit.
1611 2693 1641 2720 Id
1671 2692 1781 2718 factum

956 2738 989 2764 ut
1009 2736 1235 2763 Comneniorum
1264 2735 1378 2763 animos
1406 2736 1594 2764 vehementer
1619 2736 1708 2767 auxit,
1738 2735 1780 2763 sic

955 2780 1213 2816 imperatoriorum
1229 2780 1300 2808 adeo
1316 2780 1432 2816 dejecit,
1448 2783 1481 2808 ut
1509 2789 1540 2808 se
1567 2780 1640 2815 fugas
1657 2779 1779 2807 manda-

956 2828 1032 2861 rent,
1048 2824 1078 2852 in
1094 2832 1152 2860 qua
1166 2824 1252 2853 multi
1267 2824 1334 2853 cassi
1348 2827 1420 2854 sunt
1435 2833 1493 2854 non
1503 2823 1780 2860 gregariiduntaxat
