1977 3154
194 201 256 231 243

869 203 1036 234 JOANNIS
1058 204 1229 236 ZONARJE

1832 203 1884 233 Ml

191 267 258 303 ejus
270 274 329 295 non
345 266 415 301 Deo,
432 268 482 296 sed
499 268 555 297 sibi
571 269 746 305 ascripsisse
769 277 804 297 ex
826 278 859 298 ec
886 272 1018 306 apparet,

1076 268 1105 297 δὶ
1133 270 1280 307 Κομνηνὸς
1307 271 1341 307 τῇ
1375 268 1500 307 βασιλιίᾳ
1532 267 1705 306 ἱγκαταστὰς,
1735 267 1819 303 δαυτῷ
1841 268 1884 302 τήν

192 312 270 348 quod
284 312 313 340 in
322 312 454 341 nummis
462 322 545 342 suam
556 313 716 350 imaginem
728 315 831 343 stricto
838 323 906 343 ense
915 315 1023 343 inscul-

194 357 318 393 pendam
332 358 455 392 curavit,
468 361 581 386 tantum
595 368 652 387 non
666 359 898 394 clamitans,cum
913 360 1020 388 sibine-

191 401 342 438 quidquam
355 402 434 430 aliud
449 411 568 439 regnum
583 405 731 440 peperisse.
749 404 802 432 Eos
816 413 832 432 a
847 405 954 440 quibus
970 405 1020 431 ad-

187 445 274 481 jutus
289 446 393 480 fuerat,
411 446 614 476 liberalissime
625 450 669 476 est
681 451 897 482 remuneratus,
915 449 1021 476 relata-

194 498 252 526 que
268 491 443 519 festinanter
457 492 595 520 omnibus
612 493 717 529 gratia,
734 501 857 529 operum
879 494 968 528 dedit,
989 496 1022 521 ut

191 535 291 563 domos
302 543 372 563 suas
386 536 496 572 quique
511 537 650 571 redirent,
668 546 703 565 ne
718 537 748 565 in
765 538 837 565 urbe
853 538 1022 566 oberrantes

190 579 235 608 vel
250 579 413 608 tumultum
430 581 600 615 excitarent,
618 581 662 610 vel
680 585 782 610 contra
807 582 945 619 populum
975 582 1020 610 in-

189 632 223 652 su
230 625 562 660 rgerent.Patriarcham
579 634 757 662 magnopere
766 630 922 655 veneratus
934 628 1021 660 est.et

189 669 288 698 fratris
301 670 366 706 ejus
382 671 459 699 ﬁlios
475 671 591 707 magnis
608 671 770 701 honoribus
785 672 905 700 aifectos
920 680 1021 708 super-

187 714 234 742 bis
250 715 475 750 magistratibus
487 716 626 752 praefecit.
642 716 785 744 Praeterea
802 717 832 744 in
848 716 1019 752 patriarcha

193 759 330 796 gratiam,
348 759 437 787 etiam
458 760 726 789 ecclesiasticarum
756 769 854 789 rerum
880 769 1018 797 procura-

188 803 298 831 tionem
315 804 449 831 Ecclesiaa
464 805 608 832 atlriouit.
627 806 708 838 ,Nam
719 814 786 834 cum
802 806 836 833 ad
864 806 893 833 id
925 813 1019 842 usque

188 849 308 883 tempus
336 849 363 875 et
392 856 517 884 magnus
563 857 742 883 woonomus,
773 853 801 878 et
823 850 1018 886 scevophylax

189 891 225 919 ab
254 892 431 928 imperatore
454 892 602 929 designari
628 894 764 929 solerent,
801 897 960 931 utrumque
986 895 1016 923 id

188 944 298 964 munus
313 936 485 972 patriarchae
500 938 638 974 potestati
653 939 789 975 subjecit,
805 942 903 968 amota
919 939 1016 975 publi-

186 989 219 1008 ca
246 981 431 1010 auctoritate.
464 982 572 1010 Deinde
593 984 659 1011 vitae
693 984 805 1013 sociam
848 985 1013 1021 Augustam

186 1025 356 1061 appellavit,
379 1026 498 1054 fratrem
523 1031 620 1056 autem
641 1028 786 1056 Joannem
814 1028 1016 1064 curopalatem

185 1072 214 1096 et
232 1077 374 1105 magnum
404 1071 598 1100 domesticum
624 1072 796 1100 nominavit.
830 1075 918 1101 Porro
949 1081 1015 1100 cum

182 1122 285 1142 omnes
301 1114 366 1150 ejus
381 1117 447 1150 post
462 1115 602 1144 Basiliam
616 1117 898 1154 Porphyrogenitum
914 1118 1017 1145 deces-

182 1166 275 1192 seres,
292 1159 355 1187 fisci
370 1161 399 1187 et
413 1160 507 1188 aerarii
518 1161 671 1196 pecuniam
689 1170 792 1197 parum
834 1166 910 1190 recte
926 1161 1017 1189 collo-

185 1206 313 1237 cassent,
332 1203 484 1240 partimin
501 1213 571 1232 suas
594 1205 769 1242 voluptates,
801 1209 829 1234 et
864 1209 1016 1234 monaste-

185 1247 298 1275 riorum
306 1247 512 1277 aediﬁcationes
519 1249 789 1286 insumptam,parti
797 1259 823 1278 m
832 1250 1018 1278 sinedelectu

187 1299 221 1319 ac
233 1301 285 1328 pro
296 1292 418 1320 libidine
437 1301 493 1321 sua
514 1294 730 1322 condonatam:
756 1297 815 1322 tam
836 1295 1018 1330 imperatorii

184 1336 319 1365 thesauri
332 1336 468 1365 exhausti
485 1337 611 1373 fuerunt,
629 1346 718 1374 quam
734 1339 869 1367 wrarium
887 1340 1010 1375 pecunia

186 1389 332 1409 vacuum:
368 1381 397 1409 id
422 1381 526 1410 vitium
547 1385 743 1417 correcturus,
783 1383 1017 1412 emendationem

188 1433 247 1453 non
260 1426 438 1461 pedetentim
454 1428 498 1453 est
514 1427 716 1462 agressus,sed
731 1427 797 1455 utin
807 1429 914 1456 statere
931 1437 962 1456 se
976 1428 1019 1456 in-

183 1469 356 1507 cidijussit,
372 1472 467 1498 erecta
484 1479 572 1499 manu
589 1471 725 1499 strictum
742 1480 842 1500 ensem
868 1472 1018 1500 sustinen-

190 1517 261 1549 tem,
279 1514 319 1542 ita
333 1514 421 1542 etiam
446 1515 475 1542 in
492 1516 606 1551 negotia
628 1524 659 1544 se
690 1516 822 1553 ingessit,
852 1517 952 1545 statim
982 1518 1017 1545 ad

191 1559 334 1587 secandus
345 1561 475 1588 tumores
512 1562 643 1596 paratus,
666 1569 723 1588 non
751 1560 891 1589 adhibitis
921 1561 1017 1589 medi-

189 1603 343 1639 camentis,
373 1612 436 1640 quas
465 1604 644 1633 exulceratas
671 1608 768 1641 partes
793 1606 952 1640 gmollirent
980 1614 1015 1634 ac

1074 313 1175 350 ταύτης
1203 314 1357 353 ἐπιτυχίαν,
1383 314 1427 342 καὶ
1455 313 1485 341 οὗ
1509 312 1547 349 τῷ
1567 314 1625 348 Θεῷ
1652 311 1817 350 ἔπιγράψατο
1846 312 1885 339 καὶ

1075 361 1155 386 τοῦτο
1186 358 1282 392 δῆλον,
1312 360 1353 386 δτι
1382 361 1422 394 τῷ
1451 358 1600 394 νομίσματι
1617 358 1714 396 ξιφήρη
1733 357 1822 384 ἑαυτὸν
1837 356 1885 383 tv:-

1075 404 1185 441 χάραξε,
1217 402 1300 440 μόνον
1330 403 1394 441 οὖχὶ
1413 402 1496 441 βοῶν,
1523 402 1564 429 ὅτι
1593 401 1679 430 Τοῦτό
1697 412 1743 438 μοι
1758 402 1807 435 τήν
1823 402 1887 438 βασι-

1076 447 1160 483 λείαν,
1198 448 1243 476 καὶ
1277 449 1332 486 οὐχ
1363 447 1453 485 ἓτερόν
1490 458 1517 475 τι
1550 446 1727 484 προύξένησε.
1762 446 1827 476 Τοὺς
1863 444 1887 472 δὶ

1076 494 1277 530 συναραμένους
1320 493 1393 529 αὐτῷ
1443 491 1642 530 φιλοτιμότατα
1687 490 1887 527 ἁντημιίψατο,

1075 537 1119 564 καὶ
1148 536 1271 565 ἔσπευσεν
1299 538 1403 574 ἑκάστῳ
1431 537 1479 568 τὰς
1505 533 1624 573 ἀμοιϐὰς
1648 534 1778 570 ἀποδοὺς,
1801 535 1891 566 πάντας

1075 581 1168 610 οἷ’καδι
1196 581 1394 620 παρασκευάσαι
1424 581 1603 619 ἀποχωρεῖν,
1629 579 1675 607 ’ίνα
1701 580 1739 616 μή
1767 589 1792 607 τι
1819 584 1890 616 θορυ-

1075 623 1205 662 ϐήσωσιν,
1236 627 1253 662 ἢ
1280 629 1329 654 τοῦ
1359 625 1449 664 δήμου
1464 625 1690 661 ωτεξαναπῶσιν
1715 622 1889 651 ἀστυπολοῦν-

1073 682 1126 704 τες.
1155 672 1204 699 Τὸν
1233 670 1262 699 δὲ
1290 672 1465 710 πατριάρχην
1482 669 1517 698 δι’
1532 669 1627 700 αίδοῦς
1643 669 1707 706 ἦγεν
1724 669 1766 696 δτι
1781 667 1889 702 πολλῆς,

1073 716 1119 744 καὶ
1147 716 1210 748 τοὺς
1239 716 1321 744 αὐτοῦ
1349 713 1551 755 ἀδελφόπαιδας
1568 715 1603 742 δι’
1619 714 1719 742 ἐκεῖνον
1735 715 1827 750 τιμαῖς
1841 712 1888 740 ἐτί-

1076 771 1146 797 μησε
1185 761 1302 797 μείζοσι,
1331 760 1376 788 καὶ
1414 760 1514 798 ἀρχαῖς
1549 759 1733 796 ὑπερηφάνοις
1761 757 1886 792 inte-mea

1073 805 1260 844 Χαριζόμενος
1286 804 1309 833 δ’
1338 802 1377 832 ἔτι
1406 807 1445 841 τῷ
1474 803 1651 842 πατριάρχῃ,
1679 803 1726 830 καὶ
1754 803 1802 837 τὴν
1840 804 1886 829 τῶν

1074 849 1308 885 ἑκκλησιαστικῶν
1336 849 1506 887 πραγμάτων
1531 846 1690 884 οἰκονομίαν
1719 849 1755 884 τῇ
1782 845 1888 881 Ἐκκλη-

1074 894 1119 930 σίᾳ
1148 895 1286 931 ἀπένειμε,
1320 894 1403 932 μέχρι
1431 894 1493 921 τότε
1521 892 1569 920 τοῖ’)
1601 892 1723 930 μεγάλου
1753 890 1886 927 οἰκονόμου

1072 939 1320 977 προχιιριζομένου
1349 939 1421 975 παρὰ
1449 940 1498 965 τοῦ
1524 936 1728 975 βασιλεύοντος,
1759 934 1828 963 ἀλλὰ
1841 935 1886 971 μὴν

1073 983 1117 1010 καὶ
1140 985 1189 1011 τοῦ
1216 982 1427 1022 σκευοφύλακος,
1444 982 1546 1013 ἐκιῖνος
1563 980 1592 1009 δὲ
1605 981 1650 1008 καὶ
1667 981 1752 1020 ἄμφω
1770 980 1818 1008 ὑπὸ
1846 980 1888 1013 τὴν

1073 1030 1123 1056 τοῦ
1139 1028 1312 1066 πατριάρχου
1341 1025 1415 1060 ἔθετο
1440 1026 1569 1062 ἐξουσίαν,
1599 1025 1772 1061 ἀποξενώσας
1799 1024 1886 1061 ἀμφοῖν

1071 1071 1104 1100 τό
1133 1071 1278 1109 δημόσιον.
1308 1072 1373 1100 Εἶτα
1385 1072 1434 1106 τὴν
1458 1071 1504 1108 μὲν
1529 1073 1578 1099 τοῦ
1609 1070 1671 1109 βίου
1702 1070 1778 1106 αὐτῷ
1802 1079 1886 1096 κοινω-

1072 1117 1118 1145 νὸν
1142 1117 1199 1154 (51)
1225 1116 1381 1155 Ανόγοῦσταν
1415 1116 1599 1154 ἀνηγόρευσι,
1637 1115 1684 1142 τὸν
1726 1113 1756 1142 δέ
1785 1112 1886 1152 ἀδελφὸν

1074 1161 1201 1197 Ἰωάννην
1216 1161 1424 1200 κουροπαλάτην
1450 1160 1590 1197 τετίμηκε,
1621 1159 1667 1187 καὶ
1697 1159 1821 1195 ὠνόμασε
1845 1157 1882 1193 μέ-

1072 1216 1119 1243 γαν
1136 1204 1307 1242 δομέστικον.
1338 1208 1396 1233 Τῶν
1425 1204 1453 1232 δὲ
1479 1205 1532 1243 πρὸ
1561 1204 1644 1232 αὐτοῦ
1675 1203 1810 1241 βασιλέων
1837 1203 1885 1229 ὅσοι

1076 1250 1143 1286 μετᾶ
1174 1250 1220 1277 τὸν
1254 1250 1513 1288 Πορφυρογέννητον
1550 1249 1652 1276 ἐκεῖνον
1682 1247 1820 1275 Βασίλειον
1846 1246 1886 1280 τῆς

1075 1293 1214 1332 βασιλείας
1257 1292 1403 1329 ἐπέϐησαν,
1445 1293 1475 1321 οὗ
1509 1293 1602 1324 καλῶς
1632 1292 1812 1331 χρησαμένων
1837 1292 1888 1321 τοῖς

1076 1338 1224 1376 βασιλείοις
1249 1339 1293 1366 καὶ
1318 1341 1421 1370 κοινοῖς
1448 1339 1615 1376 πράγμασιν,
1641 1336 1716 1365 ἀλλὰ
1741 1336 1775 1364 τὰ
1790 1336 1833 1372 μὶν
1856 1333 1887 1365 είς

1073 1382 1175 1414 οἰκείας
1204 1382 1386 1417 ἀπολαύσεις,
1413 1383 1457 1410 καὶ
1488 1382 1526 1413 εἷς
1556 1381 1734 1418 ἀσκητηρίων
1765 1389 1887 1408 κατασπα-

1073 1428 1213 1463 θησάντων
1239 1427 1397 1465 οῗκοδομᾶς,
1427 1427 1459 1455 τὰ
1479 1426 1508 1454 δὲ
1523 1426 1704 1464 δωρουμένων
1724 1427 1766 1456 οἷς
1795 1424 1888 1461 ἔτυχεν,

1073 1472 1090 1507 ἢ
1118 1473 1187 1504 τέως
1216 1473 1310 1510 οἵσπερ
1340 1470 1497 1506 ἐϐούλοντο,
1513 1472 1538 1499 οἱ
1556 1470 1696 1510 βασιλικοὶ
1712 1468 1840 1508 θησαυροὶ
1856 1468 1888 1496 έκ-

1071 1516 1229 1551 κεκένωντο,
1266 1517 1310 1544 καὶ
1350 1516 1384 1544 τὰ
1422 1515 1543 1553 δημόσια
1570 1518 1718 1551 πρυτανεῖα
1748 1514 1888 1552 χρημάτων

1072 1560 1224 1596 ἐσπάνιζον·
1263 1559 1344 1589 τοῦτο
1378 1555 1475 1588 τοίνυν
1505 1561 1519 1588 ὸ
1556 1561 1700 1596 Κομνηνὸς
1734 1559 1887 1597 προθέμενοι

1073 1604 1283 1643 διορθώσασθαι,
1299 1605 1349 1634 οὐκ
1363 1606 1455 1643 ἠρέμα
1482 1603 1544 1632 οὐδὶ
1573 1604 1641 1632 κατᾶ
1668 1604 1762 1642 βραχὺ
1776 1605 1809 1640 τῇ
1824 1601 1886 1639 διορ-

188 1647 328 1675 foverent.
347 1649 445 1683 Itaque
460 1658 493 1677 ex
522 1658 580 1685 quo
607 1651 791 1686 tyrannidem
822 1659 889 1679 cum
920 1651 1012 1686 legiti-

1075 1650 1151 1682 Βώσει
1190 1649 1408 1688 ἐπικεχείρηκεν,
1437 1648 1502 1677 ἀλλ’
1532 1649 1569 1679 ὡς
1595 1650 1636 1684 τῷ
1662 1651 1779 1685 στατῆρι
1807 1646 1890 1674 ἑαυτὸν

190 1698 237 1718 me
265 1691 341 1719 269
386 1692 509 1728 imperio
531 1695 733 1728 commutavit,
778 1695 942 1723 decessoris
971 1694 1018 1722 sui

191 1736 256 1762 acta
272 1734 335 1762 sine
350 1735 522 1764 discrimine
545 1738 697 1774 abrogavit
714 1747 720 1766 :
737 1739 762 1767 si
792 1740 863 1774 quid
879 1739 928 1767 ille
957 1739 1020 1766 cui-

191 1785 280 1814 quam
298 1778 422 1814 largitus
439 1780 543 1813 fuerat,
563 1781 591 1808 id
608 1782 767 1817 eripiebat:
785 1783 834 1810 sed
852 1785 880 1810 et
889 1782 1021 1818 superio-

193 1830 260 1850 rum
275 1822 486 1859 imperatorum
502 1824 595 1852 multa
615 1829 679 1853 acta
694 1827 839 1860 evertit,et
860 1826 1021 1862 abrogavit,

194 1876 290 1903 neque
305 1868 334 1895 id
350 1868 379 1896 in
391 1868 470 1904 vulgi
486 1869 629 1897 duntaxat
644 1871 841 1904 fraudem,sed
856 1879 891 1898 ne
906 1870 1022 1899 senatui

193 1911 313 1947 quidem
328 1913 616 1950 perpercit.Denique
632 1922 789 1950 progressu
807 1915 946 1951 temporis
955 1923 1023 1943 con-

192 1957 239 1984 tra
253 1964 301 1985 res
315 1965 415 1985 sacras
426 1965 457 1985 se
471 1958 624 1992 convertit,
643 1958 736 1986 multa
752 1960 939 1988 monasteriis
957 1967 1022 1996 qua

194 2000 230 2029 ab
246 2001 283 2029 iis
298 2004 466 2030 constructa
479 2003 603 2036 fuerant,
620 2002 725 2031 collata
748 2004 906 2038 truncavit,
922 2013 955 2032 ac
971 2012 1022 2040 po-

191 2046 251 2073 tius
263 2046 422 2074 monachos
434 2046 561 2082 publicis
578 2048 743 2076 rationibus
767 2048 906 2084 subjecit,
938 2057 1022 2077 sum-

192 2090 292 2126 ptibus
304 2091 479 2119 necessariis
505 2092 646 2120 duntaxat
676 2092 719 2120 illi
749 2093 880 2129 redictis,
910 2093 1022 2121 caeteris

192 2143 259 2162 vero
273 2135 343 2163 fisco
359 2136 520 2164 attributis.
537 2136 612 2164 Dum
628 2137 720 2173 igitur
734 2137 763 2165 in
781 2138 844 2165 dies
860 2137 914 2166 hoc
935 2139 1021 2166 modo

192 2178 272 2207 aliud
288 2188 321 2208 ex
332 2180 389 2208 alio
406 2183 502 2215 novat,
519 2181 652 2209 omnium
682 2183 711 2209 in
727 2191 757 2210 se
786 2183 852 2210 odia
879 2182 1021 2218 suscepit,

191 2225 252 2252 tam
281 2224 400 2253 Patrum
426 2225 659 2262 conscriptorum
689 2235 778 2262 quam
806 2227 910 2262 plebis,
933 2230 1021 2263 atque

193 2268 282 2296 etiam
298 2269 438 2305 militum,
455 2269 564 2306 quibus
577 2279 627 2298 nec
639 2270 711 2306 ipsis
741 2271 879 2306 pepercit,
910 2271 1023 2306 quomi-

195 2321 252 2341 nus
267 2322 353 2349 opers
372 2322 474 2342 eorum
498 2314 697 2348 imminuerat,
725 2323 782 2351 prae
798 2315 909 2343 caeteris
924 2317 1020 2343 autem
1039 2325 1062 2357 Β

193 2357 330 2385 omnibus
345 2367 447 2386 eorum
463 2358 514 2394 qui
524 2359 554 2386 in
563 2359 749 2387 monasteriis
759 2361 875 2387 atatem
891 2359 1022 2395 exigunt.

194 2401 302 2428 Verum
319 2401 393 2430 nihil
408 2402 494 2431 illum
511 2404 547 2431 ab
562 2403 698 2431 instituto
710 2403 903 2435 deduxit.non
919 2404 1022 2439 oratio,

193 2452 253 2471 non
281 2449 386 2480 metus,
412 2456 468 2475 non
498 2448 610 2484 odium,
638 2456 696 2476 non
713 2448 920 2484 reprehensio:
950 2449 1022 2476 adeo

194 2487 356 2516 sustulerat
371 2490 484 2519 animos
500 2494 587 2528 atque
608 2492 799 2520 intumuerat.

1074 1693 1271 1729 ἀνεστήλωσεν,
1301 1693 1493 1730 ἀνατεταμένον
1517 1694 1567 1728 τήν
1594 1694 1686 1730 χεῖρα,
1713 1692 1845 1731 φέρουσαν
1864 1689 1890 1716 τὸ

1075 1738 1150 1777 ξίφος
1172 1739 1287 1776 γυμνὸν,
1314 1739 1385 1766 οὕτω
1411 1739 1455 1766 καὶ
1484 1741 1543 1768 τοῖς
1571 1737 1730 1774 πράγμασιν
1761 1736 1889 1772 ἐπήνεγκεν

1076 1783 1181 1816 ἑαυτὸν,
1208 1785 1252 1809 καί
1280 1782 1387 1819 τέμνειν
1416 1782 1514 1810 αὐτίκα
1537 1781 1742 1819 παρεσκεύαστο
1765 1782 1798 1808 τὰ
1820 1778 1890 1812 οἰδή-

1078 1837 1158 1862 ματα,
1175 1825 1239 1854 ἀλλ’
1254 1826 1284 1854 οὐ
1315 1826 1464 1863 μαλάσσειν
1477 1825 1535 1854 οὐδ’
1550 1825 1714 1863 ἐμπλάττειν
1732 1826 1767 1853 τὰ
1787 1822 1888 1852 ὕπουλα.

1075 1871 1154 1899 ’ΌΘεν
1181 1869 1244 1898 οὐδὲ
1272 1870 1297 1906 ἐξ
1333 1871 1417 1909 οὗπερ
1442 1873 1491 1898 τοῦ
1519 1870 1634 1908 κράτους
1664 1867 1765 1905 ἐπέϐη,
1793 1868 1834 1896 καὶ
1860 1866 1891 1897 είς

1076 1911 1189 1951 ἔννομον
1219 1914 1308 1953 ἀρχὴν
1323 1916 1373 1950 τὴν
1398 1915 1460 1952 πρὶν
1491 1915 1572 1943 αὐτοῦ
1600 1913 1747 1951 τυραννίδα
1778 1913 1892 1950 μετήνεγ-

1075 1969 1130 1994 κεν,
1160 1958 1324 1991 ἀναποδίσας
1340 1960 1394 1998 τὴν
1404 1962 1454 1988 τοῦ
1469 1960 1522 1998 πρὸ
1537 1959 1621 1987 αὐτοῦ
1650 1959 1750 1997 πρᾶξιν
1773 1957 1892 1994 ἀνέτρεψι,

1075 2003 1119 2030 καὶ
1151 2002 1201 2031 siin
1237 2003 1338 2036 ἐκεῖνός
1377 1995 1444 2032 νισιν
1481 1995 1677 2041 ίδωρήσαιτο,⁷
1696 2004 1826 2042 ἀφῃρεῖτο
1855 1999 1891 2027 καὶ

1077 2047 1215 2086 ἀπεστέρει
1230 2048 1293 2080 τοὺς
1320 2048 1480 2088 εἴληφότας,
1510 2048 1583 2076 ἀλλά
1610 2048 1655 2076 καὶ
1684 2050 1740 2076 τῶν
1756 2048 1808 2085 πρὸ
1833 2043 1890 2073 118i-

1075 2102 1124 2120 νου
1147 2093 1241 2120 πολλὰ
1253 2093 1391 2130 καθῄρησε
1406 2093 1451 2120 καὶ
1469 2092 1596 2128 ἠθέτησε,
1611 2092 1657 2120 καὶ
1673 2092 1706 2120 οὗ
1725 2091 1807 2129 μόνον
1820 2091 1891 2118 ταῦτα

1076 2138 1144 2174 πρὸς
1159 2138 1191 2165 τὸ
1206 2136 1333 2174 annos“
1364 2137 1459 2173 έποίει,
1490 2136 1552 2165 ἀλλ’
1582 2136 1646 2165 οὐὸὶ
1674 2138 1729 2164 τῶν
1744 2138 1792 2171 τῆς
1805 2143 1889 2173 γερου-

1076 2181 1133 2213 σίας
1163 2181 1294 2221 έφείδετο.
1322 2181 1387 2210 Εἶτα
1415 2179 1573 2219 προϐαίνων
1593 2182 1639 2209 καὶ
1665 2181 1736 2209 κατὰ
1758 2183 1805 2208 τοῦ
1827 2177 1888 2211 θείου

1077 2225 1213 2264 ἐχώρησε,
1243 2226 1288 2254 καὶ
1317 2225 1411 2254 πολλά
1438 2228 1491 2254 τῶν
1519 2229 1579 2257 τοῖς
1607 2226 1670 2264 παρ’
1691 2225 1800 2254 ἰκείνων
1815 2222 1889 2259 δομη-

1078 2273 1145 2302 θεῖαι
1172 2270 1391 2309 φροντιστηρίοις
1417 2270 1612 2308 ἀφιερωμένων
1642 2269 1854 2308 ἠκρωτηρίασεν.
1876 2264 1890 2299 ἢ

1079 2314 1185 2351 μᾶλλον
1230 2314 1410 2352 ἐκλογισμοῖς
1452 2313 1619 2342 ὑποϐάλλων
1653 2314 1720 2345 τοὺς
1757 2313 1782 2342 ἐν
1810 2311 1889 2340 αὐτοῖς

1080 2359 1262 2396 ἀσκουμένους
1281 2381 1289 2393 ,
1317 2359 1361 2386 καὶ
1388 2360 1438 2394 τήν
1468 2359 1632 2397 ἀποχρῶσαν
1663 2358 1758 2390 αὐτοῖς
1786 2356 1892 2388 δαπάνην

1078 2403 1233 2439 ἀπονέμων,
1262 2403 1296 2431 τὰ
1322 2402 1406 2431 λοιπᾶ
1420 2405 1460 2440 τῷ
1485 2402 1613 2440 δημοσίῳ
1639 2403 1764 2442 ἀφωσίου
1790 2400 1832 2429 καὶ
1846 2399 1892 2427 ἀνι-

1079 2445 1211 2485 λάμϐανε.
1242 2448 1290 2475 Καὶ
1319 2447 1392 2476 ἄλλο
1408 2448 1450 2475 ἀπ’
1465 2446 1544 2484 ἄλλῳ
1557 2448 1617 2480 καθ’
1643 2448 1760 2483 ἑκάστην
1774 2445 1892 2482 ὶνεόχμου

1077 2495 1214 2520 τοιοῦτον.
1243 2493 1379 2524 Ἐντεῦθεν
1402 2493 1500 2520 ἅπασιν
1525 2492 1559 2527 ἧν
1577 2492 1704 2528 μισητὸς,
1719 2494 1760 2528 τῷ
1773 2501 1802 2519 τε
1815 2489 1890 2524 δημο-

195 2533 265 2574 τφξῷ
283 2531 396 2567 πλήθη,
424 2535 458 2570 τῇ
474 2545 502 2562 τε
531 2537 677 2573 συγκλήτῳ
695 2534 794 2574 βουλῇ,
823 2534 897 2563 ἀλλὰ
930 2535 1022 2573 μέντοι
1049 2537 1095 2564 καὶ
1123 2537 1163 2573 τῷ
1191 2539 1389 2574 στρατιωτικῷ,
1405 2535 1468 2564 οὐδὲ
1487 2537 1539 2574 γὰρ
1555 2535 1613 2563 οὐδ’
1638 2535 1744 2564 ἐκείνου
1767 2533 1890 2571 ἀπείχιτοι

194 2573 267 2602 ἀλλά
279 2574 411 2605 κάκείνοις
427 2576 558 2612 ἀπεμιίου
581 2581 629 2609 τὰς
658 2578 797 2616 εὐπορίας,
814 2579 858 2606 καὶ
874 2581 928 2606 τῶν
945 2578 1038 2607 ἄλλων
1057 2579 1164 2616 μᾶλλον
1178 2573 1237 2610 τοῖς
1252 2580 1278 2607 ἰν
1293 2582 1351 2610 τοῖς
1367 2573 1499 2616 σεμνείοις
1513 2573 1562 2614 τὴν
1581 2580 1653 2614 ζωὴν
1677 2578 1822 2608 διανύουσι.
1843 2574 1887 2603 Τὸν

192 2617 311 2664 patebat»
327 2619 416 2656 ἀπῆγι
429 2623 483 2647 τῶν
496 2621 688 2660 ἐγχειρήσεων,
706 2623 737 2650 οὐ
754 2623 852 2661 λόγος,
868 2623 898 2651 οὐ
912 2622 983 2658 δέος,
1002 2624 1033 2652 οὐ
1049 2627 1139 2661 μῖσος,
1155 2624 1186 2652 οὐ
1202 2625 1297 2662 ψόγος,
1313 2623 1399 2656 οὕτως
1415 2623 1517 2662 ἰπῆρτο
1532 2625 1564 2652 τὸ
1576 2622 1705 2664 φρόνημα
1720 2623 1766 2652 καὶ
1781 2621 1884 2650 οίόὦσαν

192 2663 322 2700 ἐκέκτητο
337 2664 387 2699 τὴν
404 2665 508 2701 ψυχήν.

227 2709 365 2746 V.Neque
379 2717 446 2738 vero
453 2709 622 2745 patriarcha
630 2712 769 2748 superbia
781 2712 824 2740 illi
831 2712 962 2748 cedebat,
971 2712 1021 2741 sed

1113 2712 1150 2747 E',
1183 2711 1261 2740 Ἀλλ’
1290 2711 1347 2740 οὐδ’
1372 2712 1386 2740 6
1414 2712 1588 2751 πατριάρχης
1615 2713 1698 2749 ἧττον
1723 2711 1822 2740 ἐκείνου
1847 2716 1887 2735 πιε

836 2779 938 2810 Variae
951 2777 1102 2810 lectiones
1118 2782 1149 2810 et
1163 2782 1257 2811 notm.

229 2830 355 2871 g51)__T_o§
372 2830 433 2871 βίου
449 2828 522 2871 αὐτῷ
537 2829 676 2871 κοινφνόν.
693 2832 908 2868 Aieatherinam,
924 2831 960 2860 ad
977 2840 1021 2869 qua

1078 2833 1188 2870 scripta
1204 2833 1312 2870 legitur
1326 2832 1417 2862 Pselll
1431 2833 1555 2870 epistola
1571 2834 1600 2863 in
1615 2835 1681 2863 cod.
1701 2836 1772 2871 Reg.
1795 2831 1845 2860 hoc
1856 2827 1886 2857 ti-

192 2864 266 2900 tulo,
276 2864 323 2903 ‘Tﬁ
339 2864 464 2903 δεὰποίνῃ
480 2864 656 2904 Αίκατιρίτῃ.
