2032 3167
130 208 193 238 245

767 204 977 237 ANNALIUM
1000 206 1076 238 LIB.
1097 209 1208 241 XVIII.

1775 213 1835 243 248

133 274 337 313 φρονημάτιστο
354 295 360 302 .
390 272 503 306 ’Ἦθελεν
533 271 579 300 οὖν
604 271 756 300 ὶπιτάσσειν
784 271 859 316 αύτῷ
875 272 956 316 ,γκαὶ

1024 281 1157 310 mperare
1166 276 1209 304 illi
1222 277 1345 314 volebat,
1357 286 1390 306 ac
1401 278 1425 306 si
1438 279 1556 315 quando
1567 263 1625 308 non
1644 279 1833 316 impetrasset

131 318 224 346 εἷ’ποτι
250 319 318 355 πρὸς
347 318 380 346 τὰ
401 317 546 354 αἰτούμενα
572 316 769 354 ἀπετύγχανεν,
797 316 811 344 ὁ
828 315 857 343 Si
880 315 956 343 ἐδυσ-

131 363 263 401 χὲραινε,
290 362 335 390 καὶ
372 362 482 398 ἠπείλει
518 362 564 390 καὶ
590 360 728 398 ἐπετίμα,
757 361 812 388 εἶτα
846 361 891 388 καὶ
921 361 958 392 ὡς

131 407 213 439 αὐτὸς
229 407 304 443 αὐτῷ
321 407 371 441 τὴν
401 406 537 444 βασιλείαν
563 405 786 442 ἀπονενεμηκὼς,
810 405 889 436 αὐτὸς
912 405 957 432 καὶ

133 452 279 490 ἀφελέσθαι
316 452 416 486 ταύτην
448 451 565 483 εἰσαῦθις
595 449 754 486 ἠπείλησε.
780 450 871 478 Ταῦτα
908 449 959 477 οὐκ

132 496 166 531 ἦν
192 494 275 524 οἷ’σειν
304 496 351 524 τὸν
383 495 497 534 βασιλέα
527 496 629 523 ἐκεῖνον
659 495 785 525 ἐπιεικῶς
803 516 810 529 ,
840 492 882 521 διὸ
914 493 959 520 καὶ

133 540 229 579 δράσαι
257 541 320 580 πρίν
360 551 386 568 τι
415 540 500 572 πάθοι
539 539 764 577 προεμηθεύσατο
781 560 788 567 .
814 540 866 565 Τοῦ
895 540 960 575 γοῦν

131 585 307 624 πατριάρχου
336 584 374 616 εἷς
397 585 448 619 τὴν
478 584 578 612 οἰκείαν
609 582 774 615 ἀπελθόντος
792 583 890 619 μονὴν,
903 580 958 617 ⁴ἥδη

129 634 180 665 τῆς
195 629 376 668 πανηγύρεως
403 629 560 668 ἐφεστώσης
587 630 642 656 τῶν
659 628 686 655 ἐν
702 628 770 664 αὖτῇ
795 627 958 663 τιμωμένων

131 674 264 712 οὐρανίων
301 674 446 710 Δυνάμεων
472 695 479 708 ,
508 673 544 701 ’ίν²
584 672 700 710 ἑορτάς-ῃ
738 671 929 709 λαμπρότερον
951 686 959 694 -

132 719 243 756 πέμψας
271 718 326 746 ἐκεῖ
355 721 437 756 χεῖρα
465 718 662 754 στρατιωτικὴν
684 717 698 744 ὁ
727 718 832 754 κρατῶν
851 715 959 753 (οὐγὰρ

132 763 229 799 ἤθελεν
259 764 289 791 εκ
315 766 365 798 τῆς
392 764 440 790 τοῦ
468 764 535 790 Θεοῦ
565 761 655 800 Λόγου
685 761 786 798 Σοφίας
815 760 861 788 τὸν
877 758 960 798 ἄνδρα

130 810 309 846 καταγαγεῖν,
337 806 384 835 ’ίνα
415 807 454 844 μὴ
481 807 554 846 παρὰ.
581 809 622 843 τῷ
650 805 748 844 κλήρῳ
765 827 772 841 ,
802 805 820 840 ἢ
849 804 894 832 καὶ
920 806 960 840 τῷ

135 851 218 890 δήμῳ
248 850 364 890 θόρυϐος
386 852 518 890 γένηται),
549 851 651 879 ἐκεῖνόν
679 861 709 878 τε
735 850 779 877 καὶ
805 849 868 880 τοὺς
892 848 959 876 ἐκεί-

133 909 183 925 νου
208 896 334 935 ἀνεψιοῦς
363 896 491 928 συνόντας
515 897 589 932 αὺτῷ
615 894 774 933 ὑπερορίους
800 896 885 922 ποιεῖ.
914 893 960 920 Εἷ-

130 952 164 970 τα
193 942 237 969 καὶ
265 941 419 979 καθαιρέσει
450 938 598 968 ὑποϐαλεῖν
633 939 712 967 αὐτὸν
743 937 788 966 διὰ
816 936 957 978 φροντίδος

132 986 238 1014 ἐτίθετο
256 1007 263 1021 ,
292 985 339 1014 καί
377 996 431 1013 τισι
458 987 512 1012 τῶν
542 984 692 1022 ἀρχιερέων
721 985 862 1021 συνεργοῖς
890 982 958 1019 πρὸς

137 1033 219 1058 τοῦτο
248 1030 391 1068 ἐκέχρητο,
416 1029 462 1057 καὶ
484 1031 525 1065 τῷ
564 1027 669 1064 Ψελλῷ
705 1027 874 1063 αἲτιαμάτων
903 1027 959 1063 (52)

140 1074 254 1103 πολλῶν
279 1074 324 1102 καὶ
354 1073 513 1102 ἀλλοκότων
541 1075 714 1110 ωναγωγεῖ,
744 1071 760 1099 ἃ
783 1071 808 1098 ἐν
836 1073 876 1106 τῷ
903 1070 961 1098 κατ’

141 1119 245 1147 ἐκείνου
268 1118 344 1156 λόγῳ
366 1118 527 1156 συνήθροισὲ
549 1127 580 1145 τε
602 1117 647 1144 καὶ
663 1117 858 1154 συνιγράψατο,
880 1113 962 1150 δηλοῖ

140 1174 170 1191 τε
191 1163 236 1191 διά
259 1173 340 1191 τινων
365 1165 405 1199 τῷ
430 1161 517 1201 ἀνδρὶ,
542 1161 704 1189 ἀπείπασθαι
727 1161 778 1195 τὴν
802 1169 933 1196 ποιμαντι
949 1174 962 1180 -

140 1207 252 1243 κὴν,ἵν’
279 1207 347 1235 ἑκὼν
376 1207 460 1242 αὐτὴν
489 1205 557 1244 δοκῇ
586 1207 784 1244 παραιτεῖσθαι,
812 1205 849 1235 ὡς
877 1203 900 1231 εἰ
924 1203 962 1239 μὴ

138 1255 233 1287 τοῦτο,
260 1252 306 1280 καὶ
334 1251 405 1279 όίκων
439 1251 522 1286 αὐτὴν
550 1251 783 1290 ἀφαιρεθήσεται,
813 1249 851 1279 εἰς
883 1248 963 1285 μὲσον

140 1298 198 1325 κατ’
223 1296 306 1325 αὐτοῦ
328 1297 531 1334 προτιθεμένων
560 1295 748 1332 αἴτιαμάτων.
777 1295 821 1326 Ὡς
849 1292 871 1322 δ’
896 1293 965 1321 ἰκεῖ-

140 1352 185 1373 νος
211 1342 261 1369 οὐκ
287 1342 321 1377 ἦν
351 1341 469 1369 ὑπείκων
496 1342 535 1378 τῷ
563 1343 612 1368 τοῦ
643 1338 778 1378 βασιλίως
806 1339 966 1375 θελήματι,

143 1387 254 1426 φροντὶς
283 1387 316 1421 ἦν
333 1388 372 1422 τῷ
392 1388 535 1423 κρατοῦντι
564 1385 626 1423 περὶ
655 1388 704 1419 τῆς
732 1384 817 1412 αὐτοῦ
841 1381 968 1421 καθαιρὲ-

144 1441 231 1462 σεως.
261 1429 339 1459 Ἀλλ’
364 1429 431 1469 ἔφθη
457 1429 542 1461 λύσας
571 1431 620 1465 τὴν
648 1427 776 1468 φροντίδα
802 1430 850 1456 τοῦ
876 1437 970 1465 πατρι-

145 1475 234 1514 άρχου
250 1476 264 1503 ὁ
283 1475 406 1506 θάνατος.
434 1475 500 1503 Μετ’
523 1473 620 1512 ὀλίγου
651 1473 701 1511 γὰρ
734 1473 888 1510 μεθίσταται
915 1473 969 1500 τῶν

145 1518 250 1552 ἑνθίνδε
280 1520 295 1547 ὁ
323 1518 516 1557 πατριάρχης,
545 1518 590 1546 καί
618 1529 660 1550 τις
688 1520 728 1554 τῷ
755 1519 895 1554 Κομνηνῷ
921 1517 971 1551 τήν

147 1564 251 1592 ἐκείνου
267 1563 463 1602 εὐηγγελίσατο
492 1562 633 1598 τελευτὴν,
660 1563 697 1593 ὡς
726 1561 877 1600 φροντίδων
894 1560 972 1589 αὐτὸν

148 1608 393 1636 ἀπαλλάττουσαν.
424 1608 455 1636 Ὁ
479 1606 502 1634 δ’
531 1607 609 1639 εὐθὺς
638 1606 800 1644 μιτεγνώκει
830 1605 875 1633 καὶ
904 1605 975 1632 ἀνω-

150 1651 267 1688 λόλυξε,
304 1652 348 1679 καὶ
376 1651 422 1679 τὸν
450 1651 551 1679 ἐκείνου
573 1650 666 1689 νεκρὸν
698 1643 754 1687 μετ’
783 1649 893 1686 ίντίμου
920 1652 970 1684 τῆς
986 1643 1007 1676 Cu

149 1699 321 1733 προπομπῆς
344 1695 374 1724 ἐκ
410 1699 460 1730 τῆς
498 1695 643 1733 ὑπερορίας
669 1695 806 1733 ἀναγαγὼν
826 1717 834 1728 ,
860 1693 897 1725 είς
921 1694 970 1728 τήν

149 1739 231 1767 αὐτοῦ
257 1741 340 1776 μονήν
364 1739 515 1776 ἐναπέθετο,
540 1739 584 1767 καὶ
608 1739 671 1770 τοὺς
695 1739 798 1772 ἐκείνου
811 1737 973 1778 ἀδελφιδοὺς

149 1784 226 1816 αὖθις
252 1784 468 1820 ἀποκατέστησεν
499 1784 526 1815 ἐς
555 1784 603 1816 τὰς
631 1783 764 1822 προτέρας
800 1783 883 1820 τιμάς
898 1804 905 1811 .
933 1784 973 1820 Τῇ

150 1828 173 1857 δ’
203 1828 354 1865 Ἐκκλησία
392 1829 438 1856 τὸν
475 1827 608 1867 πρόεδρον
644 1828 690 1856 καὶ
728 1825 976 1866 πρωτοϐεστιάριον

150 1876 350 1902 Κωνσταντῖνον
378 1874 424 1901 τὸν
461 1871 617 1911 Λειχούδην
647 1873 863 1908 ἀντικατίστησε,
892 1871 976 1910 ἄνδρα

150 1921 209 1950 ταῖς
237 1921 291 1946 τῶν
327 1920 426 1946 κοινῶν
463 1918 631 1956 πραγμάτων
671 1916 715 1945 ἐπί
745 1917 847 1955 μακρὸν
877 1917 977 1955 ἒμπρὲ-

151 1965 237 2000 ψαντα
278 1962 453 1998 διοικήσεσι,
494 1963 538 1990 καὶ
580 1961 748 2000 ἀνέγκλητον
791 1960 975 1998 διαμείναντα,

152 2008 226 2045 ᾧπερ
243 2009 256 2036 ὁ
272 2008 470 2045 Μονονομάχος
486 2007 531 2035 καὶ
546 2007 595 2042 τὴν
616 2007 672 2034 τῶν
697 2007 848 2045 Μαγγάνων
869 2007 977 2034 ἀνέθετο

151 2052 292 2090 πρόνοιαν,
307 2052 353 2080 καὶ
367 2052 402 2080 τὰ
415 2051 477 2090 περὶ
493 2055 544 2087 τῆς
556 2050 709 2089 ἐλευθερίας
723 2052 812 2079 αὑτῶν
828 2050 978 2078 ἐνεπίστευ-

152 2107 195 2125 σεν
212 2095 343 2136 ἔγγραφα.
368 2098 455 2134 "Amp
482 2096 524 2134 ὑφ’
551 2096 645 2124 ὶαυτὸν
672 2096 686 2123 ὁ
710 2096 853 2132 Κομνηνὸς
877 2094 976 2123 team

151 2143 327 2178 ποιήσασθαι,
344 2142 453 2178 σκέμμα
479 2151 504 2168 τι
537 2143 691 2178 μηχανᾶται
716 2140 849 2178 πονηρίας
876 2139 978 2176 ἀνάμε-

151 2197 224 2221 στον,
240 2185 286 2214 καὶ
297 2185 376 2213 τόκον
388 2185 449 2217 νοὸς
459 2183 671 2222 κακοδαίμονος.
686 2184 759 2213 Ἐπεὶ
770 2185 822 2223 γὰρ
838 2185 852 2212 ὁ
865 2183 981 2222 Λειχοῦ-

153 2229 202 2266 ὃης
218 2230 352 2268 ἰψήοιοτό
377 2240 407 2258 τε
430 2231 473 2258 καὶ
499 2229 719 2268 προκεχείριστο,
747 2229 792 2257 καὶ
816 2228 903 2267 ἱερεὺς
922 2228 977 2265 ἤδη

152 2275 373 2313 κεχειροτόνητο,
401 2273 436 2303 δι’
466 2274 629 2312 ἀπορῥῄτων
660 2273 734 2310 αὐτῷ
764 2273 873 2310 μηνύει,
903 2272 980 2311 λεγι-

1012 325 1045 346 ea
1058 327 1121 355 quas
1131 321 1265 356 petierat,
1276 331 1350 359 (egre
1361 323 1484 357 ferebat,
1501 324 1672 360 increpabat
1685 333 1692 354 :
1708 324 1836 360 denique

1011 363 1180 393 minabatur
1186 368 1431 402 quemadmodum
1439 368 1596 404 imperium
1604 368 1645 396 illi
1653 368 1835 403 contulisset,

1013 408 1128 436 seidem
1148 409 1190 437 illi
1203 413 1346 446 ereptum.
1359 412 1425 444 Quae
1437 421 1501 441 cum
1513 414 1582 441 talis
1602 413 1762 449 imperator
1782 413 1837 441 fer-

1014 460 1044 480 re
1054 461 1137 488 aequo
1149 455 1246 482 animo
1257 455 1335 483 haud
1348 457 1449 493 utique
1460 460 1569 493 posset,
1582 458 1755 493 providit,ut
1768 465 1836 485 ma—

1014 496 1076 524 lum
1085 498 1168 525 daret
1179 499 1276 534 potius
1291 508 1379 535 quam
1391 501 1563 529 ferret.Cum
1574 501 1838 538 igiturpatriarcha

1014 541 1045 568 in
1053 550 1140 570 suum
1151 544 1374 576 monasterium.
1393 545 1420 572 in
1426 547 1521 574 stente
1532 549 1699 574 sanctorum
1713 546 1837 582 Angelo-

1015 594 1091 620 rum,
1108 587 1158 622 qui
1172 588 1214 616 ibi
1239 588 1420 624 colebantur,
1446 590 1530 623 festo,
1556 592 1589 618 ut
1609 590 1682 619 illud
1706 590 1837 628 splendi-

1015 630 1082 659 dius
1099 631 1270 666 celebraret,
1286 633 1383 662 iturus
1398 637 1493 661 esset:
1511 635 1604 662 missa
1627 635 1698 662 illuc
1719 635 1838 663 cohorte

1016 675 1142 703 militum
1161 678 1224 711 (nec
1238 678 1317 705 enim
1333 687 1401 706 eum
1430 687 1464 706 ex
1488 678 1611 706 ecclesia.
1633 679 1722 707 Verbi
1745 679 1838 707 divini

1015 720 1169 756 Sapientiae
1185 721 1307 750 avellere
1327 723 1426 758 voluit,
1445 731 1480 751 ne
1508 722 1552 751 vel
1577 723 1646 751 cleri
1667 723 1711 751 vel
1737 723 1838 759 populi

1015 768 1114 793 motus
1130 766 1266 802 oriretur)
1281 769 1309 794 et
1324 767 1421 803 ipsum
1438 770 1467 795 et
1483 769 1604 804 nepotes
1628 768 1691 803 eius
1716 767 1836 803 relegat.

1015 809 1125 837 Deinde
1141 811 1176 838 de
1201 811 1368 847 abrogando
1396 812 1438 840 illi
1467 812 1667 848 patriarcbatu
1694 811 1838 847 cogitans,

1015 862 1102 889 opera
1116 856 1308 889 quorumdam
1319 857 1526 892 primariorum
1539 857 1723 885 sacerdotum
1736 856 1838 891 utitur,
1887 882 1890 885 .

1016 902 1044 927 et
1060 899 1145 927 Pselli
1159 900 1306 928 variarum
1322 904 1350 929 et
1378 902 1575 930 absurdarum
1598 901 1839 930 criminatiouum

974 957 999 990 B
1016 945 1237 979 coacervatoris,
1253 954 1327 981 quas
1342 946 1371 973 in
1388 948 1519 975 oratione
1535 950 1636 975 contra
1652 946 1736 974 illum
1766 945 1839 974 scri-

1014 991 1063 1024 pta
1078 990 1235 1024 congessit,
1252 992 1280 1017 et
1300 998 1350 1026 per
1363 992 1506 1026 quosdam
1535 992 1598 1019 viro
1622 991 1778 1027 signiﬁcat,
1806 991 1840 1018 ut

1015 1033 1144 1066 simulet,
1160 1041 1190 1060 ee
1213 1034 1287 1062 ultro
1314 1035 1487 1070 pontificatu
1512 1035 1626 1070 cedere,
1651 1042 1739 1071 quem
1763 1034 1835 1063 alio-

1016 1076 1086 1112 quin
1101 1076 1209 1105 invitus
1221 1086 1286 1105 cum
1299 1078 1416 1114 publica
1426 1079 1550 1107 infamia
1557 1080 1595 1107 sit
1605 1080 1781 1108 amissurus.
1799 1078 1837 1108 Ut

1017 1123 1114 1149 autem
1131 1121 1179 1149 ille
1191 1122 1402 1157 rel‘ragabatur,
1415 1123 1600 1159 imperatoris
1624 1124 1660 1152 de
1674 1124 1738 1160 ejus
1753 1131 1840 1152 exau-

1018 1166 1178 1193 ctoratione
1207 1167 1434 1195 sollicitudinem
1461 1176 1540 1196 mors
1568 1168 1700 1196 sustulit.
1739 1168 1841 1204 Neque

1019 1211 1097 1238 enim
1115 1210 1207 1238 multo
1237 1214 1303 1247 post
1329 1211 1409 1240 illius
1443 1212 1715 1249 obitusaquodam
1744 1215 1788 1241 est
1814 1212 1842 1240 ei

1021 1255 1183 1283 nuntiatus.
1200 1256 1253 1288 Qui
1270 1264 1335 1284 curn
1352 1265 1383 1284 se
1400 1257 1476 1285 270
1492 1257 1641 1285 lectumilli
1653 1258 1756 1286 atl‘erre
1765 1265 1844 1286 nun-

1020 1300 1095 1328 tium
1111 1302 1140 1327 et
1155 1309 1240 1328 curae
1268 1301 1474 1336 adempturum
1502 1303 1640 1337 putaret:
1666 1302 1714 1330 ille
1744 1302 1844 1331 statim

1023 1347 1137 1372 mutata
1152 1346 1299 1373 sententia
1326 1345 1459 1381 ejulavit,
1485 1347 1607 1382 ejusque
1632 1347 1755 1375 cadaver
1777 1355 1845 1374 cum

1024 1389 1184 1417 honoriﬁco
1200 1391 1338 1417 comitatu
1353 1391 1388 1418 ab
1406 1390 1508 1418 exsilio
1536 1393 1703 1419 revocatum
1729 1391 1759 1418 in
1783 1399 1846 1419 mo-

1025 1433 1154 1461 nasterio
1165 1434 1200 1461 ab
1212 1433 1260 1461 illo
1271 1435 1387 1462 condito
1398 1435 1541 1470 reposuit,
1552 1435 1708 1471 nepotibus
1717 1435 1847 1471 ejuspri-

1026 1478 1103 1506 stina
1113 1478 1256 1513 dignitate
1279 1479 1423 1506 restituta.
1442 1479 1472 1507 In
1484 1478 1613 1507 Ecclesia
1624 1487 1692 1508 vero
1704 1479 1848 1508 Constan-

1026 1523 1122 1550 tinum
1133 1522 1292 1550 Lichudem
1303 1523 1455 1558 praesidem
1469 1525 1497 1550 et
1509 1524 1764 1559 protovestiarium
1776 1532 1847 1551 con-

1028 1567 1134 1599 stituit,
1143 1566 1238 1594 virum
1250 1567 1335 1603 longo
1349 1570 1480 1603 tempore
1492 1567 1522 1595 in
1542 1567 1849 1596 administrationibus

1029 1618 1127 1638 rerum
1139 1612 1340 1638 communium
1357 1620 1424 1639 cum
1440 1612 1526 1640 laude
1534 1613 1851 1648 versatum,spectatee-

1027 1663 1084 1690 que
1113 1655 1190 1688 ﬁdei,
1220 1655 1266 1682 cui
1309 1656 1470 1684 Monachus
1513 1656 1601 1684 etiam
1638 1657 1852 1694 Manganorum

1028 1699 1188 1727 ceconomia
1203 1700 1370 1735 commissa,
1387 1700 1502 1728 tabulas
1519 1701 1554 1728 de
1571 1700 1688 1729 illorum
1708 1700 1851 1729 immuni-

1029 1746 1088 1771 tate
1103 1743 1301 1778 commiserat,
1332 1752 1406 1780 quas
1431 1753 1498 1772 cum
1520 1745 1575 1773 sibi
1600 1745 1750 1774 vindicare
1772 1747 1852 1774 Gom-

1030 1796 1125 1816 nenus
1139 1791 1309 1816 conaretur:
1338 1792 1538 1817 commentum
1569 1789 1769 1826 improbitatis
1789 1789 1851 1826 ple-

1029 1841 1100 1860 num
1116 1833 1271 1868 excogitat,
1289 1841 1321 1860 ac
1338 1833 1424 1868 plane
1440 1836 1557 1869 partum
1574 1834 1733 1869 quemdam
1749 1834 1851 1862 diabo-

1030 1876 1090 1904 licae
1107 1877 1215 1905 mentis
1229 1877 1300 1905 edit.
1317 1878 1388 1905 Nam
1405 1886 1471 1906 cum
1487 1878 1631 1907 Lichudes
1647 1887 1698 1914 per
1712 1878 1853 1915 suﬁragia

1031 1921 1153 1955 electus,
1178 1929 1211 1949 ac
1240 1921 1375 1949 sacerdos
1400 1922 1462 1957 jam
1492 1925 1606 1950 creatus
1630 1924 1717 1958 esset,
1746 1930 1853 1951 arcano

1031 1974 1098 1993 eum
1111 1967 1221 1999 monet,
1237 1966 1293 1993 dici
1305 1967 1438 2001 quadam
1451 1975 1514 2003 quas
1530 1975 1545 1995 ε
1556 1967 1743 2003 patriarcbali
1756 1967 1852 1995 ofﬁcio

1031 2010 1115 2037 illum
1132 2012 1275 2043 arcerent,
1291 2012 1320 2037 et
1343 2010 1368 2037 si
1392 2010 1421 2037 in
1447 2011 1558 2047 synodo
1580 2011 1773 2047 agitarentur,
1800 2019 1854 2039 nec

1033 2054 1087 2082 rite
1115 2055 1348 2088 confutarentur,
1378 2063 1435 2082 non
1461 2063 1547 2090 posse
1572 2063 1639 2082 eum
1666 2055 1855 2090 pontiﬁcatus

1034 2099 1202 2126 unctionem
1219 2098 1354 2134 adipisci.
1378 2098 1486 2126 Verum
1512 2098 1537 2126 si
1562 2099 1775 2135 Manganorum
1797 2098 1857 2126 sibi

1034 2142 1185 2179 privilegia
1199 2143 1340 2175 traderet,
1357 2151 1387 2170 se
1412 2142 1614 2179 neglecturum
1637 2142 1857 2170 criminationes

1034 2186 1100 2213 illas
1115 2194 1210 2221 neque
1224 2186 1436 2221 impedimento
1452 2187 1512 2215 fore
1528 2186 1689 2223 quominus
1717 2189 1857 2223 ungatur.

1035 2231 1192 2264 Lichudes,
1206 2231 1257 2266 qui
1272 2231 1382 2259 videret
1402 2240 1459 2260 non
1475 2231 1563 2260 licere
1579 2231 1635 2259 sibi
1651 2231 1687 2258 ad
1700 2230 1858 2267 pristinam

1035 2275 1233 2303 conditionem
1249 2275 1353 2309 redire,
1370 2275 1412 2304 sic
1441 2285 1507 2304 vero
1532 2284 1651 2304 manere
1673 2277 1759 2311 turpe
1782 2283 1858 2310 esse,

154 2320 214 2347 σθαί
228 2330 288 2348 τινα
313 2320 371 2348 κατ’
402 2319 496 2354 αὐτοῦ,
520 2319 684 2356 ἀπείργοντα
710 2320 758 2346 τοῦ
784 2319 906 2356 ἱερᾶσθαι
933 2318 966 2346 αὖ

1033 2327 1154 2356 propere
1175 2319 1272 2347 allatis
1299 2320 1334 2347 iis
1364 2328 1427 2355 qua:
1455 2321 1643 2356 putabantur,
1663 2319 1780 2348 nemine
1805 2319 1857 2348 0b-

154 2364 212 2400 τὸν,
239 2364 284 2391 καὶ
312 2363 335 2392 εί
366 2365 404 2401 μὴ
432 2366 516 2392 ταῦτα
542 2362 687 2399 λαληθεῖεν
713 2362 759 2390 καὶ
780 2362 885 2390 λυθεῖεν
901 2373 976 2390 συνο-

1032 2366 1138 2397 stante,
1156 2363 1304 2399 pontiﬁcio
1320 2364 1377 2392 ritu
1394 2364 1536 2393 initiatur.

156 2406 251 2442 δικῶς,
283 2409 320 2444 μή
352 2409 410 2436 οἷόν
437 2419 467 2436 τε
495 2409 560 2436 εἶναι
586 2409 634 2435 τοῦ
660 2408 813 2445 χρίσματος
828 2407 907 2434 αὐτὸν
934 2410 983 2442 τῆς
1011 2407 1215 2445 ἀρχιερωσύνης
1244 2410 1349 2445 τυχεῖν.
1380 2407 1413 2436 Εἴ
1441 2407 1470 2436 δὲ
1499 2407 1577 2444 δοίης
1610 2419 1668 2445 μοι,
1698 2406 1748 2448 ἔφη
1767 2431 1774 2444 ,
1802 2410 1855 2437 τῶν

156 2451 307 2490 Μαγγάνων
335 2452 369 2480 τὰ
397 2451 579 2490 δικαιώματα,
609 2449 823 2489 παραῦλέψομαι
845 2452 879 2479 τὰ
908 2450 1052 2490 λεγόμενα,
1082 2451 1126 2478 καὶ
1156 2452 1352 2489 παραχωρήσω
1380 2453 1524 2490 χρισθῆναί
1555 2463 1593 2481 σε,
1624 2452 1743 2480 Συνιὸὼν
1770 2453 1816 2481 οὖν
1842 2453 1857 2481 ὁ

156 2495 321 2534 Λειχούδης,
350 2497 388 2528 ὡς
415 2497 502 2525 etut-ti
532 2498 606 2533 αὖτῷ
635 2496 673 2529 είς
700 2497 750 2532 τὴν
776 2497 908 2535 προτέραν
937 2497 1092 2524 ἐπανελθεῖν
1121 2496 1280 2523 κατάστασιν
1311 2495 1409 2531 ἔξεστιν
1426 2521 1434 2534 ,
1465 2497 1536 2525 οὕτω
1574 2495 1603 2525 δὲ
1633 2498 1719 2534 μένειν
1755 2496 1789 2526 δι’
1815 2498 1858 2526 αἶ-

156 2541 258 2580 σχύνης
286 2540 470 2578 ποιούμενος,
499 2542 587 2581 φὲρων
617 2540 712 2570 δίδωσι
740 2541 773 2569 τὰ
797 2540 967 2578 αῗτούμενα,
997 2541 1042 2569 καὶ
1068 2540 1141 2568 οὕτω
1170 2543 1374 2578 παραχωρεῖται
1398 2541 1557 2577 τελεσθῆναι
1586 2542 1635 2577 τὴν
1665 2542 1859 2581 ἀρχιερατικὴν

254 2597 280 2615 ν.

154 2586 271 2663 "tif-:30
286 2629 315 2658 δὲ
343 2629 486 2667 Κομνηνὸς
513 2629 581 2657 κατᾶ
609 2632 663 2657 τῶν
693 2628 824 2668 Οὸγγρων
851 2631 896 2658 καὶ
925 2632 978 2658 τῶν

157 2676 290 2713 Σκυθῶν,
319 2675 345 2703 οἳ
383 2674 547 2710 Πατζινάκαι
582 2673 729 2712 λέγονται,
758 2673 978 2712 ἐκστρατεύσας,

1069 2631 1115 2657 VI.
1133 2630 1264 2658 Posthac
1276 2631 1442 2659 Comnenus
1455 2632 1638 2668 expeditione
1661 2635 1763 2662 contra
1776 2636 1859 2662 Hun-

1033 2683 1120 2712 garos
1142 2676 1169 2702 et
1197 2675 1330 2711 Scythas,
1361 2676 1412 2712 qui
1434 2676 1595 2705 Patzinacas
1618 2677 1766 2712 dicuntur,
1791 2686 1859 2706 sus-

795 2738 898 2769 Variee
921 2739 1070 2771 lectiones
1086 2742 1116 2770 et
1130 2743 1224 2770 notae.

193 2802 249 2839 (52)
261 2801 404 2844 “Καί-Ιτῷ“
419 2798 523 2844 Ψελλῷ
551 2799 866 2844 αἰτιαμάτων,“νΕδΒίαι
903 2801 981 2844 iqter

158 2837 248 2880 opera
261 2838 346 2867 Pselli
362 2837 588 2879 calumniatoria
600 2837 658 2864 ista
672 2837 702 2864 in
729 2837 901 2865 Micbaelem
923 2838 981 2879 βω-

159 2874 302 2903 rulanum
319 2877 395 2911 patr.
409 2872 660 2909 Constantinopol.
677 2872 714 2901 ad
729 2873 874 2909 synodum
902 2873 980 2902 dicta

1034 2801 1127 2839 oratio
1142 2810 1206 2839 quas
1235 2803 1403 2839 propediem
1429 2811 1496 2832 cum
1523 2804 1655 2839 ejusdem
1680 2802 1803 2831 historia
1827 2805 1857 2833 et

1035 2838 1145 2876 aliquot
1160 2838 1225 2876 aliis
1238 2839 1387 2876 opusculis
1417 2842 1444 2868 et
1466 2838 1766 2876 epist’olistprodibit
1788 2848 1856 2870 cum

1034 2874 1167 2903 versione
1182 2874 1347 2904 Combeﬁsii
1362 2884 1396 2904 ex
1410 2874 1603 2912 typographia
1617 2875 1715 2911 Regia.
