2032 3167
117 197 190 229 249

767 198 972 232 ANNALIUM
994 199 1068 230 LIB.
1090 199 1202 232 XVIII.

1774 201 1835 230 250

122 262 194 300 λεια
222 263 467 302 ζγκαταστήσαντα,
495 265 564 302 πρὸς
601 265 651 300 τὴν
687 263 802 302 κρείττω
841 265 955 302 μετατά-

1015 268 1105 299 retur,
1121 266 1150 294 in
1167 274 1247 294 mare
1261 267 1430 295 demersum
1441 265 1642 299 evenuisse,et
1658 273 1674 293 a
1688 264 1836 301 plerisque

123 308 225 343 ξασθαι
257 309 363 346 βιοτήν,
392 309 422 337 Ὀ
447 308 476 336 δέ
503 320 533 347 γε
561 311 724 348 Θρᾳκήσιος,
755 310 839 346 θηρᾷν
867 310 959 337 κάκεῖ-

123 363 180 384 νος
194 353 241 380 τὸν
259 352 372 390 βασιλέα
386 355 481 381 τοῦτον
502 353 628 392 ἱστόρησε
651 354 713 390 περὶ
735 354 784 388 τὴν
811 354 957 389 Νεάπολιν,

127 399 180 424 σῦν
211 396 235 424 δ’
265 396 427 436 ἀπιφανῆναί
462 404 555 434 ποθεν,
584 399 633 433 τὴν
665 399 723 425 θέαν
765 399 887 436 φρικτὸν,
914 398 958 426 καὶ

124 441 178 470 τὸν
209 443 349 478 Κομνηνὸν
377 441 542 470 ἐνδεδωκότα
569 443 609 479 τῷ
639 442 717 480 ’ίππῳ
752 444 797 471 τὸν
832 442 958 481 χαλινὸν,

127 485 243 514 διώκειν
256 487 301 514 τὸν
315 489 371 521 σῦν,
381 487 426 514 τὸν
444 486 472 514 δὲ
487 487 605 516 εἰσδῦναι
619 488 668 522 τήν
683 488 957 526 θάλασσαν,γενέσθαι

124 541 161 558 τε
177 531 278 570 ἀφανῆ,
295 531 324 558 ὃν
340 531 371 558 οὗ
387 534 433 558 σῦν
448 533 474 559 οἱ
489 531 603 568 πολλοὶ,
621 533 763 572 φάντασμα
778 531 806 560 δέ
819 543 846 559 τι
860 532 957 569 δαιμὸ-

125 585 189 603 νιον
219 574 416 615 ὑπειλήφασιν·
441 576 466 603 ἐν
496 576 618 613 τοσούτῳ
647 576 670 604 δ’
699 577 736 609 ὡς
764 576 789 612 ἐξ
818 577 957 614 ἀστραπῆς

125 619 264 657 ἐνσκῆψαι
295 619 460 656 λαμπηδόνα
486 623 525 657 τῷ
564 621 680 659 βασιλεῖ,
711 622 753 649 καὶ
789 624 824 659 τῇ
858 622 959 657 ταύτης

125 663 209 701 Βολῇ
239 663 452 703 διαταραχθέντα
487 666 533 694 τὸν
562 666 757 704 αὐτοκράτορα,
779 669 835 694 τοῦ
869 665 957 694 ’ίππου

124 719 158 736 τε
183 709 315 746 έκπισεῖν,
344 710 388 737 καὶ
417 711 520 738 κεῖσθαι
555 711 628 747 παρὰ
664 711 698 748 τῇ
734 713 771 748 γῇ
795 711 879 749 ἀφρὸν
908 713 958 738 τοῦ

128 752 271 789 στόματος
306 754 491 790 ἀποπτύοντα,
517 756 561 782 καὶ
591 754 676 792 μηδὲν
709 758 762 783 τῶν
790 756 847 783 κατ’
876 755 956 783 αὐτὸν

127 798 341 835 αἰσθανόμενον,
365 799 467 836 ἀκατίῳ
497 798 521 827 δ’
543 799 643 832 ἐκεῖθεν
677 798 884 837 έμόιϐασθέντα,
907 810 957 827 κο-

132 843 266 879 μισθῆναι
281 843 319 874 είς
343 844 377 871 τὰ
404 843 538 882 βασίλεια,
555 844 599 872 καὶ
622 845 773 880 νοσήσαντά
799 856 826 872 τι
855 844 956 883 βραχὺ,

130 887 190 914 εἶτα
217 886 250 922 δὴ
277 888 322 915 καὶ
351 889 569 926 ἀπογνωσθέντα,
584 889 721 928 κείρασθαί
735 900 765 917 τε
785 890 834 924 τήν
862 890 955 928 τρίχα,

129 933 176 959 καὶ
203 932 260 960 ἀντὶ
284 936 333 967 τῆς
363 933 502 972 πορφύρας
529 934 617 971 τραχὺ
644 932 788 972 τριϐώνιον
821 934 956 973 ἀμφιέσα-

129 977 205 1011 σθαι,
234 977 279 1004 τὸν
319 979 407 1005 Δοῦκα
443 981 641 1006 Κωνσταντῖνον
671 977 784 1016 βασιλέα
812 989 956 1017 προχειρι-

128 1022 260 1056 σάμενον,
289 1021 334 1048 καὶ
373 1021 444 1049 οὕτω
472 1024 506 1055 τῆ
534 1025 582 1050 τοῦ
610 1022 742 1050 Στουδίου
771 1024 955 1061 προσορμίσκι

133 1067 219 1102 μονῇ,
247 1065 325 1093 κάκεῖ
360 1066 391 1094 τὸ
433 1066 530 1095 λοιπῆν
571 1065 737 1094 καταϐιῶναι
776 1071 824 1102 τῆς
863 1068 957 1104 βιοτῆς

127 1109 336 1148 ἀναῤῥωσθέντα
373 1110 403 1138 ἐκ
439 1113 488 1138 τοῦ
527 1113 691 1148 νοσήματος.
727 1109 899 1140 Ἐϐασίλευσε
929 1111 957 1140 δὲ

130 1152 181 1181 δύο
210 1153 348 1185 ἐνιαυτοὺς
375 1155 419 1182 καὶ
447 1159 533 1191 μῆνας
557 1159 639 1193 τρεῖς,
657 1154 819 1193 δραστήριος
848 1155 895 1193 ὣν,
910 1157 956 1184 καὶ

128 1198 162 1226 τὸ
187 1198 254 1233 ἦθος
279 1196 394 1237 σοϐαρὸν
427 1199 640 1237 ἐνδεικνύμενος,
664 1202 732 1239 πρὸς
758 1201 866 1239 πράξεις
895 1201 955 1236 ὀξύ-

1014 319 1071 338 non
1089 311 1257 347 aprum,sed
1268 314 1418 347 spectrum
1430 310 1577 346 quoddam
1589 309 1764 337 diubolicum
1772 317 1836 337 esse

1009 355 1196 390 judicatum:
1214 359 1301 391 atque
1329 355 1445 383 interim
1463 354 1574 391 fulgore
1598 354 1725 390 quodam
1741 354 1836 381 instar

1014 399 1139 436 fulguris
1154 401 1338 436 perstrictum
1355 400 1652 436 imperatorum,equo
1663 407 1718 434 pra:
1726 401 1835 426 terrore

1014 453 1181 477 excussum,
1197 447 1225 472 et
1240 453 1374 480 spumam
1391 453 1439 472 ore
1455 445 1644 479 rejicientem,
1662 443 1744 470 humi
1758 446 1834 471 atto-

1015 490 1108 516 nitum
1136 489 1272 524 jacuisse,
1299 493 1386 524 atque
1413 489 1481 516 inde
1505 488 1640 516 navicula
1665 488 1693 515 in
1723 487 1833 524 regiam

1014 536 1170 568 reventum,
1187 542 1252 561 cum
1270 533 1418 569 paulisper
1432 535 1608 568 mgrotasset,
1621 533 1684 568 jam
1699 532 1834 568 deplora-

1012 580 1088 612 tum,
1105 587 1171 606 raso
1186 578 1291 614 capillo
1306 580 1334 606 et
1350 586 1485 614 purpurae
1500 577 1562 605 loco
1591 585 1694 612 aspera
1719 577 1834 604 lacerna

1014 625 1143 658 sumpta,
1159 626 1246 658 atque
1264 622 1453 650 Constantino
1470 621 1548 649 Duca
1564 622 1739 657 imperatore
1754 621 1833 649 desi-

1012 670 1111 703 gnato,
1129 676 1156 695 In
1173 668 1328 695 Studiense
1345 667 1553 694 monasterium
1571 665 1832 700 secontulisse,ubi

1013 714 1182 747 recuperata
1197 712 1284 739 etiam
1297 711 1472 746 valetudine,
1489 710 1553 737 vita:
1569 709 1712 745 reliquum
1731 719 1832 746 exege-

1013 757 1060 784 rit.
1078 756 1216 793 Regnavit
1232 756 1382 784 biennium
1398 758 1426 783 et
1450 758 1508 783 tres
1525 763 1651 788 menses,
1663 754 1750 782 homo
1761 758 1832 782 stre-

1013 810 1101 837 nuus,
1116 801 1232 837 ingenio
1247 800 1407 837 arroganti,
1419 800 1447 827 in
1464 800 1552 828 rebus
1566 799 1702 835 gerendis
1717 798 1833 826 celerri-

1013 854 1090 878 mus,
1121 846 1160 873 rei
1189 845 1301 873 bellica:
1330 845 1536 881 peritissimus.
1567 844 1597 871 ln
1630 843 1736 871 litteris
1775 851 1833 870 non

1012 890 1130 926 quidem
1159 892 1303 925 versatus,
1334 890 1384 917 sed
1414 889 1577 917 litterarum
1608 888 1769 920 studiosus,
1804 890 1833 915 et

1013 936 1163 963 doctorum
1178 943 1296 967 amans;
1313 935 1342 962 in
1353 934 1489 970 conjugio
1505 934 1576 961 adeo
1593 936 1703 966 castus,
1720 935 1752 961 ut
1763 941 1830 960 cum

1011 981 1169 1016 peregregin
1184 980 1318 1007 morbum
1331 980 1491 1012 incidisset.
1521 982 1551 1007 et
1579 988 1595 1006 a
1619 978 1739 1006 medicis
1755 978 1831 1005 21‘!

1011 1027 1188 1057 moneretur,
1220 1026 1252 1051 ut
1278 1024 1492 1051 consuetudine
1528 1023 1661 1050 mulieris
1695 1022 1832 1050 morbum

1012 1067 1129 1101 levaret,
1145 1076 1211 1096 cum
1224 1068 1281 1096 ulla
1294 1071 1398 1104 praeter
1409 1075 1527 1096 uxorem
1544 1075 1708 1101 suam,rem
1725 1067 1833 1094 habere

1011 1112 1164 1140 recusarit.
1194 1112 1267 1140 Cum
1299 1112 1324 1139 ei
1354 1112 1435 1147 regni
1473 1112 1617 1139 allectatio
1646 1111 1831 1147 objiceretur,

1011 1156 1225 1193 respondit:Se
1236 1157 1297 1192 pati
1317 1165 1373 1184 non
1384 1158 1506 1192 potuisse
1525 1156 1648 1184 conservi
1670 1156 1832 1191 imperium,

1010 1210 1028 1230 α
1042 1209 1094 1237 quo
1104 1201 1182 1237 juxta
1191 1202 1246 1229 sibi
1258 1203 1376 1237 praemia
1390 1203 1573 1236 negarentur.

128 1253 222 1277 τατος,
238 1244 491 1281 στρατηγικώτατος
505 1245 538 1272 τὰ
553 1244 683 1281 πολέμια.
701 1245 798 1283 Λόγοις
814 1246 861 1282 μὲν
876 1246 929 1284 οὐχ
944 1245 1108 1282 ὡμιληκὼς,
1122 1245 1267 1284 προσέχων
1279 1244 1302 1273 δ’
1318 1245 1474 1277 αὐτοῖς,καὶ
1488 1244 1551 1276 τοὺς
1566 1244 1668 1272 τούτων
1679 1243 1831 1283 τροφίμους

131 1286 350 1325 ἀποδεχόμενος,
367 1289 482 1328 σώφρὼν
497 1299 526 1316 τε
540 1289 574 1317 τὰ
587 1290 654 1326 πρὸς
669 1289 759 1325 εὐνήν.
774 1290 888 1328 Λέγεται
903 1301 955 1328 γαρ
970 1301 1036 1318 ποτε
1050 1293 1163 1325 νοσῆσαι
1178 1291 1228 1323 τῆς
1243 1290 1331 1321 οἰκίας
1345 1289 1559 1325 ἆποδημῶν,καῖ
1576 1289 1648 1327 παρὰ
1661 1291 1714 1317 τῶν
1733 1289 1833 1327 ἰατρῶν

131 1331 239 1368 γυναικὶ
269 1335 381 1369 μιγῆναι
410 1333 479 1371 πρὸς
508 1333 648 1370 θεραπείαν
677 1335 726 1369 τῆς
753 1334 834 1362 νόσου
857 1334 1066 1373 προτρέπεσθαι·
1079 1335 1125 1362 τὸν
1142 1333 1170 1362 δὶ
1187 1334 1226 1370 μὴ
1246 1334 1409 1372 ἀνασχέσθαι
1425 1334 1502 1370 δτέρᾳ
1516 1333 1664 1368 πλησιάσαι
1681 1333 1753 1371 παρά
1781 1333 1831 1367 τήν

131 1375 267 1404 σύνοικον.
286 1376 454 1414 Δίτιώμενος
469 1376 498 1405 δὶ
512 1377 553 1405 ὅτι
568 1389 649 1417 τυραν
656 1377 704 1406 θίδι
720 1379 935 1417 ἐπικεχείρηκεν,
951 1380 1076 1414 "Quom,
1092 1378 1181 1417 ἔλεγε,
1193 1381 1233 1415 τῷ
1247 1377 1386 1416 συνδούλῳ
1410 1377 1560 1412 δουλεύειν,
1575 1377 1620 1406 καὶ
1641 1380 1693 1405 τῶν
1719 1377 1830 1405 εἷγότων

132 1420 172 1456 μὴ
187 1420 345 1459 τυγχάνειν.

167 1483 254 1510 Η’.⁶Ο
281 1481 414 1521 πρόεδρος
444 1482 473 1511 δὲ
503 1487 703 1517 Κωνσταντῖνος
731 1486 745 1513 ὁ
775 1486 887 1520 Δούκας,
907 1490 955 1521 τῆς

1049 1487 1123 1515 Vlll.
1135 1487 1345 1516 Constantinus
1361 1487 1456 1515 Ducas
1473 1494 1589 1522 praeses,
1615 1485 1738 1522 imperio
1762 1485 1835 1513 citra

133 1525 272 1563 βασιλείας
298 1528 391 1565 τυχὼν
417 1528 612 1566 ἀπραγμόνως,
629 1530 666 1561 ὡς
693 1530 810 1567 εἷ’ρηται,
834 1530 955 1562 πολλοὺς

1012 1531 1154 1564 laborem,
1171 1535 1202 1559 ut
1216 1533 1325 1560 dictum
1342 1534 1396 1565 est,
1418 1531 1542 1567 positus,
1573 1531 1682 1557 multos
1696 1529 1835 1557 senatorii

130 1572 184 1597 τῶν
198 1574 247 1605 τῆς
263 1572 419 1608 συγκλήτου
445 1571 548 1609 βουλῆς
569 1573 614 1600 καὶ
639 1576 687 1601 τοῦ
709 1573 856 1610 δημώδους
884 1573 955 1610 πλή‹

1012 1576 1123 1604 ordinis
1138 1579 1167 1604 et
1182 1576 1299 1612 plebeiae
1315 1575 1491 1604 conditionis
1507 1576 1542 1603 ad
1554 1574 1671 1602 altiores
1682 1574 1835 1609 dignitatis

133 1615 196 1645 Θους
224 1614 262 1646 είς
290 1615 415 1651 μείζονας
442 1617 602 1653 ἀξιωμάτων
633 1618 754 1656 βαθμοὺς
782 1616 955 1657 προεϐίϐασε.

1013 1620 1122 1656 gradus
1136 1620 1243 1648 evexit:
1260 1623 1349 1656 atque
1364 1619 1430 1647 illos
1445 1619 1544 1651 etiam.
1572 1627 1646 1654 quos
1669 1621 1834 1646 Comnenus

135 1658 185 1686 Καὶ
215 1658 294 1690 ὅσους
308 1658 331 1686 δ’
347 1660 360 1687 6
378 1661 519 1696 Κομνηνὸς
537 1661 662 1700 ἀφείλετο
677 1662 723 1694 τὰς
751 1663 850 1695 οίκείας
874 1664 956 1700 τιμᾶς

132 1701 247 1739 (πολλοὶ
272 1702 295 1731 δ’
320 1704 390 1739 ἦσαν
413 1705 458 1732 καὶ
480 1706 576 1742 οὗτοι),
594 1706 632 1738 εἷς
654 1707 752 1738 ταύτας
776 1707 852 1740 αὖθις
879 1708 958 1739 αὐτὸς

135 1746 251 1778 ικείνους
288 1747 511 1784 ἀποκατέστησεν.
536 1748 703 1786 Ἐπιϐουλῆς
733 1750 760 1779 δὲ
787 1753 846 1779 κατ’
875 1753 958 1780 αὐτοῦ

135 1792 370 1827 συσκευασϐείσης,
401 1796 499 1831 μικροῦ
541 1793 594 1822 δεῖν
633 1795 738 1833 ἐγένετο
781 1796 810 1824 ἂν
839 1794 957 1835 ὑποϐρύ-

135 1845 209 1874 χιος.
236 1837 286 1865 Ἦν
313 1838 360 1873 μὲν
383 1838 434 1876 γὰρ
459 1838 484 1865 ἐν
507 1842 565 1870 τοῖς
587 1839 736 1877 βασιλείοις
764 1843 818 1868 τῶν
845 1841 957 1879 Μαγγά-

133 1890 195 1908 νων·
213 1880 358 1918 έσκέψαντο
374 1881 403 1910 δὲ
427 1883 453 1910 οἱ
477 1884 704 1921 συνομοσάμενοι,
719 1886 756 1916 ὡς
787 1885 812 1912 εἲ
841 1884 957 1924 θόρυϐος

133 1925 159 1953 ὲν
173 1927 207 1962 τῇ
222 1929 272 1961 τῆς
300 1926 410 1958 πόλεως
435 1928 556 1966 γεγονὼς
583 1929 727 1967 ἀγγελθείη
757 1931 832 1967 αὐτῷ
861 1930 956 1968 ἀγορᾷ,

132 1969 227 1998 αὐτίκα
255 1969 299 1998 διὰ
326 1974 377 2005 τῆς
405 1971 543 2008 θαλάσσης
569 1973 671 2005 έκεῖνος
686 1973 861 2002 ἀπελεύσεται
888 1976 956 2013 πρὸς

131 2014 161 2041 τὸ
198 2013 268 2053 μέγα
300 2016 459 2054 ἀνάκτορον.
486 2018 709 2055 Προῳκονόμητο
737 2017 762 2046 δ’
788 2019 890 2053 αὐτοῖς,
918 2020 956 2056 μὴ

132 2059 198 2086 εἶναι
221 2059 272 2093 τήν
304 2059 448 2097 βασιλικὴν
473 2062 574 2099 τριήρη
605 2062 669 2096 ἐκεῖ,
689 2062 734 2090 καὶ
762 2063 826 2094 τοὺς
855 2063 957 2099 ἐκείνης

133 2103 364 2143 οἱακοστρόφους,
402 2104 448 2136 οὖς
485 2104 715 2144 πρωτοκαράϐους
751 2108 768 2142 ἡ
822 2107 956 2144 δημώδης

133 2147 202 2186 λέγει
219 2149 308 2188 φωνὴ,
325 2152 374 2184 τῆς
403 2150 564 2186 συνομοσίας
590 2151 714 2190 μετέχειν
745 2151 955 2184 σπουδάσαντες.

132 2193 159 2220 '0
193 2193 240 2230 μὲν
275 2192 320 2220 οὖν
355 2193 484 2231 βασιλεὺς
512 2195 550 2226 ὡς
578 2195 625 2223 τὸν
651 2194 767 2234 θόρυϐον
800 2196 954 2232 ένωτίσατο,

134 2236 235 2265 ἀπιέναι
264 2236 319 2266 δεῖν
347 2235 436 2276 ἔκρινε
457 2240 513 2266 τῶν
540 2239 694 2279 ἀνακτόρων
725 2241 797 2270 εὐθύ.
828 2241 903 2270 Ἐπεὶ
933 2238 956 2270 δ’

133 2282 184 2326 οὐχ
204 2282 312 2326 Δεὕρητο
340 2284 357 2318 ἡ
387 2282 516 2321 βασιλικὴ
531 2285 649 2322 τριήρης
666 2285 730 2320 ἐκεῖ,
749 2285 787 2318 εἴς
812 2286 843 2314 τὸ
870 2287 954 2326 τυχὸν

133 2323 276 2362 έμϐεὸήκει
305 2320 439 2355 ἀκάτιον·
470 2320 603 2361 ἀπιόντος.
638 2328 677 2365 δὶ,
704 2330 819 2369 ἀνεφάνη
857 2320 953 2368 καὶηὴ
970 2320 993 2353 D

133 2372 193 2413 ναῦς
218 2372 236 2405 ἡ
263 2371 409 2408 βασίλειος,
438 2373 483 2400 καὶ
521 2373 621 2411 εἰρεσίᾳ
661 2373 756 2412 πολλῇ
799 2375 846 2402 σὺν
882 2375 954 2413 ῥύμῃ

136 2412 236 2452 σφοδρᾷ
271 2416 302 2442 τὸ
342 2415 432 2453 ῥόθιον
459 2418 606 2455 τέμνουσα,
629 2419 697 2457 πρὸς
732 2419 764 2447 τὸ
796 2412 953 2457 πλοιάριον,

135 2459 205 2496 ᾧπερ
231 2460 245 2486 ὁ
262 2459 388 2497 βασιλεὺς
404 2459 562 2497 έμϐεϐήγει,
576 2464 644 2501 πρὸς
670 2466 724 2491 τῶν
753 2463 954 2502 πηδαλιούχων

135 2503 247 2536 ἰθύνετο.
276 2505 326 2532 'Ilv
347 2503 369 2531 δ’
396 2506 489 2537 αὐτοῖς
516 2507 548 2534 τὸ
587 2507 768 2545 βουλόμενον,
798 2506 953 2536 έπιϐιῦάσαι

133 2548 178 2582 τὴν
206 2549 307 2586 τριήρη
335 2550 385 2575 τοῦ
413 2548 570 2588 πλοιαρίου,
589 2550 624 2578 ’ἶν’
651 2553 715 2581 αὐτὸ
743 2552 879 2591 καταδύσῃ
908 2553 953 2581 καὶ

134 2593 176 2620 σὺν
198 2595 239 2629 τῷ
265 2592 372 2630 βασιλεῖ
393 2595 542 2629 ποιήσηται
568 2594 748 2635 ὑποϐρύχιον.
770 2599 815 2629 Ὠς
836 2598 859 2626 δ’
883 2597 955 2626 εἶδον

132 2637 177 2672 τὴν
204 2641 253 2672 τῆς
279 2638 410 2675 τριήρους
436 2637 566 2677 ἐπιφορὰν
591 2641 618 2667 ol.
646 2643 685 2678 τῷ
713 2644 856 2680 κρατοῦντι
887 2653 954 2680 συμ-

133 2680 267 2725 πλέοντες,
297 2681 441 2720 ἀνέκραξαν
480 2693 510 2710 τε
551 2683 596 2711 καὶ
640 2684 748 2724 ἐπέχειν
791 2686 952 2725 θρασύτερον

135 2724 284 2762 ἐξεϐόησαν,
309 2726 355 2754 καὶ
390 2727 564 2765 μετατρέπειν
592 2728 655 2761 τοὺς
683 2730 786 2762 οἷάκας.
815 2734 878 2763 Ταῖς
906 2724 951 2760 οὖν

134 2770 234 2798 ἐκείνων
266 2771 343 2809 βοαῖς
380 2770 470 2809 ὥσπερ
510 2769 738 2810 ἐμϐροντηθέντες
767 2776 795 2803 οἱ
825 2775 869 2804 ἐπὶ
897 2779 951 2804 τῶν

135 2814 228 2858 οἰάκων
257 2815 340 2852 (θείας
366 2813 389 2842 δ’
418 2816 452 2850 ἧν
479 2816 512 2844 τὸ
539 2816 645 2854 ξύμπαν
675 2821 858 2858 προμηθείας)
886 2821 951 2849 ἀπε-

135 2856 277 2889 δειλίασαν.
293 2860 342 2888 Καὶ
358 2860 429 2888 οὕτω
452 2859 498 2889 τὸν
526 2860 649 2891 κίνδυνον
677 2856 701 2892 δ’
718 2856 853 2904 βασιλεὺς
871 2865 952 2906 Excru-

1014 1664 1172 1692 bonoribus
1187 1665 1336 1700 spoliarat,
1349 1664 1398 1699 qui
1415 1663 1500 1690 multi
1511 1663 1671 1698 fuerunt,in
1687 1663 1834 1698 integrum

1014 1709 1150 1737 restituit.
1179 1710 1233 1737 Sed
1255 1717 1358 1745 parum
1385 1708 1488 1740 abfuit,
1529 1708 1599 1743 quin
1631 1716 1680 1746 per
1711 1707 1834 1734 insidias

1013 1754 1260 1789 submergeretur.
1276 1755 1349 1780 Nam
1378 1761 1445 1780 cum
1474 1753 1503 1779 in
1528 1752 1700 1788 Manganico
1726 1751 1834 1787 palatio

1013 1800 1121 1833 ageret,
1138 1798 1281 1834 conjurati
1298 1797 1409 1825 ratione
1425 1796 1508 1832 inita,
1538 1797 1561 1824 si
1587 1797 1611 1824 ei
1641 1796 1787 1824 tumultus
1803 1797 1833 1823 in

1013 1842 1075 1870 foro
1091 1843 1173 1870 urbis
1189 1843 1382 1875 nuntiaretur,
1408 1841 1506 1869 statim
1537 1842 1610 1869 mari
1639 1841 1667 1868 in
1694 1849 1832 1876 magnam

1013 1887 1121 1923 regiam
1151 1887 1357 1920 transiturum,
1393 1889 1542 1919 curarant,
1583 1889 1616 1913 ut
1645 1886 1834 1922 imperatoria

1012 1932 1151 1966 triremis,
1168 1931 1305 1967 illiusque
1325 1931 1545 1967 gubernatores,
1570 1931 1620 1966 qui
1649 1929 1833 1966 protocarabi

1011 1975 1099 2011 vulgo
1114 1976 1308 2012 appellantur,
1325 1978 1352 2003 et
1366 1976 1395 2002 in
1425 1975 1634 2010 conjuralionis
1664 1976 1832 2003 societatem

1011 2021 1094 2048 asciti
1111 2023 1202 2053 erant,
1219 2021 1365 2048 abessent.
1387 2020 1556 2056 Imperator,
1573 2020 1672 2047 audito
1689 2020 1832 2054 tumultu,

1011 2065 1129 2092 rectain
1145 2065 1253 2100 regiam
1264 2065 1432 2092 abeundum
1451 2072 1516 2092 esse
1539 2064 1664 2092 censuit.
1693 2064 1748 2091 Sed
1765 2071 1831 2091 cum

1011 2108 1200 2145 imperatoria
1214 2109 1343 2137 triremis
1353 2109 1393 2136 ibi
1403 2116 1461 2136 non
1470 2108 1832 2144 inveniretur,proximum

1011 2153 1142 2181 lembum
1157 2153 1335 2182 conscendit.
1353 2154 1430 2181 Inter
1455 2153 1650 2189 navigandum
1661 2160 1729 2180 vero
1743 2152 1832 2180 etiam

1011 2199 1094 2226 navis
1110 2198 1299 2234 imperatoria
1314 2197 1460 2234 apparuit,
1475 2206 1539 2233 quea
1551 2197 1695 2233 frequenti
1710 2196 1833 2232 remigio

1011 2246 1040 2272 et
1054 2242 1219 2271 vehementi
1235 2243 1346 2278 impetu
1363 2242 1469 2270 ﬂuctus
1479 2250 1613 2277 secans,a
1626 2241 1832 2278 gubernatori-

1010 2287 1067 2315 bus
1082 2291 1160 2315 recta
1173 2287 1208 2314 ad
1223 2287 1351 2317 lembum
1367 2286 1558 2323 dirigebatur,
1587 2294 1620 2314 eo
1649 2286 1782 2320 consilio,
1799 2288 1832 2313 ut

1009 2331 1058 2360 illo
1073 2340 1232 2368 suppresso
1256 2331 1416 2368 imperator
1443 2332 1671 2366 demergeretur.
1696 2330 1735 2358 Iis
1763 2338 1830 2358 vero

1010 2377 1059 2413 qui
1076 2385 1143 2405 cum
1159 2385 1192 2404 eo
1206 2376 1396 2411 vehebantur,
1412 2376 1655 2409 exclamantibus,
1685 2378 1714 2403 et
1742 2375 1831 2402 confl-

1009 2422 1126 2449 dentius
1141 2420 1378 2454 vociferantibus,
1394 2423 1426 2447 ut
1437 2419 1572 2447 inhibitis
1587 2420 1675 2447 remis
1685 2421 1832 2455 guberna-

1008 2466 1075 2494 cula
1089 2467 1307 2499 converterent;
1323 2465 1534 2501 gubernatores
1543 2464 1622 2492 velut
1633 2464 1760 2499 attoniti,
1772 2463 1829 2491 Deo

1008 2509 1184 2543 itavolente,
1201 2511 1371 2545 paruerunt.
1401 2509 1447 2536 Sic
1474 2508 1602 2544 periculo
1626 2508 1742 2543 evitato,
1773 2516 1830 2543 quo

1008 2557 1094 2590 pacto
1109 2557 1138 2583 et
1150 2562 1167 2582 a
1182 2554 1289 2590 quibus
1305 2555 1411 2589 parata:
1426 2555 1524 2581 essent
1551 2553 1665 2581 insidiae
1683 2553 1827 2589 cognovit,

1008 2607 1041 2627 ac
1057 2601 1155 2627 sontes
1171 2599 1255 2626 bonis
1270 2598 1412 2626 duntaxat
1427 2598 1572 2634 ademptis
1601 2598 1681 2625 ultus
1699 2600 1753 2625 est.
1769 2597 1829 2624 Etsi

1008 2646 1106 2671 autem
1122 2651 1156 2671 ex
1168 2645 1298 2670 veterum
1316 2642 1461 2670 Ducarum
1484 2643 1652 2676 Andronici,
1668 2641 1829 2674 Pantherii,

1008 2691 1037 2716 et
1051 2687 1232 2716 Constantini
1248 2686 1358 2714 familia
1373 2694 1403 2714 se
1418 2689 1514 2714 ortum
1544 2695 1608 2715 esse
1636 2687 1828 2723 gloriabatur,

1007 2735 1104 2760 tamen
1116 2740 1179 2760 eam
1197 2731 1347 2765 familiam,
1364 2739 1431 2759 cum
1451 2732 1659 2760 Constantinus
1684 2733 1727 2765 (ut
1741 2737 1831 2765 supra

1008 2778 1117 2805 dictum
1129 2777 1185 2812 est)
1201 2784 1323 2813 regnum
1340 2776 1514 2810 affectasset,
1543 2774 1734 2804 Constantino
1762 2773 1829 2801 Por-

1007 2822 1197 2859 phyrogenito
1222 2822 1405 2857 imperatoris
1434 2821 1538 2849 Leonis
1572 2818 1738 2855 Philosophi
1768 2818 1828 2847 lilio

1006 2869 1157 2904 regnante,
1173 2868 1202 2895 et
1216 2866 1253 2894 ob
1267 2866 1586 2901 immaturamjetatem
1601 2863 1696 2892 adhuc
1716 2863 1772 2892 sub
1783 2865 1828 2892 tu-
