  <div class='ocr_page' id='page_1' title='image "/cluster/home/n/w/nwhite01/storage/ocr_20150623/135/njp.32101077773107/133.png"; bbox 0 0 2032 3167; ppageno 0'>
   <div class='ocr_carea' id='block_1_1' title="bbox 187 171 243 200">
    <p class='ocr_par' dir='ltr' id='par_1_1' title="bbox 187 171 243 200">
     <span class='ocr_line' id='line_1_1' title="bbox 187 171 243 200; baseline 0 0"><span class='ocrx_word' id='word_1_1' title='bbox 187 171 243 200; x_wconf 74' lang='grc'><strong>251</strong></span> 
     </span>
    </p>
   </div>
   <div class='ocr_carea' id='block_1_2' title="bbox 862 168 1220 200">
    <p class='ocr_par' dir='ltr' id='par_1_2' title="bbox 862 168 1220 200">
     <span class='ocr_line' id='line_1_2' title="bbox 862 168 1220 200; baseline -0.003 -1"><span class='ocrx_word' id='word_1_2' title='bbox 862 168 1026 199; x_wconf 84' lang='lat' dir='ltr'>JOANNIS</span> <span class='ocrx_word' id='word_1_3' title='bbox 1048 168 1220 200; x_wconf 68' lang='lat' dir='ltr'>ZONARE</span> 
     </span>
    </p>
   </div>
   <div class='ocr_carea' id='block_1_3' title="bbox 1848 171 1927 200">
    <p class='ocr_par' dir='ltr' id='par_1_3' title="bbox 1848 171 1927 200">
     <span class='ocr_line' id='line_1_3' title="bbox 1848 171 1927 200; baseline 0 0"><span class='ocrx_word' id='word_1_4' title='bbox 1848 171 1927 200; x_wconf 74' lang='grc'>252</span> 
     </span>
    </p>
   </div>
   <div class='ocr_carea' id='block_1_4' title="bbox 191 233 1017 273">
    <p class='ocr_par' dir='ltr' id='par_1_4' title="bbox 191 235 1012 270">
     <span class='ocr_line' id='line_1_4' title="bbox 191 235 1012 270; baseline -0.001 -7"><span class='ocrx_word' id='word_1_5' title='bbox 191 235 307 263; x_wconf 88' lang='lat' dir='ltr'><strong>toribus</strong></span> <span class='ocrx_word' id='word_1_6' title='bbox 336 237 448 270; x_wconf 80' lang='lat' dir='ltr'>agente,</span> <span class='ocrx_word' id='word_1_7' title='bbox 470 235 603 263; x_wconf 83' lang='lat' dir='ltr'><strong>funditus</strong></span> <span class='ocrx_word' id='word_1_8' title='bbox 632 242 762 263; x_wconf 88' lang='lat' dir='ltr'><strong>eversam</strong></span> <span class='ocrx_word' id='word_1_9' title='bbox 792 243 856 263; x_wconf 87' lang='lat' dir='ltr'><strong>esse</strong></span> <span class='ocrx_word' id='word_1_10' title='bbox 888 236 1012 269; x_wconf 79' lang='lat' dir='ltr'>constat,</span> 
     </span>
    </p>
   </div>
   <div class='ocr_carea' id='block_1_5' title="bbox 1073 233 1922 273">
    <p class='ocr_par' dir='ltr' id='par_1_5' title="bbox 1073 233 1922 273">
     <span class='ocr_line' id='line_1_5' title="bbox 1073 233 1922 273; baseline 0.002 -12"><span class='ocrx_word' id='word_1_11' title='bbox 1073 235 1137 271; x_wconf 82' lang='grc' dir='ltr'>γὼν,</span> <span class='ocrx_word' id='word_1_12' title='bbox 1160 233 1234 266; x_wconf 69' lang='grc' dir='ltr'>ὅπως</span> <span class='ocrx_word' id='word_1_13' title='bbox 1262 244 1291 262; x_wconf 80' lang='grc' dir='ltr'>τε</span> <span class='ocrx_word' id='word_1_14' title='bbox 1314 235 1360 262; x_wconf 82' lang='grc' dir='ltr'>καὶ</span> <span class='ocrx_word' id='word_1_15' title='bbox 1387 235 1451 273; x_wconf 88' lang='grc' dir='ltr'>παρ’</span> <span class='ocrx_word' id='word_1_16' title='bbox 1479 233 1516 263; x_wconf 87' lang='grc' dir='ltr'>ὧν</span> <span class='ocrx_word' id='word_1_17' title='bbox 1539 235 1556 270; x_wconf 82' lang='grc' dir='ltr'>ὴ</span> <span class='ocrx_word' id='word_1_18' title='bbox 1586 233 1721 270; x_wconf 71' lang='grc' dir='ltr'>ἐπιϐουλή</span> <span class='ocrx_word' id='word_1_19' title='bbox 1750 235 1922 264; x_wconf 70' lang='grc' dir='ltr'>συνεσκεύ-</span> 
     </span>
    </p>
   </div>
   <div class='ocr_carea' id='block_1_6' title="bbox 189 279 1010 316">
    <p class='ocr_par' dir='ltr' id='par_1_6' title="bbox 189 279 1010 316">
     <span class='ocr_line' id='line_1_6' title="bbox 189 279 1010 316; baseline 0 -9"><span class='ocrx_word' id='word_1_20' title='bbox 189 279 270 307; x_wconf 88' lang='lat' dir='ltr'><strong>nullo</strong></span> <span class='ocrx_word' id='word_1_21' title='bbox 284 288 364 307; x_wconf 89' lang='lat' dir='ltr'><strong>mare</strong></span> <span class='ocrx_word' id='word_1_22' title='bbox 379 279 490 308; x_wconf 89' lang='lat' dir='ltr'><strong>relicto.</strong></span> <span class='ocrx_word' id='word_1_23' title='bbox 507 280 601 315; x_wconf 83' lang='lat' dir='ltr'>Hujus</span> <span class='ocrx_word' id='word_1_24' title='bbox 616 280 706 316; x_wconf 78' lang='lat' dir='ltr'>igitur</span> <span class='ocrx_word' id='word_1_25' title='bbox 714 280 850 316; x_wconf 84' lang='lat' dir='ltr'><strong>majores,</strong></span> <span class='ocrx_word' id='word_1_26' title='bbox 862 281 894 307; x_wconf 92' lang='lat' dir='ltr'>ut</span> <span class='ocrx_word' id='word_1_27' title='bbox 909 280 1010 315; x_wconf 80' lang='lat' dir='ltr'>fertur,</span> 
     </span>
    </p>
   </div>
   <div class='ocr_carea' id='block_1_7' title="bbox 190 324 1009 360">
    <p class='ocr_par' dir='ltr' id='par_1_7' title="bbox 190 324 1009 360">
     <span class='ocr_line' id='line_1_7' title="bbox 190 324 1009 360; baseline 0 -8"><span class='ocrx_word' id='word_1_28' title='bbox 190 333 206 352; x_wconf 79' lang='grc' dir='ltr'>ιι</span> <span class='ocrx_word' id='word_1_29' title='bbox 221 324 330 352; x_wconf 79' lang='lat' dir='ltr'><strong>femina</strong></span> <span class='ocrx_word' id='word_1_30' title='bbox 345 325 472 360; x_wconf 86' lang='lat' dir='ltr'><strong>quadam</strong></span> <span class='ocrx_word' id='word_1_31' title='bbox 489 324 630 360; x_wconf 84' lang='lat' dir='ltr'>originem</span> <span class='ocrx_word' id='word_1_32' title='bbox 657 325 813 352; x_wconf 84' lang='lat' dir='ltr'><strong>duxerunt.</strong></span> <span class='ocrx_word' id='word_1_33' title='bbox 842 324 924 352; x_wconf 88' lang='lat' dir='ltr'><strong>Unde</strong></span> <span class='ocrx_word' id='word_1_34' title='bbox 951 332 1009 352; x_wconf 92' lang='lat' dir='ltr'>non</span> 
     </span>
    </p>
   </div>
   <div class='ocr_carea' id='block_1_8' title="bbox 189 369 1009 405">
    <p class='ocr_par' dir='ltr' id='par_1_8' title="bbox 189 369 1009 405">
     <span class='ocr_line' id='line_1_8' title="bbox 189 369 1009 405; baseline -0.001 -9"><span class='ocrx_word' id='word_1_35' title='bbox 189 377 347 405; x_wconf 84' lang='lat' dir='ltr'><strong>germanus</strong></span> <span class='ocrx_word' id='word_1_36' title='bbox 376 369 471 396; x_wconf 86' lang='lat' dir='ltr'><strong>Ducas</strong></span> <span class='ocrx_word' id='word_1_37' title='bbox 500 369 684 404; x_wconf 78' lang='lat' dir='ltr'>censebatur,</span> <span class='ocrx_word' id='word_1_38' title='bbox 724 370 774 397; x_wconf 88' lang='lat' dir='ltr'>sed</span> <span class='ocrx_word' id='word_1_39' title='bbox 813 369 1009 405; x_wconf 77' lang='lat' dir='ltr'>promiscuus,</span> 
     </span>
    </p>
   </div>
   <div class='ocr_carea' id='block_1_9' title="bbox 189 413 1011 450">
    <p class='ocr_par' dir='ltr' id='par_1_9' title="bbox 189 413 1011 450">
     <span class='ocr_line' id='line_1_9' title="bbox 189 413 1011 450; baseline -0.001 -9"><span class='ocrx_word' id='word_1_40' title='bbox 189 414 360 449; x_wconf 79' lang='lat' dir='ltr'><strong>cognatione</strong></span> <span class='ocrx_word' id='word_1_41' title='bbox 377 413 426 441; x_wconf 84' lang='lat' dir='ltr'><strong>illa</strong></span> <span class='ocrx_word' id='word_1_42' title='bbox 441 414 519 442; x_wconf 88' lang='lat' dir='ltr'><strong>velut</strong></span> <span class='ocrx_word' id='word_1_43' title='bbox 534 414 707 442; x_wconf 75' lang='lat' dir='ltr'>adulterata.</span> <span class='ocrx_word' id='word_1_44' title='bbox 721 415 820 450; x_wconf 78' lang='lat' dir='ltr'><strong>Itaque</strong></span> <span class='ocrx_word' id='word_1_45' title='bbox 835 423 852 442; x_wconf 86' lang='lat' dir='ltr'>a</span> <span class='ocrx_word' id='word_1_46' title='bbox 864 414 1011 450; x_wconf 84' lang='lat' dir='ltr'><strong>plerisque</strong></span> 
     </span>
    </p>
   </div>
   <div class='ocr_carea' id='block_1_10' title="bbox 189 458 1009 494">
    <p class='ocr_par' dir='ltr' id='par_1_10' title="bbox 189 458 1009 494">
     <span class='ocr_line' id='line_1_10' title="bbox 189 458 1009 494; baseline 0 -9"><span class='ocrx_word' id='word_1_47' title='bbox 189 467 247 486; x_wconf 90' lang='lat' dir='ltr'>non</span> <span class='ocrx_word' id='word_1_48' title='bbox 263 459 339 486; x_wconf 71' lang='lat'>213</span> <span class='ocrx_word' id='word_1_49' title='bbox 357 461 460 492; x_wconf 85' lang='lat' dir='ltr'><strong>Ducas,</strong></span> <span class='ocrx_word' id='word_1_50' title='bbox 477 459 526 486; x_wconf 87' lang='lat' dir='ltr'>sed</span> <span class='ocrx_word' id='word_1_51' title='bbox 544 459 677 486; x_wconf 87' lang='lat' dir='ltr'><strong>Ducitzes</strong></span> <span class='ocrx_word' id='word_1_52' title='bbox 706 467 757 494; x_wconf 89' lang='lat' dir='ltr'>per</span> <span class='ocrx_word' id='word_1_53' title='bbox 785 458 1009 486; x_wconf 67' lang='lat' dir='ltr'><strong>diminutionem</strong></span> 
     </span>
    </p>
   </div>
   <div class='ocr_carea' id='block_1_11' title="bbox 189 502 1009 539">
    <p class='ocr_par' dir='ltr' id='par_1_11' title="bbox 189 502 1009 539">
     <span class='ocr_line' id='line_1_11' title="bbox 189 502 1009 539; baseline 0 -10"><span class='ocrx_word' id='word_1_54' title='bbox 189 503 356 530; x_wconf 76' lang='lat' dir='ltr'>vocabatur.</span> <span class='ocrx_word' id='word_1_55' title='bbox 387 502 527 530; x_wconf 59' lang='lat' dir='ltr'><strong>Ceterum</strong></span> <span class='ocrx_word' id='word_1_56' title='bbox 570 503 614 531; x_wconf 89' lang='lat' dir='ltr'>vir</span> <span class='ocrx_word' id='word_1_57' title='bbox 640 503 705 539; x_wconf 89' lang='lat' dir='ltr'><strong>pius</strong></span> <span class='ocrx_word' id='word_1_58' title='bbox 735 503 790 530; x_wconf 83' lang='lat' dir='ltr'><strong>fuit</strong></span> <span class='ocrx_word' id='word_1_59' title='bbox 813 511 882 539; x_wconf 77' lang='lat' dir='ltr'><strong>erga</strong></span> <span class='ocrx_word' id='word_1_60' title='bbox 908 505 1009 537; x_wconf 86' lang='lat' dir='ltr'><strong>Deum,</strong></span> 
     </span>
    </p>
   </div>
   <div class='ocr_carea' id='block_1_12' title="bbox 189 547 1010 583">
    <p class='ocr_par' dir='ltr' id='par_1_12' title="bbox 189 547 1010 583">
     <span class='ocr_line' id='line_1_12' title="bbox 189 547 1010 583; baseline 0 -9"><span class='ocrx_word' id='word_1_61' title='bbox 189 547 321 575; x_wconf 85' lang='lat' dir='ltr'><strong>moribus</strong></span> <span class='ocrx_word' id='word_1_62' title='bbox 337 547 647 583; x_wconf 72' lang='lat' dir='ltr'><strong>commodis,justiti:e</strong></span> <span class='ocrx_word' id='word_1_63' title='bbox 676 556 790 580; x_wconf 84' lang='lat' dir='ltr'><strong>amans,</strong></span> <span class='ocrx_word' id='word_1_64' title='bbox 819 547 868 576; x_wconf 86' lang='lat' dir='ltr'>sed</span> <span class='ocrx_word' id='word_1_65' title='bbox 892 547 1010 583; x_wconf 85' lang='lat' dir='ltr'><strong>ingenio</strong></span> 
     </span>
    </p>
   </div>
   <div class='ocr_carea' id='block_1_13' title="bbox 189 592 1010 628">
    <p class='ocr_par' dir='ltr' id='par_1_13' title="bbox 189 592 1010 628">
     <span class='ocr_line' id='line_1_13' title="bbox 189 592 1010 628; baseline -0.002 -8"><span class='ocrx_word' id='word_1_66' title='bbox 189 592 273 620; x_wconf 84' lang='lat' dir='ltr'><strong>tardo</strong></span> <span class='ocrx_word' id='word_1_67' title='bbox 296 593 324 620; x_wconf 87' lang='lat' dir='ltr'>et</span> <span class='ocrx_word' id='word_1_68' title='bbox 347 592 462 626; x_wconf 80' lang='lat' dir='ltr'>hebeti;</span> <span class='ocrx_word' id='word_1_69' title='bbox 484 595 512 620; x_wconf 87' lang='lat' dir='ltr'>et</span> <span class='ocrx_word' id='word_1_70' title='bbox 527 595 559 620; x_wconf 90' lang='lat' dir='ltr'>ut</span> <span class='ocrx_word' id='word_1_71' title='bbox 582 593 618 620; x_wconf 83' lang='lat' dir='ltr'>iis</span> <span class='ocrx_word' id='word_1_72' title='bbox 646 592 854 627; x_wconf 83' lang='lat' dir='ltr'>delectabatur,</span> <span class='ocrx_word' id='word_1_73' title='bbox 884 599 1010 628; x_wconf 90' lang='lat' dir='ltr'><strong>quorum</strong></span> 
     </span>
    </p>
   </div>
   <div class='ocr_carea' id='block_1_14' title="bbox 190 637 1011 673">
    <p class='ocr_par' dir='ltr' id='par_1_14' title="bbox 190 637 1011 673">
     <span class='ocr_line' id='line_1_14' title="bbox 190 637 1011 673; baseline -0.001 -9"><span class='ocrx_word' id='word_1_74' title='bbox 190 639 321 672; x_wconf 84' lang='lat' dir='ltr'><strong>spectata</strong></span> <span class='ocrx_word' id='word_1_75' title='bbox 333 639 396 664; x_wconf 84' lang='lat' dir='ltr'><strong>erat</strong></span> <span class='ocrx_word' id='word_1_76' title='bbox 424 637 586 673; x_wconf 79' lang='lat' dir='ltr'><strong>integritas,</strong></span> <span class='ocrx_word' id='word_1_77' title='bbox 601 637 643 665; x_wconf 90' lang='lat' dir='ltr'>sic</span> <span class='ocrx_word' id='word_1_78' title='bbox 667 637 821 673; x_wconf 81' lang='lat' dir='ltr'>pecuniam</span> <span class='ocrx_word' id='word_1_79' title='bbox 837 644 927 672; x_wconf 81' lang='lat' dir='ltr'><strong>supra</strong></span> <span class='ocrx_word' id='word_1_80' title='bbox 947 644 1011 663; x_wconf 92' lang='lat' dir='ltr'><strong>mo-</strong></span> 
     </span>
    </p>
   </div>
   <div class='ocr_carea' id='block_1_15' title="bbox 190 680 1011 716">
    <p class='ocr_par' dir='ltr' id='par_1_15' title="bbox 190 680 1011 716">
     <span class='ocr_line' id='line_1_15' title="bbox 190 680 1011 716; baseline -0.001 -8"><span class='ocrx_word' id='word_1_81' title='bbox 190 681 260 708; x_wconf 90' lang='lat' dir='ltr'>dum</span> <span class='ocrx_word' id='word_1_82' title='bbox 284 682 413 715; x_wconf 88' lang='lat' dir='ltr'><strong>amabat,</strong></span> <span class='ocrx_word' id='word_1_83' title='bbox 453 684 481 709; x_wconf 91' lang='lat' dir='ltr'>et</span> <span class='ocrx_word' id='word_1_84' title='bbox 525 681 652 709; x_wconf 84' lang='lat' dir='ltr'><strong>rationes</strong></span> <span class='ocrx_word' id='word_1_85' title='bbox 681 681 873 716; x_wconf 79' lang='lat' dir='ltr'><strong>cxcogitabat.</strong></span> <span class='ocrx_word' id='word_1_86' title='bbox 903 680 1011 716; x_wconf 85' lang='lat' dir='ltr'><strong>quibus</strong></span> 
     </span>
    </p>
   </div>
   <div class='ocr_carea' id='block_1_16' title="bbox 191 725 1011 756">
    <p class='ocr_par' dir='ltr' id='par_1_16' title="bbox 191 725 1011 756">
     <span class='ocr_line' id='line_1_16' title="bbox 191 725 1011 756; baseline -0.002 -3"><span class='ocrx_word' id='word_1_87' title='bbox 191 725 300 753; x_wconf 88' lang='lat' dir='ltr'><strong>multos</strong></span> <span class='ocrx_word' id='word_1_88' title='bbox 315 726 470 753; x_wconf 80' lang='lat' dir='ltr'><strong>thesauros</strong></span> <span class='ocrx_word' id='word_1_89' title='bbox 484 729 676 753; x_wconf 85' lang='lat' dir='ltr'><strong>coacervaret.</strong></span> <span class='ocrx_word' id='word_1_90' title='bbox 686 725 881 756; x_wconf 86' lang='lat' dir='ltr'><strong>Quamobrem</strong></span> <span class='ocrx_word' id='word_1_91' title='bbox 896 725 1011 752; x_wconf 87' lang='lat' dir='ltr'><strong>duabus</strong></span> 
     </span>
    </p>
   </div>
   <div class='ocr_carea' id='block_1_17' title="bbox 191 771 1013 806">
    <p class='ocr_par' dir='ltr' id='par_1_17' title="bbox 191 771 1013 806">
     <span class='ocr_line' id='line_1_17' title="bbox 191 771 1013 806; baseline -0.001 -8"><span class='ocrx_word' id='word_1_92' title='bbox 191 771 278 799; x_wconf 84' lang='lat' dir='ltr'><strong>rebus</strong></span> <span class='ocrx_word' id='word_1_93' title='bbox 293 779 431 806; x_wconf 83' lang='lat' dir='ltr'><strong>magnum</strong></span> <span class='ocrx_word' id='word_1_94' title='bbox 456 771 601 806; x_wconf 87' lang='lat' dir='ltr'><strong>impendit</strong></span> <span class='ocrx_word' id='word_1_95' title='bbox 630 771 773 804; x_wconf 86' lang='lat' dir='ltr'><strong>studium,</strong></span> <span class='ocrx_word' id='word_1_96' title='bbox 802 778 927 806; x_wconf 84' lang='lat' dir='ltr'><strong>quarum</strong></span> <span class='ocrx_word' id='word_1_97' title='bbox 953 778 1013 797; x_wconf 88' lang='lat' dir='ltr'>una</span> 
     </span>
    </p>
   </div>
   <div class='ocr_carea' id='block_1_18' title="bbox 191 815 1013 851">
    <p class='ocr_par' dir='ltr' id='par_1_18' title="bbox 191 815 1013 851">
     <span class='ocr_line' id='line_1_18' title="bbox 191 815 1013 851; baseline 0 -9"><span class='ocrx_word' id='word_1_98' title='bbox 191 817 261 847; x_wconf 87' lang='lat' dir='ltr'><strong>erat,</strong></span> <span class='ocrx_word' id='word_1_99' title='bbox 280 817 311 842; x_wconf 89' lang='lat' dir='ltr'>ut</span> <span class='ocrx_word' id='word_1_100' title='bbox 323 815 441 850; x_wconf 89' lang='lat' dir='ltr'><strong>publica</strong></span> <span class='ocrx_word' id='word_1_101' title='bbox 451 815 604 851; x_wconf 83' lang='lat' dir='ltr'><strong>vectigalia</strong></span> <span class='ocrx_word' id='word_1_102' title='bbox 619 818 747 851; x_wconf 88' lang='lat' dir='ltr'><strong>augeret,</strong></span> <span class='ocrx_word' id='word_1_103' title='bbox 763 823 856 850; x_wconf 89' lang='lat' dir='ltr'><strong>eaque</strong></span> <span class='ocrx_word' id='word_1_104' title='bbox 874 815 909 842; x_wconf 90' lang='lat' dir='ltr'>de</span> <span class='ocrx_word' id='word_1_105' title='bbox 924 823 1013 842; x_wconf 86' lang='lat' dir='ltr'><strong>causa</strong></span> 
     </span>
    </p>
   </div>
   <div class='ocr_carea' id='block_1_19' title="bbox 192 859 1012 895">
    <p class='ocr_par' dir='ltr' id='par_1_19' title="bbox 192 859 1012 895">
     <span class='ocr_line' id='line_1_19' title="bbox 192 859 1012 895; baseline 0 -9"><span class='ocrx_word' id='word_1_106' title='bbox 192 859 289 887; x_wconf 88' lang='lat' dir='ltr'><strong>curias</strong></span> <span class='ocrx_word' id='word_1_107' title='bbox 303 859 465 886; x_wconf 84' lang='lat' dir='ltr'><strong>rationibus</strong></span> <span class='ocrx_word' id='word_1_108' title='bbox 486 859 651 894; x_wconf 72' lang='lat' dir='ltr'><strong>questoriis</strong></span> <span class='ocrx_word' id='word_1_109' title='bbox 675 859 837 887; x_wconf 85' lang='lat' dir='ltr'><strong>destinatas</strong></span> <span class='ocrx_word' id='word_1_110' title='bbox 859 859 1012 895; x_wconf 86' lang='lat' dir='ltr'><strong>quibusvis</strong></span> 
     </span>
    </p>
   </div>
   <div class='ocr_carea' id='block_1_20' title="bbox 190 903 1013 940">
    <p class='ocr_par' dir='ltr' id='par_1_20' title="bbox 190 903 1013 940">
     <span class='ocr_line' id='line_1_20' title="bbox 190 903 1013 940; baseline 0 -9"><span class='ocrx_word' id='word_1_111' title='bbox 190 904 346 937; x_wconf 85' lang='lat' dir='ltr'><strong>vendebat,</strong></span> <span class='ocrx_word' id='word_1_112' title='bbox 361 907 389 932; x_wconf 88' lang='lat' dir='ltr'>et</span> <span class='ocrx_word' id='word_1_113' title='bbox 408 903 592 940; x_wconf 86' lang='lat' dir='ltr'><strong>vectigalium</strong></span> <span class='ocrx_word' id='word_1_114' title='bbox 618 904 818 932; x_wconf 85' lang='lat' dir='ltr'><strong>collectionem</strong></span> <span class='ocrx_word' id='word_1_115' title='bbox 848 904 1013 940; x_wconf 87' lang='lat' dir='ltr'><strong>publicanis</strong></span> 
     </span>
    </p>
   </div>
   <div class='ocr_carea' id='block_1_21' title="bbox 192 948 1013 984">
    <p class='ocr_par' dir='ltr' id='par_1_21' title="bbox 192 948 1013 984">
     <span class='ocr_line' id='line_1_21' title="bbox 192 948 1013 984; baseline 0 -9"><span class='ocrx_word' id='word_1_116' title='bbox 192 956 257 976; x_wconf 91' lang='lat' dir='ltr'>cum</span> <span class='ocrx_word' id='word_1_117' title='bbox 274 952 356 983; x_wconf 87' lang='lat' dir='ltr'><strong>pacto</strong></span> <span class='ocrx_word' id='word_1_118' title='bbox 368 948 487 976; x_wconf 87' lang='lat' dir='ltr'><strong>auctarii</strong></span> <span class='ocrx_word' id='word_1_119' title='bbox 503 949 653 983; x_wconf 86' lang='lat' dir='ltr'><strong>credebat;</strong></span> <span class='ocrx_word' id='word_1_120' title='bbox 669 949 769 984; x_wconf 87' lang='lat' dir='ltr'><strong>altera,</strong></span> <span class='ocrx_word' id='word_1_121' title='bbox 800 951 832 977; x_wconf 88' lang='lat' dir='ltr'>ut</span> <span class='ocrx_word' id='word_1_122' title='bbox 847 951 1013 976; x_wconf 88' lang='lat' dir='ltr'><strong>controver-</strong></span> 
     </span>
    </p>
   </div>
   <div class='ocr_carea' id='block_1_22' title="bbox 193 993 1015 1029">
    <p class='ocr_par' dir='ltr' id='par_1_22' title="bbox 193 993 1015 1029">
     <span class='ocr_line' id='line_1_22' title="bbox 193 993 1015 1029; baseline 0 -9"><span class='ocrx_word' id='word_1_123' title='bbox 193 993 251 1021; x_wconf 79' lang='lat' dir='ltr'><strong>sias</strong></span> <span class='ocrx_word' id='word_1_124' title='bbox 263 993 387 1028; x_wconf 83' lang='lat' dir='ltr'><strong>audiret,</strong></span> <span class='ocrx_word' id='word_1_125' title='bbox 399 995 428 1021; x_wconf 89' lang='lat' dir='ltr'>et</span> <span class='ocrx_word' id='word_1_126' title='bbox 442 994 558 1021; x_wconf 82' lang='lat' dir='ltr'><strong>decreta</strong></span> <span class='ocrx_word' id='word_1_127' title='bbox 577 993 726 1022; x_wconf 86' lang='lat' dir='ltr'><strong>scriberet.</strong></span> <span class='ocrx_word' id='word_1_128' title='bbox 756 993 864 1021; x_wconf 86' lang='lat' dir='ltr'><strong>Verum</strong></span> <span class='ocrx_word' id='word_1_129' title='bbox 894 993 922 1020; x_wconf 92' lang='lat' dir='ltr'>in</span> <span class='ocrx_word' id='word_1_130' title='bbox 947 993 1015 1029; x_wconf 89' lang='lat' dir='ltr'><strong>jure</strong></span> 
     </span>
    </p>
   </div>
   <div class='ocr_carea' id='block_1_23' title="bbox 193 1037 1015 1075">
    <p class='ocr_par' dir='ltr' id='par_1_23' title="bbox 193 1037 1015 1075">
     <span class='ocr_line' id='line_1_23' title="bbox 193 1037 1015 1075; baseline 0.001 -10"><span class='ocrx_word' id='word_1_131' title='bbox 193 1037 316 1066; x_wconf 89' lang='lat' dir='ltr'><strong>dicendo</strong></span> <span class='ocrx_word' id='word_1_132' title='bbox 333 1046 390 1066; x_wconf 88' lang='lat' dir='ltr'>non</span> <span class='ocrx_word' id='word_1_133' title='bbox 406 1046 522 1074; x_wconf 80' lang='lat' dir='ltr'><strong>semper</strong></span> <span class='ocrx_word' id='word_1_134' title='bbox 537 1038 703 1074; x_wconf 66' lang='lat' dir='ltr'><strong>praescripta</strong></span> <span class='ocrx_word' id='word_1_135' title='bbox 717 1038 815 1075; x_wconf 83' lang='lat' dir='ltr'><strong>legum</strong></span> <span class='ocrx_word' id='word_1_136' title='bbox 831 1039 1015 1072; x_wconf 83' lang='lat' dir='ltr'><strong>observabat,</strong></span> 
     </span>
    </p>
   </div>
   <div class='ocr_carea' id='block_1_24' title="bbox 195 1082 1017 1119">
    <p class='ocr_par' dir='ltr' id='par_1_24' title="bbox 195 1082 1017 1119">
     <span class='ocr_line' id='line_1_24' title="bbox 195 1082 1017 1119; baseline -0.001 -9"><span class='ocrx_word' id='word_1_137' title='bbox 195 1083 245 1110; x_wconf 88' lang='lat' dir='ltr'>sed</span> <span class='ocrx_word' id='word_1_138' title='bbox 261 1082 368 1110; x_wconf 87' lang='lat' dir='ltr'><strong>alicubi</strong></span> <span class='ocrx_word' id='word_1_139' title='bbox 388 1083 477 1110; x_wconf 89' lang='lat' dir='ltr'><strong>etiam</strong></span> <span class='ocrx_word' id='word_1_140' title='bbox 507 1085 569 1111; x_wconf 88' lang='lat' dir='ltr'><strong>erat</strong></span> <span class='ocrx_word' id='word_1_141' title='bbox 597 1091 649 1119; x_wconf 92' lang='lat' dir='ltr'>pro</span> <span class='ocrx_word' id='word_1_142' title='bbox 676 1083 788 1111; x_wconf 86' lang='lat' dir='ltr'><strong>ratione</strong></span> <span class='ocrx_word' id='word_1_143' title='bbox 809 1082 954 1117; x_wconf 86' lang='lat' dir='ltr'><strong>voluntas,</strong></span> <span class='ocrx_word' id='word_1_144' title='bbox 984 1084 1017 1109; x_wconf 90' lang='lat' dir='ltr'>ut</span> 
     </span>
    </p>
   </div>
   <div class='ocr_carea' id='block_1_25' title="bbox 196 1126 1015 1164">
    <p class='ocr_par' dir='ltr' id='par_1_25' title="bbox 196 1126 1015 1164">
     <span class='ocr_line' id='line_1_25' title="bbox 196 1126 1015 1164; baseline 0 -10"><span class='ocrx_word' id='word_1_145' title='bbox 196 1127 383 1155; x_wconf 89' lang='lat' dir='ltr'><strong>commutatis</strong></span> <span class='ocrx_word' id='word_1_146' title='bbox 399 1126 519 1155; x_wconf 87' lang='lat' dir='ltr'><strong>calculis</strong></span> <span class='ocrx_word' id='word_1_147' title='bbox 535 1127 564 1155; x_wconf 87' lang='lat' dir='ltr'>in</span> <span class='ocrx_word' id='word_1_148' title='bbox 580 1127 797 1164; x_wconf 84' lang='lat' dir='ltr'><strong>pronuntiando</strong></span> <span class='ocrx_word' id='word_1_149' title='bbox 825 1134 1015 1164; x_wconf 87' lang='lat' dir='ltr'><strong>personarum</strong></span> 
     </span>
    </p>
   </div>
   <div class='ocr_carea' id='block_1_26' title="bbox 196 1171 1016 1208">
    <p class='ocr_par' dir='ltr' id='par_1_26' title="bbox 196 1171 1016 1208">
     <span class='ocr_line' id='line_1_26' title="bbox 196 1171 1016 1208; baseline 0 -9"><span class='ocrx_word' id='word_1_150' title='bbox 196 1171 338 1200; x_wconf 89' lang='lat' dir='ltr'><strong>rationem</strong></span> <span class='ocrx_word' id='word_1_151' title='bbox 353 1172 485 1200; x_wconf 84' lang='lat' dir='ltr'><strong>haberet.</strong></span> <span class='ocrx_word' id='word_1_152' title='bbox 497 1172 603 1200; x_wconf 84' lang='lat' dir='ltr'><strong>Jalnut</strong></span> <span class='ocrx_word' id='word_1_153' title='bbox 617 1175 679 1201; x_wconf 89' lang='lat' dir='ltr'><strong>erat</strong></span> <span class='ocrx_word' id='word_1_154' title='bbox 686 1175 773 1200; x_wconf 84' lang='lat' dir='ltr'><strong>tenax</strong></span> <span class='ocrx_word' id='word_1_155' title='bbox 787 1175 816 1200; x_wconf 90' lang='lat' dir='ltr'>et</span> <span class='ocrx_word' id='word_1_156' title='bbox 831 1180 1016 1208; x_wconf 86' lang='lat' dir='ltr'><strong>parcus,cum</strong></span> 
     </span>
    </p>
   </div>
   <div class='ocr_carea' id='block_1_27' title="bbox 195 1215 1018 1252">
    <p class='ocr_par' dir='ltr' id='par_1_27' title="bbox 195 1215 1018 1252">
     <span class='ocr_line' id='line_1_27' title="bbox 195 1215 1018 1252; baseline 0.001 -9"><span class='ocrx_word' id='word_1_157' title='bbox 195 1215 294 1244; x_wconf 85' lang='lat' dir='ltr'><strong>animo</strong></span> <span class='ocrx_word' id='word_1_158' title='bbox 308 1225 362 1244; x_wconf 93' lang='lat' dir='ltr'>suo</span> <span class='ocrx_word' id='word_1_159' title='bbox 378 1217 541 1252; x_wconf 86' lang='lat' dir='ltr'><strong>constituit,</strong></span> <span class='ocrx_word' id='word_1_160' title='bbox 558 1217 635 1245; x_wconf 92' lang='lat' dir='ltr'><strong>nolle</strong></span> <span class='ocrx_word' id='word_1_161' title='bbox 649 1226 680 1245; x_wconf 88' lang='lat' dir='ltr'>se</span> <span class='ocrx_word' id='word_1_162' title='bbox 694 1217 779 1245; x_wconf 87' lang='lat' dir='ltr'><strong>bellis</strong></span> <span class='ocrx_word' id='word_1_163' title='bbox 793 1216 1018 1252; x_wconf 85' lang='lat' dir='ltr'><strong>conﬂictari,sed</strong></span> 
     </span>
    </p>
   </div>
   <div class='ocr_carea' id='block_1_28' title="bbox 194 1261 1018 1298">
    <p class='ocr_par' dir='ltr' id='par_1_28' title="bbox 194 1261 1018 1298">
     <span class='ocr_line' id='line_1_28' title="bbox 194 1261 1018 1298; baseline 0.001 -11"><span class='ocrx_word' id='word_1_164' title='bbox 194 1262 296 1296; x_wconf 82' lang='lat' dir='ltr'><strong>gentes</strong></span> <span class='ocrx_word' id='word_1_165' title='bbox 312 1261 485 1289; x_wconf 87' lang='lat' dir='ltr'><strong>muneribus</strong></span> <span class='ocrx_word' id='word_1_166' title='bbox 507 1264 535 1289; x_wconf 91' lang='lat' dir='ltr'>et</span> <span class='ocrx_word' id='word_1_167' title='bbox 550 1262 615 1290; x_wconf 90' lang='lat' dir='ltr'><strong>aliis</strong></span> <span class='ocrx_word' id='word_1_168' title='bbox 643 1261 791 1298; x_wconf 85' lang='lat' dir='ltr'><strong>obsequiis</strong></span> <span class='ocrx_word' id='word_1_169' title='bbox 816 1261 973 1295; x_wconf 83' lang='lat' dir='ltr'><strong>devincire,</strong></span> <span class='ocrx_word' id='word_1_170' title='bbox 989 1263 1018 1289; x_wconf 88' lang='lat' dir='ltr'>et</span> 
     </span>
    </p>
   </div>
   <div class='ocr_carea' id='block_1_29' title="bbox 195 1305 1019 1342">
    <p class='ocr_par' dir='ltr' id='par_1_29' title="bbox 195 1305 1019 1342">
     <span class='ocr_line' id='line_1_29' title="bbox 195 1305 1019 1342; baseline 0.001 -9"><span class='ocrx_word' id='word_1_171' title='bbox 195 1307 328 1333; x_wconf 78' lang='lat' dir='ltr'><strong>Romano</strong></span> <span class='ocrx_word' id='word_1_172' title='bbox 342 1305 464 1341; x_wconf 89' lang='lat' dir='ltr'><strong>imperio</strong></span> <span class='ocrx_word' id='word_1_173' title='bbox 488 1306 694 1341; x_wconf 86' lang='lat' dir='ltr'><strong>reconciliare;</strong></span> <span class='ocrx_word' id='word_1_174' title='bbox 711 1315 769 1342; x_wconf 89' lang='lat' dir='ltr'>qua</span> <span class='ocrx_word' id='word_1_175' title='bbox 798 1314 829 1335; x_wconf 85' lang='lat' dir='ltr'>re</span> <span class='ocrx_word' id='word_1_176' title='bbox 856 1307 914 1334; x_wconf 91' lang='lat' dir='ltr'>duo</span> <span class='ocrx_word' id='word_1_177' title='bbox 942 1314 1019 1334; x_wconf 89' lang='lat' dir='ltr'><strong>oom-</strong></span> 
     </span>
    </p>
   </div>
   <div class='ocr_carea' id='block_1_30' title="bbox 197 1349 1018 1387">
    <p class='ocr_par' dir='ltr' id='par_1_30' title="bbox 197 1349 1018 1387">
     <span class='ocr_line' id='line_1_30' title="bbox 197 1349 1018 1387; baseline 0.001 -10"><span class='ocrx_word' id='word_1_178' title='bbox 197 1349 284 1377; x_wconf 90' lang='lat' dir='ltr'><strong>moda</strong></span> <span class='ocrx_word' id='word_1_179' title='bbox 296 1350 469 1385; x_wconf 82' lang='lat' dir='ltr'><strong>venabatur,</strong></span> <span class='ocrx_word' id='word_1_180' title='bbox 482 1350 607 1378; x_wconf 83' lang='lat' dir='ltr'><strong>alterum</strong></span> <span class='ocrx_word' id='word_1_181' title='bbox 626 1359 661 1378; x_wconf 92' lang='lat' dir='ltr'>ne</span> <span class='ocrx_word' id='word_1_182' title='bbox 676 1350 761 1387; x_wconf 87' lang='lat' dir='ltr'><strong>plura</strong></span> <span class='ocrx_word' id='word_1_183' title='bbox 776 1351 805 1378; x_wconf 90' lang='lat' dir='ltr'>in</span> <span class='ocrx_word' id='word_1_184' title='bbox 830 1350 1018 1387; x_wconf 82' lang='lat' dir='ltr'><strong>expeditioni-</strong></span> 
     </span>
    </p>
   </div>
   <div class='ocr_carea' id='block_1_31' title="bbox 197 1394 1018 1431">
    <p class='ocr_par' dir='ltr' id='par_1_31' title="bbox 197 1394 1018 1431">
     <span class='ocr_line' id='line_1_31' title="bbox 197 1394 1018 1431; baseline 0 -9"><span class='ocrx_word' id='word_1_185' title='bbox 197 1395 253 1422; x_wconf 90' lang='lat' dir='ltr'>bus</span> <span class='ocrx_word' id='word_1_186' title='bbox 268 1397 472 1422; x_wconf 87' lang='lat' dir='ltr'><strong>consumeret:</strong></span> <span class='ocrx_word' id='word_1_187' title='bbox 490 1396 627 1429; x_wconf 84' lang='lat' dir='ltr'><strong>alterum,</strong></span> <span class='ocrx_word' id='word_1_188' title='bbox 643 1398 676 1422; x_wconf 90' lang='lat' dir='ltr'>ut</span> <span class='ocrx_word' id='word_1_189' title='bbox 692 1403 742 1431; x_wconf 89' lang='lat' dir='ltr'>per</span> <span class='ocrx_word' id='word_1_190' title='bbox 758 1403 909 1423; x_wconf 88' lang='lat' dir='ltr'><strong>summum</strong></span> <span class='ocrx_word' id='word_1_191' title='bbox 925 1394 1018 1422; x_wconf 88' lang='lat' dir='ltr'><strong>otium</strong></span> 
     </span>
    </p>
   </div>
   <div class='ocr_carea' id='block_1_32' title="bbox 196 1438 1020 1475">
    <p class='ocr_par' dir='ltr' id='par_1_32' title="bbox 196 1438 1020 1475">
     <span class='ocr_line' id='line_1_32' title="bbox 196 1438 1020 1475; baseline 0.001 -9"><span class='ocrx_word' id='word_1_192' title='bbox 196 1438 384 1467; x_wconf 87' lang='lat' dir='ltr'><strong>cumulandis</strong></span> <span class='ocrx_word' id='word_1_193' title='bbox 408 1439 556 1467; x_wconf 87' lang='lat' dir='ltr'><strong>thesauris</strong></span> <span class='ocrx_word' id='word_1_194' title='bbox 589 1439 764 1475; x_wconf 87' lang='lat' dir='ltr'><strong>invigilaret.</strong></span> <span class='ocrx_word' id='word_1_195' title='bbox 790 1440 831 1468; x_wconf 90' lang='lat' dir='ltr'>lta</span> <span class='ocrx_word' id='word_1_196' title='bbox 860 1440 958 1473; x_wconf 77' lang='lat' dir='ltr'><strong>fiebat,</strong></span> <span class='ocrx_word' id='word_1_197' title='bbox 987 1440 1020 1467; x_wconf 87' lang='lat' dir='ltr'>ut</span> 
     </span>
    </p>
   </div>
   <div class='ocr_carea' id='block_1_33' title="bbox 196 1483 1019 1520">
    <p class='ocr_par' dir='ltr' id='par_1_33' title="bbox 196 1483 1019 1520">
     <span class='ocr_line' id='line_1_33' title="bbox 196 1483 1019 1520; baseline 0.002 -10"><span class='ocrx_word' id='word_1_198' title='bbox 196 1483 339 1511; x_wconf 78' lang='lat' dir='ltr'><strong>militares</strong></span> <span class='ocrx_word' id='word_1_199' title='bbox 345 1483 492 1520; x_wconf 84' lang='lat' dir='ltr'><strong>catalogos</strong></span> <span class='ocrx_word' id='word_1_200' title='bbox 511 1483 681 1520; x_wconf 87' lang='lat' dir='ltr'><strong>negligeret,</strong></span> <span class='ocrx_word' id='word_1_201' title='bbox 692 1491 726 1512; x_wconf 90' lang='lat' dir='ltr'>ac</span> <span class='ocrx_word' id='word_1_202' title='bbox 735 1483 832 1520; x_wconf 89' lang='lat' dir='ltr'><strong>potius</strong></span> <span class='ocrx_word' id='word_1_203' title='bbox 844 1484 1019 1513; x_wconf 84' lang='lat' dir='ltr'><strong>fortissimos</strong></span> 
     </span>
    </p>
   </div>
   <div class='ocr_carea' id='block_1_34' title="bbox 196 1528 1019 1564">
    <p class='ocr_par' dir='ltr' id='par_1_34' title="bbox 196 1528 1019 1564">
     <span class='ocr_line' id='line_1_34' title="bbox 196 1528 1019 1564; baseline 0.001 -8"><span class='ocrx_word' id='word_1_204' title='bbox 196 1536 327 1564; x_wconf 85' lang='lat' dir='ltr'><strong>quosque</strong></span> <span class='ocrx_word' id='word_1_205' title='bbox 343 1528 378 1556; x_wconf 87' lang='lat' dir='ltr'>ob</span> <span class='ocrx_word' id='word_1_206' title='bbox 397 1528 536 1564; x_wconf 85' lang='lat' dir='ltr'><strong>stipendii</strong></span> <span class='ocrx_word' id='word_1_207' title='bbox 552 1528 784 1564; x_wconf 85' lang='lat' dir='ltr'><strong>magnitudinem</strong></span> <span class='ocrx_word' id='word_1_208' title='bbox 801 1528 919 1557; x_wconf 87' lang='lat' dir='ltr'><strong>deleret.</strong></span> <span class='ocrx_word' id='word_1_209' title='bbox 937 1528 1019 1557; x_wconf 90' lang='lat' dir='ltr'><strong>Unde</strong></span> 
     </span>
    </p>
   </div>
   <div class='ocr_carea' id='block_1_35' title="bbox 196 1572 1018 1610">
    <p class='ocr_par' dir='ltr' id='par_1_35' title="bbox 196 1572 1018 1610">
     <span class='ocr_line' id='line_1_35' title="bbox 196 1572 1018 1610; baseline 0.001 -10"><span class='ocrx_word' id='word_1_210' title='bbox 196 1572 314 1601; x_wconf 88' lang='lat' dir='ltr'><strong>Barbari</strong></span> <span class='ocrx_word' id='word_1_211' title='bbox 331 1573 486 1601; x_wconf 85' lang='lat' dir='ltr'><strong>ferociores</strong></span> <span class='ocrx_word' id='word_1_212' title='bbox 502 1573 681 1601; x_wconf 78' lang='lat' dir='ltr'><strong>evadebant:</strong></span> <span class='ocrx_word' id='word_1_213' title='bbox 698 1573 832 1602; x_wconf 67' lang='lat' dir='ltr'><strong>Romanae</strong></span> <span class='ocrx_word' id='word_1_214' title='bbox 847 1582 914 1602; x_wconf 83' lang='lat' dir='ltr'><strong>vero</strong></span> <span class='ocrx_word' id='word_1_215' title='bbox 929 1573 1018 1610; x_wconf 91' lang='lat' dir='ltr'><strong>legio-</strong></span> 
     </span>
    </p>
   </div>
   <div class='ocr_carea' id='block_1_36' title="bbox 1065 277 1920 317">
    <p class='ocr_par' dir='ltr' id='par_1_36' title="bbox 1065 277 1920 317">
     <span class='ocr_line' id='line_1_36' title="bbox 1065 277 1920 317; baseline 0.002 -11"><span class='ocrx_word' id='word_1_216' title='bbox 1065 289 1140 312; x_wconf 81' lang='grc' dir='ltr'>αστο,</span> <span class='ocrx_word' id='word_1_217' title='bbox 1168 277 1247 317; x_wconf 76' lang='grc' dir='ltr'>ἔγνω,</span> <span class='ocrx_word' id='word_1_218' title='bbox 1276 279 1321 306; x_wconf 81' lang='grc' dir='ltr'>καὶ</span> <span class='ocrx_word' id='word_1_219' title='bbox 1357 279 1420 310; x_wconf 83' lang='grc' dir='ltr'>τοὺς</span> <span class='ocrx_word' id='word_1_220' title='bbox 1456 279 1560 310; x_wconf 76' lang='grc' dir='ltr'>αἰτίους</span> <span class='ocrx_word' id='word_1_221' title='bbox 1602 279 1726 316; x_wconf 75' lang='grc' dir='ltr'>ἠμύνατο</span> <span class='ocrx_word' id='word_1_222' title='bbox 1766 281 1920 317; x_wconf 72' lang='grc' dir='ltr'>στερήσει</span> 
     </span>
    </p>
   </div>
   <div class='ocr_carea' id='block_1_37' title="bbox 1066 323 1917 362">
    <p class='ocr_par' dir='ltr' id='par_1_37' title="bbox 1066 323 1917 362">
     <span class='ocr_line' id='line_1_37' title="bbox 1066 323 1917 362; baseline 0.002 -12"><span class='ocrx_word' id='word_1_223' title='bbox 1066 323 1135 360; x_wconf 82' lang='grc' dir='ltr'>μόνῃ</span> <span class='ocrx_word' id='word_1_224' title='bbox 1160 325 1213 350; x_wconf 81' lang='grc' dir='ltr'>τῶν</span> <span class='ocrx_word' id='word_1_225' title='bbox 1239 323 1348 351; x_wconf 76' lang='grc' dir='ltr'>οὐσιῶν.</span> <span class='ocrx_word' id='word_1_226' title='bbox 1366 323 1453 355; x_wconf 82' lang='grc' dir='ltr'>Οὗτος</span> <span class='ocrx_word' id='word_1_227' title='bbox 1477 325 1491 351; x_wconf 86' lang='grc' dir='ltr'><strong>ὁ</strong></span> <span class='ocrx_word' id='word_1_228' title='bbox 1519 323 1644 361; x_wconf 82' lang='grc' dir='ltr'>βασιλεὺς</span> <span class='ocrx_word' id='word_1_229' title='bbox 1668 324 1749 362; x_wconf 76' lang='grc' dir='ltr'>ηὔχει</span> <span class='ocrx_word' id='word_1_230' title='bbox 1777 325 1845 361; x_wconf 74' lang='grc' dir='ltr'>μὲν,</span> <span class='ocrx_word' id='word_1_231' title='bbox 1869 325 1917 355; x_wconf 86' lang='grc' dir='ltr'>ὡς</span> 
     </span>
    </p>
   </div>
   <div class='ocr_carea' id='block_1_38' title="bbox 1065 367 1917 406">
    <p class='ocr_par' dir='ltr' id='par_1_38' title="bbox 1065 367 1917 406">
     <span class='ocr_line' id='line_1_38' title="bbox 1065 367 1917 406; baseline 0.001 -11"><span class='ocrx_word' id='word_1_232' title='bbox 1065 368 1108 395; x_wconf 77' lang='grc' dir='ltr'>ἐπὶ</span> <span class='ocrx_word' id='word_1_233' title='bbox 1128 368 1275 406; x_wconf 85' lang='grc' dir='ltr'>προγόνοις</span> <span class='ocrx_word' id='word_1_234' title='bbox 1296 371 1355 400; x_wconf 84' lang='grc' dir='ltr'>τοῖς</span> <span class='ocrx_word' id='word_1_235' title='bbox 1378 367 1462 396; x_wconf 82' lang='grc' dir='ltr'>πάλαι</span> <span class='ocrx_word' id='word_1_236' title='bbox 1491 368 1525 406; x_wconf 73' lang='grc' dir='ltr'>τῇ</span> <span class='ocrx_word' id='word_1_237' title='bbox 1548 371 1602 396; x_wconf 78' lang='grc' dir='ltr'>τῶν</span> <span class='ocrx_word' id='word_1_238' title='bbox 1617 370 1723 396; x_wconf 81' lang='grc' dir='ltr'>Δουκῶν</span> <span class='ocrx_word' id='word_1_239' title='bbox 1751 375 1845 404; x_wconf 71' lang='grc' dir='ltr'>κεκλη</span> <span class='ocrx_word' id='word_1_240' title='bbox 1854 370 1917 405; x_wconf 74' lang='grc' dir='ltr'><strong>μὲ-</strong></span> 
     </span>
    </p>
   </div>
   <div class='ocr_carea' id='block_1_39' title="bbox 1063 412 1915 451">
    <p class='ocr_par' dir='ltr' id='par_1_39' title="bbox 1063 412 1915 451">
     <span class='ocr_line' id='line_1_39' title="bbox 1063 412 1915 451; baseline 0.001 -11"><span class='ocrx_word' id='word_1_241' title='bbox 1063 423 1121 443; x_wconf 89' lang='grc' dir='ltr'>νοις</span> <span class='ocrx_word' id='word_1_242' title='bbox 1163 413 1313 449; x_wconf 69' lang='grc' dir='ltr'>έπιυνυμίᾳ,</span> <span class='ocrx_word' id='word_1_243' title='bbox 1342 415 1382 449; x_wconf 84' lang='grc' dir='ltr'>τῷ</span> <span class='ocrx_word' id='word_1_244' title='bbox 1410 413 1574 451; x_wconf 81' lang='grc' dir='ltr'>Ἀνδρονίκῳ</span> <span class='ocrx_word' id='word_1_245' title='bbox 1616 412 1734 450; x_wconf 83' lang='grc' dir='ltr'>δηλαδὴ,</span> <span class='ocrx_word' id='word_1_246' title='bbox 1761 414 1808 441; x_wconf 77' lang='grc' dir='ltr'>καὶ</span> <span class='ocrx_word' id='word_1_247' title='bbox 1864 413 1915 450; x_wconf 78' lang='grc' dir='ltr'>τῷ</span> 
     </span>
    </p>
   </div>
   <div class='ocr_carea' id='block_1_40' title="bbox 1065 457 1915 495">
    <p class='ocr_par' dir='ltr' id='par_1_40' title="bbox 1065 457 1915 495">
     <span class='ocr_line' id='line_1_40' title="bbox 1065 457 1915 495; baseline 0.002 -12"><span class='ocrx_word' id='word_1_248' title='bbox 1065 457 1221 495; x_wconf 82' lang='grc' dir='ltr'>Πανθηρίῳ,</span> <span class='ocrx_word' id='word_1_249' title='bbox 1237 457 1281 484; x_wconf 85' lang='grc' dir='ltr'>καὶ</span> <span class='ocrx_word' id='word_1_250' title='bbox 1311 457 1353 485; x_wconf 62' lang='grc' dir='ltr'>ἰπὶ</span> <span class='ocrx_word' id='word_1_251' title='bbox 1382 457 1490 490; x_wconf 83' lang='grc' dir='ltr'>τούτοις</span> <span class='ocrx_word' id='word_1_252' title='bbox 1512 460 1552 494; x_wconf 81' lang='grc' dir='ltr'>τῷ</span> <span class='ocrx_word' id='word_1_253' title='bbox 1576 459 1783 495; x_wconf 87' lang='grc' dir='ltr'>Κωνσταντίνῳ.</span> <span class='ocrx_word' id='word_1_254' title='bbox 1800 457 1915 487; x_wconf 80' lang='grc' dir='ltr'>Ἀλλά</span> 
     </span>
    </p>
   </div>
   <div class='ocr_carea' id='block_1_41' title="bbox 1063 501 1910 540">
    <p class='ocr_par' dir='ltr' id='par_1_41' title="bbox 1063 501 1910 540">
     <span class='ocr_line' id='line_1_41' title="bbox 1063 501 1910 540; baseline 0.004 -12"><span class='ocrx_word' id='word_1_255' title='bbox 1063 503 1112 529; x_wconf 78' lang='grc' dir='ltr'>τοῦ</span> <span class='ocrx_word' id='word_1_256' title='bbox 1139 502 1233 538; x_wconf 87' lang='grc' dir='ltr'>γένους</span> <span class='ocrx_word' id='word_1_257' title='bbox 1258 501 1364 530; x_wconf 71' lang='grc' dir='ltr'>ικείνων</span> <span class='ocrx_word' id='word_1_258' title='bbox 1390 502 1474 530; x_wconf 81' lang='grc' dir='ltr'>πάλαι</span> <span class='ocrx_word' id='word_1_259' title='bbox 1503 503 1611 530; x_wconf 79' lang='grc' dir='ltr'>πανοικὶ</span> <span class='ocrx_word' id='word_1_260' title='bbox 1641 501 1910 540; x_wconf 72' lang='grc' dir='ltr'>ὶξολοθριυθέντος,</span> 
     </span>
    </p>
   </div>
   <div class='ocr_carea' id='block_1_42' title="bbox 1065 545 1911 586">
    <p class='ocr_par' dir='ltr' id='par_1_42' title="bbox 1065 545 1911 586">
     <span class='ocr_line' id='line_1_42' title="bbox 1065 545 1911 586; baseline 0.002 -13"><span class='ocrx_word' id='word_1_261' title='bbox 1065 546 1110 573; x_wconf 72' lang='grc' dir='ltr'>ὅτε</span> <span class='ocrx_word' id='word_1_262' title='bbox 1138 546 1152 573; x_wconf 78' lang='grc' dir='ltr'><strong>ὁ</strong></span> <span class='ocrx_word' id='word_1_263' title='bbox 1179 547 1381 578; x_wconf 79' lang='grc' dir='ltr'>Κωνσταντῖνος</span> <span class='ocrx_word' id='word_1_264' title='bbox 1421 545 1555 585; x_wconf 80' lang='grc' dir='ltr'>τυραννίδι</span> <span class='ocrx_word' id='word_1_265' title='bbox 1599 547 1805 586; x_wconf 72' lang='grc' dir='ltr'>ἰπικεχείρηκιν</span> <span class='ocrx_word' id='word_1_266' title='bbox 1844 548 1911 584; x_wconf 73' lang='grc' dir='ltr'>(ὡς</span> 
     </span>
    </p>
   </div>
   <div class='ocr_carea' id='block_1_43' title="bbox 1065 589 1911 630">
    <p class='ocr_par' dir='ltr' id='par_1_43' title="bbox 1065 589 1911 630">
     <span class='ocr_line' id='line_1_43' title="bbox 1065 589 1911 630; baseline 0.001 -13"><span class='ocrx_word' id='word_1_267' title='bbox 1065 589 1215 627; x_wconf 64' lang='grc' dir='ltr'>ἔμπροσθεν</span> <span class='ocrx_word' id='word_1_268' title='bbox 1240 589 1355 629; x_wconf 74' lang='grc' dir='ltr'>εἶ’ρηται)</span> <span class='ocrx_word' id='word_1_269' title='bbox 1384 593 1433 619; x_wconf 78' lang='grc' dir='ltr'>τοῦ</span> <span class='ocrx_word' id='word_1_270' title='bbox 1466 593 1722 630; x_wconf 79' lang='grc' dir='ltr'>Πορφυρογεννήτου</span> <span class='ocrx_word' id='word_1_271' title='bbox 1748 595 1911 620; x_wconf 75' lang='grc' dir='ltr'>Κωνσταν-</span> 
     </span>
    </p>
   </div>
   <div class='ocr_carea' id='block_1_44' title="bbox 1064 633 1908 676">
    <p class='ocr_par' dir='ltr' id='par_1_44' title="bbox 1064 633 1908 676">
     <span class='ocr_line' id='line_1_44' title="bbox 1064 633 1908 676; baseline 0.004 -15"><span class='ocrx_word' id='word_1_272' title='bbox 1064 633 1140 662; x_wconf 90' lang='grc' dir='ltr'>τίνου</span> <span class='ocrx_word' id='word_1_273' title='bbox 1154 634 1202 662; x_wconf 80' lang='grc' dir='ltr'>τοῦ</span> <span class='ocrx_word' id='word_1_274' title='bbox 1217 634 1313 667; x_wconf 82' lang='grc' dir='ltr'>παιδὸς</span> <span class='ocrx_word' id='word_1_275' title='bbox 1328 637 1376 663; x_wconf 80' lang='grc' dir='ltr'>τοῦ</span> <span class='ocrx_word' id='word_1_276' title='bbox 1392 635 1504 667; x_wconf 73' lang='grc' dir='ltr'>ἄνακτος</span> <span class='ocrx_word' id='word_1_277' title='bbox 1519 637 1643 670; x_wconf 78' lang='grc' dir='ltr'>Λέοντος,</span> <span class='ocrx_word' id='word_1_278' title='bbox 1657 637 1706 664; x_wconf 76' lang='grc' dir='ltr'>τοῦ</span> <span class='ocrx_word' id='word_1_279' title='bbox 1728 634 1908 676; x_wconf 76' lang='grc' dir='ltr'>Φιλοσόφου</span> 
     </span>
    </p>
   </div>
   <div class='ocr_carea' id='block_1_45' title="bbox 1066 679 1908 719">
    <p class='ocr_par' dir='ltr' id='par_1_45' title="bbox 1066 679 1908 719">
     <span class='ocr_line' id='line_1_45' title="bbox 1066 679 1908 719; baseline 0.004 -13"><span class='ocrx_word' id='word_1_280' title='bbox 1066 679 1150 717; x_wconf 79' lang='grc' dir='ltr'>φημὶ,</span> <span class='ocrx_word' id='word_1_281' title='bbox 1169 679 1370 717; x_wconf 75' lang='grc' dir='ltr'>βασιλεύοντος,</span> <span class='ocrx_word' id='word_1_282' title='bbox 1399 680 1444 708; x_wconf 75' lang='grc' dir='ltr'>καὶ</span> <span class='ocrx_word' id='word_1_283' title='bbox 1475 681 1528 708; x_wconf 79' lang='grc' dir='ltr'>ὑπὸ</span> <span class='ocrx_word' id='word_1_284' title='bbox 1557 680 1719 719; x_wconf 70' lang='grc' dir='ltr'>ἆπιτρόπους</span> <span class='ocrx_word' id='word_1_285' title='bbox 1747 680 1908 713; x_wconf 71' lang='grc' dir='ltr'>τελοῦντος</span> 
     </span>
    </p>
   </div>
   <div class='ocr_carea' id='block_1_46' title="bbox 1066 723 1905 764">
    <p class='ocr_par' dir='ltr' id='par_1_46' title="bbox 1066 723 1905 764">
     <span class='ocr_line' id='line_1_46' title="bbox 1066 723 1905 764; baseline 0.002 -13"><span class='ocrx_word' id='word_1_286' title='bbox 1066 723 1105 752; x_wconf 75' lang='grc' dir='ltr'>ἔτι</span> <span class='ocrx_word' id='word_1_287' title='bbox 1135 723 1180 751; x_wconf 75' lang='grc' dir='ltr'>διὰ</span> <span class='ocrx_word' id='word_1_288' title='bbox 1198 725 1248 759; x_wconf 83' lang='grc' dir='ltr'>τὴν</span> <span class='ocrx_word' id='word_1_289' title='bbox 1274 725 1437 761; x_wconf 79' lang='grc' dir='ltr'>νηπιότητα,</span> <span class='ocrx_word' id='word_1_290' title='bbox 1458 726 1503 753; x_wconf 85' lang='grc' dir='ltr'>καὶ</span> <span class='ocrx_word' id='word_1_291' title='bbox 1531 724 1647 762; x_wconf 85' lang='grc' dir='ltr'>μηδενὸς</span> <span class='ocrx_word' id='word_1_292' title='bbox 1674 725 1786 764; x_wconf 77' lang='grc' dir='ltr'>ἂρῤενος</span> <span class='ocrx_word' id='word_1_293' title='bbox 1816 737 1905 764; x_wconf 79' lang='grc' dir='ltr'>περι-</span> 
     </span>
    </p>
   </div>
   <div class='ocr_carea' id='block_1_47' title="bbox 1067 768 1904 809">
    <p class='ocr_par' dir='ltr' id='par_1_47' title="bbox 1067 768 1904 809">
     <span class='ocr_line' id='line_1_47' title="bbox 1067 768 1904 809; baseline 0.002 -13"><span class='ocrx_word' id='word_1_294' title='bbox 1067 768 1234 807; x_wconf 81' lang='grc' dir='ltr'>λειφθέντος.</span> <span class='ocrx_word' id='word_1_295' title='bbox 1252 770 1299 798; x_wconf 85' lang='grc' dir='ltr'>Ἐκ</span> <span class='ocrx_word' id='word_1_296' title='bbox 1326 769 1439 805; x_wconf 83' lang='grc' dir='ltr'>θηλείας</span> <span class='ocrx_word' id='word_1_297' title='bbox 1466 770 1550 805; x_wconf 81' lang='grc' dir='ltr'>τινὸς,</span> <span class='ocrx_word' id='word_1_298' title='bbox 1568 771 1604 801; x_wconf 87' lang='grc' dir='ltr'>ὡς</span> <span class='ocrx_word' id='word_1_299' title='bbox 1633 770 1726 809; x_wconf 83' lang='grc' dir='ltr'>λόγος,</span> <span class='ocrx_word' id='word_1_300' title='bbox 1742 771 1768 797; x_wconf 76' lang='grc' dir='ltr'>οἱ</span> <span class='ocrx_word' id='word_1_301' title='bbox 1792 771 1904 798; x_wconf 87' lang='grc' dir='ltr'>τούτου</span> 
     </span>
    </p>
   </div>
   <div class='ocr_carea' id='block_1_48' title="bbox 1066 813 1901 853">
    <p class='ocr_par' dir='ltr' id='par_1_48' title="bbox 1066 813 1901 853">
     <span class='ocr_line' id='line_1_48' title="bbox 1066 813 1901 853; baseline 0.002 -13"><span class='ocrx_word' id='word_1_302' title='bbox 1066 815 1219 851; x_wconf 78' lang='grc' dir='ltr'>κατήγοντο</span> <span class='ocrx_word' id='word_1_303' title='bbox 1246 814 1387 852; x_wconf 84' lang='grc' dir='ltr'>πρόγονοι,</span> <span class='ocrx_word' id='word_1_304' title='bbox 1412 814 1471 842; x_wconf 79' lang='grc' dir='ltr'>ὅθεν</span> <span class='ocrx_word' id='word_1_305' title='bbox 1512 813 1577 842; x_wconf 77' lang='grc' dir='ltr'>οὐόὶ</span> <span class='ocrx_word' id='word_1_306' title='bbox 1603 817 1704 846; x_wconf 80' lang='grc' dir='ltr'>Δοῢκας</span> <span class='ocrx_word' id='word_1_307' title='bbox 1735 814 1901 853; x_wconf 79' lang='grc' dir='ltr'>λελόγιστο,</span> 
     </span>
    </p>
   </div>
   <div class='ocr_carea' id='block_1_49' title="bbox 1066 857 1898 897">
    <p class='ocr_par' dir='ltr' id='par_1_49' title="bbox 1066 857 1898 897">
     <span class='ocr_line' id='line_1_49' title="bbox 1066 857 1898 897; baseline 0.001 -11"><span class='ocrx_word' id='word_1_308' title='bbox 1066 859 1191 897; x_wconf 76' lang='grc' dir='ltr'>καθαρὸς,</span> <span class='ocrx_word' id='word_1_309' title='bbox 1215 858 1277 887; x_wconf 75' lang='grc' dir='ltr'>ἀλλ’</span> <span class='ocrx_word' id='word_1_310' title='bbox 1299 859 1441 896; x_wconf 81' lang='grc' dir='ltr'>έπίμικτος</span> <span class='ocrx_word' id='word_1_311' title='bbox 1467 859 1510 887; x_wconf 82' lang='grc' dir='ltr'>καὶ</span> <span class='ocrx_word' id='word_1_312' title='bbox 1540 857 1792 896; x_wconf 76' lang='grc' dir='ltr'>κικιϐδηλευμένην</span> <span class='ocrx_word' id='word_1_313' title='bbox 1819 858 1898 897; x_wconf 66' lang='grc' dir='ltr'>ἔχων</span> 
     </span>
    </p>
   </div>
   <div class='ocr_carea' id='block_1_50' title="bbox 1066 902 1895 942">
    <p class='ocr_par' dir='ltr' id='par_1_50' title="bbox 1066 902 1895 942">
     <span class='ocr_line' id='line_1_50' title="bbox 1066 902 1895 942; baseline 0 -12"><span class='ocrx_word' id='word_1_314' title='bbox 1066 904 1116 938; x_wconf 80' lang='grc' dir='ltr'>τὴν</span> <span class='ocrx_word' id='word_1_315' title='bbox 1145 904 1213 941; x_wconf 88' lang='grc' dir='ltr'>πρὸς</span> <span class='ocrx_word' id='word_1_316' title='bbox 1242 902 1305 935; x_wconf 77' lang='grc' dir='ltr'>τοὺς</span> <span class='ocrx_word' id='word_1_317' title='bbox 1339 903 1440 935; x_wconf 86' lang='grc' dir='ltr'>Δούκας</span> <span class='ocrx_word' id='word_1_318' title='bbox 1475 905 1640 942; x_wconf 81' lang='grc' dir='ltr'>συγγένειαν.</span> <span class='ocrx_word' id='word_1_319' title='bbox 1669 904 1715 932; x_wconf 85' lang='grc' dir='ltr'>Διὸ</span> <span class='ocrx_word' id='word_1_320' title='bbox 1749 903 1795 931; x_wconf 84' lang='grc' dir='ltr'>καὶ</span> <span class='ocrx_word' id='word_1_321' title='bbox 1833 907 1895 935; x_wconf 81' lang='grc' dir='ltr'>τοῖς</span> 
     </span>
    </p>
   </div>
   <div class='ocr_carea' id='block_1_51' title="bbox 1067 946 1898 986">
    <p class='ocr_par' dir='ltr' id='par_1_51' title="bbox 1067 946 1898 986">
     <span class='ocr_line' id='line_1_51' title="bbox 1067 946 1898 986; baseline 0 -11"><span class='ocrx_word' id='word_1_322' title='bbox 1067 946 1189 975; x_wconf 80' lang='grc' dir='ltr'>πλείοσιν</span> <span class='ocrx_word' id='word_1_323' title='bbox 1217 947 1247 975; x_wconf 81' lang='grc' dir='ltr'>οὐ</span> <span class='ocrx_word' id='word_1_324' title='bbox 1277 947 1389 984; x_wconf 86' lang='grc' dir='ltr'>Δούκας,</span> <span class='ocrx_word' id='word_1_325' title='bbox 1419 948 1566 984; x_wconf 85' lang='grc' dir='ltr'>Δουκίτζης</span> <span class='ocrx_word' id='word_1_326' title='bbox 1677 947 1700 976; x_wconf 81' lang='grc' dir='ltr'>δ’</span> <span class='ocrx_word' id='word_1_327' title='bbox 1732 949 1898 986; x_wconf 80' lang='grc' dir='ltr'>ὑποκοριζό-</span> 
     </span>
    </p>
   </div>
   <div class='ocr_carea' id='block_1_52' title="bbox 1071 991 1892 1031">
    <p class='ocr_par' dir='ltr' id='par_1_52' title="bbox 1071 991 1892 1031">
     <span class='ocr_line' id='line_1_52' title="bbox 1071 991 1892 1031; baseline 0 -11"><span class='ocrx_word' id='word_1_328' title='bbox 1071 1003 1149 1030; x_wconf 82' lang='grc' dir='ltr'>μενος</span> <span class='ocrx_word' id='word_1_329' title='bbox 1178 991 1366 1029; x_wconf 78' lang='grc' dir='ltr'>έπωνόμαστο.</span> <span class='ocrx_word' id='word_1_330' title='bbox 1397 994 1448 1022; x_wconf 85' lang='grc' dir='ltr'>Ἦν</span> <span class='ocrx_word' id='word_1_331' title='bbox 1477 991 1506 1021; x_wconf 61' lang='grc' dir='ltr'>δὲ</span> <span class='ocrx_word' id='word_1_332' title='bbox 1534 993 1548 1020; x_wconf 84' lang='grc' dir='ltr'><strong>ὁ</strong></span> <span class='ocrx_word' id='word_1_333' title='bbox 1575 993 1643 1031; x_wconf 81' lang='grc' dir='ltr'>ἀνὴρ</span> <span class='ocrx_word' id='word_1_334' title='bbox 1668 994 1702 1020; x_wconf 81' lang='grc' dir='ltr'>τὰ</span> <span class='ocrx_word' id='word_1_335' title='bbox 1727 993 1798 1031; x_wconf 83' lang='grc' dir='ltr'>πρὸς</span> <span class='ocrx_word' id='word_1_336' title='bbox 1827 994 1892 1021; x_wconf 82' lang='grc' dir='ltr'>Θεὸν</span> 
     </span>
    </p>
   </div>
   <div class='ocr_carea' id='block_1_53' title="bbox 1070 1035 1890 1075">
    <p class='ocr_par' dir='ltr' id='par_1_53' title="bbox 1070 1035 1890 1075">
     <span class='ocr_line' id='line_1_53' title="bbox 1070 1035 1890 1075; baseline 0.001 -11"><span class='ocrx_word' id='word_1_337' title='bbox 1070 1035 1192 1072; x_wconf 68' lang='grc' dir='ltr'>εὐσεϐὴς,</span> <span class='ocrx_word' id='word_1_338' title='bbox 1221 1038 1252 1065; x_wconf 85' lang='grc' dir='ltr'>τὸ</span> <span class='ocrx_word' id='word_1_339' title='bbox 1289 1038 1356 1072; x_wconf 76' lang='grc' dir='ltr'>ἦθος</span> <span class='ocrx_word' id='word_1_340' title='bbox 1390 1037 1522 1073; x_wconf 65' lang='grc' dir='ltr'>ἐπιεικῆς,</span> <span class='ocrx_word' id='word_1_341' title='bbox 1551 1036 1726 1073; x_wconf 79' lang='grc' dir='ltr'>δικαιοσύνης</span> <span class='ocrx_word' id='word_1_342' title='bbox 1763 1038 1890 1075; x_wconf 70' lang='grc' dir='ltr'>ἰραστής,</span> 
     </span>
    </p>
   </div>
   <div class='ocr_carea' id='block_1_54' title="bbox 1069 1080 1896 1120">
    <p class='ocr_par' dir='ltr' id='par_1_54' title="bbox 1069 1080 1896 1120">
     <span class='ocr_line' id='line_1_54' title="bbox 1069 1080 1896 1120; baseline 0 -11"><span class='ocrx_word' id='word_1_343' title='bbox 1069 1082 1119 1116; x_wconf 77' lang='grc' dir='ltr'>τὴν</span> <span class='ocrx_word' id='word_1_344' title='bbox 1148 1082 1260 1119; x_wconf 79' lang='grc' dir='ltr'>γνώμην</span> <span class='ocrx_word' id='word_1_345' title='bbox 1286 1080 1315 1110; x_wconf 80' lang='grc' dir='ltr'>δὶ</span> <span class='ocrx_word' id='word_1_346' title='bbox 1342 1083 1446 1120; x_wconf 79' lang='grc' dir='ltr'>νωθρὸς</span> <span class='ocrx_word' id='word_1_347' title='bbox 1481 1082 1526 1110; x_wconf 76' lang='grc' dir='ltr'>καὶ</span> <span class='ocrx_word' id='word_1_348' title='bbox 1551 1080 1672 1119; x_wconf 72' lang='grc' dir='ltr'>ἀμϐλὺς,</span> <span class='ocrx_word' id='word_1_349' title='bbox 1701 1082 1807 1120; x_wconf 87' lang='grc' dir='ltr'>χαίρων</span> <span class='ocrx_word' id='word_1_350' title='bbox 1837 1085 1896 1112; x_wconf 58' lang='lat'>1:01:</span> 
     </span>
    </p>
   </div>
   <div class='ocr_carea' id='block_1_55' title="bbox 1072 1124 1896 1163">
    <p class='ocr_par' dir='ltr' id='par_1_55' title="bbox 1072 1124 1896 1163">
     <span class='ocr_line' id='line_1_55' title="bbox 1072 1124 1896 1163; baseline 0.001 -11"><span class='ocrx_word' id='word_1_351' title='bbox 1072 1124 1116 1152; x_wconf 72' lang='lat' dir='ltr'>hri</span> <span class='ocrx_word' id='word_1_352' title='bbox 1158 1124 1218 1159; x_wconf 87' lang='grc' dir='ltr'>βίου</span> <span class='ocrx_word' id='word_1_353' title='bbox 1258 1126 1489 1163; x_wconf 79' lang='grc' dir='ltr'>μαρτυρουμένοις</span> <span class='ocrx_word' id='word_1_354' title='bbox 1533 1126 1688 1162; x_wconf 80' lang='grc' dir='ltr'>σεμνότητι,</span> <span class='ocrx_word' id='word_1_355' title='bbox 1719 1125 1843 1157; x_wconf 65' lang='grc' dir='ltr'>ἐκτόπως</span> <span class='ocrx_word' id='word_1_356' title='bbox 1873 1124 1896 1153; x_wconf 86' lang='grc' dir='ltr'>δ’</span> 
     </span>
    </p>
   </div>
   <div class='ocr_carea' id='block_1_56' title="bbox 1072 1169 1898 1210">
    <p class='ocr_par' dir='ltr' id='par_1_56' title="bbox 1072 1169 1898 1210">
     <span class='ocr_line' id='line_1_56' title="bbox 1072 1169 1898 1210; baseline 0.002 -13"><span class='ocrx_word' id='word_1_357' title='bbox 1072 1169 1302 1207; x_wconf 72' lang='grc' dir='ltr'>ἐρασιχρήματος,</span> <span class='ocrx_word' id='word_1_358' title='bbox 1333 1170 1377 1198; x_wconf 74' lang='grc' dir='ltr'>καὶ</span> <span class='ocrx_word' id='word_1_359' title='bbox 1419 1171 1520 1210; x_wconf 81' lang='grc' dir='ltr'>πόρους</span> <span class='ocrx_word' id='word_1_360' title='bbox 1559 1170 1674 1199; x_wconf 72' lang='grc' dir='ltr'>ὶπινοῶν</span> <span class='ocrx_word' id='word_1_361' title='bbox 1718 1170 1794 1203; x_wconf 75' lang='grc' dir='ltr'>ὅπως</span> <span class='ocrx_word' id='word_1_362' title='bbox 1821 1171 1898 1207; x_wconf 78' lang='grc' dir='ltr'>αὖτῷ</span> 
     </span>
    </p>
   </div>
   <div class='ocr_carea' id='block_1_57' title="bbox 1071 1213 1896 1254">
    <p class='ocr_par' dir='ltr' id='par_1_57' title="bbox 1071 1213 1896 1254">
     <span class='ocr_line' id='line_1_57' title="bbox 1071 1213 1896 1254; baseline 0.001 -12"><span class='ocrx_word' id='word_1_363' title='bbox 1071 1215 1188 1253; x_wconf 82' lang='grc' dir='ltr'>γένοιντο</span> <span class='ocrx_word' id='word_1_364' title='bbox 1222 1213 1324 1242; x_wconf 87' lang='grc' dir='ltr'>πολλοὶ</span> <span class='ocrx_word' id='word_1_365' title='bbox 1357 1215 1497 1253; x_wconf 82' lang='grc' dir='ltr'>θησαυροί.</span> <span class='ocrx_word' id='word_1_366' title='bbox 1522 1216 1601 1244; x_wconf 82' lang='lat' dir='ltr'>&quot;Ost</span> <span class='ocrx_word' id='word_1_367' title='bbox 1631 1215 1675 1243; x_wconf 80' lang='grc' dir='ltr'>καὶ</span> <span class='ocrx_word' id='word_1_368' title='bbox 1701 1216 1756 1254; x_wconf 82' lang='grc' dir='ltr'>πρὸ</span> <span class='ocrx_word' id='word_1_369' title='bbox 1783 1216 1896 1243; x_wconf 83' lang='grc' dir='ltr'>πάντων</span> 
     </span>
    </p>
   </div>
   <div class='ocr_carea' id='block_1_58' title="bbox 1073 1258 1898 1296">
    <p class='ocr_par' dir='ltr' id='par_1_58' title="bbox 1073 1258 1898 1296">
     <span class='ocr_line' id='line_1_58' title="bbox 1073 1258 1898 1296; baseline 0.002 -10"><span class='ocrx_word' id='word_1_370' title='bbox 1073 1259 1110 1291; x_wconf 78' lang='grc' dir='ltr'>εἰς</span> <span class='ocrx_word' id='word_1_371' title='bbox 1141 1258 1188 1287; x_wconf 84' lang='grc' dir='ltr'>δύο</span> <span class='ocrx_word' id='word_1_372' title='bbox 1216 1260 1299 1287; x_wconf 80' lang='grc' dir='ltr'>ταῦτα</span> <span class='ocrx_word' id='word_1_373' title='bbox 1326 1259 1458 1287; x_wconf 78' lang='grc' dir='ltr'>κατέτεινε</span> <span class='ocrx_word' id='word_1_374' title='bbox 1483 1261 1533 1295; x_wconf 83' lang='grc' dir='ltr'>τήν</span> <span class='ocrx_word' id='word_1_375' title='bbox 1563 1258 1695 1296; x_wconf 81' lang='grc' dir='ltr'>σπουδὴν,</span> <span class='ocrx_word' id='word_1_376' title='bbox 1723 1259 1766 1291; x_wconf 72' lang='grc' dir='ltr'>εἴς</span> <span class='ocrx_word' id='word_1_377' title='bbox 1792 1271 1821 1288; x_wconf 83' lang='grc' dir='ltr'>τι</span> <span class='ocrx_word' id='word_1_378' title='bbox 1846 1261 1898 1295; x_wconf 78' lang='grc' dir='ltr'>τήν</span> 
     </span>
    </p>
   </div>
   <div class='ocr_carea' id='block_1_59' title="bbox 1071 1301 1899 1343">
    <p class='ocr_par' dir='ltr' id='par_1_59' title="bbox 1071 1301 1899 1343">
     <span class='ocr_line' id='line_1_59' title="bbox 1071 1301 1899 1343; baseline 0.002 -12"><span class='ocrx_word' id='word_1_379' title='bbox 1071 1306 1125 1331; x_wconf 84' lang='grc' dir='ltr'>τῶν</span> <span class='ocrx_word' id='word_1_380' title='bbox 1142 1303 1283 1340; x_wconf 87' lang='grc' dir='ltr'>δημοσίων</span> <span class='ocrx_word' id='word_1_381' title='bbox 1298 1301 1389 1342; x_wconf 84' lang='grc' dir='ltr'>φόρων</span> <span class='ocrx_word' id='word_1_382' title='bbox 1405 1304 1561 1340; x_wconf 75' lang='grc' dir='ltr'>έπαύξησιν,</span> <span class='ocrx_word' id='word_1_383' title='bbox 1581 1303 1623 1332; x_wconf 83' lang='grc' dir='ltr'>διὸ</span> <span class='ocrx_word' id='word_1_384' title='bbox 1650 1305 1696 1332; x_wconf 81' lang='grc' dir='ltr'>καὶ</span> <span class='ocrx_word' id='word_1_385' title='bbox 1723 1305 1757 1333; x_wconf 75' lang='grc' dir='ltr'>τὰ</span> <span class='ocrx_word' id='word_1_386' title='bbox 1785 1305 1899 1343; x_wconf 80' lang='grc' dir='ltr'>ἀρχεῖα,</span> 
     </span>
    </p>
   </div>
   <div class='ocr_carea' id='block_1_60' title="bbox 1071 1347 1898 1388">
    <p class='ocr_par' dir='ltr' id='par_1_60' title="bbox 1071 1347 1898 1388">
     <span class='ocr_line' id='line_1_60' title="bbox 1071 1347 1898 1388; baseline 0.001 -12"><span class='ocrx_word' id='word_1_387' title='bbox 1071 1349 1106 1377; x_wconf 78' lang='grc' dir='ltr'>τὰ</span> <span class='ocrx_word' id='word_1_388' title='bbox 1119 1348 1182 1380; x_wconf 69' lang='grc' dir='ltr'>τοὺς</span> <span class='ocrx_word' id='word_1_389' title='bbox 1205 1348 1373 1388; x_wconf 82' lang='grc' dir='ltr'>φορολόγους</span> <span class='ocrx_word' id='word_1_390' title='bbox 1398 1347 1645 1388; x_wconf 78' lang='grc' dir='ltr'>λογοπραττοῦντα,</span> <span class='ocrx_word' id='word_1_391' title='bbox 1661 1349 1755 1385; x_wconf 77' lang='grc' dir='ltr'>ὠνητᾶ</span> <span class='ocrx_word' id='word_1_392' title='bbox 1779 1352 1898 1388; x_wconf 78' lang='grc' dir='ltr'>παρεῖχε</span> 
     </span>
    </p>
   </div>
   <div class='ocr_carea' id='block_1_61' title="bbox 1071 1393 1899 1432">
    <p class='ocr_par' dir='ltr' id='par_1_61' title="bbox 1071 1393 1899 1432">
     <span class='ocr_line' id='line_1_61' title="bbox 1071 1393 1899 1432; baseline 0 -11"><span class='ocrx_word' id='word_1_393' title='bbox 1071 1396 1130 1425; x_wconf 86' lang='grc' dir='ltr'>τοῖς</span> <span class='ocrx_word' id='word_1_394' title='bbox 1157 1393 1348 1431; x_wconf 75' lang='grc' dir='ltr'>βουλομένοις,</span> <span class='ocrx_word' id='word_1_395' title='bbox 1370 1393 1415 1421; x_wconf 82' lang='grc' dir='ltr'>καὶ</span> <span class='ocrx_word' id='word_1_396' title='bbox 1441 1393 1573 1425; x_wconf 85' lang='grc' dir='ltr'>τελώναις</span> <span class='ocrx_word' id='word_1_397' title='bbox 1601 1395 1649 1428; x_wconf 84' lang='grc' dir='ltr'>τήν</span> <span class='ocrx_word' id='word_1_398' title='bbox 1677 1393 1820 1432; x_wconf 80' lang='grc' dir='ltr'>συλλογὴν</span> <span class='ocrx_word' id='word_1_399' title='bbox 1843 1396 1899 1422; x_wconf 80' lang='grc' dir='ltr'>τῶν</span> 
     </span>
    </p>
   </div>
   <div class='ocr_carea' id='block_1_62' title="bbox 1073 1437 1897 1477">
    <p class='ocr_par' dir='ltr' id='par_1_62' title="bbox 1073 1437 1897 1477">
     <span class='ocr_line' id='line_1_62' title="bbox 1073 1437 1897 1477; baseline 0.002 -13"><span class='ocrx_word' id='word_1_400' title='bbox 1073 1437 1163 1477; x_wconf 74' lang='grc' dir='ltr'>φόρων</span> <span class='ocrx_word' id='word_1_401' title='bbox 1191 1437 1235 1465; x_wconf 64' lang='grc' dir='ltr'>ἐπὶ</span> <span class='ocrx_word' id='word_1_402' title='bbox 1264 1438 1408 1473; x_wconf 81' lang='grc' dir='ltr'>συνθήκαις</span> <span class='ocrx_word' id='word_1_403' title='bbox 1437 1440 1600 1476; x_wconf 84' lang='grc' dir='ltr'>προσθηκῶν</span> <span class='ocrx_word' id='word_1_404' title='bbox 1629 1438 1790 1467; x_wconf 68' lang='grc' dir='ltr'>ἐνεπίστευε.</span> <span class='ocrx_word' id='word_1_405' title='bbox 1822 1440 1897 1474; x_wconf 83' lang='grc' dir='ltr'>Πρῶ-</span> 
     </span>
    </p>
   </div>
   <div class='ocr_carea' id='block_1_63' title="bbox 1072 1481 1898 1520">
    <p class='ocr_par' dir='ltr' id='par_1_63' title="bbox 1072 1481 1898 1520">
     <span class='ocr_line' id='line_1_63' title="bbox 1072 1481 1898 1520; baseline -0.001 -11"><span class='ocrx_word' id='word_1_406' title='bbox 1072 1492 1118 1510; x_wconf 81' lang='grc' dir='ltr'>τον</span> <span class='ocrx_word' id='word_1_407' title='bbox 1151 1482 1197 1518; x_wconf 72' lang='grc' dir='ltr'>μὲν</span> <span class='ocrx_word' id='word_1_408' title='bbox 1226 1481 1272 1509; x_wconf 82' lang='grc' dir='ltr'>οὗν</span> <span class='ocrx_word' id='word_1_409' title='bbox 1298 1483 1372 1510; x_wconf 79' lang='grc' dir='ltr'>τοῦτ’</span> <span class='ocrx_word' id='word_1_410' title='bbox 1389 1481 1481 1519; x_wconf 65' lang='grc' dir='ltr'>ἐκείνῳ</span> <span class='ocrx_word' id='word_1_411' title='bbox 1509 1483 1542 1516; x_wconf 82' lang='grc' dir='ltr'>ἦν</span> <span class='ocrx_word' id='word_1_412' title='bbox 1570 1482 1731 1520; x_wconf 87' lang='grc' dir='ltr'>σπούδασμα</span> <span class='ocrx_word' id='word_1_413' title='bbox 1748 1492 1754 1498; x_wconf 92' lang='lat'>&#39;</span> <span class='ocrx_word' id='word_1_414' title='bbox 1773 1481 1898 1520; x_wconf 80' lang='grc' dir='ltr'>δεύτερον</span> 
     </span>
    </p>
   </div>
   <div class='ocr_carea' id='block_1_64' title="bbox 1074 1524 1896 1566">
    <p class='ocr_par' dir='ltr' id='par_1_64' title="bbox 1074 1524 1896 1566">
     <span class='ocr_line' id='line_1_64' title="bbox 1074 1524 1896 1566; baseline 0.001 -12"><span class='ocrx_word' id='word_1_415' title='bbox 1074 1526 1102 1555; x_wconf 74' lang='grc' dir='ltr'>δὲ</span> <span class='ocrx_word' id='word_1_416' title='bbox 1125 1525 1206 1554; x_wconf 84' lang='grc' dir='ltr'>δικῶν</span> <span class='ocrx_word' id='word_1_417' title='bbox 1219 1524 1346 1564; x_wconf 82' lang='grc' dir='ltr'>ἀκρόασις</span> <span class='ocrx_word' id='word_1_418' title='bbox 1374 1527 1419 1554; x_wconf 80' lang='grc' dir='ltr'>καὶ</span> <span class='ocrx_word' id='word_1_419' title='bbox 1448 1527 1620 1566; x_wconf 82' lang='grc' dir='ltr'>ψηφίσματα.</span> <span class='ocrx_word' id='word_1_420' title='bbox 1642 1527 1677 1555; x_wconf 73' lang='grc' dir='ltr'>Οὐ</span> <span class='ocrx_word' id='word_1_421' title='bbox 1706 1528 1776 1555; x_wconf 83' lang='grc' dir='ltr'>πάνυ</span> <span class='ocrx_word' id='word_1_422' title='bbox 1806 1526 1835 1555; x_wconf 73' lang='grc' dir='ltr'>δὶ</span> <span class='ocrx_word' id='word_1_423' title='bbox 1862 1529 1896 1564; x_wconf 78' lang='grc' dir='ltr'>τῇ</span> 
     </span>
    </p>
   </div>
   <div class='ocr_carea' id='block_1_65' title="bbox 1073 1569 1900 1610">
    <p class='ocr_par' dir='ltr' id='par_1_65' title="bbox 1073 1569 1900 1610">
     <span class='ocr_line' id='line_1_65' title="bbox 1073 1569 1900 1610; baseline 0.001 -11"><span class='ocrx_word' id='word_1_424' title='bbox 1073 1569 1197 1608; x_wconf 72' lang='grc' dir='ltr'>ἀκριϐείᾳ</span> <span class='ocrx_word' id='word_1_425' title='bbox 1224 1574 1355 1610; x_wconf 80' lang='grc' dir='ltr'>προσεῖχε</span> <span class='ocrx_word' id='word_1_426' title='bbox 1383 1571 1511 1607; x_wconf 77' lang='grc' dir='ltr'>δικάζων,</span> <span class='ocrx_word' id='word_1_427' title='bbox 1533 1571 1596 1600; x_wconf 85' lang='grc' dir='ltr'>ἀλλ’</span> <span class='ocrx_word' id='word_1_428' title='bbox 1612 1572 1723 1610; x_wconf 72' lang='grc' dir='ltr'>ἐνιαχοῦ</span> <span class='ocrx_word' id='word_1_429' title='bbox 1748 1572 1792 1600; x_wconf 66' lang='grc' dir='ltr'>καὶ</span> <span class='ocrx_word' id='word_1_430' title='bbox 1821 1571 1900 1608; x_wconf 78' lang='grc' dir='ltr'>ἐνηυ-</span> 
     </span>
    </p>
   </div>
   <div class='ocr_carea' id='block_1_66' title="bbox 197 1609 1017 1656">
    <p class='ocr_par' dir='ltr' id='par_1_66' title="bbox 197 1609 1017 1654">
     <span class='ocr_line' id='line_1_66' title="bbox 197 1609 1017 1654; baseline 0.001 -9"><span class='ocrx_word' id='word_1_431' title='bbox 197 1625 250 1645; x_wconf 84' lang='lat' dir='ltr'>nes</span> <span class='ocrx_word' id='word_1_432' title='bbox 265 1618 428 1646; x_wconf 86' lang='lat' dir='ltr'><strong>timidiores</strong></span> <span class='ocrx_word' id='word_1_433' title='bbox 444 1620 472 1646; x_wconf 88' lang='lat' dir='ltr'>et</span> <span class='ocrx_word' id='word_1_434' title='bbox 487 1617 671 1652; x_wconf 87' lang='lat' dir='ltr'><strong>humiliores,</strong></span> <span class='ocrx_word' id='word_1_435' title='bbox 689 1620 776 1654; x_wconf 87' lang='lat' dir='ltr'><strong>atque</strong></span> <span class='ocrx_word' id='word_1_436' title='bbox 790 1618 947 1654; x_wconf 86' lang='lat' dir='ltr'><strong>imperium</strong></span> <span class='ocrx_word' id='word_1_437' title='bbox 962 1609 1017 1646; x_wconf 72' lang='lat' dir='ltr'><strong>ini-</strong></span> 
     </span>
    </p>
   </div>
   <div class='ocr_carea' id='block_1_67' title="bbox 1073 1609 1897 1656">
    <p class='ocr_par' dir='ltr' id='par_1_67' title="bbox 1076 1609 1897 1656">
     <span class='ocr_line' id='line_1_67' title="bbox 1076 1609 1897 1656; baseline 0 -12"><span class='ocrx_word' id='word_1_438' title='bbox 1076 1617 1172 1652; x_wconf 77' lang='grc' dir='ltr'>θέντει,</span> <span class='ocrx_word' id='word_1_439' title='bbox 1193 1617 1236 1644; x_wconf 83' lang='grc' dir='ltr'>καὶ</span> <span class='ocrx_word' id='word_1_440' title='bbox 1262 1616 1309 1647; x_wconf 76' lang='grc' dir='ltr'>τὰς</span> <span class='ocrx_word' id='word_1_441' title='bbox 1332 1617 1439 1656; x_wconf 75' lang='grc' dir='ltr'>ψήφους</span> <span class='ocrx_word' id='word_1_442' title='bbox 1464 1615 1632 1653; x_wconf 76' lang='grc' dir='ltr'>ὑπήλλαττε,</span> <span class='ocrx_word' id='word_1_443' title='bbox 1657 1609 1726 1655; x_wconf 78' lang='grc' dir='ltr'>πρὸς</span> <span class='ocrx_word' id='word_1_444' title='bbox 1754 1616 1788 1644; x_wconf 75' lang='grc' dir='ltr'>τὰ</span> <span class='ocrx_word' id='word_1_445' title='bbox 1814 1617 1897 1655; x_wconf 85' lang='grc' dir='ltr'>πρόσ-</span> 
     </span>
    </p>
   </div>
   <div class='ocr_carea' id='block_1_68' title="bbox 198 1660 1017 1700">
    <p class='ocr_par' dir='ltr' id='par_1_68' title="bbox 198 1662 1017 1699">
     <span class='ocr_line' id='line_1_68' title="bbox 198 1662 1017 1699; baseline 0.002 -10"><span class='ocrx_word' id='word_1_446' title='bbox 198 1662 353 1689; x_wconf 88' lang='lat' dir='ltr'><strong>nuebatur.</strong></span> <span class='ocrx_word' id='word_1_447' title='bbox 371 1662 444 1690; x_wconf 87' lang='lat' dir='ltr'>Nam</span> <span class='ocrx_word' id='word_1_448' title='bbox 461 1662 560 1690; x_wconf 62' lang='lat' dir='ltr'><strong>multa</strong></span> <span class='ocrx_word' id='word_1_449' title='bbox 588 1665 652 1690; x_wconf 90' lang='lat' dir='ltr'>tum</span> <span class='ocrx_word' id='word_1_450' title='bbox 683 1662 845 1691; x_wconf 85' lang='lat' dir='ltr'><strong>Orientales</strong></span> <span class='ocrx_word' id='word_1_451' title='bbox 867 1663 1017 1699; x_wconf 79' lang='lat' dir='ltr'><strong>provinciae</strong></span> 
     </span>
    </p>
   </div>
   <div class='ocr_carea' id='block_1_69' title="bbox 1073 1660 1898 1700">
    <p class='ocr_par' dir='ltr' id='par_1_69' title="bbox 1076 1660 1898 1700">
     <span class='ocr_line' id='line_1_69' title="bbox 1076 1660 1898 1700; baseline -0.001 -11"><span class='ocrx_word' id='word_1_452' title='bbox 1076 1672 1138 1689; x_wconf 87' lang='grc' dir='ltr'>ωπα</span> <span class='ocrx_word' id='word_1_453' title='bbox 1160 1661 1208 1692; x_wconf 84' lang='grc' dir='ltr'>τὰς</span> <span class='ocrx_word' id='word_1_454' title='bbox 1229 1660 1378 1700; x_wconf 74' lang='grc' dir='ltr'>ἀποφάσεις</span> <span class='ocrx_word' id='word_1_455' title='bbox 1404 1661 1557 1698; x_wconf 77' lang='grc' dir='ltr'>τιθέμενος.</span> <span class='ocrx_word' id='word_1_456' title='bbox 1574 1661 1713 1700; x_wconf 84' lang='grc' dir='ltr'>Γλίσχρος</span> <span class='ocrx_word' id='word_1_457' title='bbox 1740 1660 1770 1689; x_wconf 82' lang='grc' dir='ltr'>δὶ</span> <span class='ocrx_word' id='word_1_458' title='bbox 1793 1660 1898 1699; x_wconf 85' lang='grc' dir='ltr'>τυγχά-</span> 
     </span>
    </p>
   </div>
   <div class='ocr_carea' id='block_1_70' title="bbox 198 1703 1017 1744">
    <p class='ocr_par' dir='ltr' id='par_1_70' title="bbox 198 1705 1017 1744">
     <span class='ocr_line' id='line_1_70' title="bbox 198 1705 1017 1744; baseline 0.002 -11"><span class='ocrx_word' id='word_1_459' title='bbox 198 1705 306 1742; x_wconf 85' lang='lat' dir='ltr'><strong>partim</strong></span> <span class='ocrx_word' id='word_1_460' title='bbox 332 1706 548 1742; x_wconf 86' lang='lat' dir='ltr'><strong>diripiebantur</strong></span> <span class='ocrx_word' id='word_1_461' title='bbox 575 1710 604 1734; x_wconf 89' lang='lat' dir='ltr'>et</span> <span class='ocrx_word' id='word_1_462' title='bbox 626 1708 828 1741; x_wconf 83' lang='lat' dir='ltr'><strong>vastabantur,</strong></span> <span class='ocrx_word' id='word_1_463' title='bbox 855 1708 960 1744; x_wconf 77' lang='lat' dir='ltr'><strong>partim</strong></span> <span class='ocrx_word' id='word_1_464' title='bbox 986 1707 1017 1735; x_wconf 75' lang='lat' dir='ltr'>at</span> 
     </span>
    </p>
   </div>
   <div class='ocr_carea' id='block_1_71' title="bbox 1073 1703 1899 1744">
    <p class='ocr_par' dir='ltr' id='par_1_71' title="bbox 1076 1703 1899 1744">
     <span class='ocr_line' id='line_1_71' title="bbox 1076 1703 1899 1744; baseline 0 -11"><span class='ocrx_word' id='word_1_465' title='bbox 1076 1717 1129 1733; x_wconf 90' lang='grc' dir='ltr'>νων</span> <span class='ocrx_word' id='word_1_466' title='bbox 1167 1706 1211 1733; x_wconf 84' lang='grc' dir='ltr'>καὶ</span> <span class='ocrx_word' id='word_1_467' title='bbox 1248 1704 1393 1744; x_wconf 74' lang='grc' dir='ltr'>φειδωλὸς,</span> <span class='ocrx_word' id='word_1_468' title='bbox 1419 1703 1493 1738; x_wconf 72' lang='grc' dir='ltr'>ἔθετο</span> <span class='ocrx_word' id='word_1_469' title='bbox 1521 1706 1584 1741; x_wconf 86' lang='grc' dir='ltr'>παρ’</span> <span class='ocrx_word' id='word_1_470' title='bbox 1613 1706 1699 1742; x_wconf 68' lang='grc' dir='ltr'>ἑαυτῷ</span> <span class='ocrx_word' id='word_1_471' title='bbox 1729 1706 1766 1742; x_wconf 90' lang='grc' dir='ltr'>μὴ</span> <span class='ocrx_word' id='word_1_472' title='bbox 1798 1707 1899 1743; x_wconf 82' lang='grc' dir='ltr'>μάχαις</span> 
     </span>
    </p>
   </div>
   <div class='ocr_carea' id='block_1_72' title="bbox 199 1747 1017 1789">
    <p class='ocr_par' dir='ltr' id='par_1_72' title="bbox 199 1750 579 1786">
     <span class='ocr_line' id='line_1_72' title="bbox 199 1750 579 1786; baseline 0 -8"><span class='ocrx_word' id='word_1_473' title='bbox 199 1750 335 1778; x_wconf 82' lang='lat' dir='ltr'><strong>hostibus</strong></span> <span class='ocrx_word' id='word_1_474' title='bbox 350 1751 579 1786; x_wconf 81' lang='lat' dir='ltr'><strong>occupabantur.</strong></span> 
     </span>
    </p>
   </div>
   <div class='ocr_carea' id='block_1_73' title="bbox 1073 1747 1898 1789">
    <p class='ocr_par' dir='ltr' id='par_1_73' title="bbox 1076 1747 1898 1789">
     <span class='ocr_line' id='line_1_73' title="bbox 1076 1747 1898 1789; baseline 0.001 -12"><span class='ocrx_word' id='word_1_475' title='bbox 1076 1751 1144 1787; x_wconf 87' lang='grc' dir='ltr'>πρὸς</span> <span class='ocrx_word' id='word_1_476' title='bbox 1159 1750 1192 1777; x_wconf 77' lang='grc' dir='ltr'>τὰ</span> <span class='ocrx_word' id='word_1_477' title='bbox 1206 1747 1268 1785; x_wconf 72' lang='grc' dir='ltr'>ἔθνη</span> <span class='ocrx_word' id='word_1_478' title='bbox 1292 1750 1501 1788; x_wconf 77' lang='grc' dir='ltr'>συρῤήγνυσθαι,</span> <span class='ocrx_word' id='word_1_479' title='bbox 1518 1749 1592 1778; x_wconf 77' lang='grc' dir='ltr'>ἀλλὰ</span> <span class='ocrx_word' id='word_1_480' title='bbox 1618 1749 1718 1788; x_wconf 83' lang='grc' dir='ltr'>δώροις</span> <span class='ocrx_word' id='word_1_481' title='bbox 1746 1750 1791 1778; x_wconf 87' lang='grc' dir='ltr'>καὶ</span> <span class='ocrx_word' id='word_1_482' title='bbox 1820 1749 1898 1789; x_wconf 79' lang='grc' dir='ltr'>φιλο-</span> 
     </span>
    </p>
   </div>
   <div class='ocr_carea' id='block_1_74' title="bbox 200 1792 1898 1833">
    <p class='ocr_par' dir='ltr' id='par_1_74' title="bbox 200 1792 1898 1833">
     <span class='ocr_line' id='line_1_74' title="bbox 200 1792 1898 1833; baseline 0.001 -12"><span class='ocrx_word' id='word_1_483' title='bbox 200 1793 345 1833; x_wconf 82' lang='grc' dir='ltr'>φροσύναις</span> <span class='ocrx_word' id='word_1_484' title='bbox 362 1792 459 1825; x_wconf 71' lang='grc' dir='ltr'>ἄλλαις</span> <span class='ocrx_word' id='word_1_485' title='bbox 477 1793 543 1822; x_wconf 77' lang='grc' dir='ltr'>αὐτὰ</span> <span class='ocrx_word' id='word_1_486' title='bbox 558 1794 732 1831; x_wconf 72' lang='grc' dir='ltr'>οἰκειοῦσθαι,</span> <span class='ocrx_word' id='word_1_487' title='bbox 748 1795 793 1823; x_wconf 87' lang='grc' dir='ltr'>καὶ</span> <span class='ocrx_word' id='word_1_488' title='bbox 807 1795 1000 1824; x_wconf 81' lang='grc' dir='ltr'>καταλλάττειν</span> <span class='ocrx_word' id='word_1_489' title='bbox 1016 1796 1051 1832; x_wconf 79' lang='grc' dir='ltr'>τῇ</span> <span class='ocrx_word' id='word_1_490' title='bbox 1066 1794 1209 1831; x_wconf 84' lang='grc' dir='ltr'>Ῥωμαίων</span> <span class='ocrx_word' id='word_1_491' title='bbox 1224 1794 1310 1832; x_wconf 75' lang='grc' dir='ltr'>ἀρχῇ.</span> <span class='ocrx_word' id='word_1_492' title='bbox 1325 1794 1377 1822; x_wconf 87' lang='grc' dir='ltr'>Δύο</span> <span class='ocrx_word' id='word_1_493' title='bbox 1393 1794 1510 1827; x_wconf 69' lang='grc' dir='ltr'>ἰντεῦθεν</span> <span class='ocrx_word' id='word_1_494' title='bbox 1530 1797 1613 1823; x_wconf 78' lang='grc' dir='ltr'>ταῦτα</span> <span class='ocrx_word' id='word_1_495' title='bbox 1639 1795 1781 1832; x_wconf 79' lang='grc' dir='ltr'>μνώμενος</span> <span class='ocrx_word' id='word_1_496' title='bbox 1801 1795 1898 1831; x_wconf 61' lang='grc' dir='ltr'>ἐαυτῷ,</span> 
     </span>
    </p>
   </div>
   <div class='ocr_carea' id='block_1_75' title="bbox 199 1837 1899 1878">
    <p class='ocr_par' dir='ltr' id='par_1_75' title="bbox 199 1837 1899 1878">
     <span class='ocr_line' id='line_1_75' title="bbox 199 1837 1899 1878; baseline 0.001 -13"><span class='ocrx_word' id='word_1_497' title='bbox 199 1838 230 1866; x_wconf 89' lang='grc' dir='ltr'>τό</span> <span class='ocrx_word' id='word_1_498' title='bbox 253 1849 283 1866; x_wconf 80' lang='grc' dir='ltr'>τι</span> <span class='ocrx_word' id='word_1_499' title='bbox 309 1839 346 1874; x_wconf 84' lang='grc' dir='ltr'>μή</span> <span class='ocrx_word' id='word_1_500' title='bbox 369 1837 457 1866; x_wconf 80' lang='grc' dir='ltr'>πλείω</span> <span class='ocrx_word' id='word_1_501' title='bbox 482 1837 600 1875; x_wconf 81' lang='grc' dir='ltr'>δαπανᾷν</span> <span class='ocrx_word' id='word_1_502' title='bbox 623 1838 648 1867; x_wconf 82' lang='grc' dir='ltr'>ἐν</span> <span class='ocrx_word' id='word_1_503' title='bbox 672 1840 863 1878; x_wconf 75' lang='grc' dir='ltr'>ἐκστρατείαις,</span> <span class='ocrx_word' id='word_1_504' title='bbox 879 1840 924 1867; x_wconf 79' lang='grc' dir='ltr'>καὶ</span> <span class='ocrx_word' id='word_1_505' title='bbox 948 1840 978 1867; x_wconf 83' lang='grc' dir='ltr'>τὸ</span> <span class='ocrx_word' id='word_1_506' title='bbox 1003 1839 1082 1870; x_wconf 74' lang='grc' dir='ltr'>αὐτὸς</span> <span class='ocrx_word' id='word_1_507' title='bbox 1098 1839 1220 1876; x_wconf 81' lang='grc' dir='ltr'>ἠρεμεῖν,</span> <span class='ocrx_word' id='word_1_508' title='bbox 1240 1840 1285 1866; x_wconf 73' lang='grc' dir='ltr'>καὶ</span> <span class='ocrx_word' id='word_1_509' title='bbox 1300 1838 1445 1877; x_wconf 78' lang='grc' dir='ltr'>σχολάζειν</span> <span class='ocrx_word' id='word_1_510' title='bbox 1462 1839 1499 1871; x_wconf 84' lang='grc' dir='ltr'>ὡς</span> <span class='ocrx_word' id='word_1_511' title='bbox 1514 1839 1611 1867; x_wconf 76' lang='grc' dir='ltr'>ἐπίπαν</span> <span class='ocrx_word' id='word_1_512' title='bbox 1625 1841 1679 1867; x_wconf 81' lang='grc' dir='ltr'>τῶν</span> <span class='ocrx_word' id='word_1_513' title='bbox 1694 1840 1846 1878; x_wconf 85' lang='grc' dir='ltr'>χρημάτων</span> <span class='ocrx_word' id='word_1_514' title='bbox 1865 1841 1899 1876; x_wconf 75' lang='grc' dir='ltr'>τῇ</span> 
     </span>
    </p>
   </div>
   <div class='ocr_carea' id='block_1_76' title="bbox 201 1881 1898 1922">
    <p class='ocr_par' dir='ltr' id='par_1_76' title="bbox 201 1881 1898 1922">
     <span class='ocr_line' id='line_1_76' title="bbox 201 1881 1898 1922; baseline 0 -12"><span class='ocrx_word' id='word_1_515' title='bbox 201 1881 337 1920; x_wconf 83' lang='grc' dir='ltr'>συλλογῇ-</span> <span class='ocrx_word' id='word_1_516' title='bbox 355 1881 396 1910; x_wconf 86' lang='grc' dir='ltr'>διὸ</span> <span class='ocrx_word' id='word_1_517' title='bbox 425 1883 470 1910; x_wconf 89' lang='grc' dir='ltr'>καὶ</span> <span class='ocrx_word' id='word_1_518' title='bbox 495 1885 548 1911; x_wconf 79' lang='grc' dir='ltr'>τῶν</span> <span class='ocrx_word' id='word_1_519' title='bbox 578 1887 778 1922; x_wconf 82' lang='grc' dir='ltr'>στρατιωτικῶν</span> <span class='ocrx_word' id='word_1_520' title='bbox 808 1884 968 1922; x_wconf 74' lang='grc' dir='ltr'>καταλόγων</span> <span class='ocrx_word' id='word_1_521' title='bbox 997 1883 1148 1921; x_wconf 76' lang='grc' dir='ltr'>ἠμέλησεν,</span> <span class='ocrx_word' id='word_1_522' title='bbox 1165 1884 1182 1918; x_wconf 75' lang='grc' dir='ltr'><strong>ἢ</strong></span> <span class='ocrx_word' id='word_1_523' title='bbox 1200 1882 1306 1920; x_wconf 79' lang='grc' dir='ltr'>μᾶλλον</span> <span class='ocrx_word' id='word_1_524' title='bbox 1334 1882 1458 1916; x_wconf 79' lang='grc' dir='ltr'>πολλοὺς</span> <span class='ocrx_word' id='word_1_525' title='bbox 1481 1883 1526 1911; x_wconf 80' lang='grc' dir='ltr'>καὶ</span> <span class='ocrx_word' id='word_1_526' title='bbox 1540 1884 1603 1915; x_wconf 86' lang='grc' dir='ltr'>τοὺς</span> <span class='ocrx_word' id='word_1_527' title='bbox 1630 1883 1832 1922; x_wconf 71' lang='grc' dir='ltr'>γενναιοτέρους</span> <span class='ocrx_word' id='word_1_528' title='bbox 1847 1885 1898 1911; x_wconf 82' lang='grc' dir='ltr'>τῶν</span> 
     </span>
    </p>
   </div>
   <div class='ocr_carea' id='block_1_77' title="bbox 202 1926 1900 1967">
    <p class='ocr_par' dir='ltr' id='par_1_77' title="bbox 202 1926 1900 1967">
     <span class='ocr_line' id='line_1_77' title="bbox 202 1926 1900 1967; baseline 0.001 -13"><span class='ocrx_word' id='word_1_529' title='bbox 202 1927 364 1966; x_wconf 79' lang='grc' dir='ltr'>ἀπογραφῶν</span> <span class='ocrx_word' id='word_1_530' title='bbox 392 1926 528 1965; x_wconf 75' lang='grc' dir='ltr'>ἀπήλειψε</span> <span class='ocrx_word' id='word_1_531' title='bbox 551 1926 596 1956; x_wconf 81' lang='grc' dir='ltr'>διὰ</span> <span class='ocrx_word' id='word_1_532' title='bbox 618 1929 650 1956; x_wconf 86' lang='grc' dir='ltr'>τὸ</span> <span class='ocrx_word' id='word_1_533' title='bbox 677 1930 852 1967; x_wconf 78' lang='grc' dir='ltr'>βαρύμισθον.</span> <span class='ocrx_word' id='word_1_534' title='bbox 868 1930 949 1956; x_wconf 85' lang='grc' dir='ltr'>Ὥστε</span> <span class='ocrx_word' id='word_1_535' title='bbox 972 1926 1129 1966; x_wconf 80' lang='grc' dir='ltr'>συμϐαίνειν</span> <span class='ocrx_word' id='word_1_536' title='bbox 1156 1927 1331 1966; x_wconf 79' lang='grc' dir='ltr'>θρασύνεσθαι</span> <span class='ocrx_word' id='word_1_537' title='bbox 1349 1928 1396 1965; x_wconf 78' lang='grc' dir='ltr'>μὶν</span> <span class='ocrx_word' id='word_1_538' title='bbox 1417 1929 1448 1956; x_wconf 86' lang='grc' dir='ltr'>τὸ</span> <span class='ocrx_word' id='word_1_539' title='bbox 1474 1926 1649 1967; x_wconf 78' lang='grc' dir='ltr'>βαρϐαρικὸν,</span> <span class='ocrx_word' id='word_1_540' title='bbox 1666 1927 1857 1960; x_wconf 68' lang='grc' dir='ltr'>συστέλλεσθαι</span> <span class='ocrx_word' id='word_1_541' title='bbox 1873 1926 1900 1955; x_wconf 75' lang='grc' dir='ltr'>δὶ</span> 
     </span>
    </p>
   </div>
   <div class='ocr_carea' id='block_1_78' title="bbox 203 1972 1900 2011">
    <p class='ocr_par' dir='ltr' id='par_1_78' title="bbox 203 1972 1900 2011">
     <span class='ocr_line' id='line_1_78' title="bbox 203 1972 1900 2011; baseline -0.001 -11"><span class='ocrx_word' id='word_1_542' title='bbox 203 1972 248 2000; x_wconf 84' lang='grc' dir='ltr'>καὶ</span> <span class='ocrx_word' id='word_1_543' title='bbox 277 1973 484 2001; x_wconf 77' lang='grc' dir='ltr'>καταπονεῖσθαι</span> <span class='ocrx_word' id='word_1_544' title='bbox 513 1974 547 2001; x_wconf 71' lang='grc' dir='ltr'>τὰ</span> <span class='ocrx_word' id='word_1_545' title='bbox 569 1975 622 2001; x_wconf 82' lang='grc' dir='ltr'>τῶν</span> <span class='ocrx_word' id='word_1_546' title='bbox 648 1974 789 2011; x_wconf 81' lang='grc' dir='ltr'>Ῥωμαίων</span> <span class='ocrx_word' id='word_1_547' title='bbox 814 1973 1010 2011; x_wconf 77' lang='grc' dir='ltr'>στρατεύματα,</span> <span class='ocrx_word' id='word_1_548' title='bbox 1025 1972 1070 2001; x_wconf 78' lang='grc' dir='ltr'>καὶ</span> <span class='ocrx_word' id='word_1_549' title='bbox 1097 1973 1237 2010; x_wconf 82' lang='grc' dir='ltr'>μειοῦσθαι</span> <span class='ocrx_word' id='word_1_550' title='bbox 1257 1973 1306 2008; x_wconf 88' lang='grc' dir='ltr'>τήν</span> <span class='ocrx_word' id='word_1_551' title='bbox 1321 1973 1470 2011; x_wconf 79' lang='grc' dir='ltr'>ἠγεμονίαν</span> <span class='ocrx_word' id='word_1_552' title='bbox 1481 1973 1530 2008; x_wconf 84' lang='grc' dir='ltr'>τήν</span> <span class='ocrx_word' id='word_1_553' title='bbox 1546 1973 1714 2010; x_wconf 81' lang='grc' dir='ltr'>Ῥωμαϊκήν,</span> <span class='ocrx_word' id='word_1_554' title='bbox 1732 1972 1838 2001; x_wconf 83' lang='grc' dir='ltr'>Πολλαὶ</span> <span class='ocrx_word' id='word_1_555' title='bbox 1851 1981 1900 2010; x_wconf 86' lang='grc' dir='ltr'>γαρ</span> 
     </span>
    </p>
   </div>
   <div class='ocr_carea' id='block_1_79' title="bbox 203 2015 1900 2057">
    <p class='ocr_par' dir='ltr' id='par_1_79' title="bbox 203 2015 1900 2057">
     <span class='ocr_line' id='line_1_79' title="bbox 203 2015 1900 2057; baseline 0 -13"><span class='ocrx_word' id='word_1_556' title='bbox 203 2016 266 2044; x_wconf 85' lang='grc' dir='ltr'>τότε</span> <span class='ocrx_word' id='word_1_557' title='bbox 288 2019 342 2045; x_wconf 82' lang='grc' dir='ltr'>τῶν</span> <span class='ocrx_word' id='word_1_558' title='bbox 372 2017 463 2054; x_wconf 81' lang='grc' dir='ltr'>Ἐῴων</span> <span class='ocrx_word' id='word_1_559' title='bbox 493 2018 593 2057; x_wconf 82' lang='grc' dir='ltr'>χωρῶν</span> <span class='ocrx_word' id='word_1_560' title='bbox 621 2019 648 2046; x_wconf 81' lang='grc' dir='ltr'>αἱ</span> <span class='ocrx_word' id='word_1_561' title='bbox 678 2018 725 2055; x_wconf 80' lang='grc' dir='ltr'>μὶν</span> <span class='ocrx_word' id='word_1_562' title='bbox 755 2017 898 2053; x_wconf 75' lang='grc' dir='ltr'>ἐληΐζοντο</span> <span class='ocrx_word' id='word_1_563' title='bbox 926 2018 971 2046; x_wconf 86' lang='grc' dir='ltr'>καὶ</span> <span class='ocrx_word' id='word_1_564' title='bbox 1001 2017 1039 2050; x_wconf 83' lang='grc' dir='ltr'>είς</span> <span class='ocrx_word' id='word_1_565' title='bbox 1069 2018 1218 2057; x_wconf 74' lang='grc' dir='ltr'>ἀφανισμὸν</span> <span class='ocrx_word' id='word_1_566' title='bbox 1243 2018 1436 2056; x_wconf 84' lang='grc' dir='ltr'>προύχώρουν,</span> <span class='ocrx_word' id='word_1_567' title='bbox 1452 2018 1480 2045; x_wconf 81' lang='grc' dir='ltr'>αἱ</span> <span class='ocrx_word' id='word_1_568' title='bbox 1506 2016 1535 2045; x_wconf 79' lang='grc' dir='ltr'>δὶ</span> <span class='ocrx_word' id='word_1_569' title='bbox 1549 2017 1593 2045; x_wconf 87' lang='grc' dir='ltr'>καὶ</span> <span class='ocrx_word' id='word_1_570' title='bbox 1609 2018 1660 2046; x_wconf 82' lang='grc' dir='ltr'>ὑπὸ</span> <span class='ocrx_word' id='word_1_571' title='bbox 1673 2017 1737 2049; x_wconf 82' lang='grc' dir='ltr'>τοὺς</span> <span class='ocrx_word' id='word_1_572' title='bbox 1750 2015 1900 2054; x_wconf 83' lang='grc' dir='ltr'>πολεμίους</span> 
     </span>
    </p>
   </div>
   <div class='ocr_carea' id='block_1_80' title="bbox 205 2061 333 2100">
    <p class='ocr_par' dir='ltr' id='par_1_80' title="bbox 205 2061 333 2100">
     <span class='ocr_line' id='line_1_80' title="bbox 205 2061 333 2100; baseline 0.008 -11"><span class='ocrx_word' id='word_1_573' title='bbox 205 2061 333 2100; x_wconf 77' lang='grc' dir='ltr'>ἐγίνοντο.</span> 
     </span>
    </p>
   </div>
   <div class='ocr_carea' id='block_1_81' title="bbox 240 2107 1017 2146">
    <p class='ocr_par' dir='ltr' id='par_1_81' title="bbox 240 2107 1017 2144">
     <span class='ocr_line' id='line_1_81' title="bbox 240 2107 1017 2144; baseline 0.004 -9"><span class='ocrx_word' id='word_1_574' title='bbox 240 2107 288 2136; x_wconf 82' lang='grc' dir='ltr'>ΙΧ.</span> <span class='ocrx_word' id='word_1_575' title='bbox 304 2107 403 2144; x_wconf 86' lang='lat' dir='ltr'><strong>Neque</strong></span> <span class='ocrx_word' id='word_1_576' title='bbox 418 2108 508 2136; x_wconf 86' lang='lat' dir='ltr'><strong>etiam</strong></span> <span class='ocrx_word' id='word_1_577' title='bbox 523 2108 553 2136; x_wconf 90' lang='lat' dir='ltr'>in</span> <span class='ocrx_word' id='word_1_578' title='bbox 579 2108 734 2136; x_wconf 86' lang='lat' dir='ltr'><strong>Occidente</strong></span> <span class='ocrx_word' id='word_1_579' title='bbox 761 2109 861 2137; x_wconf 88' lang='lat' dir='ltr'><strong>omnia</strong></span> <span class='ocrx_word' id='word_1_580' title='bbox 873 2117 904 2138; x_wconf 90' lang='lat' dir='ltr'>se</span> <span class='ocrx_word' id='word_1_581' title='bbox 924 2109 1017 2138; x_wconf 85' lang='lat' dir='ltr'><strong>rectis-</strong></span> 
     </span>
    </p>
   </div>
   <div class='ocr_carea' id='block_1_82' title="bbox 1073 2107 1899 2146">
    <p class='ocr_par' dir='ltr' id='par_1_82' title="bbox 1117 2107 1899 2146">
     <span class='ocr_line' id='line_1_82' title="bbox 1117 2107 1899 2146; baseline -0.003 -10"><span class='ocrx_word' id='word_1_582' title='bbox 1117 2108 1153 2136; x_wconf 83' lang='grc' dir='ltr'>Θ’.</span> <span class='ocrx_word' id='word_1_583' title='bbox 1171 2107 1219 2136; x_wconf 81' lang='grc' dir='ltr'>Καὶ</span> <span class='ocrx_word' id='word_1_584' title='bbox 1246 2107 1281 2136; x_wconf 82' lang='grc' dir='ltr'>τὰ</span> <span class='ocrx_word' id='word_1_585' title='bbox 1310 2108 1357 2145; x_wconf 78' lang='grc' dir='ltr'>μὲν</span> <span class='ocrx_word' id='word_1_586' title='bbox 1369 2108 1436 2144; x_wconf 83' lang='grc' dir='ltr'>πρὸς</span> <span class='ocrx_word' id='word_1_587' title='bbox 1452 2107 1598 2146; x_wconf 82' lang='grc' dir='ltr'>άνίυχοντα</span> <span class='ocrx_word' id='word_1_588' title='bbox 1614 2107 1694 2142; x_wconf 76' lang='grc' dir='ltr'>ἥλιον</span> <span class='ocrx_word' id='word_1_589' title='bbox 1716 2107 1803 2139; x_wconf 78' lang='grc' dir='ltr'>οὕτως</span> <span class='ocrx_word' id='word_1_590' title='bbox 1830 2107 1899 2144; x_wconf 81' lang='grc' dir='ltr'>εἶχον</span> 
     </span>
    </p>
   </div>
   <div class='ocr_carea' id='block_1_83' title="bbox 204 2149 1017 2191">
    <p class='ocr_par' dir='ltr' id='par_1_83' title="bbox 204 2152 1017 2191">
     <span class='ocr_line' id='line_1_83' title="bbox 204 2152 1017 2191; baseline 0.002 -11"><span class='ocrx_word' id='word_1_591' title='bbox 204 2152 278 2181; x_wconf 91' lang='lat' dir='ltr'><strong>sime</strong></span> <span class='ocrx_word' id='word_1_592' title='bbox 293 2152 449 2186; x_wconf 84' lang='lat' dir='ltr'><strong>habebant,</strong></span> <span class='ocrx_word' id='word_1_593' title='bbox 466 2154 502 2182; x_wconf 90' lang='lat' dir='ltr'>ob</span> <span class='ocrx_word' id='word_1_594' title='bbox 519 2152 646 2181; x_wconf 89' lang='lat' dir='ltr'><strong>militum</strong></span> <span class='ocrx_word' id='word_1_595' title='bbox 661 2155 690 2181; x_wconf 89' lang='lat' dir='ltr'>et</span> <span class='ocrx_word' id='word_1_596' title='bbox 705 2153 883 2188; x_wconf 87' lang='lat' dir='ltr'><strong>paucitatem</strong></span> <span class='ocrx_word' id='word_1_597' title='bbox 899 2156 927 2182; x_wconf 89' lang='lat' dir='ltr'>et</span> <span class='ocrx_word' id='word_1_598' title='bbox 941 2155 1017 2191; x_wconf 43' lang='lat' dir='ltr'><strong>igna‘</strong></span> 
     </span>
    </p>
   </div>
   <div class='ocr_carea' id='block_1_84' title="bbox 1073 2149 1901 2191">
    <p class='ocr_par' dir='ltr' id='par_1_84' title="bbox 1080 2149 1901 2190">
     <span class='ocr_line' id='line_1_84' title="bbox 1080 2149 1901 2190; baseline -0.002 -10"><span class='ocrx_word' id='word_1_599' title='bbox 1080 2154 1182 2187; x_wconf 80' lang='grc' dir='ltr'>κακῶς,</span> <span class='ocrx_word' id='word_1_600' title='bbox 1197 2152 1231 2180; x_wconf 79' lang='grc' dir='ltr'>τὰ</span> <span class='ocrx_word' id='word_1_601' title='bbox 1253 2151 1275 2180; x_wconf 85' lang='grc' dir='ltr'>δ’</span> <span class='ocrx_word' id='word_1_602' title='bbox 1291 2151 1412 2190; x_wconf 76' lang='grc' dir='ltr'>Εσπέρια</span> <span class='ocrx_word' id='word_1_603' title='bbox 1435 2152 1479 2180; x_wconf 79' lang='grc' dir='ltr'>καὶ</span> <span class='ocrx_word' id='word_1_604' title='bbox 1500 2154 1584 2180; x_wconf 76' lang='grc' dir='ltr'>ταῦτα</span> <span class='ocrx_word' id='word_1_605' title='bbox 1607 2154 1697 2183; x_wconf 81' lang='grc' dir='ltr'>κακῶς</span> <span class='ocrx_word' id='word_1_606' title='bbox 1721 2149 1835 2188; x_wconf 65' lang='grc' dir='ltr'>ἔπασχε,</span> <span class='ocrx_word' id='word_1_607' title='bbox 1860 2150 1901 2178; x_wconf 77' lang='grc' dir='ltr'>διὰ</span> 
     </span>
    </p>
   </div>
   <div class='ocr_carea' id='block_1_85' title="bbox 204 2195 1017 2235">
    <p class='ocr_par' dir='ltr' id='par_1_85' title="bbox 204 2197 1017 2235">
     <span class='ocr_line' id='line_1_85' title="bbox 204 2197 1017 2235; baseline 0.002 -11"><span class='ocrx_word' id='word_1_608' title='bbox 204 2197 292 2225; x_wconf 90' lang='lat' dir='ltr'><strong>viam.</strong></span> <span class='ocrx_word' id='word_1_609' title='bbox 310 2197 382 2225; x_wconf 89' lang='lat' dir='ltr'><strong>Uzos</strong></span> <span class='ocrx_word' id='word_1_610' title='bbox 397 2198 474 2225; x_wconf 88' lang='lat' dir='ltr'><strong>enim</strong></span> <span class='ocrx_word' id='word_1_611' title='bbox 490 2198 545 2233; x_wconf 81' lang='lat' dir='ltr'><strong>(est</strong></span> <span class='ocrx_word' id='word_1_612' title='bbox 561 2200 659 2225; x_wconf 87' lang='lat' dir='ltr'><strong>autem</strong></span> <span class='ocrx_word' id='word_1_613' title='bbox 675 2197 735 2225; x_wconf 74' lang='lat' dir='ltr'><strong>haac</strong></span> <span class='ocrx_word' id='word_1_614' title='bbox 757 2206 874 2234; x_wconf 88' lang='lat' dir='ltr'><strong>quoque</strong></span> <span class='ocrx_word' id='word_1_615' title='bbox 892 2199 1017 2235; x_wconf 72' lang='lat' dir='ltr'><strong>Scythici</strong></span> 
     </span>
    </p>
   </div>
   <div class='ocr_carea' id='block_1_86' title="bbox 1073 2195 1899 2235">
    <p class='ocr_par' dir='ltr' id='par_1_86' title="bbox 1081 2195 1899 2235">
     <span class='ocr_line' id='line_1_86' title="bbox 1081 2195 1899 2235; baseline -0.002 -11"><span class='ocrx_word' id='word_1_616' title='bbox 1081 2199 1253 2235; x_wconf 83' lang='grc' dir='ltr'>στρατιωτῶν</span> <span class='ocrx_word' id='word_1_617' title='bbox 1282 2196 1327 2224; x_wconf 90' lang='grc' dir='ltr'>καὶ</span> <span class='ocrx_word' id='word_1_618' title='bbox 1356 2196 1453 2224; x_wconf 86' lang='grc' dir='ltr'>σπάσιν</span> <span class='ocrx_word' id='word_1_619' title='bbox 1491 2197 1537 2224; x_wconf 88' lang='grc' dir='ltr'>καὶ</span> <span class='ocrx_word' id='word_1_620' title='bbox 1564 2196 1741 2233; x_wconf 80' lang='grc' dir='ltr'>ἀχρειότητα.</span> <span class='ocrx_word' id='word_1_621' title='bbox 1771 2197 1826 2224; x_wconf 77' lang='grc' dir='ltr'>Τοῦ</span> <span class='ocrx_word' id='word_1_622' title='bbox 1852 2195 1899 2233; x_wconf 80' lang='grc' dir='ltr'>γὰρ</span> 
     </span>
    </p>
   </div>
   <div class='ocr_carea' id='block_1_87' title="bbox 204 2239 1017 2278">
    <p class='ocr_par' dir='ltr' id='par_1_87' title="bbox 204 2241 1017 2278">
     <span class='ocr_line' id='line_1_87' title="bbox 204 2241 1017 2278; baseline 0.002 -9"><span class='ocrx_word' id='word_1_623' title='bbox 204 2249 287 2277; x_wconf 87' lang='lat' dir='ltr'><strong>gens,</strong></span> <span class='ocrx_word' id='word_1_624' title='bbox 298 2250 363 2277; x_wconf 63' lang='lat' dir='ltr'><strong>qua;</strong></span> <span class='ocrx_word' id='word_1_625' title='bbox 377 2241 539 2270; x_wconf 86' lang='lat' dir='ltr'><strong>Patzinacis</strong></span> <span class='ocrx_word' id='word_1_626' title='bbox 553 2244 582 2270; x_wconf 92' lang='lat' dir='ltr'>et</span> <span class='ocrx_word' id='word_1_627' title='bbox 596 2242 712 2278; x_wconf 85' lang='lat' dir='ltr'><strong>generis</strong></span> <span class='ocrx_word' id='word_1_628' title='bbox 727 2243 895 2277; x_wconf 70' lang='lat' dir='ltr'><strong>praestantia</strong></span> <span class='ocrx_word' id='word_1_629' title='bbox 909 2247 938 2271; x_wconf 84' lang='lat' dir='ltr'>et</span> <span class='ocrx_word' id='word_1_630' title='bbox 950 2243 1017 2271; x_wconf 22' lang='lat' dir='ltr'><strong>mula</strong></span> 
     </span>
    </p>
   </div>
   <div class='ocr_carea' id='block_1_88' title="bbox 1073 2239 1899 2278">
    <p class='ocr_par' dir='ltr' id='par_1_88' title="bbox 1080 2239 1899 2277">
     <span class='ocr_line' id='line_1_88' title="bbox 1080 2239 1899 2277; baseline -0.001 -8"><span class='ocrx_word' id='word_1_631' title='bbox 1080 2244 1134 2269; x_wconf 82' lang='grc' dir='ltr'>τῶν</span> <span class='ocrx_word' id='word_1_632' title='bbox 1151 2240 1245 2276; x_wconf 73' lang='grc' dir='ltr'>Οῧζων</span> <span class='ocrx_word' id='word_1_633' title='bbox 1258 2239 1350 2272; x_wconf 80' lang='grc' dir='ltr'>ἔθνους</span> <span class='ocrx_word' id='word_1_634' title='bbox 1369 2241 1481 2277; x_wconf 80' lang='grc' dir='ltr'>(Σκύθαι</span> <span class='ocrx_word' id='word_1_635' title='bbox 1502 2240 1547 2267; x_wconf 83' lang='grc' dir='ltr'>καὶ</span> <span class='ocrx_word' id='word_1_636' title='bbox 1570 2242 1651 2267; x_wconf 79' lang='grc' dir='ltr'>τοῦτο</span> <span class='ocrx_word' id='word_1_637' title='bbox 1674 2240 1729 2267; x_wconf 74' lang='grc' dir='ltr'>έστι</span> <span class='ocrx_word' id='word_1_638' title='bbox 1752 2242 1807 2267; x_wconf 77' lang='grc' dir='ltr'>τῶν</span> <span class='ocrx_word' id='word_1_639' title='bbox 1836 2243 1899 2268; x_wconf 76' lang='grc' dir='ltr'>Πατ-</span> 
     </span>
    </p>
   </div>
   <div class='ocr_carea' id='block_1_89' title="bbox 206 2283 1017 2323">
    <p class='ocr_par' dir='ltr' id='par_1_89' title="bbox 206 2286 1017 2322">
     <span class='ocr_line' id='line_1_89' title="bbox 206 2286 1017 2322; baseline 0.002 -9"><span class='ocrx_word' id='word_1_640' title='bbox 206 2286 333 2314; x_wconf 89' lang='lat' dir='ltr'><strong>titudine</strong></span> <span class='ocrx_word' id='word_1_641' title='bbox 360 2286 420 2314; x_wconf 89' lang='lat' dir='ltr'><strong>illis</strong></span> <span class='ocrx_word' id='word_1_642' title='bbox 447 2287 476 2314; x_wconf 90' lang='lat' dir='ltr'>in</span> <span class='ocrx_word' id='word_1_643' title='bbox 505 2286 576 2314; x_wconf 87' lang='lat' dir='ltr'><strong>locis</strong></span> <span class='ocrx_word' id='word_1_644' title='bbox 603 2287 787 2322; x_wconf 81' lang='lat' dir='ltr'><strong>antefertur).</strong></span> <span class='ocrx_word' id='word_1_645' title='bbox 818 2288 925 2315; x_wconf 89' lang='lat' dir='ltr'><strong>Istrum</strong></span> <span class='ocrx_word' id='word_1_646' title='bbox 959 2296 1017 2315; x_wconf 81' lang='lat' dir='ltr'>cun</span> 
     </span>
    </p>
   </div>
   <div class='ocr_carea' id='block_1_90' title="bbox 1073 2283 1900 2323">
    <p class='ocr_par' dir='ltr' id='par_1_90' title="bbox 1084 2283 1900 2323">
     <span class='ocr_line' id='line_1_90' title="bbox 1084 2283 1900 2323; baseline -0.002 -10"><span class='ocrx_word' id='word_1_647' title='bbox 1084 2286 1207 2320; x_wconf 82' lang='grc' dir='ltr'>ζινάκων,</span> <span class='ocrx_word' id='word_1_648' title='bbox 1223 2285 1268 2313; x_wconf 81' lang='grc' dir='ltr'>καὶ</span> <span class='ocrx_word' id='word_1_649' title='bbox 1295 2286 1363 2312; x_wconf 79' lang='grc' dir='ltr'>κατὰ</span> <span class='ocrx_word' id='word_1_650' title='bbox 1386 2284 1480 2323; x_wconf 86' lang='grc' dir='ltr'>γένους</span> <span class='ocrx_word' id='word_1_651' title='bbox 1501 2283 1639 2322; x_wconf 73' lang='grc' dir='ltr'>ὶπεροχὴν</span> <span class='ocrx_word' id='word_1_652' title='bbox 1666 2284 1709 2311; x_wconf 81' lang='grc' dir='ltr'>καὶ</span> <span class='ocrx_word' id='word_1_653' title='bbox 1739 2285 1808 2311; x_wconf 73' lang='grc' dir='ltr'>κατὰ</span> <span class='ocrx_word' id='word_1_654' title='bbox 1835 2284 1900 2320; x_wconf 81' lang='grc' dir='ltr'>πλή-</span> 
     </span>
    </p>
   </div>
   <div class='ocr_carea' id='block_1_91' title="bbox 208 2327 1017 2367">
    <p class='ocr_par' dir='ltr' id='par_1_91' title="bbox 208 2330 1014 2366">
     <span class='ocr_line' id='line_1_91' title="bbox 208 2330 1014 2366; baseline 0.002 -8"><span class='ocrx_word' id='word_1_655' title='bbox 208 2331 347 2358; x_wconf 79' lang='lat' dir='ltr'><strong>uxoribus</strong></span> <span class='ocrx_word' id='word_1_656' title='bbox 363 2333 391 2359; x_wconf 90' lang='lat' dir='ltr'>et</span> <span class='ocrx_word' id='word_1_657' title='bbox 405 2331 505 2359; x_wconf 89' lang='lat' dir='ltr'><strong>liberis</strong></span> <span class='ocrx_word' id='word_1_658' title='bbox 520 2330 708 2366; x_wconf 83' lang='lat' dir='ltr'><strong>trajicientes,</strong></span> <span class='ocrx_word' id='word_1_659' title='bbox 737 2333 864 2360; x_wconf 88' lang='lat' dir='ltr'><strong>rectores</strong></span> <span class='ocrx_word' id='word_1_660' title='bbox 889 2332 1014 2360; x_wconf 83' lang='lat' dir='ltr'><strong>ﬁnitima</strong></span> 
     </span>
    </p>
   </div>
   <div class='ocr_carea' id='block_1_92' title="bbox 1073 2327 1896 2367">
    <p class='ocr_par' dir='ltr' id='par_1_92' title="bbox 1082 2327 1896 2367">
     <span class='ocr_line' id='line_1_92' title="bbox 1082 2327 1896 2367; baseline 0 -10"><span class='ocrx_word' id='word_1_661' title='bbox 1082 2330 1146 2361; x_wconf 82' lang='grc' dir='ltr'>Θους</span> <span class='ocrx_word' id='word_1_662' title='bbox 1162 2327 1316 2367; x_wconf 76' lang='grc' dir='ltr'>ὑπερϐολὴν</span> <span class='ocrx_word' id='word_1_663' title='bbox 1338 2329 1411 2366; x_wconf 83' lang='grc' dir='ltr'>παρὰ</span> <span class='ocrx_word' id='word_1_664' title='bbox 1437 2331 1496 2360; x_wconf 81' lang='grc' dir='ltr'>τοῖς</span> <span class='ocrx_word' id='word_1_665' title='bbox 1521 2329 1667 2360; x_wconf 74' lang='grc' dir='ltr'>Σκυθικοῖς</span> <span class='ocrx_word' id='word_1_666' title='bbox 1692 2329 1896 2367; x_wconf 71' lang='grc' dir='ltr'>προτιμώμενον</span> 
     </span>
    </p>
   </div>
   <div class='ocr_carea' id='block_1_93' title="bbox 208 2375 1030 2412">
    <p class='ocr_par' dir='ltr' id='par_1_93' title="bbox 208 2375 1030 2412">
     <span class='ocr_line' id='line_1_93' title="bbox 208 2375 1030 2412; baseline 0.002 -10"><span class='ocrx_word' id='word_1_667' title='bbox 208 2383 273 2403; x_wconf 91' lang='lat' dir='ltr'>rum</span> <span class='ocrx_word' id='word_1_668' title='bbox 297 2375 413 2403; x_wconf 88' lang='lat' dir='ltr'><strong>urbium</strong></span> <span class='ocrx_word' id='word_1_669' title='bbox 435 2375 574 2412; x_wconf 83' lang='lat' dir='ltr'><strong>magister</strong></span> <span class='ocrx_word' id='word_1_670' title='bbox 597 2375 778 2411; x_wconf 88' lang='lat' dir='ltr'><strong>Nicephorus</strong></span> <span class='ocrx_word' id='word_1_671' title='bbox 797 2377 976 2410; x_wconf 85' lang='lat' dir='ltr'><strong>Botaniates,</strong></span> <span class='ocrx_word' id='word_1_672' title='bbox 1001 2377 1030 2404; x_wconf 87' lang='lat' dir='ltr'>et</span> 
     </span>
    </p>
   </div>
   <div class='ocr_carea' id='block_1_94' title="bbox 208 2420 1030 2456">
    <p class='ocr_par' dir='ltr' id='par_1_94' title="bbox 208 2420 1030 2456">
     <span class='ocr_line' id='line_1_94' title="bbox 208 2420 1030 2456; baseline 0.001 -9"><span class='ocrx_word' id='word_1_673' title='bbox 208 2420 349 2456; x_wconf 81' lang='lat' dir='ltr'><strong>magister</strong></span> <span class='ocrx_word' id='word_1_674' title='bbox 376 2420 502 2448; x_wconf 88' lang='lat' dir='ltr'><strong>Basilius</strong></span> <span class='ocrx_word' id='word_1_675' title='bbox 530 2422 690 2456; x_wconf 84' lang='lat' dir='ltr'><strong>Apocapes,</strong></span> <span class='ocrx_word' id='word_1_676' title='bbox 718 2420 843 2448; x_wconf 84' lang='lat' dir='ltr'><strong>transitu</strong></span> <span class='ocrx_word' id='word_1_677' title='bbox 876 2421 1030 2456; x_wconf 88' lang='lat' dir='ltr'><strong>prohibere</strong></span> 
     </span>
    </p>
   </div>
   <div class='ocr_carea' id='block_1_95' title="bbox 209 2463 1031 2500">
    <p class='ocr_par' dir='ltr' id='par_1_95' title="bbox 209 2463 1031 2500">
     <span class='ocr_line' id='line_1_95' title="bbox 209 2463 1031 2500; baseline 0 -8"><span class='ocrx_word' id='word_1_678' title='bbox 209 2465 319 2492; x_wconf 77' lang='lat' dir='ltr'><strong>frustra</strong></span> <span class='ocrx_word' id='word_1_679' title='bbox 334 2464 441 2498; x_wconf 86' lang='lat' dir='ltr'><strong>conati,</strong></span> <span class='ocrx_word' id='word_1_680' title='bbox 457 2463 542 2492; x_wconf 83' lang='lat' dir='ltr'><strong>victis</strong></span> <span class='ocrx_word' id='word_1_681' title='bbox 557 2464 733 2500; x_wconf 86' lang='lat' dir='ltr'><strong>legionibus,</strong></span> <span class='ocrx_word' id='word_1_682' title='bbox 749 2465 836 2492; x_wconf 86' lang='lat' dir='ltr'><strong>ambo</strong></span> <span class='ocrx_word' id='word_1_683' title='bbox 864 2464 941 2500; x_wconf 86' lang='lat' dir='ltr'><strong>capti</strong></span> <span class='ocrx_word' id='word_1_684' title='bbox 961 2466 1031 2493; x_wconf 81' lang='lat' dir='ltr'><strong>sunt</strong></span> 
     </span>
    </p>
   </div>
   <div class='ocr_carea' id='block_1_96' title="bbox 208 2508 1030 2544">
    <p class='ocr_par' dir='ltr' id='par_1_96' title="bbox 208 2508 1030 2544">
     <span class='ocr_line' id='line_1_96' title="bbox 208 2508 1030 2544; baseline 0.001 -8"><span class='ocrx_word' id='word_1_685' title='bbox 208 2512 237 2537; x_wconf 88' lang='lat' dir='ltr'>et</span> <span class='ocrx_word' id='word_1_686' title='bbox 251 2509 367 2537; x_wconf 86' lang='lat' dir='ltr'><strong>abducti</strong></span> <span class='ocrx_word' id='word_1_687' title='bbox 383 2518 399 2537; x_wconf 91' lang='lat' dir='ltr'>a</span> <span class='ocrx_word' id='word_1_688' title='bbox 414 2509 563 2544; x_wconf 80' lang='lat' dir='ltr'><strong>Barbaris,</strong></span> <span class='ocrx_word' id='word_1_689' title='bbox 578 2509 628 2544; x_wconf 90' lang='lat' dir='ltr'>qui</span> <span class='ocrx_word' id='word_1_690' title='bbox 654 2508 788 2536; x_wconf 89' lang='lat' dir='ltr'><strong>Danubio</strong></span> <span class='ocrx_word' id='word_1_691' title='bbox 804 2511 951 2544; x_wconf 87' lang='lat' dir='ltr'><strong>superato,</strong></span> <span class='ocrx_word' id='word_1_692' title='bbox 968 2517 1030 2537; x_wconf 90' lang='lat' dir='ltr'><strong>om-</strong></span> 
     </span>
    </p>
   </div>
   <div class='ocr_carea' id='block_1_97' title="bbox 208 2553 1031 2590">
    <p class='ocr_par' dir='ltr' id='par_1_97' title="bbox 208 2553 1031 2590">
     <span class='ocr_line' id='line_1_97' title="bbox 208 2553 1031 2590; baseline 0.001 -9"><span class='ocrx_word' id='word_1_693' title='bbox 208 2562 275 2581; x_wconf 89' lang='lat' dir='ltr'>nem</span> <span class='ocrx_word' id='word_1_694' title='bbox 299 2554 364 2588; x_wconf 86' lang='lat' dir='ltr'><strong>ejus</strong></span> <span class='ocrx_word' id='word_1_695' title='bbox 390 2556 514 2582; x_wconf 81' lang='lat' dir='ltr'><strong>tractum</strong></span> <span class='ocrx_word' id='word_1_696' title='bbox 549 2553 776 2589; x_wconf 84' lang='lat' dir='ltr'><strong>compleverunt.</strong></span> <span class='ocrx_word' id='word_1_697' title='bbox 803 2553 874 2581; x_wconf 87' lang='lat' dir='ltr'>Nam</span> <span class='ocrx_word' id='word_1_698' title='bbox 899 2553 1031 2590; x_wconf 86' lang='lat' dir='ltr'><strong>plerique</strong></span> 
     </span>
    </p>
   </div>
   <div class='ocr_carea' id='block_1_98' title="bbox 209 2597 1033 2633">
    <p class='ocr_par' dir='ltr' id='par_1_98' title="bbox 209 2597 1033 2633">
     <span class='ocr_line' id='line_1_98' title="bbox 209 2597 1033 2633; baseline 0.001 -8"><span class='ocrx_word' id='word_1_699' title='bbox 209 2598 409 2632; x_wconf 86' lang='lat' dir='ltr'><strong>consentiunt,</strong></span> <span class='ocrx_word' id='word_1_700' title='bbox 427 2607 528 2626; x_wconf 87' lang='lat' dir='ltr'><strong>eorum</strong></span> <span class='ocrx_word' id='word_1_701' title='bbox 545 2598 593 2633; x_wconf 89' lang='lat' dir='ltr'>qui</span> <span class='ocrx_word' id='word_1_702' title='bbox 622 2606 704 2625; x_wconf 82' lang='lat' dir='ltr'><strong>arma</strong></span> <span class='ocrx_word' id='word_1_703' title='bbox 720 2597 793 2625; x_wconf 85' lang='lat' dir='ltr'><strong>ferre</strong></span> <span class='ocrx_word' id='word_1_704' title='bbox 809 2601 940 2633; x_wconf 85' lang='lat' dir='ltr'><strong>possent,</strong></span> <span class='ocrx_word' id='word_1_705' title='bbox 956 2598 1033 2627; x_wconf 87' lang='lat' dir='ltr'><strong>ultra</strong></span> 
     </span>
    </p>
   </div>
   <div class='ocr_carea' id='block_1_99' title="bbox 209 2642 1032 2679">
    <p class='ocr_par' dir='ltr' id='par_1_99' title="bbox 209 2642 1032 2679">
     <span class='ocr_line' id='line_1_99' title="bbox 209 2642 1032 2679; baseline 0.001 -8"><span class='ocrx_word' id='word_1_706' title='bbox 209 2643 361 2679; x_wconf 85' lang='lat' dir='ltr'><strong>sexaginta</strong></span> <span class='ocrx_word' id='word_1_707' title='bbox 371 2642 463 2670; x_wconf 84' lang='lat' dir='ltr'><strong>millia</strong></span> <span class='ocrx_word' id='word_1_708' title='bbox 472 2642 645 2671; x_wconf 83' lang='lat' dir='ltr'><strong>fuisse.Inde</strong></span> <span class='ocrx_word' id='word_1_709' title='bbox 651 2642 798 2678; x_wconf 78' lang='lat' dir='ltr'><strong>progressi</strong></span> <span class='ocrx_word' id='word_1_710' title='bbox 807 2651 841 2671; x_wconf 79' lang='lat' dir='ltr'><strong>ex</strong></span> <span class='ocrx_word' id='word_1_711' title='bbox 855 2643 1032 2678; x_wconf 85' lang='lat' dir='ltr'><strong>Macedonia,</strong></span> 
     </span>
    </p>
   </div>
   <div class='ocr_carea' id='block_1_100' title="bbox 1083 2370 1899 2412">
    <p class='ocr_par' dir='ltr' id='par_1_100' title="bbox 1083 2370 1899 2412">
     <span class='ocr_line' id='line_1_100' title="bbox 1083 2370 1899 2412; baseline 0 -11"><span class='ocrx_word' id='word_1_712' title='bbox 1083 2371 1179 2410; x_wconf 75' lang='grc' dir='ltr'>ἔθνεσι)</span> <span class='ocrx_word' id='word_1_713' title='bbox 1203 2374 1249 2402; x_wconf 84' lang='grc' dir='ltr'>τὸν</span> <span class='ocrx_word' id='word_1_714' title='bbox 1272 2375 1378 2412; x_wconf 83' lang='grc' dir='ltr'>Ἵστρον</span> <span class='ocrx_word' id='word_1_715' title='bbox 1402 2373 1529 2411; x_wconf 82' lang='grc' dir='ltr'>παγγενεὶ</span> <span class='ocrx_word' id='word_1_716' title='bbox 1551 2370 1751 2410; x_wconf 73' lang='grc' dir='ltr'>διαϐαίνοντος,</span> <span class='ocrx_word' id='word_1_717' title='bbox 1765 2372 1899 2412; x_wconf 82' lang='grc' dir='ltr'>ἐπειράθη-</span> 
     </span>
    </p>
   </div>
   <div class='ocr_carea' id='block_1_101' title="bbox 1084 2417 1896 2456">
    <p class='ocr_par' dir='ltr' id='par_1_101' title="bbox 1084 2417 1896 2456">
     <span class='ocr_line' id='line_1_101' title="bbox 1084 2417 1896 2456; baseline 0 -10"><span class='ocrx_word' id='word_1_718' title='bbox 1084 2429 1130 2446; x_wconf 87' lang='grc' dir='ltr'>σαν</span> <span class='ocrx_word' id='word_1_719' title='bbox 1158 2418 1205 2455; x_wconf 75' lang='grc' dir='ltr'>μὶν</span> <span class='ocrx_word' id='word_1_720' title='bbox 1230 2418 1258 2446; x_wconf 77' lang='grc' dir='ltr'>οἱ</span> <span class='ocrx_word' id='word_1_721' title='bbox 1285 2428 1340 2445; x_wconf 89' lang='grc' dir='ltr'>των</span> <span class='ocrx_word' id='word_1_722' title='bbox 1369 2417 1536 2455; x_wconf 86' lang='grc' dir='ltr'>παριστρίων</span> <span class='ocrx_word' id='word_1_723' title='bbox 1556 2417 1664 2446; x_wconf 82' lang='grc' dir='ltr'>πόλεων</span> <span class='ocrx_word' id='word_1_724' title='bbox 1680 2417 1811 2456; x_wconf 73' lang='grc' dir='ltr'>ἄρχοντες</span> <span class='ocrx_word' id='word_1_725' title='bbox 1827 2418 1896 2456; x_wconf 80' lang='grc' dir='ltr'>(ἦσαν</span> 
     </span>
    </p>
   </div>
   <div class='ocr_carea' id='block_1_102' title="bbox 1086 2462 1897 2502">
    <p class='ocr_par' dir='ltr' id='par_1_102' title="bbox 1086 2462 1897 2502">
     <span class='ocr_line' id='line_1_102' title="bbox 1086 2462 1897 2502; baseline 0 -12"><span class='ocrx_word' id='word_1_726' title='bbox 1086 2462 1195 2490; x_wconf 83' lang='grc' dir='ltr'>δὀὗτοι</span> <span class='ocrx_word' id='word_1_727' title='bbox 1225 2463 1238 2490; x_wconf 85' lang='grc' dir='ltr'>ὁ</span> <span class='ocrx_word' id='word_1_728' title='bbox 1269 2462 1414 2500; x_wconf 85' lang='grc' dir='ltr'>μάγιστρος</span> <span class='ocrx_word' id='word_1_729' title='bbox 1443 2462 1602 2502; x_wconf 78' lang='grc' dir='ltr'>Νικηφόρος</span> <span class='ocrx_word' id='word_1_730' title='bbox 1628 2463 1642 2490; x_wconf 82' lang='grc' dir='ltr'><strong>ὁ</strong></span> <span class='ocrx_word' id='word_1_731' title='bbox 1658 2462 1844 2499; x_wconf 77' lang='grc' dir='ltr'>Βοτανειάτης,</span> <span class='ocrx_word' id='word_1_732' title='bbox 1858 2463 1897 2490; x_wconf 82' lang='grc' dir='ltr'>καὶ</span> 
     </span>
    </p>
   </div>
   <div class='ocr_carea' id='block_1_103' title="bbox 1086 2506 1899 2546">
    <p class='ocr_par' dir='ltr' id='par_1_103' title="bbox 1086 2506 1899 2546">
     <span class='ocr_line' id='line_1_103' title="bbox 1086 2506 1899 2546; baseline 0 -11"><span class='ocrx_word' id='word_1_733' title='bbox 1086 2508 1100 2535; x_wconf 83' lang='grc' dir='ltr'><strong>ὁ</strong></span> <span class='ocrx_word' id='word_1_734' title='bbox 1117 2507 1265 2546; x_wconf 85' lang='grc' dir='ltr'>μάγιστρος</span> <span class='ocrx_word' id='word_1_735' title='bbox 1292 2506 1439 2539; x_wconf 86' lang='grc' dir='ltr'>Βασίλειος</span> <span class='ocrx_word' id='word_1_736' title='bbox 1466 2507 1480 2535; x_wconf 86' lang='grc' dir='ltr'>ὁ</span> <span class='ocrx_word' id='word_1_737' title='bbox 1506 2508 1678 2544; x_wconf 81' lang='grc' dir='ltr'>Ἀποκάπης)</span> <span class='ocrx_word' id='word_1_738' title='bbox 1706 2508 1827 2546; x_wconf 82' lang='grc' dir='ltr'>ἀπιῖρξαι</span> <span class='ocrx_word' id='word_1_739' title='bbox 1855 2507 1899 2536; x_wconf 82' lang='grc' dir='ltr'>αὗ-</span> 
     </span>
    </p>
   </div>
   <div class='ocr_carea' id='block_1_104' title="bbox 1085 2549 1899 2590">
    <p class='ocr_par' dir='ltr' id='par_1_104' title="bbox 1085 2549 1899 2590">
     <span class='ocr_line' id='line_1_104' title="bbox 1085 2549 1899 2590; baseline 0.001 -11"><span class='ocrx_word' id='word_1_740' title='bbox 1085 2555 1143 2584; x_wconf 87' lang='grc' dir='ltr'>τοῖς</span> <span class='ocrx_word' id='word_1_741' title='bbox 1165 2553 1215 2587; x_wconf 83' lang='grc' dir='ltr'>τὴν</span> <span class='ocrx_word' id='word_1_742' title='bbox 1243 2549 1376 2586; x_wconf 78' lang='grc' dir='ltr'>διάϐασιν,</span> <span class='ocrx_word' id='word_1_743' title='bbox 1394 2552 1424 2580; x_wconf 81' lang='grc' dir='ltr'>οὐ</span> <span class='ocrx_word' id='word_1_744' title='bbox 1451 2551 1543 2589; x_wconf 80' lang='grc' dir='ltr'>μέντοι</span> <span class='ocrx_word' id='word_1_745' title='bbox 1565 2563 1597 2590; x_wconf 83' lang='grc' dir='ltr'>γε</span> <span class='ocrx_word' id='word_1_746' title='bbox 1622 2551 1807 2589; x_wconf 81' lang='grc' dir='ltr'>ἠδυνήθησαν.</span> <span class='ocrx_word' id='word_1_747' title='bbox 1822 2551 1899 2581; x_wconf 81' lang='grc' dir='ltr'>Ἀλλὰ</span> 
     </span>
    </p>
   </div>
   <div class='ocr_carea' id='block_1_105' title="bbox 1087 2594 1899 2636">
    <p class='ocr_par' dir='ltr' id='par_1_105' title="bbox 1087 2594 1899 2636">
     <span class='ocr_line' id='line_1_105' title="bbox 1087 2594 1899 2636; baseline 0 -12"><span class='ocrx_word' id='word_1_748' title='bbox 1087 2597 1221 2634; x_wconf 83' lang='grc' dir='ltr'>συμμίξαν</span> <span class='ocrx_word' id='word_1_749' title='bbox 1249 2596 1322 2636; x_wconf 77' lang='grc' dir='ltr'>σφίσι</span> <span class='ocrx_word' id='word_1_750' title='bbox 1350 2597 1382 2624; x_wconf 83' lang='grc' dir='ltr'>τὸ</span> <span class='ocrx_word' id='word_1_751' title='bbox 1412 2594 1559 2635; x_wconf 75' lang='grc' dir='ltr'>βάρϐαρον,</span> <span class='ocrx_word' id='word_1_752' title='bbox 1575 2597 1624 2633; x_wconf 90' lang='grc' dir='ltr'>τήν</span> <span class='ocrx_word' id='word_1_753' title='bbox 1651 2607 1680 2625; x_wconf 81' lang='grc' dir='ltr'>τε</span> <span class='ocrx_word' id='word_1_754' title='bbox 1708 2599 1836 2624; x_wconf 77' lang='grc' dir='ltr'>συνοῦσαν</span> <span class='ocrx_word' id='word_1_755' title='bbox 1858 2595 1899 2624; x_wconf 76' lang='grc' dir='ltr'>αύ-</span> 
     </span>
    </p>
   </div>
   <div class='ocr_carea' id='block_1_106' title="bbox 1087 2640 1899 2680">
    <p class='ocr_par' dir='ltr' id='par_1_106' title="bbox 1087 2640 1899 2680">
     <span class='ocr_line' id='line_1_106' title="bbox 1087 2640 1899 2680; baseline -0.002 -10"><span class='ocrx_word' id='word_1_756' title='bbox 1087 2644 1145 2673; x_wconf 83' lang='grc' dir='ltr'>τοῖς</span> <span class='ocrx_word' id='word_1_757' title='bbox 1172 2641 1377 2680; x_wconf 81' lang='grc' dir='ltr'>κατηγωνίσατο</span> <span class='ocrx_word' id='word_1_758' title='bbox 1406 2641 1543 2679; x_wconf 78' lang='grc' dir='ltr'>στρατιὰν,</span> <span class='ocrx_word' id='word_1_759' title='bbox 1572 2641 1617 2670; x_wconf 79' lang='grc' dir='ltr'>καὶ</span> <span class='ocrx_word' id='word_1_760' title='bbox 1644 2640 1708 2673; x_wconf 75' lang='grc' dir='ltr'>τοὺς</span> <span class='ocrx_word' id='word_1_761' title='bbox 1748 2640 1899 2678; x_wconf 78' lang='grc' dir='ltr'>ιίρημένους</span> 
     </span>
    </p>
   </div>
   <div class='ocr_carea' id='block_1_107' title="bbox 849 2724 1269 2756">
    <p class='ocr_par' dir='ltr' id='par_1_107' title="bbox 849 2724 1269 2756">
     <span class='ocr_line' id='line_1_107' title="bbox 849 2724 1269 2756; baseline 0 -1"><span class='ocrx_word' id='word_1_762' title='bbox 849 2724 950 2756; x_wconf 77' lang='lat' dir='ltr'><strong>Variae</strong></span> <span class='ocrx_word' id='word_1_763' title='bbox 965 2724 1114 2756; x_wconf 85' lang='lat' dir='ltr'><strong>lectiones</strong></span> <span class='ocrx_word' id='word_1_764' title='bbox 1129 2726 1269 2755; x_wconf 84' lang='lat' dir='ltr'><strong>etnotae.</strong></span> 
     </span>
    </p>
   </div>
   <div class='ocr_carea' id='block_1_108' title="bbox 245 2799 1897 2839">
    <p class='ocr_par' dir='ltr' id='par_1_108' title="bbox 245 2799 1897 2839">
     <span class='ocr_line' id='line_1_108' title="bbox 245 2799 1897 2839; baseline 0.001 -11"><span class='ocrx_word' id='word_1_765' title='bbox 245 2801 301 2838; x_wconf 81' lang='lat'>(56)</span> <span class='ocrx_word' id='word_1_766' title='bbox 318 2799 474 2836; x_wconf 77' lang='grc' dir='ltr'>Δουκίτζης.</span> <span class='ocrx_word' id='word_1_767' title='bbox 492 2801 533 2829; x_wconf 85' lang='lat' dir='ltr'>Ita</span> <span class='ocrx_word' id='word_1_768' title='bbox 547 2799 714 2837; x_wconf 89' lang='lat' dir='ltr'><strong>appellatur</strong></span> <span class='ocrx_word' id='word_1_769' title='bbox 724 2800 753 2830; x_wconf 89' lang='lat' dir='ltr'>in</span> <span class='ocrx_word' id='word_1_770' title='bbox 769 2801 911 2830; x_wconf 81' lang='lat' dir='ltr'><strong>Chronico</strong></span> <span class='ocrx_word' id='word_1_771' title='bbox 922 2800 1061 2839; x_wconf 82' lang='lat' dir='ltr'><strong>annoymi</strong></span> <span class='ocrx_word' id='word_1_772' title='bbox 1076 2800 1212 2830; x_wconf 80' lang='lat' dir='ltr'><strong>Barensis</strong></span> <span class='ocrx_word' id='word_1_773' title='bbox 1228 2800 1292 2830; x_wconf 90' lang='lat' dir='ltr'><strong>loco</strong></span> <span class='ocrx_word' id='word_1_774' title='bbox 1306 2799 1436 2830; x_wconf 84' lang='lat' dir='ltr'><strong>laudato.</strong></span> <span class='ocrx_word' id='word_1_775' title='bbox 1455 2800 1527 2829; x_wconf 82' lang='lat' dir='ltr'><strong>Vide</strong></span> <span class='ocrx_word' id='word_1_776' title='bbox 1550 2799 1683 2829; x_wconf 67' lang='lat' dir='ltr'><strong>Familia:</strong></span> <span class='ocrx_word' id='word_1_777' title='bbox 1697 2799 1897 2836; x_wconf 68' lang='lat' dir='ltr'><strong>Byzantinasin</strong></span> 
     </span>
    </p>
   </div>
   <div class='ocr_carea' id='block_1_109' title="bbox 212 2846 464 2875">
    <p class='ocr_par' dir='ltr' id='par_1_109' title="bbox 212 2846 464 2875">
     <span class='ocr_line' id='line_1_109' title="bbox 212 2846 464 2875; baseline 0 0"><span class='ocrx_word' id='word_1_778' title='bbox 212 2848 329 2875; x_wconf 85' lang='lat' dir='ltr'><strong>Ducena</strong></span> <span class='ocrx_word' id='word_1_779' title='bbox 343 2846 464 2875; x_wconf 80' lang='lat' dir='ltr'><strong>familia.</strong></span> 
     </span>
    </p>
   </div>
  </div>
